3902 6414
507 380 611 438 763

1963 363 2078 421 Olli

2190 361 2286 418 ιιδ
3648 348 3744 404 τοι

506 500 668 571 paulo
688 501 909 557 uberius
932 499 1237 568 disceptare
1276 493 1639 550 necessarium
1671 490 1844 545 visum
1886 497 1987 553 est,
2028 501 2078 541 ut

2190 486 2278 537 teat
2338 482 2503 553 μηδὲν
2557 480 2912 535 ἀϐασάνιστον
2964 476 3144 531 αὐτῶν
3199 472 3546 546 παραλιπεῖν,
3601 467 3747 521 ἄλλου

506 609 631 664 qua:
651 593 865 650 Judatus
893 594 1033 662 apud
1065 591 1278 647 Celsum
1305 589 1459 653 dicit,
1491 585 1889 641 refellerentur.

576 858 665 914 56.
695 858 750 913 Id
778 866 959 911 autem
990 862 1046 910 et
1074 851 1289 908 Celsum
1310 860 1366 905 et
1396 850 1541 906 illius
1571 848 1817 904 Judaeum
1845 855 1901 902 et
1922 853 2081 916 quot-

503 958 637 1016 quot
658 946 786 1003 Jesu
814 961 919 1001 non
952 944 1183 1001 credunt
1208 942 1387 1007 latuit,
1416 944 1548 996 duos
1576 957 1605 995 a
1634 939 1911 1011 prophetis
1943 952 2079 1007 prte-

505 1040 680 1093 dictos
717 1052 836 1093 esse
894 1036 1095 1092 Christi
1124 1036 1384 1090 adventus
1430 1051 1444 1087 :
1480 1034 1711 1101 priorem
1740 1030 1995 1085 humilem
2026 1037 2082 1083 et

504 1128 758 1183 humanis
785 1125 1196 1182 infirmitatibus
1239 1124 1560 1187 obnoxium,
1608 1130 1666 1176 ut
1694 1136 1815 1174 eum
1848 1119 2082 1175 homini-

507 1224 607 1276 ltus
631 1220 833 1289 degens
872 1234 966 1275 eos
994 1221 1213 1275 doceret
1244 1220 1385 1272 viam
1429 1230 1548 1285 qua)
1593 1213 1744 1268 ducit
1777 1213 1843 1267 ad
1889 1212 2077 1279 Deum,

506 1311 747 1380 nullique
791 1311 1069 1365 hominum
1120 1310 1445 1378 relinqueret
1472 1307 1647 1360 locum
1677 1305 1969 1359 excusandi
2024 1317 2083 1358 se

505 1401 672 1455 futuri
694 1400 881 1470 judicii
912 1401 1249 1471 ignoratione
1281 1419 1293 1454 :
1330 1398 1560 1453 alterum
1590 1396 1911 1466 gloriosum,
1937 1393 2082 1449 divi-

508 1509 634 1548 num
660 1495 1054 1559 tantummodo,
1080 1501 1136 1547 et
1168 1493 1255 1547 ubi
1287 1491 1547 1547 divinitas
1575 1489 1709 1543 nihil
1733 1489 1979 1542 humana:
2000 1488 2083 1542 in-

508 1588 784 1642 ﬁrmitatis
846 1587 1135 1641 admistum
1176 1595 1258 1643 est
1306 1585 1584 1638 habitura.
1640 1581 1883 1651 Longum
1936 1589 2083 1638 esset

507 1682 820 1748 prophetias
851 1680 902 1732 in
944 1680 1176 1734 medium
1208 1676 1472 1748 proferre.
1507 1676 1653 1729 Salis
1684 1676 1775 1730 hic
1822 1673 1985 1729 fuerit
2014 1689 2081 1727 ex

509 1769 719 1837 psalmo
800 1770 1213 1837 quadragesimo
1292 1777 1529 1836 quarto,
1588 1766 1742 1832 cujus
1806 1765 1857 1819 in
1924 1765 2083 1820 titulo

508 1861 622 1914 haec
664 1860 807 1913 inter
844 1861 946 1913 alia
980 1859 1230 1928 leguntur
1258 1876 1270 1911 :
1303 1858 1581 1912 Canticum
1603 1873 1698 1923 pro
1727 1857 1943 1920 dilecto,
1974 1857 2088 1911 haec
2118 1863 2162 1919 B

509 1952 674 2005 verba
702 1951 967 2006 adducere
988 1991 1003 2016 ,
1030 1950 1119 2006 ubi
1160 1951 1248 2005 ille
1279 1951 1558 2006 evidenter
1602 1948 1742 2003 Deus
1767 1949 2083 2018 pronuntia-

511 2049 682 2096 turzt
722 2042 921 2095 Dill'usa
961 2049 1043 2096 est
1086 2042 1262 2111 gratia
1303 2042 1355 2095 in
1397 2040 1552 2095 labiis
1607 2040 1746 2106 tuis,
1796 2050 2081 2109 propterea

507 2132 784 2186 benedixit
842 2142 894 2185 te
944 2132 1086 2186 Deus
1129 2133 1181 2186 in
1228 2141 1512 2186 aeternum.
1559 2130 1857 2201 Accingere
1903 2129 2082 2199 gladio

509 2232 600 2275 tuo
629 2238 789 2293 super
805 2222 981 2278 femur
1006 2233 1173 2291 tuum,
1203 2232 1416 2294 potens,
1444 2225 1622 2294 specie
1648 2236 1735 2277 tua
1763 2232 1816 2276 et
1844 2222 2083 2292 pulchri—

508 2315 691 2369 tudine
742 2327 830 2369 tua
888 2316 1134 2381 intende,
1197 2331 1455 2386 prospere
1496 2316 1729 2386 procede
1776 2323 1830 2369 et
1895 2330 2079 2383 regna.

506 2405 735 2477 Propter
779 2410 1066 2464 veritatem
1116 2418 1169 2465 et
1203 2409 1673 2464 mansuetudinem
1703 2421 1758 2464 et
1785 2408 2077 2478 justitiam,

505 2506 560 2552 et
581 2499 809 2553 deducet
848 2508 895 2554 te
922 2500 1247 2555 mirabiliter
1293 2502 1514 2555 dextera
1560 2511 1671 2554 tua.
1704 2498 1930 2568 Sagittze
1981 2509 2083 2553 tum

506 2599 701 2653 acuue,
736 2599 948 2657 potens,
982 2591 1164 2659 populi
1189 2593 1286 2646 suh
1313 2601 1363 2647 te
1388 2592 1583 2646 cadent
1612 2593 1663 2645 in
1693 2593 1856 2645 corde
1905 2592 2083 2645 inimi-

505 2694 690 2732 corum
716 2679 948 2749 Regis”.
975 2701 993 2733 ι
1021 2682 1253 2736 Adverte
1276 2683 1513 2737 animum
1532 2682 1597 2737 ad
1618 2698 1679 2736 ea
1699 2698 1819 2753 qum
1850 2699 2083 2752 sequun-

508 2781 614 2838 tur,
650 2782 703 2826 ct
746 2788 865 2841 qua:
918 2774 1064 2828 illiilli
1128 2775 1297 2829 Deum
1328 2776 1618 2831 enuntiant
1651 2793 1665 2829 :
1701 2794 1720 2825 ι
1764 2775 1932 2831 Sedes
1963 2784 2078 2843 tua,

504 2866 669 2929 Deus,
699 2863 750 2920 in
769 2865 1021 2921 saeculum
1053 2867 1254 2931 saeculi,
1293 2867 1441 2938 virga
1467 2866 1779 2921 directionis
1812 2868 1959 2938 virga
1992 2883 2080 2923 re-

506 2958 595 3025 gni
627 2957 723 3012 tui.
747 2956 1279 3026 Dilexistijustitiam
1303 2968 1359 3012 et
1380 2960 1544 3013 odisti
1574 2959 1936 3028 iniquitatem;
1958 2974 2080 3029 pro-

505 3060 689 3119 pterea
730 3051 883 3104 unxit
930 3061 980 3103 te
1016 3050 1179 3115 Deus,
1213 3050 1355 3106 Deus
1415 3061 1559 3119 tuus,
1590 3052 1709 3106 ulco
1738 3052 1938 3105 laetitiae
1969 3066 2079 3121 pra

505 3142 853 3197 consortibus
903 3142 1091 3196 tuis".
1137 3161 1157 3195 ι
1189 3143 1572 3199 Animadverte
1614 3144 1759 3213 quod
1816 3144 2075 3212 propheta

2182 574 2373 644 καιροῦ
2412 576 2549 627 ἐστι.
2599 574 2709 626 Καὶ
2747 572 2917 626 ταῦτα
2966 570 3009 623 δ’
3052 570 3146 622 ἐπι
3188 568 3367 619 πλεῖον
3405 564 3641 635 εἴρηται,
3684 560 3749 621 ὡς

2182 666 2406 737 νομίζω,
2438 663 2747 733 ἀναγκαίως
2773 662 2859 717 διὰ
2888 658 2990 729 τὴν
3022 658 3344 727 ἐκκειμέντκν
3376 655 3469 709 τοῦ
3506 652 3652 720 παρὰ
3683 651 3749 720 τῷ

2184 757 2377 827 Κέλσῳ
2412 755 2662 809 Ἰουδαίου
2696 755 2853 819 λέξιν.

2258 868 2456 922 Ἐλαθε
2492 868 2551 921 δὲ
2593 867 2685 920 τὸν
2718 850 2957 934 Κέλσον,
2992 870 3086 921 καὶ
3125 867 3217 921 τὸν
3258 865 3390 937 παρ’
3432 862 3584 933 αὐτῷ
3638 861 3753 913 Ἰου-

2184 960 2350 1023 δαῖον,
2395 960 2489 1013 καὶ
2524 959 2731 1022 πάντας
2762 961 2875 1014 ὅσοι
2917 959 2996 1030 τῷ
3057 957 3231 1029 Ἰησοῦ
3274 957 3347 1029 μὴ
3396 952 3754 1008 πεπιστεύκα-

2189 1068 2270 1105 σιν
2299 1052 2435 1123 (64),
2470 1052 2556 1105 ὃτι
2603 1053 2660 1105 αἱ
2696 1055 3022 1123 προφητεῖαι
3066 1051 3159 1105 δύο
3202 1050 3453 1119 λέγουσιν
3486 1043 3626 1100 εἶναι
3666 1044 3754 1107 τὰς

2186 1144 2423 1216 Χριστοῦ
2470 1144 2797 1214 ἐπιδημίαςο
2844 1143 2944 1213 τὴν
2997 1142 3096 1213 μὲν
3141 1140 3437 1213 προτέραν,
3486 1136 3755 1211 ἀνθρωπο-

2188 1236 2527 1307 παθεστέραν
2552 1235 2647 1289 καὶ
2676 1235 3082 1306 ταπεινοτέραν,
3115 1234 3201 1286 ἵνα
3226 1234 3321 1286 σὺν
3345 1229 3655 1303 ἀνθρώποις
3688 1227 3755 1280 ῶν

2187 1329 2216 1379 6
2247 1328 2504 1399 Χριστὸς,
2530 1327 2717 1400 διδάξῃ
2747 1328 2845 1398 τὴν
2873 1327 3142 1398 φέρουσαν
3177 1324 3314 1396 πρὸς
3344 1323 3480 1377 Θεὸν
3511 1321 3649 1385 ὁδὸν,
3674 1320 3756 1375 καὶ

2192 1421 2378 1492 μηδενὶ
2402 1419 2510 1474 τῶν
2543 1421 2600 1473 ἐν
2633 1420 2710 1490 τῷ
2739 1420 2837 1491 βίῳ
2870 1419 2976 1471 τῶν
3009 1416 3313 1489 ἀνθρώπων
3343 1414 3645 1483 ἀπολογίας
3676 1430 3759 1468 κα-

2187 1513 2388 1586 ταλίπῃ
2420 1512 2604 1576 τόπον,
2646 1512 2723 1575 ὡς
2753 1512 2851 1565 οὐκ
2895 1511 3154 1579 ἐγνωκότι
3188 1512 3315 1581 περὶ
3358 1510 3462 1579 τῆς
3504 1508 3755 1579 ἐσομένης

2188 1605 2422 1675 κρίσεως
2441 1621 2454 1634 ·
2482 1603 2581 1674 τὴν
2603 1603 2645 1655 δ’
2677 1603 2884 1674 ἑτέραν,
2916 1602 3124 1666 ἔνδοξον
3150 1602 3245 1655 καὶ
3276 1602 3439 1671 μόνον
3467 1599 3754 1671 θειοτέραν,

2187 1694 2337 1747 οὐδὲν
2366 1693 2835 1766 ἐπιπεπλεγμένον
2868 1697 2936 1765 τῇ
2967 1693 3200 1764 θειότητι
3226 1692 3455 1763 ἔχουσαν
3490 1693 3759 1764 ἀνθρωπο-

2190 1785 2376 1850 παθές.
2409 1786 2757 1858 Παραθέσθαι
2785 1786 2842 1840 δὲ
2865 1787 2959 1840 καὶ
2994 1786 3093 1849 τὰς
3145 1786 3485 1857 προφητείας
3525 1786 3660 1839 πολὺ
3700 1784 3758 1838 ἂν

2190 1878 2303 1949 εἴη’
2331 1880 2491 1950 ἀρκεῖ
2521 1880 2565 1932 δ’
2601 1880 2694 1931 ἐπὶ
2720 1878 2814 1932 τοῦ
2854 1879 3120 1951 παρόντος
3142 1880 3203 1932 τὸ
3229 1878 3335 1932 ἀπὸ
3366 1878 3465 1932 τοῦ
3498 1894 3757 1949 τεσσαρα-

2191 1970 2386 2024 κοστοῦ
2431 1971 2525 2024 καὶ
2565 1972 2822 2042 τετάρτου
2857 1970 3093 2041 ψαλμοῦ,
3132 1971 3191 2034 ὃς
3236 1970 3330 2023 καὶ
3366 1969 3759 2040 ἐπιγέγραπται

2190 2063 2326 2135 πρὸς
2348 2063 2527 2127 ἀλλοις
2548 2058 2797 2116 εἶναικαὶ
2826 2063 2961 2133 ᾨδὴ
2984 2062 3131 2131 ὑπὲρ
3152 2061 3258 2115 τοῦ
3280 2060 3619 2131 ἀγαπητοῦ,
3645 2060 3761 2114 ἔνθα

2190 2154 2281 2207 καὶ
2308 2154 2438 2217 Θεὸς
2466 2154 2822 2225 ἀνηγόρευται
2848 2152 3034 2223 σαφῶς
3058 2153 3148 2205 διά
3172 2152 3377 2206 τούτων
3397 2169 3409 2181 ·
3441 2171 3459 2202 ι
3510 2151 3761 2221 Ἐξεχύθη

2190 2248 2221 2316 ἡ
2257 2247 2413 2318 χάρις
2446 2248 2503 2299 ἐν
2533 2247 2733 2316 χείλεσί
2769 2264 2884 2309 σου,
2912 2246 3000 2299 διὰ
3030 2246 3187 2299 τοῦτο
3211 2245 3476 2317 εὐλόγησέ
3503 2263 3561 2298 σε
3591 2248 3619 2299 6
3640 2245 3762 2309 Θεὸς

2190 2338 2269 2399 είς
2300 2337 2389 2389 τὸν
2421 2336 2608 2390 αἰῶνα.
2646 2335 2955 2408 Περίζωσαι
2988 2336 3084 2408 τὴν
3118 2338 3392 2409 ῥομφαίαν
3428 2354 3524 2389 σου
3558 2337 3650 2389 ἐπὶ
3678 2336 3761 2389 τὸν

2193 2427 2364 2496 μηρόν
2400 2444 2514 2491 σου,
2551 2426 2765 2491 δυνατέ,
2796 2430 2862 2498 τῇ
2896 2426 3188 2498 ὡραιότητί
3223 2444 3317 2480 σου
3353 2428 3447 2479 καὶ
3473 2426 3551 2497 τῷ
3586 2425 3762 2479 κάλλει

2190 2536 2305 2581 σου,
2330 2520 2422 2572 καὶ
2449 2518 2680 2572 ἕντεινον
2703 2520 2795 2572 καὶ
2818 2518 3107 2572 κατευοδοῦ
3131 2520 3226 2571 καὶ
3246 2518 3519 2589 βασίλευε.
3546 2518 3763 2571 Ἕνεκεν

2189 2611 2440 2681 ἀληθείας
2468 2611 2561 2664 καὶ
2595 2610 2905 2683 πραότητος
2933 2613 3025 2664 καὶ
3046 2610 3412 2679 δικαιοσύνης,
3443 2610 3538 2663 καὶ
3570 2610 3766 2681 ὁδηγή-

2190 2722 2271 2757 σει
2306 2722 2365 2758 σε
2399 2702 2725 2774 θαυμαστῶς
2761 2705 2794 2773 ἡ
2830 2702 2979 2768 δεξιά
3012 2720 3123 2756 σου.
3156 2702 3238 2755 Τά
3272 2701 3400 2773 βέλη
3439 2718 3532 2754 σου
3566 2702 3762 2771 ἠκονη-

2191 2794 2347 2864 μένα,
2382 2793 2591 2846 δυνατέ·
2629 2792 2747 2845 λαοὶ
2782 2792 3039 2846 ὑποκάτω
3084 2809 3176 2845 σου
3207 2790 3504 2844 πεσοῦνται
3539 2794 3597 2844 ἐν
3634 2807 3765 2858 καρο

2186 2886 2274 2955 δίᾳ
2306 2884 2413 2937 τῶν
2460 2883 2669 2956 ἐχθρῶν
2704 2882 2796 2936 τοῦ
2833 2883 3116 2954 βασιλέως.
3155 2902 3174 2935 ι
3213 2883 3464 2955 Πρόσχες
3490 2883 3534 2936 δ’
3575 2884 3767 2952 ἐπιμε-

2187 2974 2294 3037 λῶς
2316 2976 2427 3038 τοῖς
2459 2974 2603 3046 ἑξῆς,
2630 2974 2756 3028 ἔνθα
2775 2974 2908 3037 Θεὸς
2947 2974 3187 3045 εἴρηται·
3238 2993 3257 3027 ι
3311 2975 3370 3027 '0
3399 2973 3589 3045 θρόνος
3614 2990 3706 3026 σου
3740 2993 3759 3023 ι

2187 3068 2293 3137 γάρ
2319 3084 2479 3137 φησιν
2512 3085 2529 3117 ι
2553 3067 2581 3119 ὁ
2608 3066 2739 3129 Θεὸς
2767 3066 2847 3129 είς
2879 3066 2969 3119 τὸν
2996 3065 3168 3120 αἰῶνα
3187 3065 3281 3119 τοῦ
3314 3066 3535 3127 αἰῶνος*
3572 3063 3765 3134 ῥάϐδος

2189 3158 2477 3227 εὐθύτητος
2511 3159 2545 3229 ή
2597 3156 2789 3229 ῥάϐδος
2826 3157 2926 3229 τῆς
2960 3156 3232 3227 βασιλείας
3274 3174 3391 3211 σου.
3447 3158 3769 3225 Ἠγάπησας

505 3232 673 3286 Deum
706 3233 1004 3302 alloquens,
1029 3234 1179 3302 cujus
1209 3235 1365 3289 sedes
1396 3244 1482 3289 est
1513 3236 1563 3289 in
1596 3235 1851 3289 saeculum
1878 3234 2078 3300 saeculi,

2190 3223 2550 3320 δικαιοσύνην,
2575 3223 2674 3303 καὶ
2694 3223 2969 3321 ἐμίσησας
2988 3248 3215 3319 ἀνομίαν
3237 3266 3250 3279 ⁸
3277 3248 3368 3301 διὰ
3398 3223 3555 3301 τοῦτο
3583 3223 3767 3317 ἔχρισὲ

503 3320 656 3387 cujus
687 3321 838 3392 virga
880 3322 1197 3378 directionis
1226 3333 1309 3378 est
1350 3323 1501 3391 virga
1553 3325 1701 3391 regni
1749 3325 1893 3393 ejus,
1932 3325 2078 3378 hunc

504 3409 680 3478 ipsum
711 3411 877 3468 Deutn
901 3414 979 3468 ait
1008 3416 1173 3469 fuisse
1197 3424 1417 3471 unctum
1445 3431 1472 3467 a
1506 3415 1637 3479 Deo,
1666 3417 1757 3485 qui
1785 3427 1903 3470 erat
1935 3416 2078 3471 illius

502 3500 678 3569 Deus;
707 3516 925 3560 unctum
959 3507 1123 3562 fuisse
1172 3518 1377 3572 autem,
1405 3507 1531 3577 quia
1580 3522 1692 3575 prie
1733 3507 2080 3563 consortibus

504 3597 623 3650 suis
650 3598 839 3653 dilexit
858 3599 1130 3669 justitiam
1157 3609 1211 3654 et
1232 3600 1574 3670 iniquitatem
1603 3600 1730 3655 odio
1752 3600 1959 3655 habuit.
1986 3599 2079 3655 llis

504 3692 684 3746 vet-his
734 3694 953 3747 memini
986 3710 1069 3748 me
1105 3694 1234 3748 olim
1297 3695 1520 3747 nmltnm
1583 3694 1847 3749 molestia:
1891 3709 2079 3749 creare

500 3781 687 3837 Jud:co
719 3785 809 3855 qui
847 3785 1066 3855 sapiens
1100 3784 1402 3839 habebatur
1453 3785 1592 3854 apud
1632 3800 1759 3840 suos
1792 3802 1806 3848 ;
1838 3784 1927 3855 qui
1955 3800 2076 3840 cum

2189 3358 2246 3394 σε
2275 3342 2304 3393 6
2344 3340 2538 3406 Θεὸς,ό
2575 3340 2707 3405 Θεός
2733 3358 2825 3394 σου
2862 3340 3038 3394 ἔλαιον
3064 3340 3437 3408 ἀγαλλιάσεως
3469 3339 3621 3410 παρὰ
3640 3339 3767 3401 τοὺς

2188 3431 2447 3501 μετόχους
2472 3449 2587 3486 σου.
2624 3451 2643 3484 ι
2675 3433 2785 3485 Καὶ
2812 3432 3081 3496 κατανόει,
3107 3432 3188 3484 ὅτι
3217 3430 3336 3500 Θεῷ
3358 3429 3561 3501 ὁμιλῶν
3587 3430 3616 3482 6
3641 3444 3770 3499 προ-

2186 3522 2383 3593 φήτης,
2415 3517 2476 3576 οὗ
2515 3524 2543 3577 ὁ
2582 3523 2770 3595 θρόνος
2803 3524 2950 3577 ἐστὶν
2979 3524 3057 3587 εἰς
3088 3523 3180 3576 τὸν
3212 3521 3387 3576 αἰῶνα
3411 3522 3507 3575 τοῦ
3549 3520 3767 3587 αἰῶνος,

2188 3615 2282 3668 καὶ
2310 3614 2502 3684 ῥάϐδος
2537 3616 2830 3687 εὐθύτητος
2856 3620 2889 3689 ὴ
2920 3614 3111 3687 ῥάϐδος
3142 3614 3243 3685 τῆς
3278 3614 3555 3685 βασιλείας
3576 3613 3766 3677 αὐτοῦ,

2184 3705 2368 3758 τοῦτον
2398 3707 2489 3759 τὸν
2513 3707 2645 3761 Θεὸν
2675 3709 2807 3779 φησι
2846 3707 3130 3779 κεχρῖσθαι
3158 3706 3264 3760 ὑπὸ
3289 3706 3454 3772 Θεοῦ,
3489 3706 3547 3771 ὃς
3575 3702 3643 3778 ἦν
3671 3705 3770 3758 αὐ-

2184 3796 2276 3849 τοῦ
2316 3796 2483 3859 Θεός·
2524 3798 2811 3868 κεχρῖσθαι
2860 3800 2935 3861 δὲ,
2980 3799 3100 3854 ἐπεὶ
3141 3800 3295 3871 παρὰ
3333 3800 3462 3862 τοὺς
3509 3800 3772 3869 μετόχους

500 3890 558 3928 se
587 3876 876 3931 admodum
904 3878 1169 3942 torsisset,
1224 3876 1365 3931 dixit
1416 3878 1629 3932 tandem
1679 3893 1797 3945 quae
1835 3895 1862 3931 a
1891 3876 2075 3931 Judmo

500 3980 819 4039 exspectare
841 3971 1021 4035 debui,
1047 3985 1275 4040 nempe:
1297 3972 1363 4025 de
1393 3970 1503 4024 Deo
1538 3973 1919 4024 universorum
1938 3970 2075 4023 seri-

501 4072 649 4130 ptum
674 4076 795 4116 esse
826 4080 839 4115 :
874 4080 893 4113 ι
928 4062 1096 4118 Sedes
1124 4071 1233 4126 tua,
1271 4062 1435 4125 Deus,
1474 4062 1525 4115 in
1566 4063 1822 4118 saeculum
1842 4058 2029 4121 saeculi
2061 4083 2077 4132 ;

500 4156 649 4224 virga
682 4156 995 4210 directionis
1039 4155 1189 4226 virga
1238 4154 1385 4225 regni
1421 4154 1533 4222 tui;
1574 4174 1592 4206 ι
1627 4156 1694 4210 de
1721 4156 1936 4211 Christo
1981 4175 2078 4212 au-

2186 3886 2349 3940 αὐτοῦ
2378 3882 2533 3953 οὗτος
2554 3890 2810 3961 ἠγάπησε
2836 3891 3202 3963 δικαιοσύνην,
3231 3893 3325 3945 καὶ
3351 3891 3611 3962 ἐμίσησεν
3643 3893 3768 3944 ἀνο-

2188 3980 2339 4049 μίαν.
2375 3980 2484 4034 Καὶ
2529 3981 2809 4053 μέμνημαί
2854 4001 2919 4052 γε
2964 3984 3105 4037 πάνυ
3146 3982 3342 4053 θλίψας
3383 3984 3475 4035 τὸν
3516 3982 3769 4036 Ἰουδαῖον

2183 4071 2537 4142 νομιζόμενον
2577 4072 2739 4142 σοφὸν
2779 4075 2843 4127 ἐκ
2876 4075 2973 4145 τῆς
3014 4074 3215 4140 λέξεως
3255 4075 3493 4146 ταύτης
3535 4080 3592 4139 ὃς
3627 4076 3771 4145 πρὸς

2180 4162 2352 4232 αὐτὴν
2396 4162 2638 4234 ἀπορῶν,
2684 4159 2803 4216 εἷπε
2839 4164 2907 4218 τά
2934 4164 3012 4235 τῷ
3049 4165 3241 4219 ἐαυτοῦ
3293 4165 3610 4235 Ἰουδαϊσμῷ
3637 4166 3772 4218 ἀκά-

501 4257 604 4303 tem
650 4262 666 4300 :
711 4265 729 4299 ι
785 4247 1032 4301 Dilexisti
1084 4247 1348 4317 justitiam
1389 4259 1443 4301 et
1488 4248 1651 4302 odisti
1710 4250 2072 4319 iniquitatem,

2190 4252 2357 4304 t0u9a°
2387 4251 2529 4318 εἷπε,
2546 4253 2683 4323 πρὸς
2706 4252 2805 4323 μὲν
2839 4254 2930 4306 τὸν
2950 4253 3058 4308 τῶν
3076 4254 3213 4308 ὅλων
3242 4255 3377 4309 Θεὸν
3404 4256 3651 4328 εἰρῆσθαι
3678 4256 3766 4315 τὸ,

497 4349 779 4409 propterea
833 4341 985 4395 unxit
1016 4348 1068 4395 te
1102 4340 1263 4405 Deus,
1300 4340 1440 4394 Deus
1478 4348 1622 4404 tuus,
1661 4358 1681 4392 ι
1715 4350 1769 4395 et
1805 4342 2032 4412 reliqua.

2190 4362 2197 4394 ι
2238 4344 2296 4397 '0
2324 4343 2513 4414 θρόνος
2539 4362 2631 4398 σου
2656 4348 2684 4399 6
2708 4344 2841 4410 Θεὸς
2869 4347 2948 4409 είς
2969 4346 3059 4399 τὸν
3076 4346 3247 4400 αίῶνα
3275 4348 3369 4402 τοῦ
3394 4350 3604 4411 αἰῶνος·
3639 4347 3776 4416 ῥάϐ-

493 4437 582 4501 δος
621 4436 911 4508 εὐθύτητος
952 4439 985 4507 ὴ
1030 4435 1222 4509 ῥάϐδος
1252 4438 1349 4509 τῆς
1381 4436 1653 4508 βασιλείας
1690 4456 1781 4491 σου
1808 4456 1822 4468 ·
1868 4458 1886 4490 ι
1923 4440 2059 4510 πρὸς
2093 4440 2148 4492 δὲ
2182 4439 2272 4492 τὸν
2296 4440 2530 4510 Χριστὸν
2563 4441 2642 4505 τὸ,
2710 4460 2727 4492 ι
2774 4441 3095 4512 Ἥγάπησας
3121 4441 3491 4512 δικαιοσύνην,
3526 4444 3615 4496 καὶ
3640 4443 3771 4513 ἐμί-

497 4548 667 4601 σησας
700 4531 955 4604 ἀνομίανο
992 4532 1080 4585 διὰ
1108 4532 1264 4585 τοῦτο
1313 4532 1495 4602 ἔχρισέ
1528 4551 1587 4586 σε
1633 4536 1662 4587 6
1701 4533 1888 4600 Θεὸς,ό
1917 4534 2049 4597 Θεός
2073 4551 2187 4595 σου,
2219 4554 2236 4585 ι
2269 4534 2363 4586 καὶ
2386 4534 2454 4587 τὰ
2483 4534 2629 4604 ἑξῆς.

564 4627 654 4684 57.
695 4628 890 4682 Adhuc
947 4630 1089 4698 apud
1116 4628 1333 4682 Celsum
1374 4627 1590 4685 Judzcus
1626 4629 1963 4685 Salvatorem
2005 4631 2078 4684 sic

2261 4630 2381 4681 Ἔτι
2410 4628 2466 4681 δὲ
2502 4629 2638 4701 πρὸς
2665 4628 2755 4682 τὸν
2784 4628 3013 4701 Σωτῆρα
3043 4629 3191 4699 αὐτῷ
3216 4632 3245 4683 6
3283 4630 3532 4693 Ἰουδαῖός
3562 4644 3732 4698 φησιν
3754 4645 3769 4657 ο

495 4717 824 4785 alloquitur:
853 4737 871 4770 ι
899 4718 955 4772 Si
979 4721 1028 4773 id
1045 4720 1511 4790 dicis,’quemlibet
1534 4719 1802 4775 hominem
1820 4720 2077 4789 quijuxta

2190 4722 2265 4773 ὅτι
2296 4738 2313 4770 ι
2355 4721 2404 4772 εἰ
2432 4721 2588 4773 τοῦτο
2627 4721 2825 4788 λέγεις,
2861 4722 2941 4774 ὅτι
2975 4723 3082 4785 πᾶς
3115 4721 3403 4792 ἄνθρωπος
3440 4720 3576 4774 κατά
3612 4719 3776 4772 θείαν

492 4808 731 4862 divinam
757 4811 1153 4877 providentiam
1192 4818 1350 4865 natus
1380 4810 1560 4877 fuerit,
1592 4824 1715 4864 esse
1740 4809 1933 4863 Filium
1962 4809 2077 4870 Dei,

2190 4812 2441 4881 πρόνοιαν
2484 4812 2721 4880 γεγονὼς
2752 4813 2867 4876 υἱός
2911 4814 3025 4866 ἐστι
3072 4812 3244 4877 Θεοῦ,
3281 4814 3335 4866 τί
3385 4815 3451 4868 ἂν
3494 4815 3555 4866 σὺ
3597 4809 3771 4863 ἀλλον

494 4901 677 4969 quain
710 4916 766 4955 re
804 4903 970 4956 distas
1030 4905 1186 4959 aliis?
1238 4926 1256 4958 ι
1305 4906 1404 4961 Cui
1452 4902 1898 4972 respondebimus
1955 4915 2077 4955 esse

2190 4903 2479 4975 διαφέρῃς;
2503 4925 2521 4955 ι
2543 4904 2685 4977 Πρὸς
2703 4906 2760 4957 ὃν
2777 4904 3029 4976 ἐροῦμεν,
3053 4907 3135 4959 ὃτι
3158 4908 3267 4970 πᾶς
3290 4908 3387 4978 μὲν
3410 4909 3458 4970 6,
3488 4902 3776 4968 ὼςόΠαῦ-

494 4995 712 5062 quidem
759 4995 851 5049 Dei
913 4998 1109 5063 ﬁlium,
1142 5001 1408 5070 quisquis,
1458 5007 1518 5052 ut
1556 4996 1758 5051 Paulus
1795 4986 1972 5059 docet,
2004 4997 2076 5050 ti-

2190 4995 2272 5057 λος
2290 4996 2340 5063 (6
2350 4996 2400 5065 5)
2413 4996 2520 5048 ὼνό
2528 5014 2686 5066 μασε,
2711 4998 2906 5067 μηκέτι
2924 4998 3027 5051 ὐπὸ
3043 4997 3211 5065 φόϐου
3227 4996 3569 5065 παιδαγωγού
3577 5012 3771 5065 μενος,

494 5102 645 5141 more
678 5102 784 5141 non
813 5089 1043 5155 ducitur,
1077 5090 1237 5160 372
1257 5092 1350 5145 sed
1376 5092 1629 5145 virtutem
1657 5096 1875 5159 propter
1898 5087 2070 5155 ipsam

2190 5086 2317 5141 ἀλλὰ
2349 5088 2414 5140 δι’
2448 5090 2581 5142 αὐτὸ
2606 5092 2666 5143 τὸ
2696 5091 2857 5144 καλὸν
2890 5092 3235 5162 αἱρούμενος,
3277 5093 3393 5157 υίὸς
3437 5096 3547 5147 ἐστι
3584 5089 3732 5145 Θεοῦ
3755 5107 3772 5121 ο

495 5177 869 5245 amplectitur;
904 5180 1047 5235 hunc
1076 5198 1203 5236 vero
1244 5184 1400 5251 longe
1443 5182 1751 5250 discrepare
1784 5181 1851 5234 ah
1883 5178 1948 5233 iis
1976 5177 2068 5245 qui

2190 5173 2331 5242 ιῦτος
2357 5181 2413 5233 δὲ
2447 5183 2627 5253 πολλῷ
2668 5184 2759 5236 καὶ
2790 5184 2987 5255 μακρῷ
3020 5184 3269 5255 διαφέρει
3301 5184 3499 5249 παντὸς
3538 5184 3627 5237 τοῦ
3666 5183 3774 5235 διὰ

496 5282 715 5340 propter
756 5273 1007 5327 virtutem
1036 5273 1127 5327 tilii
1156 5274 1247 5329 Dei
1275 5276 1643 5337 nominantur,
1674 5280 1732 5326 ut
1760 5270 1850 5342 qui
1879 5283 2065 5324 eorum

2190 5272 2273 5339 εὴν
2313 5272 2513 5343 ἀρετὴν
2536 5274 2963 5345 χρηματίζοντος
2997 5274 3116 5327 υἱοῦ
3150 5277 3243 5328 τοῦ
3289 5278 3445 5341 Θεοῦ,
3480 5278 3616 5337 ὅστις
3645 5275 3779 5325 ὠσ-

564 5430 609 5461 ³⁶
648 5431 795 5486 Psal.
832 5434 1054 5500 thv,3,
1091 5433 1144 5500 4,
1170 5434 1225 5497 5,
1252 5434 1305 5487 6.
1384 5434 1426 5466 ³⁸
1459 5436 1589 5490 ibid.
1625 5435 1676 5501 7,
1712 5435 1765 5489 8.

726 5596 1141 5672 Coddxllegitts
1174 5609 1225 5654 et
1266 5600 1588 5672 Basilcensis
1616 5642 1629 5661 ,
1679 5602 1753 5672 μὴ
1788 5602 2073 5655 πιστεύου-

496 5654 599 5744 σιν.
632 5654 856 5744 Il.t_i_t_letn,
904 5668 996 5744 δύο
1024 5654 1276 5735 ’λέγουσιν
1322 5666 1457 5744 εἶναι
1493 5674 1587 5734 τὰς
1618 5654 1855 5742 Χριστοῦ
1899 5674 2073 5744 ἐπιδη-

499 5736 1155 5811 pttzAQLVideiufraAnum.
1186 5741 1276 5794 29.
1332 5740 1470 5795 Just.
1505 5742 1642 5793 Dial.
1678 5736 1819 5794 'rum
1876 5736 2065 5811 Tryph'.

497 5822 528 5873 ιι
574 5808 699 5873 247,
741 5807 868 5873 ‘268,
916 5807 1050 5872 350;
1116 5807 1251 5862 lt'cn.
1298 5811 1387 5865 lib.
1430 5828 1500 5875 IV,
1546 5828 1663 5879 cap.
1706 5807 2062 5877 55;Terittll.

2182 5608 2402 5676 Apolog.
2435 5623 2555 5677 cap.
2588 5608 2677 5661 21.
2728 5607 2989 5661 Eumdem
3036 5609 3178 5661 vide.
3209 5619 3393 5662 contra
3432 5607 3657 5667 luda'OS.
3703 5614 3775 5656 el

2182 5677 2272 5729 lih.
2308 5694 2365 5732 ιιι
2396 5690 2576 5731 contra
2604 5679 2947 5734 Marciomm.
2983 5680 3250 5733 Spartam.

2254 5748 2364 5817 (65)
2401 5748 2735 5803 llatscltclitts
2767 5750 2816 5802 in
2851 5758 3019 5815 textu,
3055 5750 3111 5803 ὃν
3139 5750 3213 5813 ὡς
3247 5768 3274 5803 ο
3298 5749 3519 5812 Παῦλος,
3552 5744 3724 5799 male.
