3902 6414
501 380 603 436 ΤΗ

1945 366 2268 424 ORlGENlS

3662 380 3758 435 772

502 519 622 559 mus
642 501 762 567 fuit,
791 501 1053 556 haberent
1075 496 1329 551 vaticinia
1356 512 1384 549 a
1411 493 1592 565 Moyse
1615 508 1829 564 quoque
1848 496 2071 563 scriptis

2187 492 2417 562 Μωῦσῆς
2438 490 2735 563 ἀνέγραψε,
2757 495 3107 564 προφητείας,
3130 496 3203 559 ὡς
3233 496 3325 550 καὶ
3351 496 3516 550 αὑτοῦ
3548 500 3676 566 περὶ
3702 501 3758 553 τὰ

502 595 728 659 tradita,
749 601 801 646 et
829 591 936 646 illic
966 592 1031 645 de
1054 582 1210 643 stella
1237 588 1491 657 legissent
1524 587 1699 641 istud:
1732 605 1750 638 ι
1770 585 2065 641 Ostendam

500 689 577 752 ei,
605 697 661 740 et
692 701 795 738 non
830 684 1030 747 mudo;
1065 682 1281 736 beatum
1310 668 1459 734 facio
1505 690 1560 734 et
1592 696 1695 733 non
1731 680 2068 750 propinqua-

500 778 579 832 bit
611 778 693 841 “;
733 796 751 828 ι
814 775 1168 843 conjecerunt
1222 774 1504 831 hominem
1568 772 1763 838 illum,
1798 774 1891 842 qui
1948 788 2073 827 cum

499 867 653 922 stella
682 867 1078 935 praenuntiatus
1102 864 1307 930 fuerat,
1332 864 1383 918 in
1412 864 1555 918 hanc
1582 863 1755 916 lucem
1785 863 2072 931 prodiisse;

498 972 736 1027 cumque
765 958 877 1026 jam
936 957 1063 1011 inde
1109 957 1291 1010 animo
1341 955 1731 1024 praecepissent
1760 955 1907 1009 illum
1957 970 2077 1009 esse

498 1050 781 1105 danuoniis
808 1060 865 1105 et
911 1049 1198 1118 Spiritibus
1228 1048 1321 1116 qui
1378 1047 1511 1115 ipsis
1543 1061 1808 1116 apparere
1831 1057 1885 1099 et
1918 1046 2078 1099 mini-

497 1153 674 1196 strare
705 1141 977 1205 solebant,
1007 1142 1468 1205 prmstantiorem,
1502 1142 1732 1193 adorare
1769 1138 1932 1210 375
1968 1149 2077 1193 sta-

499 1245 738 1289 tuerunt.
776 1236 831 1288 ln
862 1234 1101 1289 Iudaeam
1132 1235 1300 1305 igitur
1338 1244 1626 1296 venerunt,
1657 1249 1757 1302 pro
1798 1244 1947 1288 certo
1978 1235 2074 1285 ha-

499 1328 692 1381 bentcs
726 1328 1035 1395 quempiam
1077 1341 1256 1395 regem
1294 1335 1478 1379 natum
1512 1341 1656 1389 esse,
1716 1326 1966 1393 quamvis
2022 1334 2077 1377 et

498 1420 769 1486 quodnam
806 1418 957 1488 regni
1010 1432 1180 1487 genus
1209 1418 1519 1483 habiturus,
1553 1426 1607 1472 et
1640 1418 1727 1472 ubi
1768 1418 2078 1470 nasciturus

498 1518 667 1570 esset,
721 1509 1076 1577 ignorarent;
1113 1508 1456 1575 sumptisque
1506 1521 1692 1562 secum
1736 1509 2074 1572 muneribus,

499 1614 621 1667 qua:
644 1597 805 1652 veluti
837 1598 1076 1667 symbola
1110 1596 1183 1650 illi
1211 1597 1301 1667 qui
1328 1611 1391 1649 ex
1416 1596 1524 1651 Deo
1545 1607 1598 1650 et
1617 1597 1837 1650 homine
1863 1595 2075 1649 mortali

499 1700 667 1753 esset,
702 1701 759 1744 ut
789 1691 860 1743 ita
896 1690 1093 1752 dicam,
1125 1692 1483 1758 compositus,
1517 1691 1711 1743 darent
1739 1706 1753 1755 ;
1789 1698 2076 1757 postquam

500 1782 809 1836 didicerunt
848 1782 1070 1835 ubinam
1105 1790 1265 1835 natus
1297 1782 1513 1846 fuisset,
1544 1792 1603 1835 ut
1632 1782 1743 1850 regi
1774 1797 1989 1844 aurum,
2020 1791 2077 1835 ut

500 1875 767 1928 morituro
798 1875 1098 1944 myrrham,
1149 1882 1204 1927 ut
1266 1872 1373 1927 Deo
1410 1874 1535 1925 thus
1582 1871 1923 1925 obtulerunt.
1970 1873 2077 1926 Sed

2173 583 2397 636 τοιαῦτα
2430 585 2718 653 γενομένου
2746 586 2941 649 δεινοῦ,
2966 588 3056 640 καὶ
3086 588 3337 658 εὑρόντες
3366 592 3483 642 ὲκεῖ
3510 593 3641 662 περὶ
3673 591 3759 644 τοῦ

2177 678 2379 747 ἄστρου
2412 676 2505 728 καὶ
2535 678 2595 728 τό
2628 694 2639 705 ·
2680 696 2697 727 ‹
2732 678 2897 744 Δείξω
2928 680 3097 749 αὐτῷ,
3124 682 3217 733 καὶ
3244 682 3365 751 οὐχὶ
3414 682 3509 734 νῦν
3538 700 3551 712 ·
3589 701 3757 753 μακα-

2180 767 2313 837 ρίζω
2338 810 2351 832 ,
2388 770 2480 822 καὶ
2518 769 2618 820 οὑκ
2649 771 2847 836 ἐγγιεῖ·
2890 790 2907 821 ι
2945 772 3310 841 ὲστοχάσαντο
3342 774 3432 825 τὸν
3484 774 3623 844 μετά
3676 774 3759 827 τοῦ

2177 860 2377 930 ἄστρου
2401 862 2875 932 προφητευόμενον
2899 864 3189 935 ἄνθρωπον
3212 865 3672 936 ἐπιδεδημηκέναι
3693 867 3763 935 τῷ

2181 950 2281 1022 βίῳ
2310 955 2405 1006 καλ¹
2434 954 2508 1015 ὼς
2543 955 2760 1007 πάντων
2791 956 3061 1026 δαιμόνων
3098 958 3190 1009 καὶ
3225 957 3330 1009 τῶν
3359 960 3416 1009 ἐν
3447 958 3560 1010 ἔθει
3590 959 3761 1022 αὑτοῖς

2181 1042 2604 1114 φανταζομένων
2640 1047 2731 1098 καὶ
2758 1045 3125 1118 ἐνεργούντων
3155 1047 3441 1117 κρείττονα
3474 1047 3763 1117 προλαϐόν-

2177 1151 2289 1198 τες,
2316 1138 2689 1207 προσκυνῆσαι
2724 1137 3012 1207 ἠθέλησαν.
3050 1132 3224 1190 Ἧκον
3255 1136 3347 1191 οὖν
3379 1142 3472 1191 ἐπὶ
3502 1142 3602 1209 τὴν
3641 1140 3761 1191 Ἰου-

2177 1228 2333 1281 δαίαν
2358 1269 2372 1291 ,
2407 1229 2489 1281 ὅτι
2542 1231 2638 1300 μὲν
2673 1230 2925 1299 βασιλεύς
2978 1249 3061 1295 τις
3090 1233 3384 1300 γεγένηται
3417 1233 3760 1302 πειθόμενοι,

2179 1321 2299 1372 τίνα
2332 1321 2385 1373 δὲ
2418 1320 2691 1390 βασιλείαν
2729 1322 3060 1391 βασιλεύσων
3097 1324 3232 1395 (79),
3265 1325 3363 1376 οὑκ
3392 1325 3759 1394 ἐπιστάμενοι,

2179 1411 2211 1481 ἥ
2242 1410 2342 1463 ποῖα
2372 1412 2794 1482 γεννηθήσεται,
2826 1416 2885 1466 οὑ
2916 1415 3310 1482 γιγνώσκοντες
3334 1435 3346 1446 ·
3386 1404 3643 1489 φέροντες
3677 1421 3765 1489 μὲν

2178 1502 2345 1571 δῶρα,
2370 1503 2404 1555 ἃ
2436 1502 2537 1573 (ἵν’
2558 1504 2728 1567 οὕτως
2759 1506 3010 1575 ὀνομάσω
3036 1508 3053 1577 )
3091 1507 3327 1578 συνθέτῳ
3374 1511 3480 1561 τινὶ
3532 1512 3597 1563 ἐκ
3636 1510 3763 1563 Θεοῦ

2180 1599 2273 1647 καὶ
2304 1594 2596 1666 ἀνθρώπου
2636 1596 2830 1666 θνητοῦ
2863 1600 3241 1668 προσήνεγκαν
3296 1600 3539 1670 σύμϐολα
3564 1603 3765 1672 μὲν,ώς

2184 1686 2387 1755 βασιλεί
2410 1689 2499 1740 τὸν
2530 1689 2729 1759 χρυσὸν
2757 1688 2975 1759 (80),ὼς
2997 1690 3051 1741 δὲ
3075 1691 3451 1763 τεθνηξομένῳ
3472 1695 3569 1764 τὴν
3603 1696 3765 1765 σμύρ-

2179 1796 2296 1843 ναν,
2326 1781 2401 1842 ὡς
2432 1780 2488 1832 δὲ
2514 1779 2632 1849 Θεῴ
2656 1782 2746 1833 τὸν
2780 1782 3078 1835 λιϐανωτόν
3103 1802 3114 1813 ·
3143 1787 3528 1855 προσήνεγκαν
3555 1787 3633 1850 δὲ,
3672 1805 3766 1856 μα-

2183 1872 2365 1935 θόντες
2389 1873 2477 1925 τὸν
2502 1875 2667 1926 τόπον
2686 1875 2782 1944 τῆς
2804 1874 3070 1941 γενέσεως
3100 1876 3284 1929 αὑτοῦ.
3330 1877 3469 1929 Ἀλλ’
3493 1880 3615 1931 ἐπεὶ
3642 1879 3765 1942 Θεὸς

503 1966 762 2035 quoniam
814 1967 953 2021 Deus
992 1976 1110 2019 erat
1145 1965 1411 2019 Servator
1461 1965 1551 2019 ille
1584 1964 1801 2034 generis
1831 1964 2072 2028 humani,

2187 1960 2266 2035 ἦν,
2324 1969 2351 2019 6
2403 1966 2543 2037 ὑπὲρ
2593 1968 2721 2029 τοὺς
2768 1966 3095 2037 βοηθοῦντας
3149 1968 3458 2040 ἀνθρώποις
3511 1971 3766 2040 ἀγγέλους

502 2059 711 2128 angelis
742 2064 832 2128 qui
869 2058 1180 2113 hominibus
1211 2057 1476 2111 auxilium
1508 2064 1769 2125 praestant
1802 2054 1959 2123 longe
1988 2071 2081 2110 su-

500 2151 752 2216 blimior;
780 2152 1005 2221 angelus
1033 2167 1334 2222 magorum,
1360 2152 1449 2221 qui
1475 2150 1662 2205 Jesum
1689 2154 2076 2212 adoraverant,

504 2244 689 2311 pietati
744 2244 1025 2312 prmmium
1076 2244 1261 2298 retulit
1313 2245 1614 2298 admonens
1655 2261 1673 2293 ι
1737 2260 1802 2297 ne
1841 2243 2078 2296 redirent

504 2334 571 2388 ad
604 2333 893 2403 Herodem,
929 2335 1024 2390 sed
1055 2351 1152 2405 per
1192 2336 1355 2391 aliam
1390 2338 1536 2389 viam
1568 2344 1977 2389 reverterentur
2025 2335 2077 2388 in

505 2426 782 2496 regionem
814 2441 969 2479 suam
1000 2426 1070 2479 δι.
1105 2444 1126 2478 ι

572 2514 663 2570 61.
709 2516 939 2571 Insidias
981 2530 1110 2571 vero
1145 2518 1212 2570 ab
1247 2516 1459 2573 lierode
1494 2517 1620 2574 Jesu
1658 2526 1783 2572 nato
1839 2528 2079 2572 structas

501 2619 641 2668 esse,
700 2606 914 2659 tametsi
963 2605 1014 2659 id
1044 2622 1150 2661 non
1187 2608 1376 2662 credat
1415 2609 1558 2678 apud
1588 2608 1808 2665 Celsum
1836 2608 2077 2672 Jttdaeus,

505 2695 729 2749 minime
764 2696 1070 2749 miraudmn
1105 2706 1210 2751 est.
1243 2698 1400 2753 Caeca
1435 2700 1581 2753 enim
1615 2714 1700 2754 res
1732 2710 1814 2754 est
1846 2700 2077 2765 malitia,

501 2800 553 2843 et
592 2787 758 2842 fatum
792 2789 991 2858 ipsum,
1020 2791 1176 2860 quasi
1213 2792 1408 2847 fortior
1434 2801 1598 2857 esset,
1630 2808 1896 2863 superare
1944 2793 2075 2847 vult.

500 2879 619 2948 Quo
655 2897 720 2935 ex
752 2882 940 2935 morbo
967 2882 1223 2937 laborans
1248 2883 1513 2950 llerodes,
1540 2896 1595 2940 et
1620 2885 1852 2940 credidit
1876 2885 2079 2939 Judaais

503 2980 688 3025 natum
724 2987 845 3027 esse
876 2990 1083 3045 regem,
1119 2986 1173 3029 et
1198 2975 1485 3029 consilium
1523 2976 1667 3043 cepit
1697 2976 1821 3029 huic
1853 2990 2079 3044 persua-

501 3065 637 3120 sioni
672 3068 817 3122 nullo
843 3069 1000 3121 modo
1028 3080 1471 3122 consentaneum.
1508 3066 1776 3122 Nimirum
1806 3084 1910 3121 non
1946 3068 2079 3122 vidit

500 3171 593 3216 aut
620 3164 841 3218 omnino
891 3178 1069 3234 regem
1121 3178 1266 3225 esse,
1315 3172 1369 3215 et
1409 3174 1806 3231 regnaturum;
1845 3172 1939 3215 aut
1972 3179 2077 3217 non

502 3262 888 3324 regnaturum,
938 3263 991 3309 et
1047 3255 1247 3308 frustra
1304 3253 1654 3307 interfectum
1701 3254 1788 3306 iri.
1841 3253 2076 3308 lnteriici

506 3345 669 3414 igitur
699 3345 907 3409 voluit,
940 3356 1244 3415 pugnantes
1279 3346 1331 3399 in
1382 3346 1684 3399 sententias
1736 3345 2083 3414 improbitate

511 3446 698 3506 raptus
730 3440 1075 3508 agitatUsque
1107 3454 1135 3491 ιι
1166 3454 1313 3492 ozeco
1341 3436 1697 3507 improboque
1727 3438 1970 3502 diabolo,
1994 3441 2086 3506 qui

505 3528 775 3583 Salvatori
799 3529 911 3597 jam
936 3530 1006 3584 ab
1032 3531 1186 3584 initio
1218 3531 1509 3585 insidiatus
1541 3540 1646 3595 est,
1676 3531 1931 3597 opinatus
1961 3547 2082 3584 eum

498 3627 558 3672 et
589 3632 709 3671 esse
735 3627 790 3671 et
826 3617 945 3674 fore
982 3634 1258 3689 magnum.
1296 3620 1475 3685 Quare
1508 3620 1767 3690 angelus,
1804 3622 1920 3689 qui,
1959 3620 2088 3675 licet

502 3711 556 3763 id
590 3710 779 3764 Celsus
808 3726 913 3765 non
942 3714 1152 3777 credat,
1189 3714 1365 3767 ordini
1406 3728 1586 3767 rerum
1620 3727 1741 3767 sese
1777 3728 2087 3769 accommo—

502 3802 689 3866 dabat,
739 3800 1036 3871 Josephum
1089 3805 1301 3859 monuit
1346 3814 1403 3857 ut
1435 3820 1557 3859 cum
1608 3819 1775 3873 puero
1822 3813 1876 3858 et
1910 3816 2085 3859 matre

500 3893 620 3963 ejus
653 3895 704 3949 in
730 3894 1026 3967 IEgyptum
1059 3896 1289 3967 fugeret.
1313 3896 1557 3952 Herodes
1586 3907 1793 3959 autem,
1818 3906 2086 3967 quotquot

500 4000 656 4043 erant
682 3990 732 4044 in
759 3990 1035 4045 Bethleem
1056 3992 1255 4061 oppido
1275 3990 1505 4060 ejusque
1534 3990 1732 4046 finibus
1757 4006 1947 4046 recens
1970 3992 2083 4045 nati

506 4080 770 4135 trucidari
799 4081 1005 4149 jussit,
1035 4081 1192 4150 quasi
1226 4096 1349 4136 cum
1385 4081 1465 4135 eis
1514 4080 1909 4135 interfecturus
1936 4092 2083 4134 esset

503 4162 691 4229 natum
724 4172 1034 4229 Judzeorum
1081 4189 1299 4245 regem:
1334 4175 1431 4229 sed
1483 4189 1590 4228 non
1622 4174 1857 4228 advertit
1893 4184 2086 4243 poten-

506 4267 637 4320 tiam
666 4281 808 4330 esse,
841 4280 964 4337 qua:
980 4277 1245 4335 perpetuo
1281 4265 1527 4335 invigilat
1553 4265 1731 4333 dignis
1768 4264 1858 4332 qui
1888 4265 1955 4318 ad
1984 4264 2082 4318 ho-

505 4361 711 4414 minum
742 4359 971 4414 salutem
1003 4368 1290 4414 serventur
1312 4400 1327 4425 ,
1366 4369 1420 4413 et
1464 4359 1607 4413 inter
1639 4372 1735 4412 eos
1778 4356 2079 4427 principem

500 4461 560 4505 et
611 4450 874 4521 dignitate
922 4458 978 4504 et
1022 4450 1338 4521 prmsmntia
1396 4449 1573 4505 locum
1622 4458 1807 4505 tenere
1858 4447 2078 4514 Jesum;

503 4543 595 4613 qui
628 4543 846 4613 quidem
878 4559 971 4598 rex
998 4552 1120 4598 erat
1159 4542 1398 4607 futurus,
1434 4557 1539 4596 non
1573 4552 1756 4595 tamen
1798 4550 1856 4594 ut
1888 4540 2081 4595 existi-

503 4640 688 4694 mabat
714 4636 980 4703 Herodes,
1010 4637 1107 4692 sed
1138 4635 1597 4707 quemadmodum
1632 4635 1865 4689 decebat
1898 4651 2078 4700 regem
2119 4657 2158 4710 ι)

502 4746 647 4797 esse,
682 4733 767 4786 cui
796 4732 938 4787 Deus
975 4745 1198 4800 regnum
1232 4730 1573 4795 contulerit;
1610 4744 1806 4797 nempe
1832 4730 1923 4798 qui
1956 4729 2081 4783 sub-

504 4825 633 4879 ditis
662 4824 798 4879 bene
824 4825 1051 4892 faceret,
1081 4838 1187 4879 nou
1215 4822 1523 4877 tribuendis
1548 4821 1741 4875 media:
1767 4832 1976 4874 natura:
2007 4830 2080 4887 et,

505 4925 569 4969 ut
616 4916 687 4967 ita
734 4916 927 4986 loquar
952 4958 965 4980 ,
1020 4914 1455 4970 indiﬂ'ereutibus
1492 4910 1797 4974 beneficiis,
1828 4910 1923 4966 sed
1954 4925 2082 4965 eru-

504 5007 703 5060 diendo
733 5022 826 5061 eos
867 5010 1212 5077 regendoque
1253 5007 1459 5078 legibus
1502 5019 1631 5058 vere
1662 5003 1885 5058 divinis.
1928 5004 2081 5069 Quod

506 5100 689 5154 sciens
724 5098 881 5152 Jesus
907 5113 1214 5168 negansque
1243 5114 1301 5153 se
1330 5112 1398 5154 eo
1415 5111 1581 5153 sensu
1607 5111 1730 5151 esse
1761 5110 1943 5165 regem
1973 5110 2084 5164 quo

505 5193 751 5262 plerique
779 5191 1105 5259 intelligunt,
1141 5206 1204 5246 ac
1243 5192 1446 5247 docens
1474 5196 1683 5259 quanto
1713 5188 1783 5243 sit
1811 5186 2085 5241 excellen-

508 5286 611 5339 tius
649 5298 872 5352 regnum
895 5281 1030 5351 ejus,
1060 5283 1176 5336 ait:
1210 5301 1227 5334 ι
1270 5284 1327 5338 Si
1355 5298 1420 5338 ex
1455 5284 1561 5337 hoc
1591 5282 1793 5335 mundo
1820 5287 1968 5336 esset
1996 5295 2084 5333 re-

503 5390 671 5439 gnum
704 5390 902 5436 meum,
942 5373 1177 5429 ministri
1228 5376 1331 5429 mei
1376 5374 1564 5445 utique
1611 5376 1994 5438 decertarent,
2027 5382 2088 5427 ut

580 5491 624 5523 ⁸⁸
655 5491 812 5545 Num.
864 5505 1011 5554 χειν,
1067 5490 1156 5546 l7.
1235 5492 1278 5523 “
1314 5491 1504 5546 Matth.
1536 5506 1600 5557 Il,
1646 5491 1737 5546 12.

512 5658 526 5671 κ
585 5588 748 5674 '(79)
804 5587 939 5647 Tres
995 5590 1282 5658 Anglicani
1334 5598 1388 5644 et
1456 5587 1840 5663 Basileensis:

736 5730 831 5795 Ὧς
877 5728 1133 5795 ,Βασιλεῖ
1174 5730 1281 5785 τόν
1334 5730 1599 5800 χρυσόν,
1654 5738 1759 5781 etc.
1822 5725 2079 5800 Eamdem

510 5797 790 5873 mysticam
836 5817 1120 5857 munerum
1160 5816 1188 5855 a
1224 5797 1397 5872 magis
1441 5800 1751 5857 oblaturum
1802 5797 2080 5867 significa-

1909 5584 2081 5654 βασι-

2181 2058 2499 2128 ὲνυπάρχων
2536 2056 2672 2127 (81)
2704 2058 2894 2127 Σωτὴρ
2927 2057 3019 2110 τοῦ
3056 2060 3247 2128 γένους
3281 2061 3388 2113 τῶν
3443 2061 3764 2135 ἀνθρώπων,

2181 2150 2410 2217 ἄγγελος
2458 2150 2730 2220 ἠμείψατο
2777 2151 2874 2221 τὴν
2902 2150 3010 2203 τῶν
3042 2152 3232 2222 μάγων
3265 2154 3362 2206 ἐπὶ
3398 2157 3767 2227 προσκυνῆσαι

2179 2243 2270 2295 τὸν
2319 2242 2526 2311 Ἰησοῦν
2582 2241 2870 2295 εὐσέϐειαν
2901 2282 2915 2305 ,
2973 2244 3318 2314 χρηματίσας
3372 2247 3596 2311 αὑτοῖς,
3634 2268 3651 2298 ι
3696 2250 3765 2319 μὴ

2179 2333 2332 2401 ἥκειν
2360 2331 2495 2401 πρὸς
2522 2330 2612 2383 τὸν
2646 2330 2910 2401 Ἡρώδην,
2933 2330 3043 2385 ἀλλ’
3073 2334 3386 2388 ἐπανελθεῖν
3410 2335 3549 2409 ἄλλῃ
3570 2337 3673 2408 ὁδῷ
3693 2340 3767 2403 εἰς

2180 2424 2249 2477 τὰ
2278 2426 2474 2477 οἰκεῖα.
2510 2443 2528 2474 ι

2256 2514 2315 2565 [ί
2366 2512 2411 2563 δ’
2457 2511 2701 2583 Ἡρώδης
2748 2513 3103 2568 ἐπεϐούλευσε
3144 2515 3223 2585 τῷ
3274 2516 3620 2588 γεννηθέντι,
3670 2520 3770 2573 κᾶν

2184 2605 2258 2675 μὴ
2314 2606 2579 2678 πιστεύσῃ
2630 2606 2846 2675 ἀληθῶς
2887 2606 3045 2659 τοῦτο
3090 2608 3371 2676 γεγονέναι
3424 2612 3453 2662 6
3497 2612 3645 2683 παρὰ
3696 2612 3771 2681 τῷ

2182 2697 2373 2767 Κέλσῳ
2406 2697 2676 2761 Ἰουδαῖος,
2708 2698 2769 2749 οὑ
2808 2698 3134 2765 θαυμαστόν.
3173 2699 3389 2769 Τυφλὸν
3419 2701 3529 2772 γάρ
3555 2702 3603 2754 τί
3627 2706 3771 2755 ἐστιν

2182 2792 2215 2860 ἡ
2245 2792 2477 2861 πονηρία
2498 2831 2511 2853 ,
2546 2792 2640 2843 καὶ
2674 2791 3086 2863 βουλομένη,ὼς
3115 2794 3443 2865 ἰσχυροτέρα
3458 2796 3548 2847 τοῦ
3575 2796 3770 2866 χρεὼν,

2182 2885 2335 2953 νικᾷν
2376 2884 2526 2936 αὑτό.
2566 2885 2744 2954 Ὅπερ
2790 2884 2886 2935 καὶ
2931 2885 3171 2955 Ἡρώδης
3223 2885 3445 2949 παθὼν,
3482 2890 3573 2939 καὶ
3613 2888 3770 2940 πεπί-

2184 2991 2374 3027 στευκε
2406 2974 2629 3045 βασιλέα
2660 2976 3015 3046 γεγεννῆσθαι
3060 2977 3347 3041 Ἰουδαίων,
3397 2981 3491 3031 καὶ
3520 2978 3773 3049 ἀνομολο-

2182 3067 2454 3137 γουμένην
2502 3064 2612 3137 εἶχε
2666 3070 2730 3137 τῇ
2785 3067 2963 3119 πίστει
3005 3067 3176 3140 ταύτῃ
3222 3070 3657 3136 συγκατάθεσιν⁸
3696 3070 3771 3141 μὴ

2187 3162 2331 3226 ἰδὼν,
2366 3164 2448 3215 ὅτι
2484 3163 2601 3232 ἦτοι
2638 3162 2853 3225 πάντως
2887 3158 2996 3228 (82)
3036 3159 3290 3229 βασιλεύς
3323 3164 3464 3226 ἐστι,
3498 3165 3586 3217 καὶ
3616 3164 3776 3233 βασιο

2185 3254 2395 3319 λεύσει,
2432 3256 2463 3324 ἢ
2500 3255 2559 3306 οὑ
2598 3253 2935 3322 βασιλεύσει,
2972 3256 3065 3307 καὶ
3110 3256 3287 3325 μάτην
3334 3256 3769 3327 ἀναιρεθήσεται.

2206 3346 2500 3417 Ἐϐουλήθη
2534 3342 2627 3398 οὖν
2652 3346 2811 3398 αὑτὸν
2844 3347 3179 3411 ἀποκτεῖναι,
3218 3349 3529 3418 μαχομένας
3559 3349 3645 3402 διὰ
3671 3349 3775 3418 τὴν

2194 3437 2387 3491 κακίαν
2432 3437 2569 3507 έχων
2603 3437 2839 3508 κρίσεις,
2888 3438 2993 3490 ὑπὸ
3026 3437 3119 3490 τοῦ
3158 3438 3362 3507 τυφλοῦ
3404 3440 3495 3493 καὶ
3536 3438 3776 3512 πονηροῦ

2190 3529 2435 3582 διαϐόλου
2466 3528 2800 3598 κινούμενος,
2835 3528 2894 3591 ὃς
2935 3528 3025 3580 καὶ⁸
3064 3528 3302 3600 ἀρχῆθεν
3343 3530 3665 3583 ἐπεϐούλευε
3694 3532 3775 3600 τῷ

2193 3620 2424 3691 Σωτῆρι,
2460 3619 2787 3688 φαντασθεὶς
2812 3620 2973 3673 αὑτὸν
3005 3615 3141 3672 εἷναί
3169 3637 3290 3672 τινα
3321 3620 3494 3690 μέγαν
3526 3622 3617 3673 καὶ
3651 3620 3775 3673 ἔσει

2193 3713 2333 3765 σθαι.
2369 3712 2632 3780 Ἀγγελος
2664 3712 2761 3782 μὲν
2795 3707 2888 3765 οὖν
2921 3712 3257 3783 ἐχρημάτισε
3298 3712 3376 3782 τῷ
3423 3714 3644 3785 Ἰωσὴφ,
3671 3714 3773 3781 τὴν

2187 3804 2505 3857 ἀκολουθίαν
2532 3802 2641 3855 τῶν
2672 3802 3013 3874 πραγμάτων
3045 3802 3228 3873 τηρῶν
3249 3844 3263 3867 ,
3300 3802 3405 3856 κᾶν
3440 3804 3513 3874 μὴ
3544 3804 3776 3875 πιστεύῃ

2187 3896 2412 3959 Κέλσος,
2448 3895 2803 3965 ἀναχωρῆσαι
2829 3895 2967 3965 μετά
2992 3895 3082 3947 τοῦ
3109 3895 3299 3958 παιδὸς
3324 3895 3418 3947 καὶ
3441 3896 3539 3965 τῆς
3566 3896 3775 3967 μητρὸς

2187 3986 2350 4039 αὑτοῦ
2392 3988 2472 4049 εἰς
2498 3986 2801 4052 Αἴγυπτονο
2845 3984 2939 4037 ὁδ’
2984 3983 3227 4054 Ἡρώδης
3279 3984 3458 4038 ἀνεῖλε
3496 3986 3669 4037 πάντα
3706 3986 3777 4038 τὰ

2185 4082 2242 4133 ἐν
2276 4080 2523 4151 Βηθλεὲμ
2549 4078 2772 4140 καὶτοῖς
2792 4079 2960 4149 ὁρίοις
2979 4076 3150 4145 αὑτῆς
3180 4076 3391 4139 παιδία,
3417 4077 3491 4140 ὡς
3521 4094 3777 4129 συναναι-

2187 4173 2369 4243 ρήσων
2420 4172 2510 4223 τὸν
2546 4168 2874 4239 γεννηθέντα
2919 4168 3186 4220 Ἰουδαίων
3249 4168 3493 4237 βασιλέα.
3540 4169 3611 4221 υὺ
3658 4168 3777 4238 γὰρ

2185 4263 2330 4334 ἑώρα
2383 4262 2481 4332 τὴν
2532 4260 2829 4329 ἀκοίμητον
2890 4257 3123 4329 φρουρὸν
3172 4258 3401 4327 δύναμιν
3450 4257 3554 4309 τῶν
3600 4258 3773 4322 ἀξίων

2186 4353 2539 4425 φρουρεῖσθαι
2587 4352 2677 4404 καὶ
2717 4349 3000 4421 τηρεῖσθαι
3044 4352 3110 4420 τῇ
3148 4352 3393 4420 σωτηρία
3422 4350 3527 4402 τῶν
3556 4348 3775 4419 ἀνθρώ-

2188 4465 2301 4500 πων
2326 4488 2341 4509 ,
2376 4440 2451 4499 ὧν
2505 4444 2720 4516 πρῶτος
2754 4444 2971 4496 πάντων
3012 4445 3144 4513 τιμῇ
3191 4442 3286 4495 καὶ
3332 4442 3569 4512 ὑπεροχῇ
3616 4442 3779 4512 πάσῃ

2188 4537 2390 4609 μείζων
2444 4533 2512 4608 ἦν
2562 4540 2589 4589 6
2641 4534 2866 4606 Ἰησοῦς,
2921 4534 3205 4603 βασιλεὺς.
3251 4534 3349 4602 οὑχ
3394 4533 3469 4597 ὡς
3524 4530 3780 4603 Ἡρώδης

2186 4632 2344 4703 ᾤετο,
2368 4631 2644 4700 ἐσόμενος,
2683 4629 2795 4681 ἀλλ’
2830 4628 2905 4690 ὡς
2936 4626 3141 4697 ἔπρεπε
3176 4626 3266 4678 τὸν
3298 4625 3433 4678 Θεὸν
3458 4624 3644 4677 διδόναι
3669 4623 3782 4692 βα·-

2194 4722 2398 4775 σιλείαν
2425 4760 2439 4782 ,
2496 4722 2582 4771 ἐπ’
2614 4716 2901 4787 εὐεργεσίᾳ
2944 4715 3051 4767 τῶν
3098 4713 3526 4785 βασιλευομένων
3552 4754 3566 4777 ,
3596 4712 3672 4782 τῷ
3707 4712 3779 4766 οὐ

2196 4817 2365 4885 μέσην
2414 4814 2506 4865 καὶ
2537 4811 2824 4881 ἀδιάφορον
2860 4809 2946 4877 (ἵν’
2978 4807 3148 4870 οὑτως
3181 4807 3455 4877 ὀνομάσω)
3487 4806 3786 4877 εὐεργετή-

2194 4926 2337 4961 σοντι
2359 4908 2485 4969 τοὺς
2510 4904 2995 4973 ὑποτεταγμένους,
3021 4901 3155 4953 ἀλλά
3185 4902 3373 4971 νόμοις
3406 4897 3609 4968 ἀληθῶς
3626 4897 3782 4951 Θεοῦ

2193 4998 2533 5055 παιδεύσοντι
2569 4998 2661 5050 καὶ
2696 4994 2952 5057 ὑπάξοντι
2986 4990 3179 5054 αὑτούς
3202 5008 3216 5020 ο
3263 4992 3400 5061 ὅπερ
3439 4991 3528 5042 καὶ
3560 4988 3783 5058 Ἰησοῦς

2192 5092 2583 5161 ἐπιστάμενος,
2623 5088 2715 5140 καὶ
2765 5084 3093 5156 ἀρνούμενος
3138 5084 3237 5153 μὲν
3284 5082 3346 5135 τὸ
3391 5077 3562 5146 εἶναι,
3591 5078 3667 5142 ὡς
3726 5080 3787 5132 οἱ

2191 5184 2374 5237 πολλοὶ
2404 5182 2736 5250 ἐκδέχονται,
2763 5176 3033 5248 βασιλεὺς,
3066 5175 3331 5228 διδάσκων
3364 5174 3422 5227 δὲ
3477 5172 3535 5227 τὸ
3564 5170 3792 5243 ἐξαίρεε

2190 5294 2282 5330 τον
2320 5276 2417 5346 τῆς
2470 5272 2660 5327 ἑαυτοῦ
2697 5270 3001 5341 βασιλείας,
3048 5268 3183 5338 φησὶ
3214 5267 3306 5320 τόο
3344 5285 3363 5318 ι
3396 5268 3458 5319 Et
3483 5252 3546 5336 ἦν
3577 5269 3635 5318 ἐκ
3677 5265 3791 5317 τοῦ

2194 5370 2399 5440 κόσμου
2445 5366 2632 5420 τούτου
2682 5366 2715 5434 ὴ
2760 5362 3006 5433 βασιλεία
3062 5362 3095 5431 ή
3134 5359 3276 5431 ἐμὴ,
3323 5362 3372 5414 οἱ
3414 5359 3679 5431 ὑπηρέται
3733 5362 3791 5411 οἱ

2187 5583 2393 5637 tionem
2441 5577 2600 5629 affert
2630 5574 2770 5629 lrcn.
2798 5573 2834 5625 l.
2864 5587 2923 5624 ιη
2963 5580 3147 5624 contra
3171 5570 3341 5635 liam,
3366 5586 3414 5626 c.
3440 5569 3495 5631 9,
3518 5567 3644 5621 alias
3673 5566 3758 5617 10

2280 5652 2369 5718 8i)
2415 5645 2828 5718 Ἐνιοπάρχλων.
2859 5641 3093 5718 Quietus
3114 5641 3319 5695 mavult
3352 5640 3615 5718 ὑπάρχων.

2280 5654 2369 5718 81)
2415 5654 2828 5712 Ἐνιοπιὶρχων.
2859 5654 3085 5695 Uutctus
3114 5654 3319 5695 mavult
3352 5654 3615 5717 ὑπαρχων.

2257 5654 2372 5793 ί8εν.)
2403 5718 2665 5793 ῌάγτως.
2699 5714 2792 5767 Sic
2818 5721 2964 5768 recte
2991 5714 3165 5767 codex
3192 5720 3424 5780 uterque
3452 5711 3789 5766 Vaticanus.

2188 5786 2335 5848 Libri
2355 5786 2526 5853 rediti,
2558 5786 2793 5838 πάντων.
