4002 6542
220 410 341 465 773

218 625 352 676 νυνὶ
390 622 443 675 δὲ
478 624 577 676 οὐκ
609 623 755 676 ἔστιν
788 627 852 677 ὲκ
879 624 972 677 τοῦ
1016 626 1219 696 κόσμου
1263 627 1451 681 τούτου
1488 632 1519 700 ἡ
1574 631 1815 700 βασιλεία

216 714 256 783 ἠ
290 716 426 786 ἐμή.
473 734 491 765 ι
523 714 706 768 Ταῦτα
738 716 784 767 δ’
813 718 861 767 εί
888 717 1123 787 ἑωράκει
1151 721 1178 771 ὁ
1212 718 1436 782 Κέλσος,
1467 721 1567 774 οὐκ
1600 722 1665 774 ἂν
1700 723 1813 775 ἔλε-

212 821 353 873 γεν·
398 826 416 856 ι
450 807 511 858 Εἰ
541 806 584 858 δ’
616 808 762 870 ὅπως
796 807 868 879 μὴ
903 810 965 861 σὺ
993 809 1249 880 αὐξηθεὶς
1276 811 1390 863 ἀντ’
1421 812 1627 865 ἐκείνου
1670 813 1815 881 βασι-

214 896 427 968 λεύσῃς
451 898 583 968 (85),
602 899 653 951 τί
674 899 856 971 ἐπειδή
884 917 947 968 γε
975 901 1234 972 ηύξήθης,
1257 903 1317 954 οὐ
1351 903 1672 972 βασιλεύεις,
1698 905 1812 958 ἀλλ’

212 992 245 1040 ὁ
299 988 398 1040 τοῦ
436 989 573 1042 Θεοῦ
617 992 746 1053 παῖς
783 990 956 1056 οὕτως
986 994 1226 1061 ἀγεννῶς
1286 996 1556 1067 ἀγείρεις,
1602 998 1811 1051 κυπτά-

213 1078 335 1141 ζων
357 1080 470 1150 (84)
496 1081 599 1133 ὑπὸ
621 1082 783 1149 φόϐου
800 1084 895 1137 καὶ
930 1085 1411 1159 περιφθειρόμενος
1436 1088 1547 1141 ἄνω
1576 1089 1725 1141 κάτω
1747 1107 1760 1152 ;
1789 1110 1805 1140 ι

213 1170 340 1223 Οὐκ
370 1172 489 1225 ἐστι
533 1173 578 1226 δ’
612 1173 832 1241 ἀγεννὲς
868 1175 928 1227 τὸ
952 1216 965 1239 ,
1018 1177 1133 1246 μετ’
1180 1178 1487 1247 οἰκονομίας
1532 1182 1812 1250 περιιστά-

216 1279 387 1333 μενον
421 1266 549 1327 τοὺς
593 1265 888 1329 κινδύνους,
928 1267 1001 1338 μὴ
1050 1268 1214 1337 ὁμόσε
1270 1270 1451 1333 αὐτοῖς
1486 1272 1712 1340 χωρεῖνο
1748 1273 1808 1324 οὐ

209 1355 306 1408 διὰ
342 1356 511 1424 φὸὀον
542 1357 791 1422 θανάτου,
817 1358 928 1411 ἀλλ’
951 1360 1089 1430 ὑπὲρ
1113 1360 1204 1413 τοῦ
1233 1362 1515 1433 χρησίμως
1543 1364 1703 1416 αὑτὸν
1732 1363 1809 1433 τῷ

215 1446 323 1518 βίῳ
386 1449 759 1521 ἐπιδημοῦντα
812 1451 1032 1522 ἑτέρους
1088 1451 1359 1519 ὠφελεῖν,
1438 1452 1544 1517 ἕως
1612 1457 1805 1527 ἐπιστῇ

207 1542 241 1594 ὁ
309 1543 621 1613 ἐπιτήδειος
685 1544 872 1614 καιρὸς
928 1543 1021 1597 τοῦ
1082 1546 1169 1598 τὸν
1227 1546 1550 1617 ἀνειληφότα
1602 1550 1809 1620 ἀνθρώ-

209 1650 322 1686 που
361 1634 476 1703 (85)
508 1634 667 1703 φύσιν
692 1634 981 1705 ἀνθρώπου
1019 1635 1246 1689 θάνατον
1272 1638 1582 1703 ἀποθανεῖν,
1617 1640 1807 1709 ἔχοντά

206 1741 265 1777 τι
329 1726 606 1795 χρήσιμον
674 1729 785 1789 τοῖς
848 1726 1170 1798 ἀνθρώποις.
1239 1731 1415 1801 Ὅπερ
1481 1732 1636 1803 δῆλόν
1690 1737 1804 1786 ἐστι

205 1816 289 1887 τῷ
319 1818 581 1887 νοήσαντι
619 1818 710 1870 τὸν
754 1819 958 1889 Ἰησοῦν
992 1820 1127 1891 ὑπὲρ
1152 1822 1452 1893 ἀνθρώπων
1478 1825 1767 1879 ἀποθανεῖν
1786 1845 1799 1857 ·

208 1910 343 1978 mp!
372 1901 439 1961 οὗ
473 1910 614 1963 κατὰ
640 1909 865 1979 δύναμιν
898 1911 953 1962 ἐν
986 1915 1097 1974 τοῖς
1122 1912 1225 1981 πρὸ
1254 1912 1457 1967 τούτων
1483 1914 1727 1986 εἴπομεν.

281 2000 447 2054 Μετά
476 2000 647 2054 ταῦτα
676 2002 721 2054 δ’
751 2002 869 2054 ἐπεὶ
902 2001 1034 2073 μηδὲ
1065 2002 1157 2054 τὸν
1183 2003 1411 2075 ἀριθμὸν
1440 2006 1547 2060 τῶν
1573 2009 1798 2062 ἀποστό-

204 2091 319 2146 λων
374 2094 740 2164 ἐπιστάμενος
790 2114 807 2145 ι
845 2094 975 2147 δέκα
1026 2115 1043 2146 ι
1094 2090 1245 2147 εἶπεν
1300 2116 1318 2147 ι
1359 2097 1391 2167 ἢ
1428 2098 1617 2153 ἕνδεκά
1647 2118 1799 2164 τινας

204 2185 661 2255 ὲξαρτησάμενον
689 2186 777 2239 τὸν
800 2187 1004 2257 Ἰησοῦν
1033 2189 1210 2259 ἑαυτῷ
1233 2191 1562 2261 ὲπιρῤήτους
1590 2191 1799 2264 ἀνθρώ-

204 2291 370 2338 πους,
410 2275 649 2339 τελώνας
680 2278 773 2330 καὶ
809 2278 1007 2342 ναύτας
1044 2282 1171 2344 τοὺς
1197 2282 1616 2352 πονηροτάτους,
1662 2285 1798 2353 μετά

202 2366 419 2419 τούτων
458 2369 587 2439 τῇδε
628 2371 851 2423 κάκεῖσε
890 2371 1051 2424 αὐτὸν
1078 2371 1521 2443 ἀποδεδρακέναι,
1560 2375 1797 2446 αἰσχρῶς

202 2460 300 2511 καὶ
348 2460 628 2531 γλίσχρως
660 2462 862 2534 τροφὰς
901 2464 1235 2532 συνάγονται
1280 2483 1300 2517 ι
1340 2464 1473 2536 φέρε
1517 2467 1610 2518 καὶ
1670 2468 1795 2538 περὶ

199 2547 452 2612 τούτων,
502 2551 643 2605 κατὰ
686 2552 747 2604 τὸ
778 2552 1029 2618 δυνατὸν,
1057 2554 1419 2625 διαλάϐωμεν.
1465 2556 1702 2626 Φανερὸν
1738 2557 1794 2609 δέ

199 2640 323 2693 ἐστι
354 2644 470 2705 τοῖς
506 2643 924 2714 ἐντυγχάνουσιν
954 2646 1327 2714 εὐαγγελικοῖς
1349 2646 1546 2714 λόγοις,
1567 2646 1660 2709 οὓς
1685 2647 1792 2699 οὐδ’

201 2734 577 2801 ἀνεγνωκέναι
604 2738 633 2789 ὁ
663 2736 868 2801 Κέλσος
900 2737 1169 2805 φαίνεται,
1199 2738 1280 2791 ὅτι
1329 2738 1535 2792 δώδεκα
1572 2739 1796 2792 ἀποστό-

197 2826 331 2891 λους
363 2831 395 2882 δ
422 2830 631 2900 Ἰησοῦς
654 2830 963 2898 ἐπελέξατο,
992 2831 1230 2903 τελώνην
1259 2833 1357 2903 μὲν
1386 2833 1476 2885 τὸν
1494 2832 1788 2887 Ματθαῖον·

197 2916 295 2980 οὓς
344 2918 393 2971 δ’
427 2914 548 2972 εἷπε
583 2921 995 2991 συγκεχυμένως
1027 2921 1260 2987 ναύτας,
1294 2924 1434 2991 τάχα
1464 2922 1554 2975 τὸν
1606 2921 1787 2977 Ἰάκω-

196 3008 293 3063 ϐον
334 3009 449 3080 (86)
475 3012 566 3064 καὶ
592 3012 682 3063 τὸν
728 3012 975 3083 Ἰωάννην
1001 3014 1185 3085 φησὶν,
1220 3014 1363 3075 ἐπεὶ,
1404 3014 1790 3078 καταλιπόντες

194 3102 258 3153 τὸ
285 3100 477 3155 πλοῖον
515 3103 609 3157 καὶ
640 3104 729 3156 τὸν
758 3106 966 3177 πατέρα
999 3104 1179 3159 αὐτῶν
1209 3105 1488 3159 Ζεὸεδαῖον
1508 3145 1523 3169 ,
1559 3105 1787 3175 ἠκολού-

1433 423 1710 478 (ΞΟΝὙΒᾹ
1745 426 2024 483 CELSUM
2063 430 2186 485 LIB.
2236 432 2270 486 Ι.

217 528 361 599 ἐμοὶ
383 527 706 598 ἠγωνίζοντο
735 530 819 595 ἃν,
846 532 930 585 ῖνα
961 533 1035 604 μὴ
1060 533 1347 605 παραδοθῶ
1374 540 1484 600 τοῖς
1522 539 1779 601 Ἰουδαίοις

1885 582 1892 600 ι
1924 557 2027 596 non
2084 547 2322 600 traderer
2360 546 2561 603 Judmis

3395 449 3493 504 774

2603 570 2614 613 ;
2663 569 2803 610 nunc
2845 565 3023 611 autem
3060 575 3281 631 regnum
3314 582 3490 623 memu

1921 646 2025 685 non
2078 644 2160 688 est
2210 650 2271 689 ex
2327 638 2427 692 hoc
2469 644 2757 697 mundo“.
2799 666 2815 697 ι
2868 647 2990 701 llaec
3021 652 3065 703 si
3112 652 3301 709 Celsus
3334 656 3495 712 intel-

1918 724 2162 789 lexisset,
2194 743 2299 781 non
2331 729 2556 786 dixisset
2584 753 2595 786 :
2631 754 2649 785 ι
2685 735 2777 789 Sin
2812 738 2966 807 ideo,
3018 758 3083 797 ne
3118 754 3170 795 tu
3201 745 3321 801 loco
3349 748 3497 804 illius

1917 828 2078 881 regna
2092 833 2173 871 res
2199 830 2483 889 postquam
2516 826 2580 878 ad
2612 829 2849 882 adultam
2876 842 3093 887 :etatem
3119 840 3494 905 pervenisses;

1915 919 2035 967 cur,
2062 919 2345 978 postquam
2379 917 2701 981 pervenisti,
2738 936 2843 974 non
2892 938 3085 992 regnas
3107 965 3121 988 ,
3154 929 3247 981 sed
3278 928 3368 984 ille
3401 931 3493 986 Dei

1913 994 2077 1067 376
2108 997 2275 1053 Filius
2307 1004 2663 1058 mendicamlo
2695 1011 2907 1077 vagaris
2935 1028 3044 1080 pra:
3082 1026 3223 1069 metu
3257 1019 3488 1089 supplex

1913 1098 1968 1141 et
1996 1092 2231 1145 miseriis
2264 1099 2604 1162 oppressus?
2642 1119 2659 1151 ι
2701 1100 2770 1153 At
2804 1102 3060 1171 ignavum
3108 1124 3212 1161 non
3245 1120 3327 1165 est
3360 1128 3490 1181 pru-

1914 1179 2107 1235 denter
2133 1184 2406 1238 declinare
2458 1189 2732 1255 pericula,
2774 1208 2879 1247 non
2932 1200 3121 1254 mortis
3172 1179 3489 1267 metttpsed

1911 1270 2031 1325 aliis
2064 1273 2114 1325 in
2152 1274 2257 1327 vita
2296 1279 2552 1342 prodesse
2581 1282 2849 1337 desiderio
2879 1302 2893 1345 ;
2925 1288 3098 1343 donec
3142 1291 3225 1357 ei,
3266 1296 3357 1361 qui
3393 1310 3490 1347 na-

1914 1372 2088 1417 turam
2141 1366 2433 1419 humanam
2469 1369 2664 1436 induit,
2694 1386 2995 1444 Opportuna
3046 1396 3105 1435 se
3147 1382 3240 1437 det
3269 1388 3488 1439 occasio

1911 1455 2200 1511 humanam
2256 1471 2485 1515 mortem
2543 1469 2834 1534 oppetendi
2888 1486 3005 1538 quae
3051 1474 3326 1541 quidpiam
3382 1481 3487 1531 titi—

1910 1548 2076 1603 litatis
2154 1551 2463 1608 homiuibus
2547 1556 2756 1611 aderat.
2841 1562 2993 1626 Quod
3074 1566 3289 1632 quidem
3370 1586 3487 1622 u.a-

1909 1642 2170 1698 nifestum
2232 1657 2314 1700 est
2372 1648 2691 1721 intelligeuti
2756 1650 2941 1707 Jesnm
2990 1656 3265 1711 hominum
3314 1676 3483 1714 causa

1906 1743 2136 1867 Siortem
2180 1736 2411 1793 subiisse
2457 1758 2469 1793 :
2503 1741 2569 1796 de
2614 1758 2716 1812 qua
2757 1759 2813 1799 re
2851 1760 2949 1814 pro
2990 1748 3195 1803 viribus
3226 1756 3484 1819 superius

1945 1830 2163 1867 mmus.

1945 1830 2163 1872 nimus.

1833 1882 1877 1942 Β

1974 1997 2063 2051 62.
2096 1996 2342 2054 Postlime
2369 2002 2626 2069 quoniam
2657 2020 2720 2057 ue
2746 2021 3029 2060 numerum
3062 2009 3278 2077 quidem
3301 2013 3481 2070 sciens

1903 2090 2271 2157 apostolorum
2297 2092 2392 2157 ait,
2419 2114 2435 2143 ι
2458 2091 2644 2149 Jesnin
2674 2097 2857 2150 ascitis
2886 2099 3067 2152 decem
3102 2110 3195 2155 aut
3222 2104 3475 2161 undecim

1902 2180 2216 2237 hominibus
2252 2183 2471 2237 famosis
2496 2225 2512 2249 ,
2550 2186 2855 2253 publicanis
2891 2194 3175 2260 nautisque
3212 2197 3477 2264 nequissi~

1899 2274 2024 2338 mis,
2060 2273 2165 2329 huc
2207 2276 2333 2331 illuc
2365 2292 2488 2331 cum
2521 2277 2628 2333 illis
2680 2279 2941 2348 fugitasse
2987 2286 3219 2353 turpiter
3251 2299 3308 2342 ct
3333 2304 3478 2358 aegre

1898 2365 2052 2419 cibos
2080 2366 2444 2435 colligentem,
2484 2388 2503 2421 ι
2538 2385 2637 2439 age
2673 2379 2727 2423 et
2758 2370 2825 2424 de
2861 2374 2944 2427 his
2980 2389 3079 2441 pro
3117 2378 3255 2431 virili
3300 2380 3477 2436 disse-

1897 2474 2105 2514 ramus.
2132 2460 2235 2527 Qui
2271 2461 2565 2532 Evangelia
2592 2478 2980 2534 versaverunt,
3010 2484 3131 2537 qua:
3169 2470 3359 2526 Celsus
3395 2476 3477 2528 vi-

1896 2550 2053 2604 detur
2099 2567 2165 2606 ne
2216 2552 2414 2622 legisse
2446 2556 2688 2623 quidem,
2738 2556 2773 2609 ii
2809 2568 3012 2613 norunt
3046 2561 3331 2618 duodecim
3360 2566 3472 2621 ele-

1893 2652 2012 2695 ctos
2045 2656 2075 2695 a
2115 2640 2241 2695 Jesu
2269 2644 2437 2698 fuisse
2464 2645 2739 2711 apostolos
2758 2644 2805 2677 “
2829 2663 2842 2709 ;
2880 2648 3225 2714 publicanum
3251 2655 3469 2723 quidem

1895 2733 2063 2788 fuisse
2094 2733 2405 2788 Matthazum
2442 2736 2695 2790 nomine:
2733 2752 2873 2806 quos
2918 2754 3048 2797 vero
3100 2754 3296 2801 nautas
3343 2763 3471 2817 pro-

1894 2827 2101 2881 miscue
2134 2839 2333 2891 vocat,
2363 2828 2620 2898 intelligit
2659 2829 2888 2885 fortasse
2931 2832 3193 2890 Jacohum
3224 2848 3277 2892 et
3304 2838 3470 2896 Joan-

1892 2934 2038 2982 nem,
2069 2919 2195 2987 quia
2229 2919 2438 2975 relictis
2468 2935 2605 2973 nave
2633 2930 2688 2974 et
2714 2932 2867 2991 patre
2890 2939 2988 2979 suo
3015 2925 3272 2985 Zebedaao
3294 2934 3469 2989 secuti

1892 3020 2019 3065 sunt
2052 3010 2237 3065 Jesum
2264 3010 2329 3065 “.
2358 3010 2491 3065 Nam
2530 3013 2725 3069 Petrus
2756 3014 2982 3085 ejusque
3006 3018 3174 3073 frater
3196 3022 3465 3089 Andreas,

1890 3101 1982 3170 qui
2010 3102 2217 3155 retibus
2238 3106 2605 3183 necessarium
2626 3104 2726 3159 sibi
2750 3107 2953 3161 victum
2984 3112 3323 3178 qumrebant,
3355 3132 3462 3171 non

195 3193 381 3263 θησαν
408 3195 487 3265 τῷ
526 3196 727 3267 Ἰησοῦο
762 3198 852 3251 τὸν
900 3198 1007 3269 γάρ
1039 3198 1247 3269 Πέτρον
1292 3200 1385 3251 καὶ
1424 3198 1515 3250 τὸν
1560 3197 1779 3268 ἀδελφὸν

1892 3193 2033 3246 inter
2060 3202 2276 3256 nautas,
2307 3195 2425 3258 sed,
2465 3205 2519 3247 ιιι
2544 3196 2807 3263 scriptum
2851 3207 2957 3260 est,
2988 3200 3134 3255 inter
3163 3202 3464 3271 piscatores

194 3286 371 3339 αὑτοῦ
430 3288 717 3360 Ἀνδρέαν,
769 3289 1165 3361 ἀμφιϐλήστρῳ
1216 3290 1527 3360 χρωμένους
1568 3288 1654 3342 διὰ
1684 3289 1783 3354 τὰς

194 3378 511 3447 ἀναγκαίας
540 3381 764 3451 τροφὰς,
795 3383 893 3435 οὐκ
927 3384 984 3435 ἐν
1011 3384 1253 3445 ναύταις,
1283 3380 1395 3434 ἀλλ’
1432 3381 1527 3449 (ὡς
1551 3381 1783 3452 ἀνέγρα-

193 3468 297 3535 ψεν
332 3472 369 3541 ἡ
398 3472 630 3543 Γραφῇ)
666 3475 724 3525 ὲν
746 3473 984 3527 ἁλιεῦσιν
1008 3474 1357 3545 ἀριθμητέον.
1392 3474 1571 3525 Ἔστω
1603 3472 1658 3525 δὲ
1687 3472 1782 3526 καὶ

192 3563 222 3613 ὁ
254 3562 441 3632 Λεὸὴς
466 3562 704 3635 τελώνης
740 3565 1108 3637 ἀκολουθήσας
1150 3564 1226 3634 τῷ
1267 3564 1439 3635 Ἰησοῦ
1460 3581 1471 3593 ·
1516 3563 1629 3617 ἀλλ’
1664 3564 1779 3618 οὔτι

192 3670 258 3721 γε
288 3654 387 3708 τοῦ
415 3654 647 3725 ἀριθμοῦ
682 3656 788 3710 τῶν
817 3658 1126 3711 ἀποστόλων
1158 3658 1319 3711 αὑτοῦ
1350 3654 1439 3729 ἦν,
1461 3658 1606 3730 εἰμὴ
1638 3660 1779 3714 κατά

190 3764 318 3801 τινα
353 3748 463 3801 τῶν
508 3749 855 3822 ἀντιγράφων
890 3751 998 3822 (87)
1045 3751 1139 3804 τοῦ
1166 3751 1307 3805 κατά
1345 3752 1570 3821 Μάρκον
1598 3752 1777 3820 Εὐαγ-

192 3838 405 3905 γελίου.
437 3838 559 3893 Τῶν
587 3840 644 3893 δὲ
668 3840 869 3895 λοιπῶν
896 3843 955 3894 οὐ
984 3842 1380 3914 μεμαθήκαμεν
1402 3842 1469 3895 τὰ
1495 3842 1631 3912 ἔργα
1654 3843 1775 3896 ὅθεν

190 3931 303 4002 πρὸ
348 3932 449 4003 τῆς
496 3933 790 4003 μαθητείας
827 3933 919 3989 τοῦ
976 3934 1148 4005 Ἰησοῦ
1183 3935 1527 4007 περιεποίουν
1566 3936 1775 3998 ἑαυτοῖς

186 4024 292 4086 τὰς
316 4026 544 4095 τροφάς.
574 4026 721 4097 Φημὶ
744 4022 835 4081 οῦν
866 4027 960 4080 καὶ
992 4028 1129 4097 πρὸς
1156 4027 1350 4093 ταῦτα,
1371 4030 1451 4081 ὅτι
1476 4030 1587 4092 τοῖς
1616 4028 1773 4082 δυνα-

261 4119 321 4188 ts
360 4115 519 4171 ιοεη,
555 4134 710 4184 “In,
748 4118 835 4173 36.
910 4119 955 4151 ⁸³
986 4119 1173 4174 Matth.
1204 4135 1260 4182 ι,
1288 4122 1306 4172 l
1336 4135 1351 4180 ;
1386 4118 1551 4174 Marc.
1586 4135 1671 4186 ιιι,
1699 4123 1767 4175 14

1885 4138 1960 4175 ne.
1995 4136 2069 4188 v1,
2102 4120 2190 4176 15.
2266 4118 2313 4151 ’⁵⁸
2342 4118 2535 4175 Matth.
2569 4136 2623 4185 ι,
2650 4120 2711 4187 5;
2739 4120 2907 4177 Mare.
2945 4139 2984 4187 ι,
3016 4123 3105 4177 20.

189 4203 269 4251 tv,
307 4187 408 4251 £8;
438 4188 605 4242 Marc.
634 4205 700 4253 ιι,
730 4190 818 4244 14.
896 4190 941 4221 ⁸⁸
965 4190 1132 4245 Marc.
1174 4205 1254 4256 ιιι,
1286 4190 1370 4245 18.

262 4278 382 4348 (85)
402 4281 817 4350 Βασιλεύσῃς.
853 4281 988 4335 Tres
1015 4281 1314 4350 Anglicani,
1346 4282 1546 4350 Regius
1572 4291 1627 4337 et
1659 4283 1765 4338 Ba-

185 4347 467 4423 sileeusis,
500 4347 808 4423 βασιλεύῃ-τ.

263 4418 380 4490 (84)
430 4420 697 4489 Ἁγείρεις
729 4418 1073 4481 ’κυπτάζωια
1118 4420 1193 4473 Ita
1249 4421 1405 4478 codd.
1466 4420 1668 4490 Regius
1708 4433 1763 4478 et

183 4485 544 4554 Basileensi's,
570 4485 633 4545 et
666 4485 737 4545 ita
773 4491 1115 4545 llmsehelius
1137 4491 1189 4544 in
1229 4501 1415 4557 textu;
1450 4485 1761 4560 Speiicerus

184 4560 595 4632 νει-ο-ἀγείρεις
622 4562 968 4632 κρυπτάζων.

257 4629 377 4698 (85)
434 4629 781 4697 Ἀνθρώπου.
836 4632 909 4683 Ita
950 4629 1104 4683 codd.
1144 4629 1277 4699 Reg.

182 4698 336 4771 Libri
355 4712 557 4771 autem
590 4702 743 4765 editi,
772 4700 1137 4771 ἀνθρωπίνην.

256 4768 373 4839 (86)
412 4769 595 4841 ΔΤάχα
626 4770 731 4824 τὸν
770 4768 1054 4841 Ἰάκωϐον,
1073 4768 1188 4824 etc.
1236 4771 1312 4824 E0
1351 4770 1452 4825 loci
1491 4772 1661 4841 magis
1691 4786 1757 4826 ex

185 4850 370 4893 mente
399 4839 539 4895 Celsi
575 4856 883 4910 sermonem
920 4840 1155 4893 instituit
1190 4840 1451 4907 Origenes
1486 4839 1645 4907 quain
1690 4857 1757 4896 ex

182 4924 305 4963 sua.
339 4910 552 4965 Etenim
590 4910 749 4978 paqu
777 4922 899 4978 post
939 4925 1061 4964 cum
1116 4910 1238 4964 aliis
1278 4909 1533 4965 Ecclesia:
1567 4912 1759 4966 docto-

182 4981 341 5051 ribus
384 4995 576 5035 omnes
612 4981 881 5051 apostolos
928 4980 1123 5051 dividit
1159 4983 1210 5034 in
1251 4982 1549 5051 piscatores
1579 4992 1630 5034 et
1662 4998 1758 5049 pu-

179 5049 449 5104 blicanos.
479 5051 643 5105 Certe
667 5051 805 5104 tilios
834 5050 1078 5104 Zehedaei
1104 5049 1365 5105 Jacobum
1387 5061 1441 5106 et
1467 5050 1753 5116 Joannem,

179 5121 413 5186 perinde
443 5130 607 5190 atque
640 5120 852 5175 Petrum
883 5128 939 5175 et
964 5122 1235 5175 Andream
1272 5122 1622 5190 piscatoriam
1666 5137 1753 5174 ar-

179 5200 291 5260 tem
338 5192 673 5254 exercuisse,
719 5200 867 5258 patet
905 5205 972 5244 ex
997 5190 1210 5260 AMatth.
1245 5208 1365 5260 cap.
1404 5206 1479 5258 vi,
1514 5190 1675 5245 Marci
1712 5207 1751 5258 ι,

174 5269 231 5313 et
265 5257 423 5314 Luca:
452 5274 503 5322 ν,
533 5270 587 5314 et
613 5276 679 5315 ex
718 5257 965 5326 plurimis
988 5258 1209 5314 Patrum
1243 5257 1591 5315 testimoniis.

249 5329 362 5399 (87)
416 5330 578 5385 Κατὰ
636 5348 767 5384 τινα
822 5329 942 5382 τῶν
1001 5330 1393 5399 ἀντιγράφων.
1448 5329 1503 5383 lu
1556 5331 1753 5399 quibus

176 5398 348 5452 Marc.
385 5415 485 5462 ιιι,
532 5402 596 5453 18
619 5442 633 5467 ,
671 5417 765 5469 pro
788 5400 1042 5453 Θαδδαῖον
1096 5398 1323 5471 legitur,
1361 5398 1623 5454 Λεϐϐαῖον
1658 5412 1751 5455 aut

175 5471 362 5542 potius
409 5471 618 5542 Λεδήν,
680 5472 1130 5542 quemadmodum
1180 5473 1233 5523 in
1278 5472 1512 5527 editione
1561 5471 1748 5542 Graeca

174 5539 755 5610 Theodoreti,quzeSI.
794 5541 859 5594 16
890 5542 940 5610 iu
974 5539 1267 5607 Numeros,
1309 5544 1568 5603 habetur,
1613 5540 1750 5593 Θαδ-

170 5609 317 5673 δαῖος
342 5612 373 5662 6
394 5610 489 5664 καὶ
510 5609 658 5674 Δεόί,
686 5611 775 5666 ubi
811 5612 863 5665 in
890 5609 1293 5664 Caeco-Latina
1320 5611 1574 5673 Θαδδαῖος
1605 5612 1632 5663 ὁ
1656 5610 1747 5663 καὶ

169 5680 461 5745 Λεϐὕαῖος.
494 5682 665 5736 (Ξτωαί
709 5682 1039 5750 posteriores
1072 5681 1296 5735 Λευαῖον
1329 5683 1536 5735 dicunt.
1574 5680 1630 5732 Si
1667 5682 1747 5731 di-

173 5766 265 5805 cas
295 5750 488 5805 Matth.
516 5768 579 5820 χ,
618 5751 680 5816 5,
717 5753 976 5820 scriptum
1007 5751 1169 5804 etiam
1202 5767 1321 5805 esse
1363 5752 1454 5803 καὶ
1484 5750 1745 5813 Λεϐϐαῖος

169 5824 198 5874 ὁ
226 5821 543 5892 ἐπικληθεὶς
587 5821 862 5884 Θαδδαῖος,
918 5830 1099 5874 mouet
1144 5821 1342 5892 Millius
1390 5824 1504 5875 haec.
1556 5824 1741 5883 verba,

158 5891 814 5963 Λεϐϐαῖοςοὲπικληθείς,
834 5895 1022 5948 deesse
1059 5892 1108 5945 in
1135 5891 1283 5960 Vulg.
1309 5892 1461 5960 Capt.
1494 5892 1741 5954 Iliorum,

1324 4639 1379 4685 et
1409 4630 1757 4687 Basileensis.
1792 4606 1837 4661 Ῑ)

1889 3286 2210 3339 numerandi
2237 3295 2362 3339 sunt
2384 3287 2448 3341 ⁸⁸.
2479 3287 2557 3341 Sit
2588 3297 2640 3342 et
2662 3288 2788 3343 Levi
2816 3291 3136 3359 publicanus
3159 3295 3251 3364 qui
3275 3295 3461 3353 Jesum

1890 3384 2109 3431 secutus
2155 3380 2227 3430 sit
2272 3396 2286 3442 ;
2340 3388 2398 3433 at
2447 3396 2553 3433 non
2603 3382 2704 3434 fuit
2743 3380 2831 3435 ille
2865 3397 2929 3437 ex
2962 3386 3326 3454 apostolorum
3361 3408 3463 3445 uu-

1887 3482 2061 3531 mero,
2091 3468 2191 3523 nisi
2216 3468 2369 3538 juxta
2397 3472 2641 3540 quaedam
2675 3472 2949 3543 Evangelii
2988 3477 3283 3532 secundum
3314 3479 3465 3534 Mar-

1887 3573 2009 3613 cum
2032 3559 2362 3628 exemplaria
2383 3561 2447 3614 “.
2479 3562 2593 3629 Qua
2620 3577 2746 3617 vero
2770 3573 2885 3619 arte
2915 3568 3121 3631 caeteri,
3146 3570 3460 3641 priusquam

1887 3652 2139 3722 discipuli
2187 3651 2313 3708 Jesu
2366 3656 2576 3720 tierent,
2614 3658 2820 3710 victum
2862 3658 2965 3712 sibi
2998 3666 3458 3733 comparaverint,

1887 3744 2043 3799 nobis
2092 3746 2487 3815 incompertum
2534 3756 2635 3800 est.
2670 3748 2811 3819 Ergo
2861 3750 2925 3802 ad
2972 3751 3087 3805 hazc
3129 3757 3454 3822 respondeo,

1883 3835 1973 3902 qui
2009 3836 2303 3905 prudenter
2335 3846 2389 3891 et
2418 3838 2649 3891 candide
2688 3854 2774 3892 res
2802 3840 2870 3894 ab
2916 3843 3174 3908 apostolis
3209 3842 3335 3898 Jesu
3363 3862 3457 3916 ge-

1882 3940 1999 3984 SIas
2043 3938 2272 3999 possunt
2315 3932 2669 3997 examinare,
2708 3932 2776 3986 iis
2806 3934 3155 4004 manifestum
3200 3938 3318 3993 ﬁeri
3355 3940 3456 3996 hos

1881 4024 2063 4079 divina
2102 4025 2303 4079 virtute
2342 4027 2626 4080 roboratos
2658 4026 2823 4081 fuisse
2866 4040 3119 4097 oportere
3164 4044 3223 4085 ut
3252 4035 3451 4088 edoce-

3184 4126 3232 4158 “
3251 4126 3444 4185 Matth.

1874 4292 1929 4333 et
1960 4282 2011 4333 iu
2045 4278 2425 4340 Prolegomen.
2456 4276 2561 4330 586
2583 4316 2597 4341 ,
2628 4280 2904 4333 contendit
2945 4299 2964 4330 ι
3008 4281 3269 4337 insertum
3309 4285 3447 4339 Λεϐ-

1874 4352 2023 4423 ϐαῖος
2087 4352 2133 4423 *ὁ
2212 4344 2578 4423 ἐπικληθείς,
2634 4349 2786 4423 haud
2870 4350 3014 4423 aliud
3088 4368 3207 4407 esse
3283 4370 3444 4423 quam

1872 4420 2100 4474 studiosi
2160 4418 2439 4487 cujusdam
2495 4416 2775 4482 scholion,
2823 4421 2913 4488 qui
2970 4436 3001 4474 e
3056 4416 3440 4488 regione-toﬁ,

1870 4489 2180 4551 Ματθαῖος,
2228 4488 2514 4560 adnotarat
2562 4489 2612 4539 in
2658 4490 2908 4560 margine
2946 4490 3259 4560 ἐπικληθεὶς
3302 4495 3440 4547 Λεϐ-

1870 4560 2040 4622 ϐαῖος,
2066 4557 2559 4631 quosigniticatum
2584 4557 2817 4631 volebat,
2834 4557 3151 4631 ⁸Μιιιιιιίιξιιιέι
3178 4562 3320 4615 hunc
3343 4580 3441 4631 pu-

1866 4631 2137 4684 blicanum
2165 4628 2313 4679 illum
2352 4626 2525 4695 ipsum
2560 4641 2682 4681 esse
2712 4629 2802 4695 qui
2830 4627 3012 4684 Marco
3037 4638 3089 4685 et
3116 4629 3277 4685 Luca:
3304 4626 3440 4689 Λέυἲ

1863 4716 1957 4753 seu
2013 4696 2275 4760 Λεϐϐαῖος
2318 4697 2534 4750 dicitur.
2575 4697 2628 4767 lu
2667 4700 2769 4752 hoc
2800 4699 3044 4753 incidens
3077 4700 3277 4767 scriba,
3312 4718 3433 4757 cum

1862 4779 2070 4837 partem
2108 4778 2287 4823 textus
2312 4782 2433 4821 csse
2466 4766 2733 4833 crederet,
2781 4783 2955 4837 neque
2995 4784 3123 4825 vero
3158 4770 3326 4827 sciret
3367 4775 3436 4830 ad

1860 4854 2025 4907 quam
2062 4839 2288 4907 prmeise
2316 4846 2521 4906 partem
2552 4849 2843 4904 spectaret,
2876 4854 3035 4893 voces
3060 4841 3223 4895 hasce
3252 4853 3434 4897 trans-

1861 4910 2066 4976 positas
2090 4908 2392 4975 conjeeitin
2425 4922 2624 4974 corpus
2653 4908 2773 4961 libri
2805 4910 2923 4963 loco
2951 4925 3053 4964 non
3078 4926 3199 4966 suo.
3242 4930 3259 4963 ι
3295 4912 3433 4970 Hinc

1858 4978 2119 5050 Origenes
2170 4978 2366 5033 asserit
2410 4977 2700 5050 null:bi__in
2733 4982 2980 5047 catalogo
3031 4984 3429 5049 apostolorum,

1860 5046 2213 5121 nisi'i'ortein
2240 5050 2562 5121 quibusdam
2588 5046 2859 5121 Marci_t_tt.
2890 5046 2980 5115 18,
3003 5046 3428 5121 exemplaribus,

1858 5122 2082 5188 reperiri
2123 5118 2309 5173 Leviin
2343 5119 2722 5188 publicanum,
2760 5118 2927 5175 Mare.
2971 5137 3045 5185 ιι,
3083 5118 3177 5184 14,
3199 5131 3253 5176 et
3297 5118 3427 5179 Luc.

1859 5187 2021 5254 v,27,
2044 5200 2423 5251 memoratum,
2447 5203 2604 5257 quem
2638 5204 2665 5241 a
2701 5187 2952 5244 Matthwo
2983 5192 3208 5259 proinde
3237 5194 3430 5246 distin-

1854 5261 2074 5328 guebat,
2100 5261 2225 5313 licet
2251 5260 2500 5314 eumdem
2533 5274 2758 5326 prorsus
2790 5260 3063 5314 hominem
3096 5277 3216 5316 esse
3244 5264 3429 5318 videa-

1858 5339 1943 5382 tur
1968 5331 2174 5385 sentire
2204 5330 2254 5382 in
2282 5328 2599 5399 praefatione
2624 5329 3028 5397 explanationis
3051 5331 3103 5384 in
3130 5332 3423 5399 Epistulam

1858 5346 1943 5382 tur
1968 5346 2174 5385 sentire
2204 5346 2254 5382 in
2322 5346 2599 5382 rzeiauone
2624 5346 3028 5397 explanationis
3051 5346 3103 5384 tu
3130 5346 3423 5399 Lpistotam

1854 5402 1921 5452 ad
1945 5401 2241 5471 Romanos.
2269 5346 2435 5453 l‘jevin
2455 5414 2497 5471 ⁸ιι
2529 5397 2781 5471 illattha’o
2808 5400 3093 5471 distinguit
3123 5404 3286 5455 etiam
3321 5403 3427 5457 lle-

1855 5470 2070 5523 racleon
2125 5470 2411 5524 haereticus
2455 5467 2859 5524 Valentinianus
2903 5467 3042 5538 apud
3088 5471 3423 5527 Clementem

1851 5538 2273 5593 Alexandrinum
2309 5555 2360 5592 tv
2391 5538 2651 5593 Stromat.
2671 5578 2686 5602 ,
2724 5554 2847 5609 pag.
2901 5541 3005 5595 502
3028 5582 3044 5607 ,
3073 5551 3129 5595 et
3166 5542 3307 5596 inter
3337 5558 3423 5596 re-

1850 5611 2119 5682 centiores
2171 5608 2321 5678 llugo
2375 5610 2619 5682 Grotius,
2650 5611 2743 5682 cui
2782 5608 2905 5682 vide
2951 5625 3074 5679 qua:
3129 5614 3422 5682 respondet

1848 5678 2151 5734 Cotelerius
2216 5681 2279 5751 in
2351 5680 2494 5751 notis
2559 5681 2625 5751 ad
2703 5678 3079 5738 Constitution.
3141 5678 3415 5751 apostolic.

1849 5765 1965 5810 vni,
2008 5750 2511 5873 2,6et4Dodwellus
2559 5750 2940 5807 dissertatione
2992 5754 3164 5821 prima
3206 5754 3259 5807 in
3302 5751 3418 5806 Ire-

1850 5836 2042 5873 llLBUill.
2132 5839 2162 5873 Ο
2208 5859 2222 5873 .

1850 5836 2042 5887 meum,
2075 5821 2099 5891 ς
2131 5821 2222 5875 54.
