4002 6540
543 454 646 510 775

1997 425 2321 487 ORIGENIS

3706 413 3824 467 ’76

546 577 665 623 rent
692 563 1056 636 Christianam
1091 558 1407 626 religionem
1432 563 1487 610 et
1532 552 1784 609 homines
1822 548 1989 604 verbo
2022 546 2112 601 Dei

2230 542 2401 613 μένοις
2436 538 2715 612 φρονίμως
2754 536 2845 588 καὶ
2872 534 3229 605 εὐγνωμόνως
3272 534 3543 600 ἐξετάζειν
3572 532 3641 585 τά
3676 526 3830 601 περὶ

544 658 889 727 subiicerent.
911 653 1028 709 Non
1051 652 1195 707 enim
1214 652 1294 706 eis
1311 648 1610 705 secundum
1632 656 1776 698 artes
1805 641 2115 698 Graecorum

543 751 855 807 dialecticas
874 754 968 801 aut
984 743 1286 800 rhetoricas
1303 740 1517 796 dicendi
1537 736 1770 792 facultas
1784 744 1837 789 et
1855 733 2119 788 disseren-

543 845 597 898 di
631 842 769 896 ratio
788 842 965 895 iuerat
987 852 1092 908 qua
1112 836 1388 891 auditores
1412 833 1515 888 sibi
1535 829 1916 886 conciliarent.
1944 827 2119 895 Atque

540 933 791 1000 etiam,si
817 930 976 987 Iesus
1016 928 1269 997 elegisset
1305 935 1360 980 et
1393 923 1658 979 doctrinae
1686 935 1798 975 suae
1842 918 2143 993 ministros

541 1021 877 1078 adhibuisset
903 1033 1028 1085 eos,
1068 1017 1160 1087 qui
1207 1014 1503 1069 multorum
1549 1009 1811 1080 opinione
1843 1006 2118 1074 sapientes

539 1115 704 1187 377
747 1113 1037 1176 habentur,
1099 1116 1154 1163 et
1206 1115 1300 1161 aut
1345 1104 1617 1174 cogitandi
1677 1099 1979 1155 subtilitate
2026 1108 2119 1149 aut

541 1205 817 1261 sermonis
872 1202 1128 1257 facundia
1189 1195 1555 1253 multitudinis
1612 1193 1837 1262 plausus
1893 1196 2119 1259 captare

541 1305 774 1369 possunt
801 1314 815 1362 ;
844 1295 992 1364 justa
1022 1308 1144 1349 meo
1177 1293 1397 1362 quidem
1425 1287 1628 1358 judicio
1658 1283 1895 1352 suspicio
1924 1280 2120 1334 fuisset

543 1386 707 1443 simili
737 1402 860 1442 eum
898 1386 1112 1439 ratione
1140 1394 1305 1453 atque
1333 1380 1419 1434 via
1455 1393 1610 1433 usum
1642 1375 1833 1439 fuisse,
1868 1387 1972 1441 qua
2000 1370 2121 1439 phi-

543 1478 753 1548 losophi
786 1485 948 1532 sectae
977 1474 1279 1546 cuiuspiam
1312 1479 1565 1526 auctores
1614 1467 1697 1521 usi
1748 1473 1897 1526 sunt,
1948 1476 2119 1531 neque

540 1573 683 1642 quod
733 1570 1056 1642 promissum
1093 1577 1177 1623 est
1207 1568 1275 1621 de
1334 1563 1596 1619 doctrina:
1650 1559 1768 1630 ejus
1817 1556 2117 1620 divinitate,

538 1663 816 1716 videretur
865 1658 1242 1729 adimpletum.
1296 1653 1431 1709 Nam
1470 1665 1650 1708 sermo
1694 1658 1753 1705 et
1813 1646 2120 1716 praedicatio

540 1754 773 1809 fuissent
804 1754 857 1807 in
886 1750 1240 1822 persuasione
1263 1747 1412 1801 illius
1443 1743 1746 1813 sapientite,
1778 1754 1898 1808 quae
1926 1737 2120 1793 verbo-

540 1862 661 1902 rum
733 1845 1003 1901 lenocinia
1059 1850 1113 1898 et
1164 1850 1306 1910 apta:
1359 1835 1771 1907 compositionis
1832 1830 2119 1886 blanditias

540 1938 763 1993 all'ectat
796 1953 812 1990 :
857 1945 913 1990 et
940 1935 1071 1989 lides
1101 1934 1217 1987 bmc
1265 1940 1452 1985 nostra
1485 1926 1710 1996 perinde
1743 1941 1805 1980 ac
1835 1938 1921 1990 ea,
1956 1935 2116 2001 quam

539 2032 653 2088 suis
684 2028 956 2101 dogmatis
991 2026 1191 2080 habent
1214 2020 1376 2091 hujus
1401 2019 1585 2075 mundi
1625 2014 1953 2087 philosophi,
1982 2010 2120 2066 fuis-

539 2131 625 2177 set
660 2139 678 2173 ι
713 2122 765 2175 in
801 2117 1072 2185 sapientia
1105 2116 1385 2170 hominum
1426 2122 1480 2168 et
1506 2127 1612 2166 non
1643 2111 1840 2163 virtute
1866 2107 1966 2161 ‘Dei
1994 2105 2060 2159 ⁸⁷.
2097 2124 2115 2158 ι

541 2213 695 2267 Nunc
724 2220 903 2265 autem
932 2208 1122 2278 ecquis
1157 2216 1261 2274 est,
1322 2206 1436 2275 qui,
1471 2219 1597 2259 cum
1642 2202 1789 2255 videt
1819 2201 2121 2270 piscatores

541 2314 599 2359 et
627 2302 947 2373 publicanos
972 2300 1055 2355 vel
1083 2300 1386 2369 primorum
1417 2296 1810 2351 elementorum
1845 2291 2123 2361 imperitos

543 2396 623 2468 (id
658 2395 805 2449 enim
836 2393 902 2448 de
924 2392 1034 2447 illis
1063 2391 1349 2459 Scriptura
1381 2395 1635 2451 testatur,
1672 2395 1725 2440 et
1748 2384 1942 2440 Celsus
1989 2382 2121 2452 ipsis

543 2485 895 2542 inscientiam
927 2498 1081 2539 suam
1114 2495 1242 2537 vere
1266 2480 1704 2536 describentihus
1741 2475 1962 2546 credit),
1994 2490 2124 2530 con-

546 2578 779 2633 ﬁdenter
822 2577 890 2632 de
922 2576 1028 2631 (ide
1074 2573 1201 2629 Jesu
1249 2572 1588 2643 adiungenda
1628 2585 1731 2625 non
1776 2568 1934 2624 modo
1981 2566 2121 2638 apud

542 2668 761 2724 Iudaeos
787 2666 1087 2735 diSputare,
1131 2663 1223 2717 sed
1249 2662 1413 2717 etiam
1462 2660 1602 2729 apud
1654 2659 1895 2726 reliquas
1935 2664 2124 2727 gentes

546 2771 810 2830 prospere
861 2752 1044 2810 Jesum
1098 2752 1448 2815 annumiare,
1511 2765 1619 2804 non
1656 2746 1935 2819 quaesierit
1977 2746 2123 2800 unde

550 2850 659 2905 illis
686 2849 886 2904 inesset
906 2843 1278 2916 persuadendi
1315 2841 1590 2895 facultas?
1624 2852 1801 2907 neque
1828 2838 1972 2892 enim
2003 2843 2124 2889 erat

541 2939 805 3010 vulgaris.
861 2935 1065 3005 Ecquis
1119 2950 1225 2988 non
1277 2930 1478 2986 dixerit
1527 2930 1711 2987 Jesum
1755 2928 1807 2983 in
1865 2926 2126 2998 apostolis

544 3032 727 3087 divina
762 3030 999 3103 quadam
1036 3029 1241 3081 virtute
1280 3033 1597 3081 exsecutum
1646 3022 1813 3077 fuisse
1848 3020 1992 3091 quod
2044 3018 2125 3074 his

547 3121 989 3194 promiseratbis
1011 3121 1189 3174 verbis
1218 3134 1232 3171 :
1262 3136 1280 3169 ι
1305 3117 1504 3171 Venite
1530 3124 1650 3185 post
1678 3128 1783 3178 me,
1813 3113 2008 3167 faciam
2032 3125 2126 3166 vos

2218 634 2343 696 τοὺς
2389 631 2719 692 ἀποστόλους
2760 628 2854 680 τοῦ
2902 625 3075 698 Ἰησοῦ
3100 668 3116 692 ,
3157 626 3435 696 φαίνεται,
3468 627 3553 679 ὅτι
3579 624 3835 692 δυνάμει

2219 724 2339 795 θείᾳ
2387 724 2662 777 ἐδίδασκον
2708 716 2853 777 οὗτοι
2895 720 2985 775 τὸν
3040 719 3504 790 Χριστιανισμὺν,
3554 717 3647 770 καὶ
3683 718 3819 768 ἐτε-

2217 816 2484 885 τύγχανον
2558 814 2860 881 ὑπάγοντες
2937 811 3259 882 ἀνθρώπους
3335 809 3414 879 τῷ
3492 809 3631 879 λόγῳ
3720 806 3830 859 τοῦ

2218 910 2373 963 Θεοῦ.
2420 908 2494 960 Οὐ
2535 907 2644 979 γὰρ
2684 907 2716 977 ἡ
2765 908 2844 969 είς
2878 904 2939 957 τὸ
2984 903 3163 972 λέγειν
3211 902 3467 973 δύναμις,
3521 901 3614 955 καὶ
3648 896 3832 964 τάξιας

2219 1000 2557 1069 ἀπαγγελίας
2581 1039 2595 1063 ,
2639 996 2780 1052 κατά
2819 996 2919 1059 τὰς
2962 993 3227 1065 Ἐλλήνων
3258 992 3661 1062 διαλεκτικὰςῆ
3709 992 3826 1060 ρη-

2218 1092 2440 1164 τορικάς
2513 1092 2742 1162 τέχνας,
2796 1084 2865 1160 ἦν
2928 1089 2985 1140 ὲν
3049 1088 3231 1150 αὐτοῖς
3300 1086 3617 1156 ὑπαγομένη
3674 1084 3828 1145 τοὺς

2220 1182 2536 1245 ἀκούοντας.
2598 1182 2757 1234 Δοκεῖ
2815 1178 2871 1232 δέ
2937 1195 3065 1249 μοι,
3124 1179 3206 1230 ὅτι
3280 1178 3476 1248 σοφοὺς
3530 1175 3637 1249 (88)
3711 1174 3827 1243 μέν

2217 1291 2369 1338 τινας
2397 1275 2473 1337 ὡς
2506 1274 2642 1344 πρὸς
2681 1272 2778 1342 τὴν
2816 1270 2923 1324 τῶν
2966 1269 3175 1323 πολλῶν
3222 1268 3508 1340 ὑπόληψιν,
3543 1267 3639 1321 καὶ
3685 1268 3831 1319 lxa-

2220 1365 2349 1428 νοῦς
2382 1366 2518 1437 πρὸς
2548 1365 2608 1417 τὸ
2640 1366 2778 1417 νοεῖν
2812 1362 3155 1433 ἀρεσκόντως
3198 1359 3427 1431 πλήθεσι
3466 1359 3557 1412 καὶ
3600 1358 3826 1426 λέγειν,

2219 1461 2623 1530 ἐπιλεξάμενος,
2664 1458 2757 1511 καὶ
2793 1457 3134 1528 χρησάμενος
3182 1454 3364 1516 αὐτοῖς
3407 1451 3669 1514 διακόνοις
3708 1451 3826 1519 τῆς

2218 1556 2563 1618 διδασκαλίας
2618 1556 2647 1607 6
2709 1552 2944 1623 Ἰησοῦς·
3013 1549 3334 1619 εὐλογώτατ’
3395 1551 3460 1604 ἂν
3524 1548 3823 1618 ὑπενοήθη

2219 1649 2381 1720 ὁμοίᾳ
2398 1647 2705 1717 φιλοσόφοις
2731 1644 3028 1717 κεχρῆσθαι
3049 1642 3157 1713 (89)
3187 1643 3398 1713 ἀγωγῇ,
3427 1640 3697 1712 αἱρέσεώς
3725 1659 3821 1694 τι·

2219 1757 2308 1803 νος
2337 1738 2787 1810 προϊσταμένοιςο
2839 1736 2931 1789 κα).
2958 1734 3140 1788 οὐκέτι
3191 1733 3257 1787 ἂν
3294 1736 3328 1803 ὴ
3366 1733 3493 1805 περὶ
3532 1733 3627 1785 τοῦ
3658 1732 3821 1785 θεῖον

2220 1824 2357 1881 εἶναι
2384 1826 2477 1880 τὸν
2508 1824 2664 1893 λόγον
2690 1823 2989 1891 ἐπαγγελία
3017 1823 3362 1891 ἀνεφαίνετο·
3391 1823 3484 1876 ἀτε
3518 1820 3613 1874 τοῦ
3642 1821 3821 1888 λόγου

2147 1887 2191 1943 Β
2221 1922 2371 1985 ὄντος
2398 1922 2494 1974 καὶ
2524 1887 2617 1972 τοῦ
2650 1887 3002 1990 κηρύγματος
3029 1921 3085 1972 ἐν
3109 1887 3284 1971 πειθοῖ
3318 1918 3427 1989 (90)
3455 1918 3550 1988 τῆς
3578 1920 3640 1971 ὲν
3668 1918 3820 1987 φρά-

2224 2031 2307 2067 σει
2332 2012 2427 2065 καὶ
2461 2010 2708 2063 συνθέσει
2745 2010 2858 2062 τῶν
2909 2008 3105 2075 λέξεων
3160 2006 3381 2076 σοφίας·
3432 2008 3525 2061 καὶ
3565 2003 3638 2080 ἦν
3670 2008 3745 2062 ἂν
3783 2012 3819 2081 ἡ

2222 2105 2427 2168 πίστις,
2459 2103 2661 2174 ὁμοίως
2688 2105 2754 2173 τῇ
2787 2101 2895 2155 τῶν
2948 2099 3043 2154 τοῦ
3078 2100 3283 2171 κόσμου
3328 2100 3632 2169 φιλοσόφων
3676 2102 3823 2171 περὶ

2221 2197 2329 2250 τῶν
2356 2197 2645 2267 δογμάτων
2679 2194 2883 2256 πίστει,
2918 2194 2977 2246 ὲν
3010 2191 3171 2262 σοφία
3228 2191 3549 2263 ἀνθρώπων,
3576 2194 3673 2246 κα)⁵
3708 2194 3820 2246 οὐκ

2224 2294 2282 2345 ὲν
2309 2290 2540 2360 δυνάμει
2584 2285 2740 2340 Θεοῦ.
2780 2285 2913 2339 Νυνὶ
2936 2286 2991 2338 δὲ
3026 2285 3127 2349 τίς,
3166 2284 3375 2355 βλέπων
3408 2285 3575 2348 ἁλιεῖς
3597 2285 3695 2337 κα)¹
3724 2302 3824 2337 τε⁶

2222 2383 2417 2447 λώνας,
2476 2381 2611 2453 μηδὲ
2673 2379 2743 2432 τὰ
2802 2379 2994 2447 πρῶτα
3059 2378 3362 2449 γράμματα
3422 2378 3819 2448 μεμαθηκότας

2225 2475 2321 2545 (ὡς
2378 2474 2439 2527 τὸ
2491 2470 2822 2541 Εὑαγγέλιον
2880 2471 3187 2541 ἀναγράφει
3240 2470 3367 2540 περ).
3408 2468 3609 2532 αὐτῶν,
3656 2468 3757 2522 καὶ
3788 2472 3819 2522 6

2214 2566 2433 2627 -Κέλσος
2468 2563 2608 2617 κατὰ
2658 2562 2831 2615 ταῦτα
2864 2561 2977 2631 (91)
3017 2562 3380 2615 πεπίστευκεν
3422 2561 3626 2625 αὐτοῖς,
3674 2562 3819 2632 ἀλη-

2226 2655 2442 2709 θεύουσι
2489 2656 2621 2726 περ).
2676 2654 2777 2725 τῆς
2832 2652 3097 2716 ἰδιωτείας
3135 2651 3334 2721 αὐτῶν)
3386 2652 3820 2723 τεθαρρηκότως

2226 2750 2285 2803 οὐ
2319 2749 2477 2820 μόνον
2522 2746 2798 2810 Ἰουδαίοις
2830 2745 3149 2817 ὁμιλοῦντας
3190 2745 3317 2816 περὶ
3344 2745 3441 2815 τῆς
3474 2746 3553 2808 είς
3575 2745 3669 2797 τὸν
3704 2746 3820 2813 Ἰη-

2230 2840 2355 2894 σοῦν
2399 2840 2655 2903 πίστεως,
2691 2838 2826 2893 ἀλλὰ
2876 2839 2969 2891 καὶ
3003 2840 3060 2892 ὲν
3109 2840 3222 2903 τοῖς
3268 2839 3474 2901 λοιποῖς
3510 2837 3690 2890 ἔθνεσι
3720 2855 3825 2908 κη-

2234 2934 2531 3006 ρύσσοντας
2561 2933 2723 2986 αὐτὸν
2757 2932 2851 2985 καὶ
2893 2930 3173 2995 ἀνύοντας,
3206 2930 3304 2983 οὐκ
3331 2929 3395 2983 ἂν
3428 2929 3683 2999 ζητήσαι,
3720 2930 3824 2981 πόρη

2229 3027 2318 3081 θεν
2353 3024 2421 3099 ἦν
2454 3027 2638 3088 αὐτοῖς
2660 3024 2888 3094 δύναμις
2930 3023 3186 3092 πειστική
3216 3020 3349 3092 (92);
3388 3021 3449 3074 οὐ
3471 3021 3579 3092 γάρ
3604 3021 3639 3090 ἡ
3670 3038 3821 3073 νενο-

2234 3120 2468 3191 μισμένη
2492 3119 2605 3180 τοῖς
2630 3115 2863 3178 πολλοῖς.
2900 3114 3006 3167 Καὶ
3032 3113 3116 3177 τίς
3160 3112 3261 3166 οὐκ
3298 3112 3364 3166 ἂν
3396 3110 3564 3179 λέγοι,
3618 3112 3703 3163 ὅτι
3733 3113 3820 3174 τὸ,

554 3220 863 3289 piscatores
886 3216 1165 3272 hominum
1203 3212 1289 3267 u3?
1327 3231 1344 3263 ι
1386 3212 1539 3266 Hanc
1566 3209 1812 3265 eamdem
1867 3208 2120 3261 virtutem

2235 3231 2252 3264 ι
2297 3211 2459 3265 Δεῦτε
2502 3211 2677 3263 ὀπίσω
2709 3226 2833 3280 μου,
2861 3208 2954 3261 καὶ
2986 3208 3197 3277 ποιήσω
3229 3206 3373 3277 ὑμᾶς
3404 3204 3575 3267 ἁλιεῖς
3607 3203 3821 3273 ἀνθρώ-

544 3312 940 3366 commendans
964 3306 1192 3377 Paulus,
1226 3314 1285 3359 ut
1335 3319 1498 3374 supra
1525 3302 1785 3365 diximus,
1825 3299 1903 3353 ait
1940 3316 1954 3351 :
1993 3316 2013 3350 ι
2060 3298 2126 3352 Et

546 3417 727 3457 sermo
755 3415 909 3457 meus
932 3409 985 3456 et
1013 3397 1329 3470 praedicatio
1362 3410 1479 3450 mea
1518 3409 1625 3448 non
1666 3393 1720 3446 in
1754 3390 2129 3462 persuasibili-

546 3494 648 3547 hus
695 3494 944 3546 humanae
993 3489 1271 3559 sapientiae
1305 3486 1512 3548 verbis,
1555 3484 1654 3539 sed
1705 3483 1760 3538 in
1810 3483 2128 3537 ostensione

551 3582 797 3651 Spiritus
828 3590 882 3636 et
910 3579 1148 3643 virtutis,
1192 3587 1251 3631 ut
1300 3578 1431 3631 lides
1461 3586 1645 3630 nostra
1691 3588 1795 3628 non
1837 3574 1905 3628 sit
1950 3573 2003 3627 in
2036 3587 2129 3627 sa-

544 3674 751 3744 pientia
780 3672 1085 3738 hominum,
1116 3671 1208 3724 sed
1241 3669 1291 3723 in
1320 3669 1525 3722 virtute
1557 3666 1650 3721 Dei
1682 3666 1750 3721 “.
1809 3685 1829 3719 ›
1872 3666 2031 3731 Nam,
2071 3675 2129 3717 ut

545 3766 861 3834 praedictum
898 3763 1072 3817 fuerat
1104 3778 1132 3815 a
1168 3763 1448 3832 prophetis
1476 3761 1918 3833 prmdicationem
1940 3758 2129 3812 Evan-

545 3857 672 3928 gelii
724 3854 1241 3926 praenuntiantibus,
1299 3874 1317 3908 ‹
1367 3853 1644 3909 'Dominus
1699 3852 1850 3906 dedit
1904 3854 2129 3905 verbum

545 3948 1053 4018 evangelizantibus
1107 3947 1311 4001 virtute
1351 3945 1542 4010 multa,
1569 3960 1665 4000 rex
1728 3945 1992 3998 virtutum
2045 3944 2131 3995 di-

548 4043 678 4097 lecti
717 4041 800 4107 “;
838 4058 861 4095 ι
898 4050 956 4094 υι
984 4040 1303 4109 impleretur
1329 4049 1383 4094 et
1413 4040 1557 4095 istud
1593 4038 1906 4094 vaticinium
1944 4054 2005 4091 τι
2039 4036 2135 4089 Ve-

550 4133 747 4190 lociter
774 4133 948 4188 currit
977 4147 1156 4189 sermo
1179 4135 1295 4200 ejus
1318 4132 1394 4184 '".
1443 4150 1461 4183 ι
1500 4131 1568 4185 Ει
1600 4130 1817 4200 quidem
1841 4129 1952 4199 jam
1986 4129 2135 4182 vide-

551 4243 674 4283 mus
704 4245 723 4280 ι
764 4229 816 4281 in
848 4241 1067 4282 omnem
1097 4235 1304 4282 terram
1340 4224 1579 4281 exivisse
1623 4236 1817 4279 sonum
1852 4239 1871 4273 ι
1909 4231 2133 4291 aposto-

550 4322 727 4376 lorum
775 4318 924 4384 Jesu,
962 4338 981 4371 ι
1020 4328 1076 4373 et
1126 4320 1179 4372 in
1232 4319 1368 4372 lines
1421 4317 1574 4371 orbis
1630 4326 1793 4370 terra:
1829 4317 1995 4370 verba
2034 4330 2133 4367 eo-

546 4426 669 4466 rum
697 4411 764 4466 ”.
795 4429 813 4464 ι
856 4410 1124 4478 Quocirca
1182 4410 1273 4478 qui
1307 4410 1538 4463 audiunt
1583 4407 1810 4461 verbum
1859 4423 1984 4461 cum
2019 4410 2132 4459 vir-

552 4513 671 4559 tute
725 4503 1103 4574 praedicatum,
1145 4502 1428 4572 replentur
1475 4512 1530 4555 et
1583 4500 1682 4569 ipsi
1736 4501 1953 4562 virtute,
2003 4515 2133 4569 quae

2232 3321 2369 3365 πων,
2424 3321 2440 3353 ι
2479 3301 2705 3371 δυνάμει
2737 3302 2845 3355 τινὶ
2867 3300 2987 3370 θείᾳ
3020 3300 3079 3351 ἐν
3129 3300 3240 3360 τοῖς
3274 3296 3591 3360 ἀποστόλοις
3646 3295 3817 3349 αὑτοῦ

2230 3394 2545 3466 ἐπλήρωσεν
2592 3396 2620 3447 6
2657 3393 2894 3464 Ἰησοῦς,
2925 3393 3153 3446 ’Ήντινα
3183 3391 3277 3445 καὶ
3324 3392 3353 3443 6
3394 3389 3606 3452 Παῦλος
3656 3406 3822 3458 παρι-

2233 3485 2362 3548 στὰς
2394 3485 2487 3555 (ὡς
2516 3484 2611 3537 καὶ
2672 3485 2730 3536 ἐν
2777 3485 2892 3546 τοῖς
2933 3481 3190 3551 ἀνωτέρω
3240 3479 3581 3552 εἰρήκαμεν)
3644 3480 3817 3550 φησί’

2232 3596 2255 3629 ι
2292 3576 2402 3629 Καὶ
2430 3578 2457 3629 ὁ
2482 3575 2637 3643 λόγος
2675 3591 2774 3645 μου
2805 3573 2901 3627 καὶ
2930 3573 2991 3625 τὸ
3020 3573 3279 3644 κήρυγμά
3315 3588 3415 3641 μου
3462 3571 3563 3622 οὐκ
3608 3570 3667 3622 ἐν
3700 3586 3822 3621 πει-

2220 3670 2345 3734 ηθοῖς
2407 3670 2755 3742 ἀνθρωπίνης
2816 3669 3009 3738 σοφίας
3029 3668 3227 3736 λόγοις,
3275 3666 3389 3720 ἀλλ’
3444 3665 3501 3717 ἐν
3548 3663 3819 3728 ἀποδείξει

2232 3761 2547 3833 Πνεύματος
2597 3763 2691 3814 καὶ
2736 3762 3036 3831 δυνάμεως,
3077 3761 3164 3813 ἴνα
3216 3760 3249 3829 ή
3293 3760 3474 3817 πίστις
3516 3757 3679 3827 ἡμῶν
3709 3757 3818 3825 (95)

2237 3854 2309 3925 μὴ
2430 3856 2487 3907 ἐν
2533 3853 2695 3925 σοφίᾳ
2725 3852 3049 3924 ἀνθρώπων,
3096 3852 3211 3905 ἀλλ’
3256 3855 3314 3905 ἐν
3341 3851 3567 3920 δυνάμει
3598 3848 3755 3902 Θεοῦ.
3798 3869 3814 3898 ι

2234 3946 2389 3999 Κατά
2425 3946 2535 4016 γὰρ
2558 3944 2624 3997 τά
2652 3945 2920 4015 εἰρημένα
2954 3946 3011 3998 ἐν
3058 3947 3169 4006 τοῖς
3201 3942 3525 4013 προφήταις,
3572 3957 3819 4009 προγνω-

2235 4035 2434 4102 πικῶς
2455 4035 2859 4104 ἀπαγγέλλουσι
2884 4053 2951 4088 πε
2962 4036 3013 4108 pi
3031 4036 3130 4107 τῆς
3154 4034 3431 4104 κηρὺξεως
3452 4031 3551 4085 τοῦ
3575 4032 3820 4099 Εὐάγγε-

2234 4130 2349 4183 λίου
2373 4170 2388 4197 ,
2425 4148 2450 4180 ί
2497 4128 2703 4198 Κύριος
2748 4128 2917 4181 ἔδωκε
2967 4127 3118 4197 ῥῆμα
3160 4127 3271 4188 τοῖς
3311 4120 3820 4191 εὐαγγελιζομένοις

2233 4221 2460 4294 δυνάμει
2492 4222 2683 4293 πολλῇ,
2703 4222 2730 4273 6
2756 4219 3008 4290 βασιλεὺς
3035 4218 3144 4272 τῶν
3162 4216 3453 4287 δυνάμεων
3477 4212 3574 4266 τοῦ
3602 4214 3822 4282 ἀγαπη-

2234 4316 2349 4380 τοῦ,
2390 4336 2406 4368 ι
2429 4317 2517 4369 ἵνα
2545 4316 2637 4368 καὶ
2670 4316 2702 4385 ἡ
2752 4314 2985 4383 λέγουσα
3024 4311 3347 4382 προφητεία,
3388 4328 3407 4361 ι
3444 4308 3593 4370 Ἕως
3621 4307 3820 4375 τάχους

2234 4409 2519 4480 δραμεῖται
2553 4407 2581 4459 ὁ
2608 4405 2763 4473 λόγος
2797 4403 2982 4469 αὑτοῦ,
3020 4422 3038 4454 ι
3077 4401 3355 4473 πληρωθῇ.
3403 4399 3515 4452 Καὶ
3549 4396 3820 4469 βλέπομέν

2235 4518 2319 4569 γε,
2343 4502 2424 4553 ὅτι
2463 4519 2481 4551 ‹
2526 4500 2604 4562 εἰς
2637 4498 2818 4550 πᾶσαν
2858 4496 2958 4565 τὴν
2984 4495 3088 4565 γῆν
3121 4491 3342 4563 ἐξῆλθεν
3374 4492 3402 4544 6
3432 4488 3541 4543 τῶν
3587 4488 3821 4542 ἀποστό-

551 4613 677 4652 cum
733 4596 786 4652 in
836 4611 1023 4652 eorum
1070 4594 1354 4650 affectibus
1382 4594 1726 4663 actibusque,
1762 4605 1872 4647 tum
1903 4594 1958 4646 in
1990 4607 2125 4646 cou-

2234 4592 2341 4645 λων
2378 4589 2551 4662 Ἰησοῦ
2606 4588 2865 4658 φθόγγος,
2898 4586 2993 4638 καὶ
3026 4585 3105 4647 είς
3150 4581 3220 4635 τά
3250 4581 3461 4652 πέρατα
3502 4579 3605 4649 τῆς
3641 4578 3824 4631 οίκουο

554 4690 755 4745 stantia
788 4689 855 4743 ad
904 4696 1135 4742 mortem
1173 4700 1272 4754 pro
1302 4686 1550 4740 veritatis
1588 4684 1902 4739 defensione
1957 4683 2128 4753 perfe-

554 4782 779 4837 rendam
809 4779 1019 4845 elucet;
1060 4779 1282 4851 quidam
1317 4789 1499 4834 autem
1529 4778 1685 4831 vacui
1720 4786 1873 4842 sunt,
1906 4777 2122 4829 etiamsi

557 4873 669 4930 Deo
709 4890 803 4945 per
846 4874 1037 4928 desum
1080 4876 1315 4930 credere
1352 4873 1731 4938 proﬁteantur,
1780 4869 1874 4940 qui
1922 4870 2124 4923 virtute

2236 4686 2407 4758 μένης
2434 4684 2502 4736 τὰ
2530 4684 2750 4754 ῥήματα
2778 4678 2954 4732 αὐτῶν
2995 4676 3124 4747 (94).
3176 4693 3193 4726 ι
3233 4673 3331 4726 Διὰ
3352 4670 3507 4725 τοῦτο
3534 4667 3822 4738 δυνάμεως

2237 4781 2334 4851 μὲν
2360 4775 2690 4849 πληροῦνται
2739 4775 2788 4825 οἱ
2840 4771 3001 4839 λόγου
3042 4767 3135 4820 τοῦ
3170 4766 3305 4836 μετά
3329 4763 3613 4833 δυνάμεως
3640 4761 3824 4825 ἀπαγ-

2230 4849 2552 4941 γελλομένου
2586 4866 2893 4927 ἀκούοντες,
2925 4863 2991 4933 ἢν
3028 4858 3429 4912 ἐπιδείκνυνται
3460 4857 3527 4924 τῇ
3551 4869 3616 4905 τε
3642 4849 3822 4905 διαϐέ-

623 5084 668 5118 ⁶⁷
689 5083 712 5140 ι
736 5085 865 5142 Cor.
889 5102 949 5152 ιι,
980 5086 1035 5140 5.
1118 5083 1166 5114 ⁵⁸
1183 5083 1377 5139 Matth.
1403 5083 1582 5149 tv,l9.
1658 5081 1703 5115 “
1730 5082 1747 5136 l
1772 5082 1975 5147 Comi,
1997 5082 2051 5138 4.
2128 5080 2330 5139 l'°l’sal.
2356 5095 2525 5147 vau,
2546 5078 2630 5133 12.
2709 5077 2751 5108 ⁸¹
2773 5073 2915 5130 Psal.
2945 5085 3149 5133 chvn,
3170 5066 3255 5122 l5.
3333 5062 3544 5116 l"Psal.
3574 5074 3735 5125 mu,
3764 5058 3818 5113 5.

624 5274 736 5345 (88)
770 5273 942 5345 Codd.
989 5270 1186 5345 Regius
1219 5284 1276 5326 et
1307 5270 1668 5345 Basileensis,
1699 5269 1869 5345 ὅτιτί
1905 5266 2123 5345 σοφούς.

552 5336 728 5401 Paulo
750 5356 867 5413 post
902 5336 1217 5415 Philocalia,
1249 5342 1384 5415 πρὸς
1412 5342 1472 5394 τὸ
1502 5343 1640 5395 νοεῖν
1672 5339 1766 5393 καὶ
1791 5336 2129 5408 λέγεινάρέ-

553 5433 783 5478 σκοντας
809 5414 1091 5488 πλήθεσιν.

626 5529 739 5604 (89)
766 5530 1127 5601 Κεχρῆσθαι.
1162 5526 1253 5583 Sic
1278 5536 1427 5604 recte
1452 5524 1769 5604 Pliiloealia.
1797 5520 2134 5604 llaascheiius

556 5593 738 5656 autem
767 5615 821 5656 et
847 5593 1175 5668 Spenccrus,
1213 5596 1577 5669 κεκηρῦχθαι.
1618 5596 1781 5669 Paulo
1828 5607 1953 5669 post
2007 5593 2135 5669 Plri-

561 5673 778 5733 localia,
839 5662 1008 5727 codex
1062 5662 1267 5738 Regius
1322 5662 1375 5723 ei
1428 5662 1782 5731 Basileeusis,
1828 5662 2136 5738 inayyeiia

559 5731 897 5812 ἀνεφαίνετο.
954 5731 1293 5797 ιτιωεειὶέιὶυε
1339 5746 1394 5794 et
1442 5739 1769 5810 Spencerus,
1827 5731 2137 5803 ἀπαγγελία

559 5815 898 5883 ἀνεφαίνετο,
923 5813 1080 5867 male.

633 5908 746 5983 (90)
793 5906 960 5969 Codd.
1017 5906 1147 5976 licg.
1208 5901 1553 5969 Basilcensis,
1608 5899 1712 5956 duo
1743 5894 2018 5962 Vaticani,
2076 5899 2129 5950 et

2236 5258 2577 5317 lltcschelius
2602 5257 2653 5309 in
2682 5263 2852 5315 textu,
2875 5254 2932 5305 ἐν
2955 5248 3183 5310 πειθοῖς.
3205 5240 3519 5306 Philocalia,
3543 5242 3603 5294 ὲν
3618 5238 3820 5293 πειῦοἶ.
3911 5272 3921 5279 -

2308 5349 2418 5423 (9|)
2454 5348 2664 5423 Ταῦτα,
2688 5346 2886 5423 Cuieto
2920 5340 3272 5423 Scribendum
3305 5337 3539 5398 videtur,
3567 5333 3616 5383 τ’
3655 5332 3816 5385 αὑτά.

2308 5352 2387 5423 (91
2454 5349 2664 5401 Ταῦτα.
2690 5349 2886 5399 Guieto
2920 5349 3059 5394 ενι-ιι

2308 5349 2419 5493 (92)
2463 5418 2776 5475 l’hilocalia,
2811 5411 3059 5481 πιςτική.

2305 5489 2415 5585 (95)
2453 5506 2671 5578 Ἠμῶν.
2723 5505 2878 5576 Apud
2926 5501 3149 5556 Paulum
3201 5497 3421 5566 legitur,
3455 5490 3635 5563 ὑμῶν,
3667 5489 3813 5560 quod

2275 5592 2483 5637 ιιεδιτιι.

2235 5600 2483 5653 praestat.

2307 5672 2417 5743 (94)
2455 5671 2530 5723 Τὰ
2547 5667 2783 5743 ῥήματα
2816 5663 3036 5743 αὐτῶν.
3098 5660 3186 5715 Sic
3236 5672 3419 5743 nunties
3469 5655 3628 5707 codd.
3670 5667 3815 5743 lﬂiSS:

2237 5752 2291 5799 et
2311 5725 2643 5795 ‘l’hilocalia‘:
2670 5736 3019 5791 lltnschelius
3048 5747 3177 5784 vero
3206 5741 3259 5784 et
3293 5729 3628 5799 Spencerus,
3663 5725 3692 5775 6
3725 5725 3820 5799 τοῦ

2576 5812 2751 5877 λόγος.
2786 5806 2985 5877 Ibidem
3019 5792 3513 5877 Philoralia'male,
3542 5792 3812 5877 πληροῦν⁴

2358 5864 2405 5937 oi
2424 5864 2578 5951 λόγοι
2606 5864 2874 5947 τοῦμετά
2908 5874 3188 5942 δυνάμεως
3214 5864 3710 5936 ἐπαγγελλομένου.
