4002 6536
206 397 323 450 ΤΠ

1408 392 1684 450 CONTRA
1721 393 1999 452 CELSUM
2036 393 2164 451 LIB.
2210 394 2250 448 Ι.

203 531 302 570 σει
335 512 428 568 καὶ
459 509 535 583 τῷ
567 508 686 582 βίῳ,
736 509 830 564 καὶ
879 509 956 581 τῷ
1005 510 1111 574 ’ἐως
1156 507 1387 565 Θανάτου
1439 513 1790 582 ἀγωνίζεσθαι

1901 513 2079 568 divina
2108 523 2312 576 carent,
2347 519 2402 567 ct
2430 493 2610 582 specie
2645 521 2805 568 tenus
2857 513 3020 570 verbo
3069 515 3162 571 Dei
3213 517 3464 573 adluerc-

202 606 350 678 περὶ
377 603 478 673 τῆς
509 601 761 674 ἀληθείας
779 617 791 632 ’
819 601 1053 655 διάκενοι
1080 601 1135 654 δέ
1178 602 1322 666 τινές
1343 604 1468 668 εἰσι,
1499 605 1602 658 κᾶν
1628 605 1796 672 ἐπαγ-

201 698 512 767 γέλλωνται
548 695 656 767 (95)
681 694 958 748 πιστεύειν
983 693 1061 765 τῷ
1102 694 1221 765 Θεῷ
1247 695 1336 748 διὰ
1381 695 1475 748 τοῦ
1516 695 1710 768 Ἰησοῦ,
1747 697 1794 748 οἰ

205 784 291 855 μὴ
317 784 545 854 δύναμιν
570 783 718 835 Θείαν
748 782 981 854 ἔχοντες,
1011 783 1380 852 προσάγεσθαι
1412 784 1692 848 δοκοῦντες
1719 783 1796 854 τῷ

201 875 359 947 λόγῳ
381 874 476 928 τοῦ
497 874 653 927 Θεοῦ.
680 875 743 927 Εἰ
777 875 870 927 καὶ
898 875 1153 946 ἀνωτέρω
1183 875 1226 927 δ’
1262 875 1538 947 ἐμνήσθην
1564 876 1797 944 εὐαγγε-

199 965 369 1019 λικοῦ
401 965 564 1037 ῥητοῦ
595 965 699 1018 ὑπὸ
725 964 817 1018 τοῦ
851 965 1098 1037 Σωτῆρος
1121 965 1429 1038 εἰρημένου,
1463 965 1615 1018 ούδέν
1633 961 1796 1037 ἦττον

202 1058 311 1110 καὶ
341 1056 440 1109 νῦν
475 1056 624 1126 αὐτῷ
654 1057 793 1110 κατά
839 1058 1025 1129 καιρὸν
1058 1058 1353 1129 χρήσομαι,
1397 1051 1666 1131 παριστὰς
1701 1058 1794 1110 καί¹

198 1143 313 1215 τὴν
334 1142 432 1196 τοῦ
465 1145 717 1215 Σωτῆρος
742 1145 899 1216 ήμῶν
933 1147 1060 1218 περὶ
1087 1147 1185 1216 τῆς
1223 1146 1316 1199 τοῦ
1349 1146 1662 1216 εὐαγγελίου
1691 1164 1792 1218 κη-

202 1229 424 1300 ρύξεως
473 1233 782 1304 πρόγνωσιν
823 1235 1072 1288 Θειότατα
1117 1237 1476 1308 δηλουμένην,
1537 1238 1632 1291 καί⁵
1691 1238 1792 1309 τὴν

198 1323 304 1375 τοῦ
345 1325 507 1394 λόγου
556 1327 732 1396 ἰσχὺν,
769 1329 939 1399 χωρὶς
969 1327 1300 1384 διδασκάλων
1347 1329 1652 1400 κρατοῦσαν
1683 1328 1790 1382 τῶν

201 1420 579 1472 πιστευόντων
619 1422 686 1491 τῇ
731 1419 868 1490 μετὰ
893 1421 1172 1492 δυνάμεως
1221 1421 1370 1486 Θείας
1405 1421 1605 1476 πειθοῖ.
1654 1423 1791 1494 Φησὶ

202 1509 276 1579 δὴ
309 1511 340 1563 6
389 1511 630 1582 Ἰησοῦς·
671 1532 689 1564 ι
714 1512 772 1565 '0
802 1514 898 1583 μὲν
933 1513 1190 1584 θερισμὸς
1219 1514 1406 1578 πολὺς,
1439 1516 1486 1567 οἰ
1516 1515 1572 1568 δὲ
1625 1513 1790 1584 ἐργά-

196 1623 299 1659 ται
347 1607 552 1676 ὀλίγοι·
605 1609 832 1682 δεήΘητε
884 1606 976 1664 οὖν
1009 1610 1102 1664 τοῦ
1164 1611 1367 1683 Κυρίου
1411 1612 1504 1666 τοῦ
1560 1611 1840 1684 θερισμοῦ,

196 1716 330 1754 του.
365 1721 386 1752 Ι

292 1794 454 1848 Ἐπεὶ
483 1796 542 1850 δὲ
571 1797 666 1850 καὶ
709 1799 1040 1872 ἐπιρρήτους
1072 1798 1224 1856 εἶπεν
1255 1802 1593 1874 ἀνθρώπους,
1634 1803 1792 1859 τελὼο

199 1902 308 1948 νας
340 1888 442 1939 κα)⁵
465 1887 666 1952 ναύτας
720 1895 1118 1964 πονηροτάτους
1161 1895 1334 1964 λέγων
1367 1897 1395 1949 6
1429 1897 1636 1960 Κέλσος
1665 1897 1791 1961 τοὺς

1899 612 2082 658 scunt.
2117 604 2225 657 Etsi
2270 618 2395 658 vero
2423 618 2582 673 supra
2621 607 2920 658 memoravi
2951 607 3093 675 quod
3125 605 3375 663 Saivator
3409 613 3461 665 in

1903 694 2196 766 Evangelio
2239 697 2410 763 dixit,
2471 695 2823 753 nihilominus
2857 709 3036 753 tamen
3079 701 3220 755 idem
3276 720 3468 759 rursus

1899 786 2008 843 huc
2067 798 2125 843 et
2178 789 2395 858 quidem
2454 797 2756 858 opportune
2789 789 3077 845 adducam.
3135 790 3275 848 Hinc
3319 795 3463 849 enim

1898 877 2076 948 quivis
2102 878 2398 948 perspiciet
2424 888 2479 934 et
2501 879 2780 948 Evangelii
2814 880 3252 950 praedicationem
3283 898 3311 936 a
3342 883 3466 938 Sal-

1901 978 2091 1026 vatore
2119 980 2306 1025 nostro
2336 970 2516 1026 divine
2533 969 2708 1050 fuisse
2735 970 3049 1041 prmvisam;
3088 981 3141 1026 et
3171 982 3372 1042 quanta
3395 976 3468 1029 sit

1902 1061 2052 1116 verbi
2093 1061 2236 1116 illius
2261 1061 2368 1128 vis,
2409 1077 2529 1131 qua:
2560 1063 2724 1116 etiam
2781 1061 2901 1117 sine
2953 1064 3229 1133 magistris
3277 1068 3466 1122 subdit

1898 1152 2065 1222 378
2092 1152 2192 1208 sibi
2226 1167 2321 1207 eos
2371 1153 2463 1222 qui
2494 1152 2653 1207 fidem
2691 1153 3112 1222 amplectuntur,
3141 1171 3300 1225 quam
3334 1157 3465 1225 ipsis

1897 1244 2325 1314 amplectendam
2356 1245 2536 1299 divina
2575 1245 2748 1299 virtus
2777 1247 3071 1314 persuasit.
3131 1247 3218 1300 Ait
3247 1245 3412 1303 Iesus
3448 1267 3461 1301 :

1902 1353 1922 1387 ι
1958 1335 2152 1391 Messis
2176 1335 2394 1405 quidem
2423 1335 2608 1396 multa,
2643 1337 2878 1405 operarii
2919 1347 3100 1392 autem
3149 1339 3336 1407 pauci;
3377 1355 3466 1394 ro-

1897 1433 2020 1495 gate
2049 1439 2176 1493 ergo
2207 1424 2484 1477 dominum
2515 1426 2729 1486 messis,
2764 1433 2823 1478 ut
2858 1424 3040 1480 mittat
3083 1428 3362 1493 operarios
3407 1429 3460 1481 in

1898 1529 2122 1569 messem
2155 1529 2304 1568 suam
2329 1513 2396 1566 ⁸³.
2435 1534 2451 1564 ι

1899 1613 2047 1676 ὅπως
2095 1611 2300 1684 ἐκϐάλῃ
2352 1610 2462 1682 (96)
2519 1611 2756 1682 ἐργάτας
2797 1613 2878 1675 εἰς
2922 1612 3014 1666 τὸν
3066 1613 3322 1685 Θερισμὸν
3367 1613 3466 1668 αύ-

1969 1801 2056 1856 65.
2084 1798 2351 1867 Quoniam
2392 1807 2572 1851 autem
2613 1796 2800 1852 Celsus
2822 1799 2987 1853 etiam
3023 1799 3251 1856 infames
3292 1801 3463 1859 fuisse

1899 1892 2144 1947 homines
2169 1890 2304 1945 dixit
2333 1889 2626 1958 apostolos,
2657 1904 2794 1958 quos
2827 1892 3143 1959 publicanos
3174 1902 3230 1948 et
3260 1905 3460 1950 nautas

198 1977 548 2044 ἀποστόλους
584 1981 778 2052 Ἰησοῦ,
825 1985 918 2038 καὶ
963 1988 1090 2057 περὶ
1140 1987 1330 2064 τούτου
1382 1989 1664 2060 φήσομεν·
1709 1989 1790 2042 ὅτι

1903 1981 2476 2075 nequissimos‘vocat,
2509 1994 2573 2035 ea
2601 1982 2667 2035 de
2693 1996 2749 2034 re
2781 1982 3236 2050 respondebimus
3280 1985 3454 2054 ipsum

198 2068 411 2135 ἔοικεν,
465 2071 552 2126 ἴνα
602 2075 699 2144 μὲν
729 2076 1000 2151 ἐγκαλέσῃ
1043 2079 1122 2150 τῷ
1159 2079 1321 2151 λόγῳ,
1354 2081 1627 2135 πιστεύειν
1658 2083 1791 2136 ὅπου

201 2161 352 2216 Θέλει
387 2167 504 2230 τοῖς
544 2169 971 2238 γεγραμμένοις,
1024 2170 1110 2223 ἵνα
1149 2171 1206 2224 δέ
1253 2173 1351 2243 τὴν
1389 2175 1792 2244 ἐμφαινομένην

201 2255 320 2326 (97)
353 2255 608 2328 Θειάτητα
628 2259 685 2311 ἐν
706 2262 818 2324 τοῖς
852 2261 1035 2325 αὐτοῖς
1067 2262 1289 2333 βιϐλίοις
1311 2265 1792 2339 ἀπαγγελλομένην

202 2347 285 2418 μὴ
326 2347 726 2420 παραδέξηται,
759 2351 1005 2406 άπιστεῖν
1049 2358 1162 2418 τοῖς
1209 2355 1560 2424 Εὐαγγελίοις
1585 2375 1597 2387 ο
1648 2359 1786 2424 δέον,

196 2437 266 2491 τὸ
300 2439 600 2511 φιλάληΘες
643 2441 822 2496 ἰδόντα
871 2443 978 2497 τῶν
1026 2446 1371 2518 γραψάντων,
1413 2450 1476 2502 ἐκ
1517 2449 1617 2520 τῆς
1664 2452 1792 2522 περὶ

199 2530 313 2583 τῶν
375 2532 638 2603 χειρόνων
687 2535 1008 2608 ἀναγραφῆς
1055 2539 1337 2592 πιστεῦσαι
1389 2541 1482 2592 καὶ
1523 2542 1652 2612 περ).
1684 2541 1791 2594 τῶν

199 2621 522 2695 Θειοτέρων.
559 2627 870 2698 Γέγραπται
913 2629 976 2700 δὴ
1019 2631 1076 2682 ἐν
1121 2633 1187 2702 τῇ
1239 2632 1492 2704 Βαρνάϐα
1531 2632 1789 2706 καθολικῇ

200 2716 470 2786 ἐπιστολῇ
507 2717 636 2787 (98),
673 2718 817 2789 (ὅθεν
848 2721 876 2772 ὁ
917 2721 1124 2785 Κέλσος
1156 2722 1332 2776 λαϐὼν
1360 2725 1502 2794 τάχα
1529 2719 1683 2778 εἶπεν
1716 2721 1792 2778 ιῖ-

198 2822 290 2858 ναι
316 2806 655 2878 ὲπιρῤήτους
705 2810 800 2863 καὶ
843 2810 1240 2882 πονηροτάτους
1276 2814 1401 2876 τοῦς
1439 2813 1789 2884 ἀποστόλους)

197 2898 284 2980 ὅτι
312 2897 601 2963 ἐξελέξατο
629 2902 756 2965 τοὺς
803 2901 966 2965 ἰδίους
1006 2902 1335 2967 ἀποστόλους
1374 2903 1598 2974 Ἰησοῦς,
1631 2905 1789 2970 ὕντας

199 2989 350 3058 ὑπὲρ
384 2991 568 3042 πᾶσαν
601 2992 830 3063 ἀνομίαν
858 2994 1255 3066 ἀνομωτέρους.
1292 2996 1400 3047 Καὶ
1433 2997 1489 3048 ἐν
1520 2994 1597 3066 τῷ
1629 2997 1790 3067 εὐαγ-

197 3079 376 3151 γελίῳ
429 3081 489 3134 δέ
537 3080 616 3151 τῷ
643 3081 786 3136 κατά
817 3083 1031 3136 Λουκᾶν
1058 3100 1190 3153 φησι
1235 3084 1369 3155 πρὸς
1395 3084 1487 3137 τὸν
1529 3085 1730 3155 Ἰησοῦν
1761 3088 1791 3140 6

199 3171 456 3242 Πέτρος·
499 3189 517 3222 ι
559 3171 780 3238 Ἔξελθε
811 3173 906 3226 ἀπ’
953 3173 1108 3245 ἐμοῦ,
1158 3175 1240 3227 ὃτι
1292 3175 1430 3247 ἀνὴρ
1470 3176 1791 3247 ἁμαρτωλός

198 3263 345 3332 εἰμι,
386 3261 580 3331 Κύριε.
630 3281 648 3312 ι
699 3261 855 3316 Ἀλλά
889 3263 983 3316 καὶ
1023 3263 1052 3314 6
1101 3263 1312 3327 Παῦλος
1344 3265 1402 3317 ἐν
1435 3267 1500 3336 τῇ
1525 3265 1664 3337 πρὸς
1695 3267 1790 3319 Τι-

1897 2071 2091 2137 videri,
2127 2081 2184 2125 ut
2235 2057 2505 2126 obtrectet
2548 2080 2746 2125 nostra:
2801 2072 3082 2138 doctrinae,
3131 2089 3198 2129 ex
3241 2074 3308 2130 iis
3346 2091 3467 2144 qua:

1903 2163 2103 2235 scripta
2140 2171 2266 2218 sunt
2315 2163 2515 2233 eligere
2562 2177 2660 2232 pro
2694 2161 2920 2218 libidine
2970 2167 3113 2235 quod
3149 2167 3357 2231 credat,
3410 2178 3466 2222 et

1897 2234 2120 2311 omnino
2153 2270 2257 2310 non
2289 2256 2514 2310 credere
2559 2255 2893 2325 Evangeliis,
2927 2273 2995 2313 ne
3030 2258 3371 2313 Divinitatem
3410 2259 3462 2313 in

1912 2345 2020 2400 illis
2047 2344 2201 2400 libris
2232 2345 2512 2399 evidenter
2539 2346 2966 2402 demonstratam
3013 2349 3262 2404 confiteri
3297 2364 3462 2420 coga-

1896 2451 2023 2504 tur;
2052 2456 2173 2495 cum
2205 2449 2396 2495 contra
2433 2440 2824 2506 decereteum,
2857 2442 2973 2512 qui,
3011 2457 3115 2512 qua
3151 2443 3465 2500 sinceritate

1899 2543 2151 2588 auctores
2199 2532 2271 2586 illi
2303 2533 2644 2601 scripserint,
2676 2535 2914 2600 videbat,
2937 2551 3002 2590 eo
3029 2537 3204 2606 magis
3231 2537 3462 2592 divinio~

1896 2625 2048 2679 ribus
2075 2625 2238 2678 rebus
2266 2639 2402 2692 quas
2428 2635 2654 2679 narrant
2679 2625 2836 2680 fidem
2872 2627 3183 2698 adiungere,
3222 2628 3364 2698 quod
3395 2645 3462 2684 ne

1895 2714 2188 2784 abjectiora
2223 2714 2439 2784 quidem
2501 2716 2982 2784 praetermiserant.
3036 2716 3230 2774 Verum
3278 2728 3362 2773 est
3405 2719 3461 2774 in

1894 2809 2154 2864 Barnabae
2189 2807 2446 2876 Epistola,
2503 2810 2644 2862 unde
2693 2810 2924 2866 fortasse
2969 2811 3158 2866 Celsus
3211 2811 3457 2868 hauserit

1895 2899 2172 2974 apostolos
2201 2899 2428 2953 infames
2455 2898 2622 2954 fuisse
2651 2911 2707 2956 et
2747 2903 3134 2971 nequissimos,
3183 2901 3284 2970 legi
3332 2918 3458 2974 apo-

1895 2992 2062 3048 stolos
2092 3009 2121 3046 a
2152 2990 2276 3045 Jesu
2307 2989 2479 3046 fuisse
2531 2993 2752 3056 eleCtos,
2806 2993 2898 3062 qui
2954 2995 3181 3063 improbi
3213 3005 3371 3050 erant
3405 3003 3464 3049 nt

1894 3082 2026 3138 nulli
2059 3083 2252 3152 magis.
2288 3081 2350 3133 Et
2375 3081 2427 3134 in
2461 3081 2756 3150 Evangelio
2786 3083 3082 3137 Secundum
3115 3082 3320 3138 Lucam
3371 3083 3456 3139 di-

1895 3173 1974 3228 cit
2010 3172 2076 3227 ad
2102 3170 2290 3227 Iesum
2319 3167 2515 3224 Petrus
2551 3187 2565 3224 :
2602 3189 2619 3222 ‹
2654 3171 2882 3226 Discede
2928 3188 2957 3226 a
3010 3189 3118 3238 me,
3144 3176 3270 3244 quia
3303 3174 3465 3230 homo

1894 3272 2147 3334 peccator
2169 3278 2310 3327 sum,
2366 3263 2590 3318 Domine
2627 3263 2692 3318 “.
2747 3283 2765 3317 ι
2817 3263 2922 3320 Sed
2959 3275 3013 3320 et
3040 3266 3261 3333 Paulus,
3296 3268 3386 3338 qui
3413 3277 3468 3324 et

203 3351 407 3423 μόθεόν
434 3370 588 3423 φησι,
621 3354 713 3408 καὶ
741 3355 899 3418 αὐτὸς
921 3353 1143 3427 ὕστερον
1175 3354 1467 3419 ἀπόστολος
1493 3357 1667 3428 Ἰησοῦ
1699 3375 1790 3426 γε-

1897 3351 2008 3422 ipse
2036 3361 2219 3422 postea
2251 3351 2424 3406 factus
2449 3361 2530 3407 est
2559 3351 2687 3409 Jesu
2712 3355 3011 3424 apostolus,
3045 3357 3097 3410 in
3122 3357 3360 3424 Epistola
3397 3358 3465 3412 ad

199 3445 436 3514 νόμενος
459 3461 473 3474 ’
507 3445 589 3498 ὅτι
627 3463 646 3496 ι
689 3445 881 3510 Πιστὸς
923 3449 951 3500 6
984 3446 1157 3515 λόγος,
1188 3447 1270 3500 ὅτι
1312 3447 1516 3520 Ἰησοῦς
1557 3449 1790 3520 Χριστὸς

198 3531 376 3607 ἦλθεν
424 3535 535 3606 (99)
577 3538 657 3600 εἰς
686 3536 777 3590 τὸν
823 3538 1025 3608 κόσμον
1065 3539 1422 3611 ἁμαρτωλοὺς
1473 3541 1663 3605 σῶσαι,
1714 3535 1788 3595 ὧν

201 3627 430 3699 πρῶτός
460 3630 576 3698 εἰμι
614 3629 742 3697 ἐγώ.
784 3650 802 3681 ›
837 3631 948 3684 Οὐκ
993 3626 1108 3684 οἶδα
1155 3631 1198 3683 δ’
1227 3633 1374 3694 ὅπως
1407 3631 1698 3686 ἐπελάθετο
1753 3635 1786 3706 ἢ

199 3721 310 3774 οὐκ
341 3721 566 3792 ἐνόησεν
599 3723 725 3794 περὶ
771 3722 981 3776 Παύλου
1028 3741 1092 3776 τι-
1137 3725 1329 3788 εἰπεῖν,
1375 3723 1470 3777 τοῦ
1523 3727 1661 3796 μετά
1698 3726 1790 3779 τὸν

215 3812 433 3884 Ἰησοῦν
455 3813 553 3878 τὰς
590 3818 648 3868 ἐν
685 3816 902 3888 Χριστῷ
954 3816 1221 3887 πήξαντος
1260 3818 1602 3888 Ἐκκλησίας.
1630 3819 1790 3882 Εἰκὸς

202 3904 340 3977 γὰρ,
373 3905 456 3958 ὃτι
480 3905 625 3977 ἐώρα
643 3907 848 3960 δεῖσθαι
881 3907 1027 3977 αὐτῷ
1047 3907 1338 3976 ἀπολογίας
1369 3909 1458 3961 τὸν
1489 3909 1616 3980 περὶ
1643 3908 1788 3962 Παύ-

201 3997 300 4052 λου
362 3997 540 4066 λόγον,
587 3998 725 4063 πῶς,
754 3997 948 4064 διώξας
990 4000 1087 4071 τὴν
1122 3999 1445 4071 Ἐκκλησίαν
1482 4000 1578 4053 τοῦ
1625 4001 1784 4064 Θεοῦ,

202 4094 305 4147 καὶ
371 4091 584 4163 πικρῶς
627 4093 1033 4164 ἀγωνισάμενος
1077 4092 1217 4146 κατὰ
1259 4094 1366 4145 τῶν
1402 4095 1784 4160 πιστευόντων,

202 4187 282 4250 ὡς
307 4186 406 4239 καὶ
438 4187 520 4250 εἰς
565 4186 791 4240 Θάνατον
829 4185 1176 4257 παραδιδόναι
1213 4185 1414 4239 ἐθέλειν
1446 4187 1572 4250 τοὺς
1612 4184 1786 4257 Ἰησοῦ

207 4279 488 4349 μαθητὰς,
517 4278 743 4350 ὕστερον
777 4279 868 4331 ἐπὶ
904 4277 1154 4332 τοσοῦτον
1196 4277 1541 4348 μετεϐάλετο,
1573 4277 1649 4341 ὡς
1680 4278 1788 4330 ἀπὸ

216 4372 582 4445 Ἰερουσαλὴμ
613 4371 776 4442 μέχρι
810 4371 904 4424 τοῦ
947 4369 1240 4442 Ἰλλυρικοῦ
1274 4369 1694 4443 πεπληρωκέναι
1735 4369 1798 4421 τὸ

277 4558 329 4592 ³³
357 4555 550 4612 Matth.
607 4572 687 4612 tx.
729 4557 816 4614 57.
894 4556 941 4588 ⁵⁸
967 4556 1098 4610 Luc.
1137 4571 1191 4620 v,
1221 4558 1276 4612 8.
1313 4556 1395 4600 -"
1435 4556 1452 4608 ι
1490 4556 1630 4611 Tim.
1673 4572 1715 4616 ι.
1755 4556 1809 4612 5.

346 4716 402 4771 5)
443 4717 592 4771 Ἐ’πα

283 4716 402 4788 (95)
443 4715 977 4786 Ἐπαπέλλωνταα
1026 4715 1104 4768 Ita
1135 4715 1292 4768 codd.
1323 4715 1524 4785 Regius
1549 4723 1604 4767 et
1633 4715 1779 4767 Basi-

209 4788 438 4844 lecnsis.
473 4787 612 4841 Edtti
640 4802 770 4840 vero
790 4784 1211 4854 ἐπαγγέλωνται.
1239 4785 1434 4838 Ibidem
1472 4784 1592 4854 libri
1625 4784 1779 4854 editi,

207 4862 259 4912 οἰ
280 4857 376 4938 -μὴ
427 4856 786 4938 ὑπὸ⁴δύναμιν
814 4851 968 4938 Θείαν
1017 4852 1665 4938 ἐχοντεςιπρρσάγεσθαιὶ
1692 4851 1780 4936 δο-

208 4923 445 4991 κοῦντες
482 4926 559 4997 τῷ
603 4923 768 4996 λόγῳ.
814 4927 969 4979 Deest
1001 4923 1281 4997 _in'_cod_d.
1328 4923 1496 4997 llcgio
1525 4933 1579 4997 et
1627 4923 1780 4997 [iasi-

212 4999 389 5054 leensi
419 4993 731 5061 δοκοῦντες,
753 5007 806 5050 et
838 4997 972 5048 bene
1000 4994 1293 5048 Philocalia
1324 4994 1524 5046 omittit
1555 4993 1680 5046 ὑπό.

285 5067 403 5149 (96)
432 5066 738 5149 Spencerps
761 5067 812 5119 in
845 5063 1291 5149 ιθχιιιηέκδάλλῃ,
1326 5065 1420 5118 sed
1447 5062 1782 5118 llmscltelius

209 5148 265 5192 et
296 5134 545 5208 quinque
567 5137 788 5208 codices
820 5150 974 5208 mss.,
1006 5134 1229 5208 ἐκϐάλῃ.

285 5203 404 5277 (97)
448 5203 789 5277 Hmschelius
827 5205 879 5258 in
929 5213 1106 5277 textu,
1140 5203 1562 5276 ἐκφαινομένην,
1597 5204 1786 5273 sicque

211 5275 325 5331 duo
353 5275 516 5332 cOdd.
548 5275 815 5337 Vaticani,
845 5276 939 5329 sed
978 5275 1169 5342 reliqui
1209 5291 1335 5329 mss.
1368 5287 1422 5327 et
1453 5277 1784 5342 Spencerus,

208 5347 645 5419 ἐμφαινομένην,
695 5345 894 5419 Ibidem
939 5361 1040 5419 pro
1077 5345 1579 5419 ἀπαγγελλομένην,
1607 5342 1783 5398 Bobe-

211 5415 352 5471 riello
387 5415 734 5487 scribendum
765 5417 996 5477 videtur,
1026 5415 1522 5487 ἐπαγγελλομένην,

283 5487 401 5559 (98)
456 5485 741 5559 Baprd6a_
800 5484 1091 5559 καθολικῇ
1154 5484 1470 5559 ἐπιστολῇ
1516 5484 1782 5559 Ilieron.,

210 5554 392 5610 Catal.
420 5554 600 5622 script.
633 5554 841 5627 coclea,
875 5556 926 5608 in
956 5555 1118 5627 Barn.
1154 5555 1782 5627 εΑΒαρνάϐας-Κύπριος,

207 5631 237 5680 ὁ
266 5627 362 5698 καὶ
409 5627 604 5698 Ἰωσὴφ
629 5625 879 5698 Λευίτης,
915 5625 1049 5698 μετά
1079 5625 1290 5698 Παύλου
1326 5626 1435 5698 τῶν
1458 5625 1622 5698 ἐθνῷν
1649 5625 1788 5698 ἀπόο

213 5697 401 5761 στολος
455 5695 835 5768 κατασταθεὶς,
882 5695 1174 5768 μίαν-πρὸς
1201 5696 1486 5768 οἰκοδομὴν
1525 5697 1622 5766 τῆς
1663 5697 1786 5768 Ἑκ-

213 5769 444 5840 κλησξας
488 5765 776 5840 ἐπιστολὴν
805 5765 1125 5840 συνέταξεν,-
1144 5768 1262 5838 ἦτις
1287 5765 1502 5840 εἰςτὰς
1548 5765 1789 5840 ἀποκρύ-

213 5834 350 5908 φους
386 5838 604 5909 γραφὰς
632 5834 1080 5903 ἀναγινώσκεται.
1113 5834 1178 5890 Iuv
1199 5839 1384 5893 eadem
1417 5838 1644 5906 cpistola
1673 5834 1787 5894 haec

540 5933 791 5990 I‘nnor.
838 5929 954 5990 Gn.
993 5930 1102 5990 XI.

1897 3444 2262 3509 Timotheum,
2305 3445 2386 3500 sic
2432 3445 2674 3503 scribit:
2732 3465 2750 3498 ι
2809 3447 3010 3503 Fidelis
3064 3463 3264 3514 sermo,
3322 3451 3468 3518 quod

1896 3539 2153 3594 Christus
2188 3535 2350 3592 Iesus
2380 3537 2526 3593 venit
2555 3538 2606 3592 in
2661 3538 2802 3594 hunc
2851 3541 3110 3593 mundum
3154 3551 3469 3610 peccatores

1897 3629 2078 3684 salvos
2107 3628 2310 3695 facere,
2339 3643 2572 3698 quorum
2598 3629 2805 3698 primus
2831 3646 2930 3700 ego
2955 3647 3073 3686 sum
3109 3632 3175 3688 ".
3209 3651 3228 3684 ι
3272 3633 3343 3686 At
3370 3649 3468 3688 nc-

1896 3723 2011 3779 scio
2041 3723 2312 3792 quomodo
2335 3723 2534 3778 oblitus
2555 3722 2721 3777 fuerit
2749 3730 2840 3776 aut
2882 3738 2948 3777 ne
2972 3723 3221 3794 cogitarit
3247 3725 3468 3793 quidem

1901 3816 2231 3870 mentionem
2275 3817 2454 3872 facere
2479 3817 2544 3872 de
2586 3814 2773 3880 Paulo,
2797 3815 2888 3884 qui
2920 3826 3042 3885 post
3065 3814 3248 3871 Iesum
3281 3817 3468 3873 Eccle-

1895 3909 2006 3964 sias
2037 3909 2090 3962 in
2115 3909 2336 3966 Christo
2381 3911 2684 3966 constituit.
2720 3909 3024 3964 Verisimile
3063 3920 3148 3965 cst
3195 3910 3350 3965 illum
3385 3912 3467 3966 vi-

1897 4001 2042 4055 disse
2075 4017 2181 4056 non
2217 4017 2378 4070 posse
2410 4017 2469 4057 se
2499 4005 2564 4057 de
2589 4001 2753 4056 Paulo
2781 4001 2946 4069 loqui,
2995 4001 3124 4070 quin
3179 4002 3340 4056 simul
3385 4017 3471 4056 ra-

1899 4092 2100 4146 tionem
2136 4093 2383 4147 redderet
2411 4109 2528 4157 cur,
2561 4093 2653 4161 qui
2679 4093 2853 4147 fuerat
2881 4093 3180 4148 Ecclesiam
3215 4093 3308 4147 Dei
3349 4109 3471 4163 per-

1897 4193 2136 4250 secutus,
2171 4183 2359 4238 fideles
2382 4185 2648 4239 acerrime
2672 4185 2966 4240 insectatus
2992 4183 3203 4251 fuerat,
3235 4185 3362 4241 Jcsu
3391 4189 3470 4242 di-

1896 4276 2134 4345 scipulos
2163 4278 2321 4330 Illnl‘li
2350 4276 2565 4330 tradere
2584 4277 2956 4332 obstinaverat
2981 4277 3048 4344 ⁸⁸,
3073 4278 3117 4332 is
3140 4294 3308 4348 usque
3335 4283 3470 4334 adeo

1907 4379 2147 4424 mutatus
2179 4369 2366 4434 fuerit,
2398 4382 2456 4422 ut
2488 4385 2517 4423 a
2555 4369 2854 4424 Jerusalem
2889 4371 2955 4424 ad
2989 4367 3259 4443 Illyricum
3287 4369 3468 4423 Evan-

1885 4556 1932 4587 “
1974 4555 2209 4620 Actﬁtx,
2242 4556 2288 4609 I.

698 4697 990 4785 λλωντὰι,
1026 4712 1104 4768 Ita
1135 4715 1292 4768 codd.
1323 4713 1524 4785 Regius
1549 4723 1604 4767 et
1633 4714 1782 4785 Basi-

1897 4713 2051 4785 vcriia
2077 4720 2393 4785 occurrunt,
2413 4725 2554 4785 pag.
2587 4711 2652 4765 16
2684 4728 2698 4764 :
2735 4711 2854 4785 Ὅτι
2892 4710 2948 4762 δὲ
2980 4709 3107 4785 τοὺς
3140 4703 3313 4785 ἰδίους

1891 4783 2297 4852 στόλους,ντοῦς
2358 4777 2648 4852 μέλλοντας
2703 4780 2995 4852 κηρύσσειν
3033 4780 3095 4852 τὸ
3139 4777 3470 4852 Εὐαγγέλιον

1890 4853 2075 4916 αὑτοῦ,
2106 4849 2387 4918 ἐξελέξατο
2425 4851 2583 4922 δντας
2621 4849 2980 4922 ὐπὲρξπᾷσαν
3022 4849 3302 4922 ἀμαρτίαν
3339 4850 3466 4922 ἀνο-

1933 4916 2192 4994 ωτέρους,
2236 4916 2324 4994 ἵνα
2358 4921 2504 4994 δείξῃ
2538 4923 2618 4974 ὅτι
2657 4916 2754 4994 οὐκ
2787 4916 2918 4991 ἦλθε
2949 4916 3173 4994 καλέσαι
3206 4917 3464 4994 δικαίους,

1933 4941 2192 4994 ωτερους,
2238 4941 2324 4976 ινα
2358 4941 2504 4992 οειςῃ
2538 4941 2618 4974 οτι
2657 4941 2754 4974 ουκ
2787 4941 2918 4991 mea
2949 4941 3173 4972 καΛεσαι
3206 4941 3464 4982 οικαιους,

1891 4941 2003 5045 ἀλλ’
2059 4993 2416 5064 ἁμαρτωλοὺς
2459 4995 2539 5054 εἰς
2601 4991 2909 5064 μετάνοιαν.
2940 4989 3342 5064 _Ilierou._‘lib.
3403 5003 3466 5042 ιιι

1893 5057 2139 5117 adversus
2176 5057 2451 5132 I‘elngian.
2497 5083 2514 5119 :
2549 5079 2567 5112 ι
2601 5057 2870 5132 lgnalius.
2904 5059 2984 5132 vir
3022 5057 3378 5132 apostolicus
3410 5069 3468 5110 et

1897 5144 2122 5203 martyr,
2155 5129 2670 5187 scribitaudacter':
2693 5129 2866 5198 Elegit
2899 5129 3149 5203 Dominus
3176 5129 3462 5203 apostolos,

1893 5205 1983 5273 qui
2015 5199 2168 5271 super
2187 5203 2418 5273 homines
2443 5210 2737 5273 peccatores
2762 5209 2927 5273 erant.
2963 5199 3091 5273 Sed,
3119 5213 3243 5252 cum
3271 5199 3322 5252 in
3351 5207 3464 5273 toto

1897 5267 2104 5342 lgnatio
2147 5273 2276 5326 nihil
2325 5267 2630 5339 hujusmodi
2673 5271 2910 5342 reperire
2935 5270 3026 5342 sit,
3063 5279 3194 5342 puto
3233 5267 3463 5342 esseda-

1896 5338 2075 5412 p'sumi
2123 5338 2432 5403 memoriae;
2483 5351 2539 5395 et
2585 5338 2746 5410 quod
2786 5339 3048 5412 Barnabae
3111 5338 3460 5412 tribuendum

1893 5407 2032 5473 erat.
2061 5411 2268 5483 lgnatio
2316 5412 2482 5466 fuisse
2527 5407 2810 5465 tributum.
2846 5429 2866 5462 ι
2913 5409 3177 5472 Menard.,
3217 5407 3270 5461 iu
3322 5407 3463 5461 notis

1894 5486 1958 5537 ad
1991 5482 2152 5536 Βιιιιι.
2187 5482 2352 5552 Epist.
2386 5483 2649 5537 Spsucsn.

1965 5552 2077 5677 (99)
2115 5547 2453 5634 llmscltelius
2477 5563 2532 5607 et
2557 5553 2886 5635 Spencerus,
2928 5549 3134 5633 Ἰησοῦς
3159 5547 3400 5632 ’Χριστὸς
3432 5549 3462 5601 6

2003 5641 2027 5677 :
2049 5623 2232 5677 τιλθεν.
2268 5624 2373 5677 Sed
2406 5640 2459 5677 tn
2496 5639 2623 5677 mss.
2661 5622 2852 5677 Remo.
2878 5621 3172 5676 Basrleenst
3220 5630 3270 5673 et
3330 5621 3462 5671 duo-

1895 5621 2027 5685 Θεὸς
2049 5621 2232 5696 ἦλθεν.
2268 5624 2373 5696 Sed
2406 5624 2459 5677 in
2496 5621 2623 5696 mss.
2661 5622 2852 5696 Regio,
2878 5621 3172 5676 Basileensi
3196 5621 3462 5696 _ctmd-uo-

1897 5697 1996 5747 Ims
2031 5689 2344 5762 A'uglicauis
2384 5695 2617 5748 secundo
2643 5705 2694 5746 et
2726 5689 2908 5758 tcrtio,
2931 5707 3027 5747 nec
3057 5705 3164 5744 non
3195 5691 3246 5744 in
3284 5689 3463 5762 Philo-

1895 5766 2028 5836 ealia
2083 5761 2233 5818 deest
2291 5765 2319 5816 6
2369 5764 2521 5830 Θεός,
2571 5765 2715 5836 quod
2769 5765 2920 5819 abest
2960 5763 3122 5818 etiam
3173 5776 3206 5816 a
3244 5761 3464 5830 vulgat.)

1898 5835 2047 5890 I’auli
2083 5845 2256 5890 textu.

3051 5923 3127 5982 2‘5

3359 399 3461 454 778
3535 411 3595 456 κοί
