4002 6550
141 423 264 478 τοι

1373 419 1653 478 CONTRA
1685 417 1961 476 CELSUM
2001 418 2128 477 LIB.
2169 419 2212 476 Ι.

3305 417 3413 474 78:7.

140 542 425 616 πειρᾶται
486 541 626 613 ὑπὲρ
685 541 780 596 τοῦ
821 542 1168 597 καταστεῖλαι
1215 541 1285 596 τὰ
1331 545 1389 597 ὲν
1435 543 1742 615 ἀνθρώποις

1862 551 1909 596 ιιι
1929 542 1979 596 in
2003 541 2312 597 hominibus
2341 541 2647 596 animarum
2669 541 2895 596 affectus
2923 541 3197 606 cohibeat,
3221 555 3414 610 parum

139 635 317 706 πάθη
348 635 456 688 τῶν
493 635 703 706 ψυχῶν,
748 639 822 709 μὴ
867 638 1377 710 προσποιησάμενος
1403 637 1476 708 (ϐ)
1503 640 1652 690 ποῖον
1683 637 1743 689 τὸ

140 725 262 797 τῆς
305 726 560 798 ἀληθείας
604 730 720 780 ἐστὶ
751 729 947 799 δόγμα,
981 729 1304 800 θεραπεύειν
1327 731 1467 783 κατά
1498 729 1595 792 τὰς
1632 729 1744 782 δια-

144 819 366 888 φόρους
393 820 641 890 αἱρέσεις
671 822 797 883 τοὺς
826 822 883 873 ὲν
916 823 1028 883 τοῖς
1057 818 1249 873 πάθεσι
1284 818 1746 889 προκατειλημμέ-

141 923 309 974 νους,
351 909 446 962 καί
481 926 665 980 φησιν’
709 911 790 963 ὅτι
843 929 859 961 ι
919 909 1036 963 Κᾶν
1079 910 1238 982 ἡδονὴ
1269 909 1420 972 τέλος
1445 905 1509 983 ᾖ,
1549 911 1745 962 οὑτωσὶ

143 999 530 1071 θεραπευτέον
559 1001 630 1054 τὰ
669 1001 839 1070 πάθη’
892 1001 994 1055 κᾶν
1028 1002 1154 1074 τρία
1185 1001 1316 1073 γένη
1359 1002 1466 1054 τῶν
1504 1000 1742 1069 ἀγαθῶν,

143 1097 317 1150 οὐδὲν
368 1092 531 1168 ἦττον
581 1094 677 1148 καὶ
731 1094 868 1147 κατά
915 1093 1005 1146 τὸν
1047 1093 1201 1162 λόγον
1235 1093 1441 1156 τοῦτον,
1484 1094 1590 1146 τῶν
1637 1111 1744 1145 πα-

146 1185 270 1238 θῶν
324 1185 403 1255 (7)
450 1183 625 1246 οὕτως
669 1183 1039 1237 ἀπαλλακτέον
1079 1183 1205 1244 τοῦς
1258 1183 1608 1254 ἐνεχομένους
1647 1183 1744 1236 αύ-

144 1280 296 1340 τοῖς.
338 1297 358 1328 ι
398 1278 461 1330 Oi
491 1276 548 1330 δὲ
578 1277 872 1347 κατήγοροι
901 1275 996 1328 τοῦ
1026 1274 1452 1346 Χριστιανισμοῦ
1479 1277 1576 1346 οὐχ
1608 1275 1746 1346 ὁρῶ-

149 1386 273 1433 σιν,
302 1370 448 1423 ὅσων
477 1369 627 1440 πάθη
660 1367 756 1422 κα)⁵
805 1368 944 1420 ὅσων
974 1366 1126 1437 χύσις
1151 1368 1346 1430 κακίας
1393 1369 1746 1421 καταστέλλε-

146 1477 274 1525 eat,
321 1461 422 1514 καὶ
465 1460 604 1514 ὅσων
641 1461 806 1530 ἄγρια
855 1458 960 1529 ἢθη
1008 1458 1303 1531 ἡμεροῦται
1351 1459 1618 1530 προφάσει
1651 1460 1744 1512 τοῦ

145 1550 344 1621 λόγου.
383 1545 456 1623 ⁷1)
493 1551 598 1604 ἔδει
625 1551 926 1621 αὐχοῦντας
960 1551 1157 1614 αὐτοὺς
1215 1552 1274 1604 τὸ
1321 1552 1632 1604 κοινωνικὸν
1671 1551 1745 1621 (8)

148 1645 400 1716 χάριτας
421 1643 722 1714 ὁμολογεῖν,
751 1646 910 1713 καινῇ
957 1643 1165 1714 μεθόδῳ
1193 1642 1402 1695 πολλῶν
1431 1644 1618 1696 κακῶν
1649 1662 1746 1714 με-

148 1737 502 1806 ταστήσαντα
527 1737 654 1798 τοὺς
679 1734 1018 1806 ἀνθρώπους
1042 1735 1137 1787 καὶ
1170 1738 1464 1807 μαρτυρεῖν
1489 1753 1550 1803 γε
1575 1735 1745 1806 αὐτῷ,

148 1830 204 1881 εἰ
238 1829 338 1880 καὶ
393 1828 467 1898 μὴ
499 1826 772 1898 ἀλήθειαν,
816 1825 950 1880 ἀλλά
987 1826 1047 1878 τὸ
1083 1825 1355 1890 λυσιτελὲς
1396 1826 1474 1898 τῷ
1512 1827 1619 1879 τῶν
1651 1827 1746 1880 ἀν-

148 1919 183 1972 θ
188 1919 409 1992 ρώπων
437 1919 600 1988 γένει.

241 2030 409 2084 Ἐπεὶ
437 2031 492 2083 δὲ
625 2029 696 2101 (9)
728 2033 1020 2102 προπετεῖς
1047 2029 1309 2084 διδάσκων
1335 2032 1459 2095 τοὺς
1499 2032 1747 2103 μαθητὰς

151 2124 184 2175 6
225 2121 466 2192 Ἰησοῦς,
496 2121 684 2189 ἔλεγεν
712 2122 894 2184 αὐτοῖς
924 2122 1004 2174 τό·
1053 2141 1071 2172 ι
1125 2121 1250 2174 Ἐάν
1295 2121 1562 2175 διώκωσιν
1605 2125 1748 2195 ὑμᾶς

161 2215 226 2266 ὲν
258 2215 328 2282 τῇ
368 2213 524 2265 πόλει
547 2213 739 2284 ταύτῃ,
769 2215 998 2282 φεύγετε
1046 2215 1126 2277 εἰς
1165 2213 1261 2285 τὴν
1301 2214 1508 2286 ἑτέραν·
1558 2215 1658 2269 κᾶν
1692 2220 1747 2269 ἐν

155 2306 229 2374 τῇ
264 2302 436 2375 ὲτιξρεξ⁴
463 2301 718 2369 διώκωσι,
769 2304 928 2358 πάλιν
971 2304 1199 2372 φεύγετε
1238 2307 1316 2368 εἰς
1357 2307 1454 2376 τὴν
1496 2307 1678 2378 ἄλλην·
1725 2329 1743 2360 ›

156 2394 256 2446 καὶ
283 2393 560 2446 διδάσκων
605 2393 952 2464 παράδειγμα
989 2393 1170 2455 αὐτοῖς
1203 2393 1411 2462 ἐγίνετο
1455 2395 1751 2458 εὐσταθοῦς

158 2487 304 2556 βίου,
335 2487 751 2558 οἰκονομοῦντος
782 2489 854 2560 μὴ
885 2489 1025 2558 εἰκῆ,
1065 2488 1195 2559 μηδὲ
1226 2487 1467 2556 ἀκαίρως
1498 2487 1591 2538 καὶ
1624 2486 1749 2538 ἀλό-

156 2595 276 2646 γως
325 2579 499 2648 ὁμόσε
538 2583 736 2650 χωρεῖν
782 2582 894 2642 τοῖς
941 2578 1222 2641 κινδύνοις·
1265 2577 1422 2630 τοῦτο
1467 2577 1625 2630 πάλιν
1655 2597 1753 2630 κα-

158 2669 422 2741 κουργῶν
467 2672 497 2723 ό
545 2671 752 2733 Κέλσος
800 2668 1093 2735 διαϐάλλει,
1149 2668 1241 2722 καί
1292 2685 1423 2738 φησι
1479 2670 1614 2740 πρὸς
1662 2668 1752 2722 τὸν

171 2758 395 2831 Ἰησοῦν
428 2761 457 2812 ὁ
484 2761 613 2832 παρ’
653 2760 801 2830 αὐτῷ
845 2760 1113 2825 Ἰουδαῖος,
1150 2761 1230 2813 ὅτι
1271 2779 1288 2810 ι
1330 2759 1486 2812 Μετά
1512 2759 1620 2812 τῶν
1653 2778 1754 2831 μα-

159 2851 348 2924 θητῶν
364 2851 491 2922 τῇδε
509 2852 728 2904 κάκεῖσε
754 2851 1187 2923 ἀποδιδράσκεις.
1221 2871 1237 2901 ι
1268 2853 1492 2922 Ὅμοιον
1522 2847 1628 2925 δεῇ
1654 2870 1753 2905 πε-

162 2943 395 3013 ποίηται
423 2941 566 2995 κατά
602 2941 778 3014 Ἰησοῦ
813 2942 906 2995 καὶ
932 2942 1038 2994 τῶν
1069 2942 1320 3014 μαθητῶν
1347 2943 1562 3015 διαϐολῇ
1597 2945 1756 3016 φήσοο

164 3053 265 3105 μεν
303 3034 423 3105 (10)
457 3035 595 3088 εἶναι
643 3035 737 3086 καὶ
780 3035 843 3086 τὸ
887 3034 1015 3105 περὶ
1061 3032 1466 3104 Ἀριστοτέλους
1515 3035 1755 3105 ἱστορού-

165 3143 353 3197 μενονο
398 3120 553 3190 οὗτος
594 3129 724 3198 γάρ,
775 3124 897 3178 ἰδὼν
947 3125 1358 3196 συγκροτεῖσθαι
1403 3125 1592 3195 μέλλον
1635 3126 1752 3179 καθ’

163 3217 338 3271 αὐτοῦ
382 3217 764 3288 δικαστήριον,
793 3217 867 3280 ὡς
894 3215 1034 3269 κατά
1069 3215 1316 3282 ἀσεϐοῦς,
1361 3217 1448 3270 διά
1487 3233 1605 3268 τινα
1637 3216 1756 3285 δόγ-

168 3328 321 3380 ματα
345 3310 450 3381 τῆς
483 3309 798 3379 φιλοσοφίας
825 3309 1012 3373 αὐτοῦ,
1046 3308 1081 3362 a
1113 3309 1368 3379 ἐνόμισαν
1415 3305 1552 3363 εἶναι
1585 3308 1755 3376 ἀσεϐῆ

177 3399 481 3471 Ἀθηναῖοι,
513 3400 874 3471 ἀναχωρήσας
912 3399 1019 3452 ἀπὸ
1060 3398 1168 3451 τῶν
1213 3400 1451 3472 Ἀθηνῶν
1473 3443 1486 3465 ,
1524 3402 1580 3454 ὲν
1615 3399 1758 3452 Χαλ-

164 3492 277 3546 κίδι
307 3491 427 3562 (Η)
460 3491 560 3555 τὰς
588 3490 870 3562 διατριϐὰς
908 3491 1200 3560 ἐποιήσατο
1219 3533 1232 3556 ,
1279 3492 1758 3562 ἀπολογησάμενος

166 3589 280 3649 τοῖς
303 3584 626 3656 γνωρίμοις,
652 3585 745 3636 καὶ
766 3583 952 3636 εἰπών·
983 3603 999 3634 ι
1043 3583 1314 3654 Ἀπίωμεν
1343 3584 1450 3636 ἀπὸ
1471 3584 1576 3636 τῶν
1609 3582 1760 3653 Ἀθηο

168 3680 298 3746 νῶν,
334 3679 426 3732 ἴνα
460 3678 534 3748 μὴ
559 3678 834 3747 πρόφασιν
878 3677 1059 3748 δῶμεν
1107 3677 1413 3748 Ἀθηναίοις
1443 3676 1538 3730 τοῦ
1573 3677 1758 3730 δεύτε-

171 3790 263 3845 ρον
297 3773 442 3840 ἄγος
485 3769 770 3824 ἀναλαϐεῖν
806 3770 1188 3841 παραπλήσιον
1235 3769 1313 3839 τῷ
1340 3769 1499 3847 ⁸κατά
1528 3769 1759 3841 Σωκρά-

170 3881 322 3928 τους,
358 3863 455 3917 κα“ι
492 3863 580 3915 ἴνα
625 3861 698 3932 μὴ
736 3861 981 3932 δεύτερον
1010 3861 1088 3923 εἰς
1126 3860 1439 3930 φιλοσοφίαν
1477 3860 1759 3930 ἀσεϐήσω-

175 3973 278 4009 σιν.
336 3973 358 4006 ι
408 3954 549 4024 Φησὶ
603 3952 660 4004 δὲ
702 3970 720 4003 ι
768 3951 858 4004 τὸν
923 3951 1131 4022 Ἰησοῦν
1187 3949 1324 4022 μετά
1364 3951 1471 4003 τῶν
1507 3949 1761 4020 μαθητῶν

174 4044 426 4117 αἰσχρῶς
451 4044 544 4096 καὶ
571 4042 839 4113 γλίσχρως
866 4041 963 4105 τὰς
993 4039 1197 4112 τροφάς
1225 4040 1548 4108 συλλέγοντα
1604 4054 1765 4109 περι·

165 4133 726 4208 εληλυθέναι.ιῙῙόθεν
741 4129 940 4195 λαϐὼν,
977 4129 1391 4198 ἀπαγγελλέτω,
1432 4128 1494 4181 τὸ
1541 4128 1762 4199 αἰσχρὸν

176 4228 271 4279 καὶ
295 4225 362 4277 τὸ
393 4223 650 4294 γλίσχρον
685 4223 786 4293 τῆς
816 4221 1098 4291 συλλογῆς·
1133 4224 1191 4275 ἐν
1217 4221 1324 4294 γὰρ
1363 4224 1476 4284 τοῖς
1522 4221 1764 4287 Εὑαγγε-

177 4318 315 4381 λίοις
337 4317 598 4384 γυναῖκές
619 4332 782 4379 τινες,
818 4313 1285 4384 τεθεραπευμέναι
1335 4313 1443 4365 ἀπὸ
1467 4312 1576 4366 τῶν
1606 4311 1765 4364 ἀσθε-

179 4409 342 4465 νειῶν
371 4407 573 4471 αὐτῶν,
601 4409 659 4460 ὲν
680 4401 766 4469 αἶς
803 4401 870 4476 ἦν
899 4404 994 4457 καὶ
1034 4404 1288 4456 Σωσάννα
1331 4401 1462 4472 (l2),
1505 4391 1764 4472 παρεῖχον

179 4505 293 4566 τοῖς
358 4500 628 4572 μαθηταῖς
665 4501 729 4551 ὲκ
770 4497 878 4551 τῶν
913 4497 1261 4568 ὑπαρχόντων
1307 4496 1496 4557 αὑταῖς
1535 4493 1758 4564 τροφάς’

1852 650 2050 688 curare
2082 636 2371 704 qualenam
2399 635 2470 689 sit
2505 635 2750 690 veritatis
2789 635 3008 704 dogma,
3078 634 3172 687 sed
3214 633 3279 687 iis
3322 635 3413 701 qni

1847 727 1994 782 vitiis
2021 737 2378 797 occupantur,
2411 728 2651 782 remedia
2682 726 2869 782 conari
2923 725 3183 780 adbibere
3215 740 3413 778 secun-

1847 820 1974 873 dum
2012 819 2156 872 varia
2202 829 2472 875 sectarum
2519 820 2808 890 principia.
2861 818 3001 873 Dicit
3035 827 3214 871 autem
3251 837 3264 872 :
3295 837 3313 868 ‹
3355 819 3413 871 Si

1847 909 2091 979 voluptas
2119 925 2388 966 summum
2444 913 2644 967 bonum
2690 912 2783 976 sit,
2823 912 2924 965 hac
2975 910 3186 964 ratione
3236 910 3415 963 curari

1847 1010 2063 1070 oportet
2102 1004 2566 1072 perturbationes;
2607 1003 2688 1056 sin
2730 1003 2831 1056 tria
2887 1002 2997 1056 sint
3037 1003 3303 1056 bonorum
3333 1019 3418 1072 ge-

1849 1108 2001 1156 nera,
2028 1094 2128 1148 bac
2165 1096 2353 1148 itidem
2387 1096 2658 1150 sententia
2694 1093 2953 1149 utendum
2987 1094 3092 1148 erit
3125 1095 3190 1148 ad
3219 1109 3417 1148 sanan-

1849 1185 1948 1240 dos
1978 1185 2097 1240 illos
2123 1187 2214 1255 qui
2245 1187 2748 1256 perturbationibus
2777 1193 3063 1239 vexantur.
3113 1205 3132 1237 ι
3180 1186 3250 1240 At
3291 1187 3418 1240 reli-

1850 1277 2026 1346 gionis
2051 1288 2249 1332 nostra:
2276 1281 2700 1333 calumniatores
2731 1295 2837 1334 non
2878 1280 3066 1334 vident
3119 1287 3252 1347 quot
3301 1279 3418 1332 fue-

1852 1369 1986 1430 rint,
2039 1384 2265 1437 quorum
2312 1371 2748 1440 perturbationes
2806 1371 3232 1440 compescuerit;
3289 1378 3420 1439 quot

1854 1477 2085 1531 quorum
2126 1463 2256 1516 vitia
2313 1465 2670 1532 represserit;
2721 1475 2852 1532 quot
2903 1479 3130 1531 quorum
3164 1463 3418 1517 efferatos

1851 1567 2030 1607 mores
2064 1554 2306 1608 doctrina
2345 1554 2785 1611 mansuefecerit.
2831 1555 2992 1622 Atqui
3036 1569 3250 1622 mquum
3303 1565 3423 1608 erat

1851 1645 1992 1708 illos,
2023 1645 2114 1714 qui
2150 1661 2306 1699 suum
2338 1663 2467 1715 erga
2503 1648 2824 1701 societatem
2854 1655 3137 1714 tantopere
3177 1643 3419 1698 stttdium

1856 1735 2158 1798 venditum,
2189 1737 2450 1790 doctrina:
2483 1752 2617 1790 nova
2648 1738 2856 1791 ratione
2904 1736 3182 1792 hominum
3215 1735 3426 1790 morbis

1855 1825 2088 1879 medenti
2115 1828 2321 1896 gratias
2352 1828 2572 1892 habere,
2612 1829 2880 1897 faterique
2910 1844 3056 1892 eam,
3089 1829 3132 1882 si
3169 1841 3294 1882 vera
3313 1842 3421 1882 non

1851 1927 1954 1982 cst,
1978 1918 2170 1971 saltem
2209 1920 2446 1973 humano
2480 1921 2662 1990 generi
2693 1937 2813 1974 esse
2839 1920 3208 1974 utilissimam.

1922 2009 2089 2080 380
2130 2011 2219 2066 65.
2267 2013 2530 2078 Quoniam
2591 2021 2768 2066 autem
2817 2013 2974 2066 Jesus
3001 2011 3294 2080 discipulos
3328 2013 3424 2064 do-

1853 2117 1980 2160 cens
2007 2121 2072 2160 ne
2107 2105 2379 2159 temerarii
2413 2113 2620 2166 essent,
2650 2105 2783 2157 dixit
2813 2105 2915 2157 illis
2951 2120 2966 2156 :
3004 2123 3021 2153 ‹
3055 2103 3188 2156 Cum
3237 2117 3423 2172 persc-

1867 2208 2105 2270 queutur
2139 2214 2231 2252 vos
2264 2197 2315 2250 iu
2349 2197 2566 2249 civitate
2599 2196 2720 2259 ista,
2747 2194 2914 2264 fugite
2957 2195 3006 2247 iu
3057 2195 3238 2248 aliam.
3274 2195 3331 2247 Si
3370 2195 3423 2247 in

1854 2285 1954 2340 hac
1990 2300 2085 2338 vos
2117 2293 2532 2354 persequantur,
2567 2299 2764 2336 rursus
2793 2285 2845 2336 in
2881 2283 3041 2336 aliam
3076 2284 3243 2350 fugite
3275 2283 3355 2348 ⁶⁰;
3399 2301 3418 2334 ι

1854 2377 2123 2446 simulque
2146 2393 2203 2431 se
2242 2377 2347 2429 illis
2398 2377 2704 2446 exemplum
2747 2376 3048 2430 c0nstantis
3104 2377 3427 2445 trauquillm-

1853 2487 1958 2540 que
1983 2472 2106 2524 vitte
2135 2470 2384 2538 praebuit,
2423 2471 2547 2523 dum
2583 2471 2698 2538 ipse
2730 2469 2960 2523 cavebat
2991 2485 3056 2521 ue
3081 2478 3305 2535 temere,
3331 2480 3425 2522 aut

1857 2563 2253 2632 intempestive,
2284 2571 2378 2615 aut
2411 2562 2714 2615 inconsulto
2758 2561 2811 2614 in
2865 2560 3102 2630 pericula
3155 2561 3420 2626 irrueret;

1856 2654 1960 2708 hoc
1990 2668 2205 2705 rursum
2235 2651 2424 2706 Celsus
2449 2652 2684 2721 maligne
2729 2653 2927 2722 carpit,
2975 2660 3029 2707 et
3066 2653 3145 2706 sic
3175 2653 3312 2722 apud
3347 2652 3427 2720 ip-

1861 2743 2226 2798 Stthttda‘us
2248 2742 2432 2796 Jesum
2481 2743 2778 2810 alloquitur
2824 2761 2836 2796 :
2893 2760 2910 2792 ι
2963 2743 3096 2796 Cum
3151 2745 3426 2813 discipulis

1859 2836 1959 2889 hac
2003 2835 2126 2888 illac
2156 2835 2378 2904 fugitas.
2417 2853 2434 2886 ι
2471 2835 2621 2901 Quod
2679 2845 2856 2888 tamen
2882 2834 3004 2888 Jesu
3045 2844 3095 2889 ct
3121 2835 3236 2901 ejus
3260 2836 3422 2888 disci-

1856 2928 1994 2997 pulis
2025 2927 2236 2982 crimini
2273 2928 2454 2990 vertit,
2487 2927 2626 2980 idem
2671 2925 2868 2980 fecisse
2921 2926 3116 2996 legitur
3168 2927 3430 2980 Aristote-

1857 3021 1954 3075 les.
1985 3021 2034 3074 ls
2072 3021 2240 3084 enim,
2286 3037 2406 3074 cum
2445 3019 2782 3088 intelligeret
2818 3021 2922 3074 sibi
2957 3031 3218 3088 tauquam
3261 3022 3426 3089 impio

1857 3122 2076 3181 pmpter
2113 3111 2361 3180 qutedam
2413 3126 2524 3164 suae
2592 3111 2947 3179 pbil030pbize
3006 3112 3253 3180 degmata
3305 3127 3429 3179 qua:

1783 3238 1827 3295 ϐ
1862 3204 2219 3258 Atheuienses
2248 3202 2409 3271 impia
2457 3217 2576 3256 esse
2610 3203 2953 3271 judicabant,
3013 3201 3236 3256 conﬂari
3289 3203 3430 3272 judi-

1861 3299 2043 3359 cium,
2095 3295 2300 3349 relictis
2355 3295 2603 3359 Atbenis,
2651 3294 2704 3347 in
2755 3294 3011 3348 Chalcide
3062 3295 3302 3349 scholam
3335 3297 3432 3350 ha-

1861 3388 1975 3442 buit
2009 3388 2150 3441 :hac
2178 3388 2292 3440 suis
2319 3386 2680 3439 familiaribus
2736 3387 2940 3440 reddita
2992 3387 3128 3455 fuga:
3173 3388 3384 3441 ratione
3415 3431 3430 3444 .

1867 3495 1885 3527 ι
1933 3478 2275 3532 Discedamus
2307 3477 2556 3543 Athenis,
2599 3492 2666 3528 ne
2719 3479 2912 3530 iterum
2949 3479 3103 3532 detur
3131 3478 3432 3534 Athenien-

1861 3571 2012 3624 sibus
2053 3571 2203 3624 locus
2228 3570 2600 3624 committendi
2641 3569 2880 3633 sceleris,
2927 3569 3086 3640 quale
3135 3571 3189 3624 in
3236 3571 3434 3625 Socra—

1866 3670 1971 3714 tem
2013 3662 2444 3727 commiserunt;
2475 3675 2610 3714 neve
2633 3661 2826 3714 iterum
2852 3663 3012 3729 imple
3040 3670 3201 3731 agant
3225 3662 3278 3715 in
3310 3663 3433 3728 phi-

1863 3750 2191 3822 losophiam.
2232 3771 2252 3804 ι
2288 3752 2428 3806 Dicit
2459 3763 2714 3822 prteterea
2753 3770 2771 3803 ι
2807 3751 2990 3806 Jesum
3021 3769 3143 3807 cum
3194 3754 3435 3824 discipu-

1864 3843 1932 3896 lis
1977 3846 2083 3898 bue
2132 3843 2262 3898 illuc
2301 3844 2677 3917 vagabundum
2727 3843 2879 3898 cibos
2927 3843 3246 3910 collegisse;
3291 3863 3309 3896 ι
3340 3847 3436 3900 sed

1864 3934 2068 3988 iudicet
2097 3933 2251 3985 velim
2286 3935 2432 3985 unde
2457 3933 2711 3987 didicerit
2744 3943 2948 4002 turpem
2969 3934 3107 3987 hanc
3129 3934 3435 3989 sordidam-

1863 4040 1968 4094 que
2008 4023 2655 4086 mendicatiouem.,Nam
2683 4024 2974 4094 Evangelia
3000 4034 3223 4079 narrant
3264 4026 3307 4057 ³⁸
3350 4028 3435 4081 fe-

1866 4119 2042 4173 minas
2071 4119 2362 4187 quasdam,
2423 4133 2542 4187 quae
2591 4115 2809 4170 fuerant
2862 4117 2977 4170 suis
3030 4118 3442 4195 infirmitatibus

1866 4210 2144 4276 liberatae,
2199 4209 2339 4262 inter
2386 4223 2521 4277 quas
2567 4217 2620 4260 et
2667 4209 2910 4262 Susanna
2959 4217 3100 4272 erat,
3161 4209 3442 4279 discipulis

1867 4303 2072 4356 victuttt
2115 4318 2144 4356 e
2169 4303 2282 4355 suis
2308 4300 2662 4355 facultatibus
2714 4300 3034 4368 przcbuisse.
3070 4301 3270 4370 Ecquis
3309 4287 3440 4356 vero

1867 4393 2315 4462 philosophorum
2355 4409 2464 4446 tton
2501 4393 2713 4461 accepit
2741 4393 2809 4446 ab
2841 4393 2906 4445 iis
2957 4406 3094 4460 quos
3137 4392 3239 4446 sibi
3282 4401 3441 4445 notos

1868 4485 2214 4550 erudiebant,
2267 4501 2387 4554 qua:
2409 4485 2512 4538 sibi
2546 4493 2707 4539 erant
2739 4484 3087 4538 necessaria?
3142 4484 3362 4538 Scilicet
3390 4485 3443 4538 id

181 4593 277 4658 Τίς
301 4593 363 4646 δὲ
381 4590 490 4646 τῶν
519 4589 968 4660 φιλοσοφούντων,
997 4588 1092 4640 καὶ
1115 4585 1484 4656 ἀνακειμένων
1527 4583 1754 4653 ὠφελείᾳ

1870 4578 2074 4642 facere,
2109 4579 2363 4631 decorum
2387 4577 2510 4630 aliis
2548 4586 2602 4630 et
2629 4577 2910 4629 honestum
2960 4575 3064 4630 fuit
3104 4593 3118 4630 :
3169 4589 3294 4630 eum
3343 4591 3442 4627 au-

182 4684 502 4756 τνωρίμων,
552 4683 652 4736 οὐκ
704 4683 796 4735 ἀπ’
838 4679 1018 4734 αὐτῶν
1067 4678 1336 4748 ἐλάμϐανε
1372 4677 1442 4729 τά
1482 4675 1617 4747 πρὸς
1665 4675 1763 4739 τὰς

184 4775 411 4847 χρείαςς
449 4774 520 4825 Ἦ
568 4774 762 4825 ἐκεῖνοι
813 4770 910 4842 μὲν
947 4769 1104 4821 τοῦτο
1155 4765 1502 4837 καθηκόντως
1550 4764 1764 4817 ἐποίουν

257 4893 306 4924 ⁸⁸
346 4889 536 4945 Matth.
571 4903 627 4952 ι,
663 4888 753 4942 23.
830 4886 871 4918 ⁶¹
907 4885 1036 4940 Luc.
1076 4899 1192 4947 vm,
1239 4883 1290 4936 5.

187 4983 524 5054 qttazstiones
552 4978 989 5040 considerantur,
1037 4977 1101 5026 ad
1148 4975 1271 5054 .Inec
1315 4982 1370 5028 et
1404 4973 1608 5054 in“an
1639 4987 1754 5054 me-

190 5043 353 5106 dendi
383 5051 542 5113 ratio,
567 5063 728 5117 quam
756 5056 966 5116 partem
991 5044 1250 5098 moralem
1276 5043 1518 5117 nonnulli
1559 5044 1755 5117 inscri-

189 5123 348 5184 bunt,
404 5135 510 5172 non
561 5112 688 5172 iiem
735 5112 985 5171 similiter
1016 5128 1348 5184 cognoscere
1395 5112 1759 5182 deprehendi-

192 5202 301 5246 tur.
344 5210 363 5242 ι
401 5190 665 5243 Srsxcsn.

258 5261 341 5334 (6)
366 5253 1237 5334 Hpoc'aorrrp'liysroc._6elenit_ts
1256 5252 1523 5334 interpres
1550 5253 1761 5334 videtur

190 5323 883 5402 Ιοέίέεεζπροορισάμενος.
909 5397 921 5402 _
942 5323 1364 5402 lltesebelﬁiusin
1397 5332 1540 5402 textu
1576 5324 1759 5402 habet,

191 5392 767 5474 ιιιρὀσττοιηὁίἑιμῖενον·⁸
796 5397 959 5474 Paulo
1006 5404 1126 5474 post
1180 5392 1490 5474 Pliilocalia.
1523 5394 1648 5474 τοὺς
1704 5393 1761 5474 ἒν

191 5463 303 5535 τοῖς
339 5463 558 5524 πάθὲσιξ
591 5468 930 5526 Hmschelius
955 5463 1017 5521 et
1035 5467 1358 5535 Spencerus,
1392 5463 1516 5526 τοὺς
1541 5463 1764 5524 καὶτοῖς

194 5545 412 5597 πάθεσι.
687 5552 696 5561 '

267 5613 346 5682 (7)
382 5612 474 5671 Sic
495 5620 641 5682 recte
660 5605 1252 5682 Philoc._Hoescbelius
1305 5617 1436 5682 vero
1489 5611 1543 5658 et
1561 5602 1766 5682 _Spen-

196 5672 376 5754 certis,
401 5683 554 5736 οὐδὲν
595 5677 755 5754 ἦττον
776 5677 915 5732 κατά
955 5677 1047 5731 τὸν
1093 5676 1249 5744 λόγον
1282 5672 1483 5729 τούτων
1519 5674 1625 5726 τῶν
1664 5689 1771 5727 πα·-

195 5753 325 5808 θῶν.

267 5824 345 5895 (8)
395 5809 726 5906 Ρίῄἱοεοίἰα,
783 5813 827 5889 ᾧ
888 5819 995 5873 ἔδει
1059 5819 1258 5882 αὐτοὺς
1311 5818 1628 5888 ἐντυχόντας
1692 5813 1768 5884 τῷ

199 5910 512 5961 κοινωνικῳ.

1872 4679 1978 4725 tem
2008 4671 2148 4724 idem
2184 4669 2392 4724 faciunt
2421 4669 2686 4736 discipuli,
2733 4669 2890 4737 quasi
2920 4670 3149 4739 turpiter
3179 4680 3232 4724 et
3265 4667 3442 4724 sordi-

1873 4765 1938 4818 de
1956 4772 2245 4834 corrogettt
2272 4761 2446 4828 cibos,
2477 4761 2781 4830 culpantur.

1935 4970 2010 5039 (9)
2041 4967 2378 5022 llmscbelius
2401 4979 2454 5022 et
2484 4968 2836 5039 Spencerus,_~
2862 4965 2981 5018 ἐπεὶ
2999 4966 3154 5039 μηδὲ,
3192 4967 3283 5039 sed
3303 4966 3444 5039 Phi-

1864 5035 2057 5094 localia
2085 5048 2142 5090 Ill
2169 5039 2221 5091 in
2253 5050 2440 5093 nostro
2470 5048 2638 5091 textu.
2691 5037 2855 5090 Paulo
2889 5035 3013 5104 post
3057 5035 3336 5093 Hmscbel.
3383 5049 3441 5092 et

1868 5112 2174 5178 Spencerus
2200 5108 2265 5161 ad
2301 5109 2620 5176 marginem,
2651 5107 2745 5159 ἐὰν
2769 5105 3038 5160 διώκωσιν
3064 5107 3207 5177 ὑμᾶς
3240 5109 3305 5160 ὲκ
3337 5107 3440 5178 τῆς

1868 5180 2074 5242 πόλεως
2095 5179 2313 5248 ταύτης.

1942 5252 2054 5317 (10)
2087 5250 2157 5300 Ita
2201 5245 2506 5314 spencerus
2551 5256 2605 5301 et
2651 5261 2841 5302 omnes
2875 5262 3061 5317 _mss.;
3103 5245 3438 5301 llmscbelius

1869 5310 2048 5398 verm;
2070 5310 2480 5398 διαδιδράσκεις,
2521 5319 2721 5398 ..ὅμοιον
2761 5318 2818 5370 δὲ
2868 5310 2912 5385 ᾧ
2961 5317 3252 5388 πεποίηται
3303 5317 3442 5370 κατά

1881 5389 2052 5461 Ἰησοῦ
2078 5390 2172 5461 καί
2198 5387 2316 5461 τῶν
2332 5387 2586 5461 μαθητῶν
2617 5389 2879 5461 φήσομεν.

1941 5455 2052 5530 (ΙΙ)
2110 5459 2215 5530 ΔἘν
2270 5455 2568 5530 Χαλκίδι,
2611 5455 3033 5530 [intm'onius__in
3081 5456 3202 5530 Vita
3247 5455 3449 5524 Arist.;

1873 5525 2076 5582 IEliau.
2110 5527 2204 5582 lib.
2234 5543 2313 5589 ttt,
2357 5543 2474 5596 cap.
2508 5529 2575 5582 56
2629 5527 2756 5581 Var.
2781 5529 2906 5582 hist.
2932 5525 3070 5581 Vide
3094 5527 3438 5592 Athenaeum,

1874 5600 1968 5652 lib.
2003 5613 2090 5664 xv,
2132 5613 2254 5665 cap.
2290 5597 2379 5660 16,
2436 5610 2491 5652 et
2539 5599 2812 5652 Laertium
2869 5600 2919 5652 in
2965 5598 3126 5651 Arist.
3173 5596 3440 5654 SPENCEI.

1864 5668 2045 5723 \Paulo
2075 5678 2194 5737 post
2222 5668 2380 5739 codd.
2423 5667 2626 5739 Regius
2653 5678 2710 5722 et
2739 5668 3088 5733 Basileensis,
3121 5667 3215 5721 καὶ
3249 5668 3440 5720 εἰπών.

1879 5740 1939 5794 Li
2042 5749 2222 5813 _al_ttea_
2236 5737 2386 5801 editi,
2399 5737 2730 5813 καὶςλέγων.

1915 5806 2059 5937 ά(ι’τὶ)
2093 5807 2289 5880 Regius
2319 5818 2372 5865 et
2396 5806 2739 5876 Basilcensis,
2777 5810 3054 5864 Σωσάννα.
3114 5808 3282 5872 Alias,
3305 5806 3443 5861 Σω-

1881 5899 1911 5936 σ
1951 5896 2067 5934 ννα.
