4002 6540
155 463 278 520 785

1385 452 1667 510 CONTRA
1701 449 1977 508 CELSUM
2014 447 2144 505 LIB.
2181 445 2222 501 l.

3333 437 3438 491 786

156 587 264 642 σοῦ
296 587 562 660 Πρόνοιαν
591 583 819 640 κωλύειν
843 583 904 637 τὸ
927 583 1009 654 ἐφ’
1041 582 1173 654 ἡμῖν
1217 576 1454 650 Ἡρώδου
1485 577 1595 648 (19)
1614 577 1760 630 ἀναι-

1875 589 1980 627 ιιιιιι
2019 570 2181 630 foret.
2217 577 2311 624 aut
2354 566 2511 623 Jesus
2564 565 2853 621 decantata
2902 577 2932 615 a
2979 560 3155 631 poetis
3196 558 3440 616 Plutonis

156 682 284 750 ρεῖν
316 677 376 730 τὸ
409 677 620 731 παιδίον
649 675 914 737 Θέλοντος,
944 674 978 744 ἢ
1007 673 1106 745 τὴν
1133 670 1435 741 λεγομένην
1466 666 1619 739 παρὰ
1644 669 1757 730 τοῖς

154 771 419 840 manui;
443 768 623 833 Ἀἴδος
645 768 864 839 κυνέην,
883 767 918 837 ἡ
939 784 990 819 τι
1020 764 1396 838 παραπλήσιον
1425 762 1600 814 ποιεῖν
1622 755 1760 812 εἶναι

155 863 294 934 περὶ
329 861 426 915 τὸν
458 859 690 932 Ἰησοῦν,
719 860 753 932 ἢ
787 857 1024 923 πατάξαι
1047 857 1248 928 ὁμοίως
1277 858 1389 919 τοῖς
1423 855 1480 908 έν
1509 852 1760 922 Σοδόμοις

154 956 289 1017 τοὺς
317 955 559 1023 ἥκοντας
585 952 678 1005 ἐπὶ
699 952 797 1023 τὴν
835 949 1117 1021 ἀναίρεσιν
1155 947 1341 1002 αὑτοῦ.
1365 947 1438 1000 T6
1476 943 1585 1016 γὰρ
1617 943 1759 998 πάνυ

157 1043 473 1116 παράδοξον
494 1044 595 1116 τῆς
623 1045 708 1097 ἐπ’
740 1044 904 1098 αὐτὸν
939 1039 1209 1113 βοηθείας,
1236 1040 1329 1094 καὶ
1355 1039 1446 1092 ἐπὶ
1474 1038 1635 1091 πλέον
1663 1036 1763 1106 ὲμ-

157 1139 355 1206 φανὲς,
388 1138 494 1190 οὐκ
525 1131 593 1208 ἦν
622 1137 894 1208 χρήσιμον
915 1134 993 1206 τῷ
1028 1132 1310 1204 βούλεσθαι
1360 1131 1521 1183 αὑτὸν
1550 1127 1760 1192 διδάξαι

155 1227 238 1291 ὡς
280 1229 580 1300 ἄνθρωπον
622 1227 1064 1301 μαρτυρούμενον
1097 1225 1201 1306 ύπδ
1233 1223 1325 1277 τοῦ
1355 1222 1511 1287 Θεοῦ,
1543 1221 1685 1293 ἔχειν
1709 1238 1760 1274 τι

157 1319 443 1390 θειότερον
475 1322 536 1374 έν
556 1321 636 1391 τῷ
669 1319 982 1390 βλεπομένῳ
1015 1315 1308 1388 ἀνθρώπῳο
1335 1315 1471 1385 ὅπερ
1503 1309 1571 1384 ἦν
1604 1313 1633 1364 6
1667 1328 1763 1364 κυ-

159 1410 298 1481 ρίως
335 1411 468 1474 Υἱὸς
504 1409 661 1474 Θεοῦ,
707 1408 836 1470 Θεὸς
864 1407 1039 1476 λόγος,
1074 1405 1208 1459 Θεοῦ
1235 1404 1464 1473 δύναμις
1497 1398 1629 1470 (20),
1669 1396 1762 1452 καὶ

157 1501 302 1555 Θεοῦ
339 1491 530 1570 σοφία,
569 1504 597 1555 6
625 1499 957 1570 καλούμενος
986 1497 1241 1570 Χριστός.
1267 1494 1341 1548 Ού
1375 1492 1567 1564 καιρὸς
1597 1490 1652 1544 δὲ
1666 1488 1762 1543 νῦν

158 1595 232 1648 τὰ
252 1595 388 1667 περὶ
421 1594 517 1647 τοῦ
547 1593 824 1656 συνθέτου,
854 1591 948 1645 ml
968 1591 1027 1655 ἐξ
1052 1583 1126 1643 ὧν
1155 1588 1474 1641 συνέκειτοό
1494 1583 1763 1654 ὲνανθρω-

160 1686 352 1757 στήσας
377 1683 622 1756 Ἰησοῦς,
651 1682 1033 1756 διηγήσασθαι·
1066 1680 1232 1752 οῦσης
1260 1679 1405 1742 τινὸς
1435 1679 1528 1731 ml
1551 1677 1640 1730 (ἵν’
1671 1675 1763 1730 οῦ-

158 1794 276 1840 τως
299 1777 580 1849 ὀνομάσω)
612 1776 818 1839 οἰκείας
847 1773 1128 1846 ζητήσεως
1161 1776 1274 1836 τοῖς
1312 1771 1656 1824 πιστεύουσιν
1684 1771 1763 1834 είς

160 1866 260 1920 τὸν
293 1867 487 1922 τόπον.

1863 663 2014 734 galea
2045 662 2220 718 aliove
2259 660 2597 714 munimento
2645 657 2946 711 instructus
2977 653 3186 716 fuisset,
3219 659 3312 704 aut
3346 665 3436 706 sae

1865 754 2060 810 tellites
2091 753 2155 806 ad
2188 751 2337 806 illum
2372 747 2731 805 occidendum
2757 745 2932 808 missi,
2963 752 3022 798 ut
3051 743 3346 797 Sodomita:
3369 742 3437 805 ⁸⁸,

1862 847 2123 902 excmcati
2151 844 2400 900 fuissent.
2425 841 2536 897 Nec
2565 841 2710 896 enim
2760 837 3039 894 insolitum
3067 835 3333 889 auxilium
3385 845 3443 890 et

1863 955 2028 1009 supra
2065 939 2281 994 modmn
2310 937 2524 994 illustre
2548 934 2907 992 conveniebat
2939 933 3009 993 ei.
3037 931 3130 1000 qui
3163 939 3222 986 ut
3271 931 3440 985 homo

1867 1031 2174 1088 testimonio
2205 1029 2299 1085 Dei
2337 1030 2596 1101 probatus
2626 1029 2823 1083 docere
2860 1026 3080 1083 volebat
3141 1025 3192 1080 in
3227 1039 3307 1088 se,
3342 1026 3442 1080 ho-

1864 1125 2008 1179 mine
2057 1123 2146 1178 illo
2177 1138 2340 1193 quem
2377 1137 2568 1178 omnes
2619 1120 2902 1185 videbant,
2947 1119 3127 1174 inesse
3177 1105 3439 1188 quiddam

1861 1215 2121 1280 divinius,
2158 1227 2350 1283 nempe
2384 1212 2602 1282 proprie
2641 1207 2850 1264 dictum
2888 1209 2980 1264 Dei
3017 1209 3244 1274 Filium,
3274 1207 3440 1262 Deum

1876 1305 2138 1370 Verbum,
2168 1305 2261 1361 Dei
2295 1305 2620 1375 potentiam,
2662 1303 2753 1358 Dei
2781 1302 3126 1371 sapientiam,
3168 1315 3290 1355 eum
3349 1298 3444 1368 qui

1862 1410 2090 1456 vocatur
2107 1398 2380 1455 Christus.
2410 1396 2517 1474 Sed
2569 1395 2636 1450 de
2685 1394 2780 1451 illo
2827 1393 3151 1463 composito,
3185 1401 3242 1446 et
3274 1391 3343 1445 de
3374 1391 3444 1444 iis

1865 1506 1928 1546 ex
1960 1490 2156 1560 quibus
2201 1488 2360 1544 Jesus
2401 1489 2566 1544 homo
2613 1487 2792 1542 lactus
2839 1486 3144 1552 constabat,
3192 1500 3300 1539 non
3357 1493 3444 1539 est

1864 1581 2025 1651 hujus
2075 1583 2334 1652 temporis
2367 1583 2664 1647 disserere,
2702 1596 2827 1636 cum
2863 1580 2928 1633 de
2955 1578 3042 1632 illa
3089 1593 3152 1632 re
3196 1577 3442 1646 qumdam

1867 1674 2007 1730 inter
2038 1672 2223 1728 ﬁdeles
2271 1682 2325 1727 et
2373 1673 2695 1738 domestica,
2749 1682 2808 1727 ut
2848 1671 2922 1726 ita
2967 1671 3181 1740 loquar,
3215 1669 3446 1739 quaestio

1865 1766 2152 1824 habeatur.

237 1959 402 2013 Μετὰ
427 1957 606 2012 ταῦτὰ
633 1973 795 2026 φησιν
818 1957 846 2008 6
867 1955 1018 2028 παρά
1047 1955 1126 2026 τῷ
1155 1953 1348 2025 Κέλσῳ
1389 1953 1658 2015 Ἰουδαῖος,
1688 1951 1764 2014 ὡς

1938 1959 2030 2016 67.
2060 1957 2254 2032 Postea
2309 1958 2530 2014 Jndzrus
2562 1959 2704 2030 apud
2733 1957 2974 2024 Celsum,
3015 1960 3172 2030 quasi
3222 1958 3449 2014 Grmcus

161 2050 485 2122 φιλομαθής
509 2067 594 2113 τις
627 2049 846 2120 Ἕλλην,
881 2049 975 2101 καὶ
1005 2047 1073 2100 τὰ
1113 2046 1377 2119 Ἑλλήνων
1401 2043 1766 2115 πεπαιδευμέ-

161 2159 278 2207 νος,
310 2146 399 2196 ὅτι
425 2162 444 2193 ι
481 2143 544 2196 Οί
571 2143 667 2209 μὲν
689 2141 903 2194 παλαιοὶ
923 2138 1082 2211 μῦθοι
1109 2140 1331 2210 Περσεῖ,
1361 2138 1454 2191 ml
1495 2136 1764 2206 Ἀμφίονι,

163 2233 264 2287 καὶ
303 2231 520 2302 Αἰακῷ,
562 2232 656 2284 ml
684 2232 862 2284 Μίνωι
894 2229 1042 2284 θείαν
1076 2227 1284 2301 σποράν
1325 2228 1631 2299 νείμαντες,
1657 2226 1765 2280 οὐδ’

163 2325 358 2389 αὐτοῖς
409 2324 812 2394 ἐπιστεύσαμεν
857 2322 989 2392 (Ξυο
1021 2323 1173 2394 ὅμως
1228 2321 1506 2386 ἐπέδειξαν
1559 2320 1766 2374 ἑαυτῶν

164 2418 310 2490 ἔργα
339 2419 555 2490 μεγάλα
587 2421 681 2472 καὶ
715 2417 1024 2489 θαυμαστὰ,
1057 2417 1270 2489 ἀληθῶς
1297 2434 1357 2470 τε
1388 2417 1526 2489 ὑπὲρ
1567 2415 1769 2488 ἄνθρω-

163 2528 294 2571 πον,
346 2511 438 2562 ἵνα
489 2511 565 2581 μὴ
612 2509 863 2563 ἀπίθανοι
909 2510 1124 2564 δοκῶσυ
1155 2510 1219 2563 σὺ
1257 2508 1313 2561 δὲ
1341 2507 1404 2580 δὴ
1432 2508 1484 2561 τί
1527 2509 1686 2562 καλὸν
1733 2507 1766 2578 ἢ

166 2603 481 2674 θαυμάσιον
510 2603 652 2674 ἔργῳ
682 2603 714 2674 ἢ
742 2603 883 2674 λόγῳ
915 2604 1249 2673 πεποίηκας;
1279 2602 1440 2672 Ἡμῖν
1461 2601 1612 2654 οὐδὲν
1646 2602 1768 2654 έπε-

162 2696 349 2761 δείξω⁹
403 2696 579 2750 καίτοι
624 2696 1082 2767 προκαλουμένων
1131 2698 1187 2748 έν
1215 2695 1292 2767 τῷ
1325 2695 1455 2767 ἱερῷ
1499 2711 1556 2747 σε
1587 2712 1768 2765 παρα-

165 2786 403 2856 σχέσθαι
450 2804 503 2839 τι
530 2788 758 2858 ἐναργὲς
811 2786 1121 2859 γνώρισμα,
1175 2788 1250 2851 ὡς
1278 2789 1396 2860 εἴης
1437 2790 1465 2841 6
1495 2786 1587 2840 τοῦ
1634 2786 1766 2840 Θεοῦ

165 2879 325 2940 παῖς.
362 2898 380 2929 ι
411 2878 554 2948 Πρὸς
580 2877 739 2931 τοῦτο
771 2879 828 2932 δὲ
861 2879 1102 2944 λεκτέον,
1139 2880 1219 2932 ὅτι
1247 2878 1608 2932 δεικνύτωσαν
1639 2880 1768 2949 ἡμῖν

168 2970 444 3039 Ἕλληνες
488 2970 594 3022 τῶν
623 2971 1062 3043 κατειλεγμένων
1091 2971 1234 3035 τινὸς
1285 2971 1562 3041 βιωφελὲς,
1627 2971 1768 3040 λαμ-

167 3061 315 3133 πρδν
342 3063 438 3114 καὶ
467 3064 794 3133 παρατεῖναν
820 3064 912 3117 ἐπὶ
944 3063 1042 3126 τὰς
1071 3062 1296 3135 ’ύστερον
1324 3064 1539 3132 γενεὰς,
1563 3063 1656 3116 καὶ
1681 3079 1772 3134 τη-

166 3153 426 3209 λικοῦτον
481 3154 655 3226 ἔργον,
703 3155 779 3219 ὡς
819 3157 1068 3226 ἐμποιεῖν
1119 3155 1448 3226 πιθανότητα
1505 3153 1582 3225 τῷ
1641 3155 1770 3222 περὶ

170 3247 361 3302 αὐτῶν
417 3246 589 3318 μύθῳ,
635 3247 845 3316 λέγοντι
890 3247 998 3303 ἀπὶ
1050 3247 1195 3312 θείας
1247 3249 1443 3310 αὐτοὺς
1484 3247 1768 3316 γεγονέναι

171 3341 410 3409 σπορᾶς.
455 3338 612 3393 Ἀλλὰ
644 3339 752 3410 γὰρ
783 3339 933 3393 οὐδὲν
957 3339 1224 3404 δείξουσιν
1247 3339 1366 3392 οῦδὲ
1400 3339 1596 3411 μακρῷ
1619 3340 1770 3395 ἔλατ-

166 3447 268 3484 τον
299 3429 413 3501 (22)
447 3431 575 3502 περὶ
601 3430 692 3494 οῦς
721 3431 1025 3502 ἀνέγραψεν
1053 3431 1274 3502 ἄνδρας,
1307 3424 1381 3484 ὧν
1415 3432 1762 3504 παρέστησεν

168 3523 199 3574 ὁ
236 3521 469 3593 Ἰησοῦς⁸
501 3523 594 3576 ἐὰν
637 3522 745 3594 ἄρα
796 3523 869 3594 μὴ
914 3523 1008 3575 ἐπὶ
1059 3523 1260 3593 μύθους
1307 3523 1581 3590 ἀνάγωσιν
1620 3526 1770 3595 ἡμᾶς

173 3614 468 3684 Ἕλληνες,
498 3614 590 3667 καὶ
631 3613 730 3677 τὰς
777 3616 906 3686 παρ’
963 3617 1174 3679 ἑαυτοῖς
1227 3615 1487 3686 ἱστορίας,
1525 3614 1769 3682 θέλοντες

169 3707 330 3777 ἡμᾶς
367 3705 469 3776 μὲν
502 3707 730 3770 ἐκείνοις
758 3705 964 3776 ἀλόγως
1008 3706 1304 3769 πιστεύειν,
1338 3705 1545 3769 τούτοις
1574 3706 1630 3759 δὲ
1675 3707 1771 3760 καὶ

177 3796 326 3867 μετὰ
361 3795 560 3867 πολλὴν
588 3796 875 3868 ἐνάργειαν
906 3799 1174 3850 ἀπιστεῖν.
1208 3799 1390 3868 Φαμὲν
1421 3794 1534 3862 οῦν,
1563 3799 1644 3852 ὅτι
1676 3798 1768 3854 τοῦ

186 3887 375 3958 Ἰησοῦ
415 3888 477 3941 τὸ
511 3887 670 3958 ἔργον
703 3890 736 3958 ἡ
774 3890 921 3942 πᾶσα
969 3889 1080 3960 ἔχει
1116 3889 1416 3958 ἀνθρώπων
1453 3890 1768 3961 οἰκουμένη,

173 3975 214 4054 ᾖ
248 3980 606 4054 παροικοῦσιν
640 3982 695 4034 αί
755 3981 850 4034 τοῦ
889 3982 1022 4035 Θεοῦ
1069 3981 1158 4034 διὰ
1227 3981 1398 4052 Ἰησοῦ
1458 3982 1771 4053 Ἐκκλησίαι

173 4074 291 4127 τῶν
316 4073 729 4143 μεταϐαλόντων
759 4074 867 4127 ἀπὸ
904 4074 1111 4146 μυρίων
1144 4075 1283 4127 ὅσων
1311 4073 1516 4127 κακῶν.
1553 4075 1663 4127 Καὶ
1693 4073 1771 4127 ἔτι

175 4181 247 4231 γε
275 4164 339 4216 τὸ
370 4163 540 4235 ὄνομα
584 4163 679 4217 τοῦ
739 4166 909 4236 Ἰησοῦ
961 4167 1244 4229 ἐκστάσεις
1277 4167 1373 4237 μὲν
1415 4165 1653 4229 διανοίας
1680 4167 1773 4219 ἀνο

178 4255 425 4328 θρώπων
458 4256 737 4328 ἀφίστησι,
766 4259 860 4311 ml
888 4258 1167 4328 δαίμονας,
1204 4259 1302 4330 ἤδη
1336 4259 1392 4312 δὲ
1426 4260 1519 4312 ml
1547 4259 1734 4321 νόσους
1755 4275 1768 4288 ο
1805 4323 1809 4326 λ

176 4350 409 4419 ἐμποιεῖ
444 4347 499 4400 δὲ
535 4347 844 4418 θαυμασίαν
878 4349 1000 4402 τινὰ
1031 4349 1335 4420 πραότητα,
1367 4349 1461 4401 ml
1489 4348 1630 4404 κατὰ
1655 4365 1774 4402 στο-

176 4441 284 4512 λὴν
313 4439 408 4492 τοῦ
443 4439 626 4510 ἦθουςν
676 4439 771 4492 καὶ
819 4440 1380 4513 φιλανθρωπίαν,.καὶ
1409 4441 1770 4513 χρηστότητα,

179 4533 636 4604 Μὶἠμερότητα,
675 4533 732 4585 έν
763 4535 878 4596 τοῖς
905 4533 980 4605 μὴ
1011 4532 1100 4586 διὰ
1131 4532 1198 4586 τὰ
1227 4532 1456 4604 βιωτικὰ
1490 4534 1600 4604 (25)
1637 4535 1775 4604 ἡτισ-

1868 2057 2135 2127 quiSpiam
2160 2055 2407 2111 eruditus
2439 2057 2851 2125 litterarumque
2871 2056 3182 2112 Grmcarum
3218 2055 3444 2125 peritus,

1874 2167 1892 2200 ι
1927 2147 2130 2203 Priscae
2165 2147 2378 2215 fabulas,
2423 2147 2621 2217 inquit,
2661 2162 2782 2216 qua:
2817 2146 3095 2210 Perseum,
3127 2145 3292 2218 382
3320 2145 3451 2199 Am-

1869 2241 2146 2310 phionem,
2178 2240 2428 2304 Aiacum,
2471 2239 2762 2310 Minoaque
2818 2249 3044 2294 narrant
3093 2255 3124 2294 e
3169 2241 3274 2294 diis
3325 2254 3450 2294 esse

1871 2339 2047 2394 natos,
2083 2330 2239 2386 nobis
2271 2346 2377 2386 non
2426 2327 2629 2384 faciunt
2676 2327 2857 2383 (idem.
2897 2326 3128 2394 Tamen,
3176 2341 3243 2382 ne
3297 2325 3450 2380 omni

1869 2423 2250 2491 probabilitate
2282 2421 2505 2476 destitui
2539 2421 2854 2484 videantur,
2885 2433 2975 2475 res
3009 2419 3079 2473 ab
3114 2418 3227 2474 illis
3271 2418 3449 2474 homi-

1871 2517 2031 2570 nibus
2074 2527 2258 2585 gestas
2291 2514 2537 2570 referunt
2577 2529 2804 2584 magnas
2846 2523 3020 2578 certe,
3069 2512 3448 2576 admirabiles,

1870 2615 1923 2661 et
1951 2622 2073 2678 quae
2103 2608 2248 2662 vires
2287 2609 2552 2662 humanas
2581 2615 2864 2677 superant.
2895 2604 2974 2659 'l‘u
3018 2620 3150 2660 vero
3187 2605 3315 2674 quid
3361 2605 3448 2658 in-

1871 2699 2044 2771 signe,
2075 2700 2205 2768 quid
2256 2699 2636 2753 admirandum
2678 2697 2840 2751 dictis
2886 2706 2980 2751 aut
3020 2697 3179 2752 factis
3231 2697 3447 2766 praasti-

1873 2789 2027 2843 tisli?
2057 2787 2200 2844 Nihil
2236 2790 2522 2854 hactenus,
2561 2789 2814 2856 quamvis
2853 2790 2904 2842 in
2935 2789 3138 2857 templo
3174 2798 3225 2842 te
3250 2804 3446 2856 provo-

1871 2880 2118 2935 caverint
2164 2877 2356 2943 Jndwi,
2391 2889 2448 2933 ut
2503 2877 2790 2934 manifesto
2824 2878 3195 2950 aliquo'signo
3242 2889 3294 2934 te
3354 2880 3449 2935 Del

1870 2971 2064 3026 Filium
2095 2988 2214 3027 esse
2247 2971 2560 3028 declarares
2592 2973 2658 3027 ⁸⁷.
2701 2990 2719 3024 ι
2756 2972 2838 3028 Ad
2869 2987 2991 3042 qua:
3030 2971 3384 3033 conlutanda,
3417 2987 3450 3025 a

1869 3065 2074 3120 Graecis
2101 3064 2312 3135 postulo
2361 3073 2420 3118 ut
2452 3065 2690 3121 indicent
2713 3068 2840 3136 quid
2868 3075 3097 3129 tantum,
3129 3075 3238 3119 tam
3265 3064 3449 3134 splen-

1871 3156 2079 3221 didum,
2118 3167 2226 3210 tam
2277 3156 2431 3221 utile,
2466 3165 2575 3210 tam
2625 3155 2910 3226 nepotibus
2952 3155 3147 3211 futuris
3193 3154 3452 3226 profutu-

1875 3263 1992 3303 rmn
2026 3247 2100 3302 illi
2130 3247 2378 3303 homines
2405 3247 2696 3311 ediderint,
2746 3257 2806 3302 ut
2835 3246 3053 3312 fabula},
3083 3262 3204 3316 qua:
3237 3246 3343 3300 illis
3367 3244 3452 3300 di-

1875 3341 2060 3395 vinum
2085 3349 2265 3393 ortum
2297 3340 2562 3407 tribuunt,
2589 3349 2901 3395 mereantur
2946 3339 3128 3395 ﬁdem.
3167 3339 3273 3394 Sed
3314 3338 3450 3394 nihil

1875 3429 2125 3496 alIercnt,
2169 3432 2313 3500 quod
2343 3431 2431 3486 vel
2478 3431 2641 3502 longo
2695 3432 2982 3488 intervallo
3018 3431 3245 3486 accedat
3289 3431 3355 3484 ad
3385 3445 3450 3485 ea

1876 3538 1996 3592 quae
2029 3522 2190 3578 Jcsus
2227 3522 2358 3578 fecit
2391 3541 2406 3579 :
2443 3524 2547 3579 nisi
2607 3524 2748 3581 forte
2778 3539 2876 3580 nos
2919 3525 2986 3579 ad
3017 3522 3229 3578 fabulas
3281 3523 3455 3578 histo-

1877 3614 2096 3684 riasque
2141 3630 2267 3668 suas
2323 3615 2667 3687 relegabant,
2725 3617 2879 3687 quasi
2935 3615 3136 3670 vellent
3182 3630 3280 3670 nos
3347 3614 3452 3668 illis

1875 3707 1994 3760 sine
2027 3706 2134 3760 ulla
2164 3707 2378 3764 ratione
2402 3708 2653 3774 credere,
2681 3709 2885 3764 nostris
2916 3723 3050 3764 vero
3074 3707 3236 3762 rebus
3257 3721 3452 3776 quant-

1878 3798 1957 3852 vis
1983 3798 2264 3853 evidenter
2302 3801 2688 3855 demonstratis
2745 3801 3011 3869 derogare
3061 3799 3243 3854 Iidem.
3291 3796 3451 3851 Aﬂir-

1878 3905 2088 3945 mamus
2115 3906 2266 3961 ergo,
2294 3891 2423 3960 quid
2461 3889 2618 3948 Jesus
2648 3892 2858 3956 fecerit,
2899 3902 3011 3946 toto
3034 3892 3144 3959 jam
3182 3890 3316 3946 orbe
3355 3891 3445 3943 in-

1877 3993 2180 4047 notescere,
2222 3985 2419 4054 quippe
2449 3985 2550 4052 ubi,
2581 3984 2676 4039 Dei
2708 4000 2804 4055 per
2829 3985 3015 4040 Jesutn
3051 3983 3287 4038 fundata:
3325 3991 3454 4038 sunt

1880 4073 2136 4128 Ecclesia:
2164 4090 2230 4129 ex
2285 4075 2352 4128 iis
2390 4075 2483 4145 qui
2517 4090 2547 4130 a
2597 4077 2754 4132 malis
2783 4077 3082 4133 innumeris
3118 4078 3336 4132 fuerunt
3383 4075 3452 4130 ad

1879 4164 2155 4219 meliorem
2187 4173 2422 4220 tuentem
2457 4167 2729 4221 conversi.
2767 4166 2835 4221 Et
2883 4167 3154 4236 hodieque
3193 4165 3320 4222 Jesu
3351 4181 3454 4236 ιιοέ

1879 4271 2002 4311 men
2037 4260 2379 4326 perturbatos
2399 4259 2612 4312 animos
2638 4259 2935 4328 componit,
2963 4259 3132 4329 exigit
3155 4235 3458 4324 daemones,

1880 4350 2122 4404 medetur
2144 4349 2378 4415 morbis;
2416 4351 2609 4406 miram
2633 4366 2848 4422 quoque
2873 4351 3340 4406 mansuetudinem
3371 4353 3456 4404 in-

1879 4444 2033 4506 serit,
2065 4457 2246 4507 mores
2299 4443 2352 4496 in
2384 4441 2565 4499 oﬂicio
2595 4444 2862 4510 continet,
2911 4443 3327 4504 humanitatem,
3363 4457 3457 4496 co-

1880 4535 2145 4601 mitatem,
2199 4535 2526 4590 suavitatem
2572 4535 2801 4604 inspirat
2839 4535 2907 4589 iis
2943 4535 3034 4602 qui
3073 4549 3177 4586 non
3231 4544 3456 4606 propter

180 4642 285 4687 νας
321 4623 513 4696 χρείας
538 4624 888 4696 ἀνθρωπικὰς
927 4625 1400 4697 ὑποκριναμένοις,
1431 4626 1567 4680 ἀλλά
1596 4643 1768 4697 παρα-

1885 4626 2007 4680 vitae
2048 4624 2329 4679 commoda
2374 4624 2754 4694 humanasque
2806 4625 3160 4678 necessitates
3206 4638 3263 4677 se
3298 4623 3456 4678 Chri-

182 4713 506 4783 δεξαμένοις
551 4713 794 4784 γνησίως
821 4714 916 4769 τὸν
950 4715 1077 4786 περὶ
1110 4714 1245 4768 Θεοῦ
1280 4715 1376 4770 ml
1412 4714 1648 4787 Χριστοῦ
1681 4717 1773 4772 ml

181 4805 287 4876 τῆς
317 4805 587 4876 ἐσομένης
625 4805 857 4877 κρίσεως
884 4806 1062 4874 λόγον.

261 4965 310 4995 ⁵⁸
341 4962 479 5019 Gen.
511 4979 624 5031 xu,
652 4963 744 5019 ιι.
819 4966 862 4997 ⁸⁷
889 4963 1047 5022 Joan.
1086 4982 1140 5032 ι,
1174 4967 1267 5021 24.

260 5082 379 5154 (19)
415 5083 613 5154 Τύ-ἑςέ
646 5084 790 5153 ἡμῖν
828 5085 1100 5153 Ἡρώδου.
1130 5086 1220 5140 Sic
1256 5085 1567 5152 Philocalia,
1608 5085 1767 5141 codd.

185 5152 424 5224 Regius,
479 5152 811 5211 Basileensis
857 5152 912 5209 et
949 5167 1191 5211 vetustus
1226 5155 1542 5216 Vaticanus,
1597 5167 1769 5210 recte.

187 5223 305 5296 Ne_e
332 5223 493 5296 aliter
515 5225 804 5294 Origenes,
845 5225 984 5280 libro
1021 5227 1096 5279 De
1128 5227 1388 5287 oratione,
1427 5226 1488 5278 τὸ
1520 5225 1606 5294 ἐφ’
1641 5226 1772 5296 ἡμῖν

182 5293 479 5365 τοῦᾲηλίου
536 5293 765 5365 usurpat
813 5298 879 5350 ad
909 5297 1328 5364 signiﬁcandum
1359 5293 1585 5350 liberum
1641 5293 1772 5351 s'olis

188 5363 509 5437 arbitrium.
565 5363 874 5437 Spencerus
928 5363 986 5420 in
1028 5374 1178 5419 textu
1232 5365 1413 5437 habet,
1459 5365 1557 5437 τὴν
1594 5365 1772 5437 ὁρμὴν

199 5433 467 5505 ’11ρώδου,
500 5450 620 5504 qum
653 5435 810 5490 lectio
845 5451 948 5489 non
985 5439 1310 5503 spernenda.
1345 5433 1684 5490 liteschelius
1717 5433 1770 5489 in

191 5515 365 5578 textu,
395 5505 797 5578 soiép’jpfbv
836 5506 906 5578 _'ll
915 5505 1105 5578 ρώδου.

267 5575 388 5646 (9.0)
453 5574 570 5631 Sicf
609 5574 928 5631 I’hilocalia.
987 5578 1172 5641 Alias,
1242 5575 1398 5647 λόγος
1463 5577 1556 5630 ml
1619 5574 1778 5630 δύνα-

236 5661 308 5707 ις.

236 5663 308 5697 ι’.

193 5663 380 5786 ait)
409 5714 549 5769 Οὐδ’
579 5715 784 5782 αὐτοῖς
813 5716 1274 5786 ἐπιστεύσειμεν.
1309 5716 1400 5772 Sic
1429 5732 1618 5772 omnes
1643 5731 1773 5771 mss.

194 5782 548 5840 llwschelius
579 5787 633 5840 in
669 5797 818 5841 textu
854 5787 1036 5852 habet,
1071 5782 1155 5851 οἷς
1179 5787 1288 5840 οὐδ’
1319 5788 1500 5851 αὐτοῖς
1527 5787 1777 5840 ἐπιστεύ-

196 5872 394 5942 σαμεν,
433 5857 594 5942 etad
620 5857 918 5942 marginenm
959 5869 1142 5913 monet
1184 5858 1324 5938 forte
1355 5858 1640 5942 legendum
1676 5858 1773 5910 αὐ-

193 5926 276 5981 τοί
298 5943 401 5998 pro
434 5926 640 5990 αὐτοῖς,
675 5928 816 6000 quod
847 5928 1152 6001 Spenccrus
1177 5926 1648 6000 arripuitllbidcni
1677 5943 1774 5998 pro

1880 4717 2088 4771 stianos
2122 4716 2402 4783 simulant,
2445 4716 2538 4770 sed
2575 4730 2684 4784 quo
2730 4730 2830 4785 par
2867 4725 2952 4770 est
2976 4715 3161 4769 animo
3199 4713 3454 4768 traditam

1881 4809 1946 4860 de
1996 4809 2123 4870 Deo,
2151 4807 2398 4875 Christo,
2442 4805 2738 4878 luturoque
2762 4806 2971 4876 judicio
3001 4806 3303 4862 doctrinam
3339 4820 3455 4860 am-

1881 4899 2185 4969 plexantur.

1878 5083 2086 5157 ἑαυτῷν
2110 5083 2423 5157 ἔργαηιοεθ
2451 5083 2818 5157 αὑτῶν-ἔργα.

1950 5153 2062 5225 (22)
2085 5151 2304 5222 Μάκρῷ
2331 5151 2604 5208 ἔλαττον.
2641 5151 2717 5208 Ita
2741 5151 3085 5225 llmschelius
3114 5161 3169 5208 et
3214 5151 3454 5225 Spence;

1879 5223 1972 5279 rus
2019 5225 2074 5278 in
2128 5234 2298 5287 textu,
2329 5227 2400 5295 ad
2461 5225 2761 5293 marginem
2812 5238 2945 5295 _vero
2990 5223 3216 5288 habent,
3275 5223 3454 5295 μικρῷ

1877 5295 2105 5360 ἐλάττω,
2155 5294 2488 5364 (ιιιιιείιεοιῑο
2541 5305 2623 5348 est
2679 5293 2920 5364 omnium
2956 5293 3451 5364 manuscriptorum

1883 5363 2376 5436 tiostroruin.Mox
2422 5364 2620 5436 VGuieto
2669 5363 3018 5419 scribendum
3053 5363 3292 5431 videtur,
3324 5363 3454 5436 περὶ

1881 5434 2320 5507 οὒς-ἀνέγραψαν
2347 5435 2564 5507 ἄνδρας.

1953 5505 2068 5576 (25)
2102 5503 2291 5576 Editi,
2313 5503 2558 5576 maesta
2600 5503 2668 5558 τὰ
2704 5503 2950 5575 βιωτικά.
3001 5503 3291 5576 Ιηηιιοειιείιι
3317 5519 3450 5561 mss.

1884 5574 2228 5628 desideratur
2276 5574 2384 5630 διὰ,
2445 5575 2613 5628 Paulo
2657 5574 2797 5630 infra
2834 5576 2964 5631 libb.
3007 5575 3132 5629 editi
3185 5576 3236 5627 in
3275 5585 3452 5637 textu,

1885 5645 2231 5718 ὑπειδόμενος
2282 5644 2354 5699 τὰ
2412 5643 2910 5718 ὲπιδειχθησόμενα.
2954 5643 3181 5718 _Sicque
3215 5715 3222 5718 Α
3255 5645 3454 5718 habent

1884 5715 2040 5771 codd.
2076 5714 2311 5784 ‘Regius
2370 5726 2426 5770 et
2476 5714 2822 5780 Basileensis,
2873 5715 2968 5772 sed
3033 5725 3141 5769 tres
3200 5715 3452 5784 Anglica-

1883 5786 1938 5838 ni
1994 5783 2215 5868 etnduo’
2258 5785 2913 5868 Yanticanimbmﬁcipsvo;
2959 5784 3026 5839 τὰ
3087 5783 3457 5868 έπιδειχθῃσὸν

1886 5871 2041 5925 μενα.
2074 5855 2240 5930 Paulo
2271 5855 2496 5914 inferius
2524 5857 2650 5913 libb.
2687 5855 2816 5913 editi
2850 5857 2914 5911 ad
2944 5857 3261 5930 marginem,
3283 5855 3456 5911 ciem

1880 5941 1937 5978 τε
1943 5926 2352 5998 ρατευομένους.
