  <div class='ocr_page' id='page_1' title='image "/cluster/home/n/w/nwhite01/storage/ocr_20150623/11/hvd.32044024345175/399.png"; bbox 0 0 4002 6518; ppageno 0'>
   <div class='ocr_carea' id='block_1_1' title="bbox 565 399 665 456">
    <p class='ocr_par' dir='ltr' id='par_1_1' title="bbox 565 399 665 456">
     <span class='ocr_line' id='line_1_1' title="bbox 565 399 665 456; baseline 0.02 -3"><span class='ocrx_word' id='word_1_1' title='bbox 565 399 665 456; x_wconf 67' lang='grc' dir='ltr'><strong>’ἕνθῖ</strong></span> 
     </span>
    </p>
   </div>
   <div class='ocr_carea' id='block_1_2' title="bbox 635 513 2218 590">
    <p class='ocr_par' dir='ltr' id='par_1_2' title="bbox 635 513 2218 590">
     <span class='ocr_line' id='line_1_2' title="bbox 635 513 2218 590; baseline 0.004 -22"><span class='ocrx_word' id='word_1_2' title='bbox 635 514 726 572; x_wconf 87' lang='grc'><strong>68.</strong></span> <span class='ocrx_word' id='word_1_3' title='bbox 753 514 957 571; x_wconf 86' lang='lat' dir='ltr'><strong>Deinde</strong></span> <span class='ocrx_word' id='word_1_4' title='bbox 987 513 1178 572; x_wconf 87' lang='lat' dir='ltr'><strong>Celsus</strong></span> <span class='ocrx_word' id='word_1_5' title='bbox 1205 515 1470 574; x_wconf 86' lang='lat' dir='ltr'><strong>olfaciens</strong></span> <span class='ocrx_word' id='word_1_6' title='bbox 1494 519 1784 574; x_wconf 86' lang='lat' dir='ltr'><strong>adductum</strong></span> <span class='ocrx_word' id='word_1_7' title='bbox 1809 519 1874 573; x_wconf 90' lang='lat' dir='ltr'><strong>iri</strong></span> <span class='ocrx_word' id='word_1_8' title='bbox 1897 534 2018 590; x_wconf 85' lang='lat' dir='ltr'><strong>quae</strong></span> <span class='ocrx_word' id='word_1_9' title='bbox 2045 518 2135 574; x_wconf 80' lang='lat' dir='ltr'><strong>Je-</strong></span> <span class='ocrx_word' id='word_1_10' title='bbox 2165 528 2218 584; x_wconf 78' lang='grc' dir='ltr'><strong>Α</strong></span> 
     </span>
    </p>
   </div>
   <div class='ocr_carea' id='block_1_3' title="bbox 565 610 2136 684">
    <p class='ocr_par' dir='ltr' id='par_1_3' title="bbox 565 610 2136 684">
     <span class='ocr_line' id='line_1_3' title="bbox 565 610 2136 684; baseline 0.002 -19"><span class='ocrx_word' id='word_1_11' title='bbox 565 627 657 667; x_wconf 85' lang='lat' dir='ltr'><strong>sus</strong></span> <span class='ocrx_word' id='word_1_12' title='bbox 680 610 806 668; x_wconf 88' lang='lat' dir='ltr'><strong>fecit</strong></span> <span class='ocrx_word' id='word_1_13' title='bbox 827 613 1112 679; x_wconf 88' lang='lat' dir='ltr'><strong>miracula,</strong></span> <span class='ocrx_word' id='word_1_14' title='bbox 1143 623 1197 669; x_wconf 90' lang='lat' dir='ltr'><strong>et</strong></span> <span class='ocrx_word' id='word_1_15' title='bbox 1223 629 1290 670; x_wconf 83' lang='lat' dir='ltr'><strong>ex</strong></span> <span class='ocrx_word' id='word_1_16' title='bbox 1335 615 1533 684; x_wconf 84' lang='lat' dir='ltr'><strong>quibus</strong></span> <span class='ocrx_word' id='word_1_17' title='bbox 1557 629 1730 684; x_wconf 86' lang='lat' dir='ltr'><strong>pauca</strong></span> <span class='ocrx_word' id='word_1_18' title='bbox 1761 611 2136 681; x_wconf 89' lang='lat' dir='ltr'><strong>delibavimus,</strong></span> 
     </span>
    </p>
   </div>
   <div class='ocr_carea' id='block_1_4' title="bbox 565 699 2138 772">
    <p class='ocr_par' dir='ltr' id='par_1_4' title="bbox 565 699 2138 772">
     <span class='ocr_line' id='line_1_4' title="bbox 565 699 2138 772; baseline 0 -18"><span class='ocrx_word' id='word_1_19' title='bbox 565 701 718 772; x_wconf 81' lang='lat' dir='ltr'><strong>tingit</strong></span> <span class='ocrx_word' id='word_1_20' title='bbox 748 717 806 757; x_wconf 91' lang='lat' dir='ltr'><strong>se</strong></span> <span class='ocrx_word' id='word_1_21' title='bbox 834 701 1132 757; x_wconf 85' lang='lat' dir='ltr'><strong>concedere</strong></span> <span class='ocrx_word' id='word_1_22' title='bbox 1157 717 1285 757; x_wconf 87' lang='lat' dir='ltr'><strong>vera</strong></span> <span class='ocrx_word' id='word_1_23' title='bbox 1327 717 1448 758; x_wconf 90' lang='lat' dir='ltr'><strong>esse</strong></span> <span class='ocrx_word' id='word_1_24' title='bbox 1479 717 1598 772; x_wconf 66' lang='lat' dir='ltr'><strong>quae</strong></span> <span class='ocrx_word' id='word_1_25' title='bbox 1649 701 1855 770; x_wconf 89' lang='lat' dir='ltr'><strong>scripta</strong></span> <span class='ocrx_word' id='word_1_26' title='bbox 1889 710 2016 755; x_wconf 90' lang='lat' dir='ltr'><strong>sunt</strong></span> <span class='ocrx_word' id='word_1_27' title='bbox 2068 699 2138 754; x_wconf 90' lang='lat' dir='ltr'><strong>de</strong></span> 
     </span>
    </p>
   </div>
   <div class='ocr_carea' id='block_1_5' title="bbox 562 795 2136 864">
    <p class='ocr_par' dir='ltr' id='par_1_5' title="bbox 562 795 2136 864">
     <span class='ocr_line' id='line_1_5' title="bbox 562 795 2136 864; baseline 0.001 -16"><span class='ocrx_word' id='word_1_28' title='bbox 562 813 586 848; x_wconf 73' lang='grc' dir='ltr'><strong>ι</strong></span> <span class='ocrx_word' id='word_1_29' title='bbox 600 795 1054 860; x_wconf 87' lang='lat' dir='ltr'><strong>urationibus,.de</strong></span> <span class='ocrx_word' id='word_1_30' title='bbox 1075 796 1496 859; x_wconf 87' lang='lat' dir='ltr'><strong>resurrectione,</strong></span> <span class='ocrx_word' id='word_1_31' title='bbox 1524 795 1588 849; x_wconf 92' lang='lat' dir='ltr'><strong>de</strong></span> <span class='ocrx_word' id='word_1_32' title='bbox 1606 795 1794 864; x_wconf 79' lang='lat' dir='ltr'><strong>paucis</strong></span> <span class='ocrx_word' id='word_1_33' title='bbox 1817 795 2050 862; x_wconf 90' lang='lat' dir='ltr'><strong>panibus</strong></span> <span class='ocrx_word' id='word_1_34' title='bbox 2069 809 2136 849; x_wconf 76' lang='lat' dir='ltr'><strong>ex</strong></span> 
     </span>
    </p>
   </div>
   <div class='ocr_carea' id='block_1_6' title="bbox 563 885 2134 955">
    <p class='ocr_par' dir='ltr' id='par_1_6' title="bbox 563 885 2134 955">
     <span class='ocr_line' id='line_1_6' title="bbox 563 885 2134 955; baseline 0.002 -18"><span class='ocrx_word' id='word_1_35' title='bbox 563 886 760 954; x_wconf 84' lang='lat' dir='ltr'><strong>quibus</strong></span> <span class='ocrx_word' id='word_1_36' title='bbox 782 895 901 954; x_wconf 90' lang='lat' dir='ltr'><strong>post</strong></span> <span class='ocrx_word' id='word_1_37' title='bbox 921 885 1118 941; x_wconf 84' lang='lat' dir='ltr'><strong>mullos</strong></span> <span class='ocrx_word' id='word_1_38' title='bbox 1148 895 1420 941; x_wconf 89' lang='lat' dir='ltr'><strong>saturatos</strong></span> <span class='ocrx_word' id='word_1_39' title='bbox 1439 885 1606 940; x_wconf 88' lang='lat' dir='ltr'><strong>multa</strong></span> <span class='ocrx_word' id='word_1_40' title='bbox 1634 885 2044 955; x_wconf 88' lang='lat' dir='ltr'><strong>superfuerunt,</strong></span> <span class='ocrx_word' id='word_1_41' title='bbox 2078 893 2134 940; x_wconf 81' lang='lat' dir='ltr'><strong>et</strong></span> 
     </span>
    </p>
   </div>
   <div class='ocr_carea' id='block_1_7' title="bbox 561 975 2132 1047">
    <p class='ocr_par' dir='ltr' id='par_1_7' title="bbox 561 975 2132 1047">
     <span class='ocr_line' id='line_1_7' title="bbox 561 975 2132 1047; baseline 0 -16"><span class='ocrx_word' id='word_1_42' title='bbox 561 987 828 1047; x_wconf 91' lang='lat' dir='ltr'><strong>quotquot</strong></span> <span class='ocrx_word' id='word_1_43' title='bbox 865 978 1144 1033; x_wconf 79' lang='lat' dir='ltr'><strong>existimat</strong></span> <span class='ocrx_word' id='word_1_44' title='bbox 1178 981 1374 1032; x_wconf 89' lang='lat' dir='ltr'><strong>mirum</strong></span> <span class='ocrx_word' id='word_1_45' title='bbox 1411 979 1463 1033; x_wconf 93' lang='lat' dir='ltr'><strong>in</strong></span> <span class='ocrx_word' id='word_1_46' title='bbox 1503 979 1721 1033; x_wconf 90' lang='lat' dir='ltr'><strong>modum</strong></span> <span class='ocrx_word' id='word_1_47' title='bbox 1762 979 1830 1032; x_wconf 85' lang='lat' dir='ltr'><strong>ab</strong></span> <span class='ocrx_word' id='word_1_48' title='bbox 1871 975 2132 1047; x_wconf 80' lang='lat' dir='ltr'><strong>apostolis</strong></span> 
     </span>
    </p>
   </div>
   <div class='ocr_carea' id='block_1_8' title="bbox 557 1067 2137 1140">
    <p class='ocr_par' dir='ltr' id='par_1_8' title="bbox 557 1067 2137 1140">
     <span class='ocr_line' id='line_1_8' title="bbox 557 1067 2137 1140; baseline 0 -18"><span class='ocrx_word' id='word_1_49' title='bbox 557 1067 887 1136; x_wconf 83' lang='lat' dir='ltr'><strong>amplificata</strong></span> <span class='ocrx_word' id='word_1_50' title='bbox 913 1069 1098 1134; x_wconf 90' lang='lat' dir='ltr'><strong>fuisse,</strong></span> <span class='ocrx_word' id='word_1_51' title='bbox 1122 1080 1255 1134; x_wconf 92' lang='lat' dir='ltr'><strong>tum,</strong></span> <span class='ocrx_word' id='word_1_52' title='bbox 1281 1072 1445 1140; x_wconf 65' lang='lat' dir='ltr'><strong>«Age,</strong></span> <span class='ocrx_word' id='word_1_53' title='bbox 1467 1070 1662 1138; x_wconf 86' lang='lat' dir='ltr'><strong>inquit,</strong></span> <span class='ocrx_word' id='word_1_54' title='bbox 1682 1069 1873 1124; x_wconf 90' lang='lat' dir='ltr'><strong>demus</strong></span> <span class='ocrx_word' id='word_1_55' title='bbox 1897 1070 2010 1124; x_wconf 84' lang='lat' dir='ltr'><strong>haec</strong></span> <span class='ocrx_word' id='word_1_56' title='bbox 2035 1078 2137 1123; x_wconf 84' lang='lat' dir='ltr'><strong>ate</strong></span> 
     </span>
    </p>
   </div>
   <div class='ocr_carea' id='block_1_9' title="bbox 561 1160 2134 1229">
    <p class='ocr_par' dir='ltr' id='par_1_9' title="bbox 561 1160 2134 1229">
     <span class='ocr_line' id='line_1_9' title="bbox 561 1160 2134 1229; baseline 0.001 -15"><span class='ocrx_word' id='word_1_57' title='bbox 561 1169 730 1229; x_wconf 84' lang='lat' dir='ltr'><strong>gesta.</strong></span> <span class='ocrx_word' id='word_1_58' title='bbox 773 1179 792 1212; x_wconf 75' lang='grc' dir='ltr'><strong>ι</strong></span> <span class='ocrx_word' id='word_1_59' title='bbox 823 1160 934 1216; x_wconf 89' lang='lat' dir='ltr'><strong>Sed</strong></span> <span class='ocrx_word' id='word_1_60' title='bbox 963 1161 1249 1216; x_wconf 82' lang='lat' dir='ltr'><strong>confestim</strong></span> <span class='ocrx_word' id='word_1_61' title='bbox 1285 1162 1475 1216; x_wconf 90' lang='lat' dir='ltr'><strong>eodem</strong></span> <span class='ocrx_word' id='word_1_62' title='bbox 1513 1161 1602 1215; x_wconf 89' lang='lat' dir='ltr'><strong>illa</strong></span> <span class='ocrx_word' id='word_1_63' title='bbox 1633 1176 1857 1215; x_wconf 91' lang='lat' dir='ltr'><strong>numero</strong></span> <span class='ocrx_word' id='word_1_64' title='bbox 1887 1161 2134 1216; x_wconf 86' lang='lat' dir='ltr'><strong>habenda</strong></span> 
     </span>
    </p>
   </div>
   <div class='ocr_carea' id='block_1_10' title="bbox 557 1253 2134 1324">
    <p class='ocr_par' dir='ltr' id='par_1_10' title="bbox 557 1253 2134 1324">
     <span class='ocr_line' id='line_1_10' title="bbox 557 1253 2134 1324; baseline 0.001 -18"><span class='ocrx_word' id='word_1_65' title='bbox 557 1265 678 1306; x_wconf 90' lang='lat' dir='ltr'><strong>esse</strong></span> <span class='ocrx_word' id='word_1_66' title='bbox 696 1253 846 1308; x_wconf 88' lang='lat' dir='ltr'><strong>aitae</strong></span> <span class='ocrx_word' id='word_1_67' title='bbox 867 1268 928 1308; x_wconf 91' lang='lat' dir='ltr'><strong>ea</strong></span> <span class='ocrx_word' id='word_1_68' title='bbox 947 1269 1066 1324; x_wconf 85' lang='lat' dir='ltr'><strong>quae</strong></span> <span class='ocrx_word' id='word_1_69' title='bbox 1081 1254 1504 1324; x_wconf 65' lang='lat' dir='ltr'><strong>praestigiatores</strong></span> <span class='ocrx_word' id='word_1_70' title='bbox 1521 1254 1746 1319; x_wconf 89' lang='lat' dir='ltr'><strong>faciunt,</strong></span> <span class='ocrx_word' id='word_1_71' title='bbox 1770 1255 1973 1322; x_wconf 82' lang='lat' dir='ltr'><strong>majora</strong></span> <span class='ocrx_word' id='word_1_72' title='bbox 1990 1271 2134 1310; x_wconf 89' lang='lat' dir='ltr'><strong>sem—</strong></span> 
     </span>
    </p>
   </div>
   <div class='ocr_carea' id='block_1_11' title="bbox 559 1345 2133 1417">
    <p class='ocr_par' dir='ltr' id='par_1_11' title="bbox 559 1345 2133 1417">
     <span class='ocr_line' id='line_1_11' title="bbox 559 1345 2133 1417; baseline 0 -18"><span class='ocrx_word' id='word_1_73' title='bbox 559 1359 656 1414; x_wconf 91' lang='lat' dir='ltr'><strong>per</strong></span> <span class='ocrx_word' id='word_1_74' title='bbox 683 1359 747 1400; x_wconf 92' lang='lat' dir='ltr'><strong>ac</strong></span> <span class='ocrx_word' id='word_1_75' title='bbox 783 1345 988 1414; x_wconf 83' lang='lat' dir='ltr'><strong>majora</strong></span> <span class='ocrx_word' id='word_1_76' title='bbox 1019 1347 1372 1415; x_wconf 82' lang='lat' dir='ltr'><strong>pollicentes;</strong></span> <span class='ocrx_word' id='word_1_77' title='bbox 1404 1357 1458 1400; x_wconf 91' lang='lat' dir='ltr'><strong>et</strong></span> <span class='ocrx_word' id='word_1_78' title='bbox 1490 1363 1611 1417; x_wconf 74' lang='lat' dir='ltr'><strong>qua:</strong></span> <span class='ocrx_word' id='word_1_79' title='bbox 1645 1347 1853 1403; x_wconf 88' lang='lat' dir='ltr'><strong>faciunt</strong></span> <span class='ocrx_word' id='word_1_80' title='bbox 1880 1348 1970 1417; x_wconf 89' lang='lat' dir='ltr'><strong>qui</strong></span> <span class='ocrx_word' id='word_1_81' title='bbox 2004 1355 2133 1402; x_wconf 91' lang='lat' dir='ltr'><strong>sunt</strong></span> 
     </span>
    </p>
   </div>
   <div class='ocr_carea' id='block_1_12' title="bbox 555 1435 2131 1510">
    <p class='ocr_par' dir='ltr' id='par_1_12' title="bbox 555 1435 2131 1510">
     <span class='ocr_line' id='line_1_12' title="bbox 555 1435 2131 1510; baseline 0.003 -18"><span class='ocrx_word' id='word_1_82' title='bbox 555 1435 901 1509; x_wconf 67' lang='lat' dir='ltr'><strong>Egyptiaeis</strong></span> <span class='ocrx_word' id='word_1_83' title='bbox 920 1439 1126 1494; x_wconf 89' lang='lat' dir='ltr'><strong>artibus</strong></span> <span class='ocrx_word' id='word_1_84' title='bbox 1155 1440 1372 1506; x_wconf 86' lang='lat' dir='ltr'><strong>eruditi,</strong></span> <span class='ocrx_word' id='word_1_85' title='bbox 1403 1441 1492 1510; x_wconf 91' lang='lat' dir='ltr'><strong>qui</strong></span> <span class='ocrx_word' id='word_1_86' title='bbox 1519 1441 1697 1496; x_wconf 91' lang='lat' dir='ltr'><strong>medio</strong></span> <span class='ocrx_word' id='word_1_87' title='bbox 1717 1442 1768 1496; x_wconf 93' lang='lat' dir='ltr'><strong>in</strong></span> <span class='ocrx_word' id='word_1_88' title='bbox 1791 1440 1927 1506; x_wconf 91' lang='lat' dir='ltr'><strong>foro,</strong></span> <span class='ocrx_word' id='word_1_89' title='bbox 1947 1443 2131 1510; x_wconf 87' lang='lat' dir='ltr'><strong>paucis</strong></span> 
     </span>
    </p>
   </div>
   <div class='ocr_carea' id='block_1_13' title="bbox 553 1531 2128 1598">
    <p class='ocr_par' dir='ltr' id='par_1_13' title="bbox 553 1531 2128 1598">
     <span class='ocr_line' id='line_1_13' title="bbox 553 1531 2128 1598; baseline 0.002 -12"><span class='ocrx_word' id='word_1_90' title='bbox 553 1531 730 1588; x_wconf 88' lang='lat' dir='ltr'><strong>obolis</strong></span> <span class='ocrx_word' id='word_1_91' title='bbox 770 1533 1104 1589; x_wconf 86' lang='lat' dir='ltr'><strong>venerandas</strong></span> <span class='ocrx_word' id='word_1_92' title='bbox 1149 1550 1278 1590; x_wconf 88' lang='lat' dir='ltr'><strong>suas</strong></span> <span class='ocrx_word' id='word_1_93' title='bbox 1315 1546 1462 1590; x_wconf 86' lang='lat' dir='ltr'><strong>artes</strong></span> <span class='ocrx_word' id='word_1_94' title='bbox 1501 1534 1806 1598; x_wconf 87' lang='lat' dir='ltr'><strong>venditant,</strong></span> <span class='ocrx_word' id='word_1_95' title='bbox 1861 1535 2128 1590; x_wconf 74' lang='lat' dir='ltr'><strong>daemonia</strong></span> 
     </span>
    </p>
   </div>
   <div class='ocr_carea' id='block_1_14' title="bbox 553 1625 2128 1699">
    <p class='ocr_par' dir='ltr' id='par_1_14' title="bbox 553 1625 2128 1699">
     <span class='ocr_line' id='line_1_14' title="bbox 553 1625 2128 1699; baseline -0.001 -16"><span class='ocrx_word' id='word_1_96' title='bbox 553 1641 623 1683; x_wconf 82' lang='lat' dir='ltr'><strong>ex</strong></span> <span class='ocrx_word' id='word_1_97' title='bbox 649 1625 960 1682; x_wconf 88' lang='lat' dir='ltr'><strong>hominibus</strong></span> <span class='ocrx_word' id='word_1_98' title='bbox 974 1626 1284 1699; x_wconf 81' lang='lat' dir='ltr'><strong>proﬂigant,</strong></span> <span class='ocrx_word' id='word_1_99' title='bbox 1310 1627 1600 1684; x_wconf 72' lang='lat' dir='ltr'><strong>exsufﬂant</strong></span> <span class='ocrx_word' id='word_1_100' title='bbox 1637 1627 1875 1693; x_wconf 88' lang='lat' dir='ltr'><strong>morbos,</strong></span> <span class='ocrx_word' id='word_1_101' title='bbox 1903 1629 2128 1682; x_wconf 84' lang='lat' dir='ltr'><strong>heroum</strong></span> 
     </span>
    </p>
   </div>
   <div class='ocr_carea' id='block_1_15' title="bbox 551 1718 2126 1788">
    <p class='ocr_par' dir='ltr' id='par_1_15' title="bbox 551 1718 2126 1788">
     <span class='ocr_line' id='line_1_15' title="bbox 551 1718 2126 1788; baseline 0 -16"><span class='ocrx_word' id='word_1_102' title='bbox 551 1718 763 1773; x_wconf 83' lang='lat' dir='ltr'><strong>animas</strong></span> <span class='ocrx_word' id='word_1_103' title='bbox 791 1720 1282 1788; x_wconf 86' lang='lat' dir='ltr'><strong>evocant,opipara</strong></span> <span class='ocrx_word' id='word_1_104' title='bbox 1317 1721 1588 1786; x_wconf 91' lang='lat' dir='ltr'><strong>convivia,</strong></span> <span class='ocrx_word' id='word_1_105' title='bbox 1611 1722 1846 1786; x_wconf 85' lang='lat' dir='ltr'><strong>m‘ensas,</strong></span> <span class='ocrx_word' id='word_1_106' title='bbox 1873 1718 2126 1784; x_wconf 83' lang='lat' dir='ltr'><strong>bellaria,</strong></span> 
     </span>
    </p>
   </div>
   <div class='ocr_carea' id='block_1_16' title="bbox 549 1809 2128 1881">
    <p class='ocr_par' dir='ltr' id='par_1_16' title="bbox 549 1809 2128 1881">
     <span class='ocr_line' id='line_1_16' title="bbox 549 1809 2128 1881; baseline -0.001 -15"><span class='ocrx_word' id='word_1_107' title='bbox 549 1809 778 1880; x_wconf 90' lang='lat' dir='ltr'><strong>opsonia</strong></span> <span class='ocrx_word' id='word_1_108' title='bbox 795 1825 916 1880; x_wconf 69' lang='lat' dir='ltr'><strong>quae</strong></span> <span class='ocrx_word' id='word_1_109' title='bbox 947 1825 1219 1880; x_wconf 83' lang='lat' dir='ltr'><strong>nunquam</strong></span> <span class='ocrx_word' id='word_1_110' title='bbox 1243 1810 1463 1866; x_wconf 85' lang='lat' dir='ltr'><strong>fuerunt</strong></span> <span class='ocrx_word' id='word_1_111' title='bbox 1487 1811 1766 1876; x_wconf 82' lang='lat' dir='ltr'><strong>exhibent,</strong></span> <span class='ocrx_word' id='word_1_112' title='bbox 1784 1811 2128 1881; x_wconf 78' lang='lat' dir='ltr'><strong>agitantani-</strong></span> 
     </span>
    </p>
   </div>
   <div class='ocr_carea' id='block_1_17' title="bbox 551 1903 2126 1974">
    <p class='ocr_par' dir='ltr' id='par_1_17' title="bbox 551 1903 2126 1974">
     <span class='ocr_line' id='line_1_17' title="bbox 551 1903 2126 1974; baseline -0.001 -16"><span class='ocrx_word' id='word_1_113' title='bbox 551 1903 713 1958; x_wconf 87' lang='lat' dir='ltr'><strong>malia</strong></span> <span class='ocrx_word' id='word_1_114' title='bbox 750 1919 869 1974; x_wconf 62' lang='lat' dir='ltr'><strong>quae</strong></span> <span class='ocrx_word' id='word_1_115' title='bbox 894 1919 1018 1960; x_wconf 86' lang='lat' dir='ltr'><strong>vere</strong></span> <span class='ocrx_word' id='word_1_116' title='bbox 1049 1904 1192 1958; x_wconf 89' lang='lat' dir='ltr'><strong>nulla</strong></span> <span class='ocrx_word' id='word_1_117' title='bbox 1215 1913 1360 1968; x_wconf 89' lang='lat' dir='ltr'><strong>sunt,</strong></span> <span class='ocrx_word' id='word_1_118' title='bbox 1397 1905 1491 1960; x_wconf 90' lang='lat' dir='ltr'><strong>sed</strong></span> <span class='ocrx_word' id='word_1_119' title='bbox 1525 1919 1680 1959; x_wconf 72' lang='lat' dir='ltr'><strong>vana:</strong></span> <span class='ocrx_word' id='word_1_120' title='bbox 1717 1905 1980 1959; x_wconf 79' lang='lat' dir='ltr'><strong>duntaxat</strong></span> <span class='ocrx_word' id='word_1_121' title='bbox 2011 1904 2126 1957; x_wconf 80' lang='lat' dir='ltr'><strong>ani-</strong></span> 
     </span>
    </p>
   </div>
   <div class='ocr_carea' id='block_1_18' title="bbox 546 1995 2122 2066">
    <p class='ocr_par' dir='ltr' id='par_1_18' title="bbox 546 1995 2122 2066">
     <span class='ocr_line' id='line_1_18' title="bbox 546 1995 2122 2066; baseline 0.001 -18"><span class='ocrx_word' id='word_1_122' title='bbox 546 1996 814 2049; x_wconf 88' lang='lat' dir='ltr'><strong>mantium</strong></span> <span class='ocrx_word' id='word_1_123' title='bbox 836 1996 1122 2065; x_wconf 81' lang='lat' dir='ltr'><strong>imagines.</strong></span> <span class='ocrx_word' id='word_1_124' title='bbox 1141 1997 1260 2051; x_wconf 77' lang='lat' dir='ltr'><strong>Mox</strong></span> <span class='ocrx_word' id='word_1_125' title='bbox 1281 1997 1507 2060; x_wconf 77' lang='lat' dir='ltr'><strong>aitztAn</strong></span> <span class='ocrx_word' id='word_1_126' title='bbox 1524 1996 1649 2066; x_wconf 84' lang='lat' dir='ltr'><strong>quia</strong></span> <span class='ocrx_word' id='word_1_127' title='bbox 1667 1998 1781 2050; x_wconf 80' lang='lat' dir='ltr'><strong>haec</strong></span> <span class='ocrx_word' id='word_1_128' title='bbox 1802 1995 1873 2050; x_wconf 92' lang='lat' dir='ltr'><strong>illi</strong></span> <span class='ocrx_word' id='word_1_129' title='bbox 1895 1995 2122 2058; x_wconf 84' lang='lat' dir='ltr'><strong>faciunt,</strong></span> 
     </span>
    </p>
   </div>
   <div class='ocr_carea' id='block_1_19' title="bbox 546 2081 2124 2157">
    <p class='ocr_par' dir='ltr' id='par_1_19' title="bbox 546 2081 2124 2157">
     <span class='ocr_line' id='line_1_19' title="bbox 546 2081 2124 2157; baseline -0.001 -16"><span class='ocrx_word' id='word_1_130' title='bbox 546 2085 711 2157; x_wconf 77' lang='lat'><strong>383</strong></span> <span class='ocrx_word' id='word_1_131' title='bbox 741 2087 942 2142; x_wconf 89' lang='lat' dir='ltr'><strong>idcirco</strong></span> <span class='ocrx_word' id='word_1_132' title='bbox 979 2087 1334 2152; x_wconf 67' lang='lat' dir='ltr'><strong>eredendunr</strong></span> <span class='ocrx_word' id='word_1_133' title='bbox 1362 2085 1524 2142; x_wconf 88' lang='lat' dir='ltr'><strong>nobis</strong></span> <span class='ocrx_word' id='word_1_134' title='bbox 1567 2086 1678 2143; x_wconf 90' lang='lat' dir='ltr'><strong>erit</strong></span> <span class='ocrx_word' id='word_1_135' title='bbox 1717 2081 1840 2141; x_wconf 85' lang='lat' dir='ltr'><strong>illos</strong></span> <span class='ocrx_word' id='word_1_136' title='bbox 1869 2100 1991 2142; x_wconf 89' lang='lat' dir='ltr'><strong>esse</strong></span> <span class='ocrx_word' id='word_1_137' title='bbox 2027 2085 2124 2140; x_wconf 87' lang='lat' dir='ltr'><strong>Dei</strong></span> 
     </span>
    </p>
   </div>
   <div class='ocr_carea' id='block_1_20' title="bbox 549 2179 2125 2250">
    <p class='ocr_par' dir='ltr' id='par_1_20' title="bbox 549 2179 2125 2250">
     <span class='ocr_line' id='line_1_20' title="bbox 549 2179 2125 2250; baseline 0.001 -18"><span class='ocrx_word' id='word_1_138' title='bbox 549 2179 729 2234; x_wconf 80' lang='lat' dir='ltr'><strong>ﬁlios?</strong></span> <span class='ocrx_word' id='word_1_139' title='bbox 763 2180 844 2235; x_wconf 77' lang='lat' dir='ltr'><strong>An</strong></span> <span class='ocrx_word' id='word_1_140' title='bbox 881 2181 1058 2249; x_wconf 83' lang='lat' dir='ltr'><strong>potius</strong></span> <span class='ocrx_word' id='word_1_141' title='bbox 1085 2179 1377 2234; x_wconf 85' lang='lat' dir='ltr'><strong>dicendqu</strong></span> <span class='ocrx_word' id='word_1_142' title='bbox 1411 2179 1784 2250; x_wconf 87' lang='lat' dir='ltr'><strong>improborum</strong></span> <span class='ocrx_word' id='word_1_143' title='bbox 1815 2188 1871 2234; x_wconf 91' lang='lat' dir='ltr'><strong>et</strong></span> <span class='ocrx_word' id='word_1_144' title='bbox 1896 2179 2125 2234; x_wconf 88' lang='lat' dir='ltr'><strong>nebulo-</strong></span> 
     </span>
    </p>
   </div>
   <div class='ocr_carea' id='block_1_21' title="bbox 547 2271 2122 2342">
    <p class='ocr_par' dir='ltr' id='par_1_21' title="bbox 547 2271 2122 2342">
     <span class='ocr_line' id='line_1_21' title="bbox 547 2271 2122 2342; baseline -0.001 -16"><span class='ocrx_word' id='word_1_145' title='bbox 547 2287 676 2326; x_wconf 88' lang='lat' dir='ltr'><strong>num</strong></span> <span class='ocrx_word' id='word_1_146' title='bbox 701 2287 822 2327; x_wconf 80' lang='lat' dir='ltr'><strong>esse</strong></span> <span class='ocrx_word' id='word_1_147' title='bbox 845 2271 1158 2341; x_wconf 76' lang='lat' dir='ltr'><strong>huiusmodi</strong></span> <span class='ocrx_word' id='word_1_148' title='bbox 1189 2273 1371 2327; x_wconf 87' lang='lat' dir='ltr'><strong>artes?</strong></span> <span class='ocrx_word' id='word_1_149' title='bbox 1395 2291 1413 2323; x_wconf 74' lang='grc' dir='ltr'><strong>ιι</strong></span> <span class='ocrx_word' id='word_1_150' title='bbox 1447 2272 1586 2328; x_wconf 83' lang='lat' dir='ltr'><strong>llinc</strong></span> <span class='ocrx_word' id='word_1_151' title='bbox 1613 2272 1880 2342; x_wconf 89' lang='lat' dir='ltr'><strong>perspicis</strong></span> <span class='ocrx_word' id='word_1_152' title='bbox 1906 2271 2122 2327; x_wconf 90' lang='lat' dir='ltr'><strong>Celsum</strong></span> 
     </span>
    </p>
   </div>
   <div class='ocr_carea' id='block_1_22' title="bbox 545 2365 2118 2435">
    <p class='ocr_par' dir='ltr' id='par_1_22' title="bbox 545 2365 2118 2435">
     <span class='ocr_line' id='line_1_22' title="bbox 545 2365 2118 2435; baseline 0.001 -17"><span class='ocrx_word' id='word_1_153' title='bbox 545 2366 616 2418; x_wconf 89' lang='lat' dir='ltr'><strong>ab</strong></span> <span class='ocrx_word' id='word_1_154' title='bbox 651 2365 989 2422; x_wconf 86' lang='lat' dir='ltr'><strong>admittenda</strong></span> <span class='ocrx_word' id='word_1_155' title='bbox 1023 2367 1198 2435; x_wconf 79' lang='lat' dir='ltr'><strong>magia</strong></span> <span class='ocrx_word' id='word_1_156' title='bbox 1231 2382 1336 2420; x_wconf 88' lang='lat' dir='ltr'><strong>non</strong></span> <span class='ocrx_word' id='word_1_157' title='bbox 1381 2366 1621 2420; x_wconf 87' lang='lat' dir='ltr'><strong>alienum</strong></span> <span class='ocrx_word' id='word_1_158' title='bbox 1651 2381 1774 2421; x_wconf 88' lang='lat' dir='ltr'><strong>esse</strong></span> <span class='ocrx_word' id='word_1_159' title='bbox 1806 2366 2118 2420; x_wconf 89' lang='lat' dir='ltr'><strong>admodum.</strong></span> 
     </span>
    </p>
   </div>
   <div class='ocr_carea' id='block_1_23' title="bbox 543 2457 2120 2529">
    <p class='ocr_par' dir='ltr' id='par_1_23' title="bbox 543 2457 2120 2529">
     <span class='ocr_line' id='line_1_23' title="bbox 543 2457 2120 2529; baseline -0.001 -17"><span class='ocrx_word' id='word_1_160' title='bbox 543 2457 741 2514; x_wconf 79' lang='lat' dir='ltr'><strong>Nescio</strong></span> <span class='ocrx_word' id='word_1_161' title='bbox 774 2471 955 2514; x_wconf 90' lang='lat' dir='ltr'><strong>tamen</strong></span> <span class='ocrx_word' id='word_1_162' title='bbox 1002 2477 1068 2515; x_wconf 87' lang='lat' dir='ltr'><strong>an</strong></span> <span class='ocrx_word' id='word_1_163' title='bbox 1120 2459 1210 2514; x_wconf 90' lang='lat' dir='ltr'><strong>ille</strong></span> <span class='ocrx_word' id='word_1_164' title='bbox 1267 2459 1380 2528; x_wconf 87' lang='lat' dir='ltr'><strong>ipse</strong></span> <span class='ocrx_word' id='word_1_165' title='bbox 1431 2459 1502 2513; x_wconf 88' lang='lat' dir='ltr'><strong>sit</strong></span> <span class='ocrx_word' id='word_1_166' title='bbox 1535 2460 1624 2529; x_wconf 89' lang='lat' dir='ltr'><strong>qui</strong></span> <span class='ocrx_word' id='word_1_167' title='bbox 1681 2459 1881 2513; x_wconf 86' lang='lat' dir='ltr'><strong>multus</strong></span> <span class='ocrx_word' id='word_1_168' title='bbox 1934 2467 2120 2513; x_wconf 84' lang='lat' dir='ltr'><strong>contra</strong></span> 
     </span>
    </p>
   </div>
   <div class='ocr_carea' id='block_1_24' title="bbox 545 2550 2120 2620">
    <p class='ocr_par' dir='ltr' id='par_1_24' title="bbox 545 2550 2120 2620">
     <span class='ocr_line' id='line_1_24' title="bbox 545 2550 2120 2620; baseline 0.001 -16"><span class='ocrx_word' id='word_1_169' title='bbox 545 2551 781 2619; x_wconf 85' lang='lat' dir='ltr'><strong>magiam</strong></span> <span class='ocrx_word' id='word_1_170' title='bbox 809 2551 976 2606; x_wconf 88' lang='lat' dir='ltr'><strong>libros</strong></span> <span class='ocrx_word' id='word_1_171' title='bbox 1003 2551 1416 2620; x_wconf 84' lang='lat' dir='ltr'><strong>conscripserit.</strong></span> <span class='ocrx_word' id='word_1_172' title='bbox 1447 2550 1842 2606; x_wconf 78' lang='lat' dir='ltr'><strong>Verumtamen</strong></span> <span class='ocrx_word' id='word_1_173' title='bbox 1868 2550 1992 2619; x_wconf 85' lang='lat' dir='ltr'><strong>quia</strong></span> <span class='ocrx_word' id='word_1_174' title='bbox 2016 2550 2120 2605; x_wconf 89' lang='lat' dir='ltr'><strong>hoc</strong></span> 
     </span>
    </p>
   </div>
   <div class='ocr_carea' id='block_1_25' title="bbox 541 2639 2119 2710">
    <p class='ocr_par' dir='ltr' id='par_1_25' title="bbox 541 2639 2119 2710">
     <span class='ocr_line' id='line_1_25' title="bbox 541 2639 2119 2710; baseline 0 -16"><span class='ocrx_word' id='word_1_175' title='bbox 541 2641 657 2710; x_wconf 88' lang='lat' dir='ltr'><strong>ejus</strong></span> <span class='ocrx_word' id='word_1_176' title='bbox 681 2646 958 2710; x_wconf 89' lang='lat' dir='ltr'><strong>proposito</strong></span> <span class='ocrx_word' id='word_1_177' title='bbox 987 2643 1336 2698; x_wconf 90' lang='lat' dir='ltr'><strong>commodum</strong></span> <span class='ocrx_word' id='word_1_178' title='bbox 1365 2651 1518 2709; x_wconf 90' lang='lat' dir='ltr'><strong>erat,</strong></span> <span class='ocrx_word' id='word_1_179' title='bbox 1554 2658 1677 2710; x_wconf 81' lang='lat' dir='ltr'><strong>qua:</strong></span> <span class='ocrx_word' id='word_1_180' title='bbox 1709 2641 1776 2695; x_wconf 88' lang='lat' dir='ltr'><strong>de</strong></span> <span class='ocrx_word' id='word_1_181' title='bbox 1811 2639 1936 2697; x_wconf 79' lang='lat' dir='ltr'><strong>Jesu</strong></span> <span class='ocrx_word' id='word_1_182' title='bbox 1989 2657 2119 2696; x_wconf 88' lang='lat' dir='ltr'><strong>nar-</strong></span> 
     </span>
    </p>
   </div>
   <div class='ocr_carea' id='block_1_26' title="bbox 543 2731 2118 2804">
    <p class='ocr_par' dir='ltr' id='par_1_26' title="bbox 543 2731 2118 2804">
     <span class='ocr_line' id='line_1_26' title="bbox 543 2731 2118 2804; baseline 0 -17"><span class='ocrx_word' id='word_1_183' title='bbox 543 2745 736 2787; x_wconf 89' lang='lat' dir='ltr'><strong>rantur</strong></span> <span class='ocrx_word' id='word_1_184' title='bbox 797 2743 1084 2804; x_wconf 84' lang='lat' dir='ltr'><strong>comparat</strong></span> <span class='ocrx_word' id='word_1_185' title='bbox 1107 2751 1230 2788; x_wconf 91' lang='lat' dir='ltr'><strong>cum</strong></span> <span class='ocrx_word' id='word_1_186' title='bbox 1261 2735 1327 2789; x_wconf 87' lang='lat' dir='ltr'><strong>iis</strong></span> <span class='ocrx_word' id='word_1_187' title='bbox 1358 2749 1476 2802; x_wconf 70' lang='lat' dir='ltr'><strong>qua:</strong></span> <span class='ocrx_word' id='word_1_188' title='bbox 1513 2735 1687 2803; x_wconf 80' lang='lat' dir='ltr'><strong>magia</strong></span> <span class='ocrx_word' id='word_1_189' title='bbox 1708 2733 1900 2788; x_wconf 82' lang='lat' dir='ltr'><strong>.ellicit.</strong></span> <span class='ocrx_word' id='word_1_190' title='bbox 1939 2731 2005 2785; x_wconf 83' lang='lat' dir='ltr'><strong>Et</strong></span> <span class='ocrx_word' id='word_1_191' title='bbox 2033 2747 2118 2787; x_wconf 89' lang='lat' dir='ltr'><strong>es-</strong></span> 
     </span>
    </p>
   </div>
   <div class='ocr_carea' id='block_1_27' title="bbox 540 2824 2118 2894">
    <p class='ocr_par' dir='ltr' id='par_1_27' title="bbox 540 2824 2118 2894">
     <span class='ocr_line' id='line_1_27' title="bbox 540 2824 2118 2894; baseline -0.003 -14"><span class='ocrx_word' id='word_1_192' title='bbox 540 2835 660 2880; x_wconf 75' lang='lat' dir='ltr'><strong>sent</strong></span> <span class='ocrx_word' id='word_1_193' title='bbox 696 2827 894 2880; x_wconf 89' lang='lat' dir='ltr'><strong>similia</strong></span> <span class='ocrx_word' id='word_1_194' title='bbox 930 2828 974 2881; x_wconf 92' lang='lat' dir='ltr'><strong>si</strong></span> <span class='ocrx_word' id='word_1_195' title='bbox 1020 2827 1200 2894; x_wconf 84' lang='lat' dir='ltr'><strong>Jesus,</strong></span> <span class='ocrx_word' id='word_1_196' title='bbox 1241 2837 1298 2880; x_wconf 91' lang='lat' dir='ltr'><strong>ut</strong></span> <span class='ocrx_word' id='word_1_197' title='bbox 1333 2826 1424 2894; x_wconf 89' lang='lat' dir='ltr'><strong>qui</strong></span> <span class='ocrx_word' id='word_1_198' title='bbox 1477 2827 1716 2892; x_wconf 83' lang='lat' dir='ltr'><strong>magicas</strong></span> <span class='ocrx_word' id='word_1_199' title='bbox 1769 2833 1916 2879; x_wconf 88' lang='lat' dir='ltr'><strong>artes</strong></span> <span class='ocrx_word' id='word_1_200' title='bbox 1952 2824 2118 2892; x_wconf 86' lang='lat' dir='ltr'><strong>profi-</strong></span> 
     </span>
    </p>
   </div>
   <div class='ocr_carea' id='block_1_28' title="bbox 543 2916 2114 2988">
    <p class='ocr_par' dir='ltr' id='par_1_28' title="bbox 543 2916 2114 2988">
     <span class='ocr_line' id='line_1_28' title="bbox 543 2916 2114 2988; baseline -0.001 -17"><span class='ocrx_word' id='word_1_201' title='bbox 543 2927 745 2981; x_wconf 89' lang='lat' dir='ltr'><strong>.entur,</strong></span> <span class='ocrx_word' id='word_1_202' title='bbox 801 2918 934 2972; x_wconf 90' lang='lat' dir='ltr'><strong>nihil</strong></span> <span class='ocrx_word' id='word_1_203' title='bbox 985 2929 1186 2988; x_wconf 72' lang='lat' dir='ltr'><strong>prmter</strong></span> <span class='ocrx_word' id='word_1_204' title='bbox 1239 2933 1436 2971; x_wconf 88' lang='lat' dir='ltr'><strong>vanam</strong></span> <span class='ocrx_word' id='word_1_205' title='bbox 1487 2917 1723 2986; x_wconf 86' lang='lat' dir='ltr'><strong>speciem</strong></span> <span class='ocrx_word' id='word_1_206' title='bbox 1761 2916 2114 2971; x_wconf 86' lang='lat' dir='ltr'><strong>ostendisset.</strong></span> 
     </span>
    </p>
   </div>
   <div class='ocr_carea' id='block_1_29' title="bbox 539 3003 2114 3078">
    <p class='ocr_par' dir='ltr' id='par_1_29' title="bbox 539 3003 2114 3078">
     <span class='ocr_line' id='line_1_29' title="bbox 539 3003 2114 3078; baseline -0.002 -18"><span class='ocrx_word' id='word_1_207' title='bbox 539 3004 694 3062; x_wconf 82' lang='lat' dir='ltr'><strong>Nunc</strong></span> <span class='ocrx_word' id='word_1_208' title='bbox 723 3023 854 3062; x_wconf 89' lang='lat' dir='ltr'><strong>vero</strong></span> <span class='ocrx_word' id='word_1_209' title='bbox 896 3008 1076 3063; x_wconf 87' lang='lat' dir='ltr'><strong>nullus</strong></span> <span class='ocrx_word' id='word_1_210' title='bbox 1103 3007 1471 3078; x_wconf 63' lang='lat' dir='ltr'><strong>praestigiator</strong></span> <span class='ocrx_word' id='word_1_211' title='bbox 1521 3020 1619 3074; x_wconf 90' lang='lat' dir='ltr'><strong>per</strong></span> <span class='ocrx_word' id='word_1_212' title='bbox 1665 3021 1727 3060; x_wconf 88' lang='lat' dir='ltr'><strong>ea</strong></span> <span class='ocrx_word' id='word_1_213' title='bbox 1775 3019 1895 3074; x_wconf 66' lang='lat' dir='ltr'><strong>quae</strong></span> <span class='ocrx_word' id='word_1_214' title='bbox 1941 3003 2114 3069; x_wconf 89' lang='lat' dir='ltr'><strong>facit,</strong></span> 
     </span>
    </p>
   </div>
   <div class='ocr_carea' id='block_1_30' title="bbox 537 3097 2117 3169">
    <p class='ocr_par' dir='ltr' id='par_1_30' title="bbox 537 3097 2117 3169">
     <span class='ocr_line' id='line_1_30' title="bbox 537 3097 2117 3169; baseline -0.003 -15"><span class='ocrx_word' id='word_1_215' title='bbox 537 3109 884 3169; x_wconf 83' lang='lat' dir='ltr'><strong>spectatores</strong></span> <span class='ocrx_word' id='word_1_216' title='bbox 917 3102 983 3156; x_wconf 86' lang='lat' dir='ltr'><strong>ad</strong></span> <span class='ocrx_word' id='word_1_217' title='bbox 1018 3116 1228 3156; x_wconf 87' lang='lat' dir='ltr'><strong>morum</strong></span> <span class='ocrx_word' id='word_1_218' title='bbox 1281 3099 1720 3155; x_wconf 88' lang='lat' dir='ltr'><strong>emendationem</strong></span> <span class='ocrx_word' id='word_1_219' title='bbox 1759 3097 1996 3162; x_wconf 81' lang='lat' dir='ltr'><strong>excitat,</strong></span> <span class='ocrx_word' id='word_1_220' title='bbox 2025 3104 2117 3150; x_wconf 84' lang='lat' dir='ltr'><strong>aut</strong></span> 
     </span>
    </p>
   </div>
   <div class='ocr_carea' id='block_1_31' title="bbox 2040 399 2362 459">
    <p class='ocr_par' dir='ltr' id='par_1_31' title="bbox 2040 399 2362 459">
     <span class='ocr_line' id='line_1_31' title="bbox 2040 399 2362 459; baseline 0.003 -2"><span class='ocrx_word' id='word_1_221' title='bbox 2040 399 2362 459; x_wconf 79' lang='lat' dir='ltr'><strong>ORIGENIS</strong></span> 
     </span>
    </p>
   </div>
   <div class='ocr_carea' id='block_1_32' title="bbox 3711 407 3800 465">
    <p class='ocr_par' dir='ltr' id='par_1_32' title="bbox 3711 407 3800 465">
     <span class='ocr_line' id='line_1_32' title="bbox 3711 407 3800 465; baseline 0.045 -4"><span class='ocrx_word' id='word_1_222' title='bbox 3711 407 3800 465; x_wconf 74' lang='lat'><strong>788</strong></span> 
     </span>
    </p>
   </div>
   <div class='ocr_carea' id='block_1_33' title="bbox 2327 519 3800 594">
    <p class='ocr_par' dir='ltr' id='par_1_33' title="bbox 2327 519 3800 594">
     <span class='ocr_line' id='line_1_33' title="bbox 2327 519 3800 594; baseline 0.003 -19"><span class='ocrx_word' id='word_1_223' title='bbox 2327 519 2482 594; x_wconf 75' lang='grc' dir='ltr'>Ἑξῆς</span> <span class='ocrx_word' id='word_1_224' title='bbox 2522 519 2578 574; x_wconf 77' lang='grc' dir='ltr'>δὲ</span> <span class='ocrx_word' id='word_1_225' title='bbox 2608 519 2816 586; x_wconf 78' lang='grc' dir='ltr'>τούτοις</span> <span class='ocrx_word' id='word_1_226' title='bbox 2843 524 2872 576; x_wconf 88' lang='grc' dir='ltr'>ὁ</span> <span class='ocrx_word' id='word_1_227' title='bbox 2899 521 3126 590; x_wconf 72' lang='grc' dir='ltr'>Κέλσος,</span> <span class='ocrx_word' id='word_1_228' title='bbox 3157 521 3474 594; x_wconf 78' lang='grc' dir='ltr'><strong>ὑπιδόμενος</strong></span> <span class='ocrx_word' id='word_1_229' title='bbox 3517 521 3586 575; x_wconf 72' lang='grc' dir='ltr'>τὰ</span> <span class='ocrx_word' id='word_1_230' title='bbox 3617 525 3800 579; x_wconf 65' lang='lat' dir='ltr'><strong>trudat-</strong></span> 
     </span>
    </p>
   </div>
   <div class='ocr_carea' id='block_1_34' title="bbox 2240 613 3804 690">
    <p class='ocr_par' dir='ltr' id='par_1_34' title="bbox 2240 613 3804 690">
     <span class='ocr_line' id='line_1_34' title="bbox 2240 613 3804 690; baseline 0.002 -23"><span class='ocrx_word' id='word_1_231' title='bbox 2240 613 2548 686; x_wconf 84' lang='grc' dir='ltr'>χθησόμενα</span> <span class='ocrx_word' id='word_1_232' title='bbox 2583 613 2688 667; x_wconf 80' lang='grc' dir='ltr'><strong>ὑπὸ</strong></span> <span class='ocrx_word' id='word_1_233' title='bbox 2718 613 2811 667; x_wconf 89' lang='grc' dir='ltr'><strong>τοῦ</strong></span> <span class='ocrx_word' id='word_1_234' title='bbox 2851 615 3024 688; x_wconf 84' lang='grc' dir='ltr'>Ἰησοῦ</span> <span class='ocrx_word' id='word_1_235' title='bbox 3055 616 3396 688; x_wconf 81' lang='grc' dir='ltr'><strong>γεγενημένα</strong></span> <span class='ocrx_word' id='word_1_236' title='bbox 3425 615 3658 686; x_wconf 85' lang='grc' dir='ltr'>μεγάλα,</span> <span class='ocrx_word' id='word_1_237' title='bbox 3691 620 3804 690; x_wconf 81' lang='grc' dir='ltr'>περὶ</span> 
     </span>
    </p>
   </div>
   <div class='ocr_carea' id='block_1_35' title="bbox 2239 701 3804 780">
    <p class='ocr_par' dir='ltr' id='par_1_35' title="bbox 2239 701 3804 780">
     <span class='ocr_line' id='line_1_35' title="bbox 2239 701 3804 780; baseline 0.001 -19"><span class='ocrx_word' id='word_1_238' title='bbox 2239 701 2314 761; x_wconf 84' lang='grc' dir='ltr'>ὧν</span> <span class='ocrx_word' id='word_1_239' title='bbox 2346 708 2500 776; x_wconf 83' lang='grc' dir='ltr'>ὀλίγα</span> <span class='ocrx_word' id='word_1_240' title='bbox 2529 705 2635 762; x_wconf 77' lang='grc' dir='ltr'><strong>ἀπὸ</strong></span> <span class='ocrx_word' id='word_1_241' title='bbox 2681 709 2890 764; x_wconf 83' lang='grc' dir='ltr'>πολλῶν</span> <span class='ocrx_word' id='word_1_242' title='bbox 2933 709 3258 780; x_wconf 84' lang='grc' dir='ltr'>εἰρήκαμεν,</span> <span class='ocrx_word' id='word_1_243' title='bbox 3287 709 3662 779; x_wconf 76' lang='grc' dir='ltr'><strong>προσποιεῖται</strong></span> <span class='ocrx_word' id='word_1_244' title='bbox 3687 725 3804 777; x_wconf 73' lang='grc' dir='ltr'>συγ-</span> 
     </span>
    </p>
   </div>
   <div class='ocr_carea' id='block_1_36' title="bbox 2240 800 3798 874">
    <p class='ocr_par' dir='ltr' id='par_1_36' title="bbox 2240 800 3798 874">
     <span class='ocr_line' id='line_1_36' title="bbox 2240 800 3798 874; baseline 0.001 -20"><span class='ocrx_word' id='word_1_245' title='bbox 2240 805 2432 874; x_wconf 81' lang='grc' dir='ltr'><strong>χωρεῖν</strong></span> <span class='ocrx_word' id='word_1_246' title='bbox 2465 802 2635 874; x_wconf 81' lang='grc' dir='ltr'>ἀληθῆ</span> <span class='ocrx_word' id='word_1_247' title='bbox 2670 800 2827 868; x_wconf 83' lang='grc' dir='ltr'>εἷναι,</span> <span class='ocrx_word' id='word_1_248' title='bbox 2864 805 2964 857; x_wconf 76' lang='grc' dir='ltr'>ὅσα</span> <span class='ocrx_word' id='word_1_249' title='bbox 2991 803 3118 874; x_wconf 79' lang='grc' dir='ltr'>περὶ</span> <span class='ocrx_word' id='word_1_250' title='bbox 3149 800 3476 874; x_wconf 83' lang='grc' dir='ltr'><strong>θεραπειῶν,</strong></span> <span class='ocrx_word' id='word_1_251' title='bbox 3513 801 3546 872; x_wconf 77' lang='grc' dir='ltr'>ἦ</span> <span class='ocrx_word' id='word_1_252' title='bbox 3577 803 3798 856; x_wconf 74' lang='grc' dir='ltr'>ἀναστά-</span> 
     </span>
    </p>
   </div>
   <div class='ocr_carea' id='block_1_37' title="bbox 2240 892 3805 970">
    <p class='ocr_par' dir='ltr' id='par_1_37' title="bbox 2240 892 3805 970">
     <span class='ocr_line' id='line_1_37' title="bbox 2240 892 3805 970; baseline -0.014 -10"><span class='ocrx_word' id='word_1_253' title='bbox 2240 911 2395 958; x_wconf 82' lang='grc' dir='ltr'>σεως,</span> <span class='ocrx_word' id='word_1_254' title='bbox 2427 894 2460 964; x_wconf 84' lang='grc' dir='ltr'>ἢ</span> <span class='ocrx_word' id='word_1_255' title='bbox 2487 896 2612 966; x_wconf 67' lang='grc' dir='ltr'>περὶ</span> <span class='ocrx_word' id='word_1_256' title='bbox 2644 896 2822 967; x_wconf 79' lang='grc' dir='ltr'>ἀρτων</span> <span class='ocrx_word' id='word_1_257' title='bbox 2848 895 3044 964; x_wconf 78' lang='grc' dir='ltr'>ὀλίγων</span> <span class='ocrx_word' id='word_1_258' title='bbox 3077 894 3392 970; x_wconf 58' lang='grc' dir='ltr'>θρεψάντων</span> <span class='ocrx_word' id='word_1_259' title='bbox 3433 892 3662 956; x_wconf 56' lang='grc' dir='ltr'>ποῇοὺς</span> <span class='ocrx_word' id='word_1_260' title='bbox 3693 895 3805 949; x_wconf 78' lang='grc' dir='ltr'>ἀνα.</span> 
     </span>
    </p>
   </div>
   <div class='ocr_carea' id='block_1_38' title="bbox 2237 979 3800 1054">
    <p class='ocr_par' dir='ltr' id='par_1_38' title="bbox 2237 979 3800 1054">
     <span class='ocr_line' id='line_1_38' title="bbox 2237 979 3800 1054; baseline 0 -18"><span class='ocrx_word' id='word_1_261' title='bbox 2237 983 2562 1054; x_wconf 83' lang='grc' dir='ltr'>γέγραπται,</span> <span class='ocrx_word' id='word_1_262' title='bbox 2613 986 2706 1054; x_wconf 75' lang='grc' dir='ltr'><strong>ἀφ’</strong></span> <span class='ocrx_word' id='word_1_263' title='bbox 2755 979 2829 1039; x_wconf 84' lang='grc' dir='ltr'>ὧν</span> <span class='ocrx_word' id='word_1_264' title='bbox 2880 984 3108 1054; x_wconf 71' lang='grc' dir='ltr'>λείψανα</span> <span class='ocrx_word' id='word_1_265' title='bbox 3153 983 3324 1037; x_wconf 84' lang='grc' dir='ltr'>πολλά</span> <span class='ocrx_word' id='word_1_266' title='bbox 3368 981 3800 1048; x_wconf 71' lang='grc' dir='ltr'><strong>καταλέλειπται,</strong></span> 
     </span>
    </p>
   </div>
   <div class='ocr_carea' id='block_1_39' title="bbox 2235 1075 3804 1150">
    <p class='ocr_par' dir='ltr' id='par_1_39' title="bbox 2235 1075 3804 1150">
     <span class='ocr_line' id='line_1_39' title="bbox 2235 1075 3804 1150; baseline 0.001 -22"><span class='ocrx_word' id='word_1_267' title='bbox 2235 1075 2268 1145; x_wconf 86' lang='grc' dir='ltr'>ἢ</span> <span class='ocrx_word' id='word_1_268' title='bbox 2315 1076 2412 1128; x_wconf 84' lang='grc' dir='ltr'>ὅσα</span> <span class='ocrx_word' id='word_1_269' title='bbox 2446 1075 2578 1128; x_wconf 83' lang='grc' dir='ltr'>ἄλλα</span> <span class='ocrx_word' id='word_1_270' title='bbox 2624 1079 2792 1131; x_wconf 76' lang='grc' dir='ltr'>οἴεται</span> <span class='ocrx_word' id='word_1_271' title='bbox 2846 1077 3342 1150; x_wconf 83' lang='grc' dir='ltr'>τερατευσαμένους</span> <span class='ocrx_word' id='word_1_272' title='bbox 3390 1076 3518 1138; x_wconf 71' lang='grc' dir='ltr'>τοὺς</span> <span class='ocrx_word' id='word_1_273' title='bbox 3569 1075 3804 1148; x_wconf 69' lang='grc' dir='ltr'>μαθητὰς</span> 
     </span>
    </p>
   </div>
   <div class='ocr_carea' id='block_1_40' title="bbox 2239 1167 3804 1240">
    <p class='ocr_par' dir='ltr' id='par_1_40' title="bbox 2239 1167 3804 1240">
     <span class='ocr_line' id='line_1_40' title="bbox 2239 1167 3804 1240; baseline 0.003 -22"><span class='ocrx_word' id='word_1_274' title='bbox 2239 1167 2600 1239; x_wconf 85' lang='grc' dir='ltr'>ἱστορηκέναι,</span> <span class='ocrx_word' id='word_1_275' title='bbox 2633 1169 2726 1222; x_wconf 77' lang='grc' dir='ltr'><strong>καὶ</strong></span> <span class='ocrx_word' id='word_1_276' title='bbox 2757 1169 3003 1240; x_wconf 77' lang='grc' dir='ltr'><strong>ἐπιφέρει</strong></span> <span class='ocrx_word' id='word_1_277' title='bbox 3036 1169 3236 1232; x_wconf 78' lang='grc' dir='ltr'>αὐτοῖς·</span> <span class='ocrx_word' id='word_1_278' title='bbox 3279 1186 3298 1219; x_wconf 78' lang='grc' dir='ltr'><strong>ι</strong></span> <span class='ocrx_word' id='word_1_279' title='bbox 3335 1168 3470 1239; x_wconf 79' lang='grc' dir='ltr'>Φέρε</span> <span class='ocrx_word' id='word_1_280' title='bbox 3506 1167 3804 1222; x_wconf 73' lang='grc' dir='ltr'>πιστεύσωο</span> 
     </span>
    </p>
   </div>
   <div class='ocr_carea' id='block_1_41' title="bbox 2238 1254 3808 1330">
    <p class='ocr_par' dir='ltr' id='par_1_41' title="bbox 2238 1254 3808 1330">
     <span class='ocr_line' id='line_1_41' title="bbox 2238 1254 3808 1330; baseline 0.003 -21"><span class='ocrx_word' id='word_1_281' title='bbox 2238 1275 2335 1328; x_wconf 88' lang='grc' dir='ltr'><strong>μεν</strong></span> <span class='ocrx_word' id='word_1_282' title='bbox 2374 1254 2510 1312; x_wconf 76' lang='grc' dir='ltr'>εἷναί</span> <span class='ocrx_word' id='word_1_283' title='bbox 2561 1276 2642 1312; x_wconf 89' lang='grc' dir='ltr'><strong>σοι</strong></span> <span class='ocrx_word' id='word_1_284' title='bbox 2680 1259 2830 1312; x_wconf 85' lang='grc' dir='ltr'>ταῦτ’</span> <span class='ocrx_word' id='word_1_285' title='bbox 2861 1261 3215 1330; x_wconf 82' lang='grc' dir='ltr'>ε’ἱργασμένα·</span> <span class='ocrx_word' id='word_1_286' title='bbox 3253 1280 3270 1312; x_wconf 73' lang='grc' dir='ltr'><strong>ι</strong></span> <span class='ocrx_word' id='word_1_287' title='bbox 3302 1260 3396 1313; x_wconf 75' lang='grc' dir='ltr'><strong>καὶ</strong></span> <span class='ocrx_word' id='word_1_288' title='bbox 3425 1259 3628 1324; x_wconf 78' lang='grc' dir='ltr'>εὐθέως</span> <span class='ocrx_word' id='word_1_289' title='bbox 3649 1278 3808 1315; x_wconf 82' lang='grc' dir='ltr'>κοινο-</span> 
     </span>
    </p>
   </div>
   <div class='ocr_carea' id='block_1_42' title="bbox 2234 1351 3806 1424">
    <p class='ocr_par' dir='ltr' id='par_1_42' title="bbox 2234 1351 3806 1424">
     <span class='ocr_line' id='line_1_42' title="bbox 2234 1351 3806 1424; baseline 0.003 -22"><span class='ocrx_word' id='word_1_290' title='bbox 2234 1351 2379 1403; x_wconf 84' lang='grc' dir='ltr'>ποιεῖ</span> <span class='ocrx_word' id='word_1_291' title='bbox 2406 1351 2544 1404; x_wconf 78' lang='grc' dir='ltr'>αὐτὰ</span> <span class='ocrx_word' id='word_1_292' title='bbox 2575 1351 2709 1422; x_wconf 85' lang='grc' dir='ltr'>πρὸς</span> <span class='ocrx_word' id='word_1_293' title='bbox 2737 1352 2804 1405; x_wconf 78' lang='grc' dir='ltr'>τὰ</span> <span class='ocrx_word' id='word_1_294' title='bbox 2833 1352 2968 1424; x_wconf 75' lang='grc' dir='ltr'>ἔργα</span> <span class='ocrx_word' id='word_1_295' title='bbox 3005 1353 3110 1406; x_wconf 88' lang='grc' dir='ltr'><strong>τῶν</strong></span> <span class='ocrx_word' id='word_1_296' title='bbox 3143 1355 3374 1424; x_wconf 80' lang='grc' dir='ltr'><strong>γοήτων,</strong></span> <span class='ocrx_word' id='word_1_297' title='bbox 3403 1353 3478 1415; x_wconf 83' lang='grc' dir='ltr'>ὡς</span> <span class='ocrx_word' id='word_1_298' title='bbox 3517 1353 3806 1422; x_wconf 74' lang='grc' dir='ltr'>ὑπισχνου-</span> 
     </span>
    </p>
   </div>
   <div class='ocr_carea' id='block_1_43' title="bbox 2237 1443 3808 1517">
    <p class='ocr_par' dir='ltr' id='par_1_43' title="bbox 2237 1443 3808 1517">
     <span class='ocr_line' id='line_1_43' title="bbox 2237 1443 3808 1517; baseline 0.003 -21"><span class='ocrx_word' id='word_1_299' title='bbox 2237 1443 2412 1514; x_wconf 79' lang='grc' dir='ltr'>μένων</span> <span class='ocrx_word' id='word_1_300' title='bbox 2452 1443 2892 1516; x_wconf 78' lang='grc' dir='ltr'><strong>θαυμασιώτερα,</strong></span> <span class='ocrx_word' id='word_1_301' title='bbox 2937 1447 3029 1499; x_wconf 77' lang='grc' dir='ltr'><strong>καὶ</strong></span> <span class='ocrx_word' id='word_1_302' title='bbox 3077 1446 3211 1517; x_wconf 77' lang='grc' dir='ltr'>πρὸς</span> <span class='ocrx_word' id='word_1_303' title='bbox 3241 1446 3309 1500; x_wconf 77' lang='grc' dir='ltr'>τὰ</span> <span class='ocrx_word' id='word_1_304' title='bbox 3343 1445 3446 1498; x_wconf 82' lang='grc' dir='ltr'><strong>ὑπὸ</strong></span> <span class='ocrx_word' id='word_1_305' title='bbox 3477 1445 3590 1498; x_wconf 73' lang='grc' dir='ltr'><strong>τῶν</strong></span> <span class='ocrx_word' id='word_1_306' title='bbox 3614 1444 3808 1516; x_wconf 78' lang='grc' dir='ltr'>μαθόν-</span> 
     </span>
    </p>
   </div>
   <div class='ocr_carea' id='block_1_44' title="bbox 2230 1535 3804 1610">
    <p class='ocr_par' dir='ltr' id='par_1_44' title="bbox 2230 1535 3804 1610">
     <span class='ocr_line' id='line_1_44' title="bbox 2230 1535 3804 1610; baseline 0.001 -22"><span class='ocrx_word' id='word_1_307' title='bbox 2230 1552 2337 1588; x_wconf 87' lang='grc' dir='ltr'><strong>των</strong></span> <span class='ocrx_word' id='word_1_308' title='bbox 2365 1535 2473 1589; x_wconf 73' lang='grc' dir='ltr'>ἀπὸ</span> <span class='ocrx_word' id='word_1_309' title='bbox 2495 1537 2805 1606; x_wconf 79' lang='grc' dir='ltr'>Αἰγυπτίων</span> <span class='ocrx_word' id='word_1_310' title='bbox 2823 1537 2931 1608; x_wconf 65' lang='grc'><strong>(24)</strong></span> <span class='ocrx_word' id='word_1_311' title='bbox 2953 1536 3366 1608; x_wconf 80' lang='grc' dir='ltr'>ἐπιτελούμενα,</span> <span class='ocrx_word' id='word_1_312' title='bbox 3387 1541 3443 1592; x_wconf 83' lang='grc' dir='ltr'><strong>ἐν</strong></span> <span class='ocrx_word' id='word_1_313' title='bbox 3471 1539 3667 1610; x_wconf 76' lang='grc' dir='ltr'>μέσαις</span> <span class='ocrx_word' id='word_1_314' title='bbox 3683 1541 3804 1606; x_wconf 81' lang='grc' dir='ltr'>ἁγο-</span> 
     </span>
    </p>
   </div>
   <div class='ocr_carea' id='block_1_45' title="bbox 2216 1627 3802 1712">
    <p class='ocr_par' dir='ltr' id='par_1_45' title="bbox 2216 1627 3802 1712">
     <span class='ocr_line' id='line_1_45' title="bbox 2216 1627 3802 1712; baseline 0.002 -31"><span class='ocrx_word' id='word_1_315' title='bbox 2216 1630 2356 1712; x_wconf 62' lang='grc' dir='ltr'>ραῖς</span> <span class='ocrx_word' id='word_1_316' title='bbox 2375 1628 2570 1696; x_wconf 83' lang='grc' dir='ltr'>ὀλίγων</span> <span class='ocrx_word' id='word_1_317' title='bbox 2589 1627 2790 1682; x_wconf 78' lang='grc' dir='ltr'>ὀϐολῶν</span> <span class='ocrx_word' id='word_1_318' title='bbox 2815 1630 3162 1702; x_wconf 80' lang='grc' dir='ltr'>ἀποδομένων</span> <span class='ocrx_word' id='word_1_319' title='bbox 3191 1630 3262 1684; x_wconf 80' lang='grc' dir='ltr'><strong>τὰ</strong></span> <span class='ocrx_word' id='word_1_320' title='bbox 3285 1630 3454 1702; x_wconf 75' lang='grc' dir='ltr'>σεμνὰ</span> <span class='ocrx_word' id='word_1_321' title='bbox 3487 1630 3802 1701; x_wconf 79' lang='grc' dir='ltr'>μαθήματα,</span> 
     </span>
    </p>
   </div>
   <div class='ocr_carea' id='block_1_46' title="bbox 2230 1721 3805 1795">
    <p class='ocr_par' dir='ltr' id='par_1_46' title="bbox 2230 1721 3805 1795">
     <span class='ocr_line' id='line_1_46' title="bbox 2230 1721 3805 1795; baseline 0 -21"><span class='ocrx_word' id='word_1_322' title='bbox 2230 1721 2322 1774; x_wconf 78' lang='grc' dir='ltr'><strong>καὶ</strong></span> <span class='ocrx_word' id='word_1_323' title='bbox 2385 1722 2644 1792; x_wconf 87' lang='grc' dir='ltr'>δαίμονας</span> <span class='ocrx_word' id='word_1_324' title='bbox 2703 1722 2810 1776; x_wconf 78' lang='grc' dir='ltr'>ἀπὸ</span> <span class='ocrx_word' id='word_1_325' title='bbox 2871 1721 3168 1795; x_wconf 84' lang='grc' dir='ltr'>ἀνθρώπων</span> <span class='ocrx_word' id='word_1_326' title='bbox 3230 1722 3618 1786; x_wconf 78' lang='grc' dir='ltr'>ἐξελαυνόντων</span> <span class='ocrx_word' id='word_1_327' title='bbox 3635 1764 3652 1788; x_wconf 95' lang='grc'><strong>,</strong></span> <span class='ocrx_word' id='word_1_328' title='bbox 3714 1721 3805 1774; x_wconf 78' lang='grc' dir='ltr'>καὶ</span> 
     </span>
    </p>
   </div>
   <div class='ocr_carea' id='block_1_47' title="bbox 2229 1813 3804 1887">
    <p class='ocr_par' dir='ltr' id='par_1_47' title="bbox 2229 1813 3804 1887">
     <span class='ocr_line' id='line_1_47' title="bbox 2229 1813 3804 1887; baseline 0.001 -21"><span class='ocrx_word' id='word_1_329' title='bbox 2229 1813 2418 1878; x_wconf 84' lang='grc' dir='ltr'>νόσους</span> <span class='ocrx_word' id='word_1_330' title='bbox 2447 1814 2870 1884; x_wconf 80' lang='grc' dir='ltr'>ἀποφυσῶντων,</span> <span class='ocrx_word' id='word_1_331' title='bbox 2906 1816 3001 1870; x_wconf 77' lang='grc' dir='ltr'><strong>καὶ</strong></span> <span class='ocrx_word' id='word_1_332' title='bbox 3041 1815 3218 1886; x_wconf 77' lang='grc' dir='ltr'>ψυχὰς</span> <span class='ocrx_word' id='word_1_333' title='bbox 3248 1813 3442 1887; x_wconf 79' lang='grc' dir='ltr'>ἡρώων</span> <span class='ocrx_word' id='word_1_334' title='bbox 3474 1813 3804 1868; x_wconf 81' lang='grc' dir='ltr'>ἀνακαλούν-</span> 
     </span>
    </p>
   </div>
   <div class='ocr_carea' id='block_1_48' title="bbox 2228 1893 3806 1981">
    <p class='ocr_par' dir='ltr' id='par_1_48' title="bbox 2228 1893 3806 1981">
     <span class='ocr_line' id='line_1_48' title="bbox 2228 1893 3806 1981; baseline -0.001 -21"><span class='ocrx_word' id='word_1_335' title='bbox 2228 1924 2356 1972; x_wconf 82' lang='grc' dir='ltr'>των,</span> <span class='ocrx_word' id='word_1_336' title='bbox 2412 1907 2604 1963; x_wconf 87' lang='grc' dir='ltr'>δεῖπνά</span> <span class='ocrx_word' id='word_1_337' title='bbox 2648 1926 2708 1962; x_wconf 86' lang='grc' dir='ltr'>τε</span> <span class='ocrx_word' id='word_1_338' title='bbox 2765 1908 3029 1981; x_wconf 88' lang='grc' dir='ltr'>πολυτελῆ</span> <span class='ocrx_word' id='word_1_339' title='bbox 3079 1909 3170 1962; x_wconf 77' lang='grc' dir='ltr'><strong>καὶ</strong></span> <span class='ocrx_word' id='word_1_340' title='bbox 3215 1908 3494 1980; x_wconf 75' lang='grc' dir='ltr'>τραπέζας</span> <span class='ocrx_word' id='word_1_341' title='bbox 3525 1893 3638 1962; x_wconf 76' lang='grc' dir='ltr'><strong>καὶ¹</strong></span> <span class='ocrx_word' id='word_1_342' title='bbox 3669 1905 3806 1976; x_wconf 79' lang='grc' dir='ltr'>πέμ-</span> 
     </span>
    </p>
   </div>
   <div class='ocr_carea' id='block_1_49' title="bbox 2231 1995 3803 2070">
    <p class='ocr_par' dir='ltr' id='par_1_49' title="bbox 2231 1995 3803 2070">
     <span class='ocr_line' id='line_1_49' title="bbox 2231 1995 3803 2070; baseline -0.001 -18"><span class='ocrx_word' id='word_1_343' title='bbox 2231 2017 2376 2070; x_wconf 89' lang='grc' dir='ltr'>ματα</span> <span class='ocrx_word' id='word_1_344' title='bbox 2403 2001 2496 2052; x_wconf 76' lang='grc' dir='ltr'>καὶ</span> <span class='ocrx_word' id='word_1_345' title='bbox 2523 1999 2629 2069; x_wconf 68' lang='grc' dir='ltr'><strong>ὄψα</strong></span> <span class='ocrx_word' id='word_1_346' title='bbox 2659 1999 2726 2054; x_wconf 83' lang='grc' dir='ltr'><strong>τά</strong></span> <span class='ocrx_word' id='word_1_347' title='bbox 2756 2001 2858 2054; x_wconf 80' lang='grc' dir='ltr'><strong>οὐκ</strong></span> <span class='ocrx_word' id='word_1_348' title='bbox 2885 2001 3014 2055; x_wconf 83' lang='grc' dir='ltr'>ὅντα</span> <span class='ocrx_word' id='word_1_349' title='bbox 3058 1999 3404 2066; x_wconf 84' lang='grc' dir='ltr'>δεικνύντων,</span> <span class='ocrx_word' id='word_1_350' title='bbox 3443 2001 3539 2053; x_wconf 70' lang='grc' dir='ltr'>καὶ</span> <span class='ocrx_word' id='word_1_351' title='bbox 3581 2000 3662 2062; x_wconf 82' lang='grc' dir='ltr'><strong>ὡς</strong></span> <span class='ocrx_word' id='word_1_352' title='bbox 3693 1995 3803 2061; x_wconf 82' lang='grc' dir='ltr'>ζῶα</span> 
     </span>
    </p>
   </div>
   <div class='ocr_carea' id='block_1_50' title="bbox 2226 2093 3804 2165">
    <p class='ocr_par' dir='ltr' id='par_1_50' title="bbox 2226 2093 3804 2165">
     <span class='ocr_line' id='line_1_50' title="bbox 2226 2093 3804 2165; baseline 0 -19"><span class='ocrx_word' id='word_1_353' title='bbox 2226 2095 2518 2148; x_wconf 83' lang='grc' dir='ltr'>κινούντων</span> <span class='ocrx_word' id='word_1_354' title='bbox 2543 2095 2640 2148; x_wconf 79' lang='grc' dir='ltr'><strong>οὐκ</strong></span> <span class='ocrx_word' id='word_1_355' title='bbox 2669 2094 2886 2164; x_wconf 85' lang='grc' dir='ltr'>ἀληθῶς</span> <span class='ocrx_word' id='word_1_356' title='bbox 2908 2093 3038 2148; x_wconf 70' lang='grc' dir='ltr'>ὄντα</span> <span class='ocrx_word' id='word_1_357' title='bbox 3081 2095 3216 2159; x_wconf 76' lang='grc' dir='ltr'>ζῶα,</span> <span class='ocrx_word' id='word_1_358' title='bbox 3244 2094 3378 2149; x_wconf 80' lang='grc' dir='ltr'>ἀλλὰ</span> <span class='ocrx_word' id='word_1_359' title='bbox 3409 2094 3572 2165; x_wconf 79' lang='grc' dir='ltr'>μέχρι</span> <span class='ocrx_word' id='word_1_360' title='bbox 3604 2110 3804 2163; x_wconf 81' lang='grc' dir='ltr'>φαντα-</span> 
     </span>
    </p>
   </div>
   <div class='ocr_carea' id='block_1_51' title="bbox 2229 2182 3806 2260">
    <p class='ocr_par' dir='ltr' id='par_1_51' title="bbox 2229 2182 3806 2260">
     <span class='ocr_line' id='line_1_51' title="bbox 2229 2182 3806 2260; baseline -0.001 -20"><span class='ocrx_word' id='word_1_361' title='bbox 2229 2187 2346 2250; x_wconf 84' lang='grc' dir='ltr'>σίας</span> <span class='ocrx_word' id='word_1_362' title='bbox 2376 2188 2674 2258; x_wconf 77' lang='grc' dir='ltr'>φαινόμενα</span> <span class='ocrx_word' id='word_1_363' title='bbox 2701 2187 2811 2258; x_wconf 72' lang='grc'>(25)</span> <span class='ocrx_word' id='word_1_364' title='bbox 2845 2187 3087 2242; x_wconf 82' lang='grc' dir='ltr'>τοιαῦτα.</span> <span class='ocrx_word' id='word_1_365' title='bbox 3119 2188 3230 2241; x_wconf 87' lang='grc' dir='ltr'>Καί</span> <span class='ocrx_word' id='word_1_366' title='bbox 3256 2205 3438 2260; x_wconf 85' lang='grc' dir='ltr'>φησιν·</span> <span class='ocrx_word' id='word_1_367' title='bbox 3468 2207 3487 2239; x_wconf 78' lang='grc' dir='ltr'><strong>ι</strong></span> <span class='ocrx_word' id='word_1_368' title='bbox 3519 2182 3648 2258; x_wconf 73' lang='lat' dir='ltr'><strong>&#39;Ap’</strong></span> <span class='ocrx_word' id='word_1_369' title='bbox 3687 2184 3806 2240; x_wconf 72' lang='grc' dir='ltr'>ἐπεὶ</span> 
     </span>
    </p>
   </div>
   <div class='ocr_carea' id='block_1_52' title="bbox 2225 2278 3804 2352">
    <p class='ocr_par' dir='ltr' id='par_1_52' title="bbox 2225 2278 3804 2352">
     <span class='ocr_line' id='line_1_52' title="bbox 2225 2278 3804 2352; baseline 0.001 -20"><span class='ocrx_word' id='word_1_370' title='bbox 2225 2278 2393 2332; x_wconf 84' lang='grc' dir='ltr'>ταῦτα</span> <span class='ocrx_word' id='word_1_371' title='bbox 2417 2279 2656 2332; x_wconf 87' lang='grc' dir='ltr'>ποιοῦσιν</span> <span class='ocrx_word' id='word_1_372' title='bbox 2685 2283 2900 2344; x_wconf 84' lang='grc' dir='ltr'>ἐκεῖνοι,</span> <span class='ocrx_word' id='word_1_373' title='bbox 2923 2280 3104 2352; x_wconf 78' lang='grc' dir='ltr'>δεήσει</span> <span class='ocrx_word' id='word_1_374' title='bbox 3134 2283 3280 2352; x_wconf 80' lang='grc' dir='ltr'>ἡμᾶς</span> <span class='ocrx_word' id='word_1_375' title='bbox 3315 2281 3514 2345; x_wconf 73' lang='grc' dir='ltr'>αὐτοὺς</span> <span class='ocrx_word' id='word_1_376' title='bbox 3549 2279 3804 2352; x_wconf 81' lang='grc' dir='ltr'>ἡγεῖσθαι</span> 
     </span>
    </p>
   </div>
   <div class='ocr_carea' id='block_1_53' title="bbox 2226 2367 3804 2444">
    <p class='ocr_par' dir='ltr' id='par_1_53' title="bbox 2226 2367 3804 2444">
     <span class='ocr_line' id='line_1_53' title="bbox 2226 2367 3804 2444; baseline 0.003 -21"><span class='ocrx_word' id='word_1_377' title='bbox 2226 2372 2375 2434; x_wconf 73' lang='grc' dir='ltr'>υἱοὺς</span> <span class='ocrx_word' id='word_1_378' title='bbox 2428 2367 2566 2424; x_wconf 77' lang='grc' dir='ltr'>εἶναι</span> <span class='ocrx_word' id='word_1_379' title='bbox 2609 2371 2778 2438; x_wconf 83' lang='grc' dir='ltr'>Θεοῦ;</span> <span class='ocrx_word' id='word_1_380' title='bbox 2836 2375 2906 2425; x_wconf 86' lang='grc' dir='ltr'><strong><em>Ἦ</em></strong></span> <span class='ocrx_word' id='word_1_381' title='bbox 2953 2372 3169 2426; x_wconf 79' lang='grc' dir='ltr'>λεκτέον</span> <span class='ocrx_word' id='word_1_382' title='bbox 3201 2373 3340 2428; x_wconf 83' lang='grc' dir='ltr'><strong>αύτά</strong></span> <span class='ocrx_word' id='word_1_383' title='bbox 3394 2373 3804 2444; x_wconf 81' lang='grc' dir='ltr'>ἐπιτηδεύματα</span> 
     </span>
    </p>
   </div>
   <div class='ocr_carea' id='block_1_54' title="bbox 2224 2457 3806 2536">
    <p class='ocr_par' dir='ltr' id='par_1_54' title="bbox 2224 2457 3806 2536">
     <span class='ocr_line' id='line_1_54' title="bbox 2224 2457 3806 2536; baseline 0.002 -21"><span class='ocrx_word' id='word_1_384' title='bbox 2224 2457 2363 2516; x_wconf 76' lang='grc' dir='ltr'>εἶναι</span> <span class='ocrx_word' id='word_1_385' title='bbox 2383 2462 2682 2534; x_wconf 80' lang='grc' dir='ltr'>ἀνθρώπων</span> <span class='ocrx_word' id='word_1_386' title='bbox 2703 2464 2952 2535; x_wconf 81' lang='grc' dir='ltr'>πονηρῶν</span> <span class='ocrx_word' id='word_1_387' title='bbox 2987 2465 3080 2518; x_wconf 64' lang='grc' dir='ltr'><strong>καλ¹</strong></span> <span class='ocrx_word' id='word_1_388' title='bbox 3114 2463 3557 2536; x_wconf 86' lang='grc' dir='ltr'>κακοδαιμόνων;</span> <span class='ocrx_word' id='word_1_389' title='bbox 3587 2484 3606 2517; x_wconf 74' lang='grc' dir='ltr'><strong>ι</strong></span> <span class='ocrx_word' id='word_1_390' title='bbox 3643 2466 3806 2536; x_wconf 76' lang='grc' dir='ltr'>Ὁρᾷς</span> 
     </span>
    </p>
   </div>
   <div class='ocr_carea' id='block_1_55' title="bbox 2221 2551 3802 2628">
    <p class='ocr_par' dir='ltr' id='par_1_55' title="bbox 2221 2551 3802 2628">
     <span class='ocr_line' id='line_1_55' title="bbox 2221 2551 3802 2628; baseline 0.002 -21"><span class='ocrx_word' id='word_1_391' title='bbox 2221 2555 2296 2618; x_wconf 83' lang='grc' dir='ltr'><strong>ὡς</strong></span> <span class='ocrx_word' id='word_1_392' title='bbox 2342 2555 2430 2608; x_wconf 77' lang='grc' dir='ltr'><strong>διὰ</strong></span> <span class='ocrx_word' id='word_1_393' title='bbox 2482 2556 2686 2608; x_wconf 84' lang='grc' dir='ltr'>τούτων</span> <span class='ocrx_word' id='word_1_394' title='bbox 2728 2557 2890 2610; x_wconf 74' lang='grc' dir='ltr'>οἱονεὶ</span> <span class='ocrx_word' id='word_1_395' title='bbox 2941 2556 3306 2628; x_wconf 78' lang='grc' dir='ltr'>παραδέχεται</span> <span class='ocrx_word' id='word_1_396' title='bbox 3357 2556 3591 2627; x_wconf 86' lang='grc' dir='ltr'>μαγείαν</span> <span class='ocrx_word' id='word_1_397' title='bbox 3639 2551 3802 2610; x_wconf 66' lang='grc' dir='ltr'>εἶναι’</span> 
     </span>
    </p>
   </div>
   <div class='ocr_carea' id='block_1_56' title="bbox 2221 2643 3806 2720">
    <p class='ocr_par' dir='ltr' id='par_1_56' title="bbox 2221 2643 3806 2720">
     <span class='ocr_line' id='line_1_56' title="bbox 2221 2643 3806 2720; baseline 0 -18"><span class='ocrx_word' id='word_1_398' title='bbox 2221 2649 2322 2702; x_wconf 81' lang='grc' dir='ltr'><strong>οὐκ</strong></span> <span class='ocrx_word' id='word_1_399' title='bbox 2355 2643 2470 2700; x_wconf 78' lang='grc' dir='ltr'>οῖδα</span> <span class='ocrx_word' id='word_1_400' title='bbox 2503 2650 2550 2700; x_wconf 77' lang='grc' dir='ltr'>εἰ</span> <span class='ocrx_word' id='word_1_401' title='bbox 2596 2650 2623 2700; x_wconf 83' lang='grc' dir='ltr'><em>ὀ</em></span> <span class='ocrx_word' id='word_1_402' title='bbox 2669 2649 2830 2711; x_wconf 71' lang='grc' dir='ltr'>αὐτὸς</span> <span class='ocrx_word' id='word_1_403' title='bbox 2878 2649 2951 2701; x_wconf 84' lang='grc' dir='ltr'>ὢν</span> <span class='ocrx_word' id='word_1_404' title='bbox 2983 2648 3058 2720; x_wconf 79' lang='grc' dir='ltr'><strong>τῷ</strong></span> <span class='ocrx_word' id='word_1_405' title='bbox 3088 2649 3360 2720; x_wconf 75' lang='grc' dir='ltr'>γράψαντι</span> <span class='ocrx_word' id='word_1_406' title='bbox 3391 2649 3533 2702; x_wconf 77' lang='grc' dir='ltr'>κατὰ</span> <span class='ocrx_word' id='word_1_407' title='bbox 3567 2649 3806 2719; x_wconf 78' lang='grc' dir='ltr'>μαγείας</span> 
     </span>
    </p>
   </div>
   <div class='ocr_carea' id='block_1_57' title="bbox 2223 2739 3804 2814">
    <p class='ocr_par' dir='ltr' id='par_1_57' title="bbox 2223 2739 3804 2814">
     <span class='ocr_line' id='line_1_57' title="bbox 2223 2739 3804 2814; baseline 0.001 -20"><span class='ocrx_word' id='word_1_408' title='bbox 2223 2739 2400 2810; x_wconf 69' lang='grc' dir='ltr'>βιῧλία</span> <span class='ocrx_word' id='word_1_409' title='bbox 2434 2741 2670 2795; x_wconf 80' lang='grc' dir='ltr'>πλείονα.</span> <span class='ocrx_word' id='word_1_410' title='bbox 2707 2741 2853 2812; x_wconf 77' lang='grc' dir='ltr'>Πλὴν</span> <span class='ocrx_word' id='word_1_411' title='bbox 2883 2741 2958 2804; x_wconf 84' lang='grc' dir='ltr'>ὡς</span> <span class='ocrx_word' id='word_1_412' title='bbox 2988 2743 3258 2813; x_wconf 79' lang='grc' dir='ltr'>χρήσιμον</span> <span class='ocrx_word' id='word_1_413' title='bbox 3286 2741 3434 2812; x_wconf 79' lang='grc' dir='ltr'>αὐτῷ</span> <span class='ocrx_word' id='word_1_414' title='bbox 3463 2744 3544 2806; x_wconf 83' lang='grc' dir='ltr'><strong>είς</strong></span> <span class='ocrx_word' id='word_1_415' title='bbox 3569 2741 3643 2795; x_wconf 77' lang='grc' dir='ltr'>τὰ</span> <span class='ocrx_word' id='word_1_416' title='bbox 3667 2757 3804 2814; x_wconf 79' lang='grc' dir='ltr'>προ-</span> 
     </span>
    </p>
   </div>
   <div class='ocr_carea' id='block_1_58' title="bbox 2221 2831 3802 2904">
    <p class='ocr_par' dir='ltr' id='par_1_58' title="bbox 2221 2831 3802 2904">
     <span class='ocr_line' id='line_1_58' title="bbox 2221 2831 3802 2904; baseline -0.001 -18"><span class='ocrx_word' id='word_1_417' title='bbox 2221 2833 2469 2904; x_wconf 79' lang='grc' dir='ltr'>κείμενα,</span> <span class='ocrx_word' id='word_1_418' title='bbox 2519 2837 2630 2896; x_wconf 84' lang='grc' dir='ltr'><strong>τοῖς</strong></span> <span class='ocrx_word' id='word_1_419' title='bbox 2687 2833 2794 2886; x_wconf 77' lang='grc' dir='ltr'><strong>ἀπὸ</strong></span> <span class='ocrx_word' id='word_1_420' title='bbox 2838 2835 3070 2904; x_wconf 85' lang='grc' dir='ltr'>μαγείας</span> <span class='ocrx_word' id='word_1_421' title='bbox 3100 2835 3277 2903; x_wconf 84' lang='grc' dir='ltr'>ὁμοιοῖ</span> <span class='ocrx_word' id='word_1_422' title='bbox 3319 2832 3390 2886; x_wconf 78' lang='grc' dir='ltr'>τὰ</span> <span class='ocrx_word' id='word_1_423' title='bbox 3441 2833 3568 2902; x_wconf 87' lang='grc' dir='ltr'><strong>περί</strong></span> <span class='ocrx_word' id='word_1_424' title='bbox 3623 2831 3802 2903; x_wconf 86' lang='grc' dir='ltr'>Ἰησοῦ</span> 
     </span>
    </p>
   </div>
   <div class='ocr_carea' id='block_1_59' title="bbox 2221 2921 3804 2997">
    <p class='ocr_par' dir='ltr' id='par_1_59' title="bbox 2221 2921 3804 2997">
     <span class='ocr_line' id='line_1_59' title="bbox 2221 2921 3804 2997; baseline -0.001 -21"><span class='ocrx_word' id='word_1_425' title='bbox 2221 2925 2595 2997; x_wconf 80' lang='grc' dir='ltr'>ἱστορούμενα.</span> <span class='ocrx_word' id='word_1_426' title='bbox 2631 2925 2740 2980; x_wconf 69' lang='grc' dir='ltr'>Καὶ</span> <span class='ocrx_word' id='word_1_427' title='bbox 2783 2921 2850 2996; x_wconf 83' lang='grc' dir='ltr'>ἦν</span> <span class='ocrx_word' id='word_1_428' title='bbox 2904 2925 2969 2978; x_wconf 85' lang='grc' dir='ltr'>ἂν</span> <span class='ocrx_word' id='word_1_429' title='bbox 3002 2925 3182 2995; x_wconf 84' lang='grc' dir='ltr'>ὅμοια,</span> <span class='ocrx_word' id='word_1_430' title='bbox 3217 2926 3264 2976; x_wconf 85' lang='grc' dir='ltr'><strong>εί</strong></span> <span class='ocrx_word' id='word_1_431' title='bbox 3292 2923 3452 2995; x_wconf 77' lang='grc' dir='ltr'>μέχρι</span> <span class='ocrx_word' id='word_1_432' title='bbox 3473 2923 3804 2990; x_wconf 80' lang='grc' dir='ltr'>ἀποδείξεως</span> 
     </span>
    </p>
   </div>
   <div class='ocr_carea' id='block_1_60' title="bbox 2218 3014 3800 3087">
    <p class='ocr_par' dir='ltr' id='par_1_60' title="bbox 2218 3014 3800 3087">
     <span class='ocr_line' id='line_1_60' title="bbox 2218 3014 3800 3087; baseline -0.001 -17"><span class='ocrx_word' id='word_1_433' title='bbox 2218 3018 2419 3087; x_wconf 85' lang='grc' dir='ltr'>ὁμοίως</span> <span class='ocrx_word' id='word_1_434' title='bbox 2455 3020 2566 3080; x_wconf 81' lang='grc' dir='ltr'>τοῖς</span> <span class='ocrx_word' id='word_1_435' title='bbox 2616 3015 3046 3087; x_wconf 87' lang='grc' dir='ltr'>μαγγανεύουσιν</span> <span class='ocrx_word' id='word_1_436' title='bbox 3103 3015 3300 3084; x_wconf 77' lang='grc' dir='ltr'>ἔφθανε</span> <span class='ocrx_word' id='word_1_437' title='bbox 3347 3015 3547 3081; x_wconf 79' lang='grc' dir='ltr'>δείξας·</span> <span class='ocrx_word' id='word_1_438' title='bbox 3577 3015 3702 3068; x_wconf 71' lang='grc' dir='ltr'>νυνὶ</span> <span class='ocrx_word' id='word_1_439' title='bbox 3743 3014 3800 3068; x_wconf 82' lang='grc' dir='ltr'>δὲ</span> 
     </span>
    </p>
   </div>
   <div class='ocr_carea' id='block_1_61' title="bbox 2217 3101 3800 3179">
    <p class='ocr_par' dir='ltr' id='par_1_61' title="bbox 2217 3101 3800 3179">
     <span class='ocr_line' id='line_1_61' title="bbox 2217 3101 3800 3179; baseline -0.001 -19"><span class='ocrx_word' id='word_1_440' title='bbox 2217 3109 2391 3172; x_wconf 71' lang='grc' dir='ltr'>οὐδεὶς</span> <span class='ocrx_word' id='word_1_441' title='bbox 2433 3109 2531 3178; x_wconf 82' lang='grc' dir='ltr'><strong>μὲν</strong></span> <span class='ocrx_word' id='word_1_442' title='bbox 2577 3108 2683 3162; x_wconf 84' lang='grc' dir='ltr'><strong>τῶν</strong></span> <span class='ocrx_word' id='word_1_443' title='bbox 2732 3109 2943 3179; x_wconf 80' lang='grc' dir='ltr'>γοήτων</span> <span class='ocrx_word' id='word_1_444' title='bbox 2975 3108 3042 3160; x_wconf 87' lang='grc' dir='ltr'>δι’</span> <span class='ocrx_word' id='word_1_445' title='bbox 3074 3101 3149 3162; x_wconf 82' lang='grc' dir='ltr'>ὧν</span> <span class='ocrx_word' id='word_1_446' title='bbox 3183 3109 3356 3172; x_wconf 84' lang='grc' dir='ltr'>ποιεῖ,</span> <span class='ocrx_word' id='word_1_447' title='bbox 3411 3107 3502 3158; x_wconf 78' lang='grc' dir='ltr'><strong>ἐπὶ</strong></span> <span class='ocrx_word' id='word_1_448' title='bbox 3540 3106 3642 3177; x_wconf 71' lang='grc' dir='ltr'><strong>τὴν</strong></span> <span class='ocrx_word' id='word_1_449' title='bbox 3689 3105 3800 3159; x_wconf 85' lang='grc' dir='ltr'><strong>τῶν</strong></span> 
     </span>
    </p>
   </div>
   <div class='ocr_carea' id='block_1_62' title="bbox 535 3193 2118 3282">
    <p class='ocr_par' dir='ltr' id='par_1_62' title="bbox 535 3193 2112 3264">
     <span class='ocr_line' id='line_1_62' title="bbox 535 3193 2112 3264; baseline -0.003 -16"><span class='ocrx_word' id='word_1_450' title='bbox 535 3194 634 3250; x_wconf 85' lang='lat' dir='ltr'><strong>Dei</strong></span> <span class='ocrx_word' id='word_1_451' title='bbox 667 3195 916 3250; x_wconf 88' lang='lat' dir='ltr'><strong>timorem</strong></span> <span class='ocrx_word' id='word_1_452' title='bbox 942 3196 1102 3251; x_wconf 90' lang='lat' dir='ltr'><strong>docet</strong></span> <span class='ocrx_word' id='word_1_453' title='bbox 1128 3196 1220 3264; x_wconf 91' lang='lat' dir='ltr'><strong>qui</strong></span> <span class='ocrx_word' id='word_1_454' title='bbox 1251 3193 1576 3264; x_wconf 81' lang='lat' dir='ltr'><strong>spectaculis</strong></span> <span class='ocrx_word' id='word_1_455' title='bbox 1603 3201 1848 3263; x_wconf 90' lang='lat' dir='ltr'><strong>stupent,</strong></span> <span class='ocrx_word' id='word_1_456' title='bbox 1878 3199 1972 3244; x_wconf 88' lang='lat' dir='ltr'><strong>aut</strong></span> <span class='ocrx_word' id='word_1_457' title='bbox 2003 3200 2112 3245; x_wconf 85' lang='lat' dir='ltr'><strong>stu-</strong></span> 
     </span>
    </p>
   </div>
   <div class='ocr_carea' id='block_1_63' title="bbox 2225 3193 3800 3282">
    <p class='ocr_par' dir='ltr' id='par_1_63' title="bbox 2225 3199 3800 3273">
     <span class='ocr_line' id='line_1_63' title="bbox 2225 3199 3800 3273; baseline 0 -19"><span class='ocrx_word' id='word_1_458' title='bbox 2225 3201 2364 3272; x_wconf 74' lang='grc' dir='ltr'>ὴθῶν</span> <span class='ocrx_word' id='word_1_459' title='bbox 2413 3201 2786 3273; x_wconf 83' lang='grc' dir='ltr'>ἐπανόρθωσιν</span> <span class='ocrx_word' id='word_1_460' title='bbox 2847 3202 3002 3254; x_wconf 88' lang='grc' dir='ltr'>καλεῖ</span> <span class='ocrx_word' id='word_1_461' title='bbox 3061 3202 3186 3265; x_wconf 78' lang='grc' dir='ltr'>τοὺς</span> <span class='ocrx_word' id='word_1_462' title='bbox 3239 3199 3648 3270; x_wconf 80' lang='grc' dir='ltr'>θεασαμένους,</span> <span class='ocrx_word' id='word_1_463' title='bbox 3677 3200 3800 3254; x_wconf 78' lang='grc' dir='ltr'>οὐδὲ</span> 
     </span>
    </p>
   </div>
   <div class='ocr_carea' id='block_1_64' title="bbox 533 3284 2109 3356">
    <p class='ocr_par' dir='ltr' id='par_1_64' title="bbox 533 3284 2109 3356">
     <span class='ocr_line' id='line_1_64' title="bbox 533 3284 2109 3356; baseline -0.003 -16"><span class='ocrx_word' id='word_1_464' title='bbox 533 3286 626 3342; x_wconf 89' lang='lat' dir='ltr'><strong>det</strong></span> <span class='ocrx_word' id='word_1_465' title='bbox 658 3288 988 3356; x_wconf 86' lang='lat' dir='ltr'><strong>persuadere</strong></span> <span class='ocrx_word' id='word_1_466' title='bbox 1018 3298 1077 3342; x_wconf 91' lang='lat' dir='ltr'><strong>ut</strong></span> <span class='ocrx_word' id='word_1_467' title='bbox 1107 3289 1313 3352; x_wconf 83' lang='lat' dir='ltr'><strong>vivant,</strong></span> <span class='ocrx_word' id='word_1_468' title='bbox 1347 3287 1504 3356; x_wconf 91' lang='lat' dir='ltr'><strong>quasi</strong></span> <span class='ocrx_word' id='word_1_469' title='bbox 1529 3287 1641 3341; x_wconf 86' lang='lat' dir='ltr'><strong>Deo</strong></span> <span class='ocrx_word' id='word_1_470' title='bbox 1677 3287 1945 3339; x_wconf 88' lang='lat' dir='ltr'><strong>rationem</strong></span> <span class='ocrx_word' id='word_1_471' title='bbox 1985 3284 2109 3338; x_wconf 89' lang='lat' dir='ltr'><strong>red-</strong></span> 
     </span>
    </p>
   </div>
   <div class='ocr_carea' id='block_1_65' title="bbox 535 3377 2110 3448">
    <p class='ocr_par' dir='ltr' id='par_1_65' title="bbox 535 3377 2110 3448">
     <span class='ocr_line' id='line_1_65' title="bbox 535 3377 2110 3448; baseline -0.003 -14"><span class='ocrx_word' id='word_1_472' title='bbox 535 3379 722 3434; x_wconf 75' lang='lat' dir='ltr'><strong>dituri.</strong></span> <span class='ocrx_word' id='word_1_473' title='bbox 754 3378 899 3434; x_wconf 81' lang='lat' dir='ltr'><strong>Nihil</strong></span> <span class='ocrx_word' id='word_1_474' title='bbox 927 3379 1118 3434; x_wconf 89' lang='lat' dir='ltr'><strong>horum</strong></span> <span class='ocrx_word' id='word_1_475' title='bbox 1153 3379 1580 3448; x_wconf 66' lang='lat' dir='ltr'><strong>praestigiatorcs</strong></span> <span class='ocrx_word' id='word_1_476' title='bbox 1608 3377 1818 3433; x_wconf 83' lang='lat' dir='ltr'><strong>faciunt</strong></span> <span class='ocrx_word' id='word_1_477' title='bbox 1843 3378 1966 3446; x_wconf 89' lang='lat' dir='ltr'><strong>quia</strong></span> <span class='ocrx_word' id='word_1_478' title='bbox 2006 3391 2110 3432; x_wconf 92' lang='lat' dir='ltr'><strong>non</strong></span> 
     </span>
    </p>
   </div>
   <div class='ocr_carea' id='block_1_66' title="bbox 533 3469 2112 3540">
    <p class='ocr_par' dir='ltr' id='par_1_66' title="bbox 533 3469 2112 3540">
     <span class='ocr_line' id='line_1_66' title="bbox 533 3469 2112 3540; baseline -0.001 -15"><span class='ocrx_word' id='word_1_479' title='bbox 533 3480 800 3540; x_wconf 87' lang='lat' dir='ltr'><strong>possunt,</strong></span> <span class='ocrx_word' id='word_1_480' title='bbox 855 3479 953 3526; x_wconf 92' lang='lat' dir='ltr'><strong>aut</strong></span> <span class='ocrx_word' id='word_1_481' title='bbox 1018 3486 1124 3524; x_wconf 90' lang='lat' dir='ltr'><strong>nou</strong></span> <span class='ocrx_word' id='word_1_482' title='bbox 1157 3471 1445 3526; x_wconf 90' lang='lat' dir='ltr'><strong>consilium</strong></span> <span class='ocrx_word' id='word_1_483' title='bbox 1503 3471 1730 3537; x_wconf 90' lang='lat' dir='ltr'><strong>habent,</strong></span> <span class='ocrx_word' id='word_1_484' title='bbox 1777 3479 1870 3524; x_wconf 91' lang='lat' dir='ltr'><strong>aut</strong></span> <span class='ocrx_word' id='word_1_485' title='bbox 1921 3469 2112 3524; x_wconf 91' lang='lat' dir='ltr'><strong>nolunt</strong></span> 
     </span>
    </p>
   </div>
   <div class='ocr_carea' id='block_1_67' title="bbox 533 3562 2110 3634">
    <p class='ocr_par' dir='ltr' id='par_1_67' title="bbox 533 3562 2110 3634">
     <span class='ocr_line' id='line_1_67' title="bbox 533 3562 2110 3634; baseline -0.001 -16"><span class='ocrx_word' id='word_1_486' title='bbox 533 3564 881 3634; x_wconf 77' lang='lat' dir='ltr'><strong>corrigendis</strong></span> <span class='ocrx_word' id='word_1_487' title='bbox 930 3563 1244 3619; x_wconf 87' lang='lat' dir='ltr'><strong>hominibus</strong></span> <span class='ocrx_word' id='word_1_488' title='bbox 1276 3580 1499 3634; x_wconf 92' lang='lat' dir='ltr'><strong>operam</strong></span> <span class='ocrx_word' id='word_1_489' title='bbox 1553 3564 1719 3629; x_wconf 90' lang='lat' dir='ltr'><strong>dare,</strong></span> <span class='ocrx_word' id='word_1_490' title='bbox 1773 3563 1974 3632; x_wconf 88' lang='lat' dir='ltr'><strong>quippe</strong></span> <span class='ocrx_word' id='word_1_491' title='bbox 2018 3562 2110 3631; x_wconf 90' lang='lat' dir='ltr'><strong>qui</strong></span> 
     </span>
    </p>
   </div>
   <div class='ocr_carea' id='block_1_68' title="bbox 535 3655 2108 3727">
    <p class='ocr_par' dir='ltr' id='par_1_68' title="bbox 535 3655 2108 3727">
     <span class='ocr_line' id='line_1_68' title="bbox 535 3655 2108 3727; baseline 0 -16"><span class='ocrx_word' id='word_1_492' title='bbox 535 3658 640 3726; x_wconf 90' lang='lat' dir='ltr'><strong>ipsi</strong></span> <span class='ocrx_word' id='word_1_493' title='bbox 678 3657 1014 3727; x_wconf 83' lang='lat' dir='ltr'><strong>turpissimis</strong></span> <span class='ocrx_word' id='word_1_494' title='bbox 1057 3657 1548 3726; x_wconf 89' lang='lat' dir='ltr'><strong>infamissimisque</strong></span> <span class='ocrx_word' id='word_1_495' title='bbox 1574 3655 1720 3710; x_wconf 84' lang='lat' dir='ltr'><strong>vitiis</strong></span> <span class='ocrx_word' id='word_1_496' title='bbox 1741 3656 1926 3711; x_wconf 80' lang='lat' dir='ltr'><strong>referti</strong></span> <span class='ocrx_word' id='word_1_497' title='bbox 1959 3667 2108 3711; x_wconf 90' lang='lat' dir='ltr'><strong>sunt.</strong></span> 
     </span>
    </p>
   </div>
   <div class='ocr_carea' id='block_1_69' title="bbox 534 3747 2108 3818">
    <p class='ocr_par' dir='ltr' id='par_1_69' title="bbox 534 3747 2108 3818">
     <span class='ocr_line' id='line_1_69' title="bbox 534 3747 2108 3818; baseline -0.001 -16"><span class='ocrx_word' id='word_1_498' title='bbox 534 3747 636 3802; x_wconf 84' lang='lat' dir='ltr'><strong>llic</strong></span> <span class='ocrx_word' id='word_1_499' title='bbox 663 3763 812 3812; x_wconf 82' lang='lat' dir='ltr'><strong>vero,</strong></span> <span class='ocrx_word' id='word_1_500' title='bbox 847 3749 938 3818; x_wconf 90' lang='lat' dir='ltr'><strong>qui</strong></span> <span class='ocrx_word' id='word_1_501' title='bbox 968 3747 1254 3802; x_wconf 86' lang='lat' dir='ltr'><strong>miraculis</strong></span> <span class='ocrx_word' id='word_1_502' title='bbox 1281 3750 1394 3803; x_wconf 87' lang='lat' dir='ltr'><strong>suis</strong></span> <span class='ocrx_word' id='word_1_503' title='bbox 1420 3756 1756 3818; x_wconf 83' lang='lat' dir='ltr'><strong>Spectatores</strong></span> <span class='ocrx_word' id='word_1_504' title='bbox 1778 3761 1963 3802; x_wconf 90' lang='lat' dir='ltr'><strong>eorum</strong></span> <span class='ocrx_word' id='word_1_505' title='bbox 1989 3763 2108 3816; x_wconf 65' lang='lat' dir='ltr'><strong>qum</strong></span> 
     </span>
    </p>
   </div>
   <div class='ocr_carea' id='block_1_70' title="bbox 531 3836 2108 3900">
    <p class='ocr_par' dir='ltr' id='par_1_70' title="bbox 531 3836 2108 3900">
     <span class='ocr_line' id='line_1_70' title="bbox 531 3836 2108 3900; baseline -0.001 -9"><span class='ocrx_word' id='word_1_506' title='bbox 531 3838 671 3891; x_wconf 85' lang='lat' dir='ltr'><strong>bene</strong></span> <span class='ocrx_word' id='word_1_507' title='bbox 704 3837 940 3892; x_wconf 87' lang='lat' dir='ltr'><strong>faciebat</strong></span> <span class='ocrx_word' id='word_1_508' title='bbox 967 3837 1032 3892; x_wconf 83' lang='lat' dir='ltr'><strong>ad</strong></span> <span class='ocrx_word' id='word_1_509' title='bbox 1082 3852 1291 3892; x_wconf 90' lang='lat' dir='ltr'><strong>morum</strong></span> <span class='ocrx_word' id='word_1_510' title='bbox 1346 3836 1746 3892; x_wconf 88' lang='lat' dir='ltr'><strong>correctionem</strong></span> <span class='ocrx_word' id='word_1_511' title='bbox 1785 3837 2108 3900; x_wconf 82' lang='lat' dir='ltr'><strong>adducebat,</strong></span> 
     </span>
    </p>
   </div>
   <div class='ocr_carea' id='block_1_71' title="bbox 532 3927 2108 3998">
    <p class='ocr_par' dir='ltr' id='par_1_71' title="bbox 532 3927 2108 3998">
     <span class='ocr_line' id='line_1_71' title="bbox 532 3927 2108 3998; baseline -0.001 -16"><span class='ocrx_word' id='word_1_512' title='bbox 532 3928 807 3996; x_wconf 89' lang='lat' dir='ltr'><strong>quomodo</strong></span> <span class='ocrx_word' id='word_1_513' title='bbox 837 3943 945 3982; x_wconf 94' lang='lat' dir='ltr'><strong>non</strong></span> <span class='ocrx_word' id='word_1_514' title='bbox 981 3929 1087 3982; x_wconf 89' lang='lat' dir='ltr'><strong>erit</strong></span> <span class='ocrx_word' id='word_1_515' title='bbox 1123 3928 1523 3983; x_wconf 80' lang='lat' dir='ltr'><strong>existimandus</strong></span> <span class='ocrx_word' id='word_1_516' title='bbox 1569 3944 1628 3983; x_wconf 85' lang='lat' dir='ltr'><strong>se</strong></span> <span class='ocrx_word' id='word_1_517' title='bbox 1674 3927 1967 3998; x_wconf 65' lang='lat' dir='ltr'><strong>praebuisse</strong></span> <span class='ocrx_word' id='word_1_518' title='bbox 1998 3941 2108 3982; x_wconf 92' lang='lat' dir='ltr'><strong>non</strong></span> 
     </span>
    </p>
   </div>
   <div class='ocr_carea' id='block_1_72' title="bbox 531 4019 2107 4090">
    <p class='ocr_par' dir='ltr' id='par_1_72' title="bbox 531 4019 2107 4090">
     <span class='ocr_line' id='line_1_72' title="bbox 531 4019 2107 4090; baseline -0.003 -16"><span class='ocrx_word' id='word_1_519' title='bbox 531 4021 708 4075; x_wconf 86' lang='lat' dir='ltr'><strong>solum</strong></span> <span class='ocrx_word' id='word_1_520' title='bbox 741 4021 847 4075; x_wconf 89' lang='lat' dir='ltr'><strong>illis</strong></span> <span class='ocrx_word' id='word_1_521' title='bbox 876 4021 968 4090; x_wconf 91' lang='lat' dir='ltr'><strong>qui</strong></span> <span class='ocrx_word' id='word_1_522' title='bbox 1024 4021 1242 4090; x_wconf 86' lang='lat' dir='ltr'><strong>proprie</strong></span> <span class='ocrx_word' id='word_1_523' title='bbox 1274 4021 1527 4090; x_wconf 88' lang='lat' dir='ltr'><strong>discipuli</strong></span> <span class='ocrx_word' id='word_1_524' title='bbox 1577 4019 1695 4089; x_wconf 83' lang='lat' dir='ltr'><strong>ejus</strong></span> <span class='ocrx_word' id='word_1_525' title='bbox 1728 4019 1902 4074; x_wconf 81' lang='lat' dir='ltr'><strong>vocati</strong></span> <span class='ocrx_word' id='word_1_526' title='bbox 1951 4027 2107 4084; x_wconf 88' lang='lat' dir='ltr'><strong>sunt,</strong></span> 
     </span>
    </p>
   </div>
   <div class='ocr_carea' id='block_1_73' title="bbox 531 4109 2108 4181">
    <p class='ocr_par' dir='ltr' id='par_1_73' title="bbox 531 4109 2108 4181">
     <span class='ocr_line' id='line_1_73' title="bbox 531 4109 2108 4181; baseline -0.001 -17"><span class='ocrx_word' id='word_1_527' title='bbox 531 4111 627 4166; x_wconf 85' lang='lat' dir='ltr'><strong>sed</strong></span> <span class='ocrx_word' id='word_1_528' title='bbox 662 4112 824 4166; x_wconf 90' lang='lat' dir='ltr'><strong>etiam</strong></span> <span class='ocrx_word' id='word_1_529' title='bbox 883 4111 1108 4180; x_wconf 89' lang='lat' dir='ltr'><strong>reliquis</strong></span> <span class='ocrx_word' id='word_1_530' title='bbox 1158 4113 1453 4177; x_wconf 88' lang='lat' dir='ltr'><strong>omnibus,</strong></span> <span class='ocrx_word' id='word_1_531' title='bbox 1520 4111 1829 4181; x_wconf 77' lang='lat' dir='ltr'><strong>exetnplum</strong></span> <span class='ocrx_word' id='word_1_532' title='bbox 1884 4109 2108 4180; x_wconf 82' lang='lat' dir='ltr'><strong>optimae</strong></span> 
     </span>
    </p>
   </div>
   <div class='ocr_carea' id='block_1_74' title="bbox 528 4202 2107 4273">
    <p class='ocr_par' dir='ltr' id='par_1_74' title="bbox 528 4202 2107 4273">
     <span class='ocr_line' id='line_1_74' title="bbox 528 4202 2107 4273; baseline 0 -19"><span class='ocrx_word' id='word_1_533' title='bbox 528 4203 690 4258; x_wconf 68' lang='lat' dir='ltr'><strong>vitae?</strong></span> <span class='ocrx_word' id='word_1_534' title='bbox 721 4203 1009 4272; x_wconf 88' lang='lat' dir='ltr'><strong>Diseipulis</strong></span> <span class='ocrx_word' id='word_1_535' title='bbox 1035 4203 1281 4273; x_wconf 89' lang='lat' dir='ltr'><strong>quidem,</strong></span> <span class='ocrx_word' id='word_1_536' title='bbox 1315 4213 1373 4258; x_wconf 91' lang='lat' dir='ltr'><strong>ut</strong></span> <span class='ocrx_word' id='word_1_537' title='bbox 1402 4204 1781 4258; x_wconf 85' lang='lat' dir='ltr'><strong>excitarentur</strong></span> <span class='ocrx_word' id='word_1_538' title='bbox 1825 4203 1892 4256; x_wconf 89' lang='lat' dir='ltr'><strong>ad</strong></span> <span class='ocrx_word' id='word_1_539' title='bbox 1927 4202 2107 4256; x_wconf 91' lang='lat' dir='ltr'><strong>homi-</strong></span> 
     </span>
    </p>
   </div>
   <div class='ocr_carea' id='block_1_75' title="bbox 528 4294 2108 4364">
    <p class='ocr_par' dir='ltr' id='par_1_75' title="bbox 528 4294 2108 4364">
     <span class='ocr_line' id='line_1_75' title="bbox 528 4294 2108 4364; baseline 0 -16"><span class='ocrx_word' id='word_1_540' title='bbox 528 4310 624 4350; x_wconf 89' lang='lat' dir='ltr'><strong>nes</strong></span> <span class='ocrx_word' id='word_1_541' title='bbox 652 4295 926 4349; x_wconf 89' lang='lat' dir='ltr'><strong>docendos</strong></span> <span class='ocrx_word' id='word_1_542' title='bbox 977 4311 1099 4364; x_wconf 83' lang='lat' dir='ltr'><strong>quae</strong></span> <span class='ocrx_word' id='word_1_543' title='bbox 1131 4295 1204 4350; x_wconf 90' lang='lat' dir='ltr'><strong>sit</strong></span> <span class='ocrx_word' id='word_1_544' title='bbox 1233 4295 1489 4350; x_wconf 74' lang='lat' dir='ltr'><strong>voluntas</strong></span> <span class='ocrx_word' id='word_1_545' title='bbox 1530 4295 1663 4360; x_wconf 88' lang='lat' dir='ltr'><strong>Dei;</strong></span> <span class='ocrx_word' id='word_1_546' title='bbox 1715 4294 1942 4364; x_wconf 89' lang='lat' dir='ltr'><strong>reliquis</strong></span> <span class='ocrx_word' id='word_1_547' title='bbox 1977 4295 2108 4348; x_wconf 83' lang='lat' dir='ltr'><strong>vero</strong></span> 
     </span>
    </p>
   </div>
   <div class='ocr_carea' id='block_1_76' title="bbox 529 4388 2104 4460">
    <p class='ocr_par' dir='ltr' id='par_1_76' title="bbox 529 4388 2104 4460">
     <span class='ocr_line' id='line_1_76' title="bbox 529 4388 2104 4460; baseline -0.001 -19"><span class='ocrx_word' id='word_1_548' title='bbox 529 4388 858 4451; x_wconf 90' lang='lat' dir='ltr'><strong>hominibus,</strong></span> <span class='ocrx_word' id='word_1_549' title='bbox 895 4397 954 4442; x_wconf 93' lang='lat' dir='ltr'><strong>ut</strong></span> <span class='ocrx_word' id='word_1_550' title='bbox 980 4391 1099 4460; x_wconf 78' lang='lat' dir='ltr'><strong>ejus</strong></span> <span class='ocrx_word' id='word_1_551' title='bbox 1127 4389 1310 4444; x_wconf 87' lang='lat' dir='ltr'><strong>verbis</strong></span> <span class='ocrx_word' id='word_1_552' title='bbox 1335 4397 1390 4442; x_wconf 88' lang='lat' dir='ltr'><strong>et</strong></span> <span class='ocrx_word' id='word_1_553' title='bbox 1447 4388 1692 4443; x_wconf 90' lang='lat' dir='ltr'><strong>moribus</strong></span> <span class='ocrx_word' id='word_1_554' title='bbox 1731 4389 1912 4456; x_wconf 90' lang='lat' dir='ltr'><strong>potius</strong></span> <span class='ocrx_word' id='word_1_555' title='bbox 1943 4401 2104 4457; x_wconf 85' lang='lat' dir='ltr'><strong>quam</strong></span> 
     </span>
    </p>
   </div>
   <div class='ocr_carea' id='block_1_77' title="bbox 529 4476 2104 4548">
    <p class='ocr_par' dir='ltr' id='par_1_77' title="bbox 529 4476 2104 4548">
     <span class='ocr_line' id='line_1_77' title="bbox 529 4476 2104 4548; baseline 0.001 -20"><span class='ocrx_word' id='word_1_556' title='bbox 529 4476 812 4530; x_wconf 86' lang='lat' dir='ltr'><strong>miraculis</strong></span> <span class='ocrx_word' id='word_1_557' title='bbox 839 4477 1018 4533; x_wconf 89' lang='lat' dir='ltr'><strong>edocti</strong></span> <span class='ocrx_word' id='word_1_558' title='bbox 1047 4477 1322 4548; x_wconf 88' lang='lat' dir='ltr'><strong>quomodo</strong></span> <span class='ocrx_word' id='word_1_559' title='bbox 1356 4477 1540 4532; x_wconf 85' lang='lat' dir='ltr'><strong>vivere</strong></span> <span class='ocrx_word' id='word_1_560' title='bbox 1563 4487 1814 4548; x_wconf 83' lang='lat' dir='ltr'><strong>Oporteat</strong></span> <span class='ocrx_word' id='word_1_561' title='bbox 1837 4521 1850 4545; x_wconf 93' lang='lat'><strong>,</strong></span> <span class='ocrx_word' id='word_1_562' title='bbox 1879 4493 1943 4532; x_wconf 90' lang='lat' dir='ltr'><strong>eo</strong></span> <span class='ocrx_word' id='word_1_563' title='bbox 1975 4491 2104 4546; x_wconf 90' lang='lat' dir='ltr'><strong>spe-</strong></span> 
     </span>
    </p>
   </div>
   <div class='ocr_carea' id='block_1_78' title="bbox 2218 3291 3802 3364">
    <p class='ocr_par' dir='ltr' id='par_1_78' title="bbox 2218 3291 3802 3364">
     <span class='ocr_line' id='line_1_78' title="bbox 2218 3291 3802 3364; baseline 0 -18"><span class='ocrx_word' id='word_1_564' title='bbox 2218 3293 2366 3364; x_wconf 74' lang='grc' dir='ltr'><strong>φόϐῳ</strong></span> <span class='ocrx_word' id='word_1_565' title='bbox 2394 3293 2526 3346; x_wconf 86' lang='grc' dir='ltr'>Θεοῦ</span> <span class='ocrx_word' id='word_1_566' title='bbox 2571 3294 2906 3363; x_wconf 88' lang='grc' dir='ltr'>παιδαγωγεῖ</span> <span class='ocrx_word' id='word_1_567' title='bbox 2940 3295 3066 3358; x_wconf 82' lang='grc' dir='ltr'>τοὺς</span> <span class='ocrx_word' id='word_1_568' title='bbox 3101 3293 3550 3362; x_wconf 81' lang='grc' dir='ltr'>καταπλαγέντας</span> <span class='ocrx_word' id='word_1_569' title='bbox 3573 3291 3646 3346; x_wconf 81' lang='grc' dir='ltr'>τὰ</span> <span class='ocrx_word' id='word_1_570' title='bbox 3682 3292 3802 3346; x_wconf 72' lang='grc' dir='ltr'>θεα-</span> 
     </span>
    </p>
   </div>
   <div class='ocr_carea' id='block_1_79' title="bbox 2220 3384 3794 3459">
    <p class='ocr_par' dir='ltr' id='par_1_79' title="bbox 2220 3384 3794 3459">
     <span class='ocr_line' id='line_1_79' title="bbox 2220 3384 3794 3459; baseline -0.001 -19"><span class='ocrx_word' id='word_1_571' title='bbox 2220 3405 2386 3458; x_wconf 84' lang='grc' dir='ltr'>ματα,</span> <span class='ocrx_word' id='word_1_572' title='bbox 2423 3388 2544 3440; x_wconf 62' lang='lat' dir='ltr'><strong>oues</strong></span> <span class='ocrx_word' id='word_1_573' title='bbox 2577 3388 2830 3459; x_wconf 79' lang='grc' dir='ltr'>πειρᾶται</span> <span class='ocrx_word' id='word_1_574' title='bbox 2865 3385 3070 3438; x_wconf 87' lang='grc' dir='ltr'>πείθειν</span> <span class='ocrx_word' id='word_1_575' title='bbox 3099 3384 3241 3438; x_wconf 76' lang='grc' dir='ltr'>οὕτω</span> <span class='ocrx_word' id='word_1_576' title='bbox 3275 3386 3373 3456; x_wconf 80' lang='grc' dir='ltr'><strong>ζῇν</strong></span> <span class='ocrx_word' id='word_1_577' title='bbox 3400 3387 3526 3448; x_wconf 76' lang='grc' dir='ltr'>τοὺς</span> <span class='ocrx_word' id='word_1_578' title='bbox 3563 3384 3794 3448; x_wconf 73' lang='grc' dir='ltr'>ἰδόντας,</span> 
     </span>
    </p>
   </div>
   <div class='ocr_carea' id='block_1_80' title="bbox 2213 3476 3798 3551">
    <p class='ocr_par' dir='ltr' id='par_1_80' title="bbox 2213 3476 3798 3551">
     <span class='ocr_line' id='line_1_80' title="bbox 2213 3476 3798 3551; baseline -0.002 -19"><span class='ocrx_word' id='word_1_579' title='bbox 2213 3480 2289 3544; x_wconf 81' lang='grc' dir='ltr'>ὡς</span> <span class='ocrx_word' id='word_1_580' title='bbox 2321 3479 2852 3551; x_wconf 82' lang='grc' dir='ltr'>δικαιωθησομένους</span> <span class='ocrx_word' id='word_1_581' title='bbox 2899 3477 3002 3532; x_wconf 80' lang='grc' dir='ltr'><strong>ὑπὸ</strong></span> <span class='ocrx_word' id='word_1_582' title='bbox 3025 3476 3182 3531; x_wconf 87' lang='grc' dir='ltr'>Θεοῦ.</span> <span class='ocrx_word' id='word_1_583' title='bbox 3235 3477 3346 3531; x_wconf 72' lang='grc' dir='ltr'>Καὶ</span> <span class='ocrx_word' id='word_1_584' title='bbox 3388 3477 3540 3531; x_wconf 83' lang='grc' dir='ltr'>οὐδὲν</span> <span class='ocrx_word' id='word_1_585' title='bbox 3587 3477 3798 3530; x_wconf 84' lang='grc' dir='ltr'>τούτων</span> 
     </span>
    </p>
   </div>
   <div class='ocr_carea' id='block_1_81' title="bbox 2215 3567 3797 3641">
    <p class='ocr_par' dir='ltr' id='par_1_81' title="bbox 2215 3567 3797 3641">
     <span class='ocr_line' id='line_1_81' title="bbox 2215 3567 3797 3641; baseline -0.001 -19"><span class='ocrx_word' id='word_1_586' title='bbox 2215 3569 2428 3622; x_wconf 80' lang='grc' dir='ltr'>ποιοῦσι</span> <span class='ocrx_word' id='word_1_587' title='bbox 2461 3571 2685 3641; x_wconf 80' lang='grc' dir='ltr'>γόητες,</span> <span class='ocrx_word' id='word_1_588' title='bbox 2719 3569 2905 3640; x_wconf 80' lang='grc' dir='ltr'>ἐπειδὴ</span> <span class='ocrx_word' id='word_1_589' title='bbox 2934 3571 2992 3622; x_wconf 84' lang='grc' dir='ltr'><strong>ού</strong></span> <span class='ocrx_word' id='word_1_590' title='bbox 3029 3568 3280 3622; x_wconf 87' lang='grc' dir='ltr'>δύνανται</span> <span class='ocrx_word' id='word_1_591' title='bbox 3301 3611 3315 3637; x_wconf 94' lang='grc'><strong>,</strong></span> <span class='ocrx_word' id='word_1_592' title='bbox 3355 3569 3388 3640; x_wconf 81' lang='grc' dir='ltr'>ἢ</span> <span class='ocrx_word' id='word_1_593' title='bbox 3417 3570 3551 3641; x_wconf 81' lang='grc' dir='ltr'>μηδὲ</span> <span class='ocrx_word' id='word_1_594' title='bbox 3580 3567 3797 3639; x_wconf 85' lang='grc' dir='ltr'>βούλον-</span> 
     </span>
    </p>
   </div>
   <div class='ocr_carea' id='block_1_82' title="bbox 2213 3657 3798 3732">
    <p class='ocr_par' dir='ltr' id='par_1_82' title="bbox 2213 3657 3798 3732">
     <span class='ocr_line' id='line_1_82' title="bbox 2213 3657 3798 3732; baseline 0.004 -20"><span class='ocrx_word' id='word_1_595' title='bbox 2213 3678 2323 3724; x_wconf 84' lang='grc' dir='ltr'>ται,</span> <span class='ocrx_word' id='word_1_596' title='bbox 2363 3661 2498 3732; x_wconf 87' lang='grc' dir='ltr'>μηδὲ</span> <span class='ocrx_word' id='word_1_597' title='bbox 2527 3660 2737 3714; x_wconf 80' lang='grc' dir='ltr'>θέλουσι</span> <span class='ocrx_word' id='word_1_598' title='bbox 2763 3659 3246 3732; x_wconf 84' lang='grc' dir='ltr'>πραγματεύεσθαι</span> <span class='ocrx_word' id='word_1_599' title='bbox 3281 3659 3390 3730; x_wconf 72' lang='grc'>(26)</span> <span class='ocrx_word' id='word_1_600' title='bbox 3433 3660 3498 3712; x_wconf 77' lang='grc' dir='ltr'>τὰ</span> <span class='ocrx_word' id='word_1_601' title='bbox 3537 3658 3668 3729; x_wconf 82' lang='grc' dir='ltr'>περὶ</span> <span class='ocrx_word' id='word_1_602' title='bbox 3697 3657 3798 3728; x_wconf 80' lang='grc' dir='ltr'><strong>τῆς</strong></span> 
     </span>
    </p>
   </div>
   <div class='ocr_carea' id='block_1_83' title="bbox 2213 3749 3798 3823">
    <p class='ocr_par' dir='ltr' id='par_1_83' title="bbox 2213 3749 3798 3823">
     <span class='ocr_line' id='line_1_83' title="bbox 2213 3749 3798 3823; baseline -0.001 -18"><span class='ocrx_word' id='word_1_603' title='bbox 2213 3750 2321 3805; x_wconf 76' lang='grc' dir='ltr'><strong>τῶν</strong></span> <span class='ocrx_word' id='word_1_604' title='bbox 2347 3749 2647 3823; x_wconf 83' lang='grc' dir='ltr'>ἀνθρώπων</span> <span class='ocrx_word' id='word_1_605' title='bbox 2691 3751 3050 3822; x_wconf 85' lang='grc' dir='ltr'>διορθώσεως,</span> <span class='ocrx_word' id='word_1_606' title='bbox 3089 3751 3185 3804; x_wconf 77' lang='grc' dir='ltr'>ἅτε</span> <span class='ocrx_word' id='word_1_607' title='bbox 3232 3751 3327 3804; x_wconf 80' lang='grc' dir='ltr'><strong>καὶ</strong></span> <span class='ocrx_word' id='word_1_608' title='bbox 3373 3750 3525 3804; x_wconf 69' lang='grc' dir='ltr'>αὐτοὶ</span> <span class='ocrx_word' id='word_1_609' title='bbox 3568 3749 3798 3823; x_wconf 72' lang='grc' dir='ltr'>πλήρεις</span> 
     </span>
    </p>
   </div>
   <div class='ocr_carea' id='block_1_84' title="bbox 2213 3842 3795 3916">
    <p class='ocr_par' dir='ltr' id='par_1_84' title="bbox 2213 3842 3795 3916">
     <span class='ocr_line' id='line_1_84' title="bbox 2213 3842 3795 3916; baseline 0.002 -20"><span class='ocrx_word' id='word_1_610' title='bbox 2213 3842 2366 3907; x_wconf 72' lang='grc' dir='ltr'>ὄντες</span> <span class='ocrx_word' id='word_1_611' title='bbox 2409 3843 2704 3914; x_wconf 83' lang='grc' dir='ltr'>αἰσχίστων</span> <span class='ocrx_word' id='word_1_612' title='bbox 2740 3844 2835 3897; x_wconf 69' lang='grc' dir='ltr'><strong>καὶ</strong></span> <span class='ocrx_word' id='word_1_613' title='bbox 2869 3842 3314 3914; x_wconf 79' lang='grc' dir='ltr'>ἐπιρρητοτάτων</span> <span class='ocrx_word' id='word_1_614' title='bbox 3348 3844 3795 3916; x_wconf 75' lang='grc' dir='ltr'>ἁμαρτημάτων.</span> 
     </span>
    </p>
   </div>
   <div class='ocr_carea' id='block_1_85' title="bbox 2224 3926 3796 4007">
    <p class='ocr_par' dir='ltr' id='par_1_85' title="bbox 2224 3926 3796 4007">
     <span class='ocr_line' id='line_1_85' title="bbox 2224 3926 3796 4007; baseline 0.003 -21"><span class='ocrx_word' id='word_1_615' title='bbox 2224 3933 2283 3986; x_wconf 87' lang='grc' dir='ltr'>Ὁ</span> <span class='ocrx_word' id='word_1_616' title='bbox 2321 3933 2378 3986; x_wconf 80' lang='grc' dir='ltr'>δὲ</span> <span class='ocrx_word' id='word_1_617' title='bbox 2423 3933 2490 3986; x_wconf 87' lang='grc' dir='ltr'>δι’</span> <span class='ocrx_word' id='word_1_618' title='bbox 2529 3926 2604 3988; x_wconf 83' lang='grc' dir='ltr'>ὧν</span> <span class='ocrx_word' id='word_1_619' title='bbox 2655 3933 2828 3986; x_wconf 77' lang='grc' dir='ltr'>ἐποίει</span> <span class='ocrx_word' id='word_1_620' title='bbox 2854 3933 3174 4005; x_wconf 82' lang='grc' dir='ltr'>παραδόξων</span> <span class='ocrx_word' id='word_1_621' title='bbox 3227 3933 3322 3986; x_wconf 74' lang='grc' dir='ltr'>ἐπὶ</span> <span class='ocrx_word' id='word_1_622' title='bbox 3369 3935 3468 4005; x_wconf 86' lang='grc' dir='ltr'>τὴν</span> <span class='ocrx_word' id='word_1_623' title='bbox 3509 3935 3616 3988; x_wconf 87' lang='grc' dir='ltr'><strong>τῶν</strong></span> <span class='ocrx_word' id='word_1_624' title='bbox 3645 3936 3796 4007; x_wconf 70' lang='grc' dir='ltr'>ἠθῶν</span> 
     </span>
    </p>
   </div>
   <div class='ocr_carea' id='block_1_86' title="bbox 2215 4023 3796 4099">
    <p class='ocr_par' dir='ltr' id='par_1_86' title="bbox 2215 4023 3796 4099">
     <span class='ocr_line' id='line_1_86' title="bbox 2215 4023 3796 4099; baseline 0.003 -23"><span class='ocrx_word' id='word_1_625' title='bbox 2215 4023 2588 4095; x_wconf 79' lang='grc' dir='ltr'>ἐπανόρθωσιν</span> <span class='ocrx_word' id='word_1_626' title='bbox 2629 4025 2969 4096; x_wconf 82' lang='grc' dir='ltr'>ἐπαγόμενος</span> <span class='ocrx_word' id='word_1_627' title='bbox 3028 4029 3139 4099; x_wconf 73' lang='lat'><strong>(27)</strong></span> <span class='ocrx_word' id='word_1_628' title='bbox 3188 4028 3314 4091; x_wconf 77' lang='grc' dir='ltr'>τοὺς</span> <span class='ocrx_word' id='word_1_629' title='bbox 3358 4025 3698 4099; x_wconf 86' lang='grc' dir='ltr'>θεωροῦντας</span> <span class='ocrx_word' id='word_1_630' title='bbox 3725 4027 3796 4080; x_wconf 72' lang='grc' dir='ltr'>τὰ</span> 
     </span>
    </p>
   </div>
   <div class='ocr_carea' id='block_1_87' title="bbox 2211 4115 3794 4190">
    <p class='ocr_par' dir='ltr' id='par_1_87' title="bbox 2211 4115 3794 4190">
     <span class='ocr_line' id='line_1_87' title="bbox 2211 4115 3794 4190; baseline 0 -21"><span class='ocrx_word' id='word_1_631' title='bbox 2211 4115 2504 4186; x_wconf 86' lang='grc' dir='ltr'>γιγνόμενα</span> <span class='ocrx_word' id='word_1_632' title='bbox 2534 4115 2734 4182; x_wconf 88' lang='grc' dir='ltr'>καλῶς,</span> <span class='ocrx_word' id='word_1_633' title='bbox 2772 4117 2889 4181; x_wconf 87' lang='grc' dir='ltr'><strong>πῶς</strong></span> <span class='ocrx_word' id='word_1_634' title='bbox 2917 4120 3018 4172; x_wconf 81' lang='grc' dir='ltr'><strong>οὐκ</strong></span> <span class='ocrx_word' id='word_1_635' title='bbox 3051 4120 3198 4184; x_wconf 80' lang='grc' dir='ltr'>εἰκὸς</span> <span class='ocrx_word' id='word_1_636' title='bbox 3221 4161 3236 4186; x_wconf 91' lang='grc'><strong>,</strong></span> <span class='ocrx_word' id='word_1_637' title='bbox 3263 4121 3346 4172; x_wconf 78' lang='grc' dir='ltr'><strong>ὅτι</strong></span> <span class='ocrx_word' id='word_1_638' title='bbox 3378 4121 3638 4190; x_wconf 84' lang='grc' dir='ltr'>παρεῖχεν</span> <span class='ocrx_word' id='word_1_639' title='bbox 3665 4119 3794 4170; x_wconf 82' lang='grc' dir='ltr'>ἐαυ-</span> 
     </span>
    </p>
   </div>
   <div class='ocr_carea' id='block_1_88' title="bbox 2209 4209 3795 4284">
    <p class='ocr_par' dir='ltr' id='par_1_88' title="bbox 2209 4209 3795 4284">
     <span class='ocr_line' id='line_1_88' title="bbox 2209 4209 3795 4284; baseline 0.002 -23"><span class='ocrx_word' id='word_1_640' title='bbox 2209 4209 2300 4261; x_wconf 87' lang='grc' dir='ltr'><strong>τὸν</strong></span> <span class='ocrx_word' id='word_1_641' title='bbox 2333 4210 2392 4261; x_wconf 85' lang='grc' dir='ltr'><strong>ού</strong></span> <span class='ocrx_word' id='word_1_642' title='bbox 2419 4209 2579 4280; x_wconf 82' lang='grc' dir='ltr'>μόνον</span> <span class='ocrx_word' id='word_1_643' title='bbox 2603 4211 2713 4274; x_wconf 86' lang='grc' dir='ltr'>τοῖς</span> <span class='ocrx_word' id='word_1_644' title='bbox 2746 4211 2990 4282; x_wconf 80' lang='grc' dir='ltr'>γνησίοις</span> <span class='ocrx_word' id='word_1_645' title='bbox 3021 4211 3186 4265; x_wconf 80' lang='grc' dir='ltr'>αὑτοῦ</span> <span class='ocrx_word' id='word_1_646' title='bbox 3223 4211 3512 4284; x_wconf 81' lang='grc' dir='ltr'>μαθηταῖς,</span> <span class='ocrx_word' id='word_1_647' title='bbox 3537 4209 3676 4264; x_wconf 78' lang='grc' dir='ltr'>ἀλλὰ</span> <span class='ocrx_word' id='word_1_648' title='bbox 3698 4211 3795 4264; x_wconf 73' lang='grc' dir='ltr'><strong>καὶ</strong></span> 
     </span>
    </p>
   </div>
   <div class='ocr_carea' id='block_1_89' title="bbox 2209 4301 3794 4376">
    <p class='ocr_par' dir='ltr' id='par_1_89' title="bbox 2209 4301 3794 4376">
     <span class='ocr_line' id='line_1_89' title="bbox 2209 4301 3794 4376; baseline 0.003 -24"><span class='ocrx_word' id='word_1_649' title='bbox 2209 4304 2321 4366; x_wconf 85' lang='grc' dir='ltr'>τοῖς</span> <span class='ocrx_word' id='word_1_650' title='bbox 2367 4301 2574 4364; x_wconf 78' lang='grc' dir='ltr'>λοιποῖς</span> <span class='ocrx_word' id='word_1_651' title='bbox 2616 4302 2970 4373; x_wconf 84' lang='grc' dir='ltr'>παράδειγμα</span> <span class='ocrx_word' id='word_1_652' title='bbox 3004 4304 3227 4376; x_wconf 83' lang='grc' dir='ltr'>ἀρίστου</span> <span class='ocrx_word' id='word_1_653' title='bbox 3263 4304 3415 4374; x_wconf 56' lang='lat' dir='ltr'><strong>piae;</strong></span> <span class='ocrx_word' id='word_1_654' title='bbox 3464 4303 3550 4356; x_wconf 83' lang='grc' dir='ltr'><strong>ἵνα</strong></span> <span class='ocrx_word' id='word_1_655' title='bbox 3595 4305 3690 4357; x_wconf 75' lang='grc' dir='ltr'>καὶ</span> <span class='ocrx_word' id='word_1_656' title='bbox 3740 4305 3794 4356; x_wconf 84' lang='grc' dir='ltr'>οἱ</span> 
     </span>
    </p>
   </div>
   <div class='ocr_carea' id='block_1_90' title="bbox 2215 4392 3794 4465">
    <p class='ocr_par' dir='ltr' id='par_1_90' title="bbox 2215 4392 3794 4465">
     <span class='ocr_line' id='line_1_90' title="bbox 2215 4392 3794 4465; baseline 0.003 -22"><span class='ocrx_word' id='word_1_657' title='bbox 2215 4392 2454 4463; x_wconf 73' lang='grc' dir='ltr'>μαθηταὶ</span> <span class='ocrx_word' id='word_1_658' title='bbox 2479 4394 2868 4465; x_wconf 84' lang='grc' dir='ltr'>προτραπῶσιν</span> <span class='ocrx_word' id='word_1_659' title='bbox 2895 4396 2988 4448; x_wconf 73' lang='grc' dir='ltr'>ἐπὶ</span> <span class='ocrx_word' id='word_1_660' title='bbox 3014 4396 3075 4449; x_wconf 88' lang='grc' dir='ltr'><strong>τὸ</strong></span> <span class='ocrx_word' id='word_1_661' title='bbox 3104 4395 3376 4449; x_wconf 80' lang='grc' dir='ltr'>διδάσκειν</span> <span class='ocrx_word' id='word_1_662' title='bbox 3414 4393 3556 4449; x_wconf 85' lang='grc' dir='ltr'><strong>κατά</strong></span> <span class='ocrx_word' id='word_1_663' title='bbox 3599 4395 3660 4448; x_wconf 83' lang='grc' dir='ltr'><strong>τὸ</strong></span> <span class='ocrx_word' id='word_1_664' title='bbox 3697 4393 3794 4448; x_wconf 85' lang='grc' dir='ltr'><strong>τοῦ</strong></span> 
     </span>
    </p>
   </div>
   <div class='ocr_carea' id='block_1_91' title="bbox 2211 4483 3796 4559">
    <p class='ocr_par' dir='ltr' id='par_1_91' title="bbox 2211 4483 3796 4559">
     <span class='ocr_line' id='line_1_91' title="bbox 2211 4483 3796 4559; baseline 0.003 -22"><span class='ocrx_word' id='word_1_665' title='bbox 2211 4483 2346 4538; x_wconf 81' lang='grc' dir='ltr'>Θεοῦ</span> <span class='ocrx_word' id='word_1_666' title='bbox 2377 4485 2620 4556; x_wconf 85' lang='grc' dir='ltr'>βούλημα</span> <span class='ocrx_word' id='word_1_667' title='bbox 2655 4488 2780 4550; x_wconf 82' lang='grc' dir='ltr'>τοὺς</span> <span class='ocrx_word' id='word_1_668' title='bbox 2819 4486 3170 4559; x_wconf 82' lang='grc' dir='ltr'>ἀνθρώπους,</span> <span class='ocrx_word' id='word_1_669' title='bbox 3205 4487 3299 4542; x_wconf 76' lang='grc' dir='ltr'>καὶ</span> <span class='ocrx_word' id='word_1_670' title='bbox 3321 4489 3369 4541; x_wconf 83' lang='grc' dir='ltr'>οἱ</span> <span class='ocrx_word' id='word_1_671' title='bbox 3398 4487 3596 4554; x_wconf 82' lang='grc' dir='ltr'>λοιποὶ,</span> <span class='ocrx_word' id='word_1_672' title='bbox 3631 4488 3796 4542; x_wconf 80' lang='grc' dir='ltr'>πλέον</span> 
     </span>
    </p>
   </div>
   <div class='ocr_carea' id='block_1_92' title="bbox 528 4569 2118 4654">
    <p class='ocr_par' dir='ltr' id='par_1_92' title="bbox 528 4569 2104 4639">
     <span class='ocr_line' id='line_1_92' title="bbox 528 4569 2104 4639; baseline 0.001 -19"><span class='ocrx_word' id='word_1_673' title='bbox 528 4579 760 4634; x_wconf 88' lang='lat' dir='ltr'><strong>ctarcut,</strong></span> <span class='ocrx_word' id='word_1_674' title='bbox 795 4579 850 4624; x_wconf 90' lang='lat' dir='ltr'><strong>ut</strong></span> <span class='ocrx_word' id='word_1_675' title='bbox 880 4585 1220 4639; x_wconf 68' lang='lat' dir='ltr'><strong>quaecunque</strong></span> <span class='ocrx_word' id='word_1_676' title='bbox 1255 4569 1520 4636; x_wconf 87' lang='lat' dir='ltr'><strong>facerent,</strong></span> <span class='ocrx_word' id='word_1_677' title='bbox 1543 4570 1653 4624; x_wconf 88' lang='lat' dir='ltr'><strong>Deo</strong></span> <span class='ocrx_word' id='word_1_678' title='bbox 1681 4571 1956 4639; x_wconf 86' lang='lat' dir='ltr'><strong>placerent</strong></span> <span class='ocrx_word' id='word_1_679' title='bbox 1988 4583 2104 4622; x_wconf 93' lang='lat' dir='ltr'><strong>om-</strong></span> 
     </span>
    </p>
   </div>
   <div class='ocr_carea' id='block_1_93' title="bbox 2225 4569 3794 4654">
    <p class='ocr_par' dir='ltr' id='par_1_93' title="bbox 2225 4577 3794 4654">
     <span class='ocr_line' id='line_1_93' title="bbox 2225 4577 3794 4654; baseline 0.004 -24"><span class='ocrx_word' id='word_1_680' title='bbox 2225 4577 2547 4646; x_wconf 77' lang='grc' dir='ltr'>ἰιδαχθέντες</span> <span class='ocrx_word' id='word_1_681' title='bbox 2583 4578 2804 4632; x_wconf 74' lang='grc' dir='ltr'>ἀπὸτοῦ</span> <span class='ocrx_word' id='word_1_682' title='bbox 2838 4579 2996 4648; x_wconf 83' lang='grc' dir='ltr'>λόγου</span> <span class='ocrx_word' id='word_1_683' title='bbox 3030 4582 3122 4634; x_wconf 81' lang='grc' dir='ltr'><strong>καὶ</strong></span> <span class='ocrx_word' id='word_1_684' title='bbox 3152 4583 3314 4652; x_wconf 72' lang='grc' dir='ltr'>ἤθους</span> <span class='ocrx_word' id='word_1_685' title='bbox 3347 4583 3378 4654; x_wconf 82' lang='grc' dir='ltr'>ἢ</span> <span class='ocrx_word' id='word_1_686' title='bbox 3415 4583 3507 4636; x_wconf 74' lang='grc' dir='ltr'><strong>καὶ</strong></span> <span class='ocrx_word' id='word_1_687' title='bbox 3539 4582 3650 4636; x_wconf 88' lang='grc' dir='ltr'><strong>τῶν</strong></span> <span class='ocrx_word' id='word_1_688' title='bbox 3684 4599 3794 4636; x_wconf 82' lang='grc' dir='ltr'>πα-</span> 
     </span>
    </p>
   </div>
   <div class='ocr_carea' id='block_1_94' title="bbox 525 4657 2104 4732">
    <p class='ocr_par' dir='ltr' id='par_1_94' title="bbox 525 4657 2104 4732">
     <span class='ocr_line' id='line_1_94' title="bbox 525 4657 2104 4732; baseline 0.003 -20"><span class='ocrx_word' id='word_1_689' title='bbox 525 4657 638 4712; x_wconf 90' lang='lat' dir='ltr'><strong>nia.</strong></span> <span class='ocrx_word' id='word_1_690' title='bbox 667 4657 724 4715; x_wconf 87' lang='lat' dir='ltr'><strong>Si</strong></span> <span class='ocrx_word' id='word_1_691' title='bbox 757 4669 939 4718; x_wconf 90' lang='lat' dir='ltr'><strong>autem</strong></span> <span class='ocrx_word' id='word_1_692' title='bbox 963 4659 1090 4714; x_wconf 77' lang='lat' dir='ltr'><strong>Jesu</strong></span> <span class='ocrx_word' id='word_1_693' title='bbox 1119 4661 1230 4714; x_wconf 89' lang='lat' dir='ltr'><strong>vita</strong></span> <span class='ocrx_word' id='word_1_694' title='bbox 1249 4659 1350 4714; x_wconf 90' lang='lat' dir='ltr'><strong>fuit</strong></span> <span class='ocrx_word' id='word_1_695' title='bbox 1381 4660 1670 4728; x_wconf 90' lang='lat' dir='ltr'><strong>ejusmodi,</strong></span> <span class='ocrx_word' id='word_1_696' title='bbox 1699 4677 1806 4732; x_wconf 91' lang='lat' dir='ltr'><strong>quo</strong></span> <span class='ocrx_word' id='word_1_697' title='bbox 1831 4663 1955 4732; x_wconf 86' lang='lat' dir='ltr'><strong>jure</strong></span> <span class='ocrx_word' id='word_1_698' title='bbox 1981 4663 2104 4731; x_wconf 89' lang='lat' dir='ltr'><strong>quis</strong></span> 
     </span>
    </p>
   </div>
   <div class='ocr_carea' id='block_1_95' title="bbox 524 4752 2104 4822">
    <p class='ocr_par' dir='ltr' id='par_1_95' title="bbox 524 4752 2104 4822">
     <span class='ocr_line' id='line_1_95' title="bbox 524 4752 2104 4822; baseline 0 -15"><span class='ocrx_word' id='word_1_699' title='bbox 524 4767 648 4807; x_wconf 89' lang='lat' dir='ltr'><strong>eum</strong></span> <span class='ocrx_word' id='word_1_700' title='bbox 673 4767 795 4808; x_wconf 89' lang='lat' dir='ltr'><strong>cum</strong></span> <span class='ocrx_word' id='word_1_701' title='bbox 838 4752 1333 4822; x_wconf 62' lang='lat' dir='ltr'><strong>priestigiatoribus</strong></span> <span class='ocrx_word' id='word_1_702' title='bbox 1359 4753 1637 4818; x_wconf 90' lang='lat' dir='ltr'><strong>conferat,</strong></span> <span class='ocrx_word' id='word_1_703' title='bbox 1675 4765 1728 4806; x_wconf 88' lang='lat' dir='ltr'><strong>et</strong></span> <span class='ocrx_word' id='word_1_704' title='bbox 1769 4769 1875 4806; x_wconf 90' lang='lat' dir='ltr'><strong>non</strong></span> <span class='ocrx_word' id='word_1_705' title='bbox 1924 4754 2104 4821; x_wconf 91' lang='lat' dir='ltr'><strong>potius</strong></span> 
     </span>
    </p>
   </div>
   <div class='ocr_carea' id='block_1_96' title="bbox 524 4843 2107 4913">
    <p class='ocr_par' dir='ltr' id='par_1_96' title="bbox 524 4843 2107 4913">
     <span class='ocr_line' id='line_1_96' title="bbox 524 4843 2107 4913; baseline 0.001 -15"><span class='ocrx_word' id='word_1_706' title='bbox 524 4844 819 4898; x_wconf 82' lang='lat' dir='ltr'><strong>crediderit</strong></span> <span class='ocrx_word' id='word_1_707' title='bbox 851 4857 999 4909; x_wconf 89' lang='lat' dir='ltr'><strong>eum,</strong></span> <span class='ocrx_word' id='word_1_708' title='bbox 1029 4860 1154 4899; x_wconf 92' lang='lat' dir='ltr'><strong>cum</strong></span> <span class='ocrx_word' id='word_1_709' title='bbox 1181 4843 1324 4899; x_wconf 87' lang='lat' dir='ltr'><strong>Deus</strong></span> <span class='ocrx_word' id='word_1_710' title='bbox 1349 4855 1520 4911; x_wconf 85' lang='lat' dir='ltr'><strong>esset,</strong></span> <span class='ocrx_word' id='word_1_711' title='bbox 1547 4853 1603 4897; x_wconf 92' lang='lat' dir='ltr'><strong>ut</strong></span> <span class='ocrx_word' id='word_1_712' title='bbox 1631 4844 1957 4913; x_wconf 88' lang='lat' dir='ltr'><strong>promissum</strong></span> <span class='ocrx_word' id='word_1_713' title='bbox 1993 4845 2107 4899; x_wconf 91' lang='lat' dir='ltr'><strong>fue-</strong></span> 
     </span>
    </p>
   </div>
   <div class='ocr_carea' id='block_1_97' title="bbox 528 4934 2102 5005">
    <p class='ocr_par' dir='ltr' id='par_1_97' title="bbox 528 4934 2102 5005">
     <span class='ocr_line' id='line_1_97' title="bbox 528 4934 2102 5005; baseline 0.001 -19"><span class='ocrx_word' id='word_1_714' title='bbox 528 4941 635 4998; x_wconf 88' lang='lat' dir='ltr'><strong>rat,</strong></span> <span class='ocrx_word' id='word_1_715' title='bbox 669 4935 846 4988; x_wconf 87' lang='lat' dir='ltr'><strong>visum</strong></span> <span class='ocrx_word' id='word_1_716' title='bbox 883 4934 1054 4991; x_wconf 85' lang='lat' dir='ltr'><strong>fuisse</strong></span> <span class='ocrx_word' id='word_1_717' title='bbox 1088 4936 1140 4990; x_wconf 91' lang='lat' dir='ltr'><strong>in</strong></span> <span class='ocrx_word' id='word_1_718' title='bbox 1170 4937 1410 4990; x_wconf 90' lang='lat' dir='ltr'><strong>humano</strong></span> <span class='ocrx_word' id='word_1_719' title='bbox 1439 4950 1690 5005; x_wconf 90' lang='lat' dir='ltr'><strong>corpore,</strong></span> <span class='ocrx_word' id='word_1_720' title='bbox 1719 4947 1776 4989; x_wconf 92' lang='lat' dir='ltr'><strong>ut</strong></span> <span class='ocrx_word' id='word_1_721' title='bbox 1800 4945 1987 4991; x_wconf 90' lang='lat' dir='ltr'><strong>nostro</strong></span> <span class='ocrx_word' id='word_1_722' title='bbox 2011 4949 2102 5005; x_wconf 66' lang='grc' dir='ltr'>εθ-</span> 
     </span>
    </p>
   </div>
   <div class='ocr_carea' id='block_1_98' title="bbox 527 5024 1005 5095">
    <p class='ocr_par' dir='ltr' id='par_1_98' title="bbox 527 5024 1005 5095">
     <span class='ocr_line' id='line_1_98' title="bbox 527 5024 1005 5095; baseline 0 -16"><span class='ocrx_word' id='word_1_723' title='bbox 527 5024 646 5079; x_wconf 91' lang='lat' dir='ltr'><strong>neri</strong></span> <span class='ocrx_word' id='word_1_724' title='bbox 687 5027 1005 5095; x_wconf 78' lang='lat' dir='ltr'><strong>prodesset?</strong></span> 
     </span>
    </p>
   </div>
   <div class='ocr_carea' id='block_1_99' title="bbox 597 5207 2100 5281">
    <p class='ocr_par' dir='ltr' id='par_1_99' title="bbox 597 5207 2100 5281">
     <span class='ocr_line' id='line_1_99' title="bbox 597 5207 2100 5281; baseline 0.005 -21"><span class='ocrx_word' id='word_1_725' title='bbox 597 5207 688 5263; x_wconf 85' lang='lat'><strong>69.</strong></span> <span class='ocrx_word' id='word_1_726' title='bbox 717 5207 1020 5264; x_wconf 80' lang='lat' dir='ltr'><strong>Permiscet</strong></span> <span class='ocrx_word' id='word_1_727' title='bbox 1048 5219 1232 5278; x_wconf 90' lang='lat' dir='ltr'><strong>postea</strong></span> <span class='ocrx_word' id='word_1_728' title='bbox 1261 5223 1568 5264; x_wconf 86' lang='lat' dir='ltr'><strong>sermonem</strong></span> <span class='ocrx_word' id='word_1_729' title='bbox 1621 5210 1814 5266; x_wconf 77' lang='lat' dir='ltr'><strong>Celsus</strong></span> <span class='ocrx_word' id='word_1_730' title='bbox 1837 5251 1850 5276; x_wconf 96' lang='lat'><strong>,</strong></span> <span class='ocrx_word' id='word_1_731' title='bbox 1891 5221 1942 5265; x_wconf 88' lang='lat' dir='ltr'><strong>et</strong></span> <span class='ocrx_word' id='word_1_732' title='bbox 1981 5227 2100 5281; x_wconf 78' lang='lat' dir='ltr'><strong>qua:</strong></span> 
     </span>
    </p>
   </div>
   <div class='ocr_carea' id='block_1_100' title="bbox 525 5295 2099 5364">
    <p class='ocr_par' dir='ltr' id='par_1_100' title="bbox 525 5295 2099 5364">
     <span class='ocr_line' id='line_1_100' title="bbox 525 5295 2099 5364; baseline 0.006 -17"><span class='ocrx_word' id='word_1_733' title='bbox 525 5307 558 5347; x_wconf 68' lang='grc' dir='ltr'><strong>α</strong></span> <span class='ocrx_word' id='word_1_734' title='bbox 587 5295 840 5362; x_wconf 88' lang='lat' dir='ltr'><strong>quapiam</strong></span> <span class='ocrx_word' id='word_1_735' title='bbox 869 5306 1018 5350; x_wconf 88' lang='lat' dir='ltr'><strong>seeta</strong></span> <span class='ocrx_word' id='word_1_736' title='bbox 1051 5295 1192 5350; x_wconf 85' lang='lat' dir='ltr'><strong>dicta</strong></span> <span class='ocrx_word' id='word_1_737' title='bbox 1227 5308 1390 5364; x_wconf 91' lang='lat' dir='ltr'><strong>sunt,</strong></span> <span class='ocrx_word' id='word_1_738' title='bbox 1440 5300 1692 5354; x_wconf 86' lang='lat' dir='ltr'><strong>omnibus</strong></span> <span class='ocrx_word' id='word_1_739' title='bbox 1731 5299 2099 5356; x_wconf 84' lang='lat' dir='ltr'><strong>Christianam</strong></span> 
     </span>
    </p>
   </div>
   <div class='ocr_carea' id='block_1_101' title="bbox 597 5451 2098 5524">
    <p class='ocr_par' dir='ltr' id='par_1_101' title="bbox 597 5451 2098 5524">
     <span class='ocr_line' id='line_1_101' title="bbox 597 5451 2098 5524; baseline 0.007 -20"><span class='ocrx_word' id='word_1_740' title='bbox 597 5451 712 5524; x_wconf 67' lang='lat' dir='ltr'><strong>(2i)</strong></span> <span class='ocrx_word' id='word_1_741' title='bbox 748 5453 882 5506; x_wconf 79' lang='grc' dir='ltr'><strong>Ἀπὸ</strong></span> <span class='ocrx_word' id='word_1_742' title='bbox 901 5455 1257 5522; x_wconf 72' lang='grc' dir='ltr'>Αἰγυπτίων.</span> <span class='ocrx_word' id='word_1_743' title='bbox 1286 5458 1408 5510; x_wconf 66' lang='lat' dir='ltr'><strong>llaec</strong></span> <span class='ocrx_word' id='word_1_744' title='bbox 1435 5467 1517 5512; x_wconf 84' lang='lat' dir='ltr'><strong>est</strong></span> <span class='ocrx_word' id='word_1_745' title='bbox 1547 5459 1830 5514; x_wconf 89' lang='lat' dir='ltr'><strong>interliuea</strong></span> <span class='ocrx_word' id='word_1_746' title='bbox 1843 5462 1916 5514; x_wconf 84' lang='lat' dir='ltr'><strong>ris</strong></span> <span class='ocrx_word' id='word_1_747' title='bbox 1938 5461 2098 5516; x_wconf 83' lang='lat' dir='ltr'><strong>lectio</strong></span> 
     </span>
    </p>
   </div>
   <div class='ocr_carea' id='block_1_102' title="bbox 521 5524 2098 5596">
    <p class='ocr_par' dir='ltr' id='par_1_102' title="bbox 521 5524 2098 5596">
     <span class='ocr_line' id='line_1_102' title="bbox 521 5524 2098 5596; baseline 0.007 -21"><span class='ocrx_word' id='word_1_748' title='bbox 521 5525 726 5596; x_wconf 66' lang='lat' dir='ltr'><strong>veteris</strong></span> <span class='ocrx_word' id='word_1_749' title='bbox 760 5525 962 5596; x_wconf 73' lang='lat' dir='ltr'><strong>codicis</strong></span> <span class='ocrx_word' id='word_1_750' title='bbox 1009 5524 1282 5592; x_wconf 77' lang='lat' dir='ltr'><strong>Vaticani;</strong></span> <span class='ocrx_word' id='word_1_751' title='bbox 1325 5529 1516 5596; x_wconf 81' lang='lat' dir='ltr'><strong>reliqui</strong></span> <span class='ocrx_word' id='word_1_752' title='bbox 1567 5544 1696 5582; x_wconf 87' lang='lat' dir='ltr'><strong>lllSS.</strong></span> <span class='ocrx_word' id='word_1_753' title='bbox 1757 5546 1878 5584; x_wconf 80' lang='lat' dir='ltr'><strong>cum</strong></span> <span class='ocrx_word' id='word_1_754' title='bbox 1935 5533 2098 5587; x_wconf 85' lang='lat' dir='ltr'><strong>editis</strong></span> 
     </span>
    </p>
   </div>
   <div class='ocr_carea' id='block_1_103' title="bbox 525 5591 1786 5663">
    <p class='ocr_par' dir='ltr' id='par_1_103' title="bbox 525 5591 1786 5663">
     <span class='ocr_line' id='line_1_103' title="bbox 525 5591 1786 5663; baseline 0.006 -17"><span class='ocrx_word' id='word_1_755' title='bbox 525 5591 748 5663; x_wconf 85' lang='lat' dir='ltr'><strong>habent,</strong></span> <span class='ocrx_word' id='word_1_756' title='bbox 775 5593 881 5644; x_wconf 83' lang='grc' dir='ltr'>ὑπὸ</span> <span class='ocrx_word' id='word_1_757' title='bbox 903 5595 1236 5663; x_wconf 75' lang='grc' dir='ltr'>Αἰγυπτίων,</span> <span class='ocrx_word' id='word_1_758' title='bbox 1268 5591 1524 5662; x_wconf 74' lang='grc' dir='ltr'>ιιιιιιε,ὐι</span> <span class='ocrx_word' id='word_1_759' title='bbox 1555 5601 1786 5653; x_wconf 85' lang='lat' dir='ltr'><strong>videtur.</strong></span> 
     </span>
    </p>
   </div>
   <div class='ocr_carea' id='block_1_104' title="bbox 597 5660 1922 5802">
    <p class='ocr_par' dir='ltr' id='par_1_104' title="bbox 597 5660 1922 5802">
     <span class='ocr_line' id='line_1_104' title="bbox 597 5660 1922 5802; baseline 0.008 -88"><span class='ocrx_word' id='word_1_760' title='bbox 597 5660 710 5802; x_wconf 51' lang='lat'><strong>29.5)</strong></span> <span class='ocrx_word' id='word_1_761' title='bbox 747 5663 903 5717; x_wconf 82' lang='lat' dir='ltr'><strong>Libb.</strong></span> <span class='ocrx_word' id='word_1_762' title='bbox 945 5660 1074 5719; x_wconf 82' lang='lat' dir='ltr'><strong>editi</strong></span> <span class='ocrx_word' id='word_1_763' title='bbox 1117 5669 1182 5718; x_wconf 84' lang='lat' dir='ltr'><strong>ad</strong></span> <span class='ocrx_word' id='word_1_764' title='bbox 1217 5660 1512 5738; x_wconf 71' lang='lat' dir='ltr'><strong>marginem</strong></span> <span class='ocrx_word' id='word_1_765' title='bbox 1537 5709 1551 5732; x_wconf 88' lang='lat'><strong>,</strong></span> <span class='ocrx_word' id='word_1_766' title='bbox 1592 5668 1922 5740; x_wconf 82' lang='grc' dir='ltr'>βλεπόμενα.</span> 
     </span>
     <span class='ocr_line' id='line_1_105' title="bbox 618 5733 1922 5802; baseline 0.008 -18"><span class='ocrx_word' id='word_1_767' title='bbox 618 5733 706 5802; x_wconf 73' lang='grc'>26)</span> <span class='ocrx_word' id='word_1_768' title='bbox 725 5734 892 5788; x_wconf 86' lang='lat' dir='ltr'><strong>Codd.</strong></span> <span class='ocrx_word' id='word_1_769' title='bbox 915 5737 1070 5802; x_wconf 75' lang='lat' dir='ltr'><strong>llcg.,</strong></span> <span class='ocrx_word' id='word_1_770' title='bbox 1095 5735 1418 5793; x_wconf 80' lang='lat' dir='ltr'><strong>Basileeusis</strong></span> <span class='ocrx_word' id='word_1_771' title='bbox 1445 5748 1499 5792; x_wconf 91' lang='lat' dir='ltr'><strong>et</strong></span> <span class='ocrx_word' id='word_1_772' title='bbox 1530 5750 1755 5802; x_wconf 84' lang='lat' dir='ltr'><strong>uterque</strong></span> <span class='ocrx_word' id='word_1_773' title='bbox 1777 5741 1922 5795; x_wconf 79' lang='lat' dir='ltr'><strong>Vatic</strong></span> 
     </span>
    </p>
   </div>
   <div class='ocr_carea' id='block_1_105' title="bbox 618 5733 2088 5808">
    <p class='ocr_par' dir='ltr' id='par_1_105' title="bbox 618 5733 2088 5808">
     <span class='ocr_line' id='line_1_106' title="bbox 618 5733 2088 5808; baseline 0.007 -24"><span class='ocrx_word' id='word_1_774' title='bbox 618 5733 708 5808; x_wconf 73' lang='grc'>26)</span> <span class='ocrx_word' id='word_1_775' title='bbox 725 5734 892 5808; x_wconf 76' lang='lat' dir='ltr'><strong>Codd.</strong></span> <span class='ocrx_word' id='word_1_776' title='bbox 915 5737 1070 5808; x_wconf 75' lang='lat' dir='ltr'><strong>lleg.,</strong></span> <span class='ocrx_word' id='word_1_777' title='bbox 1095 5733 1418 5808; x_wconf 50' lang='lat' dir='ltr'><strong>liasileeuéis</strong></span> <span class='ocrx_word' id='word_1_778' title='bbox 1445 5748 1499 5792; x_wconf 91' lang='lat' dir='ltr'><strong>et</strong></span> <span class='ocrx_word' id='word_1_779' title='bbox 1530 5733 2088 5808; x_wconf 60' lang='lat' dir='ltr'><strong>ttterqueVaticanus,</strong></span> 
     </span>
    </p>
   </div>
   <div class='ocr_carea' id='block_1_106' title="bbox 525 5802 2098 5924">
    <p class='ocr_par' dir='ltr' id='par_1_106' title="bbox 525 5802 2098 5924">
     <span class='ocr_line' id='line_1_107' title="bbox 525 5802 2098 5924; baseline 0.007 -69"><span class='ocrx_word' id='word_1_780' title='bbox 525 5802 1071 5924; x_wconf 42' lang='grc' dir='ltr'>ἓξὲισγιίατεύσασθαι.</span> <span class='ocrx_word' id='word_1_781' title='bbox 1111 5804 1321 5877; x_wconf 78' lang='lat' dir='ltr'><strong>lieliqui</strong></span> <span class='ocrx_word' id='word_1_782' title='bbox 1353 5824 1472 5864; x_wconf 88' lang='lat' dir='ltr'><strong>eum</strong></span> <span class='ocrx_word' id='word_1_783' title='bbox 1501 5802 1682 5878; x_wconf 67' lang='lat' dir='ltr'><strong>editis,</strong></span> <span class='ocrx_word' id='word_1_784' title='bbox 1717 5802 2098 5882; x_wconf 59' lang='grc' dir='ltr'>ςεραγματεύεέ</span> 
     </span>
    </p>
   </div>
   <div class='ocr_carea' id='block_1_107' title="bbox 525 5889 664 5926">
    <p class='ocr_par' dir='ltr' id='par_1_107' title="bbox 525 5889 664 5926">
     <span class='ocr_line' id='line_1_108' title="bbox 525 5889 664 5926; baseline 0.014 -2"><span class='ocrx_word' id='word_1_785' title='bbox 525 5889 622 5925; x_wconf 80' lang='grc' dir='ltr'><strong>συα</strong></span> <span class='ocrx_word' id='word_1_786' title='bbox 631 5891 664 5926; x_wconf 86' lang='grc' dir='ltr'><strong>ι.</strong></span> 
     </span>
    </p>
   </div>
   <div class='ocr_carea' id='block_1_108' title="bbox 2215 4668 3796 4745">
    <p class='ocr_par' dir='ltr' id='par_1_108' title="bbox 2215 4668 3796 4745">
     <span class='ocr_line' id='line_1_109' title="bbox 2215 4668 3796 4745; baseline 0.006 -26"><span class='ocrx_word' id='word_1_787' title='bbox 2215 4668 2450 4739; x_wconf 82' lang='grc' dir='ltr'>ραδόξων</span> <span class='ocrx_word' id='word_1_788' title='bbox 2475 4670 2550 4733; x_wconf 82' lang='grc' dir='ltr'><strong>ὡς</strong></span> <span class='ocrx_word' id='word_1_789' title='bbox 2585 4670 2688 4741; x_wconf 82' lang='grc' dir='ltr'><strong>χρὴ</strong></span> <span class='ocrx_word' id='word_1_790' title='bbox 2721 4670 2886 4740; x_wconf 86' lang='grc' dir='ltr'>βιοῦν,</span> <span class='ocrx_word' id='word_1_791' title='bbox 2921 4671 3099 4724; x_wconf 79' lang='grc' dir='ltr'>πάντα</span> <span class='ocrx_word' id='word_1_792' title='bbox 3133 4675 3411 4743; x_wconf 86' lang='grc' dir='ltr'>πράττωσι</span> <span class='ocrx_word' id='word_1_793' title='bbox 3439 4675 3559 4727; x_wconf 77' lang='grc' dir='ltr'>κατ’</span> <span class='ocrx_word' id='word_1_794' title='bbox 3591 4677 3796 4745; x_wconf 74' lang='grc' dir='ltr'>ἀναφο-</span> 
     </span>
    </p>
   </div>
   <div class='ocr_carea' id='block_1_109' title="bbox 2216 4759 3794 4835">
    <p class='ocr_par' dir='ltr' id='par_1_109' title="bbox 2216 4759 3794 4835">
     <span class='ocr_line' id='line_1_110' title="bbox 2216 4759 3794 4835; baseline 0.006 -24"><span class='ocrx_word' id='word_1_795' title='bbox 2216 4760 2314 4832; x_wconf 79' lang='grc' dir='ltr'>ρὰν</span> <span class='ocrx_word' id='word_1_796' title='bbox 2351 4759 2442 4812; x_wconf 89' lang='grc' dir='ltr'><strong>τοῦ</strong></span> <span class='ocrx_word' id='word_1_797' title='bbox 2477 4761 2734 4830; x_wconf 75' lang='grc' dir='ltr'>ἀρέσκειν</span> <span class='ocrx_word' id='word_1_798' title='bbox 2773 4762 2850 4831; x_wconf 77' lang='grc' dir='ltr'><strong>τῷ</strong></span> <span class='ocrx_word' id='word_1_799' title='bbox 2893 4763 2986 4816; x_wconf 76' lang='grc' dir='ltr'><strong>ἐπὶ</strong></span> <span class='ocrx_word' id='word_1_800' title='bbox 3023 4765 3156 4816; x_wconf 83' lang='grc' dir='ltr'>πᾶσι</span> <span class='ocrx_word' id='word_1_801' title='bbox 3188 4765 3324 4835; x_wconf 84' lang='grc' dir='ltr'>Θεῷ.</span> <span class='ocrx_word' id='word_1_802' title='bbox 3367 4766 3429 4818; x_wconf 78' lang='lat' dir='ltr'><strong>Ei</strong></span> <span class='ocrx_word' id='word_1_803' title='bbox 3459 4766 3518 4818; x_wconf 80' lang='grc' dir='ltr'>δὲ</span> <span class='ocrx_word' id='word_1_804' title='bbox 3552 4767 3794 4831; x_wconf 78' lang='grc' dir='ltr'>τοιοῦτος</span> 
     </span>
    </p>
   </div>
   <div class='ocr_carea' id='block_1_110' title="bbox 2209 4847 3790 4930">
    <p class='ocr_par' dir='ltr' id='par_1_110' title="bbox 2209 4847 3790 4930">
     <span class='ocr_line' id='line_1_111' title="bbox 2209 4847 3790 4930; baseline 0.006 -28"><span class='ocrx_word' id='word_1_805' title='bbox 2209 4847 2277 4922; x_wconf 74' lang='grc' dir='ltr'>ἦν</span> <span class='ocrx_word' id='word_1_806' title='bbox 2305 4854 2332 4904; x_wconf 86' lang='grc' dir='ltr'>ὁ</span> <span class='ocrx_word' id='word_1_807' title='bbox 2363 4851 2456 4904; x_wconf 86' lang='grc' dir='ltr'><strong>τοῦ</strong></span> <span class='ocrx_word' id='word_1_808' title='bbox 2505 4853 2677 4922; x_wconf 83' lang='grc' dir='ltr'>Ἰησοῦ</span> <span class='ocrx_word' id='word_1_809' title='bbox 2727 4853 2869 4923; x_wconf 81' lang='grc' dir='ltr'>βίος,</span> <span class='ocrx_word' id='word_1_810' title='bbox 2902 4855 3020 4919; x_wconf 83' lang='grc' dir='ltr'><strong>πῶς</strong></span> <span class='ocrx_word' id='word_1_811' title='bbox 3048 4855 3282 4923; x_wconf 80' lang='grc' dir='ltr'>εὐλόγως</span> <span class='ocrx_word' id='word_1_812' title='bbox 3315 4857 3379 4910; x_wconf 84' lang='grc' dir='ltr'>ἄν</span> <span class='ocrx_word' id='word_1_813' title='bbox 3409 4874 3492 4920; x_wconf 85' lang='grc' dir='ltr'><strong>τις</strong></span> <span class='ocrx_word' id='word_1_814' title='bbox 3525 4857 3692 4910; x_wconf 78' lang='grc' dir='ltr'>αὑτὸν</span> <span class='ocrx_word' id='word_1_815' title='bbox 3721 4861 3790 4930; x_wconf 80' lang='grc' dir='ltr'>τῇ</span> 
     </span>
    </p>
   </div>
   <div class='ocr_carea' id='block_1_111' title="bbox 2211 4943 3774 5021">
    <p class='ocr_par' dir='ltr' id='par_1_111' title="bbox 2211 4943 3774 5021">
     <span class='ocr_line' id='line_1_112' title="bbox 2211 4943 3774 5021; baseline 0.006 -28"><span class='ocrx_word' id='word_1_816' title='bbox 2211 4943 2530 5015; x_wconf 77' lang='grc' dir='ltr'>προαιρέσει</span> <span class='ocrx_word' id='word_1_817' title='bbox 2575 4943 2683 4996; x_wconf 89' lang='grc' dir='ltr'><strong>τῶν</strong></span> <span class='ocrx_word' id='word_1_818' title='bbox 2737 4947 2948 5016; x_wconf 83' lang='grc' dir='ltr'>γοήτων</span> <span class='ocrx_word' id='word_1_819' title='bbox 2999 4947 3324 5020; x_wconf 75' lang='grc' dir='ltr'>παραϐάλοι,</span> <span class='ocrx_word' id='word_1_820' title='bbox 3389 4950 3482 5002; x_wconf 84' lang='grc' dir='ltr'><strong>καὶ</strong></span> <span class='ocrx_word' id='word_1_821' title='bbox 3542 4949 3619 5021; x_wconf 79' lang='grc' dir='ltr'>μὴ</span> <span class='ocrx_word' id='word_1_822' title='bbox 3671 4966 3774 5004; x_wconf 84' lang='grc' dir='ltr'><strong>κατ</strong></span> 
     </span>
    </p>
   </div>
   <div class='ocr_carea' id='block_1_112' title="bbox 2208 5031 3792 5112">
    <p class='ocr_par' dir='ltr' id='par_1_112' title="bbox 2208 5031 3792 5112">
     <span class='ocr_line' id='line_1_113' title="bbox 2208 5031 3792 5112; baseline 0.008 -32"><span class='ocrx_word' id='word_1_823' title='bbox 2208 5031 2539 5098; x_wconf 83' lang='grc' dir='ltr'>ἐπαγγελίαν</span> <span class='ocrx_word' id='word_1_824' title='bbox 2572 5032 2664 5085; x_wconf 86' lang='grc' dir='ltr'><strong>τοῦ</strong></span> <span class='ocrx_word' id='word_1_825' title='bbox 2687 5033 2818 5087; x_wconf 81' lang='grc' dir='ltr'>Θεὸν</span> <span class='ocrx_word' id='word_1_826' title='bbox 2840 5031 2976 5090; x_wconf 78' lang='grc' dir='ltr'>εἶναι</span> <span class='ocrx_word' id='word_1_827' title='bbox 3001 5037 3244 5090; x_wconf 87' lang='grc' dir='ltr'>πιστεύοι</span> <span class='ocrx_word' id='word_1_828' title='bbox 3261 5037 3371 5108; x_wconf 73' lang='lat'><strong>(‘28)</strong></span> <span class='ocrx_word' id='word_1_829' title='bbox 3389 5041 3446 5090; x_wconf 84' lang='grc' dir='ltr'><strong>ἐν</strong></span> <span class='ocrx_word' id='word_1_830' title='bbox 3461 5037 3792 5112; x_wconf 80' lang='grc' dir='ltr'>ἀνθρωπίνῳ</span> 
     </span>
    </p>
   </div>
   <div class='ocr_carea' id='block_1_113' title="bbox 2213 5125 3678 5202">
    <p class='ocr_par' dir='ltr' id='par_1_113' title="bbox 2213 5125 3678 5202">
     <span class='ocr_line' id='line_1_114' title="bbox 2213 5125 3678 5202; baseline 0.004 -24"><span class='ocrx_word' id='word_1_831' title='bbox 2213 5126 2446 5193; x_wconf 79' lang='grc' dir='ltr'>φανέντα</span> <span class='ocrx_word' id='word_1_832' title='bbox 2474 5125 2686 5198; x_wconf 80' lang='grc' dir='ltr'>σώματι</span> <span class='ocrx_word' id='word_1_833' title='bbox 2717 5130 2802 5182; x_wconf 83' lang='grc' dir='ltr'>ἐπ’</span> <span class='ocrx_word' id='word_1_834' title='bbox 2833 5131 2918 5182; x_wconf 83' lang='grc' dir='ltr'><strong>εύε</strong></span> <span class='ocrx_word' id='word_1_835' title='bbox 2930 5131 3118 5202; x_wconf 78' lang='grc' dir='ltr'>ργεσία</span> <span class='ocrx_word' id='word_1_836' title='bbox 3145 5129 3240 5183; x_wconf 89' lang='grc' dir='ltr'><strong>τοῦ</strong></span> <span class='ocrx_word' id='word_1_837' title='bbox 3270 5131 3458 5199; x_wconf 82' lang='grc' dir='ltr'>γένους</span> <span class='ocrx_word' id='word_1_838' title='bbox 3485 5131 3678 5202; x_wconf 83' lang='grc' dir='ltr'>ἡμῶν;</span> 
     </span>
    </p>
   </div>
   <div class='ocr_carea' id='block_1_114' title="bbox 2281 5217 3790 5292">
    <p class='ocr_par' dir='ltr' id='par_1_114' title="bbox 2281 5217 3790 5292">
     <span class='ocr_line' id='line_1_115' title="bbox 2281 5217 3790 5292; baseline 0.001 -20"><span class='ocrx_word' id='word_1_839' title='bbox 2281 5217 2434 5272; x_wconf 82' lang='grc' dir='ltr'><strong>Μετά</strong></span> <span class='ocrx_word' id='word_1_840' title='bbox 2464 5219 2632 5272; x_wconf 85' lang='grc' dir='ltr'>ταῦτα</span> <span class='ocrx_word' id='word_1_841' title='bbox 2668 5219 2852 5290; x_wconf 74' lang='grc' dir='ltr'>φύρων</span> <span class='ocrx_word' id='word_1_842' title='bbox 2887 5221 2974 5272; x_wconf 81' lang='grc' dir='ltr'><strong>τὸν</strong></span> <span class='ocrx_word' id='word_1_843' title='bbox 3007 5221 3163 5289; x_wconf 88' lang='grc' dir='ltr'>λόγον</span> <span class='ocrx_word' id='word_1_844' title='bbox 3193 5219 3284 5274; x_wconf 73' lang='grc' dir='ltr'><strong>καὶ</strong></span> <span class='ocrx_word' id='word_1_845' title='bbox 3399 5219 3502 5272; x_wconf 81' lang='grc' dir='ltr'><strong>ὑπὸ</strong></span> <span class='ocrx_word' id='word_1_846' title='bbox 3519 5219 3790 5292; x_wconf 77' lang='grc' dir='ltr'>αἱρέσεώς</span> 
     </span>
    </p>
   </div>
   <div class='ocr_carea' id='block_1_115' title="bbox 2210 5311 3784 5386">
    <p class='ocr_par' dir='ltr' id='par_1_115' title="bbox 2210 5311 3784 5386">
     <span class='ocr_line' id='line_1_116' title="bbox 2210 5311 3784 5386; baseline 0 -19"><span class='ocrx_word' id='word_1_847' title='bbox 2210 5329 2355 5376; x_wconf 79' lang='grc' dir='ltr'>τινος</span> <span class='ocrx_word' id='word_1_848' title='bbox 2407 5311 2694 5382; x_wconf 89' lang='grc' dir='ltr'>λεγόμενα,</span> <span class='ocrx_word' id='word_1_849' title='bbox 2747 5313 2821 5376; x_wconf 81' lang='grc' dir='ltr'>ὼς</span> <span class='ocrx_word' id='word_1_850' title='bbox 2884 5314 3038 5368; x_wconf 84' lang='grc' dir='ltr'>κοινά</span> <span class='ocrx_word' id='word_1_851' title='bbox 3068 5313 3409 5384; x_wconf 78' lang='grc' dir='ltr'>Χριστιανῶν</span> <span class='ocrx_word' id='word_1_852' title='bbox 3463 5314 3784 5386; x_wconf 80' lang='grc' dir='ltr'>ἐγκλήματα</span> 
     </span>
    </p>
   </div>
   <div class='ocr_carea' id='block_1_116' title="bbox 2281 5468 3784 5540">
    <p class='ocr_par' dir='ltr' id='par_1_116' title="bbox 2281 5468 3784 5540">
     <span class='ocr_line' id='line_1_117' title="bbox 2281 5468 3784 5540; baseline 0.003 -18"><span class='ocrx_word' id='word_1_853' title='bbox 2281 5468 2394 5538; x_wconf 76' lang='grc'>(27)</span> <span class='ocrx_word' id='word_1_854' title='bbox 2439 5470 2850 5540; x_wconf 70' lang='grc' dir='ltr'>Ἐπειγόμενος.</span> <span class='ocrx_word' id='word_1_855' title='bbox 2907 5469 3056 5526; x_wconf 80' lang='lat' dir='ltr'><strong>llattc</strong></span> <span class='ocrx_word' id='word_1_856' title='bbox 3105 5487 3289 5526; x_wconf 84' lang='lat' dir='ltr'><strong>vocem</strong></span> <span class='ocrx_word' id='word_1_857' title='bbox 3323 5472 3374 5526; x_wconf 90' lang='lat' dir='ltr'><strong>in</strong></span> <span class='ocrx_word' id='word_1_858' title='bbox 3417 5481 3572 5526; x_wconf 85' lang='lat' dir='ltr'><strong>antea</strong></span> <span class='ocrx_word' id='word_1_859' title='bbox 3623 5472 3784 5526; x_wconf 83' lang='lat' dir='ltr'><strong>editis</strong></span> 
     </span>
    </p>
   </div>
   <div class='ocr_carea' id='block_1_117' title="bbox 2205 5540 3778 5608">
    <p class='ocr_par' dir='ltr' id='par_1_117' title="bbox 2205 5540 3778 5608">
     <span class='ocr_line' id='line_1_118' title="bbox 2205 5540 3778 5608; baseline 0.002 -17"><span class='ocrx_word' id='word_1_860' title='bbox 2205 5540 2466 5608; x_wconf 87' lang='lat' dir='ltr'><strong>omissam</strong></span> <span class='ocrx_word' id='word_1_861' title='bbox 2497 5543 2739 5592; x_wconf 76' lang='lat' dir='ltr'><strong>restituit</strong></span> <span class='ocrx_word' id='word_1_862' title='bbox 2769 5542 2932 5594; x_wconf 81' lang='lat' dir='ltr'><strong>codex</strong></span> <span class='ocrx_word' id='word_1_863' title='bbox 2963 5541 3228 5596; x_wconf 80' lang='lat' dir='ltr'><strong>Julianus.</strong></span> <span class='ocrx_word' id='word_1_864' title='bbox 3259 5542 3378 5596; x_wconf 78' lang='lat' dir='ltr'><strong>Mox</strong></span> <span class='ocrx_word' id='word_1_865' title='bbox 3407 5557 3778 5608; x_wconf 76' lang='lat' dir='ltr'><strong>omuesmss.,</strong></span> 
     </span>
    </p>
   </div>
   <div class='ocr_carea' id='block_1_118' title="bbox 2205 5607 3781 5691">
    <p class='ocr_par' dir='ltr' id='par_1_118' title="bbox 2205 5607 3781 5691">
     <span class='ocr_line' id='line_1_119' title="bbox 2205 5607 3781 5691; baseline 0.004 -30"><span class='ocrx_word' id='word_1_866' title='bbox 2205 5607 2589 5691; x_wconf 37' lang='lat' dir='ltr'><strong>c‘a‘t‘ytyvdpsva</strong></span> <span class='ocrx_word' id='word_1_867' title='bbox 2617 5609 2816 5674; x_wconf 80' lang='grc' dir='ltr'>καλῶς.</span> <span class='ocrx_word' id='word_1_868' title='bbox 2854 5611 3012 5665; x_wconf 87' lang='lat' dir='ltr'><strong>Libb.</strong></span> <span class='ocrx_word' id='word_1_869' title='bbox 3041 5613 3168 5668; x_wconf 88' lang='lat' dir='ltr'><strong>editi</strong></span> <span class='ocrx_word' id='word_1_870' title='bbox 3200 5628 3298 5682; x_wconf 88' lang='lat' dir='ltr'><strong>pro</strong></span> <span class='ocrx_word' id='word_1_871' title='bbox 3343 5611 3520 5676; x_wconf 83' lang='grc' dir='ltr'>καλῶς</span> <span class='ocrx_word' id='word_1_872' title='bbox 3581 5607 3781 5668; x_wconf 76' lang='lat' dir='ltr'><strong>habent</strong></span> 
     </span>
    </p>
   </div>
   <div class='ocr_carea' id='block_1_119' title="bbox 2205 5693 2406 5732">
    <p class='ocr_par' dir='ltr' id='par_1_119' title="bbox 2205 5693 2406 5732">
     <span class='ocr_line' id='line_1_120' title="bbox 2205 5693 2406 5732; baseline 0 -2"><span class='ocrx_word' id='word_1_873' title='bbox 2205 5693 2383 5732; x_wconf 79' lang='grc' dir='ltr'>καΛων</span> <span class='ocrx_word' id='word_1_874' title='bbox 2393 5717 2406 5730; x_wconf 83' lang='grc'><strong>.</strong></span> 
     </span>
    </p>
   </div>
   <div class='ocr_carea' id='block_1_120' title="bbox 2277 5743 3777 5826">
    <p class='ocr_par' dir='ltr' id='par_1_120' title="bbox 2277 5743 3777 5826">
     <span class='ocr_line' id='line_1_121' title="bbox 2277 5743 3777 5826; baseline 0.006 -25"><span class='ocrx_word' id='word_1_875' title='bbox 2277 5743 2656 5826; x_wconf 59' lang='lat' dir='ltr'><strong>(“28)_Cuieto_</strong></span> <span class='ocrx_word' id='word_1_876' title='bbox 2704 5751 3090 5826; x_wconf 65' lang='lat' dir='ltr'><strong>scribendum_</strong></span> <span class='ocrx_word' id='word_1_877' title='bbox 3115 5753 3345 5818; x_wconf 81' lang='lat' dir='ltr'><strong>videtur,</strong></span> <span class='ocrx_word' id='word_1_878' title='bbox 3382 5752 3484 5826; x_wconf 75' lang='grc' dir='ltr'>καὶ</span> <span class='ocrx_word' id='word_1_879' title='bbox 3539 5753 3616 5826; x_wconf 87' lang='grc' dir='ltr'>μὴ</span> <span class='ocrx_word' id='word_1_880' title='bbox 3655 5748 3777 5808; x_wconf 69' lang='grc' dir='ltr'>κατ’</span> 
     </span>
    </p>
   </div>
   <div class='ocr_carea' id='block_1_121' title="bbox 2203 5819 3468 5889">
    <p class='ocr_par' dir='ltr' id='par_1_121' title="bbox 2203 5819 3468 5889">
     <span class='ocr_line' id='line_1_122' title="bbox 2203 5819 3468 5889; baseline 0.006 -17"><span class='ocrx_word' id='word_1_881' title='bbox 2203 5819 2534 5889; x_wconf 80' lang='grc' dir='ltr'>ἐπαγγελίαν</span> <span class='ocrx_word' id='word_1_882' title='bbox 2567 5821 2659 5874; x_wconf 88' lang='grc' dir='ltr'><strong>τοῦ</strong></span> <span class='ocrx_word' id='word_1_883' title='bbox 2695 5821 2850 5888; x_wconf 86' lang='grc' dir='ltr'>Θεοῦ,</span> <span class='ocrx_word' id='word_1_884' title='bbox 2877 5822 3009 5876; x_wconf 82' lang='grc' dir='ltr'>Θεὸν</span> <span class='ocrx_word' id='word_1_885' title='bbox 3041 5819 3176 5877; x_wconf 73' lang='grc' dir='ltr'>εἶναι</span> <span class='ocrx_word' id='word_1_886' title='bbox 3203 5824 3468 5880; x_wconf 82' lang='grc' dir='ltr'>πιστεύοι.</span> 
     </span>
    </p>
   </div>
  </div>
