4002 6540
277 427 387 483 780
451 441 461 450 ‘

1484 421 1760 478 CONTRA
1799 420 2077 478 CELSUM
2108 421 2237 477 LIB.
2279 421 2320 475 f.

3414 416 3518 470 703

279 542 419 594 πᾶσι
443 541 555 602 τοῖς
579 537 686 592 άπὸ
712 537 806 590 τοῦ
828 537 972 590 θείου
1007 536 1297 607 προσάγων
1329 535 1511 603 λόγου,
1545 535 1706 606 φησιν
1728 573 1743 600 ,
1775 536 1853 588 ὅτι

1959 536 2267 590 doctrinam
2297 532 2740 588 consectantibus
2783 541 2843 586 ut
2880 532 3191 588 communia
3234 531 3520 601 objicicns,

285 651 306 684 ι
341 629 477 684 Θεοῦ
521 628 623 682 οὐκ
669 627 735 682 ἂν
776 629 861 699 εῐη
910 626 1147 682 τοιοῦτον
1188 627 1379 696 σῶμα,
1413 620 1524 680 οἷον
1568 625 1627 679 τὸ
1666 626 1778 679 σόν.
1827 644 1845 676 ι

291 721 433 776 Ἀλλ’
473 722 638 791 ἡμεῖς
682 719 818 790 πρὸς
847 717 1038 782 ταῦτα,
1076 718 1234 788 σῶμα
1262 717 1423 770 αὑτὸν
1457 717 1683 787 λέγομεν
1711 717 1853 769 ἁνειο

275 813 535 884 ληφέναι,
570 810 782 874 ὡς’ἁπὸ
806 809 1044 881 θηλείας,
1069 809 1148 878 τῷ
1181 808 1279 880 βίῳ
1305 808 1738 878 ἐπιδημήσαντα,
1769 807 1856 860 ἁν-

279 905 589 976 θρώπινον,
638 904 733 957 καὶ⁸
780 902 1005 955 Θανάτου
1052 899 1392 970 ἀνθρωπίνου
1436 898 1544 970 (29)
1587 897 1853 952 δεκτικόν.

275 995 373 1050 Διὸ
420 998 559 1068 πρὸς
609 999 722 1058 τοῖς
759 995 937 1058 ἄλλοις
984 994 1076 1046 καὶ
1119 992 1290 1062 μέγαν
1330 991 1631 1062 ἀγωνιστὴν
1693 989 1854 1043 αὐτόν

276 1095 462 1158 φαμεν
499 1087 799 1157 γεγονέναι,
829 1085 914 1144 διὰ
945 1085 1006 1138 τὸ
1035 1082 1372 1158 ἀνθρώπινον
1402 1081 1579 1154 σῶμα,
1620 1100 1636 1131 ι
1667 1097 1856 1133 πεπει-

278 1180 556 1252 ρασμένον
603 1197 624 1232 ι
681 1180 780 1251 μὲν
830 1179 1031 1249 ὁμοίως
1074 1179 1238 1230 πᾶσιν
1295 1175 1598 1247 ἀνθρώποις
1646 1195 1666 1229 ι
1715 1175 1856 1230 κατὰ

277 1271 502 1335 πάντα,
558 1290 576 1323 ι
619 1271 801 1325 οὐκέτι
826 1269 893 1334 δ’,
922 1269 997 1332 ὡς
1028 1267 1304 1339 ἄνθρωποι
1351 1266 1492 1338 μετὰ
1543 1267 1850 1339 ἁμαρτίας,

274 1363 418 1418 ἁλλὰ
445 1363 623 1430 πάντη
658 1382 676 1415 ι
713 1363 881 1434 χωρὶς
916 1361 1210 1432 ἁμαρτίας.
1257 1380 1276 1412 ι
1312 1361 1536 1433 Τρανῶς
1578 1361 1686 1433 γὰρ
1723 1363 1854 1433 ἡμῖν

277 1455 559 1524 φαίνεται,
589 1454 675 1508 ὅτι
709 1472 728 1505 ι
765 1453 1036 1524 ἁμαρτίαν
1065 1453 1164 1506 οὐκ
1195 1453 1444 1523 ἐποίησεν
1465 1492 1479 1516 ,
1506 1453 1624 1506 οὐδὲ
1657 1453 1854 1526 εὑρέθη

279 1547 440 1612 δόλος
467 1551 526 1602 ὲν
554 1547 630 1618 τῷ
663 1547 893 1618 στόματι
923 1545 1108 1600 αὐτοῦ’
1143 1565 1162 1599 ι
1192 1546 1286 1599 καὶ
1317 1565 1336 1596 ι
1368 1547 1442 1616 μὴ
1468 1547 1662 1615 γνόντα
1694 1547 1854 1600 αὐτὸν

273 1639 577 1710 ἁμαρτίαν,
604 1658 622 1690 ι
645 1638 720 1702 ὼς
749 1636 986 1707 καθαρὸν
1004 1637 1113 1708 (50)
1133 1636 1444 1706 παρέδωκεν
1475 1637 1613 1708 ὑπὲρ
1639 1637 1854 1690 πάντων

273 1729 388 1780 τῶν
402 1727 800 1798 ἡμαρτηκότων
814 1731 841 1782 0
853 1726 1002 1789 Θεός.
1017 1723 1150 1780 Εἶτα
1164 1727 1192 1779 0
1203 1725 1404 1788 Κέλσος
1421 1726 1601 1796 φησιν,
1614 1727 1694 1778 ὅτι
1721 1745 1737 1778 ι
1757 1727 1854 1779 ούκ

272 1820 346 1876 ἂν
378 1823 468 1890 εἴη
492 1821 626 1876 Θεοῦ
661 1821 821 1894 σῶμα
844 1821 904 1875 τὸ
931 1820 1072 1874 οὕτω
1098 1821 1321 1891 σπαρὲν,
1361 1820 1436 1884 ὡς
1466 1822 1551 1887 σὺ,
1582 1815 1626 1872 ὦ
1659 1820 1852 1891 Ἰησοῦ,

274 1913 549 1985 ὲσπάρης.
599 1932 618 1964 ι
670 1913 818 1985 Πλὴν
853 1913 1118 1975 ὑπείδετο,
1148 1913 1229 1966 ὅτι
1281 1915 1329 1966 εἰ
1379 1913 1475 1980 (ὡς
1522 1913 1849 1987 γέγραπται)

274 2001 577 2073 γεγέννητο
601 2043 617 2066 ,
677 2001 897 2055 δύναταί
933 2019 1049 2064 πως
1078 1996 1217 2054 εἶναι
1250 2000 1310 2053 τὸ
1350 2000 1506 2071 σῶμα
1551 2001 1713 2054 αὑτοῦ
1760 2003 1853 2055 καὶ

274 2091 553 2163 θειότερον
587 2094 736 2166 παρὰ
763 2095 874 2157 τοῖς
909 2093 1120 2156 πολλοῖς
1169 2093 1303 2164 (51),
1339 2095 1431 2147 καὶ
1473 2094 1614 2147 κατά
1656 2113 1706 2147 τι
1759 2112 1854 2164 ση-

279 2181 612 2251 μαινόμενον
642 2180 777 2234 Θεοῦ
811 2182 990 2254 σῶμα.
1028 2183 1185 2237 Ἀλλὰ
1215 2182 1321 2254 γὰρ
1356 2185 1572 2237 ἀπιστεῖ
1603 2189 1710 2249 τοῖς
1735 2187 1856 2238 ἁνα-

274 2269 542 2336 γραφεῖσι
577 2270 831 2340 περὶτῆς
880 2270 939 2335 ἐξ
983 2271 1137 2338 ἁγίου
1184 2271 1499 2342 Πνεύματος
1546 2274 1854 2344 συλλήψεως

275 2357 469 2423 αὐτοῦ,
503 2361 595 2412 καὶ
625 2362 865 2414 πιστεύει
893 2363 1052 2414 αὐτόν
1085 2363 1188 2415 ύπό
1216 2379 1357 2426 τινος
1401 2363 1658 2434 Πανθήρα
1707 2364 1856 2433 φθεί-

282 2465 480 2520 ραντος
509 2452 606 2522 τὴν
635 2451 910 2521 Παρθένον
939 2453 1208 2525 ὲσπάρθαι
1250 2454 1386 2525 (52)·
1431 2454 1620 2528 διόπερ
1665 2449 1818 2506 εἶπεν
1837 2495 1851 2518 ,

278 2541 365 2595 ὅτι
402 2560 421 2592 ι
461 2544 574 2595 υύκ
606 2542 670 2596 ἂν
706 2545 791 2614 εἴη
829 2544 963 2598 Θεοῦ
1013 2546 1169 2616 σῶμα
1211 2547 1356 2600 οὕτω
1405 2547 1640 2618 σπαρὲν,
1675 2546 1750 2609 ὡς
1789 2547 1852 2600 σὺ

279 2636 553 2706 ὲσπὰρης.
596 2655 614 2687 ι
660 2637 816 2690 Ἀλλὰ
844 2637 950 2710 γὰρ
985 2640 1113 2710 περὶ
1146 2639 1346 2692 τούτων
1381 2641 1438 2692 ὲν
1466 2642 1577 2701 τοῖς
1601 2639 1854 2711 ἀνωτέρω

280 2725 506 2779 πλείονα
536 2729 856 2799 εἰρήκαμεν.

355 2820 520 2886 Λέγει
540 2820 583 2872 δ’
611 2821 693 2872 ὃτι
725 2839 744 2871 ι
783 2821 903 2874 οὐδὲ
931 2821 1155 2876 τοιαῦτα
1188 2826 1413 2876 σιτεῖται
1448 2824 1607 2894 σῶμα
1640 2824 1797 2876 Θεοῦ·
1829 2845 1848 2877 ι

279 2911 361 2974 ὡς
395 2911 532 2980 ἔχων
589 2913 747 2964 αὑτὸν
796 2915 1144 2985 παραστῆσαι
1189 2916 1297 2970 ἀπὸ
1341 2916 1448 2968 τῶν
1491 2917 1855 2985 εύαγγελικῶν

279 3003 627 3073 γραμμάτων
661 3002 993 3073 σιτούμενον,
1032 3005 1125 3057 καὶ
1165 3009 1292 3058 ποῖα
1339 3005 1672 3076 σιτούμενον.
1717 3007 1853 3059 Ἀλλ’

280 3090 461 3155 ἔστω,
495 3091 698 3159 λεγέτω
727 3093 890 3147 αὐτὸν
924 3093 1256 3166 βεϐρωκέναι
1294 3095 1429 3165 μετὰ
1461 3096 1566 3149 τῶν
1600 3096 1854 3168 μαθητῶν

277 3181 344 3234 τὺ
378 3182 592 3252 Πάσχα,
622 3183 682 3235 οὐ
721 3183 878 3254 μόνον
907 3184 1130 3237 εἰπόντα
1171 3186 1250 3238 τό·
1284 3203 1303 3236 ι
1351 3186 1612 3258 ἐπιθυμίᾳ
1655 3187 1852 3240 ἐπεθύ-

283 3289 441 3344 μησα
472 3273 628 3327 τοῦτο
655 3275 715 3327 τὸ
748 3275 938 3347 Πάσχα
969 3280 1160 3345 φαγεῖν
1197 3276 1312 3346 μεθ’
1347 3278 1520 3347 ὑμῶν,
1558 3298 1574 3330 ι
1605 3279 1738 3332 ἀλλὰ
1763 3281 1853 3333 καὶ

281 3362 629 3434 βεϐρωκότα.
659 3365 876 3432 Λεγέτω
899 3366 943 3418 δ’
975 3366 1135 3419 αὑτὸν
1170 3366 1264 3419 καὶ
1291 3366 1589 3437 διψήσαντα
1613 3369 1762 3438 παρὰ
1787 3373 1852 3442 τῇ

281 3457 436 3524 πηγῇ
479 3453 569 3508 τοῦ
612 3454 807 3508 Ἰακὼϐ
835 3458 1169 3511 πεπωκέναι·
1199 3460 1251 3512 τί
1283 3459 1440 3512 τοῦτο
1466 3461 1601 3532 πρὸς
1630 3461 1699 3515 τὰ
1728 3463 1855 3534 περὶ

277 3543 380 3596 τοῦ
412 3544 662 3615 σώματος
683 3546 846 3599 αὐτοῦ
887 3548 975 3616 ὑφ’
1008 3549 1164 3619 ἡμῶν
1205 3549 1504 3620 λεγόμενα;
1555 3552 1748 3620 Σαφῶς
1798 3553 1854 3606 δὲ

279 3632 534 3702 φαίνεται
568 3635 748 3704 ἰχθύος
777 3636 914 3707 μετὰ
943 3639 1041 3710 τὴν
1068 3639 1358 3694 ἀνάστασιν
1375 3641 1684 3713 βεϐρωκὼς
1716 3644 1856 3697 κατὰ

274 3727 395 3798 γὰρ
433 3728 580 3797 ἡμᾶς
609 3726 770 3797 σῶμα
799 3729 1086 3799 ἀνείληφεν
1105 3770 1119 3795 ,
1147 3730 1222 3794 ὡς
1244 3732 1534 3802 γενόμενος
1564 3735 1628 3786 ἐκ
1669 3750 1856 3802 γυναι-

275 3817 400 3881 κός.
434 3837 452 3869 ι
485 3817 623 3870 Ἀλλ’
664 3819 785 3876 οὐδὲ
824 3823 983 3893 σῶμα
1009 3864 1024 3886 ,
1065 3825 1232 3895 φησὶ,
1294 3821 1426 3875 Θεοῦ
1457 3825 1856 3894 χρῆταιτοιαύ-

273 3925 355 3982 τῃ
385 3911 558 3980 φωνῇ,
590 3909 713 3963 οὐδὲ
740 3911 916 3981 τοιᾷδε
946 3911 1139 3964 πειθοῖ.
1181 3932 1198 3963 ι
1236 3914 1345 3965 Καὶ
1380 3915 1548 3968 ταῦτα
1586 3915 1628 3967 δ’
1664 3917 1852 3988 εύτελῆ

275 4000 380 4052 καὶ
420 3999 624 4069 σφόδρα
654 4000 1126 4072 εὐκαταφρόνητα·
1151 3998 1426 4067 λελέξεται
1460 4006 1566 4076 γὰρ
1596 4007 1730 4077 πρὸς
1759 4007 1854 4059 αύ-

272 4090 394 4153 τὺν,
419 4091 506 4168 ’ὅτι
531 4085 730 4162 χρῆται
758 4093 785 4144 0
815 4094 1248 4163 πεπιστευμένος
1275 4097 1402 4166 παρ’
1432 4097 1685 4168 Ἕλλησιν
1716 4093 1854 4151 εἶναι

277 4182 439 4245 θεὸς,
468 4184 495 4235 0
528 4181 754 4247 Πύθιος,
790 4184 882 4237 καὶ
915 4187 943 4236 ὁ
980 4185 1239 4256 Διδυμεὺς
1270 4187 1446 4257 τοιᾷδε
1470 4191 1616 4258 φωνῇ
1645 4191 1710 4258 τῇ
1756 4190 1855 4259 τῆς

275 4273 507 4336 Πυθίας,
535 4273 567 4344 ἢ
601 4273 702 4344 τῆς
731 4275 786 4325 ἐν
811 4273 1032 4345 Μιλήτῳ
1061 4276 1356 4347 γενομένης
1390 4277 1734 4349 προφήτιδος,
1763 4278 1855 4330 καὶ⁸

275 4365 343 4418 ού
370 4363 458 4416 διὰ
481 4365 641 4418 τοῦτο
661 4365 971 4434 ἐγκαλεῖται
1009 4368 1138 4438 παρ’
1175 4366 1430 4438 ’Ἓλλησιν
1462 4368 1537 4431 ὡς
1580 4369 1640 4421 ού
1671 4368 1792 4430 θεὸς
1826 4369 1856 4420 ό

276 4456 503 4522 Πύθιος,
534 4458 566 4528 ἦ
597 4461 625 4511 0
656 4459 938 4529 Διδυμεὺς,
967 4459 1000 4528 ἣ
1034 4476 1115 4521 τις
1141 4459 1297 4522 ἄλλος
1329 4460 1565 4524 τοιοῦτος
1605 4461 1683 4512 ἑνὶ
1708 4461 1854 4532 τόπῳ

1964 643 1982 676 ς
2018 625 2111 680 Dei
2141 640 2359 694 corpus,
2392 624 2588 697 inquit,
2620 638 2727 679 non
2761 632 2926 688 esset,
2957 622 3256 692 cujusmodi
3288 633 3372 676 est
3398 637 3520 676 cor-

1954 730 2056 786 pus
2087 727 2261 770 tuum.
2292 735 2310 767 ι
2344 714 2450 770 Nos
2475 715 2542 768 ad
2579 716 2694 769 [nec
2723 733 2736 769 :
2764 713 2922 770 Jcsus
2960 714 3011 769 in
3042 715 3143 768 liae
3173 714 3284 767 vita
3322 728 3521 782 corpus

1955 809 2249 863 humanum
2279 808 2534 876 suscepit,
2565 808 2726 877 quale
2751 824 2782 862 a
2815 807 3011 861 femina
3047 807 3328 874 suscipere
3361 814 3518 874 pote-

1954 910 2061 966 rat,
2094 899 2334 968 illudque
2359 899 2519 953 morti
2545 898 2794 952 humana:
2815 899 3133 954 obnoxium.
3163 898 3343 964 Quare
3377 900 3521 950 inter

1957 991 2062 1044 alia
2095 992 2327 1049 dicimus
2365 990 2516 1044 illum
2546 990 2715 1046 fuisse
2739 1007 2990 1059 magnum
3009 991 3264 1061 pugilem,
3297 997 3522 1058 propter

1957 1085 2254 1140 humanum
2287 1101 2504 1157 corpus,
2524 1104 2542 1136 ι
2567 1101 2660 1154 per
2695 1085 2877 1138 omnia
2908 1093 3170 1138 tentatum
3192 1084 3258 1147 ‘3,
3279 1101 3297 1134 ι
3325 1091 3382 1136 ιιι
3409 1098 3520 1136 (ιω-

1959 1178 2057 1232 teri
2091 1177 2373 1243 homines;
2406 1193 2512 1232 non
2546 1187 2727 1233 tamen
2765 1186 2822 1230 ιιι
2863 1177 3046 1231 caeteri
3097 1177 3362 1236 homines,
3396 1189 3519 1229 cum

1955 1278 2213 1337 peccato,
2242 1268 2335 1323 sed
2368 1284 2590 1339 prorsus
2621 1287 2638 1318 ι
2675 1269 2795 1321 sine
2819 1275 3064 1337 peccato.
3093 1284 3114 1317 ι
3163 1265 3518 1337 Perspicuum

1955 1359 2100 1414 enim
2134 1359 2288 1415 nobis
2313 1361 2552 1425 videtur,
2582 1377 2704 1415 eum
2745 1382 2765 1412 ι
2813 1376 2918 1415 non
2964 1359 3163 1414 fecisse
3203 1369 3516 1428 peccatum,

1956 1464 2058 1505 nec
2085 1449 2358 1509 inventum
2392 1467 2511 1510 esse
2545 1451 2723 1508 dolum
2775 1452 2828 1505 in
2861 1465 2957 1505 ore
2996 1449 3205 1520 ejus“;
3237 1469 3257 1502 ι
3290 1461 3344 1504 ct
3376 1450 3520 1518 quod

1961 1560 1979 1592 ι
2007 1551 2285 1611 peccatum
2318 1557 2424 1598 non
2452 1543 2847 1614 cognoverit",
2868 1562 2884 1594 ι
2907 1543 3026 1598 ideo
3052 1542 3200 1596 illum
3231 1552 3289 1596 ut
3322 1556 3518 1611 purum

1955 1651 1983 1686 ιι
2017 1635 2126 1688 Deo
2157 1635 2414 1690 traditqu
2436 1651 2554 1690 esse
2586 1648 2802 1706 propter
2854 1650 3046 1690 omnes
3102 1633 3194 1704 qui
3255 1647 3518 1702 peccave-

1960 1735 2106 1780 runt.
2131 1725 2340 1783 Deinde
2364 1727 2442 1782 ait
2467 1727 2654 1782 Celsus
2693 1745 2705 1780 :
2744 1747 2762 1780 ι
2797 1727 2888 1782 Dei
2938 1742 3136 1796 corpus
3181 1740 3289 1779 non
3326 1724 3397 1776 ita
3429 1739 3522 1777 sa-

1960 1827 2072 1870 tum
2107 1817 2302 1872 fuisset
2331 1834 2393 1871 ac
2447 1830 2500 1871 tu
2523 1858 2539 1884 ,
2579 1833 2611 1873 ο
2641 1817 2793 1884 Jesu,
2827 1828 2980 1873 satus
3014 1834 3092 1872 es.
3127 1837 3146 1869 ι
3194 1815 3525 1884 Suspicaba-

1959 1920 2044 1964 tur
2072 1918 2251 1964 tamen
2278 1909 2464 1982 384,
2497 1912 2540 1966 si
2568 1922 2727 1966 natus
2759 1923 2843 1966 est
2881 1910 3039 1966 Jesus
3066 1909 3522 1978 quemadmodum

1955 2001 2216 2071 scriptum
2248 2014 2352 2068 est,
2373 2004 2490 2073 ejus
2521 2018 2717 2072 corpus
2740 2018 2896 2072 posse
2927 2000 3279 2072 aliquomodo
3309 1999 3522 2056 cznteris

1954 2107 2078 2150 esse
2129 2094 2384 2160 divinius,
2433 2107 2489 2150 et
2539 2096 2719 2165 aliquo
2750 2111 2912 2151 sensu
2967 2095 3060 2150 Dei
3093 2110 3311 2163 corpus.
3345 2094 3522 2162 Atque

1955 2186 2076 2240 ideo
2115 2195 2276 2256 negat
2303 2201 2486 2241 verum
2515 2202 2636 2242 esse
2690 2190 2832 2255 quod
2867 2188 3130 2257 scriptum
3160 2195 3277 2248 est,
3311 2186 3461 2239 illum
3491 2200 3522 2238 e

1957 2278 2162 2347 Spiritu
2193 2290 2386 2334 sancto
2415 2297 2538 2335 esse
2568 2291 2922 2349 conceptum,
2963 2279 3244 2349 crcditquo
3282 2290 3347 2330 cx
3379 2274 3518 2331 Pan-

1957 2371 2121 2425 thera:
2139 2387 2259 2425 eum
2278 2371 2486 2440 virgine
2510 2388 2804 2440 congressu
2833 2383 3019 2426 natum
3048 2387 3190 2425 esse.
3217 2369 3332 2436 Qua
3357 2383 3520 2424 causa

1955 2462 2086 2516 dicit
2120 2479 2134 2522 :
2175 2480 2192 2513 ι
2233 2462 2442 2533 Corpus
2469 2463 2559 2516 Dei
2591 2478 2697 2516 non
2730 2464 2805 2516 ita
2835 2474 3010 2515 satum
3033 2471 3181 2516 esset
3205 2476 3267 2515 ac
3291 2469 3345 2514 tu
3373 2469 3524 2514 satus

1955 2567 2034 2607 es.
2072 2573 2090 2604 ι
2128 2552 2235 2608 Sed
2269 2553 2336 2608 de
2360 2553 2446 2608 bis
2471 2553 2626 2622 plura
2667 2555 2938 2623 superius.

2026 2820 2114 2874 70.
2146 2820 2366 2890 Pergit:
2398 2839 2415 2872 ι
2458 2819 2643 2890 Neque
2671 2837 2869 2891 corpus
2907 2820 2997 2874 Dei
3046 2817 3244 2872 talibus
3270 2814 3524 2870 vescitur

1956 2911 2124 2977 cibis;
2158 2932 2177 2964 ι
2213 2912 2366 2982 quasi
2409 2928 2476 2966 ex
2509 2913 2814 2982 Evangeliis
2851 2912 3082 2981 probare
3119 2919 3305 2978 posset
3334 2907 3518 2962 Jesum

1955 3003 2090 3059 cibis
2114 3020 2272 3059 usum
2299 3019 2440 3070 esse,
2461 3021 2517 3061 et
2532 3006 2783 3074 qualibus
2808 3005 2944 3060 cibis
2969 3019 3097 3058 usus
3120 3002 3304 3057 fuerit.
3321 2999 3524 3055 Verum

1955 3105 2096 3160 esto,
2127 3097 2272 3150 dicat
2298 3112 2419 3150 eum
2453 3097 3031 3165 manducasscpascha
3062 3109 3185 3150 cum
3219 3092 3522 3162 discipulis,

1882 3227 1925 3284 Ο
1959 3199 2015 3244 et
2064 3204 2173 3242 non
2221 3187 2393 3243 scium
2433 3188 2635 3242 dixisse
2670 3205 2684 3240 :
2719 3204 2737 3240 ι
2769 3185 3045 3242 Desiderio
3084 3183 3386 3239 desideravi
3420 3181 3524 3237 hoc

1960 3278 2157 3347 pascha
2195 3278 2523 3332 manducare
2550 3277 2918 3342 vobiscum",
2952 3295 2973 3332 ι
3013 3276 3110 3332 sed
3139 3275 3300 3330 etiam
3335 3289 3524 3343 revera

1959 3369 2419 3435 manducavissc;
2475 3369 2644 3424 addat
2691 3369 2856 3423 etiam
2901 3370 3173 3424 sitientem
3201 3370 3270 3423 ad
3305 3378 3525 3439 puteum

1954 3458 2120 3514 Jacob
2151 3461 2353 3516 bibisse
2375 3462 2443 3524 ⁷³,
2493 3462 2626 3530 quid
2684 3464 2790 3516 hoc
2819 3471 3013 3516 contra
3042 3476 3105 3515 ea
3137 3475 3257 3529 quae
3309 3460 3372 3515 de
3407 3459 3526 3524 ejus

1955 3567 2186 3620 corpore
2221 3553 2491 3608 dicimus?
2511 3555 2736 3608 Constal
2759 3568 2882 3608 eum
2911 3561 3032 3624 post
3065 3551 3522 3607 resurrectionem

1958 3643 2159 3712 piscem
2185 3644 2445 3699 edisse".
2489 3642 2684 3698 Nostra
2725 3644 2873 3699 enim
2915 3642 3184 3698 sententia
3221 3651 3339 3709 cst,
3370 3641 3524 3696 illum

1958 3735 2196 3790 induisse
2225 3749 2446 3805 corpus,
2476 3744 2665 3803 utpote
2707 3744 2891 3790 natum
2941 3749 2972 3789 e
3008 3733 3230 3789 femina.
3275 3751 3294 3784 ι
3336 3735 3406 3788 At
3435 3733 3525 3788 tali

1956 3842 2111 3890 voce,
2139 3826 2333 3894 inquit,
2367 3841 2472 3878 non
2508 3825 2677 3878 utitur
2709 3824 2800 3877 Dei
2830 3837 3028 3892 corpus
3058 3838 3156 3878 nec
3183 3822 3378 3878 talibus
3408 3838 3529 3892 per-

1957 3917 2216 3970 suadendi
2249 3917 2441 3969 modis.
2483 3934 2500 3965 ι
2536 3915 2662 3969 Ιιιεο
2709 3916 2879 3970 etiam
2909 3913 3035 3967 vilia
3087 3925 3212 3969 sunt
3259 3929 3321 3968 ac
3370 3915 3528 3968 valde

1957 4009 2375 4063 contemnenda.
2408 4007 2539 4060 Nam
2572 4008 2732 4062 Celso
2763 4009 2882 4075 quis
2910 4007 3111 4062 dixerit
3141 4007 3394 4078 Pythium
3427 4009 3524 4077 qui

1957 4116 1985 4153 a
2021 4100 2222 4155 Graecis
2265 4101 2396 4155 deus
2438 4101 2687 4165 habetur,
2720 4109 2774 4154 et
2806 4099 3123 4169 Didymeum
3155 4099 3420 4169 ejusmodi
3449 4100 3528 4154 uti

1956 4205 2109 4252 voce,
2146 4207 2342 4260 nempe
2373 4190 2578 4261 Pythia:
2619 4200 2716 4244 aut
2740 4189 2993 4245 Miletina:
3025 4191 3393 4261 prophetidis;
3430 4205 3531 4245 nec

1957 4282 2163 4336 idcirco
2195 4295 2374 4336 tamen
2403 4299 2433 4338 e
2483 4297 2707 4342 numero
2749 4284 2974 4337 deorum
3009 4283 3224 4337 excludi
3275 4282 3528 4352 Pythium

1957 4384 2050 4427 aut
2083 4375 2399 4444 Didymeum
2433 4376 2516 4430 vel
2550 4378 3032 4445 quemlibctalium
3057 4377 3288 4430 similem
3321 4375 3532 4430 Graeca-

1957 4465 2134 4516 nicnm
2171 4466 2334 4518 Deum
2368 4467 2419 4519 in
2453 4483 2560 4520 uno
2592 4468 2712 4522 loco
2738 4467 3118 4522 constitutum.
3151 4465 3320 4520 Multo
3347 4477 3529 4521 autem

278 4547 744 4620 ὲγκαθιδρυμένος
794 4549 1102 4620 Ἐλληνικὸς
1152 4549 1290 4613 θεός.
1341 4550 1528 4621 Πολλῷ
1570 4551 1624 4603 δὲ
1665 4552 1853 4604 τού-του

1961 4554 2136 4607 satius
2168 4555 2268 4609 fuit
2299 4555 2466 4609 Deum
2500 4558 2576 4610 uti
2618 4571 2751 4612 voce
2773 4573 2890 4625 quze
2918 4567 3201 4628 pr0pterca
3234 4558 3374 4626 quod
3405 4573 3529 4612 cum

277 4638 492 4710 βέλτιον
521 4637 587 4711 ἦν
620 4641 921 4712 χρήσασθαι
955 4641 1044 4693 τὸν
1074 4641 1204 4693 Θεὸν
1232 4645 1380 4712 φωνῇ
1417 4642 1736 4713 ὲμποιούσῃ,
1765 4643 1852 4696 διὰ

276 4735 341 4788 τὸ
375 4734 513 4805 μετὰ
533 4735 811 4804 δυνάμεως
847 4735 1302 4804 ἀπαγγέλλεσθαι,
1339 4736 1542 4805 ἁφατόν
1577 4736 1690 4805 (55)
1729 4754 1850 4790 τινα

277 4825 452 4878 πειθὼ
481 4829 593 4890 τοῖς
619 4827 924 4880 ἁκούουσιν.

350 4914 486 4970 Εἷτὰ
509 4935 640 4990 φησι
666 4919 1076 4991 λοιδορούμενος
1108 4917 1184 4987 τῷ
1225 4917 1398 4988 Ἰησοῦ
1433 4919 1460 4969 ό
1498 4917 1584 4972 διὰ
1606 4917 1702 4990 τὴν
1727 4919 1852 4970 ἀσέ-

275 5010 432 5064 6ειαν
459 5012 552 5062 καὶ
582 5010 648 5064 τὰ
682 5011 929 5083 μοχθηρὰ
956 5011 1220 5080 δόγματα,
1258 5011 1323 5063 ἵν’
1355 5010 1526 5073 οὕτως
1555 5012 1713 5073 εἴπω,
1739 5011 1854 5064 θεο-

351 5128 398 5160 ⁶⁸
430 5127 603 5182 llcbr.
629 5144 703 5192 tv,
735 5128 822 5184 15.
902 5129 945 5159 ⁶⁹
983 5127 1086 5182 lsa.
1155 5142 1276 5191 Litt,
1304 5128 1368 5193 9;
1407 5127 1603 5184 IPetr.
1639 5144 1673 5181 Il
1699 5170 1713 5194 ,
1745 5127 1836 5182 29..

277 5200 326 5230 "’
366 5197 527 5253 Joan.
556 5214 672 5264 ut,
703 5199 791 5254 15.

350 5293 468 5364 (29)
505 5293 663 5347 Libb.
713 5293 868 5358 editi,
907 5290 1216 5364 ἀνθρώπου,
1270 5293 1362 5364 sed
1418 5292 1850 5364 quinquewmssq

273 5362 646 5435 ἀνθρωπίνου,
678 5364 904 5435 rectius.
930 5363 1130 5435 ibidem
1167 5371 1277 5416 tres
1307 5363 1619 5435 Anglicani.
1654 5362 1854 5432 Regius

277 5445 335 5489 et
384 5431 757 5494 Basileensis,
814 5433 987 5502 αὐτόν
1023 5449 1202 5502 φαμεν
1255 5432 1556 5502 γεγονέναι.
1596 5431 1654 5486 Ιιι
1690 5431 1852 5486 antea

276 5504 442 5558 editis
463 5504 619 5557 deest
649 5504 950 5571 γεγονέναι.
975 5501 1138 5555 Paulo
1158 5513 1276 5569 post
1303 5501 1641 5556 lloesclielius
1665 5513 1720 5555 ct
1751 5512 1862 5558 tres

278 5589 443 5633 niss..
470 5573 876 5643 πεπειραμένον
915 5573 1011 5643 μὲν
1037 5572 1259 5643 ὁμοίως.
1299 5572 1607 5643 Spencerus
1641 5585 1696 5627 et
1729 5572 1853 5626 reli-

279 5645 566 5713 quiitnss‘"
599 5641 1035 5713 πεπειρασμένον
1073 5641 1171 5710 μὲν
1197 5641 1416 5713 ὁμοίως.

477 5782 626 5852 αρόν.

356 5848 470 5923 (51)
497 5848 666 5921 Παρὰ
692 5851 815 5921 τοῖς
850 5849 1121 5919 πολλοῖς.
1155 5850 1349 5908 Guieto
1390 5851 1740 5908 scribendum
1769 5851 1848 5907 vi-

1961 4651 2728 4718 potestatepronuntiaretur,
2767 4649 3025 4706 incifabili
3056 4650 3284 4719 quadam
3319 4649 3528 4704 ratione

1963 4745 2318 4811 persuaderet
2343 4743 2638 4798 auditores.

2032 4923 2120 4974 7|.
2160 4921 2360 4976 Deinde
2387 4922 2694 4976 convicium
2721 4920 2846 4973 Jesu
2875 4918 3079 4972 faciens
3115 4916 3227 4981 ille,
3271 4918 3361 4985 qui
3395 4929 3522 4985 pro-

1962 5026 2081 5083 pter
2118 5015 2448 5084 impietatem
2489 5030 2760 5083 pravaque
2786 5013 3134 5079 opinameuta
3173 5009 3283 5064 Deo
3310 5046 3326 5072 ,
3361 5019 3418 5060 ut
3447 5009 3527 5062 sic

1915 5131 1960 5161 ⁷ο
2003 5129 2043 5184 ιι
2075 5130 2201 5186 Cor.
2227 5147 2283 5192 v,
2325 5130 2416 5183 2|.
2495 5131 2536 5164 ⁷ι
2580 5129 2898 5204 Luc._xxn,
2932 5124 3017 5180 15.
3093 5123 3135 5155 ⁷³
3175 5121 3330 5180 Joan.
3359 5137 3434 5186 tv,
3467 5119 3520 5176 6.

1962 5293 2139 5354 detur,
2165 5289 2314 5361 παρὰ
2343 5288 2468 5350 τοὺς
2503 5286 2746 5361 πολλούς.

2033 5349 2146 5432 (52)
2179 5349 2288 5414 Κάὶ
2320 5349 2586 5432 πιστεύει
2615 5354 2831 5432 αὑτὸν·
2869 5353 2988 5432 ὐπῤ
3017 5369 3210 5432 Ατινος-
3244 5349 3528 5431 narem

1960 5421 2309 5502 φθείραντος
2332 5428 2448 5502 τὴν
2475 5427 2772 5495 παρθένον
2807 5421 3119 5502 ἐσπάρθαρ.
3157 5421 3296 5502 ,Πλιξο
3341 5421 3394 5502 in
3434 5435 3526 5502 ve-

1967 5492 2566 5556 iericodiceVVaticano
2601 5512 2756 5551 erasa
2794 5505 2920 5548 sunt
2964 5505 3017 5546 et
3056 5493 3440 5549 desiderantur
3469 5492 3522 5544 in

1965 5571 2190 5626 recenti.
2223 5570 2356 5625 Vide
2389 5584 2551 5636 supra
2583 5566 2676 5620 lib.
2714 5582 2730 5620 ι
2766 5575 2949 5636 contra
2983 5561 3214 5636 Celsum,
3247 5575 3397 5636 nutu.
3429 5559 3520 5615 52.

2033 5640 2144 5712 (5'5)
2171 5630 2562 5712 'Agaror.'Sic
2589 5647 2734 5712 recte
2759 5634 3098 5712 llaesflielius
3123 5642 3178 5686 et
3207 5630 3362 5684 codd.
3390 5644 3520 5685 mss.

353 5711 606 5832 (Ξὲὲαξόῖ
652 5703 935 5781 καθὰρόᾶ.
977 5703 1172 5767 Guieto
1222 5703 1565 5766 Scribe-udum
1618 5711 1852 5778 videtur,

1960 5703 2098 5766 Male
2126 5703 2252 5763 vero
2285 5711 2595 5775 Spenccrus
2619 5707 2670 5759 in
2709 5715 2856 5759 textu
2879 5703 3101 5774 ἄφανον,
3133 5715 3307 5774 neque
3330 5713 3518 5756 asseu-

1961 5784 2065 5832 tior
2100 5780 2380 5832 Bulierello
2401 5779 2594 5832 leaenti
2618 5775 2850 5832 ἁτωνον.

1961 5784 2065 5839 tior
2100 5780 2380 5836 Doliercllo
2401 5779 2594 5849 legenti
2618 5775 2850 5848 ἄφωνον.
