4002 6594
467 381 563 436 791

1947 383 2267 443 ORIGENIS

3599 373 3697 428 792

466 506 677 574 loquar,
716 506 920 561 invisus
952 515 1052 571 est,
1086 507 1220 562 dicit
1253 527 1270 560 ι
1308 509 1422 563 haec
1454 509 1634 564 omnia
1669 524 1787 564 esse
1812 511 2019 579 praesti-

2138 510 2321 581 μισὴς,
2346 510 2428 562 ὅτι
2461 528 2478 559 ι
2507 505 2676 560 ταῦτα
2711 501 2994 575 Θεομισοῦς
3022 496 3089 573 ἦν
3134 515 3273 562 τινος
3303 497 3397 551 καὶ
3430 493 3695 565 μοχθηροῦ

463 596 690 664 giatoris
709 595 818 652 Deo
843 597 999 651 invisi
1017 606 1070 652 et
1089 598 1372 666 scelerati;
1404 619 1422 650 ι
1447 599 1717 669 quamvis,
1743 600 1788 654 si
1811 600 2031 670 proprie

467 699 555 739 res
607 697 662 739 et
725 686 944 740 nomina
1003 687 1411 752 examinentur,
1444 689 1560 743 ﬁeri
1608 704 1712 743 non
1753 688 1922 758 possit
1969 698 2028 742 ut

468 773 578 828 Deo
632 773 796 830 homo
844 776 967 830 odio
1019 777 1114 833 sit.
1167 777 1306 832 Deus
1333 777 1476 832 enim
1509 786 1653 832 amat
1696 779 1876 832 omnia
1912 793 2031 848 quae

463 875 611 930 sunt,
642 874 697 919 et
728 865 862 920 nihil
888 881 1075 921 eorum
1105 882 1225 937 qua:
1254 867 1402 933 fecit,
1455 868 1580 923 odio
1617 869 1799 924 habet.
1838 868 2026 939 Neque

357 982 360 984 -
463 954 607 1010 enim
645 956 768 1012 odio
794 957 1000 1012 habens
1025 968 1286 1014 creasset.
1314 960 1370 1013 Si
1403 961 1530 1028 quid
1557 977 1683 1016 vero
1715 963 1916 1017 dictum
1950 971 2032 1017 est

463 1063 494 1100 a
522 1047 820 1117 prophetis,
854 1050 996 1117 quod
1027 1050 1080 1103 id
1116 1050 1425 1121 signiﬁcare
1456 1052 1719 1117 videatur,
1760 1053 1812 1107 id
1848 1068 2021 1124 gene-

466 1137 566 1192 rali
600 1137 703 1194 hac
745 1139 933 1210 regula
980 1140 1355 1210 explicandum
1402 1143 1525 1206 erit,
1581 1143 1920 1212 Scripturam
1959 1144 2027 1199 de

471 1230 581 1286 Deo
615 1233 690 1287 ita
733 1231 880 1302 loqui
931 1233 1087 1302 quasi
1128 1234 1384 1289 humanis
1433 1235 1503 1289 sit
1529 1235 1796 1291 obnoxius
1827 1235 2031 1292 allecti.

464 1323 590 1380 bus.
646 1323 764 1378 Jam
793 1325 922 1395 quid
955 1340 1042 1380 me
1087 1318 1414 1395 respondere
1459 1336 1707 1398 Oporteat
1756 1327 1822 1382 ad
1858 1326 2031 1381 homi-

461 1429 607 1480 nem,
643 1415 737 1486 qui
756 1415 806 1470 in
842 1431 1099 1471 sermone
1121 1417 1210 1471 ubi
1239 1427 1360 1487 apta
1386 1419 1450 1472 ad
1473 1419 1909 1488 persuadendum
1941 1433 2031 1472 ar-

459 1516 717 1577 gumenta
766 1507 1039 1576 pollicitus
1081 1517 1221 1573 erat,
1277 1510 1378 1564 sibi
1432 1526 1543 1564 rem
1573 1512 1836 1583 agendam
1874 1520 2030 1580 putat

468 1596 769 1651 maledictis
800 1607 852 1650 et
878 1597 1135 1655 conviciis
1165 1599 1362 1668 quibus
1387 1599 1568 1654 Jesum
1606 1611 1857 1671 tauquam
1906 1617 2026 1659 sce-

459 1687 691 1744 leratum
711 1698 765 1743 et
787 1689 1230 1758 praestigiatorem
1254 1692 1594 1761 proscindit?
1619 1692 1730 1747 lloc
1749 1703 1897 1749 certe
1924 1708 2026 1748 non

457 1786 542 1834 est
568 1779 876 1849 philosophi
909 1783 998 1850 qui
1029 1796 1139 1836 rem
1168 1783 1525 1848 demonstrat,
1550 1785 1640 1839 sed
1673 1785 1788 1853 ejus
1837 1785 1949 1854 qui,
1971 1795 2030 1839 ut

2133 603 2346 671 γόητος.
2381 619 2400 652 ι
2440 598 2696 666 Καίτοιγε
2719 637 2733 660 ,
2769 595 2862 648 ἐὰν
2905 593 3106 664 κυρίως
3135 588 3453 659 ἐξετάζηται
3489 585 3560 640 τὰ
3591 585 3698 637 ἑνό-

2137 709 2285 765 ματα
2327 693 2422 745 καὶ
2465 690 2536 744 τὰ
2567 689 2899 760 πράγματα,
2943 685 3201 738 ἀδύνατον
3234 681 3385 734 ἔσται
3418 676 3699 747 ἄνθρωπος

2133 784 2412 854 θεομισής
2460 782 2580 836 ἐπεὶ
2635 783 2664 833 6
2707 777 2838 842 Θεὸς
2864 778 3050 847 ἀγαπᾷ
3093 774 3162 827 τὰ
3205 773 3334 826 ὄντα
3363 770 3579 833 πάντα,
3610 768 3700 820 καὶ

2133 875 2283 928 οὐδὲν
2312 873 2656 944 βδελύσσεται
2678 864 2751 925 ὧν
2783 871 3054 941 ἐποίησενο
3081 867 3201 920 οὐδὲ
3220 865 3348 936 ’γὰρ
3382 863 3558 936 μισῶν
3594 864 3697 934 (54)

2130 985 2182 1020 τι
2211 965 2633 1021 κατεσκεύασεν.
2680 964 2742 1016 Εἰ
2785 963 2842 1016 δέ
2883 978 3024 1025 τινες
3063 959 3234 1026 λέξεις
3273 955 3616 1029 προφητικαὶ
3640 955 3699 1008 τδ

2131 1057 2370 1112 τοιοῦτον
2385 1057 2624 1127 λέγουσι,
2653 1053 2924 1124 καθολικῷ
2954 1053 3096 1123 λόγῳ
3110 1052 3410 1122 διηγήσεως
3424 1048 3698 1112 τεύξονται

2130 1149 2208 1220 τῷ
2236 1149 2370 1202 διότι
2395 1147 2470 1212 ὡς
2499 1147 2629 1218 περὶ
2661 1140 3124 1216 ἀνθρωποπαθοῦς
3155 1140 3266 1210 (⁵55)
3297 1139 3478 1204 λέξεσι
3505 1138 3698 1209 χρῆται

2130 1245 2162 1314 ἡ
2198 1241 2387 1313 Γραφὴ
2414 1240 2542 1312 περὶ
2579 1238 2672 1292 τοῦ
2702 1237 2858 1290 Θεοῦ.
2890 1237 2956 1289 Τί
2991 1235 3048 1288 δὲ
3083 1235 3163 1288 δεῖ
3187 1233 3365 1301 λέγειν
3399 1228 3700 1299 ἀπολογού-

2137 1350 2295 1404 μενον
2327 1331 2462 1403 πρὸς
2490 1331 2582 1384 τὸν
2615 1330 2856 1400 οἰόμενον
2887 1331 2945 1381 ὲν
2971 1321 3053 1390 οἷς
3094 1323 3490 1393 ἐπαγγέλλεται
3523 1338 3697 1374 πιστι-

2134 1426 2249 1488 κοῖς
2269 1423 2468 1491 λόγοις,
2503 1421 2610 1474 δεῖν
2641 1419 2875 1492 χρῆσθαι
2901 1417 3234 1488 δυσφημίαις
3261 1415 3361 1472 καὶ,
3388 1412 3698 1483 λοιδορίαις,

2131 1517 2206 1578 ὼς
2234 1515 2360 1586 περὶ
2409 1511 2682 1585 μοχθηροῦ
2729 1511 2823 1565 καὶ
2873 1509 3069 1581 γόητος
3125 1507 3221 1562 τοῦ
3255 1505 3470 1577 Ἰησοῦ;
3533 1503 3701 1558 Τοῦτο

2131 1607 2239 1680 γὰρ
2279 1607 2378 1660 οὐκ
2423 1597 2854 1666 ἀποδεικνύντος,
2903 1601 3017 1655 ἀλλ’
3068 1598 3331 1653 ἰδιωτικὸν
3373 1598 3472 1651 καὶ
3518 1596 3701 1666 ἀφιλό-

2133 1716 2294 1768 σοφον
2341 1697 2512 1760 πάθος
2559 1694 2883 1758 πεπονθότος
2932 1693 3092 1764 ἔργον
3155 1690 3289 1744 ἐστί·
3344 1689 3494 1754 δέον,
3558 1691 3701 1742 ἐκτι-

2132 1787 2357 1859 θέμενον
2413 1786 2474 1840 τὸ
2534 1787 2766 1856 πρᾶγμα
2795 1822 2809 1846 ,
2888 1779 3242 1852 εὐγνωμόνως
3317 1778 3447 1832 αὐτὸ
3515 1776 3699 1842 ἐξετά-

456 1887 488 1924 e
513 1870 646 1927 fame
679 1871 851 1941 plebis
876 1873 1160 1939 homines,
1195 1876 1270 1930 ira
1301 1891 1360 1932 se
1397 1885 1767 1931 transversum
1812 1877 1897 1948 agi
1925 1893 2019 1948 pa-

2127 1882 2278 1946 ζειν,
2340 1880 2434 1933 καὶ
2496 1877 2636 1932 κατὰ
2691 1877 2752 1930 τὸ
2814 1872 3035 1928 δυνατὸν
3106 1871 3284 1940 λέγειν
3361 1868 3502 1940 πρὸς
3571 1867 3702 1921 αὐτὸ

459 1961 624 2027 titur;
680 1977 805 2016 cum
855 1970 1042 2016 contra
1098 1967 1375 2033 decuerit,
1427 1982 1484 2022 re
1517 1967 1788 2037 exposita,
1817 1969 1883 2022 de
1913 1981 2019 2038 qua

455 2051 823 2108 controversia
899 2062 1064 2118 erat,
1116 2055 1383 2123 .candide
1457 2070 1575 2110 eam
1663 2055 2018 2124 expendere,

453 2152 510 2200 et
559 2159 658 2214 pro
704 2141 910 2197 viribus
957 2141 1150 2199 alferre
1212 2161 1330 2214 quae
1378 2147 1443 2201 ad
1490 2145 1820 2216 propositum
1857 2142 2018 2215 385

455 2239 849 2307 assequendqu
893 2237 946 2290 in
979 2246 1213 2292 mentem
1245 2240 1544 2294 venissent.
1598 2238 1703 2293 Sed
1756 2252 1877 2292 cum
1934 2237 2022 2290 hic

453 2331 665 2386 desinat
688 2347 888 2400 sermo,
907 2349 1067 2404 quem
1095 2331 1313 2389 Iudaeus
1335 2334 1474 2404 apud
1498 2331 1709 2389 Celsum
1739 2345 1859 2386 cum
1891 2327 2017 2384 Jesu

455 2423 676 2488 habuit,
706 2423 797 2478 hic
829 2435 884 2479 et
911 2440 1006 2480 nos
1039 2424 1176 2480 libro
1205 2426 1382 2494 primo
1406 2434 1592 2479 contra
1630 2423 1782 2477 illmn
1822 2420 2023 2487 scripto

456 2515 618 2569 ﬁnem
648 2515 1012 2583 imponemus.
1028 2516 1139 2572 Deo
1159 2527 1343 2572 autem
1364 2517 1525 2572 dante
1549 2515 1831 2570 veritatem
1851 2513 2018 2581 illam,

452 2620 574 2672 quae
598 2604 766 2661 falsos
797 2619 1078 2662 sermones
1104 2608 1388 2678 disperdit,
1409 2608 1562 2677 juxta
1584 2607 1710 2661 illud
1741 2623 1756 2660 :
1779 2625 1796 2657 ι
1816 2605 1872 2660 1η
1889 2605 2025 2660 veri-

453 2707 565 2752 tate
594 2707 684 2752 tua
713 2697 964 2768 disperde
990 2699 1191 2766 illos",
1215 2718 1234 2752 ι
1261 2701 1639 2769 aggrediemur
1664 2699 1715 2753 in
1746 2698 2022 2768 sequenti-

451 2788 554 2843 bus
575 2787 799 2844 alteram
826 2805 1253 2861 prosopopoeam,
1278 2790 1368 2844 ubi
1400 2790 1617 2847 Judaeus
1634 2791 1701 2845 ab
1719 2791 1837 2860 ipso
1865 2791 2021 2844 indu-

449 2887 572 2933 ctus
616 2893 926 2936 sermonem
954 2883 1115 2936 vertit
1155 2881 1221 2936 ad
1252 2897 1348 2938 eos
1385 2883 1473 2952 qui
1499 2881 1623 2938 Jesu
1639 2875 2020 2938 crediderunt.

2124 1972 2192 2027 τὰ
2238 1970 2630 2024 ὑποπίπτοντα.
2703 1965 2861 2019 Ἀλλὰ
2902 1963 3010 2034 γὰρ
3065 1964 3121 2016 ἐν
3167 1963 3376 2025 τούτοις
3418 1955 3705 2014 καταπαύ-

2128 2080 2317 2126 σαντος
2346 2061 2437 2115 τὸν
2462 2060 2615 2129 λόγον
2639 2059 2733 2112 τοῦ
2767 2057 2917 2130 παρὰ
2945 2055 3023 2128 τῷ
3054 2055 3244 2127 Κέλσῳ
3280 2054 3533 2108 Ἰουδαίου
3567 2053 3702 2124 stpb;

2125 2156 2215 2209 τὸν
2265 2153 2502 2226 Ἰησοῦν,
2563 2153 2657 2207 καὶ
2703 2152 2860 2223 ἡμεῖς
2907 2147 3069 2202 αὑτοῦ
3129 2165 3230 2201 που
3276 2147 3700 2214 καταπαύσομεν

2125 2245 2224 2318 τὴν
2270 2243 2614 2316 περιγραφὴν
2655 2242 2750 2296 τοῦ
2807 2239 3021 2312 πρώτου
3076 2238 3210 2307 πρὸς
3267 2236 3427 2291 αὑτὸν
3472 2234 3699 2305 βιϐλίου.

2125 2338 2260 2396 Θεοῦ
2311 2338 2367 2392 δὲ
2421 2337 2652 2399 διδόντος
2691 2334 2788 2406 τὴν
2821 2332 3265 2404 ἐξολοθρεύουσαν
3319 2330 3445 2391 τοὺς
3487 2327 3701 2397 ψευδεῖς

2124 2431 2314 2501 λόγους
2359 2429 2636 2501 ἀλήθειαν,
2678 2425 2818 2480 κατὰ
2862 2425 2958 2495 τὴν
2991 2423 3301 2494 φάσκουσαν
3345 2419 3535 2489 εὐχὴν,
3570 2437 3588 2468 ι
3613 2417 3702 2470 Ἔν

2123 2525 2190 2594 τῇ
2236 2521 2461 2593 ἀληθεία
2515 2537 2608 2574 σου
2665 2517 3042 2588 ὲξολόθρευσον
3091 2513 3360 2575 αὐτοὺς,›
3422 2506 3700 2594 ἀρξόμεθα

2231 2617 2344 2677 τοῖς
2401 2611 2527 2682 ἑξῆς
2557 2611 2659 2681 τῆς
2691 2608 2946 2681 δευτέρας
2993 2602 3466 2679 προσωποποιίας,
3500 2601 3558 2653 ὲν
3672 2601 3701 2651 6

2139 2705 2388 2769 Ἰουδαῖος
2419 2702 2566 2774 αὐτῷ
2590 2701 2880 2773 πεποίηται
2913 2697 3086 2767 λέγων
3121 2696 3256 2768 πρὸς
3293 2693 3421 2758 τοὺς
3445 2689 3701 2747 σεισθέν-

2128 2818 2226 2865 τας
2257 2798 2335 2870 τῷ
2373 2796 2546 2870 Ἰησοῦ
2580 2795 2650 2850 τὰ
2686 2793 2825 2867 μετὰ
2849 2791 3041 2848 ταῦτα.

457 3007 3691 3053 MM”—

1009 3178 1844 3296 ΩΡΙΓΕΝΟΥΣ
1909 3175 2327 3290 ΚΑΤΑ
2383 3163 2996 3286 ΚΕΛΣΟΥ
3051 3184 3162 3260 (³6)

1571 3397 1951 3489 ΤΟΜΟΣ
1993 3391 2582 3481 ΔΕΥΤΕΡΟΣ.
2924 3405 2930 3411 ’

2005 3574 2106 3608 Α...

665 3720 1244 3816 ORIGENIS
1320 3717 1794 3812 CONTRA
1867 3716 2326 3810 CELSUM
2403 3715 2768 3807 LIBER
2838 3710 3498 3805 SECUNDUS.

517 4079 574 4133 Ι.
603 4075 791 4131 Primo
819 4083 1130 4129 nostrarum
1155 4073 1222 4128 ad
1261 4087 1384 4127 eum
1406 4087 1564 4142 quem
1591 4071 1781 4126 Celsus
1821 4071 2012 4126 inscri-

2186 4071 2276 4142 Τῷ
2331 4071 2532 4144 πρώτῳ
2570 4071 2681 4144 (57)
2711 4069 2862 4141 τόμῳ
2906 4070 3016 4125 τῶν
3058 4067 3535 4141 ὑπαγορευθέντων
3563 4067 3693 4138 ἡμῖν

447 4169 558 4240 psit
588 4182 884 4223 sermonem
929 4182 1106 4221 verum
1159 4165 1569 4235 responsionum
1617 4163 1787 4226 libro,
1820 4164 1910 4232 qui
1940 4162 2010 4216 ibi

448 4257 786 4317 terminatur
806 4255 896 4310 ubi
929 4255 1056 4309 ﬁcta
1096 4252 1262 4308 Judaei
1311 4267 1542 4324 persona
1575 4251 1761 4307 Jesum
1811 4251 2014 4322 alloqui

450 4346 680 4412 desinit,
715 4345 920 4415 quique
965 4345 1018 4398 in
1061 4342 1268 4411 justam
1318 4343 1566 4398 excrevit
1616 4343 1838 4407 molem,
1872 4343 2014 4398 hunc

445 4437 776 4509 subiungere
807 4437 1120 4502 statuimus,
1156 4449 1262 4504 quo
1289 4435 1699 4489 criminationes
1727 4435 1793 4490 ab
1824 4435 2012 4490 eodem

445 4530 644 4586 Judazis
673 4531 739 4584 ad
763 4529 924 4584 ﬁdem
966 4529 1016 4582 in
1051 4527 1232 4581 Jesum
1267 4527 1549 4582 conversis
1578 4527 1806 4596 objectae
1838 4526 2013 4597 repel-

447 4622 644 4677 lantur.
679 4623 759 4676 Ac
787 4621 1021 4690 primum
1061 4618 1191 4673 illud
1225 4621 1514 4682 miramur,
1533 4634 1630 4674 cur
1652 4617 1865 4685 Celsus,
1893 4634 2014 4674 cum

445 4727 716 4784 personas
749 4711 954 4782 ﬁngere
975 4710 1277 4775 statuisset,
1313 4725 1418 4764 nou
1451 4709 1695 4765 Judaeum
1741 4709 2018 4764 induxerit

445 4805 626 4872 potius
651 4819 775 4858 cum
809 4803 878 4858 iis
920 4817 952 4856 e
979 4801 1232 4872 gentibus
1281 4801 1374 4871 qui
1425 4802 1584 4856 ﬁdem
1623 4801 1856 4871 amplexi
1893 4809 2019 4855 sunt

447 4895 779 4964 loquentem,
808 4909 970 4963 quam
1003 4909 1126 4949 cum
1155 4892 1374 4947 Iudaeis.
1420 4893 1513 4948 Sic
1531 4893 1674 4948 enim
1698 4891 2016 4948 verisimilis

449 4986 736 5039 admodum
763 4985 912 5039 visus
957 4985 1149 5039 fuisset
1179 4999 1362 5039 sermo
1398 4993 1586 5037 contra
1619 4997 1718 5038 nos
1745 4983 2015 5052 composi-

450 5083 556 5131 tus.
620 5081 693 5130 At
740 5075 978 5131 fortasse
1027 5077 1254 5130 nescivit
1293 5075 1404 5139 ille,
1443 5075 1537 5144 qui
1571 5088 1627 5128 se
1653 5075 1833 5128 omnia
1867 5075 2014 5130 scire

450 5168 733 5240 praedicat,
787 5169 917 5238 quid
973 5168 1078 5224 hoc
1109 5168 1230 5224 loco
1285 5168 1532 5239 personis
1578 5167 1719 5223 ﬁctis
1769 5167 2010 5222 tribuere

515 5280 562 5314 "
597 5280 740 5336 Psal.
763 5296 872 5347 LIV,
904 5280 959 5336 5.

2121 4159 2256 4232 πρὸς
2281 4161 2372 4214 τὸν
2401 4161 2609 4214 Κέλσου
2638 4160 3009 4232 ἐπιγραφέντα
3038 4160 3236 4229 ἀληθῆ
3274 4160 3480 4228 λόγον,
3517 4173 3691 4211 κατα-

2118 4253 2339 4325 λήξαντι
2368 4255 2448 4317 εἰς
2473 4253 2570 4325 τὴν
2595 4252 2690 4306 τοῦ
2731 4252 2985 4306 Ἰουδαίου
3019 4251 3153 4323 πρὸς
3167 4251 3261 4305 τὸν
3288 4249 3493 4322 Ἰησοῦν
3519 4266 3690 4321 προσ-

2117 4347 2439 4409 ωποποιίαν,
2506 4346 2751 4417 αὐτάρκη
2800 4345 3144 4417 περιγραφὴν
3189 4343 3463 4415 εἰληφότι,
3503 4343 3693 4396 τοῦτον

2119 4439 2435 4492 συντάσσειν
2481 4437 2913 4510 προαιρούμεθα,
2962 4435 3382 4506 ἀπολογούμενοι
3435 4434 3576 4506 πρὸς
3624 4433 3692 4486 τὰ

2119 4529 2390 4600 φερόμενα
2436 4529 2528 4581 ὑπ’
2554 4529 2717 4582 αὑτοῦ
2768 4529 3084 4599 ἐγκλήματα
3131 4527 3270 4581 κατὰ
3315 4525 3423 4579 τῶν
3461 4524 3568 4579 ἀπὸ
3598 4523 3690 4577 τοῦ

2118 4619 2247 4673 λαοῦ
2298 4619 2404 4672 τῶν
2453 4620 2719 4673 Ἰουδαίων
2763 4621 2842 4684 είς
2892 4621 2983 4672 τὸν
3028 4618 3234 4690 Ἰησοῦν
3264 4617 3686 4671 πιστευσάντων.

2119 4710 2229 4762 Καὶ
2275 4710 2405 4763 αὐτό
2435 4727 2498 4779 γε
2531 4709 2689 4763 τοῦτο
2741 4708 2954 4779 πρῶτον
2999 4708 3325 4778 ὲφίσταμεν,
3379 4707 3433 4761 τί
3469 4707 3689 4777 δήποτε,

2119 4799 2295 4867 ἅπαξ,
2329 4801 2517 4875 κρίνας
2551 4802 2982 4873 προσωποποιεῖν
3013 4801 3041 4851 6
3071 4799 3296 4863 Κέλσος,
3323 4799 3383 4852 οὐ
3412 4812 3691 4869 προσωπο-

2117 4897 2261 4946 ποιεῖ
2297 4894 2544 4948 Ἰουδαῖον
2577 4893 2713 4966 πρὸς
2734 4893 2858 4956 τοὺς
2882 4893 2988 4945 ἀπὸ
3012 4891 3118 4944 τῶν
3147 4891 3314 4944 ἐθνῶν
3338 4887 3687 4951 πιστεύοντας

2117 4973 2361 5054 λέγοντα,
2387 4986 2670 5058 ἀλλὰπρὸς
2693 4986 2821 5049 τοὺς
2851 4986 2958 5038 ἀπὸ
2990 4984 3251 5038 Ἰουδαίων
3275 5001 3288 5014 ο
3322 4981 3688 5044 πιθανώτατος

2118 5077 2160 5129 δ’
2200 5078 2263 5131 ἂν
2295 5080 2388 5132 καὶ
2420 5077 2594 5143 ἔδοξεν
2631 5078 2658 5130 6
2686 5078 2841 5146 λόγος
2872 5073 3008 5130 εἶναι
3039 5076 3185 5146 αὐτῷ
3214 5075 3348 5147 πρὸς
3374 5076 3522 5145 ἡμᾶς
3551 5090 3686 5144 γρα-

2115 5171 2365 5243 φόμενος.
2421 5171 2580 5226 Ἀλλὰ
2611 5174 2686 5244 μή
2723 5189 2851 5225 ποτε
2879 5174 2908 5225 6
2937 5170 3092 5224 πάντ’
3121 5167 3583 5238 ἐπαγγελλόμενος
3614 5178 3686 5219 st-

540 5377 631 5466 Ξὲὶ
660 5377 822 5466 ρέίξέ
841 5377 954 5466 ﬁt?
965 5377 1189 5466 μέίῖῶῗιέτ
1208 5377 1360 5466 P989
1379 5418 1404 5466 τ.
1425 5377 1563 5466 “Ei,
1577 5376 1685 5466 γὰρ
1706 5377 1782 5466 ea}
1813 5376 2006 5466 μὶσῷν·

2125 5377 2316 5466 μοςηὲἷ,
2342 5372 2857 5466 gicque'libri'e‘diti
2888 5376 2964 5466 ad.
2985 5375 3305 5466 marginem.

517 5378 631 5520 354)
668 5378 822 5461 Οῷδὲ
841 5378 954 5460 γὰρ
965 5378 1186 5458 μισῶν.
1216 5378 1360 5458 Lego
1379 5418 1393 5442 ,
1425 5378 1546 5462 οὐδὲ
1577 5378 1685 5466 γὰρ
1716 5378 1782 5431 ἂν
1813 5378 2006 5464 μισῷν.

540 5447 630 5518 55)
660 5447 822 5520 Ltbb.
849 5451 976 5520 editi
1013 5451 1080 5501 ad
1115 5464 1411 5520 marginem
1431 5488 1444 5509 ,
1464 5448 1618 5520 νοιότι
1647 5451 1886 5520 ωσπερε).
1915 5465 2008 5501 αν-

443 5515 842 5598 θρωπρπςιθῶς.
879 5519 934 5573 In
969 5526 1116 5574 textu
1151 5515 1305 5585 vero,
1332 5517 1471 5572 διατί
1506 5519 1583 5584 ὡς
1617 5519 1743 5590 περὶ
1797 5515 2006 5590 ἀνθρω-

443 5586 826 5723 ποίὲσθῗοῖἀτὰ
849 5656 1108 5712 Κέλσου.
1141 5656 1321 5714 Codex
1346 5657 1675 5714 Basileensis
1694 5668 1748 5712 et
1769 5667 2010 5713 vetustus

445 5723 744 5784 Vaticanus
778 5729 1008 5783 alterum
1040 5729 1241 5784 habent
1272 5730 1482 5783 titulum
1519 5746 1534 5783 ι
1568 5727 1712 5790 Πρὸς
1749 5729 1839 5782 τὸν
1891 5730 2009 5781 ἐπι-

440 5799 822 5872 γεγραμμένον
871 5798 1078 5852 Κέλσου
1121 5797 1313 5869 ἀληθῆ
1362 5800 1545 5868 λόγον
1591 5797 1891 5870 Ὠριγένους
1925 5799 2011 5852 τό-

2186 5441 2311 5519 (57)⁷
2342 5441 2683 5516 Τῷρτρώτῳ.
2724 5448 2907 5500 Codex
2938 5441 3206 5519 .loliamts,
3234 5446 3326 5499 ἐπὶ
3349 5441 3682 5519 ςιῷᾼπρὼιαρ,

2117 5515 2307 5586 sicque
2337 5515 2668 5584 Anglic-anus
2701 5518 2908 5585 primus
2954 5517 3006 5568 in
3044 5517 3304 5586 margine.
3349 5515 3682 5569 Libb.‘autea

2115 5591 2291 5660 editi,
2323 5590 2380 5641 ὲν
2411 5587 2488 5660 τῷ
2518 5586 2720 5660 πρώτῳ
2740 5627 2754 5652 ,
2789 5587 2884 5641 sed
2915 5586 3228 5641 Bohercllus
3266 5588 3490 5660 omnino
3517 5599 3682 5660 vocu-

2117 5659 2222 5714 lam
2281 5659 2338 5711 ὲν
2393 5655 2674 5713 delendam
2693 5655 2917 5724 censet,
2963 5667 3182 5726 natatu,
3211 5665 3270 5713 ut
3309 5656 3410 5726 ipsi
3442 5655 3682 5719 videtur,

2117 5745 2183 5788 ex
2217 5729 2373 5786 initio
2417 5729 2538 5785 libri
2585 5728 2883 5799 sequentis.
