3902 6414
461 349 566 406 795

1938 344 2261 406 ORIGENIS

3602 337 3702 395 796

459 469 520 515 ut
555 466 740 514 oraret
769 457 917 514 circa
969 456 1159 512 horam
1192 464 1427 513 sextam.
1479 455 1548 512 Et
1596 472 1720 513 cum
1768 459 2022 524 esuriret,

2139 455 2510 527 ὅποτιθέμενον
2554 453 2703 524 αὐτῷ
2747 453 2859 525 (42)
2909 454 3123 526 πέμψαι
3176 455 3256 517 είς
3320 453 3547 522 Ἰόππην
3613 449 3702 505 ἐπὶ

459 550 632 605 voluit
659 558 896 619 gustare.
923 546 1251 604 Parantibus
1269 559 1451 604 autem
1480 549 1620 617 illis,
1646 550 1844 605 cecidit
1865 563 2028 618 super

459 655 583 694 eum
613 639 810 694 mentis
834 652 1090 692 excessus
1109 677 1125 702 ,
1155 645 1209 693 et
1235 640 1372 694 vidit
1409 640 1605 695 caelum
1650 648 1895 710 apertum
1920 682 1934 706 ,
1975 648 2030 694 et

461 728 798 782 descendens
827 742 924 782 vas
970 726 1242 797 quoddam
1281 729 1432 783 velut
1481 730 1706 784 linteum
1739 745 2026 800 magnum,

460 827 695 888 quatuor
725 819 894 872 initiis
943 818 1010 873 de
1061 819 1202 874 ccelo
1237 819 1570 875 submissum
1616 822 1669 875 in
1705 832 1938 885 terram,
1974 822 2028 874 in

458 923 566 978 quo
593 918 751 963 erant
791 909 974 964 omnia
1008 911 1384 980 quadrupedia
1405 952 1420 976 ,
1452 919 1505 965 et
1539 912 1814 981 serpentia
1849 920 2028 979 terrae,

458 1002 517 1048 et
547 994 785 1049 volatilia
816 997 962 1052 caeli.
1000 997 1068 1052 Et
1101 997 1242 1054 facta
1275 1008 1360 1053 est
1405 1014 1508 1053 vox
1540 1002 1607 1054 ad
1640 1015 1762 1054 eum
1790 1018 1804 1054 :
1835 1001 2028 1070 Surge,

458 1083 642 1150 Petro,
663 1087 924 1151 occideet
941 1091 1224 1145 manduca.
1247 1092 1339 1145 Ait
1358 1101 1536 1145 autem
1557 1091 1781 1146 Petrus:
1850 1093 2031 1159 Absit,

457 1175 705 1239 Domine,
736 1177 862 1245 quia
895 1195 1171 1248 nunquam
1209 1181 1530 1237 manducavi
1565 1197 1725 1236 omne
1747 1197 2032 1239 commune

458 1274 512 1320 et
546 1267 907 1323 immundum.
946 1269 1014 1324 Et
1048 1286 1152 1324 vox
1188 1270 1385 1325 iterum
1415 1271 1483 1324 ad
1514 1287 1636 1326 eum
1680 1289 1694 1325 :
1735 1271 1866 1338 Quae
1893 1275 2033 1329 Deus

458 1355 799 1426 puriﬁcavit,
858 1367 914 1414 tu
963 1360 1272 1415 communia
1324 1374 1391 1414 ne
1444 1360 1780 1416 dixeris".r
1839 1361 1897 1416 In
1946 1363 2033 1418 his

457 1447 684 1502 adverte
731 1450 1005 1518 quomodo
1058 1450 1254 1507 Petrus
1304 1464 1722 1521 repraesentetur
1761 1465 1821 1509 ut
1847 1453 2035 1510 Judai-

459 1552 650 1595 corum
682 1540 750 1596 de
802 1542 1020 1598 mundis
1053 1552 1108 1597 et
1152 1543 1446 1600 immundis
1493 1546 1693 1600 rituum
1723 1547 1900 1601 adhuc
1933 1548 2033 1602 oh-

464 1631 938 1688 servantissimus.
1014 1633 1147 1701 Quae
1213 1645 1517 1705 sequuntur
1545 1636 1625 1702 ⁶¹⁶,
1689 1637 2034 1692 manifestum

460 1721 678 1778 faciunt
705 1723 854 1778 illum
887 1741 1024 1796 opus
1056 1725 1313 1782 habuisse
1343 1728 1590 1794 visione,
1635 1737 1694 1782 ut
1725 1728 2031 1785 Cornelium

2128 548 2346 618 Σίμωνα
2377 546 2467 598 τὸν
2509 544 2838 614 καλούμενον
2863 546 3089 616 Πέτρον,
3125 564 3142 596 ι
3165 544 3354 616 Ἀνέϐη
3383 544 3596 615 Πέτρος
3625 545 3702 606 είς

2125 639 2186 692 τὺ
2215 637 2460 708 ὑπερῷον
2493 634 2890 708 προσεύξασθαι
2929 639 3058 708 περὶ
3100 637 3249 710 ὥραν
3304 636 3493 706 ἕκτην.
3548 632 3702 700 Ἐγέο

2127 749 2247 784 νετο
2304 731 2361 784 δὲ
2413 729 2769 801 πρόσπεινος,
2823 729 2914 782 καὶ
2946 730 3104 800 ἤθελε
3157 727 3479 798 γεύσασθαι.
3514 727 3704 796 Παρα-

2131 822 2500 886 σκευαζόντων
2549 819 2595 872 δ’
2636 820 2834 885 αὐτῶν,
2865 821 3080 888 ἐγένετο
3120 821 3371 882 ἔκστασις
3400 820 3490 871 ἐπ’
3522 817 3703 882 αὑτὸν,

2131 915 2227 968 καί
2263 913 2456 983 θεωρεῖ
2484 909 2574 963 τὸν
2601 911 2826 982 οὐρανὸν
2857 912 3218 983 ἀνεῳγμένον.
3258 911 3353 964 καὶ
3380 909 3706 963 καταϐαῖνον

2130 1008 2323 1072 σκεῦός
2350 1027 2404 1061 τι
2432 1011 2507 1073 ὡς
2535 1009 2722 1080 ὀθόνην
2757 1005 3018 1077 μεγάλην,
3041 1003 3332 1074 τέσσαρσιν
3366 1004 3569 1074 ἀρχαῖς
3608 1017 3706 1054 κα-

2131 1100 2379 1172 θιέμενον
2409 1103 2520 1174 (45)
2555 1103 2648 1154 ἐπὶ
2679 1100 2779 1169 τῆς
2817 1098 2921 1166 γῆς
2943 1137 2957 1160 ,
2994 1098 3053 1149 ὲν
3169 1095 3382 1166 ὑπῆρχε
3429 1095 3611 1148 πάντα
3638 1094 3706 1147 τά

2129 1190 2435 1261 τετράποδα
2458 1189 2552 1242 καὶ
2582 1188 2787 1260 ἑρπετὰ
2808 1186 2907 1255 τῆς
2931 1187 3034 1256 γῆς
3064 1185 3159 1238 καὶ
3187 1183 3410 1238 πετεινὰ
3433 1182 3531 1236 τοῦ
3558 1184 3709 1254 οὐρα-

2133 1280 2248 1336 νοῦ.
2280 1282 2391 1334 Καὶ
2425 1280 2642 1349 ἐγένετο
2670 1279 2820 1348 φωνὴ
2854 1277 2990 1348 πρὸς
3017 1275 3179 1330 αὐτόν
3201 1292 3214 1305 ⁸
3260 1274 3562 1338 Ἀναστὰς,
3606 1274 3708 1330 Πέ-

2131 1389 2261 1443 τρε,
2293 1370 2453 1423 θῦσον
2476 1372 2566 1423 καὶ
2590 1371 2748 1438 φάγε.
2788 1368 2845 1421 '0
2872 1367 2927 1419 δὲ
2955 1367 3162 1437 Πέτρος
3194 1361 3312 1419 εἷπε
3335 1405 3351 1430 ,
3383 1364 3670 1436 Μηδαμῶς
3688 1404 3706 1431 ,

2134 1462 2304 1534 Κύριε
2325 1503 2339 1526 ,
2372 1462 2454 1515 ὅτι
2481 1461 2733 1514 οὐδέποτε
2763 1458 2964 1528 ἔφαγον
2993 1459 3103 1511 πᾶν
3132 1458 3308 1512 κοινὸν
3336 1458 3434 1511 καὶ¹
3464 1456 3708 1528 ἀκάθαρ-

2132 1571 2243 1607 τον.
2286 1552 2396 1606 Καὶ
2424 1551 2575 1622 φωνὴ
2618 1553 2682 1604 ὲκ
2715 1551 2966 1621 δευτέρου
2996 1549 3134 1620 πρὸς
3166 1549 3357 1602 αὐτόν·
3419 1547 3489 1600 ’Ἀ
3519 1549 3548 1600 ὁ
3581 1547 3708 1610 Θεὸς

2137 1647 2428 1720 ὲκαθάρισε
2451 1646 2584 1718 (44),
2618 1646 2680 1699 σὺ
2708 1644 2780 1714 μὴ
2809 1644 3008 1698 κοίνου.
3037 1661 3056 1694 ι
3094 1643 3235 1713 Ὅρα
3258 1641 3368 1711 γὰρ
3394 1642 3454 1695 ὲν
3479 1638 3706 1704 τούτοις,

2135 1738 2256 1793 τίνα
2282 1739 2481 1809 τρόπον
2513 1736 2842 1806 παρίσταται
2886 1733 2956 1787 τὰ
3000 1732 3267 1786 Ἰουδαϊκὰ
3296 1731 3392 1802 ἔθη
3437 1729 3570 1802 περὶ
3610 1747 3708 1783 κα-

459 1816 724 1885 sanguine
769 1830 876 1870 non
907 1816 1232 1884 lsraelitam,
1260 1830 1315 1873 et
1349 1834 1442 1874 eos
1479 1820 1572 1889 qui
1609 1835 1731 1874 cum
1763 1837 1828 1876 eo
1853 1830 2028 1885 erant,

2139 1825 2314 1898 θαρῶν
2343 1828 2436 1880 καὶ
2465 1824 2786 1895 ἀκαθάρτων
2829 1821 2909 1875 ἔτι
2949 1821 3132 1892 τηρῶν
3163 1824 3190 1874 ό
3222 1820 3451 1890 Πέτρος.
3497 1818 3609 1872 Καὶ
3649 1820 3708 1870 ἐκ

462 1907 722 1962 doctrina:
747 1909 872 1964 ﬁdei
901 1912 1194 1983 participes
1223 1913 1428 1968 faceret
1455 1933 1468 1968 :
1504 1914 1701 1984 quippe
1731 1913 1950 1970 Iudaeus
1980 1929 2034 1972 et

461 2013 527 2052 cx
565 1996 807 2054 Judaicis
856 2001 1246 2058 traditionibus
1294 2005 1459 2058 vitam
1491 2008 1736 2077 exigens,
1790 2017 2035 2062 contem-

463 2090 629 2144 nebat
676 2106 1029 2162 quoscunque
1065 2105 1217 2148 extra
1267 2095 1606 2152 Judaismum
1655 2100 1931 2155 vivebant.
1968 2101 2035 2155 Et

462 2180 662 2237 Paulus
688 2183 740 2235 in
769 2198 864 2237 sua
903 2183 970 2239 ad
1006 2183 1227 2240 Galatas
1261 2187 1504 2257 Epistola
1540 2200 1769 2244 testatur
1814 2191 2031 2244 Petrum

465 2278 612 2324 metu
661 2269 1007 2338 Iudaeorum,
1048 2288 1171 2328 cum
1219 2273 1455 2330 Jacobus
1504 2277 1570 2330 ad
1600 2291 1721 2330 eum
1775 2277 2032 2340 venisset,

463 2378 587 2416 cum
625 2364 878 2431 gentibus
905 2365 1067 2418 edere
1092 2365 1347 2433 desiisse,
1379 2384 1398 2418 ι
1423 2382 1590 2436 seque
1621 2368 1688 2423 ab
1714 2368 1820 2423 illis
1848 2383 2034 2438 segre-

465 2469 624 2523 gasse
649 2495 663 2516 ,
705 2455 984 2510 timentem
1037 2457 1203 2527 387
1259 2473 1353 2513 eos
1381 2459 1471 2527 qui
1509 2474 1579 2513 ex
1616 2460 2035 2514 circumcisione

463 2546 736 2612 erant",t
777 2545 1025 2616 idemque
1068 2543 1313 2616 reliquos
1361 2549 1577 2605 Judazos
1622 2561 1676 2603 et
1727 2549 2034 2605 Barnabam

462 2631 683 2689 fecisse.
731 2635 910 2706 Atque
963 2651 1392 2694 consentaneum
1430 2649 1554 2694 erat
1597 2655 1691 2695 eos
1720 2655 1749 2693 a
1794 2641 2035 2697 .ludaicis

461 2725 661 2782 ritibus
691 2743 798 2783 non
849 2729 1153 2796 discedere,
1200 2733 1292 2800 qui
1327 2733 1394 2786 ad
1439 2731 1658 2787 .ludaeos
1717 2743 1826 2786 tttm
1883 2735 2034 2789 missi

462 2815 711 2884 fuerant,
773 2835 936 2874 «cum
970 2821 1006 2876 ii
1060 2824 1152 2893 qui
1197 2825 1524 2879 videbantur
1571 2825 1836 2880 columna:
1886 2841 2031 2892 csse,

465 2908 685 2964 dextras
715 2911 979 2967 dederunt
1011 2913 1177 2969 Paulo
1198 2925 1252 2970 et
1279 2915 1540 2971 Barnabae
1568 2917 1869 2983 societatis,
1899 2917 2023 2985 ipsi-

463 3015 568 3067 que
599 3001 653 3054 in
684 3002 1156 3060 circuntcisionem
1187 3006 1439 3061 abierunt
1460 3006 1527 3070 ⁷⁸,
1557 3026 1574 3058 ι
1605 3017 1662 3059 ut
1682 3005 1756 3059 illi
1789 3008 2038 3076 gentibus

465 3090 816 3162 Evangelium
867 3097 1273 3151 annuntiarent.
1357 3096 1424 3150 Et
1488 3097 1616 3165 quid
1665 3096 1786 3150 dico
1832 3113 1927 3153 eos
1978 3115 2038 3154 se

463 3187 713 3256 gentibus
748 3188 1108 3253 subtraxisse,
1157 3190 1246 3258 qui
1295 3187 1509 3243 Judzeos
1550 3188 1902 3261 Evangelium
1937 3191 2033 3244 do-

464 3278 708 3334 cebant?
776 3278 888 3334 Imo
929 3279 1130 3334 Paulus
1209 3279 1406 3336 Judzeis
1446 3279 1662 3336 Iudaeus
1707 3283 1880 3339 factus
1925 3294 2031 3350 est,

465 3378 525 3424 ut
553 3369 768 3425 Judazos
799 3368 1103 3424 lucraretur
1127 3370 1197 3426 ".
1249 3369 1364 3436 Qua
1395 3372 1462 3427 de
1503 3388 1665 3428 causa
1701 3381 1755 3428 et
1797 3373 1942 3442 ipse,
1973 3384 2032 3428 ut

464 3462 518 3516 in
576 3463 726 3517 Actis
773 3462 1141 3532 apostolorum
1187 3474 1441 3519 narratur
1461 3466 1532 3530 ⁸ο,
1585 3466 1914 3520 oblationem
1965 3467 2030 3520 ad

463 3552 636 3607 altare
658 3553 893 3618 obtulit,
925 3562 984 3608 ut
1029 3551 1230 3608 Judmis
1258 3553 1610 3622 persuaderet
1641 3571 1700 3610 se
1743 3555 1878 3625 legis
1924 3570 2028 3609 non

463 3657 587 3699 esse
611 3643 970 3698 desertorem.
1009 3641 1134 3696 llaec
1157 3643 1336 3696 omnia
1362 3642 1410 3696 si
1439 3652 1621 3697 nosset
1669 3644 1884 3710 Celsus,
1924 3660 2029 3699 non

463 3734 549 3790 his
610 3735 788 3789 verbis
841 3733 1027 3788 ﬁdeles
1084 3749 1148 3787 ex
1183 3731 1384 3787 ludatis
1436 3732 1832 3800 interpellasset
1876 3734 2032 3790 [ictus

463 3827 531 3880 ab
575 3825 666 3879 illo
719 3825 936 3880 Judaeus
968 3842 982 3879 :
1015 3823 1189 3888 «Quae
1241 3839 1336 3877 vos
1389 3822 1724 3890 intemperiae
1781 3825 2030 3895 agebant,

463 3917 689 3980 ocives,
732 3926 790 3970 ut
843 3917 1076 3985 patriam
1117 3917 1289 3985 legem
1334 3914 1734 3983 relinqueretis,
1760 3924 1814 3970 et
1834 3915 1901 3968 ab
1940 3916 2032 3970 illo

464 4022 625 4078 quem
651 4008 810 4062 modo
841 4007 1272 4077 alloquebamur,
1324 4005 1504 4062 allecti
1557 4021 1779 4076 prorsus
1809 4007 2032 4063 ridicule

1134 4146 1180 4176 ⁷⁸
1219 4146 1379 4213 lbid.,
1411 4145 1501 4202 54.
1575 4145 1619 4177 ⁷⁷
1658 4145 1777 4201 Gal.
1825 4163 1888 4214 tt,
1922 4148 2012 4205 12.

463 4262 554 4331 qui
583 4260 924 4316 Christianos
953 4274 1073 4315 esse
1099 4272 1158 4313 se
1196 4256 1716 4331 sitnulattt?‘Usque
1744 4258 1906 4331 hodie
1930 4274 2027 4328 per

461 4325 605 4388 {otas
647 4331 884 4386 Orientis
915 4344 1218 4401 synagogas
1248 4325 1640 4401 interdudmos
1666 4325 1890 4383 btet‘esis
1921 4325 2024 4395 est,

461 4418 584 4470 qum
607 4401 806 4455 dicitur
840 4398 1143 4454 Mitt'eoruni
1161 4441 1176 4463 ,
1212 4408 1261 4452 et
1298 4414 1326 4452 a
1361 4398 1647 4452 Pharisaais
1679 4413 1822 4452 nunc
1855 4413 2028 4470 usque

535 4144 579 4177 ⁷³
613 4147 735 4200 Act.
765 4161 818 4212 x,
851 4145 884 4200 9
906 4160 1060 4216 seqq.

465 4469 778 4563 damlnatur,
817 4487 960 4563 tripos
1009 4470 1485 4563 vulgg'itNazaEuos
1535 4478 1885 4563 nuncuparit,
1933 4469 2025 4549 qui
2059 4503 2108 4563 Β

403 4553 412 4560 ’
463 4543 691 4596 credunt
739 4542 790 4594 in
816 4542 1092 4595 Christum
1120 4539 1312 4594 Filium
1343 4539 1456 4604 Dei,
1490 4551 1675 4590 natum
1710 4540 1775 4591 de
1808 4539 2029 4604 Virgine

463 4611 665 4674 Maria,
696 4620 750 4666 et
790 4627 914 4664 eum
952 4613 1142 4664 dicunt
1180 4625 1319 4672 esse,
1345 4610 1439 4678 qui
1484 4611 1582 4661 sub
1630 4607 1823 4661 Pontio
1861 4607 2030 4662 Pilato

462 4697 656 4751 passus
686 4692 768 4735 est
795 4693 848 4736 et
879 4682 1196 4745 resurrexit,
1230 4680 1280 4751 in
1319 4695 1476 4747 quem
1511 4688 1692 4751 ethos
1717 4679 2027 4751 credimus;

465 4747 557 4805 sed
584 4791 598 4813 ,
640 4752 766 4804 dum
810 4753 993 4805 volunt
1033 4762 1085 4804 et
1116 4750 1282 4804 Judaei
1317 4765 1438 4803 esse
1477 4757 1528 4800 el
1557 4747 1887 4810 Christiani,
1932 4762 2032 4802 nec

464 4819 631 4873 Judaei
656 4829 801 4880 sunt,
830 4837 926 4875 nec
948 4821 1257 4874 Christiani.
1283 4839 1300 4871 ι
1338 4820 1500 4888 Aug.,
1528 4817 1726 4869 Deltazr
1756 4834 1774 4879 ;
1799 4817 2029 4880 Theod.,

465 4889 558 4942 lib.
591 4905 628 4941 ll
666 4889 739 4943 De
782 4894 908 4944 Itwr.
955 4892 1086 4952 fub.;
1125 4890 1312 4959 Cypr.,
1362 4889 1602 4959 Eatposit.
1634 4892 1804 4959 symg.
1833 4898 2030 4959 opust;

464 4958 639 5022 0rig.,
686 4959 737 5010 in
777 4977 895 5027 cap.
944 4977 1011 5012 xv
1059 4957 1244 5014 Matth.
1308 4959 1484 5014 Credo
1535 4958 1700 5027 etiam
1746 4957 2033 5027 Ebionazos

464 5027 670 5091 διττούς
702 5026 854 5095 apud
891 5029 1177 5098 Origcncm
1228 5031 1348 5083 ideo
1381 5026 1718 5098 nuncupari,
1753 5029 1896 5098 quod
1929 5026 2035 5080 Na-

466 5101 623 5150 z:tr:r.i
673 5114 791 5150 cum
840 5096 1106 5152 Ebionatis
1156 5100 1601 5153 consuetudinem
1657 5096 1945 5164 aliqualem
1980 5107 2033 5150 et

467 5168 892 5220 familiaritatem
929 5174 1325 5233 contraxerint;
1377 5169 1498 5220 audi
1551 5165 1843 5233 l“.piphan.,
1897 5168 2029 5220 ltzer.

465 5238 535 5310 ὃς)
568 5257 579 5290 ι
616 5237 813 5310 Δ’ἸΞ-νθεν
848 5238 1070 5310 ἄρχεται
1232 5240 1404 5308 κακῆς
1438 5235 1599 5310 αύτοῦ
1653 5236 2032 5310 διδασκαλίας,

466 5308 584 5360 ὅθεν
610 5307 766 5381 δᾉῆθεν
800 5307 895 5381 καῖ
923 5307 997 5381 oi
1031 5309 1337 5381 Ναζαρηνοὶ
1364 5307 1428 5381 ίοὶ
1456 5308 1652 5381 ἄνομοι-
1673 5307 2037 5381 προδεδήλων-

465 5394 571 5429 ται.
611 5378 904 5446 Συναφθεὶς
944 5380 1050 5448 γὰρ
1084 5375 1525 5442 οῦτύςέκείνοις,
1554 5375 1665 5448 ςκαι
1693 5375 1896 5448 ἐκεῖνοι
1916 5377 2036 5429 τού-

465 5448 876 5520 τῳηὲκάτερος
921 5447 1030 5502 ἀπὸ
1074 5453 1171 5520 τῆς
1205 5450 1394 5503 ἑαυτοῦ
1440 5447 1736 5519 μοχθηρίας
1759 5447 2036 5520 τῷλέτέρῳ

471 5517 758 5600 μετέδωκε.
787 5517 928 5600 V'Kal
966 5517 1307 5600 διαφέρονται
1365 5517 1459 5590 μὲν
1506 5517 1891 5600 έὲτεριοέςμπρὸς
1916 5517 2035 5600 ,τὸν

464 5585 651 5663 ἓτερον
680 5589 941 5663 κατάλτιμ,
1002 5585 1078 5642 ἐν’
1191 5596 1253 5663 τῇ
1303 5585 1568 5663 κακονοίᾳ-
1598 5585 1854 5663 ἀλλήλους
1905 5589 2036 5663 ἁπε-

473 5604 553 5639 ιτε
593 5604 651 5638 ον
680 5604 818 5640 κατα
851 5607 941 5653 τι,
1002 5605 1057 5642 εν
1106 5604 1162 5644 οε
1191 5604 1253 5663 τῇ
1303 5604 1556 5659 κακονοίᾳ
1598 5604 1854 5657 αΑΛηΑους
1905 5605 2036 5641 απε-

473 5604 730 5732 μάὲαντο.
777 5678 794 5709 ι
825 5659 948 5732 Inde
978 5662 1193 5732 pessimi
1245 5661 1572 5732 praedicandi
1618 5656 1885 5725 degulatis
1933 5659 2038 5732 ini-

476 5725 1080 5802 tium_sumpsit,gunde
1112 5741 1167 5785 et
1201 5725 1395 5802 impios
1416 5801 1421 5802 ί
1444 5730 1753 5802 Nazareuos
1807 5728 2038 5802 coepisse

473 5795 787 5857 docuimus:
815 5800 991 5857 Ambo
1033 5801 1202 5868 enim,
1250 5795 1458 5862 collatis
1490 5800 1630 5858 inter
1662 5811 1722 5855 se
1761 5795 2036 5874 capitulis,

2087 4152 2132 4184 ⁷⁸
2168 4150 2328 4214 lbid.,
2362 4149 2415 4204 9.
2488 4149 2534 4179 "’
2576 4148 2590 4201 1
2623 4147 2746 4203 Cor.
2773 4162 2848 4211 tx,
2871 4145 2965 4198 (ὶῦ.

2133 1917 2239 1971 τῶν
2281 1915 2406 1986 ἑξῆς
2439 1901 2724 1986 δηλοῦται,
2780 1914 2862 1967 ὅτι
2909 1910 3172 1974 ὀπτασίας
3202 1909 3399 1980 ἐδεήθη
3421 1948 3437 1972 ,
3484 1909 3573 1961 ἵνα
3604 1925 3709 1960 κοι-

2134 2010 2348 2082 νωνήσῃ
2385 2008 2492 2060 τῶν
2531 2006 2702 2075 λόγων
2732 2006 2831 2076 τῆς
2860 2005 3094 2068 πίστεως
3132 2003 3210 2074 τῷ
3243 2001 3316 2073 μὴ
3357 2001 3505 2055 κατὰ
3537 2001 3708 2072 σάρκα

2148 2096 2449 2168 Ἰσραηλίτῃ
2503 2092 2786 2164 Κορνηλίῳ
2832 2091 2926 2145 καὶ¹
2966 2093 3078 2152 τοῖς
3124 2090 3220 2142 σῦν
3267 2088 3458 2159 αὐτῷ,
3511 2086 3588 2148 ὡς
3633 2087 3706 2139 ἔτι

2147 2194 2396 2256 Ἰουδαῖος
2417 2233 2430 2255 ,
2459 2193 2552 2245 καὶ
2585 2189 2726 2245 κατὰ
2754 2191 2853 2253 τὰς
2888 2188 3156 2242 Ἰουδαίων
3203 2187 3536 2261 παραδόσεις
3584 2182 3706 2249 ζῶν,

2134 2283 2490 2355 καταφρονῶν
2534 2283 2641 2336 τῶν
2692 2281 2794 2346 ἔξω
2842 2279 2934 2334 τοῦ
2987 2276 3342 2350 Ἰουδαῖσμοῦ.
3415 2277 3528 2331 Καὶ
3558 2277 3614 2329 ὲν
3645 2275 3708 2346 τῇ

2135 2377 2270 2447 πρὸς
2294 2375 2537 2438 Γαλάτας
2567 2376 2621 2428 δὲ
2651 2373 2903 2444 ἐπιστολῇ
2939 2372 3150 2434 Παῦλος
3179 2371 3453 2443 ἐμφαίνει,
3499 2371 3580 2423 ὅτι
3607 2365 3705 2420 Πέ-

2134 2486 2293 2540 τρος,
2326 2468 2404 2520 ἔτι
2447 2467 2780 2536 φοϐούμενος
2821 2465 2950 2527 τοὺς
2997 2461 3312 2523 Ἰουδαίους,
3365 2458 3707 2528 παυσάμενος

2133 2558 2225 2610 τοῦ
2281 2556 2418 2628 μετὰ
2465 2556 2572 2610 τῶν
2606 2555 2774 2610 ἐθνῶν
2808 2552 3126 2616 συνεσθίειν,
3161 2552 3406 2614 ἐλθόντος
3457 2548 3707 2604 Ἰακώϐου

2137 2649 2274 2720 πρὸς
2332 2646 2522 2711 αὐτὸν,
2592 2645 2903 2718 ιάφώριξεν
2953 2643 3145 2698 ἑαυτὸν
3198 2643 3306 2697 ἀπὸ
3354 2643 3465 2695 τῶν
3521 2640 3703 2698 ἐθνῶν.

2137 2740 2466 2813 φοϐούμενος
2499 2740 2627 2802 τοὺς
2659 2741 2724 2792 ὲκ
2752 2738 2854 2806 τῆς
2903 2736 3201 2808 περιτομῆς
3221 2751 3235 2766 ⁸
3261 2755 3282 2788 ι
3339 2734 3434 2788 καὶ
3477 2731 3540 2785 τὸ
3584 2730 3707 2784 αὐτὸ

2137 2833 2498 2902 πεποιήκασιν
2523 2829 2670 2900 αὐτῷ
2699 2831 2747 2882 οἱ
2785 2829 2960 2881 λοιποὶ
2995 2827 3233 2880 Ἰουδαῖοι
3281 2825 3376 2879 καὶ
3407 2824 3702 2896 Βαρνάϐας.

2137 2924 2248 2977 Καὶ
2261 2922 2547 2976 ἀκόλουθόν
2568 2938 2630 2989 γε
2646 2916 2712 2991 ἦν
2734 2918 2805 2990 μὴ
2823 2919 3119 2989 ἀποστῆναι
3134 2916 3241 2969 τῶν
3257 2915 3561 2970 Ἰουδαϊκῶν
3579 2913 3704 2968 ἐθῶν

2138 3013 2264 3074 τοὺς
2295 3012 2374 3073 είς
2406 3009 2505 3079 τὴν
2535 3007 2833 3080 περιτομὴν
2873 3007 3274 3070 ἀποσταλέντας
3296 3047 3310 3070 ,
3371 3025 3389 3057 ι
3417 3007 3505 3058 ὅτε
3533 3007 3582 3058 οί
3621 3005 3698 3057 60-

2141 3102 2357 3164 κοῦντες
2390 3100 2569 3153 στύλοι
2597 3095 2732 3152 εἶναι
2762 3098 2940 3163 δεξιὰς
2971 3098 3174 3151 ἔδωκαν
3206 3098 3406 3168 Παύλῳ
3437 3097 3532 3151 καὶ
3567 3098 3703 3168 Βαρ-

2140 3194 2278 3264 νάϐᾳ
2301 3191 2614 3254 κοινωνίας,
2644 3191 2798 3243 αὐτοὶ
2827 3192 2904 3252 είς
2935 3187 3031 3258 τήν
3058 3188 3360 3258 περιτομὴν
3392 3188 3697 3250 ἀπιόντες.»

2139 3287 2205 3339 't'v‘
2257 3288 2452 3338 ἐκεῖνοι
2503 3286 2614 3346 τοῖς
2657 3283 2832 3336 ἔθνεσι
2875 3279 3170 3353 κηρύξωσι.
3225 3281 3291 3332 Τί
3331 3279 3390 3333 δὲ
3433 3278 3592 3347 λέγω,
3624 3278 3700 3331 ὅτι

2137 3378 2184 3428 οἱ
2233 3374 2596 3446 κηρύσσοντες
2637 3374 2716 3435 εἰς
2755 3373 2851 3444 τὴν
2896 3371 3194 3442 περιτομὴν
3225 3369 3546 3424 ὑπέστελλον
3588 3371 3703 3422 ἑαυη

2136 3468 2262 3528 τοὺς
2286 3467 2394 3519 ἀπὸ
2425 3465 2532 3518 τῶν
2560 3463 2728 3516 ἐθνῶν
2767 3464 2860 3516 καὶ
2887 3461 3195 3534 άφώριζον;
3236 3462 3328 3514 ὅτε
3373 3460 3468 3514 καὶ
3497 3459 3650 3523 αὐτὸς
3674 3460 3702 3511 δ

2137 3555 2348 3620 Παῦλος
2391 3559 2503 3618 τοῖς
2547 3554 2818 3615 Ἰουδαίοις
2857 3551 3107 3615 Ἰουδαῖος
3158 3551 3389 3618 ἐγίνετο,
3436 3551 3523 3604 ἵνα
3581 3551 3701 3602 Ἰου-

2135 3646 2314 3709 δαίους
2361 3645 2616 3716 κερδήσῃ.
2671 3643 2760 3696 Διὸ
2809 3643 2885 3705 ὡς
2929 3642 3024 3694 καὶ
3066 3643 3121 3694 ὲν
3154 3643 3272 3704 ταῖς
3317 3639 3553 3711 Πράξεσι
3600 3638 3700 3691 τῶν

2139 3738 2449 3791 ἀποστόλων
2478 3736 2804 3806 γέγραπται,
2845 3733 2938 3785 καὶ
2983 3731 3296 3804 προσφοράν
3344 3732 3700 3802 προσήνεγκεν

2138 3829 2228 3880 ἐπὶ
2261 3828 2321 3880 τὸ
2367 3827 2770 3898 θυσιαστήριον,
2803 3824 2889 3876 ἵνα
2930 3821 3089 3893 πείσῃ
3133 3821 3421 3885 Ἰουδαίους
3462 3822 3584 3893 περὶ
3609 3818 3696 3872 τοῦ

2142 3921 2215 3990 μὴ
2272 3916 2411 3972 εἶναι
2463 3917 2772 3987 ἀποστάτης
2813 3916 2997 3986 νόμου.
3064 3912 3250 3968 Ταῦτα
3310 3915 3368 3967 δὲ
3433 3915 3599 3967 πάντα
3651 3913 3696 3963 εί

2140 4011 2397 4064 ἐπίστατο
2424 4010 2451 4060 ό
2497 4009 2734 4073 Κέλσος,
2783 4007 2881 4058 οὐκ
2923 4004 2989 4058 ἂν
3017 4005 3568 4076 έπροσωποποιήσατο
3612 4000 3695 4056 τὸν

3041 4143 3086 4175 ⁸ο
3124 4142 3248 4200 Act.
3279 4157 3450 4207 xxvu,
3481 4140 3566 4194 26.

2133 4277 2290 4318 suam
2321 4261 2457 4315 alter
2487 4275 2606 4314 cum
2656 4259 2826 4313 altero
2861 4257 3262 4320 improbitatem
3297 4269 3362 4309 ac
3414 4252 3690 4322 nequitiam

2133 4332 2576 4388 comnmnicavit.
2616 4329 2795 4398 Atque
2826 4327 2932 4398 etsi
2962 4327 3360 4397 quadamtenus
3391 4339 3420 4398 ιι
3450 4339 3508 4398 se
3541 4322 3694 4398 multo

2135 4403 2475 4463 dissideant,
2530 4401 2582 4454 in
2614 4393 2996 4466 excogitando'
3027 4407 3205 4450 tamen
3239 4395 3572 4466 pravissimo
3599 4393 3686 4446 doc

2133 4483 2312 4538 gmate
2341 4487 2458 4523 sese
2485 4469 2714 4523 invicem
2743 4464 3152 4538 expresserunt.
3181 4465 3304 4538 {Et
3328 4464 3485 4538 patth
3508 4474 3688 4538 antea;

2135 4530 2484 4612 Σαμαρειτῶν
2515 4541 2611 4607 μὲν
2634 4538 2740 4612 γὰρ
2772 4530 2883 4612 εχει
2908 4537 2969 4612 "to
3009 4534 3290 4612 ᾗδελυρὸν,
3335 4531 3591 4612 Ἰουδαίων
3637 4530 3689 4582 δὲ

2133 4602 2426 4681 τὸᾟνόμα,
2477 4602 2736 4681 Ὀσσαίων
2780 4602 2835 4661 δέ
2873 4608 2965 4681 καί
3009 4602 3365 4681 ΝαζωραίωνΔ
3387 4602 3691 4681 καὶ-’Νασα-

2137 4683 2304 4755 ραίων
2333 4670 2428 4755 τήν
2461 4680 2684 4755 γνώμην
2704 4719 2718 4742 ,
2763 4676 3149 4755 Κηρινθιανῶν.
3178 4670 3246 4755 eo
3289 4670 3456 4738 εἶδος,
3475 4674 3693 4755 ,Καρπο-

2136 4740 2440 4824 κρατιανῶν
2474 4740 2590 4821 ’τὴν
2630 4740 3019 4824 κακοτροπίαν,
3069 4747 3161 4824 καὶ
3204 4743 3536 4824 Χριστιανῶν
3577 4740 3689 4810 βού-

2135 4815 2283 4875 λεται
2312 4821 2452 4891 ἔχειν
2478 4815 2576 4890 τὴν
2605 4815 2993 4892 προσηνορίαν..
3041 4836 3057 4867 ι
3080 4815 3211 4892 Nam
3246 4815 3687 4892 Samaritanorum

2137 4884 2402 4958 impuram
2429 4884 2869 4959 superstitionem
2905 4887 3198 4959 affectavit.
3239 4887 3283 4959 Α
3313 4884 3508 4959 ,Ιυιίθςίε
3540 4894 3688 4959 ροτςο

2137 4954 2333 5017 nomen
2371 4954 2618 5030 aet-epit;
2677 4961 2742 5014 ab
2774 4957 2994 5030 Osszeis,
3036 4956 3318 5030 Nazormis
3361 4964 3413 5007 et
3444 4954 3689 5030 Misarteis

2138 5033 2408 5098 dogmata.
2446 5023 2922 5085 Cérin'tbianorutn
2966 5027 3460 5100 deindeAI'ormam,
3490 5023 3684 5100 _Carpo-

2137 5095 2502 5154 eratianornm
2577 5100 2907 5167 nequitiam,
2981 5096 3414 5151 Christianorum
3473 5095 3685 5157 denique

2137 5171 2547 5241 appellationem
2581 5185 2843 5241 usurpare
2883 5167 3230 5241 contendit.»
3291 5168 3552 5241 lit-Emerui.

2209 5233 2318 5309 (49.)
2363 5233 2726 5294 llteschelins'
2748 5240 2798 5293 in
2835 5249 2986 5294 textu
3021 5238 3215 5298 habet,
3247 5233 3429 5309 αὐτοῦ,
3464 5234 3685 5309 Speucc-

2139 5306 2229 5364 rus
2263 5310 2428 5380 αὐτῷ,
2476 5311 2699 5374 rectius,
2736 5310 2919 5377 sicque
2947 5322 3136 5380 otnnes
3164 5321 3316 5370 mss.,
3346 5306 3389 5380 si
3427 5306 3686 5368 excepet'is

2135 5376 2492 5449 Anglicanam
2545 5383 2776 5445 primum
2833 5376 2888 5434 et
2939 5377 3234 5442 Jolianum,
3273 5376 3363 5444 qui
3423 5384 3686 5436 utramque

2137 5451 2421 5504 lectionem
2447 5451 2725 5504 exhibent.

2210 5521 2315 5590 (ίὸ)
2357 5521 2559 5574 Omnes
2587 5521 2742 5575 codd.
2773 5536 2927 5584 mss.,
2968 5519 3258 5590 τέσσαρσιν
3303 5516 3488 5585 ἀρχαῖς
3518 5505 3685 5590 καθιέ-

2142 5583 2319 5662 μενον.
2355 5591 2611 5659 Vulgatus
2638 5594 2898 5662 Actorum
2918 5583 3104 5646 textus
3125 5583 3151 5654 ,’
3183 5583 3466 5656 τέσσαρσιν
3507 5583 3683 5654 ἀρχαῖς

2136 5660 2414 5733 δεδεμένον
2454 5663 2545 5714 καὶ
2568 5660 2928 5733 καθιέμενίὲνσν
3186 5727 3221 5733 --
3306 5729 3316 5733 -
3543 5719 3578 5733 “
3640 5715 3651 5726 ⁸

2211 5719 2321 5799 (lt)
2367 5729 2536 5784 Vetus
2585 5719 2753 5787 cades
2817 5730 3146 5789 Vaticanus.
3186 5727 3384 5800 Regius
3442 5734 3491 5781 et
3543 5719 3682 5776 Busi-

2139 5802 2336 5860 leensis
2359 5841 2372 5868 ,
2410 5803 2718 5876 ὲκαθάρισε.
2770 5802 3004 5874 Reliqui,
3043 5799 3298 5874 ἐκάθηρε.
