3902 6414
291 363 375 419 197
1425 370 1706 428 CONTRA
1742 372 2018 430 CELSUM
2058 375 2186 432 LIB.
2221 375 2286 432 Il.

3392 383 3499 440 798

291 475 524 530 Ἰουδαῖον
554 475 784 546 λέγοντα
831 478 965 549 πρὸς
1015 483 1140 544 τοὺς
1185 483 1295 537 ἀπὸ
1360 485 1692 559 Ἰουδαϊσμοῦ
1740 507 1831 542 πι-

1937 492 2346 562 deciperemini,
2370 503 2424 549 et
2453 509 2482 549 a
2513 495 2669 550 nobis
2705 495 2758 550 in
2803 495 2951 550 aliud
2999 511 3193 552 nomen
3230 493 3500 566 aliamque

279 566 548 632 στεύεντας
587 570 687 622 τό’
728 589 746 622 ι
777 571 841 624 Τί
889 571 1180 637 παθόντες,
1225 569 1270 628 ὧ
1311 576 1558 645 πολῖται,
1616 580 1830 632 κατελί-

1939 583 2100 636 vitam
2138 585 2598 655 transfugeretis?
2630 588 2666 654 »ἶ

277 677 396 714 πετε
432 660 520 716 τὸν
558 663 789 734 πάτριον
847 666 1040 737 νόμον,
1083 671 1178 722 καὶ
1247 671 1339 723 ὑπ’
1386 673 1618 737 ἐκείνου,
1664 675 1802 746 πρὸς
1844 676 1904 729 ὃν
1939 676 2063 748 ἄρτι
2109 678 2465 750 διειλέγμεθα,
2513 681 3034 754 ψυχαγωγηθέντες,
3093 682 3232 736 πάνυ
3278 681 3501 753 γελοίως

278 754 665 827 ἐξηπατήθητε,
730 760 825 811 καὶ
879 761 970 829 ἀφ’
1015 763 1171 832 ἡμῶν
1219 765 1704 839 ἀπηυτομολήσατε
1749 773 1827 834 είς
1871 771 1999 825 ἄλλο
2025 773 2195 844 ὄνομα
2223 777 2314 828 καὶ
2346 778 2426 840 είς
2457 775 2611 831 ἀλλον
2660 777 2805 848 βίους
2844 798 2863 830 ι

274 843 279 884 ί
349 849 493 901 Ἐπεὶ
538 849 583 902 δ’
613 849 764 915 ἅπαξ
811 853 1109 924 γεγόναμεν
1149 857 1206 908 ἐν
1230 857 1306 927 τῷ
1335 861 1463 930 περὶ
1491 859 1584 912 τοῦ
1625 863 1832 932 Πέτρου

277 939 404 1008 λόγῳ
435 940 526 993 καὶ
553 940 662 994 τῶν
692 940 1014 1007 διδαξάντων
1058 947 1185 1008 τοὺς
1227 948 1287 1001 ὲν
1329 952 1395 1020 τῇ
1439 955 1710 1023 περιτομῇ
1742 954 1833 1006 τὸν

279 1030 708 1102 Χριστιανισμὸν,
737 1034 835 1086 οὐκ
859 1034 1057 1089 ἄτοπον
1083 1038 1323 1109 ἡγοῦμαι
1367 1042 1707 1111 παραθέσθαι
1739 1045 1831 1099 τοῦ

289 1121 448 1190 Ἰησοῦ
475 1139 595 1176 τινα
623 1125 808 1196 φωνὴν
840 1127 948 1180 ἀπὸ
987 1127 1081 1180 τοῦ
1124 1129 1266 1183 κατὰ
1307 1132 1556 1204 Ἰωάννην
1585 1135 1831 1204 Εὐαγγε-

277 1209 377 1262 λὶου
423 1211 515 1265 καὶ
561 1212 661 1285 τὴν
701 1215 952 1289 διήγησιν
989 1218 1177 1290 αὐτῆς.
1217 1221 1527 1293 Γέγραπται
1559 1224 1623 1296 δὴ
1669 1225 1830 1279 αὐτὸν

279 1303 568 1374 εἰρηκέναι·
607 1325 626 1357 ι
674 1307 796 1361 Ἔτι
842 1309 1012 1363 πολλὰ
1053 1310 1162 1381 ἔχω
1207 1311 1385 1382 λέγειν
1445 1315 1594 1385 ὑμῖν,
1625 1315 1739 1369 ἀλλ’
1767 1317 1827 1368 οὐ

273 1392 485 1448 δύνασθε
539 1395 831 1467 βαστάζειν
879 1401 1022 1474 ἄρτι.
1055 1404 1222 1458 Ὅταν
1248 1405 1303 1460 δὲ
1327 1405 1453 1478 ἔλθῃ
1493 1409 1730 1472 ἐκεῖνος,
1768 1409 1832 1463 τὸ

280 1485 484 1557 Πνεῦμα
509 1489 612 1559 τῆς
660 1491 951 1562 ἀληθείας,
982 1495 1233 1568 ὁδηγήσει
1266 1499 1410 1568 ὑμᾶς
1444 1501 1524 1564 είς
1555 1500 1652 1572 τὴν
1695 1501 1830 1573 ἀλή-

276 1576 410 1632 θειαν
451 1582 630 1635 πᾶσαν
651 1599 667 1614 ’
699 1583 760 1636 ού
808 1584 918 1656 γὰρ
945 1585 1168 1659 λαλήσει
1207 1591 1300 1659 ἀφ’
1324 1591 1539 1655 ἑαυτοῦ,
1586 1592 1699 1646 ἀλλ’
1733 1593 1832 1646 ὃσα

277 1667 335 1722 ἀν
377 1670 595 1725 ἀκούσει
630 1673 740 1743 (45)
767 1714 782 1738 ,
839 1675 1074 1749 λαλήσει.
1106 1699 1126 1730 ι
1194 1682 1302 1735 Καὶ
1341 1681 1606 1753 ζητοῦμεν
1653 1683 1710 1737 ὲν
1749 1683 1828 1754 τῷ

2006 865 2062 919 2.
2107 866 2212 920 Sed
2262 870 2385 936 quia
2435 884 2613 922 sermo
2666 870 2852 924 incidit
2905 877 2970 925 de
3018 871 3178 925 Petro
3222 871 3369 926 etiis
3404 868 3496 938 qui

1935 957 2300 1013 Christianam
2334 960 2650 1028 religionem
2683 977 2774 1016 eos
2824 962 2913 1030 qui
2960 977 3028 1016 ex
3082 960 3498 1016 circumcisione

1937 1060 2096 1104 erant
2120 1089 2138 1116 ,
2167 1048 2507 1116 docuerunt,
2540 1068 2645 1106 non
2667 1052 2900 1107 alienum
2928 1052 3090 1105 fuerit
3119 1053 3205 1106 hic
3229 1067 3296 1106 ex
3321 1053 3499 1105 Evan-

1937 1139 2077 1209 gelio
2107 1138 2401 1192 secundum
2430 1137 2694 1195 Joannem
2729 1140 2996 1210 quoddam
3030 1139 3155 1196 Jesu
3184 1141 3385 1194 dictum
3415 1155 3500 1194 re-

1938 1230 2083 1286 ferre
2113 1241 2165 1285 et
2193 1247 2472 1286 enarrare.
2503 1231 2595 1286 Sic
2630 1242 2807 1286 autem
2838 1233 3001 1287 habet
3030 1249 3044 1286 :
3085 1250 3104 1284 ι
3131 1235 3315 1287 Adhuc
3333 1232 3500 1287 multa

1938 1324 2118 1379 habeo
2138 1324 2298 1379 vobis
2325 1325 2526 1390 dicere,
2561 1325 2654 1378 sed
2687 1340 2792 1378 non
2818 1325 3041 1394 potestis
3068 1333 3289 1394 portare
3315 1325 3496 1382 modo.

1935 1411 2071 1466 Cum
2097 1421 2276 1466 autem
2300 1413 2512 1467 venerit
2551 1413 2638 1468 ille
2666 1413 2901 1482 Spiritus
2929 1412 3195 1478 veritatis,
3221 1413 3382 1469 ducet
3404 1427 3502 1468 vos

1937 1500 1991 1554 in
2022 1515 2240 1556 omnem
2277 1505 2577 1561 veritatem.
2623 1503 2739 1558 Non
2776 1503 2920 1556 enim
2951 1503 3204 1571 loquetur
3234 1518 3263 1555 a
3303 1512 3503 1558 semet-

1937 1592 2076 1661 ipso,
2103 1593 2196 1646 sed
2226 1606 2561 1662 quaecunque
2583 1593 2765 1647 audiet
2793 1592 3044 1662 loquetur
3070 1594 3135 1647 δι.
3171 1612 3191 1646 ι
3235 1593 3332 1648 llic
3357 1609 3503 1663 qua:-

1936 1685 2106 1740 ritnus
2137 1699 2448 1754 ecqmenam
2478 1685 2683 1739 fuerint
2710 1683 2880 1738 multa
2917 1682 3005 1737 illa
3039 1699 3158 1752 quae
3185 1682 3343 1739 Jesus
3385 1684 3502 1739 dis-

273 1761 434 1833 τόπῳ,
461 1765 581 1818 τίνα
603 1761 676 1836 ἦν
704 1765 772 1819 τὰ
801 1768 991 1833 πολλὰ,
1025 1770 1060 1824 ἀ
1087 1767 1198 1841 εἶχε
1231 1774 1327 1842 μὲν
1353 1773 1528 1842 λέγειν
1557 1777 1585 1828 ὁ
1625 1775 1830 1846 Ἰησοῦς

1936 1775 2131 1846 eipulis
2156 1777 2269 1830 suis
2286 1777 2468 1831 dicere
2498 1775 2751 1840 habebat,
2777 1783 2832 1828 et
2860 1789 2980 1842 quae
3007 1783 3118 1828 tum
3150 1785 3368 1844 portare
3392 1790 3502 1829 non

275 1857 375 1918 τοῖς
416 1857 683 1928 μαθηταῖς
713 1861 930 1924 ἑαυτοῦ,
963 1865 1062 1916 οὐκ
1099 1865 1358 1934 ἠδύναντο
1383 1867 1439 1920 δὲ
1465 1867 1602 1921 αύτά
1633 1867 1830 1938 βαστά-

274 1945 376 2011 ζειν
415 1948 556 2002 τότε.
615 1952 726 2005 Καὶ
760 1953 932 2025 φημί⁸
982 1956 1196 2027 Μήποθ’
1243 1958 1318 2020 ὡς
1385 1959 1687 2027 Ἰουδαίοις,
1735 1961 1829 2014 καὶ

276 2045 604 2111 συν-τραφεῖσι
629 2043 709 2114 τῷ
738 2046 876 2099 κατά
897 2047 957 2100 τὸ
978 2049 1210 2120 γράμμα
1241 2051 1516 2116 Μωῦσέως
1545 2052 1692 2124 νόμῳ
1717 2057 1829 2117 τοῖς

275 2129 602 2199 ἀποστόλοις,
633 2130 748 2204 εἶχε
799 2136 896 2207 μὲν
928 2137 1103 2206 λέγειν
1134 2141 1218 2204 τίς
1245 2143 1272 2194 ὁ
1296 2142 1500 2214 ἀληθὴς
1526 2143 1705 2213 νόμος,
1737 2145 1830 2197 καὶ

272 2219 416 2273 τίνων
448 2225 786 2296 ἐπουρανίων
816 2228 1169 2300 ὑποδείγματι
1202 2233 1294 2284 καὶ
1335 2235 1516 2305 σκιᾷή
1548 2234 1697 2304 παρά
1719 2239 1829 2300 τοῖς

284 2310 539 2377 Ἰουδαίοις
582 2315 810 2388 λατρεία
857 2320 1178 2386 ὲπετελεῖτο,
1213 2323 1306 2376 καὶ
1341 2325 1500 2378 τίνων
1533 2326 1829 2396 μελλόντων

273 2401 473 2470 ἀγαθῶν
517 2408 676 2461 σκιὰν
725 2415 997 2482 περιεῖχεν
1040 2415 1070 2466 ό
1109 2415 1238 2486 περὶ
1296 2416 1550 2488 βρώσεως
1595 2421 1687 2472 καὶ
1736 2420 1832 2472 πό-

276 2512 395 2560 σεως
420 2499 528 2570 (46)
571 2501 667 2554 καὶ
711 2503 913 2574 ἑορτῶν
954 2506 1046 2558 καὶ
1075 2509 1380 2578 νουμηνιῶν
1415 2511 1507 2562 καὶ
1539 2511 1830 2564 Σαϐϐἁτων

273 2588 440 2658 νόμος.
482 2592 590 2646 Καὶ
621 2594 796 2648 πολλὰ
840 2591 909 2667 ἦν
949 2597 1124 2664 ταῦθ’,
1158 2599 1192 2652 ἃ
1222 2596 1366 2670 εἶχεν
1395 2603 1580 2666 αὐτοῖς
1616 2603 1825 2671 λέγειν’

271 2679 396 2749 ὀρῶν
438 2680 482 2732 δ’
505 2681 587 2734 ὅτι
613 2684 757 2738 πάνυ
786 2685 1022 2756 χαλεπόν
1053 2691 1198 2741 ἐστιν
1239 2691 1346 2743 ἀπὸ
1385 2691 1564 2762 ψυχῆς
1604 2695 1831 2766 ἀνατρέ-

273 2787 378 2824 πειν
441 2775 624 2844 σχεδὸν
681 2779 1112 2846 συγγεννηθέντα
1165 2781 1258 2833 καὶ
1326 2785 1694 2854 συντραφέντα
1746 2786 1830 2838 δό-

273 2875 440 2929 γματα
480 2863 642 2935 μέχρι
673 2865 774 2935 τῆς
813 2865 907 2918 τοῦ
942 2867 1133 2938 ἀνδρὸς
1163 2867 1410 2939 ἡλικίας,
1441 2871 1532 2922 καὶ
1570 2871 1831 2926 πείσαντα

271 2954 382 3015 τοὺς
411 2955 765 3026 ἀνειληφότας
805 2958 964 3022 αὐτὰ,
997 2959 1077 3012 ὅτι
1104 2959 1275 3012 ταῦτα
1304 2961 1404 3031 μέν
1433 2965 1549 3015 ἐστι
1592 2963 1728 3027 θεῖα,
1771 2965 1831 3017 τὸ

273 3040 323 3093 δὲ
368 3046 748 3113 μετασαλεύειν
809 3047 968 3111 αὐτὰ,
1021 3050 1166 3102 ἐστὶν
1221 3051 1449 3114 ἀσεϐές·
1509 3053 1602 3105 καὶ
1650 3055 1709 3106 ἐν
1762 3056 1827 3125 τῇ

275 3133 489 3208 ὑπεροχῇ
536 3139 635 3209 τῆς
666 3139 808 3192 κατά
860 3141 1112 3212 Χριστὸν,
1136 3144 1380 3222 τουτέστι
1407 3143 1505 3215 τὴν
1550 3144 1829 3216 ἀλήθειαν,

274 3224 504 3292 γνώσεως
539 3230 786 3302 ἐλέγχειν
812 3232 951 3285 αύτά
981 3235 1254 3288 σκύϐαλα
1294 3235 1392 3288 καὶ
1435 3235 1662 3305 ζημίαν,
1690 3237 1830 3290 ὥστε

275 3319 538 3390 πεισθῆναι
587 3321 717 3384 τοὺς
780 3322 1106 3386 ἀκούονταςο
1178 3326 1524 3396 ὑπερετίθετο
1580 3328 1657 3391 είς
1711 3329 1831 3382 ἐπι-

273 3407 588 3481 τηδέιότερον
621 3411 816 3483 καιρὸν
856 3417 947 3468 τὸν
989 3415 1125 3485 μετὰ
1157 3416 1218 3469 τὸ
1243 3417 1413 3480 πάθος
1438 3418 1532 3470 καὶ
1569 3418 1666 3490 τὴν
1701 3419 1832 3472 ἀνά-

280 3514 446 3554 στασιν
473 3502 664 3558 αὑτοῦ.
703 3505 815 3556 Καὶ
860 3505 968 3579 γὰρ
1007 3506 1220 3577 ἀληθῶς
1258 3505 1326 3580 ἦν
1361 3511 1603 3580 ἀκαίρως
1631 3529 1833 3583 προσα-

275 3589 484 3661 γόμενον
531 3596 594 3648 τὸ
644 3595 895 3669 βοήθημα
939 3602 1049 3663 τοῖς
1096 3600 1316 3670 μηδέπω
1364 3603 1628 3674 χωροῦσιν
1676 3606 1828 3672 αὐτὸ,

276 3682 652 3756 ἀνατρεπτικδν
686 3690 784 3760 τῆς
816 3691 942 3761 περὶ
979 3691 1072 3745 τοῦ
1130 3693 1302 3764 Ἰησοῦ
1335 3695 1654 3766 ὑπολήψεως
1703 3714 1832 3766 τυγ-

280 3775 442 3843 χάνον,
492 3780 558 3851 ἥν
607 3781 710 3853 ήδη
760 3783 1116 3856 ἀνειλήφεσαν
1162 3786 1238 3850 ὠς
1291 3789 1417 3858 περὶ
1457 3789 1690 3860 Χριστοῦ
1737 3791 1832 3845 καὶ

280 3864 396 3921 Υίοῦ
423 3869 511 3922 τοῦ
540 3871 677 3925 Θεοῦ
703 3873 798 3926 τοῦ
829 3875 1047 3939 ζῶντος.
1085 3878 1192 3932 Καὶ
1223 3880 1457 3950 πρόσχες
1506 3882 1554 3932 εἰ
1603 3880 1675 3953 μὴ
1709 3882 1832 3936 νοῦν

283 3959 384 4028 ἔχει
432 3964 526 4017 ούκ
577 3965 1053 4037 εὐκαταφρόνητον
1107 3968 1167 4020 τὸ
1215 3968 1386 4033 οὕτως
1427 3971 1657 4024 ἀκοῦσαι
1700 3972 1827 4025 τοῦθ

287 4070 303 4102 ι
325 4053 484 4108 Πολλὰ
528 4056 638 4128 ἔχω
666 4060 796 4128 ὑμῖν
830 4058 1029 4128 λέγειν,
1056 4060 1168 4112 ἀλλ’
1193 4062 1253 4114 οὐ
1282 4061 1508 4115 δύνασθε
1546 4063 1832 4133 βαστάζειν

281 4143 388 4214 ἄρτι
410 4163 423 4176 ο
446 4166 464 4198 ι
501 4149 674 4202 πολλά
700 4150 810 4220 γὰρ
834 4151 902 4203 τὰ
939 4152 1037 4221 τῆς
1073 4152 1171 4205 ’τοῦ
1201 4154 1384 4223 νόμου,
1410 4154 1549 4207 κατά
1584 4156 1652 4210 τὰ
1667 4174 1836 4210 ,πνευ-

285 4238 482 4304 pastui,
514 4241 823 4313 διηγήσεως
853 4244 946 4296 καὶ
979 4245 1277 4315 σαφηνείας
1295 4263 1307 4275 ’
1338 4247 1431 4299 καί
1455 4247 1552 4300 οὐκ
1577 4247 1834 4318 ἠδύναντό

282 4345 382 4392 πως
410 4331 694 4400 βαστάζειν
727 4333 868 4386 αὐτὰ
927 4335 974 4386 οἱ
1015 4335 1282 4405 μαθηταὶ,
1339 4339 1393 4390 ὲν
1428 4339 1701 4402 Ἰουδαίοις
1743 4357 1834 4408 γε·

283 4425 578 4494 γεννημένοι
615 4427 715 4479 καὶ
756 4426 1226 4499 ἀνατεθραμμένοι
1271 4430 1410 4483 τότε.
1457 4427 1621 4502 Οἶμαι
1663 4433 1707 4484 δ’
1752 4433 1832 4486 ὅτι

283 4513 365 4564 καὶ
399 4515 514 4568 ἐπεὶ
540 4513 711 4578 τύπος
742 4515 842 4585 μὲν
879 4511 946 4586 ἦν
978 4519 1182 4582 ἐκεῖνα,
1214 4518 1436 4589 ἀλήθεια
1471 4521 1528 4574 δὲ
1569 4521 1605 4575 ἃ
1643 4521 1833 4592 ἔμελλε

282 4600 526 4659 διδάσκειν
566 4605 768 4669 αὐτοὺς
801 4606 862 4658 τὸ
906 4607 1058 4676 ἅγιον
1094 4608 1350 4680 Πνεῦμα,
1402 4611 1490 4664 διὰ
1535 4612 1692 4666 τοῦτο
1743 4611 1832 4664 λέ-

282 4691 478 4750 λεκται’
518 4717 536 4749 ι
565 4699 736 4751 Ὅταν
766 4696 892 4769 ἔλθῃ
922 4700 1154 4764 ἐκεῖνος,
1197 4701 1257 4754 τὸ
1287 4701 1514 4772 Πνεῦμα
1552 4703 1651 4773 τῆς
1698 4702 1834 4772 ἀλη-

286 4782 446 4852 θείας,
497 4789 757 4861 ὁδηγήσει
804 4790 948 4860 ὑμᾶς
989 4794 1068 4857 εἰς
1116 4795 1212 4863 τὴν
1263 4793 1517 4865 ἀλήθειαν
1567 4797 1782 4848 ενιόἰεςαν⁸
1811 4812 1828 4844 ι

285 4883 348 4946 ὡς
372 4887 414 4938 εί
441 4886 644 4956 ἔλεγεν,
688 4889 770 4951 είς
815 4888 993 4942 πᾶσαν
1031 4889 1126 4958 τὴν
1156 4890 1411 4961 ἀλήθειαν
1439 4891 1549 4945 τῶν
1589 4892 1840 4964 πραγμά-

283 4993 394 5043 των,
423 4973 494 5036 ὧν
531 4985 589 5034 ὲν
630 4985 746 5046 τοῖς
779 4983 968 5047 τύποις
999 4983 1299 5054 γενόμενοι,
1337 4983 1508 5054 ᾤεσθε
1535 4984 1633 5054 τὴν
1664 4983 1842 5054 ἀληθῆ

286 5068 511 5143 λατρείαν
557 5074 843 5147 λατρεύειν
894 5075 972 5146 τῷ
1013 5075 1149 5146 Θεῷ.
1225 5077 1334 5129 Καὶ
1367 5076 1505 5129 κατά
1535 5075 1632 5144 τὴν
1676 5078 1841 5142 ἐπαγ-

285 5162 448 5226 γελίαν
474 5164 568 5218 τοῦ
611 5164 786 5236 Ἰησοῦ
817 5161 1034 5236 ἦλθετὸ
1076 5166 1300 5236 Πνεῦμα
1329 5167 1427 5236 τῆς
1463 5165 1717 5236 ἀληθείας
1747 5163 1838 5216 ἐπὶ

284 5253 362 5306 τὸν
390 5257 608 5330 Πέτρον,
636 5257 795 5327 λέγον
823 5257 960 5329 πρὸς
989 5257 1302 5330 αὐτὸν,περ“ι
1345 5257 1450 5310 τῶν
1492 5253 1835 5326 τετραπόδων

285 5349 364 5400 καὶ
399 5351 635 5421 ἑρπετῶν
686 5352 787 5422 τῆς
835 5351 935 5422 γῆς
987 5352 1079 5404 καὶ
1129 5349 1386 5403 πετεινῶν
1428 5348 1518 5402 τοῦ
1570 5345 1832 5419 ούρανοῦο

290 5456 306 5488 ί
337 5440 623 5511 Ἀναστὰς,
673 5443 869 5514 Πέτρε,
925 5441 1085 5497 θῦσον
1127 5442 1224 5495 καὶ
1275 5443 1480 5512 φάγε.)
1546 5442 1655 5493 Καὶ
1705 5435 1836 5510 ἦλθε

1929 1877 2202 1939 poterant.
2226 1869 2293 1922 Et
2318 1868 2438 1922 dico
2473 1885 2488 1921 :
2519 1867 2702 1931 Forte,
2729 1869 2855 1935 quia
2883 1866 3051 1921 Judzei
3081 1875 3236 1920 erant
3270 1865 3501 1936 apostoli

1930 1967 1984 2013 et
2002 1957 2233 2011 Mosaica
2263 1957 2380 2025 lege
2405 1956 2700 2011 secundum
2731 1955 2964 2010 litteram
2987 1965 3202 2024 accepta
3233 1952 3499 2018 innutriti,

1930 2050 2045 2105 haec
2072 2050 2288 2104 fuerunt
2312 2065 2432 2117 qua:
2458 2049 2562 2102 illis
2590 2050 2767 2102 dicere
2797 2048 3016 2102 haberet
3045 2065 3058 2101 :
3091 2061 3335 2116 quzenam
3357 2053 3501 2099 esset

1933 2157 2062 2196 vera
2093 2141 2202 2204 lex,
2229 2156 2459 2210 quarum
2490 2155 2672 2193 rerum
2694 2138 2996 2193 t-mleStium
3018 2139 3206 2192 umbra
3224 2137 3501 2207 signisque

1930 2235 2107 2290 cultus
2137 2233 2402 2288 Judaicus
2431 2240 2739 2296 constaret,
2791 2245 2912 2299 quae
2953 2230 3136 2284 futura
3191 2230 3328 2283 bona
3364 2245 3502 2298 pra:-

1931 2327 2118 2395 scripti
2171 2325 2237 2378 de
2279 2325 2399 2379 cibo
2441 2333 2496 2377 et
2539 2333 2704 2390 potu,
2762 2323 2828 2377 de
2882 2323 3061 2385 festis,
3113 2321 3414 2375 neomeniis
3445 2327 3503 2373 et

1931 2417 2181 2472 Sabbatis
2203 2418 2338 2470 ritus
2359 2415 2766 2468 adumbrarent.
2805 2414 3122 2483 Hujusmodi
3156 2414 3322 2466 multa
3346 2420 3502 2466 erant

1931 2526 2047 2580 qua!
2087 2511 2322 2564 habebat
2353 2509 2433 2563 eis
2456 2509 2672 2574 dicere;
2704 2522 2827 2561 cum
2872 2517 3052 2561 autem
3088 2507 3344 2575 dogmata
3378 2519 3500 2573 qum

1928 2618 2066 2673 pene
2097 2602 2376 2672 congenita
2411 2611 2466 2655 et
2496 2603 2563 2655 ad
2595 2601 2809 2653 virilem
2847 2613 3015 2666 usque
3048 2608 3263 2652 aetatem
3300 2597 3498 2651 coalita

1930 2701 2087 2747 erant
2109 2731 2124 2757 ,
2151 2705 2381 2760 qumque
2405 2701 2459 2744 et
2486 2690 2666 2744 divina
2701 2703 2820 2744 esse
2847 2699 2902 2744 et
2937 2689 3056 2743 sine
3083 2687 3363 2755 impietate
3388 2685 3500 2739 tolli

1930 2800 2035 2839 non
2069 2799 2226 2852 posse
2253 2783 2355 2837 sibi
2381 2789 2766 2852 persuaserant
2792 2780 2828 2834 ii
2860 2780 2951 2849 qui
2987 2780 3098 2848 ipsa
3126 2787 3498 2846 susceperant,

1929 2874 2244 2948 perdilﬁcile
2292 2887 2415 2928 esse
2468 2881 2720 2927 cerneret
2767 2885 2835 2925 ex
2882 2870 3064 2923 anima
3118 2869 3398 2932 revellere,
3445 2879 3500 2924 et

1929 2985 2046 3040 pra:
2081 2967 2366 3022 excellenti
2395 2979 2513 3034 quae
2543 2963 2838 3018 secundum
2875 2960 3176 3024 Christum,
3208 2959 3262 3012 id
3296 2968 3379 3014 est
3407 2973 3499 3014 se-

1932 3061 2166 3115 cundum
2201 3059 2485 3112 veritatem
2513 3065 2626 3121 est,
2662 3053 2972 3126 cognitione
2996 3052 3282 3106 ostendere
3313 3061 3368 3106 et
3400 3066 3499 3104 au-

1857 3130 1900 3188 (ἶ
1934 3152 2202 3206 ditoribus
2231 3151 2563 3220 persuadere
2609 3149 2699 3202 illa
2747 3159 2870 3200 esse
2924 3162 2942 3196 ‹
2969 3153 3210 3200 stercora
3245 3151 3298 3199 et
3333 3141 3500 3197 detri-

1934 3253 2117 3300 menta
2132 3243 2198 3308 υ,
2227 3262 2244 3294 ι
2273 3253 2486 3310 tempus
2509 3239 2864 3310 Opportunius
2890 3237 3243 3305 exspectavit,
3263 3235 3387 3288 dum
3421 3235 3500 3286 vi-

1932 3335 2124 3390 delicet
2152 3342 2206 3388 et
2239 3346 2454 3388 crucem
2490 3344 2678 3399 passus
2709 3338 2851 3382 esset
2878 3337 2932 3381 et
2967 3327 3155 3381 luisset
3186 3340 3216 3378 e
3268 3322 3500 3378 mortuis

1932 3425 2247 3481 suscitatus.
2316 3423 2608 3476 Enimvero
2663 3418 2922 3472 auxilium
2988 3414 3373 3485 intempestive
3431 3413 3500 3468 iis

1932 3511 2234 3583 praestitum
2255 3511 2346 3581 qui
2381 3509 2509 3563 illud
2538 3507 2780 3561 nondum
2807 3521 2999 3576 capere
3031 3513 3316 3574 poterant,
3346 3517 3502 3557 ever-

1935 3615 2049 3659 tere
2081 3604 2344 3671 potuisset
2373 3599 2703 3672 opinionem,
2735 3613 2896 3668 quam
2932 3599 2996 3653 de
3021 3597 3147 3652 Jesu
3184 3605 3500 3664 conceptam

1933 3697 2117 3751 animo
2149 3695 2448 3760 habebant,
2468 3709 2595 3750 eum
2620 3707 2740 3747 esse
2762 3691 3034 3746 Christum
3070 3700 3124 3746 et
3149 3689 3378 3743 viventis
3405 3686 3500 3742 Dei

1932 3786 2099 3856 388
2147 3785 2365 3840 Filium.
2433 3785 2499 3839 Et
2550 3786 2672 3840 vide
2717 3800 2899 3838 annon
2938 3794 3082 3836 recta
3133 3783 3203 3835 sit
3233 3779 3500 3836 sententia

1935 3879 2097 3947 hujus
2149 3878 2252 3933 loci
2287 3897 2300 3933 :
2339 3897 2357 3930 ι
2383 3877 2546 3932 Multa
2597 3876 2772 3931 habeo
2802 3875 2958 3930 vobis
2999 3875 3209 3938 dicere,
3259 3872 3351 3926 sed
3395 3885 3501 3925 non

1935 3971 2160 4040 potestis
2193 3980 2410 4040 portare
2444 3969 2604 4023 modo
2621 3969 2688 4021 ⁸³.
2722 3988 2740 4019 ι
2778 3967 2941 4021 Multa
2975 3974 3101 4020 sunt
3125 3967 3266 4018 enim
3303 3963 3353 4016 in
3387 3960 3502 4030 lege

1935 4078 2056 4133 quae
2087 4078 2246 4117 sensu
2279 4060 2509 4130 spiritali
2541 4058 2766 4113 edisseri
2819 4069 2874 4112 et
2932 4056 3189 4126 explicari
3237 4054 3500 4118 debeant;

1935 4169 2038 4212 nec
2057 4167 2118 4206 ea
2157 4153 2265 4207 ullo
2289 4152 2448 4206 modo
2477 4159 2602 4205 tunc
2636 4147 2938 4216 intelligere
2979 4152 3229 4216 poterant
3253 4141 3502 4213 apostoli,

1935 4246 2051 4300 nati
2086 4246 2229 4299 inter
2256 4243 2470 4298 Iudaeos
2492 4251 2547 4298 et
2582 4241 2816 4296 educati.
2851 4242 3024 4296 Credo
3082 4238 3333 4306 equidem
3366 4248 3502 4302 quo-

1936 4337 2080 4392 niam
2118 4338 2288 4406 lignra
2316 4344 2471 4390 erant
2511 4334 2723 4388 Judaici
2759 4333 2833 4387 illi
2878 4335 3037 4396 ritus,
3077 4332 3280 4384 veritas
3322 4333 3505 4379 autem

1937 4443 2059 4496 qua:
2104 4428 2342 4496 Spiritus
2386 4437 2608 4481 sanctus
2653 4444 2747 4482 eos
2787 4427 3046 4480 docturus
3080 4427 3233 4481 erat,
3291 4425 3510 4486 propter

1938 4518 2078 4572 hanc
2113 4533 2225 4570 rem
2257 4517 2461 4572 dictum
2493 4532 2612 4572 esse
2642 4535 2656 4570 :
2689 4535 2708 4567 ι
2729 4516 2955 4582 Quando
2989 4511 3203 4566 venerit
3253 4509 3340 4562 ille
3392 4505 3510 4576 Spi.

1938 4613 2076 4665 ritus
2113 4609 2378 4673 veritatis,
2421 4609 2582 4662 ducet
2612 4623 2710 4663 vos
2743 4607 2796 4660 iu
2829 4619 3044 4660 omnem
3077 4602 3360 4655 veritatem
3377 4596 3457 4663 ⁸⁵;
3485 4615 3504 4650 ι

1939 4702 2092 4771 quasi
2121 4703 2350 4766 diceret,
2386 4701 2440 4755 in
2467 4714 2682 4755 onmem
2711 4698 3002 4752 veritatem
3033 4709 3247 4756 rerum,
3279 4705 3510 4761 quarum

1938 4794 2069 4848 licet
2092 4794 2276 4865 ﬁgurae
2305 4802 2510 4847 tantum
2539 4791 2678 4860 apud
2707 4804 2802 4844 vos
2834 4787 3060 4853 fuerint,
3093 4798 3283 4838 verum
3318 4780 3514 4835 nihilo-

1943 4887 2121 4940 minus
2139 4885 2249 4940 Deo
2272 4883 2472 4940 cultum
2491 4900 2520 4937 a
2543 4882 2698 4937 vobis
2716 4878 2963 4935 exhiberi
2991 4873 3288 4946 putabatis.
3318 4874 3512 4940 Atque,

1944 4989 2002 5033 ut
2023 4979 2182 5036 Jesus
2213 4977 2561 5049 promiserat,
2595 4975 2748 5027 venit
2783 4971 3019 5041 Spiritus
3049 4968 3296 5023 veritatis
3329 4966 3380 5019 in
3420 4963 3516 5016 Pe-

1945 5081 2108 5138 trum,
2145 5072 2306 5139 eique
2335 5069 2400 5120 de
2443 5062 2909 5133 quadrupedibus,
2959 5057 3306 5130 serpentibus
3357 5063 3516 5106 terra:

1941 5173 1995 5217 et
2026 5160 2341 5218 volatilibus
2367 5159 2490 5212 ewli
2517 5157 2655 5211 dixit
2692 5174 2704 5208 :
2745 5175 2763 5208 ι
2790 5154 2988 5224 Surge,
3022 5152 3203 5213 Petre,
3245 5149 3434 5203 occide
3463 5154 3516 5198 et

1944 5255 2207 5308 manduca
2231 5252 2298 5306 ⁸⁵.
2331 5269 2350 5301 ι
2395 5249 2460 5302 Ει
2493 5249 2642 5302 venit
2672 5248 2738 5302 ad
2761 5261 2885 5301 eum
2923 5229 3312 5314 superstitione
3337 5239 3516 5292 adhuc

1945 5346 2311 5401 laborantem.
2373 5343 2453 5395 Ad
2490 5342 2730 5396 divinam
2768 5340 2912 5393 enim
2948 5353 3133 5391 vocem
3184 5333 3515 5401 respondet:

1954 5455 1972 5488 ι
2003 5437 2194 5500 Absit,
2224 5435 2472 5500 Domine,
2502 5435 2628 5503 quia
2672 5447 2951 5500 nunquam
2998 5425 3324 5483 manducavi
3355 5431 3518 5476 omne

346 5571 385 5605 ⁸³
417 5574 570 5630 Joan.
605 5591 720 5640 xvr,
756 5575 1005 5630 12et15.
1080 5576 1124 5608 ⁸³
1164 5573 1393 5648 Philipp.
1425 5591 1505 5638 Ill.
1543 5578 1596 5631 8.
1673 5577 1719 5607 ⁸³
1756 5572 1831 5628 Jo:

1944 5587 2056 5641 va,
2087 5570 2174 5625 12.
2247 5568 2294 5600 ⁸⁵
2330 5567 2580 5624 Ibid.15.
2659 5567 2705 5599 ⁸³
2745 5566 2866 5620 Act.
2901 5581 2956 5626 Χ,
3001 5565 3087 5618 15.

348 5685 452 5755 (45)
489 5687 580 5759 Sic
606 5702 800 5742 omnes
833 5704 960 5759 mss.
994 5687 1330 5759 Iloesehelius
1351 5703 1482 5759 vero
1515 5687 1582 5742 ad
1625 5689 1827 5759 margi-

285 5758 805 5830 netn‘etSpencet-us
823 5757 891 5830 _iu
925 5768 1073 5830 textu
1090 5801 1106 5827 ,
1132 5761 1231 5830 ὅσα
1259 5756 1324 5830 ἂν
1346 5757 1576 5830 ἀκούσῃ.

349 5826 450 5898 (66)
487 5827 562 5887 ιω
606 5828 767 5885 codd.
822 5827 1022 5900 Regius
1084 5826 1139 5887 et
1194 5826 1554 5895 Parisieusis.
1613 5828 1825 5907 Reliqui

1933 5701 2064 5738 vero
2089 5699 2214 5740 cum
2236 5683 2398 5738 editis
2437 5683 2663 5746 habent,
2704 5679 2832 5750 περὶ
2859 5676 3116 5750 βριῖξσεων
3155 5672 3248 5750 κα)
3277 5669 3514 5728 πόσεων.

1936 5754 2098 5878 Ρὲιιιο
2129 5764 2248 5827 post
2278 5769 2466 5810 omnes
2494 5745 2655 5820 mss.,
2682 5745 3113 5820 συγγεννηθέντα
3151 5745 3243 5798 καὶ
3279 5755 3509 5814 συντρα-

1936 5843 1972 5878 ω
2004 5842 2121 5878 ντα.

1934 5842 2121 5896 φεντα.
