3902 6414
377 357 482 413 799

1861 345 2199 416 ORlGENlS.

3543 336 3652 392 800

378 491 670 535 commune
690 488 786 533 aut
811 472 1178 532 immundum.
1206 489 1223 524 ι
1304 471 1444 527 Tum
1470 469 1708 550 Spiritus
1737 454 1958 524 sanctus

2084 466 2198 539 τρὸς
2227 464 2385 520 αὑτὸν
2413 465 2490 518 ἔτι
2522 459 3014 533 δεισιδαιμονοῦντα
3040 476 3052 490 ·
3093 458 3226 530 φησι
3251 457 3361 530 γὰρ
3393 455 3489 510 καὶ
3518 455 3660 528 πρὸς

379 570 586 626 docens
614 571 873 641 quidnam
902 568 969 623 de
995 566 1132 622 cibis
1171 579 1239 621 ex
1267 564 1501 620 veritate
1549 571 1607 619 et
1650 562 1969 634 spiritaliter

379 671 529 716 esset
570 660 910 716 sentiendum
941 677 955 713 :
998 677 1017 712 ι
1041 657 1192 726 Quae,
1232 655 1432 727 inquit,
1465 655 1608 710 Dens
1635 653 1964 726 purificavit,

385 760 442 807 tu
469 752 776 808 communia
806 765 873 805 ne
899 750 1128 806 dixeris.
1156 768 1175 801 ι
1209 748 1345 804 Post
1372 750 1513 803 hanc
1543 746 1810 802 visionem
1843 744 1966 815 Spi-

384 846 526 900 ritus
564 843 808 898 veritatis
851 840 1077 897 Petrum
1119 841 1173 895 in
1207 855 1425 895 omnem
1474 839 1758 894 veritatem
1790 836 1966 902 duxit,

387 932 551 1002 eique
580 930 722 985 dixit
749 930 943 998 multa,
968 944 1093 1000 quae
1135 931 1264 984 dum
1303 929 1486 984 adhuc
1516 943 1640 984 cum
1676 928 1768 983 illo
1811 925 1972 984 Jcsus

384 1025 683 1098 secundum
705 1039 928 1080 carnem
953 1032 1291 1086 versaretur,
1315 1031 1535 1091 portare
1559 1037 1664 1077 llOl'l
1692 1029 1966 1091 potuerat.

390 1113 591 1170 Verum
623 1117 690 1172 de
715 1117 803 1172 his
843 1116 950 1171 alia
973 1131 1032 1172 se
1058 1115 1208 1170 dabit
1239 1115 1540 1170 disserendi
1565 1113 1812 1180 occasio,
1845 1129 1969 1168 cum

385 1215 579 1278 agetur
612 1207 678 1262 de
723 1208 793 1262 iis
833 1223 953 1278 qua:
979 1208 1049 1263 ad
1074 1207 1372 1265 litteralem
1404 1207 1540 1278 legis
1568 1206 1816 1262 Mosaica:
1847 1220 1972 1260 sen-

383 1312 505 1352 sum
545 1300 844 1370 pertinent.

460 1567 515 1622 5.
557 1565 711 1624 Nunc
745 1576 928 1624 autem
962 1567 1304 1639 propositum
1343 1574 1428 1623 est
1451 1567 1605 1621 nobis
1628 1564 1769 1622 Celsi
1815 1565 1969 1634 igno-

389 1659 626 1715 rantiam
657 1659 1008 1730 redarguere,
1039 1660 1180 1728 apud
1209 1673 1371 1728 quem
1404 1656 1625 1712 Jodaens
1663 1657 1751 1729 his
1791 1655 1974 1710 verbis

390 1772 518 1814 suos
553 1755 848 1826 populares
879 1765 936 1810 et
961 1755 1262 1820 lsraelitas,
1284 1754 1380 1825 qui
1411 1755 1465 1809 in
1494 1752 1681 1810 Jesum
1719 1753 1970 1817 credunt,

390 1845 684 1916 compellat
733 1863 748 1900 :
809 1845 984 1912 «Quae
1035 1861 1135 1902 vos
1187 1845 1530 1915 intemperiae
1592 1843 1856 1914 agebant,
1915 1852 1976 1896 ut

391 1939 623 2009 patriam
655 1938 831 2009 legem
863 1936 1298 2007 relinqueretis?
1331 1955 1350 1989 ι
1391 1943 1441 1990 et
1482 1933 1713 2004 reliqua.
1753 1934 1827 1988 At
1848 1947 1980 2002 quo-

391 2032 554 2087 modo
597 2044 628 2084 a
680 2030 798 2099 lege
843 2029 1020 2099 patria
1074 2028 1427 2094 defecerunt,
1481 2027 1573 2096 qui
1622 2025 1740 2096 ejus
1785 2039 1977 2096 parum

393 2122 674 2179 studiosos
733 2121 1024 2192 objurgant
1068 2121 1148 2177 sic
1177 2143 1190 2176 :
1233 2138 1251 2172 ι
1277 2119 1452 2174 Dicite
1478 2116 1610 2172 mihi
1635 2157 1650 2183 ,
1680 2117 1770 2187 qui
1801 2118 1975 2186 legem

391 2214 617 2286 legitis,
672 2213 844 2285 legem
896 2229 1003 2269 non
1051 2212 1294 2267 auditis?
1357 2210 1636 2278 Scriptum
1685 2217 1769 2265 est
1807 2209 1978 2274 enim,

393 2305 654 2374 quoniam
687 2303 964 2358 Abraham
997 2305 1131 2360 duos
1165 2303 1304 2358 lilios
1358 2301 1636 2367 habuit“,
1667 2319 1686 2353 ι
1751 2310 1804 2356 et
1858 2317 1979 2370 (pne

393 2406 728 2467 sequuntur,
767 2399 832 2452 ad
862 2399 978 2452 haec
1012 2399 1177 2452 verba
1215 2416 1229 2452 :
1275 2415 1294 2448 ι
1318 2396 1450 2464 Qua:
1483 2405 1614 2452 sunt
1641 2409 1740 2465 per
1769 2393 1977 2464 allego-

393 2487 532 2547 riam
564 2489 730 2544 dicta.
759 2507 778 2540 ›
821 2489 904 2542 An
929 2490 1163 2559 patriam
1188 2490 1482 2544 deseruere
1512 2489 1707 2559 legem,
1735 2487 1828 2557 qui
1857 2502 1976 2541 eam

395 2595 674 2652 nunquam
704 2595 810 2635 non
842 2581 896 2636 in
927 2596 1023 2637 ore
1055 2582 1280 2647 habent,
1307 2581 1554 2637 dicentes
1591 2596 1607 2636 :
1651 2580 1772 2634 «An
1802 2589 1856 2634 et
1890 2578 1977 2632 lex

396 2673 511 2728 haec
545 2687 650 2727 non
683 2673 852 2728 dicit?
886 2673 1150 2743 scriptum
1192 2681 1275 2728 est
1304 2673 1451 2729 enim
1507 2674 1560 2726 in
1602 2672 1721 2742 lege
1758 2670 1928 2741 Moysi
1959 2687 1975 2727 :

393 2761 511 2816 Non
543 2762 790 2833 alligabis
822 2778 883 2818 os
914 2763 1038 2819 bovi
1071 2763 1378 2818 trituranti.
1417 2762 1671 2833 Nunquid
1709 2762 1776 2817 de
1805 2762 1978 2816 bobus

395 2867 526 2930 cura
562 2863 648 2910 est
699 2855 856 2910 Deo?
909 2869 976 2909 an
1031 2865 1260 2926 propter
1297 2870 1396 2909 nos
1425 2854 1612 2925 utique
1656 2855 1774 2909 haec
1804 2853 1978 2908 dicit?

393 2943 530 3010 Nam
574 2955 795 3016 propter
839 2961 938 3002 nos
982 2947 1187 3016 scripta
1225 2945 1441 3012 sunt“,
1483 2965 1503 2998 ι
1561 2955 1670 3000 etc.
1721 2943 1827 3000 Sed
1862 2945 1978 3000 haec

394 3038 576 3092 omnia
608 3036 826 3092 Judaaus
869 3039 1010 3108 apud
1040 3038 1259 3094 Celsum
1307 3036 1622 3104 confundit;
1666 3051 1790 3091 cum
1821 3035 1978 3104 longe
1998 3082 2012 3092 .

394 3129 730 3201 probabilior
779 3131 901 3201 ejus
965 3129 1159 3184 luisset
1221 3128 1534 3194 accusatio,
1588 3129 1635 3182 si
1704 3127 1974 3184 dixisset:
2007 3161 2047 3216 ρ

399 3239 422 3273 ι
455 3220 686 3288 Quidam
717 3237 784 3276 ex
824 3221 978 3276 vobis
1028 3220 1289 3290 pristinos
1321 3221 1463 3274 ritus
1503 3218 1850 3290 reliquerunt
1880 3235 1975 3274 cx-

393 3311 759 3382 plicationum
823 3323 878 3370 ct
947 3312 1337 3382 allegoriarum
1403 3314 1654 3378 nomine;
1735 3312 1977 3368 nonnulli

396 3403 522 3460 illos
554 3405 939 3475 interpretati,
971 3415 1028 3459 ut
1073 3404 1220 3473 loqui
1265 3405 1499 3472 amatis,
1532 3403 1761 3474 spiritali
1792 3420 1978 3470 sensu,

394 3495 570 3552 nihilo
607 3496 786 3551 secius
821 3497 996 3565 patria
1030 3496 1337 3552 observatis
1387 3496 1673 3560 instituta;
1728 3496 1820 3551 alii
1859 3498 1982 3566 qui-

397 3586 523 3644 dam
559 3587 785 3642 litterali
816 3602 979 3642 sensu
1020 3587 1261 3642 contenti
1293 3586 1346 3640 in
1384 3600 1556 3656 eoque
1587 3597 1760 3642 totum
1799 3589 1980 3643 conli-

397 3682 519 3738 neri
555 3679 861 3750 spiritalem
894 3695 1112 3734 sensum
1156 3679 1515 3744 arbitrantes,
1541 3680 1706 3736 vultis
1736 3679 1898 3735 simul
1928 3690 1984 3735 et

398 3773 585 3830 Iesum
631 3772 848 3842 agnosci
889 3787 986 3841 pro
1008 3787 1072 3828 eo
1103 3787 1264 3842 quem
1286 3772 1454 3843 389
1485 3773 1984 3842 praenuntiaverunt

400 3867 702 3936 prophetae,
737 3874 792 3919 et
813 3863 1106 3920 Mosaicam
1141 3862 1312 3933 legem
1344 3881 1410 3918 ex
1439 3864 1688 3919 instituto
1715 3863 1980 3933 majorum

399 3971 624 4012 suorum
659 3957 978 4018 observare.
1009 3975 1030 4009 ι
1072 3956 1144 4009 At
1177 3956 1321 4010 unde
1347 3955 1506 4012 Celso
1530 3965 1680 4011 tanta
1706 3956 1902 4011 fuisset
1931 3957 1982 4010 in

398 4050 486 4106 his
514 4049 920 4119 distinguendis
956 4048 1350 4118 perspicacitas
1371 4089 1387 4114 ,
1413 4050 1504 4118 qui
1541 4050 1594 4103 in
1628 4050 1982 4119 sequentibus

399 4141 692 4210 impiarum
731 4141 1066 4212 omninoque
1123 4156 1151 4195 a
1195 4140 1324 4196 Jesu
1366 4140 1668 4196 alienarum
1702 4143 1982 4199 haereseon

398 4233 685 4301 meminit,
713 4235 820 4289 imo
843 4243 897 4288 et
927 4234 1310 4304 quarumdam,
1347 4250 1468 4304 qua:
1495 4250 1806 4305 supremum
1831 4251 1986 4305 pror-

397 4341 492 4381 sus
559 4327 834 4394 abnegant
871 4326 1246 4391 conditorem;
1305 4339 1485 4394 neque
1519 4325 1668 4380 novit
1711 4325 1985 4381 lsraelitas

395 4411 516 4483 qui,
544 4423 766 4468 servata
797 4419 974 4483 patria
998 4413 1136 4484 lege,
1174 4413 1228 4468 in
1255 4411 1438 4468 Jesum
1471 4416 1848 4472 crediderint?
1875 4415 1986 4471 Nec

2069 561 2168 631 τὴν
2213 558 2364 612 θείαν
2393 558 2578 628 φωνήν
2603 573 2618 587 ·
2661 575 2678 606 ι
2709 553 3011 624 Μηδαμῶς,
3050 551 3245 622 Κύριε,
3275 551 3360 603 ὅτι
3397 549 3657 602 οὐδέποτε

2071 649 2270 719 ἔφαγον
2305 651 2414 703 πᾶν
2446 647 2624 701 κοινὸν
2655 646 2688 716 ἢ
2719 644 3043 716 ἀκάθαρτον.
3071 662 3089 694 ι
3149 642 3262 696 Καὶ
3308 638 3520 704 ἐδίδαξε
3561 639 3657 695 τὸν

2070 741 2200 812 περὶ
2238 740 2542 814 βρωμάτων
2573 737 2788 810 ἀληθῶν
2812 737 2906 790 καὶ
2933 734 3318 806 πνευματικῶν
3345 733 3458 804 (47)
3497 732 3657 800 λόγον

2070 835 2128 889 έν
2157 833 2267 905 τῷ·
2306 852 2325 885 ‹
2359 835 2426 886 "A
2458 834 2485 886 6
2509 831 2642 894 Θεὸς
2669 829 2984 900 ὲκαθάρισε,
3019 829 3084 881 σὺ
3129 826 3202 898 μὴ
3235 827 3444 880 κοίνου.
3471 844 3491 876 ι
3547 822 3660 878 Καὶ

2072 923 2198 995 ἑξῆς
2240 922 2426 994 ἐκείνῃ
2451 925 2518 993 τῇ
2554 919 2792 989 ὀπτασίᾳ
2840 919 2903 972 τὸ
2952 918 3178 988 Πνεῦμα
3211 917 3316 987 τῆς
3361 914 3657 986 ἀληθείας,

2070 1013 2295 1086 ὁδηγοῦν
2347 1016 2427 1077 είς
2495 1013 2594 1084 τὴν
2641 1009 2896 1082 ἀλήθειαν
2946 1011 3125 1063 πᾶσαν
3169 1007 3263 1061 τὸν
3292 1008 3536 1080 Πέτρον,
3591 1007 3660 1061 τά

2072 1105 2244 1160 πολλά
2283 1105 2467 1174 ἔλεγεν
2500 1102 2683 1174 αὐτῷ,
2729 1102 2764 1156 ἃ
2809 1103 2909 1155 οὐκ
2954 1101 3177 1156 ἐδύνατο
3206 1100 3522 1172 βαστάζειν,
3569 1101 3660 1152 ὅτε

2072 1198 2214 1252 κατὰ
2234 1199 2411 1270 σάρκα
2439 1195 2588 1266 αὐτῷ
2609 1195 2688 1249 ἔτι
2716 1197 2744 1248 6
2768 1194 2972 1265 Ἰησοῦς
2995 1192 3181 1263 συνῆν.
3213 1192 3375 1246 Ἀλλά
3399 1191 3531 1263 περὶ
3561 1191 3660 1262 μὲν

2071 1287 2279 1342 τούτων
2341 1287 2501 1350 ἄλλος
2548 1286 2700 1340 ἕσται
2763 1285 2954 1355 καιρὸς
3005 1284 3143 1357 πρὸς
3188 1284 3250 1339 τὸ
3292 1283 3661 1356 διηγήσασθαι

2073 1381 2202 1450 περὶ
2255 1380 2364 1435 τῶν
2428 1380 2570 1434 κατὰ
2635 1381 2730 1450 τὴν
2789 1377 3011 1450 ἐκδοχὴν
3059 1376 3168 1449 (48)
3223 1378 3319 1432 τοῦ
3378 1376 3660 1440 Μωῦσέως

2074 1472 2263 1544 νόμου.
2703 1525 2705 1528 .

2143 1565 2258 1619 Νῦν
2280 1562 2336 1618 δὲ
2369 1564 2651 1636 πρόκειται
2675 1562 2888 1632 ἐλέγξαι
2913 1561 3012 1633 τὴν
3042 1560 3136 1615 τοῦ
3163 1563 3372 1615 Κέλσου
3397 1559 3661 1632 ἀμαθίανς

2076 1662 2204 1732 παρ’
2330 1662 2358 1713 6
2400 1658 2648 1722 Ἰουδαῖος
2711 1658 2860 1726 λέγει
2910 1661 3024 1723 τοῖς
3101 1658 3348 1721 πολίταις
3406 1657 3505 1710 καὶ
3550 1658 3664 1719 τοῖς

2089 1751 2450 1825 Ἰσραηλίταις
2495 1749 2849 1804 πιστεύσασιν
2877 1752 2968 1804 ἐπὶ
3009 1750 3102 1804 τὸν
3139 1748 3348 1820 Ἰησοῦν
3393 1749 3490 1803 τό·
3555 1769 3575 1800 ι
3599 1749 3666 1803 Τί

2080 1845 2342 1908 παθόντες
2376 1842 2696 1898 κατελίπετε
2743 1843 2835 1895 τὸν
2885 1843 3113 1915 πάτριον
3152 1843 3352 1914 νόμον;
3378 1861 3395 1893 ι
3459 1841 3554 1897 καὶ
3597 1840 3666 1894 τὰ

2079 1939 2226 2009 ἑξῆς.
2269 1936 2394 2000 Πῶς
2435 1936 2489 1988 δὲ
2521 1934 2943 1990 καταλελοίπασι
2990 1935 3081 1989 τὸν
3127 1935 3355 2007 πάτριον
3401 1935 3568 2005 νόμον
3615 1934 3665 1986 οί

2078 2028 2440 2100 ἐπιτιμῶντες
2469 2030 2582 2091 τοῖς
2613 2028 2686 2100 μὴ
2724 2026 3015 2081 ἀκούουσιν
3040 2026 3229 2090 αὑτοῦ,
3254 2027 3348 2080 καὶ
3379 2025 3661 2094 λέγοντες·

2084 2141 2103 2173 ι
2131 2121 2332 2190 Λέγετέ
2359 2137 2470 2192 μοι,
2510 2121 2557 2172 oi
2583 2119 2675 2172 τὸν
2713 2119 2876 2189 νόμον
2918 2117 3414 2188 ἀναγινώσκοντες,
3450 2119 3545 2173 τὸν
3585 2118 3666 2172 νό-

2082 2232 2180 2286 μον
2207 2215 2307 2266 ούκ
2349 2211 2612 2277 ἀκούετε;
2645 2210 2960 2281 Γέγραπται
2986 2211 3116 2282 γὰρ,
3150 2211 3230 2264 ὅτι
3278 2210 3533 2281 Ἀϐραάμ
3571 2208 3664 2264 δύο

2080 2306 2232 2368 υἱοὺς
2277 2303 2400 2373 ἔσχε
2421 2319 2435 2333 ⁸
2466 2323 2483 2356 ι
2526 2302 2688 2374 μέχρι
2731 2300 2859 2366 τοῦ,
2918 2322 2936 2353 ι
2964 2301 3120 2357 ἅτινά
3153 2303 3300 2356 ἐστιν
3330 2301 3665 2373 ἀλληγορού-

2082 2413 2251 2468 μενα,
2280 2415 2298 2448 ι
2341 2396 2434 2449 καὶ
2489 2393 2560 2448 τὰ
2603 2394 2752 2464 ἑξῆς.
2794 2393 2907 2447 Καὶ
2957 2393 3072 2456 πῶς
3103 2393 3527 2447 καταλελοίπασι
3575 2391 3664 2444 τὸν

2079 2493 2308 2563 πάτριον
2359 2488 2520 2558 νόμον
2577 2489 2626 2540 οἱ
2689 2485 2777 2539 ἀεὶ
2841 2485 3180 2556 μεμνημένοι
3220 2487 3278 2539 ἐν
3324 2489 3440 2550 τοῖς
3488 2486 3666 2552 λόγοις

2079 2582 2286 2638 ἑαυτῶν
2337 2580 2449 2634 τῶν
2508 2579 2787 2651 πατρίων;
2840 2580 2934 2632 καὶ
2980 2578 3262 2647 λέγοντες·
3342 2580 3456 2631 «Ἦ
3510 2578 3603 2631 καὶ
3639 2579 3666 2629 6

2078 2675 2242 2745 νόμος
2283 2671 2455 2725 ταῦτα
2485 2671 2546 2724 ού
2589 2669 2772 2738 λέγεις
2825 2672 2883 2724 ὲν
2924 2670 3031 2742 γὰρ
3077 2669 3155 2740 τῷ
3197 2670 3473 2732 Μωῦσέως
3515 2669 3663 2739 νόμῳ

2077 2765 2426 2835 γέγραπται·
2472 2763 2545 2816 Οὐ
2593 2761 2862 2833 φιμώσεις
2918 2762 3044 2832 βοῦν
3088 2761 3355 2815 ἀλοῶντα.
3414 2760 3506 2832 Μὴ
3556 2760 3666 2813 τῶν

2081 2857 2218 2928 βοῶν
2267 2855 2417 2927 μέλει
2449 2855 2528 2926 τῷ
2561 2855 2702 2927 Θεῷ,
2742 2856 2872 2928 ἢδι’
2915 2857 3061 2925 ἡμᾶς
3112 2856 3327 2917 πάντως
3375 2854 3554 2922 λέγεις
3597 2852 3665 2906 δι’

2079 2950 2225 3021 ἡμᾶς
2257 2947 2366 3020 γὰρ
2398 2949 2632 3020 ἐγράφη,
2689 2969 2705 2998 ι
2744 2949 2837 3002 καὶ
2866 2948 2936 3002 τὰ
2968 2948 3113 3019 ἑξῆς.
3156 2949 3267 3001 Καὶ
3299 2948 3373 3011 ὡς
3403 2964 3667 3017 συγκεχυ-

2084 3042 2259 3113 μένως
2299 3059 2362 3110 γε
2395 3041 2546 3095 ταῦθ’
2587 3045 2615 3096 6
2649 3041 2801 3112 παρὰ
2832 3041 2910 3112 τῷ
2958 3041 3150 3111 Κέλσῳ
3195 3041 3449 3103 Ἰουδαῖος
3497 3039 3662 3107 λέγει,

2081 3131 2376 3203 δυνάμενος
2430 3131 2795 3202 πιθανώτερον
2861 3133 3070 3195 εἰπεῖν,
3135 3131 3218 3184 ὅτι
3278 3151 3297 3182 ι
3339 3132 3502 3195 Τινὲς
3568 3131 3664 3202 μὲν

2083 3222 2237 3294 ὑμῶν
2263 3221 2373 3294 (49)
2409 3221 2835 3276 καταλελοίπασι
2881 3222 2952 3275 τὰ
2985 3222 3100 3294 ἔθη,
3154 3224 3430 3294 προφάσει
3483 3223 3667 3296 διηγή-

2084 3330 2220 3366 σεων
2252 3313 2346 3366 καὶ
2385 3312 2720 3384 ἀλληγοριῶν
2745 3330 2757 3343 ·
2791 3314 2937 3376 τινὲς
2965 3312 3022 3366 δὲ
3057 3312 3148 3365 καὶ
3180 3312 3553 3384 διηγούμενοι,
3592 3313 3666 3375 ὡς

2081 3403 2503 3474 ὲπαγγέλλεσθε,
2539 3404 2922 3474 πνευματικῶς
2945 3445 2959 3469 ,
2984 3405 3132 3459 οὐδὲν
3162 3399 3324 3477 ἦττον
3354 3405 3426 3459 τὰ
3460 3407 3666 3477 πάτρια

2082 3501 2328 3570 τηρεῖτε·
2365 3498 2510 3562 τινὲς
2559 3498 2614 3550 δὲ
2669 3498 2790 3550 οὐδὲ
2840 3497 3216 3569 διηγούμενοι,
3268 3498 3522 3570 βούλεσθε
3572 3497 3666 3552 καὶ

2082 3590 2174 3643 τὸν
2223 3587 2432 3660 Ἰησοῦν
2466 3588 2872 3661 παραδέξασθαι
2924 3589 2999 3652 ὡς
3054 3590 3536 3661 προφητευθέντα,
3573 3589 3667 3643 καὶ

2083 3681 2172 3734 τὸν
2195 3681 2472 3745 Μωῦσέως
2504 3681 2665 3752 νόμον
2696 3682 2932 3752 τηρῆσαι
2959 3682 3101 3737 κατὰ
3132 3683 3200 3736 τά
3240 3683 3449 3754 πάτρια
3469 3700 3483 3713 ·
3511 3683 3584 3746 ὡς
3611 3684 3665 3735 ἐν

2082 3777 2148 3845 τῇ
2197 3773 2338 3836 λέξει
2383 3773 2594 3844 ἔχοντες
2633 3773 2725 3826 τὸν
2770 3774 2947 3828 πάντα
2988 3774 3081 3828 τοῦ
3117 3774 3426 3845 πνεύματος
3472 3774 3614 3828 νοῦν.
3642 3795 3658 3826 ι

2099 3864 2259 3918 Ἀλλά
2290 3863 2397 3936 γάρ
2425 3863 2584 3917 πόθεν
2618 3864 2811 3934 Κέλσῳ
2840 3865 2910 3918 τά
2950 3865 3092 3918 κατὰ
3122 3866 3211 3919 τὸν
3241 3866 3422 3919 ’τόπον
3454 3866 3636 3936 τρανῶ

2087 3973 2211 4018 σαι,
2269 3955 2327 4019 ὃς
2375 3957 2469 4010 καὶ
2527 3956 2790 4027 αἱρέσεων
2827 3959 2923 4028 μὲν
2971 3957 3144 4010 ἀθέων
3193 3958 3287 4010 καὶ
3339 3957 3436 4011 τοῦ
3494 3957 3664 4030 Ἰησοῦ

2087 4046 2262 4115 πάντη
2288 4043 2580 4115 ἀλλοτρίων
2605 4046 2661 4098 ἐν
2685 4048 2798 4108 τοῖς
2830 4045 2956 4115 ἑξῆς
2995 4045 3394 4116 ἐμνημόνευσε,
3439 4048 3533 4102 καὶ
3577 4047 3667 4101 ἀλ-

2085 4135 2191 4188 λων
2219 4135 2660 4189 καταλειπουσῶν
2693 4135 2784 4189 τὸν
2819 4135 3179 4207 δημιουργόν·
3207 4138 3310 4190 οὐκ
3339 4134 3453 4191 οἶδε
3486 4138 3543 4190 δὲ
3573 4137 3665 4191 καὶ

2099 4225 2438 4298 Ἰσραηλίτας
2472 4227 2551 4290 εἰς
2607 4225 2813 4295 Ἰησοῦν
2848 4225 3199 4291 πιστεύοντας
3222 4269 3236 4291 ,
3281 4229 3378 4282 καὶ
3411 4230 3471 4281 ού
3507 4245 3666 4281 κατα-

2085 4314 2342 4378 λιπόντας
2373 4315 2464 4367 τὸν
2492 4315 2719 4384 πάτριον
2753 4315 2945 4385 νόμον;
2982 4316 3056 4368 Οὐ
3079 4316 3186 4386 γὰρ
3214 4317 3502 4388 προέκειτο
3523 4315 3663 4386 αὐτῷ

2088 4408 2396 4480 φιλαληθῶς
2420 4408 2516 4460 ὅλα
2535 4408 2602 4462 τά
2626 4405 2769 4460 κατὰ
2798 4408 2890 4461 τὸν
2916 4410 3080 4463 τόπον
3111 4411 3366 4474 ἐξετάσαι
3390 4453 3406 4477 ,
3441 4412 3508 4465 ἵν’
3534 4411 3586 4465 εί
3612 4428 3662 4464 τι

395 4507 540 4560 enim
584 4508 634 4562 ei
681 4508 1020 4578 propositum
1071 4507 1172 4562 fuit
1221 4506 1437 4563 sincero
1500 4509 1750 4565 veritatis
1797 4509 1978 4565 studio

2084 4504 2352 4575 χρήσιμον
2408 4502 2672 4572 εὑρίσκοι,
2711 4502 3111 4574 παραδέξηται·
3167 4503 3387 4568 ἀλλ’ὡς
3441 4505 3661 4576 ἐχθρὸς,

395 4599 578 4654 Omnia
621 4600 723 4654 hoc
763 4599 882 4656 loco
913 4599 1264 4670 investigare,
1303 4610 1362 4654 ut
1395 4602 1438 4656 si
1479 4600 1608 4670 quid
1658 4601 1790 4656 utile
1840 4616 1980 4654 nan—

397 4691 719 4756 cisceretur,
761 4693 815 4747 id
847 4693 1203 4758 admitteret;
1256 4692 1350 4747 sed
1383 4692 1567 4748 animo
1603 4693 1813 4774 infenso
1866 4695 1983 4748 haec

398 4785 639 4852 scripsit,
674 4793 819 4840 totus
850 4786 915 4839 ad
946 4787 1305 4840 evertendum
1336 4785 1580 4842 intentus
1614 4786 1778 4840 simul
1821 4795 1985 4856 atque

399 4875 653 4929 audierit.

470 4966 524 5020 4.
568 4965 773 5020 Deinde
805 4965 950 5020 illius
977 4965 1195 5024 Judaens
1226 4983 1330 5038 eos.
1363 4969 1456 5038 qui
1485 4985 1516 5024 e
1568 4970 1766 5041 populo
1791 4966 1975 5025 Jesum

400 5058 576 5116 secuti
623 5066 787 5122 sunt,
830 5057 910 5112 sic
956 5057 1289 5127 alloquitur:
1322 5079 1342 5113 ι
1374 5060 1502 5117 Heri
1533 5071 1588 5117 et
1624 5063 1824 5118 nudius
1862 5071 1974 5116 lcr-

402 5152 510 5206 tius
529 5191 547 5219 ,
579 5165 701 5205 cum
728 5150 783 5203 in
803 5165 937 5205 eum
966 5152 1059 5221 qui
1086 5153 1241 5208 vobis
1267 5170 1330 5210 os
1358 5155 1696 5220 sublinebat,
1725 5154 1976 5210 animad-

468 5265 515 5298 "
543 5265 721 5321 Galat.
752 5283 825 5333 ιν,
851 5266 942 5332 21,
969 5266 1060 5322 22.
1135 5268 1180 5299 ⁸⁷
1214 5268 1236 5323 l
1264 5268 1391 5324 Cor.
1421 5287 1501 5338 ix,
1532 5272 1594 5339 8;
1646 5271 1802 5326 Deut.
1830 5286 1961 5338 xxv,
1991 5271 2045 5325 4.

633 5382 900 5451 Ἀληθῶν
925 5383 1022 5436 καὶ
1062 5387 1496 5455 πνευματικῶν.
1553 5389 1693 5443 Bene
1721 5389 1980 5444 Velserns

400 5453 542 5522 apud
565 5453 938 5531 ’stchelithtm
962 5453 1324 5531 scribendum
1359 5468 1560 5531 monet
1584 5459 1833 5531 ἀληθινὸν
1875 5459 1978 5531 καὶ

401 5524 788 5594 πνευματικόν.
843 5523 1010 5577 Paulo
1039 5535 1158 5591 post
1188 5525 1293 5578 duo
1321 5529 1476 5581 codd.
1524 5523 1762 5584 Vaticani
1788 5541 1842 5585 et
1874 5530 1978 5584 Ba-

403 5594 672 5656 sileensis,
727 5593 840 5647 ἃκὸ
892 5593 1023 5656 Θεὸς
1057 5594 1370 5656 ἐκαθάρισε,
1422 5609 1473 5651 et
1522 5601 1590 5653 ita
1648 5601 1974 5656 Anglicanus

403 5610 672 5656 StleeHSIS,
727 5610 840 5647 a'o
892 5610 1023 5656 uso;
1057 5610 1370 5665 εκαυαρισε,
1422 5610 1473 5651 et
1522 5610 1590 5653 tta
1648 5610 1972 5669 Anglicanus

403 5664 1077 5787 ετῗιιὲῗέιιέὲὲἓὲῗίιιειη.
1133 5664 1348 5741 Reliqui
1391 5683 1513 5724 cum
1545 5671 1702 5724 editis
1747 5673 1972 5739 habent,

477 5750 506 5787 ο
548 5750 679 5795 me;
708 5750 965 5811 εκαυηρε.

475 5802 585 5876 (48)
624 5805 760 5869 Περὶ
817 5822 929 5857 τωϊ
979 5807 1128 5859 κατὰ
1171 5807 1282 5875 τὴν
1321 5806 1597 5878 ἐριδοχήν,
1657 5811 1969 5868 Boltcrellus

2078 4595 2174 4650 καὶ
2218 4594 2338 4658 ὅλος
2390 4593 2484 4646 τοῦ
2533 4593 2855 4664 ἀνατρέπειν
2906 4594 3022 4665 ἅμα
3060 4593 3138 4665 τῷ
3190 4595 3424 4650 ἀκοῦσαι
3457 4596 3665 4671 γενόμε-

2080 4706 2199 4756 νος,
2235 4688 2306 4744 τὰ
2335 4686 2559 4742 τοιαῦτα
2590 4687 2918 4759 ἀνέγραψεν.

2155 4966 2288 5024 Εἶτα
2325 4970 2471 5038 λέγει
2509 4973 2537 5024 ὁ
2573 4974 2703 5044 παρ’
2744 4971 2890 5043 αὐτῷ
2941 4973 3188 5038 Ἰουδαῖος
3224 4977 3364 5048 πρὸς
3404 4979 3531 5043 τοὺς
3561 4975 3665 5033 ἀτσδ

2080 5062 2175 5116 τοῦ
2203 5062 2333 5115 λαοῦ
2359 5061 2783 5128 πιστεύσαντας·
2819 5066 2900 5118 ὅτι
2935 5086 2953 5117 ι
2995 5065 3136 5130 Χθὲς
3163 5068 3258 5120 καὶ
3288 5068 3502 5140 πρώην,
3531 5074 3662 5140 ὁπη-

2079 5156 2204 5209 νίκα
2227 5154 2413 5208 τοῦτον
2441 5155 2768 5228 ὲκολάζομεν
2797 5157 3151 5230 βουκολοῦντα
3179 5161 3348 5231 ὑμᾶς,
3390 5165 3659 5234 ἀπέστητε

2083 5390 2193 5472 τῶν
2240 5394 2610 5472 masculinum
2631 5412 2752 5452 esse
2786 5405 2972 5472 putat,
3011 5403 3066 5449 et
3107 5396 3236 5460 τοὺς
3268 5399 3414 5453 κατὰ
3441 5399 3540 5472 τὴν
3573 5400 3662 5456 ὲκ-

2082 5460 2241 5541 δοχὴν
2270 5464 2372 5541 ’τοῦ
2407 5465 2706 5541 Μωῦσέως-
2740 5460 2905 5538 νόμου
2960 5467 3354 5536 interpretatur
3389 5489 3406 5520 ι
3440 5460 3532 5525 eos
3571 5471 3657 5541 qui

2082 5532 2372 5607 litteralem
2407 5535 2660 5607 illosaica:
2697 5532 2828 5607 legis
2863 5551 3080 5592 sensum
3101 5532 3436 5593 'sectantnr.
3465 5560 3484 5592 ι

2155 5605 2265 5676 (49)
2328 5605 2540 5675 ’Υμῶτκ
2582 5605 2935 5672 Βοιτίοίηεε..
2983 5617 3038 5660 et
3077 5608 3180 5676 ita;
3207 5607 3411 5676 legisse
3453 5611 3656 5665 videtur

2081 5674 2352 5773 initerpres
2394 5674 2684 5734 Gelenius.
2719 5735 2724 5742 κ
2758 5678 2918 5735 Libb.
2973 5675 3103 5732 editi
3168 5674 3417 5746 hab—ent,
3471 5679 3650 5752 ἡμῶν,

2080 5761 2239 5805 tnaze.
