3902 6414
227 279 366 336 ’801

1382 269 1658 329 CONTRA
1697 267 1970 327 CELSUM
1999 268 2128 325 LIB.
2170 267 2234 323 Il.

3360 270 3470 327 802

284 394 358 450 τοῦ
390 391 586 463 πατρίου
619 390 812 462 νόμου·
863 410 882 444 ι
926 388 1074 444 οὐδὲν
1115 390 1358 463 ἀκριϐῶς
1402 391 1511 462 (50)
1555 391 1708 456 εἰδὼς
1738 393 1786 445 ἐκ

1901 404 2119 447 versum
2169 397 2292 457 est,
2338 404 2366 442 a
2412 388 2529 459 lege
2571 389 2748 458 patria
2792 390 3090 448 defecistis.
3126 411 3146 445 ι
3180 391 3282 448 Ubi
3333 392 3472 448 nihil

285 483 348 541 οἷς
373 485 545 551 ἔλεγεν,
580 481 654 544 ὡς
686 481 982 552 ἐδείξαμεν.
1026 481 1177 536 Μετὰ
1214 482 1270 536 δὲ
1304 481 1476 536 ταῦτα
1521 483 1666 535 δοκεῖ
1709 498 1796 552 μοι

285 573 532 643 δεινότητος
549 569 762 640 ἔχεσθαι
793 571 882 622 τό·
911 589 930 620 ι
963 572 1030 622 Ἦ
1049 570 1163 634 πῶς
1190 569 1420 642 ἄρχεσθε
1445 571 1542 642 μὲν
1565 569 1672 624 ἀπὸ
1690 570 1798 624 τῶν

286 662 515 735 ἡμετέρων
553 660 730 732 ἱερῶν,
771 660 1124 733 προϊόντες-δὲ
1161 662 1299 714 αὐτὰ
1332 661 1658 731 ἀτιμάζετε;
1699 661 1800 713 οὐκ

287 758 457 829 ἔχοντες
482 751 634 822 ἄλλην
657 751 831 822 ἀρχὴν
857 752 1029 804 εἰπεῖν
1055 750 1146 804 τοῦ
1175 751 1460 822 δόγματος,
1488 753 1522 822 ἢ
1546 751 1636 805 τὸν
1664 752 1799 823 ἠμέ-

287 868 410 923 τερον
423 849 587 918 νόμον
611 865 628 897 ι
647 844 860 915 ἀληθῶς
879 844 976 915 μὲν
989 843 1098 916 γὰρ
1115 845 1458 916 Χριστιανοῖς
1473 847 1506 917 ή
1523 849 1797 920 είσαγωγή

289 945 401 994 ἐστιν
423 937 515 992 ἀπὸ
537 937 640 990 τῶν
674 934 834 1006 ἱερῶν
873 934 1166 999 Μωῡσέως,
1195 935 1289 988 καὶ
1315 934 1422 989 τῶν
1448 939 1801 1008 προφητικῶν

287 1031 604 1101 γραμμάτων
634 1028 729 1080 καὶ
754 1028 890 1097 μετά
911 1027 1006 1098 τὴν
1028 1027 1355 1097 εἰσαγωγὴν,
1382 1029 1440 1080 ὲν
1461 1033 1526 1102 τῇ
1553 1031 1800 1102 διηγήσει

280 1117 351 1168 καὶ
381 1115 618 1184 σαφηνείᾳ
656 1113 836 1167 αὐτῶν
878 1114 991 1166 ἐστι
1029 1117 1139 1178 τοῖς
1183 1117 1556 1188 εἰσαγομένοις
1597 1119 1629 1188 ἡ
1671 1135 1797 1190 προ-

278 1207 388 1277 κοπὴ
414 1204 615 1277 ζητοῦσι
647 1205 708 1258 τὸ
736 1222 755 1256 ι
789 1204 928 1258 κατὰ
955 1204 1294 1276 ἀποκάλυψιν
1325 1209 1640 1279 μυστήριον,
1671 1209 1796 1279 χρό-

276 1316 359 1362 νοις
377 1298 588 1360 αἰωνίοις
607 1296 980 1366 σεσιγημένον.
1007 1298 1313 1370 φανερωθὲν
1339 1299 1394 1352 δὲ
1419 1298 1514 1352 νῦν
1543 1303 1662 1363 ταῖς
1684 1300 1793 1369 (5i)

277 1392 586 1460 προφητικαῖς
614 1392 842 1458 φωναῖς,
880 1409 897 1441 ι
935 1391 1028 1443 καὶ
1052 1393 1118 1461 τῇ
1144 1390 1236 1442 τοῦ
1264 1391 1468 1462 Κυρίου
1498 1393 1528 1462 ἡ
1538 1391 1653 1462 μῶν
1693 1394 1794 1464 Ἰη-

277 1478 348 1530 σοῦ
371 1478 579 1549 Χριστοῦ
608 1476 914 1551 ἐπιφανείᾳ.
940 1480 1074 1550 Ούχ,
1099 1481 1173 1544 ῶς
1191 1480 1373 1550 λέγετε
1401 1483 1476 1546 δὲ,
1505 1485 1551 1536 oi
1579 1485 1794 1556 προϊόν-

274 1577 344 1631 τες
387 1570 690 1638 ἀτιμάζουσι
745 1569 812 1622 τὰ
870 1571 927 1620 ἐν
995 1570 1144 1641 νόμῳ
1202 1573 1591 1644 γεγραμμένα·
1657 1576 1792 1630 ἀλλά

275 1659 448 1712 πλείονα
493 1661 650 1732 τιμὴν
696 1666 877 1728 αὐτοῖς
929 1665 1323 1737 περιτιθέασιν,
1374 1667 1791 1731 ἀποδεικνύντες

1901 482 2120 550 quidem
2169 489 2484 534 accuratum
2531 480 2666 533 vidit
2711 480 2760 533 in
2804 479 2873 535 iis
2914 497 3034 551 quae
3063 482 3232 548 dixit,
3267 491 3325 535 ut
3353 481 3472 548 jam

1901 573 2186 642 probatum
2219 581 2327 626 est.
2363 571 2492 637 Quae
2521 581 2826 642 sequuntur
2852 573 3050 643 aliquid
3078 576 3334 643 ponderis
3366 576 3469 630 ha-

1899 663 2030 718 bere
2061 665 2356 718 videntur:
2389 682 2407 715 ι
2437 663 2754 732 Quomodo,
2791 681 2914 720 cum
2962 682 2990 720 a
3045 666 3250 722 nostris
3293 669 3469 724 sacris

1900 755 2110 810 ducatis
2145 755 2356 809 initium
2383 797 2398 823 ,
2445 757 2609 826 paulo
2649 757 2932 828 progressi
2975 759 3161 813 eadem
3203 758 3291 813 illa
3339 775 3469 814 con-

1900 845 2184 901 temnitis?
2214 846 2397 916 Neque
2427 846 2571 900 enim
2602 847 2748 900 aliud
2781 855 2973 902 vestrae
2999 848 3260 903 doctrinae
3287 848 3468 904 dicere

1899 937 2115 992 habetis
2148 936 2365 991 initium
2400 953 2564 1008 quam
2600 947 2842 993 nostram
2877 939 3072 1010 legem.
3105 941 3352 996 rVerum
3386 939 3469 997 est

1898 1029 2154 1084 Mosaica:
2188 1029 2324 1100 legis
2353 1030 2493 1084 ritus
2525 1029 2842 1100 litterasque
2869 1032 3212 1101 propheticas
3237 1048 3354 1090 esse
3384 1047 3473 1089 re-

1897 1118 2114 1187 ligionis
2146 1119 2476 1174 Christianae
2507 1121 2686 1188 prima
2719 1120 2889 1176 veluti
2927 1123 3240 1193 rudimenta
3263 1163 3278 1190 ,
3311 1133 3366 1178 et
3399 1124 3468 1179 ab

1897 1211 1979 1264 eis
2010 1223 2331 1279 progressos
2365 1217 2476 1263 tum
2518 1208 2822 1278 proiicere,
2861 1225 2983 1265 cum
3025 1211 3113 1265 illa
3152 1220 3471 1268 scrutantur

1901 1304 2202 1369 eorumque
2237 1308 2471 1354 mentem
2509 1298 2846 1368 inspiciunt,
2883 1316 3004 1354 cum
3043 1311 3293 1370 quaerunt
3323 1321 3343 1354 ‹
3375 1317 3463 1357 se-

1898 1395 2136 1448 cundum
2171 1393 2562 1448 revelationem
2595 1393 2914 1464 mysterium
2949 1394 3278 1463 temporibus
3306 1405 3464 1450 aeter-

1897 1482 1980 1536 nis
2019 1483 2268 1547 tacitum,
2301 1481 2442 1548 quod
2467 1495 2610 1534 nunc
2640 1477 2969 1549 patefactum
2991 1489 3073 1534 est
3095 1493 3190 1548 per
3211 1479 3461 1550 Scriptu-

1896 1586 1984 1626 ras
2015 1572 2408 1640 prophetarum
2431 1571 2499 1604 δ”
2525 1589 2545 1622 ι
2573 1578 2627 1625 et
2653 1570 2863 1623 Domini
2895 1571 3063 1624 nostri
3095 1568 3224 1625 Jesu
3256 1569 3463 1625 Christi

1893 1665 2207 1717 adventum.
2256 1663 2326 1715 At
2370 1677 2477 1716 non
2520 1675 2709 1714 verum
2743 1662 2886 1730 quod
2918 1661 3136 1728 dicitis,
3166 1661 3256 1730 qui
3292 1661 3464 1730 proﬁ-

273 1751 366 1804 ὂσον
393 1752 490 1822 ἔχει
517 1753 675 1823 βάθος
713 1756 888 1825 σοφῶν
917 1758 1012 1812 καὶ
1043 1759 1367 1830 ἀπορρήτων
1409 1758 1582 1827 λόγων
1611 1761 1786 1814 ὲκεῖνα

1893 1753 2084 1817 ciunt,
2130 1756 2199 1809 ab
2245 1754 2328 1808 eis
2372 1752 2668 1807 Mosaicam
2707 1751 2882 1820 legem
2916 1752 3215 1822 despicatui
3251 1753 3462 1809 haberi.

271 1842 321 1894 τὰ
342 1845 631 1914 γράμματα,
658 1847 726 1900 τὰ
749 1849 852 1900 ὑπὸ
885 1849 1149 1902 Ἰουδαίων
1175 1851 1236 1902 ού
1259 1850 1663 1922 τεθεωρημένα,
1682 1851 1792 1905 τῶν

268 1934 654 2008 ἐπιπολαιότερον
665 1939 754 1991 καὶ
768 1939 871 2008 μυθ
881 1939 1038 1992 ικὼτε
1049 1957 1134 2010 ρον
1147 1940 1326 2003 αὐτοῖς
1340 1942 1788 2012 ἐντυγχανόντων.

265 2022 314 2079 Τί
337 2023 384 2074 δὲ
409 2025 594 2078 ἄτοπον
620 2027 681 2079 τὺ
709 2029 884 2098 ἀρχὴν
915 2027 1008 2080 τοῦ
1027 2028 1190 2098 ἠμετέ
1201 2047 1292 2100 ρου
1304 2029 1590 2099 δόγματος,
1605 2032 1790 2085 τουτέ-

265 2131 328 2167 οτι
343 2116 419 2168 τοῦ
439 2118 778 2186 Εὖαγγελίου,
807 2116 947 2174 εἶναι
969 2121 1058 2173 τὸν
1074 2122 1234 2191 νόμον
1251 2137 1264 2186 ;
1295 2121 1389 2174 ac;
1403 2123 1498 2176 καὶ
1518 2122 1682 2176 αὑτοῦ
1696 2125 1790 2178 τοῦ

275 2205 410 2275 Ἰησοῦ
423 2211 614 2279 Κυρίου
632 2211 788 2281 ἡμῶν
815 2211 1065 2279 λέγοντος
1091 2212 1224 2284 πρὸς
1253 2214 1378 2276 τοὺς
1411 2214 1484 2285 μὴ
1513 2216 1792 2269 πιστεύον-

262 2312 338 2358 τας
355 2297 483 2368 αὐτῷ
502 2299 629 2367 (52)’
659 2321 676 2352 ι
707 2302 767 2354 ΕΞ
789 2303 1101 2356 ἐπιστεύετε
1122 2306 1359 2369 Μωῦσεῖ,
1386 2307 1696 2360 ἐπιστεύετε
1724 2307 1791 2362 ἂν

264 2387 379 2455 ἐμοί·
401 2391 517 2460 περ).
541 2389 646 2461 γὰρ
675 2391 810 2462 ἐμοῦ
838 2393 1042 2456 ἐκεῖνος
1068 2394 1300 2466 ἔγραψεν
1319 2412 1332 2425 ·
1363 2396 1414 2447 εἰ
1437 2396 1493 2448 δὲ
1519 2399 1630 2460 τοῖς
1651 2397 1792 2450 ἐκεί-

263 2496 332 2530 νου
361 2481 655 2552 γράμμασιν
684 2484 745 2536 οὐ
785 2484 1088 2550 πιστεύετε,
1117 2486 1233 2550 πῶς
1262 2490 1371 2550 τοῖς
1403 2488 1558 2557 ἐμοῖς
1584 2488 1790 2559 ῥήμασι

262 2570 527 2624 πιστεύσετε
561 2572 704 2642 (55);
747 2593 767 2625 ι
813 2575 974 2628 Ἀλλά
1011 2576 1104 2630 καὶ
1131 2572 1211 2640 εἷς
1239 2579 1345 2631 τῶν
1392 2578 1791 2647 εὐαγγελιστῶν

259 2661 499 2731 ὀΜάρκος
533 2665 748 2733 φησίν·‹
809 2666 973 2737 Ἀρχὴ
1003 2666 1114 2738 (54)
1146 2667 1240 2720 τοῦ
1274 2669 1602 2738 Εύαγγελίου
1636 2669 1790 2740 ἡμῶν

271 2751 409 2819 Ἰησοῦ
423 2754 670 2824 Χριστοῦ,
687 2755 764 2817 ὡς
777 2755 1086 2827 γέγραπται
1114 2759 1170 2810 ὲν
1186 2753 1382 2831 Ἡσαΐᾳ
1502 2761 1783 2831 προφήτῃο

270 2842 372 2893 ’ῐὼὺ
394 2842 494 2910 ἐγὼ
521 2845 835 2898 ἀποστέλλω
858 2847 946 2899 τὸν
977 2847 1203 2916 ἄγγελόν
1232 2867 1332 2921 μου
1359 2850 1465 2921 πρὸ
1497 2850 1788 2922 προσώπου

263 2947 352 2993 σου,
378 2933 428 2996 ὃς
458 2937 849 2989 κατασκευάσει
881 2936 977 3009 τὴν
1003 2939 1118 2992 ὁδόν
1145 2957 1237 2992 σου
1268 2941 1574 3013 ἔμπροσθέν
1597 2959 1689 2996 σου
1710 2960 1724 2974 ·
1763 2962 1783 2996 ι

259 3018 449 3086 δεικνὺς,
480 3025 556 3077 ὅτι
583 3027 616 3095 ἡ
651 3025 746 3078 τοῦ
777 3027 1108 3095 Εὑαγγελίου
1145 3030 1286 3100 ἀρχὴ
1326 3029 1435 3083 τῶν
1485 3032 1786 3087 Ἰουδαϊκῶν

261 3115 552 3182 γραμμάτων
579 3117 831 3189 ἢρτηται.
860 3118 926 3170 Τί
958 3115 1050 3172 οὖν
1091 3119 1207 3172 καθ’
1240 3120 1396 3190 ἡμῶν
1427 3120 1643 3190 λέγεται
1684 3122 1788 3175 ὑπὸ

264 3200 332 3252 τοῦ
357 3202 491 3274 παρὰ
512 3205 586 3275 τῷ
608 3207 800 3278 Κέλσῳ
831 3208 1080 3262 Ἰουδαίου
1113 3210 1244 3280 (55),
1269 3211 1325 3263 ἐν
1346 3210 1424 3282 τῷ
1440 3229 1452 3242 ·
1487 3231 1504 3262 ε
1537 3213 1659 3266 Εἴτε
1682 3214 1788 3286 γὰρ

263 3295 583 3366 προηγόρευσε
617 3316 701 3362 τις
732 3300 882 3370 ὑμῖν,
923 3301 1004 3352 ὅτι
1040 3301 1147 3373 ἄρα
1179 3302 1207 3353 ὁ
1240 3303 1332 3356 τοῦ
1372 3303 1506 3357 Θεοῦ
1548 3308 1677 3369 παῖς
1709 3309 1788 3370 είς

263 3383 530 3454 ἀνθρώπους
552 3388 824 3459 ἀφίξεται,
851 3385 1006 3454 οὗτος
1035 3393 1299 3464 ἡμέτερος
1325 3390 1392 3465 ἦν
1425 3396 1453 3447 ὁ
1483 3399 1782 3470 προφήτης,

263 3477 427 3530 καὶτοῦ
446 3481 706 3552 ἡμετέρου
737 3481 871 3536 Θεοῦ
894 3499 907 3547 ;
945 3503 964 3533 ι
994 3484 1149 3537 Ποῖον
1173 3485 1228 3537 δὲ
1255 3484 1504 3556 ἔγκλημα
1529 3488 1787 3557 Χριστια-

261 3565 400 3637 νισμῷ
448 3571 605 3634 ἐστιν,
650 3572 699 3623 εί
744 3575 772 3624 ὁ
819 3570 1084 3641 βαπτίσας
1127 3573 1218 3625 τὸν
1267 3573 1474 3644 Ἰησοῦν
1537 3576 1786 3648 Ἰωάννης

269 3653 475 3722 Ἰουδαῖος
505 3657 602 3731 ἦν;
647 3663 722 3715 Οὐ
756 3662 865 3734 γὰρ
907 3662 1028 3716 ἐπεὶ
1068 3664 1315 3728 Ἰουδαῖος
1339 3660 1429 3736 ἦν,
1473 3665 1782 3736 συνάγεται,

260 3745 322 3799 ὅτι
355 3749 423 3802 δεῖ
452 3752 618 3806 πάντα
657 3754 750 3807 τὸν
789 3755 1132 3819 πιστεύοντα,
1179 3756 1276 3808 εἴτ’
1319 3757 1426 3809 ἀπὸ
1462 3758 1570 3810 τῶν
1615 3759 1784 3811 ἐθνῶν

262 3841 568 3912 προσέρχεται
607 3843 876 3915 τῷλόγῳ,
911 3845 1020 3898 εἴτε
1057 3847 1165 3899 ἀπὸ
1215 3847 1502 3914 Ἰουδαίων,
1544 3849 1684 3902 κατά
1724 3849 1784 3902 τὸ

261 3934 447 4006 γράμμα
474 3938 559 3991 τὸν
585 3939 867 4003 Μωῦσέως
892 3943 1076 4011 τηρεῖν
1104 3940 1288 4010 νόμον.

312 4152 438 4207 Μετά
471 4154 638 4210 ταῦτα
675 4156 723 4208 εἰ
761 4154 856 4208 καὶ
883 4153 1194 4223 ταυτολογεῖ
1231 4157 1259 4208 ὁ
1287 4154 1490 4218 Κέλσος
1520 4155 1646 4227 περὶ
1688 4154 1781 4208 τοῦ

271 4237 406 4311 Ἰησοῦ
437 4246 562 4317 (56),
587 4247 842 4318 δεύτερον
871 4245 971 4316 ἤδη
1001 4245 1170 4314 λέγων
1192 4246 1656 4317 πλημμελήσαντα
1688 4245 1785 4299 αύ-

257 4329 327 4383 τῦν
346 4334 605 4389 δεδωκέναι
631 4336 789 4408 ,παρὰ
834 4334 1106 4400 Ἰουδαίοις
1137 4337 1292 4406 δίκην
1313 4355 1326 4368 ο
1357 4337 1469 4389 ἀλλ’
1495 4340 1656 4408 ἡμεῖς
1681 4338 1782 4390 οὐκ

1814 3083 1855 3141 C

1895 1845 2007 1901 lmo
2033 1845 2152 1915 plus
2174 1844 2249 1899 illi
2270 1844 2494 1900 honoris
2511 1843 2762 1899 deferunt
2783 1863 2795 1899 :
2819 1844 3113 1898 ostendunt
3132 1844 3276 1898 enim
3298 1857 3462 1912 quam

1898 1917 2007 1988 alta
2031 1974 2047 2000 ,
2077 1949 2240 2003 quam
2275 1936 2530 1989 abstrusa
2563 1934 2637 1988 sit
2667 1932 2937 2002 sapientia
2979 1947 3169 1988 eorum
3212 1949 3333 2003 quae
3363 1933 3464 1988 sub

1896 2028 2006 2082 illis
2052 2027 2220 2081 latent
2249 2028 2475 2090 litteris,
2512 2028 2564 2080 in
2601 2041 2739 2094 quas
2771 2044 3048 2098 nunquam
3077 2026 3253 2081 Judaei
3293 2027 3466 2081 intro-

1893 2128 2195 2189 spexerunt
2216 2159 2231 2182 ,
2263 2131 2323 2174 ut
2350 2119 2442 2188 qui
2476 2117 2582 2173 illis
2613 2118 2859 2188 legendis
2890 2122 2946 2175 in
2979 2119 3266 2189 superficie
3297 2128 3352 2172 et
3384 2117 3465 2172 fa-

1891 2213 2036 2268 bulis
2071 2213 2302 2268 haerent.
2339 2212 2483 2280 Quid
2519 2228 2652 2268 vero
2689 2214 2981 2268 absurdum
3026 2221 3109 2266 est
3140 2211 3312 2280 legem
3344 2225 3466 2266 esse

1893 2313 2093 2358 nostrae
2138 2303 2428 2370 doctrinm,
2478 2318 2610 2371 seu,
2643 2305 2788 2373 quod
2832 2305 2972 2357 idem
3013 2310 3134 2366 est,
3174 2301 3462 2372 Evangelii

1891 2397 2217 2468 principium
2245 2436 2262 2462 ,
2288 2413 2408 2451 cum
2438 2397 2552 2466 ipse
2578 2395 2737 2450 Jesus
2762 2395 3026 2449 Dominus
3048 2402 3232 2448 noster
3253 2395 3340 2458 iis,
3369 2395 3462 2464 qui

1892 2488 1995 2556 ipsi
2039 2487 2202 2542 fidem
2253 2501 2360 2541 non
2403 2487 2709 2550 habebant,
2747 2484 2947 2540 dixerit
2977 2507 2989 2539 :
3020 2502 3040 2536 ι
3072 2483 3130 2538 Si
3164 2486 3464 2540 crederetis

1890 2579 2101 2650 Moysi,
2136 2578 2437 2633 crederetis
2467 2587 2522 2633 et
2550 2578 2683 2632 mihi
2715 2594 2730 2642 ;
2768 2577 2836 2632 de
2874 2592 2961 2632 me
2990 2576 3136 2631 enim
3196 2575 3286 2630 ille
3327 2577 3463 2632 scri-

1891 2669 2034 2738 psit;
2068 2667 2113 2722 si
2151 2676 2337 2723 autem
2373 2667 2520 2722 illius
2552 2665 2752 2721 litteris
2783 2681 2890 2720 non
2921 2666 3164 2731 creditis,
3191 2666 3461 2735 quomodo

1892 2756 2076 2810 verbis
2119 2757 2258 2812 meis
2302 2756 2542 2811 credetis
2571 2755 2659 2808 ⁸⁸⁵1
2689 2773 2708 2806 ι
2741 2753 2846 2810 Sed
2889 2763 2944 2808 et
2966 2754 3180 2809 Marcus
3221 2768 3362 2808 unus
3391 2769 3462 2808 ex

1889 2847 2238 2918 evangelistis
2287 2847 2364 2900 ait
2397 2867 2409 2902 :
2448 2845 2715 2899 «Initium
2765 2845 3042 2916 Evangelii
3096 2844 3272 2898 nostri
3329 2842 3459 2898 Jesu

1889 2939 2116 3002 Christi,
2142 2939 2284 2994 sicut
2319 2938 2585 3008 scriptum
2615 2947 2699 2994 est
2731 2938 2784 2992 in
2815 2938 2952 2992 Isaia
2984 2937 3248 3007 propheta
3274 2953 3292 2991 :
3319 2936 3460 2992 Ecce

1890 3044 1991 3100 ego
2028 3030 2186 3084 mitto
2230 3028 2483 3098 angelum
2525 3042 2704 3082 meum
2748 3037 2876 3082 ante
2926 3027 3120 3082 faciem
3153 3036 3334 3094 tuam,
3365 3027 3461 3096 qui

1893 3123 2224 3192 pra~parahit
2268 3123 2412 3174 viam
2457 3130 2603 3174 tuam
2647 3130 2776 3176 ante
2808 3131 2860 3176 te
2891 3118 2936 3152 ⁸⁸
2966 3138 2981 3187 ;
3012 3139 3030 3173 ι
3058 3119 3260 3189 quibus
3297 3119 3461 3176 docet

1887 3214 2166 3284 Evangelii
2222 3214 2436 3269 initium
2491 3229 2519 3268 a
2573 3212 2882 3282 Scripturis
2910 3211 3148 3267 Judaicis
3196 3213 3455 3281 pendere.

1887 3309 2028 3374 Quid
2061 3322 2191 3375 ergo
2225 3307 2384 3361 nobis
2414 3307 2738 3361 adversatur
2789 3305 2844 3358 id
2891 3304 3033 3372 quod
3060 3302 3207 3359 Celsi
3236 3302 3456 3360 Judacus

1886 3401 2055 3472 390
2095 3401 2216 3456 ait:
2263 3417 2282 3450 ι
2327 3397 2383 3452 Si
2426 3401 2551 3467 quis
2591 3398 2736 3452 enim
2775 3396 2936 3451 vobis
2973 3396 3222 3476 praedixit
3254 3395 3454 3451 Filium

1887 3495 1984 3548 Dei
2025 3494 2173 3547 inter
2213 3492 2464 3545 homines
2498 3505 2618 3544 esse
2660 3501 2984 3553 venturum,
3031 3488 3132 3542 fuit
3174 3489 3219 3543 is
3268 3498 3458 3545 noster

1884 3595 1938 3642 et
1975 3569 2146 3640 nostri
2195 3585 2289 3640 Dei
2345 3584 2630 3653 propheta.
2661 3599 2680 3633 ι
2708 3580 2846 3648 Quid
2895 3590 3083 3636 contra
3130 3582 3456 3638 Christiani-

1886 3695 2064 3735 smum
2095 3678 2250 3742 facit,
2280 3675 2570 3741 Joannem,
2599 3677 2690 3746 qui
2715 3675 2896 3730 Jcsum
2927 3677 3257 3746 baptizavit,
3287 3677 3461 3733 fuisse

1883 3770 2174 3827 Judaeum?
2221 3768 2331 3824 Nec
2359 3770 2505 3823 enim
2539 3767 2664 3822 inde
2694 3783 3039 3838 consequens
3074 3779 3157 3822 est
3190 3778 3245 3822 ut
3279 3771 3459 3825 omnis

1885 3866 1977 3933 qui
2038 3863 2250 3929 credit,
2299 3863 2413 3918 sive
2468 3876 2494 3915 ο
2550 3862 2835 3931 gentibus,
2899 3862 3014 3917 sive
3060 3877 3089 3916 a
3143 3860 3344 3918 Judzris
3389 3864 3456 3918 ad

1883 3957 2253 4012 Christianam
2306 3955 2615 4010 doctrinam
2655 3955 2914 4016 accedat,
2951 3952 3240 4007 Mosaicam
3281 3954 3456 4025 legem

1883 4048 2102 4103 litterali
2136 4062 2297 4103 sensu
2332 4048 2742 4116 interpretatam
2776 4045 3068 4100 observare
3097 4043 3312 4099 debeat.

1953 4142 2008 4198 5.
2053 4141 2247 4196 Postea
2266 4179 2281 4205 ,
2312 4139 2413 4194 etsi
2446 4137 2642 4206 repetit
2669 4136 2858 4192 Celsus
2884 4137 3026 4205 quod
3051 4144 3209 4188 antea
3237 4135 3302 4190 de
3328 4133 3455 4190 Jesu

1886 4238 2135 4298 dixerat,
2169 4231 2321 4285 illum
2354 4231 2497 4300 apud
2530 4229 2747 4283 Judmos
2778 4242 3000 4283 suorum
3030 4225 3299 4281 scelerum
3339 4239 3455 4294 pte-

1887 4341 1985 4380 nas
2024 4325 2226 4389 luisse,
2260 4337 2356 4377 nos
2399 4336 2504 4376 non
2553 4320 2868 4374 iterabimus
2902 4318 3300 4383 defensionem,
3329 4331 3452 4372 cum

257 4422 662 4499 ἐπαναληψόμεθα
689 4430 788 4500 τὴν
816 4429 1128 4498 ἀπολογίαν,
1152 4429 1476 4500 ἀρκούμενοι
1503 4433 1570 4500 τῇ
1597 4446 1781 4500 προειη

1893 4418 2041 4489 prior
2069 4415 2285 4470 abunde
2312 4412 2566 4470 suﬂiciat.
2595 4411 2795 4467 Deinde
2817 4408 3071 4478 quoniam
3097 4406 3213 4476 ejus
3237 4405 3455 4461 Iudaeus

263 4517 447 4591 ρημένῃ.
477 4516 582 4574 Εἶτ’
615 4521 739 4574 ἐπε)⁸
775 4522 851 4585 ὡς
883 4521 1024 4574 ἕωλα
1048 4522 1116 4576 τὰ
1144 4523 1271 4590 περὶ
1311 4521 1655 4585 ἀναστάσεως
1702 4538 1788 4574 νε-

259 4605 391 4672 κρῶν,
421 4609 506 4662 καὶ
537 4609 767 4682 κρίσεως
799 4610 956 4675 Θεοῦ,
989 4612 1081 4664 καὶ
1112 4609 1278 4682 τιμῆς
1307 4611 1411 4682 μὲν
1440 4610 1533 4664 ἐπὶ
1554 4612 1682 4674 τοὺς
1709 4611 1788 4664 δι·

1894 4521 1952 4564 ut
1996 4508 2238 4564 obsoleta
2282 4517 2336 4561 et
2384 4503 2608 4559 rancida
2655 4500 2884 4570 despicit
2923 4514 3044 4568 quae
3087 4500 3225 4568 apud
3259 4512 3356 4552 nos
3387 4499 3454 4552 de

1895 4609 2232 4657 mortuorum
2258 4595 2661 4653 resurrectione
2680 4631 2696 4656 ,
2726 4590 2793 4645 de
2823 4590 2917 4645 Dei
2941 4590 3173 4658 judicio,
3204 4588 3276 4645 de
3308 4601 3452 4644 mers

310 4696 367 4727 ’τ’
394 4699 539 4756 Rom.
570 4703 776 4768 “1,25.
844 4704 890 4736 ⁸⁸
928 4701 1083 4757 Joan.
1110 4718 1162 4767 v,
1195 4703 1287 4768 40‘,
1322 4703 1413 4758 47.
1481 4703 1525 4735 ⁸⁵
1563 4703 1730 4758 Marc.
1762 4716 1801 4767 ι,
1835 4699 1887 4765 1,
1918 4696 1974 4750 2-

313 4786 578 4865 (50)
617 4792 743 4865 editi
777 4793 829 4847 in
857 4793 1102 4865 margine
1132 4793 1350 4865 habent,
1382 4793 1626 4865 ἀκριϐές.
1664 4793 1774 4848 sic-

259 4861 507 4930 quecodd.
537 4860 734 4930 Regius
767 4874 820 4917 et
852 4860 1194 4917 Basil'eensis.

311 4925 404 4997 (5i)
431 4925 842 5000 Σεσιτιῇιένον,
895 4934 1230 5001 φανερωθὲν
1256 4932 1323 4985 δὲ
1365 4933 1481 4986 νῦν
1527 4931 1672 4997 ταῖς.
1703 4931 1779 4986 lla

258 5007 375 5077 recte
413 5015 593 5077 omnes
623 5003 784 5077 codd.
823 5015 957 5059 mss.
998 5003 1154 5058 Libb.
1208 5018 1335 5058 vero
1376 5003 1524 5070 editi,
1558 5019 1778 5073 σεσιγη-

259 5072 386 5132 μένον
419 5072 471 5122 ὲν
495 5075 627 5135 ταῖς,
661 5073 819 5128 male.

311 5137 614 5215 (δὴᾼὺςῷ.
669 5141 748 5195 lla
803 5144 940 5197 bene
996 5143 1162 5199 codex
1216 5141 1558 5197 Basileensis.
1617 5139 1776 5198 Libb.

256 5204 375 5269 editi,
390 5204 576 5265 uinci.

311 5278 404 5347 (55)
431 5281 760 5342 Haeschelius
782 5285 835 5340 in
864 5293 1032 5350 textu,
1057 5286 1357 5341 πιστεύετε.
1664 5305 1666 5309 ι

309 5350 402 5425 (54)
435 5353 616 5425 Ἀρχὴ,
645 5368 748 5411 etc.
794 5355 926 5411 Cum
977 5359 1115 5412 bona
1162 5357 1407 5425 Origenis
1441 5363 1494 5410 et
1548 5353 1774 5410 aliorum

254 5422 382 5499 Venia
409 5422 626 5480 dixerim
659 5427 844 5499 (verba
878 5437 1005 5481 sunt
1047 5422 1360 5499 Boliereili),
1399 5441 1502 5480 nou
1536 5439 1656 5499 esse
1691 5426 1771 5480 le-

255 5493 630 5566 gitimunrquem
649 5493 826 5559 τίσει-ι,
843 5499 1062 5552 istorum
1078 5493 1361 5551 verborum
1383 5511 1618 5551 sensum.
1635 5493 1770 5566 imo,

255 5563 426 5633 primus
454 5563 614 5620 Marci
662 5567 958 5622 versiculus
998 5567 1221 5622 seorsim
1265 5574 1348 5620 cst
1378 5565 1723 5633 explicandus
1754 5583 1766 5619 :

256 5641 274 5702 ξ
305 5629 468 5706 Incipit
497 5636 841 5706 Evangelinm
889 5637 1012 5692 Jesu
1049 5637 1244 5692 ChriSIi
1282 5635 1399 5689 Filii
1434 5629 1546 5690 Dei.
1577 5654 1593 5685 ι
1621 5635 1772 5688 Sicut

255 5701 410 5777 illiille
432 5701 676 5777 ejusdenf
693 5707 984 5774 Evangelii,
1014 5709 1150 5775 apud
1179 5709 1369 5777 Syrum
1402 5706 1768 5773 interpretem,

253 5768 470 5829 additur}
501 5795 519 5828 ι
552 5776 783 5844 Explicit
817 5768 1152 5840 E'vangcliutn
1181 5768 1447 5842 sanctum,
1485 5794 1500 5826 ι
1536 5768 1636 5828 etc.
1675 5777 1770 5829 Se-

1880 4784 2097 4856 quentia
2122 4771 2249 4837 vero
2273 4783 2351 4837 sic
2364 4790 2498 4856 sunt
2518 4779 2746 4856 invicem
2774 4779 3138 4856 connectenda
3167 4795 3180 4830 :
3206 4793 3225 4828 ι
3250 4775 3453 4856 Quem-

1878 4848 2163 4910 admodum
2215 4853 2524 4922 praedictum
2574 4850 2754 4922 fuerat
2792 4863 2837 4916 ,a
2882 4849 3246 4916 prophetis...
3299 4848 3454 4922 venit

1877 4926 2131 4981 Joannes.
2169 4942 2188 4974 ι
2216 4919 2419 4978 lbidetn
2448 4919 2732 4991 voxjpﬁiv
2765 4934 2882 4991 qua:
2907 4921 3101 4991 legitur
3137 4920 3451 4991 ponebat?-

1879 4994 2085 5064 γελίου,
2124 4993 2273 5064 abest
2306 5005 2508 5064 armss.
2559 4989 2726 5059 Regio
2755 4989 3151 5064 et_Basileensi
3184 4989 3277 5056 qui
3319 5006 3451 5064 mox

1881 5060 2113 5131 habent,
2174 5063 2250 5127 ὡς
2305 5063 2610 5133 γέγραπται
2651 5064 2707 5114 ὲν
2760 5062 2871 5124 τοῖς
2925 5061 3259 5130 προφήταις’
3319 5060 3450 5114 Ἰδοὺ

1881 5134 2012 5189 ἐγώ.
2042 5145 2146 5189 etc.

1949 5155 1992 5187 ω
2042 5152 2093 5188 et
2133 5175 2146 5188 .

1911 5152 2430 5282 T(5,5)_fiwsclleiil_ls
2462 5203 2512 5282 in
2541 5209 2712 5282 textu,
2733 5202 2789 5255 ὲν
2819 5199 2896 5282 et?)
2921 5199 3048 5282 παρ’
3078 5197 3227 5280 αύτῷ
3260 5201 3450 5282 igitur?

1897 5269 2174 5330 Ἰουδαίου.
2239 5274 2409 5329 Codd.
2473 5273 2697 5342 Regius
2732 5280 2786 5325 et
2849 5269 3210 5334 Basileensis,
3266 5273 3324 5323 ἐν
3371 5269 3450 5342 τῷ

1886 5350 2022 5419 παρ’
2079 5343 2227 5415 αὑτῷ
2272 5345 2463 5415 Κέλσῳ
2513 5341 2784 5397 Ἰουδαίου.
2841 5342 2947 5396 Sed
2997 5350 3224 5410 utraque
3286 5341 3447 5396 lectio

1881 5424 2095 5477 vitiosa.

1951 5490 2063 5564 (56),
2088 5489 2301 5564 Ἰησοῦ..
2337 5488 2413 5543 Ita
2445 5488 2749 5564 Spencerus
2791 5489 2846 5543 in
2873 5495 3044 5564 testu,
3087 5485 3276 5564 sicque
3300 5491 3447 5564 certe

1877 5550 2182 5632 legendum,
2213 5550 2602 5632 reluctantibus
2632 5559 2755 5632 licet
2786 5550 3034 5632 omnibus
3066 5569 3206 5621 mss.
3229 5559 3284 5632 et
3317 5550 3448 5606 Πω-

1878 5629 2105 5690 schelio,
2135 5633 2273 5698 apud
2304 5644 2441 5704 quos
2469 5629 2959 5704 legitur,‘lt_odvyou-
2983 5629 3324 5704 nequeenim
3355 5636 3450 5704 iis-

1879 5717 2038 5770 quam
2093 5712 2250 5753 antea
2304 5699 2669 5770 dixithlsus
2719 5702 2784 5752 de
2839 5699 3450 5770 Joantie,_1tk'r,pttsitq«

1881 5765 2042 5827 σαντα
2077 5771 2234 5827 αὐτὸν
2270 5769 2552 5824 δεδωκέναι
2589 5769 2734 5832 παρὰ
2772 5767 3034 5822 Ἰουδαίοις
3062 5765 3232 5820 δίκην.
