3902 6414
398 260 506 319 803

1889 257 2212 317 ORIGENIS

3555 252 3664 306 8οὶ

402 379 539 436 cede
564 375 728 448 iustis
757 379 1058 444 destinata,
1092 379 1158 433 de
1195 379 1319 448 igne
1347 378 1440 448 qui
1482 379 1718 448 injustos
1752 389 1970 442 manet,

2106 377 2288 440 ιαίους,
2326 377 2494 448 πυρὸς
2537 375 2582 431 δ’
2625 376 2718 430 ἐπὶ
2761 377 2890 440 τοὺς
2928 376 3150 439 ἀδίκους
3180 370 3442 437 εὐτελίξει
3469 374 3498 427 6
3531 370 3666 445 παρ’

405 470 719 538 traduntur,
763 472 1086 542 videturque
1115 473 1218 528 sibi
1247 471 1719 526 Christianismum
1751 473 1974 526 subver-

409 563 548 618 tisse
570 602 587 628 ,
640 579 760 619 cum
795 564 927 618 dicit
962 563 1098 617 nihil
1130 579 1326 618 novum
1357 565 1410 619 in
1445 563 1562 618 istis
1593 578 1622 616 a
1653 562 1977 618 Christianis

405 655 597 711 doceri
626 674 640 722 ;
677 655 743 709 ad
775 655 893 709 haec
927 647 1369 724 respondendum
1403 663 1488 710 est
1513 653 1701 708 Jesum
1732 663 1976 708 nostrum

409 759 536 799 cum
585 744 796 798 videret
836 744 968 798 nihil
1001 760 1030 798 a
1060 741 1263 797 Judaeis
1289 743 1406 798 ﬁeri
1428 785 1444 810 ,
1477 745 1618 812 quod
1651 745 1980 813 propheticis

414 836 757 890 documentis
812 835 1034 905 dignum
1093 844 1275 900 esset,
1333 836 1590 905 parabola
1643 837 1981 905 significasse

417 926 534 982 fore
574 935 634 981 ut
660 927 730 982 ab
756 926 864 981 illis
919 925 1235 980 auferretur
1266 941 1488 997 regnum
1517 927 1614 981 Dei
1641 935 1696 980 et
1727 928 1982 997 gentibus

406 1019 634 1074 daretur
662 1019 733 1072 ”.
775 1017 1147 1084 Quamobrem
1195 1033 1322 1073 vere
1365 1033 1511 1073 nunc
1549 1019 1736 1074 videre
1767 1030 1849 1074 est
1883 1019 1980 1073 Ju-

409 1112 556 1166 dteos
611 1111 746 1165 nihil
794 1122 993 1182 praeter
1045 1110 1258 1165 fabulas
1312 1126 1591 1181 nugasquc
1641 1115 1980 1178 consectari,

409 1201 608 1271 quippe
629 1202 724 1271 qui
748 1200 950 1255 lumine
973 1211 1195 1257 careant
1213 1204 1356 1271 quod
1381 1202 1504 1257 illos
1532 1202 1584 1276 in
1617 1202 1983 1271 cognitionem

410 1292 817 1362 Scripturarnm
835 1292 1094 1358 deducat;
1121 1307 1282 1361 penes
1300 1301 1481 1347 autem
1498 1292 1846 1349 Christianos
1864 1309 1985 1348 esse

408 1385 696 1440 veritatem
716 1426 732 1451 ,
765 1399 872 1453 qua
901 1384 1136 1439 hominis
1163 1385 1343 1438 anima
1379 1393 1433 1439 et
1469 1399 1624 1439 mens
1654 1385 1790 1453 erigi
1823 1395 1987 1454 atque

415 1476 590 1531 attolli
630 1475 828 1546 possit,
861 1491 1091 1546 quaeque
1130 1476 1251 1529 illas
1292 1476 1581 1541 persuadet
1618 1486 1676 1528 ut
1709 1477 1986 1530 civitatem

410 1565 687 1628 habeant,
715 1581 820 1619 non
848 1567 1062 1634 qualem
1105 1575 1401 1621 terrestres
1433 1565 1604 1620 Judzni
1633 1607 1648 1632 ,
1677 1575 1946 1622 terrenam
1970 1606 1986 1633 ,

411 1659 509 1714 sed
552 1658 832 1714 caelestem
867 1659 940 1711 ⁹¹.
977 1657 1038 1712 ld
1074 1658 1422 1713 manifestum
1455 1667 1541 1712 est
1588 1659 1639 1712 in
1679 1659 1744 1713 iis
1790 1659 1878 1727 qui
1910 1659 1987 1711 le-

2078 468 2225 538 αὑτῷ
2267 468 2550 531 Ἰουδαῖος·
2591 466 2755 539 μηδὲν
2781 469 2835 521 δὲ
2863 467 3052 521 καινὸν
3086 469 3143 519 ὲν
3173 464 3380 528 τούτοις
3413 464 3668 518 διδάσκε-

2080 560 2200 612 σθαι
2223 559 2446 627 φάσκων
2467 560 2842 630 Χριστιανοὺς,
2867 560 3037 612 οἴεται
3060 557 3386 630 ἀνατρέπειν
3406 556 3577 627 Χριστ
3587 573 3675 608 ια-

2079 651 2269 721 νισμόν
2288 667 2302 680 ο
2327 651 2544 703 λεκτέον
2568 651 2704 722 πρὸς
2729 652 2916 714 αὑτὸν,
2937 652 3018 704 ὅτι
3045 653 3074 703 6
3111 647 3317 721 Ἰησοῦς
3343 648 3500 719 ἡμῶν
3529 648 3672 717 (57),

2079 742 2220 813 ὁρῶν
2260 742 2543 804 Ἰουδαίους
2579 742 2742 812 μηδὲν
2782 741 2935 806 ἄξιον
2971 742 3083 794 τῶν
3120 743 3176 793 ὲν
3207 743 3318 803 τοῖς
3360 741 3674 810 προφήταις

2086 833 2424 905 μαθημάτων
2458 833 2818 902 πράττοντας,
2856 831 3064 898 ἐδίδαξε
3097 831 3184 884 διά
3215 830 3551 902 παραϐολῆς,
3585 831 3674 883 ὅτι

2083 927 2116 995 ἡ
2154 923 2396 994 βασιλεία
2423 923 2516 976 τοῦ
2543 923 2677 976 Θεοῦ
2703 923 3004 995 ἀρθήσεται
3037 923 3136 994 μὲν
3169 923 3262 976 ἀπ’
3295 923 3542 986 ἐκείνων,
3573 923 3678 977 καὶ

2083 1017 2363 1087 δοθήσεται
2390 1019 2502 1080 τοῖς
2531 1017 2637 1070 ἀπὸ
2669 1016 2775 1069 τῶν
2807 1016 3000 1070 ἐθνῶν.
3031 1015 3121 1068 Διὸ
3149 1017 3244 1070 καὶ
3274 1016 3420 1068 ἔστιν
3450 1015 3677 1086 ἀληθῶς

2090 1110 2235 1172 ἰδεῖν,
2260 1109 2436 1162 πάντα
2465 1109 2561 1179 μὲν
2583 1109 2650 1162 τὰ
2685 1109 2952 1162 Ἰουδαίων
2977 1108 3088 1161 τῶν
3110 1107 3204 1162 νῦν
3234 1107 3433 1178 μύθους
3459 1109 3554 1162 καὶ
3575 1107 3678 1179 λή-

2089 1219 2210 1275 ρους
2231 1219 2244 1230 ·
2279 1203 2342 1254 οὐ
2382 1201 2489 1273 γὰρ
2523 1200 2701 1271 ἔχουσι
2730 1201 2788 1253 τὸ
2821 1200 2940 1269 φῶς
2971 1201 3074 1270 τῆς
3100 1198 3353 1269 γνώσεως
3383 1200 3491 1253 τῶν
3527 1201 3699 1272 Γρα-·

2087 1295 2201 1364 φῶν
2225 1311 2238 1324 ·
2293 1294 2361 1348 τὰ
2399 1293 2453 1346 δὲ
2495 1293 2835 1365 Χριστιανῶν
2877 1293 3159 1362 ἀλήθειαν,
3196 1293 3399 1364 ὲπάραι
3438 1294 3534 1346 καὶ
3578 1311 3679 1365 με-

2087 1387 2343 1457 τεωρίσαι
2390 1385 2676 1458 ἀνθρώπου
2720 1385 2900 1456 ψυχὴν
2947 1386 3043 1439 καὶ
3076 1383 3200 1439 νοῦν
3243 1385 3540 1455 δυνάμενα,
3580 1387 3678 1439 καὶ

2090 1481 2342 1533 πείθοντα
2384 1480 2526 1550 ἔχειν
2558 1498 2610 1532 τι
2652 1479 2951 1548 πολίτευμα
2997 1479 3096 1548 οὐχ
3133 1481 3316 1550 ὅμοιον
3356 1481 3469 1543 τοῖς
3523 1479 3678 1532 κάτω

2104 1573 2396 1635 Ἰουδαίοις,
2441 1573 2590 1625 κάτω
2629 1589 2753 1635 που,
2780 1571 2896 1624 ἀλλ’
2923 1571 2980 1624 ἐν
3011 1570 3257 1641 οὐρανοῖς
3281 1587 3295 1601 ·
3326 1571 3464 1642 ὅπερ
3493 1571 3679 1639 φαίνε-

2089 1681 2179 1716 ται
2215 1663 2366 1734 παρὰ
2395 1666 2506 1726 τοῖς
2537 1663 2598 1714 τὸ
2634 1663 2863 1732 μέγεθος
2900 1660 3007 1714 τῶν
3044 1662 3101 1713 ἐν
3135 1660 3212 1731 τῷ
3249 1661 3398 1732 νόμῳ
3431 1661 3528 1714 καὶ
3565 1663 3679 1724 τοῖς

415 1750 514 1818 gis“
555 1749 1111 1818 pr0pheticarumque
1157 1749 1552 1803 sententiarum
1597 1749 1985 1803 sublimitatem

2106 1755 2397 1823 προφήταις
2427 1751 2714 1820 νοημάτων
2743 1749 3027 1820 θεωροῦσι,
3059 1750 3150 1802 καὶ
3182 1750 3360 1813 ἄλλοις
3392 1751 3677 1821 παραστῆ-

421 1835 797 1904 perspiciunt,
831 1850 1060 1904 eamque
1086 1836 1204 1890 aliis
1233 1837 1444 1906 aperire
1472 1848 1718 1904 possunt.

487 1925 542 1979 6.
579 1926 730 1989 Esto,
752 1923 912 1980 Jesus
937 1925 1072 1980 ritus
1097 1941 1282 1980 omnes
1306 1925 1561 1982 Iudaicos
1583 1929 1988 1994 observaverit,

417 2018 586 2073 etiam
632 2032 728 2072 eos
775 2017 867 2086 qui
916 2017 983 2072 ad
1031 2017 1300 2072 sacriﬁcia
1333 2019 1646 2086 pertinent,
1683 2020 1812 2088 quid
1847 2021 1991 2075 istud

419 2108 648 2178 impedit
684 2109 979 2179 quominus
1010 2107 1087 2161 illi
1119 2118 1178 2161 ut
1234 2107 1374 2163 Filio
1399 2109 1488 2162 Dei
1523 2112 1815 2165 credatur?
1837 2111 1993 2166 Jesus

420 2201 596 2271 igitur
623 2210 704 2255 est
731 2199 902 2254 Filius
930 2199 1052 2264 Dei,
1086 2200 1178 2269 qui
1209 2208 1264 2255 et
1294 2199 1466 2270 legem
1497 2210 1551 2255 et
1583 2204 1874 2270 preplietas
1899 2204 1994 2256 de-

423 2291 505 2346 dit
536 2307 552 2357 ;
597 2305 700 2346 nec
729 2307 828 2347 nos
849 2331 865 2357 ,
891 2292 981 2360 qui
1015 2292 1067 2345 in
1099 2291 1337 2346 Ecclesia
1370 2307 1556 2346 sumus
1577 2332 1592 2355 ,
1625 2293 1891 2348 violamus
1922 2294 1995 2348 le-

425 2397 550 2452 gem
571 2423 587 2451 ,
623 2383 717 2438 sed
739 2424 754 2449 ,
787 2384 986 2453 spretis
1013 2382 1324 2438 Judazorum
1353 2383 1548 2438 tabulis
1573 2423 1588 2448 ,
1621 2385 1996 2455 investigando

421 2474 565 2546 legis
617 2483 672 2531 et
729 2477 1122 2547 prophetarum
1173 2476 1390 2530 occulto
1433 2491 1597 2530 sensu
1643 2480 1997 2531 emcndantur

424 2576 592 2637 atque
620 2569 921 2623 erudimur.
960 2568 1252 2623 Enimvero
1295 2569 1610 2638 prophetae,
1649 2577 1708 2622 ut
1735 2570 1826 2637 qui
1869 2585 1996 2623 scn-

420 2675 543 2716 sum
580 2676 769 2717 eorum
805 2677 927 2730 qua:
959 2661 1186 2726 dicunt,
1220 2660 1453 2730 simplici
1488 2661 1716 2714 historia
1757 2660 1998 2730 legisque

424 2753 610 2809 verbis
638 2762 693 2807 et
723 2752 905 2807 littera
936 2768 1042 2807 non
1071 2753 1529 2808 circumscribunt
1554 2793 1568 2814 ,
1597 2737 1890 2820 aliquando
1923 2753 1999 2806 sic

422 2842 743 2914 loquuntur,
773 2843 1025 2898 nimirum
1060 2844 1315 2899 historias
1345 2847 1620 2898 narraturi
1652 2861 1664 2896 :
1697 2863 1714 2896 ι
1746 2844 2000 2914 Aperiam

421 2953 488 2994 os
521 2953 733 3006 meum,
772 2938 964 3009 loquar
999 2939 1401 3010 propositiones
1437 2939 1504 2992 ab
1536 2939 1694 2997 initio
1725 2941 1808 2992 9':
1848 2960 1863 2989 ι
1895 2939 2001 2992 ali-

425 3031 646 3100 quando
678 3028 855 3102 legis,
888 3038 949 3085 ut
982 3033 1060 3105 rei
1097 3034 1349 3086 obscura:
1381 3041 1435 3086 et
1467 3047 1586 3100 qua:
1639 3033 1852 3086 nonnisi
1903 3048 2002 3086 au-

427 3123 662 3177 xiliante
697 3122 807 3177 Deo
841 3123 958 3191 capi
1003 3130 1211 3191 potest,
1257 3123 1668 3192 intelligentiam
1722 3124 2001 3192 postulant

427 3215 518 3270 his
555 3215 740 3269 verbis
772 3232 787 3269 :
825 3231 846 3266 ‹
880 3214 1082 3269 Revela
1119 3214 1306 3269 oculos
1339 3230 1488 3269 meos
1510 3253 1526 3280 ,
1558 3224 1612 3268 et
1644 3216 2004 3270 considerabo

430 3306 702 3361 mirabilia
734 3305 801 3360 de
835 3305 950 3374 lege
984 3315 1073 3358 tua
1111 3305 1181 3359 ³³.
1213 3325 1232 3356 ι

2093 1863 2180 1898 σαι
2211 1844 2544 1915 δυναμένοις.

2165 1937 2346 1988 Ἔστω
2378 1934 2434 1987 δὲ
2468 1933 2561 1986 καὶ
2603 1933 2779 1986 πάντα
2815 1932 2886 1984 τά
2922 1931 3062 1985 κατά
3103 1930 3389 1994 Ἰουδαίους
3418 1931 3539 2002 ἔθη,
3583 1931 3677 2001 μέ-

2093 2046 2182 2100 χρι
2219 2029 2312 2080 καὶ
2351 2026 2458 2079 τῶν
2502 2025 2630 2096 παρ’
2679 2026 2864 2087 αὐτοῖς
2907 2022 3122 2087 θυσιῶν,
3176 2023 3539 2092 πεποιηκέναι
3589 2023 3680 2076 τὸν

2109 2117 2341 2188 Ἰησοῦνο
2383 2117 2435 2168 τί
2467 2114 2624 2168 τοῦτο
2666 2114 3032 2185 συμϐάλλεται
3067 2114 3201 2187 πρὸς
3234 2113 3294 2166 τὸ
3337 2114 3412 2185 μὴ
3443 2115 3553 2166 δεῖν
3587 2132 3681 2167 πι-

2100 2211 2305 2263 στεύειν
2333 2209 2480 2280 αύτῴ
2508 2209 2581 2272 ὡς
2613 2206 2726 2278 Υἱῷ
2754 2206 2847 2260 τοῦ
2881 2206 3045 2270 Θεοῦς
3080 2209 3268 2259 Ἔστιν
3301 2202 3396 2260 οῦν
3437 2207 3570 2270 Υἱὸς
3591 2205 3682 2261 τοῦ

2097 2302 2276 2364 δύντος
2319 2301 2430 2369 (58)
2472 2291 2561 2352 τὸν
2605 2301 2766 2369 νόμον
2805 2300 2900 2352 καὶ
2940 2299 3066 2362 τοὺς
3113 2297 3403 2369 προφήτας
3451 2297 3608 2361 Θεοῦ,
3655 2301 3684 2352 6

2112 2393 2316 2464 Ἰησοῦς
2335 2410 2346 2422 ·
2379 2393 2472 2445 καὶ
2497 2390 2685 2444 τοῦτον
2717 2394 2878 2462 ἡμεῖς
2902 2391 2948 2444 οἱ
2971 2391 3078 2443 ἀπὸ
3101 2391 3198 2460 τῆς
3237 2390 3568 2459 Ἐκκλησίας
3590 2391 3684 2459 οὐχ

2101 2485 2521 2556 ὑπερϐαίνομεν,
2565 2483 2698 2536 ἀλλά
2729 2483 2821 2536 καὶ
2861 2483 3242 2554 ἀπεδράσαμεν
3281 2482 3381 2552 μὲν
3415 2481 3515 2544 τὰς
3553 2481 3684 2534 Ἰου-

2099 2579 2261 2631 δαίων
2311 2576 2652 2646 μυθολογίας,
2690 2574 3135 2647 σωφρονιζόμεθα
3173 2573 3282 2645 (59)
3322 2575 3380 2628 δὲ
3417 2575 3513 2627 καὶ
3560 2592 3683 2628 παι-

2100 2669 2364 2739 δευόμεθα
2404 2673 2470 2739 τῇ
2521 2668 2612 2720 τοῦ
2645 2668 2811 2738 νόμου
2845 2668 2939 2719 καὶ
2971 2667 3078 2720 τῶν
3113 2666 3410 2738 προφητῶν
3449 2669 3683 2739 μυστικῇ

2104 2761 2320 2835 θεωρίᾳ.
2368 2762 2476 2814 Καὶ
2508 2761 2615 2832 γὰρ
2648 2763 2695 2813 οἱ
2725 2760 3020 2831 προφῆται,
3055 2760 3129 2822 ὠς
3166 2761 3239 2830 μὴ
3276 2759 3685 2822 καταπαύοντες

2102 2853 2194 2908 τὸν
2237 2855 2359 2907 νοῦν
2401 2854 2511 2906 τῶν
2552 2852 2857 2924 λεγομένων
2909 2854 2965 2904 ἐν
3009 2855 3074 2922 τῇ
3137 2855 3406 2923 προφανεῖ
3457 2852 3685 2922 ἱστορίᾳ,

2108 2948 2230 3021 μηδ’
2260 2949 2316 2999 ἐν
2349 2949 2414 3016 τῇ
2453 2944 2593 2997 κατὰ
2622 2945 2720 3007 τὰς
2755 2944 2926 3009 λέξεις
2967 2944 3059 2996 καὶ
3091 2942 3150 2994 τὸ
3190 2943 3430 3014 γράμμα
3464 2942 3687 3014 νομοθε-

2109 3040 2215 3110 σία,
2239 3039 2372 3090 ὅπου
2398 3037 2494 3106 μέν
2525 3051 2705 3104 φασιν,
2733 3033 2971 3105 ἱστορίας
2998 3031 3154 3101 δῆθεν
3183 3031 3567 3101 ὲκθησόμενοι,
3595 3031 3685 3082 τό⁶

2109 3150 2129 3181 ‹
2183 3130 2402 3193 Ἀνοίξω
2435 3131 2491 3180 ὲν
2537 3127 2871 3197 παραϐολαῖς
2907 3126 2968 3177 τὸ
3002 3125 3174 3195 στόμα
3211 3141 3336 3194 μου,
3387 3123 3689 3194 φθέγξομαι

2108 3221 2469 3292 προϐλήματα
2518 3219 2610 3271 ἀπ’
2645 3217 2852 3288 ἀρχῆς⁸
2897 3235 2915 3267 ι
2961 3217 3091 3268 ὅπου
3130 3215 3188 3268 δὲ
3230 3215 3520 3285 εὐχόμενοι
3569 3214 3691 3285 περῖ¹

2109 3311 2203 3364 τοῦ
2231 3310 2397 3380 νόμου
2424 3309 2498 3372 ὡς
2523 3307 2784 3375 ἀσαφοῦς,
2816 3307 2910 3359 καὶ
2937 3305 3191 3376 δεομένου
3217 3305 3353 3358 Θεοῦ
3385 3305 3476 3358 ἵνα
3508 3304 3688 3375 νοηθῇ,

426 3397 675 3468 λέγουσιν
690 3399 747 3451 ἐν
769 3399 901 3470 εὐχῇ
922 3416 934 3429 ·
967 3418 986 3450 ι
1010 3399 1380 3469 ’Δποκάλυψον
1394 3402 1516 3464 τοὺς
1543 3401 1851 3473 ὀφθαλμούς
1882 3421 2005 3474 μου,
2023 3407 2116 3458 καὶ
2137 3408 2457 3477 κατανοήσω
2483 3405 2548 3457 τὰ
2567 3403 2853 3474 θαμμάσιά
2875 3419 2966 3455 σου
2993 3402 3100 3470 (60)
3125 3403 3188 3453 ὲκ
3205 3401 3298 3454 τοῦ
3321 3402 3488 3472 νόμου
3523 3417 3634 3452 σου.
3666 3423 3686 3452 ι

507 3490 666 3561 391
695 3477 746 3543 7.
778 3491 1082 3546 Ostendant
1113 3507 1244 3546 vero
1275 3493 1364 3545 ubi
1399 3496 1480 3546 vel
1514 3495 1566 3546 in
1593 3495 1826 3558 speciem
1859 3512 2011 3550 arro-

431 3593 624 3653 ganter
649 3583 855 3638 dictum
885 3598 914 3636 a
958 3580 1085 3636 Jcsu
1108 3583 1312 3651 aliquid
1347 3584 1674 3640 inveniatur.
1723 3585 2008 3652 Quomodo

429 3689 715 3745 arrogans,
741 3675 831 3743 qui
867 3674 944 3727 ait
972 3691 986 3726 :
1017 3691 1037 3725 ι
1069 3674 1271 3738 Discite
1293 3690 1320 3727 a
1350 3689 1435 3728 me
1460 3677 1593 3745 quia
1630 3677 1777 3730 mitis
1809 3693 1928 3732 sum
1954 3688 2011 3733 et

433 3765 655 3820 humilis
682 3766 870 3831 corde,
916 3773 972 3819 et
1000 3764 1288 3819 invenietis
1311 3765 1551 3834 requiem
1577 3766 1861 3821 animabus
1916 3784 2012 3822 ve-

436 3857 569 3910 stris
592 3856 684 3910 ”?
715 3873 736 3908 ›
767 3856 1052 3922 Quomodo
1076 3868 1338 3924 arrogans
1356 3854 1445 3922 qui
1472 3863 1595 3924 post
1615 3870 1846 3923 coenam,
1867 3867 2013 3912 veste

430 3961 622 4002 coram
650 3949 934 4017 discipulis
970 3947 1236 4016 deposita,
1265 3948 1546 4002 accinctus
1574 3947 1743 4002 linteo
1768 3949 1838 4013 ⁸⁸,
1873 3965 2012 4018 aqua

433 4045 489 4099 in
520 4043 719 4113 pelvim
764 4043 962 4112 injecta
987 4084 1003 4109 ,
1031 4042 1367 4112 singulorum
1403 4040 1575 4094 abluit
1602 4041 1766 4110 pedes
1787 4081 1802 4106 ,
1840 4051 1895 4095 et
1919 4057 2014 4097 eos

433 4137 718 4208 porrigere
769 4144 1111 4190 recusantem
1164 4133 1411 4200 increpat
1454 4132 1538 4186 his
1573 4133 1794 4188 verbis:
1854 4152 1872 4184 ι
1901 4133 2013 4187 Nisi

433 4227 618 4282 lavero
651 4236 701 4282 te
721 4268 736 4291 ,
786 4243 894 4281 non
943 4225 1172 4280 habebis
1223 4234 1434 4294 partem
1469 4240 1682 4280 mecum
1705 4226 1795 4279 ³⁸⁸2
1825 4243 1845 4278 ι
1871 4224 2015 4291 Quo-

434 4320 597 4375 modo
621 4333 906 4390 arrogans,
939 4320 1027 4386 qui
1067 4320 1199 4375 dicit
1231 4338 1245 4374 :
1285 4338 1303 4370 ι
1332 4318 1444 4390 Ego
1479 4318 1534 4372 in
1568 4318 1744 4372 medio
1772 4327 2011 4372 vestrum

433 4426 578 4477 sum,
605 4427 713 4466 non
739 4424 796 4465 ut
821 4411 911 4482 qui
946 4411 1238 4478 recumbit,
1272 4411 1366 4465 sed
1399 4418 1456 4465 ut
1489 4413 1580 4481 qui
1610 4411 1887 4464 ministrat
1907 4409 2006 4462 "?o

433 4495 788 4575 Arguateum
815 4504 1106 4575 quiSpiam,
1143 4504 1288 4572 quod
1325 4503 1462 4558 falsa
1490 4504 1815 4572 protulerit;
1853 4513 2016 4570 atque

436 4604 496 4648 ut
527 4597 719 4665 probet
751 4611 945 4666 magna
995 4593 1115 4664 ejus
1166 4594 1336 4648 fuisse
1372 4596 1652 4650 mendacia
1673 4639 1686 4662 ,
1723 4595 1866 4649 dicat
1894 4607 2016 4662 qum

435 4700 651 4754 magna,
682 4700 802 4755 quae
833 4701 996 4756 parva
1030 4687 1315 4742 mendacia
1346 4688 1476 4742 sint.
1506 4687 1601 4741 Est
1629 4696 1684 4740 et
1714 4685 1817 4738 alia
1853 4684 2010 4736 illum

2185 3498 2556 3551 Δεικνύτωσαν
2585 3496 2642 3549 δὲ
2676 3495 2775 3548 ποῦ
2808 3494 2910 3548 κᾶν
2939 3494 3174 3565 ἔμφασις
3198 3493 3399 3560 λέξεως
3426 3493 3536 3547 ἀπὸ
3569 3495 3692 3546 ἀλα-

2112 3589 2322 3654 ζονείας
2353 3586 2767 3660 προφερομένης
2807 3584 2957 3656 παρὰ
3000 3584 3077 3655 τῷ
3115 3584 3294 3654 Ἰησοῦ
3341 3585 3653 3654 εὑρίσκεται
3676 3602 3689 3614 ·

2113 3682 2230 3745 πῶς
2262 3681 2368 3752 γὰρ
2403 3680 2468 3733 ἂν
2502 3678 2714 3742 ἀλαζὼν
2743 3681 2772 3732 6
2799 3677 2992 3747 λέγων·
3021 3697 3038 3729 ι
3070 3676 3283 3730 Μάθετε
3321 3678 3414 3730 ἀπ’
3436 3677 3594 3748 ἐμοῦ,
3613 3678 3692 3730 ὅτι

2114 3772 2286 3845 πρᾶός
2326 3774 2440 3842 εἰμι
2482 3771 2576 3823 καὶ
2616 3770 2869 3832 ταπεινὸς
2911 3772 2976 3839 τῇ
3016 3768 3244 3839 καρδίᾳ’
3292 3768 3390 3822 καὶ
3433 3770 3691 3840 εὑρήσετε

2113 3867 2416 3920 ἀνάπαυσιν
2453 3866 2571 3926 ταῖς
2612 3863 2811 3932 ψυχαῖς
2849 3860 3030 3932 ὑμῶν;
3073 3880 3091 3911 ι
3133 3859 3202 3913 Ἢ
3241 3860 3363 3924 πῶς
3409 3859 3624 3924 ἀλαζὼν
3664 3863 3691 3912 6

2113 3958 2336 4010 δείπνου
2375 3955 2689 4025 γενομένου,
2730 3953 3086 4022 ἐκδυσάμενος
3127 3953 3220 4004 ἐπὶ
3268 3951 3378 4003 τῶν
3417 3950 3688 4022 μαθητῶν,

2115 4047 2426 4118 ζωσάμενος
2473 4047 2529 4098 δὲ
2574 4044 2798 4108 λέντιον,
2841 4045 2932 4098 καὶ
2974 4041 3150 4113 βαλὼν
3188 4041 3332 4113 ὕδωρ
3371 4044 3452 4104 εἰς
3491 4041 3580 4094 τὸν
3611 4058 3692 4092 νι-

2114 4138 2315 4208 πτῆρα,
2350 4137 2443 4188 καὶ
2464 4135 2664 4188 νίπτων
2687 4134 2914 4186 ἑκάστου
2944 4132 3070 4194 τοὺς
3097 4131 3283 4194 πόδας,
3308 4132 3404 4183 καὶ
3427 4129 3692 4200 ἐπιτιμῶν

2112 4227 2190 4297 τῷ
2227 4226 2300 4298 μὴ
2334 4226 2537 4279 θέλοντι
2585 4224 2844 4297 παρέχειν
2877 4223 3089 4286 αὐτοὺς,
3123 4222 3216 4274 καὶ
3254 4220 3456 4289 λέγων,
3504 4239 3523 4272 ι
3573 4221 3692 4273 Ἕέιν

2118 4321 2192 4390 μὴ
2224 4318 2360 4387 νίψω
2394 4335 2472 4379 σε,
2507 4317 2604 4368 οὐκ
2640 4316 2780 4385 ἕχει-ς
2817 4315 2979 4386 μέρος
3027 4313 3141 4384 μετ’
3184 4313 3358 4383 ὲμοῦ;
3402 4333 3420 4364 ι
3472 4314 3539 4367 Ἦ
3581 4311 3690 4374 πῶς

2115 4407 2330 4472 ἀλαζὼν
2359 4408 2386 4459 ὁ
2421 4409 2664 4475 φάσκων,
2703 4424 2719 4455 ι
2752 4403 2922 4472 Κάγὼ
2955 4404 3218 4474 ἐγενόμην
3255 4404 3312 4455 ὲν
3343 4403 3495 4474 μέσῳ
3522 4402 3686 4472 ὑμῶν,

2115 4500 2212 4569 οὐχ
2243 4499 2317 4562 ὡς
2342 4501 2369 4550 6
2397 4497 2770 4566 ἀνακείμενος,
2797 4496 2907 4550 ἀλλ’
2937 4496 3011 4559 ὡς
3050 4498 3076 4547 6
3111 4495 3414 4560 διακονῶν;
3450 4514 3467 4544 ι
3513 4493 3687 4558 Ἐλεγ-

2116 4593 2258 4663 χέτω
2287 4591 2342 4644 δέ
2365 4608 2448 4653 τις
2468 4590 2588 4642 τίνα
2613 4587 2899 4657 ἐψεύσατο,
2927 4588 3019 4639 καὶ
3048 4587 3456 4658 παραστησάτω
3489 4585 3686 4657 μεγάλα

2078 4709 2095 4724 -
2118 4685 2203 4738 xxi
2229 4681 2397 4754 μικρά
2422 4680 2529 4752 (Gl)
2546 4679 2736 4749 ψεύδη,
2760 4680 2845 4731 ἵνα
2864 4678 3013 4750 δείξῃ
3029 4677 3098 4730 τὰ
3133 4679 3345 4749 μεγάλα
3359 4677 3689 4747 ψευσάμενον

435 4777 724 4832 refellendi
761 4778 871 4832 via.
905 4777 1040 4832 Nam
1065 4778 1259 4833 falsum
1301 4795 1406 4834 non
1435 4789 1516 4834 est
1540 4779 1686 4834 aliud
1713 4777 1819 4830 alio
1843 4777 1998 4845 magi:

2118 4775 2207 4826 τὸν
2256 4771 2478 4843 Ἰησοῦν.
2516 4773 2671 4845 Ἐστι
2695 4771 2752 4822 δὲ
2785 4770 2878 4822 καὶ
2904 4768 3077 4832 ἄλλως
3102 4770 3263 4822 αὐτὸν
3293 4769 3512 4838 ἐλέγξαι
3532 4786 3543 4798 ·
3577 4769 3688 4822 ’Ὁτι

438 4868 687 4923 minusve
733 4869 980 4934 falsum;
1034 4872 1491 4938 quemadmodum
1547 4885 1646 4923 nec
1697 4882 1880 4922 verum
1927 4873 2012 4920 est.

439 4959 583 5011 aliud
612 4960 720 5014 alio
751 4961 925 5030 magis
959 4962 1203 5016 minusve
1232 4977 1438 5016 verum.
1470 4961 1792 5030 Ecquaanam
1827 4966 2009 5012 autem

509 5072 554 5145 ’ξ
593 5073 784 5128 Matth.
829 5089 958 5141 ΠΙ,
1019 5075 1108 5128 45.
1219 5075 1267 5108 ⁸⁸
1305 5077 1534 5145 Philipp,
1566 5091 1650 5138 ιιι,
1678 5075 1769 5129 20,

440 5142 486 5173 ⁸³
519 5142 677 5198 Joau.
709 5159 836 5213 xm,
867 5145 923 5196 ι.
994 5144 1040 5176 ’⁸
1077 5147 1237 5213 lbid.,
1268 5147 1322 5202 8.
1401 5142 1616 5202 "'Luc.
1645 5161 1783 5217 xx",
1811 5144 1900 5198 27.

514 5277 624 5348 (57)
650 5275 817 5332 Codd.
841 5277 1042 5346 Regius
1074 5287 1127 5333 et
1156 5277 1501 5343 Basileensis,
1533 5278 1561 5330 6
1596 5276 1800 5347 Κύριος
1833 5272 2012 5344 ἡμῶν.

511 5369 624 5441 (58)
657 5369 892 5441 Δᾴντος.
941 5370 1014 5422 Ita
1071 5370 1175 5422 duo
1209 5369 1475 5432 Vaticani,
1527 5369 1726 5438 Regius
1766 5375 1820 5421 et
1863 5365 2016 5420 Basi-

443 5439 664 5495 leensis.
699 5439 844 5492 Libri
888 5454 1016 5493 vero
1045 5441 1192 5503 editi,
1226 5441 1476 5502 διδόντος.

516 5532 626 5604 (59)
656 5531 1158 5604 Σωφρονιζόμεθα.
1189 5531 1526 5588 Ηαιεςιιθιιυς
1569 5532 1620 5586 iu
1655 5537 1805 5584 textu
1837 5528 2016 5591 habet,

445 5602 869 5674 σαφηνιζόμεθα.

520 5693 626 5768 (60)
659 5693 967 5767 Θαυμάσιά
990 5712 1124 5750 σου.
1154 5694 1243 5754 Sic
1267 5705 1492 5767 uterque
1521 5693 1813 5751 Vaticanus
1836 5701 1888 5748 et
1914 5691 2018 5748 duo

1881 5073 1927 5104 υ
1965 5069 2110 5126 Psal.
2141 5085 2346 5134 Lxxvu,
2381 5069 2437 5123 ‘2.

2117 4866 2192 4928 ὡς
2222 4866 2321 4918 οὐκ
2351 4863 2465 4915 ἔστι
2495 4861 2713 4932 ψεῦσμα
2749 4859 3062 4930 ψεύσματος
3099 4860 3298 4930 μᾶλλον
3321 4860 3565 4931 ψεῦσμα,
3603 4857 3688 4912 οὔ·

2119 4972 2224 5017 τως
2253 4953 2373 5006 οὐδὲ
2417 4951 2672 5022 μειζόνως
2691 4968 2703 4980 ο
2741 4952 2815 5014 ὡς
2852 4950 2973 5003 οὐδὲ
3005 4950 3203 5022 ἀληθὲς
3237 4951 3474 5023 ἀληθοῦς
3501 4949 3687 5021 μᾶλλον

2516 5067 2561 5098 ⁸³
2599 5065 2742 5120 Psal.
2770 5080 2960 5130 εει-ιιι,
2996 5064 3082 5119 18.
3159 5064 3206 5096 ’⁸
3246 5064 3445 5119 Matth.
3481 5080 3566 5130 zu,
3599 5063 3681 5119 29.

2119 5266 2397 5335 Anglicani
2424 5282 2437 5327 ;
2472 5265 2526 5318 in
2556 5262 2694 5335 aliis,
2719 5261 2858 5335 sicut
2885 5259 2937 5335 i_n
2968 5259 3150 5321 editis,
3177 5260 3323 5335 deest
3362 5279 3477 5317 σου.
3497 5262 3684 5335 ibidem

2119 5329 2276 5390 codd.
2312 5337 2508 5405 Regius
2542 5343 2595 5387 et
2630 5329 2974 5405 Basileensis,
3008 5331 3407 5405 rspotpapottévq
3443 5334 3588 5405 παρά
3616 5333 3685 5405 τῷ

2131 5405 2304 5476 Ἰησοῦ
2330 5399 2659 5476 εὑρίσκεται.
2693 5401 2812 5476 Mox_
2837 5399 3328 5476 Basileensis,—7:5;
3349 5399 3460 5474 γὰρ
3483 5399 3684 5476 ἀλαζὼν

2119 5475 2147 5528 6
2178 5467 2366 5544 λέγων.
2397 5467 2544 5529 Ἰιιΐνει
2582 5473 2742 5544 idem,
2790 5467 2817 5518 ὁ
2867 5469 3080 5544 δείπνου
3128 5467 3443 5544 γινομένου.’
3489 5467 3681 5541 Reliqui

2121 5540 2260 5598 cum'
2281 5547 2459 5611 editis,
2487 5546 2516 5596 6
2543 5542 2758 5597 δείπνου
2790 5540 3133 5614 γιγνομένου.
3169 5540 3371 5598 Ibidem
3414 5540 3680 5614 Regius’et

2123 5607 2462 5680 Basileensis,
2489 5613 2798 5683 ζωσάμενος
2823 5607 2880 5661 δὲ
2902 5607 3112 5683 λεντίῳ.

2205 5688 2316 5759 (6i)
2339 5679 2496 5743 Libl).
2529 5679 2659 5742 editi
2686 5685 2740 5738 in
2765 5679 3029 5749 margine,
3057 5680 3269 5749 μεγάλα
3297 5682 3403 5738 κᾶν
3433 5684 3614 5755 μικρά.
