3902 6414
190 305 273 363 805
1301 265 1578 364 eoum
1610 303 1888 366 CELSUM
1923 303 2053 366 LIB.
2089 306 2157 365 ιι.

3276 319 3385 378 806

188 425 367 498 ἀληθὲς,
403 425 435 496 ἦ
476 424 744 497 μειζόνως
781 423 995 497 ἀληθές.
1031 426 1160 480 Τίνα
1200 424 1256 478 δὲ
1289 427 1382 479 καὶ
1427 425 1494 479 τὰ
1526 425 1716 480 ἀνόσια

1823 427 1981 496 impia
2011 425 2284 483 commisit
2319 425 2520 485 Iesus?
2551 431 2678 489 Haec
2710 433 2918 492 indicet
2959 431 3176 491 Iudaeus
3209 436 3379 495 Celsi.

187 519 259 572 τοῦ
310 516 466 588 Ἰησοῦ
507 517 922 587 ἀπαγγελλέτω,
963 518 1054 571 καὶ
1099 517 1331 588 μάλιστα
1369 519 1398 570 ὁ
1443 518 1593 588 παρὰ
1634 517 1711 588 τῷ

187 608 342 679 Κέλσῳ
373 607 637 672 Ἰουδαῖος.
670 609 742 661 Ἢ
783 609 990 662 ἀνόσιον
1024 606 1121 677 μὲν
1153 607 1214 659 τὸ
1242 607 1557 676 ἀφιστάνειν
1607 625 1711 659 σω-

190 701 383 771 ματικῆς
418 700 743 771 περιτομῆς,
791 701 884 752 καὶ
924 698 1235 770 σωματικοῦ
1282 698 1578 763 Σαϐόάτου,
1615 697 1712 752 καὶ

190 790 464 864 σωματικῶν
502 789 733 861 ἑορτῶν,
768 791 861 843 καὶ
901 789 1224 860 σωματικῶν
1258 789 1582 859 νουμηνιῶν,
1618 789 1711 841 καὶ

189 881 396 952 καθαρῶν
436 882 526 934 καὶ
566 880 930 952 ἀκαθάρτων·
979 879 1322 950 μετατιθέναι
1364 879 1422 931 δὲ
1464 879 1556 931 τὸν
1585 877 1710 930 νοῦν

188 973 257 1024 ἐπὶ
282 972 426 1042 νόμον
461 971 598 1024 Θεοῦ
645 971 796 1034 ἀξιον
829 972 920 1024 κα)⁸
963 971 1139 1040 ἀληθῆ
1187 970 1278 1024 καὶ
1317 968 1709 1040 πνευματικὸν,

189 1063 294 1134 μετά
336 1063 422 1117 τοῦ
471 1062 562 1116 τὸν
621 1063 994 1133 πρεσϐεύοντα
1051 1061 1191 1133 ὑπὲρ
1238 1060 1472 1132 Χριστοῦ
1516 1059 1714 1112 εἰδέναι

186 1159 319 1220 «τοῖς
353 1156 623 1220 Ἰουδαίοις
673 1158 924 1210 Ἰουδαῖον
957 1156 1258 1225 γίγνεσθαι,
1296 1157 1383 1208 ἵνα
1413 1154 1697 1216 Ἰουδαίους

1817 520 1899 571 An
1942 518 2164 587 impium
2196 518 2317 584 fuit,
2365 522 2648 590 neglectis,
2703 540 2824 594 quae
2874 541 3158 595 corporum
3199 539 3382 596 erant,

1819 607 2176 673 ca-remoniis,
2214 608 2652 680 circumcisione,
2693 615 2954 677 sabbatis,
2987 614 3175 669 diebus
3205 614 3384 684 festis,

1820 696 2160 762 neomeniis,
2217 707 2272 750 et
2322 699 2596 767 purorum
2646 705 2716 758 ab
2768 705 2993 772 impuris
3043 704 3383 773 discrimine,

1821 786 2053 840 evehere
2083 798 2318 843 mentem
2345 792 2410 845 ad
2442 793 2612 862 legem
2637 793 2749 848 Deo
2771 796 3012 866 dignam,
3039 811 3246 860 veram,
3271 799 3384 867 spi-

1807 873 2056 940 ritalem;
2085 875 2348 946 simulque
2379 879 2588 937 efﬁcere
2616 893 2693 948 ut,
2721 887 2810 956 qui
2840 889 3103 959 legatione
3137 895 3325 965 fungiti
3347 912 3380 951 r

1807 980 1905 1034 pro
1926 965 2141 1019 Christo
2167 968 2230 1030 ⁸⁸,
2260 968 2394 1023 sciat
2418 989 2436 1020 ‹
2465 971 2664 1028 Judmis
2685 976 2903 1034 Judaeus
2925 982 3056 1047 lieri,
3083 993 3140 1038 ut
3162 985 3375 1042 Judmcs

1806 1055 2081 1116 lucretur;
2117 1055 2182 1109 iis
2208 1055 2297 1124 qui
2328 1059 2429 1113 sub
2456 1061 2570 1132 lege
2612 1075 2738 1119 sunt
2767 1069 2917 1134 quasi
2953 1072 3052 1126 sub
3083 1073 3199 1144 lege
3232 1090 3370 1140 esse,

1812 1156 1872 1202 ut
1898 1163 1991 1204 eos
2020 1148 2112 1218 qui
2139 1147 2238 1202 sub
2261 1147 2377 1220 lege
2405 1162 2532 1207 sunt
2561 1154 2854 1212 lucrifaciat
2881 1161 2979 1229 θοι,
3004 1181 3018 1207 ι

185 1248 377 1320 κερδήσῃ
398 1265 411 1276 ·
454 1248 549 1303 καὶ
573 1250 691 1308 τοῖς
717 1247 822 1300 ὑπὸ
847 1248 1025 1317 νόμον,
1061 1247 1136 1310 ὼς
1169 1247 1273 1298 ὑπὸ
1299 1247 1481 1316 νόμον,
1509 1246 1595 1297 ἵνα
1631 1242 1754 1303 τοὺς
1785 1238 1890 1292 ὑπὸ
1919 1240 2078 1310 νόμον
2115 1242 2382 1314 κερδήσῃ;
2424 1261 2442 1292 ι

231 1343 350 1411 Φησὶ
371 1341 424 1394 δὲ
452 1361 470 1391 ι
498 1341 742 1404 Πολλοὺς
764 1342 829 1395 ἂν
855 1341 945 1394 καὶ
965 1339 1155 1402 ἄλλους
1182 1339 1415 1408 φανῆναι
1442 1336 1715 1398 τοιούτους

186 1432 270 1493 τοῖς
293 1429 651 1492 ἐξαπατᾶσθαι
678 1428 942 1494 θέλουσιν,
966 1430 1145 1491 ὁποῖος
1169 1423 1235 1497 ἦν
1261 1429 1288 1478 ό
1320 1426 1542 1498 Ἰησοῦς.
1575 1446 1592 1476 ι
1623 1425 1713 1496 Μὴ

189 1519 370 1581 πολλοὺς
398 1514 509 1581 οὖν,
551 1517 694 1570 ἀλλὰ
738 1519 863 1589 μηδ’
899 1518 1133 1586 ὀλίγους,
1171 1517 1305 1570 ἀλλὰ
1335 1519 1427 1570 καὶ
1468 1517 1564 1569 ἕνα
1607 1516 1716 1568 δει-

189 1609 332 1662 κνύτω
362 1608 461 1678 (62)
507 1610 536 1660 6
590 1608 749 1676 παρὰ
793 1608 869 1678 τῷ
917 1608 1106 1678 Κέλσῳ
1165 1608 1410 1670 Ἰουδαῖος
1457 1607 1714 1671 τοιοῦτον,

1891 1331 1945 1387 8.
1974 1332 2134 1386 Addit
2156 1333 2372 1388 Judazns
2393 1337 2534 1404 apud
2554 1336 2788 1404 Celsum,
2823 1357 2841 1390 ι
2883 1339 3077 1394 Multos
3125 1341 3260 1397 alios
3287 1343 3377 1410 iis,

1822 1423 1911 1490 qui
1941 1423 2114 1492 decipi
2157 1424 2484 1489 voluissent,
2527 1428 2660 1482 tales
2697 1431 2936 1496 potuisse
2967 1432 3169 1496 videri,
3206 1435 3385 1502 qualis

1821 1511 1922 1565 fuit
1953 1509 2132 1567 Jesus.
2162 1531 2180 1563 ι
2217 1505 2479 1567 Ostendat
2509 1515 2672 1583 igitur
2697 1533 2800 1572 non
2831 1519 3027 1573 multos
3047 1560 3063 1585 ,
3101 1537 3204 1576 non
3247 1540 3382 1593 pau-

1820 1613 1936 1662 cos,
1967 1602 2058 1655 sed
2082 1617 2268 1665 unum,
2309 1603 2398 1670 qui
2433 1609 2580 1660 tanta
2623 1622 2742 1661 cum
2781 1618 3047 1677 petestate
3083 1612 3382 1670 doctrinam

186 1703 335 1764 ὁποῖος
357 1698 418 1771 ἦν
444 1705 471 1754 ὁ
507 1701 720 1773 Ἰησοῦς
754 1700 908 1768 λόγον
931 1701 1039 1773 (65)
1071 1700 1164 1755 καὶ
1187 1701 1428 1771 δόγματα
1459 1700 1595 1770 μετὰ
1620 1700 1717 1770 τῆς

1823 1704 1972 1759 neque
2019 1690 2259 1744 humano
2302 1694 2488 1761 generi
2533 1695 2716 1750 utilem
2740 1739 2754 1762 ,
2790 1713 2942 1767 mque
2972 1714 2999 1752 a
3036 1713 3381 1768 peccatorum

187 1794 234 1844 ὲν
272 1791 399 1858 αύτῷ
435 1794 720 1864 δυνάμεως
770 1793 1008 1863 βιωφελῆ
1049 1793 1407 1860 ἐπεισάγοντα
1455 1791 1532 1861 τῷ
1573 1791 1719 1859 γένει

187 1883 272 1935 τῶν
297 1882 596 1954 ἀνθρώπων,
622 1885 722 1936 καὶ
743 1885 1139 1954 ἐπιστρέεξοντα
1165 1885 1270 1936 ἀπὸ
1303 1883 1511 1954 χύσεως
1545 1885 1723 1954 ἁμαρ-

187 1973 423 2042 τημάτων.
457 1975 591 2044 Φησὶ
633 1974 692 2026 δὲ
731 1973 888 2027 τοῦτο
927 1973 1176 2044 ἔγκλημα
1209 1974 1314 2026 ἀπὸ
1357 1973 1466 2025 τῶν
1511 1975 1590 2036 εἰς
1633 1973 1722 2025 τὸν

188 2059 382 2130 Χριστὸν
435 2063 804 2114 πιστευόντων
847 2061 1216 2132 προσάγεσθαι
1268 2061 1560 2125 Ἰουδαίοις,
1604 2062 1724 2114 ἐπεὶ

189 2151 247 2220 μὴ
272 2151 672 2205 πεπιστεύκασιν
701 2152 779 2214 ὡς
815 2154 895 2215 εἰς
925 2152 1054 2204 Θεὸν
1081 2152 1172 2203 τὸν
1208 2151 1412 2222 Ἰησοῦν
1433 2169 1446 2182 ο
1473 2153 1568 2206 καὶ
1597 2152 1724 2222 περ).

187 2241 342 2294 τούτου
369 2242 408 2294 δ’
445 2243 500 2295 ἐν
539 2245 651 2305 τοῖς
690 2241 947 2312 ἀνωτέρω
988 2239 1572 2311 προαπελογησάμεθα,
1613 2241 1722 2294 δει-

189 2331 372 2396 κνύντες
391 2333 520 2404 ἅμα,
546 2333 666 2396 πῶς
695 2333 796 2403 μὲν
824 2333 953 2384 Θεὸν
978 2331 1139 2386 αὑτὸν
1155 2331 1399 2402 νοοῦμεν,
1424 2331 1564 2388 κατά
1589 2333 1641 2384 τί
1664 2332 1722 2383 δὲ

187 2423 428 2496 ἄνθρωπον
481 2431 710 2500 λγομεν.
777 2445 797 2478 ι
858 2429 981 2493 Πῶς
1034 2429 1091 2482 δὲ
1121 2467 1138 2494 ,
1199 2427 1364 2497 φησὶν
1394 2466 1410 2492 ,
1476 2424 1636 2494 ἡμεῖς
1674 2423 1724 2474 οἱ

187 2517 322 2568 πᾶσιν
362 2515 663 2588 ἀνθρώποις
709 2511 1051 2585 δηλώσαντες
1102 2514 1250 2585 ἥξειν
1296 2516 1404 2569 ἀπὸ
1453 2512 1586 2566 Θεοῦ
1633 2513 1722 2565 τὸν

187 2606 442 2660 κολάσοντα
468 2609 591 2670 τοὺς
618 2607 863 2669 ἀδίκους,
893 2606 1111 2659 ἐλθόντα
1139 2605 1502 2676 ὴτιμάζομεν;
1536 2626 1553 2656 ›
1581 2606 1724 2675 Πρὸς

185 2695 310 2748 τοῦτο
327 2697 376 2750 δὲ
403 2695 845 2767 ἀπολογήσασθαι
879 2698 1018 2750 πάνυ
1046 2696 1240 2766 εὔηθες
1262 2696 1342 2759 ὃν,
1370 2697 1430 2747 ού
1463 2695 1608 2747 δοκεῖ
1634 2710 1723 2764 μοι

185 2787 298 2843 εἶναι
338 2790 567 2860 εὔλογον.
613 2791 705 2854 Ὠς
739 2793 788 2843 εἰ
821 2791 915 2844 καὶ
968 2789 1122 2852 ἄλλος
1162 2807 1245 2854 τις
1290 2790 1463 2857 ἔλεγε,
1501 2788 1616 2850 πῶς
1657 2785 1724 2839 ἂν

184 2881 334 2949 ἡμεῖς,
366 2885 412 2936 οἱ
437 2881 751 2946 διδάξαντες
782 2881 889 2950 (64)
920 2885 1235 2952 σωφρονεῖν,
1260 2881 1553 2934 ἀκόλαστον
1581 2880 1644 2933 ἄν
1673 2895 1724 2930 τι

182 2969 508 3042 ἐποιήσαμενε
543 2973 576 3041 ἢ
614 2972 744 3042 περὶ
778 2971 1122 3042 δικαιοσύνης
1158 2972 1568 3042 πρεσϐεύοντες,
1604 2970 1720 3040 ἠδι-

1825 1779 2056 1833 colluvie
2091 1791 2408 1838 avocantem
2441 1785 2743 1840 tradiderit.
2783 1787 2934 1854 Quod
2964 1790 3038 1843 ait
3071 1776 3283 1847 Judazos
3318 1796 3387 1848 ab

1825 1870 1892 1924 iis
1923 1870 2015 1939 qui
2055 1871 2106 1923 in
2143 1870 2416 1928 Christum
2447 1875 2675 1930 credunt
2710 1893 2834 1932 reos
2863 1879 2981 1945 agi,
3026 1881 3168 1949 quod
3203 1880 3385 1938 Jesum

1824 1971 1884 2016 ut
1910 1962 2080 2017 Deum
2108 1964 2350 2034 recipere
2380 1965 2691 2034 noluerint;
2747 1971 2813 2023 ad
2852 1970 2901 2023 id
2927 1970 3040 2040 jam
3097 1987 3259 2041 supra
3299 1991 3386 2029 re-

1824 2069 2079 2124 Sponsum
2101 2064 2218 2120 est,
2243 2055 2333 2110 ubi
2357 2057 2625 2113 declaravi
2654 2060 2815 2114 simul
2835 2069 2892 2115 et
2916 2062 3183 2130 quomodo
3215 2065 3384 2120 Deum

1824 2144 1973 2198 illum
2000 2145 2372 2214 intelligimus,
2407 2157 2463 2201 et
2491 2153 2790 2203 secundum
2815 2151 2944 2220 quid
2972 2153 3242 2207 hominem
3267 2169 3386 2211 esse

1823 2235 2075 2289 dicimus.
2106 2252 2126 2285 ι
2163 2237 2254 2300 At,
2285 2237 2490 2307 inquit,
2521 2241 2790 2308 quomodo
2827 2256 2942 2305 nos,
2977 2257 3074 2312 per
3102 2257 3238 2312 quos
3270 2258 3388 2298 om-

1824 2325 1982 2380 nibus
2016 2325 2326 2383 hominibns
2373 2330 2676 2382 nuntiatum
2726 2342 2809 2386 est
2848 2343 3142 2388 venturum
3185 2349 3215 2387 a
3253 2332 3384 2398 Deo.

1822 2417 1913 2484 qui
1939 2415 2005 2468 de
2027 2415 2290 2486 improbis
2316 2420 2637 2488 supplicium
2673 2431 3066 2488 sumeret,eum
3095 2424 3388 2492 ignominia

1823 2502 2134 2570 aﬂccimus,
2180 2517 2466 2578 postquam
2490 2511 2635 2564 venit
2657 2511 2717 2563 ?)
2763 2511 2897 2566 Tam
2929 2513 3124 2582 ineptae
3152 2516 3386 2568 interro-

1826 2597 2033 2665 gationi
2067 2599 2397 2666 respondere
2440 2602 2650 2656 videtur
2693 2617 2813 2658 esse
2862 2604 3119 2674 ineptum.
3156 2605 3389 2662 Perinde

1826 2694 1909 2740 est
1936 2686 2080 2740 enim
2112 2702 2176 2740 ac
2223 2689 2265 2741 si
2307 2690 2427 2758 quis
2469 2690 2691 2760 diceret,
2717 2707 2815 2747 nos
2839 2693 2930 2762 qui
2970 2697 3385 2762 temperantiam

1826 2776 2129 2842 docuimus,
2154 2781 2422 2845 quomodo
2453 2780 2504 2833 in
2541 2776 2683 2837 hanc
2707 2782 2959 2836 virtutem
2986 2787 3390 2853 peccassemus?

1826 2865 1936 2921 Nos
1961 2867 2053 2937 qui
2090 2868 2315 2936 justitize
2352 2883 2535 2938 partes
2597 2882 2840 2936 tuemur,
2863 2874 3151 2940 .quomodo
3191 2875 3388 2944 injuste

1826 2958 2129 3026 egissemus
2163 2959 2186 3012 ?
2238 2958 2307 3013 Ut
2349 2961 2488 3014 enim
2523 2961 2660 3030 apud
2699 2961 2942 3016 homines
2968 2963 3067 3015 ista
3103 2963 3388 3018 inveniun-

182 3060 429 3130 κήσαμεν;
474 3063 559 3126 Ὠς
589 3061 701 3132 γὰρ
729 3063 913 3115 ἐκεῖνα
952 3064 1007 3114 ἐν
1038 3061 1339 3133 ἀνθρώποις
1383 3062 1714 3131 εὑρίσκεται,

1830 3055 1936 3112 tur,
1981 3049 2058 3101 sic
2106 3048 2400 3102 humanum
2444 3062 2565 3104 erat
2616 3050 2862 3116 Christo,
2907 3062 3189 3122 postquam
3230 3055 3387 3123 juxta

182 3147 296 3202 δύτω
323 3153 619 3218 φάσκοντας
656 3150 770 3220 (65)
814 3153 1115 3222 προφήταις
1167 3151 1587 3203 πεπιστευκέναι
1633 3151 1720 3202 λέ-

181 3255 306 3304 γουσι
341 3244 459 3314 περὶ
493 3243 926 3314 ὲπιδημήσοντος
959 3242 1216 3313 Χριστοῦ,
1247 3242 1609 3312 ἠπιστηκὲναι
1645 3241 1722 3312 τῷ

180 3328 423 3398 ἐληλυθότι
455 3333 593 3386 κατά
635 3333 704 3385 τὰ
755 3333 1225 3403 προφητευόμενα,
1261 3332 1593 3404 ἀνθρώπινον
1629 3327 1716 3402 ἦν.

179 3419 228 3470 Εἰ
250 3421 299 3473 δὲ
333 3423 410 3475 δεῖ
444 3423 762 3495 προσθεῖναι
792 3425 885 3476 καὶ
915 3423 1077 3494 ἄλλην
1102 3424 1304 3490 αἰτίαν,
1347 3426 1608 3496 φήσομεν,
1638 3427 1718 3477 ὅτι

180 3511 252 3561 καὶ
288 3512 424 3565 τοῦτ’
464 3513 593 3566 αὐτὸ
643 3515 907 3583 προεῖπον
947 3515 994 3565 οἱ
1038 3515 1329 3584 προφῆται.
1368 3514 1560 3582 Σαφῶς
1586 3513 1716 3582 γοῦν

187 3593 378 3664 Ἡσαΐας
405 3601 550 3670 λέγει
570 3619 584 3632 ο
621 3620 639 3652 ι
682 3603 846 3672 ’Δκοῇ
871 3601 1150 3664 ἀκούσετε,
1184 3602 1271 3655 καὶ
1300 3603 1360 3655 οὐ
1381 3602 1454 3673 μὴ
1486 3603 1680 3672 συνῆτε
1702 3619 1716 3633 °

177 3690 251 3741 καὶ
275 3692 550 3760 βλέποντες
596 3692 847 3764 βλέψετε,
887 3693 978 3745 καὶ
1005 3694 1064 3745 ού
1092 3693 1165 3765 μὴ
1202 3693 1363 3764 ἴδητε.
1412 3694 1715 3766 Ἐπαχύνθη

175 3781 306 3854 γᾶρὴ
325 3785 513 3856 καρδία
534 3785 631 3840 τοῦ
651 3784 786 3837 λαοῦ
816 3784 1024 3846 τούτου,
1061 3804 1079 3835 ι
1114 3785 1209 3837 καὶ
1232 3784 1298 3837 τὰ
1323 3784 1468 3855 ἑξῆς.
1497 3785 1607 3837 Καὶ
1629 3787 1720 3840 λε-

175 3873 382 3940 γέτωσαν
403 3877 549 3946 ἡμῖν,
577 3876 632 3928 τί
655 3873 932 3938 ἀκούουσι,
961 3875 1052 3928 καὶ
1077 3874 1129 3927 τί
1164 3873 1416 3944 βλέπουσι
1449 3877 1558 3938 τοῖς
1591 3876 1721 3927 Ἰου-

173 3959 315 4026 δαίοις
333 3965 438 4038 (66)
460 3964 868 4038 προφητεύεται
888 3966 960 4036 μὴ
977 3966 1224 4036 συνήσειν
1244 3964 1309 4016 τὰ
1321 3965 1608 4036 λεγόμενα,
1627 3967 1720 4019 καὶ

175 4053 235 4123 μὴ
256 4055 306 4105 ὃν
332 4056 408 4109 δεῖ
428 4059 626 4129 τρόπον
667 4056 897 4126 ὄψεσθαι.
925 4055 985 4108 τὸ
1026 4055 1242 4129 ὁραθέν.
1295 4056 1455 4109 Ἀλλὰ
1487 4057 1592 4128 μὴν
1621 4058 1717 4128 δῆ-

170 4142 259 4210 λον,
285 4149 359 4201 ὅτι
396 4149 594 4214 ἰδόντες
619 4150 715 4203 τὸν
773 4149 998 4220 Ἰησοῦν,
1029 4150 1130 4202 ούκ
1158 4145 1295 4202 εἶδον
1318 4151 1466 4212 ὅστις
1494 4144 1560 4220 ἦν
1581 4167 1594 4179 ·
1625 4149 1718 4202 καὶ

169 4233 420 4303 ἀκούοντες
451 4240 640 4304 αὐτοῦ,
671 4242 734 4293 ού
773 4239 1012 4309 συνῆκαν
1043 4240 1108 4292 ἐκ
1135 4241 1242 4294 τῶν
1280 4240 1586 4312 λεγομένων
1615 4241 1715 4311 τὴν

168 4327 215 4376 ἐν
235 4330 367 4401 αύτῴ
392 4332 664 4404 θειότητα,
699 4331 1163 4402 μεταϐιϐάζουσαν
1185 4331 1279 4402 τὴν
1305 4332 1395 4384 ἐπὶ
1437 4331 1718 4395 Ἰουδαίους

1824 3139 2131 3207 prephetias
2159 3140 2336 3204 venit,
2366 3140 2524 3195 ﬁdem
2559 3157 2664 3196 non
2697 3142 2897 3197 habere
2917 3181 2935 3209 ,
2978 3145 3069 3212 qui
3100 3146 3379 3215 prephetis

1824 3227 2099 3283 Christum
2160 3240 2440 3283 venturum
2513 3231 3000 3298 prmnuntiantibus
3050 3235 3272 3289 credere
3328 3249 3389 3289 se

1823 3319 2245 3387 proﬁtebantur.
2270 3320 2431 3390 392
2457 3321 2608 3386 Quod
2637 3324 2682 3376 si
2707 3323 2953 3376 addenda
2984 3332 3067 3378 est
3098 3324 3258 3378 etiam
3283 3325 3386 3380 alia

1823 3426 2010 3478 causa,
2035 3413 2277 3467 dicemus
2316 3415 2418 3467 hoc
2457 3413 2631 3480 ipsum
2669 3429 2698 3467 a
2740 3414 3014 3484 prophetis
3049 3415 3218 3470 fuisse
3248 3431 3388 3485 prae-

1823 3504 2046 3557 dictum.
2069 3504 2224 3558 Clare
2254 3506 2399 3558 enim
2437 3505 2606 3559 Isaias
2634 3506 2764 3560 dicit
2796 3524 2810 3559 :
2848 3525 2866 3558 ι
2893 3507 3128 3561 Auribus
3158 3508 3389 3562 audietis

1821 3598 1876 3644 et
1907 3606 2012 3644 non
2045 3591 2361 3661 intelligetis
2387 3609 2402 3659 ;
2435 3593 2606 3648 oculis
2633 3593 2940 3662 aspicietis,
2966 3608 3067 3650 nec
3093 3604 3269 3649 tamen
3305 3597 3390 3648 in-

1823 3680 2126 3735 tuebimini.
2174 3681 2541 3738 lncrassatum
2585 3694 2668 3738 est
2711 3686 2853 3739 enim
2900 3699 2996 3738 cor
3053 3686 3231 3756 populi
3277 3687 3381 3742 hu~

1817 3772 1904 3842 jus
1938 3775 1980 3841 ί,
2017 3792 2039 3826 ι
2068 3757 2174 3828 εἰς.
2231 3775 2423 3830 Dicant
2455 3777 2610 3831 nobis
2639 3773 2765 3846 quid
2790 3777 2934 3832 istud
2959 3778 3050 3842 sit,
3073 3779 3237 3847 quod,
3263 3777 3394 3834 licet

1820 3863 2062 3916 audituri
2093 3871 2148 3916 et
2185 3864 2455 3933 aspecturi
2503 3876 2661 3920 erant
2723 3864 2926 3934 Judaei,
2959 3869 3272 3938 praedictum
3310 3878 3392 3922 ta.-

1823 3968 1943 4008 men
1974 3954 2076 4008 fuit
2107 3953 2246 4019 fore,
2278 3965 2337 4009 ut
2370 3970 2470 4011 nec
2514 3958 2912 4028 intelligerent,
2943 3974 3042 4016 nec
3082 3961 3391 4029 aspicerent

1819 4045 2090 4112 quomodo
2144 4045 2313 4115 aSpici
2377 4049 2633 4116 oportuit.
2695 4050 3048 4118 Perspicuum
3099 4062 3184 4106 est
3233 4053 3382 4122 ipsos

1817 4132 2004 4188 Jesum
2039 4136 2302 4203 videntes,
2338 4138 2597 4193 nesciisse
2627 4139 2750 4209 quis
2775 4150 2947 4206 esset;
2974 4155 3072 4195 nec
3107 4141 3259 4194 illum
3285 4157 3388 4195 au-

1819 4224 2065 4291 dientes,
2098 4240 2164 4279 ex
2192 4226 2309 4296 ejus
2351 4228 2510 4283 dictis
2542 4229 2878 4286 intellexisse
2916 4245 3035 4299 qua:
3082 4230 3132 4284 in
3169 4245 3233 4287 eo
3268 4243 3390 4287 erat

1820 4317 2191 4383 divinitatem,
2232 4333 2354 4387 quae
2386 4321 2716 4388 peculiarem
2762 4321 2855 4375 Dei
2889 4336 3016 4390 erga
3048 4321 3264 4376 Judaeos
3291 4337 3387 4376 cu-

167 4416 240 4468 τθῦ
263 4419 385 4473 Θεοῦ
410 4423 744 4494 ἐπισκοπὴν,
770 4420 863 4473 ἐπὶ
881 4422 1004 4484 τοὺς
1031 4422 1138 4474 ἀπὸ
1169 4421 1277 4474 τῶν
1302 4421 1468 4475 ἐθνῶν
1492 4422 1578 4473 ἐπ’
1608 4422 1709 4474 αύ-

1823 4422 1935 4462 ram
1967 4417 2022 4463 et
2049 4408 2399 4477 vigilantiam,
2433 4411 2484 4464 in
2512 4427 2606 4466 eos
2637 4412 2998 4466 transferebat
3026 4412 3117 4481 qui
3148 4428 3179 4467 e
3206 4414 3388 4482 genti-

167 4508 239 4560 τον
280 4513 645 4578 πιστεύοντας.
688 4513 879 4565 Ἔστιν
920 4509 1012 4566 οὖν
1057 4513 1183 4565 ἰδεῖν
1222 4512 1357 4583 μετὰ
1396 4514 1494 4584 τὴν
1544 4513 1718 4583 Ἰησοῦ

167 4599 425 4672 ἐπιδημίαν
467 4605 759 4668 Ἰουδαίους
812 4603 1336 4674 καταλελειμμένους
1380 4604 1578 4674 πάντη,
1627 4603 1721 4656 καὶ

169 4691 304 4760 μηδὲν
335 4696 557 4766 ἔχοντας
594 4696 707 4750 τῶν
748 4694 917 4748 πάλαι
950 4694 1323 4764 νομιζομένων
1363 4696 1546 4757 αύτοῖς
1579 4689 1721 4748 εἶναι

167 4785 374 4851 σεμνῶν·
410 4787 549 4840 ἀλλά
570 4786 667 4840 καὶ
692 4783 864 4856 μηδὲν
888 4786 1110 4854 σημεῖον
1131 4782 1228 4836 τοῦ
1263 4779 1404 4836 εἷναί
1429 4801 1550 4838 τινα
1579 4783 1720 4837 θειό-

218 4980 257 5012 ⁹⁹
291 4981 326 5035 ll
355 4983 481 5041 Cor.
513 4999 568 5051 ν,
601 4984 697 5038 20.
779 4979 1002 5036 “lCor.
1031 4996 1107 5047 Ix,
1137 4980 1231 5035 20.

1309 4982 1327 5013 ί
1344 4980 1469 5036 lsai.
1497 4996 1574 5050 vr,
1607 4979 1663 5036 9.

222 5164 316 5235 (62)
343 5166 460 5222 Duo
493 5164 778 5235 Vaticani,
817 5162 979 5235 Reg,
1003 5163 1346 5226 Basileeusis,
1374 5172 1431 5217 et
1461 5159 1712 5232 Anglica-

163 5233 245 5290 nus
264 5233 484 5306 primus,
509 5234 652 5290 ἀλλά
679 5234 785 5288 κᾶν
809 5233 1085 5288 δεικνύτω.

219 5369 314 5442 (65)
336 5375 476 5428 Ante
504 5386 699 5428 vocem
724 5369 904 5439 λόγον,
936 5372 1063 5428 libb.
1107 5371 1234 5426 editi
1265 5370 1524 5442 exhibent
1561 5369 1714 5442 uncis

160 5436 391 5498 inclusam
446 5436 1112 5514 particulam—negantem
1150 5442 1410 5514 μήηψιεὲ
1449 5441 1602 5514 abest
1643 5441 1713 5514 ab

160 5514 385 5567 omnibus
421 5510 559 5568 mss.
589 5521 648 5567 et
678 5521 831 5566 certe
863 5510 1049 5568 abesse
1073 5510 1247 5568 debet.
1273 5510 1437 5576 Infra,
1474 5511 1582 5562 ἀπὸ
1615 5510 1712 5580 χύ-

160 5592 275 5644 σιως
325 5583 772 5656 ἁμαρτημάτων,
821 5582 913 5656 sic_
954 5583 1080 5656 libb.
1127 5581 1252 5656 editi
1287 5581 1339 5633 in
1372 5581 1626 5656 margine
1657 5588 1712 5656 et

161 5664 321 5722 omnes
364 5649 838 5722 'tns's.,",excepto
885 5649 1092 5706 Joliano
1138 5653 1189 5705 in
1226 5666 1332 5720 quo
1374 5649 1569 5719 legitur
1603 5650 1712 5702 ἀπὸ

161 5718 338 5785 χύσεως
365 5723 677 5794 ἁμαρτιῶν.

1818 4501 1920 4556 bus
1968 4502 2023 4554 in
2077 4501 2252 4570 ipsum
2297 4502 2602 4558 crederent.
2660 4503 3022 4568 Quamobrem
3068 4503 3251 4558 videre
3301 4514 3384 4558 est

1816 4593 2032 4648 Judaeos
2068 4606 2136 4646 ex
2181 4605 2290 4661 quo
2318 4591 2475 4647 Jesus
2509 4593 2762 4660 advenit,
2808 4594 3030 4648 omnino
3071 4593 3379 4660 derelictos,

1819 4700 1923 4740 nec
1971 4685 2272 4756 quidquam
2314 4684 2424 4754 jam
2467 4685 2666 4739 habere
2709 4699 2922 4750 eorum,
2958 4699 3078 4754 qua:
3107 4684 3234 4740 olim
3282 4686 3388 4742 illis

1819 4776 1981 4848 digna
2006 4776 2360 4832 veneratione
2389 4775 2734 4843 videbantur,
2759 4775 2961 4830 nullum
2986 4777 3194 4846 signum
3224 4775 3385 4832 ullam

1890 5160 2002 5228 (θαι)
2027 5159 2206 5215 Codex
2235 5158 2455 5228 Regius,
2486 5156 2844 5222 διδάσκοντες.

1891 5229 2002 5305 (iiii)
2031 5231 2275 5305 Ηῳεςιιοι
2283 5231 2386 5305 ius,
2421 5229 2920 5305 φάσκοντεςηηιιιιθ.
3135 5294 3159 5305 ~

1889 5294 2001 5373 (66)
2052 5303 2112 5373 Τί
2151 5294 2444 5354 ἀκούουσι
2460 5367 2472 5373 _
2491 5299 2600 5373 erat
2637 5299 2696 5373 τί
2721 5297 3030 5373 βλέποιυσίι
3067 5294 3188 5373 τοῖς
3244 5294 3391 5373 Ἰου-

1817 5366 2027 5436 (Salaria
2066 5371 2139 5423 Ita
2178 5379 2326 5424 recte
2377 5367 2533 5436 codd.
2565 5367 2768 5436 Regius
2799 5379 2853 5421 et
2891 5366 3241 5436 Basileeusis.
3284 5366 3390 5436 lte-

1818 5442 1952 5511 liqui
1980 5433 2299 5511 eutneditis
2344 5433 2673 5511 habenthﬂ
2688 5437 2943 5511 ἀκούουσι
2969 5439 3081 5499 τοῖς
3120 5433 3390 5511 Ἰουδαίοις

1819 5506 1914 5564 καὶ
1943 5509 1995 5562 τί
2035 5508 2288 5578 βλέπουσι
2337 5510 2448 5578 τοῖς
2483 5506 2771 5578 Ἰουδαίοις.
2793 5508 2958 5578 Paulo
2994 5513 3120 5578 post
3151 5508 3388 5578 Spence:

1819 5595 1912 5633 rus
1937 5581 1988 5632 in
2020 5569 2188 5638 textu,
2220 5577 2354 5631 ἀλλὰ
2381 5577 2684 5647 μὴνᾼδῆλον,
2715 5578 2817 5632 ὅτι.
2857 5569 3392 5647 ΗαεεέΙιβΙὶιιεςκᾲλλᾲ

1821 5649 1910 5770 μη
1925 5647 2099 5770 δῑὲλον,
2132 5647 2232 5699 ὅτι.
2272 5640 2453 5703 (ζυιιὶιί
2471 5640 2669 5714 Regius
2693 5657 2746 5701 et
2777 5645 3128 5710 Basileeusis,
3152 5641 3288 5698 ἀλλὰ
3312 5640 3389 5711 μὴ

1821 5734 1877 5770 οη
1915 5736 1970 5770 ον
2000 5735 2070 5769 τι.

1849 5735 2029 5790 ηΛονοτ
2036 5735 2070 5768 ι.
