3902 6414
515 330 618 388 807

1997 321 2346 386 CRIGENIS.

3653 322 3741 383 808

519 453 603 509 eis
639 453 831 526 adesse
860 449 1225 507 divinitatem.
1253 445 1371 505 Non
1406 447 1549 504 enim
1586 445 1816 516 amplius
1845 444 1924 499 eis
1957 455 2084 498 sunt

2204 462 2323 518 τητα
2355 447 2486 518 παρ’
2512 445 2712 510 αὐτοῖς.
2738 446 2851 499 υύκ
2882 446 2960 500 ἔτι
2989 446 3098 520 γὰρ
3128 448 3425 518 προφῆται,
3451 445 3574 500 οὐδὲ
3597 447 3740 518 τερά-

521 547 835 615 ριοοριιοιω,
880 557 984 597 non
1027 540 1325 606 miracula;
1369 555 1488 594 cum
1521 548 1711 594 contra
1753 538 1893 606 apud
1929 536 2087 592 Chri-

531 636 738 690 stianos
771 633 1065 686 etiamnum
1099 629 1482 684 miraculorum
1528 629 1861 698 aliquantum
1893 641 2085 697 super-

516 727 623 782 siut
657 724 896 794 vestigia.
929 723 1037 778 imo
1085 724 1314 791 majora,
1363 736 1526 791 quam
1563 722 1706 788 apud
1756 718 1876 774 illos
1905 718 2085 782 fuere,

517 817 808 887 aliquando
834 813 1001 878 fiant;
1029 822 1084 868 et
1108 813 1152 867 si
1182 811 1364 866 hacin
1399 824 1454 864 re
1479 810 1608 880 quid
1637 808 1894 878 ponderis
1920 809 2088 864 habet

517 919 767 966 nostrum
835 904 1232 971 testimonium,
1296 920 1397 959 nos
1447 905 1548 974 ipsi
1606 904 1862 959 vidimus.
1916 900 2084 968 (Qua

516 1016 704 1064 causa,
750 999 924 1070 pergit
970 999 1111 1055 Celsi
1159 997 1398 1063 Judznus,
1455 994 1813 1064 ignominiose
1857 1009 1885 1048 a
1929 993 2086 1048 nobis

519 1091 611 1146 ille
641 1091 862 1145 habitus
889 1099 972 1145 est
1001 1105 1163 1158 quem
1198 1086 1680 1157 prmnuntiavimus
1705 1086 1728 1138 ‘.'
1778 1086 1858 1138 An
1889 1093 1946 1138 ut
1968 1099 2084 1137 ma-

510 1180 658 1252 jores
679 1197 844 1250 quam
877 1179 970 1235 alii
997 1181 1186 1234 demus
1210 1176 1442 1247 poenas?
1469 1194 1487 1227 ι
1520 1174 1699 1240 Certe,
1725 1173 1943 1241 inquam
1965 1188 2084 1240 ego,

521 1273 753 1342 majores
787 1272 909 1326 aliis
938 1271 1144 1324 dabunt
1185 1267 1359 1323 Judari
1383 1307 1399 1334 ,
1432 1282 1554 1320 cum
1596 1275 1819 1336 promer
1849 1281 2002 1318 suam
2032 1265 2084 1318 in

522 1364 797 1418 Christum
829 1361 1262 1418 incredulitatem
1289 1399 1303 1425 ,
1340 1369 1452 1413 tum
1489 1367 1713 1428 propter
1752 1356 1855 1410 alia
1891 1371 2088 1426 appro-

515 1458 634 1511 bria
666 1457 866 1526 quibus
932 1455 1082 1508 illum
1116 1451 1449 1518 aﬂ‘eceruut;
1475 1465 1652 1520 neque
1680 1451 2001 1520 supplicium
2034 1449 2085 1503 in

510 1549 700 1618 judicii
729 1550 870 1618 quod
894 1549 1174 1604 credimus
1205 1555 1414 1616 tempus
1441 1542 1758 1610 differetur;
1786 1543 1899 1610 jam
1925 1542 2087 1596 dede-

517 1650 663 1695 runt.
691 1641 886 1710 Ecquae
910 1641 1054 1695 enim
1085 1653 1236 1707 gens,
1270 1648 1468 1706 praeter
1495 1635 1641 1690 solos
1667 1635 1904 1701 Judzcos,
1929 1649 1958 1686 a
1987 1649 2083 1688 sua

515 1731 784 1798 praecipua
828 1729 961 1785 urbe
1010 1739 1119 1785 eta
1173 1730 1293 1783 loco
1337 1727 1559 1796 expulsa
1599 1735 1701 1792 est,
1744 1724 1834 1778 ubi
1881 1724 2084 1792 patrius

2193 555 2345 592 πια·
2374 533 2448 592 ὧν
2481 539 2586 592 κᾶν
2613 539 2732 611 ἴχνη
2771 541 2861 594 ἐπὶ
2890 541 3057 594 ποσὸν
3089 542 3241 614 παρὰ
3279 540 3626 613 Χριπιανοῖς
3671 542 3742 595 εὐ-

2192 629 2435 700 ρίσκεται
2465 629 2598 700 (67),
2642 631 2734 683 καί
2775 631 2899 684 τινά
2931 649 2994 701 γε
3045 631 3297 702 μείζονα·
3346 631 3440 684 καὶ
3485 633 3536 683 εἰ
3584 633 3741 686 πιστοί

2187 721 2355 792 ἐσμεν
2377 720 2628 789 λέγοντες
2661 721 2793 800 (68),
2828 723 3153 795 ἑωράκαμεν
3183 725 3277 777 καὶ
3305 725 3489 794 ἡμεῖς.
3522 722 3742 790 Λὲγειδὲ

2185 811 2215 862 6
2245 809 2396 880 παρὰ
2420 809 2496 880 τῷ
2523 810 2714 880 Κέλσῳ
2756 811 3024 875 Ἰουδαῖοςο
3065 831 3084 862 ι
3125 813 3224 865 Διὰ
3251 812 3304 864 τί
3337 813 3674 882 ἠτιμάζομεν
3695 813 3742 866 ὃν

2187 900 2699 973 προεκηρὺσσομεν;
2736 903 2804 954 Ἣ
2829 903 2915 955 ἵνα
2943 904 3105 956 πλέον
3137 903 3244 956 τῶν
3279 903 3456 957 ἄλλων
3486 903 3741 956 κολασθῶ-

2191 1009 2316 1064 μεν;
2352 1012 2368 1043 ι
2402 993 2512 1046 Καὶ
2541 992 2676 1064 πρὸς
2701 993 2858 1046 τοῦτο
2880 993 2922 1046 δ’
2947 994 3096 1047 ἔστιν
3123 997 3318 1056 εἰπεῖν,
3355 997 3438 1048 ὅτι
3471 995 3626 1049 πλέον
3654 997 3742 1051 τῶν

2186 1084 2362 1138 ἄλλων
2420 1084 2654 1136 Ἰουδαῖοι
2695 1084 2782 1137 διὰ
2824 1085 2923 1156 τὴν
2963 1089 3046 1148 εἰς
3077 1086 3310 1158 Χριστὸν
3351 1087 3632 1151 ἀπιστίαν,
3667 1089 3744 1143 καὶ

2186 1176 2286 1229 ὅσα
2318 1175 2451 1229 ἄλλα
2493 1176 2641 1245 αὐτῷ
2679 1175 2985 1246 ὲνύϐρισαν,
3014 1178 3074 1230 οὐ
3111 1179 3269 1248 μόνον
3296 1177 3440 1231 κατὰ
3477 1178 3577 1250 τὴν
3607 1197 3744 1232 πεπι-

2189 1267 2488 1340 στευμένην
2516 1267 2696 1338 κρίσιν
2715 1268 3014 1334 πείσονται,
3039 1269 3173 1322 ἀλλὰ
3195 1269 3304 1340 γὰρ
3325 1271 3418 1322 καὶ
3439 1270 3540 1340 ἠδη
3567 1270 3744 1323 πεπόν-

2187 1359 2330 1412 θασι.
2380 1361 2537 1411 Ποῖον
2569 1357 2676 1428 γὰρ
2707 1358 2858 1423 ἔθνος
2899 1360 3300 1429 πεφυγάδευται
3340 1361 3450 1415 ἀπὸ
3491 1363 3587 1434 τῆς
3629 1363 3743 1426 ἰδίας

2191 1448 2572 1520 μητροπόλεως
2602 1449 2694 1500 καὶ
2722 1447 2814 1500 τοῦ
2850 1449 3052 1501 οἰκείου
3080 1449 3244 1502 τόπου
3280 1453 3348 1522 τῇ
3390 1451 3604 1522 πατρίῳ
3631 1451 3745 1522 θρη-

2190 1544 2345 1614 σκείᾳ
2376 1542 2483 1614 (69)
2525 1541 2558 1614 ἢ
2604 1543 2753 1613 μόνοι
2812 1543 3093 1609 Ἰουδαῖοι;
3133 1543 3303 1596 Τοῦτο
3333 1543 3392 1596 δὲ
3434 1543 3745 1597 πεπόνθασιν

2188 1635 2263 1698 ὡς
2280 1635 2677 1703 ἀγεννέστατοι,
2697 1637 2744 1687 εἰ
2761 1635 2854 1689 καὶ
2873 1635 3318 1705 πλλὰῆμαρτον,
3337 1635 3403 1688 δι’
3421 1635 3575 1688 οὐδὲν
3597 1635 3745 1697 οὕτως

2189 1723 2431 1788 ἐκείνων,
2461 1722 2537 1787 ὡς
2568 1722 2656 1776 διὰ
2688 1721 2757 1777 τὰ
2784 1724 2923 1778 κατὰ
2965 1723 3060 1777 τοῦ
3098 1725 3271 1795 Ἰησοῦ
3313 1725 3476 1796 ἡμῶν
3502 1725 3745 1795 τετολμη-

516 1819 696 1875 cultus
755 1818 934 1875 fuerat
989 1819 1337 1888 peculiariter
1375 1815 1738 1870 constitutus?
1787 1813 1838 1866 Id
1895 1821 2078 1866 tamen
2113 1809 2154 1862 B
2187 1813 2342 1885 μένα.

519 1912 663 1980 passi
693 1919 819 1966 sunt
851 1920 909 1965 ut
949 1911 1199 1966 vilissimi
1238 1910 1506 1973 homines,
1552 1923 1656 1963 non
1693 1917 1800 1962 tam
1835 1916 2055 1976 propter
2078 1905 2182 1960 alia
2216 1922 2312 1961 sua
2349 1908 2579 1962 crimina
2605 1947 2621 1974 ,
2653 1923 2772 1978 quae
2801 1923 2934 1964 sane
2969 1909 3135 1964 multa
3166 1919 3579 1980 perpetrarunt,
3605 1923 3747 1980 quam

516 2002 585 2056 ob
609 2017 672 2056 ea
704 2016 823 2070 qua:
849 2000 902 2054 iu
942 2000 1127 2056 Jcsum
1164 2000 1277 2054 ausi
1304 2008 1449 2054 sunt.

587 2095 643 2150 9.
675 2094 811 2148 Dicit
841 2101 1027 2163 postea
1060 2090 1275 2146 Judmus
1303 2107 1318 2144 :
1354 2107 1374 2142 ι
1423 2089 1707 2157 Quomodo
1742 2087 1884 2142 Deus
1917 2101 1946 2140 a
1987 2100 2085 2140 no-

519 2186 607 2246 bis
661 2187 880 2242 babitus
905 2185 1096 2240 fuisset
1140 2185 1207 2248 is,
1239 2183 1352 2252 qui,
1397 2193 1556 2254 prout
1580 2182 1742 2252 vulgo
1792 2179 2085 2245 ferebatur,

519 2280 655 2336 nihil
684 2279 934 2350 praestitit
974 2291 1162 2331 eorum
1206 2290 1324 2343 qua:
1370 2274 1740 2345 promiserat;
1788 2273 1880 2340 qui
1933 2280 2086 2339 post-

519 2387 683 2442 quam
718 2386 748 2425 a
778 2371 932 2425 nobis
966 2368 1269 2430 convictus,
1297 2366 1599 2426 damnatus.
1624 2363 1928 2435 dignusque
1961 2378 2088 2434 sup-

518 2465 683 2536 plicio
712 2463 984 2535 judicatus
1015 2467 1120 2524 est,
1151 2457 1398 2530 quaesivit
1422 2455 1663 2511 latebras
1689 2463 1744 2510 et
1778 2453 2088 2523 turpissime

521 2556 736 2627 fugiens
764 2565 956 2625 captus
990 2561 1097 2617 est,
1133 2551 1379 2622 proditus
1411 2548 1478 2604 ab
1505 2549 1570 2603 iis
1593 2547 1724 2617 ipsis
1752 2560 1889 2616 quos
1920 2545 2088 2600 disci-

516 2649 672 2721 pulos
701 2647 1065 2704 nominabat?
1095 2644 1260 2713 Atqui
1309 2657 1415 2697 non
1455 2640 1809 2696 conveniebat
1844 2638 1955 2703 illi,
1994 2635 2085 2707 qui

519 2742 663 2797 Deus
687 2748 852 2804 esset,
887 2737 1104 2808 fugere,
1147 2745 1202 2790 et
1230 2735 1473 2789 vinctum
1508 2731 1742 2785 abduci:
1777 2728 2090 2797 indignissi-

518 2845 666 2886 mum
710 2844 888 2884 autem
934 2841 1023 2891 eo,
1052 2825 1145 2895 qui
1196 2822 1477 2886 Servator,
1515 2818 1606 2871 Dei
1647 2816 1866 2871 maximi
1898 2815 2084 2880 Filius,

520 2922 742 2994 angelus
765 2919 1113 2983 credebatur,
1144 2914 1377 2984 relinqui
1408 2920 1461 2968 et
1485 2909 1640 2981 prodi
1670 2911 1737 2964 ab
1774 2907 1842 2961 iis
1866 2907 2092 2975 quibus-

522 3031 649 3072 cum
677 3014 908 3078 vixerat,
934 3025 1071 3080 quos
1094 3007 1199 3062 sibi
1234 3007 1286 3060 iu
1314 3004 1428 3060 suis
1457 3002 1711 3058 omnibus
1748 2998 1982 3069 privatis
2003 3012 2090 3052 re-

520 3107 624 3162 bus
668 3103 920 3160 conscios
949 3101 1192 3164 fecerat,
1217 3097 1416 3166 quique
1445 3095 1537 3149 illo
1579 3103 1639 3148 ut
1675 3092 1940 3162 magistro
1970 3098 2093 3143 ute-

521 3199 781 3254 bantur.»
812 3195 893 3251 Ad
919 3209 1042 3264 qua:
1073 3190 1375 3260 respondeo
1406 3186 1573 3242 Deum
1604 3201 1633 3238 a
1664 3183 1936 3238 nobisnon
1954 3181 2093 3234 exis-

525 3289 712 3345 timari
737 3302 933 3356 corpus
952 3283 1084 3339 illud
1112 3281 1240 3336 Jesu
1265 3281 1407 3350 quod
1427 3279 1526 3332 sub
1555 3284 1826 3346 aspectum
1857 3273 2093 3326 cadebat

2255 2079 2412 2136 Μετὰ
2441 2079 2616 2134 ταῦτὰ
2644 2095 2808 2149 φησιν
2829 2080 2858 2132 6
2891 2081 3167 2144 Ἰουδαὶος·
3201 2099 3219 2131 ι
3250 2080 3375 2144 Πῶς
3399 2080 3446 2133 δ’
3474 2081 3748 2152 ἐμέλλομεν

2184 2173 2373 2228 τοῦτον
2415 2171 2655 2241 νομίζειν
2697 2171 2850 2235 Θεὸν,
2891 2171 2950 2235 ὃς
2991 2171 3060 2225 τά
3096 2189 3156 2225 τε
3199 2171 3355 2236 ἄλλα,
3401 2171 3594 2244 ὥσπερ
3633 2175 3750 2244 ἐπη-

2186 2264 2378 2319 κούετο
2415 2262 2553 2332 (70),
2589 2262 2742 2316 οὐδὲν
2767 2255 2843 2314 ὧν
2879 2262 3242 2332 ἐπηγγέλλετο
3271 2263 3640 2325 ἐπεδείκνυτο,
3671 2265 3750 2317 καὶ

2186 2357 2372 2430 ἐπειδὴ
2385 2359 2548 2428 ἡμεῖς
2567 2356 2883 2424 ὲλέγξαντες
2894 2356 3072 2419 αὑτὸν,
3095 2357 3188 2411 καὶ
3209 2357 3574 2424 καταγνόντες
3589 2355 3728 2426 ἡξιοῦ
3746 2391 3751 2397 -

2192 2467 2290 2523 μεν
2329 2448 2672 2514 κολάζεσθαι,
2701 2449 3074 2520 κρυπτόμενος
3113 2448 3231 2519 μὲν,
3263 2450 3357 2501 καὶ
3379 2449 3749 2520 διαδιδράσκων

2188 2540 2657 2597 ὲπονειδιστότατα
2683 2541 2852 2593 ἑάλων
2882 2540 2974 2593 ὑπ’
3001 2540 3174 2592 αὐτῶν
3197 2540 3254 2593 δὲ
3281 2534 3358 2594 ὧν
3383 2540 3632 2611 ὠνόμαζε
3662 2559 3752 2613 μα-

2189 2635 2366 2706 θητῶν
2387 2631 2685 2704 προὺδόθη;
2708 2632 2900 2686 Καίτοι
2919 2632 3070 2695 Θεὸν,
3098 2632 3282 2702 φησιν,
3343 2631 3474 2687 ὄντα
3497 2631 3618 2686 οὔτε
3641 2632 3753 2703 9:56-

2188 2743 2305 2797 γειν
2345 2725 2490 2796 ὲνῆν,
2527 2723 2648 2777 οὔτε
2683 2723 2902 2778 δεθέντα
2943 2725 3284 2794 ἀπάγεσθαι·
3319 2725 3524 2795 ἥκιστα
3565 2725 3620 2778 δὲ
3662 2726 3752 2781 ὑπὸ

2189 2817 2297 2870 τῶν
2328 2817 2593 2870 συνόντων
2627 2814 2796 2886 αὐτῷ,
2841 2815 2936 2868 καὶ
2977 2814 3178 2880 παντὸς
3225 2817 3336 2889 ἰδίᾳ
3375 2817 3754 2888 κεκοινωνηκό-

2189 2927 2316 2974 των,
2346 2909 2442 2962 κα¹ι
2473 2909 2778 2979 διδασκάλῳ
2810 2910 3124 2980 χρωμένων,
3159 2910 3254 2964 καὶ
3288 2911 3520 2982 Σωτῆρα
3556 2909 3752 2981 νομιζό-

2194 3018 2352 3072 μενον
2383 3001 2518 3070 (71),
2553 3001 2646 3055 καὶ
2673 3000 2806 3053 Θεοῦ
2841 3000 2936 3054 τοῦ
2969 3002 3224 3073 μεγίστου
3261 3004 3453 3066 παῖδα,
3493 3005 3584 3056 καὶ
3616 3003 3755 3070 ἄγγε-

2191 3093 2301 3158 λον,
2328 3094 2818 3162 ὲγκαταλείπεσθαί
2841 3112 2899 3147 τε
2917 3098 3013 3149 καὶ
3034 3096 3356 3152 ἐκδίδοσθαι.
3391 3116 3410 3149 ι
3439 3098 3583 3169 Πρὸς
3603 3095 3755 3150 ταῦτα

2189 3184 2247 3237 δὲ
2284 3185 2546 3256 φήσομεν,
2595 3186 2676 3239 ὅτι
2719 3187 2827 3239 οὐδ’
2869 3189 3033 3258 ἡμεῖς
3070 3188 3528 3260 ὑπολαμϐάνομεν
3572 3188 3630 3240 τὸ
3662 3187 3758 3257 βλε-

2193 3274 2428 3345 πόμενον
2470 3275 2590 3328 τότε
2627 3277 2722 3330 καὶ
2759 3277 3017 3349 αἰσθητὸν
3054 3278 3148 3332 τοῦ
3199 3281 3375 3351 Ἰησοῦ
3416 3281 3593 3351 σῶμα,
3635 3275 3757 3331 εἶναι

527 3390 581 3435 et
613 3377 912 3445 subjectum
938 3373 1188 3428 sensibus
1211 3380 1329 3424 erat
1349 3368 1532 3439 393.
1556 3366 1697 3430 Quid
1721 3356 1839 3418 dico
1867 3361 2091 3434 corpus?

2204 3365 2346 3422 Θεόν.
2389 3367 2498 3420 Καὶ
2528 3368 2580 3420 τί
2605 3368 2747 3438 λέγω
2787 3370 2847 3422 τὸ
2881 3370 3071 3441 σῶμας
3121 3371 3260 3424 Ἀλλ’
3299 3371 3421 3424 οὐδὲ
3449 3372 3547 3443 τὴν
3576 3371 3755 3441 ψυχὴν,

537 3465 671 3520 ldne
701 3467 768 3521 de
801 3471 978 3521 anima
1007 3467 1223 3537 quidem
1250 3483 1279 3521 a
1310 3467 1467 3522 nobis
1498 3469 1753 3535 creditur,
1789 3470 1856 3524 de
1885 3486 1990 3539 qua
2016 3473 2098 3527 di-

538 3561 687 3608 ctum
717 3563 799 3608 est
827 3571 840 3606 :
875 3555 893 3606 ι
929 3555 1118 3609 Tristis
1160 3565 1242 3609 est
1272 3556 1450 3610 anima
1494 3573 1612 3611 mea
1659 3574 1828 3628 usque
1856 3561 1923 3614 ad
1950 3576 2098 3614 mor-

538 3652 648 3698 tem
675 3643 732 3696 '?
767 3662 786 3694 ›
823 3643 931 3698 Sed
967 3644 1417 3713 quemadmodum
1447 3646 1539 3714 qui
1579 3646 1748 3702 dicit:
1787 3666 1805 3700 ι
1842 3649 1952 3719 Ego
1991 3649 2099 3704 Do-

536 3732 720 3788 minus
759 3733 902 3788 Deus
942 3735 1118 3788 omnis
1157 3734 1336 3789 carnis
1363 3735 1412 3801 ³;
1453 3754 1472 3786 ι
1509 3745 1604 3790 et:
1648 3755 1666 3787 ι
1700 3737 1841 3793 Ante
1871 3755 1958 3794 me
1989 3756 2099 3795 non

539 3831 623 3877 est
650 3824 912 3878 formatus
941 3825 1103 3890 Deus,
1128 3834 1184 3880 et
1212 3835 1333 3895 post
1355 3841 1440 3880 me
1470 3843 1577 3881 non
1607 3828 1708 3883 erit
1730 3827 1770 3892 ⁸,
1809 3846 1827 3879 ι
1862 3831 2100 3885 creditur

533 3912 698 3967 etiam
728 3928 758 3966 a
786 3913 985 3967 Judmis
1013 3915 1156 3969 Deus
1185 3931 1305 3969 esse
1330 3917 1419 3985 qui
1447 3917 1622 3972 anima
1649 3929 1702 3973 et
1730 3935 1952 3990 corpore
1977 3938 2100 3990 pro-

526 4003 706 4072 pheta:
748 4012 1001 4073 tanquam
1037 4005 1396 4060 instrumento
1433 4007 1618 4070 utitur,
1649 4011 2100 4079 quemadmodum

528 4093 688 4146 etiam
715 4092 904 4157 Grzeci,
937 4095 1026 4164 qui
1060 4096 1173 4150 bmc
1203 4097 1270 4151 de
1294 4113 1353 4151 sc
1385 4099 1639 4164 praedicat
1665 4117 1677 4152 :

593 4185 854 4260 quuoris
881 4197 930 4242 et
957 4187 1189 4256 spatium
1210 4193 1257 4238 et
1287 4197 1532 4238 numerus
1553 4178 1681 4232 mihi
1709 4187 1860 4232 notus
1881 4193 2089 4232 arena:

594 4321 773 4378 Culleo
798 4321 934 4375 muti
964 4318 1220 4383 animum,
1255 4325 1305 4370 et
1329 4314 1490 4385 fanti:
1520 4309 1655 4366 nihil
1683 4309 1843 4364 audio
1867 4307 2088 4372 vocem',

523 4428 646 4470 eum
680 4412 929 4482 judicaut
974 4409 1142 4464 Deum
1184 4422 1306 4461 esse
1349 4419 1482 4461 voce
1525 4402 1732 4474 Pythiae
1777 4409 1832 4454 et
1869 4399 2092 4453 auribus

521 4515 803 4560 utentem:
841 4502 924 4557 sic
948 4515 1016 4555 ex
1042 4499 1200 4554 nobis
1233 4497 1466 4552 Verbum
1502 4495 1648 4549 Deus
1671 4503 1724 4547 et
1752 4493 1842 4546 Dei
1875 4492 2092 4545 univer-

523 4611 709 4652 sorum
741 4595 914 4651 Filius
937 4592 1074 4647 dixit
1103 4591 1153 4644 in
1180 4587 1310 4644 Jesu
1345 4601 1403 4640 τι
1441 4587 1552 4656 Ego
1584 4601 1702 4641 sum
1730 4584 1834 4646 via,
1867 4582 2088 4646 veritas,

2199 3457 2326 3528 περὶ
2358 3453 2426 3530 ἧς
2449 3459 2698 3514 λέλεκται
2731 3461 2825 3514 τό·
2867 3481 2884 3512 ι
2917 3463 3219 3534 Περίλυπός
3255 3465 3400 3516 ἐστιν
3433 3465 3466 3534 ἡ
3498 3463 3636 3535 ψυχή
3669 3480 3757 3534 μου

2197 3550 2302 3614 ἕως
2330 3550 2578 3606 θανάτου.
2615 3571 2634 3604 ι
2681 3553 2818 3606 Ἀλλ’
2857 3553 3045 3625 ὥσπερ
3073 3554 3212 3607 κατὰ
3251 3555 3350 3626 μὲν
3375 3556 3468 3608 τὸν
3505 3555 3611 3609 τῶν
3652 3555 3760 3608 Ἰου-

2197 3638 2362 3693 δαίων
2397 3639 2552 3710 λόγον
2584 3643 2612 3695 6
2641 3641 2834 3712 λέγων,
2879 3662 2897 3694 ι
2958 3643 3097 3712 Ἐγὼ
3134 3643 3341 3714 Κύριος
3378 3647 3408 3699 6
3437 3646 3568 3710 Θεὸς
3595 3645 3758 3714 πάσης

2199 3731 2427 3801 σαρκός·
2457 3751 2475 3783 ι
2507 3733 2601 3786 καὶ
2625 3733 2685 3786 τὸ
2710 3752 2728 3784 ι
2761 3735 3108 3807 Ἐμπροσθέν
3142 3754 3241 3806 μου
3262 3737 3361 3789 οὐκ
3381 3737 3594 3806 ἐγένετο
3617 3736 3756 3798 ἄλλος

2197 3819 2348 3883 Θεὸς,
2390 3821 2484 3874 καὶ
2523 3824 2638 3893 μετ’
2682 3824 2782 3895 ἐμὲ
2827 3827 2927 3879 06x
2963 3826 3134 3893 ἔσται,
3175 3845 3193 3878 ι
3231 3829 3259 3880 6
3289 3827 3424 3891 Θεὸς
3465 3823 3598 3881 εἶναι
3635 3826 3755 3898 (72),

2196 3910 2570 3978 πεπίστευται,
2617 3915 2832 3988 ὀργάνῳ
2879 3919 2944 3986 τῇ
2988 3915 3130 3987 ψυχῇ
3172 3917 3265 3969 καὶ
3312 3917 3390 3988 τῷ
3421 3917 3627 3987 σώματι
3670 3914 3753 3967 τοῦ

2195 4003 2474 4074 προφήτου
2499 4003 2804 4076 χρώμενος·
2837 4007 2978 4060 κατὰ
3008 4007 3065 4061 δὲ
3091 4006 3356 4070 ’Έλληνας
3381 4010 3410 4062 6
3437 4007 3627 4076 λέγων’

2289 4174 2432 4232 Οἶδα
2467 4182 2519 4234 δ’
2557 4179 2670 4250 ἐγὼ
2701 4180 2949 4250 ψάμμου
2985 4180 3034 4234 τ’
3065 4181 3312 4250 ἀρθμὸν,
3347 4181 3451 4266 κςιξ
3470 4180 3646 4266 μέτρα
3667 4183 3757 4234 ϐα-

2267 4318 2378 4372 Καὶ
2395 4317 2593 4386 κωφοῦ
2610 4318 2872 4387 ξυνίημι,
2893 4320 2988 4373 και
3006 4321 3078 4374 οὺ
3092 4251 3750 4392 λαλέοντοὲξῗ

2199 4409 2320 4472 θεὸς
2351 4411 2681 4481 νενόμισται,
2708 4409 2796 4462 διὰ
2820 4411 2920 4481 τῆς
2946 4411 3152 4475 Πυθίας
3184 4413 3361 4480 λέγων
3391 4414 3484 4468 καὶ
3510 4412 3754 4481 ἀκουόμε-

2199 4519 2289 4565 νος
2305 4519 2318 4532 °
2349 4502 2492 4557 οὕτω
2519 4503 2639 4557 καθ’
2661 4505 2809 4574 ἡμᾶς
2829 4504 2858 4556 6
2877 4504 3048 4572 Λόγος
3067 4503 3200 4568 Θεὸς
3223 4507 3319 4559 καὶ
3347 4505 3481 4559 Θεοῦ
3508 4505 3608 4559 τῶν
3632 4505 3755 4558 ὅλων

2201 4592 2346 4658 Υἱὸς,
2385 4594 2566 4664 ἔλεγεν
2611 4595 2668 4648 ὲν
2701 4593 2777 4664 τῷ
2819 4593 2993 4665 Ἰησοῦ
3034 4594 3115 4647 τό·
3171 4613 3188 4646 ι
3251 4595 3391 4664 Ἐγὼ
3435 4599 3546 4667 εἰμι
3583 4597 3613 4666 ἡ
3649 4593 3756 4655 ὁδὸς

591 4762 612 4794 ³
634 4759 819 4816 Matth.
846 4745 996 4822 xxvi,
1018 4753 1107 4810 58.
1185 4750 1424 4807 ’Jerem.
1455 4749 1707 4815 ωερε-ι.
1784 4749 1922 4803 ‘lsa.
1956 4764 2112 4817 xuii,
2141 4753 2228 4808 lo.
2304 4752 2627 4820 'llerodot.,
2663 4752 2758 4808 lib.
2785 4767 2824 4809 ι.

597 4893 707 4963 (67)
734 4893 902 4949 Codd.
929 4893 1160 4963 Reg._et
1197 4887 1526 4963 Alia‘sileen‘sis
1545 4927 1570 4963 λ
1665 4886 1816 4963 παρὰ
1836 4888 2091 4963 prostat

2212 4890 2302 4963 58,
2327 4900 2523 4963 θιιινι,
2545 4891 2610 4956 4;
2637 4889 2954 4963 Luc._xxtu,
2988 4889 3084 4957 ll;
3119 4889 3284 4945 Joau.
3305 4906 3367 4956 ιι,
3399 4891 3483 4955 l8,
3507 4898 3558 4945 et
3580 4904 3646 4953 vt,
3669 4886 3749 4940 30.

524 4966 634 5026 νοῖς
663 4957 971 5034 εὖρίσκεται
989 4957 1235 5034 θ’λέγειδ
1261 4960 1288 5010 6
1316 4957 1467 5028 παρὰ
1501 4957 1580 5028 τῷ
1605 4957 1794 5026 Κέλσῳ
1836 4957 2105 5026 Ἰουδαῖος,

526 5035 712 5100 sicque
735 5032 999 5084 nonnulla
1031 5032 1232 5100 omissa
1271 5038 1416 5100 sunt.

597 5095 710 5172 (68)
741 5103 808 5154 El
841 5099 1045 5178 αζιστοί
1081 5097 1267 5178 ἐσμεν
1304 5097 1632 5178 βέγοντες..
1666 5095 2006 5178 llmsclielius
2053 5106 2110 5152 et

529 5167 838 5240 Spenccrus
868 5171 920 5224 in
956 5170 1231 5240 margine,
1283 5169 1349 5240 0i
1381 5170 1564 5221 πιστοί
1617 5168 1785 5238 ἐσμεν
1812 5167 2105 5240 λέγοντες.

528 5237 810 5294 Boherello
860 5239 1206 5292 scribendum
1265 5238 1498 5300 videtur,
1547 5239 1594 5291 εἰ
1641 5237 1822 5291 πιστοί
1853 5241 2022 5306 ἐσμεν
2054 5239 2104 5289 οἱ

525 5311 789 5379 λέγοντες,
813 5307 1153 5379 ,ἑωράκαμεν
1198 5307 1289 5359 καὶ
1331 5309 1510 5378 ἡμεῖς,
1567 5311 1793 5364 subaudi
1857 5305 2100 5378 μείζονα.

529 5376 1236 5454 ltegiicitiprigenesJoan.
1270 5376 1382 5454 inv.
1417 5379 1504 5454 l2.

597 5422 1662 5526 (ξδῑὴιῖσὶῖιξρξῑρῖῡβῆεγέεέέέιςλιευηι
1717 5446 1821 5502 at.
1859 5422 1892 5501 .
1933 5446 2093 5502 codd.

526 5519 697 5587 Regio
727 5529 783 5572 et
809 5519 1122 5587 Bttsilecttsi.

601 5584 714 5658 ('70)
744 5589 967 5654 ’Ὠσπερ
983 5584 1410 5658 ἑπηκούετοᾼιι
1433 5595 1536 5652 est,
1559 5587 1736 5656 inquit
1765 5586 2103 5654 Boherellus,

534 5677 554 5710 ι
591 5657 770 5727 prout
799 5658 960 5726 vulgo
1012 5668 1174 5727 etiam
1221 5657 1562 5727 audiebatur,
1615 5659 1696 5711 vel
1742 5658 2034 5711 ferebatur.
2079 5676 2100 5708 ι

527 5724 720 5784 melius
753 5724 1250 5797 [οηέὑπηκούετα
1283 5726 1520 5787 llespieit
1546 5728 1735 5784 Celsus
1761 5727 1951 5782 Matth.
1981 5741 2105 5793 xm,

2215 4959 2346 5016 Item
2376 4977 2472 5026 vu,
2498 4961 2553 5025 4,
2578 4971 2631 5012 et
2653 4959 2856 5014 similes
2880 4960 3045 5014 locos.

2286 5033 2397 5101 (7i)
2427 5027 2839 5098 Νομιζόμενον.
2868 5029 3103 5101 Mallem,
3127 5029 3302 5101 inquit
3324 5029 3645 5093 Boherellus,
3670 5042 3752 5080 νοο

2219 5098 2546 5223 μιζοὲίένων.
2576 5101 2628 5152 id
2651 5109 2735 5152 est
2753 5098 3098 5168 νομιζόντων.

2287 5172 2340 5223 t7
2383 5173 2398 5223 l
2445 5172 2496 5222 Ὁ
2528 5168 2670 5223 Θεό(-
2692 5164 2864 5222 εἶναι.
2902 5168 3098 5223 Hmseh

2287 5164 2398 5243 (72)
2445 5172 2496 5222 '0
2514 5168 2670 5243 Θεὸς
2692 5164 2864 5243 εἶναι.
2902 5168 3241 5243 Hmsehelius
3261 5178 3316 5224 et
3350 5170 3645 5243 Spencerus
3701 5165 3751 5218 in

2218 5234 2484 5309 margine,
2509 5239 2632 5292 ὅθεν
2666 5234 2828 5304 εἶναι,
2875 5254 3040 5307 quam
3079 5240 3332 5309 vitiosam
3362 5234 3631 5294 lectionem
3661 5250 3751 5309 ex-

2217 5306 2406 5365 hibent
2429 5325 2618 5365 armies
2649 5311 2809 5363 codd.
2831 5306 2988 5370 mss,
3015 5318 3252 5378 excepto
3281 5308 3492 5365 Joliano
3519 5309 3580 5360 ad
3607 5306 3750 5378 cuius

2213 5394 2371 5466 o'ram
2416 5389 2624 5436 attexta
2657 5388 2758 5442 est,
2808 5381 3054 5446 apposita
3089 5372 3334 5435 in'textu
3373 5381 3536 5434 altera
3572 5378 3598 5429 6
3628 5372 3750 5433 Θεὸς

2210 5467 2368 5504 ειναι.

2281 5522 2394 5591 (75)
2429 5518 2779 5585 Λαλέοντος.
2809 5518 2899 5572 Sic
2917 5533 3105 5591 omnes
3127 5533 3256 5591 mss.
3287 5527 3341 5572 et
3368 5515 3681 5591 Hinscbelius
3700 5508 3746 5591 ir:

2209 5575 2400 5661 tex‘tu';
2450 5591 2516 5644 ad
2545 5575 2840 5661 marginem
2871 5603 3002 5661 vero
3028 5589 3217 5655 rejecit
3256 5589 3566 5661 φωνεῦντος,
3613 5575 3748 5652 qDOd

2213 5660 2522 5729 Spcnccrus
2559 5659 2731 5715 textui
2771 5674 2869 5716 suo
2893 5659 3143 5715 inseruit.
