3902 6414
241 331 321 386 815

1383 323 1660 382 CONTRA
1701 318 1982 379 CELSUM
2020 318 2148 376 LIB.
2186 319 2254 376 ll.

3331 308 3436 377 8ιί

237 447 465 521 βοηθῆσαι,
497 443 588 497 καὶ
616 443 929 508 πατάξαντα
962 443 1050 497 τὸν
1075 441 1170 496 τοῦ
1206 443 1508 514 ἀρχιερέως
1547 440 1752 503 δοῦλον,

1872 436 2002 503 Quin
2033 448 2090 494 et
2115 438 2184 492 ad
2211 451 2332 491 eum
2364 439 2456 509 qui
2496 452 2651 509 opem
2681 438 2729 493 ei
2759 438 2900 494 ferre
2928 437 3158 506 volebat,
3187 453 3433 494 servum-

235 540 307 593 καὶ
328 537 562 606 ἀφελόντα
588 535 752 588 αὐτοῦ
772 535 832 588 τὸ
855 537 1014 588 ὠτίον
1033 576 1047 600 ,
1072 532 1257 588 εἶπεν·
1311 553 1329 584 ι
1388 531 1753 603 Ἀπόστρεψον

234 629 309 698 τὴν
335 625 579 697 μάχαιράν
614 641 708 676 σου
736 626 816 688 είς
847 624 935 677 τὸν
966 624 1130 677 τόπον
1163 622 1348 693 αὐτῆς·
1401 622 1603 684 πάντες
1645 620 1753 692 γάρ

233 717 500 778 οίλαϐὀντες
532 715 804 786 μάχαιραν
831 717 886 767 ἐν
921 715 1164 786 μαχαίρᾳ
1189 711 1530 766 ἀπολοῦνται.
1572 712 1644 763 ’Ἡ
1672 710 1758 762 δο-

233 813 300 865 κεῖ
339 819 404 862 σοι
434 809 534 878 (85)
579 810 664 860 ὅτι
696 811 755 860 ού
799 808 1029 879 δύναμαι
1071 793 1200 878 ἄρτι
1247 804 1622 876 παρακαλέσαι
1664 803 1756 856 τὸν

233 901 405 973 Πατέρα
427 919 538 971 μου,
572 901 666 954 καὶ
706 904 1040 971 παραστήσει
1073 916 1162 969 μοι
1191 891 1291 951 ὧδε
1321 896 1537 960 πλείους
1581 896 1614 966 ἢ
1652 894 1756 946 δώ-

231 993 332 1045 δεκα
359 990 608 1058 λεγεῶνας
654 990 936 1058 ἀγγέλων;
985 989 1110 1052 Πῶς
1155 983 1247 1041 οὖν
1296 985 1654 1057 πληρωθῶσιν
1699 985 1756 1036 αἱ

232 1082 420 1153 Γραφαὶ,
442 1082 516 1132 ὅτι
537 1080 678 1133 οὓτω
701 1082 784 1133 δεῖ
811 1079 1081 1149 γενέσθαις
1105 1100 1123 1130 ι
1148 1081 1210 1132 El
1240 1079 1295 1131 δὲ
1322 1077 1618 1147 πλάσματα
1643 1077 1754 1128 τῶν

231 1173 500 1244 γραψάντων
522 1173 591 1225 τὰ
619 1173 925 1241 Εὑαγγέλια
949 1171 1118 1225 οἴεταί
1140 1189 1224 1236 τις
1254 1167 1392 1224 εἶναι
1419 1170 1612 1233 ταῦτα,
1641 1168 1757 1232 πῶς

229 1265 320 1334 οὐχὶ
352 1263 528 1335 μᾶλλον
566 1264 864 1335 πλάσματα
912 1264 1010 1336 μέν
1053 1267 1166 1317 ἐστι
1195 1264 1263 1317 τὰ
1295 1264 1406 1317 ἀπὸ
1439 1263 1628 1334 ἔχθους
1665 1263 1760 1314 καὶ

231 1357 386 1426 μίσους
413 1357 495 1410 τοῦ
541 1358 678 1428 πρὸς
710 1358 870 1412 αὑτὸν
910 1359 1002 1410 καὶ
1045 1358 1403 1427 Χριστιανοὺς
1451 1355 1716 1426 λεγόμενα
1743 1395 1757 1418 ,

228 1447 409 1518 ἀλήθεια
432 1448 483 1500 δὲ
513 1447 582 1500 τὰ
604 1447 711 1501 τῶν
747 1448 808 1501 τὸ
838 1449 1058 1519 γνήσιον
1097 1447 1196 1517 τῆς
1226 1447 1363 1518 πρὸς
1403 1447 1496 1499 τὸν
1555 1445 1760 1517 Ἰησοῦν

227 1540 465 1604 διαθέσεως
490 1541 906 1611 ἀποδεξαμένων
951 1541 1062 1609 (84)
1119 1539 1268 1609 ἐντῷ
1303 1542 1410 1594 πᾶν
1439 1539 1642 1593 ὃτιποτ⁵
1666 1535 1762 1593 οὖν

228 1633 651 1703 ὑπομεμενηκέναι
693 1632 780 1685 διὰ
819 1633 944 1696 τοὺς
990 1632 1180 1701 λόγους
1228 1633 1425 1694 αὐτοῦς
1479 1632 1760 1703 Τοσαύτην

227 1725 312 1797 γὰρ
339 1725 594 1796 ὑπομονὴν
625 1725 722 1778 καὶ
751 1724 998 1778 ἔνστασιν
1031 1723 1192 1794 μέχρι
1218 1723 1443 1776 Θανάτου
1473 1723 1761 1792 amomi—-

1853 543 1961 599 que
1989 529 2258 599 pontiﬁcis
2272 539 2617 600 percusserat
2633 540 2794 601 atque
2819 531 2936 600 ejus
2955 531 3261 588 absciderat
3285 534 3403 588 auri
3425 562 3437 574 -

1855 621 2052 688 culam,
2073 621 2209 677 dixit
2232 641 2276 677 τι
2298 621 2569 678 Converte
2588 623 2820 694 gladium
2838 634 2984 678 tuum
3000 624 3054 678 in
3070 624 3244 680 locum
3258 639 3438 681 suum.

1855 713 2056 770 Omnes
2079 717 2221 770 enim
2241 717 2334 786 qui
2349 724 2676 786 acceperunt
2691 715 2950 786 gladium,
2971 717 3146 787 gladio
3164 717 3439 786 peribunt.

1857 805 1941 859 An
1972 816 2126 875 putas
2173 805 2297 874 quia
2331 821 2436 860 non
2472 820 2689 875 possum
2726 822 2917 876 rogare
2952 807 3170 863 Patrem
3231 822 3436 873 meum,

1857 905 1912 951 et
1935 896 2216 951 exhibebit
2239 893 2370 947 mihi
2392 897 2552 950 modo
2573 896 2691 964 plus
2711 911 2873 964 quam
2899 897 3178 951 duodecim
3199 896 3440 967 legiones

1861 987 2221 1058 angelorum?
2253 987 2536 1054 Quomodo
2564 1001 2695 1058 ergo
2723 986 3092 1056 implebuntur
3117 987 3440 1057 Scriptura,

1861 1081 1985 1148 quia
2019 1082 2098 1136 sic
2124 1090 2342 1153 oportet
2372 1082 2489 1136 ﬁeri
2517 1081 2607 1134 “?
2643 1100 2661 1133 ι
2695 1080 2852 1148 Quod
2877 1081 3049 1154 siquis
3078 1081 3192 1135 haec
3215 1095 3446 1151 evange-

1862 1175 2112 1230 listarum
2143 1176 2398 1246 ﬁgmenta
2431 1191 2554 1232 esse
2583 1177 2860 1246 opinatur,
2886 1191 2988 1232 cur
3025 1191 3132 1230 non
3166 1177 3346 1246 potius
3374 1175 3440 1229 ﬁ-

1862 1280 2078 1336 gmenta
2109 1267 2329 1332 fuerint,
2357 1282 2477 1336 quze
2503 1268 2769 1323 adversus
2795 1267 2978 1323 Jesum
3011 1277 3068 1323 et
3093 1269 3444 1322 Christianos

1863 1359 2141 1413 infensum
2173 1360 2356 1412 odium
2393 1369 2758 1414 commentmn
2807 1368 2923 1427 est;
2973 1361 3181 1415 veritas
3230 1368 3439 1423 autem,

1863 1465 1983 1521 quae
2011 1451 2204 1505 litteris
2229 1451 2624 1506 mandaverunt
2661 1452 2721 1515 ii,
2746 1452 2835 1520 qui
2870 1452 3017 1506 omni
3046 1466 3328 1520 poenarum
3352 1467 3447 1522 ge-

1863 1559 1996 1598 nere
2021 1553 2243 1614 propter
2267 1541 2393 1598 Jesu
2423 1546 2724 1600 doctrinam
2749 1543 3077 1614 perferendo
3099 1543 3444 1598 demonstra-

1868 1641 1990 1686 runt
2013 1647 2175 1702 quam
2200 1634 2413 1688 sincero
2439 1648 2565 1704 erga
2605 1634 2754 1688 illum
2788 1635 2970 1687 animo
2999 1633 3210 1688 essent?
3264 1631 3441 1687 Tanta

1866 1723 2036 1787 enim,
2088 1730 2198 1775 tam
2257 1723 2410 1776 lirma
2465 1723 2531 1776 ad
2563 1730 2788 1777 mortem
2821 1737 2990 1791 usque
3017 1723 3327 1778 constantia
3357 1738 3448 1777 ar-

226 1835 293 1870 ναι
318 1819 423 1880 τοὺς
458 1817 631 1888 Ἰησοῦ
663 1816 930 1887 μαθητάς,
973 1815 1109 1886 μετά
1143 1814 1433 1877 διαθέσεως
1485 1815 1584 1867 ούκ
1625 1815 1756 1869 ἁνα-

1872 1824 2120 1884 gumento
2154 1824 2261 1879 est,
2290 1815 2586 1884 discipulos
2633 1815 2761 1870 Jesu
2792 1831 2898 1871 non
2946 1815 3114 1872 fuisse
3159 1832 3254 1872 eos
3281 1856 3297 1883 ,
3351 1819 3444 1886 qui

226 1909 520 1980 πλασσούσης
550 1911 661 1979 (8'3)
691 1912 817 1982 περὶ
840 1909 935 1963 τοῦ
957 1909 1276 1964 διδασκάλου
1307 1907 1373 1961 τὰ
1393 1907 1466 1978 μὴ
1492 1907 1640 1961 ὄνταο
1668 1908 1764 1961 καὶ
1807 1928 1817 1935 ε

225 1999 329 2052 πολὺ
351 2003 448 2062 τοῖς
470 1998 870 2070 εύγνωμονοῦσι
901 1999 960 2052 τὸ
988 1998 1215 2071 ἐναργές
1244 1999 1360 2050 ἐστι
1391 1999 1516 2068 περὶ
1541 1997 1633 2050 τοῦ
1665 2013 1764 2049 πε-

225 2092 396 2146 πεῖσθαι
427 2093 618 2156 αὐτοὺς
643 2092 771 2162 περὶ
798 2085 871 2144 ὧν
899 2091 1233 2162 ἀνέγραψαν,
1259 2091 1324 2144 ὲκ
1346 2089 1438 2143 τοῦ
1464 2089 1766 2160 τηλικαῦτα

224 2186 296 2237 καὶ
320 2185 551 2249 τοσαῦτα,
578 2184 670 2239 διά
692 2185 784 2238 τὸν
811 2189 1236 2259 πεπιστευμένον
1261 2185 1444 2247 αὐτοῖς
1473 2180 1610 2240 εἷναι
1637 2183 1764 2237 Υἱὸν

221 2273 346 2340 Θεοῦ,
362 2276 850 2347 ὑπομεμενηκέναι.

275 2363 503 2433 Εἷτα,ὃτι
551 2369 649 2438 μὲν
689 2361 1134 2438 ὑφ’ὧνὼνὸμαζε
1172 2366 1425 2437 μαθητῶν
1473 2365 1762 2439 προύδόθη,

220 2456 385 2528 ἔμαθεν
412 2461 439 2511 6
472 2461 620 2529 παρὰ
665 2457 744 2529 τῷ
787 2458 977 2528 Κέλσῳ
1021 2456 1266 2519 Ἰουδαῖος
1299 2455 1406 2509 ἀπὸ
1447 2455 1556 2508 τῶν
1589 2456 1766 2524 Εὐαγ-

221 2551 396 2616 γελίων,
429 2551 654 2614 πολλοὺς
685 2549 857 2604 εἰπὼν
884 2548 1128 2621 μαθητὰς
1160 2549 1248 2603 τὸν
1280 2548 1376 2602 ἕνα
1420 2548 1642 2612 Ἰούδαν,
1678 2549 1764 2602 ἵνα

219 2639 319 2712 δόξῃ
351 2641 521 2708 αὔξειν
544 2643 642 2713 τὴν
672 2643 1026 2714 κατηγορίαν·
1051 2641 1234 2694 οὐκέτι
1259 2640 1315 2693 δὲ
1345 2639 1522 2693 πάντα
1540 2639 1608 2692 τά
1637 2639 1764 2711 περὶ

222 2730 296 2785 τοῦ
331 2733 484 2786 Ἰούδα
519 2733 979 2806 ἀναγεγραμμένα
1015 2731 1455 2804 περιειργάσατο’
1491 2732 1573 2784 ὃτι
1600 2749 1766 2802 μαχο-

223 2823 383 2891 μέναις
416 2826 504 2877 καὶ
546 2825 822 2888 ἐναντίαις
873 2824 1086 2895 κρίσεσι
1135 2822 1446 2894 περιπεσὼν
1487 2825 1516 2875 6
1566 2823 1766 2886 Ἰούδας

221 2916 327 2986 περὶ
354 2916 436 2970 τοῦ
457 2918 796 2979 διδασκάλου,
828 2916 941 2970 οὔθ’
970 2917 1064 2988 ὅλῃ
1105 2916 1249 2988 ψυχῇ
1288 2916 1480 2984 γέγονε
1519 2917 1638 2969 κατ’
1670 2916 1766 2969 αὐ-

215 3007 308 3068 τοῦ,
341 3010 436 3062 οὐδ’
459 3010 550 3083 ὅλῃ
565 3011 709 3080 ψυχῇ
741 3011 973 3080 ἐτήρησε
1003 3008 1100 3080 τὴν
1123 3007 1256 3061 αξδὼ
1282 3009 1418 3080 πρὸς
1447 3008 1768 3064 διδάσκαλον

218 3101 457 3170 φοιτητοῦ.
495 3102 552 3154 '0
577 3101 685 3172 γὰρ
718 3101 1044 3170 παραδιδοὺς
1073 3100 1233 3153 αὑτὸν
1260 3100 1426 3153 ἔδωκε
1455 3100 1534 3171 τῷ
1574 3100 1768 3171 ὲληλυ-
1791 3128 1839 3190 C

217 3191 309 3247 θὸτι
344 3195 424 3248 ἐπὶ
443 3196 500 3248 τὸ
526 3194 813 3248 συλλαϐεῖν
839 3193 930 3246 τὸν
973 3191 1178 3264 Ἰησοῦν
1203 3194 1424 3262 σημεῖον
1457 3191 1598 3262 δχλῳ
1622 3231 1637 3254 ,
1678 3191 1766 3245 λέ-

217 3301 329 3351 γων·
359 3307 374 3338 ι
400 3290 488 3342 Ὃν
508 3288 570 3342 ἂν
593 3289 826 3358 φιλήσω,
845 3287 1007 3348 αὑτός
1036 3287 1170 3338 ἐστι’
1195 3287 1503 3356 κρατήσατε
1527 3285 1706 3338 αὐτόν’
1741 3304 1760 3336 ι

125 3397 137 3411 ·
218 3375 378 3441 σιὶιζων
400 3396 450 3431 τι
479 3380 577 3447 τῆς
609 3379 747 3450 πρὸς
773 3378 934 3430 αὐτὸν
967 3375 1167 3440 αἰδοῦς·
1211 3378 1259 3429 εἰ
1304 3376 1412 3448 γὰρ
1447 3376 1521 3448 μὴ
1563 3375 1766 3440 ἔσωζεν

219 3467 391 3539 ain-rp,
423 3470 520 3523 κᾶν
568 3470 710 3541 μετά
756 3468 1096 3540 παρρησίας,
1145 3466 1313 3538 χωρὶς
1353 3469 1767 3539 προσποιήσεως

218 3561 503 3632 φιλήματος,
529 3561 847 3634 παρέδωκεν
877 3559 1059 3612 αὐτόν.
1090 3558 1260 3612 Τοῦτο
1297 3550 1394 3630 μὲν
1433 3555 1525 3612 οῦν
1559 3559 1768 3622 πάντας

219 3653 367 3708 πείσει
394 3656 514 3728 περὶ
563 3656 664 3726 τῆς
709 3652 804 3706 τοῦ
845 3651 1012 3704 Ἰούδα
1045 3651 1415 3722 προαιρέσεως
1441 3691 1456 3714 ,
1503 3651 1585 3704 ὅτι
1629 3650 1768 3722 μετά

216 3743 296 3814 τῆς
320 3747 666 3819 φιλαργυρίας
695 3745 793 3799 καὶ
816 3745 916 3814 τῆς
957 3743 1234 3816 μοχθηρᾶς
1270 3743 1378 3815 (86)
1427 3745 1507 3806 είς
1536 3744 1597 3796 τδ
1633 3761 1767 3816 προ..

216 3834 372 3891 δοῦναι
402 3841 485 3894 τὸν
513 3839 832 3897 διδάσκαλον
868 3836 1238 3908 προαιρέσεως
1265 3831 1376 3905 εἶχέ
1413 3853 1465 3887 τι
1498 3836 1770 3907 ἀναμεμι-

217 3931 385 3999 γμένον
411 3935 464 3986 ἐν
493 3938 560 4005 τῇ
597 3934 747 4003 ψυχῇ
775 3930 882 3984 ἀπὸ
910 3931 1017 3983 τῶν
1034 3929 1206 4000 Ἰησοῦ
1230 3928 1400 3996 λόγων
1435 3929 1584 4000 αὐτῷ
1614 3931 1770 3999 ἐγγε-

217 4023 476 4092 γενημένον
513 4024 645 4094 (87),
685 4023 922 4093 ἔμφασιν
959 4020 1079 4091 ἕχον
1122 4019 1419 4090 λείμματος
1463 4020 1551 4091 (ἴνῖ
1596 4021 1770 4084 οὕτως

216 4111 447 4186 ὀνομάσω)
471 4115 863 4188 χρηστότητος.
894 4113 1202 4184 Γέγραπται
1234 4113 1361 4185 γὰρ,
1391 4115 1473 4167 ὃτι
1504 4133 1522 4165 ι
1570 4113 1712 4168 Ἰδὼν
1741 4116 1769 4166 6

227 4201 414 4270 Ἰούδας,
440 4210 467 4260 6
491 4207 823 4280 παραδιδοὺς
868 4205 1028 4260 αὑτὸν
1052 4245 1066 4267 ,
1114 4206 1196 4258 ὅτι
1247 4206 1566 4278 κατεκρίθη,
1603 4224 1768 4276 μετα-

219 4291 433 4362 μεληθεὶς
447 4295 676 4368 ἔστρεψε
693 4296 764 4348 τά
782 4296 1075 4367 τριάκοντα
1092 4295 1329 4368 ἀργύρια
1351 4299 1463 4359 τοῖς
1483 4296 1770 4367 ἀρχιερεῦ-

219 4397 262 4433 σι
288 4387 367 4438 καὶ
381 4388 789 4460 πρεσϐυτέροις,
816 4387 1008 4456 λέγων’
1037 4387 1610 4459 ”Ημαρτον,παραδοὺς
1631 4382 1770 4459 αἷμα

1867 1905 2135 1975 ﬁngerent
2182 1906 2250 1961 de
2299 1907 2559 1975 magistro
2598 1922 2697 1960 suo
2742 1923 2864 1976 quce
2905 1908 3217 1978 neutiquam
3261 1919 3443 1975 erant;

1867 1997 2140 2063 apostolos
2165 2005 2344 2052 autem
2376 2011 2476 2065 pro
2492 2000 2656 2054 certis
2680 1998 2940 2054 habuisse
2965 2015 3086 2068 quae
3103 2000 3444 2070 scripserint,

1865 2088 2037 2158 aequis
2069 2104 2254 2144 rerum
2284 2091 2703 2146 mstimatoribus
2750 2091 2877 2145 inde
2929 2091 3269 2162 perspicuum
3320 2102 3446 2158 est,

1868 2183 2008 2251 quod
2045 2190 2124 2238 tot
2163 2197 2227 2238 ac
2256 2191 2404 2237 tanta
2438 2178 2761 2253 pertulerint
2804 2194 3028 2254 propter
3072 2201 3232 2252 eum,
3283 2201 3445 2256 quem

1866 2274 1960 2331 Dei
1995 2275 2192 2330 Filium
2216 2291 2337 2332 esse
2358 2275 2675 2331 credebant.

1939 2371 2029 2424 Η.
2059 2370 2267 2426 Deinde
2298 2370 2441 2440 quod
2471 2371 2547 2424 ait
2574 2370 2718 2426 Celsi
2757 2370 3000 2436 Iudaeus,
3040 2371 3226 2428 Iesum
3263 2372 3332 2428 ab
3377 2371 3448 2427 iis

1864 2461 2142 2531 proditum
2175 2475 2318 2526 esse,
2351 2476 2489 2530 quos
2520 2476 2649 2516 suos
2674 2461 2973 2531 discipulos
3000 2472 3312 2526 vocaverat,
3363 2463 3450 2517 di-

1868 2555 2000 2610 dicit
2025 2554 2244 2623 quidem
2274 2567 2340 2609 e:
2377 2551 2709 2621 Evangeliis,
2745 2553 2840 2608 sed
2879 2551 3113 2621 plurium
3143 2553 3446 2623 discipulo-

1867 2663 1988 2700 rum
2018 2661 2245 2700 numero
2281 2661 2448 2699 unum
2478 2645 2672 2699 Judam
2698 2657 2761 2697 ea
2795 2651 2976 2696 mente
3006 2641 3356 2713 signiﬁcavit,
3388 2656 3450 2698 ut

1867 2737 2201 2792 accusationi
2238 2738 2360 2806 plus
2392 2736 2647 2806 ponderis
2674 2735 2919 2789 adderet.
2949 2735 3018 2789 At
3046 2750 3167 2804 qua:
3193 2735 3261 2790 de
3305 2735 3443 2792 Juda

1868 2830 2069 2898 scripta
2099 2839 2242 2893 sunt,
2280 2844 2386 2885 non
2415 2829 2547 2883 satis
2578 2825 2970 2889 consideravit,
3010 2825 3205 2882 ludam
3250 2843 3447 2898 nempe

1869 2920 2160 2974 contrariis
2182 2919 2248 2974 de
2277 2920 2538 2988 magistro
2573 2918 2894 2973 distractum
2923 2916 3178 2986 judiciis,
3230 2933 3330 2973 nec
3376 2934 3445 2972 ex

1871 3021 1987 3066 toto
2016 3013 2199 3066 animo
2246 3011 2519 3066 infensum
2554 3010 2602 3064 ei
2639 3009 2829 3074 fuisse,
2865 3024 2965 3064 nec
2995 3023 3058 3064 ex
3119 3019 3232 3064 toto
3261 3011 3446 3064 animo

1871 3117 2116 3158 servasse
2141 3104 2378 3157 debitam
2412 3103 2675 3174 magistro
2701 3103 3085 3157 reverentiam.
3125 3101 3261 3156 Nam
3293 3103 3444 3158 illum

1869 3194 2206 3263 proditurus,
2262 3193 2366 3249 hoc
2417 3195 2588 3248 turbae
2632 3195 2699 3249 ad
2740 3193 3315 3263 comprehendendum
3355 3212 3448 3250 ve-

1868 3285 2037 3339 nienti
2071 3285 2282 3354 signum
2311 3285 2458 3340 dedit
2491 3303 2506 3340 :
2545 3303 2565 3336 ι
2595 3287 2990 3353 Quemcunque
3016 3285 3294 3340 osculatus
3329 3287 3447 3341 fue-

1869 3392 1952 3442 ro,
1988 3379 2100 3446 ipse
2123 3386 2226 3444 est,
2258 3386 2439 3432 tenete
2462 3393 2586 3432 eum
2611 3380 2679 3432 ’³.
2720 3399 2738 3432 ι
2766 3379 2880 3448 Qua
2933 3380 2986 3433 in
3013 3379 3207 3448 agendi
3238 3379 3448 3433 ratione

1868 3468 2117 3522 nonnihil
2152 3476 2237 3521 est
2277 3468 2617 3532 reverentia;
2649 3484 2813 3538 quam
2840 3467 2883 3524 si
2925 3475 3092 3522 totam
3125 3467 3292 3538 396
3311 3469 3449 3521 ami-

1871 3561 2056 3626 sissct,
2094 3559 2266 3613 libere
2301 3559 2572 3628 profecto,
2601 3567 2656 3613 et
2679 3559 2826 3614 nulla
2859 3559 3034 3616 osculi
3085 3560 3330 3614 adhibita
3372 3559 3448 3612 si-

1870 3654 2212 3717 mulatione,
2263 3651 2448 3706 Jesum
2506 3652 2842 3708 tradidisset.
2905 3651 3056 3707 Unde
3111 3651 3450 3720 perspicient

1869 3760 2057 3799 omnes
2086 3747 2140 3800 in
2170 3750 2352 3802 anima
2382 3745 2556 3811 Judae,
2603 3754 2800 3814 praeter
2833 3744 3045 3815 argenti
3093 3743 3447 3814 cupiditatem
3504 3817 3510 3826 Ι

1869 3839 2308 3909 sceleratumque
2333 3839 2622 3893 consilium
2653 3837 2975 3908 magistrum
3013 3835 3304 3907 prodendi,
3349 3835 3453 3889 alio
3498 3837 3516 3850 ν

1870 3933 1998 4002 quid
2028 3935 2314 3988 admistum
2345 3932 2514 3986 fuisse
2539 3931 2685 4000 quod
2733 3928 2863 3984 Jesu
2909 3943 3192 3985 sermones
3241 3929 3452 3984 indide-

1871 4034 2015 4090 rant,
2045 4033 2100 4078 et
2127 4038 2191 4078 ex
2206 4038 2311 4094 quo
2326 4023 2502 4093 aliqua
2539 4021 2728 4077 saltem
2763 4021 3019 4085 residuae,
3044 4031 3102 4075 ut
3134 4022 3209 4075 ita
3242 4023 3442 4086 dicam,

1871 4118 2126 4172 bonitatis
2154 4118 2367 4187 species
2389 4125 2720 4186 erumperet.
2747 4115 2838 4169 Sic
2859 4115 3005 4169 enim
3031 4115 3295 4183 scriptum
3323 4125 3408 4170 est
3432 4133 3449 4168 :

1877 4226 1896 4258 ι
1943 4207 2142 4261 Videns
2171 4207 2366 4273 Judas,
2391 4208 2481 4275 qui
2507 4221 2630 4260 eum
2682 4206 2944 4270 tradidit,
2986 4207 3129 4274 quod
3162 4208 3454 4259 damnatus

1871 4308 2038 4360 esset,
2071 4300 2394 4367 poenitentia
2432 4299 2651 4360 ductus,
2680 4299 2866 4352 retulit
2905 4299 3125 4367 triginta
3159 4307 3449 4368 argenteos

1874 4388 2207 4455 principibus
2242 4387 2586 4443 sacerdotum
2615 4386 3014 4449 etsenioribus,
3049 4387 3234 4441 dicens
3272 4404 3287 4439 :
3320 4387 3456 4442 Pec-

215 4474 388 4532 δίκαιον
410 4480 534 4551 (88).
564 4482 630 4533 Οἱ
654 4480 715 4533 δὲ
744 4477 914 4532 εἷπον·
947 4479 1010 4530 Τί
1037 4479 1168 4550 πρὸς
1199 4481 1366 4549 ἡμᾶς
1395 4481 1460 4532 σὺ
1489 4479 1629 4548 ὕψει.
1662 4481 1764 4534 Kal

1877 4483 1994 4537 cavi
2039 4484 2261 4538 tradens
2295 4481 2616 4552 sanguinem
2671 4481 2898 4549 justum.
2929 4483 2998 4534 At
3020 4478 3114 4532 ‘illi
3145 4479 3403 4534 dixerunt
3433 4493 3449 4532 :

216 4561 354 4637 ῥίψας
375 4575 436 4626 τὰ
466 4573 710 4646 ἀργύρια
733 4574 813 4634 εἰς
836 4571 924 4624 τὸν
944 4572 1090 4634 ναὸν,
1117 4570 1450 4643 ἀνεχώρησε·
1481 4573 1574 4626 καὶ
1597 4573 1767 4626 ἀπελ-

216 4658 309 4715 θὼν
333 4665 619 4738 ἀπήγξατο.
658 4684 680 4718 ι
716 4663 838 4717 Εἱδ⁴
857 4666 885 4717 6
909 4663 1238 4736 φιλάργυρος
1271 4665 1492 4729 Ἰούδας,
1528 4667 1622 4719 καὶ
1645 4666 1767 4720 κλέ-

274 4816 678 4892 "Mattlt.xxv1,
702 4825 796 4888 52,
822 4824 909 4892 55,
941 4825 1029 4880 55.

279 5011 375 5081 (83)
400 5015 569 5071 Δοκεῖ
591 5031 713 5069 σοι.
767 5014 859 5070 Sic
906 5030 1096 5070 omnes
1146 5013 1301 5068 codd.
1351 5030 1482 5070 mss.
1533 5015 1761 5081 Vulgata

215 5094 332 5156 fero
357 5085 582 5156 Matthxi
614 5086 972 5156 exemplaria,
1012 5086 1206 5148 δοκεῖς.
1243 5083 1412 5156 Paulo
1454 5097 1573 5154 post
1602 5090 1764 5148 codd.

215 5151 390 5222 Regius
409 5168 461 5208 et
491 5151 850 5221 Basileensis,
877 5155 1020 5209 οὕτω
1052 5156 1132 5208 δεῖ
1182 5151 1466 5222 γενέσθαι(
1503 5156 1763 5212 Iluesche-

213 5219 318 5294 lius:
335 5237 381 5276 et
405 5224 712 5292 Speucerus
738 5226 789 5294 iu
832 5219 1000 5288 textu,
1028 5219 1203 5287 οὕτως
1234 5224 1340 5277 ἔδει
1370 5225 1642 5294 γενέσθαι.

274 5293 375 5362 (84)
403 5293 898 5364 Ἀποδεξαμέινων.
928 5296 1086 5363 Lego,
1103 5293 1560 5366 ἀποδειξαμένων.
1592 5298 1759 5353 Paulo

209 5373 323 5427 post
351 5365 465 5419 libb.
509 5368 664 5430 editi,
716 5367 811 5418 καὶ
848 5365 1115 5437 τοσαύτην
1159 5367 1264 5437 ἄρα
1304 5365 1601 5437 ὑπομονήν.
1655 5368 1762 5424 Sed

209 5447 380 5506 omnes
407 5452 530 5491 mss.
563 5447 620 5488 ut
647 5438 700 5488 in
738 5447 923 5490 nostro
954 5436 1120 5496 textu,
1152 5436 1461 5506 stcxcipias
1486 5436 1757 5494 lulianum

206 5503 524 5574 quialteram
555 5506 847 5559 lectionem
884 5508 1148 5574 sequitur.

272 5572 374 5644 (85)
419 5580 535 5630 Οὐκ
573 5572 1126 5644 ἀνίιπλασσούσης.
1164 5575 1216 5630 lu
1262 5591 1396 5630 mss.
1447 5577 1596 5631 deest
1639 5579 1760 5643 οὐκ,

209 5646 341 5716 quod
362 5645 541 5700 abesse
563 5656 743 5716 potest
771 5648 814 5716 si
840 5658 1036 5701 uetera
1068 5650 1456 5714 interrogative
1492 5648 1762 5716 legantur.

211 5711 276 5765 Ut
307 5723 357 5766 ut
385 5726 482 5788 est,
529 5711 653 5788 post
694 5715 833 5786 μετὰ
872 5717 1161 5782 διαθέσεως
1217 5711 1569 5774 scribendum
1609 5719 1764 5788 γέγο-

206 5799 293 5833 νεν
329 5785 401 5839 vel
426 5787 622 5858 aliquid
654 5785 854 5841 simile.

1874 4577 2012 4644 Quid
2042 4578 2108 4630 ad
2134 4575 2266 4631 nos?
2293 4585 2347 4629 tu
2390 4574 2616 4628 videris.
2662 4574 2727 4626 Et
2773 4570 3033 4640 proiectis
3076 4572 3346 4641 argenteis
3398 4573 3450 4625 in

1875 4669 2096 4742 templo,
2129 4671 2372 4736 recessit,
2399 4677 2453 4723 et
2483 4655 2671 4722 abiens
2701 4666 2897 4736 laqueo
2934 4679 2992 4720 se
3018 4666 3300 4736 suspendit
3320 4665 3386 4719 “.
3428 4686 3446 4718 ι

1134 4826 1178 4856 ’³
1219 4824 1410 4880 Matth.
1465 4842 1617 4892 xxvr,
1672 4827 1762 4884 48.
1837 4831 1886 4864 ’⁸
1911 4831 2099 4887 Matth.
2128 4845 2299 4894 xxv",
2327 4828 2381 4893 ‘5,
2410 4828 2462 4890 4,
2491 4796 2564 4880 5..

1942 5022 2054 5092 (86)
2088 5017 2433 5092 “(nrt-heims
2465 5015 2785 5089 μοχθηρίας,
2820 5019 2960 5072 male
2989 5035 3003 5083 ;
3057 5019 3158 5074 nisi
3195 5019 3333 5075 forte
3368 5035 3458 5076 se-

1867 5090 2040 5162 quens
2068 5107 2168 5144 vos
2204 5090 2570 5162 προαιρέσεως
2596 5099 2954 5162 expungatur.

1941 5162 2054 5232 (8'7)
2085 5157 2256 5232 Αὺζῷ
2281 5157 2779 5232 ἐγγεγενημένον,
2797 5158 2886 5212 Sic
2933 5174 3106 5232 mss.;
3154 5169 3207 5214 at
3255 5160 3455 5216 Guieto

1869 5230 1986 5287 haec
2015 5230 2282 5300 superﬂua
2321 5239 2374 5300 et
2396 5230 2662 5300 naddititia
2695 5231 2963 5300 videntur.
2994 5230 3361 5300 "llceschclius
3401 5245 3456 5286 et

1869 5298 2223 5371 Spencerus,
2279 5298 2941 5371 at’n-tpéy-{eyavmtévqm
2991 5299 3158 5371 Paulo
3221 5312 3340 5369 post
3399 5305 3450 5356 in

1869 5369 2028 5428 cedd.
2067 5371 2237 5441 Regio
2264 5380 2317 5422 et
2344 5369 2636 5441 Basilecusi
2667 5375 2826 5441 det-st
2865 5373 2893 5422 6
2915 5369 3240 5440 παραδιδοὺς
3267 5372 3452 5428 αὐτόν.

1869 5443 2070 5497 Ibidem
2104 5438 2295 5521 omnes
2324 5438 2742 5526 ιιιςεηβστρεψε
2775 5438 2842 5526 τὰ
2873 5438 3165 5525 τριάκοντα
3189 5443 3453 5514 ἀργύρια.

1871 5515 2199 5585 Spenccrus,
2229 5509 2538 5585 ἀπέστρεψε
2571 5509 2638 5585 τὰ
2672 5509 2973 5585 τριάκοντα
2995 5509 3251 5585 ἀργύρια.

1942 5583 2055 5654 (88)
2081 5582 2263 5635 Codex
2297 5576 2514 5647 Regius,
2539 5576 2906 5654 αἷμαξάθῴον,
2947 5576 3111 5635 Paulo
3145 5576 3278 5651 post
3326 5580 3458 5654 "(P-

1870 5650 2107 5708 schelius
2136 5662 2190 5705 et
2219 5664 2411 5722 omnes
2458 5667 2568 5722 mss
2598 5691 2612 5710 .
2651 5650 2717 5703 τὰ
2749 5650 3005 5722 ᾼάργύρια
3051 5655 3129 5716 εἰς
3161 5650 3258 5707 κτὸν
3305 5651 3454 5706 ναόν.

1872 5727 2199 5795 Speucerus,
2237 5719 2307 5772 τά
2339 5719 2579 5792 ἀργύρια
2613 5723 2670 5774 ὲν
2701 5720 2779 5792 τῷ
2811 5719 2944 5792 ναῷ.
