3902 6414
463 361 568 418 815

1913 356 2238 414 ORIGENIS

3614 364 3698 419 8l6

463 481 620 547 Quod
649 479 693 536 si
731 493 928 536 avarus
957 478 1046 534 ille
1071 476 1237 534 Judas
1258 478 1327 545 ’⁸,
1351 475 1520 532 furari
1547 478 1742 534 solitus
1768 492 1886 547 quae
1903 492 2004 547 pau

2110 535 2111 538 η
2141 494 2290 530 πτων
2319 475 2388 530 τὰ
2421 477 2498 540 είς
2525 476 2680 545 λόγον
2717 477 2822 530 τῶν
2853 479 3101 551 πενήτων
3134 481 3212 543 είς
3237 478 3297 532 τὸ
3345 479 3701 552 γλωσσόκομον

462 586 654 640 perum
686 586 848 627 causa
873 571 923 624 in
949 585 1263 626 crumenam
1301 569 1677 634 mittebantur,
1713 568 2032 638 pmnitentia

460 662 656 717 ductus
707 663 925 730 triginta
972 669 1260 731 argenteos
1307 660 1642 729 principibus
1688 659 2032 715 sacerdotum

458 754 882 822 senioribusque
913 754 1172 818 restituit;
1206 752 1382 822 liquet
1414 753 1554 806 hanc
1581 753 2030 806 documentorum

455 841 582 898 Jesu
614 843 722 897 vim
749 843 936 908 fuisse,
969 859 1090 913 qua:
1112 844 1445 913 proditorem
1476 843 1650 906 illum,
1674 843 1764 912 qui
1789 843 2028 898 nondum

458 951 519 990 ea
559 950 783 1005 prorsus
807 945 1216 1004 contempserat
1250 945 1306 989 et
1349 934 1760 1006 proculcaverat
1785 973 1800 999 ,
1831 935 1898 988 ad
1931 933 2032 988 ali-

455 1043 620 1099 quam
643 1028 1014 1098 pmnitcutiam
1049 1027 1364 1083 adduceret.
1399 1026 1503 1082 Sed
1537 1036 1592 1082 et
1617 1026 1755 1081 istud
1790 1045 1804 1080 :
1845 1045 1862 1078 ι
1899 1027 2030 1082 Pec-

455 1123 571 1176 cavi
641 1121 866 1177 tradens
932 1121 1254 1190 sanguinem
1291 1118 1497 1189 justum
1526 1121 1593 1184 ",
1636 1138 1654 1170 θ
1682 1118 1922 1173 hominis
1944 1127 2029 1173 est

452 1229 606 1270 suum
632 1214 840 1270 crimen
861 1212 1193 1269 confitentis.
1220 1210 1335 1264 Jam
1360 1211 1484 1265 vide
1514 1223 1677 1278 quam
1701 1207 2024 1277 ﬂagrantem

452 1306 548 1370 illi,
578 1320 740 1374 quam
768 1305 1148 1359 vehementem
1183 1302 1425 1357 dolorem
1469 1300 1717 1368 iniecerit
1762 1301 1880 1354 inec
1920 1301 2028 1355 cri-

449 1397 653 1451 minum
680 1396 1027 1465 pmniteutia,
1047 1405 1104 1449 ut
1129 1409 1230 1449 nec
1259 1393 1465 1449 diutius
1490 1393 1672 1448 vivere
1707 1395 2022 1461 sustineret,

445 1497 498 1542 et
527 1486 810 1542 confestim
841 1485 1079 1556 projecta
1118 1485 1170 1539 in
1199 1483 1452 1554 templum
1481 1483 1707 1552 pecunia
1729 1525 1745 1549 ,
1797 1484 2024 1540 recede-

444 1588 550 1647 ret,
595 1579 800 1643 abiret,
845 1592 903 1632 se
951 1576 1303 1646 suspenderet
1337 1575 1416 1630 sui
1454 1574 1626 1644 ipsius
1667 1574 1867 1643 iudex;
1914 1589 2023 1647 quo

446 1671 627 1738 palam
659 1672 812 1740 fecit,
850 1679 1113 1740 quantum
1149 1668 1435 1740 potestatis
1469 1668 1702 1722 haberet
1744 1665 1871 1723 Jesu
1920 1671 2019 1723 do-

443 1761 618 1817 ctrina
645 1763 696 1816 in
730 1761 1086 1827 sceleratum,
1111 1760 1310 1825 furem,
1333 1759 1666 1829 proditorem
1690 1758 1906 1823 Judam,
1926 1760 2018 1830 qui

2139 567 2462 638 βαλλόμενα,
2501 567 2897 639 μεταμεληθεὶς
2932 570 3162 642 ἔστρεψε
3189 570 3255 624 τὰ
3292 571 3585 643 τριάκοντα
3620 573 3703 645 ἀρ⁸

2133 657 2300 730 γύρια
2330 662 2442 723 τοῖς
2475 659 2791 732 ἀρχιερεῦσι
2826 663 2919 715 καὶ
2951 663 3364 736 πρεσϐυτέροις·
3409 663 3587 732 δῆλον,
3632 665 3703 720 ὅτι

2132 751 2413 822 δεδύνηταί
2439 769 2558 805 τινα
2594 753 2951 824 μεταμέλειαν
2979 756 3275 826 ἐμποιῆσαι
3306 755 3460 826 αὐτῷ
3505 755 3569 809 τὰ
3612 757 3705 827 Ἰη-

2135 843 2229 896 σοῦ
2262 843 2581 915 μαθήματα,
2613 844 2673 896 οὐ
2711 846 3469 920 πανταχῆκαταφρονηθέντα
3504 846 3604 900 ὑπὸ
3625 847 3706 901 τοῦ

2132 935 2392 1007 προδότου
2423 936 2514 988 καὶ
2543 935 2976 991 ἀποπτυσθέντα.
3025 938 3182 990 Ἀλλὰ
3205 938 3300 990 καὶ
3328 937 3409 998 τὸ,
3445 957 3463 988 ι
3503 939 3708 1009 Ἥμαρ-

2129 1045 2221 1082 τον
2258 1027 2536 1099 παραδοῦς
2561 1021 2702 1098 αἷμα
2729 1027 2954 1093 δίκαιον,
3004 1048 3021 1080 ι
3055 1030 3548 1101 ἐξομολογουμένου
3573 1027 3636 1102 ἦν
3655 1031 3708 1084 τὸ

2130 1119 2534 1192 ἡμαρτημένον.
2577 1120 2717 1190 Ὅρα
2744 1119 2801 1172 δὲ
2829 1121 2925 1191 ὅση
2965 1121 3228 1193 διάπυρος
3257 1124 3353 1176 καὶ
3387 1123 3597 1194 σφοδρὰ
3623 1124 3707 1192 γέ-

2129 1230 2284 1283 γονεν
2311 1209 2459 1281 αύτῷ
2488 1211 2595 1264 ἀπὸ
2624 1211 2985 1282 μεταμελείας
3003 1214 3102 1282 τῆς
3124 1215 3218 1267 ἐπὶ
3249 1218 3362 1279 τοῖς
3395 1217 3708 1288 ἡμαρτημέ-

2127 1322 2238 1368 νοις
2267 1304 2432 1376 λύπη,
2468 1303 2543 1367 ὼς
2579 1303 2718 1374 μηδὲ
2745 1305 2804 1356 τὸ
2833 1302 2930 1376 ζῇν
2964 1306 3124 1360 αὐτὸν
3152 1305 3231 1359 ἔτι
3257 1307 3571 1378 ὑπομεῖναι,
3602 1309 3708 1362 ἀλλ’

2126 1397 2206 1460 είς
2229 1397 2318 1450 τὸν
2350 1397 2476 1450 ναὸν
2508 1395 2739 1467 ῥίψαντα
2772 1396 2832 1448 τὸ
2853 1396 3131 1468 ἀργύριον,
3184 1399 3578 1472 ἀναχωρῆσαι,
3626 1403 3708 1454 καὶ

2125 1487 2399 1552 ἀπελθεῖν,
2433 1487 2527 1540 καὶ
2563 1485 2929 1555 ἀπάγξασθαι·
2981 1490 3169 1543 ἐαυτὸν
3216 1491 3325 1562 γάρ
3371 1492 3706 1554 κατεδίκασε,

2125 1578 2359 1644 δεικνὺς,
2387 1579 2511 1632 ὅσον
2533 1579 2754 1634 ἐδύνατο
2775 1582 2869 1633 καὶ
2891 1581 2948 1634 ἐν
2978 1580 3054 1652 τῷ
3081 1582 3391 1654 ἁμαρτωλῷ
3412 1583 3492 1654 τῷ
3525 1584 3702 1656 Ἰούδα,

2124 1670 2202 1741 τῷ
2231 1669 2436 1742 κλέπτῃ
2470 1672 2562 1725 καὶ
2591 1673 2842 1746 προδότῃ,
2885 1675 2917 1746 ἡ
2960 1674 3131 1747 Ἰησοῦ
3163 1675 3507 1738 διδασκαλία,
3535 1677 3596 1729 ού
3623 1677 3706 1730 δυ-

2125 1763 2337 1833 νηθέντι
2371 1763 2545 1834 πάντη
2570 1766 2978 1837 καταφρονῆσαι
3011 1761 3085 1821 ὧν
3113 1767 3222 1822 ἀπὸ
3255 1768 3347 1822 τοῦ
3390 1769 3572 1840 Ἰησοῦ
3618 1789 3704 1841 με-

446 1870 550 1910 non
585 1853 808 1908 omnino
834 1863 1082 1922 potuerat
1113 1870 1177 1909 ex
1214 1853 1397 1909 animo
1442 1853 1623 1910 delere
1651 1868 1772 1926 quae
1821 1868 1849 1906 a
1889 1853 2004 1909 Jesr

2125 1854 2390 1927 μάθηκεν.
2411 1857 2492 1908 ’Ἢ
2512 1856 2581 1909 τά
2609 1857 2705 1928 μὲν
2728 1859 3057 1928 ἐμφαίνοντα
3078 1860 3137 1915 τὸ
3166 1860 3241 1932 μὴ
3266 1862 3446 1933 πάντη
3459 1838 3705 1917 »ἀποστα-

448 1948 774 2016 accepisset.
806 1948 889 2002 An
929 1946 1276 2002 dicentCelsi
1311 1947 1585 2016 gregales,
1620 1962 1741 2016 qum
1784 1948 2017 2018 probant

441 2038 659 2106 Judam,
687 2039 1027 2110 quantalibet
1058 2038 1221 2094 fuerit
1251 2039 1302 2093 in
1337 2042 1655 2109 magistrum
1685 2056 1845 2096 suum
1889 2055 2017 2110 per-

445 2133 597 2197 fidia,
634 2147 737 2186 non
773 2132 938 2187 fuisse
964 2141 1141 2185 tamen
1174 2131 1242 2184 ab
1277 2130 1367 2186 illo
1387 2147 1608 2201 prorsus
1635 2132 1911 2206 alienum,
1949 2147 2013 2187 ea

437 2223 608 2277 fuisse
637 2222 891 2287 conficta;
919 2222 970 2275 id
995 2235 1126 2275 vero
1153 2235 1316 2274 unum
1343 2235 1464 2275 esse
1491 2237 1703 2285 verum,
1737 2220 1922 2275 Jesum
1950 2223 2018 2276 ab

437 2329 546 2370 uno
567 2328 600 2370 e
624 2315 737 2369 suis
766 2313 1048 2382 discipulis
1077 2311 1348 2382 proditum
1375 2311 1542 2368 fuisse
1567 2314 1589 2366 ?
1619 2313 1698 2367 An
1720 2313 2017 2382 Scripturis

434 2409 638 2464 addent
671 2407 861 2462 Judam
896 2421 960 2461 ex
1012 2415 1125 2460 toto
1161 2408 1342 2459 animo
1369 2408 1718 2476 prodidisse?
1758 2407 1924 2476 Atqui
1961 2409 2013 2462 in

434 2499 785 2556 admittendis
802 2499 886 2554 vel
918 2499 1224 2568 rcjiciendis
1252 2501 1565 2556 earumdem
1601 2499 2012 2567 Scripturarum

435 2596 786 2661 testimoniis,
815 2593 950 2649 nihil
982 2603 1180 2664 praeter
1205 2594 1389 2649 odium
1420 2591 1573 2662 sequi
1611 2592 2010 2661 perabsurdum

433 2699 535 2744 est.
562 2688 670 2744 Sed
701 2686 945 2756 deJttda,
977 2688 1020 2742 si
1043 2687 1116 2741 ita
1139 2701 1274 2756 opus
1299 2694 1404 2751 est,
1437 2685 1700 2740 addemus
1723 2698 2012 2753 argumen-

433 2797 574 2849 tum,
611 2785 754 2854 quod
789 2781 1124 2837 adversariis
1164 2780 1428 2850 pudorem
1479 2777 1728 2833 incutiat.
1777 2776 1831 2830 ln
1871 2777 2012 2831 libro

429 2875 770 2931 Psalmorum
807 2874 1142 2929 centesimus
1171 2881 1397 2928 octavus
1430 2879 1603 2935 totus,
1634 2869 1725 2938 qui
1765 2868 1846 2922 sic
1875 2868 2010 2923 inci-

429 2969 558 3039 pit:
601 2987 620 3020 ι
658 2969 822 3034 Deus,
853 2967 1067 3024 laudem
1117 2979 1293 3020 meam
1331 2978 1400 3018 ne
1449 2963 1682 3020 tacueris
1711 3001 1726 3027 ,
1775 2961 1900 3033 quia
1944 2975 2008 3016 os

424 3062 736 3132 peccatoris
763 3067 818 3116 et
857 3074 919 3116 os
949 3058 1124 3114 dolosi
1153 3072 1318 3126 super
1343 3070 1432 3112 me
1465 3067 1710 3126 apertum
1763 3063 1847 3111 est
1878 3055 1944 3120 ³⁷,
1982 3071 2002 3104 ι

2119 1947 2269 2002 τικὸν
2289 1949 2384 2002 τοῦ
2426 1949 2619 2013 Ἰούδα,
2652 1954 2746 2007 καὶ
2783 1953 2919 2025 μετὰ
2948 1954 3014 2008 τὰ
3045 1955 3422 2026 τετολμημένα
3452 1955 3596 2008 κατὰ
3620 1955 3704 2009 τοῦ

2117 2039 2459 2103 διδασκάλου,
2497 2041 2789 2114 πλάσματα
2837 2046 3048 2116 ἐροῦσιν
3093 2047 3141 2099 oi
3185 2041 3314 2120 περὶ
3348 2047 3442 2100 τὸν
3484 2049 3700 2102 Κέλσον·

2122 2132 2279 2202 μόνον
2310 2132 2355 2186 δ’
2385 2131 2602 2203 ἀληθὲς,
2634 2137 2716 2189 ὅτι
2745 2132 2826 2200 εἷς
2846 2137 2953 2190 τῶν
2987 2137 3241 2209 μαθητῶν
3270 2139 3587 2210 προέδωκεν
3612 2142 3700 2193 αύ-

2117 2221 2210 2274 τόν
2234 2240 2247 2252 ·
2286 2225 2380 2278 καὶ
2426 2226 2795 2298 προσθήσουσι
2838 2227 2918 2299 τῷ
2972 2230 3343 2302 γεγραμμένῳ
3377 2232 3459 2285 ὅτι
3490 2233 3584 2285 καὶ
3615 2233 3704 2304 ὅλῃ

2115 2313 2259 2387 ψυχῇ
2296 2317 2602 2388 προέδωκεν
2624 2319 2806 2384 αὑτόν;
2832 2321 2971 2391 ὅπερ
2994 2321 3140 2374 ἐστὶν
3166 2322 3450 2386 ἀπίθανον,
3466 2324 3576 2377 ἀπὸ
3601 2323 3700 2377 τῶν

2116 2405 2279 2459 αὑτοῦ
2324 2409 2667 2481 γραμμάτων
2720 2411 2896 2465 πάντα
2922 2411 2998 2476 ὡς
3029 2413 3220 2484 ἐχθρὸν
3261 2417 3466 2480 ποιεῖν,
3519 2417 3608 2468 καὶ
3645 2414 3700 2470 τὸ

2115 2495 2391 2551 πιστεύειν
2425 2499 2517 2552 κα)⁵
2549 2500 2610 2552 τὸ
2650 2501 2919 2555 ἀπιστεῖν.
2964 2503 3026 2556 Εἰ
3073 2501 3129 2556 δὲ
3179 2505 3262 2557 δεῖ
3306 2505 3402 2558 καὶ
3445 2507 3575 2576 περὶ
3614 2504 3697 2560 τοῦ

2127 2583 2295 2639 Ἰούδα
2320 2587 2698 2660 δυσωπητικόν
2724 2608 2842 2644 τινα
2867 2592 3207 2664 παραθέσθαι
3233 2593 3415 2664 λόγον,
3440 2598 3697 2667 φήσομεν,

2111 2675 2192 2728 ὅτι
2224 2678 2280 2728 ἐν
2306 2680 2370 2747 τῇ
2410 2677 2578 2749 βίϐλῳ
2603 2679 2711 2732 τῶν
2727 2680 2974 2751 Ψαλμῶν
3005 2682 3124 2747 ὅλος
3147 2685 3174 2738 ὁ
3200 2685 3495 2749 ἐκατοστὸς
3526 2685 3698 2756 ὄγδοος

2111 2765 2324 2837 ψαλμὸς
2341 2767 2440 2838 τὴν
2465 2769 2593 2840 περὶ
2621 2768 2710 2822 τοῦ
2748 2769 2918 2823 Ἰούδα
2941 2772 3182 2844 περιέχει
3211 2774 3322 2844 (89)
3342 2778 3696 2848 προφητείαν,

2110 2850 2218 2927 οῦὴ
2239 2857 2403 2928 ἀρχή·
2445 2875 2463 2908 ι
2499 2859 2555 2912 '0
2577 2859 2708 2924 Θεὸς
2728 2859 2826 2932 τὴν
2855 2861 3059 2916 αἴνεσίν
3087 2879 3188 2933 μου
3230 2864 3306 2936 μὴ
3341 2869 3696 2939 παρασιωπή-

2112 2963 2230 3021 σης,
2263 2949 2344 3001 ὅτι
2377 2948 2552 3020 στόμα
2584 2951 2910 3022 ἁμαρτωλοῦ
2943 2952 3038 3006 καὶ
3067 2954 3240 3025 στόμα
3265 2955 3446 3010 δολίου
3488 2959 3573 3010 ἐπ’
3602 2959 3695 3029 ἐμὲ

2109 3037 2354 3108 ἠνοίχθη.
2394 3057 2411 3089 ι
2446 3039 2852 3111 Προφητεύεται
2881 3041 2926 3093 δ’
2957 3043 3014 3095 ἐν
3044 3041 3212 3112 αὐτῷ,
3243 3045 3340 3097 καὶ
3379 3046 3464 3099 ὅτι
3505 3047 3695 3110 Ἰούδας

425 3129 748 3210 vaticinium
775 3151 842 3207 de
865 3150 1001 3206 Iuda
1038 3149 1300 3206 continet.
1348 3147 1426 3204 lbi
1471 3149 1787 3219 praedicitur
1809 3145 2002 3203 Judam

2111 3129 2204 3183 τοῦ
2236 3130 2334 3200 μὲν
2366 3129 2474 3183 τῶν
2512 3131 2823 3184 ἀποστόλων
2860 3132 3206 3206 ἀπεχώρισεν
3244 3133 3444 3191 ἑαυτὸν
3484 3138 3571 3192 διὰ
3602 3141 3694 3213 τὴν

2120 3221 2541 3240 reﬂat,“
2626 3222 2651 3232 η
2743 3223 2860 3240 ,με
2938 3225 2950 3240 .
3065 3224 3079 3240 ι
3222 3225 3323 3240 ηπ..
3422 3230 3434 3240 -
3516 3231 3606 3240 --

426 3263 493 3302 ex
521 3245 890 3316 apostolorum
919 3256 1149 3298 numero
1178 3241 1350 3297 fuisse
1396 3249 1587 3310 suapte
1619 3239 1776 3309 culpa
1817 3240 2004 3296 exclu-

376 3359 378 3361 ·
427 3355 568 3403 sum;
598 3337 763 3392 alium
791 3345 974 3390 autem
1008 3333 1062 3387 in
1090 3333 1209 3403 ejus
1241 3331 1417 3386 locum
1447 3330 1614 3385 fuisse
1652 3329 2003 3400 subrogatum

428 3427 507 3483 sic
540 3424 985 3495 praenuntiatum
1037 3441 1056 3474 ι
1093 3422 1161 3477 Ει
1190 3422 1559 3491 episcopatum
1613 3419 1732 3487 ejus
1773 3420 2006 3489 accipiat

426 3517 564 3571 alter
585 3513 654 3568 ⁸⁸.
680 3531 699 3565 ι
738 3511 875 3568 Volo
899 3520 1075 3565 tamen
1100 3509 1282 3565 Jesum
1311 3511 1480 3567 fuisse
1505 3510 1776 3581 proditum
1805 3508 1872 3562 ab
1896 3523 2004 3564 uno

423 3624 454 3660 e
485 3605 602 3660 suis
633 3601 935 3671 discipulis,
980 3601 1070 3669 qui
1101 3598 1238 3656 .luda
1289 3600 1440 3669 pejor
1489 3599 1698 3662 fuerit,
1745 3607 1799 3653 et
1848 3598 2002 3668 quasi

421 3695 585 3768 397
611 3709 679 3750 ex
705 3693 889 3748 animo
909 3691 1201 3762 proiecerit
1227 3691 1409 3745 omnia
1441 3707 1562 3760 quae
1594 3707 1621 3745 a
1650 3689 1777 3746 Jesu
1802 3690 2002 3746 didice-

421 3797 509 3841 rat
543 3804 557 3840 :
601 3784 733 3854 quid
762 3781 1006 3839 hocJesu
1034 3791 1128 3836 aut
1157 3781 1402 3853 religioni
1437 3783 1764 3838 Christianae
1791 3791 1953 3838 nocet
1977 3783 2000 3838 ?

420 3877 703 3946 Quomodo
730 3877 857 3932 inde
877 3874 1098 3943 colligas
1125 3873 1321 3929 falsam
1351 3888 1473 3930 esse
1497 3873 1824 3930 doctrinam?
1845 3874 1997 3942 Quod

420 3972 687 4040 sequitur,
711 3968 823 4038 jam
856 3975 1017 4022 antea
1062 3965 1384 4021 refellimus.
1423 3966 1720 4021 Probatum
1768 3966 1914 4022 enim
1966 3981 1998 4022 a

424 4063 576 4117 nobis
627 4069 710 4116 est
746 4058 930 4116 Jesum
976 4072 1082 4113 non
1135 4073 1259 4112 cum
1306 4057 1518 4124 fugeret
1574 4063 1789 4125 captum
1833 4071 1997 4126 esse,

417 4149 514 4204 sed
544 4156 856 4204 nostrorum
904 4146 1145 4201 omnium
1202 4145 1674 4205 causa.volentem
1721 4160 1781 4201 se
1827 4147 1996 4202 tradi-

415 4240 563 4296 disse
591 4257 608 4295 :
635 4255 702 4296 ex
726 4254 832 4309 quo
859 4251 1200 4308 consequens
1232 4244 1316 4294 est
1341 4245 1422 4303 ut,
1452 4236 1494 4292 si
1520 4237 1735 4293 vinctus
1762 4238 1854 4304 sit,
1877 4239 1996 4294 vin-

415 4337 538 4382 ctus
576 4326 881 4383 sitvolens.
922 4324 1044 4392 Quo
1090 4340 1194 4381 nos
1235 4324 1421 4381 docuit
1468 4326 1583 4382 haec
1608 4326 1841 4384 libenter
1882 4329 1994 4398 pati

411 4419 627 4487 pietatis
646 4434 826 4476 causa.

2110 3221 2385 3294 ἁμαρτίαν
2417 3221 2676 3293 ἀριθμοῦ,
2708 3225 2788 3286 είς
2814 3223 2872 3277 δὲ
2902 3225 2993 3278 τὸν
3020 3224 3184 3279 τόπον
3217 3225 3329 3298 (90)
3375 3230 3544 3284 αὐτοῦ
3585 3232 3695 3284 ἕτε-

2108 3329 2199 3384 ρος
2228 3313 2501 3385 ἐνεκρίθη·
2535 3313 2628 3367 καὶ
2656 3314 2814 3369 τοῦτο
2837 3315 3087 3386 δηλοῦται
3126 3318 3186 3370 ἐν
3376 3339 3394 3371 ‹
3451 3323 3558 3376 Καὶ
3603 3322 3694 3394 τὴν

2105 3405 2411 3474 ἐπισκοπὴν
2437 3404 2599 3458 αὐτοῦ
2626 3404 2778 3457 λάϐοι
2805 3405 3013 3478 ἕτερος.
3053 3425 3070 3458 ι
3111 3407 3270 3462 Ἀλλά
3291 3409 3402 3482 γὰρ
3433 3413 3566 3486 φέρε
3593 3415 3694 3468 ὑπό

2104 3512 2249 3560 τινος
2271 3496 2378 3549 τῶν
2399 3496 2657 3567 μαθητῶν
2681 3497 2842 3551 αὐτὸν
2860 3499 3212 3569 προδεδόσθαι
3237 3503 3500 3574 χειρόνως
3528 3505 3690 3560 Ἰούδα

2102 3586 2457 3652 διατεθέντος,
2476 3588 2569 3642 καὶ
2590 3587 2827 3660 ὡσπερεὶ
2849 3589 3136 3660 ἐκχέαντος
3155 3593 3366 3658 πάντας
3381 3595 3475 3659 οὓς
3496 3597 3690 3668 ἤκουσε

2103 3679 2255 3752 παρὰ
2285 3680 2377 3734 τοῦ
2424 3679 2600 3752 Ἰησοῦ
2634 3681 2843 3750 λόγους·
2886 3683 2938 3736 τί
2971 3683 3128 3738 τοῦτο
3178 3687 3316 3757 πρὸς
3360 3692 3689 3764 κατηγορίαν

2115 3773 2288 3845 Ἰησοῦ
2368 3773 2796 3845 Χριστιανισμοῦ
2836 3774 3223 3847 συμϐάλλεται;
3248 3781 3362 3833 Καὶ
3390 3782 3507 3847 πῶς
3534 3783 3690 3836 τοῦτο

2098 3870 2264 3943 ψευδῆ
2311 3872 2403 3926 τὸν
2444 3872 2600 3942 λόγον
2631 3873 3045 3938 ἀποδείκνυσιν;
3105 3873 3590 3946 Ἀπελογησάμεθα
3627 3875 3686 3928 δὲ

2099 3963 2365 4037 περὶτῶν
2397 3964 2524 4036 ἑξῆς
2567 3966 2664 4018 καὶ
2705 3966 2763 4019 ἐν
2793 3969 2906 4030 τοῖς
2944 3965 3049 4038 πρὸ
3091 3963 3318 4029 τούτων,
3359 3966 3685 4032 δεικνύντες,
3731 4013 3735 4016 .

2097 4055 2178 4108 ὅτι
2212 4056 2271 4110 οὐ
2309 4056 2526 4127 φεύγων
2555 4057 2697 4111 ἐάλω
2718 4060 2746 4110 ό
2787 4056 3013 4128 Ἰησοῦς,
3042 4055 3158 4110 ἀλλ’
3183 4057 3327 4111 ἑκὼν
3360 4058 3500 4130 ὑπὲρ
3528 4058 3685 4128 ἡμῶν

2097 4142 2315 4198 πάντων
2348 4143 2665 4215 παρέδωκεν
2697 4143 2906 4197 ἑαυτόν·
3015 4144 3306 4200 ἀκόλουθόν
3337 4147 3483 4200 ἐστιν
3507 4187 3522 4213 ,
3562 4147 3683 4202 ὅτ..

2098 4238 2146 4290 εί
2196 4237 2289 4290 καὶ
2320 4236 2474 4309 ἐδέθη
2501 4277 2515 4302 ,
2556 4237 2699 4291 ἑκὼν
2738 4238 2894 4310 ἐδέθη
2919 4256 2932 4269 ·
2971 4238 3240 4292 διδάσκων
3291 4239 3368 4311 μὴ
3417 4239 3684 4302 ἀκουσίως

2096 4327 2242 4397 ἡμᾶς
2267 4328 2405 4398 ὑπὲρ
2439 4329 2720 4393 εὐσεϐείας
2747 4329 2918 4383 ταῦτα
2950 4328 3380 4400 ἀναλαμϐάνειν.

483 4512 574 4568 12.
611 4511 737 4568 Haec
775 4513 940 4569 etiam
992 4525 1222 4583 prorsus
1253 4511 1485 4582 puerilia
1518 4489 1653 4566 mihi
1681 4512 1936 4568 videntur
1969 4530 1981 4566 :

2165 4505 2510 4578 Παιδαριώδη
2567 4505 2626 4559 δέ
2691 4523 2778 4577 μοι
2811 4505 2958 4559 δοκεῖ
3011 4506 3101 4560 καὶ
3171 4508 3242 4561 τὰ
3299 4507 3539 4574 τοιαῦτα,
3587 4507 3680 4562 ὅτι

415 4619 434 4651 ι
461 4600 644 4659 Bonus
691 4603 1013 4672 imperator,
1058 4602 1258 4675 inquit,
1299 4611 1355 4658 et
1408 4602 1702 4658 multorum
1751 4603 1984 4658 millium

411 4692 520 4748 dux
552 4708 828 4763 nunquam
859 4693 1109 4765 proditus
1145 4700 1264 4759 est;
1301 4707 1370 4748 ne
1396 4692 1736 4750 facinorosus
1766 4695 1984 4764 quidem

409 4787 687 4841 latronum
718 4784 992 4855 princeps,
1021 4792 1076 4840 et
1106 4785 1498 4855 perditissimis
1539 4785 1853 4842 hominibus
1882 4785 1986 4840 im-

405 4892 627 4950 perans,
673 4879 787 4932 suis
833 4879 996 4934 modo
1029 4878 1308 4934 videretur
1348 4877 1522 4932 utilis.
1552 4876 1714 4933 Jesus
1746 4892 1877 4933 vero
1916 4879 1984 4934 ab

407 4975 478 5030 iis
526 4973 799 5044 proditus,
830 4972 924 5043 qui
979 4973 1082 5043 ipsi
1131 4973 1335 5029 subditi
1374 4981 1572 5042 erant,
1625 4987 1726 5028 nec
1777 4974 1978 5028 bonum

406 5064 790 5133 imperatorem
831 5056 963 5133 égit,
995 5080 1098 5121 nec
1134 5079 1234 5120 sua
1290 5063 1594 5118 calliditate
1623 5061 1866 5139 deceptis
1897 5063 1979 5116 di-

406 5154 632 5225 scipulis
672 5154 757 5210 vel
804 5169 923 5210 eam
980 5169 1108 5226 erga
1169 5171 1228 5211 se
1270 5155 1468 5210 indidit
1511 5153 1977 5219 benevolentiam,

405 5241 618 5310 qualem
653 5255 780 5312 erga
817 5257 997 5308 suum,
1024 5251 1086 5297 ut
1120 5243 1192 5298 ita
1232 5243 1434 5310 dicam,
1465 5243 1766 5314 principem
1811 5243 1978 5298 latro.

401 5349 502 5390 nes
541 5334 831 5401 exhibent;
865 5353 884 5388 ι
921 5350 1046 5390 nam
1096 5349 1204 5388 non
1253 5335 1452 5390 desunt
1481 5336 1744 5391 historica
1776 5349 1973 5390 monu-

467 5453 512 5486 ”
550 5452 710 5508 Joan.
740 5469 817 5508 xu
844 5494 860 5519 ,
907 5455 960 5511 6.
1079 5453 1126 5485 ’°
1155 5452 1346 5508 Matth.
1405 5470 1583 5523 xxvu,
1623 5456 1677 5511 4.

402 5613 413 5621 .
474 5539 587 5612 (89)
622 5542 736 5624 Duo
764 5541 919 5624 codd.
945 5539 1254 5613 Anglicani,
1281 5541 1418 5613 ἔχει,
1448 5545 1632 5613 sicque
1664 5542 1798 5600 libb.
1845 5544 1974 5598 editi

401 5619 454 5666 in
499 5619 782 5683 margine.l

441 5684 585 5756 _(9ll)
611 5681 789 5756 Codex
823 5681 1041 5756 Regius,
1068 5681 1412 5756 άπεχώρισεν
1447 5685 1638 5740 ἑαυτὸν
1678 5682 1838 5756 χοροῦ
1878 5682 1978 5756 διὰ

400 5753 820 5839 τὴνὰμαρτίαν·
847 5755 926 5817 είς
946 5753 1001 5806 δὲ
1021 5753 1130 5839 τόν,
1155 5753 1316 5839 Paul-0
1340 5765 1458 5839 ppst
1478 5756 1584 5837 duo
1607 5753 1979 5839 Anglicaninet

405 5838 594 5881 recens
629 5824 939 5890 Vaticanus,
971 5827 1151 5894 χεῖρον
1184 5824 1217 5894 ἢ
1259 5824 1448 5892 Ἰούδα,
1477 5826 1663 5895 sicque
1689 5825 1810 5881 libri
1846 5826 1976 5880 editi

1757 5457 1800 5489 ²⁷
1837 5454 1983 5509 Psal.
2011 5470 2162 5519 cvm,
2194 5454 2244 5508 l.

2081 5542 2134 5594 in
2182 5539 2444 5609 margine.
2491 5541 2660 5594 Codd.
2716 5539 2937 5608 Regius,
3007 5539 3334 5605 Basilecnsis
3401 5551 3454 5597 et
3495 5546 3660 5609 vctps

2097 4615 2117 4648 ς
2140 4597 2450 4668 Στρατηγὸς
2487 4595 2585 4668 μὲν
2617 4596 2821 4666 ἀγαθὸς
2849 4596 2945 4650 καὶ
2985 4596 3198 4650 πολλῶν
3235 4601 3510 4670 μυριάδων
3532 4601 3679 4670 ἡγη.

2093 4688 2323 4760 σάμενος
2351 4687 2692 4742 οὐδεπώποτε
2740 4686 3008 4759 προύδόθη
3032 4704 3045 4718 ·
3081 4687 3194 4741 ἀλλ’
3223 4691 3346 4743 οὐδὲ
3374 4690 3674 4762 λῄσταρχος

2091 4780 2324 4854 πονηρὸς
2371 4782 2466 4835 καὶ
2529 4781 2903 4853 παμπονήρων
2959 4779 3163 4852 ἄρχων,
3222 4782 3494 4855 ὠφέλιμος
3550 4783 3670 4843 τοῖς

2090 4874 2338 4928 συνοῦσιν
2379 4871 2517 4928 εἶναι
2555 4874 2726 4927 δοκῶν
2752 4889 2766 4904 ·
2804 4873 2967 4938 αὐτὸς
3006 4874 3081 4939 δὲ,
3114 4876 3396 4946 προδοθεὶς
3426 4876 3524 4929 ὑπὸ
3547 4873 3662 4927 τῶν

2088 4967 2178 5019 ὑπ’
2218 4964 2385 5036 αὐτῷ,
2426 4963 2548 5018 οῦτε
2595 4964 2672 5028 ὡς
2712 4964 3014 5035 στρατηγὸς
3051 4959 3217 5036 ἦρξεν
3263 4965 3495 5034 ἀγαθὸς,
3544 4961 3661 5016 οὔτ’

2086 5059 2376 5129 ἀπατήσας
2409 5057 2536 5120 τοὺς
2578 5057 2824 5127 μαθητὰς
2866 5057 3003 5128 (91),
3037 5057 3140 5111 κᾶν
3172 5057 3271 5129 τὴν
3301 5059 3377 5122 ὡς
3398 5057 3537 5129 ,πρὸς
3567 5053 3668 5126 λῄ-

2087 5168 2318 5222 σταρχον
2353 5150 2440 5221 (ἵν’
2466 5149 2639 5213 οὕτως
2675 5149 2969 5221 ὀνομάσω),
2996 5149 3210 5204 εῦνοιαν
3245 5151 3520 5221 ἐνεποίησε
3545 5152 3668 5210 τοῖς

2085 5240 2442 5311 ἀπατηθεῖσι·
2477 5259 2495 5291 ι
2545 5239 2744 5304 πολλὰς
2802 5240 2911 5312 γὰρ
2960 5241 3026 5296 ἄν
3083 5259 3170 5306 τις
3211 5243 3364 5315 εὖροι
3420 5241 3664 5313 ἱστορίας

2085 5333 2213 5403 περὶ
2253 5330 2576 5402 στρατηγῶν
2618 5330 2985 5401 προδοθέντων
3033 5331 3138 5386 ὑπὸ
3172 5333 3283 5386 τῶν
3316 5332 3523 5386 οἰκείων
3554 5329 3664 5382 καὶ

2323 5451 2370 5483 ’⁸
2402 5451 2566 5518 lbid.,
2597 5453 2650 5507 8.

2085 5602 2670 5683 νῃίὶριιηῖιξηχείρονος
2698 5612 2731 5682 ἢ
2778 5602 2962 5664 Ἰούδα.
2991 5602 3258 5683 Julianus,
3296 5615 3471 5683 χεῖρον
3506 5602 3660 5681 ἢὼς

2092 5680 2307 5752 Ἰούδας.
2351 5679 2668 5752 ιιίὺῡζθιιίιί
2695 5679 2754 5752 in
2784 5690 2955 5752 textu,
2983 5681 3243 5752 χειρόνως
3287 5679 3470 5736 Ἰούδα.

2155 5751 2284 5821 (91),
2311 5749 2457 5821 Τοὺς
2473 5749 2760 5818 μαθητάς.
2796 5750 2920 5806 Haec
2941 5815 2949 5821 .
2970 5746 3166 5805 desunt
3199 5768 3252 5806 In
3301 5753 3446 5807 libris
3472 5746 3647 5805 editis

2080 5830 2135 5876 et
2165 5815 2359 5876 codice
2391 5815 2629 5889 loliario,
2663 5815 2755 5878 sed
2788 5823 2837 5876 in
2879 5815 2998 5877 aliis
3041 5836 3174 5878 mss.
3209 5825 3553 5894 reperiuntur.
