3902 6414
502 421 610 476 825

1949 413 2271 476 ORIGENIS

3644 410 3736 466 8‘24

505 540 692 586 tentur
735 531 923 589 sedulo
968 533 1133 605 400
1181 533 1564 604 cogitaverim,
1620 542 1737 589 tum
1784 534 2070 590 credemus

2188 532 2369 587 ςκαλία
2387 529 2460 601 (6)
2488 530 2596 584 τῶν
2629 518 2799 597 λόγων
2831 527 2924 581 τοῦ
2952 525 3151 597 Ἰησοῦ,
3185 525 3260 588 ὡς
3292 523 3596 596 φροντίζειν
3627 522 3736 586 τοὺς

503 637 702 694 magna
736 623 882 678 illum
919 640 949 678 a
983 624 1093 681 Deo
1124 627 1246 681 data
1277 636 1545 697 potestate
1591 626 1752 682 talem
1804 627 1857 682 in
1903 629 2076 682 homi-

504 731 636 768 num
662 730 836 784 genus
869 716 1173 772 doctrinam
1215 718 1501 781 invexisse,
1543 717 1764 787 haacqne
1800 732 1906 776 non
1937 733 2075 787 pra:-

504 807 804 872 nuntiasse,
831 807 934 862 nisi
983 809 1112 876 quia
1148 809 1626 878 persuasissimum
1657 808 1908 863 habuerit
1943 810 2076 864 nihil

503 912 616 954 sua:
641 899 900 955 doctrinm
942 903 1352 958 adversaturum
1381 903 1524 972 quod
1571 917 1677 957 non
1712 901 1871 957 facile
1905 917 2066 974 supe-

503 996 671 1043 raret.
705 989 904 1059 Ecquis
950 992 1115 1046 etiam
1147 993 1327 1048 animo
1376 994 1587 1064 ﬁngens
1636 991 1803 1048 fuisse
1847 1007 1906 1048 se
1952 1009 2074 1048 cum

502 1079 754 1137 Christus
784 1083 1118 1152 loqueretur,
1147 1101 1250 1141 non
1280 1085 1639 1141 admirabitur
1670 1085 1813 1139 istud
1842 1104 1855 1139 :
1893 1103 1912 1136 ι
1942 1085 2080 1140 Prae-

503 1171 776 1227 dicabitur
808 1173 1159 1245 Evangelium
1193 1176 1337 1232 istud
1362 1176 1414 1230 in
1449 1185 1563 1231 toto
1591 1177 1812 1241 mundo,
1848 1176 1901 1230 in
1929 1176 2078 1231 testi—
2135 1235 2140 1240 ,

503 1262 747 1317 monium
797 1263 909 1318 illis
935 1275 989 1319 et
1025 1265 1282 1335 gentibus
1314 1267 1391 1331 ³¹;
1427 1284 1447 1317 ι
1483 1265 1529 1320 si
1567 1266 1725 1320 modo
1760 1280 1945 1320 secum
1990 1282 2080 1321 re-

503 1355 706 1423 cogitet
729 1354 854 1411 Jesu
884 1356 1087 1411 Christi
1114 1356 1489 1427 Evangelium,
1513 1366 1570 1410 ut
1590 1360 1704 1425 ipse
1729 1357 2075 1427 praedixerat,

503 1445 759 1500 onmihus
788 1444 1017 1512 Grmcis,
1051 1447 1324 1514 barbaris,
1363 1447 1699 1516 sapientibus
1727 1457 1780 1503 et
1821 1446 2079 1517 insipien-

505 1537 652 1593 tibus
687 1538 887 1608 ubique
928 1549 1194 1594 terrarum
1229 1538 1397 1593 fuisse
1421 1539 1814 1608 praedicatum?
1849 1539 2076 1596 Omnem

505 1630 650 1683 enim
687 1629 979 1684 humanam
1016 1641 1262 1685 naturam
1304 1631 1514 1702 subegit
1549 1632 1653 1688 sibi
1699 1633 1920 1687 verbum
1957 1648 2078 1688 cunt

502 1720 705 1775 virtute
735 1722 1108 1790 praedicatum,
1143 1738 1241 1778 nec
1276 1723 1442 1778 ullum
1471 1724 1656 1778 videre
1691 1734 1774 1778 est
1803 1724 2078 1779 hominum

504 1828 677 1881 genus
711 1815 854 1882 quod
887 1813 1015 1869 Iesu
1042 1815 1345 1870 doctrinam
1385 1817 1677 1872 admittere
1717 1819 2076 1873 recusaverit.

503 1903 778 1961 Prazterea
810 1907 1007 1976 cogitet
1036 1905 1182 1962 Celsi
1213 1907 1431 1964 Judaeus
1457 1908 1545 1964 ille
1575 1910 1666 1980 qui
1712 1919 1870 1979 negat
1895 1909 2075 1966 Jesum

505 1997 826 2065 praevidisse
869 2014 993 2067 qua:
1039 1999 1141 2054 sibi
1190 2010 1450 2054 eventura
1503 2009 1707 2068 essent,
1761 2017 1868 2072 quo
1921 2012 2080 2072 pacto

504 2087 689 2155 Jesus,
718 2091 843 2144 dum
889 2091 1069 2146 adhuc
1112 2089 1418 2146 Jerusalem
1455 2102 1628 2148 staret
1670 2101 1724 2148 et
1759 2102 1903 2149 totus
1953 2095 2084 2148 reli-

507 2181 686 2251 gionis
709 2179 946 2236 Judaicm
979 2182 1159 2236 cultus
1188 2182 1240 2236 in
1289 2197 1352 2236 ea
1393 2183 1736 2249 consisteret,
1769 2184 2082 2253 praedixerit

507 2287 629 2340 quae
664 2271 738 2325 illi
776 2272 895 2326 urbi
940 2287 970 2325 a
1030 2272 1294 2328 Romanis
1339 2273 1480 2326 mala
1527 2273 1916 2342 impenderent.
1971 2273 2083 2330 Nec

508 2363 654 2416 enim
694 2363 796 2416 dici
844 2372 1023 2432 potest
1051 2363 1180 2419 Jesu
1230 2363 1526 2418 familiares
1571 2373 1626 2418 et
1657 2365 1934 2419 auditores
1963 2365 2082 2420 sine

508 2452 728 2523 scriptis
757 2453 1056 2508 doctrinam
1087 2455 1139 2507 in
1181 2453 1494 2523 Evangeliis
1531 2453 1862 2524 descriptam
1908 2455 2082 2509 tradi-

507 2543 676 2608 disse,
714 2553 768 2600 et
799 2544 934 2598 nihil
969 2545 1277 2599 litterarum
1308 2545 1424 2600 suis
1453 2544 1738 2614 discipulis
1772 2545 2079 2615 reliquisse,

508 2636 654 2692 unde
682 2651 767 2693 res
793 2638 862 2692 ab
894 2636 985 2691 illo
1014 2645 1196 2708 gestas
1227 2636 1522 2694 discerent.
1557 2637 1723 2706 Atqui
1771 2638 1824 2692 in
1858 2638 1924 2693 iis
1948 2639 2082 2693 scri-

509 2730 620 2800 ptis
666 2729 770 2786 boc
818 2729 1060 2800 legitur:
1099 2751 1115 2783 ι
1155 2730 1290 2785 Cum
1352 2731 1598 2786 videritis
1633 2731 1961 2785 circumdari
2013 2733 2080 2784 ab

509 2822 752 2878 exercitu
806 2819 1144 2884 Jerusalem,
1199 2821 1394 2876 scitote
1442 2823 1569 2889 quia
1626 2823 2081 2892 appropinquavit

509 2913 776 2968 desolatio
819 2913 937 2983 ejus
963 2913 1030 2966 ⁸².
1072 2930 1090 2963 ι
1129 2910 1280 2966 Tunc
1327 2912 1506 2966 nullus
1536 2913 1816 2967 exercitus
1857 2911 2082 2968 Jerusa-

510 3005 616 3058 lem
658 3003 1049 3068 circumdabat,
1103 3002 1570 3069 circumvallabat,
1612 3004 1916 3062 obsidebat.
1972 3006 2084 3061 lloc

509 3097 656 3153 enim
688 3097 803 3150 lieri
851 3104 1089 3164 ereptum
1131 3097 1232 3150 sub
1267 3095 1481 3152 Nerone
1513 3099 1726 3152 duravit
1758 3100 1825 3152 ad
1877 3099 2082 3169 Vespa-

511 3187 651 3243 siani
701 3196 964 3256 tempora,
1013 3186 1166 3254 cujus
1214 3186 1530 3255 Vespasiani
1578 3188 1719 3243 [ilius
1765 3191 1924 3244 Titus
1969 3191 2152 3277 soloc

511 3279 746 3348 zequavit
785 3277 1107 3334 Jerusalem.
1139 3277 1291 3344 Quod
1320 3279 1538 3347 quidem
1585 3289 1776 3335 narrat
1815 3281 2080 3352 Josepltus

511 3369 776 3424 accidisse
826 3378 1047 3438 propter
1092 3367 1351 3424 Iacobum
1394 3367 1632 3437 Justum,
1679 3371 1902 3432 fratrem
1951 3373 2080 3429 Jesu

511 3459 607 3528 qui
635 3459 917 3513 dicebatur
949 3458 1236 3526 Christus;
1268 3468 1326 3514 ut
1351 3470 1534 3515 autem
1565 3462 1768 3517 veritas
1811 3464 1924 3532 ipsa
1971 3465 2084 3519 cla-

512 3559 651 3614 mat,
685 3558 906 3620 propter
931 3547 1113 3605 Jesum
1147 3550 1295 3607 illum
1329 3549 1636 3620 Christum,
1669 3555 1760 3623 qui
1792 3554 1885 3610 Dei
1914 3554 2085 3610 Filius

510 3649 615 3697 851.

581 3883 671 3939 14.
711 3882 982 3939 Caeterum
1034 3891 1246 3953 poterat
1295 3882 1503 3951 Celsus,
1549 3884 1764 3940 etiamsi
1821 3885 2088 3942 fateretur

513 3984 609 4029 aut
636 3975 831 4030 saltem
861 3977 1018 4031 daret
1053 3977 1283 4046 praevisa
1315 3977 1484 4032 fuisse
1507 3992 1537 4031 a
1575 3974 1794 4034 Christo
1842 3967 1959 4048 qius
1985 3981 2087 4038 sibi

511 4075 780 4122 eventura
827 4076 1034 4132 essent,
1065 4067 1230 4138 hujus
1266 4068 1342 4122 rei
1389 4078 1762 4138 contemptum
1803 4072 2084 4141 simulare,

514 4165 573 4212 ut
607 4175 739 4229 erga
785 4158 1049 4214 miracula
1081 4159 1307 4225 fecerat,
1351 4174 1532 4216 meras
1561 4162 1876 4233 'prmstigias
1922 4164 2089 4221 fuisse

510 4259 804 4316 causatus;
841 4259 1059 4320 poterat
1093 4252 1272 4307 dicere
1307 4252 1506 4306 multos
1551 4250 1740 4317 fuisse,
1774 4254 1868 4322 qui
1904 4265 1996 4310 aut
2020 4272 2086 4312 ex

511 4342 772 4412 auspiciis
820 4352 914 4398 aut
969 4357 1037 4398 ex
1081 4345 1348 4413 auguriis,
1395 4352 1491 4398 aut
1533 4343 1887 4412 inspiciendis
1921 4349 2085 4412 extis,

510 4445 607 4486 aut
672 4435 1017 4488 observando
1075 4432 1241 4488 natali
1300 4435 1386 4490 die
1446 4434 1756 4490 divinarent
1801 4437 1929 4506 quid
1983 4439 2085 4492 sibi

507 4536 833 4578 eventurum
866 4535 1035 4580 esset.
1077 4526 1146 4579 At
1179 4525 1350 4580 noluit
1384 4525 1526 4580 istud
1553 4526 1870 4592 concedere,
1903 4539 1960 4582 ut
1989 4528 2086 4583 mi-

510 4616 714 4671 raculis
750 4615 947 4682 majus,
992 4632 1111 4686 qum
1141 4631 1169 4669 a
1199 4615 1418 4674 Christo
1446 4616 1794 4678 factafuisse
1822 4621 2087 4690 quodam-

507 4707 672 4763 modo
695 4709 968 4773 concedit,
996 4708 1123 4763 licet
1148 4724 1210 4763 ea
1238 4710 1636 4778 praestigiarum
1664 4711 1885 4765 nomine
1909 4711 2090 4765 videa-

511 4808 604 4852 tur
633 4799 961 4878 obscurare.
998 4799 1386 4855 Verumtamen
1432 4800 1674 4870 Phlegon
1725 4801 1777 4854 in
1815 4817 1933 4868 xm,
1973 4813 2088 4870 aut,

589 4916 636 4950 ³¹
674 4917 1048 4986 Mattlt.3xxw,
1081 4920 1168 4975 14.
1247 4920 1292 4952 ³³
1331 4919 1464 4975 Luc.
1502 4936 1615 4985 ut,
1645 4919 1734 4975 20.

510 5005 607 5080 τοῦ
637 5006 772 5080 Θεοῦ
803 5008 940 5080 πρὸς
969 5010 1030 5060 τὸ
1064 5009 1500 5080 σπεῖραιντοῦτον
1532 5009 1624 5061 τὸν
1650 5009 1805 5077 λόγον
1832 5009 1910 5080 τῷ
1941 5011 2086 5077 γένει

513 5076 626 5156 τῶν
665 5076 989 5162 ανθρώπων,
1037 5081 1132 5131 καὶ
1191 5076 1509 5150 πειθόμενος
1554 5076 1848 5152 κρατήσειν
1881 5076 2085 5147 ἀύτὸν,

514 5163 688 5217 ταυτα
711 5164 863 5217 φησι.

587 5215 662 5286 (6)
703 5215 910 5284 xum;
939 5218 978 5285 ὴ
1016 5216 1393 5286 διδασκαλία.
1430 5217 1717 5275 Bolterello
1743 5218 2088 5275 scribendum

514 5285 755 5358 videtur,
792 5289 961 5358 συστῇ
987 5289 1021 5358 ἠ
1054 5285 1298 5358 ἀλήθεια.

573 5356 664 5479 .(b7)
707 5357 857 5411 Ὅτι.
896 5356 1053 5411 Deest
1088 5357 1144 5410 in
1183 5367 1344 5412 antea
1384 5357 1571 5426 editis,
1604 5361 1698 5414 sed
1731 5359 2001 5428 reperitur
2033 5359 2084 5412 in

573 5443 584 5479 Ι
630 5442 692 5479 US
730 5442 860 5479 mss.
1387 5442 1392 5448 ’

515 5437 692 5483 tribus
730 5442 860 5481 11188.
1387 5442 1392 5448 ’

585 5497 665 5566 (8)
704 5497 810 5550 Διὰ
851 5495 1128 5568 Ἰάκωϐον
1157 5497 1264 5551 τὸν
1291 5497 1542 5553 δίκαιον.
1587 5497 1720 5554 Vide
1769 5513 1888 5568 quae
1920 5513 2082 5568 supra

517 5567 901 5620 adnotavimus
935 5567 998 5619 ad
1028 5567 1120 5622 lib.
1154 5583 1194 5630 1,
1233 5583 1383 5622 num.
1415 5571 1505 5625 57.

587 5636 667 5705 (9)
711 5637 822 5690 Τὸν
861 5637 1018 5690 Υιόν.
1041 5637 1210 5692 Abest
1236 5654 1265 5692 a
1301 5639 1454 5694 libris
1483 5638 1661 5702 editis,
1692 5638 1785 5692 sed
1815 5637 2084 5707 reperitur

513 5707 569 5760 in
601 5708 787 5761 codice
820 5707 1007 5777 Regio,
1033 5716 1087 5758 et
1119 5708 1190 5760 ita
1225 5708 1353 5776 legit
1383 5708 1639 5763 Gelenius
1668 5711 1955 5775 interpres.

586 5778 698 5847 (10)
739 5777 998 5846 Φλέγων.
1037 5779 1172 5833 Vide
1214 5778 1376 5846 hujus
1428 5779 1548 5833 libri
1595 5795 1745 5832 num.
1785 5779 1855 5832 55
1889 5788 1944 5831 et
1989 5777 2080 5832 59.

516 5845 737 5903 Adriani
781 5845 1008 5905 libertus
1041 5859 1182 5917 erat,
1217 5845 1295 5904 et,
1318 5847 1616 5904 Chronicon
1655 5849 1901 5919 Scripsit,
1937 5849 2078 5918 quod

2175 624 2446 698 ἡγεμόνας
2495 623 2589 676 καὶ
2634 622 2760 690 τοὺς
2812 620 3047 692 βασιλεῖς
3100 620 3344 689 ἀναιρεῖν
3391 619 3522 680 τοὺς
3565 615 3738 685 ὁμολο-

2176 710 2406 777 γοῦντας
2436 710 2527 764 τὸν
2571 711 2773 781 Ἰησοῦν
2793 727 2807 740 ·
2840 710 2959 764 τότε
2991 706 3378 778 πιστεύσομεν,
3432 707 3518 758 ὅτι
3548 705 3641 776 (-7),
3672 705 3736 767 ὡς

2179 803 2422 874 μεγάλην
2454 802 2700 870 ἐξουσίαν
2723 801 2900 856 λαϐὼν
2934 802 3041 855 ἀπὸ
3060 799 3154 854 τοῦ
3181 799 3314 853 Θεοῦ
3348 799 3486 869 πρὸς
3515 797 3577 850 τὸ
3605 800 3738 850 σπεῖ-

2181 913 2268 967 ραι
2297 897 2486 950 τοῦτον
2525 897 2616 950 τὸν
2647 896 2801 964 λόγον
2839 894 2916 965 τῷ
2955 894 3104 964 γένει
3147 891 3255 945 τῶν
3299 889 3618 962 ἀνθρώπων,
3658 889 3737 942 καὶ

2179 987 2498 1056 πειθόμενος
2544 987 2836 1057 κρατήσειν
2881 983 3066 1046 αὑτὸν,
3096 981 3272 1034 ταῦτά
3303 997 3455 1051 φησι.
3493 979 3588 1042 Τίς
3614 978 3656 1030 δ’
3685 978 3735 1029 οὐ

2183 1077 2521 1148 θαυμάσεται
2571 1077 2876 1132 ἀναϐαίνων
2921 1074 2999 1145 τῷ
3051 1074 3192 1144 λόγῳ
3223 1075 3309 1124 ἐπ’
3369 1074 3573 1124 ἐκεῖνον
3617 1069 3740 1124 διδάκ-

2181 1187 2377 1224 σκοντα
2400 1170 2520 1222 τότε
2562 1169 2656 1223 καὶ
2687 1168 2930 1236 λέγοντα,
2972 1186 2989 1217 ι
3030 1163 3459 1236 Κηρυχθήσεται
3488 1161 3550 1214 τὸ
3582 1161 3741 1229 Εὐαγ-

2180 1262 2358 1330 γέλιον
2383 1261 2540 1314 τοῦτο
2571 1261 2628 1314 ὲν
2673 1260 2779 1330 ὅλῳ
2811 1259 2888 1330 τῷ
2915 1258 3103 1327 κόσμῳ
3131 1259 3210 1319 είς
3250 1254 3550 1331 μαρτύριον
3580 1255 3741 1316 αὐτοῖς

2181 1353 2276 1406 καὶ
2299 1355 2410 1417 τοῖς
2443 1353 2642 1417 ἔθνεσι,
2693 1371 2711 1402 ι
2750 1350 2843 1404 καὶ
2877 1349 3098 1419 θεωρῶν
3137 1346 3276 1400 κατὰ
3324 1347 3394 1400 τά
3434 1346 3528 1398 ὑπ’
3554 1345 3741 1398 ἐκείνου

2181 1445 2444 1516 εἰρημένα
2479 1444 2892 1515 κεκηρυγμένον
2921 1441 2980 1496 τὸ
3030 1439 3204 1511 Ἰησοῦ
3241 1437 3481 1511 Χριστοῦ
3523 1436 3744 1506 Εὐαγγέ-

2181 1537 2293 1590 λιον
2321 1539 2379 1590 ὲν
2411 1538 2477 1607 τῇ
2515 1535 2619 1588 ὑπὸ
2658 1535 2749 1589 τὸν
2787 1533 3013 1604 οὐρανὸν
3055 1533 3278 1602 Ἕλλησι
3316 1533 3410 1584 καὶ
3443 1530 3740 1601 βαρϐάροις,

2182 1631 2362 1696 σοφοῖς
2397 1629 2491 1681 καὶ
2527 1629 2807 1699 ἀνοήτοις;
2848 1627 3037 1679 Πᾶσαν
3067 1627 3174 1697 γὰρ
3207 1624 3370 1694 φύσιν
3400 1621 3742 1694 ἀνθρώπωνὸ

2185 1721 2322 1791 μετὰ
2355 1719 2636 1789 δυνάμεως
2679 1719 2933 1790 λαληθεὶς
2973 1717 3128 1786 λόγος
3165 1717 3507 1788 κεκράτηκε’
3544 1717 3634 1768 καὶ
3659 1717 3745 1770 οῦκ

2183 1807 2297 1861 ἔστι
2348 1826 2400 1860 τι
2456 1807 2611 1876 γένος
2642 1807 2772 1860 [δεῖν
2803 1805 3125 1877 ἀνθρώπων,
3170 1807 3198 1859 ὃ
3236 1806 3548 1873 ἐκπέφευγε
3594 1821 3747 1876 παρα-

2181 1898 2435 1965 δέξασθαι
2481 1898 2581 1970 τὴν
2648 1898 2822 1968 Ἰησοῦ
2872 1897 3237 1951 διδασκαλίαν.
3305 1898 3363 1950 '0
3404 1897 3462 1948 δὲ
3523 1897 3745 1950 ἀπιστῶν

2183 1991 2332 2062 παρὰ
2385 1990 2462 2062 τῷ
2514 1990 2706 2060 Κέλσῳ
2773 1990 3024 2052 Ἰουδαῖος
3076 1989 3205 2058 περὶ
3263 1987 3358 2042 τοῦ
3421 1989 3619 2059 Ἰησοῦ,
3675 1989 3745 2042 ὅτι

2183 2082 2363 2136 πάντα
2426 2081 2498 2135 τὰ
2542 2081 2829 2152 συμϐάντα
2874 2081 3022 2151 αὐτῷ
3066 2081 3309 2152 προῄδει,
3379 2081 3748 2152 κατανοησάτω

2182 2175 2306 2229 τίνα
2350 2174 2569 2246 τρόπον,
2605 2173 2686 2225 ἔτι
2736 2172 3077 2240 συνεστώσης
3117 2172 3211 2242 τῆς
3261 2172 3635 2243 Ἰερουσαλὴμ,
3668 2175 3747 2226 καὶ

2188 2266 2367 2334 πάσης
2409 2263 2507 2334 τῆς
2549 2263 2845 2333 Ἰουδαϊκῆς
2888 2262 3138 2334 λατρείας
3171 2262 3465 2331 γινομένης
3509 2263 3568 2314 ἐν
3607 2263 3746 2332 αὐτῇ,

2188 2360 2446 2429 προεῖπεν
2493 2354 2700 2426 Ἰησοῦς
2745 2355 2814 2408 τὰ
2867 2353 3254 2424 συμϐησόμενα
3291 2354 3432 2424 αὐτῇ
3485 2353 3590 2406 ὑπὸ
3631 2355 3746 2406 Ῥω-

2187 2449 2380 2520 μαίων.
2416 2447 2490 2502 Οὐ
2519 2446 2628 2517 γὰρ
2659 2445 2722 2518 δὴ
2751 2444 2877 2507 τοὺς
2910 2442 3073 2497 αὑτοῦ
3121 2442 3293 2513 Ἰησοῦ
3339 2445 3645 2515 γνωρίμους
3668 2443 3746 2496 καὶ

2185 2538 2460 2610 ἀκροατάς
2500 2539 2732 2608 φήσουσι
2760 2536 2930 2607 χωρὶς
2963 2534 3182 2606 γραφῆς
3219 2535 3321 2605 τὴν
3365 2535 3477 2587 τῶν
3521 2536 3746 2602 Εὐαγγέ-

2179 2630 2309 2684 λίων
2363 2626 2802 2699 παραδεδωκέναι
2859 2623 3203 2676 διδασκαλίαν
3227 2664 3241 2687 ,
3295 2623 3389 2676 καὶ
3439 2623 3738 2676 καταλιπεῖν

2181 2723 2308 2785 τοὺς
2335 2718 2580 2792 μαθητὰς
2608 2717 2775 2788 χωρὶς
2793 2717 2902 2769 τῶν
2938 2715 3064 2786 περὶ
3105 2714 3280 2784 Ἰησοῦ
3328 2714 3386 2766 ἐν
3430 2714 3735 2784 γράμμασιν

2187 2808 2614 2880 ὑπομνημάτων.
2651 2805 2960 2875 Γέγραπται
2994 2802 3056 2874 δὴ
3088 2805 3146 2856 ἐν
3193 2803 3382 2865 αὐτοῖς
3419 2803 3501 2864 τὸ,
3541 2822 3559 2854 ι
3601 2803 3749 2855 Ὅταν

2185 2901 2242 2953 δὲ
2275 2901 2422 2970 ἴδητε
2467 2893 2840 2965 κυκλουμένην
2882 2892 2986 2945 ὑπὸ
3020 2891 3393 2963 στρατοπέδων
3433 2891 3529 2962 τὴν
3569 2892 3747 2962 'lepou-

2187 2991 2388 3061 σαλὴμ,
2422 2987 2541 3040 τότε
2568 2985 2768 3054 γνῶτε,
2791 2986 2872 3037 ὅτι
2900 2985 3128 3055 ἤγγισεν
3156 2985 3189 3053 ἡ
3211 2983 3492 3053 ἐρήμωσις
3522 2983 3698 3051 αὐτῆς.
3724 3000 3744 3033 ι

2186 3082 2296 3133 Καὶ
2330 3077 2580 3149 οὐδαμῶς
2613 3079 2736 3131 τότε
2769 3072 2837 3147 ἦν
2871 3074 3208 3147 στρατόπεδα
3253 3074 3383 3146 περὶ
3434 3074 3532 3145 τὴν
3571 3076 3748 3146 Ἰερου-

2189 3170 2370 3241 σαλὴμ
2395 3167 2700 3223 κυκλοῦντα
2727 3167 2918 3236 αὐτὴν,
2949 3165 3042 3218 καὶ
3072 3164 3396 3235 περιέχοντα
3427 3165 3520 3218 καὶ
3547 3165 3747 3236 πολιορ-

2186 3261 2401 3316 κοῦντα.
2439 3260 2608 3313 Τοῦτο
2645 3258 2755 3330 γὰρ
2786 3257 2988 3328 ἤρξατο
3033 3257 3131 3327 μὲν
3182 3255 3264 3308 ἔτι
3310 3256 3566 3327 Νέρωνος
3609 3255 3747 3327 βασι-

2184 3353 2452 3416 λεύοντος,
2487 3351 2772 3422 παρέτεινε
2819 3349 2876 3401 δὲ
2921 3348 3024 3410 ἕως
3063 3347 3161 3416 τῆς
3198 3346 3604 3400 Οὐεσπασιανοῦ
3631 3350 3747 3418 ἠγε-

2191 3445 2401 3515 μονίας,
2435 3438 2496 3497 οῦ
2550 3445 2578 3496 ὁ
2619 3441 2734 3504 υἱὸς
2777 3440 2935 3502 Τίτος
2985 3439 3202 3493 καθεῖλε
3233 3438 3333 3509 τὴν
3374 3440 3747 3510 Ἰερουσαλήμ·

2189 3536 2266 3599 ὡς
2313 3535 2411 3606 μὲν
2450 3532 2711 3603 Ἰώσηπος
2747 3531 2970 3602 γράφει,
3013 3530 3101 3583 διὰ
3144 3530 3400 3584 Ἰάκωϐον
3431 3531 3522 3584 τὸν
3561 3531 3748 3582 δίκαιον

2192 3625 2290 3697 (8),
2321 3624 2412 3678 τὸν
2442 3623 2668 3692 ἀδελφὸν
2715 3619 2893 3691 Ἰησοῦ
2928 3619 3021 3672 τοῦ
3060 3619 3356 3691 λεγομένου
3391 3621 3638 3691 Χριστοῦ,
3679 3618 3746 3681 ὼς

2189 3719 2300 3788 δὲή
2334 3715 2556 3787 ἀλήθεια
2584 3713 2903 3785 παρίστησι,
2936 3710 3022 3763 διὰ
3066 3709 3272 3780 Ἰησοῦν
3303 3711 3396 3763 τὸν
3424 3711 3645 3782 Χριστὸν
3667 3708 3748 3761 τὸν

2190 3808 2318 3862 Υίδν
2354 3807 2429 3876 (9)
2463 3803 2557 3860 τοῦ
2591 3803 2748 3858 Θεοῦ.
3437 3824 3440 3827 ·

2271 3897 2523 3950 Ἐδύνατο
2578 3895 2778 3967 μέντοι,
2828 3891 3272 3966 παραδεξάμενος
3316 3889 3350 3961 ἢ
3412 3891 3748 3961 συγχωρήσας

2189 3991 2219 4043 ὁ
2252 3989 2460 4051 Κέλσος
2517 3987 2578 4041 τὸ
2636 3985 3040 4058 προεγνωκέναι
3091 3983 3255 4036 αὐτὸν
3288 3982 3358 4036 τὰ
3385 3981 3750 4054 συμϐησόμενα

2194 4079 2364 4150 αὐτῷ,
2395 4077 2747 4143 ἐξευτελίζειν
2779 4077 2878 4148 μὲν
2895 4075 3052 4128 τοῦτο
3076 4075 3254 4127 δοκεῖν
3274 4093 3287 4104 ·
3311 4076 3448 4146 ὅπερ
3467 4073 3748 4142 πεποίηκεν

2201 4170 2424 4225 ἐπὶτῶν
2443 4171 2744 4241 δυνάμεων,
2779 4168 3001 4239 γοητείᾳ
3024 4167 3248 4235 φάσκων
3269 4167 3439 4229 αὐτὰς
3454 4163 3714 4233 γεγονέναι
3735 4177 3749 4191 ·

2194 4263 2286 4315 καὶ
2319 4261 2538 4315 ἐδύνατό
2563 4278 2626 4328 γε
2647 4261 2845 4328 λέγειν,
2880 4260 2962 4312 ὅτι
2983 4257 3168 4310 πολλοὶ
3200 4257 3310 4311 ἀπὸ
3345 4255 3620 4328 μαντειῶν,
3646 4252 3751 4305 τῶν

2193 4355 2252 4406 ἐν
2298 4351 2594 4421 οἱωνοῐς,ῆ
2645 4351 2871 4423 ὄρνισιν,
2913 4353 2946 4423 ἢ
2987 4351 3200 4420 θυτικῇ,
3255 4350 3288 4419 ἢ
3340 4345 3747 4418 γενεθλιαλογίᾳ,

2193 4443 2436 4512 ἔγνωσαν
2465 4443 2532 4496 τὰ
2560 4443 2981 4515 ἁπαντησόμενα
3031 4444 3231 4506 αὐτοῖς.
3279 4442 3436 4494 Ἀλλὰ
3469 4439 3613 4494 τοῦτο
3654 4437 3750 4506 μὲν

2193 4535 2292 4587 οὐκ
2324 4533 2556 4605 ἠθέλησε
2589 4534 2960 4605 συγχωρῆσαι,
2994 4534 3069 4598 ὡς
3101 4533 3310 4605 μεῖζον,
3340 4532 3402 4583 τὸ
3431 4530 3486 4583 δὲ
3526 4527 3618 4589 τὰς
3658 4525 3748 4577 δυ-

2192 4625 2383 4697 νάμεις
2416 4625 2772 4696 πεποιηκέναι
2818 4624 3260 4697 παραδεξάμενός
3298 4640 3434 4686 πως,
3460 4621 3598 4673 δοκεῖ
3621 4614 3752 4668 αὐτὸ

2193 4717 2462 4789 προφάσει
2486 4717 2740 4788 γοητείας
2768 4715 3199 4787 διαϐεϐληκέναι.
3244 4714 3459 4780 Φλέγων
3488 4708 3592 4782 (l0)
3622 4704 3748 4776 μένε

2192 4825 2273 4862 τοι
2305 4811 2362 4862 ὲν
2385 4808 2816 4881 τρισκαιδεκάτῳ
2856 4808 2890 4879 ἢ
2941 4806 3510 4878 τεσσαρεσκαιδεκάτῳ
3540 4797 3748 4874 (οἶμαι),

2192 5011 2482 5066 constabat
2513 5027 2576 5065 ex
2629 5011 2781 5065 libris
2822 5011 3112 5070 sexdecim.
3146 5009 3431 5065 continens
3459 5021 3537 5060 res
3574 5009 3752 5073 gestas

2193 5096 2388 5153 ccxxtx
2417 5080 2828 5153 Olympiadum;
2858 5077 3491 5153 quarum_ultima‘desiit_
3509 5077 3554 5128 in
3585 5087 3749 5153 quar-

2195 5162 2306 5204 tum
2338 5145 2593 5205 Antonini
2623 5150 2702 5204 Pii
2732 5145 2954 5204 annuin.
2989 5150 3254 5219 Scaliger,
3313 5150 3364 5202 in
3396 5145 3743 5219 Animadvq‘s.

2194 5219 2417 5281 Euseb.,
2438 5223 2721 5290 atlannum
2759 5235 2995 5290 anxur;
3027 5212 3276 5290 vossius,
3311 5219 3400 5272 lib.
3423 5231 3492 5290 ll,_
3513 5229 3623 5290 cap.
3655 5212 3745 5290 ll.

2193 5291 2268 5344 De
2301 5289 2568 5344 historicis
2596 5289 2830 5352 Gra’cis;
2862 5289 3053 5344 Suidas
3083 5289 3136 5342 in
3171 5289 3428 5358 Φλέγων,
3462 5285 3748 5358 Salmasius

2196 5361 2248 5412 in
2299 5349 2938 5431 SpartiqpumrPhotius
2988 5349 3453 5431 tmemateAicru.
3501 5353 3574 5431 Er
3620 5349 3747 5402 Ste-

2195 5431 2469 5500 phano_,in
2497 5429 2794 5500 Ταραχίνη,
2826 5438 3039 5483 constat
3065 5428 3408 5500 quale‘fu_eri_t
3433 5428 3744 5500 praecipuum

2191 5493 2308 5563 ejus
2343 5493 2719 5552 Chronicordnt
2760 5493 3138 5563 argumentum
3166 5515 3180 5563 ;
3224 5497 3309 5566 ἐφ’
3341 5493 3573 5560 οῗςτοὺς
3609 5493 3748 5556 μάν-

2189 5585 2304 5640 τεις
2335 5569 2774 5640 προσαγορεῦσαι
2817 5568 3066 5640 ὄλεθρον·
3119 5582 3241 5621 nam
3289 5568 3388 5620 sub
3417 5570 3749 5640 numquam!“

2191 5634 2831 5706 Olymp‘iade'recensuit
2873 5634 3054 5692 omnia
3117 5653 3238 5704 qua:
3291 5634 3546 5706 contigere
3611 5638 3748 5706 ρξοῖ

2191 5693 2367 5776 milia;
2397 5724 2502 5775 (tua
2537 5709 2603 5763 de
2635 5693 2798 5763 causa
2828 5693 3246 5776 reprehenditur
3271 5722 3299 5760 a
3333 5693 3528 5776 Ριιοῖὶο.
3557 5717 3573 5748 ι
3604 5693 3746 5776 “Sed

2193 5766 2298 5830 no'n
2331 5766 2547 5846 penitus
2598 5781 2828 5848 probare
2863 5766 3079 5847 possum
3113 5776 3256 5848 quod
3299 5775 3433 5848 idem
3461 5766 3748 5838 reprehen-

2191 5847 2289 5912 dit,
2325 5843 2540 5904 anxiatu
2595 5843 2743 5904 illam
2783 5843 2971 5905 curam
3017 5849 3072 5904 in
3108 5843 3502 5915 Olympiadibus
3542 5848 3743 5892 recen-
