4002 6600
314 448 422 504 sas

1533 457 1816 513 CONTRA
1854 455 2129 515 CELSUM
2167 460 2295 516 LIB.
2336 461 2400 518 11.

3481 475 3581 534 89.6

309 567 423 621 τῶν
455 567 778 636 Χρονικῶν,
816 570 910 624 καὶ
955 572 1052 642 τὴν
1089 571 1216 643 περί
1245 588 1406 627 τινων
1438 575 1742 644 μελλόντων
1770 579 1890 653 πρό-

2007 580 2058 632 ui
2109 578 2265 651 θοι
2319 579 2495 648 fallor,
2549 583 2601 636 in
2653 597 2743 638 xlv
2789 582 3198 655 Chronicorum,
3244 605 3581 662 rerumqua-

310 678 516 730 γνωσιν
563 661 730 716 ἔδωκε
775 663 854 735 τῷ
885 664 1126 737 Χριστῷ,
1173 666 1459 735 συγχυθεὶς
1501 671 1558 721 ὲν
1609 674 1722 734 τοῖς
1771 673 1900 742 περὶ

310 755 526 826 Πέτρου
557 755 633 819 ὡς
664 756 790 828 περὶ
835 756 929 809 τοῦ
983 757 1179 829 Ἰησοῦ·
1236 760 1330 812 καὶ
1377 760 1779 834 ἐμαρτύρησεν,
1818 765 1900 817 ὅτι

309 845 454 899 κατᾶ
483 846 552 900 τὰ
575 847 838 917 εἰρημένα
861 848 953 900 ὑπ’
982 847 1145 900 αὐτοῦ
1174 848 1244 901 τὰ
1283 849 1550 920 λεγόμενα
1595 852 1896 924 ἀπήντησε.

307 938 462 1009 Πλὴν
493 940 743 1004 κάκεῖνος
767 941 860 994 καὶ
889 939 976 993 διὰ
1005 940 1111 994 τῶν
1135 940 1275 994 κατά
1291 942 1388 1012 τὴν
1417 944 1723 1014 πρόγνωσιν
1752 945 1900 1000 ἄκων

306 1027 557 1099 ὡσπερεὶ
611 1030 672 1081 οὐ
729 1029 882 1084 κενὸν
939 1031 1050 1103 (ll)
1110 1031 1386 1104 θειοτέρας
1440 1034 1720 1107 δυνάμεως
1767 1040 1900 1092 ἀττε-

309 1121 522 1190 φήνατο
581 1117 717 1175 εἶναι
763 1123 854 1176 τὸν
899 1123 958 1176 ἐν
1008 1127 1123 1187 τοῖς
1173 1127 1412 1198 πατράσι
1455 1127 1564 1182 τῶν
1617 1129 1899 1202 δογμάτων

307 1212 489 1281 λόγον.

376 1303 520 1373 Φησὶ
558 1304 614 1356 δὲ
655 1307 682 1357 ὁ
717 1304 943 1369 Κέλσος,
969 1305 1092 1358 ὅτι(
1119 1307 1230 1360 Καὶ
1270 1308 1508 1380 μαθηταὶ
1557 1309 1649 1363 τοῦ
1701 1311 1896 1382 Ἰησοῦ,

305 1393 403 1445 ἐπὶ
434 1394 722 1465 πράγματι
745 1399 1028 1466 περιφανεῖ
1048 1398 1212 1467 μηδὲν
1236 1398 1451 1468 ἔχοντες
1466 1402 1896 1474 ἐπισκήψασθαι,

303 1484 469 1558 τοῦτο
501 1486 818 1556 ἐπενόησαν,
849 1487 908 1539 τὸ
929 1486 1104 1556 λέγειν
1136 1490 1298 1542 αὑτὸν
1337 1490 1515 1546 πάντα
1547 1495 1897 1566 προεγνωκέ-

302 1593 417 1629 ναι⁹
465 1596 484 1628 ι
527 1579 626 1630 οὐκ
675 1579 974 1649 ἐπιστήσας
1007 1581 1040 1650 ἦ
1075 1580 1134 1632 ού
1169 1579 1447 1651 βουληθεὶς
1484 1585 1774 1655 ἐπιστῆσαι
1819 1585 1897 1657 τῷ

301 1668 593 1739 φιλαλήθει
621 1668 728 1722 τῶν
772 1671 1096 1741 γραψάντων
1149 1675 1600 1746 ὁμολογησάντων
1633 1678 1728 1729 καὶ
1766 1695 1896 1750 προ-

299 1762 591 1832 ειρηκέναι
633 1762 722 1814 τὸν
773 1763 978 1834 Ἰησοῦν
1020 1768 1132 1829 τοῖς
1177 1766 1468 1838 μαθηταῖς,
1501 1768 1583 1820 ὅτι
1624 1787 1642 1818 ι
1691 1769 1896 1832 Πάντες

297 1854 471 1923 ἡμεῖς
499 1853 1024 1926 σκανδαλισθήσεσθε
1041 1859 1097 1908 ὲν
1115 1858 1237 1927 ἐμοὶ
1272 1859 1329 1911 ἐν
1366 1862 1431 1929 τῇ
1464 1861 1619 1912 νυκτὶ
1651 1860 1844 1931 ταύτῃ,
1871 1880 1887 1910 ι

2007 671 2251 725 rumdam
2303 671 2608 727 futurarum
2659 676 3059 743 prmscientiam
3110 678 3326 734 Christo
3367 682 3575 749 tribuit,

2000 762 2250 831 quamvis
2286 773 2434 820 erret
2465 764 2519 818 in
2553 766 2791 832 nomine,
2829 768 3046 823 Petrum
3097 784 3195 839 pro
3217 770 3342 828 Jesu
3391 776 3573 844 appel-

2003 854 2158 920 lans;
2213 863 2558 927 testaturque
2606 858 2876 914 accidisse
2906 877 3025 932 quae
3072 864 3436 934 prmdixerat:
3472 883 3576 937 qua

2003 963 2062 1002 re
2100 949 2296 1017 probat
2339 949 2427 1003 vel
2485 951 2685 1006 invitus
2724 968 3033 1008 sermonem
3061 971 3220 1024 quem
3271 958 3340 1011 ab
3384 973 3574 1015 aucto-

2004 1037 2152 1092 ribus
2187 1049 2391 1092 nostrze
2415 1040 2677 1097 doctrina:
2710 1044 3036 1112 accepimus,
3071 1060 3176 1101 non
3203 1044 3371 1103 fuisse
3395 1048 3575 1103 divina

2000 1131 2199 1185 virtute
2228 1146 2482 1188 vacuum.
3578 1152 3580 1155 ·

2074 1303 2160 1358 15.
2193 1305 2355 1359 Addit
2406 1304 2599 1361 Celsus
2653 1325 2672 1359 ι
2709 1308 3000 1378 discipulos
3048 1310 3202 1377 Iesu,
3257 1327 3380 1368 cum
3427 1313 3481 1368 in
3515 1331 3575 1372 re

2003 1397 2289 1452 manifesta
2313 1399 2658 1453 dissimulare
2690 1400 2823 1454 nihil
2856 1412 3096 1470 possent,
3125 1404 3175 1458 id
3209 1409 3570 1477 excogitasse,

2001 1498 2056 1540 ut
2079 1488 2321 1542 dicerent
2351 1489 2447 1558 ipsi
2483 1491 2808 1561 praecognita
2849 1493 3017 1548 fuisse
3041 1496 3244 1551 omnia.
3285 1515 3304 1548 ι
3339 1499 3410 1552 At
3444 1515 3574 1556 vero

2001 1593 2103 1632 non
2147 1580 2402 1646 advertit,
2449 1589 2544 1634 aut
2591 1582 2885 1638 advertere
2920 1585 3092 1638 noluit
3138 1587 3206 1640 ad
3241 1589 3572 1656 scriptorum

2000 1669 2214 1723 illorum
2241 1670 2637 1736 sinceritatem,
2663 1673 2754 1740 qui
2789 1673 3060 1730 fateantur
3085 1678 3214 1746 ipsis
3246 1694 3273 1732 a
3293 1677 3421 1734 Jesu
3447 1697 3576 1751 pra:-

1999 1760 2200 1814 dictum
2236 1759 2442 1815 fuisse:
2487 1779 2504 1812 ι
2551 1761 2756 1817 Omnes
2806 1778 2903 1819 vos
2949 1768 3465 1825 scandalizabimiui
3517 1772 3570 1826 iu

1999 1865 2084 1904 me
2116 1850 2170 1904 in
2213 1861 2369 1906 nocte
2395 1853 2494 1906 ista
2531 1852 2595 1916 ³³,
2644 1871 2663 1904 ι
2703 1869 2868 1921 seque
2908 1872 3096 1911 revera
3149 1859 3316 1915 fuisse
3343 1864 3574 1917 scanda-

298 1943 401 1994 καὶ
432 1941 813 2012 ἠληθευκέναι,
857 1945 1348 1999 σκανδαλισθέντων
1375 1947 1570 2001 αὐτῶν·
1607 1965 1890 2020 προπεφη-

1998 1941 2226 2008 lizatos;
2259 1946 2361 1997 hoc
2390 1945 2556 1996 etiam
2589 1946 2904 2012 pra-dictum
2943 1948 3111 2003 fuisse
3160 1950 3354 2005 Petro:
3391 1969 3410 2002 ι
3453 1955 3571 2007 An-

295 2034 560 2086 τενκέναι
585 2033 640 2085 δὲ
665 2034 756 2087 καὶ
780 2034 858 2105 τῷ
879 2035 1087 2106 Πέτρῳ,
1113 2037 1193 2089 ὅτι
1226 2056 1243 2086 ι
1283 2037 1394 2108 Πρὸ
1427 2037 1893 2108 ἀλεκτοροφωνίας

298 2123 520 2194 ἀρνήσῃ
555 2141 621 2193 με
649 2123 787 2194 τρες·
829 2144 847 2174 ι
887 2125 980 2177 καὶ
1009 2125 1088 2177 ὅτι
1126 2126 1330 2196 Πέτρος
1355 2127 1475 2197 τρὶς
1508 2128 1802 2198 ἠρνήσατο.
1831 2130 1893 2182 Εἰ

299 2215 416 2286 γὰρ
453 2215 528 2286 μὴ
574 2211 712 2286 ἦσαν
765 2216 1094 2287 φιλαλήθεις,
1150 2218 1266 2270 ἀλλ’
1301 2219 1397 2289 (ὡς
1437 2219 1607 2272 οἴεται
1640 2221 1890 2286 Κέλσος),

299 2307 602 2377 πλάσματα
631 2309 1057 2380 ἀναγράφοντες,
1099 2311 1198 2363 οὐκ
1227 2310 1292 2363 ἂν
1340 2312 1547 2384 Πέτρον
1576 2313 1893 2385 ἀνέγραψαν

298 2401 704 2470 ἀρνησάμενον,
736 2402 768 2472 ἢ
808 2403 934 2464 τοὺς
968 2401 1217 2473 μαθητὰς
1258 2403 1432 2474 Ἰησοῦ
1471 2404 1894 2476 σκανδαλιζομέ-

296 2509 452 2556 νους.
480 2492 573 2556 Τίς
602 2492 730 2565 γάρ,
755 2496 802 2547 εἰ
832 2495 925 2548 καὶ
941 2495 1131 2564 γέγονε
1161 2495 1352 2559 ταῦτα,
1381 2496 1572 2568 ἤλεγξε
1605 2497 1696 2550 τὸν
1715 2498 1888 2565 λόγον,

296 2583 383 2635 ὅτι
462 2583 636 2648 οὕτως
689 2587 1002 2656 ἁπήντησε;
1065 2587 1367 2655 Καίτοιγε,
1417 2588 1558 2641 κατὰ
1615 2589 1676 2641 τὸ
1725 2589 1888 2651 εἰκὸς,

296 2673 472 2743 ἐχρῆν
528 2675 899 2746 σεσιωπῆσθαι
951 2676 1123 2729 ταῦτα
1174 2676 1482 2748 ἀνθρώποις
1548 2677 1892 2748 βουλομένοις

296 2765 574 2818 διδάσκειν
624 2768 750 2830 τοὺς
801 2768 1225 2837 ἐντυγχάνοντας
1260 2769 1613 2836 Εὑαγγελίοις
1663 2769 1890 2823 θανάτου

295 2861 666 2927 καταφρονεῖν
699 2858 840 2930 ὑπὲρ
875 2859 972 2929 τῆς
1009 2859 1300 2930 ὁμολογίας
1329 2860 1421 2913 τοῦ
1440 2861 1888 2932 Χριστιανισμοῦ.

293 2947 439 2999 Νυνὶ
467 2945 535 3009 δ’,
569 2947 824 3016 ὁρῶντες,
855 2948 938 3000 ὅτι
971 2951 1000 3000 ὁ
1045 2949 1199 3016 λόγος
1229 2948 1454 3019 δυνάμει
1488 2951 1750 3020 κρατήσει
1783 2951 1891 3004 τῶν

293 3036 627 3107 ἀνθρώπων,
660 3036 862 3107 ἔθηκαν
888 3037 982 3090 καὶ⁹
1014 3037 1081 3090 τὰ
1106 3038 1348 3103 τοιαῦτα,
1377 3041 1478 3092 οὐκ
1525 3036 1618 3091 οἷδ’
1653 3039 1800 3102 ὃπως
1829 3040 1888 3092 ού

295 3124 574 3195 βλάψοντα
595 3127 722 3190 τοὺς
750 3127 1197 3198 ἐντυγχάνοντας,
1227 3128 1346 3181 οὐδὲ
1369 3129 1634 3200 πρόφασιν
1653 3128 1892 3184 δώσοντα

293 3218 606 3290 ἀρνήσεως.

391 3309 542 3361 Πάνυ
575 3308 620 3362 δ’
664 3309 872 3382 εὐήθως
923 3311 1075 3382 φησὶ,
1099 3330 1116 3362 ι
1140 3311 1278 3375 Τοὺς
1314 3311 1561 3383 μαθητὰς
1592 3314 1728 3384 πρὸς
1778 3332 1856 3368 πα
1885 3308 1938 3378 ζ

295 3401 553 3473 ραῖτησιν
603 3401 712 3454 τῶν
739 3401 880 3455 κατὰ
923 3402 1016 3456 τὸν
1057 3403 1266 3473 Ἰησοῦν
1294 3404 1731 3476 ἁναγεγραφέναι
1761 3408 1890 3479 περὶ

290 3491 464 3544 αὑτοῦ
489 3492 729 3545 τοιαῦτα·
763 3493 994 3565 Ὥσπερ,
1028 3495 1212 3564 φησὶν,
1249 3495 1301 3546 εἴ
1332 3512 1415 3557 τις
1442 3494 1614 3563 λέγων
1646 3492 1784 3550 εἷναί
1807 3516 1889 3551 τι-

289 3601 367 3637 να.
421 3584 647 3647 δίκαιον,
704 3584 938 3638 δεικνύει
995 3586 1157 3639 αὑτὸν
1209 3586 1526 3640 ἀδικοῦντα·
1572 3589 1664 3641 καὶ
1711 3589 1886 3658 λέγων

286 3677 464 3742 ὅσιον,
496 3673 727 3728 δεικνύει
759 3675 1069 3744 φονεύονταθ
1109 3678 1203 3730 καὶ
1248 3677 1420 3746 λέγων
1452 3677 1744 3742 ἀθάνατον,
1779 3681 1886 3733 δει-

288 3767 453 3821 κνύει
498 3767 708 3838 νεκρόνο
742 3769 876 3821 πᾶσι
907 3767 1118 3831 τούτοις
1164 3769 1444 3840 ἐπιφέρων
1482 3768 1616 3839 (1‘2),
1646 3771 1726 3823 ὅτι
1757 3789 1889 3842 προ-

283 3854 538 3927 ειρηκὼς
569 3856 710 3909 αύτά
737 3856 944 3927 ἔτυχεν.
978 3877 996 3909 ι
1032 3859 1266 3911 Αὐτόθεν
1301 3857 1409 3926 γάρ
1443 3859 1697 3928 ἀνόμοιον
1722 3859 1887 3912 αὑτοῦ

281 3948 357 4002 τὸ
389 3948 758 4020 παράδειγμα,
799 3950 920 4003 ἐπεὶ
951 3949 1103 4002 οὐδὲν
1125 3948 1324 4003 ἄτοπόν
1361 3950 1530 4011 ἐστιν,
1561 3949 1891 4020 ἀνειληφότα

371 4056 418 4088 ³³
456 4056 644 4112 Matth.
673 4073 823 4125 xxvr,
851 4058 941 4112 51.
1009 4058 1054 4090 ³⁵
1085 4053 1246 4123 Ibid.,
1278 4057 1370 4112 54.

286 4175 506 4241 sendis,
545 4185 706 4244 atque
754 4175 820 4230 iis
851 4174 1176 4229 adnotandis
1209 4189 1328 4244 quae
1367 4175 1704 4244 singularum
1740 4183 1879 4229 tem-

288 4261 432 4313 pore
465 4247 830 4316 contigerunt.
855 4244 970 4316 ltno
1002 4261 1154 4310 vero,
1199 4247 1404 4316 utinam
1441 4256 1608 4300 totum
1656 4245 1882 4298 Chroni-

286 4332 399 4368 con
450 4323 735 4369 exstaret:
786 4315 1012 4368 multum
1068 4317 1212 4368 enim
1268 4315 1405 4369 lucis
1455 4318 1662 4384 absque
1715 4316 1878 4368 dubio

287 4386 493 4454 prisca:
527 4386 653 4438 inde
685 4385 948 4440 Ecclesia:
983 4385 1322 4453 temporibus
1349 4385 1669 4450 accederet;
1713 4394 1879 4453 atque

287 4455 405 4508 hoc
439 4469 508 4508 eo
536 4455 743 4521 justius
773 4465 1046 4524 putamus,
1076 4456 1223 4522 quod
1268 4455 1414 4508 inter
1452 4457 1558 4509 alia
1604 4455 1885 4508 industria:

291 4525 619 4578 testimonia
672 4525 836 4578 etiam
888 4524 1157 4592 eclipseos
1204 4525 1347 4578 illius
1397 4526 1730 4587 metninerit,
1765 4540 1886 4588 quae

291 4595 599 4665 Dominicae
631 4595 908 4665 passionis,
930 4607 1180 4665 tempore
1207 4595 1452 4665 contigit,
1493 4614 1511 4647 ι
1554 4593 1890 4665 iuquitYos-

1998 2038 2211 2097 tequam
2263 2031 2435 2100 gallus
2481 2041 2694 2096 cantet,
2731 2044 2812 2088 ter
2843 2050 2926 2089 nte
2955 2037 3182 2105 negabis
3209 2038 3276 2105 “,
3317 2059 3335 2090 ι
3385 2041 3575 2109 terque

1996 2134 2220 2188 negasse
2275 2120 2516 2178 Petrum.
2552 2121 2665 2176 Nisi
2716 2125 2861 2178 enim
2924 2127 3131 2182 sinceri
3187 2136 3242 2183 et
3286 2129 3426 2184 bona
3467 2130 3576 2187 fide

1995 2211 2243 2276 fuissent,
2276 2214 2388 2272 sed.
2423 2215 2566 2281 quod
2601 2216 2994 2283 putatCelsus,
3024 2219 3280 2286 figmenta
3321 2221 3574 2290 scripsis-

1994 2314 2135 2368 sent,
2163 2305 2230 2359 de
2268 2304 2634 2374 abuegatioue
2664 2305 2836 2372 Petri,
2875 2310 2943 2364 de
2976 2311 3375 2379 discipulorum
3407 2327 3570 2368 scan-

1994 2395 2115 2450 dalo
2143 2411 2416 2465 nunquam
2444 2398 2704 2453 fecissent
2738 2402 3094 2457 mentionem.
3128 2401 3287 2469 Nam,
3321 2406 3424 2459 etsi
3457 2407 3572 2461 haec

1994 2489 2312 2555 acciderint,
2355 2490 2477 2559 quis
2529 2491 2603 2546 ita
2645 2493 2914 2548 accidisse
2956 2495 3283 2563 probasset?
3315 2497 3456 2564 Quin
3517 2511 3575 2553 et

1996 2581 2298 2651 bujusmodi
2363 2582 2505 2636 facta
2554 2584 2898 2651 przntermilti
2937 2587 3246 2655 oportebat,
3299 2588 3570 2656 siquidem

1992 2673 2266 2743 Evangelii
2325 2674 2552 2729 lectores
2609 2675 2806 2729 docere
2845 2675 3046 2730 vellent
3097 2679 3561 2733 contemnendam

1993 2777 2112 2818 esse
2167 2775 2420 2829 mortem,
2473 2779 2597 2818 cum
2633 2765 2814 2834 agitur
2874 2768 2942 2822 de
2989 2766 3394 2822 Cbristianismi
3446 2785 3574 2840 pro-

1995 2853 2251 2910 fessione.
2317 2856 2424 2910 Sed
2481 2871 2603 2910 cum
2647 2857 2855 2912 scirent
2919 2858 2972 2911 vi
3025 2867 3190 2928 atque
3220 2860 3423 2914 virtute
3457 2876 3574 2915 ser-

1993 2948 2170 3001 monis
2204 2947 2453 3002 homines
2503 2948 2775 3003 devictum
2812 2949 2901 3014 iri,
2956 2949 3073 3004 haec
3117 2965 3426 3006 memorare
3463 2968 3571 3007 non

1993 3036 2357 3103 dubitarunt,
2414 3037 2602 3092 nescio
2659 3038 2931 3108 quomodo
2982 3039 3120 3094 nihil
3187 3041 3438 3096 nocitura
3490 3042 3571 3096 le-

1993 3129 2258 3194 ctoribus,
2318 3143 2420 3184 nec
2483 3129 2647 3183 ullam
2704 3128 2898 3184 datura
2962 3131 3270 3200 negationis
3323 3133 3574 3188 occasio-

1993 3235 2140 3274 nem.
2575 3204 2590 3215 ’

2067 3310 2156 3369 16.
2187 3311 2420 3367 Omnino
2450 3322 2630 3367 autem
2664 3311 2861 3368 stolide
2890 3313 3005 3367 ait:
3047 3331 3066 3365 ι
3100 3313 3410 3384 Discipulos
3456 3314 3574 3370 haec

1994 3402 2060 3458 de
2085 3402 2214 3458 Jesu
2244 3404 2539 3471 scripsisse
2573 3412 2632 3458 ut
2664 3419 2787 3474 qua:
2835 3415 3026 3460 contra
3067 3405 3220 3460 illum
3259 3415 3441 3471 erant,
3477 3419 3576 3460 ex-

1992 3494 2566 3558 cusarent.-Perinde,
2622 3493 2821 3563 inquit,
2874 3510 2939 3549 ac
2989 3495 3037 3550 si
3074 3495 3218 3564 quis,
3276 3505 3338 3549 ut
3382 3495 3576 3565 probet

1993 3583 2268 3638 hominem
2298 3599 2420 3640 esse
2441 3584 2671 3654 justum,
2704 3585 2903 3655 injusta
2928 3587 2995 3642 ab
3024 3601 3089 3642 eo
3121 3589 3265 3642 facta
3287 3596 3574 3654 narraret;

1996 3684 2054 3728 ut
2085 3676 2278 3745 probet
2305 3691 2427 3732 esse
2471 3687 2747 3743 sanctum,
2778 3679 2954 3733 caedes
2993 3679 3064 3733 ab
3095 3678 3190 3733 illo
3222 3689 3467 3748 patratas
3497 3694 3580 3734 re-

1994 3765 2194 3833 ferret;
2239 3777 2298 3822 ut
2324 3770 2518 3836 probet
2548 3784 2670 3824 esse
2714 3769 3102 3834 immortalem,
3149 3779 3423 3824 mortuum
3445 3785 3580 3839 esse

1997 3855 2330 3925 aflirmaret;
2384 3859 2649 3929 praefatus
2697 3862 2764 3914 ad
2823 3859 3057 3928 singula,
3108 3859 3225 3914 haec
3273 3859 3420 3914 illum
3451 3869 3579 3913 ante

1997 3950 2339 4020 praedixisse.
2385 3969 2404 4002 ι
2466 3950 2662 4006 Statim
2718 3951 2891 4020 liquet
2947 3951 3186 4022 exempli
3233 3951 3574 4022 disparitas:

1990 4175 2044 4228 in
2072 4173 2411 4229 tenebrosam
2446 4183 2660 4230 noctem
2687 4191 2898 4238 versus,
2927 4184 2983 4230 ut
3008 4174 3175 4230 stellae
3200 4174 3252 4228 in
3280 4174 3420 4229 coelo
3443 4175 3575 4230 visze

1991 4247 2121 4308 sint,
2159 4257 2427 4316 terrreque
2455 4256 2636 4300 motus
2666 4247 2718 4298 in
2755 4245 3006 4316 Bithynia
3037 4245 3408 4316 Nicmaturbis
3433 4245 3577 4316 mul-

1991 4325 2078 4367 tas
2112 4316 2255 4368 ardes
2281 4315 2642 4368 subverteret.
2681 4334 2700 4366 ι
2730 4313 2905 4384 Οτίςξ,
2935 4325 3150 4368 tractat.
3177 4314 3247 4368 55
3270 4316 3321 4366 in
3349 4313 3572 4368 Matth.:

2010 4403 2030 4436 ι
2070 4384 2135 4436 Et
2163 4383 2404 4452 Phlegon
2440 4386 2659 4452 quidem
2705 4387 2755 4438 in
2795 4385 3068 4439 Chronicis
3109 4385 3224 4438 suis
3257 4384 3476 4450 scripsit
3503 4386 3576 4437 in

1990 4455 2299 4523 principatu
2339 4453 2544 4507 Tiberii
2588 4453 2820 4508 Caasaris
2857 4455 3098 4517 factum;
3142 4453 3384 4523 sedunon
3413 4453 3577 4523 signi-

1997 4521 2250 4578 ticavitin
2271 4524 2395 4576 luna
2423 4523 2579 4591 plena
2616 4526 2718 4578 hoc
2749 4524 2974 4579 factum.
3007 4542 3026 4576 ι
3057 4521 3580 4590 Tertull.,Apclog.,

1995 4609 2114 4660 cap.
2143 4592 2207 4645 2-1
2240 4607 2254 4643 :
2288 4610 2306 4644 ‹
2364 4593 2564 4646 Eodem
2618 4605 2892 4648 momento
2931 4595 3068 4656 dies,
3105 4593 3341 4645 medium
3386 4593 3578 4645 orbem

288 4666 414 4719 sius
447 4651 666 4718 ibideui.
694 4667 762 4718 At
787 4651 1060 4719 Christqu
1107 4654 1245 4718 dicit
1277 4651 1455 4717 futura
1506 4651 1885 4731 praescivisse:
1924 4651 1969 4708 Ι)
1999 4651 2248 4730 signante
2292 4664 2424 4728 sole,
2468 4661 2736 4717 subducta
2771 4673 2877 4728 est,
2916 4651 3214 4730 deliquium
3254 4661 3446 4728 utique
3475 4676 3574 4728 pu-

289 4752 370 4787 an
403 4734 533 4802 quia
579 4735 851 4788 excidium
897 4733 1457 4803 Hierosolymitanum
1493 4734 1696 4787 aliasve
1732 4733 1889 4803 istius

293 4806 522 4871 generis
557 4805 896 4858 calamitates
927 4802 1218 4873 praedixit?
1247 4805 1381 4858 Cum
1418 4804 1575 4857 istius
1609 4804 1729 4856 libri
1779 4802 1889 4873 sint

288 4874 610 4942 deperditi,
657 4875 760 4930 hoc
803 4871 946 4929 esset
991 4873 1260 4927 divinare.
1317 4874 1392 4928 De
1444 4874 1574 4927 solis
1625 4871 1887 4942 deliquio,

291 4945 450 5012 quod
482 4954 612 4999 tunc
643 4946 901 5014 temporis
929 4943 1139 5005 evenit,
1168 4959 1290 4997 cum
1320 4942 1488 4997 Judaei
1514 4942 1699 5014 Jesum
1735 4945 1889 4997 cruci

290 5014 644 5080 sufﬁxerunt,
697 5013 814 5083 ejus
871 5015 1247 5068 testimonium
1297 5022 1477 5066 exstat
1523 5013 1885 5083 locupletissi-

291 5099 454 5138 mum
493 5085 545 5136 iu
578 5080 796 5140 Eusebii
825 5083 1111 5147 Chronico,
1142 5084 1209 5135 ad
1250 5099 1452 5136 annum
1491 5080 1686 5136 uuxu:
1726 5100 1745 5134 ι
1792 5080 1884 5137 Je-

289 5170 397 5209 sus
479 5153 754 5219 Christus,
813 5157 1116 5208 secundum
1167 5154 1483 5222 prophetias
1529 5168 1648 5223 qua:
1689 5155 1764 5223 de
1821 5168 1888 5206 eo

292 5226 524 5279 fuerant
552 5225 870 5293 prolocutze,
892 5225 958 5276 ad
985 5223 1294 5290 passionem
1328 5224 1473 5276 venit
1502 5222 1645 5277 anno
1679 5222 1884 5276 Tiberii

290 5310 463 5358 xvm,
495 5310 602 5362 quo
635 5303 880 5362 tempore
909 5298 1070 5348 etiam
1109 5293 1162 5346 iu
1209 5294 1332 5348 aliis
1358 5294 1703 5348 ethnicorqu
1733 5308 1886 5346 com-

295 5366 593 5418 meutariis
623 5365 740 5418 lucc
767 5367 832 5418 ad
861 5368 1086 5418 verbum
1118 5365 1319 5433 scripta
1355 5365 1656 5430 reperimus
1689 5378 1706 5417 :
1741 5363 1886 5418 Solis

293 5436 449 5489 facta
473 5433 738 5500 defectio;
775 5435 1031 5504 Bithynia
1069 5444 1225 5487 terra:
1259 5443 1406 5486 motu
1438 5449 1724 5498 concussa,
1753 5435 1884 5487 etin

296 5507 441 5560 urbe
474 5504 650 5559 Nicaea
684 5506 830 5560 azdes
864 5505 1108 5575 plurima:
1137 5513 1483 5575 corruerunt.
1513 5506 1645 5575 Quae
1694 5505 1881 5575 omnia

295 5576 390 5629 his
422 5585 749 5645 congruunt,
782 5573 902 5644 quin
950 5576 1002 5628 in
1049 5573 1302 5645 passione
1337 5574 1640 5628 Salvatoris
1668 5574 1884 5629 accide-

295 5656 454 5723 runt.
478 5643 1018 5723 Scribit_vero,super
1047 5646 1130 5698 his
1153 5653 1208 5698 et
1227 5643 1566 5723 Phlego,_qu_i
1601 5646 1885 5723 Olympia-

297 5717 494 5787 darum
523 5716 777 5787 egregius
801 5724 1122 5786 supputator
1145 5725 1249 5778 est,
1268 5715 1320 5772 in
1342 5717 1500 5770 tertio
1521 5714 1730 5787 decimo
1749 5714 1887 5787 libro

293 5785 376 5838 ita
429 5784 617 5840 dicens
647 5784 678 5838 ι’
718 5784 923 5852 Quarto
979 5797 1157 5840 autem
1202 5801 1344 5840 anno
1385 5801 1490 5839 ccu
1550 5784 1886 5856 Olympiadis

299 5871 498 5925 magna
531 5863 585 5910 et
616 5856 892 5912 excellens
915 5858 1059 5911 inter
1086 5872 1298 5921 omnes,
1329 5872 1448 5924 qua:
1477 5866 1607 5911 ante
1639 5872 1762 5910 eam
1795 5871 1886 5908 ac-

302 5927 574 5996 ciderant,
623 5927 854 5983 defectio
896 5928 1026 5984 solis
1070 5927 1234 5982 facta.
1279 5928 1402 5984 Dies
1455 5929 1589 5984 hora
1618 5935 1772 5984 sexta
1811 5927 1884 5981 ita

1999 4741 2276 4794 laverunt,
2309 4733 2399 4800 qui
2447 4732 2498 4785 id
2527 4747 2748 4802 quoque
2775 4747 2939 4800 super
2967 4732 3186 4785 Christo
3227 4731 3579 4799 praedicatum

1995 4819 2100 4855 non
2133 4802 2412 4867 scierunt;
2441 4804 2656 4856 ratione
2686 4819 2792 4857 non
2817 4803 3177 4870 deprehensa,
3203 4808 3577 4870 negaverunt;

1993 4882 2047 4926 et
2086 4882 2267 4924 tamen
2303 4887 2424 4926 eum
2483 4873 2669 4926 mundi
2720 4887 2911 4927 casum
2957 4871 3188 4926 relatum
3227 4869 3280 4921 in
3337 4869 3582 4924 archivis

1992 4941 2190 4995 vestris
2232 4942 2464 4995 habetis.
2501 4960 2520 4993 ›
2550 4972 2620 4982 -—
2653 4960 2671 4993 ι
2715 4942 2952 4995 Archiva
3012 4947 3171 4994 vocat
3223 4939 3468 4992 Annales
3521 4947 3580 4993 et

1993 5011 2286 5066 Chronica.
2323 5011 2476 5078 Quod
2523 5013 2673 5066 enim
2719 5014 2795 5066 ait
2824 5011 3050 5080 eclipsin
3080 5023 3266 5080 veram
3308 5009 3576 5076 quosdam

1993 5092 2236 5147 putasse,
2293 5083 2414 5136 sine
2469 5082 2637 5137 dubio
2694 5078 2950 5150 intelligit
2999 5089 3054 5134 ct
3095 5078 3472 5150 Phlegoutem,
3525 5086 3580 5150 et

1992 5152 2244 5222 Thallum
2269 5153 2769 5222 chronographum.
2795 5147 3090 5222 Africanus
3117 5169 3130 5204 :
3163 5148 3332 5222 Τοῦτο
3363 5147 3422 5222 τὸ
3454 5147 3581 5222 σκό-

1991 5239 2083 5284 τος
2139 5221 2380 5291 ἒκλειψιν
2425 5217 2605 5292 ήλθίουί
2633 5222 2835 5284 Θάλλος
2889 5219 3152 5274 ἀποκαλεῖ
3193 5217 3446 5292 ἐνΑτρίτῃ
3472 5217 3580 5269 τῶν

2003 5289 2317 5361 Ἱστοριῶν,
2343 5293 2418 5355 ὡς
2447 5289 2569 5361 ἐμοὶ
2590 5291 2754 5357 δοκεῖ,
2774 5291 3002 5362 ἀλόγως·
3031 5306 3153 5362 uam
3176 5289 3418 5362 eclipsim
3446 5303 3580 5355 quo-

1990 5377 2096 5431 que
2128 5359 2315 5417 veram
2337 5359 2578 5432 Phlegon
2606 5364 2816 5431 putavit
2842 5380 2857 5415 :
2885 5359 3019 5417 inde
3049 5359 3578 5432 Tertullianus,_pu-

1991 5427 2232 5486 iuverunt
2275 5447 2398 5487 cmn
2430 5427 2580 5498 di'cit,
2607 5427 2723 5488 non
2761 5448 2928 5486 unum
2964 5431 3339 5500 Phlegontem,
3376 5427 3472 5500 sed
3522 5436 3580 5480 et

1954 5511 1962 5519 '
1989 5503 2243 5556 Thallum
2261 5503 2420 5557 simul
2446 5494 2877 5572 comprehendit.
2893 5522 2910 5554 ι
2934 5494 3164 5570 δροιίέη
3207 5494 3577 5572 Αηὶυιαᾴυεῖε.

1989 5572 2211 5635 Ειιδεῡ..
2235 5589 2360 5642 pag.
2386 5573 2508 5627 1³11.
2538 5565 3015 5628 Sirenem—Vide
3041 5565 3263 5642 insuper
3285 5581 3403 5635 qua:
3427 5565 3576 5618 infra

1990 5640 2400 5697 adnotabantur
2429 5644 2496 5698 ad
2537 5644 2694 5711 hujus
2727 5643 2856 5698 libri
2885 5657 3171 5711 numerum
3196 5640 3286 5711 55.

2027 5713 2173 5794 .(ll)
2209 5711 2364 5768 Libb.
2408 5715 2540 5768 editi
2586 5707 2640 5769 in
2691 5715 2959 5784 margine,
2996 5709 3202 5765 καινόν.
3255 5708 3386 5776 Quae
3414 5707 3578 5763 lectio

1989 5794 2207 5839 vnttosa.

2060 5854 2171 5924 (1⁸2)
2243 5854 2581 5926 Ἐπιεεέρων.

1991 5943 2025 5994 φ
2035 5925 2057 5978 έ
2066 5942 2193 5997 ρων.

2665 5856 2742 5912 lta
2803 5871 2936 5910 mss.
3003 5853 3143 5908 Editi
3215 5865 3376 5914 vero,
3440 5863 3580 5918 προ-
