3902 6414
515 325 614 381 851

2009 308 2332 367 ORIGENIS

3683 310 3776 364 832

517 448 586 500 de
622 443 868 504 muliere,
901 439 985 495 cui
1015 434 1316 508 praeclusus
1346 439 1467 490 erat
1497 433 1744 504 spiritus.
1775 431 1926 488 Multi
1957 445 2095 502 prae-

2212 431 2428 502 ιναργῆ,
2465 431 2540 494 ὼς
2571 430 2646 502 μὴ
2675 429 2968 502 δυνάμενον
3002 429 3110 501 (18)
3142 431 3458 499 ἀντιϐλέψαι
3505 429 3587 498 τῷ
3631 445 3772 496 γεγο-

523 545 669 591 terea
701 534 948 587 feruntur
977 543 1007 582 e
1038 526 1404 582 monumentis
1431 541 1536 580 non
1569 526 1685 596 ipso
1718 534 1927 580 tantum
1971 525 2082 588 die,

520 638 629 692 quo
665 620 858 690 sepulti
887 616 1126 680 fuerant,
1159 617 1256 672 sed
1303 616 1470 670 etiam
1507 615 1852 684 insequenti,
1886 615 2092 684 egressi

520 717 711 770 fuisse.
746 710 884 776 Quid
915 723 1048 778 ergo
1077 710 1294 773 mirum,
1327 707 1394 774 si,
1429 708 1520 778 qui
1553 716 1628 761 tot
1659 708 1956 760 humanam
1991 721 2088 760 na-

524 816 699 860 turam
734 801 1046 871 superantia
1081 799 1341 854 miracula
1379 799 1552 854 edidit
1601 807 1824 865 tamque
1872 787 2094 852 eviden-

521 897 614 959 tia,
667 903 724 946 ut
771 893 864 962 qui
899 891 988 946 illa
1035 901 1250 961 patrata
1305 905 1431 946 esse
1485 905 1590 946 non
1627 899 1804 959 potest
1836 888 2093 953 inficiari,

521 987 588 1041 ad
617 985 917 1056 praestigias
948 983 1249 1053 confugere
1278 993 1506 1053 cogatur
1543 999 1558 1048 ;
1590 984 1720 1054 quid
1751 983 1980 1050 mirum,
2013 984 2097 1038 in-

519 1091 701 1146 quam.
737 1077 780 1130 si
830 1091 980 1130 mors
1033 1075 1149 1145 ejus
1199 1075 1327 1144 quid
1362 1073 1534 1141 majus
1578 1090 1691 1144 pra:
1742 1089 1799 1130 se
1829 1076 2005 1140 ferat,
2039 1083 2098 1128 ut

524 1169 705 1222 anima
751 1167 869 1236 ejus
899 1181 1122 1238 egressa
1155 1175 1348 1234 sponte
1380 1181 1410 1220 e
1445 1181 1698 1235 corpore,
1747 1167 1852 1222 huc
1881 1181 1977 1236 pro
2004 1182 2094 1220 ar-

523 1257 687 1311 bitrio
717 1257 924 1322 redeat,
957 1264 1245 1326 postquam
1278 1265 1434 1310 extra
1465 1257 1592 1311 illud
1639 1258 1885 1326 quaedam
1914 1257 2097 1326 dispo-

523 1349 742 1402 suerit?
768 1348 893 1402 llzec
924 1345 1084 1405 Jesus
1110 1347 1249 1416 apud
1280 1345 1546 1402 Joannem
1573 1348 1776 1404 dixisse
1809 1357 2093 1402 narratur:

529 1453 549 1486 ι
585 1435 754 1492 Nemo
803 1437 940 1491 tollit
984 1437 1222 1491 animam
1275 1451 1449 1489 meam
1484 1452 1512 1489 a
1558 1453 1676 1503 me,
1707 1438 1800 1492 sed
1828 1451 1929 1504 ego
1957 1451 2098 1505 pono

525 1543 647 1582 eam
698 1545 726 1582 a
778 1544 864 1582 me
916 1528 1056 1598 ipso.
1093 1527 1424 1582 Potestatem
1467 1526 1637 1582 habeo
1683 1528 1914 1596 ponendi
1953 1543 2094 1594 eam,

523 1627 580 1672 et
629 1633 816 1674 rursus
872 1626 1194 1687 potestatem
1253 1619 1423 1672 habeo
1475 1619 1718 1674 sumendi
1775 1632 1892 1672 eam
1929 1619 2016 1680 .”.
2074 1639 2092 1671 ι

527 1710 783 1766 Fortasse
812 1711 976 1766 etiam
1011 1725 1041 1764 e
1079 1725 1309 1778 corpore
1352 1710 1504 1764 exire
1536 1711 1844 1779 occupavit,
1884 1720 1941 1765 ut
1967 1711 2098 1766 illud

527 1805 794 1860 servaret,
825 1813 924 1852 nec
951 1798 1066 1863 ejus
1103 1798 1482 1864 frangerentur
1514 1814 1673 1853 crura
1696 1841 1710 1861 ,
1745 1811 1802 1854 ut
1829 1799 2095 1857 latronum
2132 1777 2173 1832 Β

527 1891 618 1958 qui
648 1891 702 1942 in
734 1903 950 1943 crucem
985 1905 1106 1944 cum
1136 1904 1200 1944 eo
1232 1890 1430 1944 sublati
1463 1890 1699 1944 fuerant.
1735 1893 1866 1944 Nam
1901 1892 2098 1947 milites

533 1998 551 2029 σ
583 1980 742 2049 primi
777 1981 990 2048 quidem
1023 1979 1300 2050 fregerunt
1325 1995 1484 2034 crura
1511 1993 1562 2036 et
1590 1981 1818 2035 alterius
1844 1983 1936 2052 qui
1973 1999 2096 2038 cru-

529 2071 722 2126 Cifixus
775 2081 893 2125 erat
939 2087 1060 2126 cum
1087 2087 1172 2126 eo.
1209 2073 1288 2126 Ad
1318 2071 1502 2127 Jesum
1535 2081 1713 2127 autem
1745 2089 1867 2128 cum
1916 2075 2099 2132 venis-

530 2171 673 2226 sent,
707 2169 766 2216 ut
789 2162 1040 2217 viderunt
1071 2178 1192 2218 eum
1216 2162 1326 2231 jam
1357 2173 1654 2228 mortuum,
1683 2181 1789 2220 non
1820 2166 2101 2238 fre-gerunt

528 2253 646 2320 ejus
681 2257 841 2308 crura
867 2253 932 2310 ³⁸.
971 2272 990 2304 ι
1026 2252 1144 2308 Jam
1179 2255 1344 2323 igitur
1373 2254 1672 2312 refellimns
1706 2257 1846 2312 istud
1879 2277 1892 2313 :
1932 2278 1950 2311 ι
1987 2259 2098 2314 Un-

529 2346 596 2398 de
649 2347 750 2400 hoc
799 2347 868 2400 ab
905 2346 997 2402 illo
1031 2347 1350 2414 prmdictum
1387 2360 1510 2402 esse
1559 2347 1751 2403 conﬁci
1805 2352 2025 2418 potest?
2074 2370 2092 2404 ι

533 2435 644 2491 lloc
679 2445 859 2494 autem
889 2438 1030 2492 aliud
1059 2455 1072 2491 :
1114 2456 1134 2490 ι
1171 2437 1324 2492 Unde
1357 2439 1698 2507 probabitur,
1726 2441 1818 2510 qui
1854 2453 2100 2498 mortuus

528 2537 634 2592 est,
666 2528 810 2582 illum
838 2543 956 2584 esse
982 2530 1343 2584 immortalem
1369 2531 1392 2584 ?
1420 2549 1438 2582 ι
1469 2531 1559 2600 qui
1587 2531 1800 2600 objicit,
1827 2534 2024 2600 discat,
2051 2536 2098 2591 si

529 2618 771 2682 libuerit,
799 2619 1158 2674 immortalem
1184 2635 1290 2674 non
1315 2635 1433 2676 esse
1463 2621 1554 2690 qui
1593 2631 1838 2679 mortuus
1863 2634 1979 2690 est;
2007 2628 2099 2681 sed

527 2711 618 2777 qui
671 2712 913 2765 surrexit
963 2726 992 2765 e
1024 2713 1277 2768 mortuis.
1310 2712 1497 2783 Neque
1543 2715 1716 2770 solum
1747 2731 1850 2770 non
1879 2727 1960 2774 est
1993 2718 2098 2773 im-

529 2801 772 2860 mortalis
801 2802 888 2856 ille
915 2803 1004 2874 qui
1043 2813 1287 2862 mortuus
1318 2813 1402 2860 est
1429 2822 1442 2869 ;
1474 2805 1566 2861 sed
1595 2821 1662 2860 ne
1697 2809 1916 2878 quidem
1947 2809 2102 2866 Iesus

529 2889 622 2944 ille
657 2903 724 2944 ex
756 2890 958 2960 duplici
987 2903 1177 2948 natura
1201 2894 1552 2962 compositus,
1596 2906 1890 2965 antequam
1921 2913 2103 2954 more-

531 2991 704 3049 retur,
740 2983 1064 3040 immortalis
1092 2996 1244 3050 erat,
1283 2997 1470 3058 utpote
1506 2988 1598 3057 qui
1637 2989 1937 3046 moriturus
1973 2991 2097 3046 fuit.

2193 521 2338 576 νέναι
2369 521 2532 587 αὐτὰ,
2567 521 2812 586 κακίζειν
2857 523 2944 576 διὰ
2970 522 3068 576 τοῦ
3100 525 3422 577 κοινοποιείν
3477 519 3623 573 αὐτὰ
3651 521 3775 590 πρὸς

2191 613 2290 677 τὰς
2322 613 2597 684 γοητείας,
2649 613 2742 666 καὶ
2787 614 2917 684 περὶ
2943 613 3043 684 τὴν
3073 611 3264 666 ἑαυτοῦ
3291 610 3556 680 τελευτὴν
3590 606 3704 680 εἷχέ
3733 627 3774 662 τι

2195 705 2374 758 πλεῖον
2395 745 2410 768 ,
2459 705 2543 756 ἵνα
2588 703 2787 758 ἐκοῦσα
2833 705 2928 774 μὲν
2966 704 3030 756 τὸ
3059 704 3214 774 σῶμα
3240 702 3524 774 καταλίπῃ
3552 703 3586 772 η
3615 701 3772 772 ψυχὴ,

2193 795 2664 866 οἰκονομησαμένη
2701 795 2807 864 ('19)
2825 796 2883 848 δέ
2909 813 3030 848 τινα
3062 795 3166 862 ἔξω
3197 793 3384 858 αὑτοῦ,
3424 794 3589 846 πάλιν
3646 795 3771 846 ἐπα-

2195 888 2356 961 νέλθῃ
2391 889 2483 941 ὅτε
2515 875 2798 957 βούλεταιξ
2831 888 3084 958 Τοιοῦτον
3111 888 3154 941 δ’
3186 887 3606 958 ἀναγέγραπται
3635 885 3770 954 παρὰ

2194 981 2272 1051 τῷ
2307 981 2532 1055 Ἰωάννῃ
2575 981 2857 1052 είρηκέναι
2902 983 2930 1034 6
2973 981 3181 1052 Ἰησοῦς
3231 981 3388 1050 λόγον
3425 979 3536 1050 (9.0)
3583 981 3640 1030 ἐν
3683 979 3770 1050 τῷ,

2203 1092 2221 1124 ι
2263 1073 2454 1136 Οὐδεὶς
2503 1075 2646 1144 αἴρει
2690 1074 2788 1144 τὴν
2825 1073 3004 1144 ψυχήν
3057 1091 3158 1144 μου
3191 1075 3284 1127 ἀπ’
3319 1073 3480 1143 ἐμοῦ,
3531 1071 3644 1126 ἀλλ’
3675 1070 3774 1140 ἐγὼ

2196 1165 2383 1236 τίθημι
2413 1165 2582 1234 αὐτὴν
2613 1165 2706 1217 ἀπ’
2735 1163 2994 1235 ἐμαυτοῦ.
3039 1165 3318 1231 Ἑξουσίαν
3351 1164 3462 1233 ἔχω
3489 1163 3662 1216 θεῖναι
3687 1163 3773 1215 αὖ·

2195 1254 2323 1324 τὴν,
2363 1255 2458 1306 καὶ
2505 1253 2666 1307 πάλιν
2700 1252 2947 1319 ἐξουσίαν
2997 1252 3103 1323 ἔχω
3145 1251 3330 1304 λαϐεῖν
3367 1250 3564 1320 αὐτήν.
3611 1269 3630 1300 ι
3675 1249 3772 1302 Καὶ

2197 1344 2337 1414 τάχα
2385 1343 2475 1398 διὰ
2519 1343 2680 1396 τοῦτο
2721 1342 3005 1415 προλαϐὼν
3044 1341 3150 1412 (21)
3194 1341 3518 1406 ἐξελήλυθεν
3557 1340 3662 1393 ἀπὸ
3691 1340 3770 1392 τοῦ

2199 1435 2474 1507 σώματος,
2507 1437 2594 1489 ἵνα
2623 1435 2754 1488 αὐτὸ
2789 1436 3024 1506 τηρήσῃ,
3056 1433 3148 1487 καὶ
3183 1434 3257 1504 μὴ
3287 1433 3538 1502 καταχθῇ
3565 1431 3634 1484 τὰ
3663 1432 3770 1484 σκέ-

2198 1527 2262 1598 λη
2289 1568 2302 1590 ,
2355 1529 2434 1590 ὡς
2469 1528 2536 1581 τὰ
2586 1528 2694 1580 τῶν
2741 1528 2837 1581 σὺν
2878 1527 3024 1598 αὑτῴ
3073 1527 3499 1598 σταυρωθέντων
3554 1523 3768 1596 λῃστῶν.

2206 1639 2223 1672 ι
2259 1619 2366 1672 Τοῦ
2403 1622 2502 1693 μὲν
2539 1640 2557 1672 ι
2588 1619 2696 1691 γὰρ
2731 1639 2748 1670 ‹
2790 1617 3004 1691 πρώτου
3049 1639 3066 1670 ι
3099 1621 3148 1672 οἰ
3182 1619 3516 1691 στρατιῶται
3549 1637 3567 1668 ι
3601 1616 3772 1669 κατέε-

2203 1710 2298 1777 ξαν
2343 1711 2414 1765 τὰ
2463 1712 2657 1782 σκέλη,
2709 1712 2802 1764 καὶ
2842 1711 2936 1764 τοῦ
2977 1711 3137 1765 ἄλλου
3177 1709 3269 1764 τοῦ
3311 1707 3770 1780 συσταυρωθέντος

2203 1803 2378 1874 αὐτῷ·
2417 1805 2508 1856 ἐπὶ
2535 1804 2591 1858 δὲ
2617 1803 2708 1856 τὸν
2749 1801 2954 1874 Ἰησοῦν
2984 1801 3260 1866 ἐλθόντες,
3293 1801 3388 1854 καὶ
3441 1799 3674 1862 ἰδόντες,
3703 1799 3769 1852 ὃτι

2205 1893 2526 1960 ἐξέπνευσεν
2546 1936 2559 1960 ,
2589 1895 2650 1948 οὐ
2680 1893 2948 1960 κατέαξαν
2979 1891 3141 1948 αὐτοῦ
3169 1892 3238 1946 τὰ
3266 1891 3454 1962 σκέλη.
3501 1910 3518 1942 ι
3551 1891 3770 1961 Εἴπομεν

2203 1983 2296 2042 οὖν
2326 1988 2464 2059 πρὸς
2487 1996 2568 2050 τὸ,
2595 2007 2612 2038 ι
2641 1987 2810 2040 Πόθεν
2840 1981 2931 2040 οὖν
2961 1985 3153 2038 ’πιστὸν
3169 1986 3228 2038 τὸ
3255 1979 3770 2055 προειρηκέναι;»Τδ

2203 2079 2283 2143 δέ,
2319 2097 2336 2129 ι
2371 2078 2537 2134 Πόθεν
2571 2078 2838 2141 ἀθάνατος
2865 2081 2892 2131 6
2920 2077 3147 2148 νεκρὸς;
3187 2099 3202 2124 ι
3259 2075 3578 2146 μανθανέτω
3605 2075 3632 2126 6
3662 2071 3770 2141 βου-

2205 2168 2449 2238 λόμενος,
2497 2170 2578 2222 ὅτι
2619 2169 2716 2240 οὐχ
2747 2169 2775 2221 6
2809 2168 2998 2238 νεκρὸς
3024 2166 3308 2230 ἀθάνατος,
3339 2165 3458 2219 ἀλλ’
3495 2166 3524 2217 6
3553 2162 3770 2226 ἀναστὰς

2203 2263 2265 2314 ἐκ
2303 2261 2530 2332 νεκρῶν.
2585 2261 2661 2313 Οὐ
2713 2259 2871 2330 μόνον
2919 2253 3009 2312 οὖν
3041 2258 3140 2328 οὐχ
3180 2259 3208 2310 6
3251 2257 3446 2327 νεκρὸς
3493 2255 3767 2316 ἀθανατπ,

2207 2353 2318 2406 ἀλλ’
2351 2353 2458 2404 οὐδ’
2497 2354 2524 2402 6
2554 2352 2660 2424 πρὸ
2687 2351 2780 2404 τοῦ
2819 2349 3012 2421 νεκροῦ
3054 2346 3261 2419 Ἰησοῦς
3310 2351 3338 2401 6
3373 2347 3628 2410 σύνθετος
3651 2345 3768 2400 ἀθά-

2206 2463 2360 2508 νατος
2387 2442 2454 2516 ἦν
2478 2487 2491 2511 ,
2517 2446 2574 2508 ὅς
2599 2462 2662 2514 γε
2695 2443 2886 2514 ἔμελλε
2914 2440 3282 2512 τεθνήξεσθαι.
3324 2441 3520 2504 Οὐδεὶς
3549 2439 3656 2510 γὰρ
3689 2456 3766 2490 τε·

2206 2537 2534 2609 θνηξόμενος
2561 2536 2827 2600 ἀθάνατος
2851 2554 2863 2566 ·
2897 2535 3032 2588 ἀλλὰ
3061 2533 3348 2596 ἀθάνατος,
3397 2533 3486 2586 ὅτε
3517 2532 3626 2604 ('22)
3652 2530 3766 2583 οὐκ·

2201 2629 2282 2682 ἐτι
2320 2629 2657 2700 τεθνήξεται.
2697 2649 2716 2681 ι
2756 2627 2989 2700 Χριστὸς
3030 2628 3120 2692 δὲ,
3173 2625 3421 2697 ἐγερθεὶς
3453 2629 3518 2678 ἐκ
3557 2623 3765 2694 νεκρῶν,

2202 2722 2384 2775 οὐκέτι
2431 2723 2782 2795 ἀποθνήσκει,
2823 2721 3044 2783 θάνατος
3096 2717 3260 2772 αὐτοῦ
3293 2717 3405 2786 (9.3)
3459 2715 3640 2769 οὐκέτι
3681 2730 3766 2768 xu-

2207 2813 2408 2882 ριεύει’
2449 2835 2466 2866 ι
2510 2813 2612 2868 κᾶν
2655 2816 2729 2886 μὴ
2777 2815 3066 2886 βούλωνται
3103 2813 3152 2864 οἱ
3198 2811 3372 2864 ταῦτα
3406 2809 3544 2873 πῶς’
3573 2807 3765 2880 εἴρηται

2204 2905 2394 2975 νοῆσαι
2424 2906 2499 2978 μὴ
2531 2907 2682 2978 χωρή
2691 2923 2903 2970 σαντες.

528 3075 644 3132 Non
691 3079 836 3132 enim
888 3079 1211 3136 immortalis
1259 3081 1351 3151 qui
1384 3083 1676 3138 moriturus
1717 3093 1796 3138 est
1827 3100 1842 3150 ;
1875 3085 1966 3141 sed
1994 3086 2086 3156 qui
2116 3102 2222 3142 non
2252 3087 2486 3156 amplius
2537 3088 2829 3142 moriturus
2887 3095 2993 3151 est,
3043 3087 3086 3140 is
3155 3085 3374 3140 domum
3426 3091 3512 3139 est
3565 3083 3762 3137 immor-

531 3169 674 3222 talis.
719 3187 739 3221 ‹
768 3169 1016 3225 Christus
1056 3181 1235 3226 autem
1269 3187 1557 3243 resurgens
1583 3189 1646 3228 ex
1697 3175 1927 3231 mortuis
1973 3176 2087 3245 jam
2123 3193 2230 3233 non
2265 3179 2535 3242 moritur,
2597 3193 2744 3232 mors
2803 3177 2875 3232 illi
2943 3176 3079 3230 ultra
3125 3189 3228 3230 non
3258 3172 3622 3228 dominabitur
3649 3169 3713 3235 ",
3743 3189 3760 3220 ι

529 3264 742 3319 etiamsi
776 3265 1265 3336 refragentur,qui,
1289 3283 1396 3337 quo
1427 3283 1588 3323 sensu
1622 3269 1736 3323 hrec
1759 3269 1903 3326 dicta
1939 3273 2068 3338 sint,
2095 3287 2294 3342 capere
2321 3289 2425 3327 non
2461 3281 2704 3344 possunt.

602 3355 690 3408 17.
723 3354 891 3412 Valde
919 3358 1143 3412 stultum
1174 3369 1228 3414 et
1258 3360 1384 3415 illud
1413 3377 1428 3415 :
1467 3380 1486 3413 ‹
1525 3361 1658 3428 Quis
1692 3363 1832 3417 Deus
1855 3404 1870 3428 ,
1903 3364 2094 3436 inquit,

2273 3368 2483 3438 Σφόδρα
2528 3366 2584 3420 δὲ
2626 3365 2804 3438 μωρὸν
2854 3365 2946 3419 καὶ
2973 3365 3034 3417 τό
3055 3380 3067 3394 ·
3099 3381 3116 3414 ι
3143 3361 3237 3425 Τίς
3271 3359 3337 3413 ἂν
3368 3361 3402 3432 ἢ
3435 3357 3582 3422 Θεὸς,
3611 3357 3642 3428 ἦ
3667 3355 3766 3408 δαι-

532 3455 624 3499 aut
651 3446 881 3511 dtemon,
913 3458 1005 3501 aut
1031 3448 1115 3520 yir
1141 3450 1402 3518 prudens,
1430 3452 1518 3519 qui
1549 3453 1862 3520 hujusmodi
1896 3455 2106 3510 incom-

533 3536 690 3590 moda
721 3536 822 3592 sibi
875 3541 1173 3594 obventura
1209 3555 1330 3595 esse
1368 3543 1682 3611 prmvideat,
1718 3560 1824 3599 non
1873 3547 1980 3615 illa,
2031 3550 2105 3602 si-

533 3629 752 3695 quidem
783 3639 982 3698 posset,
1018 3631 1290 3692 evitaret;
1329 3635 1426 3686 sed
1459 3635 1512 3687 in
1544 3648 1608 3687 ea
1639 3675 1653 3698 ,
1683 3651 1802 3704 quae
1837 3639 2104 3707 prmvidit,

532 3732 590 3772 se
619 3718 946 3786 prmcipitem
989 3720 1192 3777 daret?
1233 3742 1250 3774 ι
1286 3723 1420 3778 Nam
1456 3715 1712 3782 Socrates
1755 3739 1982 3783 noverat
2023 3745 2104 3796 se,

533 3811 579 3865 si
608 3811 838 3865 cicutam
873 3813 1102 3880 biberet,
1131 3813 1294 3886 404
1315 3817 1637 3872 moriturum
1671 3833 1790 3874 esse
1817 3837 1832 3885 ;
1866 3829 2104 3890 poterat,

533 3901 578 3954 si
608 3901 818 3956 Critoni
850 3903 1209 3970 credidisset,
1242 3907 1474 3961 evadere
1508 3922 1538 3962 c
1581 3911 1828 3965 custodia
1878 3926 2108 3983 seseque

534 3991 670 4045 adeo
716 3993 910 4047 mortis
963 3994 1207 4063 periculo
1260 3997 1562 4052 subducere
1610 4017 1624 4066 ;
1675 4000 1766 4054 sed
1799 4002 2018 4067 maluit,
2055 4002 2110 4057 id

533 4083 676 4150 quod
705 4084 905 4138 rationi
932 4096 1366 4140 consentaneum
1401 4089 1704 4156 videbatur,
1732 4102 1960 4146 mortem
1988 4093 2111 4162 phi-

534 4171 757 4241 losopho
786 4174 1003 4243 dignam
1034 4184 1323 4243 appetere,
1359 4191 1519 4245 quam
1553 4179 1828 4251 indignam
1872 4182 2110 4252 philoso—

533 4266 640 4332 pho
670 4267 834 4318 vitam
873 4267 1113 4334 exigere.
1151 4267 1217 4320 Et
1253 4267 1521 4325 Leonidas
1567 4269 2106 4329 Lacedaamoniorum

533 4357 640 4410 dux
675 4359 827 4412 novit
867 4356 1093 4427 jamjam
1129 4373 1188 4411 se
1217 4359 1542 4415 moriturum
1573 4377 1694 4418 esse
1741 4379 1864 4418 cum
1895 4365 1960 4419 iis
1990 4366 2114 4435 qui-

534 4448 761 4502 buscum
813 4449 879 4502 ad
930 4448 1321 4518 Thermopylas
1365 4467 1610 4522 pugnare
1659 4465 1884 4522 paratus
1947 4465 2106 4521 erat;

533 4553 630 4606 pro
658 4541 825 4596 nihilo
853 4548 1034 4594 tamen
1066 4540 1219 4594 duxit
1243 4541 1334 4596 ille
1366 4545 1597 4614 turpiter
1621 4547 1806 4600 vivere
1832 4562 1847 4612 ;
1873 4547 1953 4602 sic
1972 4561 2103 4602 suos

533 4628 796 4684 allocutus
840 4648 854 4684 :
897 4649 916 4683 ι
953 4631 1046 4687 Sic
1091 4633 1493 4703 prandeamus,
1533 4643 1792 4704 tanquam
1830 4637 1970 4703 apttd
2022 4636 2108 4690 in-

2217 3475 2353 3529 μων,
2397 3459 2430 3528 ἢ
2478 3457 2762 3528 ἄνθρωπος
2803 3456 3065 3528 φρόνιμος
3104 3453 3368 3526 προειδὼς
3395 3451 3540 3522 αὐτῷ
3563 3447 3768 3504 τοιαῦτα

2209 3549 2618 3620 συμϐησόμενα,
2653 3549 2752 3602 οὐκ
2783 3547 2870 3612 ἂν,
2905 3547 3044 3616 εἴγε
3071 3545 3314 3609 ἐδύνατο,
3347 3543 3625 3611 ἐξέκλινεν,
3644 3539 3765 3594 ἀλλὰ

2210 3633 2531 3686 συνέπιπτεν
2556 3627 2637 3696 οἷς
2675 3633 3086 3703 προηπὶστατο;
3125 3648 3143 3680 ι
3183 3630 3295 3683 Καὶ
3340 3627 3626 3699 Σωκράτης
3649 3623 3764 3691 γοῦν

2206 3721 2323 3792 ᾔδει
2355 3721 2416 3775 τὸ
2451 3721 2672 3775 κώνειον
2706 3720 2960 3791 πιόμενος
2989 3719 3083 3772 καὶ
3111 3716 3516 3786 τεθνηξόμενος,
3549 3712 3636 3766 καὶ
3663 3708 3766 3762 ἐδύ-

2210 3831 2358 3878 νατο,
2391 3813 2546 3884 εἴπερ
2573 3813 2800 3882 ἐπείσθη
2833 3811 2912 3880 τῷ
2945 3809 3184 3881 Κρίτωνι
3213 3807 3327 3880 (2-4)
3353 3801 3648 3872 ὑπεξελθὼν
3675 3800 3766 3868 τὴν

2211 3905 2453 3978 φυλακὴν
2487 3905 2651 3977 μηδὲν
2680 3905 2882 3956 τούτων
2913 3902 3105 3956 παθεῖν
3134 3917 3147 3928 ·
3185 3901 3298 3954 ἀλλ’
3329 3900 3518 3961 εἵλετο,
3551 3894 3683 3948 κατὰ
3711 3891 3767 3944 τὸ

2211 3997 2534 4068 φαινόμενον
2568 3995 2716 4066 αὐτῷ
2744 3993 2962 4062 εὔλογον
2983 4033 2996 4057 ,
3028 3995 3274 4063 κρεῖττον
3301 3989 3448 4060 αὐτῷ
3478 3985 3601 4041 εἶναι
3631 3983 3768 4054 φιλο-

2213 4088 2391 4155 σόφως
2425 4085 2789 4156 ἀποθανεῖν,ἦ
2823 4084 3165 4154 ἀφιλοσόφως
3197 4083 3315 4153 ζῇν.
3352 4079 3506 4134 Ἀλλὰ
3531 4079 3766 4132 καὶΛεω-

2211 4177 2360 4241 νίδας
2393 4179 2502 4248 (‘25)
2522 4217 2534 4241 ,
2570 4178 2598 4228 6
2623 4174 3064 4244 Λακεδαιμονίων
3106 4172 3442 4244 στρατηγὸς,
3475 4167 3619 4231 εἰδὼς
3651 4168 3766 4219 ὅσον

2211 4271 2422 4322 οὐδέπω
2446 4269 2831 4338 τεθνηξόμενος
2861 4266 2998 4336 μετὰ
3027 4265 3134 4318 τῶν
3173 4268 3230 4318 ἐν
3257 4263 3638 4336 Θερμοπύλαις,
3671 4260 3766 4310 οίκ

2212 4359 2702 4434 ἐπραγματεύσατο
2747 4359 2807 4412 τὸ
2842 4360 3002 4430 ζῆσαι
3046 4359 3321 4430 αἰσχρῶς·
3366 4354 3478 4408 ἀλλ’
3521 4349 3630 4405 εἶπε
3661 4352 3764 4410 τοῖς

2217 4455 2311 4506 σὺν
2341 4451 2509 4522 αὐτῷ,
2545 4469 2564 4502 ι
2611 4451 3016 4522 Ἀριστήσωμεν
3048 4451 3122 4515 ὼς
3149 4454 3205 4504 ἐν
3233 4449 3359 4521 ᾅδου
3393 4440 3766 4508 δειπνοποιησο-

2218 4561 2368 4616 μενοι
2405 4545 2533 4616 (26).
2577 4565 2597 4598 θ
2633 4542 2727 4609 Οἷς
2759 4545 2815 4598 δέ
2852 4545 2999 4616 μέλει
3041 4543 3284 4614 ἱστορίας
3334 4540 3574 4622 τοιαύῖας
3607 4549 3764 4587 trav-1-

2215 4642 2442 4706 γαγεῖν,
2491 4637 2660 4691 πολλὰ
2709 4639 3018 4711 εὑρήσουσι.
3065 4634 3175 4686 Καὶ
3215 4634 3268 4685 τί
3313 4629 3634 4702 θαυμαστὸν,
3667 4625 3713 4676 εἰ
3739 4625 3766 4675 ὁ

535 4717 677 4775 feros
721 4725 1013 4778 coenaturi.
1051 4743 1070 4776 ι
1129 4725 1224 4780 His
1268 4728 1438 4780 multa
1482 4727 1680 4782 similia
1717 4727 1981 4796 reperiet;
2015 4729 2101 4796 qui

2225 4729 2451 4800 Ἰησοῦς,
2479 4729 2836 4800 ἐπιστάμενος
2855 4727 2924 4780 τὰ.
2945 4745 3008 4780 συ
3017 4725 3354 4798 μϐησόμενα,
3379 4723 3474 4775 οὐκ
3493 4717 3761 4785 ἐξέκλινεν,

537 4811 841 4879 hujusmodi
889 4815 1136 4871 historiis
1186 4817 1503 4885 colligendis
1555 4818 1934 4873 delectabitur.
1963 4819 2104 4885 Quid

610 4925 654 4958 ³⁵
690 4927 862 4984 Joan.
885 4945 940 4996 κ,
971 4928 1057 4983 18.
1137 4929 1181 4960 ³⁸
1217 4928 1371 4984 Joan.
1394 4946 1508 4994 xrx,
1545 4930 1635 4984 32.

608 5021 744 5096 (18);
767 5023 924 5096 Libb.
955 5025 1080 5076 editi
1131 5025 1182 5078 in
1234 5025 1479 5093 margine
1501 5067 1516 5090 ,
1545 5025 1897 5096 δυναμένους.
1938 5023 2103 5096 Paulo

535 5103 658 5163 post
697 5093 836 5146 idem
887 5095 940 5147 in
975 5096 1218 5163 margine
1243 5136 1257 5160 ,
1309 5099 1630 5148 καινοποιεῖν
1659 5093 1808 5147 αὐτό.
1840 5093 1984 5159 Quas
2031 5094 2108 5148 lc-

539 5164 750 5217 ctiones
781 5163 1044 5217 exhibent
1074 5179 1229 5232 mss.,
1266 5175 1494 5232 excepto
1523 5165 1755 5218 Joliano.

610 5232 722 5302 (19)
754 5231 1296 5302 Οἰκονομησίιμένη.
1333 5231 1468 5288 Vide
1496 5235 1623 5288 adn.
1651 5235 1714 5287 ad
1743 5233 1838 5288 lib.
1858 5250 1917 5294 ιι,
1944 5249 1997 5286 n.
2018 5233 2108 5287 45.

609 5303 829 5424 (20)όό
883 5302 1122 5371 Ἰησοῦς
1149 5303 1350 5371 λόγον.
1383 5303 1564 5359 Codex
1610 5303 1846 5374 Regius,
1887 5302 1976 5356 τὸν
2015 5303 2112 5374 Ἰη-

609 5389 670 5424 υν
759 5389 871 5424 γον.

543 5389 670 5425 σουν
699 5389 871 5426 Λογον.

615 5389 1098 5516 ῗέίςοῖἷὲολαϐών.
1127 5443 1268 5516 Lege
1293 5443 1637 5516 προλαϐοῦσα
1657 5487 1670 5510 ,
1713 5457 1838 5497 nam
1875 5441 2110 5498 refertur

546 5513 610 5564 ad
639 5511 735 5585 τὴν
763 5515 958 5585 ψυχήν,
990 5515 1090 5567 nisi
1125 5511 1258 5570 velis
1285 5511 1404 5569 esse
1431 5515 1786 5585 atticistnutn.

620 5581 731 5650 (22)
763 5581 916 5638 "eis.
947 5585 1140 5640 Guieto
1187 5585 1532 5640 scribendum
1581 5583 1833 5644 videtur,
1877 5583 1976 5634 ὅτι.
2027 5581 2106 5634 Ad

549 5653 820 5791 Elii-istum
849 5655 992 5713 enim
1019 5693 1034 5722 ,
1078 5655 1284 5726 inquit,
1333 5653 1564 5711 refertur
1591 5653 1649 5707 τό
1670 5692 1683 5718 ,
1715 5653 1898 5706 οὐκέτι
1930 5650 2109 5723 τεθνή-

583 5741 718 5777 εται.

583 5741 718 5777 εται.

2214 4820 2346 4874 ἀλλὰ
2394 4822 2751 4892 περιέπιπτεν
2795 4815 2876 4884 οἷς
2924 4820 3018 4874 καὶ
3059 4817 3478 4890 προηπίστατο;
3513 4811 3630 4863 ὅπου
3676 4805 3764 4858 καὶ

1783 4929 1826 4960 ³⁸⁷
1862 4929 2020 4984 Rom.
2051 4946 2128 4994 Vl,
2158 4931 2210 4988 9.

2281 5026 2395 5096 (9.3)
2451 5025 2665 5096 Aﬁtoﬁ.
2713 5024 2792 5096 ita
2839 5022 3003 5096 codd.
3049 5019 3254 5091 Regius
3305 5025 3378 5086 ,ει
3433 5011 3760 5068 Basilcensis.

2210 5091 2354 5150 Libri
2380 5091 2514 5150 "vero
2541 5095 2692 5158 editi,
2726 5091 2894 5162 αὐτῷ.

2284 5167 2397 5236 (24)
2435 5165 2517 5230 Τῷ
2545 5151 2814 5236 Κρίέῳιςι,
2836 5151 2976 5236 inde
3002 5160 3280 5236 Platonem
3311 5158 3364 5236 in
3391 5151 3620 5236 θιγοῖσα,
3633 5160 3762 5236 pag.

2210 5217 2457 5289 διξῐιὶὸὶ
2476 5217 2568 5303 ιὶτσ
2589 5217 2899 5304 inaestuet);
2913 5233 3011 5304 τὴν
3026 5229 3298 5304 φυλακήν,
3323 5217 3510 5280 Guieto
3533 5217 3764 5274 Scriberi-

2213 5307 2338 5358 tlum
2365 5299 2597 5368 videtur,
2626 5299 3060 5373 ὑπεξελθὼντῆς
3095 5299 3372 5373 φυλακῆς..
3493 5360 3578 5373 ψ,
3639 5354 3696 5373 Ν

2285 5355 3156 5446 (ἐεγλέῴῆιδέίςῖιιωεεῃεῑῇιέ,,,
3173 5355 3458 5437 Αεωςίίδης.
3493 5360 3610 5415 Vide
3637 5355 3762 5409 Dio-

2221 5441 2410 5498 dorum
2441 5445 2680 5498 Siculum
2718 5445 2811 5498 lib.
2853 5459 2902 5496 χι
2935 5441 3074 5494 Bibl.
3107 5441 3290 5494 histor.
3572 5497 3577 5498 ν
3609 5451 3622 5464 '

2289 5497 2408 5588 (276),
2436 5497 2605 5568 Codd.
2640 5497 2841 5588 liegius
2887 5523 2941 5567 et
2969 5510 3316 5588 lfasileensis,
3345 5497 3752 5588 δειπνησξξξἮς

2217 5574 2556 5645 Plutarchus.
2611 5574 2782 5648 οὒτῶς
2814 5582 3108 5655 ἀριστᾶτε,
3161 5579 3237 5640 ὡς
3387 5574 3504 5644 ᾅδω
3549 5574 3760 5655 ῆεεξιη-

2218 5633 2596 5720 ὲόξᾷἐέξῖῖἷάθ
2618 5633 2902 5709 vacarit;
2923 5633 3242 5714 tinnitum,
3273 5648 3362 5702 lib.
3391 5633 3468 5709 in,
3495 5652 3598 5707 εειν·
3627 5633 3686 5686 ἓν
