4002 6536
224 386 328 442 835

1427 378 1704 436 CONTRA
1742 377 2018 435 CELSUM
2053 378 2182 434 LIB.
2221 379 2285 436 11.

3380 381 3488 437 832

220 499 453 565 Παῦλος,
489 501 518 554 6
548 496 794 570 μαθητὴς
823 495 1010 560 αὐτοῦ,
1031 497 1268 562 ἀκούσας
1309 497 1374 552 τὰ
1419 501 1796 573 συμϐησόμενα

1909 501 2074 572 igitur
2112 500 2308 554 mirum
2341 499 2509 556 videri
2547 501 2704 557 debet
2750 502 2794 558 si
2841 501 3020 569 Iesus,
3049 502 3177 560 licet
3221 507 3482 575 praescius

221 591 371 662 αὕτῷ
404 590 666 644 ἀναϐάντι
695 592 776 653 εἰς
815 588 884 642 τὰ
929 589 1301 662 Ἰεροσόλυμα,
1359 592 1524 662 ὁμόσε
1554 595 1665 655 τοῖς
1692 610 1806 645 κιν-

218 682 400 746 δύνοις
430 682 730 753 ἐχώρησεν,
753 681 1104 752 ἐπιπλήσσων
1129 681 1221 735 καὶ
1248 687 1358 745 τοῖς
1388 682 1805 754 δεδακρυμένοις

222 775 350 845 περὶ
391 773 554 828 αὑτὸν
597 773 692 826 καὶ
738 771 1036 825 κωλύουσιν
1075 772 1341 843 ἀναϐῆναι
1369 774 1448 836 είς
1475 772 1542 826 τά
1578 774 1804 844 Ἰεροσό-

222 866 391 934 λυμα.
428 864 622 918 Πολλοὶ
647 864 701 916 δὲ
732 865 824 916 καὶ
859 863 964 917 τῶν
1007 864 1128 917 καθ’
1161 867 1310 935 ἡμᾶς
1354 865 1702 937 ἐπιστάμενοι
1730 865 1806 928 ὡς

223 959 669 1028 ὁμολογήσαντες
699 956 798 1027 μὲν
870 957 1322 1028 Χριστιανισμδν,
1370 955 1799 1011 ἀποθανοῦνται⁸

225 1052 597 1123 ἀρνησάμενοι
641 1050 696 1102 δὲ
741 1048 1202 1121 ἀπολυθήσονται,
1253 1050 1346 1102 καὶ
1384 1051 1451 1103 τὰ
1493 1050 1804 1121 ὑπάρχοντα

223 1143 617 1214 ἀπολήψονται,
650 1140 1058 1212 κατεφρόνησαν
1093 1140 1187 1210 μὲν
1227 1140 1319 1193 τοῦ
1362 1141 1510 1212 βίου,
1543 1139 1804 1205 ἑκουσίως

219 1236 276 1288 δὲ
303 1235 397 1288 τὸν
426 1234 568 1305 ὑπὲρ
597 1233 876 1296 εὐσεϐείας
907 1231 1134 1286 θάνατον
1159 1232 1380 1303 εἴλοντο.

1911 608 2089 647 rerum
2117 608 2236 662 quae
2261 593 2362 650 sibi
2393 603 2577 650 essent
2605 595 2943 659 obventurae,
2972 609 3034 650 ea
3068 604 3246 652 tamen
3279 597 3480 654 discri-

1907 684 2049 738 mina
2087 685 2258 740 subiit
2285 702 2406 754 qum
2434 687 2806 757 praeviderat?
2835 687 3032 743 Paulus
3083 689 3202 758 ejus
3233 689 3480 759 discipu-

1905 775 2006 841 lus,
2035 792 2157 830 cum
2203 779 2467 833 audiisset
2513 793 2631 847 qua:
2682 780 2782 834 sibi
2815 782 3066 849 patienda
3101 781 3478 845 imminerent,

1905 869 1948 922 si
1979 867 2279 924 Jerusalem
2324 881 2535 940 peteret
2571 871 2638 937 ³⁸,
2669 872 2910 941 periculo
2964 887 3021 927 se
3057 873 3358 938 commisit,
3396 872 3478 925 in.

1908 974 2136 1026 crepans
2165 975 2258 1015 eos
2285 963 2374 1032 qui
2411 963 2581 1030 ipsius
2617 972 2815 1017 sortem
2849 964 3094 1034 lugerent
3124 964 3481 1033 impedirent-

1909 1065 2014 1119 qne
2043 1052 2331 1122 quominus
2379 1053 2505 1108 illuc
2552 1064 2826 1124 pergeret.
2859 1055 2998 1121 Quin
3050 1063 3105 1110 et
3135 1056 3286 1109 multi
3322 1070 3352 1110 e
3382 1069 3481 1110 n0-

1907 1140 2060 1203 stris,
2096 1142 2344 1209 quamvis
2395 1144 2560 1212 probe
2604 1144 2810 1197 scirent
2857 1159 2934 1208 se,
2973 1145 3017 1198 si
3067 1145 3120 1198 in
3171 1143 3480 1199 conﬁtendo

1907 1231 2328 1290 Christianismo
2360 1245 2691 1306 perstarent,
2723 1237 3018 1292 moriturus
3049 1255 3064 1304 ;
3091 1248 3285 1293 contra
3316 1240 3480 1294 abso-

222 1329 398 1381 lutum
434 1328 500 1381 iri
546 1336 602 1382 et
655 1343 783 1381 suas
829 1325 1110 1380 facultates
1173 1334 1617 1396 recuperaturos,
1668 1325 1712 1382 si
1771 1325 2095 1383 desisterent
2136 1346 2150 1396 ;
2210 1329 2414 1396 tamen,
2468 1330 2717 1400 despecta
2761 1333 2892 1401 vita,
2961 1332 3202 1389 volentes
3250 1343 3476 1389 mortem

218 1421 446 1488 pietatis
475 1435 636 1475 causa
668 1423 1062 1474 occubuerunt.

301 1509 467 1579 Ἑξῆς
529 1510 584 1562 δὲ
634 1508 806 1580 τούτῳ
850 1510 942 1564 καὶ
998 1510 1124 1565 ἀλλο
1157 1507 1347 1579 εὔηθές
1407 1513 1620 1582 φησινό
1649 1511 1800 1585 παρὰ

219 1597 299 1668 τῷ
322 1598 522 1668 Κέλσῳ
562 1597 808 1662 Ἰουδαῖος
829 1639 842 1662 ,
877 1598 958 1651 δτι
989 1597 1106 1662 πῶς
1126 1637 1140 1660 ,
1175 1616 1192 1649 ι
1231 1598 1401 1671 Εἴπερ
1439 1604 1666 1672 προεῖπε
1698 1602 1797 1655 καὶ

218 1691 312 1742 τὸν
332 1689 682 1760 προδώσοντα
715 1690 808 1743 καὶ
828 1688 917 1742 τὸν
937 1691 1074 1761 ἁρνη
1084 1689 1326 1760 σύμενον,
1352 1692 1450 1744 οὐκ
1483 1692 1548 1745 ἂν
1578 1693 1652 1757 ὡς
1668 1692 1799 1746 Θεὸν

1978 1511 2064 1567 18.
2103 1509 2362 1582 Sequitur
2387 1511 2532 1566 aliud
2563 1527 2714 1580 aeque
2761 1513 2982 1570 stultum
3010 1533 3023 1570 :
3057 1533 3076 1567 ι
3114 1514 3170 1570 Si
3201 1516 3477 1587 praedixit,

1906 1600 2081 1671 inquit
2109 1602 2248 1670 apud
2277 1603 2493 1658 Celsum
2519 1602 2754 1669 Iudaeus,
2783 1606 2944 1658 istum
2971 1606 3308 1675 proditurum
3332 1621 3476 1670 esse,

1909 1693 2057 1748 illum
2089 1709 2218 1749 vero
2247 1705 2571 1766 negaturum
2603 1714 2616 1764 ;
2655 1714 2754 1754 cur
2788 1698 2936 1752 illum
2974 1709 3031 1752 ut
3059 1699 3226 1754 Deum
3257 1716 3362 1754 non
3390 1715 3480 1753 ve-

215 1781 593 1852 ἐφοδήθησαν,
616 1783 687 1843 ὡς
716 1781 805 1833 τὸν
838 1781 934 1851 μὲν
964 1783 1037 1854 μὴ
1069 1783 1360 1854 προδοῦναι
1391 1783 1489 1848 ἔτι,
1517 1785 1606 1838 τὸν
1636 1786 1691 1838 δὲ
1726 1787 1796 1857 μὴ

1905 1785 1993 1840 riti
2041 1796 2188 1853 sunt,
2221 1800 2592 1860 caveruntque
2641 1792 2762 1856 iste,
2803 1807 2871 1846 ne
2913 1792 3208 1861 proderet,
3267 1793 3374 1857 ille,
3411 1809 3478 1847 ne

217 1871 610 1944 ἁρνήσασθαι;
649 1891 666 1922 ι
718 1874 828 1926 Καὶ
878 1873 976 1926 οὐκ
1023 1870 1127 1927 είδέ
1173 1875 1281 1945 (27)
1326 1893 1388 1944 γε
1439 1877 1467 1928 6
1498 1875 1803 1946 σοφώτατος

215 1963 429 2026 Κέλσος
462 1963 518 2014 ὲν
661 1962 810 2035 τόπῳ
843 1963 942 2035 τὴν
986 1965 1198 2037 μάχην,
1233 1969 1316 2020 ὅτι
1357 1969 1406 2020 εἰ
1449 1969 1545 2039 μὲν
1580 1969 1689 2040 (28)
1728 1969 1805 2032 ὡς

213 2056 354 2119 Θεὸς
391 2056 660 2126 προέγνω,
705 2056 800 2109 καὶ
851 2058 948 2127 οὐχ
993 2052 1105 2110 οἷόν
1154 2075 1212 2111 τε
1254 2053 1322 2129 ἦν
1351 2059 1513 2112 αὑτοῦ
1544 2061 1640 2131 τὴν
1673 2062 1804 2132 πρό-

213 2164 422 2215 γνωσιν
447 2147 747 2216 ψεύσασθαι
772 2164 784 2178 ⁸
815 2149 913 2219 οὐχ
947 2144 1056 2202 οἶόν
1085 2167 1144 2202 τε
1175 2147 1242 2220 ἦν
1273 2149 1393 2203 οὔτε
1419 2151 1508 2204 τὸν
1537 2154 1804 2224 ἐγνωσμέ-

214 2259 307 2293 νον
348 2240 427 2302 ὡς
473 2239 814 2311 προδώσοντα
857 2241 931 2312 μὴ
975 2240 1299 2312 προδοῦναι,
1354 2241 1478 2295 οὔτε
1515 2242 1605 2296 τὸν
1652 2243 1802 2312 ἐλεγ-

217 2334 418 2404 χθέντα
443 2333 813 2403 ἀρνησόμενον
849 2332 922 2404 μὴ
951 2331 1310 2404 ἀρνήσασθαι’
1353 2334 1401 2386 εί
1435 2331 1480 2386 δ’
1521 2329 1631 2386 οἷόν
1659 2335 1704 2388 τ’
1733 2331 1802 2406 ἦν

216 2425 370 2478 τόνδε
400 2423 498 2495 μὲν
526 2422 599 2493 μὴ
628 2422 947 2494 προδώσειν,
979 2423 1124 2476 τόνδε
1152 2422 1209 2476 δὲ
1243 2422 1316 2494 μὴ
1347 2421 1700 2493 ἀρνήσασθαι,
1727 2423 1802 2488 ὼς

216 2517 313 2569 καὶ
353 2515 608 2584 γενέσθαι
649 2515 713 2568 ἂν
737 2515 796 2568 τὸ
822 2515 896 2587 μὴ
924 2514 1211 2587 προδοῦναι
1246 2514 1336 2568 καὶ
1365 2514 1424 2567 τὸ
1455 2513 1529 2586 μὴ
1556 2514 1799 2586 ἀρνήσα-

217 2608 344 2662 σθαι
374 2609 431 2659 ὲν
460 2611 571 2671 τοῖς
605 2607 777 2660 ταῦτα
812 2605 1299 2678 προμεμαθηκόσιν
1325 2646 1339 2669 ,
1380 2605 1559 2659 οὐκέτι
1597 2606 1801 2678 ἀληθὴς

210 2695 283 2770 ἦν
311 2701 340 2751 6
371 2699 563 2766 λέγων,
591 2698 670 2751 δτι
709 2698 796 2751 δδε
839 2698 936 2768 μὲν
971 2697 1258 2770 προδώσει,
1287 2698 1370 2750 ὅδε
1399 2697 1456 2750 δὲ
1485 2697 1795 2769 ἀρνήσεται.

213 2791 330 2845 Καὶ
358 2789 468 2862 γὰρ
489 2792 536 2843 εί
565 2790 811 2861 προέγνω
844 2789 1209 2861 προδώσοντα,
1240 2789 1338 2860 τήν
1369 2789 1628 2860 πονηρίαν
1659 2785 1799 2842 οἶδεν

349 2879 418 2954 ἧς
448 2881 754 2953 προδώσει,
789 2883 915 2951 ἤτις
951 2880 1012 2932 οὐ
1067 2879 1284 2943 πάντως
1321 2881 1385 2932 ἐκ
1413 2880 1509 2951 τῆς
1553 2879 1798 2951 προγνώ-

215 2993 358 3038 σεως
381 2975 764 3046 ἀνετέτραπτο.
800 2973 968 3026 Πάλιν
994 2989 1052 3026 τε
1083 2971 1150 3025 αὖ
1183 2974 1229 3024 εἰ
1262 2970 1552 3041 κατείληφε
1585 2971 1675 3024 τὸν
1700 2971 1798 3042 ἀρ-

213 3068 517 3139 νησόμενον
539 3106 554 3130 ,
591 3067 688 3137 τὴν
725 3065 1007 3120 ἀσθένειαν
1047 3062 1200 3127 ἰδὼν,
1235 3064 1329 3132 ἀφ’
1374 3057 1442 3135 ἧς
1481 3063 1794 3134 ἀρνήσεται,

214 3161 500 3229 προεῖπεν,
546 3156 627 3209 ὅτι
653 3157 978 3226 ἀρνήσεται·
1015 3155 1048 3225 ἡ
1078 3153 1123 3206 δ’
1155 3153 1406 3206 ἀσθένεια
1435 3153 1533 3206 οὐκ
1575 3152 1796 3223 ἔμελλεν

213 3247 622 3319 ἀνατρέπεσθαι
663 3247 835 3311 οὕτως
868 3247 1080 3318 ἀθρόως
1124 3245 1230 3299 ἀπὸ
1278 3247 1376 3318 τῆς
1416 3244 1796 3318 προγνώσεως.

213 3341 391 3396 Πόθεν
418 3341 475 3393 δὲ
510 3342 604 3394 καὶ
636 3339 712 3392 τόο
745 3357 763 3390 ι
807 3338 943 3391 Ἀλλ’
969 3337 1122 3392 αὐτοὶ
1155 3337 1466 3408 προέδωκάν
1493 3355 1549 3390 τε
1580 3337 1675 3390 καὶ
1704 3337 1800 3409 ἠρ-

215 3434 479 3502 νήσαντο,
514 3430 677 3500 μηδὲν
701 3428 863 3483 αὑτοῦ
893 3428 1302 3500 φροντίσαντες;
1338 3447 1356 3480 ι
1396 3428 1633 3501 Ἐδείχθη
1665 3427 1795 3500 γὰρ,

212 3526 299 3578 ὅτι
333 3524 465 3595 περὶ
494 3524 592 3594 μὲν
629 3523 721 3575 τοῦ
751 3522 1038 3594 προδόντος
1081 3520 1272 3590 ψεῦδος
1309 3521 1370 3573 τὸ
1416 3521 1676 3593 μηδαμῶς
1703 3523 1800 3575 αύ-

212 3617 304 3668 τδν
373 3614 768 3687 πεφροντικότα
824 3613 916 3667 τοῦ
981 3613 1300 3668 διδασκάλου
1366 3616 1790 3686 προδεδωκέναι⁸

210 3707 368 3762 οὐδὲν
397 3707 443 3759 δ’
473 3703 634 3778 ἧττον
665 3703 757 3757 καὶ
802 3705 931 3775 περὶ
981 3702 1076 3756 τοῦ
1111 3704 1484 3776 ἀρνησαμένου
1514 3706 1672 3759 τοῦτο
1698 3706 1799 3760 δείρ

211 3816 432 3862 κνυται,
449 3798 506 3861 ὃς
536 3795 763 3863 ἐξελθὼν
785 3794 908 3862 ἔξω,
926 3794 1062 3866 μετά
1087 3796 1147 3849 τὸ
1174 3796 1533 3871 ἀρνήσασθαι,
1565 3797 1796 3852 ἔκλαυσε

214 3891 455 3962 πικρῶς.

300 3980 652 4035 Ἐπιπόλαιον
699 3979 754 4034 δὲ
805 3979 898 4032 καὶ
931 3979 990 4034 τό
1013 3997 1026 4010 °
1069 3998 1087 4031 ι
1118 3980 1255 4052 Ἤδη
1303 3980 1410 4052 γάρ
1440 3998 1542 4034 που
1586 3980 1676 4034 καὶ¹
1705 3981 1795 4036 ἄν·-

214 4075 438 4145 Ορωπος
473 4071 952 4142 ὲπιϐουλευόμενός
999 4088 1058 4124 τε
1100 4071 1193 4124 καὶ
1221 4071 1664 4143 προαισθόμενος,
1701 4072 1795 4126 ἐὰν

214 4165 460 4236 προείπῃ
492 4166 603 4226 τοῖς
647 4162 1113 4227 ἐπιϐουλεύουσιν,
1152 4163 1547 4234 ἀποτρέπονται
1583 4163 1672 4216 καὶ
1707 4180 1798 4232 φυ-

207 4257 527 4309 λάσσονται.
580 4273 600 4307 ι
647 4253 838 4307 Πολλοὶ
877 4253 985 4325 γὰρ
1036 4253 1130 4307 καὶ
1182 4253 1628 4324 προαισθομένοις
1683 4257 1795 4317 τοῖς

206 4344 718 4416 ἐπιϐουλευομένοις
767 4343 1182 4398 ἐπεϐούλευσαν.
1227 4343 1386 4414 Ἑξῆς
1425 4343 1480 4396 δὲ
1503 4383 1517 4407 ,
1553 4344 1794 4415 ὡσπερεὶ

206 4440 270 4491 τὸ
303 4437 676 4509 συμπέρασμα
709 4437 927 4506 ὲπάγων
955 4437 1031 4508 τῷ
1059 4436 1234 4508 λόγῳ,
1268 4436 1459 4507 φησίν⁹
1525 4455 1543 4487 ι
1586 4436 1791 4489 Οὔκουν

1906 1881 2168 1949 negaret?
2203 1901 2221 1934 ι
2259 1880 2372 1936 Non
2402 1883 2532 1936 vidit
2563 1884 2750 1939 Celsus
2792 1885 2954 1938 homo
3013 1883 3102 1938 ille
3133 1884 3476 1954 sapientissi-

1906 1988 2023 2026 mus
2049 1975 2367 2044 puguautia,
2409 1991 2467 2031 se
2495 1976 2663 2046 loqui.
2695 1976 2828 2030 Nam
2886 1977 2932 2031 si
2969 1987 3027 2031 ut
3085 1977 3226 2032 Deus
3266 1993 3475 2047 praeno-

1906 2065 2005 2131 vit,
2053 2082 2150 2120 nec
2202 2067 2316 2122 ﬁeri
2369 2079 2581 2138 poterat
2636 2081 2694 2125 ut
2748 2071 3012 2141 prsenotio
3067 2069 3472 2134 frustraretur;

1903 2158 2018 2214 ﬁeri
2076 2161 2261 2229 utique
2314 2176 2419 2215 non
2469 2161 2679 2230 potuit,
2725 2173 2781 2216 ut
2829 2164 2920 2232 qui
2988 2163 3475 2233 prmcognosceba-

1903 2259 1990 2304 tur
2019 2251 2363 2319 proditurus,
2401 2253 2445 2306 is
2477 2266 2582 2306 non
2630 2254 2886 2321 proderet
2925 2295 2941 2321 ,
2991 2264 3084 2308 aut
3112 2270 3217 2308 non
3253 2262 3476 2324 negaret

1903 2340 2010 2406 ille,
2045 2342 2158 2411 qui,
2189 2353 2250 2396 ut
2276 2354 2590 2414 negaturus,
2626 2346 2986 2414 reprehensus
3017 2346 3225 2402 fuerat.-
3249 2347 3341 2401 Sin
3376 2361 3476 2400 au-

1905 2447 2008 2492 tem
2033 2439 2172 2493 alter
2198 2454 2303 2494 non
2335 2439 2586 2509 prodere,
2631 2439 2770 2493 alter
2816 2456 2921 2494 non
2954 2455 3150 2512 negare
3184 2441 3470 2510 potuisset,

1903 2530 1972 2583 ita
2009 2541 2064 2584 ut
2101 2531 2424 2598 prmmoniti,
2461 2530 2553 2585 ille
2584 2545 2690 2585 non
2729 2531 3098 2599 prodidisset,
3133 2533 3218 2585 hic
3245 2547 3348 2587 non
3379 2545 3473 2585 ne-

1901 2632 2118 2692 gasset;
2152 2637 2314 2677 verax
2345 2639 2449 2677 non
2489 2622 2680 2678 fuisset
2715 2624 2822 2689 ille,
2872 2625 2962 2692 qui
3012 2624 3243 2678 alterum
3288 2625 3472 2694 prodi-

1904 2723 2107 2779 turum,
2142 2714 2370 2768 alterum
2426 2723 2746 2784 negaturum
2790 2729 2911 2768 esse
2945 2714 3179 2770 dixerat.
3227 2715 3283 2770 Si
3328 2718 3470 2771 enim

1901 2811 2160 2878 prmnovit
2189 2811 2551 2879 proditurum,
2583 2810 2730 2864 novit
2778 2809 3042 2863 malitiam
3090 2809 3232 2863 unde
3286 2809 3472 2862 nasci-

1902 2911 2022 2956 tura
2053 2912 2170 2956 erat
2199 2901 2454 2971 proditio.
2488 2915 2759 2971 quamque
2791 2910 3036 2955 evertere
3067 2899 3326 2970 prmnotio
3352 2915 3473 2954 om-

1900 2993 2029 3047 nino
2057 3007 2162 3046 non
2197 3001 2428 3062 poterat.
2455 2991 2920 3058 Quemadmodum
2950 2991 2994 3045 si
3020 2991 3287 3058 prmscivit
3307 3005 3475 3060 nega-

1903 3091 2104 3143 turum,
2134 3083 2288 3137 novit
2313 3081 2762 3144 imbecillitatem,
2794 3095 2911 3150 qum
2934 3081 3123 3134 datura
3154 3081 3326 3136 locum
3353 3091 3472 3136 erat

1905 3175 2206 3246 negationi,
2241 3177 2450 3245 hacque
2499 3176 2565 3230 de
2610 3189 2776 3231 causa
2826 3184 3150 3243 negaturum
3183 3190 3304 3231 esse
3336 3190 3472 3244 prato

1904 3267 2192 3322 nuntiavit.
2225 3266 2350 3322 llzec
2375 3283 2501 3322 vero
2537 3268 2878 3325 imbecillitas
2908 3268 3153 3322 coerceri
3183 3267 3470 3323 confestim

1903 3376 2008 3414 non
2045 3360 2218 3429 potuit
2264 3377 2292 3413 a
2331 3361 2685 3429 praenotione.
2719 3362 2872 3418 Unde
2903 3371 3085 3416 autem
3135 3364 3279 3430 cepit
3327 3360 3474 3430 quod

1902 3453 2014 3507 ait:
2049 3472 2067 3505 ι
2107 3453 2180 3507 Illi
2229 3460 2405 3507 tamen
2454 3469 2578 3508 eum
2614 3454 2768 3508 nihili
2817 3452 3081 3508 facientes
3114 3454 3474 3523 prodiderunt

1900 3556 1954 3601 et
1981 3547 2358 3617 negaverunt?
2390 3567 2408 3600 ι
2446 3547 2616 3614 Quam
2644 3547 2785 3602 enim
2823 3548 2925 3602 hoc
2951 3547 3024 3626 de
3050 3545 3185 3600 Juda
3234 3547 3305 3600 sit
3337 3545 3472 3598 alie-

1905 3656 2033 3694 num
2059 3655 2088 3693 a
2108 3640 2360 3702 veritate,
2388 3638 2501 3707 jam
2527 3648 2650 3693 ante
2671 3639 3034 3701 ostendimus;
3061 3652 3162 3692 nec
3190 3638 3364 3706 magis
3384 3652 3475 3690 ar-

1899 3731 2004 3786 duu
2015 3741 2158 3786 mest
2173 3732 2310 3786 idem
2323 3732 2388 3785 de
2403 3731 2563 3786 Petro
2576 3730 2974 3796 demonstrare,
2990 3730 3187 3799 quippe
3199 3729 3312 3798 qui,
3329 3736 3476 3796 post-

1897 3838 2058 3892 quam
2090 3831 2404 3891 negaverat,
2428 3836 2680 3892 egressus
2711 3820 2858 3877 foras
2891 3835 3075 3876 amare
3109 3819 3318 3876 ﬂeverit
3341 3819 3407 3873 ”.

1968 3976 2056 4032 l9.
2089 3975 2262 4031 Futile
2289 3975 2450 4031 etiam
2479 3984 2562 4031 est
2597 3976 2739 4032 istud
2769 3993 2784 4030 :
2828 3995 2846 4030 ι
2883 3976 3062 4044 Certe,
3113 3976 3311 4045 inquit,
3346 3990 3467 4031 cum

1894 4067 2055 4141 405
2093 4070 2252 4122 homo
2285 4077 2499 4138 paratas
2525 4069 2625 4123 sibi
2666 4069 2894 4124 insidias
2939 4070 3221 4140 praesentit
3249 4079 3303 4123 et
3335 4069 3468 4124 insi-

1895 4163 2137 4214 diatores
2168 4172 2485 4230 praemonet,
2536 4161 2589 4215 hi
2632 4162 2972 4216 deterrentur
3016 4176 3046 4214 a
3090 4161 3368 4231 preposito
3411 4169 3468 4215 et

1895 4261 2088 4319 cavent
2114 4252 2237 4305 sibi.
2276 4271 2294 4304 ι
2327 4251 2475 4306 Multi
2509 4253 2654 4306 enim
2705 4252 2869 4306 etiam
2902 4252 2968 4307 iis
3017 4253 3110 4321 qui
3149 4253 3470 4320 praesentie-

1894 4344 2046 4410 bant,
2082 4344 2435 4399 nihilominus
2480 4344 2706 4399 insidias
2734 4344 2903 4400 tnoliti
2941 4355 3085 4400 sunt.
3119 4344 3243 4398 llaec
3273 4343 3469 4398 deinde

1897 4436 2047 4504 quasi
2084 4434 2202 4502 ejus
2250 4435 2525 4490 conclusio
2569 4445 2652 4490 est
2703 4453 2717 4489 :
2757 4455 2775 4488 ι
2825 4434 2943 4490 Non
2994 4436 3162 4504 igitur
3210 4435 3464 4504 quoniam

208 4529 401 4600 ἐπειδὴ
447 4529 736 4600 προείρητο
785 4528 991 4590 ταῦτα,
1042 4528 1300 4596 γέγονεν·
1348 4525 1607 4580 ἀδύνατον
1659 4526 1786 4596 γάρ.

1902 4529 2010 4584 lucc
2033 4528 2291 4599 praedicta
2317 4538 2462 4595 sunt,
2488 4529 2823 4584 acciderunt.
2851 4530 2984 4582 Nam
3011 4527 3340 4597 impossibile
3357 4537 3463 4582 est.

217 4619 366 4674 Ἀλλ’
410 4621 597 4690 ἐπειδὴ
639 4621 861 4690 γέγονε,
905 4619 1097 4689 ψεῦδος
1135 4618 1414 4688 ἐλέγχεται
1448 4617 1508 4670 τὸ
1541 4633 1793 4688 προειρη-

203 4713 397 4767 κέναι·
433 4713 607 4784 πάντη
637 4713 745 4784 γὰρ
774 4713 1052 4783 ἀμήχανον
1084 4711 1206 4773 τοὺς
1236 4708 1682 4781 προακούσαντας
1710 4707 1789 4761 ἔτι

204 4805 502 4878 προδοῦναι
537 4806 630 4860 καὶ
670 4803 1026 4876 ἀρνήσασθαι.
1076 4821 1096 4856 ι
1149 4803 1533 4872 Ἀνατραπεῖσι
1573 4801 1630 4855 δὲ
1677 4803 1791 4865 τοῖς

202 4898 630 4970 προειρημένοις
654 4896 1030 4968 συνανετράπη
1050 4895 1109 4948 τὸ
1141 4893 1510 4966 συμπέρασμα
1537 4896 1619 4955 τὸ,
1639 4912 1656 4945 ι
1682 4893 1791 4946 Καὶ

200 4989 331 5041 ἐπεὶ
363 4987 473 5059 (29)
518 4987 806 5060 προείρητο
847 4985 1038 5050 ταῦτα,
1079 4985 1288 5053 γέγονε.
1334 5003 1352 5035 ι
1393 4985 1575 5056 Φαμὲν
1620 4985 1664 5036 δ’
1707 4984 1789 5037 ὃτι

198 5081 302 5135 καὶ
327 5080 566 5149 γέγονεν,
593 5080 669 5143 ὠς
695 5080 914 5134 δυνατόν
1071 5097 1085 5110 ο
1115 5079 1207 5132 καὶ
1236 5080 1358 5132 ἐπεὶ
1385 5079 1628 5149 γέγονεν,
1665 5077 1792 5148 ἀλη-

197 5173 300 5235 θὲς
328 5171 599 5224 δείκνυται
628 5171 690 5224 τὸ
717 5171 1136 5243 προειρηκέναι·
1171 5170 1230 5223 τὸ
1263 5169 1371 5242 γὰρ
1403 5170 1531 5240 περὶ
1566 5167 1785 5238 μελλόνο

192 5282 316 5318 των
348 5263 548 5335 ἀληθὲς
587 5267 709 5328 ταῖς
754 5264 1009 5318 ὲκδάσεσι
1039 5265 1301 5337 κρίνεται.
1333 5262 1542 5325 Ψεῦδος
1587 5259 1680 5315 οὖν
1729 5261 1790 5312 τὸ

193 5361 296 5412 ὑπ’
328 5356 494 5411 αὑτοῦ
522 5356 694 5420 οὕτως
720 5357 1041 5428 εἰρημένον,
1068 5358 1149 5412 δτι
1187 5355 1379 5428 ψεῦδος
1421 5354 1696 5424 ἐλέγχεται
1726 5352 1788 5406 τὸ

271 5499 321 5532 ³³
358 5500 481 5555 Act.
510 5515 626 5567 ιιι,
661 5500 748 5555 12.

269 5640 392 5712 (27)
420 5640 780 5713 Eide._Codd.
807 5642 1008 5713 Regius
1032 5685 1048 5711 ,
1079 5640 1409 5713 Basileensis
1433 5646 1490 5696 et
1517 5637 1775 5710 Anglica-

189 5707 308 5768 nus
341 5707 568 5776 primus.
595 5711 743 5766 Libri
773 5707 951 5766 autein
982 5707 1138 5777 editi,
1165 5707 1294 5765 οἶδε.

274 5781 392 5854 (9.8)
428 5782 547 5854 ’Ὁτι
573 5785 624 5835 ει
651 5781 786 5854 μέν.
816 5782 907 5854 Sic
944 5793 1091 5854 recte
1114 5797 1246 5854 mss.
1282 5781 1581 5854 restituunt
1607 5779 1777 5854 parti-

191 5851 380 5908 culam
408 5852 483 5919 el,
517 5867 636 5922 quae
669 5853 738 5907 ab
769 5853 927 5909 editis
970 5853 1125 5908 libris
1167 5853 1376 5908 incuria
1409 5851 1774 5923 typographu-

824 5501 866 5536 ³⁸
908 5500 1100 5556 Matth.
1135 5515 1286 5564 xxvi,
1328 5497 1417 5553 75.

1895 4617 2012 4675 lmo
2057 4622 2198 4688 quod
2253 4621 2584 4684 acciderint,
2631 4621 2754 4675 ideo
2797 4620 2992 4675 falsum
3037 4629 3123 4674 est
3167 4619 3270 4682 illa,
3300 4619 3469 4674 fuisse

1895 4710 2173 4781 prmdicta.
2205 4709 2336 4765 Nam
2371 4710 2486 4763 ﬁeri
2521 4726 2624 4764 non
2659 4711 2833 4779 potuit
2875 4720 2932 4765 ut
2960 4710 3225 4779 prodituri
3259 4720 3354 4765 aut
3377 4725 3467 4764 ne.-

1895 4797 2070 4868 gaturi
2120 4806 2321 4865 essent,
2369 4800 2458 4869 qui
2512 4800 2816 4869 praemoniti
2861 4800 3103 4855 fuerant.
3142 4819 3160 4852 ι
3198 4800 3304 4855 Sed
3336 4801 3463 4855 sub-

1895 4893 2070 4946 versis
2109 4906 2228 4958 quae
2257 4902 2382 4946 ante
2430 4893 2591 4955 dixit.
2641 4903 2861 4947 corruat
2895 4906 3119 4947 necesse
3167 4901 3250 4947 est
3278 4902 3332 4948 et
3363 4893 3462 4948 ista

1893 4983 2213 5038 conclusio:
2251 5002 2271 5034 ι
2309 4983 2426 5040 Non
2458 4985 2624 5056 igitur
2648 4985 2778 5054 quia
2808 4986 3064 5054 praedicta
3095 4996 3284 5054 erant,
3319 4988 3465 5042 acci-

1893 5075 2110 5133 derunt.
2141 5096 2162 5128 ι
2190 5076 2348 5131 Certe
2376 5077 2693 5133 acciderunt
2715 5087 2770 5132 et
2805 5079 3024 5149 quidem
3060 5087 3118 5133 ut
3141 5081 3459 5150 possibilia;

1895 5178 1948 5225 et
1967 5169 2093 5237 quia
2123 5171 2461 5237 acciderunt,
2481 5180 2766 5242 propterea
2800 5171 3056 5242 pra‘dicta
3083 5161 3462 5228 {uis-severum

1893 5269 1996 5316 est.
2025 5259 2159 5315 Nam
2195 5277 2320 5315 vera
2355 5277 2534 5317 rerum
2569 5263 2880 5318 futurarum
2907 5264 3182 5334 praedictio
3210 5279 3277 5318 ex
3299 5278 3463 5319 even-

1896 5353 2037 5409 tibus
2061 5355 2360 5426 jud-icatur.
2396 5355 2528 5412 Cum
2563 5355 2729 5428 igitur
2768 5357 2847 5413 ait
2887 5356 3075 5414 Celsus
3115 5353 3309 5412 falsum
3340 5369 3467 5412 esse

1883 5649 2004 5689 rum
2040 5633 2345 5690 exciderat.

1887 5704 2067 5832 ιφέὲἓ)
2090 5705 2196 5760 Καὶ
2227 5706 2371 5760 ἐπεί.
2404 5705 2736 5780 Legendum,
2759 5708 2859 5762 οὐκ
2886 5710 3026 5776 ἐπεί,
3059 5724 3123 5764 ex
3153 5709 3465 5779 prmccden.

1913 5796 1925 5832 Ι
2039 5814 2053 5830 ο

2106 5847 2197 5914 Ὠς
2228 5847 2508 5904 δυνατόν.
2565 5848 2762 5907 Guielo
2819 5849 3169 5908 scribendum
3223 5851 3460 5921 videtur,
