3902 6414
583 307 686 366 855

2062 291 2387 348 ORIGENIS

3730 305 3816 358 836

582 433 697 486 haec
737 442 767 482 a
795 426 920 481 .lesu
949 423 1114 478 fuisse
1138 420 1420 492 przedicta,
1461 418 1578 473 falsi
1612 417 1730 486 ipse
1765 416 2136 482 convincitur;

2257 413 2681 486 προειρηκέναιο
2731 413 2824 467 καὶ
2870 411 3048 486 μάτην
3095 414 3337 470 λέλεκται
3387 417 3466 488 τῷ
3517 419 3708 490 Κέλσῳ
3753 429 3820 486 τὸ,

579 521 724 575 sicut
754 527 808 573 et
836 519 937 570 hoc
959 515 1102 568 aliud
1133 511 1274 582 quod
1306 510 1443 565 dixit
1471 528 1483 563 :
1517 528 1536 562 α
1570 509 1716 562 Fieri
1748 509 1892 562 enim
1918 523 2023 563 non
2059 522 2158 577 po-

581 617 683 670 tuit
719 623 779 668 ut
819 607 1086 683 prodituri
1124 616 1218 662 aut
1251 607 1497 679 negaturi
1543 615 1756 672 essent,
1791 603 1884 674 qui
1918 617 2155 675 praemo-

578 708 675 761 niti
719 706 953 760 fuerant.
995 721 1014 754 ι

646 797 739 852 20.
769 796 908 863 Quid
943 804 1127 865 postea
1166 793 1343 857 dicat,
1393 790 1680 845 audiamus
1719 805 1732 842 :
1776 807 1795 839 ‹
1833 787 1977 840 Deus
2012 793 2151 846 erat,

579 892 774 959 inquit,
804 890 893 958 qui
925 891 1038 945 ha3c
1071 887 1357 959 praedixit;
1389 884 1616 953 proinde
1647 883 1871 935 omnino
1905 894 2158 934 necessa-

576 985 715 1038 rium
753 984 884 1047 fuit,
923 992 1001 1044 ut,
1038 997 1157 1051 qua:
1217 980 1472 1048 praedicta
1528 970 1764 1041 fuerant,
1822 973 2150 1028 acciderent.

573 1082 715 1137 Deus
745 1081 908 1150 igitur
936 1093 1064 1133 suos
1096 1077 1266 1145 ipsius
1285 1072 1579 1143 discipulos
1596 1081 1650 1125 et
1673 1069 1992 1142 prophetas,
2027 1067 2152 1137 qui-

570 1172 798 1226 buscum
830 1172 1008 1226 cibum
1038 1178 1333 1240 potumque
1363 1165 1628 1227 sumebat,
1661 1179 1727 1219 eo
1754 1163 1958 1234 adegit,
1990 1160 2152 1230 utjus

567 1279 730 1319 omne
760 1263 946 1332 fasque
1000 1260 1409 1332 proculcarent;
1451 1258 1542 1326 qui
1581 1266 1764 1311 tamen
1789 1270 1910 1309 cum
1949 1255 2001 1307 in
2035 1269 2153 1307 om-

568 1370 667 1410 nes
689 1355 936 1408 homines
960 1353 1250 1417 beneﬁcus,
1277 1361 1387 1404 tum
1415 1349 1645 1403 maxime
1672 1349 1724 1401 in
1751 1361 1880 1401 suos
1910 1345 2150 1400 familia-

567 1460 658 1498 res
692 1459 812 1499 esse
841 1442 1124 1497 debuerat.
1173 1442 1458 1510 Nunquam
1501 1441 1661 1494 homo
1712 1435 1919 1492 homini
1975 1436 2152 1491 factus

567 1535 685 1603 ejus
717 1551 919 1590 mensa:
979 1534 1252 1602 particeps
1306 1533 1520 1602 paravit
1554 1531 1806 1595 insidias;
1840 1529 1927 1583 hic
1968 1539 2148 1582 autem

567 1628 679 1681 Deo
705 1627 863 1680 struit
899 1626 1119 1680 insidias
1149 1626 1237 1693 qui
1269 1625 1443 1678 eidem
1480 1639 1602 1677 cum
1635 1623 1742 1676 Deo
1783 1636 1987 1676 mensa!
2055 1635 2152 1674 ac-

565 1718 807 1781 cumbit;
843 1727 919 1774 et.
942 1716 1084 1786 quod
1118 1714 1406 1770 absurdius
1430 1722 1537 1777 est,
1560 1714 1700 1766 Deus
1730 1711 1844 1780 ipse
1882 1710 1996 1765 suis
2022 1725 2151 1765 eon-

564 1812 864 1868 victoribus
895 1812 1204 1876 insidiatur,
1243 1809 1352 1866 imo
1381 1823 1475 1864 eos
1527 1809 1828 1879 proditores
1864 1815 1919 1862 et
1959 1807 2152 1876 impios

565 1902 749 1959 eﬂicit.
793 1924 813 1956 ›
851 1903 934 1958 Ad
964 1905 1100 1969 ham,
1143 1903 1270 1972 quia
1313 1902 1472 1972 jubes
1528 1915 1613 1954 me
1680 1900 1844 1954 etiam
1891 1899 1958 1954 iis
2012 1898 2152 1954 Celsi

566 1994 1130 2064 argumentationibus
1166 2006 1480 2057 occurrere,
1521 2005 1642 2060 qua:
1671 1989 1804 2043 mihi
1833 1987 2041 2043 frivola:
2076 1988 2154 2042 vi-

565 2088 784 2149 dentur,
823 2085 1124 2154 respondeo
1153 2085 1202 2136 in
1241 2085 1385 2138 hunc
1449 2083 1687 2135 modum.
1735 2080 1924 2134 Celsus
1979 2088 2149 2150 putat,

563 2177 708 2246 quod
747 2176 1059 2244 prmdictum
1086 2183 1189 2239 est,
1213 2173 1332 2227 ideo
1362 2171 1476 2225 lieri
1539 2170 1663 2240 quia
1694 2170 2010 2234 praedictum
2035 2179 2147 2236 est;

564 2269 619 2322 id
653 2267 888 2322 vero.il|i
918 2266 1066 2321 nullo
1100 2266 1263 2320 modo
1303 2263 1660 2318 assentimur.
1698 2261 1807 2315 Nec
1839 2261 1984 2315 enim
2014 2261 2150 2315 dici-

564 2376 686 2415 mus
719 2375 840 2413 eum
871 2360 961 2427 qui
1005 2358 1278 2427 praedixit,
1323 2371 1545 2410 causam
1579 2355 1700 2408 ideo
1756 2367 1877 2406 esse
1922 2369 2018 2408 cur
2065 2369 2152 2407 res

563 2453 743 2506 futura
785 2451 878 2514 sit,
915 2450 1042 2518 quia
1107 2448 1358 2518 przedixit
1401 2463 1520 2501 eam
1569 2461 1688 2500 esse
1722 2446 2003 2508 futuram;
2054 2446 2146 2500 sed

558 2559 682 2598 cum
720 2558 806 2596 res
831 2541 1030 2605 futura,
1065 2540 1278 2594 etiamsi
1341 2539 1600 2608 praedicta
1633 2555 1738 2594 non
1768 2548 1933 2601 esset,
1966 2536 2146 2590 fultura

558 2635 648 2698 sit,
682 2633 824 2687 illam
847 2634 930 2686 sui
963 2633 1314 2702 praedicenda:
1342 2632 1516 2686 locum
1567 2629 1866 2700 priebuisse
1912 2629 2014 2693 illi,
2047 2629 2143 2697 qui

557 2727 867 2792 praenoscit.
901 2725 1080 2794 Atque
1117 2732 1286 2778 totum
1313 2725 1414 2778 hoc
1444 2725 1628 2778 animo
1657 2725 1792 2790 eius,
1823 2723 1914 2793 qui
1945 2724 2147 2792 praedi-

555 2815 656 2880 cit,
690 2815 1060 2871 obversatur:
1094 2831 1216 2870 cum
1245 2831 1332 2869 res
1380 2816 1496 2869 haec
1545 2817 1799 2871 accidere
1847 2817 2037 2884 possit,
2091 2824 2146 2870 et

555 2908 728 2974 possit
755 2923 862 2962 non
897 2906 1178 2973 accidere,
1213 2921 1244 2960 e
1292 2906 1502 2961 duobus
1539 2906 1641 2962 hoc
1689 2923 1854 2961 unum
1913 2908 2142 2961 accidet.

557 2999 744 3067 Neque
773 2998 1004 3053 dicimus
1036 3013 1064 3051 a
1094 3007 1470 3066 praenoscente
1496 2997 1656 3062 ellici,
1690 3006 1747 3051 ut
1788 3013 1875 3052 res
1902 3007 1994 3050 aut
2027 3013 2145 3052 eve.

555 3094 677 3148 nire
705 3101 797 3147 aut
841 3107 946 3147 non
997 3093 1218 3146 evenire
1273 3092 1478 3161 possit;
1513 3095 1584 3143 ita
1623 3090 1797 3155 utqui
1829 3091 2138 3160 praenoscit,
2168 3133 2210 3192 Ο

556 3185 726 3252 dicat,
757 3186 874 3239 haec
921 3199 1010 3238 res
1059 3183 1281 3238 omnino
1346 3182 1527 3236 futura
1577 3191 1681 3247 cst,
1720 3190 1772 3235 et
1805 3180 2137 3251 impossibile

552 3286 639 3333 est
675 3276 832 3329 aliter
868 3275 1008 3330 ﬁeri.
1063 3274 1249 3342 Atque
1308 3271 1411 3326 hac
1463 3270 1628 3342 406
1660 3271 1866 3325 ratione
1910 3269 2133 3338 intelligi

553 3381 653 3435 par
680 3375 763 3420 est
796 3380 984 3419 omnes
1008 3362 1406 3433 przedictiones,
1433 3377 1553 3430 quae
1583 3360 1663 3412 vel
1692 3359 1745 3413 in
1773 3360 1950 3414 divina
1989 3359 2136 3414 Scri-

553 3468 740 3528 ptura,
770 3457 852 3511 vel
889 3458 938 3510 in
967 3456 1275 3511 Graecorum
1321 3454 1565 3508 historiis
1596 3453 1943 3520 reperiuntur
1975 3453 2042 3507 de
2071 3454 2136 3508 iis

554 3564 676 3620 qua:
706 3548 758 3602 in
800 3558 986 3603 nostro
1009 3547 1182 3616 posita
1220 3555 1347 3600 sunt
1377 3545 1548 3600 libero
1575 3545 1824 3598 arbitrio.
1878 3543 2132 3613 Alioquin

551 3657 723 3696 vanas
752 3641 895 3696 inter
929 3641 1212 3709 captiones
1258 3638 1432 3693 locum
1471 3651 1535 3690 ex
1568 3636 1725 3692 Celso
1753 3651 1860 3690 non
1903 3638 2126 3692 haberet

551 3733 644 3786 illa
711 3747 875 3801 quam
936 3731 1206 3786 dialectici
1255 3737 1453 3783 vocant
1521 3729 1736 3781 inertem
1785 3739 1831 3781 et
1886 3729 2125 3798 ignavum

553 3826 832 3893 rationem,
875 3839 1037 3892 quam
1078 3830 1258 3876 tamen
1289 3836 1434 3875 sana:
1477 3820 1672 3875 mentis
1698 3835 1887 3875 omnes
1923 3820 2128 3889 captio-

550 3935 675 3975 nem
702 3919 966 3988 judicant.
994 3917 1066 3973 Ut
1091 3926 1270 3970 autem
1305 3931 1393 3969 res
1433 3915 1786 3986 intelligatur,
1816 3931 1846 3970 e
1875 3916 2124 3985 Scriptu-

548 4012 628 4067 ris
667 4010 888 4066 alteram
918 4011 1178 4064 vaticinia
1205 4011 1272 4064 de
1294 4009 1454 4072 Juda,
1477 4018 1570 4062 aut
1616 4008 1742 4062 illud
1773 4007 1947 4078 ipsum
1977 4009 2120 4076 quod

547 4103 616 4160 de
644 4103 822 4157 futura
869 4103 1012 4158 illius
1043 4101 1350 4173 proditione
1403 4099 1653 4154 Salvator
1699 4109 1884 4152 noster
1929 4098 2116 4164 edidit;

545 4226 623 4289 ὡς
652 4225 873 4290 δυνατά,
904 4233 964 4280 ιιι
995 4223 1262 4279 referatur
1299 4223 1368 4278 ad
1407 4222 1495 4283 τό,
1542 4221 1636 4274 καὶ
1689 4219 1810 4272 ἐπεὶ
1843 4221 2134 4292 προείρητο

543 4314 737 4436 vigili
764 4365 1033 4436 Ἷδωμεν.
1072 4364 1177 4436 δίο
1200 4378 1388 4419 omnes
1421 4377 1554 4436 mss.
1608 4362 1756 4436 Libri
1787 4375 1934 4436 _vero
1973 4359 2133 4436 editi,

2264 524 2282 554 ‹
2323 506 2509 574 ΙΙάντη
2538 504 2650 576 γὰρ
2681 504 2960 575 ἀμήχανον
2980 507 3105 570 τοὺς
3137 505 3585 578 προακούσαντας
3614 509 3692 563 ἔτι
3716 529 3820 587 προ-

2255 594 2440 648 δοῦναι
2465 595 2560 648 καὶ
2590 595 2948 666 ἀρνήσασθαι.
2986 615 3003 647 ι

2326 795 2482 850 Μετὰ
2569 794 2746 850 ταῦτα
2809 796 3004 868 ἴδωμεν
3057 799 3168 869 (51)
3203 800 3319 865 πῶς
3359 801 3540 870 λέγει’
3595 822 3614 854 ε
3662 803 3817 859 Ταῦτα

2257 887 2411 952 Θεὸς,
2441 890 2638 959 φησὶν,
2659 887 2755 955 ὢν,
2783 893 3028 961 προεῖπε,
3057 892 3150 945 καὶ
3161 893 3378 958 πάντως
3400 896 3566 966 ἐχρῆν
3594 896 3816 964 γενέσθαι

2253 979 2314 1033 τὺ
2348 981 2774 1053 προειρημένον.
2809 984 2940 1048 Θεὸς
2971 981 3062 1040 οὖν
3093 988 3218 1051 τοὺς
3251 988 3414 1042 αὑτοῦ
3457 990 3704 1061 μαθητὰς
3741 993 3817 1044 καὶ

2255 1075 2569 1146 προφήτας,
2613 1074 2730 1145 μεθ’
2775 1069 2852 1129 ὧν
2900 1077 3232 1132 συνεδείπνει
3279 1082 3374 1133 καὶ
3415 1080 3714 1146 συνέπινεν,
3753 1085 3816 1146 εἰς

2253 1165 2410 1218 τοῦτο
2445 1167 2805 1237 περιήγαγεν,
2837 1166 2977 1220 ὥστε
3017 1169 3234 1232 ἀσεϐεῖς
3274 1171 3367 1223 καὶ
3412 1171 3657 1234 ἀνοσίους
3687 1174 3816 1238 γενέ·

2255 1256 2400 1317 σθαι,
2461 1257 2520 1310 ὃν
2555 1259 2723 1330 ἐχρῆν
2761 1259 2993 1330 μάλιστα
3027 1260 3236 1324 πάντας
3268 1261 3588 1334 ἀνθρώπους
3624 1263 3815 1334 εύεργε-

2253 1352 2384 1414 τεῖν,
2418 1350 2785 1422 διαφερόντως
2827 1351 2883 1404 δέ
2913 1352 3038 1415 τοὺς
3067 1353 3258 1406 ἑαυτοῦ
3289 1356 3615 1418 συνεστίους.
3655 1357 3720 1408 ’Ἠ
3742 1357 3814 1408 ἁν-

2253 1438 2457 1509 θρώπῳ
2491 1440 2590 1509 μὲν
2621 1441 2648 1491 6
2689 1442 3021 1513 κοινωνήσας
3049 1443 3328 1513 τραπέζης
3359 1444 3460 1498 οὐκ
3496 1445 3559 1498 ἂν
3588 1445 3668 1498 ἔτι
3708 1447 3812 1498 ἐπε-

2253 1529 2514 1582 ϐούλευσε
2543 1546 2557 1559 ·
2595 1529 2716 1602 Θεῷ
2747 1532 2803 1584 δὲ
2838 1534 3254 1606 συνευωχηθεὶς,
3289 1537 3573 1600 ἐπίϐουλος
3603 1539 3808 1606 ἐγίνετο·

2251 1623 2363 1676 Καὶ
2384 1623 2521 1694 ὅπερ
2550 1623 2630 1676 ἔτι
2661 1623 3027 1697 ἀτοπώτερον,
3068 1627 3229 1690 αὐτὸς
3256 1628 3284 1679 6
3310 1629 3440 1691 Θεὸς
3472 1632 3585 1692 τοῖς
3614 1648 3813 1704 συντρα-

2254 1717 2438 1780 πέζοις
2469 1716 2850 1782 ἐπεϐούλευσε,
2880 1719 3144 1790 προδότας
3171 1722 3264 1773 καὶ
3289 1721 3568 1786 δυσσεϐεῖς
3595 1723 3766 1777 ποιῶν.
3793 1745 3806 1776 ι

2256 1809 2364 1862 Καὶ
2395 1807 2532 1878 πρὸς
2559 1808 2731 1862 ταῦτα
2763 1809 2838 1870 δέ,
2877 1811 2998 1864 ἐπεὶ
3029 1811 3206 1881 βούλει
3241 1815 3472 1878 καὶτοῖς
3500 1817 3622 1886 ἐμοὶ
3653 1834 3812 1885 φαινο-

2258 1899 2440 1970 μένοις
2476 1900 2718 1954 εὐτελέσι
2754 1900 2848 1954 τοῦ
2881 1902 3088 1956 Κέλσου
3121 1904 3542 1976 ἐπιχειρήμασιν
3574 1907 3810 1977 ἀπαντᾷν,

2253 1991 2474 2045 τοιαῦτα
2503 1994 2766 2064 φήσομεν.
2807 1995 2864 2046 Ὀ
2893 1994 2991 2064 μὲν
3018 1995 3223 2060 Κέλσος
3251 1997 3420 2051 οἴεται
3448 1994 3538 2050 διὰ
3569 1999 3719 2052 τοῦτο
3745 1999 3814 2068 γί-

2253 2083 2437 2137 νεσθαι
2491 2084 2551 2138 τὸ
2599 2084 2703 2138 ύπό
2756 2102 2898 2148 τινος
2949 2086 3310 2156 προγνώσεως
3359 2088 3666 2154 θεσπισθέν,
3711 2091 3811 2142 ἐπεὶ

2252 2172 2546 2244 ἐθεσπίσθη
2571 2191 2584 2204 ο
2622 2177 2781 2246 ήμεῖς
2817 2176 2894 2239 δὲ,
2926 2176 3082 2230 τοῦτο
3111 2179 3172 2231 οὐ
3209 2178 3463 2244 διδόντες,
3500 2181 3675 2250 φαμὲν
3714 2182 3812 2251 οὐχ).

2250 2265 2342 2318 τὸν
2370 2265 2700 2320 θεσπίσαντα
2725 2267 2895 2322 αἴτιον
2920 2264 3053 2322 εἶναι
3078 2269 3170 2323 τοῦ
3199 2271 3479 2341 ἐσομένου,
3511 2274 3630 2326 ἐπεὶ
3651 2278 3810 2344 προεῖ-

2251 2374 2349 2410 πεν
2389 2357 2519 2412 αὐτὸ
2553 2359 2938 2429 γενησόμενον,
2988 2360 3125 2414 ἀλλὰ
3170 2361 3230 2414 τὸ
3261 2363 3540 2432 ἐσόμενον,
3577 2364 3810 2434 ἐσόμενον

2248 2450 2334 2515 ἂν,
2363 2450 2458 2504 καὶ
2491 2450 2565 2522 μὴ
2605 2451 2916 2516 θεσπισθέν,
2947 2451 3042 2523 τήν
3077 2453 3254 2505 αἰτίαν
3285 2454 3396 2523 (εει)
3422 2453 3501 2523 τῷ
3539 2454 3811 2524 προγιγνώ-

2250 2562 2429 2598 σκοντι
2457 2544 2862 2615 παρεσχηκέναι
2892 2544 2982 2598 τοῦ
3016 2544 3145 2597 αὐτὸ
3173 2548 3475 2615 προειπεῖν.
3501 2548 3609 2601 Καὶ
3626 2548 3737 2600 ὅλον
3755 2563 3807 2614 γε

2246 2633 2404 2687 τοῦτο
2419 2635 2475 2686 ἐν
2495 2637 2560 2706 τῇ
2583 2633 2887 2705 προγνώσει
2907 2633 2998 2687 τοῦ
3023 2634 3369 2699 θεσπίζοντος
3391 2636 3522 2690 αὐτὸ
3540 2637 3807 2706 τυγχάνει·

2245 2724 2468 2778 δυνατοῦ
2501 2725 2653 2788 ὄντος
2696 2724 2849 2779 τοῦδέ
2887 2743 3028 2788 τινος
3061 2725 3333 2794 γενέσθαι,
3379 2726 3602 2780 δυνατοῦ
3632 2729 3688 2780 δὲ
3729 2728 3807 2780 καὶ

2249 2817 2322 2887 μὴ
2348 2816 2622 2885 γενέσθαι,
2658 2816 2810 2871 ἔσται
2849 2817 2910 2870 τὸ
2936 2817 3119 2889 ἕτερον
3153 2817 3332 2871 αὐτῶν
3372 2818 3490 2870 τόδε
3521 2836 3591 2871 τι.
3625 2819 3728 2871 Καὶ
3755 2818 3806 2872 οὔ

2247 2923 2444 2976 φαμεν,
2480 2908 2561 2960 ὅτι
2593 2909 2620 2961 6
2665 2907 3054 2979 προγινώσκων
3092 2907 3303 2977 ὑφελὼν
3345 2908 3406 2961 τὸ
3440 2908 3653 2962 δυνατὸν
3685 2905 3806 2961 εἶναι

2245 2998 2494 3066 γενέσθαι
2528 2998 2620 3052 καὶ
2655 3000 2730 3072 μὴ
2778 3000 3026 3068 γενέσθαι
3067 3001 3230 3053 οἱονεὶ
3275 3001 3512 3055 τοιοῦτόν
3556 3019 3605 3054 τι
3641 3001 3804 3070 λέγει·

2245 3088 2360 3140 τόδε
2396 3088 2610 3153 πάντως
2660 3089 2812 3142 ἔσται
2857 3089 2949 3142 καὶ
3007 3089 3260 3142 ἀδύνατον
3307 3090 3512 3162 ἑτέρως
3555 3091 3802 3159 γενέσθαι.

2243 3180 2354 3234 Καὶ
2393 3181 2453 3234 τὸ
2490 3181 2698 3234 τοιοῦτο
2731 3181 2919 3251 φθάνει
2954 3179 3063 3252 (55)
3097 3181 3188 3234 ἐπὶ
3224 3183 3406 3235 πᾶσαν
3445 3183 3542 3254 τὴν
3574 3184 3694 3254 περὶ
3724 3182 3806 3234 τοῦ

2245 3276 2329 3344 ἐφ’
2368 3277 2497 3346 ἡμῖν
2540 3292 2684 3338 τινος
2717 3275 3022 3347 πρόγνωσιν
3054 3275 3162 3327 εἴτε
3195 3275 3335 3328 κατὰ
3367 3276 3468 3339 τὰς
3501 3276 3643 3339 θείας
3677 3276 3805 3346 Γρα-

2246 3365 2351 3436 φάς
2377 3367 2484 3420 εἴτε
2525 3365 2666 3420 κατὰ
2693 3367 2791 3431 τάς
2829 3367 3094 3438 Ἑλλήνων
3133 3367 3393 3438 ἱστορίας.
3427 3369 3539 3421 Καὶ
3572 3369 3598 3421 6
3627 3367 3809 3421 καλού-

2248 3459 2404 3530 μενός
2436 3476 2498 3528 γε
2535 3458 2682 3529 παρὰ
2720 3462 2833 3523 τοῖς
2867 3459 3223 3522 διαλεκτικοῖς
3261 3460 3445 3528 ἀργὸς
3474 3461 3648 3528 λόγος
3680 3459 3804 3523 (5-1).

2247 3551 2487 3620 σόφισμα
2530 3549 2831 3620 τυγχάνων,
2866 3549 2965 3602 ούκ
2993 3547 3145 3602 ἐσται
3180 3551 3278 3620 μὲν
3313 3551 3554 3621 σόφισμα
3579 3551 3694 3603 ὅσον
3724 3551 3808 3602 ἐπὶ

2231 3640 2307 3712 τῷ
2351 3641 2562 3712 Κέλσῳ,
2605 3641 2745 3696 κατά
2794 3643 2849 3695 δέ
2882 3643 2969 3695 τὸν
3008 3643 3137 3712 ὑγιῆ
3181 3643 3338 3711 λόγον
3379 3644 3801 3714 σόφισμάέστιν.

2235 3736 2352 3789 Ἵνα
2379 3735 2434 3788 δὲ
2465 3735 2528 3789 τὸ
2553 3736 2793 3790 τοιοῦτον
2827 3736 2988 3808 νοηθῇ
3023 3737 3154 3808 (55),
3197 3738 3306 3790 ἀπὸ
3343 3738 3442 3808 μὲν
3471 3739 3565 3810 τῆς
3597 3738 3805 3809 Γραφῆς

2234 3828 2505 3899 χρήσομαι
2531 3829 2649 3891 ταῖς
2669 3829 2796 3902 περὶ
2835 3829 3000 3882 ’ἰούδα
3030 3830 3410 3901 προφητείαις,
3437 3831 3470 3900 ἢ
3498 3833 3562 3900 τῇ
3586 3829 3674 3882 τοῦ
3701 3829 3804 3881 Σω-

2227 3922 2391 3991 τῆρος
2423 3921 2578 3992 ήμῶν
2619 3921 2746 3992 περὶ
2778 3922 2941 3975 αὐτοῦ
2974 3921 3048 3986 ώς
3078 3922 3446 3994 προδώσοντος
3481 3921 3800 3994 προγνώσει·

2228 4012 2336 4064 ἀπὸ
2358 4012 2415 4065 δὲ
2449 4013 2557 4066 τῶν
2603 4014 2930 4084 Ἑλληνικῶν
2967 4015 3214 4086 ἱστοριῶν
3245 4016 3324 4086 τῷ
3349 4009 3494 4089 ’πρὸς
3526 4017 3610 4069 τὸν
3646 4018 3804 4070 Λάϊον

2225 4102 2478 4174 χρησμῷ,
2533 4104 2828 4175 συγχωρῶν
2879 4104 2970 4156 ἐπὶ
3017 4105 3109 4158 τοῦ
3144 4106 3410 4176 παρόντος
3460 4103 3591 4162 εἶναι
3648 4106 3801 4160 αὑτὸν

2233 4223 2468 4296 scientia
2491 4225 2814 4296 sentiamus,
2837 4238 2943 4278 non
2975 4235 3262 4292 propterea
3307 4227 3414 4280 erit
3439 4225 3651 4296 aliquid,
3677 4227 3798 4292 quia

2234 4294 2286 4346 id
2315 4295 2417 4347 scit
2441 4293 2580 4347 Deus
2607 4295 2844 4347 futurum
2877 4313 2891 4348 :
2924 4297 3034 4354 sed,
3065 4298 3192 4362 quia
3219 4296 3460 4350 futurum
3501 4293 3610 4360 est,
3635 4300 3801 4349 Scitur

2233 4378 2262 4416 a
2295 4363 2722 4436 Deo_antequam
2749 4364 2861 4418 liat.
2886 4364 3016 4417 Nam
3046 4366 3172 4428 etsi,
3210 4368 3361 4419 verbi
3401 4368 3597 4436 gratia,
3643 4367 3801 4433 tingi-

545 4431 1419 4523 IBo‘pzev',’tneiiili)s§.‘lliframss.,
1473 4433 1612 4487 ὥστε
1674 4431 1910 4492 ἀσεϐεῖς.
1972 4431 2128 4485 Libb.

2244 4431 3317 4523 ιριξεᾳυειξριίμοιι-ιρειςωηοεοςτρ-ιιιιίιζιιὶά
3359 4431 3651 4523 futuruqu
3685 4431 3802 4523 sine.

541 4507 689 4568 editi.
719 4507 872 4571 ῶςγε
895 4508 1126 4571 ἀσεϐεῖς.

615 4580 725 4649 (52)
764 4578 883 4649 Τὴν
910 4579 1128 4641 αἰτίαν,
1155 4585 1260 4633 etc.
1295 4573 1430 4649 V_id_e
1460 4575 1558 4630 lib.
1595 4573 1862 4649 Βερνίκη
1889 4589 2039 4649 num.
2073 4573 2128 4638 6,

541 4644 940 4717 ειἘὲεριαιιαι.
1002 4664 1127 4718 cap.
1191 4663 1263 4701 vn
1317 4646 1630 4718 ΕρίβιζξιᾴΔ
1679 4644 1842 4718 Rom.
1899 4644 2128 4718 Justin._,

542 4713 755 4788 Dialog.
787 4735 902 4771 cum
938 4713 1152 4788 Tryp'li”
1185 4733 1305 4786 pag.
1463 4755 1475 4768 .
1588 4715 1644 4768 δέ
1667 4717 1693 4767 ὀ
1713 4715 1866 4788 λόγος
1885 4713 1977 4788 τού
1994 4713 2127 4766 Θεοῦ

543 4783 846 4859 προμήνύει
876 4783 1093 4859 πάντως
1120 4783 1279 4859 τινάς
1297 4786 1668 4859 καὶ-ἀγγέλους
1695 4786 1786 4859 καὶ
1812 4784 1906 4837 ἀνθ
1917 4783 2128 4859 ρώπους

544 4821 712 4859 ἰυμυμι
739 4821 846 4841 vves
883 4821 982 4840 ηυιν
998 4821 1090 4849 sui,
1132 4821 1267 4849 υινυιξ
1299 4821 1466 4851 δυιιυιι
1493 4821 1665 4854 ίςηιιυδ
1697 4821 1786 4838 nu.
1812 4821 2124 4854 υινυγιυηυυι,

544 4821 972 4926 κολασθήσεσθαι
1027 4858 1334 4928 μέλλοντας,
1387 4857 1519 4928 διότι
1575 4856 1974 4928 προεγίνωσκεν
2032 4856 2129 4928 αύ-

543 4929 668 4998 τούς
695 4925 1102 4998 ἀμεταϐλήτους
1144 4925 1537 4998 γενησομένους
1570 4925 1876 4998 πονηροὺςζ
1899 4927 2126 4994 προεῖπε

541 4993 747 5050 ταῦτα(
771 5015 789 5047 r
827 4993 979 5062 Quod
1009 4998 1052 5050 si
1082 4993 1300 5051 verbum
1327 4993 1420 5049 Dei
1448 4993 1830 5064 praemonstrat
1854 4993 1969 5046 fore
2005 5010 2124 5046 om-

546 5068 673 5119 nino
704 5076 760 5119 ut
783 5068 954 5135 angeli
985 5068 1204 5134 quidam
1233 5077 1289 5121 et
1321 5067 1568 5119 homines
1615 5064 2022 5135 excrucientur,
2059 5078 2124 5116 eo

542 5135 685 5203 quod
714 5134 1012 5204 praescierit
1045 5137 1164 5188 illos
1215 5136 1628 5190 immutabilitcr
1675 5136 1846 5187 malos
1891 5134 2121 5204 futuros,

542 5203 771 5273 idipsuin
802 5205 1067 5272 przedixit.
1086 5204 1280 5262 rClem.
1300 5207 1453 5261 Alex.
1482 5205 1680 5259 Sirom.
1707 5219 1780 5257 vn
1809 5222 1821 5255 :
1853 5203 2001 5266 Ἑνὸς
2026 5203 2119 5255 τοῦ
2183 5250 2191 5259 .

537 5275 674 5327 Θεοῦ
705 5275 783 5346 τῷ
819 5276 1136 5346 βουλήματι,
1167 5277 1235 5328 δι’
1270 5276 1384 5338 ἐνὸς
1415 5276 1504 5327 τοῦ
1536 5275 1737 5346 Κυρίου
1786 5275 2121 5346 συνάγουσαν

539 5345 792 5416 τοὺςᾼήδη
821 5344 1376 5415 ’κατατεταγμένους,
1413 5347 1506 5407 οὓς
1559 5344 1859 5416 προώρισεν
1893 5345 1922 5393 6
1967 5344 2118 5416 636g,

538 5413 1092 5487 δικαίουςὲσομένους
1128 5413 1229 5487 πρὸ
1257 5416 1554 5484 καταϐολῆς
1575 5413 1798 5487 κόσμου
1844 5413 2117 5482 ἐγνωκώς.

547 5504 567 5537 ι
620 5485 786 5538 Unius
817 5489 905 5541 Dei
933 5485 1210 5538 voluntate
1247 5503 1341 5554 par
1374 5503 1534 5538 unum
1572 5486 1856 5538 Dominum
1886 5500 2119 5553 congre-

542 5567 632 5624 gat
655 5572 748 5610 eos
776 5559 864 5624 qui
899 5565 1023 5610 sunt
1052 5559 1160 5624 jam
1209 5558 1472 5619 ordinati,
1505 5571 1654 5620 quos
1708 5555 2117 5623 przedestinnvit

545 5629 706 5688 Deus,
729 5643 848 5678 eum
873 5642 964 5680 eos
987 5626 1162 5694 justus
1189 5625 1397 5678 futurus
1424 5628 1763 5694 cognovisset
1782 5636 1906 5677 ante
1933 5627 2112 5676 mundi

537 5693 999 5751 constitutionem.
1043 5716 1061 5748 ι
1098 5697 1377 5764 Origenes,
1435 5697 1486 5748 in
1521 5693 1803 5761 Ereptum”.
1870 5711 1992 5762 cap.
2039 5709 2110 5746 vn

539 5766 605 5820 ad
635 5766 823 5823 Rom.:
856 5787 874 5818 ί
909 5765 1041 5821 Nam
1085 5769 1184 5822 etsi
1233 5765 1506 5822 communi
1563 5767 1838 5820 intellectu
1867 5765 1934 5820 de
1967 5779 2107 5833 prae-

2237 4503 2399 4557 dubio
2428 4504 2558 4575 erit;
2590 4504 2730 4575 quod
2767 4504 2862 4567 ita,
2892 4515 2947 4557 ut
2975 4514 3099 4572 puta
3126 4504 3294 4558 ludas
3337 4508 3582 4575 proditor
3629 4504 3804 4558 factus

2235 4583 2336 4633 est,
2372 4581 2426 4625 et
2460 4573 2560 4628 hoc
2592 4575 2663 4626 ita
2698 4574 2936 4628 luturum
2969 4576 3244 4642 prophetae
3276 4573 3662 4643 priedixerunt:
3691 4589 3800 4628 non

2233 4657 2383 4714 ergo,
2416 4644 2540 4710 quia
2571 4644 2852 4714 propheta:
2908 4646 3297 4712 praedixerunt,
3335 4646 3536 4700 idcirco
3569 4645 3801 4714 prodidit

2232 4711 2429 4777 Judas;
2457 4714 2550 4767 sed
2576 4711 2705 4783 quia
2735 4711 2944 4767 futurus
2967 4725 3110 4767 esset
3161 4715 3431 4782 proditor,
3461 4732 3544 4778 ea,
3569 4711 3690 4782 quae
3714 4714 3803 4767 ille

2233 4796 2297 4834 ex
2327 4784 2582 4855 propositi
2614 4783 2692 4835 sui
2724 4784 2967 4855 nequitia
2995 4794 3247 4855 gesturus
3276 4795 3415 4846 erat,
3439 4787 3799 4855 prmiliverunt

2231 4851 2537 4918 prophetae;
2566 4866 2690 4905 Clllll
2726 4855 2908 4921 ulique
2944 4852 3183 4906 .ludasin
3212 4851 3480 4920 potestate
3528 4855 3798 4908 habuisset

2229 4930 2286 4972 ut
2314 4930 2458 4974 esset
2489 4922 2682 4975 similis
2742 4921 2900 4976 Petro
2933 4932 2987 4975 et
3024 4921 3219 4976 Joanni
3242 4963 3256 4987 ,
3290 4925 3333 4977 si
3374 4925 3643 4982 voluisset;
3703 4924 3798 4976 sed

2226 4990 2389 5059 elegit
2423 4992 2663 5058 pecuniae
2707 4994 3053 5060 cupiditatem
3083 4995 3254 5060 magis
3319 5011 3481 5060 quam
3516 5009 3608 5057 apo
3639 4993 3795 5044 toliri

2226 5063 2485 5114 consortii
2515 5062 2782 5129 gloriam;
2810 5071 2863 5115 et
2895 5063 3034 5114 hanc
3059 5063 3174 5130 ejus
3198 5063 3526 5117 voluntatem
3556 5063 3794 5115 futuram

2225 5131 2581 5198 praevidentes
2621 5134 2894 5199 prophetae
2927 5132 3186 5185 lihrurum
3225 5135 3559 5187 tradiderunt
3603 5147 3798 5183 monu-

2227 5201 2441 5253 mentis.
2473 5219 2490 5250 ›
2525 5200 3027 5255 Seneca—Paulo
3055 5213 3176 5268 post
3217 5204 3354 5256 infra
3385 5203 3437 5256 in
3463 5214 3606 5255 antea
3626 5201 3799 5252 editis

2225 5270 2669 5344 desiderabuntur
2705 5275 2815 5326 lucc
2837 5273 3028 5344 verba,
3058 5272 3284 5326 δυνατοῦ
3321 5274 3377 5326 δὲ
3421 5275 3508 5325 καὶ
3538 5272 3605 5344 μή
3635 5271 3790 5338 γενέ-

2224 5339 2367 5401 σθαι,
2401 5357 2519 5408 qua:
2554 5359 2583 5392 e
2611 5341 3228 5410 Philocaliaisupplenda
3261 5359 3382 5398 case
3417 5339 3675 5395 duximus.

2293 5409 2404 5481 (55)
2435 5410 2668 5464 φθάνει.
2701 5412 2864 5464 Recte.
2905 5408 3234 5479 Philocalia;
3301 5414 3440 5467 male
3493 5429 3608 5465 vero
3663 5408 3798 5464 lia!-

2221 5480 2456 5535 schelius
2483 5493 2538 5534 et
2567 5483 2890 5548 Spencerns,
2917 5483 3162 5549 φθάνειν.

2291 5551 2401 5619 (54)
2420 5552 2826 5622 Ἀργγκςλόγος
2840 5553 2968 5605 Vide
2988 5553 3274 5605 Plutarchn
3286 5568 3333 5605 m
3354 5549 3578 5618 “b.1759!
3591 5551 3800 5616 εἶμαίο

2213 5623 2664 5689 yérngextremo
2684 5636 2735 5675 et
2758 5626 3074 5676 Ciceroneni
3101 5625 3238 5677 libro
3265 5625 3337 5674 De
3361 5626 3489 5690 lato,
3509 5625 3585 5672 ubi
3611 5635 3797 5683 genus

2220 5694 2795 5764 hoc_interrogationis
2842 5693 3093 5764 ignavum
3139 5705 3302 5764 atque
3358 5698 3497 5747 iners
3523 5704 3794 5744 nonuim.

2287 5761 2394 5831 (55)
2428 5761 2736 5825 Philocalia,
2766 5760 3002 5832 νοηθείη.
