3902 6414
149 301 237 355 837

1317 297 1602 353 CONTRA
1640 297 1920 354 CELSUM
1959 299 2085 354 LIB.
2127 301 2189 357 ll.

3295 313 3401 370 838

147 420 317 492 ἀληθῆ,
369 419 496 474 ἐπεὶ
545 422 622 494 μὴ
661 422 818 476 λυπεῖ
857 423 946 476 τὸν
989 422 1163 488 λόγον.
1212 421 1354 490 Περὶ.
1392 419 1482 473 τοῦ
1543 420 1695 474 Ἰούδα

1812 436 1875 475 ex
1901 419 2219 476 Graecorum
2247 430 2427 479 autem
2458 425 2700 482 historiis
2733 427 3013 484 oraculum
3051 430 3180 485 Laio
3214 434 3396 491 reddi-

147 513 299 566 τοίνυν
328 512 435 582 (56)
469 514 530 564 ἐν
561 513 838 585 ἑκατοστῷ
868 516 959 567 καὶ
991 513 1157 584 ὀγδόῳ
1184 512 1401 580 λέγεται
1433 513 1497 564 ἐκ
1535 528 1708 582 προσ-

149 605 272 658 ώπου
306 604 396 658 τοῦ
450 605 708 676 Σωτῆρος
743 604 961 676 ψαλμῷ,
1003 598 1063 657 οὗ
1113 606 1147 673 ἡ
1186 604 1360 675 ἀρχή·
1403 620 1422 652 ‹
1465 603 1522 655 '0
1555 601 1706 664 Θεὸς,

149 698 227 769 τὴν
249 696 441 750 αἴνεσίν
476 714 580 766 μου
617 696 691 767 μὴ
723 697 1154 768 παρασιωπήσῃς
1176 713 1188 726 °
1217 697 1300 749 ὅτι
1327 695 1498 765 στόμα
1528 694 1710 764 ἀμαρ-

152 787 291 841 τωλοῦ
317 789 408 842 καὶ
434 788 617 858 στόμα
637 788 809 842 δολίου
838 787 922 840 ἐπ’
956 788 1054 857 ἐμὲ
1083 787 1323 858 ἠνοίχθη·
1360 807 1378 838 ι
1407 786 1516 840 Καὶ
1541 785 1709 858 τηρή-

155 899 232 942 σας
258 897 315 948 γε
347 880 412 932 τὰ
441 883 500 932 ἐν
533 880 618 950 τῷ
651 878 847 950 ψαλμῷ
878 880 1237 950 γεγραμμένα
1271 879 1405 949 (57),
1434 879 1703 950 εὑρήσεις,

153 975 216 1025 ὅτι
247 974 314 1035 ὡς
363 971 746 1042 προέγνωσται
801 970 1090 1042 προδώσων
1131 971 1220 1023 τὸν
1272 970 1519 1040 Σωτῆρα,
1564 967 1706 1021 οὕτω

155 1063 403 1124 uiolato;
451 1060 527 1113 ὢν
561 1062 666 1132 τῆς
716 1061 1022 1131 προδοσίας,
1065 1062 1159 1113 καὶ
1205 1059 1352 1126 ἄξιος
1390 1057 1496 1111 τῶν
1545 1059 1603 1110 ὲν
1637 1059 1703 1128 τῇ

154 1152 422 1224 προφητεία
467 1151 784 1220 λεγομένων
824 1150 911 1203 διὰ
952 1151 1050 1220 τὴν
1084 1149 1246 1202 αὑτοῦ
1289 1149 1487 1203 κακίαν
1532 1147 1701 1219 ἀρῶν.

152 1246 262 1296 Τάδε
289 1243 388 1314 γὰρ
429 1242 677 1305 πειθέτω,
715 1261 731 1292 ι
770 1241 882 1294 ἀνθ’
913 1234 1007 1303 ὧν,
1044 1243 1232 1311 φησὶν,
1298 1247 1397 1300 οὐκ
1461 1238 1702 1311 ἐμνήσθη

150 1335 224 1386 τοῦ
260 1335 470 1404 ποιῆσαι
515 1332 689 1396 ἕλεος,
747 1331 1202 1396 καὶικατεδίωξεν
1260 1331 1539 1402 ἄνθρωπον
1604 1331 1702 1383 πέ-

151 1444 260 1496 νητα
297 1426 383 1478 καὶ
432 1425 651 1493 πτωχόν
673 1441 686 1454 °
727 1443 744 1473 δ
789 1424 981 1477 οὐκοῦν
1015 1425 1238 1478 ἐδύνατο
1275 1425 1572 1495 μνησθῆναι
1610 1423 1703 1476 τοῦ

151 1519 337 1586 ποιῆσαι
365 1516 530 1580 ἔλεον,
569 1517 666 1568 καὶ
698 1515 771 1586 μὴ
806 1515 1132 1582 καταδιῶξαι
1171 1515 1229 1568 ὃν
1263 1515 1570 1579 κατεδίωξε.
1602 1517 1702 1567 Δυ-

148 1611 341 1678 νάμενος
386 1609 442 1661 δὲ
488 1608 550 1660 οὐ
611 1606 928 1677 πεποίηκεν,
979 1607 1115 1660 ἀλλὰ
1172 1607 1507 1678 προέδωκενο
1561 1607 1700 1660 ὥστε

147 1701 270 1766 ἄξιος
301 1696 571 1752 εἶναιτῶν
606 1701 668 1751 ἐν
709 1702 771 1769 τῇ
820 1699 1120 1770 προφητείᾳ
1160 1700 1276 1754 κατ’
1325 1699 1485 1752 αὑτοῦ
1532 1698 1698 1770 ἀρῶν.

1815 519 1945 574 ιυηι,
1973 513 2115 578 quod
2152 514 2202 567 in
2242 516 2531 584 praesenti,
2573 517 2696 586 quia
2726 519 2862 572 nihil
2900 535 3031 574 mea:
3048 522 3396 592 disputationi

1811 597 1998 665 allicit,
2030 616 2160 656 vere
2199 605 2469 660 redditum
2501 622 2624 662 esse
2675 609 2894 680 largior.
2933 612 3006 666 De
3033 612 3168 667 Juda
3234 616 3399 684 igitur

1809 703 1872 742 ex
1900 706 2129 754 persona
2163 694 2462 752 Salvatoris
2511 699 2713 754 dicitur
2744 717 2873 755 cvm
2917 703 3154 770 psalmo,
3185 707 3275 773 qui
3313 707 3395 759 sic

1812 779 2001 850 incipit
2041 800 2055 836 :
2093 801 2111 836 ι
2141 786 2302 852 Deus,
2332 787 2542 842 laudem
2574 805 2746 844 meam
2777 807 2842 846 ne
2882 796 3130 858 tacueris,
3169 797 3293 864 quia
3330 813 3394 852 os

1809 875 2114 938 peccatoris
2164 885 2219 930 et
2251 891 2313 930 0s
2343 877 2514 933 dolosi
2558 895 2722 949 super
2759 899 2841 937 me
2883 896 3129 952 apertum
3169 888 3333 943 est“.
3367 907 3384 938 ι

1806 960 2100 1021 Considera
2131 983 2251 1036 quae
2285 970 2334 1024 in
2390 971 2492 1027 hoc
2524 974 2734 1042 psalmo
2781 977 2991 1046 scripta
3023 990 3146 1034 sunt
3173 1021 3186 1044 ,
3216 990 3270 1035 et
3309 983 3391 1036 in-

1806 1057 1991 1112 venies
2017 1059 2156 1114 sit-ut
2207 1061 2525 1130 praedictum
2563 1075 2646 1119 est
2679 1065 2831 1120 illum
2883 1070 2999 1124 fore
3033 1073 3385 1140 proditorem,

1807 1142 1880 1200 ita
1920 1150 2238 1217 praedictum
2271 1167 2390 1207 esse
2417 1154 2469 1207 in
2503 1155 2594 1209 illo
2623 1155 2739 1210 fore
2765 1173 2986 1213 causam
3039 1163 3383 1230 proditionis,

1805 1248 1858 1292 et
1892 1240 2063 1309 ipsum
2100 1243 2217 1298 fore
2253 1245 2471 1315 dignum
2532 1247 2688 1303 malis
2744 1252 2998 1306 omnibus
3030 1269 3150 1322 quzc
3187 1256 3286 1326 ipsi
3316 1261 3385 1311 ob

1806 1334 2066 1387 malitiam
2091 1335 2354 1404 propheta
2401 1337 2731 1406 imprecatus
2758 1350 2859 1394 est.
2893 1341 2999 1397 llas
3038 1360 3224 1412 pceuas
3249 1347 3383 1412 luat,

1810 1442 1827 1474 ι
1871 1439 1968 1493 pro
2001 1439 2066 1479 eo
2105 1426 2269 1492 quod,
2305 1426 2499 1494 inquit,
2549 1444 2653 1482 non
2693 1440 2774 1484 est
2824 1435 3145 1490 recordatus
3205 1437 3386 1492 facere

1803 1513 2330 1576 misericordiam,et
2354 1528 2674 1584 persecutus
2721 1530 2803 1574 est
2853 1524 3120 1578 hominem
3167 1527 3380 1596 inopem

1803 1612 1856 1657 et
1914 1605 2306 1659 mendicum“.
2343 1625 2362 1658 ι
2423 1606 2603 1660 Potuit
2663 1610 2828 1680 igitur
2883 1615 3156 1669 recordari
3205 1615 3384 1672 facere

1804 1695 2254 1762 misericordiam,
2289 1704 2342 1750 et
2374 1713 2479 1752 non
2525 1702 2774 1769 persequi
2833 1718 2993 1772 quem
3060 1716 3382 1774 persecutus

145 1793 234 1844 Καὶ
265 1791 390 1861 πρὸς
423 1791 698 1861 ’Έλληνας
730 1792 786 1845 δὲ
821 1790 1132 1863 χρησόμεθα
1165 1790 1241 1861 τῷ
1273 1790 1544 1862 εἰρημένῳ
1577 1790 1695 1842 τοῦ-

1801 1795 1902 1838 est.
1931 1785 2190 1852 Quamvis
2223 1802 2354 1856 ergo
2402 1797 2605 1856 posset,
2646 1805 2750 1845 non
2801 1792 2952 1858 fecit,
2986 1797 3078 1849 sed
3114 1797 3334 1851 tradidit
3363 1817 3377 1864 ;

143 1900 214 1934 τον
247 1883 328 1935 τὸν
352 1883 553 1953 τρόπον
587 1883 730 1953 πρὸς
762 1881 852 1935 τὸν
877 1883 1040 1936 Λάϊον
1075 1880 1211 1950 (58),
1243 1882 1350 1934 εἴτε
1388 1882 1575 1944 αὑταῖς
1608 1882 1695 1934 λέ-

145 1973 264 2036 ξεσιν
295 1973 397 2026 εἴτε
442 1973 504 2027 τὸ
540 1972 900 2042 ἱστδυναμοῦν
929 1974 1118 2036 αὐταῖς
1158 1973 1570 2042 ἀναγράψαειτος
1603 1972 1694 2026 τοῦ

143 2063 403 2132 Τραγικοῦ.
433 2063 672 2130 Λέγεται
705 2064 882 2117 τοίνυν
917 2062 1050 2134 πρὸς
1079 2063 1237 2117 αὐτὸν
1268 2063 1374 2116 ἀπὸ
1413 2063 1504 2116 τοῦ
1539 2081 1697 2136 προε-

143 2153 377 2219 γνωκότος
407 2153 474 2223 δὴ
504 2153 575 2206 τὰ
598 2153 836 2222 ἐσόμενα
858 2171 869 2182 ·

141 2415 219 2481 Μὴ
247 2415 434 2483 στεῖβε
469 2416 707 2468 τέκνων
738 2414 1068 2484 ἄλοκα’(59)
1099 2413 1396 2483 δαιμόνων
1418 2415 1549 2482 βίᾳ.

143 2488 195 2537 El
223 2487 322 2554 γὰρ
352 2485 679 2550 τεκνώσεις
707 2485 885 2547 παῖδ’,
919 2486 1232 2538 ἀποκτενεῖ
1257 2486 1314 2538 0"
1346 2487 1378 2537 ό
1406 2484 1544 2552 φὺς,

142 2555 226 2606 Kal
257 2555 369 2621 πᾶς
397 2559 515 2621 σὸς
559 2557 733 2620 οἶκος
758 2553 1014 2620 ,ϐήσεται
1040 2555 1112 2607 δι’
1147 2556 1395 2624 αἵματος

138 2646 222 2698 Καὶ
259 2649 311 2700 ὲν
346 2646 524 2717 τούτῳ
557 2645 817 2717 δηλοῦται
860 2645 1059 2709 τοίνυν,
1104 2646 1184 2698 ὅτι
1227 2644 1446 2698 δυνατὸν
1498 2645 1594 2715 μὲν
1629 2639 1695 2716 ἦν

136 2737 198 2807 τῷ
237 2739 375 2808 Λαΐῳ
417 2738 492 2808 μὴ
529 2737 786 2806 σπείρειν
828 2737 1030 2789 παίδων
1083 2737 1280 2792 ἄλοκα·
1323 2737 1422 2788 οὐκ
1473 2735 1538 2789 ἂν
1589 2737 1695 2807 γὰρ

135 2827 183 2880 τὸ
211 2829 276 2899 μὴ
304 2829 527 2882 δυνατὸν
562 2825 904 2898 προσέταξεν
930 2827 1078 2897 αὐτῷ
1103 2830 1131 2880 ὁ
1161 2827 1427 2898 χρησμός.
1462 2827 1696 2880 Δυνατὺν

134 2918 178 2971 δὲ
200 2915 260 2989 ἦν
297 2921 382 2973 καὶ
411 2920 472 2972 τὺ
501 2919 780 2991 σπείρειν,
812 2920 904 2973 καὶ
939 2919 1214 2990 οὐδέτερον
1243 2918 1696 3005 αὐτῶνκατῃνγά-

134 3021 297 3060 γαστο-
359 3010 736 3082 Ἠκολούθησε
757 3011 813 3063 δὲ
835 3009 911 3080 τῷ
935 3009 1008 3080 μὴ
1033 3010 1143 3079 (40)
1163 3009 1520 3080 φυλαξαμένῳ
1551 3011 1696 3062 σπεῖ-

1796 1877 2023 1945 proinde
2053 1879 2249 1946 dignus
2284 1879 2384 1933 fuit
2434 1881 2589 1936 malis
2619 1898 2737 1951 qua:
2771 1886 2819 1938 ei
2866 1886 3133 1956 Propheta
3191 1892 3384 1960 imprc-

1797 1977 1954 2021 catus
1977 1975 2080 2022 est.
2109 1969 2189 2022 Ad
2219 1968 2436 2024 Graecos
2476 1973 2621 2040 quod
2654 1974 2866 2039 attinet,
2925 1979 3123 2033 celebri
3154 1986 3378 2038 oraculo

1795 2071 2010 2112 utemur
2039 2061 2180 2128 quod
2205 2060 2334 2113 Laio
2370 2062 2638 2116 redditum
2662 2075 2738 2118 est
2769 2067 2870 2121 hoc
2902 2071 3081 2132 modo,
3117 2087 3210 2125 seu
3246 2088 3371 2126 ver-

1797 2151 1878 2205 bis
1911 2151 2075 2220 ipsis,
2113 2167 2206 2205 seu
2249 2153 2430 2206 verbis
2459 2155 2567 2207 vim
2597 2159 2842 2212 eamdem
2896 2160 3212 2230 habentibus
3245 2164 3374 2219 illud

1799 2239 2036 2306 tragicus
2063 2239 2330 2294 retulerit.
2373 2241 2433 2294 Ei
2467 2242 2630 2314 igitur
2669 2249 2931 2315 prmscius
2961 2250 3262 2306 futurorum
3297 2257 3376 2308 sic

1795 2327 2034 2398 loquitur
2063 2347 2078 2384 :

1973 2421 2056 2474 Ne
2087 2424 2242 2476 serito
2277 2424 2476 2478 sulcum
2510 2426 2731 2482 liberum
2765 2431 2939 2484 int-itis
2979 2433 3080 2486 diis
3113 2451 3131 2486 .-

1974 2491 2115 2568 lYam
2145 2495 2189 2546 si
2217 2497 2456 2568 genueris
2484 2497 2682 2562 ﬁlium,
2722 2510 2768 2550 te
2795 2503 2951 2552 morti
2984 2503 3152 2568 dabit,

1971 2559 2040 2612 Et
2074 2573 2162 2614 tua
2193 2559 2370 2630 refuso
2404 2559 2658 2633 sanguine
2693 2569 2916 2622 undabit
2953 2559 3161 2626 domus.

1796 2648 1873 2702 Ex
1906 2663 2015 2718 quo
2049 2649 2380 2719 perspicitur
2417 2653 2604 2708 Laium
2652 2659 2892 2724 potuiSse
2938 2659 3230 2718 liberorum
3259 2665 3372 2720 sul-

1795 2754 1916 2793 cum
1949 2755 2055 2794 non
2084 2755 2289 2796 serere.
2325 2741 2434 2798 Nec
2464 2745 2610 2798 enim
2644 2748 2717 2802 illi
2767 2753 3115 2816 prmcepisset
3174 2771 3373 2811 oracu-

1795 2829 1906 2884 lum
1924 2831 2066 2900 quod
2090 2831 2141 2885 in
2164 2830 2279 2899 ejus
2303 2843 2568 2902 potestate
2589 2854 2693 2892 non
2720 2840 2932 2898 luisset.
2964 2842 3183 2900 Poterat
3209 2851 3371 2904 etiam

1794 2935 1998 2986 serere,
2029 2937 2128 2977 nec
2152 2923 2259 2976 ulla
2288 2939 2409 2978 eum
2438 2927 2503 2980 ad
2537 2929 2862 2985 alterutrum
2905 2937 3206 2992 necessitas
3252 2941 3372 2994 adi-

1795 3013 1975 3080 gebat.
2002 3012 2134 3067 tium
2170 3023 2350 3068 autem
2390 3017 2492 3072 sibi
2531 3034 2636 3072 non
2667 3027 3052 3090 temperaverit
3082 3031 3372 3097 quominus

136 3118 208 3169 ραι
237 3103 426 3155 παίδων
455 3103 635 3156 ἄλοκα
670 3102 861 3156 παθεῖν
900 3103 964 3155 ἐκ
995 3100 1086 3154 τοῦ
1124 3101 1453 3172 ὲσπαρκέναι
1493 3101 1560 3156 τὰ
1590 3102 1690 3172 τῆς

1801 3114 2020 3168 sereret,
2044 3115 2471 3163 consentaneum
2518 3108 2622 3161 fuit
2651 3121 2709 3163 ut
2742 3111 3077 3170 calamitates
3102 3117 3217 3172 illas
3248 3134 3368 3175 om-

135 3192 250 3245 κατὰ
274 3195 524 3249 Οἰδίποδα
557 3195 658 3248 καὶ
705 3193 983 3264 Ἰοκάστην
1014 3193 1107 3246 καὶ
1139 3195 1262 3256 τοὺς
1296 3194 1443 3258 υἱοὺς
1470 3212 1688 3266 τραγῳ-

133 3278 243 3342 δίας.
279 3282 430 3335 Ἀλλὰ
462 3284 612 3336 καὶὸ
639 3282 824 3351 ἀργὸς
855 3282 1182 3353 καλούμενος
1213 3285 1414 3352 λόγος,
1453 3287 1691 3356 σόφισμα

135 3367 210 3431 ὢν,
231 3370 456 3434 τοιοῦτός
483 3372 631 3436 ἐστι,
663 3371 958 3441 λεγόμενος
980 3371 1073 3424 ἐπὶ
1102 3370 1410 3436 ὑποθέσεως
1435 3373 1570 3444 πρὸς
1599 3374 1691 3426 τὸν

136 3462 373 3529 νοσοῦντα,
413 3464 512 3517 καὶ
563 3462 645 3526 ὡς
700 3462 941 3533 σόφισμα
993 3463 1314 3535 ἀποτρέπων
1369 3465 1479 3535 (4-1)
1529 3465 1689 3519 αὑτὸν

136 3551 331 3620 χρῆσθαι
357 3555 433 3624 τῷ
465 3552 645 3625 ἰατρῷ
681 3553 818 3625 πρὸς
846 3555 1075 3622 ὑγίειαν,
1102 3557 1195 3609 καὶ
1222 3555 1334 3626 ἔχει
1361 3574 1424 3625 γε
1453 3557 1627 3621 οὕτως
1658 3560 1686 3612 ό

136 3639 290 3709 λόγος’
321 3647 381 3699 Εἰ
408 3645 676 3717 εἴμαρταί
709 3643 818 3716 (42)
854 3663 933 3698 σοι
965 3647 1261 3718 ἀναστῆναι
1292 3649 1356 3702 ὲκ
1383 3650 1482 3720 τῆς
1504 3650 1683 3715 κόσου,

136 3731 210 3786 ἐάν
234 3753 286 3788 τε
323 3739 629 3811 εἰσαγάγῃς
662 3736 756 3790 τὸν
807 3737 1006 3807 ἰατρὸν,
1038 3737 1131 3791 ἐάν
1166 3755 1224 3791 τε
1261 3740 1334 3812 μὴ
1368 3742 1685 3812 εἰσαγάγῃς,

195 3909 234 3940 ⁸⁸
259 3909 391 3966 Psal.
421 3928 577 3978 cvm,
612 3912 665 3966 1.
747 3912 789 3942 ⁸³
823 3909 984 3974 Ihid.,
1015 3912 1102 3970 l6.

196 4097 463 4177 @)Libb.
519 4109 684 4177 antea
742 4100 893 4177 editi,
940 4102 1028 4177 τον
1069 4101 1243 4177 λόγον,
1280 4105 1372 4157 τὸν
1411 4109 1537 4177 περί
1588 4106 1682 4160 τοῦ

151 4167 290 4222 Ἰούδα
315 4171 434 4244 νῦν,
467 4175 563 4228 sed
606 4180 837 4242 prastat
863 4172 1021 4226 lectio
1076 4167 1383 4229 Pliilo'calire
1433 4167 1592 4244 quam
1628 4179 1679 4230 in

141 4244 262 4310 textu
297 4243 592 4310 posuimus.

193 4308 636 4386 (37)'Philoca|ia,
685 4310 974 4383 εἰρημένα,
1003 4321 1058 4367 ει
1085 4311 1248 4380 infra,
1280 4311 1368 4366 διὰ
1394 4314 1492 4386 τὴν
1518 4315 1682 4368 αὑτοῦ

140 4383 431 4454 “Eat-imm
466 4382 646 4454 ἀρῶν-

196 4449 296 4521 (58)
318 4453 467 4518 Πρὸς
499 4449 713 4506 λάτον.
739 4450 946 4520 Eurip.,
976 4449 1233 4506 Phoeniss.
1259 4469 1277 4505 :

254 4544 510 4616 Καλοῦσι
542 4543 596 4596 δ’
642 4541 963 4616 ξΙοκὰο-ζην
991 4561 1068 4612 με
1100 4545 1294 4612 (τοῦτο
1323 4547 1431 4616 γὰρ
1460 4548 1655 4616 πατὴρ

203 4610 412 4684 ξΕθετο)
433 4631 446 4644 ο
481 4612 672 4684 γαμεῖ
687 4612 758 4666 δὲ
787 4610 1051 4684 Λάῖῷςγιῗ
1070 4654 1084 4667 .
1110 4610 1278 4668 ’Ἐπεὶ
1313 4610 1365 4670 δ’
1390 4610 1575 4684 tinam

197 4673 320 4756 sy,“
337 4673 576 4756 _7.’pé,:ld
598 4682 825 4756 λέκτρα
854 4673 1168 4756 τᾶμῗέχων
1197 4673 1582 4756 ἐνηδώμαονιφῖ,

209 4749 404 4824 Ἐλθὼν
429 4752 625 4822 ἐρωτᾷ
654 4749 1157 4824 Φοῖϐονξέξαὶτεῐ
1175 4756 1224 4808 θ’
1255 4749 1375 4824 ἅμα

199 4821 406 4889 Παίδων
431 4821 497 4889 ἐς
529 4824 745 4886 οἴκους
772 4822 1046 4886 ἀρσένων
1072 4821 1406 4879 κοινωνῗαν.

206 4888 264 4962 Ϊο
283 4891 326 4944 δ’
356 4888 523 4946 εἶπεν
541 4911 556 4923 ο
593 4888 672 4946 Ὦ
705 4890 992 4959 Θήϐαισιν
1018 4895 1292 4960 εὐΐπποις
1317 4896 1490 4962 ἄναξ,

198 4961 282 5028 Μὴ
312 4963 536 5031 σπεῖρε,
565 4972 679 5018 etc.

205 5049 385 5124 l’ocant
419 5071 540 5108 vero
568 5069 653 5106 me
683 5050 953 5124 Jocastem
983 5051 1100 5124 (hoc
1127 5055 1263 5107 enim
1292 5073 1477 5110 nomen
1505 5067 1658 5124 pater

135 5120 336 5194 I_ndidit)
356 5141 374 5187 ;
395 5127 550 5178 duxit
568 5140 696 5178 vero
715 5138 796 5175 me
816 5121 996 5175 Laius.
1027 5122 1157 5194 Cum
1190 5137 1360 5178 autem
1386 5120 1693 5181 sine'liberis

134 5189 292 5262 Esset,
319 5197 402 5248 diu
437 5198 637 5248 habens
668 5194 991 5262 connubium
1019 5191 1186 5246 meum
1218 5195 1270 5246 in
1300 5197 1477 5262 domo,

143 5260 342 5332 Yeniens
369 5267 662 5332 interrogat
696 5259 988 5324 Plitebum;
1024 5270 1073 5315 et
1094 5264 1262 5329 poscit
1301 5266 1463 5316 simul

130 5329 412 5387 Liberorum
435 5337 488 5388 in
511 5329 723 5400 milibus
747 5333 1097 5383 masculorum
1127 5348 1447 5386 communem
1470 5333 1689 5400 prolem.

129 5399 228 5453 Ille
269 5403 520 5468 respondet
551 5404 601 5456 ei
634 5417 653 5453 :
679 5399 725 5453 0
759 5416 852 5452 rex
888 5403 1201 5467 equestrium
1239 5401 1548 5468 Thebarum,

130 5469 214 5524 Νι
238 5477 433 5535 semina,
470 5484 577 5526 ctc.
612 5471 883 5526 SPENCER.

201 5561 298 5632 (39)
327 5563 689 5624 Htesrhelius,
722 5560 930 5612 παίδων
975 5560 1172 5621 ἄλοκα,
1203 5572 1251 5616 et
1282 5563 1441 5631 paulo
1484 5573 1602 5631 post
1625 5563 1692 5616 δι’

128 5631 374 5701 αἱμάτων.
417 5641 515 5689 sed
565 5639 798 5702 praestat
847 5632 1006 5685 lectio
1053 5631 1356 5687 l’bilocalim
1398 5649 1557 5702 quam
1605 5650 1692 5688 se-

127 5717 394 5844 qulﬂgri‘d
428 5774 514 5844 μὴ
555 5771 822 5828 δυνατὸν
875 5770 1243 5839 προσέταξεν
1288 5772 1446 5838 αὐτῷ
1485 5776 1516 5827 ό
1545 5791 1690 5843 χρη-

1796 3207 1892 3247 nes
1925 3202 2228 3262 pateretur,
2262 3210 2398 3264 quas
2438 3197 2503 3250 de
2529 3197 2824 3266 OEdipode,
2849 3200 3062 3257 Jocasta
3085 3246 3099 3270 ,
3125 3223 3371 3264 commu-

1795 3284 2060 3354 nibusque
2087 3285 2269 3340 liberis
2299 3297 2467 3356 poeta:
2498 3290 2686 3358 tragici
2719 3291 3084 3352 celebrarunt.
3115 3299 3244 3365 Quae
3273 3317 3372 3356 au-

1798 3382 1901 3429 tem
1963 3376 2161 3430 dicitur
2227 3379 2417 3446 ignava
2480 3385 2886 3448 argumentatio,
2937 3401 3000 3441 ea
3029 3397 3106 3442 est
3153 3407 3259 3458 qua
3301 3395 3370 3449 ad

1793 3465 2048 3535 aliquem,
2080 3467 2172 3535 qui
2201 3476 2430 3534 aegrotus
2460 3471 2814 3538 supponitur,
2846 3475 2914 3530 ab
2948 3478 3251 3536 adhibendo
3300 3485 3370 3539 ad

1794 3559 2078 3612 sanitatem
2109 3561 2542 3627 recuperandam
2595 3564 2804 3620 medico
2857 3568 3248 3628 dehortandum
3277 3590 3367 3628 ca-

1794 3649 1970 3718 ptiose
1998 3648 2120 3717 quis
2150 3657 2416 3714 uteretur,
2446 3651 2524 3705 sic
2561 3652 2943 3723 interrogando
2976 3676 2989 3712 :
3021 3661 3184 3734 407
3207 3665 3254 3720 si
3290 3667 3370 3722 ra-

1795 3748 1906 3794 tum
1943 3739 2034 3794 tibi
2065 3748 2148 3796 est
2181 3755 2248 3796 ex
2274 3740 2376 3796 hoc
2406 3742 2596 3798 morbo
2639 3747 3020 3805 convalescere
3047 3770 3060 3817 ;
3107 3756 3220 3810 sive
3252 3771 3364 3812 mc-

1788 4105 1960 4174 σμός.
1994 4101 2258 4181 auguror
2275 4103 2342 4156 δὲ
2369 4097 2448 4181 ἦν
2478 4104 2574 4158 καὶ
2599 4105 2665 4158 τὸ
2690 4109 2978 4181 σπείρειν,
3011 4111 3111 4167 καὶ
3135 4115 3371 4172 οὐδέτεο

1782 4173 1898 4254 ρον
1951 4173 2150 4254 αὐτῶν
2191 4173 2666 4254 κατηνᾴγκασςο.
2737 4173 3134 4254 Ἠκρλούθησε
3176 4186 3244 4238 δὲ
3289 4188 3372 4254 τῷ

1786 4241 1899 4313 μή,
1950 4253 2063 4321 etc.
2091 4241 2494 4321 theam-libb.-
2527 4246 2687 4300 editis
2735 4250 2934 4303 omissa
2976 4241 3295 4321 supplentur
3335 4241 3366 4311 ε

1794 4311 1928 4366 mss.
1962 4312 2122 4366 codd.
2157 4321 2212 4366 et
2235 4311 2550 4367 Philocalia.

1863 4380 1993 4459 (.ll)_
2018 4380 2408 4448 Ἀποτρέπων.
2460 4380 2624 4438 Recte
2665 4382 2980 4452 Philocalia,
3029 4390 3172 4446 male
3205 4393 3364 4459 alias,

1791 4450 2116 4504 ἀποτρέπον.

1868 4467 2394 4594 ῗῗξῗτὲἷεῖμαρται,
2419 4529 2524 4575 etc.
2560 4521 2773 4594 Cicero,
2805 4523 2942 4577 libro
2966 4523 3047 4578 De
3069 4526 3182 4594 [ato
3208 4544 3227 4582 :
3256 4546 3276 4580 ι
3308 4531 3365 4586 Si

1799 4591 1976 4662 fatum
2008 4589 2101 4642 tibi
2153 4599 2329 4662 estex
2383 4591 2488 4662 hoc
2530 4593 2720 4662 morbo
2770 4589 3185 4662 convalescere,
3251 4600 3368 4655 sive

1799 4660 2064 4713 medicum
2120 4658 2455 4721 adhibueris,
2507 4661 2620 4714 sive
2661 4674 2790 4725 non,
2825 4658 3196 4720 convalesces.
3235 4668 3365 4723 Item

1796 4731 1840 4784 si
1871 4729 2038 4782 fatum
2077 4729 2170 4804 tibi
2223 4737 2306 4780 est
2336 4732 2533 4804 ex__hoe
2570 4732 2759 4804 morbo
2806 4747 2913 4786 non
2951 4737 3364 4804 convalescere,

1795 4801 1912 4855 sive
1941 4807 1993 4851 tu
2022 4797 2288 4851 medicum
2336 4798 2671 4863 adhibueris,
2715 4800 2828 4853 sive
2862 4816 2987 4866 non,
3020 4818 3125 4858 non
3158 4797 3364 4862 conva;

1798 4870 1986 4943 lesces,
2019 4866 2663 4943 et_alterutrum_l'actum_
2689 4885 2710 4943 ⁸ε
2755 4871 3180 4943 medicumergo
3210 4879 3370 4932 adhi-

1796 4939 1929 5014 bere
1951 4937 2091 5014 nihil
2122 4937 2385 5014 attinet.)
2428 4936 2560 5014 '_l‘um
2585 4937 2859 5006 subiungit
2887 4955 2899 4989 :
2926 4959 2960 5014 _t
3004 4936 3169 4999 Recte
3198 4961 3368 5014 genus

1798 5009 1900 5061 hoc
1950 5006 2392 5075 interrogationis
2432 5008 2680 5075 ignavum
2713 5020 2874 5075 atque
2925 5012 3071 5064 iners
3119 5006 3369 5070 nomina-

1797 5085 1906 5130 tum
1941 5085 2045 5138 est,
2093 5078 2235 5144 Quod
2282 5078 2468 5129 eadem
2503 5076 2714 5129 ratione
2743 5079 2922 5134 omnis
2946 5095 2976 5134 e
3003 5082 3108 5135 vita
3145 5086 3368 5140 tolletur

1796 5149 1970 5225 actio._
1998 5163 2016 5196 ι
2054 5146 2119 5225 Et
2149 5145 2308 5225 paulo
2354 5155 2479 5225 post
2513 5162 2524 5195 :
2569 5163 2588 5194 ι
2621 5147 2768 5225 Ἠιὲε
2808 5151 2948 5225 ratio
2991 5154 3366 5225 a_Cltrysippo

1795 5216 2234 5294 reprehenditur.
2269 5215 2524 5294 Qua-dam
2548 5215 2845 5294 enimsunt
2879 5220 2932 5273 in
2975 5221 3138 5277 rebus
3167 5215 3344 5294 sun'p'li

1796 5287 1900 5351 cia,
1932 5285 2176 5352 quzedam
2222 5286 2490 5355 copulata.
2548 5285 2786 5352 Simplex
2837 5298 2941 5355 est,
2987 5285 3369 5350 moriemr'eo

1797 5355 1883 5408 die
1914 5351 2188 5408 SOcrates.
2221 5351 2382 5416 Huic,
2420 5355 2532 5406 sive
2559 5351 2692 5422 quid
2737 5351 2948 5424 fecerit,
2995 5359 3108 5414 sive
3149 5379 3253 5414 nou
3289 5365 3372 5419 le-

1798 5426 1959 5486 cerit,
1988 5424 2278 5499 lini’t‘usest
2311 5425 2574 5499 moriendi
2619 5426 2754 5478 dies.
2789 5430 2856 5499 At
2885 5431 2926 5480 si
2968 5431 3038 5480 ita
3071 5430 3244 5484 fatum
3273 5436 3366 5499 sit,

1798 5504 2050 5547 nascetur
2072 5492 2309 5559 OEdipus
2336 5492 2487 5558 Laio,
2515 5510 2619 5546 non
2669 5498 2879 5563 poterit
2911 5500 3015 5551 dici
3046 5516 3059 5551 :
3103 5506 3218 5554 sive
3253 5492 3372 5556 lue-'-

1796 5564 1869 5615 rit
1904 5562 2065 5617 Laius
2095 5577 2218 5616 cum
2257 5564 2503 5640 muliere,
2529 5562 2834 5640 siveluou‘
2861 5566 3064 5635 fuerit;
3120 5574 3369 5640 c0pulata
3408 5604 3412 5609 -

1797 5635 1939 5709 enim
1972 5645 2057 5684 res
2088 5642 2190 5709 est,
2225 5643 2277 5686 et
2308 5632 2612 5709 confatalis.
2633 5632 2722 5688 Sic
2751 5636 2894 5688 enim
2928 5632 3201 5707 appellat}
3237 5645 3373 5709 quia

1800 5703 1871 5756 ita
1898 5703 2210 5782 factummsit.
2246 5712 2298 5757 ct
2327 5705 2740 5757 concubiturum
2774 5719 2896 5758 cum
2946 5703 3115 5767 uxore
3149 5703 3371 5782 Laium,

1798 5781 1852 5826 et
1885 5789 1949 5829 ex
1985 5786 2048 5826 ea
2077 5771 2340 5842 OEdipum
2371 5783 2804 5844 procreaturum,
2840 5793 2858 5829 ι
2901 5788 3008 5833 etc.
