4002 6526
578 329 686 390 839

2063 321 2388 381 ORIGENIS

3734 311 3829 365 81'.)

577 461 759 516 dicum
794 453 1152 519 adhibueris,
1201 453 1318 510 sive
1371 469 1499 518 non,
1571 451 1936 508 convalesces.
1968 448 2075 505 Sed
2108 448 2154 504 si

2268 447 2559 516 ἀναστήσῃ.
2594 441 2753 496 Ἀλλά
2777 442 2872 497 καὶ
2897 442 2945 496 εἰ
2967 438 3222 513 εἴμαρταί
3245 457 3324 493 σοι
3353 438 3427 511 μὴ
3454 437 3752 509 ἀναστῆναι
3770 441 3827 494 ἐκ

581 550 752 604 fatum
797 549 892 604 tibi
937 554 1025 602 εει
1071 559 1140 600 ex
1175 543 1280 600 hoc
1325 544 1517 600 morbo
1573 557 1678 599 non
1731 541 2154 605 convalescere;

579 643 696 695 sive
729 638 1046 695 adhibueris
1081 637 1372 702 medicum,
1407 635 1522 690 sive
1544 649 1648 688 non
1683 632 2018 696 adhibueris,
2051 645 2157 684 non

578 731 950 787 convalesces.
986 729 1180 784 Fatum
1213 736 1394 783 autem
1430 727 1524 782 tibi
1556 734 1642 781 est
1674 727 2055 780 convalescere
2093 735 2155 775 ex

582 823 685 876 isto
712 821 922 884 morbo,
960 831 1054 875 aut
1112 821 1280 875 fatum
1318 818 1416 874 tibi
1453 828 1534 873 est
1559 816 1678 886 {non
1721 816 2105 869 convalescere
2141 830 2154 866 :

583 912 784 969 frustra
810 912 977 983 igitur
1001 911 1227 965 adhibes
1267 908 1562 964 medicum.
1593 905 1699 960 Sed
1732 903 2045 975 hujusmodi
2074 917 2163 956 ca-

579 1003 749 1074 ptioni
779 1017 876 1071 par
903 1010 986 1056 est
1028 999 1289 1072 jocularis
1319 999 1422 1054 ista
1458 1015 1470 1052 :
1503 997 1549 1052 si
1581 994 1750 1050 fatum
1795 1002 1879 1050 est
1927 995 2023 1062 ita,
2067 993 2160 1048 tibi

583 1104 876 1151 nascentur
900 1094 1091 1157 liberi;
1123 1093 1238 1147 sive
1269 1105 1382 1146 rem
1421 1090 1624 1144 habeas
1657 1103 1780 1142 cum
1825 1102 2017 1152 uxore,
2047 1076 2162 1141 sive

582 1201 712 1252 non,
761 1185 917 1241 liberi
978 1184 1072 1239 tibi
1131 1191 1443 1238 nascentur.
1482 1179 1544 1234 Et
1573 1179 1618 1235 si
1657 1178 1828 1233 fatum
1859 1178 1931 1232 ita
1959 1186 2063 1244 est,
2096 1178 2161 1231 li-

581 1279 700 1335 beri
747 1292 852 1332 non
913 1284 1210 1331 nascentur
1259 1274 1354 1327 tibi
1383 1291 1395 1338 ;
1431 1271 1542 1327 sive
1570 1287 1692 1326 cum
1719 1270 1944 1324 muliere
1974 1269 2160 1337 fueris,

582 1372 697 1428 sive
725 1385 854 1436 non,
889 1369 1111 1422 minime
1157 1366 1254 1420 tibi
1294 1363 1450 1418 liberi
1509 1370 1836 1427 nascentur;
1867 1360 2033 1414 fatum
2065 1377 2161 1415 au-

585 1472 694 1516 tem
718 1470 825 1526 est,
853 1459 1168 1514 habiturum
1203 1465 1253 1510 te
1283 1455 1508 1516 liberos,
1538 1463 1633 1506 aut
1668 1468 1774 1509 non
1801 1454 2113 1508 habiturum
2147 1471 2158 1506 :

588 1555 796 1608 frustra
835 1551 999 1620 igitur
1029 1565 1150 1604 cum
1182 1553 1350 1603 uxore
1384 1545 1764 1602 concubueris.
1817 1545 1950 1599 Nam
1978 1560 2165 1614 quem-

584 1644 874 1698 admodum
912 1641 981 1696 ad
1038 1638 1405 1710 procreaudos
1457 1636 1674 1701 liberos,
1731 1637 1987 1705 quoniam
2033 1649 2161 1706 pro-

581 1749 768 1791 creare
797 1749 903 1788 non
931 1741 1107 1802 potest
1137 1745 1165 1784 a
1198 1731 1425 1785 muliere
1453 1730 1735 1786 abstinens
1758 1769 1774 1795 ,
1806 1745 1911 1784 non
1960 1727 2159 1782 frustra

2258 538 2358 608 τῆς
2399 538 2576 601 νόσου,
2606 535 2700 589 ἐάν
2740 552 2799 589 τε
2833 533 3131 606 εἰσαγάγῃς
3171 532 3262 586 τὸν
3300 531 3502 604 ἰατρὸν,
3540 531 3636 584 ἐάν
3673 549 3731 584 τε
3761 532 3828 603 μὴ

2260 622 2579 700 εἰσαγάγῃς,
2613 627 2713 680 ούκ
2741 626 3040 697 ἀναστήσῃ.
3065 627 3222 677 Ἤτοι
3245 623 3299 676 δὲ
3327 623 3436 694 (43)
3466 623 3722 695 εἵμαρταί
3755 641 3829 678 σοι

2263 721 2559 790 ἀναστῆναι
2590 719 2655 773 ἐκ
2685 719 2785 789 τῆς
2822 719 2999 783 νόσου,
3035 717 3068 787 ἢ
3097 716 3355 788 εἴμαρταί
3382 733 3461 768 σοι
3499 714 3572 786 μὴ
3608 717 3832 786 ἀναστῆ-

2237 797 2372 875 ναι,
2410 811 2585 882 μάτην
2619 810 2728 881 ἀρα
2773 809 3013 878 εἰσάγεις
3051 808 3142 860 τὸν
3178 807 3380 876 ἰατρόν.
3443 804 3602 858 ’Δλλά
3632 805 3831 877 χαριέν-

2262 921 2371 967 τως
2411 903 2584 974 τούτῳ
2621 901 2699 973 τῷ
2739 901 2880 972 λόγῳ
2919 900 3156 956 τοιοῦτόν
3201 918 3254 953 τι
3301 899 3734 971 παραϐάλλεταιο
3776 899 3832 950 El

2263 994 2521 1065 εἵμαρται
2552 1011 2632 1047 σοι
2671 993 3049 1064 τεκνοποῆσαι,
3084 992 3178 1045 ἐάν
3217 1008 3277 1044 τε
3311 989 3569 1061 συνέλθῃς
3602 987 3829 1057 γυναικὶ,

2264 1087 2359 1140 ἐάν
2385 1104 2443 1139 τε
2475 1086 2548 1158 μὴ
2590 1085 2866 1158 συνέλθῃς,
2900 1086 3324 1156 τεκνοποιήσεις.
3375 1082 3532 1136 Ἀλλά
3565 1083 3660 1136 καὶ
3689 1082 3736 1134 εί
3760 1080 3832 1136 εῖ-

2268 1179 2471 1250 μαρταί
2511 1196 2593 1233 σοι
2630 1179 2702 1251 μὴ
2733 1161 3146 1248 τεκνοποιῆσα-ι,
3191 1177 3286 1230 ἐάν
3320 1192 3380 1228 τε
3434 1174 3696 1246 συνέλθῃς
3741 1191 3831 1243 γυ·

2264 1273 2428 1338 ναικὶ,
2459 1272 2490 1344 ἢ
2527 1270 2600 1343 μὴ
2630 1271 2910 1344 συνέλθῃς,
2940 1270 3000 1323 ού
3025 1269 3449 1339 τεκνοποιήσεις.
3475 1269 3633 1320 Ἤτοι
3662 1266 3830 1337 ειμι)

2267 1362 2621 1434 εἴμαρταίσοι
2653 1360 3110 1430 τεκνοποιῆσαι,ῆ
3140 1358 3212 1429 μὴ
3233 1356 3639 1427 τεκνοποιῆσαι,
3672 1357 3832 1427 μάτην

2267 1454 2374 1525 ἄρα
2399 1454 2631 1526 συνέρχῃ
2648 1453 2883 1522 γυναικί.
2915 1453 3001 1517 Ὠς
3025 1451 3134 1521 γάρ
3149 1451 3242 1502 ἐπὶ
3259 1449 3472 1511 τούτου,
3491 1448 3613 1500 ἐπεὶ
3635 1448 3832 1517 ἀμήχα-

2265 1563 2354 1599 νον
2379 1547 2473 1599 καὶ
2501 1545 2759 1600 ἀδύνατον
2782 1543 3166 1613 τεκνοποιῆσαι
3191 1541 3283 1594 τὸν
3311 1540 3384 1612 μὴ
3407 1538 3727 1592 συνελθόντα
3748 1556 3832 1608 Tuo

2267 1641 2431 1703 ναικὶ,
2453 1639 2511 1692 οὐ
2539 1641 2711 1710 μάτην
2729 1636 3210 1710 παραλαμϐάνεται
3229 1634 3290 1687 τὸ
3307 1632 3580 1686 συνελθεῖν
3607 1633 3826 1701 γυναικί·

2265 1729 2436 1792 οὕτως
2467 1731 2514 1782 εἰ
2551 1729 2610 1782 τὸ
2644 1729 2937 1800 ἀναστῆναι
2967 1729 3031 1781 ἐκ
3073 1728 3172 1799 τῆς
3204 1727 3357 1780 νόσου
3389 1725 3492 1796 ὁδῷ
3519 1729 3586 1797 τῇ
3627 1725 3734 1779 ἀπὺ
3763 1726 3831 1778 ία-

582 1841 708 1882 cum
739 1827 964 1881 muliere
989 1824 1408 1887 coucumbitur;
1449 1825 1528 1878 sic
1551 1823 1594 1878 si
1628 1821 1896 1876 medicina
1926 1820 1992 1874 ad
2027 1833 2159 1874 con-

2268 1822 2457 1893 τρικῆς
2484 1821 2710 1890 γίνεται,
2730 1819 3042 1889 ἀναγκαίως
3066 1818 3555 1890 παραλαμϐάνεται
3580 1819 3611 1870 ὁ
3638 1818 3825 1888 ίατρόςσ

581 1917 963 1972 valescendum
994 1930 1061 1969 ex
1087 1915 1275 1968 morbo
1305 1913 1583 1980 conducit,
1613 1913 1856 1967 medicus
1902 1910 2162 1966 adhibea-

585 2016 672 2062 tur
698 2020 918 2062 neccsse
943 2014 1071 2070 est;
1115 2006 1355 2075 adeoque
1385 2003 1579 2058 falsum
1613 2016 1701 2059 est
1740 2003 1927 2059 istud:
1961 2001 2165 2057 frustra

583 2099 807 2154 adhibes
862 2099 1152 2154 medicum.
1205 2097 1383 2165 Atque
1438 2097 1554 2151 haec
1611 2096 1932 2151 adduximus
1985 2093 2164 2148 omnia

583 2201 806 2262 propter
831 2190 983 2254 illud,
1015 2191 1160 2259 quod
1191 2189 1626 2257 sapientissimus
1666 2187 1753 2241 ille
1779 2185 1966 2241 Celsus
2013 2186 2166 2240 dixe-

583 2291 669 2338 rat
696 2299 711 2339 :
748 2301 765 2334 ι
798 2280 899 2348 Qui
923 2281 1061 2335 Deus
1083 2289 1200 2333 erat
1228 2278 1474 2347 praedixit
1512 2295 1525 2332 ι
1560 2279 1784 2348 proinde
1809 2277 2032 2333 evenire
2047 2291 2167 2331 om-

583 2376 715 2430 nino
767 2372 1008 2442 oportuit
1037 2372 1178 2441 quod
1231 2370 1547 2440 prrcdictum
1607 2368 1802 2423 fuerat.
1845 2386 1864 2421 ι
1909 2366 1966 2422 Si
2022 2366 2165 2420 enim

582 2464 725 2518 hanc
786 2477 972 2517 vocem
1036 2463 1250 2516 omnino
1299 2459 1578 2530 usurpavit
1629 2474 1726 2529 pro
1784 2473 1849 2514 eo
1895 2459 2038 2528 quod
2084 2468 2168 2512 est

583 2553 874 2607 necessario
924 2567 1027 2606 non
1079 2551 1348 2607 assentior
1402 2568 1416 2604 :
1474 2551 1652 2620 potuit
1693 2551 1836 2604 enim
1881 2565 1984 2605 non
2043 2565 2169 2606 eve-

584 2643 730 2711 nire;
781 2642 862 2697 sin
913 2643 1052 2712 apud
1110 2642 1259 2696 illum
1325 2650 1430 2696 v0x
1482 2641 1694 2694 omnino
1758 2639 1897 2694 idem
1961 2640 2164 2710 signiti-

583 2744 674 2792 cat
728 2749 792 2790 ac
843 2736 962 2800 erit,
997 2734 1140 2803 quod
1199 2747 1383 2787 verum
1423 2747 1544 2788 esse
1595 2732 1728 2786 nihil
1781 2733 2062 2803 prohibet,
2104 2733 2169 2788 li-

589 2834 678 2882 cet
733 2825 906 2893 possit
935 2825 1103 2879 etiam
1134 2839 1238 2878 non
1268 2828 1505 2887 evenire,
1545 2822 1682 2878 nihil
1719 2832 1908 2878 contra
1959 2840 2058 2879 nos
2089 2823 2167 2879 fa-

586 2919 660 2975 cit
684 2919 798 2988 ejus
831 2918 1264 2990 argumentatio;
1297 2931 1398 2974 nec
1431 2932 1497 2973 ex
1526 2932 1592 2974 eo
1635 2920 1778 2988 quod
1832 2916 1993 2974 Iesus
2027 2934 2168 2989 prte-

582 3012 784 3069 dixcrit
822 3012 890 3067 ab
919 3010 1090 3066 altero
1121 3026 1180 3066 se
1206 3011 1478 3080 proditum
1508 3010 1596 3075 iri,
1632 3010 1715 3065 vel
1747 3011 1816 3065 ab
1867 3011 2040 3066 altero
2072 3027 2166 3066 ne-

581 3102 816 3174 gandum
842 3116 983 3168 esse,
1031 3103 1280 3170 sequitur
1312 3111 1368 3156 ut
1415 3102 1521 3156 illis
1561 3101 1854 3172 impietatis
1881 3112 1938 3156 et
1968 3103 2164 3158 nefarii

2268 1914 2358 1966 καὶ
2394 1913 2584 1983 ψεῦδος
2614 1914 2694 1977 τὸ,
2731 1913 2924 1985 Μάτην
2962 1913 3203 1982 εἰσάγεις
3238 1912 3328 1965 τὸν
3370 1911 3572 1984 ἰατρόν.
3623 1910 3752 1964 Ὅλα
3784 1909 3831 1964 δὲ

2265 2006 2432 2060 ταῦτα
2485 2006 2921 2078 παρειλήφαμεν,
2967 2005 3031 2058 δι’
3065 2004 3100 2058 ἀ
3149 2003 3415 2076 παρέθετο
3456 2009 3486 2056 ὁ
3539 2001 3830 2072 σοφώτατος

2266 2095 2471 2159 Κέλσος
2498 2095 2694 2149 εἰπών’
2732 2115 2750 2147 ι
2783 2097 2915 2160 Θεὸς
2941 2095 3015 2149 ὢν
3037 2099 3286 2166 προεῖπε,
3317 2095 3413 2148 καὶ
3440 2094 3661 2157 πάντως
3684 2094 3830 2164 ἐχρῆν

2269 2187 2516 2255 γενέσθαι
2540 2187 2598 2240 τὸ
2620 2188 3029 2260 προειρημένον.
3060 2208 3076 2239 ι
3103 2189 3164 2240 Ei
3188 2187 3294 2260 γὰρ
3319 2185 3378 2240 τὸ
3405 2185 3641 2251 πάντως
3665 2185 3830 2238 ἀκούει

2268 2279 2387 2332 ἀντὶ
2413 2277 2506 2332 τοῦ
2525 2278 3196 2350 κατηναγκασμένως,ού
3217 2277 3456 2349 δώσομεν
3483 2276 3634 2347 αύτῷ
3655 2293 3667 2306 ⁸
3693 2277 3833 2330 δυναο

2267 2370 2356 2423 τὸν
2387 2371 2494 2442 γάρ
2525 2366 2593 2441 ἦν
2619 2372 2710 2424 καὶ
2745 2371 2818 2443 μὴ
2857 2370 3107 2440 γενέσθαι
3127 2387 3142 2401 ο
3173 2372 3220 2423 εί
3255 2370 3311 2423 δὲ
3336 2369 3395 2423 τὺ
3431 2369 3672 2434 πάντως
3700 2368 3831 2436 λέγει

2267 2463 2389 2518 ἀντὶ
2414 2462 2506 2517 τοῦ
2539 2463 2730 2530 ἔσται,
2758 2465 2896 2535 ὅπερ
2937 2463 2996 2516 ού
3025 2462 3290 2516 κωλύεται
3318 2457 3455 2514 εἷναι
3493 2459 3713 2530 ἀληθὲς,
3745 2461 3832 2514 κᾶν

2267 2557 2489 2611 δυνατὸν
2597 2557 2657 2610 τὸ
2693 2557 2767 2628 μὴ
2807 2557 3087 2626 γενέσθαι·
3135 2555 3284 2609 οὐδὲν
3325 2554 3484 2608 λυπεῖ
3525 2553 3620 2607 τὸν
3661 2554 3829 2621 λόγον·

2268 2650 2378 2702 οὐδ’
2407 2649 2686 2719 ἠκολούθει
2719 2648 2796 2719 τῷ
2828 2648 3214 2721 προειρηκέναι
3252 2647 3345 2701 τὸν
3382 2646 3590 2718 Ἰησοῦν
3624 2646 3692 2700 τά
3723 2644 3834 2717 περὶ

2267 2740 2360 2794 τού
2396 2741 2676 2810 προδότου,
2719 2742 2752 2813 ἢ
2786 2741 2852 2794 τὰ
2889 2741 3018 2813 περὶ
3049 2739 3144 2794 τοῦ
3195 2740 3577 2812 ἀρνησαμένου
3627 2738 3756 2809 (45),
3785 2737 3834 2789 τὸ

2271 2833 2432 2888 αὐτὸν
2480 2834 2663 2898 αὐτοῖς
2701 2835 2870 2888 αἴτιον
2904 2834 3154 2903 γενέσθαι
3197 2834 3451 2897 ἀσεϐείας
3501 2833 3594 2885 καὶ
3639 2831 3833 2884 ἀνοσίου

2269 2924 2542 2996 πράξεως.
2617 2923 2762 2978 Ἰδὼν
2795 2925 2902 2996 γάρ
2935 2924 3100 2978 αὐτοῦ
3126 2924 3188 2979 τὸ
3215 2923 3489 2994 μοχθηρὸν
3521 2918 3657 2994 ἦθος
3678 2923 3706 2975 ὁ
3728 2918 3832 2974 καθ’

2269 3016 2416 3086 ἡμᾶς
2453 3015 2772 3084 γιγνώσκων
2801 3015 2853 3068 τί
2884 3011 2951 3086 ἦν
2971 3015 3040 3070 ,ἐν
3075 3015 3154 3086 τῷ
3187 3013 3476 3086 ἀνθρώπῳ,
3509 3013 3606 3066 καὶ
3647 3012 3780 3084 ὀρῶν
3806 3010 3836 3064 ἃ

2267 3106 2528 3178 τολμήσει
2561 3107 2624 3159 ἔκ
2649 3125 2709 3160 τε
2746 3105 2839 3160 τοῦ
2868 3105 3202 3176 φιλάργυρος
3233 3101 3391 3167 εἶναι,
3425 3105 3520 3158 καὶ
3553 3105 3620 3158 ἐκ
3650 3103 3740 3157 τοῦ
3772 3103 3834 3173 μὴ

582 3195 845 3250 facinoris
877 3209 1038 3250 causa
1065 3193 1252 3248 fuerit.
1289 3194 1389 3259 Qui
1422 3195 1564 3249 enim
1611 3192 1765 3262 juxta
1805 3209 1902 3249 nos
1942 3204 2162 3250 noverat

2272 3197 2505 3269 βεϐαίως
2553 3200 2680 3270 περὶ
2718 3197 2811 3251 τοῦ
2849 3198 3168 3253 διδασκάλου
3199 3199 3414 3268 φρονεῖν
3443 3195 3478 3251 ἀ
3507 3196 3698 3268 ἐχρῆν,
3730 3190 3834 3247 εἶπε

582 3287 710 3355 quid
756 3294 902 3340 esset
932 3286 985 3340 in
1017 3286 1258 3348 homine,
1320 3285 1513 3340 videns
1556 3300 1752 3354 pravos
1781 3285 1925 3342 illius
1977 3301 2160 3343 mores

583 3393 918 3447 cernensque
978 3392 1085 3446 quo
1137 3377 1285 3431 illum
1361 3375 1659 3446 impulsura
1720 3392 1869 3434 esset
1920 3380 2162 3448 pecunia:

2275 3290 2413 3360 μετὰ
2459 3289 2665 3343 πολλῶν
2711 3291 2802 3344 καὶ
2839 3291 2929 3343 τό·
2978 3310 2996 3342 ι
3046 3291 3102 3345 '0
3135 3289 3388 3362 ἐμϐάψας
3431 3289 3548 3360 μετ’
3581 3287 3716 3359 ἐμοῦ
3752 3285 3836 3358 τὴν

2270 3383 2428 3453 χεῖρα.
2459 3383 2539 3444 είς
2570 3381 2629 3434 τὸ
2651 3381 2918 3453 τρυϐλίον,
2953 3381 3159 3446 ἐκεῖνός
3188 3399 3256 3453 με
3281 3380 3611 3454 παραδώσει.
3645 3399 3665 3433 ι

583 3473 855 3544 cupiditas
905 3483 960 3529 et
997 3489 1194 3544 parum
1245 3473 1400 3527 firma
1448 3475 1514 3528 de
1569 3484 1905 3544 praeceptore
1965 3477 2172 3546 opinio,
2206 3477 2340 3532 dixit
2386 3479 2528 3533 inter
2573 3486 2771 3534 caetera
2821 3487 2877 3534 et
2927 3478 3100 3534 illud:
3135 3496 3153 3530 ι
3193 3478 3294 3545 Qui
3359 3477 3576 3548 intiogit
3641 3491 3835 3533 mecum

582 3585 804 3624 manum
834 3569 888 3622 in
919 3568 1230 3638 paropside,
1269 3567 1360 3622 hic
1401 3581 1488 3622 me
1523 3567 1784 3623 tradet“.
1825 3588 1844 3622 ι

653 3681 740 3737 9.1.
775 3683 892 3736 Jam
920 3683 1043 3737 vide
1070 3697 1228 3750 quam
1281 3696 1503 3745 vanum,
1548 3697 1709 3752 quam
1753 3681 2036 3737 manifeste
2066 3683 2169 3736 fal-

582 3788 700 3828 sum
755 3773 827 3828 sit
866 3774 1007 3829 istud
1057 3773 1200 3829 Celsi
1253 3791 1266 3826 :
1331 3791 1351 3825 ι
1402 3772 1690 3843 Nunquam
1737 3775 1940 3829 homini
2009 3776 2170 3829 homo

583 3866 758 3920 factus
807 3866 925 3935 ejus
977 3879 1178 3919 mensa:
1232 3865 1505 3934 particeps
1574 3865 1803 3920 insidias
1870 3868 2167 3935 paraverit.

579 3955 736 4022 Quod
771 3955 815 4008 si
848 3957 924 4010 ita
955 3963 1059 4020 est,
1089 3963 1291 4025 quanto
1329 3955 1509 4010 minus
1534 3956 1644 4012 Deo
1672 3957 2046 4024 insidiaretur,
2077 3959 2168 4028 qui

580 4062 703 4102 cum
745 4046 856 4102 Deo
881 4047 1056 4101 eidem
1110 4060 1314 4102 mensa:
1362 4047 1749 4102 accumberet?
1785 4066 1803 4099 ι
1841 4049 1972 4115 Quis
2024 4051 2168 4104 enim

583 4137 754 4193 nescit
784 4137 981 4192 multos
1011 4137 1197 4203 fuisse,
1231 4138 1321 4207 qui
1348 4139 1513 4192 etiam
1556 4137 1661 4194 illis
1687 4139 2019 4209 quibuscum
2050 4141 2164 4196 sale

581 4244 877 4300 mensaque
924 4230 1299 4286 communibus
1342 4231 1651 4294 utebantur,
1700 4234 2005 4286 struxerint
2035 4233 2166 4286 insi-

581 4320 734 4374 dias?
761 4320 978 4375 Rcferta
995 4329 1078 4376 est
1112 4321 1424 4377 Graecorum
1452 4320 1916 4392 barbarorumque
1939 4325 2167 4378 historia

580 4410 842 4480 ejusmodi
861 4411 1140 4482 exemplis.
1157 4411 1268 4466 Hoc
1286 4411 1459 4481 ipsum
1476 4411 1679 4468 crimen
1699 4423 1800 4479 est,
1815 4415 1955 4482 quod
1981 4414 2168 4468 Parius

2350 3682 2488 3755 Ὅρα
2515 3680 2572 3733 δὲ
2616 3681 2710 3734 καὶ
2763 3679 2824 3733 τὸ
2860 3680 3174 3734 ἐπιπόλαιον
3218 3678 3310 3732 καὶ
3360 3677 3422 3732 τὸ
3449 3678 3706 3748 ἄντικρυς
3728 3675 3836 3747 ipsi-

2273 3776 2361 3840 δος
2377 3775 2477 3846 τῆς
2489 3775 2742 3845 τοιαύτης
2765 3773 2856 3827 τοῦ
2871 3773 3076 3848 Κέλσου
3090 3773 3288 3840 λέξεως
3305 3773 3741 3844 ἀποφηναμένου,
3761 3772 3829 3823 ὅτι

2276 3885 2296 3920 ι
2341 3866 2634 3938 Ἀνθρώπῳ
2664 3867 2759 3937 μὲν
2783 3869 2812 3920 ὁ
2835 3867 3165 3938 κοινωνήσας
3186 3865 3466 3937 τραπέζης
3489 3865 3589 3917 ούκ
3612 3863 3676 3916 ἂν
3702 3862 3834 3930 αὖτῴ

2269 3957 2701 4011 ἐπιϐουλεύσειεν
2719 3975 2732 3986 ·
2753 3957 2800 4008 εἰ
2828 3957 2884 4010 δὲ
2910 3955 3181 4027 ἀνθρώπῳ
3205 3956 3304 4008 οὐκ
3324 3955 3389 4007 ἂν
3424 3953 3830 4012 ἐπιϐουλεύσειε,

2268 4048 2448 4119 πολλῷ
2467 4048 2626 4102 πλέον
2651 4050 2678 4102 ὁ
2696 4047 2815 4118 Θεῷ
2839 4046 3232 4118 συνευωχηθεὶς
3254 4047 3355 4100 ούκ
3379 4047 3443 4101 ἂν
3469 4046 3618 4116 αύτῷ
3643 4044 3834 4098 ἐπεϐουο

2267 4142 2358 4205 λος
2382 4141 2616 4210 ἐγίνετο;
2652 4158 2670 4191 ι
2714 4140 2810 4204 Τίς
2837 4139 2945 4212 γὰρ
2978 4140 3077 4192 οὐκ
3105 4134 3264 4202 οἶδεν,
3299 4141 3380 4194 ὅτι
3419 4139 3621 4202 πολλοὶ,
3657 4155 3831 4193 κοινω-

2271 4235 2529 4304 νήσαντες
2547 4233 2690 4285 ἀλῶν
2715 4233 2805 4286 καὶ
2834 4233 3133 4304 τραπέζης,
3161 4233 3556 4286 ἐπεϐούλευσαν
3581 4235 3689 4296 τοῖς
3721 4249 3833 4284 συν·

2272 4324 2502 4390 εστίοις;
2539 4326 2649 4379 Καὶ⁸
2673 4325 2883 4397 πλήρης
2905 4325 3051 4378 ἐστὶν
3071 4327 3105 4397 ἡ
3151 4326 3416 4398 Ἐλλήνων
3443 4327 3538 4379 καὶ
3563 4323 3830 4396 βαρϐάρων

2275 4416 2488 4487 ἱστορία
2527 4417 2781 4470 τοιούτων
2828 4417 3318 4489 παραδειγμάτων
3355 4417 3448 4470 καὶ
3482 4416 3748 4479 ὀνειδίζων
3775 4429 3828 4480 γε

582 4503 935 4558 iambicorum
964 4505 1266 4559 carminum
1287 4503 1524 4574 scriptor
1557 4503 1842 4576 Lycambae
1866 4505 2034 4577 408
2060 4519 2152 4559 ex-

2268 4509 2284 4561 5
2321 4508 2524 4580 Πάριος
2582 4508 2898 4580 ἰαμϐοποιὸς
2935 4509 3045 4580 (46)
3090 4510 3180 4563 τὸν
3221 4510 3524 4582 Λυκάμϐην
3560 4508 3670 4580 (47)
3710 4503 3830 4577 μετᾶ

655 4715 700 4749 ⁸³
739 4717 927 4774 Matth.
962 4736 1109 4789 xxvi,
1140 4722 1252 4776 25.‘

651 4945 768 5016 (45)
796 4944 956 4999 Libb.
999 4955 1156 5000 antea
1185 4948 1313 5002 editi
1350 4948 1416 5001 ad
1450 4962 1602 5002 oram
1635 4948 1861 5010 habent,
1896 4947 2008 5002 εἴτε
2033 4948 2115 5002 δέ.

657 5016 767 5086 με)
792 5017 954 5086 Iidem
986 5018 1038 5069 iu
1073 5019 1338 5085 margine,
1371 5016 1482 5070 εἴτε
1511 5019 1586 5071 δέ.
1624 5017 1788 5073 Paulo
1813 5019 1951 5072 infra
1979 5020 2156 5074 Philo-

585 5099 612 5137 c
620 5099 645 5137 a
653 5085 685 5156 li
695 5085 757 5156 a_._
768 5102 792 5136 ε
801 5085 926 5155 ῖπερ
954 5087 1230 5156 ἀμήχανον
1238 5128 1251 5141 .

649 5152 785 5231 (45)-
804 5152 1104 5231 l’lii'localia'
1123 5157 1392 5231 :_’l_'qao§v
1418 5157 1724 5231 ἀληθῶς-τὰ
1752 5157 1993 5231 περὶτοῦ
2025 5175 2159 5231 προ-

753 5211 1178 5313 ῆὶτάῄπερὶὶτού
1213 5211 1586 5313 ἀρνησαμέίου
1613 5211 1846 5301 ΪΙέτρουί
1869 5211 1997 5283 Mos
2023 5211 2155 5282 ιίὺι).

587 5293 1013 5368 εόῇιίᾹειΙγοιξιιφ,
1035 5295 1097 5348 τὸ
1115 5293 1273 5348 αὐτὸν
1295 5293 1442 5368 αὐτῷ
1475 5298 1665 5352 αἴτιον.

653 5361 762 5432 (46)
792 5362 852 5434 'O
883 5362 1097 5434 Πάριος
1111 5361 1468 5434 ὶαμϐοποιόξι.
1487 5369 1736 5433 lntelligit
1759 5367 2160 5424 Archilochum.

585 5431 753 5510 Clem.
784 5433 940 5510 Alex.
973 5431 1240 5510 Subruit.
1290 5437 1398 5510 Nai.
1426 5431 1545 5508 ’μὲν
1575 5431 1768 5510 ἴαμϐον
1805 5441 1902 5510 μὲν
1934 5439 2161 5510 ἐπενόη-

588 5515 678 5580 σεν
713 5503 1020 5580 Ἀρχίλοχος
1114 5507 1337 5580 ῌάριος,
1365 5503 1687 5580 ίδιιίιειιιιηίιι
1716 5503 1985 5563 Achaicis.
2030 5503 2161 5580 Viue

588 5571 962 5692 gdgotatioues
1009 5575 1077 5628 ad
1113 5571 1214 5630 libf
1248 5593 1307 5630 ιιι
1353 5576 1551 5632 Contra
1593 5579 1823 5647 Celsum,
1863 5595 2015 5635 num.
2063 5578 2154 5632 24.

630 5656 659 5692 p
696 5656 850 5692 scan.

630 5655 850 5694 PENCER.

655 5710 767 5778 (47)
806 5712 916 5789 Τὸις
933 5715 1280 5789 ᾼιίκὰμόην.
1306 5717 1710 5773 Ηωεειιειίιιεὶη
1739 5727 1906 5779 textu.
1933 5718 2156 5789 Λυκάμ-

587 5775 774 5838 eam;
799 5783 966 5839 Codd.
997 5775 1258 5856 Regiuset
1284 5789 1634 5857 Basileensis,
1670 5775 1992 5861 Λυκάμϐαν.
2021 5775 2153 5846 (ὶυίη

2268 4949 2432 5003 filiam
2457 4948 2758 5005 Neobulam
2794 4949 3120 5006 Archilocho
3167 4948 3568 5020 despondisset,
3598 4945 3717 5020 eius
3761 4944 3829 5020 rei

2307 5030 2456 5074 ostoa
2493 5022 2770 5084 pmnituit,
2797 5033 2850 5074 et
2891 5021 3048 5074 alteri
3079 5017 3372 5076 collocavit
3405 5038 3417 5072 :
3447 5021 3589 5072 unde
3619 5017 3828 5082 Quinti-

2290 5092 2462 5153 ianus,
2489 5086 2667 5144 Instit.
2696 5099 2837 5146 orat.
2874 5091 2966 5146 lib.
3000 5107 3052 5151 χ,
3084 5105 3203 5160 cap.
3241 5090 3348 5143 In
3382 5090 3534 5144 Adeo
3569 5098 3626 5142 ut
3660 5086 3831 5160 videa-

2268 5167 2356 5212 tur
2386 5160 2736 5228 quihusdam,
2768 5165 2912 5230 quod
2969 5154 3188 5230 quidem
3213 5161 3407 5214 veneni
3451 5170 3557 5220 cst,
3577 5154 3826 5230 materia?

2266 5223 2542 5354 ἷὲεεέέιοη
2573 5223 3020 5299 ingenii'vitiuui.
3061 5249 3078 5281 ›
3125 5229 3336 5299 Horat.,
3368 5231 3528 5298 epod.
3563 5227 3616 5292 6,
3667 5241 3720 5280 v.
3753 5223 3829 5282 Ην

2343 5339 2357 5354 ι
2416 5319 2486 5354 02

2343 5319 2486 5363 ,102

2409 5388 2707 5462 Cave,_cave
2734 5405 2752 5444 :
2784 5407 3005 5462 namque
3034 5391 3088 5444 in
3118 5391 3286 5445 malos
3313 5391 3626 5459 asperrimus

2556 5460 2758 5515 Parata
2812 5460 2936 5515 tollo
2981 5477 3217 5526 cornua;

2413 5531 2601 5599 Qualis
2627 5531 2902 5602 Lycamba:
2944 5543 3150 5602 spretus
3191 5532 3356 5601 inﬁdo
3383 5547 3560 5602 gener.

2263 5647 2575 5704 (Enomaus
2605 5647 2745 5718 apud
2771 5647 3084 5718 Eusebium,
3104 5648 3198 5703 lib.
3226 5663 3282 5711 v,
3305 5663 3424 5718 cap.
3451 5647 3556 5718 35;
3582 5639 3823 5700 Tull.lib.

2267 5734 2325 5772 Ill
2363 5718 2438 5772 De
2459 5716 2652 5772 natura
2682 5721 2936 5782 deorum;
2989 5717 3216 5774 Lucian.
3244 5721 3299 5774 in
3329 5716 3683 5782 Pseudolisla,
3728 5729 3821 5766 litui

2265 5789 2423 5857 longe
2460 5789 2526 5844 ab
2569 5788 2743 5843 initio.
2783 5790 3046 5844 Srsacen.
