3902 6414
457 286 564 343 815
1933 287 1986 343 0]

2101 289 2253 347 ENIS
3609 305 3693 361 8M

459 406 658 458 ritatur
692 415 746 458 et
774 401 919 474 luget
940 401 1300 472 obsecratque
1339 410 1400 457 ut
1429 403 1623 458 mortis
1655 409 1799 458 metu
1831 403 1986 460 libere

2129 409 2352 482 ὀλέθρου
2386 411 2548 482 φόϐον
2581 413 2800 486 εὐχεται
2827 417 3229 491 παραδραμεῖν,
3253 421 3431 490 λέγων
3449 414 3554 476 ὧδέ
3577 440 3692 487 πως*

455 507 547 552 tur
570 496 656 551 bis
680 495 858 551 verbis
886 511 898 546 :
931 494 1094 550 Pater
1118 494 1212 559 mi,
1239 496 1284 549 si
1316 503 1491 561 potest
1521 495 1667 550 calix
1712 497 1814 552 iste
1843 505 1986 554 trans

2132 497 2201 553 Ὦ
2214 503 2415 575 Πάτερ,
2432 507 2478 558 εί
2489 505 2707 560 δύναται
2723 508 2781 561 τὸ
2799 511 3056 582 ποτήριον
3071 511 3228 565 τοῦτο
3241 512 3534 586 παρελθεῖν
3546 514 3661 585 (54).
3675 534 3692 566 ι

452 586 533 643 ire
557 586 624 642 ".
657 607 676 639 ι
702 587 762 641 Et
794 587 845 640 in
872 585 957 640 his
993 583 1216 640 adverte
1238 585 1380 640 Celsi
1405 585 1814 656 malignitatem.
1839 588 1910 651 Is,
1929 605 1986 643 ne

2131 595 2240 648 Καὶ
2279 597 2336 650 ὲν
2367 597 2578 662 τούτοις
2619 599 2675 652 δὲ
2723 601 2827 673 ὅρα
2859 602 2918 654 τὸ
2953 602 3050 655 τοῦ
3105 583 3330 657 Κέλσου-
3368 583 3695 677 κακοῦργον,

452 680 580 734 dum
606 679 968 748 amplectatur
1015 677 1307 746 ingenuam
1359 679 1690 748 scriptorum
1747 679 1983 750 Evangel

2126 687 2229 752 ὅτι,
2260 688 2334 761 μὴ
2367 689 2769 762 ἀποδεξάμενος
2793 692 2853 746 τὸ
2887 693 3184 765 φιλάληθες
3211 695 3319 751 τῶν
3356 696 3695 767 ἀναγραψάν-

453 772 848 836 sinceritatem,
897 768 1013 838 qui,
1070 784 1193 824 eum
1227 780 1452 839 possent
1486 770 1704 826 silentio
1756 787 1986 841 premere

2124 797 2231 835 των
2255 782 2322 834 τὰ
2340 783 2648 852 Εὐαγγέλια
2675 784 3012 855 δυνηθέντων
3034 788 3133 857 μὲν
3161 787 3596 859 παρασιωπῆσαι
3617 787 3694 851 τὰ,

450 875 591 929 quae,
610 858 869 914 utCelsus
884 866 1057 928 putat,
1086 860 1372 914 accusandi
1397 875 1584 916 ansam
1605 864 1881 932 praebent,
1916 879 1984 917 no

2123 873 2201 937 ὡς
2234 873 2442 939 Κέλσος
2486 877 2678 939 οῖεται,
2722 876 2980 948 ἔγκλητα,
3017 880 3080 931 οὐ
3113 858 3511 950 σιωπησάντων
3544 879 3695 933 δὲδιά

446 968 508 1007 ea
537 960 714 1006 tamen
763 951 1030 1005 siluerunt
1069 949 1255 1008 multis
1280 952 1345 1006 de
1363 955 1542 1008 causis
1567 970 1700 1022 quas
1731 954 1930 1024 aliquis
1967 956 1979 1010 i

2122 964 2350 1029 πολλοὺς
2362 965 2571 1035 λόγους,
2596 967 2690 1032 οὒς
2713 969 2769 1022 ὲν
2793 968 2966 1040 καιρῷ
2983 987 3069 1032 τις
3086 949 3357 1024 ἀποδώσει
3376 971 3439 1023 τὺ
3467 970 3692 1039 Εὐαγγέ-

443 1042 766 1114 expliCando
793 1041 1092 1112 Evangelio
1119 1053 1426 1113 opportune
1467 1047 1691 1112 reddet;
1727 1063 1847 1116 qua:
1877 1047 1982 1103 scri

2119 1055 2231 1110 λιον
2253 1057 2624 1129 διηγούμενος,
2649 1063 2944 1131 κατηγορεῖ
2963 1061 3064 1132 τῆς
3089 1061 3458 1131 εὐαγγελικῆς
3491 1061 3691 1128 λέξεως,

439 1143 666 1205 pserunt
699 1136 752 1189 in
784 1135 989 1190 crimen
1018 1144 1199 1200 vocat,
1225 1145 1304 1201 et,
1331 1146 1389 1192 ut
1425 1138 1808 1196 declamitandi
1840 1141 1986 1196 locun

2120 1151 2620 1223 προσεκτραγῳδῶν
2651 1152 2744 1205 καὶ
2774 1151 2942 1215 τιθεὶς
2976 1153 3053 1222 μὴ
3083 1151 3151 1204 τά
3203 1152 3688 1224 ἀναγεγραμμένα*

439 1230 661 1295 habeat,
712 1244 831 1299 quae
865 1245 972 1285 non
1019 1231 1359 1300 scripserunt
1409 1233 1687 1301 pr0ponit.
1719 1232 1836 1289 Non
1870 1236 1986 1290 enin

2116 1241 2177 1293 οὐ
2212 1239 2318 1312 γὰρ
2347 1240 2657 1310 εὑρίσκεται
2694 1237 2810 1302 πῶς
2831 1240 2859 1291 6
2887 1239 3096 1309 Ἰησοῦς
3141 1238 3415 1310 ὀδύρεται.
3459 1240 3576 1291 Καὶ
3604 1256 3693 1290 πα-

439 1322 705 1391 scriptum
778 1321 1072 1377 invenitur'
1099 1323 1309 1378 luxisse
1352 1323 1556 1379 Jesum.
1587 1326 1668 1381 Ac
1699 1324 1855 1380 ali‘ert
1891 1328 1982 1396 qul

2116 1329 2383 1401 ραφράζει
2414 1330 2512 1400 μὲν
2532 1331 2613 1393 τὸ,
2639 1349 2656 1382 ι
2682 1329 2884 1402 Πάτερ,
2901 1331 2948 1383 εί
2977 1329 3202 1383 δυνατόν
3219 1331 3358 1395 ἐστι,
3388 1329 3693 1401 παρελθέτω

439 1416 560 1470 dem
595 1415 930 1470 licetverbis
957 1416 1237 1485 paululum
1268 1416 1501 1472 diversis
1540 1417 1684 1472 istud
1721 1434 1737 1474 :
1778 1436 1798 1470 ι
1828 1418 1986 1473 Pater

2113 1422 2173 1475 τὸ
2185 1423 2439 1493 ποτήριον
2461 1421 2636 1474 τοῦτο’
2652 1442 2669 1474 ι
2691 1423 2872 1475 οὐκέτι
2887 1421 2944 1474 δὲ
2973 1421 3070 1474 καὶ
3093 1421 3153 1474 τὸ
3182 1421 3411 1474 αὐτόθεν
3443 1422 3693 1491 ἐμφαῖνον

434 1508 480 1562 si
529 1507 788 1576 possibile
815 1516 919 1571 est,
953 1516 1198 1563 transeat
1227 1509 1368 1563 calix
1409 1510 1548 1576 iste;
1587 1529 1607 1563 ι
1643 1511 1983 1580 praetermitti

2111 1516 2209 1586 τὴν
2243 1515 2378 1586 πρὸς
2407 1515 2494 1568 τὸν
2511 1515 2728 1588 Πατέρα
2756 1514 3038 1568 εὐσέϐειαν
3060 1514 3227 1568 αὐτοῦ
3268 1515 3363 1566 καὶ
3388 1511 3690 1584 μεγαλοψυ-

433 1607 617 1653 autem
646 1598 789 1668 quod
819 1599 1071 1668 proxime
1101 1600 1366 1668 sequitur,
1395 1609 1449 1655 et
1470 1615 1535 1654 ex
1561 1615 1668 1672 quo
1685 1603 1858 1672 pietas
1879 1601 2006 1659 Jesu

433 1707 564 1762 erga
594 1691 810 1746 Patrem
851 1691 1382 1761 magnanimitasque
1412 1694 1678 1762 imprimis
1711 1693 2004 1750 elucescit:

2111 1607 2254 1676 χίαν,
2304 1606 2428 1678 ἑξῆς
2449 1605 2622 1677 τούτῳ
2647 1606 2758 1677 (55)
2797 1605 3284 1677 ἀναγεγραμμένον
3317 1601 3689 1675 παρατίθεται.

2109 1695 2280 1759 οὕτως
2296 1694 2436 1765 ἕχον·
2475 1714 2492 1746 ι
2516 1695 2661 1767 Πλὴν
2684 1696 2782 1766 οὐχ
2799 1696 2874 1758 ὡς
2891 1693 3001 1765 ἐγὼ
3020 1693 3178 1759 θέλω,
3193 1694 3306 1748 ἀλλ’
3319 1693 3396 1756 ὡς
3419 1692 3510 1746 σύ.
3527 1711 3546 1742 ι
3566 1691 3690 1745 Ἀλλ’

442 1803 462 1836 ι
491 1781 879 1838 Verumtamen
917 1796 1023 1836 non
1045 1782 1186 1837 sicut
1214 1797 1313 1852 ego
1337 1783 1478 1850 volo,
1503 1784 1598 1840 sed
1627 1785 1766 1840 sicut
1797 1793 1852 1839 tu
1880 1784 1946 1839 ⁸⁸.
1982 1805 1986 1838 ι

2108 1785 2228 1839 οὐδὲ
2255 1786 2353 1856 τὴν
2380 1786 2515 1859 πρὸς
2529 1786 2588 1838 τὸ
2604 1784 2849 1856 βούλημα
2875 1785 2967 1837 τοῦ
2987 1784 3198 1856 Πατρὸς
3226 1785 3354 1855 περὶ
3384 1782 3497 1836 τῶν
3516 1798 3689 1853 κεκρι-

437 1875 657 1931 Diceres
678 1875 846 1929 etiam
882 1873 1034 1927 illum
1064 1889 1170 1927 non
1207 1873 1407 1944 legisse
1442 1875 1602 1930 istum
1639 1875 1850 1941 locum,
1897 1891 2006 1947 quo

432 1965 692 2035 probatur
713 1973 916 2034 quanta
941 1962 1099 2019 Jesus
1129 1964 1405 2020 docilitate
1441 1965 1582 2019 mala
1607 1967 1856 2032 subierit,
1888 1983 2008 2038 quae

429 2056 596 2113 Pater
623 2056 906 2112 subeunda
946 2056 1024 2110 illi
1054 2070 1177 2114 esse
1195 2054 1554 2125 .judicaverat
1583 2076 1596 2112 :
1628 2076 1647 2110 ι
1682 2058 1739 2114 Si
1770 2074 1876 2115 non
1907 2075 2006 2130 po-

429 2159 538 2205 test
564 2149 654 2206 ltic
686 2150 829 2206 calix
862 2148 1127 2214 transire,
1179 2149 1286 2204 nisi
1334 2149 1519 2205 bibam
1552 2150 1736 2220 illum,
1787 2151 1883 2207 liat
1911 2167 2008 2207 vo-

429 2241 610 2297 luntas
643 2251 733 2296 tua
757 2241 826 2294 “.
867 2259 886 2293 ι
919 2240 1037 2307 Qua
1070 2240 1122 2293 in
1155 2256 1214 2295 re
1240 2241 1439 2296 similis
1466 2241 1575 2298 illis
1602 2251 1710 2310 est,
1743 2244 1838 2314 qui
1865 2243 2008 2298 malo

425 2333 609 2388 animo
642 2333 853 2387 divinas
897 2331 1216 2401 Scripturas
1247 2335 1495 2400 audiunt,
1523 2343 1582 2390 et
1605 2353 1624 2387 ι
1657 2335 2003 2405 iniquitatem

426 2425 481 2479 in
513 2424 731 2479 excelso
763 2425 1083 2493 loquuntur.
1117 2444 1135 2477 ι
1174 2424 1238 2479 lli
1278 2427 1422 2480 enim
1475 2426 1731 2482 videntur
1775 2428 1879 2483 hoc
1907 2442 2005 2481 au-

425 2515 622 2570 diisse:
647 2533 665 2566 ι
695 2515 806 2585 Ego
835 2513 1162 2568 interliciam
1194 2513 1262 2581 ⁸⁸,
1297 2532 1316 2566 ι
1355 2524 1408 2569 et
1437 2516 1488 2570 id
1515 2517 1674 2572 nobis
1706 2517 1839 2571 dant
1863 2533 2004 2587 saepe

430 2608 691 2674 crimini;
731 2609 875 2662 istud
924 2618 1132 2672 autem,
1175 2625 1196 2660 ι
1231 2609 1414 2662 vivere
1456 2608 1678 2675 faciam,
1709 2629 1728 2662 ι
1761 2610 1870 2664 alto
1924 2610 2000 2664 si-

420 2701 594 2757 lentio
622 2689 902 2766 obruunt;
939 2717 1058 2770 quae
1088 2707 1200 2756 tota
1248 2701 1521 2755 sententia
1566 2700 1837 2768 signiﬁcat
1885 2714 1995 2764 ens,

421 2796 514 2866 qui
548 2795 764 2866 publico
799 2796 974 2851 exitio
1003 2797 1190 2850 vivunt
1227 2808 1390 2862 seque
1422 2795 1664 2863 peccatis
1692 2793 1998 2862 inquinant,

420 2903 452 2942 a
493 2889 604 2944 Deo
653 2888 924 2955 interﬁci;
963 2889 1057 2944 sed
1092 2891 1191 2951 ita,
1243 2894 1304 2938 ut
1351 2884 1633 2940 meliorem
1686 2885 1793 2939 illis
1831 2885 1998 2938 vitam

421 2981 688 3046 conferat,
714 2982 928 3051 qualem
955 2981 1209 3034 nimirum
1235 2980 1380 3034 Deus
1413 2978 1623 3033 confert
1648 2977 1716 3032 iis
1746 2975 1838 3046 qui
1872 2989 2000 3044 pec-

420 3083 544 3129 cato
577 3072 1056 3129 moriuntur.ltem
1076 3072 1370 3127 audierunt
1402 3071 1540 3124 hoc:
1571 3089 1590 3121 ι
1617 3068 1923 3123 Percutiam
1945 3083 1992 3134 ;›

2113 1878 2288 1949 μένων
2312 1879 2472 1931 αὐτὸν
2497 1879 2688 1932 παθεῖν
2709 1877 3016 1932 εὐπείθειαν
3034 1877 3126 1931 τοῦ
3163 1876 3337 1947 Ἰησοῦ
3359 1874 3688 1948 δηλουμένην

2109 1973 2166 2025 ὲν
2201 1971 2296 2042 τῷ·
2326 1990 2344 2024 ι
2370 1972 2430 2024 Εἰ
2461 1972 2522 2024 οὐ
2551 1971 2771 2025 δύναται
2801 1969 2958 2024 τοῦτο
2991 1969 3306 2041 παρελθεῖν,
3340 1969 3437 2022 ἐὰν
3472 1968 3548 2040 μὴ
3571 1966 3689 2020 αὐτὸ

2109 2065 2237 2130 πίω,
2266 2063 2550 2134 γενηθήτω
2581 2063 2641 2116 τὸ
2680 2061 2893 2135 θέλημά
2937 2079 3053 2116 σου’
3093 2082 3112 2115 ›
3155 2064 3542 2134 προσποιεῖται
3575 2063 3686 2136 ἀνε-

2107 2156 2392 2225 γνωκέναι,
2409 2156 2591 2228 ὅμοιόν
2610 2173 2663 2209 τι
2681 2156 2848 2210 ποιῶν
2863 2159 2974 2220 τοῖς
2987 2173 3156 2210 κακου
3165 2155 3320 2226 ργότε
3328 2171 3423 2226 ρον
3440 2152 3686 2207 ἀκούουσι

2107 2248 2214 2302 τῶν
2246 2248 2402 2302 θείων
2433 2248 2660 2319 Γραφῶν
2681 2248 2920 2312 ἀσεϐέσι,
2949 2249 3044 2302 καὶ
3076 2266 3094 2298 ι
3120 2248 3334 2300 ἀδικίαν
3350 2249 3433 2310 είς
3465 2246 3528 2299 τὸ
3561 2244 3684 2314 ὐψος

2105 2339 2342 2393 λαλοῦσι.
2359 2359 2376 2390 ι
2395 2340 2502 2392 Καὶ
2517 2340 2626 2412 γὰρ
2649 2341 2846 2394 ἐκεῖνοι
2866 2339 2958 2394 τοῦ
2989 2341 3107 2412 μὲν,
3132 2359 3149 2390 ι
3174 2338 3316 2409 Ἐγὼ
3343 2337 3676 2400 ἀποκτενῶ,ι

2104 2429 2350 2483 δοκοῦσιν
2380 2431 2693 2502 ἀκηκοέναι,
2725 2431 2820 2484 καὶ
2841 2429 3102 2494 πολλάκις
3135 2432 3264 2500 ἡμῖν
3303 2429 3439 2482 αὐτὸ
3501 2426 3680 2481 ὀνειδί-

2107 2524 2291 2590 ζουσι’
2328 2523 2420 2577 τοῦ
2448 2523 2526 2587 δὲ,
2564 2542 2582 2575 ι
2627 2523 2726 2596 ζῆν
2773 2525 3032 2596 ποιήσω,›
3054 2523 3174 2576 οὐδὲ
3219 2521 3523 2592 μέμνηνται
3546 2537 3560 2550 ο
3593 2518 3679 2573 τοῦ

2104 2616 2226 2670 ὅλου
2267 2615 2432 2686 ῥητοῦ
2457 2615 2772 2686 δηλοῦντος,
2801 2617 2926 2680 τούς
2953 2617 3046 2670 ἐπὶ
3091 2615 3254 2687 κοινῷ
3293 2615 3450 2686 κακῷ
3483 2615 3678 2680 ζῶντας

2103 2709 2197 2762 καὶ
2225 2707 2578 2780 ἐνεργοῦντας
2607 2705 2746 2761 κατά
2768 2708 2963 2762 κακίαν
2989 2706 3407 2761 ἀποκτείνεσθαι
3443 2707 3553 2777 (56)
3580 2704 3678 2760 ἀπὸ

2103 2799 2197 2854 τοῦ
2237 2800 2370 2853 Θεοῦ
2393 2818 2406 2831 ·
2432 2799 2577 2871 ζωὴν
2617 2800 2660 2853 δ’
2689 2800 2874 2862 αὐτοῖς
2907 2799 3189 2870 κρείττονα
3239 2799 3673 2866 ἀντεισάγεσθαι,

2103 2893 2198 2947 καὶ
2239 2893 2308 2963 ἣν
2339 2891 2448 2964 δῴη
2478 2891 2543 2946 ἂν
2569 2894 2596 2944 6
2617 2891 2747 2955 Θεὸς
2778 2893 2890 2954 τοῖς
2931 2893 2996 2962 τῇ
3029 2891 3272 2962 ἁμαρτίᾳ
3300 2890 3672 2943 ἀποθανοῦσιν.

2105 2984 2263 3040 Οῦτω
2285 2983 2329 3036 δ’
2369 2986 2564 3036 ἐκεῖνοι
2595 2984 2831 3054 ἥκουσαν
2857 2982 2952 3052 μὲν
2981 2981 3094 3045 τοῦ,
3124 3001 3142 3034 ι
3166 2982 3420 3047 Πατάξω,
3449 3001 3467 3033 ι
3501 2982 3674 3035 οὐκέτι

2101 3075 2158 3129 δὲ
2189 3074 2356 3145 ὁρῶσι
2376 3074 2454 3139 τὸ,
2497 3092 2514 3124 ι
2547 3073 2702 3143 κάγὼ
2730 3074 2969 3144 ίόισομαι’
3003 3093 3023 3125 ι
3057 3074 3141 3127 ὅτι
3168 3074 3353 3145 ὅμοιόν
3388 3075 3504 3127 ἐστι
3529 3074 3674 3142 λεγο-

419 3165 565 3220 istud
597 3180 729 3220 vero
761 3166 1004 3219 additum
1031 3179 1137 3218 non
1167 3162 1385 3217 vident:
1416 3178 1434 3212 ι
1459 3161 1642 3232 Etego
1665 3158 1872 3214 sanabo
1889 3158 1986 3225 ⁸⁷;›

2101 3141 2246 3237 μένῴ
2273 3165 2377 3216 ὑπὸ
2417 3164 2598 3235 ίατροῦ
2630 3141 2894 3228 διελόντος
2936 3163 3162 3236 σώματα
3184 3141 3215 3230 ,“
3257 3167 3352 3220 καὶ
3389 3165 3671 3237 τραύματα

419 3257 511 3312 ubi
545 3257 686 3311 Deus
719 3257 958 3326 loquitur
1000 3265 1057 3309 ut
1085 3255 1354 3320 medicus,
1402 3255 1492 3323 qui
1547 3253 1840 3308 incidendo
1870 3267 1986 3307 cor-

2101 3257 2309 3328 χαλεπὰ
2340 3257 2689 3327 ποιήσαντος,
2739 3257 2830 3309 ἐπὶ
2868 3255 2942 3326 τῷ
2982 3254 3181 3321 ἐξελεῖν
3222 3255 3402 3308 αὐτῶν
3443 3254 3509 3306 τὰ
3550 3254 3670 3324 βλάσ-

416 3363 550 3420 pore
571 3348 917 3416 molestisque
945 3349 1250 3403 inferendis
1276 3348 1618 3412 vulneribus,
1653 3346 1816 3400 noxia
1847 3345 1986 3400 sani-

2101 3366 2297 3403 πτοντα
2337 3349 2431 3401 καὶ
2460 3347 2816 3418 ἐμποδίζοντα
2850 3349 2914 3418 τῇ
2973 3347 3176 3417 ὑγιείᾳ,
3225 3346 3322 3398 καὶ
3343 3346 3405 3398 οὐ
3443 3345 3672 3414 καταλή-

419 3440 632 3509 totique
657 3441 933 3494 contraria
961 3441 1163 3505 evellit,
1197 3440 1401 3509 quique
1428 3439 1480 3492 in
1521 3437 1772 3492 cruciatu
1806 3436 1986 3490 vulne-

2101 3439 2282 3504 ξαντος
2323 3441 2403 3502 εἰς
2441 3440 2565 3501 τοὺς
2599 3437 2794 3500 πόνους
2825 3438 2918 3491 καὶ⁵
2948 3437 3045 3509 τὴν
3072 3437 3356 3508 διαίρεσιν,
3398 3437 3510 3489 ἀλλ’
3543 3437 3670 3490 ἀπο-

2091 3531 2456 3594 καθιστῶντος
2479 3533 2545 3601 τῇ
2568 3530 2831 3601 θεραπείᾳ
2853 3529 2912 3582 τὸ
2938 3528 3097 3599 σῶμα
3131 3530 3223 3582 ἐπὶ
3244 3529 3344 3600 τὴν
3383 3527 3669 3600 προκειμέ-

2092 3641 2188 3696 νην
2218 3623 2367 3694 αὐτῷ
2406 3623 2636 3692 ὑγίειαν.
2686 3622 2849 3677 Ἀλλά
2880 3621 2973 3674 καὶ
3005 3622 3104 3674 οὐκ
3132 3621 3374 3690 ἥκουσαν
3405 3620 3525 3674 ὅλου
3553 3618 3663 3679 τοῦ,

2097 3733 2114 3766 ι
2145 3714 2314 3778 Αὐτὸς
2363 3713 2472 3786 γὰρ
2505 3714 2688 3782 ἀλγεῖν
2745 3715 2919 3777 ποιεῖ,
2967 3712 3061 3764 καὶ
3106 3711 3268 3766 πάλιν
3303 3711 3668 3780 ἀποκαθίστη-

2093 3823 2194 3859 σιν·
2236 3824 2253 3856 ι
2290 3804 2425 3858 ἀλλὰ
2459 3805 2617 3876 μόνου
2640 3802 2755 3869 τοῦ,
2784 3823 2800 3855 ι
2834 3803 3018 3872 ἀλγεῖν
3045 3805 3205 3856 ποιεῖ.
3248 3821 3266 3854 ι
3311 3801 3466 3856 Οὕτω
3492 3801 3668 3854 τοίνυν

2091 3895 2184 3948 καὶ
2231 3897 2259 3948 ὀ
2304 3895 2454 3967 παρά
2496 3894 2574 3965 τῷ
2622 3894 2813 3964 Κέλσῳ
2860 3892 3106 3953 Ἰουδαῖος
3147 3891 3521 3967 ἐκτεθειμένος
3567 3891 3662 3953 τὸ,

2095 4005 2114 4038 ι
2146 3983 2215 4039 Ὦ
2243 3962 2442 4058 Πάτερ,
2485 3962 2596 4038 εἴθε
2647 3962 2859 4039 δύναιτο
2893 3985 2953 4037 τὸ
2987 3985 3244 4055 ποτήριον
3289 3962 3447 4037 τόῦτο
3479 3982 3670 4054 παρελ-

2090 4076 2231 4130 θεῖνί
2269 4097 2286 4128 ι
2312 4077 2492 4130 οὐκέτι
2515 4076 2570 4128 δὲ
2595 4077 2686 4129 καὶ
2711 4074 2780 4130 τὰ
2806 4075 2950 4146 ἑξῆς,
2985 4075 3078 4128 καὶ
3109 4075 3177 4128 τόι
3208 4077 3539 4148 παριστάντα
3563 4073 3666 4143 τὴν

2101 4168 2274 4240 Ἰησοῦ
2307 4169 2443 4241 πρὸς
2462 4168 2521 4222 τὸ
2552 4167 2724 4231 πάθος
2755 4169 3110 4239 παρασκευὴν
3138 4169 3232 4221 καὶ
3255 4169 3516 4221 εὐτονίαν.
3549 4166 3666 4219 Καὶ

2087 4257 2259 4312 ταῦτα
2296 4258 2372 4322 δὲ,
2414 4259 2612 4328 πολλὴν
2650 4259 2840 4329 ἔχοντα
2877 4258 3128 4329 διήγησιν
3158 4258 3266 4312 ἀπὸ
3310 4257 3497 4327 σοφίας
3523 4254 3664 4308 θεοῦ

418 3533 678 3600 ribusque
714 3548 822 3587 non
856 3531 1224 3602 conquiescit,
1281 3532 1378 3586 sed
1410 3532 1475 3586 iis
1509 3545 1711 3599 corpus
1749 3527 1993 3583 restituit

418 3623 644 3678 sanitati
696 3624 762 3678 ad
799 3638 964 3693 quam
992 3623 1137 3676 velut
1169 3623 1235 3676 ad
1267 3620 1429 3677 ﬁnem
1463 3621 1654 3676 tendit.
1689 3618 1800 3673 Nec
1828 3619 1991 3672 etiam

417 3722 590 3770 totum
621 3715 765 3769 istud
797 3715 1018 3784 legunt:
1057 3733 1076 3766 ι
1109 3715 1226 3786 Ipse
1249 3715 1500 3769 vulnerat
1536 3721 1594 3768 et
1622 3712 1984 3777 medetur“;i

414 3805 514 3860 sed
537 3804 640 3858 hoc
667 3813 912 3859 tantum:
940 3822 960 3856 ι
991 3803 1108 3875 ipse
1137 3807 1407 3862 vulnerat.
1439 3823 1458 3856 ι
1497 3802 1590 3858 Sic
1626 3804 1809 3874 itaque
1847 3802 1989 3858 Celsi

413 3895 636 3952 Iudaeus
677 3895 781 3951 hoc
823 3905 1085 3950 memorat
1131 3895 1355 3967 quidem
1387 3914 1401 3952 :
1431 3913 1451 3948 ι
1490 3894 1535 3952 0
1564 3893 1745 3960 Pater,
1781 3894 1988 3948 utinam

414 3990 589 4060 possit
637 3987 779 4044 calix
833 3987 936 4043 iste
988 3989 1264 4043 transire!
1305 4006 1324 4040 ι
1360 3989 1454 4044 sed
1507 3996 1706 4044 caetera
1737 3987 1885 4052 silet,
1920 4002 1988 4042 ex

412 4082 614 4153 quibus
644 4081 998 4150 cognoscitur
1044 4095 1153 4149 quo
1200 4081 1386 4134 animo
1427 4091 1482 4136 et
1523 4097 1630 4150 qua
1679 4079 1986 4137 constantia

410 4189 568 4232 suam
597 4173 758 4230 Jesus
781 4173 1092 4242 passionem
1127 4172 1438 4242 pertulerit.
1470 4171 1528 4226 ln
1560 4173 1674 4228 haec
1705 4183 1985 4229 scrutatus

410 4265 508 4322 Dei
551 4264 878 4335 sapientiam
922 4265 1193 4319 disserere
1221 4263 1389 4317 multa
1430 4277 1649 4332 possem
1689 4278 1809 4333 quae
1853 4278 1986 4318 cou-

411 4360 663 4416 venirent
697 4359 764 4414 iis
786 4373 924 4428 quos
959 4357 1158 4413 Paulus
1211 4356 1485 4427 perfectos
1515 4364 1834 4420 vocat,cum
1861 4356 1937 4410 ait
1966 4373 1979 4408 :

414 4473 435 4508 ι
481 4453 817 4525 Sapientiam
847 4451 1124 4520 loquimur
1151 4449 1296 4503 inter
1323 4447 1594 4518 perl‘eCtos
1617 4447 1694 4516 ης

409 4547 465 4605 in
494 4546 646 4601 aliud
677 4557 888 4614 tempus
936 4542 1142 4608 dilatis,
1174 4543 1310 4596 satis
1340 4541 1556 4596 habebo
1583 4540 1772 4610 paucis
1801 4542 1982 4598 dicere

409 4651 529 4706 quae
558 4637 815 4706 praesenti
842 4634 1122 4705 proposito
1155 4632 1307 4686 utilia
1342 4634 1693 4688 videbuntur.

479 4728 574 4784 ‘25.
608 4726 726 4782 1am
757 4742 923 4796 supra
969 4726 1211 4780 diximus
1238 4724 1484 4793 quaedam
1515 4738 1637 4779 esse
1671 4724 1812 4777 dicta
1843 4724 1980 4791 ejus,

409 4819 503 4888 qui
539 4819 592 4873 in
617 4816 745 4872 Jesu
772 4826 914 4880 erat,
949 4834 967 4868 ι
999 4815 1350 4886 primogeniti
1382 4816 1562 4870 omnis
1597 4822 1862 4868 creatura:
1877 4815 1978 4876 ",3

410 4915 470 4960 ut
494 4906 636 4961 istud
669 4921 684 4958 :
723 4924 742 4956 ι
781 4905 894 4974 Ego
919 4920 1036 4960 sum
1065 4909 1176 4970 via,
1207 4906 1416 4958 veritas
1438 4913 1492 4958 et
1523 4904 1632 4957 vita
1663 4903 1732 4968 ⁸¹,
1775 4921 1793 4954 ι
1819 4902 1985 4974 410

411 5003 469 5050 et
521 4995 630 5049 alia
676 4993 920 5062 ejusdem
956 4994 1341 5064 generis;alia
1377 5003 1561 5048 autem
1596 5007 1721 5047 esse
1748 4993 1984 5048 hominis

410 5087 579 5151 illius,
633 5087 724 5156 qui
758 5086 813 5139 in
847 5100 914 5140 eo
942 5087 1296 5158 intelligitur,
1345 5083 1654 5152 cuiusmodi
1687 5083 1789 5138 hoc
1836 5093 1920 5138 est
1959 5099 1976 5138 :

417 5179 619 5232 ol‘tunc
669 5186 848 5231 autem
897 5179 1140 5246 quaeritis
1193 5191 1280 5231 me
1318 5175 1650 5241 interﬁcere,
1705 5175 1976 5230 hominem

409 5271 501 5342 qui
540 5268 822 5324 veritatem
853 5267 1010 5323 vobis
1052 5268 1268 5322 loeutus
1319 5283 1463 5333 sum,
1510 5281 1675 5336 quam
1724 5265 1908 5320 audivi
1949 5281 1979 5320 a

474 5387 520 5418 “
543 5384 732 5440 Matth.
765 5399 917 5447 xxvr,
963 5384 1054 5440 59.
1157 5383 1204 5416 “
1242 5384 1378 5438 lbid.

409 5457 456 5489 δ’
482 5456 501 5509 ι
523 5455 650 5511 Cor.
679 5471 739 5519 ll,
777 5456 833 5509 6.
904 5455 951 5487 ⁸ο
983 5454 1195 5510 Coloss.
1228 5469 1269 5519 ι,
1299 5456 1386 5510 l5.
1461 5456 1503 5488 “
1531 5453 1689 5509 Joan.
1721 5468 1830 5518 xw,
1866 5452 1917 5507 6.

485 5547 599 5620 (54)
639 5545 984 5620 Παρελθεῖν.
1027 5544 1336 5620 Scripserat
1359 5544 1607 5620 ‘iortasse
1650 5543 1839 5620 Celsus
1868 5555 1883 5595 :
1914 5543 1978 5595 Ei

410 5613 632 5675 δύναται
662 5613 1001 5687 τδποτήριον
1027 5613 1184 5687 τοῦτο
1217 5615 1522 5687 παρελθεῖν,
1542 5613 1874 5687 παρελθέτω.

484 5691 599 5762 (55)
647 5680 1044 5762 Ἐξῆςῌιξὸύειρ.
1067 5686 1156 5762 Sic
1178 5680 1322 5740 recte
1343 5680 1514 5742 codex
1537 5680 1804 5740 Julianus.
1821 5680 1976 5736 Libb.

412 5752 591 5818 antea
609 5752 920 5824 εάίιί,’ἐξῆς
947 5752 1012 5807 δέ
1039 5752 1216 5808 τοῦτο.

1492 5384 1539 5416 ⁸⁸
1580 5384 1752 5448 lbid.,
1798 5381 1887 5436 Ω.
1958 5381 2477 5442 “Deut.xxxtt,59.
2558 5387 2729 5442 "lsa.
2773 5399 2905 5450 LVII,
2937 5385 3020 5450 l7,
3055 5383 3143 5438 l8.

2085 4346 2167 4414 οἷς
2196 4352 2224 4404 ὀ
2253 4349 2464 4414 Παῦλος
2490 4350 2738 4421 ὠνόμασε
2766 4349 2987 4414 τελείοις
3027 4350 3264 4418 εὐλόγως
3293 4347 3665 4420 παραδοθησο-

1739 4466 1757 4501 ›
1789 4451 1882 4504 sed
1915 4450 1982 4504 iis
2015 4489 2059 4544 Β
2093 4441 2496 4544 μένην,”λέγων.·
2530 4461 2547 4493 ι
2567 4443 2765 4544 Σοιρίαν
2794 4439 3129 4544 δὲῆλαλοῦμεν
3151 4443 3354 4544 ,ἐντοῖς
3382 4440 3619 4544 τελείοιςο
3637 4457 3656 4489 ι

2090 4535 2182 4588 ἐπὶ
2214 4534 2308 4588 τοῦ
2347 4535 2611 4608 παρόντος
2647 4533 3091 4605 ὑπερτιθέμενοι,
3148 4536 3233 4586 ἐπ’
3254 4535 3430 4602 ὀλίγον
3464 4534 3667 4602 ὑπομι-

2094 4627 2448 4698 μνηπόμεθα
2478 4627 2586 4680 τῶν
2607 4626 2742 4696 πρὸς
2762 4626 2823 4678 τὸ
2846 4627 3206 4698 προκείμενον
3239 4625 3532 4697 χρησίμων.

2174 4719 2462 4789 Ἐλέγομεν
2499 4717 2564 4788 δὴ
2602 4718 2696 4770 καὶ
2759 4716 2816 4768 ὲν
2861 4721 2974 4781 τοῖς
3026 4717 3300 4787 ἀνωτέρω,
3351 4718 3428 4771 ὅτι
3467 4715 3519 4768 αἱ
3547 4712 3676 4784 μέν

2085 4813 2229 4876 τινές
2246 4815 2350 4865 είσι
2374 4810 2547 4880 φωναὶ
2569 4808 2662 4861 τοῦ
2683 4812 2739 4862 ὲν
2759 4808 2835 4880 τῷ
2860 4809 3035 4880 Ἰησοῦ
3060 4830 3078 4861 ‹
3109 4810 3446 4880 πρωτοτόκου
3475 4807 3665 4874 sim;

2086 4905 2332 4971 κτίσεως,
2356 4925 2375 4956 ι
2396 4906 2472 4968 ὡς
2493 4908 2546 4975 ἡ·
2575 4926 2593 4957 ε
2623 4906 2763 4972 Ἐγώ
2782 4906 2894 4972 εἰμι
2917 4908 2950 4974 ὴ
2974 4903 3109 4967 ὁδὸς,
3132 4903 3279 4972 καὶὴ
3304 4899 3531 4969 ἀλήθεια,
3557 4897 3669 4949 καὶ

2085 4998 2118 5067 ἡ
2151 4997 2281 5068 ζωὴ,
2324 5015 2342 5048 ι
2377 4998 2470 5050 καὶ
2503 4997 2560 5050 αἱ
2587 4995 2794 5058 τούτοις
2824 4993 3220 5064 παραπλήσιαι·
3248 4992 3305 5043 αἱ
3335 4991 3390 5042 δὲ
3412 4987 3498 5040 τοῦ
3525 4987 3664 5038 κατ’

2084 5088 2247 5142 αὐτὸν
2299 5088 2586 5161 νοουμένου
2619 5084 2928 5157 ἀνθρώπου,
2965 5085 3038 5146 ὡς
3072 5086 3105 5153 ἡ
3137 5082 3230 5135 τοῦ
3251 5099 3264 5111 ο
3305 5101 3322 5132 ι
3359 5077 3539 5133 Νῦνδέ
3588 5094 3663 5146 με

2085 5177 2295 5250 ζητεῖτε
2323 5181 2656 5242 ἀποκτεῖναι,
2700 5177 2984 5248 ἄνθρωπον
3016 5175 3074 5237 ὃς
3105 5175 3205 5244 τὴν
3248 5172 3490 5242 ἀλήθειαν
3515 5169 3671 5237 ὑμῖν

2085 5272 2376 5345 λελάληκα,
2421 5274 2488 5346 ἣν
2525 5273 2732 5343 ηκουσα
2772 5269 2924 5340 παρὰ
2955 5267 3048 5322 τοῦ
3080 5265 3292 5338 Πατρός
3320 5262 3453 5333 (57)·
3485 5278 3504 5311 ι
3537 5260 3668 5311 Καὶ

3251 5381 3296 5412 ⁵⁸
3325 5378 3419 5434 Job
3467 5391 3516 5439 ν,
3563 5373 3662 5430 i8.

2161 5540 2274 5613 (ὅθ)
2315 5540 2492 5613 {Index
2527 5537 3337 5613 BasilcensisLdrrox'rivvucregt.

2159 5604 2270 5680 (57)
2309 5610 2481 5664 Codd.
2534 5607 2730 5680 ltegius
2775 5621 2827 5664 et
2859 5610 3206 5680 Basileeusis,
3251 5604 3454 5677 Πατρός
3496 5614 3655 5672 μου.

2085 5678 2405 5738 [ἠθικεόίιί
2439 5681 2505 5736 ad
2533 5693 2683 5735 oram
2713 5679 2933 5748 habent,
2964 5678 3125 5733 Θεοῦ.
