3902 6414
163 327 245 382 845
1325 324 1606 382 CONTRA
1645 325 1707 381 Cl

1816 324 1924 381 ,ΠΜ
1960 323 2087 381 LIB.
2129 325 2191 382 11.

3271 343 3377 400 8&6

166 447 313 501 ἐνθάδε
336 445 515 500 τοίνυν
549 446 844 520 διαγράφει
896 449 952 502 ἐν
975 448 1054 520 τῷ
1084 448 1410 522 ἀνθρωπίνῳ
1433 447 1598 502 αὐτοῦ
1622 448 1707 500 καὶ

1817 445 1977 502 Patre
2009 446 2075 504 ".
2114 464 2135 499 ι
2172 445 2274 503 llic
2310 446 2478 518 igitur
2503 446 2764 506 describit
2813 451 2972 510 Jesus
3004 469 3147 527 eam,
3180 474 3300 529 qua
3329 465 3383 519 in

165 538 210 593 τὺ
232 539 315 606 τῆς
340 538 696 612 ἀνθρωπίνης
719 541 917 612 σαρκὸς
943 541 1190 606 ἀσθενὲς,
1225 542 1316 594 καὶ
1341 541 1400 593 τὸ
1422 540 1515 593 τοῦ
1539 540 1702 594 πνεῦ-

169 647 299 702 pato;
325 630 625 701 πρόθυμονο
666 633 730 686 τὸ
762 634 856 703 μὲν
881 633 1126 698 ἀσθενὲς,
1151 636 1208 687 ἐν
1235 633 1333 705 τῷ,
1361 654 1379 684 ‹
1411 635 1593 704 Πάτερ
1616 674 1629 697 ,
1657 635 1704 686 εἰ

167 723 346 776 δυνατόν
368 725 505 786 ἐστι,
535 724 858 796 παρελθέτω
873 727 964 779 ἀπ’
982 726 1115 797 ἐμοῦ
1132 726 1192 778 τὸ
1213 727 1467 798 ποτήριον
1487 724 1662 778 τοῦτο·
1681 744 1698 775 ι

167 815 209 866 τὸ
229 814 275 866 δὲ
299 815 570 886 πρόθυμον
593 817 688 870 τοῦ
721 818 1043 889 πνεύματος,
1073 820 1130 872 ἐν
1153 819 1248 890 τῷ,
1286 838 1302 868 t
1339 819 1484 889 Πλὴν
1507 819 1605 888 οὐχ
1630 818 1705 881 ὡς

169 905 250 973 ἐγὼ
269 905 413 969 θέλω,
451 907 568 960 ἀλλ’
597 908 678 971 ὡς
713 909 797 964 σύ.
839 926 858 960 ι
885 912 943 963 Εἰ
973 911 1029 963 δέ
1055 912 1148 964 κοιλ⁵
1178 910 1272 980 τὴν
1295 911 1446 974 τάξιν
1479 909 1584 963 τῶν
1607 910 1694 962 λε-

168 999 401 1068 λεγμένων
441 1000 688 1071 τηρῆσαι
740 1001 838 1064 δεῖ,
892 1001 1146 1072 πρόσχες,
1195 1002 1276 1054 ὅτι
1310 1001 1573 1074 πρότερον
1609 1002 1704 1071 μὲν

167 1090 340 1162 εἴρηται
364 1090 424 1142 τὸ
453 1090 551 1159 (ὡς
585 1090 654 1144 ἂν
683 1091 825 1145 εἴποι
853 1098 954 1161 τις)
990 1095 1130 1148 κατὰ
1171 1095 1268 1164 τὴν
1297 1095 1577 1148 ἀσθένειαν
1609 1096 1706 1166 τῆς

169 1183 331 1254 σαρκὸς
362 1182 416 1234 ἓν
435 1183 710 1253 τυγχάνον
727 1185 858 1255 (58),
880 1184 1001 1238 ὕστε
1010 1203 1100 1258 ρον
1125 1187 1180 1238 δέ
1201 1187 1269 1240 τὰ
1298 1188 1438 1241 κατὰ
1463 1189 1562 1260 τὴν
1584 1206 1709 1261 προ-

165 1275 326 1346 θυμίαν
345 1275 432 1329 τοῦ
465 1276 782 1347 πνεύματος
813 1278 938 1331 ὄντα
969 1279 1209 1334 πλείονα.
1246 1282 1340 1333 ’Ἑν
1367 1282 1462 1352 μὲν
1492 1281 1598 1353 γὰρ
1625 1283 1703 1345 τὸ,

169 1368 366 1440 «Πάτερ,
387 1370 435 1420 εἰ
463 1368 694 1422 δυνατόν
720 1373 854 1434 ἐστι,
888 1370 1201 1442 παρελθέτω
1228 1373 1320 1425 ἀπ’
1356 1373 1486 1443 ἐμοῦ
1516 1373 1574 1427 τὸ
1608 1390 1705 1426 πο-

163 1459 315 1528 τήριον
344 1459 512 1512 τοῦτο’
547 1479 566 1510 ›
593 1459 818 1514 πλείονα
845 1461 901 1513 δὲ
932 1462 991 1514 τό
1014 1479 1094 1526 τε,
1117 1481 1135 1514 t
1166 1464 1277 1532 Οὐχ
1305 1464 1380 1528 ὡς
1405 1465 1513 1534 ἐγὼ
1546 1465 1703 1528 θέλω,

163 1549 343 1612 ἀλλ’ὡς
375 1549 454 1602 σύ·
492 1570 511 1601 ›
557 1553 654 1605 καὶ
696 1552 791 1614 τὸ,
835 1571 853 1602 ι
895 1553 1078 1624 Πάτερ
1131 1572 1251 1626 μου,
1298 1559 1347 1609 εἰ
1391 1557 1451 1609 οὐ
1485 1556 1705 1611 δύναται

162 1642 289 1696 τοῦτο
314 1643 615 1713 παρελθεῖν,
641 1644 737 1698 ἐὰν
769 1645 843 1717 μὴ
879 1647 1009 1700 αὐτὸ
1036 1647 1164 1714 πίω,
1212 1651 1494 1722 γενηθήτω
1523 1652 1582 1704 τὸ
1617 1653 1706 1706 θέ-

161 1735 284 1806 λημά
307 1753 409 1788 σου.
450 1756 468 1786 ι
496 1738 781 1808 Τηρητέον
829 1738 885 1792 δὲ
930 1741 1022 1792 καὶ
1067 1740 1127 1793 τὸ
1180 1741 1254 1813 μὴ
1299 1743 1550 1814 εἰρῆσθαι
1584 1746 1704 1816 μὲν,

166 1846 179 1876 ι
209 1827 464 1881 ἀπελθέτω
491 1829 586 1881 ἀπ’
621 1829 762 1900 ἐμοῦ
795 1830 854 1883 τὸ
880 1832 1135 1903 ποτήριον
1159 1809 1316 1885 τοῦτο
1337 1809 1365 1863 ’⁷
1394 1809 1419 1885 ι.
1457 1809 1706 1906 λελέγθαι
1741 1809 1782 1864 n

231 1919 446 1983 εὖσεϐὦς
472 1921 566 1974 καὶ
597 1920 724 1991 μεθ’
755 1923 1137 1995 ὑποτιμήσεως
1170 1925 1288 1978 ὅλον
1336 1926 1514 1980 τοῦτο·
1550 1947 1567 1978 ι
1600 1930 1710 1982 Πά-

163 2027 250 2081 τερ,
271 2011 313 2061 εἰ
337 2011 554 2063 δυνατόν
583 2013 729 2073 ἐστι,
761 2012 1070 2084 παρελθέτω
1091 2015 1184 2067 ἀπ’
1208 2014 1342 2085 ἐμοῦ
1371 2016 1430 2068 τὸ
1455 2017 1708 2087 ποτήριον

161 2104 303 2156 τοῦτο.
339 2123 355 2154 ι
389 2099 519 2157 Οἶδα
569 2105 630 2158 δέ
681 2123 802 2158 τινα
845 2106 938 2160 καὶ
984 2106 1240 2178 τοιαύτην
1285 2110 1365 2171 εἰς
1409 2109 1498 2161 τὸν
1545 2110 1709 2163 τόπον

161 2195 388 2267 διήγησιν·
420 2198 502 2250 δτι
530 2198 681 2267 ὁρῶν
715 2199 744 2249 ὀ
775 2197 965 2269 Σωτὴρ
991 2195 1079 2252 οἷα
1103 2201 1131 2251 ὁ
1153 2199 1278 2262 λαὸς
1308 2199 1401 2253 καὶ
1442 2200 1710 2272 Ἰερουσα-

162 2285 248 2357 λὴμ
265 2287 498 2341 πείσεται
532 2288 630 2341 ἐπὶ
665 2292 731 2360 τῇ
749 2289 1019 2360 ἐκδικήσει
1050 2289 1158 2342 τῶν
1190 2290 1308 2343 κατ’
1336 2278 1496 2344 αὑτοῦ
1525 2293 1702 2345 τετολ-

163 2377 382 2446 μημένων
407 2378 510 2430 ὑπὸ
553 2378 852 2444 Ἰουδαίων,
889 2381 950 2432 οὐ
973 2380 1039 2432 δι’
1065 2381 1190 2434 ἄλλο
1216 2399 1269 2434 τι
1297 2382 1329 2453 ἢ
1364 2382 1452 2436 διὰ
1480 2383 1540 2436 τὺ
1575 2384 1709 2455 πρὸς

162 2467 362 2532 ἐκείνους
405 2469 814 2540 φιλάνθρωπον,
849 2470 1019 2524 θέλων
1052 2471 1126 2541 μὴ
1162 2472 1355 2525 παθεῖν
1384 2473 1476 2528 τὸν
1519 2472 1646 2526 λαὸν
1673 2473 1710 2527 ἃ

161 2557 314 2627 ἔμελλε
344 2562 594 2632 πάσχειν,
637 2563 775 2632 φησὶ
807 2561 889 2624 τὸ,
936 2580 953 2612 ι
995 2563 1196 2635 Πάτερ,
1228 2565 1275 2616 εξ
1312 2564 1533 2617 δυνατόν
1563 2565 1705 2628 ἐστι,

162 2651 436 2721 παρελθέτω
457 2655 555 2706 ἀπ’
589 2653 727 2722 ἐμοῦ
760 2652 820 2704 τὸ
842 2653 1096 2724 ποτήριον
1127 2653 1305 2707 τοῦτο,
1348 2674 1366 2706 ι
1419 2654 1506 2719 Ὡς
1527 2658 1573 2708 εἰ
1595 2655 1710 2708 ἕλε-

161 2758 249 2808 γεν·
286 2745 428 2798 Ἐπεὶ
450 2747 516 2798 ἐκ
544 2744 640 2797 τοῦ
673 2762 740 2815 με
766 2748 905 2797 πιεῖν
931 2745 1037 2814 (59)
1068 2746 1217 2798 τουτ)⁸
1235 2747 1295 2800 τὸ
1317 2750 1413 2818 τῆς
1437 2748 1710 2812 κολάσεως

160 2837 398 2906 ποτήριον,
451 2837 575 2889 ὅλον
619 2836 776 2899 ἔθνος
819 2836 924 2888 ὑπὸ
970 2836 1063 2889 σοῦ
1113 2838 1704 2911 ἐ.γκαταλει;ρθὴσεται⁹

159 2927 371 2999 εὔχομαι,
406 2931 454 2982 εἰ
487 2929 717 2982 δυνατόν
753 2931 891 2993 ἐστι,
927 2929 1213 2999 παρελθεῖν
1236 2930 1330 2983 ἀπ’
1363 2930 1494 3001 ἐμοῦ
1522 2931 1582 2983 τὸ
1614 2948 1708 2984 πο-

157 3023 310 3092 τήριον
342 3021 528 3075 τοῦτο’
579 3023 670 3074 ἵνα
706 3022 781 3094 μὴ
824 3024 857 3091 ἡ
893 3022 1047 3094 μερίς
1081 3041 1195 3086 σου,
1233 3023 1549 3094 τολμήσασα
1589 3024 1706 3077 κατ’

1813 555 1910 596 sua
1940 541 2172 596 humana
2210 550 2400 597 natura
2431 552 2568 608 erat,
2599 546 2849 601 humana:
2881 552 3064 605 carnis
3096 553 3385 610 inﬁrmita-

1816 640 1924 685 tem
1972 639 2026 685 et
2075 631 2414 688 alacritatem
2456 636 2726 704 spiritus:
2759 638 3133 699 inﬁrmitatem
3159 647 3386 714 quidem

1813 738 1935 778 cum
1969 724 2084 778 ait:
2125 743 2144 776 ι
2181 723 2368 790 Pater,
2411 729 2456 782 si
2492 728 2750 797 possibile
2793 739 2910 801 est,
2953 742 3200 790 transeat
3232 753 3262 790 a
3301 756 3388 797 me

1812 817 1951 872 calix
1982 817 2116 882 iste;
2161 839 2179 870 ›
2233 819 2574 876 alacritatem
2605 837 2736 877 vero
2765 825 2990 894 spiritus
3034 827 3121 883 his
3156 831 3334 888 verbis
3364 850 3379 885 :

1817 927 1836 960 (
1887 910 2275 964 Verumtamen:
2307 927 2411 965 non
2460 913 2602 968 sicut
2639 928 2741 985 ego
2776 916 2920 984 volo,
2949 918 3042 974 sed
3066 918 3206 974 sicut
3237 930 3318 975 tu.
3361 941 3380 973 ι

1813 997 1925 1052 luto
1964 1001 2007 1052 si
2046 999 2319 1054 dictorum
2371 1003 2566 1056 seriem
2619 1007 2963 1065 considerari
3009 1020 3245 1084 oportet,
3281 1017 3386 1067 atl-

1811 1098 1964 1142 verte
1989 1089 2242 1158 prsentitti
2273 1091 2437 1159 quod,
2469 1102 2526 1144 ut
2554 1093 2633 1148 sic
2657 1095 2870 1166 loquar.
2909 1103 2973 1157 ad
3010 1107 3191 1160 carnis
3231 1104 3385 1161 inﬁr-

1813 1177 2056 1231 mitatem
2085 1178 2343 1246 pertinet,
2372 1188 2424 1234 et
2452 1197 2615 1235 unum
2655 1194 2778 1252 cst;
2827 1196 3010 1256 postea
3063 1205 3216 1253 vero,
3266 1207 3388 1258 qua:

1813 1267 2038 1335 Spiritus
2094 1269 2436 1325 alacritatem
2486 1282 2901 1341 repraesentant,
2949 1286 3006 1330 et
3048 1279 3203 1347 plura
3234 1288 3381 1335 sunt.

1813 1357 1992 1414 Unum
2013 1361 2159 1415 enim
2184 1373 2266 1416 est
2294 1363 2429 1416 hoc:
2453 1381 2472 1413 ‹
2502 1363 2681 1427 Pater,
2715 1367 2758 1421 si
2791 1368 3049 1436 possibile
3077 1380 3180 1435 est,
3204 1377 3387 1427 trans-

1812 1465 1902 1506 eat
1940 1469 1970 1506 a
2004 1469 2088 1507 me
2112 1452 2252 1507 calix
2282 1454 2415 1521 iste;
2445 1475 2464 1507 ι
2500 1457 2652 1524 plura
2683 1467 2866 1510 autem
2889 1465 3020 1512 sunt
3053 1459 3154 1514 hoc
3179 1477 3193 1512 :
3217 1480 3238 1512 ‹
3269 1460 3386 1515 Non

1813 1543 1960 1596 sicut
2019 1558 2120 1614 ego
2167 1544 2308 1609 volo,
2341 1545 2436 1600 sed
2489 1547 2635 1601 sicut
2669 1556 2759 1614 tu;
2796 1569 2815 1601 ι
2857 1557 2912 1603 et
2945 1550 3126 1604 istud:
3173 1569 3192 1602 ι
3229 1550 3390 1606 Pater

1816 1635 1909 1698 mi,
1939 1635 2109 1690 sinon
2135 1636 2423 1705 potestbic
2448 1638 2588 1692 calix
2617 1639 2852 1694 transire
2878 1640 2984 1694 nisi
3002 1640 3180 1696 bibam
3210 1641 3387 1705 illum,

1818 1728 1910 1783 ﬁat
1938 1728 2191 1784 voluntas
2227 1739 2340 1784 tua.
2377 1748 2396 1782 ι
2453 1730 2870 1786 Observandum
2902 1748 3121 1804 quoque
3162 1743 3246 1788 est
3280 1750 3390 1789 non

1810 1820 2013 1874 dictum
2048 1819 2264 1876 fuisse:
2313 1839 2332 1873 ι
2373 1820 2641 1877 Transeat
2678 1837 2707 1876 a
2755 1840 2840 1878 me
2873 1825 3013 1879 calix
3063 1825 3203 1893 iste;
3243 1845 3260 1878 ι
3290 1826 3387 1880 sed

1809 1909 2068 1979 adjuncta
2121 1912 2211 1981 pia
2263 1911 2426 1966 veluti
2480 1912 2856 1978 correctione,
2895 1915 2972 1968 sic
3009 1932 3023 1968 :
3057 1933 3076 1966 ι
3125 1913 3309 1980 Pater,
3342 1917 3389 1970 si

1810 2004 2061 2072 possibile
2087 2014 2193 2067 est,
2223 2012 2467 2058 transeat
2496 2019 2527 2056 a
2564 2019 2651 2058 mc
2678 2004 2822 2059 calix
2847 2005 2968 2060 iste.
3009 2024 3027 2056 ι
3056 2005 3187 2061 Scio
3222 2008 3389 2062 aliam

1810 2095 1925 2148 dari
1952 2095 2174 2164 hujusce
2207 2094 2313 2149 loci
2347 2095 2886 2165 interpretationem.
2923 2111 3042 2165 qua:
3073 2098 3388 2167 ltujusmoe‘i

1809 2197 1912 2242 est.
1949 2187 2084 2241 Cum
2115 2186 2370 2241 Salvator
2398 2179 2726 2256 praevideret
2773 2203 2912 2257 quas
2939 2189 3173 2259 populus
3205 2188 3392 2244 Judai—

1809 2294 1906 2334 cus
1938 2288 1993 2336 et
2029 2276 2336 2334 Jerusalem
2369 2280 2555 2334 luituri
2592 2291 2774 2336 essent
2809 2295 3000 2352 poenas
3031 2284 3098 2337 ob
3136 2283 3385 2338 facinora

1811 2389 1932 2443 quae
1966 2374 2018 2428 in
2047 2375 2220 2443 ipsum
2252 2373 2368 2428 ausi
2402 2373 2635 2439 fuerant,
2664 2389 2774 2443 pra:
2803 2389 2903 2429 suo
2953 2376 3008 2428 in
3047 2375 3170 2431 illos
3202 2391 3391 2432 amore

1810 2465 1998 2521 volens
2027 2467 2200 2522 averti
2227 2467 2296 2520 ab
2322 2465 2411 2520 illo
2445 2465 2649 2535 populo
2681 2476 2759 2520 tot
2789 2467 2954 2531 mala,
2997 2483 3119 2536 quae
3158 2468 3258 2538 ipsi
3289 2471 3392 2523 im-

1809 2558 2143 2626 pendebant,
2178 2557 2317 2612 dixit
2345 2575 2358 2613 :
2403 2575 2422 2608 ‹
2456 2557 2638 2622 Pater,
2662 2559 2704 2611 si
2735 2559 2991 2628 possibile
3017 2569 3121 2620 est,
3153 2569 3393 2615 transeat

1812 2664 1843 2702 a
1885 2663 1973 2704 me
2027 2650 2168 2703 calix
2223 2649 2348 2704 iste.
2387 2669 2407 2702 ι
2448 2650 2611 2717 Qua'si
2651 2650 2924 2704 dixisset:
2959 2653 3228 2718 Quoniam
3282 2670 3388 2707 non

1811 2755 2030 2810 possum
2079 2741 2302 2797 ebibere
2349 2743 2493 2797 hunc
2539 2742 2786 2812 supplicii
2832 2744 3078 2810 calicem,
3114 2746 3241 2815 quin
3276 2761 3306 2800 a
3340 2756 3391 2802 te

1813 2841 1920 2886 tota
1958 2847 2090 2902 gens
2115 2819 2420 2899 deseratur,
2455 2849 2550 2890 oro
2575 2843 2631 2888 nt
2662 2843 2906 2888 transeat
2933 2849 2962 2888 a
2992 2851 3077 2890 tne
3098 2836 3235 2890 calix
3263 2837 3388 2901 iste,

1810 2925 1854 2978 si
1883 2925 1997 2979 ﬁeri
2026 2925 2216 2994 possit,
2252 2941 2320 2981 ne
2354 2936 2446 2979 tua
2484 2928 2598 2981 haec
2636 2926 2818 2996 portio
2845 2937 3071 2998 propter
3120 2928 3389 2983 nefarium

1812 3017 1863 3071 in
1898 3033 1982 3072 me
2022 3018 2378 3073 commissum
2436 3019 2651 3074 facinus
2691 3034 2720 3071 a
2773 3027 2825 3073 te
2873 3021 3236 3090 relinquatur.
3289 3021 3389 3076 Sin

159 3109 285 3178 ἐμοῦ,
308 3113 475 3184 πάντη
501 3113 610 3166 ὑπὸ
647 3113 744 3166 σοῦ
777 3113 1194 3186 ἐγκαταλειφθῇ.
1235 3115 1392 3169 Ἀλλὰ
1410 3117 1502 3169 καὶ
1532 3119 1601 3178 εἰ,
1632 3116 1707 3180 ὥς

1816 3120 2016 3173 autem,
2065 3120 2126 3164 ut
2179 3111 2310 3165 dicit
2359 3110 2570 3177 Celsus,
2629 3128 2804 3183 neque
2868 3113 3160 3168 molestum
3215 3128 3391 3184 neque

159 3218 292 3271 τησιν
325 3207 352 3256 ὸ
385 3206 618 3268 Κέλσος,
663 3205 793 3276 μήτ’
830 3205 1074 3274 ἀλγεινόν
1123 3224 1174 3258 τι
1220 3207 1348 3277 μήτ’
1377 3206 1599 3277 ἀνιαρὸν
1631 3207 1708 3277 τῷ

168 3290 310 3363 Ἰησοῦ
346 3297 484 3348 κατὰ
521 3296 618 3347 τὸν
662 3296 852 3368 καιρὸν
885 3295 1072 3348 τοῦτον
1118 3296 1384 3364 ἐγίγνετο,
1426 3296 1542 3359 πῶς
1570 3297 1633 3349 ἂν
1661 3299 1708 3349 οἱ

158 3385 273 3452 μετὰ
299 3387 464 3440 ταῦτα
498 3387 918 3459 παραδείγματι
938 3387 1030 3440 τοῦ
1065 3387 1354 3458 ὑπομένειν
1377 3386 1444 3439 τὰ
1460 3387 1524 3440 δι’
1557 3388 1710 3440 εὐσέ-

157 3475 282 3530 6ειαν
319 3481 550 3534 ἐπίπονα
592 3479 854 3534 ἐδύναντο
896 3479 1202 3552 χρήσασθαι
1249 3479 1444 3550 Ἰησοῦ,
1485 3479 1559 3550 μὴ
1601 3498 1706 3532 ποι-

157 3566 276 3624 θὸντι
317 3573 411 3642 μὲν
443 3572 515 3626 τὰ
544 3570 890 3644 ἀνθρώπινα,
925 3571 1083 3640 μόνον
1120 3570 1176 3622 δέ
1210 3570 1418 3635 δόξαντι
1450 3571 1710 3627 πεπονθέ-

154 3677 255 3725 ναις

213 3756 320 3810 Ἔτι
377 3757 432 3810 δὲ
491 3756 644 3826 λέγει
695 3757 724 3808 ὀ
755 3755 905 3826 παρὰ
950 3754 1026 3826 τῷ
1064 3754 1256 3825 Κέλσῳ
1295 3756 1543 3818 Ἰουδαῖος
1576 3757 1710 3830 πρὸς

153 3845 255 3909 τοὺς
282 3849 445 3921 Ἰησοῦ
473 3847 731 3920 μαθητὰς
754 3847 830 3910 ὡς
860 3846 1238 3918 πλασαμένους
1253 3845 1442 3911 ταῦτα,
1466 3849 1572 3899 ὅτις
1591 3847 1709 3900 οὐδὲ

151 3933 434 4008 ψευδόμενοι
474 3939 544 3992 τὰ
577 3938 878 4006 πλάσματα
921 3935 1075 4006 ὑμῶν
1107 3933 1346 3996 πιθανῶς
1378 3932 1710 4002 ἐπικαλύψαι

153 4027 442 4102 ἠδυνήθητε,
475 4051 492 4082 )
525 4031 644 4083 Καὶ
663 4027 804 4100 πρὸς
824 4027 951 4080 τάδε
980 4025 1247 4092 λελέξεται
1277 4023 1411 4094 (60),
1441 4026 1524 4077 ὅτι
1557 4025 1711 4094 εὐχε-

152 4120 234 4188 ρῆς
261 4123 352 4191 μὲν
379 4119 446 4194 ἦν
478 4123 599 4186 ὁδὸς
632 4120 776 4192 πρὸς
799 4119 859 4172 τὸ
887 4118 1220 4187 ἐπικαλύψαι
1261 4118 1328 4171 τὰ
1368 4115 1618 4179 τοιαῦτα,
1647 4116 1710 4168 τὸ

154 4212 266 4280 μηδὲ
298 4215 392 4285 τὴν
424 4215 603 4287 ἀρχὴν
661 4210 804 4264 αὐτὰ
850 4209 1181 4279 ἀναγράψαι.
1216 4209 1313 4269 Τίς
1342 4210 1448 4278 γὰρ
1481 4207 1566 4267 ἂν,
1599 4205 1708 4258 τῶν

149 4303 462 4375 Εὐαγγελίων
486 4308 672 4360 ταῦτα
707 4305 783 4375 μὴ
813 4303 1191 4374 περιεχόντων,
1215 4300 1466 4354 ὀνειδίσαι
1487 4299 1709 4354 ἐδύνατο

150 4396 260 4465 ἡμῖν
289 4402 379 4454 ἐπὶ
403 4400 480 4471 τῷ
505 4399 600 4452 τὸν
642 4394 855 4466 Ἰησοῦν
893 4393 1118 4446 τοιαῦτα
1151 4391 1303 4464 παρὰ
1333 4393 1398 4461 τῇ
1427 4390 1709 4460 οἰκονομίᾳ

1813 3214 1973 3268 grave
2009 3201 2136 3256 Jesu
2168 3199 2379 3261 fuisset,
2410 3205 2556 3271 quod
2588 3203 2689 3271 ipsi
2728 3213 2854 3258 tunc
2881 3205 3148 3274 temporis
3183 3203 3390 3260 illatum

1809 3300 1893 3344 est
1927 3291 2281 3360 supplicium;
2320 3294 2590 3361 quomodo
2617 3296 2708 3364 qui
2740 3297 2908 3350 secuti
2938 3306 3100 3370 sunt,
3149 3297 3243 3352 illo
3277 3296 3390 3354 vel-

1811 3393 1868 3436 ut
1904 3385 2149 3454 exemplo
2196 3386 2496 3442 tolerandae
2542 3397 2768 3457 propter
2805 3389 3064 3458 pietatem
3115 3389 3386 3446 molestia:

1814 3475 1891 3528 uti
1927 3477 2254 3544 potuissmt,
2292 3493 2416 3532 cum
2443 3493 2547 3532 non
2590 3496 2783 3548 passus
2809 3491 2954 3538 esset
2991 3481 3256 3547 humana,
3291 3485 3388 3538 sed

1812 3577 2018 3622 tantum
2045 3569 2155 3638 pati
2179 3570 2324 3626 visus
2355 3569 2585 3625 fuisset?

1881 3747 1972 3801 26.
2006 3747 2198 3804 Adhuc
2229 3747 2358 3804 Jesu
2393 3749 2713 3820 discipulos,
2751 3765 2887 3820 quos
2923 3765 3140 3821 semper
3166 3751 3390 3808 ﬁnxisse

1812 3838 1983 3904 ponit,
2017 3837 2097 3892 sic
2129 3837 2589 3908 compellatCélsi
2617 3836 2836 3894 Iudaeus
2873 3856 2885 3891 :
2921 3857 2942 3890 ι
2980 3840 3242 3906 Quamvis
3273 3857 3389 3895 me-

1813 3943 1902 3984 ras
1939 3929 2151 3985 fabulas
2187 3931 2553 3998 obtruseritis,
2593 3942 2774 3987 vestra
2807 3943 2989 3988 tamen
3034 3933 3290 4004 ﬁgmenta
3323 3950 3391 3989 ne

1811 4019 1995 4076 colore
2029 4021 2249 4091 quidem
2301 4021 2417 4078 veri
2464 4022 2680 4078 illinere
2732 4024 3010 4093 potuistis.
3064 4043 3084 4076 ι
3119 4025 3204 4080 Ad
3244 4026 3390 4094 quod

1813 4127 2018 4180 repono
2048 4127 2136 4168 res
2161 4112 2285 4168 illas
2322 4114 2392 4169 ab
2440 4114 2520 4168 eis
2571 4113 2719 4170 iacili
2773 4116 3017 4185 potuisse
3051 4121 3269 4186 negotio
3295 4132 3390 4173 oc-

1810 4205 2031 4272 cultari,
2063 4204 2109 4258 si
2142 4205 2398 4259 videlicet
2440 4205 2646 4260 nullam
2680 4206 2746 4262 de
2782 4207 2888 4261 illis
2926 4207 3187 4263 fecissent
3230 4223 3389 4264 men-

1815 4294 2036 4349 tionem.
2071 4294 2204 4349 Nam
2241 4296 2364 4364 quis
2402 4297 2508 4352 nisi
2543 4298 2661 4353 haec
2695 4299 2749 4352 in
2786 4298 3098 4368 Evangeliis
3147 4299 3388 4369 legisset,

1813 4389 2080 4457 potuisset
2124 4389 2283 4445 nobis
2331 4392 2674 4459 exprobrare
2726 4390 2855 4444 talia
2903 4389 3088 4446 Jesum
3146 4402 3391 4462 tempore

151 4485 242 4554 (61)
278 4490 629 4562 λελαληκέναι
658 4505 674 4553 ;
710 4487 787 4539 Οὐ
831 4485 1037 4539 συνεῖδε
1079 4484 1135 4538 δὲ
1175 4485 1204 4536 ὁ
1237 4482 1462 4545 Κέλσος,
1492 4483 1578 4535 ὅτι
1607 4481 1707 4534 οὐκ

1816 4479 2243 4547 dispensationis
2274 4495 2386 4536 suae
2434 4481 2675 4537 dixisse?
2709 4480 2825 4535 Non
2877 4480 3149 4536 intellexit
3198 4483 3390 4537 Celsus

147 4578 244 4633 ἐστι
269 4583 403 4636 κατᾶ
429 4585 557 4646 τοὺς
595 4581 801 4641 αὐτοὺς
835 4578 928 4631 καὶ
958 4575 1270 4646 ὴωτῆσθαι
1303 4576 1429 4646 περὶ
1456 4574 1549 4628 τοῦ
1598 4574 1705 4644 Ἰη-

147 4672 245 4736 σοῦ,
281 4675 354 4739 ὡς
392 4674 528 4728 Θεοῦ
574 4673 674 4727 καὶ
716 4668 1204 4742 προφητευθέντος,
1252 4668 1346 4721 καὶ
1394 4664 1706 4720 πλάσασθαι

145 4769 252 4838 περὶ
284 4770 444 4822 αὐτοῦ
487 4766 742 4838 δηλονότι
791 4762 1116 4831 ἐγνωκότας,
1159 4762 1239 4813 ὅτι
1281 4761 1380 4812 οὐκ
1421 4758 1594 4830 ἀληθῆ
1641 4756 1710 4811 τὰ

147 4855 434 4929 πλάσματα.
452 4860 616 4912 Ἤτοι
636 4851 734 4909 οὖν
759 4855 859 4906 οὐκ
890 4852 1134 4906 ἔπλασαν
1151 4889 1164 4913 ,
1200 4849 1312 4902 ἀλλ’
1339 4847 1512 4912 οὕτως
1541 4848 1704 4921 ἐφρό-

144 4966 267 5017 νουν,
298 4954 394 5006 καὶ
435 4954 497 5006 οὐ
533 4950 864 5021 ψευδόμενοι
911 4943 1252 5015 ἀνέγραψανθ
1295 4943 1330 5013 ἢ
1374 4942 1708 5012 ψευσάμενοι

142 5040 453 5116 ἀνέγραψαν,
488 5046 587 5100 καὶ
618 5042 795 5098 ταῦτα
820 5041 920 5094 οὐκ
942 5037 1220 5108 ἐφρόνουν,
1255 5035 1376 5089 οὐδέ
1406 5032 1710 5104 ἀπατηθέν-

139 5147 216 5195 τες
243 5135 369 5188 Θεὸν
395 5136 560 5190 αὐτὸν
584 5131 858 5203 ἐνόμιζον.

197 5294 239 5326 ⁸³
275 5293 434 5353 Joan.
460 5311 584 5359 vm,
610 5294 706 5349 40.

197 5457 303 5527 (58)
349 5460 465 5511 Ἐν
502 5453 835 5524 τυγχάνον.
885 5449 976 5503 Sic
1013 5448 1152 5527 legi),
1184 5447 1310 5527 licet
1345 5456 1503 5527 antea
1557 5446 1697 5496 scri-

135 5516 372 5592 ptum'sit
406 5516 765 5596 ‘evzuﬁd'vov,
796 5537 919 5574 nam
945 5519 1232 5573 manil‘eSIe
1259 5517 1361 5570 hoc
1390 5516 1508 5570 loco
1530 5529 1694 5567 unum

136 5602 410 5670 opponitur
440 5599 713 5668 plurithS.
927 5663 939 5670 _
1083 5659 1108 5669 _,
1186 5657 1197 5670 .
1374 5656 1396 5670 ..

196 5654 303 5738 (59)
342 5654 503 5724 Lib'b.
544 5677 710 5738 antea
743 5663 894 5738 editi,
923 5663 987 5714 ἐκ
1018 5659 1126 5738 τοῦ-
1145 5657 1241 5738 μὲν
1282 5656 1445 5738 πιεῖν,
1477 5654 1576 5738 sed
1607 5669 1695 5738 re-

135 5724 262 5798 ctius
281 5724 476 5792 omnes
505 5753 666 5798 mss.,
697 5735 761 5787 ἐκ
784 5733 876 5786 τοῦ
910 5749 975 5802 με
1018 5724 1174 5802 πιεῖν.
1204 5728 1368 5802 Paulo
1397 5735 1513 5802 post
1539 5724 1699 5778 Gele-

135 5795 246 5862 nius
284 5809 562 5880 interpres
593 5795 808 5861 videtur
837 5795 1047 5870 legisse,
1079 5801 1167 5852 ἵνα
1200 5799 1272 5869 μὴ
1302 5799 1335 5867 ἡ
1364 5795 1521 5867 μερίς
1552 5811 1657 5865 μου
1679 5809 1696 5876 :~

1815 4573 1930 4627 haec
1966 4572 2072 4628 duo
2111 4573 2167 4626 in
2209 4575 2428 4630 eosdem
2468 4589 2577 4630 non
2621 4574 2852 4641 cadere,
2906 4574 3086 4644 decipi
3116 4577 3390 4630 credendo

1814 4662 1996 4720 Iesum
2038 4664 2208 4719 Deum
2240 4679 2362 4720 esse
2395 4680 2628 4734 eumque
2677 4681 2708 4719 a
2747 4666 3034 4736 praphetis
3066 4669 3392 4734 praenuntia-

1817 4759 1956 4821 tum,
1991 4765 2045 4812 et
2075 4755 2283 4827 ﬁngere
2306 4756 2373 4811 de
2405 4755 2500 4813 illo
2529 4771 2649 4827 qua:
2684 4771 2815 4811 vera
2845 4771 2950 4810 non
2973 4770 3096 4812 esse
3120 4768 3272 4812 certo
3299 4773 3394 4813 no—

1817 4848 2012 4903 verint.
2043 4849 2153 4903 Aut
2175 4846 2336 4920 411
2373 4848 2539 4918 igitur
2566 4864 2672 4903 non
2702 4847 3001 4915 ﬁnxerunt,
3039 4850 3134 4903 sed
3164 4849 3243 4905 sic
3267 4866 3392 4905 sen-

1819 4938 2049 5005 tiebant,
2071 4946 2128 4993 et
2154 4939 2300 4994 nullo
2327 4941 2452 4995 dolo
2479 4939 2850 5006 scripserunt;
2887 4948 2981 4994 aut
3014 4942 3226 4997 mentiti
3253 4943 3391 4998 scri-

1818 5040 2066 5100 pserunt,
2110 5039 2167 5085 et
2214 5031 2332 5086 haec
2385 5046 2497 5085 non
2545 5031 2894 5096 sentiebant,
2947 5045 3124 5102 neque
3179 5032 3389 5104 decepti

1821 5121 1988 5178 Deum
2013 5121 2160 5176 illum
2199 5123 2486 5190 putabant.

1809 5460 1932 5498 nam
1962 5441 2151 5514 vertit:
2186 5459 2204 5489 ε
2241 5437 2319 5493 Ne
2343 5440 2540 5514 PO"_"0_
2560 5449 2704 5514 πὶεῖθο
2746 5453 2797 5514 ³.
2851 5503 2887 5514 ._
2962 5502 2994 5514 ..
3143 5502 3154 5514 .
3244 5500 3387 5514 ...μ

1879 5514 1992 5582 (60)
2037 5513 2108 5566 Ita
2145 5519 2296 5582 recte
2317 5501 2476 5582 codd.
2498 5507 2714 5582 ﬁegius
2750 5511 2806 5559 et
2850 5502 3212 5560 Basileensis.
3244 5501 3388 5558 Edlti

1806 5579 2129 5654 vermstpb;
2164 5579 2284 5633 τόδε
2309 5581 2366 5634 δὲ
2387 5579 2709 5654 λελέξεται..
2737 5647 2750 5654 _
3061 5643 3073 5654 ‘
3160 5644 3171 5654 _
3287 5623 3318 5654 -,

1880 5655 1992 5740 ((ξι)
2037 5643 2238 5708 Guieto
2278 5651 2632 5708 scribendum
2663 5647 2908 5714 videtur,
2934 5643 3086 5718 παρὰ
3123 5644 3220 5715 τὴν
3254 5645 3392 5698 οἰκο-

1805 5743 2019 5796 νομιαν.
