3902 6414
473 346 581 402 ατ

541 461 630 516 27.
656 460 847 517 Postea
877 476 940 516 ex
970 459 1218 514 ﬁdelibus
1245 457 1321 513 ait
1346 471 1486 520 esse,
1511 476 1529 508 ι
1560 456 1653 528 qui
1685 455 1890 512 similes
1915 456 2045 522 illis,
2075 464 2125 519 Α

472 570 611 624 quos
639 570 704 609 eo
750 553 973 623 impellit
1002 553 1242 607 ebrietas
1284 560 1344 604 ut
1389 549 1490 604 sibi
1539 565 1732 604 manus
1789 550 2045 617 inferant,

471 649 710 714 primum
748 643 1026 714 Evangelii
1069 650 1386 698 contextum
1437 650 1539 708 ter,
1580 652 1798 711 quater,
1844 641 2048 712 plurics

472 746 704 802 mutant,
740 745 1191 806 pervertuntque,
1240 747 1301 789 ut
1352 733 1592 789 habeant
1638 749 1748 803 quo
1802 750 1891 790 res
1945 735 2046 790 sibi

472 812 720 899 obiectas
751 828 1085 883 inficientur.
1130 847 1147 880 ι
1185 827 1451 898 Equidem
1483 843 1589 882 non
1614 827 1751 882 alios
1779 829 1926 893 novi,
1955 829 2045 897 qui

471 921 750 993 Evangelii
772 929 1087 977 contextum
1111 921 1536 985 immutaverlnt,
1556 936 1717 989 quam
1737 919 2046 987 Marcionis,

473 1012 1032 1080 Valentini,fortasse
1078 1025 1133 1070 et
1181 1013 1384 1069 Lucani
1437 1023 1759 1070 sectatores.
1812 1013 1866 1068 Id
1916 1030 2047 1070 vero

468 1106 720 1162 criminis
745 1115 949 1162 nostrae
977 1107 1240 1161 doctrinae
1271 1122 1378 1162 non
1418 1106 1793 1176 imputandum
1827 1116 1908 1161 est
1935 1124 1949 1160 :
1991 1107 2044 1161 in

469 1194 624 1264 culpa
655 1206 784 1250 sunt
829 1195 920 1263 qui
971 1195 1264 1263 Evangelia
1299 1197 1598 1263 depravare
1637 1198 1858 1251 audent.
1909 1195 2047 1250 Nam

467 1285 926 1355 quemadmodum
983 1285 1035 1338 in
1094 1285 1498 1356 philosophiam
1559 1287 1697 1342 male
1745 1286 2044 1352 conferres,

465 1393 584 1446 qua:
635 1394 665 1432 a
715 1379 996 1445 sophistis,
1053 1378 1362 1447 Epicureis,
1419 1379 1805 1450 Peripateticis
1850 1380 2045 1436 aliisve

468 1468 616 1524 falsa:
655 1469 982 1539 excogitata:
1012 1479 1145 1524 sunt
1170 1471 1454 1539 opiniones
1483 1491 1496 1526 ε
1522 1472 1620 1535 sic,
1648 1473 1772 1542 quia
1801 1472 2043 1528 nonnulli

466 1558 759 1630 Evangelia
806 1569 1185 1630 corruperunt,
1213 1577 1494 1632 novasque
1519 1572 1703 1618 sectas
1728 1580 1758 1618 a
1791 1562 1918 1619 Jcsu
1954 1564 2045 1617 do-

465 1652 642 1707 ctrina
672 1651 880 1708 alicnas
907 1653 1264 1721 induxerunt,
1311 1671 1416 1710 non
1454 1655 1715 1712 continuo
1747 1657 1799 1712 in
1835 1657 2043 1712 crimen

467 1747 649 1802 vocari
681 1757 894 1817 oportet
921 1763 1108 1804 verum
1148 1749 1651 1806 Christianismum.

537 1928 626 1984 28.
667 1929 932 1996 Quoniam
972 1945 1100 1984 vero
1154 1939 1341 2000 postea
1395 1931 1728 1987 Christianis
1749 1933 2044 2001 exprobrat

464 2020 604 2077 Celsi
633 2020 876 2087 Judarns,
917 2042 936 2074 ‹
972 2024 1119 2092 quod
1148 2025 1436 2092 prophetis
1475 2034 1696 2079 utantur
1731 2026 1821 2094 qui
1849 2025 2045 2094 pracdi-

467 2117 650 2170 xerint
679 2132 796 2184 qum
827 2119 893 2170 ad
928 2114 1110 2171 Jesum
1134 2118 1424 2185 pertinent,
1456 2137 1474 2168 ι
1496 2118 1582 2183 iis,
1608 2133 1726 2186 quae
1746 2133 1906 2187 supra
1929 2118 2041 2186 jam

475 2205 579 2260 hac
605 2206 672 2261 de
692 2223 749 2260 re
771 2207 928 2261 nobis
961 2208 1234 2275 disputata
1255 2217 1401 2270 sunt,
1431 2207 1568 2261 addo
1593 2208 1848 2263 debuisse
1873 2208 2041 2275 illum,

464 2297 558 2364 qui
598 2311 657 2351 se
711 2297 1019 2352 hominibus
1063 2313 1285 2368 parcere
1325 2299 1488 2364 dicit,
1547 2299 1801 2353 vaticinia
1840 2300 1954 2368 ipsa
1987 2303 2039 2354 in

467 2387 706 2442 medium
757 2387 1050 2452 adducere,
1103 2389 1394 2456 simulque,
1430 2376 1688 2444 concesso
1719 2390 2041 2446 verisimiles

461 2492 583 2533 esse
610 2493 746 2548 quas
777 2479 882 2533 illis
921 2479 1498 2534 adhibentChristiani
1536 2482 2036 2551 interpretationes,

464 2569 666 2624 afferre
699 2570 1052 2626 nihilominus
1077 2587 1199 2640 qua)
1229 2573 1330 2625 sibi
1368 2573 1696 2627 videbantur
1721 2577 2038 2645 prophetia-

460 2678 582 2716 rum
610 2678 766 2717 usum
800 2675 1072 2718 evertere.
1104 2661 1197 2718 Sic
1227 2663 1420 2717 saltem
1475 2680 1580 2720 non
1627 2666 1774 2722 visus
1824 2666 2036 2736 fuisset,

458 2755 708 2824 pauculis
749 2755 931 2811 allatis
962 2756 1166 2821 verbis,
1208 2772 1428 2812 sumere
1463 2756 1568 2812 sibi
1596 2773 1710 2812 rem
1749 2761 1881 2814 tanti
1924 2777 2039 2816 mo-

457 2847 648 2904 menti.
675 2847 751 2901 Ac
774 2863 840 2902 eo
874 2848 1050 2918 magis
1089 2848 1139 2901 id
1186 2849 1558 2902 necessarium
1596 2848 1716 2914 fuit,
1743 2853 1885 2919 quod
1925 2853 2039 2921 ipse

459 2941 628 3005 dicat,
665 2958 683 2992 ι
724 2941 1001 2996 sexcentis
1031 2941 1153 2996 aliis
1206 2940 1546 3012 probabilius
1589 2957 1750 3011 quam
1789 2942 1916 2998 Jesu
1948 2960 2035 3000 ac~

458 3033 795 3088 commodari
832 3048 992 3103 posse
1023 3033 1409 3104 prophetarum
1445 3035 1719 3091 vaticinia.
1763 3055 1782 3088 ι
1820 3036 1886 3092 Ει
1914 3039 2038 3092 huic

1926 337 2247 396 ORIGENIS

3623 348 3703 405 848

2223 455 2379 510 Μετὰ
2421 454 2595 513 ταῦτά
2638 475 2790 523 τινας
2831 458 2936 512 τῶν
2981 459 3344 515 πιστευόντων
3389 462 3550 534 φησιν
3592 483 3610 515 ι
3648 469 3702 530 ὼς

2152 551 2215 601 ἐκ
2268 549 2441 622 μέθης
2465 552 2701 622 ἥκοντας
2733 553 2812 614 είς
2845 551 2905 605 τὸ
2935 553 3228 622 ἐφεστάναι
3261 554 3467 618 αὐτοῖς,
3506 573 3705 629 μεταχα·

2154 643 2367 712 ράττειν
2395 644 2460 696 ἐκ
2485 643 2586 714 τῆς
2611 642 2836 716 πρώτης
2861 645 3082 716 γραφῆς
3116 647 3176 699 τὸ
3208 646 3541 715 Εὑαγγέλιον
3573 651 3706 720 τριχῆ

2150 735 2245 788 καὶ
2296 736 2534 807 τετραχῆ
2585 737 2679 790 καὶ
2729 737 2993 808 πολλαχῆ,
3045 738 3141 791 καὶ
3201 737 3615 808 μεταπλάττειν,
3656 743 3706 794 ἶν’

2152 826 2328 898 ἔχοιεν
2363 828 2500 901 πρὸς
2547 830 2673 894 τοὺς
2715 829 2970 900 ἐλέγχους
3010 831 3311 901 ἀρνεῖσθαι.
3358 851 3378 883 ι
3416 833 3709 904 Μεταχαρά-

2152 918 2346 984 ξαντας
2401 920 2457 974 δέ
2509 921 2570 974 τὸ
2613 922 2948 990 Εὑαγγέλιον
2988 922 3182 985 ἄλλους
3227 924 3328 976 οὐκ
3373 919 3511 990 οἴδα,
3545 924 3576 994 ἢ
3607 926 3708 988 τοὺς

2149 1013 2258 1066 ἀπὸ
2283 1013 2611 1084 Μαρκίωνος
2646 1013 2777 1082 (62),
2812 1013 2905 1066 καὶ
2935 1014 3065 1076 τοὺς
3103 1013 3210 1066 ἀπὸ
3244 1012 3619 1078 Οὐαλεντίνου,
3646 1011 3706 1068 οἷ-

2153 1122 2249 1176 μαι
2282 1105 2339 1158 δὲ
2370 1106 2464 1158 καὶ
2506 1107 2632 1169 τοὺς
2675 1104 2783 1158 ἀπὸ
2817 1105 3117 1159 Λουκάνου.
3145 1105 3318 1158 Τοῦτο
3361 1105 3417 1177 δέ
3450 1106 3709 1177 λεγόμενον

2150 1175 2211 1251 οὐ
2245 1197 2338 1251 τοῦ
2373 1197 2533 1267 λόγου
2570 1197 2719 1250 ἐστὶν
2751 1195 3024 1268 ἔγκλημα,
3057 1196 3193 1251 ἀλλὰ
3213 1198 3322 1252 τῶν
3351 1175 3710 1268 τολμησάντων

2151 1290 2546 1363 ῥᾳδιουργῆσαι
2594 1288 2662 1342 τὰ
2709 1289 3049 1358 Εὑαγγέλιαο
3086 1290 3180 1343 καὶ
3219 1289 3410 1362 (ben-sp
3437 1290 3498 1342 οὐ
3529 1290 3711 1359 φιλοσο-

2149 1383 2277 1450 φίας
2309 1381 2560 1452 ἔγκλημά
2589 1382 2725 1435 εἰσιν
2753 1381 2802 1433 οἱ
2829 1379 3101 1448 σοφισταὶ,
3127 1380 3160 1450 ἢ
3197 1381 3246 1433 οἱ
3285 1380 3657 1453 Ἐπικούρειοι,
3683 1383 3708 1454 ἢ

2147 1477 2197 1527 οἱ
2244 1477 2668 1548 Περιπατητικοὶ
2709 1475 2840 1546 (63),
2895 1475 2928 1546 ἢ
2984 1475 3213 1539 οἵτινές
3264 1478 3385 1530 ποτ’
3429 1477 3497 1531 ἂν
3528 1471 3648 1531 ὦσιν
3672 1481 3710 1532 oi

2146 1566 2613 1636 ψευδοδοξοῦντες·
2650 1567 2823 1630 οὕτως
2867 1568 2927 1620 οὐ
2975 1567 3070 1622 τοῦ
3121 1567 3380 1641 άληθινοῦ
3426 1571 3711 1642 Χριστιανι-

2151 1659 2289 1730 σμοῦ
2314 1658 2565 1730 ἔγκλημα
2589 1659 2637 1713 οἱ
2671 1660 3174 1731 μεταχαράττοντες
3193 1661 3262 1714 τὰ
3288 1661 3614 1730 Εὐαγγέλια,
3637 1664 3712 1716 καὶ

2148 1753 2391 1817 αἱρέσεις
2429 1751 2583 1815 ξένας
2625 1752 3011 1821 ἐπεισάγοντες
3053 1751 3129 1824 τῷ
3163 1752 3464 1825 βουλήματι
3497 1755 3594 1826 τῆς
3629 1758 3712 1827 Ἰη-

2152 1843 2245 1895 σοῦ
2271 1842 2641 1906 διδασκαλίας.

2235 1935 2388 1987 Ἐπεὶ
2431 1933 2485 1987 δὲ
2533 1934 2671 2005 μετὰ
2719 1934 2888 1991 ταῦτα
2933 1939 3027 1990 καὶ
3061 1956 3078 1988 ι
3133 1937 3195 1990 τὸ
3245 1938 3555 2009 προφήταις
3597 1939 3710 2012 χρῆ-

2149 2026 2273 2080 σθαι
2299 2046 2315 2077 ι
2335 2027 2694 2098 Χριστιανοὺς
2721 2048 2739 2076 ι
2767 2027 3143 2099 προκηρύξασι
3170 2027 3237 2080 τὰ
3258 2027 3496 2099 περὶτοῦ
3513 2031 3669 2100 Ἰησοῦ
3691 2049 3707 2082 ι

2145 2117 2392 2182 ὀνειδίζει
2425 2117 2454 2168 ό
2486 2116 2636 2189 παρὰ
2669 2116 2748 2187 τῷ
2780 2117 2973 2188 Κέλσῳ
3015 2118 3286 2182 Ἰουδαῖος,
3319 2117 3566 2190 φήσομεν
3597 2121 3711 2192 πρὸς

2145 2211 2257 2272 τοῖς
2290 2207 2545 2280 ἀνωτέρω
2588 2209 2668 2270 εἰς
2699 2206 2857 2259 τοῦτο
2907 2206 3274 2277 λελεγμένοις,
3313 2210 3410 2261 καὶ
3456 2211 3537 2261 ὅτι
3568 2210 3710 2279 ἐχρῆν

2146 2299 2304 2352 αὑτὸν
2332 2298 2427 2370 (ὥς
2481 2298 2632 2369 φησι)
2693 2298 3006 2369 φειδόμενον
3058 2298 3168 2370 (64)
3209 2300 3516 2373 ἀνθρώπων
3565 2304 3711 2366 αὑτὰς

2145 2389 2397 2444 ἐκθέσθαι
2430 2389 2530 2452 τὰς
2579 2391 2934 2462 προφητείας,
2965 2392 3057 2444 καὶ
3087 2392 3564 2463 συναγορεύσαντα
3610 2397 3710 2460 ταῖς

2145 2482 2495 2553 πιθανότησιν
2535 2484 2736 2545 αὐτῶν,
2771 2483 2867 2555 τὴν
2911 2483 3244 2554 φαινομένην
3290 2484 3474 2537 αὐτῶν
3507 2487 3710 2557 ἀνατρο-

2145 2575 2251 2647 πὴν
2297 2577 2396 2647 τῆς
2434 2577 2681 2648 χρήσεως
2726 2575 2834 2628 τῶν
2881 2574 3236 2646 προφητικῶν
3265 2574 3542 2628 ἐκθέσθαι.
3575 2575 3710 2629 Οὕτω

2141 2671 2251 2741 γὰρ
2285 2673 2350 2725 ἂν
2377 2668 2521 2734 ἔδοξε
2561 2669 2632 2740 μὴ
2678 2668 3046 2739 συναρπάζειν
3088 2667 3411 2739 τηλικοῦτον
3445 2667 3711 2736 κεφάλαιον

2140 2763 2227 2816 διὰ
2254 2763 2524 2829 λεξειδίων
2551 2761 2766 2829 ὀλίγων,
2803 2761 2897 2812 καὶ
2933 2759 3187 2829 μάλιστα,
3228 2760 3371 2813 ἐπεί·
3387 2779 3521 2832 φησι
3559 2780 3576 2813 ι
3621 2779 3710 2833 μυ-

2145 2855 2276 2926 ρίοις
2308 2854 2486 2916 ἄλλοις
2513 2851 2927 2923 ἐφαρμοσθῆναι
2961 2850 3219 2904 δύνασθαι
3261 2851 3400 2906 πολὺ
3436 2851 3712 2905 πιθανώτε-

2143 2965 2234 3020 ρον
2265 2946 2334 3000 τὰ
2359 2944 2672 3018 προφητικὰ
2704 2944 2738 3015 ἢ
2766 2942 2845 3014 τῷ
2877 2942 3073 3014 Ἰησοῦ.
3116 2962 3132 2995 ι
3183 2945 3294 2997 Καὶ
3332 2944 3501 3016 ἐχρῆν
3532 2961 3590 3012 γε
3626 2943 3710 2996 αὺ-

2137 3039 2228 3092 τὸν
2281 3036 2415 3108 πρὸς
2465 3037 2565 3107 τὴν
2615 3035 2966 3106 κρατήσασαν
3007 3034 3356 3106 Χριστιανῶν
3402 3034 3601 3104 ταύτην
3641 3033 3711 3096 ὡς

456 3139 590 3180 sane
629 3125 879 3179 validiori
913 3135 969 3180 et
1003 3140 1112 3194 quo
1144 3125 1380 3180 maxime
1406 3127 1686 3181 confidunt
1714 3126 2028 3197 Christiani,

2143 3130 2504 3202 ἰσχυροτάτην
2549 3126 2822 3191 ἀπόδειξιν
2862 3126 3052 3196 στῆναι
3101 3127 3401 3196 ἐπιμελῶς,
3453 3128 3545 3180 καὶ⁵
3599 3123 3711 3182 καθ’

457 3227 784 3289 argumento
814 3217 1108 3287 diligenter
1146 3218 1420 3273 obsistere
1455 3217 1664 3284 debuit,
1705 3228 1760 3274 et
1797 3222 2033 3289 arreptis

455 3311 738 3380 sigillatim
774 3310 879 3365 illis
907 3308 1205 3374 vaticiniis,
1239 3310 1616 3364 demonstrare
1646 3316 1920 3379 quomodo
1943 3311 2032 3366 illa

453 3404 730 3461 sexcentis
759 3403 880 3458 aliis
912 3403 1069 3474 longe
1090 3401 1448 3472 probabilius,
1471 3417 1631 3472 quam
1645 3401 1794 3468 .Iesu,
1821 3418 2037 3458 accom-

455 3499 669 3553 modari
727 3498 962 3568 possint.
1008 3495 1206 3551 Verum
1237 3496 1240 3499 ’
1270 3511 1374 3550 non
1419 3496 1802 3550 animadvertit
1842 3495 2036 3552 Celsus

452 3592 528 3656 id,
559 3592 603 3644 si
647 3591 926 3644 diceretur
959 3589 1028 3643 ab
1065 3589 1284 3643 homine
1319 3588 1412 3657 qui
1456 3587 1760 3656 scripturas
1794 3589 2028 3657 prophe-

453 3683 591 3738 ticas
635 3697 738 3736 non
797 3681 1131 3744 admitteret,
1172 3680 1418 3735 nonnihil
1451 3680 1676 3750 quidem
1733 3681 2030 3749 probabili-

451 3777 580 3832 tatis
609 3775 955 3840 habiturum;
991 3789 1264 3843 nunquam
1305 3788 1436 3828 vero
1471 3773 1744 3828 dicturum
1776 3788 1896 3828 esse
1926 3772 2024 3828 Juv

449 3871 647 3935 dmum,
676 3871 820 3939 quod
849 3866 1017 3922 Judaei
1045 3880 1290 3936 persona:
1319 3865 1563 3920 ascribit.
1595 3865 1703 3920 Nec
1746 3867 1891 3920 enim
1927 3867 2026 3922 de-

452 3963 594 4032 derit
628 3960 849 4016 Judmus
889 3961 1282 4029 prOphctarum
1319 3959 1571 4012 vaticinia
1603 3958 1874 4012 sexcentis
1907 3957 2030 4013 aliis

446 4053 724 4122 quadrare
755 4051 951 4122 magis,
996 4065 1156 4119 quam
1211 4047 1380 4115 Jcsu;
1429 4049 1523 4102 sed
1555 4048 1732 4103 alﬁcta
1776 4049 2025 4119 singulis,

445 4161 567 4216 qua:
597 4145 704 4199 sibi
743 4145 920 4214 magis
955 4142 1293 4212 probabitur,
1350 4140 1644 4207 sententia,
1696 4140 2028 4196 Christiano-

445 4253 567 4292 rum
601 4233 1110 4304 interpretationem
1145 4230 1468 4301 prOpulsare
1493 4231 1783 4286 conabitur
1822 4247 1836 4284 :
1879 4233 2026 4303 quod

441 4332 488 4385 si
529 4328 945 4399 nondieetqum
989 4325 1197 4382 faciant
1227 4324 1412 4393 ﬁdem,
1441 4324 1631 4380 saltem
1680 4322 1734 4378 id
1769 4335 1892 4394 aget
1937 4340 2025 4381 se-t

439 4424 586 4480 dulo.

2137 3223 2373 3295 ἑκάστην
2409 3220 2746 3294 προφητείαν
2781 3218 3036 3272 ἐκθέσθαι
3086 3217 3205 3282 πῶς
3258 3218 3441 3283 ἄλλοις
3485 3221 3710 3290 ἐφαρμο-

2139 3315 2327 3386 σθῆναι
2378 3314 2603 3367 δύναται
2669 3311 2804 3364 πολὺ
2868 3309 3240 3382 πιθανώτερον
3301 3312 3335 3382 ἢ
3400 3311 3478 3383 τῷ
3526 3309 3706 3381 Ἰησοῦ.

2149 3407 2289 3459 Ἀλλ’
2332 3407 2453 3460 οὐδὲ
2487 3405 2747 3470 συνεῖδεν,
2789 3405 2872 3458 ὅτι
2904 3404 3054 3457 τουτὶ
3095 3406 3203 3476 ἄρα
3260 3404 3489 3458 πιθανὸν
3519 3401 3582 3476 ἧν
3612 3404 3711 3457 ὑπό

2136 3515 2280 3563 τινος
2304 3499 2556 3568 λέγεσθαι
2586 3496 2732 3550 κατὰ
2776 3495 3117 3567 Χριστιανῶν
3145 3495 3254 3549 τῶν
3286 3495 3578 3569 ἀλλοτρίων
3608 3497 3709 3551 τῶν

2138 3592 2492 3662 προφητικῶν
2545 3589 2911 3662 γραμμάτων·
2951 3589 3069 3641 νυνὶ
3105 3587 3162 3640 δὲ
3194 3587 3335 3660 ὅπερ
3374 3588 3615 3651 Ἰουδαῖος
3644 3587 3708 3640 ἂν

2133 3682 2232 3734 οὑκ
2260 3677 2401 3744 εἷπε,
2430 3679 2755 3750 περιέθηκεν
2788 3681 2816 3730 ὁ
2838 3678 3041 3741 Κέλσος
3056 3677 3134 3748 τῷ
3160 3677 3255 3731 τοῦ
3273 3677 3522 3731 Ἰουδαίου
3553 3663 3730 3749 προσ-1

2135 3773 2286 3845 ώπῳ.
2337 3773 2413 3825 Οὐ
2459 3771 2928 3842 συγκαταθήσεται
2973 3769 3083 3840 γὰρ
3123 3773 3150 3824 ὁ
3193 3771 3466 3834 Ἰουδαῖος,
3500 3771 3576 3824 ὅτι
3613 3788 3708 3840 μυρ

2137 3867 2271 3940 ρίοις
2304 3864 2715 3935 ἐφαρμοσθῆναι
2742 3863 2962 3916 δύναται
2998 3861 3066 3915 τὰ
3097 3863 3413 3934 προφητικὰ
3449 3862 3576 3917 πολὺ
3611 3880 3702 3914 πι-

2135 3959 2437 4030 θανώτερον
2473 3957 2581 4028 (65)
2617 3959 2649 4028 ἢ
2679 3957 2756 4028 τῷ
2789 3954 2962 4027 Ἰησοῦ
2987 3973 2998 3986 '
3033 3955 3170 4009 ἀλλὰ
3206 3957 3334 4026 περὶ
3357 3957 3578 4010 ἑκάστου
3608 3955 3703 4024 τὴν

2133 4052 2463 4123 φαινομένην
2501 4049 2648 4120 αὐτῷ
2669 4049 2920 4118 διήγησιν
2949 4046 3257 4110 ἀποδιδοὺς,
3293 4047 3482 4117 στῆναι
3516 4046 3700 4117 πειρά-

2132 4163 2282 4199 σεται
2314 4143 2450 4215 πρὸς
2495 4141 2592 4212 τὴν
2638 4141 2748 4193 τῶν
2783 4138 3126 4210 Χριστιανῶν
3161 4138 3426 4210 ἐκδοχὴν⁸
3462 4139 3520 4192 οὐ
3575 4139 3702 4191 πάν-

2126 4257 2236 4302 τως
2299 4237 2396 4309 μὲν
2451 4234 2678 4288 πιστικά
2733 4233 2842 4305 (66)
2897 4233 3094 4302 λέγων,
3149 4233 3490 4305 πειρώμενος
3534 4233 3588 4286 δὲ
3637 4230 3702 4284 τὸ

2128 4329 2337 4383 τοιοῦτο
2365 4330 2559 4382 ποιεῖν.

514 4561 626 4634 (62)
681 4563 828 4629 Τοὺς
879 4560 998 4617 ἀπὸ
1051 4562 1425 4630 Μαρκίωνος.
1473 4557 1810 4634 Marcionita;
1854 4561 2027 4634 solum

2143 4550 2542 4634 erant_Luciani_
2571 4565 2664 4603 seu
2697 4548 2900 4634 Lucani
2935 4547 3487 4634 cujustlamhhferetici
3516 4551 3602 4634 qui
3633 4565 3690 4605 et

440 4629 969 4704 Luce'Evangelium
986 4629 1470 4704 amplectebantur,
1499 4629 1713 4704 rejectis
1734 4629 2008 4704 Matthaeo,

437 4706 620 4760 Marco
649 4715 704 4758 et
726 4701 953 4766 Joanne,
990 4701 1087 4757 sed
1113 4704 1270 4758 istius
1295 4701 1576 4773 Evangelii
1611 4703 2010 4773 auctoreindi-

437 4776 635 4829 eebant
664 4790 768 4828 non
803 4790 923 4828 esse
957 4774 1183 4833 Lucam.
1235 4773 1325 4827 sed
1371 4769 1619 4834 Paulum,
1652 4769 1810 4840 cuius
1845 4770 2008 4824 etiam

439 4845 611 4897 solius
642 4843 917 4910 Epistolis,
949 4859 1053 4896 non
1092 4854 1268 4897 tamen
1311 4844 1583 4900 omnibus.
1628 4854 1729 4893 nec
1778 4841 2010 4910 integris

436 4916 537 4967 sub
564 4915 780 4969 nomine
810 4913 1170 4966 ἀποστολικοῦ
1212 4914 1526 4966 utebantur.
1561 4910 1790 4964 Eosdem
1827 4911 2006 4976 Lucae,

433 4982 588 5052 juxta
638 4983 774 5047 illos,
815 4983 962 5038 Pauli
1012 4984 1357 5052 Evangelium
1416 4984 1552 5035 mire
1595 4989 1904 5052 truncatum
1955 4991 2010 5036 et

444 5050 826 5122 interpolatum
861 5054 1114 5106 habuisse
1140 5050 1369 5107 tesmtur
1402 5052 1633 5106 lreuaens
1680 5050 1776 5122 lib.
1812 5068 1849 5115 ι,
1887 5067 2008 5119 cap.

444 5124 551 5189 29;
579 5121 950 5176 'l'ertullianus
973 5134 1155 5175 contra
1187 5123 1535 5184 Marcionem,
1574 5131 1629 5176 et
1676 5121 2008 5190 Epiphanius

443 5194 637 5248 haeresi
672 5193 765 5248 4‘2.
807 5194 886 5246 Ad
919 5193 1328 5248 Valentinianus
1371 5198 1515 5261 quod
1548 5194 1763 5252 attinet,
1814 5192 1867 5243 in
1913 5207 2006 5243 eo-

441 5278 560 5316 rum
587 5265 904 5317 commentis
936 5279 1055 5330 qua:
1078 5262 1267 5318 Graece
1302 5271 1517 5318 exstant
1543 5263 1608 5316 ad
1644 5263 1847 5314 calcem
1885 5261 2004 5314 Cle-

435 5333 636 5387 mentis
673 5334 1047 5392 Alexandrini,
1088 5331 1206 5386 loca
1242 5352 1270 5386 e
1298 5333 1554 5386 Matthaeo
1577 5343 1632 5384 et
1653 5331 1796 5385 Luca
1825 5331 2004 5398 profe-

432 5412 651 5468 runtur,
666 5414 720 5457 et
735 5402 828 5456 Tel
845 5403 1123 5469 tullianus,
1139 5417 1255 5471 cap.
1273 5403 1363 5458 58.
1377 5402 1455 5456 De
1468 5404 1777 5471 privam-ip!"
1803 5401 2004 5455 diserte

2135 4629 2254 4695 ipse
2288 4621 2573 4695 Marciopis
2608 4629 2844 4695 sectator
2877 4619 2994 4695 figit.
3033 4620 3166 4672 Vide
3194 4618 3548 4695 _Epiphan_it_tui
3583 4623 3694 4676 ba:-

2120 4689 2226 4750 l'es.
2271 4695 2361 4753 45,
2391 4700 2446 4742 et
2467 4689 2859 4743 Tertullianum
2886 4689 2962 4741 De
2985 4691 3304 4754 prwscript.,
3336 4708 3384 4746 ο,
3428 4690 3511 4744 51,

2191 4763 2309 4837 (65)
2337 4763 2410 4837 Ἰζ
2432 4764 2484 4837 0}
2512 4760 2986 4837 [Ιςριπατητικοί.
3019 4758 3159 4837 _Nota
3188 4759 3278 4813 hic
3307 4760 3694 4825 Peripateticos

2117 4830 2258 4892 inter
2283 4830 3056 4904 dsuﬁqﬁogoﬁv'zaghreCenseri.

2190 4899 2698 4979 (64)Φιειόθοςμενονἱ
2726 4901 3041 4979 Boheretlus
3065 4900 3190 4968 legit
3215 4901 3519 4979 κηδόμενον.
3539 4899 3683 4979 Μξηὶ

2115 4971 2277 5047 paulo
2318 4983 2439 5043 post
2479 4972 2614 5047 legit‘
2650 4971 2747 5047 τὴν
2783 4971 3120 5047 φαινομένην
3158 4972 3322 5047 *αὐτῷ
3356 4971 3682 5047 ἀνατροπήν.

2112 5041 2526 5101 Cuietoantem
2564 5041 2650 5095 hic
2675 5041 2823 5094 locus
2854 5041 3202 5109 glossematis
3233 5041 3577 5110 itltet'polatns
3607 5041 3685 5110 vi-

2112 5122 2271 5171 detur
2303 5123 2360 5168 et
2397 5114 2625 5165 fortasse
2655 5113 2733 5163 sic
2775 5112 3182 5164 restituendus:
3217 5113 3327 5165 Kal
3361 5109 3678 5180 συναγορεύ-

2111 5203 2279 5240 σαντα
2306 5187 2428 5246 ταῖς
2474 5180 2827 5252 πιθανότησιν
2858 5180 3036 5252 αὐτῶν
3064 5180 3161 5252 τὴν
3204 5184 3518 5252 φαινομένην
3551 5184 3684 5233 ἁνα-

2106 5256 2313 5328 τροπὴν
2367 5251 2638 5328 ἐκθέσθαι.
2698 5249 2853 5303 Οὕτω
2877 5251 3006 5328 ⁵,γὰρ
3059 5249 3144 5313 ἄν,
3179 5249 3440 5328 etcillirc
3483 5249 3677 5319 fitnque

2107 5320 2288 5380 αὖτῶῦ
2323 5336 2376 5380 et
2410 5323 2510 5393 τῆς
2545 5324 2789 5393 χρήσεως
2835 5320 2943 5374 τῶν
2977 5320 3334 5392 ’προφητικῶν
3365 5326 3675 5388 interpreta-

2108 5409 2287 5451 menta
2318 5397 2369 5451 ei
2399 5397 2653 5448 videntur
2702 5405 2824 5445 esse
2857 5408 2978 5460 qua:
3017 5409 3048 5446 e
3091 5396 3336 5464 margine
3385 5395 3434 5445 in
3468 5404 3667 5445 tcxzuni

2100 5468 2458 5522 transierunt.

2169 5538 2280 5611 (65)
2328 5536 2420 5590 Sic
2478 5548 2608 5611 mss.
2655 5531 2789 5611 ξῖρε.
2846 5529 3014 5611 Βορὶιί
3043 5540 3098 5584 et
3130 5543 3296 5611 vetus.
3316 5531 3593 5611 Vaticanus
3613 5541 3649 5611 ,ε

2094 5596 2218 5663 libri
2251 5596 2430 5661 autem
2474 5604 2627 5666 editi,
2659 5596 2936 5672 ὃτιίτουτὶ
2985 5602 3092 5672 ἆρα
3125 5597 3230 5672 (ἦν)
3275 5603 3380 5672 ὑπό
3411 5616 3542 5662 τινος
3574 5596 3668 5648 M-

2090 5677 2282 5744 γεσθαι
2315 5675 2454 5729 κατὰ
2480 5671 2889 5744 Χριστιανῶν...
2928 5669 3150 5744 πιθανὸν
3168 5669 3319 5744 ’τάχα
3337 5669 3419 5743 ἦν.

2160 5747 2271 5832 (59)
2314 5743 2589 5802 Πιστικά.
2641 5743 2841 5800 Guieto
2881 5743 3230 5800 scribendum
3278 5745 3479 5800 videtur
3531 5749 3662 5788 πει-

2090 5833 2272 5871 στικα.

438 5483 664 5528 testatur
699 5473 1039 5527 Valentinum
1077 5491 1095 5524 ι
1130 5475 1339 5542 integro
1367 5477 1724 5526 instrumento
1763 5490 1783 5523 ι
1818 5487 1994 5536 usum,

433 5555 490 5613 et
524 5543 820 5613 Seripturis
854 5543 1184 5609 pepercisse,
1225 5559 1323 5598 nec
1351 5561 1369 5595 ι
1415 5544 1684 5613 machaera
1710 5556 1865 5613 usum
1897 5557 1994 5613 pa-

433 5611 564 5676 lam,
598 5631 618 5664 »
647 5611 789 5666 Ἰίροι
843 5627 1061 5666 sensum
1117 5617 1478 5682 pervertendo
1523 5612 1642 5681 plus
1690 5611 1991 5682 abstulerit.

435 5684 620 5752 Itaque
645 5683 932 5737 dicendum
965 5681 1217 5752 Drigenis
1247 5694 1404 5739 aetate
1436 5684 1696 5749 quosdam
1726 5681 1989 5752 Valentini

433 5750 723 5824 discipulos
739 5753 986 5808 fortassis
1009 5750 1227 5816 iecisse,
1262 5755 1404 5824 quo_d
1429 5753 1786 5824 Valentinum
1808 5751 1988 5824 facere

432 5819 802 5881 Tertullianus
848 5839 974 5880 vere
1039 5819 1296 5896 negavitf
1354 5821 1684 5881 Lucianistae
1738 5820 1987 5891 discipuli
