4002 6522
258 378 306 431 '8
318 377 379 432 i9

1484 375 1764 432 CONTRA
1803 373 2078 433 CELSUM
2115 379 2245 438 LIB.
2282 379 2343 434 11.

3427 377 3533 433 850

339 502 654 578 eoscum;
696 501 743 555 δ’
791 502 850 554 ἐν
891 503 1003 566 τοῖς
1058 501 1314 574 ἀνωτέρω
1366 503 1672 574 εἰρήκαμεν
1728 504 1856 574 περὶ

2027 505 2190 577 412
2220 506 2312 562 29.
2340 506 2461 562 Jam
2484 511 2612 560 ante
2641 502 2881 559 diximus
2905 498 3175 570 duplicem
3211 495 3414 552 Christi
3449 496 3530 550 itt-

265 591 380 644 τῶν
405 592 500 646 τὸν
524 592 760 664 Χριστὸν
785 593 1226 665 προφητεύεσθαι
1253 592 1386 662 (67),
1413 593 1507 646 δύο
1534 593 1850 663 ἐπιδημίαις

268 684 612 755 χρησόμενον
647 687 727 748 είς
757 685 818 738 τὸ
849 685 958 738 τῶν
983 685 1284 758 ἀνθρώπων
1309 685 1463 754 γένος
1485 701 1499 715 °
1537 685 1722 756 διόπερ
1755 682 1855 736 οῦκ

267 774 350 826 ἔτι
401 775 562 845 χρεία
605 777 754 846 ἡμᾶς
798 775 1240 848 ἀπολογήσασθαι
1282 776 1420 846 πρὸς
1467 775 1529 828 τὸ
1567 773 1855 842 λεγόμενον

268 867 346 930 ὡς
397 868 506 920 ὑπὸ
544 867 638 920 τοῦ
691 867 964 932 Ἰουδαίου,
1011 871 1094 922 ὅτι
1137 888 1155 922 ι
1207 869 1395 938 Μέγαν
1435 869 1528 921 καὶ
1565 865 1854 936 δυνάστην,

270 959 367 1011 καὶ
401 958 583 1029 πάσης
611 961 710 1030 τῆς
744 961 867 1031 γῆς,
903 961 996 1013 καὶ
1022 962 1237 1016 πάντων
1254 961 1362 1014 τῶν
1393 959 1561 1014 ἐθνῶν
1582 959 1676 1012 καὶ
1699 973 1858 1028 στρα-

268 1050 514 1103 τοπέδων
544 1051 749 1120 Κύριον
782 1067 943 1120 φασιν
974 1054 1021 1105 οἱ
1065 1054 1340 1124 προφῆται
1383 1048 1521 1105 εἶναι
1552 1051 1643 1104 τὸν
1672 1049 1859 1118 ἐπιδη-

274 1143 523 1211 μήσοντα
563 1141 694 1212 (68).
730 1163 748 1194 ι
780 1142 1081 1206 Ἰουδαϊκῶς
1112 1143 1178 1206 δ’,
1209 1140 1380 1214 οἶμαι,
1425 1138 1546 1195 εἷπε
1589 1140 1682 1194 καὶ
1715 1138 1858 1194 κατὰ

266 1232 371 1303 τὴν
403 1233 629 1287 ἐκείνων
678 1234 838 1305 χολὴν
873 1234 1010 1306 μετά
1037 1234 1133 1287 τοῦ
1162 1235 1331 1305 χωρὶς
1370 1233 1717 1298 ἀποδείξεως,
1752 1229 1857 1284 κᾶν

271 1323 522 1387 πιθανῶς
569 1324 714 1395 (69),
780 1324 1040 1396 λοιδορεῖν
1097 1325 1190 1376 τὸν
1222 1323 1450 1396 Ἰησοῦν,
1500 1323 1583 1375 ὅτι
1609 1325 1706 1395 δε(
1738 1321 1860 1392 οὐχ).

268 1415 517 1468 τοιοῦτον
565 1415 784 1487 ὄλεθρον
818 1414 1178 1487 κατήγγειλεν
1203 1417 1336 1484 (70).
1360 1433 1378 1467 ι
1417 1413 1553 1468 Οῦτε
1595 1412 1856 1476 Ἰουδαῖοι,

268 1503 397 1558 οὔτε
448 1505 675 1569 Κέλσος,
711 1504 832 1559 οὔτε
861 1505 1028 1570 ἄλλος
1078 1524 1161 1570 τις
1206 1506 1344 1576 μετά
1387 1504 1711 1571 ἀποδείξεως
1748 1503 1859 1573 ἔχει

268 1597 647 1667 παραστῆσαι,
699 1597 782 1650 ὅτι
823 1595 1040 1668 ὄλεθρος
1079 1597 1368 1660 τοσούτους
1393 1594 1712 1667 ἀνθρώπους
1736 1595 1859 1647 ἐπι-

268 1689 498 1760 στρέφει
532 1690 640 1742 ἀπὸ
687 1690 787 1761 τῆς
819 1689 1026 1760 χύσεως
1071 1689 1181 1744 τῶν
1227 1689 1415 1744 κακῶν
1443 1690 1535 1742 ἐπὶ
1573 1689 1669 1741 τὸν
1720 1684 1862 1739 κατά

267 1779 437 1849 φύσιν
500 1779 637 1852 μετά
689 1781 1041 1853 σωφροσύνης
1096 1782 1191 1834 καὶ
1244 1781 1354 1835 τῶν
1399 1780 1602 1834 λοιπῶν
1652 1778 1858 1850 ἀρετῶν

270 1871 411 1940 βίον.

341 1962 662 2034 Παρέρῤιψε
691 1963 736 2016 δ’
764 1965 793 2016 ὁ
836 1963 1040 2028 Κέλσος
1072 1966 1164 2017 καὶ
1201 1965 1288 2016 τό·
1329 1981 1348 2015 ι
1389 1963 1522 2016 Θεὸν
1549 1963 1605 2016 δὲ
1639 1963 1732 2016 καὶ
1763 1961 1856 2015 τοῦ

266 2055 410 2108 Θεοῦ
447 2057 574 2109 Υίὸν
599 2057 775 2120 οὐδεὶς
812 2059 876 2111 ἐκ
913 2057 1168 2110 τοιούτων
1216 2056 1498 2126 συμϐόλων
1544 2057 1637 2109 καὶ
1678 2073 1858 2128 παρα-

267 2147 621 2218 κουσμάτων,
656 2149 766 2202 οὐδ’
806 2148 866 2213 ἐξ
890 2147 1063 2213 οὕτως
1113 2149 1353 2218 ἀγεννῶν
1383 2148 1696 2220 τεκμηρίων
1733 2164 1857 2201 συν-

270 2233 510 2306 ίστησιν.
539 2254 558 2286 ι
605 2237 804 2308 Ἐχρῆν
835 2238 890 2291 δὲ
933 2239 1116 2303 αὐτὸν,
1145 2239 1214 2293 τὰ
1241 2239 1676 2310 παρακούσματα
1709 2237 1860 2292 ἐκθέ-

274 2345 462 2396 μενον,
505 2329 743 2397 ἐλέγξαι,
779 2333 874 2384 καὶ
915 2331 984 2384 τὰ
1031 2333 1232 2403 ἀγεννῆ
1275 2334 1548 2404 τεκμήρια
1582 2332 1725 2403 λόγῳ
1755 2348 1858 2384 πα-

273 2421 572 2490 ραστῆσαι,
603 2421 668 2474 ἵν’
687 2422 814 2475 εἴτι
847 2424 1068 2478 πιθανὸν
1087 2424 1474 2493 ἐδόκειλέγειν,
1489 2427 1516 2478 ὁ
1539 2425 1860 2496 Χριστιανὸς

272 2509 648 2576 ἀγωνίσασθαι
678 2511 812 2583 πρὸς
845 2513 977 2566 αὐτὸ
1015 2513 1268 2584 πειραθῇ,
1300 2513 1394 2567 κα)⁷
1435 2514 1734 2586 ἀνατρέψαι
1768 2515 1860 2569 τδν

271 2602 456 2670 λόγον.
492 2601 670 2674 Ὅπερ
693 2603 749 2656 δὲ
770 2599 890 2657 εἷπε
909 2605 1036 2675 περὶ
1063 2603 1158 2657 τοῦ
1197 2604 1394 2676 Ἰησοῦ,
1428 2606 1706 2676 ἀπήντησε
1742 2608 1858 2677 μὲν,

271 2692 356 2754 ὡς
417 2694 546 2764 περὶ
594 2694 852 2764 μεγάλου,
887 2695 988 2749 οὐκ
1033 2695 1298 2766 ἐϐουλήθη
1337 2697 1394 2750 δὲ
1432 2697 1579 2760 ἰδεῖν,
1610 2698 1692 2750 ὅτι
1715 2697 1860 2750 τοῦτ’

273 2785 614 2856 ἀπήντησεν,
649 2787 754 2840 κᾶν
788 2788 899 2859 (71)
925 2791 959 2860 ἡ
987 2789 1244 2860 ἐνάργεια
1283 2790 1583 2860 παρίστησι
1614 2792 1741 2861 περὶ
1768 2791 1861 2843 τοῦ

285 2877 487 2947 Ἰησοῦ.
531 2898 549 2929 ι
601 2879 689 2942 Ὠς
741 2880 851 2951 γὰρ
900 2883 929 2935 ὁ
969 2881 1151 2952 ἥλιος,
1199 2881 1363 2953 φησὶ,
1413 2880 1594 2935 πάντα
1631 2880 1702 2935 τά
1727 2881 1861 2937 ἄλλα

1961 605 2048 649 ter
2097 597 2344 651 homines
2398 597 2688 651 adventum
2768 608 2797 647 a
2853 590 3137 662 prophetis
3204 587 3529 658 praedictum

1960 685 2150 740 fuisse.
2179 686 2523 756 Quapropter
2552 684 2742 740 inutile
2785 682 2955 737 fuerit
3000 679 3255 736 refellere
3305 679 3358 732 id
3388 675 3530 745 quod

1961 775 2115 831 [ictus
2139 777 2357 833 Judmus
2380 777 2529 830 addit
2561 793 2573 830 :
2607 795 2624 828 ι
2661 774 2762 842 Qui
2811 783 3070 828 venturus
3114 779 3216 836 est,
3249 784 3372 823 eum
3407 780 3533 836 pro-

1960 869 2135 938 pheta:
2171 881 2556 938 praspotentem
2580 867 2867 937 quemdam
2901 880 3103 932 regem,
3131 861 3392 916 universae
3425 869 3533 912 ter-

1961 977 2054 1024 rae,
2086 962 2327 1030 gentium
2349 961 2592 1016 omnium
2635 959 3079 1024 exercituumque
3118 953 3396 1008 dominum
3416 949 3532 1005 fore

1958 1052 2338 1121 pronuntiant.
2375 1070 2394 1103 ι
2423 1050 2575 1118 Quod
2602 1064 2730 1104 vero
2761 1048 3030 1119 sequitur,
3071 1063 3089 1096 ι
3125 1051 3231 1099 tam
3265 1039 3534 1113 pernicio-

1961 1159 2076 1196 sum
2107 1152 2314 1212 pestem
2345 1142 2412 1195 ab
2445 1142 2550 1196 illis
2591 1156 2694 1194 non
2731 1138 2896 1193 fuisse
2934 1135 3369 1207 prtenuntiatam,
3404 1151 3422 1184 ι
3445 1133 3532 1186 hic

1961 1251 2200 1304 agnosco
2252 1232 2561 1288 Judaeorunt
2611 1231 2976 1294 stomachum,
3031 1243 3140 1298 quo
3183 1225 3243 1281 lit
3285 1233 3344 1279 ut
3386 1222 3532 1278 nullo

1963 1338 2284 1396 argumento
2318 1326 2532 1381 nullave
2561 1323 2945 1395 probabilitate
2980 1321 3166 1377 Jesum
3196 1319 3528 1388 vituperent.

1961 1420 2071 1474 Nec
2095 1420 2240 1474 enim
2269 1415 2462 1483 Judaei,
2491 1432 2590 1470 nec
2617 1416 2824 1479 Celsus,
2849 1428 2948 1468 nec
2994 1411 3129 1465 alius
3159 1408 3383 1480 quilibet
3411 1421 3534 1477 pro—

1963 1512 2094 1565 bare
2121 1525 2359 1580 unquam
2402 1509 2604 1579 poterit
2632 1505 2990 1576 perniciosam
3023 1511 3228 1573 pestem
3245 1514 3368 1554 eum
3391 1512 3534 1561 esse,

1963 1602 2054 1671 qui
2103 1612 2183 1656 tot
2225 1601 2474 1655 homines
2513 1615 2546 1654 a
2571 1598 2826 1652 vitiorum
2878 1593 3125 1664 proluvie
3159 1598 3416 1646 avocato:
3465 1588 3535 1641 ad

1964 1693 2130 1746 vitam
2163 1703 2374 1746 natura:
2423 1699 2853 1745 consentaneam
2886 1695 2941 1739 et
2983 1681 3341 1753 temperantia
3379 1687 3537 1732 caete.

1967 1785 2148 1853 risque
2179 1783 2473 1838 virtutibus
2499 1790 2746 1835 ornatam
2773 1777 3075 1834 advocavit.

2034 1963 2124 2019 '50.
2149 1961 2362 2038 Adjecit
2400 1971 2456 2017 et
2489 1961 2594 2016 hoc
2620 1957 2810 2013 Celsus
2841 1975 2856 2011 :
2891 1974 2909 2007 ι
2947 1955 3116 2010 Nemo
3147 1951 3410 2023 ejusmodi
3457 1950 3537 2003 si-

1979 2056 2124 2126 gnis,
2156 2053 2702 2123 interpretationibus
2740 2064 2906 2120 prave
2944 2047 3190 2112 detortis,
3227 2053 3336 2098 tam
3365 2042 3539 2097 inani-

1964 2147 2066 2201 bus
2086 2146 2422 2217 argumentis
2445 2153 2500 2198 et
2527 2143 2692 2197 Deum
2724 2150 2778 2194 et
2809 2140 2900 2194 Dei
2932 2138 3127 2193 Filium
3157 2151 3278 2192 esse
3310 2139 3536 2191 demon-

1964 2237 2249 2292 straverit.
2291 2254 2310 2288 ι
2345 2233 2416 2289 Ut
2447 2248 2643 2303 pravas
2683 2232 2805 2287 illas
2840 2228 3314 2298 interpretationes
3346 2227 3536 2281 redar-

1964 2338 2183 2401 gueret,
2246 2329 2510 2384 adductas
2561 2327 2836 2398 oportuit;
2886 2324 3072 2379 debuit
3108 2332 3163 2378 et
3219 2320 3400 2375 inania
3449 2318 3540 2373 illa

1965 2433 2286 2492 argumenta
2326 2423 2611 2485 exhibere,
2667 2430 2724 2474 ut
2759 2419 2806 2474 si
2845 2417 2972 2487 quid
3021 2414 3304 2486 probabile
3348 2421 3538 2466 contra

1965 2513 2162 2569 all‘erre
2187 2514 2334 2568 visus
2361 2523 2528 2578 esset,
2565 2513 2617 2566 id
2650 2513 2969 2581 impugnare
2999 2507 3343 2563 Christianus
3361 2512 3538 2559 tenta-

1966 2616 2066 2670 ret,
2109 2617 2164 2660 et
2189 2621 2309 2674 qua:
2332 2604 2545 2673 objecta
2575 2603 2805 2658 fuissent
2831 2609 3096 2656 evertere.
3146 2598 3301 2665 Quod
3355 2605 3534 2649 autem

1965 2698 2030 2751 de
2059 2695 2185 2750 Jesu
2231 2697 2386 2760 dixit,
2427 2697 2678 2750 debuisse
2728 2695 2877 2749 illum
2919 2690 3349 2762 magnitudinem
3383 2702 3535 2741 suam

1963 2785 2276 2850 ostendere,
2309 2785 2362 2839 id
2391 2786 2600 2839 exitum
2639 2785 2868 2849 habuit;
2901 2785 2994 2837 sed
3030 2783 3080 2836 id
3123 2781 3307 2834 videre
3341 2776 3536 2837 noluit,

1963 2875 2261 2945 quamlibet
2276 2875 2616 2932 evidentibus
2636 2860 2975 2947 argumentis
2993 2881 3318 2927 astruatum
3344 2872 3542 2938 Queru-

1966 2971 2260 3026 admodutu
2316 2971 2439 3034 sol,
2483 2971 2659 3040 inquit
2687 3011 2702 3034 ,
2750 2986 2837 3025 res
2871 2983 3060 3024 omnes
3101 2967 3376 3019 illustrans
3423 2963 3537 3033 pri-

1967 3079 2114 3117 mum
2165 3080 2223 3120 se
2273 3065 2390 3134 ipse
2442 3065 2716 3129 ostendit;
2770 3064 2850 3117 sic
2900 3061 3186 3130 oportebat
3223 3059 3404 3112 facere
3441 3054 3535 3109 Dei

273 2964 533 3033 φωτίζων
584 2967 800 3039 πρῶτον
845 2968 1007 3022 αὑτὸν
1059 2969 1310 3024 δεικνύει·
1357 2969 1532 3033 οὕτως
1577 2971 1742 3041 ἐχρῆν
1767 2988 1864 3025 πε-

274 3058 566 3128 ποιηκέναι
617 3059 710 3112 τὸν
738 3059 866 3114 Υίὸν
911 3059 1006 3114 τοῦ
1047 3060 1202 3115 Θεοῦ.
1261 3081 1280 3113 ι
1332 3063 1594 3133 Εἴποιμεν
1639 3062 1702 3115 ἂν
1744 3059 1858 3128 οῦν,

274 3151 366 3203 ὅτι
399 3153 495 3204 καὶ
523 3151 850 3222 πεποίηκεν⁸
895 3169 914 3203 t
955 3151 1220 3207 Ἀνέτειλε
1249 3153 1358 3223 γὰρ
1386 3156 1446 3207 ἐν
1472 3156 1592 3216 ταῖς
1623 3153 1858 3226 ἡμέραις

1967 3153 2182 3208 Filium.
2232 3171 2250 3204 ι
2295 3153 2362 3207 Et
2422 3154 2552 3210 fecit
2627 3154 2844 3223 quidem
2892 3165 2907 3204 :
2957 3171 2974 3203 ι
3015 3148 3147 3206 Orta
3195 3160 3277 3203 est
3307 3150 3452 3203 enim
3484 3149 3536 3202 in

273 3241 448 3295 αὑτοῦ
504 3241 835 3314 δικαιοσύνη,
880 3243 973 3297 καὶ
1026 3244 1230 3316 πλῆθος
1289 3246 1511 3316 εἰρήνης
1561 3245 1802 3313 γέγονεν,
1836 3264 1855 3296 ι

1967 3247 2156 3302 diebus
2205 3245 2323 3316 ejus
2358 3246 2572 3314 iustitia
2614 3256 2668 3302 et
2721 3245 3054 3300 abundantia
3081 3240 3306 3313 pacis",
3331 3260 3348 3294 ι
3376 3240 3539 3309 idque

271 3332 584 3404 ἀρξάμενον
620 3333 730 3387 ἀπὸ
770 3334 873 3404 τῆς
921 3334 1187 3404 γενέσεως
1221 3335 1407 3400 αὑτοῦ,
1452 3333 1859 3406 εύτρεπίζοντος

1967 3339 2150 3392 statim
2175 3353 2241 3392 ac
2270 3346 2429 3394 natus
2455 3348 2558 3394 est.
2585 3338 2724 3392 Deus
2746 3337 2916 3399 enim,
2949 3352 3069 3391 cum
3102 3345 3292 3402 gentes
3322 3335 3387 3386 ad
3421 3332 3539 3398 eius

270 3422 374 3476 τοῦ
415 3423 553 3476 Θεοῦ
582 3427 648 3495 τῇ
676 3425 994 3498 διδασκαλίᾳ
1033 3426 1198 3482 αὑτοῦ
1233 3428 1301 3481 τὰ
1333 3426 1481 3496 ἔθνη,
1519 3427 1584 3479 ἶν’
1617 3426 1724 3480 ὑπὸ
1767 3427 1859 3480 ἕνα

1967 3432 2269 3487 doctrinam
2303 3431 2831 3502 praeparatasvellet,
2867 3430 3103 3502 providit
3127 3439 3183 3482 ut
3217 3428 3307 3482 uni
3341 3425 3541 3480 Roma-

272 3515 507 3585 γένηται
535 3515 643 3570 τῶν
677 3517 961 3588 Ῥωμαίων
997 3518 1239 3590 βασιλέα,
1267 3520 1362 3572 καὶ
1399 3519 1493 3589 μὴ,
1521 3518 1609 3574 διά
1637 3519 1699 3572 τὺ
1732 3537 1859 3592 προ-

1969 3541 2166 3581 norttm
2208 3526 2524 3596 imperatori
2561 3534 2820 3595 parerent
2854 3539 2869 3578 :
2907 3539 2997 3591 ne,
3043 3524 3089 3578 si
3140 3522 3324 3592 plures
3353 3528 3540 3576 essent

273 3607 445 3674 φάσει
470 3607 578 3661 τῶν
613 3609 823 3664 πολλῶν
850 3610 1134 3681 βασιλειῶν
1155 3611 1266 3682 (72)
1300 3611 1532 3682 ἄμικτον
1559 3610 1669 3666 τῶν
1695 3611 1859 3665 ἐθνῶν

1967 3633 2123 3688 reges
2149 3626 2449 3688 gentesque
2475 3627 2658 3673 essent
2683 3634 2711 3671 τι
2743 3631 2800 3672 se
2825 3616 3056 3671 invicem
3109 3615 3318 3678 alienae,
3349 3611 3542 3667 dillici-

275 3700 425 3770 πρὸς
459 3699 682 3771 ἄλληλα,
733 3702 1107 3774 χαλεπώτερον
1133 3705 1358 3777 γένηται
1394 3709 1508 3770 τοῖς
1548 3705 1859 3769 ἀποστόλοις

1967 3707 2070 3761 lius
2110 3707 2350 3777 Apostoli
2387 3715 2822 3777 exsequerentur
2871 3703 2948 3767 id,
2980 3702 3122 3773 quod
3170 3701 3276 3755 illis
3325 3716 3355 3753 a
3408 3695 3538 3753 Jesu

268 3789 376 3843 τοῦ
417 3791 592 3862 Ἰησοῦ
619 3793 683 3846 τὸ
709 3795 931 3865 ποιῆσαι
961 3795 1096 3869 ὅπερ
1131 3797 1460 3867 προσέταξεν
1480 3797 1661 3861 αὐτοῖς
1688 3799 1716 3850 ὁ
1759 3799 1863 3870 Ἰη-

272 3881 438 3946 σοῦς,
474 3882 672 3937 εἰπών·
713 3903 733 3937 t
779 3885 1142 3958 Πορευθέντες
1183 3888 1558 3960 μαθητεύσατε
1587 3889 1765 3943 πάντα
1796 3890 1863 3944 τά

267 3971 431 4044 ἔθνη.
475 3991 494 4025 ι
533 3975 642 4028 Καὶ
677 3976 849 4044 σαφές
893 3994 978 4045 γε,
1013 3979 1094 4032 ὅτι
1129 3980 1269 4034 κατὰ
1296 3981 1397 4053 τὴν
1417 3980 1726 4049 Αὐγούστου
1765 3980 1863 4050 βα-

273 4065 489 4120 σιλείαν
530 4070 560 4121 ὁ
611 4068 820 4138 Ἰησοῦς
851 4069 981 4141 (75)
1021 4073 1370 4143 γεγέννηται,
1425 4071 1520 4126 τοῦ
1552 4073 1639 4144 (ἵν’
1690 4072 1863 4136 οὕτως

268 4155 553 4228 ὀνομάσω)
598 4158 955 4228 δμαλίσαντος
985 4161 1074 4216 διὰ
1120 4164 1248 4233 μιᾶς
1280 4163 1555 4233 βασιλείας
1584 4165 1710 4228 τοὺς
1732 4164 1862 4219 πολ-

271 4246 408 4311 λοὺς
445 4247 552 4302 τῶν
582 4249 675 4303 ἐπὶ
705 4249 829 4320 γῆς.
860 4247 970 4306 Ἦν
1025 4253 1082 4306 δὲ
1123 4252 1190 4308 ἂν
1225 4254 1478 4326 ἐμπόδιον
1506 4254 1600 4308 τοῦ
1628 4254 1864 4326 νεμηθῆ-

1965 3809 2294 3868 praeceptum
2329 3799 2430 3853 fuit
2455 3800 2541 3854 his
2576 3799 2794 3852 verbis:
2828 3815 2846 3846 ι
2885 3797 3106 3858 Enntes,
3133 3794 3322 3848 docete
3348 3803 3538 3845 omnes

1966 3901 2157 3960 gentes
2184 3891 2252 3943 “.
2291 3909 2309 3942 ›
2339 3892 2515 3959 Atque
2543 3889 2710 3944 etiam
2741 3897 2954 3944 constat
2983 3886 3165 3941 Jesum
3203 3893 3387 3939 natum
3418 3893 3539 3936 esse

1967 3983 2066 4037 sub
2088 3983 2353 4052 Augusto,
2377 3982 2468 4052 qui
2501 3983 2552 4036 in
2578 3997 2740 4038 unum
2776 3995 3000 4050 regnum
3034 3978 3322 4031 maximam
3364 3973 3540 4028 horni-

1968 4088 2096 4126 num
2129 4073 2222 4140 qui
2252 4072 2304 4126 in
2342 4073 2476 4127 orbe
2511 4083 2778 4128 terrarum
2803 4069 3037 4138 dispersi
3062 4076 3208 4133 sunt,
3236 4062 3538 4120 multitudi-

1967 4180 2089 4218 nem
2116 4163 2285 4220 veluti
2336 4165 2770 4220 consociaverat.
2822 4161 3130 4232 Regnorum
3180 4160 3326 4214 enim
3359 4155 3538 4210 multi-

1970 4255 2096 4310 tudo
2143 4257 2529 4326 impedimcnto
2558 4255 2772 4318 fuisset,
2799 4252 3095 4321 quominus
3148 4250 3201 4304 in
3241 4258 3410 4303 totum
3446 4262 3540 4302 or-

271 4357 372 4394 ναι
405 4339 505 4411 τὴν
536 4341 710 4413 Ἰησοῦ
736 4342 1082 4397 διδασκαλίαν
1108 4347 1188 4407 είς
1214 4346 1393 4399 πᾶσαν
1415 4345 1513 4415 τὴν
1541 4347 1859 4418 οἰκουμένην

1967 4349 2088 4403 bem
2115 4347 2363 4405 doctrina
2387 4347 2515 4402 Jesn
2547 4347 3022 4402 disseminarelur.
3069 4341 3125 4395 ld
3153 4339 3384 4396 edicitur
3410 4351 3538 4393 cum

269 4432 346 4484 τὸ
367 4430 567 4495 πολλὰς
605 4428 744 4488 εἶναι
785 4433 1079 4504 βασιλείας,
1109 4435 1169 4487 ού
1204 4435 1361 4506 μόνον
1391 4436 1478 4489 διὰ
1509 4437 1578 4492 τὰ
1608 4455 1859 4510 προειρη-

1967 4453 2031 4495 ex
2065 4438 2134 4492 iis
2155 4453 2277 4508 qua:
2299 4437 2410 4507 jam
2451 4437 2713 4500 diximus,
2755 4447 2866 4490 tum
2921 4433 3045 4488 inde
3091 4430 3348 4493 maxime.
3390 4428 3539 4497 quod

275 4523 446 4594 μένα,
494 4523 633 4578 ἀλλά
658 4526 754 4580 καὶ
802 4524 891 4580 διά
921 4526 984 4580 τὸ
1015 4525 1420 4596 ἀναγκάζεσθαι
1470 4529 1859 4600 στρατεύεσθαι

1967 4544 2062 4601 pro
2086 4529 2276 4597 patriae
2309 4527 2624 4582 defensione
2651 4527 2792 4583 bella
2817 4525 3040 4596 gerendi
3073 4522 3370 4578 necessitas
3398 4520 3537 4576 fuis-

273 4616 377 4669 καὶ
409 4616 546 4686 ὑπὲρ
576 4616 686 4670 τῶν
718 4619 992 4692 πατρίδων
1025 4617 1280 4690 πολεμεῖν
1311 4620 1439 4684 τοὺς
1471 4621 1745 4693 πανταχοῦ
1769 4639 1782 4653 ο
1831 4623 1859 4675 ὃ

1967 4630 2087 4687 set;
2148 4627 2203 4674 ιιι
2251 4620 2412 4688 paulo
2455 4629 2584 4673 ante
2625 4617 2848 4688 Augusti
2891 4625 3134 4684 tempora
3177 4611 3540 4680 superiusque

269 4728 333 4762 τι
365 4709 574 4778 ἐγίνετο
603 4711 714 4782 (74)
740 4713 847 4785 πρὸ
887 4710 997 4764 τῶν
1035 4712 1350 4782 Αὐγούστου
1382 4713 1610 4784 χρόνων,
1651 4715 1744 4768 καὶ
1779 4715 1858 4768 ἐτι

1967 4714 2166 4768 factum
2215 4711 2416 4775 fuerat,
2446 4712 2667 4780 quando
2691 4751 2708 4776 ,
2742 4718 2810 4785 ut
2843 4706 3267 4777 Peloponnesios
3300 4703 3440 4756 inter
3481 4709 3539 4756 et

267 4817 344 4868 γε
380 4801 658 4871 ἀνωτέρω,
713 4781 802 4856 ὅτε
840 4820 906 4871 γε
954 4781 1240 4875 χρείαίῆν,
1295 4781 1859 4876 ὠςῊΪΙελοποννησίων

1967 4803 2346 4866 Athenienses,
2369 4803 2448 4858 sic
2477 4803 2622 4857 inter
2651 4800 2787 4855 alias
2803 4781 2995 4868 gentes
3016 4796 3213 4851 bellum
3245 4807 3369 4850 esse
3396 4806 3535 4862 Opus

270 4890 376 4944 καὶ
413 4889 710 4961 Ἀθηναίων
734 4887 871 4948 εἶναι
907 4893 1161 4964 πόλεμον,
1184 4893 1326 4947 οὕτω
1359 4893 1452 4947 καὶ
1490 4894 1692 4966 ἐτέρων
1724 4897 1858 4969 πρὸς

1967 4898 2088 4953 fuit.
2141 4896 2423 4966 Quomodo
2459 4894 2866 4966 igiturpacilica
2892 4892 3006 4945 hac
3028 4889 3297 4954 doctrina,
3321 4902 3442 4957 quae
3466 4899 3535 4942 ne

268 4981 521 5053 ἑτέρους.
557 4983 683 5048 Πῶς
734 4980 826 5039 οῦν
858 4979 968 5039 οἷόν
1015 5003 1075 5038 τε
1102 4981 1170 5056 ἦν
1203 4985 1301 5056 τὴν
1340 4986 1623 5058 εἰρηνικὴν
1654 4988 1858 5061 ταύτην

1967 4989 2310 5045 inimicorum
2340 4986 2558 5056 quidem
2611 4983 2841 5051 injurias
2877 4982 3068 5038 ulcisci
3120 4979 3408 5050 permittit,
3437 4990 3534 5045 po-

263 5074 646 5141 διδασκαλίαν,
691 5080 784 5134 καὶ
820 5078 954 5150 μηδὲ
995 5077 1223 5149 ἐχθροὺς
1265 5078 1664 5151 ἐπιτρέπουσαν
1713 5082 1857 5152 ἀμύ-

1969 5081 2166 5137 tuisset
2191 5078 2554 5144 invalescere,
2604 5077 2710 5133 nisi
2759 5085 2872 5132 toto
2901 5076 3032 5130 orbe
3071 5073 3337 5129 adventus
3368 5068 3533 5142 413

351 5190 398 5221 ³⁸
428 5189 575 5246 Psal.
603 5207 757 5256 uxr,
781 5191 834 5246 7.
909 5191 958 5224 ⁸⁸
982 5191 1174 5249 Matth.
1199 5207 1396 5257 xxvnt,
1432 5192 1523 5248 l9.

349 5322 464 5389 (67)
501 5322 844 5379 Hmschelius
877 5324 929 5378 in
957 5331 1132 5388 textu,
1158 5325 1450 5389 ποιεῖσθαι,
1488 5325 1645 5380 male.

351 5391 463 5465 (68)
498 5391 657 5465 Liltb.
692 5395 820 5447 editi
854 5395 921 5465 a_d
953 5396 1276 5465 marginem,
1309 5395 1747 5465 ἐπιδημήσαντα.

351 5462 467 5535 (69)
502 5462 631 5516 Κᾶν
676 5463 958 5530 πιθανῶς.
992 5462 1310 5535 Boherellus
1350 5462 1501 5535 legit,
1540 5462 1664 5520 κᾶν
1697 5465 1860 5520 πιθα-

266 5537 402 5607 γῆς1
428 5532 659 5607 Guiettts
697 5551 848 5598 vero,
881 5534 1288 5607 κᾶν-ἀπίθανος.
1456 5605 1464 5607 ξ

1967 5532 2114 5607 πριςί
2127 5533 2330 5607 ἄλληλα
2373 5533 2564 5607 δντων,
2593 5532 3132 5607 χαλεπώτερονίοιο.

349 5577 1331 5677 ζῆυἷὶξᾶἒῆτᾷτὲὶᾶἓτῗῖἐξὶοἶῖἔιὶἇῇἶη
1377 5605 1597 5677 videtur
1656 5607 1858 5677 κατηγο

1982 5577 2141 5677 λ’ἶὸ)
2185 5577 2288 5677 Pr‘o
2319 5607 2348 5657 ὁ
2393 5577 2627 5677 Ἰησοῦςῒ
2672 5577 3132 5677 ῌιιξεοιιέεἰίιι’ςονῖίῖ⁹
3168 5615 3316 5661 testu
3368 5605 3531 5660 habet

266 5669 486 5746 γειλαν,
546 5682 605 5726 ttt
649 5669 931 5730 ire-feratur
976 5675 1043 5728 ad
1092 5673 1389 5746 προφῆται.
1443 5674 1573 5732 Post
1621 5669 1858 5749 sequens

266 5745 422 5799 οὔτε.
453 5743 758 5798 addendum
790 5745 1005 5799 videtur
1024 5744 1154 5799 γάρ.

1967 5669 2152 5799 figas:
2205 5675 2271 5729 ad
2323 5669 2626 5746 marginem
2677 5670 2767 5746 ἧς,
2812 5677 2924 5746 sed,
2952 5685 3191 5746 utraque
3239 5677 3399 5734 lectio
3449 5676 3528 5732 vt-

1983 5763 1994 5799 1
2065 5781 2118 5798 ι.

266 5754 422 5804 οὔτε.
453 5754 758 5828 addendum
790 5754 1005 5827 videtur
1024 5754 1154 5826 γάρ.

345 5812 641 5886 (Ἡμιᾶν.
680 5813 840 5872 Deest
867 5831 920 5871 m
961 5817 1214 5873 omnibus
1245 5830 1375 5872 mss.

1967 5756 2144 5888 ιιθῗίῗί)
2175 5812 2329 5872 Libb.
2361 5815 2492 5874 editi
2517 5815 2582 5872 ad
2618 5816 2935 5888 marsinem’
2962 5815 3192 5887 ἐγένετο·

2033 5323 2148 5398 (7-2)
2191 5323 2374 5398 Codex
2403 5322 2625 5398 Regius,
2661 5323 2943 5398 βασιλέων.
2977 5323 3226 5398 _Gu_iet_tts
3272 5323 3535 5398 expungi}

1956 5393 2164 5458 τὸζδιά
2213 5393 2788 5466 cétquodpraacedit,
2837 5405 2892 5466 et
2947 5394 3201 5466 sicilegit
3251 5393 3407 5466 τήκει,
3453 5393 3530 5466 μὴ

1957 5465 2227 5536 προφάσει
2256 5463 2366 5536 τῶν
2378 5463 2594 5536 πολλῶν
2623 5463 2926 5536 βασιλειῶν,
2962 5463 3206 5536 ἀμίκτων
3231 5465 3340 5519 τῶν
3361 5463 3532 5520 ἐθνῶν
