3902 6414
522 366 623 423 851

1976 358 2293 416 ORIGENIS
3663 349 3744 405 852

525 481 678 547 Jesu,
734 478 962 551 placatis
1009 476 1227 542 animis,
1286 476 1507 532 dissidia
1538 475 1716 531 omnia
1759 475 2077 544 composuis-

2196 474 2401 538 νεσθαι,
2431 472 2719 544 κρατῆσαι,
2754 470 2800 523 εί
2849 468 2922 541 μὴ
2954 468 3023 522 τὰ
3062 466 3159 536 τῆς
3202 462 3532 535 οἰκουμένης
3558 464 3626 532 τῇ
3666 465 3745 536 Ἰη-

524 574 645 627 set?

588 752 676 807 51.
713 749 959 804 Posthazc
999 763 1121 802 cum
1162 745 1484 802 Christianis
1516 748 1839 815 expostulat,
1889 766 1907 797 ι
1944 747 2088 816 quod

519 839 777 909 captiosis
810 839 1039 907 argutiis
1089 838 1214 891 freti
1271 836 1466 890 Filium
1520 836 1614 890 Dei
1665 848 1914 892 asset-ant
1962 852 2089 905 pro-

517 933 693 1002 prium
736 946 857 985 esse
900 930 991 983 Dei
1031 930 1300 995 Verbum;
1334 948 1354 980 ι
1408 938 1670 998 putatque
1718 944 1779 982 se
1826 928 2089 982 crimina-

516 1024 650 1078 tioni
694 1023 802 1076 vim
854 1022 1076 1085 addere,
1122 1037 1246 1075 cum
1280 1022 1358 1075 ait
1414 1034 1535 1082 nos,
1575 1040 1593 1071 ι
1632 1036 1728 1087 pro
1768 1020 1949 1075 Verbo
2000 1021 2092 1077 illo

514 1130 650 1185 puro
684 1123 737 1169 et
769 1126 961 1169 sancto
1001 1116 1144 1183 quod
1180 1113 1377 1167 Filium
1415 1114 1506 1166 Dei
1542 1126 1662 1166 esse
1710 1112 2088 1180 praedicamus,

511 1208 771 1263 exhibere
802 1206 1295 1275 despicatissimum
1330 1206 1628 1270 hominem,
1663 1202 1846 1275 ﬂagris
1891 1220 2089 1259 etesum

509 1310 565 1353 et
606 1301 656 1353 in
694 1314 908 1355 crucem
948 1308 1149 1353 actum.
1176 1317 1193 1349 ι
1228 1296 1286 1350 lu
1327 1284 1710 1366 superioribus
1740 1296 1854 1364 jam
1897 1312 2090 1353 omnes

510 1390 614 1443 hac
642 1393 705 1444 de
743 1405 800 1444 re
834 1390 1156 1457 compendio
1205 1389 1432 1457 repulsa:
1463 1398 1587 1443 sunt
1627 1388 1770 1442 Celsi
1819 1390 2083 1442 crimina-

516 1478 711 1534 tiones.
763 1479 874 1534 lllic
910 1480 1053 1533 enim
1088 1489 1369 1533 ostensum
1408 1487 1491 1533 est
1533 1494 1731 1547 corpus
1763 1490 1815 1532 et
1850 1481 2087 1533 animam

512 1570 807 1623 humanam
864 1580 1114 1638 suscepta
1165 1570 1333 1624 fuisse
1366 1586 1395 1623 a
1451 1591 1470 1620 ‹
1501 1571 1866 1640 primogenito
1912 1572 2090 1626 omnis

512 1670 782 1716 creatum
804 1662 882 1727 ’5;
916 1680 934 1712 ι
982 1663 1036 1715 in
1087 1678 1267 1715 rerum
1317 1662 1477 1730 hujus
1529 1664 1717 1717 mundi
1776 1665 2089 1717 conditione

504 1752 740 1820 iussisse
774 1753 959 1813 Deum,
991 1752 1283 1820 statimque
1328 1750 1448 1805 illas
1481 1764 1690 1808 creatas
1732 1770 1887 1819 esse;
1932 1755 2087 1808 deni-

2194 566 2287 618 σοῦ
2322 564 2583 635 ἐπιδημίᾳ
2631 561 2990 633 μετεϐέϐλητο
3040 557 3314 629 πανταχοῦ
3349 557 3445 610 ἐπὶ
3471 556 3534 608 τὸ
3562 554 3747 627 ἡμερώ-

2188 673 2343 727 τερον
2375 656 2508 723 (75);

2260 746 2414 798 Μετά
2452 745 2624 799 ταῦτα
2673 747 3014 816 Χριστιανοῖς
3072 744 3312 813 ἐγκαλεῖ,
3358 760 3377 792 ¢
3424 741 3503 803 ώς
3565 738 3746 807 σοφιζο-

2194 836 2373 904 μένοις
2406 838 2463 889 ὲν
2501 836 2577 906 τῷ
2610 836 2783 903 λέγειν
2804 837 2893 889 τὸν
2926 835 3051 889 Υἱὺν
3083 834 3174 887 τοῦ
3205 833 3339 887 Θεοῦ
3370 828 3513 885 εἶναι
3543 830 3745 884 Αὐτολέ-

2191 944 2312 995 γονο
2353 946 2371 979 ι
2405 930 2501 982 καὶ
2540 928 2708 980 οἴεταί
2755 945 2815 995 γε
2863 926 3149 998 κρατύνειν
3190 925 3250 977 τὸ
3283 923 3575 992 ἔγκλημαο
3616 922 3743 986 ἐπεὶ,

2198 1038 2216 1068 ι
2246 1018 2412 1085 Λόγον
2453 1016 2907 1088 ἐπαγγελλόμενοι
2954 1016 3081 1068 Υἱὸν
3126 1010 3265 1067 εἶναι
3299 1012 3393 1065 τοῦ
3440 1011 3598 1074 Θεοῦ,
3631 1012 3747 1063 ἀποο

2190 1106 2474 1176 δείκνυμεν
2499 1106 2560 1157 οὐ
2589 1106 2759 1174 Λόγον
2796 1105 3033 1176 καθαρὸν
3075 1106 3166 1157 καὶ
3205 1104 3377 1171 ἆγιον,
3419 1102 3536 1154 ἀλλ’
3567 1100 3745 1173 ἀνθρω-

2193 1214 2295 1249 πον
2331 1196 2653 1266 ἀτιμότατον
2709 1196 2818 1265 (76)
2873 1194 3187 1264 ἀπαχθέντα
3237 1194 3332 1246 καλ⁵
3387 1193 3747 1261 ἀποτυμπανι-

2194 1288 2405 1341 σθέντα.
2431 1312 2449 1339 ι
2503 1289 2612 1339 Καὶ
2644 1289 2770 1359 περὶ
2796 1286 2985 1340 τούτου
3016 1286 3059 1338 δ’
3088 1288 3144 1338 ὲν
3170 1288 3280 1347 τοῖς
3308 1284 3592 1354 ἀνωτέρω,
3618 1283 3682 1345 ὡς
3704 1286 3749 1336 ὲν

2194 1382 2459 1449 ἐπιτομῇ,
2509 1381 2644 1451 πρὸς
2685 1380 2782 1442 τὰς
2823 1378 3029 1431 Κέλσου
3060 1378 3393 1448 κατηγορίας
3433 1376 3676 1446 εἴρηται·
3705 1376 3749 1427 ὲν

2192 1467 2273 1535 οἷς
2329 1472 2681 1525 ἀπεδείκνυτο
2730 1490 2747 1521 ι
2775 1473 2802 1523 6
2845 1472 3023 1541 πάσης
3080 1471 3310 1532 κτίσεως
3372 1468 3746 1539 πρωτότοκος»

2191 1561 2496 1632 ἀνειληφὼς
2528 1563 2684 1632 σῶμα
2724 1562 2816 1614 καὶ⁹
2847 1560 3023 1632 ψυχὴν
3073 1560 3421 1632 ἀνθρωπίνην
3442 1577 3455 1590 ·
3496 1560 3593 1612 καλ¹
3632 1560 3749 1611 ὄτιὸ

2191 1655 2323 1717 Θεὸς
2376 1654 2675 1706 ἐνετείλατο
2710 1652 2971 1722 περὶτῶν
3019 1652 3284 1705 τοσούτων
3319 1654 3375 1704 ὲν
3422 1651 3634 1721 κόσμῳ,
3675 1653 3749 1703 καὶ

2192 1746 2441 1815 ἐκτίσθηο
2481 1746 2574 1799 καὶ
2610 1746 2690 1798 ὅτι
2720 1747 2747 1797 6
2779 1745 2876 1814 τὴν
2921 1743 3137 1814 ἐντολὴν
3171 1742 3350 1797 λαϐὼν
3377 1745 3407 1795 6
3434 1742 3571 1805 Θεὸς
3608 1742 3749 1809 Λόγος

509 1863 613 1913 que
652 1846 819 1899 Deum
855 1845 1092 1899 Verbum
1134 1844 1321 1909 fuisse,
1366 1847 1457 1914 qui
1506 1848 1817 1901 mandatum
1856 1863 2077 1916 accepe«

2188 1834 2277 1908 ἦν.
2306 1840 2414 1890 Καὶ
2436 1840 2556 1891 ἐπεὶ
2593 1838 2838 1900 Ἰουδαῖός
2866 1838 3010 1889 ἐστιν
3036 1839 3063 1889 6
3093 1837 3241 1906 παρὰ
3273 1834 3351 1906 τῷ
3376 1836 3577 1904 Κέλσῳ
3604 1835 3750 1887 ταῦτα

510 1934 602 1985 rit.
635 1934 904 1999 Quoniam
952 1951 1081 1989 vero
1115 1935 1332 1991 Judaeus
1371 1946 1450 1992 est
1498 1940 1587 2007 qui
1622 1940 1738 1994 hate
1779 1942 1922 2010 apud
1968 1940 2089 1993 Cel-

509 2038 629 2078 sum
661 2024 809 2089 dicit,
847 2042 951 2080 non
988 2028 1221 2081 alienum
1262 2027 1424 2082 fuerit
1461 2029 1538 2083 uti
1586 2031 1900 2086 testimonio
1932 2032 2088 2101 cujus

508 2129 671 2183 supra
720 2118 942 2170 metuini
982 2135 997 2169 :
1037 2136 1054 2167 ι
1096 2117 1238 2171 Misit
1275 2116 1511 2172 Verbum
1562 2135 1743 2185 suum,
1772 2129 1827 2175 et
1878 2125 2091 2175 sanavit

508 2220 625 2270 eos,
672 2215 727 2259 et
771 2207 972 2275 eripuit
1024 2224 1120 2261 eos
1170 2223 1197 2261 a
1253 2209 1699 2278 corruptiouibus
1756 2225 1944 2265 eorum
1969 2212 2080 2264 ⁸⁸.»

508 2294 663 2361 Quod
711 2305 891 2350 autem
926 2298 1110 2352 Celsus
1160 2314 1403 2368 personae
1444 2298 1613 2354 ιιιάιεί
1665 2301 1926 2369 assignat,
1963 2319 2084 2356 eum

506 2386 587 2441 sic
656 2386 962 2456 loquentem
1034 2390 1297 2444 inducens
1352 2407 1366 2443 :
1431 2408 1449 2441 ι
1497 2392 1552 2444 Si
1628 2389 1862 2445 Verbum
1930 2394 2085 2448 vobis

504 2486 587 2533 est
638 2478 804 2533 Filius
866 2478 992 2547 Dei,
1056 2480 1388 2533 assentimur
1432 2491 1487 2535 et
1535 2495 1663 2546 nos;
1695 2499 1712 2531 ›
1761 2482 1813 2535 id
1860 2498 1888 2535 a
1938 2483 2084 2537 nullo

508 2584 744 2639 unquam
803 2569 988 2624 .ludzeo
1045 2571 1259 2635 audivi,
1308 2574 1557 2641 quamvis
1616 2587 1737 2625 cum
1785 2573 1967 2627 multis
1999 2590 2084 2627 eo-

506 2676 657 2725 rum,
698 2662 788 2730 qui
832 2677 889 2715 se
940 2664 1214 2732 sapientes
1255 2664 1568 2732 venditant,
1604 2664 1931 2737 colloquium
1988 2668 2083 2721 ha~

503 2753 735 2808 buerim.

578 2844 669 2901 '52.
706 2845 824 2900 Jan]
862 2855 988 2901 ante
1019 2846 1225 2903 dictum
1258 2855 1339 2903 est
1369 2848 1552 2904 Jesum
1586 2866 1683 2904 nec
1710 2860 2077 2918 arrogantem,

504 2952 605 2992 nec
635 2940 1089 3009 prastigiatorcm
1123 2956 1244 2995 esse
1292 2956 1480 3010 posse;
1532 2943 1757 3013 proinde
1813 2941 1946 2996 nihil
1984 2956 2079 2994 ne-

502 3043 656 3085 cesse
701 3042 786 3086 est
832 3033 1020 3086 eadem
1054 3033 1143 3087 hic
1199 3045 1466 3103 repetere,
1505 3050 1569 3087 ne
1615 3036 1803 3089 eadem
1860 3050 2078 3103 semper

499 3122 786 3176 occinente
815 3122 996 3186 Celso,
1034 3124 1224 3177 eadem
1257 3133 1310 3177 et
1351 3140 1449 3178 nos
1489 3139 1705 3192 semper
1735 3125 2071 3179 occinamus.

504 3211 641 3267 Hinc
675 3212 1042 3282 genealogiam
1091 3214 1445 3283 aggreditur:
1489 3214 1578 3267 ubi
1622 3214 1822 3267 nullam
1855 3214 2074 3268 omnino

507 3304 839 3358 mentionem
873 3304 1004 3358 facit
1048 3319 1235 3359 eorum
1271 3319 1389 3373 qua:
1414 3304 1511 3356 vel
1555 3305 1696 3373 apud
1732 3304 2077 3361 Christianos

506 3396 560 3449 in
592 3396 1021 3449 controversiam
1054 3405 1339 3460 vocantur,
1379 3410 1609 3464 (iuratque
1639 3411 1702 3449 ex
1737 3398 2078 3467 genealogia-

505 3500 624 3538 rum
658 3485 802 3540 inter
834 3502 893 3539 se
927 3487 1297 3557 discrepantia
1340 3487 1547 3541 ducunt
1577 3487 1818 3540 nonnulli
1857 3497 1913 3542 et
1944 3489 2077 3543 vitio

504 3584 747 3633 vertunt.
798 3576 1004 3646 Quippe
1051 3578 1135 3631 sui
1192 3586 1503 3632 ostentator
1568 3575 1657 3631 ille
1723 3577 1915 3632 Celsus
1976 3582 2065 3649 qui

504 3667 943 3724 Christianorum
1013 3672 1196 3726 omnia
1258 3684 1317 3724 se
1395 3671 1540 3724 scire
1607 3670 1915 3739 proﬁtetur,
1976 3689 2075 3726 nc-

503 3759 712 3814 sciebat
752 3760 1109 3830 prudentere
1157 3760 1460 3829 Scriptnris
1516 3762 1808 3830 decerpere
1856 3780 1973 3831 quze
2022 3767 2073 3818 in

503 3849 728 3904 dubium
798 3860 1101 3906 revocaret.
1150 3852 1242 3906 Ait
1294 3853 1478 3921 itaque
1532 3870 1551 3904 ε
1583 3854 1744 3909 nimis
1783 3857 2076 3913 insolenter

503 3940 682 4008 egisse
720 3956 837 4007 eos,
873 3943 966 4007 qui
1000 3944 1379 4013 genealogiam
1427 3942 1555 3998 Jesu
1591 3953 1898 4014 texuerunt,
1947 3964 2071 4004 cum

503 4032 653 4087 iilum
685 4048 715 4087 a
745 4035 919 4103 primo
946 4034 1166 4089 homine
1194 4034 1615 4106 Judacorumque
1646 4038 1866 4107 regibus
1893 4041 2077 4094 oriun-

502 4128 630 4181 dum
676 4141 797 4182 esse
833 4128 1204 4198 scripserunt;
1238 4146 1256 4178 ι
1297 4138 1351 4183 et
1404 4137 1686 4183 strenuum
1737 4130 1939 4199 aliquid
1986 4132 2071 4185 af-

501 4219 645 4275 ferre
680 4235 739 4276 se
766 4230 941 4291 putat,
984 4236 1109 4276 cum
1147 4222 1263 4275 ait:
1304 4240 1321 4273 α
1352 4219 1536 4290 Neque
1578 4222 1719 4277 fabri
1754 4238 1890 4277 uxor
1926 4234 2072 4279 lauto

500 4324 703 4381 genere
734 4321 910 4367 ortam
946 4327 1006 4368 se
1056 4313 1385 4381 ignorasset.
1416 4332 1433 4364 ›
1481 4312 1618 4379 Quid
1666 4316 1768 4369 hoc
1804 4316 1870 4370 ad
1911 4317 2073 4371 rem?

499 4405 653 4471 Esto,
702 4420 810 4461 non
864 4406 1191 4474 ignorasset.
1225 4404 1364 4472 Quid
1414 4406 1513 4460 hoc
1551 4419 1742 4461 contra
1788 4409 1923 4463 nos?
1963 4409 2071 4463 Fac

2192 1929 2384 1997 λέγων,
2414 1930 2514 1982 οὐκ
2561 1931 2778 1992 ἀτόπως
2817 1928 3132 2000 χρησόμεθα
3178 1928 3275 1998 τῷ,
3332 1947 3349 1978 ι
3392 1928 3747 1994 Ἑξαπέστειλε

2188 2024 2278 2074 τὸν
2317 2024 2486 2091 Λόγον
2533 2022 2719 2087 αὑτοῦ,
2756 2024 2848 2074 καί
2899 2022 3085 2075 ἰάσατο
3122 2022 3338 2083 αὐτοὺς,
3368 2022 3466 2073 καὶ
3507 2021 3751 2093 ἐρρύσατο

2189 2116 2383 2178 αὐτοὺς
2409 2118 2471 2167 ἐκ
2504 2116 2611 2167 τῶν
2640 2114 2941 2185 διαφθορῶν
2983 2113 3187 2167 αὐτῶνο
3215 2132 3232 2163 ι
3271 2105 3332 2165 οῦ
3376 2113 3473 2165 καὶ
3517 2112 3752 2182 ἀνωτέρω

2188 2207 2556 2277 ἐμνήσθημεν.
2600 2206 2740 2273 Ἐγὼ
2765 2206 2841 2269 δὲ,
2876 2206 2970 2258 καὶ
3000 2204 3213 2267 πολλοῖς
3251 2203 3528 2265 Ἰουδαίοις
3568 2202 3657 2255 καὶ
3684 2219 3751 2255 σο-

2188 2303 2305 2368 φοῖς
2354 2317 2417 2367 γε
2470 2298 2956 2369 ἐπαγγελλομένοις
3009 2292 3144 2349 εἶναι
3202 2294 3518 2365 συμϐαλὼν,
3562 2293 3749 2357 οὐδενὸς

2186 2394 2396 2461 ἀκήκοα
2430 2390 2775 2453 ἐπαινοῦντος
2818 2390 2897 2452 τὸ,
2940 2410 2957 2440 ι
2990 2389 3159 2455 Λόγον
3194 2386 3331 2440 εἶναι
3372 2388 3467 2439 τὸν
3504 2387 3627 2439 lii?”
3672 2386 3748 2438 τοῦ

2185 2483 2344 2547 Θεοῦ,
2374 2504 2391 2534 ι
2428 2484 2503 2546 ὡς
2544 2485 2573 2535 6
2606 2470 2811 2545 Κέλσος
2850 2482 3065 2554 εἴρηκεο
3102 2484 3195 2534 καὶ
3242 2480 3404 2534 τοῦτο
3455 2480 3750 2551 περιάκτων

2182 2576 2260 2645 τῷ
2296 2575 2389 2628 τοῦ
2432 2574 2679 2627 Ἰουδαίου
2729 2574 3022 2645 προσώπῳ,
3065 2574 3353 2642 λέγοντος·
3384 2574 3461 2636 ὡς
3507 2592 3525 2623 ι
3550 2574 3615 2625 Εἴ
3645 2588 3697 2639 γε
3727 2574 3751 2623 6

2183 2669 2351 2736 Λόγος
2400 2667 2548 2720 ἐστὶν
2582 2667 2708 2737 ὑμῖν
2741 2668 2867 2730 Υἱὸς
2912 2666 3003 2719 τοῦ
3049 2665 3204 2731 Θεοῦ,
3251 2666 3346 2718 καὶ
3398 2663 3563 2739 ἡμεῖς
3612 2667 3748 2718 ἐπαι-

2182 2755 2399 2827 νοῦμεν.
2427 2778 2445 2809 ι

2252 2850 2580 2920 Προείρηται
2627 2848 2671 2899 δ’
2723 2850 2892 2918 ἡμῖν,
2943 2848 3023 2901 ὅτι
3072 2844 3184 2897 οὔτ’
3227 2843 3444 2908 ἀλαζὼν
3479 2842 3599 2895 οὔτε
3632 2842 3747 2909 γόης

2179 2938 2400 2992 δύναται
2422 2935 2555 2991 εἶναι
2578 2943 2606 2993 6
2632 2938 2836 3009 Ἰησοῦς
2857 2956 2869 2967 ·
2899 2938 2977 2991 διὸ
3005 2939 3103 2990 οὐκ
3125 2938 3425 3004 ἀναγκαῖον
3446 2934 3743 3002 ἐπαναλαμ-

2182 3031 2362 3083 ϐάνειν
2406 3030 2472 3083 τὰ
2522 3030 2807 3103 εἰρημένα,
2851 3030 2936 3081 ἵνα
2982 3026 3054 3098 μὴ
3086 3028 3224 3099 πρὸς
3257 3026 3360 3088 τὰς
3412 3014 3745 3093 ταυτολογίας

2180 3119 2386 3172 Κέλσου
2428 3121 2521 3172 καὶ
2567 3122 2725 3190 ἡμεῖς
2772 3116 3179 3186 ταυτολογῶμεν
3217 3116 3350 3185 (77).
3395 3113 3659 3183 Ἐγκαλῶν
3696 3112 3745 3163 δὲ

2182 3216 2247 3283 τῇ
2279 3212 2617 3282 γενεαλογίᾳ,
2646 3211 2713 3264 τὰ
2754 3210 2849 3281 μὲν
2880 3210 2974 3263 καὶ
3003 3209 3153 3279 παρὰ
3191 3209 3538 3279 Χριστιανοίς
3575 3205 3746 3274 ζητοὺ-

2183 3319 2337 3373 μενα,
2365 3302 2457 3355 καὶ
2488 3303 2590 3355 ὑπό
2626 3320 2783 3355 τινων
2812 3302 2886 3364 ώς
2912 3300 3232 3371 ἐγκλήματα
3269 3300 3651 3369 προσαγόμενα
3681 3299 3740 3366 τῇ

2179 3392 2441 3463 διαφωνία
2486 3394 2592 3445 τῶν
2624 3392 2998 3461 γενεαλογιῶν,
3046 3391 3295 3463 οὐδαμῶς
3344 3392 3635 3461 ὠνόμασεν.
3674 3388 3743 3440 Οὐ

2177 3486 2284 3555 γὰρ
2310 3486 2424 3556 ᾔδει
2450 3489 2477 3538 ό
2504 3487 2578 3549 ὡς
2624 3486 2836 3555 ἀληθῶς
2868 3484 3082 3549 ἀλαζὼν
3119 3484 3327 3547 Κέλσος
3370 3484 3461 3536 καὶ
3493 3480 3744 3549 ἐπαγγελ-

2178 3579 2399 3649 λόμενος
2426 3578 2621 3631 εἰδέναι
2649 3580 2826 3631 πάντα
2860 3578 2927 3630 τὰ
2952 3577 3293 3648 Χριστιανῶν
3321 3576 3595 3645 φρονίμως
3622 3576 3745 3625 ἐπα-

2179 3673 2415 3743 πορῆσαι
2461 3675 2524 3742 τῇ
2580 3672 2788 3741 Γραφῇ.
2831 3671 2967 3741 Φησὶ
3014 3670 3072 3722 δὲ
3125 3668 3580 3740 «ἀπηυθαδῆσθαι
3627 3666 3743 3726 τοὺς

2176 3765 2669 3835 γενεαλογήσαντας
2694 3762 2799 3815 ἀπὸ
2824 3762 2915 3815 τοῦ
2954 3761 3169 3833 πρώτου
3200 3760 3399 3829 φύντος
3427 3763 3520 3814 καὶ
3548 3760 3650 3812 τῶν
3686 3760 3743 3811 ὲν

2190 3857 2459 3919 Ἰουδαίοις
2491 3855 2747 3925 βασιλέων
2773 3855 2862 3907 τὸν
2909 3854 3132 3924 Ἰησοῦν.
3159 3874 3177 3906 ι
3220 3855 3330 3907 Καὶ
3364 3854 3532 3906 οἴεταί
3558 3870 3605 3905 τι
3634 3854 3743 3905 εἰσ-

2178 3948 2363 4018 φέρειν
2408 3950 2671 4015 γενναῖον,
2701 3948 2780 3998 ὅτι
2830 3945 2985 3996 «Οὐκ
3027 3944 3093 3998 ἂν
3123 3946 3156 4015 ἡ
3185 3942 3279 3996 τοῦ
3324 3944 3569 4006 τέκτονος
3611 3942 3741 4011 γυνὴ

2176 4040 2488 4111 τηλικούτου
2545 4040 2733 4108 γένους
2791 4038 3134 4108 τυγχάνουσα
3206 4038 3413 4107 ἠγνόει.
3444 4057 3467 4088 ›
3525 4037 3585 4088 Τί
3636 4037 3741 4104 γὰρ

2176 4133 2331 4185 τοῦτο
2370 4133 2504 4201 πρὸς
2550 4132 2641 4182 τὸν
2684 4130 2869 4197 λόγους
2914 4130 3124 4191 Ἔστω,
3176 4129 3257 4181 ὅτι
3309 4130 3409 4181 οὐκ
3454 4128 3655 4198 ἠγνόει·
3688 4124 3741 4175 τί

2176 4225 2334 4277 λυπεῖ
2360 4223 2443 4290 ,τά
2494 4208 2860 4292 προκείμενα;
2923 4221 3058 4274 Ἀλλ’
3110 4221 3400 4289 ἀγνοείτω’
3450 4219 3619 4281 πόθεν,
3656 4219 3739 4269 ὅτι

2176 4317 2378 4385 ἠγνόει,
2406 4316 2506 4368 οὐκ
2546 4313 2612 4385 ἦν
2639 4315 2743 4367 ἀπὸ
2773 4314 2867 4367 τοῦ
2907 4312 3122 4385 πρώτου
3153 4312 3473 4384 ἀνθρώπου;
3515 4312 3601 4363 καὶ
3640 4308 3738 4361 οὐκ

2175 4409 2404 4479 ἀνήγετο
2442 4408 2609 4478 αὐτῆς
2634 4408 2693 4459 τὸ
2730 4406 2885 4475 γένος
2918 4407 3011 4459 ἐπὶ
3042 4406 3169 4469 τοὺς
3195 4407 3251 4459 ὲν
3290 4404 3555 4466 Ἰουδαίοις
3589 4401 3735 4472 βασι-

499 4497 800 4563 ignorasse.
858 4496 1068 4551 llincne
1122 4496 1388 4565 sequitur,
1442 4505 1573 4551 uta
1624 4498 1798 4567 primo
1851 4499 2067 4554 homine

2188 4499 2499 4563 tauaavwg;
2532 4500 2599 4553 Ἣ
2647 4499 2939 4566 ἀναγκαῖον
2982 4497 3150 4550 οἴεται
3182 4500 3210 4551 6
3242 4498 3447 4560 Κέλσος
3482 4496 3601 4557 τοὺς
3641 4508 3733 4543 πε-

500 4604 657 4644 suam
692 4606 799 4645 non
834 4589 995 4644 ducat
1038 4588 1340 4659 originem?
1366 4598 1424 4643 ut
1458 4604 1585 4645 suos
1616 4590 1829 4645 natales
1873 4592 1940 4646 ad
1978 4592 2073 4646 Ju-

500 4680 737 4735 daeorum
784 4696 937 4751 reges
972 4694 1078 4734 non
1135 4678 1383 4734 referat?
1441 4680 1675 4735 Putatne
1724 4680 1916 4736 Celsus
1971 4700 2069 4737 ne-

501 4786 652 4826 cesse
685 4786 829 4837 esse,
876 4780 936 4825 ut
984 4785 1252 4841 pauperes
1298 4784 1327 4823 a
1377 4771 1707 4838 pauperibus
1734 4775 2067 4840 parentibus,

499 4875 656 4929 reges
699 4877 728 4913 a
773 4862 990 4930 regibus
1046 4860 1380 4916 nascantur?
1432 4860 1573 4928 Ergo
1621 4862 1674 4915 in
1728 4862 1814 4917 bis
1867 4863 2070 4919 diutius

499 4950 775 5004 immorari
837 4966 1299 5019 supervacaneum
1360 4951 1618 5016 videtur,
1665 4967 1787 5006 cum
1859 4956 2068 5024 perspi-

495 5056 657 5095 cuum
688 5042 759 5095 sit
789 5041 952 5096 etiam
1003 5051 1191 5097 nostra
1240 5053 1399 5098 :etate
1428 5058 1496 5098 ex
1540 5044 1795 5098 divitibus
1842 5044 2068 5100 illustri-

497 5134 706 5201 busque
737 5135 1057 5203 parentibus
1110 5145 1268 5190 natos
1295 5149 1417 5191 esse
1444 5138 1707 5205 quosdam
1742 5136 1908 5190 Maria
1936 5152 2069 5206 pau-

2169 4590 2451 4660 νεστέρους
2480 4592 2543 4642 ὲκ
2577 4591 2791 4643 πάντων
2825 4590 3162 4660 πενεστέρων
3206 4590 3482 4660 προγόνων
3508 4588 3609 4656 (78)
3641 4598 3731 4650 γε-

2167 4683 2414 4749 γονέναι,
2456 4681 2487 4750 ἢ
2533 4684 2657 4744 τοὺς
2717 4680 2951 4751 βασιλεῖς
2995 4684 3059 4735 ἐκ
3106 4680 3401 4749 βασιλέων;
3443 4675 3727 4749 Διατρίεειν

2167 4767 2259 4823 οὖν
2293 4773 2420 4842 περὶ
2455 4772 2545 4824 τὸν
2587 4772 2742 4839 λόγον
2774 4772 2920 4824 δοκεῖ
2966 4789 3055 4842 μοι
3099 4767 3236 4824 εἶναι
3276 4773 3530 4841 μάταιον;
3574 4782 3730 4836 φανε-

2171 4863 2265 4935 ροῦ
2313 4865 2481 4929 ὄντος,
2524 4866 2604 4918 ὅτι
2635 4865 2729 4917 καὶ
2769 4864 2910 4917 κατὰ
2940 4866 3065 4928 τοὺς
3087 4865 3389 4936 ἡμετέρους
3420 4864 3626 4935 χρόνους
3662 4861 3729 4910 ἐκ

2177 4954 2446 5008 πλουσίων
2485 4958 2577 5010 καὶ
2626 4954 2850 5020 ἐνδόξων
2896 4956 3149 5024 γεγόνασί
3193 4972 3338 5019 τινες
3382 4956 3475 5025 τῆς
3521 4951 3729 5021 Μαρίας

2178 5048 2511 5119 πενέστεροι,
2538 5050 2631 5101 καὶ
2657 5048 2714 5112 ἐξ
2744 5048 3122 5119 ἀσημοτάτων,
3150 5046 3436 5118 ἡγούμενοι
3457 5043 3611 5099 ἐθνῶν
3634 5040 3727 5092 καὶ

2175 5139 2433 5207 βασιλεῖς,

496 5228 776 5296 periores;
805 5236 859 5281 et
898 5242 964 5282 ex
999 5229 1429 5299 ignobilissimis,
1465 5229 1631 5285 duces
1658 5238 1713 5286 et
1754 5246 1908 5295 reges
1934 5232 2194 5301 gentium.

567 5320 657 5375 55.
706 5340 723 5372 ι
749 5321 885 5388 Quid
921 5320 1151 5391 insigne,
1182 5322 1379 5391 inquit,
1410 5323 1537 5379 fecit
1581 5323 1739 5380 Jesus
1768 5340 1877 5393 quo
1909 5323 2051 5378 Deus

569 5455 617 5488 "
647 5454 855 5510 Coloss.
892 5473 929 5521 ι,
958 5457 1046 5510 l5.
1120 5459 1164 5487 '°
1213 5457 1356 5513 i’sal.
1401 5475 1507 5523 cvr,
1539 5461 1630 5515 20.

723 5596 888 5673 lidem
919 5596 970 5650 in
1006 5599 1266 5673 margine,
1298 5600 1582 5673 ἡμέτερον.

595 5665 684 5741 7_t_i)
724 5665 1152 5741 Quatuor-codd.
1190 5665 1834 5741 mssfﬂeg:Basilcensis
1867 5682 1919 5727 et
1955 5674 2061 5728 duo

501 5734 799 5805 Anglibani.
830 5737 1148 5805 ἀτιμότατα.

571 5804 681 5878 (Π)
716 5804 1301 5879 Ταυτολογιῖιμενηδὶε
1322 5823 1510 5868 omnes
1532 5824 1661 5868 mss.
1682 5812 1881 5869 rectius
1900 5827 2061 5881 quam

2238 5347 2255 5377 ι
2292 5328 2354 5382 Τί
2382 5328 2460 5391 δὲ,
2516 5331 2665 5402 φησι,
2702 5331 2795 5384 καὶ
2858 5334 3100 5399 γενναῖον
3162 5331 3384 5402 ἔδρασεν
3428 5321 3531 5380 οἷον
3572 5320 3716 5385 Θεὸς»

2172 5604 2418 5671 impressi
2451 5608 2571 5659 libri
2584 5650 2596 5665 .
2623 5606 3067 5676 ταυτολογοῦμεν.

2240 5662 2351 5744 (78)
2392 5662 2721 5743 Προγώοων.
2768 5662 3171 5732 Βεόιεόηιιιρε
3201 5675 3354 5732 codd.
3388 5686 3530 5737 mss.,
3568 5662 3708 5721 male

2168 5761 2297 5802 vero
2328 5748 2457 5803 libb.
2487 5748 2693 5815 excusi,
2724 5746 3027 5815 ἀπογόνων.
