3902 6414
507 321 617 376 855

1986 320 2308 378 ORIGENIS

3667 325 3750 383 850

502 437 721 492 vincula
771 438 1122 502 dissolvente,
1178 454 1457 510 egressum
1511 440 1712 507 fuisse;
1749 449 1804 495 et
1850 441 2074 496 Paulum

2188 438 2386 510 Πέτρος
2420 434 2699 508 δεδεμένος
2731 439 2789 492 ἐν
2823 437 3060 509 φυλακῇ,
3086 435 3320 506 ἀγγέλου
3351 435 3620 499 λύσαντος
3649 441 3749 501 τοὺς

503 544 628 582 cum
667 529 782 584 Sila
826 530 1092 600 Philippis
1124 531 1176 585 in
1229 533 1364 588 urbe
1399 533 1726 592 Macedonia:
1748 535 1816 601 ⁸⁸,
1848 550 1971 589 cum
2017 535 2081 587 li-

504 635 612 688 gno
653 621 1076 692 stt-ingerentur,
1118 624 1303 678 divina
1342 634 1614 694 potestate
1651 626 1857 681 solutos
1888 626 2078 692 fuisse,

503 719 797 780 portasque
840 714 1078 768 Carceris
1116 713 1279 769 fuisse
1327 716 1655 786 patefactas.
1690 718 1890 774 Verum
1941 719 2076 783 lucc,

501 799 717 868 opinor,
749 801 959 856 deridet
996 803 1203 870 Celsus,
1250 813 1344 858 aut
1377 805 1557 876 ignota
1609 823 1833 876 prorsus
1880 809 1954 863 illi
1997 818 2080 864 est

436 936 453 953 ,
501 891 616 946 ιιωο
650 892 899 947 historia.
939 893 1192 964 Alioquin
1249 897 1394 952 haud
1444 899 1609 954 dubie
1663 901 1895 956 dixisset
1933 918 2075 970 pra:-

499 983 813 1052 stigiatores
844 1001 967 1042 esse
999 989 1259 1056 quosdam
1292 990 1386 1060 qui
1437 991 1907 1047 incantationibus
1959 995 2076 1048 vin-

497 1072 616 1125 cula
670 1073 1037 1145 disrumpant,
1075 1090 1130 1132 et
1179 1077 1325 1135 fores
1377 1090 1672 1138 reserent:
1709 1084 1963 1138 nimirum
2021 1095 2077 1139 ut

494 1159 660 1234 415
695 1166 951 1221 suaderet
988 1182 1075 1232 ea,
1108 1183 1227 1234 quas
1251 1171 1393 1238 apud
1439 1186 1536 1224 nos
1571 1181 1891 1237 narrantur,
1945 1175 2077 1229 nihil

496 1252 704 1309 habere
731 1271 898 1327 supra
931 1259 1396 1330 przesngiatorum
1429 1272 1595 1318 artes.
1632 1283 1652 1315 ι
1692 1264 1800 1318 Sed
1833 1280 2008 1336 neque
2033 1266 2076 1320 is

495 1345 587 1414 qui
631 1347 782 1402 illtnn
816 1350 1245 1416 condemnavit,
1305 1355 1518 1424 inquit,
1561 1355 1857 1426 quidquam
1886 1374 2076 1427 passus

494 1447 599 1498 est,
636 1439 943 1514 cujusmodi
973 1441 1271 1511 Pentheus,
1303 1446 1395 1516 qui
1422 1447 1475 1501 in
1511 1446 1758 1503 furorem
1796 1465 1990 1504 versus
2021 1459 2077 1502 ct

494 1527 827 1587 dilaceratus
863 1542 969 1589 est.
1002 1555 1020 1587 ι
1060 1535 1265 1606 Nempe
1307 1540 1522 1606 ignorat
1571 1540 1721 1594 illum
1758 1557 1865 1596 non
1909 1553 2014 1596 tam
2044 1559 2071 1593 a

491 1616 690 1683 Pilato,
719 1626 810 1692 qui
841 1643 857 1676 t
883 1627 1089 1682 sciebat
1119 1630 1262 1699 quod
1286 1645 1383 1700 per
1413 1632 1674 1686 invidiam
1720 1633 2073 1688 tradidissent

492 1725 616 1764 eum
655 1711 826 1770 Judaei
869 1716 940 1783 ⁸⁸,
979 1737 996 1770 ι
1037 1719 1206 1774 fuisse
1236 1722 1574 1787 damnatum,
1609 1738 1768 1792 quam
1804 1739 1831 1777 a
1855 1723 2070 1778 δυόωσ-

2182 532 2446 603 δεσμοὺς,
2484 529 2694 602 ἐξῆλθε,
2729 531 2823 584 καὶ
2866 531 3081 593 Παῦλος
3130 527 3268 599 μετὰ
3310 527 3404 580 τοῦ
3448 527 3580 580 Σίλα
3612 528 3665 578 ἐν
3686 529 3751 581 Φι-

2181 623 2401 686 λίπποις
2431 623 2534 694 τῆς
2583 621 2922 685 Μακεδονίας
2950 621 3059 674 ὑπὸ
3087 619 3240 687 ξύλον
3279 619 3566 689 δεδεμένος
3612 619 3749 692 ἐλύθη

2182 712 2302 784 θείᾳ
2341 712 2589 783 δυνάμει,
2625 713 2711 765 ὅτε
2745 711 2840 766 καὶ
2886 710 3050 783 θύραι
3083 710 3182 780 τῆς
3220 707 3470 778 φυλακῆς
3519 705 3750 778 ἠνοίχθη-

2184 819 2301 859 σαν.
2342 802 2480 856 Ἀλλ’
2519 801 2687 866 εἰκὸς,
2728 803 2810 854 ὅτι
2851 801 3025 856 ταῦτα
3063 799 3173 872 (84)
3215 799 3351 869 γελᾷ
3397 800 3426 851 ὁ
3477 798 3747 869 Κέλσος,ῆ

2180 895 2272 946 καὶ
2324 894 2576 966 οὐδαμῶς
2629 894 2840 962 ἀνέγνω
2890 893 2988 965 τὴν
3048 893 3324 964 ἱστορίαν’
3364 890 3513 956 ἔδοξε
3554 890 3660 962 γάρ
3695 891 3748 944 ἂν

2180 986 2356 1056 λέγειν
2400 989 2534 1059 πρὸς
2569 988 2758 1058 αὐτὴν,
2807 988 2888 1040 ὅτι
2935 987 3030 1040 καὶ
3077 986 3275 1058 γόητες
3326 1002 3476 1048 τινες
3535 984 3748 1053 ἐπῳδαῖς

2177 1079 2411 1149 δεσμοὺς
2443 1079 2658 1144 λύουσι,
2694 1078 2790 1131 καὶ
2835 1076 3005 1148 θύρας
3060 1076 3403 1144 ἀνοίγουσινο
3451 1075 3541 1126 ἴνα
3597 1090 3750 1127 κοινο-

2180 1171 2376 1242 ποιῆσῃ
2421 1171 2488 1224 τὰ
2542 1170 2648 1224 τῶν
2690 1171 2898 1240 γοήτων
2932 1167 3072 1238 πρὸς
3097 1167 3166 1220 τὰ
3200 1167 3329 1238 παρ’
3361 1168 3499 1237 ἡμῖν
3532 1165 3750 1237 ἱστοροιλ

2181 1276 2370 1330 μενα.‹
2396 1259 2656 1313 Ἀλλόύδ⁹
2685 1261 2712 1313 ό
2743 1258 3115 1321 καταδικάσας
3164 1256 3307 1328 (85)
3332 1299 3346 1322 ,
3384 1258 3575 1328 φησιν,
3609 1257 3748 1310 αὐτὸν

2177 1351 2348 1404 ἔπαθέ
2367 1367 2418 1404 τι
2452 1346 2560 1405 οἷον
2585 1354 2612 1405 ὁ
2654 1351 2908 1416 Πενθεὺς,
2941 1351 3183 1422 μανεὶςῆ
3210 1348 3574 1421 σπαραχθείς.
3607 1368 3623 1400 ι
3656 1350 3749 1402 Οὐκ

2175 1439 2281 1497 οἶδε
2303 1444 2346 1496 δ’
2367 1485 2381 1509 ,
2411 1445 2493 1497 ὅτι
2525 1444 2623 1514 ούχ
2650 1443 2793 1496 οὕτω
2819 1442 3050 1506 Πιλάτος
3076 1439 3143 1514 ἦν
3178 1441 3558 1504 καταδικάσας
3588 1440 3748 1504 αὑτὸν,

2174 1539 2233 1601 ὃς
2255 1554 2316 1606 γε
2353 1557 2370 1588 ‹
2403 1537 2538 1608 ᾔδει,
2573 1537 2654 1590 ὅτι
2682 1534 2770 1589 διὰ
2800 1536 2990 1604 φθόνον
3014 1535 3337 1609 παρέδωκαν
3359 1535 3526 1588 αὑτὸν
3557 1536 3605 1588 οἱ
3639 1535 3748 1587 Ἰου-

2175 1629 2331 1691 δαῖοι,
2368 1647 2386 1680 ι
2432 1628 2508 1692 ὡς
2530 1627 2591 1680 τὸ
2627 1625 2893 1681 Ἰουδαίων
2925 1627 3108 1691 ἔθνος·
3139 1629 3279 1699 ὅπερ
3309 1626 3748 1681 καταδεδίκασται

2178 1719 2284 1772 ὑπὸ
2312 1719 2448 1772 Θεοῦ
2481 1719 2798 1790 σπαραχθὲν
2844 1719 2940 1771 καὶ
2975 1720 3066 1788 ,εἰς
3096 1719 3276 1770 πᾶσαν
3303 1717 3404 1788 τὴν
3459 1718 3586 1787 γῆν,
3631 1717 3748 1786 ὑπὲρ

490 1816 610 1857 rum
643 1815 828 1876 gente,
862 1809 948 1878 qui
986 1824 1014 1862 a
1061 1810 1170 1866 Deo
1203 1822 1490 1881 propterea
1544 1791 1786 1870 damnati
1823 1831 1918 1884 per
1950 1816 2071 1870 uni-

2188 1810 2268 1864 τὸν
2319 1810 2566 1874 Πενθέως
2623 1810 2946 1882 σπαραγμὸν
2994 1810 3312 1882 διασπαρὲν.
3365 1811 3462 1862 Διά
3506 1810 3560 1862 τί
3587 1808 3641 1861 δὲ
3671 1809 3749 1863 καὶ

489 1911 708 1954 versam
763 1911 969 1957 terram
1004 1904 1233 1974 dispersi
1261 1915 1388 1960 sunt
1423 1917 1479 1962 et
1509 1907 1679 1962 multo
1709 1909 1884 1978 magis
1912 1925 2073 1979 quam

489 1988 787 2057 Pentheus,
820 2009 848 2046 a
881 2012 940 2049 se
970 1997 1201 2052 invicem
1238 1999 1504 2067 separati.
1537 1999 1648 2054 Cur
1672 2010 1855 2056 autem
1884 2013 2077 2072 sponte

492 2087 848 2152 prmtermisit
882 2105 1004 2159 qua:
1039 2091 1107 2144 de
1161 2105 1335 2145 uxore
1384 2090 1544 2145 Pilati
1581 2102 1878 2148 narrantur
1902 2135 1919 2163 ,
1955 2110 2074 2148 eam

492 2179 613 2234 viso
645 2179 881 2248 quodam
912 2181 987 2236 ita
1048 2194 1353 2251 permotam
1389 2184 1580 2247 fuisse.
1622 2192 1680 2240 ut
1709 2186 1951 2242 mitteret
1984 2187 2074 2256 qui

492 2271 615 2324 viro
648 2271 855 2326 diceret
886 2292 900 2328 :
939 2291 956 2324 ι
992 2273 1136 2328 Nihil
1173 2275 1267 2330 tibi
1296 2286 1348 2331 ct
1371 2277 1576 2331 homini
1611 2276 1874 2345 illijusto;
1908 2281 2073 2332 multa

498 2362 646 2415 enim
681 2363 844 2418 hodie.
871 2380 1030 2434 passa
1060 2383 1184 2421 sum
1222 2383 1320 2436 per
1349 2370 1524 2424 visum
1549 2379 1771 2440 propter
1795 2387 1921 2425 eum
1946 2371 2029 2423 0°?
2052 2393 2070 2422 ο

492 2451 570 2508 Ac
597 2470 788 2511 rursus
815 2465 1001 2513 tacens
1023 2475 1142 2528 qua:
1161 2458 1289 2513 Jesu
1321 2459 1665 2515 divinitatem
1694 2463 2073 2532 comprobant,

492 2562 560 2600 ex
599 2545 892 2617 Evangelio
925 2549 1110 2619 seligit
1148 2566 1270 2621 qua:
1302 2566 1524 2622 .:arpere
1567 2559 1753 2620 queat,
1813 2552 2072 2619 ludibria,

493 2639 842 2709 chlamydem
873 2642 1211 2707 coccincam,
1253 2659 1510 2698 coronam
1538 2657 1569 2698 e
1606 2645 1799 2714 Spinis,
1827 2655 1881 2700 et
1913 2661 2077 2700 aruu-

495 2731 677 2785 dinem
717 2732 768 2785 in
828 2747 988 2786 manu
1041 2733 1377 2803 impositam.
1427 2734 1585 2790 Unde
1638 2735 1754 2791 hate
1807 2736 2074 2802 didicisti,

492 2823 670 2889 Celse,
705 2824 808 2880 nisi
838 2839 904 2879 ex
930 2826 1278 2896 Evangeliis?
1306 2829 1449 2898 Ergo
1485 2839 1539 2882 tu
1569 2837 1685 2884 haec
1722 2831 1946 2885 videbas
1980 2846 2076 2885 ex-

494 2917 757 2982 probratu
793 2920 996 2992 digna;
1030 2923 1331 2992 scriptores
1380 2938 1510 2977 vero
1557 2939 1663 2978 non
1720 2925 2076 2994 providerunt

497 3020 549 3062 te
573 3011 760 3080 tuique
792 3012 1004 3068 similes
1031 3015 1292 3069 irrisuros
1337 3015 1452 3069 lucc
1493 3016 1724 3082 eadem;
1761 3017 1900 3071 alios
1945 3033 2074 3073 vero

2179 1901 2319 1956 ἑκὼν
2357 1901 2757 1974 παρεπέμψατο
2800 1902 2868 1955 τά
2905 1904 3033 1970 περὶ
3080 1903 3179 1973 τῆς
3209 1902 3467 1971 γυναικὸς
3513 1901 3747 1967 Πιλάτου,

2179 1995 2483 2066 ἐωρακυίας
2511 1995 2662 2067 ὄναρ,
2695 1998 2792 2048 κα).
2813 1994 2955 2047 οὕτω
2977 1994 3343 2066 κεκινημένης
3363 1995 3456 2047 ὑπ’
3477 1993 3662 2057 αὐτοῦ,
3685 1993 3750 2059 ὡς

2180 2089 2533 2160 προσπέμψαι
2571 2089 2650 2159 τῷ
2683 2089 2835 2160 ἀνδρὶ
2858 2129 2872 2152 ,
2903 2089 2996 2141 καὶ
3039 2088 3252 2156 λέγειν’
3292 2107 3311 2138 ‹
3336 2088 3522 2158 Μηδέν
3559 2105 3637 2141 σοι
3667 2087 3749 2140 καὶ

2177 2181 2254 2252 τῷ
2276 2179 2547 2252 ἀνθρώπῳ
2574 2181 2745 2252 τούτῳ
2763 2181 2872 2252 (86)
2891 2181 2967 2252 τῷ
2995 2181 3186 2252 δικαίῳ
3203 2198 3215 2211 ·
3247 2182 3489 2252 σήμερον
3509 2180 3616 2253 γάρ
3645 2179 3749 2234 κατ’

2178 2273 2308 2344 ὖναρ
2340 2273 2510 2327 πολλὰ
2537 2273 2735 2328 ἔπαθον
2767 2275 2835 2326 δι’
2859 2275 3053 2338 αύτόν;
3084 2295 3101 2325 ι
3137 2275 3306 2327 Πάλιν
3334 2291 3394 2326 τε
3428 2271 3520 2337 αὖ,
3549 2271 3750 2326 σιωπῶν

2178 2367 2249 2421 τὰ
2276 2368 2606 2438 ἐμφαίνοντα
2649 2367 2746 2438 τὴν
2779 2366 2872 2421 τοῦ
2914 2367 3089 2438 Ἰησοῦ
3145 2367 3433 2437 θειότητα,
3495 2367 3524 2418 ὁ
3564 2364 3752 2427 Κέλσος

2178 2459 2424 2519 ὀνειδίζει
2448 2460 2512 2512 ὲκ
2539 2459 2648 2513 τῶν
2675 2460 3076 2530 γεγραμμένων
3108 2460 3163 2511 ὲν
3185 2458 3262 2528 τῷ
3284 2456 3607 2526 Εὐαγγελίῳ
3638 2455 3750 2526 περὶ

2177 2553 2269 2607 τοῦ
2316 2552 2510 2624 Ἰησοῦ,
2545 2552 2980 2624 παρατιθέμενος
3011 2554 3136 2615 τοὺς
3180 2549 3556 2621 ἐμπαίξαντας
3583 2547 3750 2619 αύτῷ,

2178 2643 2272 2698 καὶ
2304 2643 2572 2712 φοινικίδα
2600 2642 2939 2714 περιθέντας,
2967 2644 3059 2696 καὶ
3084 2643 3175 2694 τὸν
3200 2641 3260 2706 ἐξ
3281 2639 3535 2694 ἀκανθῶν
3571 2641 3752 2709 στέφα-

2177 2751 2288 2796 νον,
2310 2735 2403 2787 καὶ
2422 2734 2512 2787 τὸν
2532 2735 2588 2787 ὲν
2619 2737 2683 2805 τῇ
2711 2735 2854 2805 χειρὶ
2876 2722 3138 2804 κάλαμον.
3166 2732 3338 2786 Πόθεν
3361 2728 3478 2795 οὖν,
3504 2727 3548 2785 ὧ
3567 2732 3748 2796 Κέλσε,

2177 2824 2350 2879 ταῦτα
2390 2824 2717 2896 μεμάθηκας
2749 2823 2780 2894 ἢ
2816 2824 2924 2877 ἀπὸ
2962 2823 3070 2875 τῶν
3100 2822 3452 2891 Εύαγγελίων
3479 2839 3493 2886 ;
3523 2819 3642 2892 ’Ἆρ’
3668 2816 3750 2874 οὖν

2180 2918 2243 2970 σὺ
2278 2918 2374 2987 μὲν
2403 2915 2579 2988 ἐώρας
2609 2915 2783 2970 ταῦτα
2817 2916 2923 2986 (87)
2955 2914 3259 2986 ὀνειδισμοῦ
3289 2914 3416 2981 ἀξια
3437 2955 3452 2979 ,
3483 2916 3529 2967 oi
3553 2914 3596 2966 δ’
3624 2915 3743 2966 ἀνα-

2176 3007 2477 3078 γράφοντες
2496 3007 2636 3060 αὑτά
2662 3009 2722 3061 ού
2743 3008 3048 3070 κατενόουν,
3073 3008 3152 3060 ὅτι
3181 3010 3246 3061 σὺ
3270 3009 3369 3078 μὲν
3392 3006 3748 3081 καταγελάσῃ,

494 3102 804 3173 exemplum
837 3106 961 3160 inde
1002 3117 1316 3175 sumpturos
1369 3107 1757 3163 contemnendi
1809 3125 1943 3177 eos,
1979 3113 2070 3180 qui

2188 3101 2272 3152 καὶ
2302 3100 2359 3151 οἵ
2382 3117 2463 3152 σοι
2494 3099 2883 3172 παραπλήσιοι,
2912 3099 3060 3154 ἄλλοι
3093 3100 3148 3152 δὲ
3181 3101 3536 3171 παράδειγμα
3571 3099 3749 3171 λήψον-

496 3192 676 3247 rident
713 3202 768 3248 et
808 3198 1154 3251 subsannant
1185 3199 1464 3266 pietatem,
1498 3214 1769 3269 eumque,
1813 3202 1906 3272 qui
1948 3218 2074 3272 pro-

492 3293 617 3352 pter
657 3284 806 3340 illam
859 3304 1124 3357 generose
1157 3301 1387 3344 mortem
1444 3293 1746 3362 oppetivit?
1786 3295 2076 3351 Admirare

493 3377 679 3446 potius
715 3378 1048 3447 scriptorum
1087 3381 1304 3437 illorum
1363 3385 1763 3451 sinceritatem,
1803 3395 1857 3440 et
1911 3403 2073 3454 emn,

494 3466 589 3535 qui
632 3468 746 3522 hinc
799 3469 979 3524 omnia
1025 3470 1214 3526 volens
1261 3473 1544 3527 hominum
1585 3489 1746 3529 causa
1777 3491 1966 3545 passus
1994 3489 2078 3535 est

496 3568 647 3612 tanta
679 3558 941 3628 patientia
993 3571 1256 3632 tantaque
1301 3567 1750 3636 aequanimitate,
1809 3578 1862 3624 ut
1903 3586 2078 3642 neque

492 3654 637 3719 quod
668 3653 959 3708 damnatus
995 3654 1155 3720 foret,
1186 3655 1518 3713 lamentatus
1544 3673 1688 3723 esse,
1715 3675 1890 3730 neque
1916 3662 2074 3731 quid-

495 3759 661 3806 quam
691 3755 785 3797 aut
823 3745 1018 3802 fecisse
1048 3760 1144 3802 aut
1179 3751 1384 3806 dixisse
1415 3749 1640 3816 feratur,
1668 3755 1812 3821 quod
1851 3754 2077 3824 ignaviae

493 3836 635 3890 verti
661 3837 855 3906 possit.

567 3949 658 4005 55.
701 3969 722 4002 t
757 3950 870 4006 Cur
903 3969 1032 4019 non,
1081 3956 1256 4024 pergit
1285 3957 1394 4021 ille,
1419 3957 1502 4010 sin
1540 3956 1718 4011 minus
1754 3970 1936 4025 antea,
1967 3958 2077 4013 sal-

499 4051 605 4095 tem
631 4058 776 4099 nunc
808 4044 1052 4098 divinum
1088 4045 1366 4114 quidpiam
1399 4047 1623 4113 exserit,
1650 4064 1770 4104 sese
1801 4052 1904 4105 hac
1933 4052 2076 4108 infa-

499 4131 608 4184 mia
643 4132 810 4198 levat,
869 4145 926 4189 et
969 4135 1174 4188 illatam
1207 4135 1311 4190 sibi
1349 4139 1598 4206 patrique
1649 4139 1898 4207 injuriam
1932 4142 2070 4197 ulci-

570 4293 760 4348 “Act.
793 4307 907 4356 va,
943 4291 1034 4344 24.
1112 4290 1158 4322 ⁸⁸
1187 4289 1376 4345 Matth.
1412 4307 1585 4358 xxvu,
1621 4292 1704 4348 18.

1781 4295 1826 4327 ⁶⁰
1856 4293 2015 4361 lbid.,
2041 4299 2127 4355 l9.

2175 3210 2264 3246 ται
2293 3192 2385 3246 τοῦ
2420 3193 2776 3263 καταφρονεῖν
2803 3191 3105 3260 γελώντων,
3133 3193 3226 3245 καὶ
3260 3193 3631 3263 χλευαζόντων
3664 3194 3750 3244 ἐπὶ

2174 3283 2425 3356 εὐσεϐείᾳ
2453 3284 2545 3336 τὸν
2569 3284 2635 3337 δι’
2668 3283 2836 3354 αὐτὴν
2868 3283 3099 3353 ἑτοίμως
3126 3285 3504 3353 ἀποθανόντα;
3546 3287 3750 3340 Μᾶλλον

2175 3372 2269 3430 οὖν
2303 3373 2550 3446 θαύμαζε
2598 3373 2777 3428 αύτῶν
2808 3375 2870 3427 τὸ
2919 3374 3251 3446 φιλάληθες,
3305 3379 3401 3430 καὶ
3449 3377 3544 3431 τοῦ
3592 3377 3751 3431 ταῦτα

2176 3468 2438 3530 ἑκουσίως
2461 3465 2723 3530 παθόντος
2760 3467 2901 3537 ὑπὲρ
2933 3465 3256 3536 ἀνθρώπων,
3289 3469 3384 3521 καὶ
3416 3468 3550 3540 μετὰ
3579 3469 3748 3537 πάσης

2181 3557 2530 3625 ἀνεξικακίας
2561 3557 2653 3610 καὶ
2677 3555 3055 3627 μακροθυμίας
3073 3555 3214 3608 αὐτὰ
3247 3555 3662 3627 ύπομείναντοςυ
3688 3555 3750 3606 ού

2183 3649 2291 3719 γὰρ
2325 3648 2722 3719 ἁνεγέγραπτο,
2757 3650 2838 3702 ὅτι
2869 3648 3134 3720 ὠδύρατο,
3169 3649 3277 3719 ἦτι
3310 3649 3534 3717 ἀγεννὲς
3575 3650 3634 3701 ἐκ
3661 3645 3750 3698 τοῦ

2183 3740 2630 3796 καταδεδικάσθαι
2664 3740 2862 3796 ἔπαθεν
2893 3742 2926 3812 ἤ
2959 3740 3257 3811 ἐφθέγξατο
3291 3739 3422 3811 (88).

2255 3962 2399 4034 Πρὸς
2423 3963 2479 4016 δὲ
2503 3964 2581 4026 τὸ,
2619 3983 2638 4014 ι
2662 3964 2727 4016 Τί
2757 3964 2856 4016 οὐκ
2885 3965 2931 4016 εί
2970 3963 3043 4034 μὴ
3075 3962 3330 4034 πρόσθεν,
3359 3962 3492 4016 ἀλλὰ
3522 3961 3609 4016 νῦν
3623 3958 3754 4027 γοῦν

2187 4055 2328 4109 θεῖόν
2360 4073 2410 4108 τι
2439 4053 2830 4115 ἐπιδείκνυται,
2863 4054 2954 4107 καὶ
2986 4055 3083 4125 τῆς
3112 4053 3378 4126 αἰσχύνης
3401 4053 3592 4124 ταύτης
3621 4053 3752 4104 ἐαυ-

2178 4148 2269 4200 τὸν
2301 4147 2507 4216 ῥύεται,
2530 4148 2623 4199 καὶ
2655 4147 2780 4209 τοὺς
2801 4145 3120 4217 ὑϐρίζοντας
3147 4150 3226 4209 εἰς
3256 4148 3446 4201 ἑαυτόν
3469 4164 3524 4199 τε
3540 4145 3627 4199 καὶ
3658 4143 3752 4197 τὸν

570 4456 684 4530 (84)
739 4455 891 4530 ‘A._1._l'
938 4452 1124 4530 εἰκός,
1157 4453 1264 4530 ⁸ὅτι
1292 4452 1525 4530 ⁸ταῦτα,
1557 4463 1661 4530 etc.
1713 4454 1908 4530 Quieto
1943 4458 2079 4512 seri.

2188 4459 2279 4529 qui
2309 4458 2686 4530 Olympiadmn
2727 4459 2928 4530 seriem
2979 4465 3032 4509 et
3064 4471 3186 4527 qua:
3208 4419 3520 4530 quibusque
3553 4467 3748 4530 tempo-

497 4523 736 4583 hendunt
769 4527 1008 4598 videtur,
1044 4523 1180 4580 ἀλλὰ
1220 4524 1314 4576 καὶ
1345 4523 1536 4576 ταῦτα.
1577 4524 1728 4590 Quod
1764 4528 1896 4583 mihi
1931 4543 2087 4598 mque

499 4616 608 4654 non
638 4597 863 4651 arridet.
1807 4629 1810 4633 -

575 4667 894 4738 (85)7’A.Z.t’
927 4664 1055 4738 οὺδζ
1079 4666 1112 4718 ὁ
1143 4664 1576 4738 καταδικάσας,
1631 4673 1746 4738 (ιιιιἐ
1796 4667 2086 4738 Verumta-

499 4734 630 4791 men
672 4734 952 4790 Eusebius
1001 4734 1074 4788 lib
1107 4751 1138 4788 ιι
1186 4736 1325 4790 Hist.
1362 4735 1509 4793 εδει..
1543 4751 1665 4804 cap.
1715 4736 1766 4801 7,
1813 4737 1879 4790 de
1916 4737 2091 4792 Pilato

501 4808 629 4861 hare
686 4814 909 4859 narrat:
943 4805 1054 4857 Ούκ
1105 4806 1322 4874 ἀγνοεῖν
1371 4806 1427 4859 δὲ
1478 4805 1648 4871 ἄξιον,
1683 4807 1759 4869 ὡς
1810 4807 1904 4859 καὶ
1933 4808 2095 4874 αὑτὸν

503 4877 721 4928 ἐκεῖνον·
745 4874 838 4948 τὸν
867 4873 958 4948 ἐπῇ.
989 4874 1087 4948 τοῦ
1118 4873 1373 4948 Σωτῆρος
1400 4876 1628 4930 Πιλάτον
1661 4875 1801 4930 κατά
1825 4876 2007 4948 Γάϊον,
2036 4873 2096 4930 οὗ

503 4946 636 5032 τοὺς
672 4943 892 5012 χρόνους
923 4943 1200 5032 διέξιμεν,ν
1214 4943 1504 5032 τοσαύταις
1535 4949 1849 5032 περιπεσεῖν
1877 4946 2096 5032 κατέχει

505 5014 668 5083 λόγος
694 5015 1021 5088 συμφοραῖς,
1048 5014 1122 5078 ὡς
1145 5017 1472 5088 ἐξάνάγκης
1499 5014 1760 5088 φονευτὴν
1789 5018 1981 5071 ἑαυτοῦ
2003 5014 2096 5072 καὶ

505 5081 751 5158 τιμωρὸν
769 5081 1078 5158 acea-[em
1099 5081 1368 5158 γενέσθαι·
1393 5081 1687 5158 τῆςίθείᾳς,
1717 5081 1799 5150 ’ὼς
1829 5088 1993 5151 ἔοικε,
2012 5089 2091 5142 δί-

506 5155 739 5244 κῃςκούκ
791 5156 872 5244 είς
1173 5157 1334 5244 adeo:
1371 5155 1734 5243 μετελθούσης
1793 5158 2093 5244 ἱστοροῦσιν

519 5224 867 5301 Ἑλλήνωνιοί
900 5224 1000 5301 τάς
1031 5224 1398 5301 Ὀλυμπιάδας
1428 5228 1544 5301 διμα
1567 5224 1843 5301 τοῖςκατά
1870 5224 2093 5301 χρόνους

505 5293 920 5368 πεπραγμένοις
941 5293 1374 5368 ἀναγράψαντες.
1404 5317 1421 5350 ‹
1450 5293 1634 5367 Neque
1657 5314 1784 5354 vero
1810 5293 1936 5353 illud
1960 5315 2094 5368 prir-

513 5363 833 5420 Iereundum
861 5374 969 5437 est,
1009 5363 1238 5437 Pilatum
1274 5369 1446 5437 ipsum
1485 5363 1575 5437 qui
1610 5363 2080 5424 Servatur-emno-

506 5447 680 5508 sttgum
714 5435 872 5488 morti
902 5435 1130 5502 addixit,
1170 5435 1518 5506 postmodum
1561 5441 1866 5508 imperante
1924 5438 2078 5506 Caio,

509 5504 667 5576 cujus
696 5520 847 5576 nunc
868 5515 1120 5576 tempora
1161 5504 1561 5576 prosequimur,
1615 5504 1669 5562 in
1720 5518 1898 5565 tantas
1945 5504 2081 5564 inci;

507 5575 655 5629 disse
683 5574 1050 5635 calamitates.
1084 5587 1140 5629 ut
1175 5574 1406 5632 mortem
1440 5578 1544 5633 sibi
1575 5580 1922 5636 consciscere
1949 5595 2080 5634 suo-

506 5660 739 5715 rumqne
777 5645 892 5711 ipse
922 5646 1192 5700 scelerum
1227 5647 1423 5701 vindex
1465 5663 1587 5703 esse
1613 5660 1836 5704 coactus
1870 5649 2073 5715 fuerit;

510 5714 692 5785 divina
726 5715 940 5770 scilicet
966 5715 1175 5785 justitia
1208 5716 1260 5770 in
1309 5717 1495 5784 illum,
1531 5726 1589 5772 ut
1645 5735 1744 5785 par
1786 5729 1926 5783 erat,
1975 5714 2078 5774 sas-

507 5784 689 5841 vicnte
753 5785 920 5856 quue
945 5784 976 5843 α
1023 5785 1226 5845 Graecis
1253 5789 1610 5860 scriptoribus
1648 5784 1924 5860 proditum
1959 5799 2074 5859 est,

2196 4526 2344 4584 ribus
2371 4526 2518 4598 gesta
2550 4526 3114 4598 sunt,iconscripscre.
3148 4548 3166 4580 ι
3208 4527 3354 4584 Idem
3390 4526 3752 4588 iaC/ironia:

2205 4618 2223 4650 ι
2259 4596 2414 4652 Anno
2470 4600 2630 4652 tertio
2683 4597 2796 4651 Caii
2849 4596 3106 4666 Caligulae
3154 4599 3379 4656 Pontius
3431 4601 3656 4666 Pilatus,
3693 4603 3746 4656 in

2199 4670 2395 4723 multas
2429 4667 2676 4739 incidens
2723 4667 3084 4739 calamitates,
3139 4672 3358 4739 propria
3396 4687 3452 4726 se
3493 4689 3636 4725 manu
3666 4674 3748 4724 in-

2207 4739 2425 4794 tcrlieit.
2479 4737 2736 4793 Scribunt
2793 4736 3159 4792 Romanorum
3213 4736 3474 4796 historiaz.
3521 4760 3540 4793 ι
3591 4743 3745 4804 Ado,

2204 4819 2351 4862 aetat.
2385 4825 2458 4871 vi,
2510 4825 2630 4877 cap.
2681 4806 2768 4870 40,
2810 4809 3032 4863 Vienna:
3089 4811 3142 4864 in
3187 4810 3380 4866 Galliis
3416 4813 3464 4865 id
3497 4813 3752 4865 accidisse

2204 4881 2356 4934 dicit.
2382 4880 2453 4932 At
2488 4893 2619 4933 sane
2661 4880 2856 4932 mirum
2893 4879 2966 4943 id,
3001 4895 3104 4932 non
3143 4882 3268 4935 dico
3300 4880 3476 4945 Celso,
3519 4884 3602 4934 sed
3647 4894 3750 4934 nec

2206 4949 2370 5003 fuisse
2403 4949 2621 5016 Origeni
2655 4950 2950 5020 cognitum,
2984 4949 3074 5018 qui
3109 4961 3308 5013 tamen,
3370 4951 3443 5004 uti
3495 4959 3628 5020 patet
3671 4964 3751 5020 rex

2204 5020 2308 5073 hoc
2340 5020 2481 5090 libro
2511 5035 2548 5073 lt
2581 5017 2767 5072 contra
2800 5017 3030 5090 Celsum,
3059 5036 3207 5072 num.
3236 5021 3306 5086 3,
3354 5017 3550 5090 legerat
3593 5019 3752 5090 Phle-

2201 5089 2379 5158 guntis
2409 5089 2574 5143 libros
2594 5105 2728 5158 quos
2767 5090 2932 5157 priori
2985 5089 3100 5142 loco
3130 5091 3371 5146 indicare
3415 5089 3618 5144 ’videtur
3642 5089 3754 5141 Eu-

2201 5160 2406 5215 sebius.
2436 5159 2571 5214 Nam
2601 5161 2642 5214 si
2682 5161 2731 5212 id
2765 5161 3006 5228 novisset
3043 5158 3308 5227 Origenes
3357 5172 3450 5217 aut
3501 5176 3588 5228 pro
3618 5175 3748 5210 vero

2199 5228 2498 5300 habuissvt,
2527 5229 2766 5298 nunquid
2808 5230 2872 5281 ad
2903 5227 3046 5284 Celsi
3101 5231 3372 5299 objectum
3409 5227 3744 5300 respondens,

2198 5299 2249 5352 id
2279 5299 2496 5370 silentio
2527 5303 2811 5370 pressisset
2838 5309 2890 5354 et
2921 5301 2987 5370 ad
3014 5301 3157 5354 aliud
3189 5299 3513 5370 confugisset
3542 5300 3564 5352 ἲ

2259 5369 2385 5453 ,(86)
2411 5366 2580 5426 Codd.
2615 5369 2814 5440 Regius
2843 5379 2898 5426 et
2927 5367 3283 5440 Basilcensis,
3332 5366 3426 5427 καὶ
3459 5369 3534 5443 τῷ
3562 5366 3752 5438 δικαίῳ

2182 5455 2376 5494 τουτω.

2254 5493 2373 5582 (8ἦ)
2395 5509 2532 5582 Male
2557 5509 2922 5582 ilmsclielius,
2957 5511 3150 5582 ἑτέρας
3177 5511 3374 5567 ταῦτα.

2255 5574 2739 5656 (88')__llt_leschelius
2761 5592 2814 5636 et
2835 5574 3166 5656 Spencerus,
3185 5584 3451 5656 empticqu
3470 5582 3534 5637 ἂν
3551 5574 3745 5656 ὲρθέγς

2186 5643 2688 5724 ξατο.’βοιιει·ειιυε
2713 5667 2777 5724 ex
2828 5643 3393 5724 cdnjectura'legehat
3413 5643 3451 5715 ,’
3481 5643 3742 5724 ἐνοήθηςῆ

2634 5723 2850 5780 codices
2873 5721 3157 5795 Anglicani
3185 5717 3523 5790 etholianus,
3550 5717 3746 5774 ἔπαθεν

2363 5821 2413 5858 ς,
2557 5828 2576 5844 .

2363 5821 2576 5859 exsucta.
