4002 6576
311 421 421 480 837

1520 421 1804 480 CONTRA
1839 421 2113 478 CELSUM
2153 420 2280 475 LIB.
2318 419 2380 474 i‘l.
2464 475 2469 479 .

3479 416 3586 473 858

305 537 535 609 Πατέρα
557 537 760 591 δικαιοῖ
782 536 932 610 (89);
988 557 1007 591 ι
1043 537 1282 604 λεκτέον,
1325 538 1407 592 ὅτι
1438 536 1500 591 τὸ
1527 537 1879 610 παραπλήσιά

2007 537 2222 591 scitur?
2260 555 2280 588 ι
2321 532 2620 589 Dicendum
2653 531 2845 587 codem
2874 531 3036 588 modo
3067 531 3391 603 interrogari
3429 550 3588 603 posse

303 632 454 684 ἐστιν
489 631 665 684 εἰπεῖν
698 632 792 684 καὶ
823 631 961 700 πρὸς
985 631 1270 703 Ἕλληνας,
1294 630 1559 702 Πρόνοιαν
1586 631 1901 699 εἰσάγοντας

303 722 400 773 καὶ
436 720 768 790 Θεοσημείας
799 721 1272 793 παραδεχομένους
1302 720 1585 790 γενέσθαι·
1619 721 1671 774 τί
1702 719 1899 792 δήποτε

300 813 431 874 τοὺς
486 811 870 884 ἐνυϐρίζοντας
903 812 980 883 τῷ
1011 813 1142 884 Θείῳ
1199 813 1344 884 (90),
1395 812 1488 866 καὶ
1545 811 1900 882 ἀναιροῦντας

302 904 572 974 Πῴνοιαν
598 943 612 964 ,
663 904 725 956 ού
753 902 969 968 κολάζει
1000 907 1027 958 6
1053 905 1214 971 Θεός;
1261 905 1346 970 Ὠς
1374 903 1483 977 γὰρ
1518 904 1590 958 ἂν
1621 903 1898 975 ἀπολογή-

302 1013 507 1048 σωνται
539 996 675 1068 πρὸς
707 995 877 1051 ταῦτα
914 997 1194 1068 Ἕλληνες,
1231 1001 1324 1053 καὶ
1359 1000 1520 1069 ἡμεῖς
1562 998 1630 1051 τὰ
1669 997 1830 1068 ὃμοια
1861 997 1893 1068 ἢ

300 1088 395 1140 καὶ
434 1089 722 1158 κρείττονα
758 1089 1010 1162 ἐροῦμεν.
1046 1091 1238 1158 Γέγονε
1271 1090 1446 1144 δὲκαὶ
1497 1090 1759 1162 θεοσημία
1813 1107 1896 1162 τις

298 1173 360 1243 ἐξ
391 1179 648 1252 ούρανοῦ,
685 1184 713 1234 6
742 1181 979 1235 ἐκλιπὼν
1008 1182 1157 1253 ἥλιος
1188 1182 1281 1236 καὶ
1310 1181 1376 1236 τὰ
1404 1181 1568 1236 λοιπά
1598 1182 1892 1253 παράδοξα,

295 1273 693 1343 ἐμςρανίζοντα,
723 1275 806 1328 ὅτι
828 1275 969 1329 θεῖόν
990 1293 1043 1328 τι
1067 1275 1162 1329 καὶ
1187 1274 1368 1328 πλεῖον
1389 1275 1498 1328 τῶν
1523 1275 1732 1329 πολλῶν
1751 1271 1894 1345 εἶχεν

295 1365 325 1414 6
351 1365 713 1435 σταυρωθείς.

366 1448 508 1507 Εἶτά
553 1472 718 1525 φησιν
761 1459 790 1509 6
830 1457 1063 1521 Κέλσος·
1110 1477 1129 1509 ι
1167 1459 1229 1512 Τί
1260 1459 1354 1513 καὶ
1397 1457 1891 1529 ἀνασκολοπιζομέ-

291 1561 390 1598 νου
433 1545 544 1617 (91)
574 1549 669 1601 τοῦ
699 1548 950 1620 σώματος
974 1553 1125 1614 ποῖος
1162 1550 1294 1622 ἰχὼρ

424 1678 438 1690 .
461 1681 474 1693 .
511 1674 528 1694 .
556 1635 682 1706 οἷός
711 1641 824 1710 πέρ
863 1660 926 1696 τε
966 1642 1092 1710 ῥέει
1120 1642 1467 1712 μακάρεσσι
1495 1643 1758 1708 θεοῖσιν;
1795 1663 1812 1697 ι

301 1729 548 1796 Ἐκεῖνος
582 1735 678 1804 μὲν
701 1731 794 1788 οῦν
823 1735 1004 1798 παίζει
1025 1752 1038 1766 ·
1066 1739 1225 1807 ἡμεῖς
1251 1737 1307 1790 δὲ
1332 1736 1439 1789 ἀπὸ
1457 1736 1566 1789 τῶν
1589 1737 1888 1791 σπουδαίων

289 1823 670 1892 Εὑαγγελίων,
706 1827 810 1880 κᾶν
843 1829 917 1899 μὴ
951 1828 1156 1892 Κέλσος
1208 1829 1504 1900 βούληται,
1536 1834 1886 1902 παραστήσο-

291 1891 435 1983 μεν,
460 1891 544 1970 δτι
574 1915 707 1987 ἰχὼρ
743 1891 917 1988 μὲννῷ⁷
937 1919 1162 1990 μυθικὸς
1203 1891 1298 1974 καὶ
1338 1891 1632 2000 ’ὁμηρικρς
1664 1891 1885 1993 οὺκΙὲῤ-
1919 1891 1959 1946 Β

290 2007 488 2076 ῥευσεν
520 2009 684 2061 αὐτοῦ
718 2009 827 2063 ἀπὸ
854 2009 947 2065 τοῦ
982 2011 1258 2082 σώματος’
1291 2012 1393 2083 ήδη
1425 2012 1469 2064 δ’
1489 2013 1652 2066 αὑτοῦ
1681 2014 1888 2067 ἀποθα-

285 2097 500 2163 νόντος,
532 2118 551 2149 ι
583 2093 662 2164 εἷς
684 2101 790 2154 τῶν
815 2102 1164 2174 στρατιωτῶν
1197 2103 1364 2176 λόγχῃ
1387 2105 1484 2176 τὴν
1514 2105 1752 2176 πλευρὰν
1785 2108 1884 2159 αύ-

284 2186 383 2240 τοῦ
419 2189 574 2255 ἐνυξε
593 2230 606 2255 ,
652 2193 748 2244 καὶ
776 2194 998 2265 ἐξῆλθεν
1026 2189 1167 2266 αἷμα
1192 2196 1284 2250 καὶ
1320 2195 1483 2266 ὕδωρ.
1510 2198 1620 2250 Καὶ
1655 2199 1684 2250 6
1712 2199 1886 2268 ἑωρα-

285 2276 406 2341 κὼς
438 2283 852 2355 μεμαρτύρηκε.
877 2287 971 2339 καὶ
998 2287 1225 2359 ἀληθινὴ
1255 2287 1419 2342 αὐτοῦ
1445 2290 1592 2342 ἐστιν
1619 2291 1651 2360 ή
1680 2307 1885 2362 μαρτυ-

287 2372 386 2443 ρία
410 2390 424 2402 ο
454 2375 705 2441 κάκεῖνος
738 2373 901 2444 οἶδεν,
937 2380 1017 2432 ὅτι
1049 2380 1226 2451 ἀληθῆ
1260 2381 1425 2451 λέγει.
1455 2402 1474 2435 ι
1511 2383 1630 2435 Τῶν
1664 2383 1762 2454 μὲν
1790 2381 1882 2438 οὖν

281 2463 464 2518 ἄλλων
495 2466 701 2535 νεκρῶν
729 2469 1000 2539 σωμάτων
1029 2470 1089 2524 τὸ
1116 2466 1254 2541 αἷμα
1285 2474 1586 2544 πήγνυται,
1623 2476 1714 2528 καὶ
1741 2475 1881 2547 ὕδωρ

282 2555 532 2628 καθαρὸν
589 2561 688 2612 οὐκ
722 2561 990 2634 ἀπορρεῖο
1021 2564 1113 2617 τοῦ
1143 2566 1200 2620 δὲ
1231 2565 1372 2620 κατά
1413 2568 1502 2620 τὸν
1548 2568 1755 2639 Ἰησοῦν
1795 2587 1881 2623 νε-

282 2647 426 2718 κροῦ
458 2648 708 2719 σώματος
732 2689 750 2716 ,
783 2653 844 2705 τὸ
893 2654 1194 2726 παράδοξον
1215 2697 1230 2721 ,
1272 2659 1366 2712 καὶ
1395 2661 1524 2731 περὶ
1568 2661 1628 2713 τὸ
1686 2662 1877 2733 νεκρὸν

282 2737 451 2808 σῶμα
484 2735 551 2811 ἦν
575 2737 710 2812 αἷμα
749 2743 844 2796 καὶ
867 2743 1009 2817 ὕδωρ
1041 2746 1150 2800 ἀπὸ
1181 2747 1290 2801 τῶν
1315 2748 1562 2820 πλευρῶν
1587 2751 1875 2821 προχυθέν.

280 2827 351 2881 ΕΞ
386 2828 432 2881 δ’
461 2831 541 2892 εἰς
574 2831 671 2900 μὲν
700 2833 761 2886 τὸ
812 2839 1140 2906 κατηγορεῖν
1178 2837 1350 2908 Ἰησοῦ
1410 2839 1503 2892 καὶ
1535 2839 1879 2910 Χριστιανῶν

277 2919 470 2990 φέρων
492 2922 598 2974 ἀπὸ
619 2923 712 2976 τοῦ
740 2925 1071 2994 Εὑαγγελίου
1093 2927 1214 2980 οὐδὲ
1234 2927 1414 2992 καλῶς
1438 2931 1878 3005 ἑρμηνευομέκέας

276 3011 481 3076 λέξεις,
506 3015 726 3068 σιωπῶν
743 3016 798 3070 δὲ
818 3017 886 3070 τὰ
908 3020 1246 3087 παριστάντα
1265 3021 1363 3091 τὴν
1392 3021 1620 3092 Οεότητα
1644 3021 1739 3075 τοῦ
1776 3025 1878 3092 Ἰη-

279 3105 404 3170 σοῦ,
439 3107 657 3162 ἀκούειν
691 3108 937 3178 βούλεται
969 3113 1068 3176 τὰς
1099 3112 1453 3184 θεοσημείας·
1491 3115 1788 3184 ἀναγνώτω
1814 3115 1876 3169 τὸ

2006 643 2103 683 eos
2137 646 2166 682 e
2200 627 2408 682 Grmcis
2435 666 2448 692 ,
2502 625 2593 695 qui
2635 625 3037 694 providentiam
3062 625 3360 680 admittunt
3386 641 3590 681 οοιιιιορ

2003 721 2247 789 duntque
2277 719 2392 774 fieri
2431 718 2672 790 prodigia
2707 733 2719 766 :
2760 733 2862 772 cur
2912 734 3017 773 non
3049 719 3192 773 Deus
3245 717 3298 772 in
3335 733 3432 774 eos
3462 719 3582 772 ani-

2003 810 2297 865 madvertit
2331 810 2423 880 qui
2455 809 2674 864 Numiui
2708 809 2936 878 injurias
2970 809 3232 874 inferunt,
3269 819 3323 864 et
3349 824 3380 862 e
3403 812 3584 865 medio

2003 902 2200 957 tollunt
2230 903 2677 971 providentiam?
2716 903 2845 970 Qua:
2903 901 3085 956 dicent
3113 900 3309 964 Graeci,
3358 911 3413 954 ut
3441 900 3585 958 hanc

2000 995 2273 1064 repellant
2305 996 2774 1060 criminationem,
2823 998 3012 1050 eadem
3047 1004 3101 1050 et
3127 1010 3225 1049 nos
3275 1003 3329 1048 et
3356 994 3580 1051 meliora

1998 1089 2268 1143 dicemus.
2302 1088 2524 1143 Factum
2577 1098 2665 1146 est
2715 1098 2897 1143 autem
2948 1103 2977 1142 c
3032 1087 3174 1143 coelo
3226 1087 3578 1158 prodigium,

1999 1196 2196 1251 nempe
2222 1181 2352 1236 solis
2381 1181 2616 1237 defectio
2665 1181 2884 1251 aliaque
2909 1181 3194 1245 miracula,
3227 1181 3422 1249 quibus
3448 1195 3583 1236 cou-

1997 1274 2139 1330 stitit
2172 1289 2319 1339 euIn,
2348 1274 2442 1343 qui
2475 1274 2627 1328 cruci
2659 1273 2852 1328 aiiixus
2882 1283 3001 1328 erat
3042 1272 3109 1339 ⁶¹,
3149 1273 3405 1328 habuisse
3435 1272 3581 1327 divi-

1996 1383 2124 1421 num
2153 1366 2432 1434 quidpiam
2468 1376 2522 1421 et
2557 1365 2701 1436 quod
2733 1367 3010 1423 hominum
3036 1365 3230 1436 vulgus
3257 1382 3362 1419 nou
3394 1365 3574 1422 habet.

2069 1459 2236 1530 416
2266 1458 2357 1512 56.
2394 1477 2412 1509 ι
2445 1458 2510 1512 Et
2545 1458 2769 1528 sanguis
2803 1458 2918 1523 ille,
2957 1458 3129 1525 inquit
3157 1466 3342 1525 postca
3367 1456 3575 1522 Celsus,

1994 1553 2086 1622 qui
2116 1567 2148 1605 e
2186 1566 2416 1620 corpore
2440 1551 2492 1604 in
2521 1566 2744 1606 crucem
2773 1549 2988 1605 sublato
3020 1548 3195 1614 ﬂuxit,
3228 1549 3404 1604 fuitne

2071 1642 2213 1697 Iluic
2239 1643 2446 1704 similis,
2487 1659 2640 1697 sacro
2669 1644 2762 1712 qui
2790 1652 2966 1696 manat
3005 1658 3221 1709 corpore
3253 1643 3477 1696 divum?
3514 1660 3534 1693 ι

1990 1735 2066 1790 Ita
2097 1737 2285 1791 Celsus
2337 1745 2562 1804 captans
2606 1735 2810 1800 risum;
2845 1749 2943 1790 nos
2977 1751 3006 1788 e
3057 1734 3216 1789 seriis
3243 1735 3573 1805 Evangeliis,

1991 1828 2122 1884 veiit
2158 1827 2317 1891 nolit,
2352 1827 2650 1896 probamus
2683 1841 2746 1881 ex
2775 1824 2900 1880 Jesu
2936 1841 3164 1896 corpore
3192 1824 3416 1882 ﬂuxisse
3448 1843 3575 1882 sau-

1992 1921 2211 1990 guiuem
2247 1935 2353 1974 non
2387 1919 2692 1973 fabulosum
2725 1926 2780 1972 et
2808 1917 3026 1987 qualem
3071 1917 3340 1973 Homerus
3365 1919 3572 1972 descri-

1989 2011 2105 2077 bit;
2135 2009 2230 2064 sed
2267 2025 2392 2064 cum
2441 2007 2551 2076 jam
2583 2017 2730 2062 esset
2785 2018 3054 2071 mortuus,
3091 2026 3109 2058 ι
3141 2023 3280 2062 unus
3334 2008 3572 2062 militum

1988 2101 2176 2156 lancea
2207 2101 2350 2155 latus
2372 2099 2491 2169 ejus
2521 2100 2757 2170 aperuit,
2790 2108 2845 2153 et
2872 2099 3045 2153 exivit
3072 2099 3296 2168 sanguis
3323 2107 3378 2154 et
3404 2114 3570 2168 aqua.

1989 2195 2054 2248 Et
2076 2195 2166 2264 qui
2197 2195 2330 2248 vidit
2360 2194 2730 2249 testimonium
2766 2191 3061 2261 perhibuit,
3085 2202 3140 2246 et
3168 2207 3352 2247 verum
3377 2203 3460 2248 est
3493 2202 3574 2247 te-

1986 2285 2300 2342 stimonium
2343 2287 2461 2356 ejus
2488 2303 2503 2352 ;
2537 2294 2591 2340 et
2626 2285 2714 2339 ille
2747 2286 2854 2340 scit
2886 2285 3014 2354 quia
3038 2300 3166 2338 vera
3195 2286 3325 2339 dicit
3347 2285 3414 2338 ".
3445 2303 3464 2335 ι
3493 2284 3571 2338 Ac

1985 2378 2214 2432 aliorqu
2246 2379 2468 2447 quidem
2491 2389 2829 2432 mortuorum
2861 2393 3152 2447 corporum
3175 2377 3397 2448 sanguis
3419 2377 3570 2446 cogi-

1986 2482 2093 2535 tur,
2117 2487 2216 2526 nec
2239 2472 2458 2540 limpida
2481 2486 2544 2526 cx
2577 2470 2684 2524 illis
2705 2479 3075 2539 mauataqua;
3100 2485 3130 2524 e
3149 2479 3362 2525 mortuo
3386 2480 3568 2524 autem

1980 2560 2108 2619 Jesu
2133 2578 2385 2634 corpore,
2413 2578 2499 2618 res
2522 2563 2691 2617 mira!
2717 2563 2938 2630 sanguis
2959 2571 3012 2616 et
3033 2578 3190 2632 aqua,
3213 2577 3468 2632 percusso
3492 2561 3569 2614 la—

1983 2665 2116 2722 tere,
2138 2655 2432 2712 ﬂuxerunt.
2460 2655 2555 2710 Sin
2579 2663 2760 2709 autem
2787 2655 2874 2709 ille
2903 2655 2993 2724 qui
3023 2655 3088 2708 ad
3123 2655 3564 2709 calumniantium

1980 2748 2167 2804 Jesum
2198 2756 2255 2803 et
2298 2747 2642 2802 Christianos
2672 2761 2703 2802 e
2743 2745 3041 2815 Scripturis
3094 2763 3258 2818 prave
3295 2747 3565 2801 intellecta

1982 2839 2293 2894 testimonia
2345 2838 2592 2906 colligit,
2629 2852 2749 2905 qua:
2797 2848 2980 2892 autem
3033 2835 3161 2892 Jcsu
3225 2837 3566 2891 divinitatem

1980 2933 2308 2986 confirmant
2349 2929 2739 2999 praetermittit,
2777 2928 3027 2998 prodigia
3062 2928 3298 2983 voluerit
3349 2930 3562 2993 audire,

1981 3023 2123 3094 legat
2153 3021 2534 3093 Evangelium,
2559 3030 2614 3074 et
2644 3020 2825 3074 videat
2852 3021 3226 3075 centurionem
3251 3030 3306 3074 et
3327 3020 3416 3090 qui
3441 3037 3564 3075 cum

1979 3131 2044 3170 eo
2071 3115 2255 3170 Jcsum
2285 3113 2609 3180 servabant,
2639 3128 2761 3168 cum
2789 3112 3040 3168 viderent
3078 3123 3237 3168 terra:
3274 3123 3477 3168 motuin
3509 3122 3567 3170 et

276 3197 640 3266 Εὐαγγέλιον,
673 3202 768 3254 καὶ
799 3202 1004 3273 ὁράτω,
1031 3204 1114 3256 ὅτι
1152 3205 1246 3257 καὶ
1294 3205 1323 3258 6
1352 3205 1752 3278 ἑκατοντάρχης
1783 3209 1875 3261 καὶ

1985 3218 2174 3264 caetera
2216 3223 2338 3278 qum
2374 3206 2520 3261 facta
2554 3216 2764 3272 essent,
2807 3208 3002 3261 timore
3049 3221 3246 3276 magno
3282 3205 3565 3275 perculsos

274 3291 331 3342 οἱ
373 3292 490 3358 μετ’
518 3291 683 3346 αὑτοῦ
716 3293 1009 3365 τηροῦντες
1036 3296 1128 3348 τὸν
1166 3296 1391 3367 Ἰησοῦν,
1420 3298 1617 3362 ἰδόντες
1648 3299 1738 3352 τὸν
1769 3317 1877 3353 σει-

278 3383 426 3454 σμὸν
449 3385 543 3437 καὶ
571 3384 638 3438 τά
653 3387 932 3456 γινόμενα,
963 3389 1311 3461 ἐφοϐήθησαν
1348 3391 1576 3462 σφόδρα,
1600 3390 1870 3470 λέγοντες·

283 3495 304 3527 ι
353 3476 488 3530 Θεοῦ
517 3478 645 3541 Υἱὸς
673 3474 740 3550 ἦν
762 3473 933 3544 οὗτος.
966 3501 984 3532 ι

357 3571 511 3625 Μετά
543 3571 694 3626 ταῦθ’
724 3575 753 3626 ό
778 3573 886 3627 ἀπὸ
910 3573 1004 3626 τοῦ
1033 3575 1365 3644 Εὐαγγελίου
1402 3574 1650 3629 ἐκλαϐὼν
1677 3574 1870 3642 λέξεις,

273 3653 360 3714 ὧν
393 3665 716 3734 κατηγορεῖν
751 3663 983 3735 νομίζει,
1013 3665 1078 3718 τὸ
1110 3665 1230 3731 ὅξος
1261 3667 1355 3720 καὶ
1392 3667 1492 3738 τὴν
1525 3666 1688 3740 χολὴν
1735 3667 1874 3722 ὀνει-

271 3750 420 3817 δίζει
439 3753 518 3824 τῷ
560 3755 754 3825 Ἰησοῦ,
792 3775 811 3806 ι
836 3757 912 3820 ὡς
943 3757 1133 3826 χανδὸν
1165 3759 1257 3812 ἐπὶ
1281 3759 1340 3812 τὸ
1366 3763 1506 3812 πιεῖν
1535 3760 1871 3831 ὡρμημένῳ,

273 3845 381 3898 καὶ
415 3845 488 3916 μὴ
514 3845 1009 3919 διακαρτερήσαντι
1039 3850 1150 3921 (92)
1179 3851 1277 3922 τὴν
1305 3850 1460 3920 δίψαν
1494 3851 1570 3916 ὡς
1599 3854 1693 3905 καὶ
1721 3855 1749 3906 6
1779 3869 1874 3905 τυ-

272 3933 396 4004 χὼν
447 3936 735 4009 ἄνθρωπος
778 3940 1041 4005 πολλάκις
1089 3942 1460 4015 διακαρτερεῖ.
1494 3964 1512 3996 ι
1565 3945 1676 4000 Καὶ
1717 3943 1874 3998 τοῦτο

277 4027 395 4096 ἰδίᾳ
427 4028 523 4098 μὲν
577 4031 634 4083 ὲν
665 4032 993 4105 τροπολογίᾳ
1023 4036 1282 4104 τυγχάνει
1328 4035 1634 4109 διηγήσεως
1653 4054 1666 4068 ·
1695 4035 1790 4091 νῦν
1815 4037 1872 4090 δὲ

277 4120 597 4192 κοινοτέρας
625 4121 690 4175 ἂν
720 4125 974 4196 τοιαύτης
1007 4127 1353 4198 ἀποκρίσεως
1380 4127 1514 4201 πρὸς
1548 4129 1616 4183 τὰ
1660 4132 1871 4203 ὲπηπο-

277 4215 498 4286 ρημένα
523 4215 698 4286 ἔχοιτο
718 4218 778 4272 τὸ
802 4219 1114 4291 λεγόμενον,
1141 4222 1223 4274 ὅτι
1248 4221 1492 4293 καὶπερὶ
1518 4221 1708 4277 τούτου
1740 4241 1874 4295 προ-

276 4308 452 4377 φῆται
484 4311 766 4381 προεῖπον.
824 4311 1137 4383 Γέγραπται
1193 4313 1303 4384 γὰρ
1350 4313 1408 4367 ὲν
1445 4312 1724 4386 ἑξηκοστῷ
1777 4318 1872 4369 καὶ

271 4399 455 4470 ὀγδόῳ
483 4400 683 4472 ψαλμῷ
713 4404 778 4455 ὲκ
803 4403 1093 4476 προσώπου
1123 4404 1218 4458 τοῦ
1247 4404 1516 4476 Χριστοῦ·
1555 4426 1574 4458 ι
1606 4408 1716 4461 Kal.
1743 4408 1871 4462 ἔδω-

271 4509 386 4545 καν
413 4494 490 4556 εἰς
524 4493 585 4546 τὸ
613 4493 810 4567 βρῶμά
844 4513 944 4567 μου
979 4496 1172 4568 χολὴν,
1212 4499 1305 4552 καὶ
1333 4499 1410 4561 είς
1443 4499 1544 4570 τὴν
1577 4500 1736 4570 δίψαν
1769 4519 1868 4572 μου

274 4581 540 4638 ὲπότισάν
572 4603 639 4656 με
673 4586 810 4651 ὅξος.
843 4605 861 4638 ι
891 4587 961 4640 Ἦ
992 4587 1300 4657 λεγέτωσαν
1339 4587 1703 4655 Ἰουδαῖοι,τίς
1725 4593 1872 4646 ἐστιν

273 4677 307 4728 6
345 4677 403 4728 ἐν
437 4675 515 4747 τῷ
544 4680 798 4751 προφήτῃ
824 4678 994 4734 ταῦτα
1023 4680 1196 4751 λέγων
1215 4683 1330 4745 ,καὶ
1359 4684 1870 4756 παραστησάτωσαν

273 4767 393 4822 ἀπὸ
421 4769 523 4840 τῆς
554 4770 797 4843 ἱστορίας
829 4772 920 4826 τὸν
954 4773 1280 4845 ἀνειληφότα
1307 4778 1387 4840 είς
1423 4777 1483 4830 τὸ
1515 4775 1712 4847 βρῶμα
1744 4779 1873 4831 ἑαυ-

270 4859 374 4914 τοῦ
417 4861 605 4933 χολὴν,
643 4864 736 4916 καὶ
763 4863 1082 4918 ποτισθέντα
1110 4864 1250 4930 ὅξος.
1286 4869 1354 4919 Ἢ
1377 4868 1482 4922 κᾶν
1511 4868 1870 4940 τολμησάτω-

276 4969 380 5006 σαν
407 4951 609 5022 λέγειν,
637 4955 696 5008 ὃν
736 4955 937 5010 οἴονται
967 4958 1325 5030 ἐπιδημήσειν
1358 4960 1594 5031 Χριστὸν
1650 4960 1870 5032 μέλλειν

271 5045 336 5098 ὲν
358 5044 573 5109 τούτοις
597 5047 917 5116 γίγνεσθαι·
945 5050 1011 5104 ἵν’
1031 5052 1193 5121 ἡμεῖς
1219 5053 1481 5123 εἴπωμεν.
1509 5053 1574 5107 Τί
1598 5050 1690 5108 οῦν
1709 5055 1870 5110 λυπεῖ

270 5133 376 5206 ἤδη
410 5136 694 5202 γεγονέναι
731 5138 791 5190 τὸ
825 5141 1226 5211 προφητευθέν;
1257 5142 1434 5213 Ὅπερ
1463 5145 1556 5198 καὶ
1597 5146 1730 5199 αὐτὸ
1761 5147 1868 5220 πρὸ

272 5228 550 5283 τοσούτων
580 5230 769 5301 λεχθὲν
796 5233 1021 5304 χρόνων,
1047 5234 1229 5288 ἱκανόν
1256 5238 1372 5290 ἐστι
1405 5238 1544 5308 μετά
1569 5239 1676 5294 τῶν
1693 5240 1867 5295 ἄλλων

353 5416 400 5449 ⁸⁸
433 5416 564 5473 Luc.
581 5428 742 5477 χχιιι,
759 5418 849 5474 45.

350 5576 464 5639 (89)
497 5575 744 5631 Δικαιοῖ.
773 5578 1087 5634 Boherellus
1113 5579 1261 5646 legit,
1287 5579 1518 5646 δικάζει.

1977 3301 2318 3358 exclamasse
2347 3315 2360 3352 :
2397 3319 2414 3352 ι
2449 3297 2590 3355 Vere
2628 3300 2718 3356 hic
2749 3300 2913 3356 homo
2939 3297 3111 3353 Filius
3155 3299 3248 3354 Dei
3279 3309 3400 3355 erat
3431 3299 3497 3353 ⁸³.
3533 3316 3556 3355 ι

2046 3576 2134 3631 '57.
2189 3575 2386 3630 Postea
2429 3575 2592 3630 homo
2641 3574 2730 3630 ille
2759 3575 2854 3644 qui
2887 3591 2994 3629 non
3028 3573 3130 3629 alia
3166 3591 3234 3630 ex
3271 3573 3565 3646 Evangelia

1977 3667 2139 3722 aliert
2166 3683 2328 3736 quam
2358 3683 2479 3736 qua:
2508 3677 2701 3722 notare
2728 3681 2891 3735 posse
2925 3675 3101 3736 putat,
3125 3664 3254 3722 Jesu
3287 3668 3418 3721 vitio
3445 3669 3561 3732 dat,

1981 3775 2001 3810 ι
2035 3757 2180 3827 quod
2205 3757 2294 3813 siti
2321 3758 2635 3826 compulsus
2682 3773 2915 3827 eamque
2944 3757 3296 3828 impatienter
3339 3757 3561 3826 ferens,

1974 3865 2137 3922 quam
2170 3859 2350 3905 tamen
2384 3851 2468 3904 vel
2494 3851 2672 3918 quivis
2695 3865 2725 3905 e
2751 3849 2903 3918 plebe
2927 3850 3200 3918 patienter
3228 3865 3372 3920 saepe
3395 3849 3562 3905 susti-

1975 3953 2101 4012 net,
2157 3943 2228 3998 fel
2276 3954 2332 3999 et
2363 3953 2575 3998 aceturn
2626 3943 2803 3997 avidis
2853 3941 3102 3996 faucibus
3147 3941 3412 3997 hauserit.
3450 3959 3470 3993 I
3505 3940 3560 3994 ld

1974 4037 2194 4106 quidem
2225 4052 2388 4092 sensu
2420 4035 2761 4106 tropologico
2793 4035 3060 4103 explicari
3087 4043 3271 4102 posset
3299 4047 3314 4086 :
3345 4033 3444 4088 sed
3474 4033 3562 4088 hic

1975 4130 2110 4184 satis
2147 4128 2314 4183 fuerit
2347 4143 2692 4183 communem
2743 4127 2884 4181 hanc
2947 4126 3350 4196 responsionem
3407 4125 3564 4178 adhi-

1973 4221 2124 4284 bere,
2161 4220 2289 4276 illud
2321 4236 2351 4274 a
2393 4220 2672 4290 prophetis
2723 4219 2892 4274 fuisse
2944 4219 3390 4288 prmuuutialum.
3424 4216 3560 4272 Nam

1976 4314 2027 4366 in
2063 4313 2274 4383 psalmo
2305 4313 2650 4382 sexagesimo
2681 4320 2874 4366 octavo
2904 4312 3168 4381 scriptum
3205 4320 3288 4366 cst
3318 4326 3385 4364 ex
3436 4326 3562 4380 per-

1973 4421 2108 4460 sona
2141 4405 2344 4460 Christi
2376 4423 2390 4458 :
2429 4422 2448 4455 ι
2481 4403 2762 4458 Dederunt
2800 4404 2853 4458 iu
2885 4418 3067 4458 escam
3096 4419 3272 4457 meam
3303 4403 3393 4466 fel,
3418 4413 3473 4457 et
3503 4403 3557 4458 iII

1975 4498 2061 4552 siti
2105 4512 2225 4550 mea
2269 4506 2596 4565 putaverunt
2630 4512 2716 4552 me
2769 4505 2926 4550 aceto
2953 4495 3020 4549 “.
3059 4514 3078 4546 ι
3134 4493 3330 4550 Dicant
3362 4493 3558 4560 Judaei,

1904 4572 1946 4626 D
1975 4591 2100 4660 quis
2133 4592 2248 4644 haec
2281 4589 2422 4658 apud
2472 4589 2790 4660 prophetam
2821 4588 3007 4642 dicat:
3041 4586 3200 4643 nobis
3228 4601 3296 4641 ex
3328 4585 3558 4640 historia

1974 4683 2210 4753 aliquem
2241 4681 2560 4747 exhibeant,
2601 4682 2693 4752 qui
2735 4693 2834 4747 pro
2872 4693 2998 4733 esca
3035 4678 3158 4733 felle
3205 4692 3340 4733 usus
3371 4676 3557 4744 fuerit,

1973 4787 2029 4832 et
2059 4785 2216 4832 aceto
2249 4791 2351 4846 pro
2394 4785 2544 4845 potu.
2595 4775 2704 4830 Aut
2737 4775 2782 4829 si
2831 4774 3017 4828 dicere
3047 4772 3162 4826 ausi
3211 4772 3415 4825 fuerint
3444 4772 3563 4825 haec

1972 4869 2039 4924 de
2065 4869 2282 4925 Christo
2309 4885 2472 4938 quem
2508 4878 2798 4922 venturum
2827 4874 3174 4936 exspectant,
3209 4862 3562 4934 intelligenda.

1970 4979 2128 5029 esse;
2184 4963 2446 5017 continuo
2501 4976 2601 5016 nos
2637 4975 2966 5032 reponemus
3004 4976 3020 5014 :
3052 4959 3182 5028 quid
3219 4965 3366 5012 vetat
3416 4969 3555 5026 quo-

1974 5056 2152 5110 minus
2196 5054 2301 5109 hoc
2329 5069 2357 5107 a
2397 5053 2677 5124 prophetis
2711 5054 3031 5122 praedictum
3065 5051 3351 5107 evenerit?
3396 5048 3566 5105 Certe

1973 5148 2079 5202 hoc
2109 5147 2426 5202 vaticinium
2457 5147 2614 5216 longe
2645 5155 2773 5200 ante
2806 5147 3014 5202 Christi
3047 5154 3290 5213 tempora
3321 5142 3556 5206 editum,

1974 5241 2203 5310 aliaeque
2251 5241 2582 5312 prophetica:
2633 5239 3042 5309 praedictiones,
3073 5238 3120 5293 si
3165 5237 3289 5308 quis
3320 5233 3559 5290 candide

925 5420 968 5451 ⁶¹
1006 5419 1165 5476 Joau.
1198 5437 1313 5490 xIx,
1355 5423 1444 5477 54.
1521 5424 1566 5454 ⁸³
1590 5423 1723 5480 Luc.
1753 5440 1911 5491 χχιιι,
1939 5424 2032 5478 47.
2113 5425 2161 5457 ⁸⁵
2195 5424 2346 5480 Psal.
2378 5439 2572 5489 ιιιιίιι,
2603 5423 2696 5480 22.

2034 5583 2149 5655 (92)
2180 5582 2392 5655 Kaiph
2425 5577 2962 5655 6taxapteprigart}
2994 5579 3110 5646 τὴν
3137 5576 3328 5655 δίψαν
3343 5572 3432 5655 ᾖς
3457 5572 3560 5655 καὶ

351 5647 669 5723 {90)13mhl.
710 5649 913 5723 Regius
940 5659 996 5704 et
1026 5645 1393 5723 ABasi'leensis,
1429 5645 1769 5723 ὑϐρίζοντας
1800 5653 1863 5706 τὸ

1985 5657 1996 5706 5
2029 5645 2229 5722 τυχὼν
2262 5645 2574 5723 ἀῦθρωπος
2598 5645 2896 5717 πολλάκις
2921 5645 3306 5723 διακαρτερεῖς
3324 5645 3464 5723 ἸΙωο
3501 5647 3556 5698 iu

271 5717 458 5791 Osiov.
490 5716 936 5791 Dquuglicaui,
973 5759 988 5782 ,
1021 5721 1404 5791 ἐνυϐρίζοντας
1433 5723 1493 5775 τὸ
1517 5716 1695 5778 Θείον.

1964 5717 2140 5778 autea'
2162 5725 2323 5780 editis
2351 5717 2562 5778 omissa
2609 5723 2906 5777 restituunt
2953 5735 3145 5774 omnes
3199 5717 3359 5773 codd.
3415 5731 3549 5768 mss.

351 5788 468 5867 (ἔῃ)
503 5789 656 5867 hibb.
683 5791 1021 5867 anteauetliti,
1043 5790 1094 5843 τί
1123 5786 1255 5867 φησι
1281 5793 1396 5867 καί.
1428 5793 1535 5847 Sed
1567 5809 1690 5849 cum
1720 5795 1862 5849 istud

1985 5794 2082 5867 dux
2126 5793 2410 5852 Bohcrcllo
2461 5795 2748 5867 legendum
2801 5792 3044 5858 videtur,
3077 5790 3173 5846 καὶ
3204 5787 3362 5842 τοῦτο
3415 5786 3554 5850 ἰδίας

272 5857 612 5987 inﬁnita
641 5875 670 5914 a
701 5875 802 5914 ms.
833 5860 1026 5932 Regio,
1052 5871 1108 5918 et
1133 5857 1420 5931 redundet,
1447 5867 1860 5938 expungendum

1967 5865 2080 5936 μέν.
