3902 6414
515 351 617 408 1⁷59

1945 375 2265 436 ORIGENIS

3655 405 3751 460 860

516 485 606 525 res
637 482 818 538 gestas
846 490 1030 532 omnes
1059 482 1422 549 perpenderit,
1453 488 1666 544 abunde
1715 503 1835 547 sunt
1868 504 1924 548 ut
1949 512 2025 565 pel

516 561 770 593 ρεισιΛινηιι
809 563 981 593 Imm...
1017 581 1137 593 ,μη-ς
1172 586 1280 593 Α---
1320 589 1378 593 -__
1498 579 1554 593 η.
1610 581 1622 592 .
1663 590 1671 593 _
1935 589 1946 593 _

2132 517 2143 561 ι
2175 505 2522 575 προφητικῶν
2544 509 2900 580 προγνώσεων
2916 511 3027 585 (93)
3051 516 3267 588 κινῆσαι
3289 518 3378 574 τὸν
3398 519 3751 593 εὐγνωμόνως

511 561 774 615 suadeant
800 563 982 618 Jesum
1015 581 1138 622 eum
1167 586 1285 626 esse
1312 589 1471 643 quem
1495 579 1767 637 Christum
1798 589 2072 656 propheta:

515 650 714 719 Deique
735 653 928 708 Filium
951 659 1529 729 prmsignilicavcrunt.

575 738 664 792 58,
700 741 792 796 Sic
833 744 1030 800 deinde
1078 763 1180 804 nos
1218 753 1412 811 iterum
1471 759 1777 834 interpellat
1805 767 2064 827 Judmus:

509 845 529 876 ι
563 827 724 885 Nobis
763 833 930 900 igitur
955 838 1171 895 crimini
1221 844 1445 917 ducitis,
1473 867 1506 906 ο
1540 854 1844 915 fidelissimi
1873 903 1887 928 ,
1924 865 2066 932 quod

502 919 644 975 hunc
679 939 778 992 pro
813 925 920 982 Deo
951 945 1057 985 non
1087 933 1413 1006 habeamus,
1449 947 1704 1017 quodque
1738 968 1842 1008 non
1878 971 2066 1011 assen-

499 1012 703 1069 tiamur
729 1016 878 1073 illum
929 1021 1212 1081 hominum
1255 1045 1416 1086 causa
1448 1050 1668 1104 passum
1706 1059 1826 1100 esse
1853 1087 1869 1112 ,
1906 1057 1963 1101 ut
2011 1059 2064 1105 et

496 1120 594 1160 nos
624 1109 882 1178 supplicia
920 1128 1024 1170 non
1083 1120 1583 1186 pertimescamus?
1618 1151 1636 1184 ι
1691 1133 1773 1190 Ad
1831 1153 1951 1207 quae
1983 1142 2060 1197 sic

490 1195 654 1268 417
717 1206 1166 1266 respondebimus
1219 1231 1234 1268 :
1291 1214 1496 1276 Iudaeis
1559 1224 1778 1292 quidem
1845 1195 2059 1288 crimini

491 1289 761 1361 ducimus,
795 1299 938 1365 quod
969 1299 1085 1371 lege
1108 1309 1163 1356 et
1199 1309 1479 1374 prophetis
1503 1289 1754 1372 innutriti
1782 1317 2057 1376 Christum

487 1388 993 1454 praenuntiantibus.
1030 1410 1205 1464 neque
1233 1399 1446 1456 solvant
1490 1419 1810 1476 argumenta
1863 1415 2059 1485 quibus

487 1467 672 1526 Jesum
697 1489 817 1532 esse
840 1477 1120 1537 Christum
1145 1483 1608 1564 demonstramus,
1633 1506 1686 1550 et
1703 1512 1854 1554 suam
1884 1503 2060 1559 incre-

486 1563 764 1622 dulitatem
795 1570 896 1626 hoc
923 1577 1138 1632 nomine
1159 1591 1477 1652 praetexam,
1505 1590 1648 1656 quod
1671 1605 1734 1645 ea
1761 1594 2050 1665 solverint;

486 1669 683 1724 neque,
710 1675 832 1714 cum
860 1674 1046 1720 nostra
1078 1683 1397 1742 argumenta
1422 1677 1636 1735 solvere
1657 1695 1948 1753 nequeant,
1980 1688 2052 1754 ei,

483 1763 643 1815 quem
667 1755 1346 1833 prophetaaprazdixerunt,
1368 1767 1603 1825 habeant
1633 1773 1790 1829 {idem
1825 1795 1837 1829 :
1865 1792 2050 1846 quam-

482 1839 565 1893 vis
591 1850 644 1894 et
673 1855 794 1911 post
830 1859 1094 1918 susceptae
1127 1864 1327 1910 nostra:
1368 1868 1574 1916 natura:
1606 1872 1812 1934 tempus
1853 1869 1903 1922 in
1937 1870 2049 1925 suis

479 1928 760 1999 discipulis
786 1935 1007 2002 planmn
1049 1949 1104 1994 et
1132 1944 1351 2002 evidens
1384 1949 1575 2006 fecerit
1604 1969 1684 2022 se,
1715 1928 1838 2013 haec
1867 1961 2046 2028 perfe-

478 2019 670 2086 rendo,
703 2026 1044 2084 consuluisse
1081 2032 1357 2092 hominum
1392 2041 1613 2099 utilitati
1650 2063 1665 2098 :
1697 2047 1749 2101 id
1789 2049 1840 2102 in
1868 2052 2046 2119 primo

476 2109 710 2165 adventu
747 2115 847 2170 sibi
879 2133 1275 2190 proponentem
1308 2145 1412 2184 non
1454 2133 1701 2191 homines
1727 2139 1879 2207 prius
1902 2142 2045 2210 judi-

474 2212 603 2252 care
629 2215 786 2269 quam
825 2220 888 2260 ea
935 2223 1054 2278 qua:
1081 2213 1212 2282 ipsis
1245 2216 1491 2276 facienda
1521 2235 1728 2294 essent,
1756 2230 2039 2302 edoceret;

473 2302 577 2344 nec
604 2295 790 2350 statim
828 2301 1002 2356 malos
1033 2308 1225 2373 punire
1255 2319 1310 2363 et
1340 2311 1602 2371 felicitate
1627 2319 1826 2376 donare
1850 2322 2040 2394 bonos,

470 2383 568 2436 sed
620 2392 888 2456 stupendo
937 2409 1158 2464 prorsus
1209 2403 1373 2457 modo
1423 2413 1478 2459 et
1533 2408 1712 2464 divina
1747 2413 1945 2471 virtute
1985 2421 2038 2474 in

468 2487 636 2531 omne
689 2477 965 2537 hominum
1014 2502 1186 2556 genus
1235 2507 1388 2548 suam
1450 2496 1755 2558 doctrinam
1784 2505 2038 2565 dissemi-

467 2579 621 2633 nare,
655 2578 710 2622 ut
736 2575 1014 2642 prophetae
1049 2581 1331 2639 vaticinati
1368 2585 1603 2644 fuerant.
1633 2591 1857 2651 Crimini
1887 2600 2038 2656 duci-

467 2667 588 2710 mus
641 2660 785 2727 quod
810 2665 1330 2728 excellentissimam
1364 2687 1693 2747 potestatem
1733 2686 2034 2749 declarauti

464 2746 659 2800 nedum
707 2754 1062 2827 crediderint,
1089 2762 1156 2816 ab
1204 2763 1296 2820 illo
1336 2746 1611 2828 daemones
1644 2774 1698 2828 in
1727 2746 2033 2839 Beelzebub

463 2837 709 2908 principe
742 2843 1130 2907 dmmoniorum
1165 2855 1288 2926 ejici
1329 2874 1395 2914 ex
1434 2864 1614 2921 anima
1647 2868 1922 2928 hominum
1953 2876 2034 2931 di-

459 3027 518 3070 ut
554 3021 752 3092 ubique
783 3042 1008 3098 regnum
1041 3035 1133 3090 Dei
1178 3021 1550 3114 annuntiaret,
1583 3021 1686 3105 non
1718 3057 1925 3123 urbem,
1959 3075 2027 3116 ne

456 3108 638 3165 vicum
687 3117 902 3183 quidem
957 3121 1154 3181 Judaeae
1197 3131 1347 3187 adire
1379 3108 1704 3208 dedignatus
1752 3108 2026 3213 est—,ﬂh'anc

454 3199 574 3270 ejus
627 3205 1016 3279 benignitatem
1061 3217 1114 3272 in
1173 3221 1434 3280 invidiam
1476 3231 1832 3304 adduxerim,
1864 3246 2021 3310 quasi

446 3294 810 3362 vagabundus
866 3305 980 3360 haec
1029 3307 1144 3365 loca
1200 3328 1585 3391 pererrasset,
1642 3329 1803 3385 anxie
1857 3333 2019 3391 vitam

455 3387 677 3490 trahens
711 3393 764 3446 in
801 3395 1023 3465 ignobili
1049 3419 1298 3474 corpore.
1333 3409 1450 3467 Non
1481 3387 1629 3472 enim
1675 3421 1911 3490 ignobile
1939 3387 2022 3484 est

456 3474 596 3531 tales
653 3493 925 3542 aerumnas
979 3495 1268 3564 sustinere,
1313 3509 1369 3553 ut
1410 3504 1562 3560 utilia
1595 3522 1863 3583 praecepta
1907 3525 2020 3574 tra-

452 3563 654 3621 dantur
684 3571 764 3626 eis
794 3577 884 3642 qui
919 3593 1114 3650 capere
1149 3586 1237 3641 illa
1274 3603 1523 3658 possunt.

518 3657 609 3770 32.
633 3661 875 3770 lI'Ec'quod
907 3675 1250 3734 manifestius
1278 3685 1644 3759 mendacium,
1678 3707 1839 3762 quam
1871 3707 2016 3770 quod

446 3744 526 3798 ait
552 3745 692 3802 Celsi
718 3750 958 3824 Judaeus,
985 3779 1005 3812 ι
1040 3761 1246 3834 Jesum,
1273 3785 1392 3826 cum
1425 3780 1699 3837 neminem
1726 3744 2011 3861 potuisset,

447 3839 685 3861 ι-ηιιηιΛὲ--
715 3844 764 3861 --υ
812 3846 844 3861 ι-
1132 3857 1142 3861 -

445 3839 685 3903 quandiu
715 3844 871 3911 vixit,
907 3857 1262 3927 persuadere,
1289 3877 1360 3918 ne
1402 3879 1531 3922 suos
1565 3839 1858 3944 discipulos
1889 3839 2010 3949 qui:

448 3927 563 3949 _,__
649 3933 700 3949 ..
826 3938 864 3949 ..

1702 3927 1727 3944 τ
1749 3927 1856 3933 με-
1891 3927 1976 3949 Ἰ-.

443 3927 592 3995 dem,
648 3933 731 3990 his
784 3938 1038 3998 allectum
1085 3963 1204 4005 esse
1253 3956 1628 4025 suppliciis?»
1669 3966 1824 4023 Unde
1864 3975 2009 4030 enim

439 4016 705 4078 adversus
765 4041 889 4083 eum
940 4037 1296 4110 pontiﬁcum,
1355 4048 1651 4120 seniorum,
1702 4061 2006 4122 scribarum

436 4106 748 4171 Judaaorum
790 4125 994 4180 exarsit
1041 4128 1268 4199 invidia,
1303 4136 1409 4192 nisi
1469 4145 1614 4209 quod
1653 4161 1750 4203 sua
1787 4166 2006 4220 persua-

436 4201 600 4258 dendi
644 4207 698 4262 vi
731 4209 817 4264 vel
851 4213 906 4267 in
939 4214 1153 4273 deserta
1181 4201 1525 4291 pertraheret
1558 4236 1742 4295 turbas
1781 4201 1899 4313 qua:
1930 4248 2001 4301 illi

432 4294 806 4368 adliwrebant,
837 4321 942 4360 non
985 4309 1161 4367 solum
1197 4317 1320 4385 quia
1355 4321 1763 4387 delectabantur
1797 4351 2002 4395 sermo-

431 4384 590 4442 nibus
619 4389 738 4460 ejus
772 4397 863 4464 qui
898 4413 1114 4471 semper
1142 4384 1469 4477 loquebatur
1495 4432 1616 4486 quae
1649 4384 1999 4488 audient-ibus

428 4487 788 4552 attemperata
843 4505 1048 4561 essent,
1085 4500 1178 4554 sed
1213 4514 1498 4573 propterea
1556 4517 1812 4584 maxime,
1855 4526 1995 4591 quod
2031 4539 2074 4594 ι)

426 4572 711 4635 miraculis
755 4597 848 4639 eos
887 4586 938 4640 in
990 4589 1408 4651 admirationem
1445 4605 1710 4674 rapiebat,
1755 4607 1844 4680 qui
1876 4629 1994 4670 ser-

424 4671 676 4727 monibus
707 4672 867 4730 [idem
893 4679 1186 4753 adjungere
1226 4671 1798 4767 recusabant?_Nonne
1828 4706 1989 4762 etiam

424 4759 581 4826 plane
618 4767 958 4824 mendacium
986 4785 1092 4845 est,
1120 4797 1141 4830 ι
1176 4781 1325 4837 illum
1357 4801 1426 4840 ne
1455 4803 1585 4842 suos
1613 4793 1827 4859 quidem
1861 4814 1988 4866 per-

421 4853 663 4908 suasisse
691 4857 1025 4930 discipulos?
1062 4887 1082 4921 )
1118 4870 1378 4940 Equidem
1410 4853 1704 4935 humanum
1727 4853 1988 4957 quid-pra:

419 4940 616 4997 timore
652 4955 784 5003 tunc
822 4957 967 5022 passi
993 4969 1139 5029 sunt,
1175 4973 1360 5036 utpote
1390 4970 1628 5026 nondum
1665 4975 1732 5029 ad
1764 4975 1985 5037 fortitu-

487 5188 599 5330 (95)
634 5191 993 5264 llmschelius,
1030 5205 1299 5271 γνὼσεων.

487 5261 576 5330 (94
630 5268 1299 5330 Πρυκαταγτέλ.ίουσι.ξ

484 5261 1248 5354 (94)Ιῃρυκιιζᾳγπςέλζῖουσι.
1275 5261 1365 5354 Sic
1392 5296 1582 5342 mnnes
1613 5304 1745 5349 mss.
1779 5296 1983 5354 rectius

409 5345 586 5415 quanta
608 5333 736 5415 lilii).
769 5333 933 5415 editi,
949 5333 1509 5415 ύποκαταγγέλλουσι.

481 5400 591 5472 (95)
634 5403 853 5496 Ὠςρμέὴ
897 5412 1115 5496 τὶύοιισι
1149 5400 1826 5496 πιστοῦ-εξεληιοςοηιίιιιιι
1858 5451 1981 5489 cum

411 5469 1078 5556 iitte‘aprete.Gelenio.1.bq
1097 5487 1205 5556 νμὴ
1257 5487 1475 5556 λύοντες
1506 5469 1839 5556 πισιῖτεύουσι.

481 5539 592 5610 (96)
628 5544 739 5636 Kal!
775 5547 886 5613 πρὸ
916 5550 1041 5636 τοῦ.
1059 5539 1074 5546 ⁷
1093 5539 1205 5636 v'ei'
1235 5539 1870 5636 (ιεέιέὶιὶιὶἷιιΓῖεὶῖιὶῖ’ἐάὶ,
1898 5574 1982 5629 vel

409 5615 818 5698 cxp‘tnt‘g'c‘pdum
855 5627 1205 5698 sequens_xu1
1233 5629 1327 5698 μή.

607 5682 620 5699 ⁹
633 5678 1051 5778 ρξᾴρχουόναν.
1077 5678 1247 5778 οι·ιοῖ
1260 5678 1542 5778 legendum
1555 5707 1976 5778 .-ὑπερέχουσαι

479 5748 593 5820 (98)
632 5748 990 5814 ιιὶὺιὶ.”ιιιιιθ;ι
1042 5748 1198 5834 editi,

2174 591 2270 646 ὅλα
2292 593 2362 647 τά
2385 597 2682 669 πράγματα
2708 602 3050 673 ἐξετάζοντα,
3074 609 3209 680 πρὸς
3227 611 3289 664 τὸ
3316 591 3749 680 συγκαταθέσθαι

2174 691 2300 753 ὡςΧ
2313 691 2909 767 ριστῷπροφητευθέντι
2933 703 3028 756 καὶ
3047 703 3158 774 Υῐῷ
3174 705 3265 758 τοῦ
3287 705 3423 759 Θεοῦ
3448 707 3528 778 τῷ
3557 708 3746 778 Ἰησοῦ.

2245 783 2400 837 Μετὰ
2453 786 2627 840 ταῦτά
2681 808 2846 862 φησιν
2895 795 2974 848 ἐτι
3012 800 3146 866 πρὸς
3208 799 3359 867 ἡμᾶς
3405 801 3433 852 ὁ
3462 801 3744 864 Ἰουδαῖος·

2175 890 2194 923 ι
2230 873 2394 927 Ταῦτ’
2418 875 2513 931 οὖν
2539 881 2670 950 ἡμῖν
2698 883 2998 951 ἐγκαλεῖτε,
3029 881 3074 940 ὦ
3102 888 3442 954 πιστότατοι,
3468 890 3604 944 διότι
3630 891 3747 944 τοῦο

2167 982 2259 1021 τον
2285 967 2346 1020 οὐ
2372 970 2661 1042 νομίζομεν
2681 974 2835 1038 Θεὸν,
2864 977 2983 1031 ούδέ
3003 981 3360 1052 συντιθέμεθα
3390 984 3542 1054 ὑμῖν,
3562 986 3643 1039 ὅτι
3663 988 3744 1040 ἐπ’

2167 1056 2468 1128 ἀνθρώπων
2499 1062 2734 1136 ὠφελείᾳ
2767 1067 2934 1121 ταῦτα
2969 1070 3261 1141 ὑπέμεινεν
3292 1113 3309 1139 ,
3343 1074 3440 1146 ἵνα,
3463 1076 3562 1128 καὶ
3593 1078 3747 1148 ἡμεῖς

2166 1149 2440 1204 κολάσεων
2469 1158 2928 1230 καταφρονῶμενς
2967 1181 2986 1212 ι
3024 1164 3133 1216 Καὶ
3165 1165 3301 1238 πρὸς
3326 1165 3505 1219 ταῦτα
3540 1167 3599 1220 δὲ
3645 1170 3744 1240 φή-

2166 1257 2351 1313 σομεν,
2389 1245 2470 1298 ὅτι
2518 1247 2853 1320 ἐγκαλοῦμεν
2895 1253 3170 1317 Ἰουδαίοις
3193 1294 3208 1318 ,
3241 1257 3558 1327 ἐντραφεῖσι
3600 1260 3744 1331 νόμῳ

2163 1336 2259 1389 καὶ
2304 1339 2608 1410 προφήταις
2644 1345 2754 1406 τοῖς
2783 1344 3014 1415 Χριστὸν
3047 1348 3587 1418 προκαταγγέλλουσι
3610 1351 3737 1423 (94),

2162 1428 2283 1481 ἐπεὶ
2318 1431 2452 1501 μήτε
2482 1431 2548 1486 τὰ
2577 1435 2955 1506 προσαγόμενα
2976 1437 3163 1502 αὐτοῖς
3180 1439 3269 1507 ὑφ’
3302 1439 3463 1510 ἡμῶν
3496 1442 3578 1505 είς
3606 1442 3738 1494 ἀπό-

2160 1517 2323 1584 δειξιν
2356 1523 2484 1592 περὶ
2527 1522 2620 1575 τοῦ
2663 1525 2849 1580 τοῦτον
2893 1523 3032 1582 εἶναι
3085 1528 3175 1582 τὸν
3209 1530 3445 1600 Χριστὸν
3498 1533 3736 1600 λύουσιν,

2160 1609 2453 1680 ἀπολογίαν
2489 1615 2832 1686 ποριζόμενοι
2872 1617 2967 1672 τοῦ
3007 1618 3080 1690 μὴ
3122 1621 3398 1675 πιστεύειν
3423 1623 3530 1693 τὴν
3560 1622 3736 1678 λύσινο

2162 1702 2298 1771 μήτε
2331 1703 2405 1766 ὡς
2449 1705 2522 1777 μὴ
2549 1705 2731 1760 λύουσι
2765 1709 3036 1764 πιστεύειν
3067 1712 3176 1781 (95)
3205 1711 3283 1783 τῷ
3308 1715 3739 1786 προφητευθέντι

2161 1792 2404 1863 ἐναργῶς
2455 1799 2863 1869 παραστήσαντι
2901 1801 2957 1853 ἐν
2984 1803 3096 1864 τοῖς
3136 1801 3547 1874 μαθητεύσασιν
3573 1807 3736 1877 αὐτῷ,

2155 1883 2248 1935 καὶ
2299 1884 2437 1952 μετὰ
2466 1886 2558 1938 τὸν
2594 1889 2783 1959 χρόνον
2805 1889 2903 1959 τῆς
2932 1891 3373 1962 ἐνσωματὼσεως
3404 1896 3625 1961 ἐαυτοῦ,
3660 1899 3737 1952 ὅτι

2153 1975 2239 2026 ἐπ’
2305 1975 2604 2047 ἀνθρώπων
2665 1978 2900 2051 ὠφελείᾳ
2965 1981 3118 2035 ταῦθ’
3183 1985 3482 2056 ὑπέμεινε’
3541 1991 3737 2042 σκοπὸν

2151 2061 2288 2135 ἔχων
2321 2065 2423 2135 τῆς
2457 2065 2680 2138 πρώτης
2708 2069 3000 2141 ἐπιδημίας
3026 2071 3145 2142 οὐχ).
3179 2074 3386 2145 κρίνειν
3425 2076 3497 2130 τά
3531 2077 3736 2150 ἀνθρὼ-

2149 2171 2286 2220 πων,
2345 2156 2439 2208 καὶ
2497 2158 2604 2229 πρὸ
2657 2159 2751 2213 τοῦ
2787 2159 2895 2231 (96)
2935 2161 3142 2229 διδάξαι
3193 2165 3287 2218 καὶ
3349 2167 3732 2240 μαρτύρασθαι

2146 2247 2275 2318 περὶ
2305 2247 2412 2302 τῶν
2446 2251 2763 2321 πρακτέων·
2796 2253 2889 2306 καὶ
2917 2253 2990 2325 μὴ
3017 2256 3141 2319 τοὺς
3175 2257 3274 2326 μὲν
3323 2261 3602 2332 πονηροὺς
3645 2280 3732 2316 κο-

2145 2337 2345 2403 λάζειν,
2382 2340 2508 2404 τοὺς
2536 2341 2584 2394 δ’
2617 2343 2854 2411 ἀγαθοὺς
2879 2344 3092 2410 σώζειν,
3128 2347 3262 2401 ἀλλά
3302 2353 3528 2422 σπεῖραι
3565 2370 3730 2424 παρα·

2141 2424 2308 2492 δόξως
2363 2429 2453 2483 τὸν
2501 2430 2694 2484 ἐαυτοῦ
2749 2432 2904 2501 λόγον
2937 2433 3032 2487 καὶ
3069 2436 3206 2505 μετά
3253 2455 3399 2502 τινος
3445 2439 3727 2511 δυνάμεως

2142 2517 2418 2591 θειοτέρας
2451 2522 2614 2574 παντὶ
2661 2523 2740 2594 τῷ
2784 2523 3086 2598 ἀνθρώπων
3118 2528 3282 2596 γένει,
3318 2530 3395 2593 ὡς
3431 2532 3480 2584 οἱ
3517 2533 3727 2603 προεξῆ-

2137 2624 2226 2660 ται
2247 2609 2527 2664 καὶταῦτα
2549 2614 2916 2686 παρέστησαν.
2944 2617 3063 2670 Ἔτι
3081 2617 3127 2670 δ’
3144 2619 3486 2691 ἐγκαλοῦμεν
3519 2623 3720 2687 αὐτοῖς,

2137 2697 2260 2750 ἐπεὶ
2302 2699 2400 2770 τὴν
2460 2701 2810 2773 ὑπάρχουσαν
2857 2704 2964 2776 (97)
3005 2705 3234 2777 δύναμιν
3290 2709 3721 2783 ἐπιδεικνυμένῳ

2135 2789 2235 2841 οὐκ
2262 2792 2606 2858 ἐπίστευσαν,
2662 2795 2774 2849 ἀλλ’
2815 2797 2873 2850 ἐν
2905 2797 3228 2863 Βεελξεϐοὺλ
3256 2799 3334 2870 τῷ
3367 2803 3591 2874 ἄρχοντι
3613 2805 3719 2858 τῶν

2133 2883 2421 2954 δαιμονίων
2454 2886 2708 2957 εἰρήκασι
2734 2888 2858 2952 τοὺς
2901 2889 3161 2962 δαίμονας
3208 2893 3370 2948 αὑτὸν
3413 2896 3719 2968 ἀποϐεϐλη-

2011 3009 2027 3036 ,
2132 2973 2286 3027 κέναι
2328 2977 2427 3048 τῆς
2455 2978 2562 3031 τῶν
2595 2977 2894 3051 ἀνθρώπων
2923 2981 3120 3053 ψυχῆς.
3167 2986 3600 3059 Ἐγκαλοῦμενᾶ
3633 2991 3713 3044 ὅτι

2133 3068 2226 3121 καὶ
2245 3068 2306 3121 τὸ
2337 3069 2714 3144 φιλάνθρωπον
2747 3075 2931 3141 αὐτοῦ,
2956 3079 3030 3150 μὴ
3057 3079 3436 3152 ὑπερορῶντος
3462 3085 3525 3137 οὐ
3555 3085 3712 3156 μόνον

2132 3160 2305 3225 πόλιν,
2342 3160 2454 3216 ἀλλ’
2484 3164 2601 3219 οὐδὲ
2637 3163 2832 3238 κώμην
2863 3169 2981 3233 τινὰ
3005 3171 3104 3242 τῆς
3143 3171 3422 3240 Ἰουδαίας,
3459 3176 3545 3229 ἴνα
3578 3195 3714 3231 παν-

2125 3248 2290 3319 ταχοῦ
2316 3251 2620 3326 ἀπαγγείλῃ
2653 3257 2750 3329 τὴν
2781 3257 3053 3328 βασιλείαν
3079 3259 3174 3314 τοῦ
3206 3263 3368 3330 Θεοῦ,
3397 3266 3711 3323 διαϐάλλον-

2123 3355 2234 3403 τες,
2279 3341 2485 3415 πλάνην
2511 3346 2908 3419 κατηγοροῦσιν
2961 3349 3127 3403 αὐτοῦ
3155 3350 3231 3414 ὡς
3274 3352 3577 3424 ἀλωμένου,
3611 3361 3708 3412 καὶ

2122 3430 2375 3497 ἀλύοντος
2425 3436 2484 3490 ἐν
2521 3437 2738 3505 ἀγεννεῖ
2768 3437 2997 3511 σώματι.
3031 3441 3104 3495 Ού
3133 3441 3242 3515 γὰρ
3275 3444 3506 3513 ἀγεννὲς
3527 3447 3589 3500 τὸ
3617 3466 3708 3501 το-

2123 3523 2342 3588 σούτους
2369 3527 2654 3598 ὑπομεῖναι
2684 3530 2824 3602 ὑπὲρ
2857 3531 3122 3602 ὠφελείας
3155 3534 3264 3588 τῶν
3287 3539 3566 3610 πανταχοῦ
3588 3540 3702 3613 (98)

2119 3615 2335 3670 ἀκούειν
2366 3618 2676 3690 δυναμένων
2705 3623 2916 3688 πόνους.

2184 3707 2309 3772 Πῶς
2345 3709 2390 3762 δ’
2429 3712 2529 3764 οὐκ
2566 3713 2824 3786 ἄντικρυς
2854 3715 3047 3785 ψεῦδος
3084 3717 3146 3771 τὸ
3185 3720 3290 3774 ὑπὸ
3328 3722 3422 3775 τοῦ
3452 3722 3600 3797 παρὰ
3619 3722 3701 3794 τῷ

2115 3797 2309 3868 Κέλσῳ
2352 3801 2605 3855 Ἰουδαίου
2635 3803 2948 3874 λεγόμενον,
2978 3806 3059 3859 ὅτι
3093 3825 3112 3857 ι
3148 3809 3350 3880 μηδένα
3387 3812 3577 3875 πείσας
3600 3814 3700 3882 μέ-

2113 3905 2205 3957 χρι
2233 3890 2350 3962 ἔζη,
2376 3894 2469 3961 ὅγε
2503 3895 2636 3965 μηδὲ
2685 3895 2794 3966 (99)
2831 3896 2955 3960 τοὺς
2989 3899 3180 3952 ἑαυτοῦ
3213 3902 3483 3972 μαθητὰς,
3505 3905 3697 3958 ἐκολά-

2114 3978 2214 4050 σθη
2268 3983 2362 4035 καὶ
2416 3984 2640 4037 τοιαῦτα
2691 3985 2980 4056 ὑπέμεινε;
3019 4007 3038 4039 ι
3073 3989 3244 4043 Πόθεν
3286 3991 3396 4063 γὰρ
3428 3996 3456 4046 ὁ
3498 3994 3693 4062 φθόνος

2111 4073 2214 4127 ὑπὸ
2245 4075 2353 4129 τῶν
2406 4077 2557 4147 παρά
2598 4079 2866 4144 Ἰουδαίοις
2905 4083 3205 4155 ἀρχιερέων
3246 4085 3341 4138 καὶ
3385 4087 3690 4157 πρεσϐυτέ-

2109 4183 2217 4238 ρων
2261 4169 2353 4221 xui
2395 4171 2763 4241 γραμματέων
2799 4173 3019 4247 ἐκινήθη
3047 4178 3168 4229 κατ’
3194 4177 3383 4243 αὑτοῦ,
3421 4179 3453 4249 ἢ
3485 4181 3547 4232 ἐκ
3585 4178 3687 4231 τοῦ

2106 4255 2282 4328 πλήθη
2341 4260 2635 4330 πειθόμενα
2705 4263 3014 4318 ἀκολουθεῖν
3075 4267 3244 4338 αὐτῷ,
3292 4270 3388 4322 καὶ
3443 4271 3522 4333 είς
3580 4270 3687 4334 τὰς

2103 4349 2335 4420 ἐρημίας
2362 4352 2702 4424 κρατούμενα
2736 4355 2797 4407 οὐ
2836 4356 2993 4426 μόνον
3049 4358 3153 4411 ὑπὸ
3206 4361 3306 4429 τῆς
3359 4361 3468 4413 τῶν
3508 4362 3684 4431 λόγων

2101 4441 2264 4494 αὑτοῦ
2308 4443 2626 4510 ἀκολουθίας
2660 4444 2966 4519 ἁρμόζοντα
2999 4452 3112 4513 τοῖς
3155 4452 3447 4507 ἀκούουσιν
3479 4455 3562 4507 ἀεὶ
3597 4454 3684 4508 λέ-

2098 4550 2306 4602 γοντος,
2339 4536 2472 4590 ἀλλά
2521 4538 2615 4591 καὶ
2657 4543 2777 4603 ταῖς
2810 4541 3097 4613 δυνάμεσιν
3120 4544 3516 4616 ἐκπλήττοντος
3545 4549 3679 4612 τοὺς

2096 4623 2169 4694 μὴ
2210 4629 2275 4698 τῇ
2325 4627 2417 4681 τοῦ
2449 4627 2604 4698 λόγου
2635 4630 2796 4683 αὑτοῦ
2825 4632 3111 4705 ἀκολουθία
3137 4637 3522 4703 πιστεύονταςς
3546 4641 3680 4704 Πῶς

2089 4714 2136 4766 δ’
2167 4715 2268 4768 οὐκ
2287 4717 2543 4790 ἄντικρυς
2569 4721 2782 4790 ψεῦδος,
2815 4724 2931 4775 ὅτι(
2966 4725 3086 4776 οὐδὲ
3116 4728 3242 4790 τοὺς
3266 4729 3464 4783 ἐαυτοῦ
3486 4731 3677 4786 ἔπεισε

2092 4807 2361 4878 μαθητὰς,
2415 4831 2433 4861 ι
2469 4813 2594 4875 τοὺς
2642 4813 2910 4879 παθόντας
2960 4817 3058 4886 μὲν
3107 4817 3452 4889 ἀνθρώπινόν
3477 4839 3526 4875 τι
3557 4822 3676 4874 ἀπὸ

2085 4897 2286 4963 δειλίας
2328 4899 2449 4953 τότε
2493 4901 2721 4971 (οὐδέπω
2764 4905 2872 4976 γὰρ
2912 4902 3050 4978 ἦσαν
3103 4909 3240 4979 πρὸς
3275 4912 3495 4982 ἀνδρίαν
3529 4913 3670 4981 ἡκο-

2091 4990 2356 5063 νημένοι),
2386 4992 2445 5045 ού
2495 4991 2599 5064 μὴν
2647 4994 2715 5047 τὰ
2760 4994 3017 5067 κριθέντα
3061 4999 3243 5065 αὐτοῖς
3267 5000 3344 5065 ὡς
3378 5004 3504 5074 περὶ
3529 5003 3672 5074 Χρι-

2091 5239 2199 5287 τῶν
2255 5239 2553 5310 πανταχοῦ.
2609 5239 2713 5296 Sed
2766 5241 2843 5313 τῷ
2874 5243 3066 5316 Κέλσῳ
3100 5247 3254 5302 abest
3293 5253 3359 5306 ad
3405 5255 3662 5311 omnibus

2090 5319 2221 5384 mss.
2255 5319 2309 5360 et
2332 5314 2548 5365 merito.
2581 5311 2792 5368 Idcirco
2823 5315 2951 5369 illud
2983 5330 3012 5369 e
3046 5325 3193 5371 textu
3225 5331 3416 5377 nostro
3445 5341 3662 5394 expun-

2085 5388 2282 5524 “898).
2304 5448 2440 5530 Ὅτε
2457 5449 2631 5544 μηιὶἐ.
2669 5449 2758 5507 Sic
2790 5469 2982 5544 omnes
3015 5470 3167 5544 mss,
3198 5463 3440 5544 exceptis
3464 5463 3661 5544 ᾼηειῐ-

2081 5516 2521 5597 canis’qubcum
2563 5518 2834 5597 Spencern
2855 5516 3167 5597 pabent,6':i
3200 5516 3358 5597 μηδέ.
3394 5516 3658 5587 Gelenius

2079 5581 2350 5682 interpres
2379 5581 2615 5682 legebat,
2636 5593 2714 5682 ὅτι
2738 5581 3166 5682 μηδέναπείσας

2076 5653 2454 5716 τοὺςίέαυτοῦ
2490 5653 2754 5733 μαθητάς,
2799 5653 2971 5735 quam
3024 5653 3314 5724 lectionem
3363 5653 3652 5740 sequ'cntia

2079 5725 2418 5783 conﬁrmant.
3219 5767 3226 5776 ν
