4002 6522
303 410 406 469 861

1508 411 1783 470 CONTRA
1814 407 2090 466 CELSUM
2132 407 2254 462 LIB.
2300 406 2359 461 ll.

3451 403 3557 458 862

304 525 437 582 στοῦ
473 526 881 598 ἀποθεμένους;
925 531 982 584 '0
1019 533 1116 601 μὲν
1151 531 1259 602 γὰρ
1284 531 1490 602 Πέτρος
1528 528 1666 600 μετὰ
1689 529 1749 580 τὸ
1789 529 1879 597 ἀρ-

1989 523 2167 577 diuem
2210 519 2497 576 exercitati
2532 533 2546 573 :
2578 528 2630 574 at
2659 534 2763 575 non
2811 527 3082 574 exuerunt
3116 534 3276 589 quam
3305 519 3372 574 de
3404 533 3469 573 eo
3499 529 3558 574 ut

301 620 575 689 νήσασθαι
625 622 1039 692 συναισθόμενος
1073 620 1129 678 οἷ
1162 625 1348 693 γέγονε
1408 622 1614 688 κακῶν,
1656 618 1885 685 ἐξελθὼν

299 707 429 774 ἔξω,
474 708 702 762 ἔκλαυσε
754 713 964 780 πικρῶς
987 730 1000 742 ·
1034 715 1084 766 οἱ
1117 713 1172 766 δὲ
1201 712 1378 766 λοιποὶ
1416 710 1754 780 πεπληγότες
1783 707 1886 761 ὑπὸ

300 802 404 872 τῆς
448 804 536 854 ἐπ’
564 803 714 874 αὐτῷ
762 803 1000 876 ἀθυμίας
1034 806 1134 877 (ἔτι
1183 807 1293 878 γὰρ
1339 807 1500 860 αὑτὸν
1549 803 1883 875 ἐθαύμαζον)

300 897 712 972 ὲϐεϐαιὼθησαν
739 900 826 954 διὰ
856 901 955 972 τῆς
981 902 1300 972 ἐπιφανείας
1338 899 1503 956 αὐτοῦ
1535 900 1672 972 πρὸς
1700 899 1760 952 τὸ
1793 917 1884 952 πι-

302 985 518 1040 στεύειν
538 988 619 1041 ἔτι
639 989 836 1060 μᾶλλον
857 993 950 1044 καὶ
976 992 1320 1065 βεϐαιότερον
1341 990 1492 1063 παρά
1517 991 1577 1045 τὸ
1599 991 1882 1063 πρότερον,

297 1081 383 1134 ὅτι
414 1081 541 1146 Υἱὸς
571 1078 638 1154 ἦν
661 1083 753 1137 τοῦ
781 1083 936 1138 θεοῦ.

365 1346 480 1399 Καὶ
504 1347 826 1419 ἀφιλόσοφον
843 1349 898 1402 δέ
917 1367 969 1402 τι
999 1347 1183 1404 παθὼν
1198 1351 1226 1403 6
1246 1350 1472 1414 Κέλσος,
1490 1351 1588 1422 τὴν
1605 1351 1662 1405 ὲν
1682 1351 1885 1425 ἀνθρὼ-

296 1451 422 1500 ποις
450 1437 726 1510 ὑπεροχήν
756 1440 854 1492 οὐκ
884 1442 941 1492 ὲν
961 1439 1101 1512 λόγῳ
1131 1442 1402 1514 σωτηρίας
1433 1441 1616 1513 (υκαὶ
1639 1441 1757 1512 ήθει
1786 1460 1883 1495 κα-

295 1527 367 1580 θα
374 1528 454 1599 ρῷ
467 1530 795 1598 φαντάζεται
808 1527 966 1599 εἶναι,
982 1533 1116 1587 ἀλλά
1129 1536 1184 1587 ἐν
1197 1533 1274 1605 τῷ
1286 1533 1434 1605 παρὰ
1445 1535 1542 1605 τὴν
1559 1535 1811 1588 ὑπόθεσιν
1823 1530 1883 1588 οῦ

294 1623 562 1694 ἀνείληφε
578 1624 866 1696 προσώπου
896 1627 1138 1697 ποιῆσαι,
1153 1629 1248 1682 καὶ
1264 1627 1591 1699 ἀνειληφότα
1605 1629 1666 1682 τὸ
1691 1628 1884 1700 θνητὸν

297 1714 374 1784 μὴ
402 1714 696 1769 ἀποθανεῖν
717 1734 730 1747 ⁸
759 1718 790 1787 ἧ
816 1718 1107 1773 ἀποθανεῖν
1131 1720 1252 1786 μὲν,
1276 1721 1395 1790 οὐχὶ
1425 1721 1482 1774 δὲ
1515 1720 1760 1784 θάνατον,
1794 1720 1883 1774 τὸν

292 1807 598 1877 δυνάμενον
620 1811 967 1882 παράδειγμα
983 1813 1234 1881 γενέσθαι
1263 1815 1375 1878 τοῖς
1393 1815 1487 1867 καὶ
1516 1815 1606 1867 ὑπ’
1624 1814 1786 1867 αὑτοῦ
1805 1814 1880 1885 (9.)

290 1897 390 1951 τοῦ
413 1899 578 1971 ἔργου
596 1903 892 1973 είσομένοις
917 1905 1057 1976 ὑπὲρ
1078 1906 1361 1970 εὐσεϐείας
1389 1906 1772 1978 ἀποθνήσκειν,
1787 1909 1881 1961 καὶ

292 1991 773 2061 παρρησιάζεσθαι
838 1998 894 2048 ὲν
927 1996 1062 2068 αὐτῇ
1100 1998 1237 2068 πρὸς
1268 1998 1392 2062 τοὺς
1423 1999 1792 2070 ὲσφαλμένους
1823 2001 1880 2051 ἐν

288 2081 372 2150 τῷ
438 2085 568 2153 περὶ
639 2087 918 2150 εὐσεϐείας
961 2088 1055 2141 καὶ
1118 2089 1370 2153 ἀσεϐείας
1410 2091 1486 2161 (5)
1545 2091 1729 2160 τόπῳο
1789 2093 1882 2145 καὶ

289 2172 618 2242 νομίζοντας
671 2179 796 2241 τοὺς
852 2178 950 2249 μὲν
995 2181 1239 2244 εὐσεϐεῖς
1285 2179 1421 2235 εἶναι
1463 2181 1878 2246 ἀσεϐεστάτους,

288 2269 424 2331 τοὺς
449 2268 507 2322 δὲ
534 2270 915 2342 πλανωμένους
955 2275 1083 2344 περὶ
1113 2275 1270 2338 Θεοῦ,
1302 2277 1396 2329 καὶ
1425 2277 1589 2330 παντὶ
1625 2275 1877 2346 μᾶλλονῆ

289 2355 417 2426 Θεῷ
479 2360 888 2432 ἐφαρμόζοντας
960 2366 1056 2440 τήν
1111 2369 1238 2436 περὶ
1296 2366 1460 2420 αὑτοῦ
1525 2368 1880 2438 ἀδιάστροφον

288 2446 526 2512 ἔννοιαν,
575 2451 1054 2522 ὑπολαμϐάνοντας
1101 2449 1238 2507 εἶναι
1287 2454 1738 2517 εὐσεϐεστάτους’
1787 2454 1882 2506 καὶ

297 2541 540 2611 μάλιστα
597 2543 684 2595 ὅτε
736 2545 831 2598 καὶ
875 2544 970 2598 ἐπὶ
1019 2545 1080 2598 τὸ
1133 2547 1370 2620 ἀναιρεῖν
1409 2546 1621 2618 ὁρμῶσι
1651 2548 1778 2611 τοὺς
1813 2549 1878 2618 τῇ

292 2634 560 2706 ἐναργείᾳ
611 2634 702 2688 τοῦ
751 2637 868 2701 ἑνὸς
910 2641 1002 2692 κοιλ⁵
1047 2640 1140 2692 ἐπὶ
1181 2642 1314 2694 πᾶσι
1345 2641 1477 2694 Θεοῦ
1515 2643 1737 2705 ἑαυτοὺς
1785 2642 1881 2715 ὅλῃ

287 2727 445 2799 ψυχῇ
479 2727 639 2800 μέχρι
673 2728 903 2784 θανάτου
937 2732 1342 2796 έπιδεδωκότας.

375 2906 495 2959 Ἔτι
523 2907 569 2959 δ’
603 2907 825 2974 ἐγκαλεῖ
874 2909 951 2980 τῷ
997 2903 1169 2980 Ἰησοῦ
1208 2913 1236 2964 6
1281 2913 1489 2976 Κέλσος
1522 2913 1608 2968 διά
1634 2915 1725 2968 τοῦ
1760 2916 1882 2969 Ἰουο

282 2996 484 3050 δαῖκοῦ
506 2997 820 3069 προσώπου,
852 3020 868 3052 ι
893 3001 969 3065 ὡς
1001 3002 1073 3082 μὴ
1098 3002 1331 3066 δείξαντι
1358 3004 1548 3057 ἑαυτὸν
1580 3005 1796 3058 πάντων
1814 3006 1878 3079 δὴ

284 3086 483 3139 κακῶν
507 3086 898 3157 καθαρεύοντα.
940 3109 958 3140 ι
995 3091 1170 3143 Ποίων
1223 3091 1286 3162 δὴ
1337 3092 1542 3157 κακῶν,
1594 3093 1797 3162 λεγέτω
1851 3096 1881 3147 6

1990 613 2206 668 Christo
2255 622 2621 682 conceperant
2670 613 3007 682 Opinionem.
3061 611 3193 666 Natu
3245 611 3438 666 Petrus
3467 612 3555 665 vix

1991 717 2300 776 negaverat,
2334 721 2454 760 cum
2500 705 2744 759 sentiens
2771 721 2877 774 quo
2907 720 2965 759 se
3003 705 3267 758 malorqu
3311 705 3558 775 pra‘cipi-

1989 807 2176 861 tassct,
2214 813 2465 868 egressus
2496 809 2580 853 est
2621 797 2768 852 foras
2793 808 2847 852 et
2879 795 3026 851 ﬁevit
3059 812 3241 850 amare
3259 797 3336 862 ⁶⁹;
3368 797 3554 852 cmteri

1987 905 2114 944 vero
2175 905 2412 946 tttmrore
2467 891 2712 959 percussi
2763 904 2828 944 ex
2877 890 2942 944 iis
2978 904 3097 958 qua:
3135 889 3212 942 illi
3243 889 3557 943 acciderant

1987 981 2184 1053 (adhuc
2239 983 2383 1036 enim
2435 981 2584 1036 illum
2629 979 3089 1052 admirabantur),
3128 990 3412 1052 postquam
3449 979 3556 1033 illis

1986 1073 2406 1143 conspicabilem
2458 1089 2516 1127 se
2563 1084 2747 1142 postea
2805 1074 3055 1141 praebuit,
3115 1073 3350 1126 roborati
3409 1078 3552 1136 sunt,

1987 1165 2262 1234 multoque
2300 1165 2510 1219 ﬁrmius
2538 1180 2698 1236 quam
2733 1173 2890 1218 antea
2931 1179 3056 1219 eum
3090 1162 3185 1218 Dei
3213 1161 3405 1217 Filium
3436 1176 3558 1218 esse

1986 1256 2359 1310 crediderunt.

2057 1347 2324 1420 41840.
2341 1347 2618 1418 Indignum
2649 1357 2828 1402 autem
2845 1357 2928 1402 est
2946 1346 3268 1417 philosopho
3285 1346 3426 1416 quod
3452 1344 3554 1400 sibi

1987 1437 2040 1492 in
2073 1440 2314 1492 animum
2359 1439 2565 1492 inducit
2605 1437 2816 1500 Celsus,
2839 1435 2964 1492 Jesu
3003 1438 3373 1507 praestantiam
3419 1438 3560 1490 inter

1988 1530 2237 1584 homines
2257 1545 2363 1584 non
2390 1530 2443 1583 in
2473 1531 2717 1585 doctrina
2735 1529 2967 1584 salutari
2990 1529 3426 1596 incorruptisque
3450 1541 3562 1580 mo—

1986 1623 2137 1678 ribus
2161 1623 2492 1688 consistere;
2521 1622 2614 1676 sed
2655 1623 2963 1691 oportuisse
3000 1631 3273 1677 utcontra
3315 1621 3366 1675 id
3415 1621 3560 1689 quod

1987 1724 2238 1785 suscepta
2264 1715 2330 1768 ab
2361 1728 2418 1768 se
2444 1727 2674 1782 persona
2706 1714 3033 1782 postulabat.
3051 1723 3255 1784 ageret,
3275 1723 3326 1766 ct
3352 1726 3561 1766 assum-

1988 1819 2078 1879 pto
2133 1808 2345 1863 mortali
2401 1824 2626 1878 corpore
2670 1824 2777 1864 non
2823 1819 3161 1876 moreretur;
3190 1817 3283 1862 aut
3318 1820 3561 1862 morere-

1987 1910 2072 1953 tur
2097 1899 2336 1970 quidem,
2364 1901 2456 1954 sed
2504 1916 2610 1954 non
2659 1916 2721 1954 ea
2762 1912 2935 1955 morte
2995 1917 3114 1970 qua:
3159 1900 3406 1969 exemplo
3439 1913 3561 1954 esse

1989 2001 2153 2061 queat
2185 1992 2308 2046 aliis
2339 1992 2430 2062 qui
2462 2007 2528 2046 eo
2567 1993 2684 2061 ipso
2715 1993 2928 2046 discent
2962 2007 3060 2062 pro
3097 1993 3297 2061 pietate
3336 1993 3473 2046 mori
3500 2000 3557 2045 et

1985 2101 2104 2141 eam
2135 2085 2304 2140 libere
2329 2101 2516 2140 coram
2543 2087 2622 2140 cis
2645 2086 2908 2155 profiteri,
2941 2086 3031 2155 qui
3065 2087 3323 2154 pietatem
3357 2085 3556 2152 impie-

1987 2187 2097 2231 tate
2130 2193 2236 2231 nou
2265 2178 2667 2246 dignosceutes,
2699 2178 2818 2247 pios
2847 2193 2946 2247 pro
2978 2178 3164 2247 impiis
3199 2178 3420 2243 habent,
3461 2189 3558 2230 eos

1990 2285 2138 2333 vero,
2169 2269 2262 2339 qui
2291 2270 2448 2324 falsis
2474 2271 2540 2323 de
2561 2272 2666 2324 Deo
2691 2269 3034 2339 opinionibus
3063 2269 3251 2323 imbuti
3277 2269 3456 2338 potius
3486 2267 3554 2320 ad

1985 2375 2326 2430 quaecunque
2355 2362 2460 2416 alia
2494 2378 2658 2432 quam
2703 2363 2768 2416 ad
2821 2362 2988 2416 Deum
3029 2361 3184 2414 ﬁrme
3237 2361 3555 2429 impressam

1985 2452 2168 2506 animo
2201 2453 2266 2505 de
2321 2453 2413 2508 illo
2460 2453 2736 2507 notionem
2790 2455 3221 2518 accommodant,
3279 2451 3558 2522 piissimos

1983 2558 2107 2598 esse
2153 2545 2522 2610 arbitrantur;
2558 2546 2719 2614 idque
2753 2554 2864 2598 tttm
2903 2545 3162 2608 maxime,
3191 2559 3313 2597 cum
3343 2541 3557 2596 interﬁ-

1984 2650 2106 2688 cere
2157 2638 2377 2690 student
2431 2651 2524 2693 eos
2570 2639 2660 2708 qui
2704 2638 2979 2692 evidentia
3019 2637 3177 2691 unius
3208 2635 3559 2705 supremique

1986 2728 2080 2782 Dei
2111 2731 2342 2798 perculsi
2368 2747 2428 2787 se
2460 2743 2571 2788 tota
2609 2744 2791 2789 mente
2830 2733 2878 2786 ei
2905 2731 2976 2786 ad
3007 2740 3233 2786 mortem
3265 2744 3434 2798 usque
3461 2729 3558 2782 de-

1985 2831 2268 2876 voverunt.

2057 2918 2146 2974 41.
2178 2917 2360 2973 Jesum
2398 2928 2664 2988 praeterea
2712 2915 2897 2985 culpat
2924 2913 3115 2970 Celsus
3154 2913 3299 2968 larva
3332 2912 3556 2967 Judaica

1985 3021 2330 3079 personatus,
2359 3029 2377 3060 i
2405 3010 2547 3078 quod
2579 3025 2640 3064 se
2673 3023 2780 3063 nou
2813 3009 2882 3063 ab
2901 3008 3153 3061 omnibus
3176 3007 3334 3060 malis
3364 3007 3560 3059 immu-

1986 3116 2110 3155 nem
2140 3100 2465 3154 ostenderit.
2501 3118 2520 3150 ι
2562 3099 2714 3154 Dicat
2745 3099 2833 3154 ille
2865 3114 2894 3152 a
2932 3099 3126 3166 quibus
3163 3097 3318 3152 malis
3349 3113 3455 3150 non
3499 3113 3559 3151 se

287 3177 505 3240 Κέλσος
539 3177 637 3250 (4),
673 3180 772 3232 οὐκ
819 3180 1017 3245 ἔδειξεν
1059 3182 1252 3236 ἑαυτὸν
1295 3183 1667 3254 καθαρεύοντα
1697 3189 1726 3240 6
1776 3187 1878 3258 Ἰη-

1984 3192 2142 3248 .lesus
2187 3193 2489 3246 ostenderit
2541 3191 2858 3245 immunem.
2909 3188 3044 3242 Natu
3090 3192 3132 3243 si
3179 3187 3432 3258 intelligit
3464 3187 3554 3241 illa

292 3270 457 3334 σοῦς·
494 3271 557 3323 Ei
587 3271 684 3342 μὲν
713 3270 822 3344 γὰρ
842 3273 949 3325 τῶν
978 3273 1183 3344 κυρίως
1213 3275 1398 3328 κακῶν
1430 3275 1576 3344 λέγει
1607 3276 1768 3329 αὑτὸν
1805 3277 1879 3349 μὴ

287 3362 778 3434 κεκαθαρευκέναι,
799 3366 1198 3436 παραστησάτω
1224 3367 1468 3437 ὲναργῶς
1498 3368 1695 3431 κακίας
1721 3370 1880 3440 ἔργον

285 3455 356 3506 ὲν
385 3454 552 3525 αὐτῷ,
584 3457 632 3507 εί
666 3454 721 3508 δὲ
742 3455 888 3508 κακά
928 3456 1135 3528 νομίζει
1170 3459 1360 3512 πενίαν
1389 3460 1482 3512 καὶ
1514 3461 1764 3532 σταυρὸν,
1787 3464 1881 3516 καὶ

286 3546 398 3616 τὴν
441 3547 549 3600 ἀπὸ
590 3547 699 3600 τῶν
742 3549 958 3602 ἀτόπων
1008 3549 1311 3622 ἀνθρώπων
1346 3553 1656 3626 ἐπιϐουλὴν,
1699 3555 1876 3626 δῆλον,

289 3637 381 3690 ὅτι
436 3638 531 3691 καὶ
579 3639 858 3711 Σωκράτει
904 3643 1036 3712 φησὶ
1065 3642 1212 3696 κακά
1243 3644 1668 3716 συμϐεϐηκέναι,
1701 3647 1774 3718 μὴ
1798 3647 1880 3699 δυ-

286 3729 515 3798 νηθέντι
555 3731 744 3785 ἑαυτὸν
785 3733 1062 3800 ἀποδεῖξαι
1104 3734 1343 3808 καθαρὸν
1501 3738 1607 3791 ἀπὸ
1639 3738 1747 3792 τῶν
1778 3757 1878 3792 κα-

285 3822 428 3875 κῶν.
477 3823 640 3887 Ὄσος
695 3824 751 3877 δὲ
801 3825 896 3879 καὶ
928 3827 1084 3891 ἄλλος
1119 3829 1278 3900 χορὸς
1311 3831 1558 3900 πενήτων
1599 3830 1715 3884 ἐστὶ
1751 3833 1878 3903 παρ’

290 3914 524 3984 Ἕλλησι
571 3915 1067 3989 φιλοσοφησάντων,
1100 3920 1195 3973 καὶ
1243 3920 1487 3973 ἑκούσιον
1528 3922 1718 3976 πενίαν
1746 3923 1878 3975 ἀνα-

285 4005 626 4078 δεξαμένων,
659 4009 751 4062 καὶ
776 4012 822 4062 οἱ
845 4009 1027 4063 πολλοὶ
1056 4011 1322 4083 Ἑλλήνων
1347 4014 1522 4066 ἴσασιν
1540 4015 1604 4066 ἐκ
1623 4014 1729 4066 τῶν
1751 4015 1879 4068 ἀνα-

287 4099 615 4169 τραφέντων
656 4100 785 4170 περὶ
831 4099 928 4170 μὲν
974 4101 1314 4171 Δημοκρίτου
1357 4102 1650 4172 μηλόϐοτον
1681 4102 1754 4173 (6)
1785 4105 1877 4156 ὲά-

292 4205 490 4252 σαντος
522 4189 620 4260 τὴν
649 4190 854 4253 οὐσίαν,
887 4191 1016 4262 περὶ
1049 4190 1104 4243 δὲ
1133 4192 1419 4263 Κράτητος
1447 4192 1637 4246 ἑαυτὸν
1662 4193 1876 4246 ἐλευθε-

291 4278 590 4350 ρώσαντος,
613 4279 710 4333 διὰ
737 4279 830 4332 τοῦ
860 4283 974 4342 τοῖς
1002 4279 1261 4350 Θηϐαίοις
1292 4280 1621 4352 χαρίσασθαι
1647 4282 1708 4335 τὸ
1738 4282 1878 4354 ὑπὲρ

289 4374 479 4443 πάσης
509 4373 610 4443 τῆς
659 4373 906 4444 κτήσεως
937 4373 1015 4444 (7)
1054 4372 1356 4445 πραθείσης
1398 4372 1550 4426 δοθὲν
1592 4373 1742 4444 αὐτῷ
1775 4375 1877 4445 ἀρ-

289 4463 502 4534 γύριον.
564 4463 723 4516 Ἀλλά
757 4464 853 4516 καὶ
885 4464 1142 4536 Διογένης
1187 4464 1252 4518 δι’
1289 4463 1730 4535 ὑπερϐάλλουσαν
1791 4467 1878 4518 εὑ-

1983 3299 2104 3354 quae
2152 3285 2290 3338 tnala
2323 3283 2544 3353 proprie
2580 3292 2866 3348 vocantur,
2897 3281 3150 3336 ostendat
3191 3280 3408 3351 aliquod
3440 3281 3559 3349 ejus

1982 3393 2120 3447 opus
2148 3379 2380 3444 malum;
2417 3377 2498 3432 sin
2551 3376 2692 3430 mala
2727 3375 2964 3445 appellat
3000 3381 3400 3444 paupertatem,
3432 3387 3558 3427 cru-

1983 3489 2123 3538 cem,
2163 3470 2390 3526 insidias
2417 3486 2447 3524 a
2482 3470 2712 3540 perditis
2739 3467 3051 3522 hominibus
3076 3466 3151 3520 illi
3181 3474 3555 3535 comparatas;

1982 3579 2111 3635 ergo
2146 3577 2213 3617 ex
2258 3562 2348 3616 illo
2395 3560 2608 3615 Socrati
2649 3561 2814 3614 etiam
2845 3559 3162 3613 acciderunt
3195 3555 3358 3623 tnala,
3385 3570 3558 3623 quau-

1982 3656 2272 3724 doquidem
2317 3669 2375 3709 se
2409 3669 2514 3708 non
2562 3653 2801 3722 potuerit
2840 3651 3132 3706 illiusmodi
3166 3649 3432 3703 malorum
3461 3663 3559 3702 ex-

1982 3758 2190 3817 pertem
2215 3755 2495 3815 prmstare.
2521 3744 2666 3810 Quot
2696 3744 2862 3798 etiam
2893 3745 3033 3812 apud
3057 3742 3275 3796 Graecos
3311 3742 3558 3811 philoso-

1980 3838 2068 3908 phi
2105 3835 2327 3902 fuerint,
2360 3835 2451 3904 qui
2483 3844 2674 3904 sponte
2707 3848 2999 3903 pauperem
3032 3833 3154 3887 vitae
3188 3833 3556 3887 conditionem

1981 3927 2271 3996 eligerent,
2320 3925 2541 3981 Griecos
2595 3938 2707 3978 suae
2763 3923 3005 3977 historiae
3037 3923 3229 3978 docent
3262 3923 3314 3976 in
3361 3921 3556 3991 quibus

1981 4019 2162 4088 legere
2201 4028 2288 4072 est
2338 4016 2708 4072 Democritum
2756 4028 2884 4069 suas
2932 4013 3215 4069 facultates
3244 4013 3436 4068 ovibus
3466 4013 3557 4067 deo

1982 4105 2282 4174 pascendas
2339 4103 2642 4166 dimisisse;
2701 4100 2993 4164 Cratetem,
3046 4111 3105 4155 ut
3150 4117 3210 4157 se
3246 4101 3298 4155 iu
3336 4101 3556 4156 liberta-

1986 4207 2090 4250 tetu
2149 4207 2442 4260 assereret,
2497 4195 2768 4263 simulque
2813 4193 3091 4250 Thebanis
3131 4194 3554 4264 gratiﬁcaretur,

1981 4289 2272 4358 elargitum
2321 4302 2442 4344 esse
2489 4288 2799 4356 pecuniam,
2832 4302 2995 4356 quam
3052 4302 3119 4341 ex
3171 4287 3390 4356 praediis
3421 4301 3553 4338 vett—

1981 4382 2110 4435 ditis
2143 4381 2482 4435 confecerat.
2516 4380 2582 4433 Et
2605 4379 2877 4449 Diogenes
2903 4395 3014 4450 prae
3046 4380 3210 4433 nimia
3241 4379 3554 4447 frugalitate

1982 4475 2035 4527 itt
2065 4472 2210 4527 dolio
2252 4473 2541 4538 habitavit,
2577 4485 2678 4526 nec
2717 4471 2924 4526 idcirco
2949 4473 3000 4525 itt
3043 4472 3200 4527 malis
3225 4485 3348 4526 eum
3384 4471 3554 4525 fuisse

287 4555 505 4610 τέλειαν
558 4555 713 4608 πίθον
765 4554 918 4625 ᾧκει,
969 4558 1096 4628 παρ’
1157 4555 1331 4610 οὐδενὶ
1359 4555 1467 4609 τῶν
1495 4555 1618 4610 νοῦν
1644 4557 1876 4627 ἐχόντων

1984 4566 2255 4638 quispiam
2287 4581 2432 4621 sana:
2462 4568 2662 4622 mentis
2697 4564 2915 4621 dixerit.

289 4649 397 4704 κᾶν
454 4650 674 4721 μέτριον
714 4651 903 4704 τούτου
952 4669 1015 4720 γε
1075 4651 1233 4724 χάριν
1291 4652 1544 4722 Διογένης
1582 4654 1639 4705 ὲν
1688 4657 1876 4718 κακοῖς

285 4739 381 4815 ἢν.

370 4833 491 4886 Ἔτι
530 4833 586 4886 δὲ
629 4835 750 4887 ἐπεὶ
793 4833 1042 4905 βούλεται
1078 4853 1097 4887 ι
1139 4835 1272 4906 μηδὲ
1315 4836 1681 4909 ἀνεπίληπτον
1715 4853 1874 4904 γεγο-

288 4924 444 4980 νέναι
466 4925 558 4978 τὸν
604 4926 810 4997 Ἰησοῦν
840 4947 859 4978 ι
889 4927 1159 4991 όΚέλσος,
1193 4929 1618 4999 παραστησάτω,
1653 4929 1736 4992 τίς
1765 4927 1873 4982 τῶν

287 5016 678 5086 ἀρεσκομένων
721 5015 800 5086 τῷ
846 5015 988 5088 λόγῳ
1044 5015 1210 5071 αὑτοῦ
1245 5017 1308 5070 τὸ
1336 5017 1548 5088 ἀληθῶς
1581 5017 1876 5089 ἐπίληπτον

362 5133 408 5164 ⁸⁸
438 5130 627 5186 Matth.
659 5148 808 5194 xxvr,
841 5133 929 5188 75.

363 5228 443 5300 (l)
467 5227 624 5300 Lihl).
659 5239 814 5300 antea
847 5229 975 5300 editi
1008 5230 1430 5300 admarginem,
1459 5226 1729 5300 σωτηρίῳ.

491 5299 618 5365 Τοῖς
653 5298 751 5353 καί
783 5299 883 5351 ὑπ’
912 5299 1120 5355 αὐτοῦ.
1145 5295 1309 5370 Lego,
1330 5302 1440 5362 τοῖς
1470 5297 1564 5352 καὶ
1589 5295 1691 5351 diu"
1710 5295 1873 5351 αὑτοῦ

284 5369 388 5424 τοῦ
422 5369 584 5440 ἔργου
619 5370 941 5439 είσομένοις,
975 5381 1083 5425 etc.

365 5437 596 5510 (3)'Kal
657 5437 958 5506 ἀσεϐείας.
1018 5440 1371 5496 Desideratur
1435 5441 1488 5494 in
1529 5437 1662 5493 libb.
1713 5445 1873 5490 antea

289 5510 485 5574 editis,
519 5511 612 5563 sed
651 5512 884 5564 habetur
916 5512 966 5564 iu
998 5512 1251 5566 omnibus
1279 5526 1410 5565 mss.

368 5580 444 5651 (4)
479 5580 714 5649 Λεγέτω
740 5585 772 5634 ὀ
794 5580 1050 5647 Κέλσος.
1088 5581 1164 5636 lta
1199 5584 1368 5637 codex
1419 5580 1641 5651 Regius.
1672 5577 1874 5651 rectius

292 5645 461 5718 quam
506 5645 639 5706 editi
686 5653 740 5706 in
771 5651 970 5721 quibus
1007 5645 1222 5724 legitur,
1255 5652 1458 5721 λεγέτω
1483 5645 1525 5706 ὁ”
1542 5650 1749 5704 Κέλσου
1789 5645 1876 5700 λόο

334 5737 415 5783 ος.

289 5736 449 5933 ἷζῗέ)
506 5790 690 5848 Codex
731 5791 952 5862 Regius,
992 5790 1066 5864 μή
1106 5791 1444 5859 ἀποδείξαντι
1475 5791 1662 5847 ἑαυτὸν
1703 5795 1874 5851 καθα-

367 5878 416 5914 ν.

261 5901 270 5910 .
299 5878 416 5914 Ωον.

2055 4832 2148 4887 42.
2193 4832 2456 4900 Quoniam
2507 4841 2666 4901 negat
2711 4831 2906 4884 iterum
2959 4829 3145 4884 Celsus
3185 4847 3205 4881 ι
3260 4827 3440 4884 Iesum
3484 4828 3554 4882 ab

1984 4927 2131 4981 omni
2178 4927 2596 4996 reprehensione
2649 4925 2906 4989 abfuisse,
2940 4945 2959 4978 ι
3000 4924 3162 4993 dicat;
3205 4922 3394 4992 ecquis
3458 4937 3554 4976 eo-

1987 5030 2126 5086 rum,
2164 5021 2254 5091 qui
2313 5020 2432 5089 ejus
2484 5019 2745 5075 (Ιοοιτὶηω
2801 5018 3014 5074 assensi
3069 5025 3217 5082 sunt,
3272 5013 3555 5085 scripserit

2053 5224 2128 5295 (6)
2165 5225 2305 5293 Περὶ
2328 5225 2446 5294 μὲν
2485 5224 2853 5295 Δημοκρίτου
2895 5223 3254 5292 μηλόϐοτον,
3289 5229 3396 5280 etc.
3443 5219 3552 5277 Ho-

1981 5293 2173 5361 ratius,
2201 5297 2290 5348 lib.
2322 5293 2359 5358 t,
2385 5297 2544 5364 epist.
2583 5293 2670 5358 12,
2703 5310 2752 5348 v.
2787 5295 2854 5348 12
2887 5313 2900 5347 :

2052 5386 2166 5440 Nec
2197 5387 2389 5440 mirum
2416 5387 2461 5440 si
2486 5385 2774 5440 Democriti
2795 5401 2953 5455 pecus
2981 5385 3085 5438 edit
3119 5383 3337 5454 agellos.

1981 5499 2116 5553 Vide
2163 5499 2440 5567 Philonem
2479 5497 2576 5552 lib.
2605 5498 2745 5566 Περὶ
2781 5499 2927 5562 βίου
2954 5497 3353 5567 θεωρητικοῦ;
3381 5495 3550 5550 Laer-

1984 5572 2114 5622 tium
2151 5571 2202 5623 in
2232 5565 2352 5622 Vita
2392 5570 2650 5628 Cratctis.
2686 5565 2741 5622 et
2787 5565 3137 5623 Plutarchum
3169 5570 3260 5623 lib.
3297 5567 3428 5633 Πῶς
3473 5567 3554 5620 ἅν

1979 5657 2068 5705 τις
2092 5639 2192 5692 ὑπ’
2219 5639 2447 5707 ἐχθρῶν
2470 5638 2776 5707 ὠφελοῖτο.

2053 5710 2130 5780 (7)
2174 5708 2353 5782 Codex
2395 5709 2658 5776 .Iolianus,
2695 5711 2962 5782 κτήσεως,
2995 5709 3200 5766 rectius
3224 5724 3384 5779 quant
3418 5707 3548 5762 libb.

1983 5782 2132 5848 editi,
2169 5780 2419 5844 κτίσεως.
