3902 6414
466 331 574 386 863

1953 321 2273 380 ORIGENIS

3629 316 3726 372 865

466 444 770 514 quidpiam,
814 441 880 496 de
933 455 1040 509 quo
1085 453 1208 494 vere
1261 437 1418 493 Jesus
1479 435 1803 498 reprehendi
1856 445 2040 506 queat.

2150 437 2240 490 τοῦ
2283 434 2458 507 Ἰησοῦ
2508 434 2846 506 ἀνέγραψενο
2879 435 2936 507 ἢ,
2968 435 3016 486 εί
3051 432 3126 504 μὴ
3171 432 3277 487 ἀπὸ
3308 430 3519 486 τούτων
3566 432 3728 486 αὐτοῦ

466 539 576 592 Aut
610 539 656 593 si
711 535 848 591 nihil
899 534 966 587 ah
993 533 1101 587 illis
1146 531 1417 599 acceperit
1460 529 1660 595 simile,
1713 529 1857 582 dicat
1900 527 2042 582 unde

470 630 700 696 petitum
741 628 842 680 hoc
891 626 942 679 in
983 623 1166 678 Jesum
1189 621 1402 690 jecerit.
1426 620 1713 676 Promissis
1738 621 1852 676 suis
1882 619 2040 673 ﬁdem

469 719 595 773 fecit
644 717 823 782 Jesus,
893 714 1287 770 benefaciendo
1339 713 1447 767 illis
1501 713 1594 782 qui
1643 713 1742 780 ipsi
1801 713 2044 766 adhazse-

466 820 614 866 runt.
649 810 712 862 Et
747 825 870 863 cum
923 824 1007 872 ea,
1041 823 1164 877 qua:
1204 805 1481 875 pricdixit,
1519 804 1740 874 impleta
1791 804 1903 875 jam
1958 803 2042 857 vi-

463 903 692 958 deamus
747 903 958 966 omnia,
998 899 1352 970 Evangelium
1407 899 1460 952 in
1519 906 1632 952 toto
1694 897 1893 950 mundo
1949 909 2043 948 an-

466 995 796 1061 nuntiatum,
840 993 1136 1062 discipulos
1190 1007 1288 1061 per
1349 990 1638 1044 universas
1693 997 1882 1057 gentes
1928 985 2044 1054 ejus

465 1087 771 1143 doctrinam
843 1091 1216 1156 pervulgasse,
1288 1097 1492 1153 eosque
1571 1089 1700 1136 ante
1759 1095 1916 1152 reges
1991 1088 2045 1134 et

463 1176 721 1245 praesides
771 1191 877 1229 non
931 1175 1036 1228 alia
1091 1175 1158 1228 de
1203 1189 1366 1228 causa
1417 1173 1611 1226 ductos
1661 1187 1822 1241 quam
1879 1168 2046 1242 419

464 1278 684 1338 propter
731 1267 879 1321 illam
931 1266 1280 1330 doctrinam,
1340 1267 1486 1320 illum
1540 1265 1894 1326 admiramur,
1948 1279 2046 1317 no-

466 1368 690 1426 straque
743 1359 796 1412 in
844 1374 966 1413 eum
1024 1358 1159 1413 ﬁdes
1220 1373 1418 1414 novum
1467 1356 1710 1426 quotidie
1755 1357 1922 1410 robur
1952 1369 2045 1409 ac-

472 1452 624 1520 cipit.
675 1451 937 1521 Equidem
993 1451 1185 1506 nescio
1231 1466 1353 1522 quae
1409 1451 1669 1505 solidiora
1707 1451 2046 1516 clarioraque

465 1552 784 1610 argumenta
818 1543 1212 1597 desideraverit
1235 1542 1443 1609 Celsus,
1473 1542 1674 1612 quibus
1695 1540 1853 1596 Jesus
1885 1541 2044 1595 ﬁdem

470 1633 676 1687 faceret
712 1634 778 1689 iis
801 1649 922 1704 qua:
951 1636 1318 1704 praedixerat,
1359 1635 1465 1688 nisi
1511 1633 1657 1688 forte
1687 1633 1953 1698 voluerit,
1989 1641 2047 1686 nt

463 1734 714 1794 apparet,
749 1742 895 1791 cum,
931 1742 1091 1794 quem
1129 1742 1236 1778 non
1275 1725 1525 1792 agnoscit
1558 1741 1658 1794 pro
1699 1723 1870 1779 Verbo
1903 1724 2044 1794 quod

2147 531 2442 601 κατηγορεῖ
2469 527 2544 592 ὼς
2574 528 2891 599 ὲπιλήπτου,
2914 525 3193 591 δεικνύτω,
3218 525 3382 579 πόθεν
3419 523 3614 597 μαθὼν
3637 525 3728 578 οὐκ

2145 621 2508 691 ἀνεπίληπτον
2567 621 2730 675 αὑτὸν
2775 621 3016 692 εἴρηκεν.
3088 620 3339 690 Ἐποίησε
3385 619 3486 690 μὲν
3552 615 3650 672 οὖν
3697 618 3728 671 ἆ

2146 714 2511 786 ἐπηγγείλατο
2541 714 2727 773 πιστὰ.
2749 713 2814 766 δι’
2836 708 2911 767 ὢν
2935 712 3181 782 ὼιρέλησε
3207 712 3337 775 τοὺς
3363 710 3732 783 προσέχοντας

2147 811 2299 883 αὐτῷ
2350 812 2379 864 ό
2438 811 2661 883 Ἰησοῦς.
2709 809 2820 864 Καὶ
2867 810 2956 863 ἀεὶ
2995 808 3232 880 ὁρῶντες
3289 805 3652 878 πληρούμενα
3671 806 3731 858 τὰ

2148 903 2414 976 εἰρημένα
2463 905 2555 958 ὑπ’
2616 902 2780 956 αὑτοῦ
2826 903 2955 976 πρὶν
3015 902 3275 972 γένηται,
3330 899 3392 952 τὸ
3456 896 3733 969 κηρυχθῆ-

2147 1014 2236 1050 ναι
2287 996 2348 1048 τὸ
2387 995 2718 1065 Εὑαγγέλιον
2767 994 2926 1048 τοῦτο
2990 995 3046 1046 ὲν
3095 993 3203 1064 ὅλῳ
3261 990 3341 1064 τῷ
3381 990 3600 1060 κόσμῳ,
3647 990 3733 1042 καὶ

2149 1087 2522 1159 πορευθέντας
2582 1085 2748 1140 αὑτοῦ
2804 1088 2934 1149 τοὺς
3005 1083 3254 1156 μαθητὰς
3309 1085 3392 1145 εἰς
3441 1081 3626 1134 πάντα
3671 1080 3734 1133 τὰ

2150 1178 2278 1248 ἔθνη
2305 1178 2397 1231 τὸν
2425 1177 2580 1246 λόγον
2610 1176 2773 1232 αὑτοῦ
2795 1175 3251 1246 κατηγγελκέναι,
3277 1173 3357 1227 ἔτι
3389 1173 3449 1225 δὲ
3484 1171 3615 1243 περὶ
3645 1171 3730 1224 τοῦ

2151 1270 2243 1322 ἐπὶ
2279 1271 2554 1341 ἡγεμόνας
2600 1269 2696 1324 καὶ
2745 1269 2983 1339 βασιλεῖς
3025 1266 3361 1339 ἀχθήσεσθαι
3385 1263 3645 1336 μέλλειν,
3672 1263 3732 1316 δι’

2148 1361 2404 1432 οὐδεμίαν
2438 1359 2602 1429 ἄλλην
2630 1358 2806 1412 αἰτίαν
2830 1359 2864 1430 ἢ
2892 1359 2990 1428 τὴν
3031 1354 3376 1409 διδασκαλίαν
3415 1350 3610 1406 αὐτοῦ’
3655 1367 3733 1402 τε-

2151 1453 2404 1525 θήπαμεν
2446 1452 2643 1517 αὑτὸν,
2697 1451 2792 1504 καὶ
2840 1450 3108 1520 ὁσημέραι
3149 1445 3479 1518 βεϐαιοῦμεν
3520 1443 3620 1514 τὴν
3661 1444 3734 1505 είς

2151 1546 2316 1600 αὑτὸν
2348 1546 2550 1600 πίστιν.
2589 1545 2702 1598 Ούκ
2736 1539 2852 1596 οἶδα
2884 1543 2928 1596 δ’
2961 1543 3069 1596 ἀπὸ
3105 1541 3276 1594 ποίων
3329 1537 3602 1610 μειζόνων
3647 1535 3734 1588 καὶ

2149 1637 2556 1709 ἐναργεστέρων
2580 1635 2829 1688 ἐϐούλετο
2853 1634 3014 1686 αὑτὸν
3030 1632 3197 1686 πιατά
3221 1631 3448 1702 ποιῆσαι
3472 1628 3544 1681 τὰ
3567 1644 3736 1700 προει-

2157 1728 2367 1800 ρημένα
2395 1730 2423 1780 ό
2445 1727 2670 1790 Κέλσοςο
2705 1728 2754 1779 εί
2779 1726 2852 1798 μὴ
2887 1726 3016 1796 ἄρα,
3046 1725 3119 1789 ὡς
3153 1724 3446 1793 φαίνεται,
3499 1721 3574 1791 μὴ
3623 1721 3733 1772 ἐπι-

464 1832 594 1870 caro
624 1817 824 1871 factum
860 1829 944 1873 est
967 1818 1035 1882 ⁸⁸,
1065 1818 1200 1871 nihil
1237 1818 1458 1872 humani
1483 1827 1767 1886 expertum
1795 1831 1921 1872 esse
1944 1831 2044 1870 nec

2152 1797 2420 1890 στ’όιμενος
2446 1819 2536 1871 τὸν
2562 1817 2720 1885 λόγον
2749 1797 2848 1871 τὸν
2884 1813 3092 1886 Ἰησοῦν
3114 1812 3402 1884 ἄνθρωπον
3425 1808 3732 1877 γενόμενον,

465 1908 670 1963 factum
702 1925 822 1964 esse
843 1909 1151 1978 exemplum
1179 1951 1194 1976 ,
1235 1924 1340 1979 quo
1389 1911 1636 1965 homines
1669 1908 2046 1964 excitarentur

465 2001 534 2056 ad
583 2001 744 2070 hujus
787 2004 913 2056 vita:
963 2003 1306 2056 incommoda
1369 2018 1633 2073 generose
1683 2001 2042 2071 perferenda;

465 2107 589 2146 nam
630 2092 746 2148 [nec
781 2094 1036 2148 videntur
1059 2093 1216 2150 Celso
1243 2095 1552 2149 miseranda
1570 2104 1625 2150 et
1645 2095 2003 2166 ignominiosa
2029 2109 2044 2159 ;

466 2183 620 2239 labor
652 2185 855 2255 quippe
882 2185 960 2240 illi
995 2194 1079 2240 est
1111 2186 1354 2240 omnium
1401 2187 1672 2242 malorum
1721 2187 2046 2252 maximum,

463 2274 718 2342 voluptas
751 2285 950 2343 autem,
983 2288 1290 2333 extremum
1338 2280 1580 2345 bonum;
1625 2277 1774 2346 quod
1826 2278 2048 2347 quidem

467 2366 756 2421 admiserit
803 2382 963 2422 nemo
993 2382 1205 2435 eorum,
1253 2369 1343 2438 qui
1395 2369 1793 2438 providentiam
1857 2368 2048 2422 defen-

469 2459 622 2525 dunt,
659 2458 1130 2528 etfortitudinem,
1165 2461 1509 2529 patientiam,
1543 2460 2049 2530 magnanimitatem

468 2550 524 2606 iu
554 2551 844 2606 virtutibus
870 2560 1097 2621 ponunt.
1124 2551 1269 2606 Nihil
1299 2552 1462 2622 igitur
1495 2552 1780 2607 imminuta
1805 2559 1889 2606 est
1915 2550 2049 2604 fides

468 2641 522 2694 in
550 2639 737 2696 Jesum
775 2643 842 2696 iis
868 2657 988 2712 qua:
1014 2657 1307 2714 perpessus
1333 2643 1470 2709 fuit;
1515 2645 1625 2698 imo
1660 2643 1866 2697 viribus
1885 2651 2047 2697 aucta

461 2742 550 2789 est
580 2734 632 2787 in
667 2734 733 2788 iis
759 2735 850 2804 qui
893 2734 1062 2790 fortes
1109 2745 1275 2806 atque
1309 2735 1546 2791 animosi
1609 2743 1768 2800 sunt,
1805 2743 1860 2791 et
1910 2750 2049 2806 quos

462 2825 654 2880 docuit
682 2826 850 2880 vitam
881 2828 1100 2897 proprie
1131 2842 1367 2897 vereque
1394 2826 1605 2882 felicem
1640 2842 1746 2881 non
1789 2840 1911 2880 esse
1947 2827 2050 2879 hu-

462 2915 553 2986 jus
579 2917 857 2986 temporis,
888 2919 981 2972 sed
1033 2917 1239 2984 futuri,
1289 2926 1346 2972 ut
1401 2919 1517 2987 ipse
1564 2926 1764 2983 vocat,
1826 2917 2046 2980 saeculi;

469 3020 630 3074 quam
664 3016 846 3061 autem
881 3008 933 3061 in
972 3009 1226 3076 prmsenti
1255 3007 1452 3061 saeculo
1487 3009 1744 3072 vivimus,
1779 3022 1898 3061 eam
1927 3023 2048 3064 esse

468 3098 876 3154 calamitatibus
917 3099 1161 3169 plenam,
1227 3099 1310 3154 vel
1353 3099 1591 3170 primum
1640 3099 2048 3172 maximumque

469 3189 665 3243 animae
687 3199 985 3245 certamen.

540 3366 634 3421 43.
666 3364 806 3421 Hinc
841 3381 1154 3422 sermonem
1203 3367 1270 3422 ad
1315 3383 1414 3424 nos
1451 3379 1778 3425 convertens
1815 3389 1828 3425 :
1877 3387 1896 3420 ι
1927 3370 2044 3425 Non

471 3459 683 3523 dicetis,
715 3460 914 3526 inquit,
945 3460 1118 3526 illum,
1154 3476 1276 3516 cum
1308 3477 1413 3516 non
1436 3471 1622 3534 posset
1650 3465 1739 3533 qui
1766 3464 1855 3518 hic
1883 3463 2049 3534 dege-

470 3553 978 3620 bantpersuadere,
1019 3554 1330 3623 profectum
1376 3556 1442 3609 ad
1488 3555 1693 3611 inferos
1736 3556 1937 3620 fuisse,
1987 3567 2047 3611 ut

468 3643 562 3712 qui
597 3643 706 3697 illic
737 3653 864 3698 sunt
893 3647 1268 3712 persuaderet.
1303 3666 1321 3700 ι
1357 3647 1718 3714 Quantumvis
1757 3650 1927 3715 nolit,
1962 3652 2045 3723 di-

473 3749 660 3790 cemus
719 3735 868 3794 illum
902 3735 991 3792 hic
1021 3753 1130 3792 non
1166 3753 1407 3808 paucos,
1466 3741 1562 3796 sed
1608 3750 1758 3796 tanto
1819 3758 2047 3798 numero

473 3829 850 3908 persuasisse,
901 3839 963 3886 ut
1013 3831 1084 3888 ob
1122 3846 1243 3886 eam
1299 3847 1414 3888 rem
1462 3833 1676 3890 insidiae
1719 3833 1924 3890 fuerint
1969 3835 2044 3892 illi

547 3945 591 3976 “
621 3944 779 4002 Joau.
811 3962 854 4014 ι,
897 3946 988 4004 ﬂ.

545 4083 622 4152 (8)
652 4084 1019 4157 llmschelius,
1057 4085 1216 4156 μόνον
1253 4084 1376 4157 μέν,
1411 4087 1576 4142 male.

545 4156 620 4226 (si)
657 4156 836 4209 Codex
865 4154 1132 4230 _Juliauus
1158 4154 1413 4230 secunda
1455 4171 1620 4212 manu
1680 4157 1848 4215 habet
1889 4160 2045 4230 λεγό-

475 4242 658 4299 μενον,
699 4237 759 4280 ιιι
782 4226 1072 4299 Δι’(εῐιεῖιιῳτ
1104 4228 1170 4299 ad
1199 4227 1260 4280 τὸ
1293 4227 1409 4297 ζῇν.

541 4297 666 4385 (10),
674 4295 808 4385 ~Kal_
821 4295 1322 4385 rupae-ﬂoreant“:
1336 4295 1682 4385 γενόμενος
1921 4299 2052 4367 ταῖς

471 4365 750 4443 γυμναῖς,
785 4365 914 4443 ιςιεεζΔ
933 4365 1136 4443 Mavult
1159 4365 1420 4443 Guietus,
1463 4365 1558 4422 καὶ
1579 4365 1770 4443 γυμνὴ
1800 4365 2051 4442 σωματος

470 4436 1108 4522 γενόμενοςῆψυχή,ιταῖς
1138 4442 1394 4522 γυμναῖς,
1431 4436 1716 4522 Ματρί-ἑὲ.
1759 4436 1817 4494 in
1841 4436 1985 4522 cap.
2021 4459 2052 4494 ν

2149 1912 2404 1966 ἐϐούλετο
2441 1911 2604 1982 μηδὲν
2644 1908 2981 1982 ἀνθρώπινον
3030 1905 3256 1971 παθεῖν,
3302 1903 3443 1976 μηδὲ
3486 1901 3733 1972 γενέσθαι

2149 2004 2459 2076 ἀνθρώποις
2494 2002 2842 2075 παράδειγμα
2865 2003 3109 2070 γενναῖον
3150 1999 3278 2069 περὶ
3319 1996 3412 2050 τοῦ
3455 1996 3647 2067 φέρειν
3673 1991 3736 2044 τὰ

2153 2098 2536 2169 συμϐαίνοντα’
2578 2094 2678 2148 κᾶν
2741 2094 2989 2148 οἴκτιστα
3027 2089 3106 2162 τῷ
3160 2090 3358 2159 Κέλσῳ
3403 2086 3560 2140 ταῦτ’
3601 2081 3734 2137 εἶναι

2124 2189 2313 2261 δοκῇ,
2361 2188 2452 2242 καὶ
2493 2185 2998 2248 ὲπονειδιστότατα,
3044 2181 3168 2236 ἐπεὶ
3209 2182 3372 2234 πόνον
3420 2179 3521 2250 μὲν
3565 2176 3642 2248 (8)
3679 2174 3735 2228 τὺ

2153 2282 2410 2352 μέγιστον
2442 2274 2551 2332 οἶδε
2579 2277 2686 2332 τῶν
2723 2276 2931 2342 κακῶν,
2964 2274 3156 2346 ἡδονὴν
3184 2273 3240 2326 δὲ
3271 2273 3332 2324 τὸ
3360 2270 3568 2324 τέλειον
3600 2268 3734 2336 ἀγα-

2151 2374 2263 2428 θόν·
2298 2374 2434 2444 ὅπερ
2462 2371 2636 2434 οὐδεὶς
2675 2369 2786 2423 τῶν
2838 2361 3094 2440 πρόνόιαν
3139 2365 3478 2432 εἰσαγόντων
3527 2359 3735 2431 φιλοσό-

2151 2487 2288 2538 ιρων,
2333 2468 2426 2520 καὶ
2471 2465 2690 2538 ἀνδρίαν
2746 2465 3150 2536 ὁμολογούντων
3180 2456 3321 2514 εἷναι
3365 2459 3596 2530 ἀρετὴν,
3646 2464 3734 2509 και

2149 2559 2468 2630 καρτερίαν,
2510 2559 2604 2611 καὶ
2635 2555 3060 2628 μεγαλοψυχίαν,
3099 2551 3456 2625 παρεδέξατο.
3511 2550 3588 2603 Οὐ
3632 2548 3733 2601 διέ-

2151 2651 2313 2704 ϐαλεν
2343 2645 2436 2703 οὖν
2469 2648 2566 2720 τήν
2595 2651 2674 2712 εἰς
2703 2648 2865 2701 αὐτὸν
2899 2647 3081 2700 πίστιν
3109 2648 3138 2698 ό
3171 2643 3381 2715 Ἰησοῦς
3413 2643 3482 2695 δι’
3507 2636 3582 2695 ὧν
3604 2641 3734 2694 ὑπέ-

2153 2758 2354 2812 μεινενο
2409 2740 2546 2794 ἀλλά
2584 2739 2784 2811 μᾶλλον
2833 2740 2890 2791 ἐν
2939 2740 3052 2800 τοῖς
3103 2736 3328 2806 ἀνδρίαν
3371 2731 3734 2799 ἀποδέξασθαι

2152 2831 2496 2903 βουλομένοις
2518 2831 2803 2902 ἐκράτυνε,
2837 2830 2930 2882 καὶ
2951 2831 3009 2882 ὲν
3035 2829 3146 2890 τοῖς
3169 2825 3502 2896 διδαχθεῖσιν
3531 2824 3624 2876 ὑπ’
3650 2823 3735 2874 aiio

2147 2922 2243 2976 τοῦ
2273 2923 2333 2975 τὸ
2367 2924 2466 2994 μὲν
2497 2922 2702 2992 κυρίως
2730 2920 2826 2973 καὶ
2847 2917 3062 2990 ἀληθῶς
3094 2916 3194 2985 ζῆν
3223 2916 3284 2968 τὸ
3325 2913 3596 2985 μακάριον
3639 2911 3734 2964 οὐκ

2151 3008 2291 3066 εἶναι
2319 3011 2572 3076 ἐνταῦθα,
2608 3010 2722 3064 ἀλλ’
2747 3013 2804 3064 ὲν
2839 3009 2914 3080 τῷ
2950 3007 3268 3077 καλουμένῳ
3312 3005 3457 3058 κατὰ
3490 3003 3616 3065 τοὺς
3655 3001 3738 3052 λό-

2152 3122 2283 3174 γους
2332 3103 2496 3157 αύτοῦ
2558 3103 2803 3174 μέλλοντι
2857 3101 3029 3156 αίῶνιο
3063 3100 3124 3153 τὸ
3166 3099 3209 3152 δ’
3258 3099 3317 3152 ὲν
3367 3097 3447 3168 τῷ
3485 3093 3737 3150 ἐνεστῶτι

2152 3195 2308 3250 αἰῶνι
2330 3195 2605 3266 λεγομένῳ
2629 3196 2704 3264 (9)
2741 3195 2839 3266 ζῆν
2873 3193 3159 3264 συμφορὰν
3186 3185 3352 3254 εἶναι,
3374 3189 3409 3260 ἢ
3438 3187 3627 3258 ἀγῶνα
3647 3185 3738 3237 τὸν

2145 3287 2364 3361 πρῶτον
2393 3289 2487 3342 καὶ
2516 3288 2773 3358 μέγιστον
2794 3287 2895 3357 τῆς
2929 3286 3128 3356 ψυχῆς.

2215 3382 2371 3436 Μετὰ
2419 3382 2592 3436 ταῦτα
2621 3381 2678 3434 δὲ
2721 3381 2866 3449 λέγει
2894 3379 3029 3451 πρὸς
3059 3379 3228 3449 ἡμᾶς,
3268 3377 3352 3430 ὅτι
3398 3394 3418 3427 ι
3459 3375 3533 3432 Οὐ
3567 3374 3739 3445 δήπου

2145 3473 2345 3542 φήσετε
2378 3473 2507 3544 περὶ
2541 3472 2730 3534 αὑτοῦ,
2757 3473 2838 3525 ὃτι
2872 3471 2946 3542 μὴ
2977 3471 3178 3532 πείσας
3209 3470 3338 3531 τοὺς
3381 3459 3484 3520 ὧδε
3531 3465 3692 3529 ὄντας
3720 3505 3736 3527 ,

2144 3563 2422 3617 ἐστέλλετο
2456 3566 2536 3628 είς
2563 3563 2688 3634 ᾆδου
2719 3563 2922 3640 πείσων
2955 3563 3080 3626 τοὺς
3111 3562 3244 3614 ἐκεῖ.
3281 3579 3300 3613 ι
3337 3558 3459 3613 Κᾶν
3507 3558 3582 3627 μὴ
3615 3555 3740 3626 βού-

2153 3655 2314 3727 ληται
2343 3652 2436 3710 οὖν
2470 3657 2628 3710 τοῦτό
2660 3674 2840 3727 φαμεν
2861 3696 2876 3721 ,
2909 3657 2992 3708 ὅτι
3040 3655 3134 3708 καὶ
3175 3655 3234 3706 ὲν
3277 3651 3494 3721 σώματι
3524 3648 3604 3701 ὢν
3639 3648 3742 3700 οὐκ

2153 3749 2362 3818 ὀλίγους
2380 3749 2618 3816 ἔπεισεν,
2641 3749 2774 3804 ἀλλὰ
2795 3748 3104 3810 τοσούτους,
3127 3747 3202 3810 ὡς
3221 3744 3311 3799 διὰ
3329 3745 3391 3798 τὸ
3409 3742 3613 3814 πλῆθος
3629 3741 3739 3793 τῶν

2155 3841 2493 3914 πειθομένων
2541 3842 2989 3914 ἐπιϐουλευθῆναι
3039 3839 3221 3895 αύτόνο
3260 3838 3356 3892 καὶ
3388 3838 3568 3909 γυμνῇ
3625 3832 3738 3906 (10)

2155 4089 2368 4143 scendit
2395 4089 2462 4141 ad
2509 4102 2604 4142 eos
2625 4087 2912 4141 extrahere
2942 4101 3037 4141 eos
3067 4094 3122 4141 et
3151 4084 3368 4141 salvare
3397 4100 3510 4141 eos.
3548 4103 3569 4138 ι
3599 4085 3742 4140 Ter-

2156 4160 2300 4220 tull.,
2327 4159 2468 4211 libro
2500 4157 2574 4210 De
2606 4159 2810 4221 anima,
2843 4171 2961 4222 cap.
2995 4157 3103 4210 55:
3145 4175 3163 4208 ι
3198 4155 3354 4221 Quod
3397 4157 3441 4209 si
3481 4155 3743 4212 Christus

2159 4231 2327 4290 Deus,
2355 4229 2481 4294 quia
2512 4237 2566 4281 et
2593 4228 2775 4291 homo,
2800 4236 3045 4280 mortuus
3069 4229 3368 4282 secundum
3393 4227 3736 4295 Scripturas,

2157 4309 2213 4353 et
2248 4299 2493 4366 sepultus
2523 4312 2680 4351 secus
2707 4299 2924 4350 easdem
2949 4315 2964 4362 ;
2996 4297 3122 4352 huic
3146 4298 3485 4366 quoquelegi
3516 4297 3740 4352 satisfe-

2158 4370 2254 4432 cit,
2297 4371 2472 4422 l'orma
2519 4369 2774 4421 humana:
2825 4369 3015 4420 mortis
3069 4369 3210 4436 apud
3243 4369 3448 4421 inferos
3479 4367 3736 4428 functus.

2159 4455 2256 4492 nec
2306 4448 2433 4491 ante
2475 4437 2719 4490 ascendit
2772 4439 2823 4490 in
2866 4438 3184 4492 sublimiora
3222 4439 3484 4492 cwlornm
3511 4475 3526 4500 ,
3564 4453 3736 4506 quam

470 4503 535 4564 ad
559 4503 744 4572 Rom"
764 4503 837 4563 8':
864 4503 895 4558 ἴ
920 4503 975 4580 Si
1001 4503 1235 4570 verm-Ui
1263 4511 1316 4563 iu
1345 4503 1616 4564 nonnullis
1641 4503 2049 4580 e‘iemplaribus
2082 4503 2126 4556 Ι)
2155 4509 2437 4580 descendit
2458 4507 2511 4560 in
2548 4507 2806 4560 inferiora
2838 4516 3139 4580 terrarum;
3171 4519 3226 4561 ut
3253 4508 3364 4580 illic
3385 4503 3738 4580 patriarchas

474 4581 726 4644 habetur,
756 4579 922 4634 etiam
951 4579 1004 4633 in
1036 4595 1155 4644 eos,
1181 4581 1272 4647 qui
1303 4595 1408 4633 non
1431 4579 2039 4649 peceaveruntinsimi-

475 4650 761 4703 litudinem
792 4649 1261 4717 praevaricationis
1299 4651 1452 4715 Adw,
1490 4667 1637 4705 mors
1667 4653 1795 4715 ista,
1848 4653 1900 4705 id
1930 4662 2034 4718 est,

472 4720 920 4792 qn:e__in_inlerno
947 4722 1156 4773 animas
1181 4719 1479 4784 detinebat,
1505 4737 1765 4792 regnasse
1795 4722 2036 4778 dicatur:

474 4788 831 4856 intelligimus
877 4799 932 4844 et
981 4800 1200 4844 sanctos
1245 4803 1494 4859 quosque
1542 4788 1644 4845 sub
1683 4793 1786 4845 ista
1845 4802 2036 4854 morte.

474 4859 686 4931 etiamsi
703 4874 828 4931 _non
862 4861 1148 4926 peccandi,
1175 4869 1230 4915 at
1274 4869 1426 4914 certe
1457 4861 1718 4916 moriendi
1751 4862 1868 4931 lege
1896 4862 2042 4916 deci-

475 4928 653 4992 disse;
694 4926 973 4982 Christum
999 4944 1128 4982 vero
1170 4931 1375 4984 idcirco
1408 4931 1461 4983 iu
1511 4931 1781 4984 infernum
1806 4926 2043 4986 descen-

475 4996 643 5058 disse,
673 5011 778 5049 non
826 4997 1000 5050 solum
1039 5008 1098 5050 ut
1129 5001 1246 5068 ipse
1291 5016 1398 5053 non
1447 5010 1725 5055 teneretur
1756 5016 1786 5053 a
1828 5011 2037 5067 morte;

476 5068 664 5144 sedul
687 5079 782 5119 eos
807 5068 940 5144 ,ψεῖ
977 5068 1132 5130 inibi,
1168 5085 1273 5124 non
1307 5079 1414 5144 tam
1453 5071 1954 5144 prievat'icationis,
1985 5081 2042 5126 ut

477 5136 742 5199 diximus,
766 5137 1032 5202 crimine,
1062 5152 1223 5205 quam
1260 5136 1524 5194 moriendi
1579 5143 1892 5196 conditione
1940 5136 2032 5197 ab-

476 5206 730 5281 solveret.
757 5224 796 5281 ⁸›
860 5206 1003 5281 Iren.
1046 5207 1142 5262 lib.
1182 5223 1264 5273 tv,
1313 5225 1438 5278 cap.
1468 5211 1539 5264 '27
1576 5229 1590 5265 :
1635 5231 1653 5263 ι
1707 5211 1772 5265 Et
1821 5222 2042 5281 propter

479 5277 582 5347 hoc
613 5277 902 5329 Dominum
940 5278 993 5330 in
1031 5293 1117 5339 ea,
1146 5294 1266 5347 qua:
1301 5277 1428 5333 sunt
1468 5282 1570 5336 sub
1601 5293 1780 5346 terra,
1823 5277 2042 5337 descen-

481 5346 628 5418 disse
657 5347 1121 5415 evangelizantem
1147 5346 1200 5404 et
1239 5350 1346 5402 illis
1390 5352 1679 5406 adventum
1713 5368 1904 5418 suum;
1957 5368 2042 5406 re-

478 5416 1121 5490 tnissioneﬂpeceatorum
1156 5421 1568 5490 exsisteuteihis
1599 5423 1690 5490 qui
1727 5416 1956 5476 credunt
1986 5424 2039 5476 in

476 5502 625 5564 eum.
665 5505 684 5538 ι
734 5487 799 5540 Et
845 5488 938 5542 lib.
972 5504 1036 5551 ν,
1072 5505 1195 5557 cap.
1225 5489 1336 5564 5i;
1371 5506 1389 5540 ι
1431 5489 1585 5544 Nunc
1616 5487 1816 5564 'autein
1869 5493 2043 5548 tribus

479 5555 672 5630 diebus
705 5568 1060 5613 conversatus
1101 5555 1214 5625 est,
1249 5560 1338 5614 ubi
1382 5570 1540 5614 erant
1586 5563 1816 5626 mortui;
1852 5577 2044 5630 quem-

477 5625 769 5697 admodum
799 5632 1058 5697 propheta
1093 5631 1169 5684 ait
1202 5633 1268 5685 de
1311 5645 1377 5685 eo
1415 5648 1429 5686 :
1467 5625 1935 5687 Commemoratus
1957 5642 2043 5687 est

478 5693 742 5776 "dminus
784 5693 1106 5776 sanctorum
1156 5710 1496 5776 mortuorum
1552 5717 1809 5776 suorum,
1847 5717 2042 5776 eorum

479 5768 572 5836 qui
610 5776 737 5823 ante
764 5768 1102 5827 dormierunt
1156 5771 1210 5827 in
1258 5783 1400 5828 terra
1434 5773 1773 5842 sepelitionis
1803 5807 1816 5834 ,
1852 5786 1907 5828 et
1945 5773 2038 5828 de-

2143 4591 2197 4633 et
2231 4579 2526 4648 prOphetas
2564 4586 2847 4648 compotes
2877 4579 2959 4629 sui
2989 4577 3231 4642 faceret;
3270 4578 3441 4632 babes
3463 4590 3516 4631 et
3547 4579 3736 4648 regio-

2143 4647 2264 4703 nem
2305 4647 2535 4702 inferum
2577 4647 2997 4700 subterraneam
3033 4649 3280 4710 credere,
3317 4659 3371 4700 et
3395 4649 3511 4701 illos
3541 4647 3737 4701 cubito

2145 4720 2372 4788 pellere,
2399 4717 2488 4786 qui
2528 4718 2666 4772 satis
2703 4719 2938 4785 superbe
2964 4733 3070 4770 non
3110 4728 3299 4786 putant
3347 4719 3557 4772 animas
3589 4717 3738 4788 ﬁde-

2145 4787 2275 4842 lium
2309 4789 2498 4843 inferis
2541 4789 2766 4857 dignas;
2796 4788 2939 4840 servi
2972 4802 3136 4856 super
3182 4788 3504 4848 Dominum,
3537 4796 3594 4839 et
3637 4787 3730 4839 di-

2145 4860 2345 4928 scipuli
2412 4873 2578 4926 super
2636 4859 2996 4928 inagistrum,
3053 4859 3326 4927 aspernati
3393 4859 3438 4911 si
3488 4857 3636 4928 forte
3679 4857 3736 4912 iu

2148 4927 2385 4982 Abrahae
2426 4933 2546 4984 sinu
2577 4927 2965 4996 exspectandae
3012 4929 3436 4982 resurrectionis
3473 4927 3736 4980 solatium

2143 5014 2365 5066 capere.
2425 5017 2444 5050 ι
2517 4998 2631 5052 lloc
2671 5014 2833 5052 sensu
2893 4998 3226 5052 Athanasius
3273 4998 3735 5052 obscurissimum

2146 5069 2294 5122 Petri
2343 5070 2522 5124 locum
2579 5069 2866 5139 explicuit,
2916 5069 2973 5122 in
3003 5069 3231 5136 epistola
3261 5071 3330 5122 ad
3357 5069 3585 5139 Epictet.
3617 5067 3737 5120 Co-

2147 5140 2314 5192 rinth.
2345 5142 2515 5206 episc.
2548 5138 2738 5194 contra
2777 5141 2967 5194 lueret.
2996 5139 3263 5193 Eutudem
3289 5141 3410 5192 vide
3435 5139 3507 5192 De
3544 5138 3740 5190 incar-

2145 5211 2360 5263 natione
2393 5211 2630 5275 Domini,
2664 5221 2856 5264 contra
2884 5209 3285 5276 Apollinarium
3312 5227 3328 5276 ;
3368 5211 3444 5264 De
3487 5208 3733 5262 salutari

2144 5281 2373 5332 adventu
2413 5282 2541 5336 Jesu
2581 5281 2814 5344 Christi,
2859 5291 3053 5334 contra
3094 5282 3385 5345 eumdem,
3420 5277 3734 5346 dialog.};

2149 5350 2222 5402 De
2266 5347 2416 5403 Trin.
2465 5353 2514 5402 in
2563 5343 2869 5405 passionem
2925 5363 2981 5404 et
3028 5366 3245 5405 crucem
3303 5343 3509 5404 Domini
3543 5343 3734 5403 εἙῖτα.

2149 5368 2222 5402 ue
2268 5368 2416 5403 um.
2465 5368 2514 5402 Ill
2581 5368 2869 5404 HtSSIOltClII
2925 5368 2981 5404 et
3028 5368 3245 5405 erucem
3303 5368 3509 5404 uomtnt
3543 5368 3734 5403 πειτα.

2144 5417 2430 5494 ἐκϐληθεὶς
2457 5368 2834 5494 ό-ἀθλιοςάπὸ
2876 5420 2972 5494 τοῦ
3021 5421 3189 5494 ᾅδου,
3233 5422 3535 5494 καθήμενος
3566 5418 3734 5494 παρὰ

2143 5490 2242 5576 si;
2267 5489 2463 5576 735M}.
2494 5491 2687 5576 θξωρεῖ
2701 5489 3073 5576 έξαγομένούς
3106 5493 3313 5576 πάντας
3333 5489 3458 5576 τοὺς
3485 5489 3738 5572 πεπεδη-

2148 5561 2342 5646 μένους
2365 5565 2430 5634 τῇ
2464 5561 2557 5613 τοῦ
2582 5560 2831 5646 ξωτῆρος
2851 5560 3098 5646 ἀνδρείᾳ,
3122 5565 3358 5646 καὶτοὺς
3381 5565 3474 5644 μὲν
3489 5560 3732 5645 νεκροὺς

2145 5631 2460 5706 ἁναζῶντας
2483 5674 2505 5706 ,Α
2537 5633 2663 5706 τοὺς
2715 5631 2772 5686 δὲ
2809 5631 3188 5704 αἰχμαλώτους
3224 5631 3580 5706 ἀφιεμένους,
3621 5633 3733 5706 καὶ

2144 5707 2271 5776 τοὺ-ς
2329 5703 2425 5776 μὲν
2484 5701 2670 5776 ἁγίους
2727 5701 3191 5776 προαπαντῶντας
3246 5701 3371 5770 τοὺς
3431 5706 3554 5774 περὶ
3625 5703 3729 5776 τὸν

2159 5773 2408 5846 ’Δόραάμ
2438 5790 2495 5826 τε
2528 5773 3014 5846 ἀνακρουομένους,
3049 5787 3156 5835 etc.
3189 5795 3208 5830 ι
3246 5779 3444 5834 Dehinc
3459 5773 3730 5831 extitrba-
