3902 6414
505 323 612 380 867

1991 320 2312 377 OBlGE-le

3664 336 3746 392 868

507 439 731 496 meliam
783 437 1100 508 nullumque
1151 436 1345 492 mortis
1398 451 1570 508 genus
1614 435 2001 501 reformidant,
2045 439 2047 487 ἰ

2186 436 2442 508 μιουργὸν
2471 438 2771 508 εύσέόειαν,
2818 441 2886 495 ἵν’
2906 441 3079 515 αὐτὴν
3103 443 3368 518 εἰλικρινῆ
3402 446 3498 499 καὶ
3531 448 3750 520 καθαρὰν

507 548 636 587 cum
688 531 989 586 latronibus
1041 529 1280 584 conferri
1322 538 1590 600 possunt;
1650 527 1836 584 Jesum
1896 531 2083 598 utique

503 623 664 680 istius
691 623 955 679 doctrinae
991 632 1272 692 parentem
1298 633 1723 678 consentaneum
1759 633 1846 679 cst
1873 639 1900 678 a
1927 623 2083 679 Celso

502 731 626 769 cum
678 716 951 768 latronum
991 714 1332 784 principibus
1386 716 1715 785 comparari.
1779 716 1850 770 At
1905 733 2080 788 neque

503 807 605 861 iste
633 807 853 876 publico
887 809 1178 862 commodo
1219 808 1479 873 moriens,
1530 823 1706 878 neque
1752 808 1827 861 illi
1861 810 2079 879 pietatis

497 914 663 952 causa
730 899 1012 968 suppliciis
1060 900 1322 968 multati,
1373 901 1585 970 solique
1637 901 1782 955 inter
1829 902 2078 957 homines

494 990 696 1060 quibus
722 991 791 1044 ob
817 1005 1006 1044 verum
1043 991 1137 1046 Dei
1163 993 1368 1047 cultum
1395 993 1608 1048 insidia:
1638 1002 1944 1060 struantur,
1973 1009 2079 1048 non

495 1079 693 1148 injuste
728 1083 1145 1150 interimuntur,
1175 1099 1350 1154 neque
1371 1101 1481 1142 non
1513 1085 1675 1154 impie
1699 1084 1824 1141 Jesu
1852 1093 2076 1141 structa:

492 1185 623 1230 sunt
654 1176 889 1232 insidiae.

563 1438 660 1493 45.
694 1439 855 1505 Vide.
892 1439 1142 1505 obsecro,
1170 1454 1332 1510 quam
1366 1439 1484 1496 leve
1511 1439 1583 1494 sit
1623 1440 1767 1511 quod
1811 1441 1877 1497 de
1911 1441 2074 1498 disci-

487 1533 632 1601 pulis
657 1533 750 1604 qui
781 1542 909 1586 tunc
948 1532 1165 1588 fuerunt
1195 1534 1326 1587 dicit
1360 1551 1375 1587 :
1409 1551 1427 1584 ι
1449 1533 1526 1588 llli
1556 1535 1649 1603 qui
1681 1551 1805 1588 cum
1836 1550 1902 1590 eo
1925 1536 2073 1589 vive-

485 1626 640 1690 bant,
670 1627 760 1694 qui
787 1639 973 1680 vocem
1002 1625 1120 1694 ejus
1154 1625 1471 1688 audiebant,
1521 1626 1615 1694 qui
1665 1626 1758 1680 illo
1812 1628 2071 1697 magistro

484 1719 802 1782 utebantur,
828 1733 952 1772 cum
984 1717 1133 1770 illum
1192 1717 1477 1786 suppliciis
1525 1718 1901 1772 excruciatum
1954 1736 2069 1774 mo-

2182 528 2579 597 διαφυλάξωσιν
2618 531 2761 585 κατά
2787 533 2886 604 τὴν
2908 534 3004 588 τοῦ
3050 537 3226 607 Ἰησοῦ
3259 537 3637 602 διδασκαλίαν,
3665 543 3750 594 πᾶ-

2186 635 2284 672 σαν
2307 621 2487 673 αἰκίαν
2519 622 2612 674 καὶ
2643 622 2852 687 πάντας
2873 624 3139 690 θανάτους
3158 628 3564 700 ἀναδεχόμενον
3591 630 3746 700 δῆλον,

2180 711 2262 763 ὅτι
2301 713 2394 765 καὶ
2420 714 2449 764 6
2483 713 2706 784 Ἰησοῦς,
2733 715 2761 766 ὁ
2788 717 2972 788 πατὴρ
2995 717 3095 787 τῆς
3124 721 3379 790 τοιαύτης
3399 720 3747 788 διδασκαλίας,

2180 803 2415 872 εὐλόγως
2439 805 2542 858 ὑπὸ
2570 806 2664 859 τοῦ
2711 807 2919 861 Κέλσου
2953 809 3291 883 λῃστάρχαις
3336 814 3744 886 παραϐάλλεται.

2192 895 2328 948 Ἀλλ’
2364 896 2474 950 οὔτ’
2502 900 2728 964 ἐκεῖνος,
2758 901 2900 954 κατὰ
2927 903 2990 954 τὸ
3015 907 3331 959 κοινωνικὸν
3362 907 3712 979 ἀποθνήσκων
3731 949 3744 972 ,

2177 987 2292 1043 οὔθ’
2323 983 2488 1054 οὗτοι,
2509 991 2576 1044 δι’
2609 993 2888 1048 εὐσέϐειαν
2918 996 3218 1067 πάσχοντες
3246 998 3420 1052 ταῦτα
3442 1038 3457 1062 ,
3497 1002 3592 1052 καὶ
3617 1001 3745 1070 μόνοι

2178 1083 2396 1136 πάντων
2425 1083 2726 1154 ἀνθρώπων
2769 1087 2860 1140 διὰ
2888 1089 2985 1160 τὴν
3017 1093 3275 1158 φανεῖσαν
3305 1092 3493 1155 αὐτοῖς
3520 1093 3636 1146 ὁδὸν
3662 1094 3744 1164 τῆς

2178 1174 2258 1236 εἰς
2313 1173 2373 1225 τὸ
2414 1173 2566 1228 Θεῖον
2620 1177 2787 1247 τιμῆς
2839 1179 3356 1252 ἐπιϐουλευόμενοι,
3412 1185 3516 1237 οὐκ
3565 1185 3744 1249 ἀδίκως

2176 1264 2566 1335 ἀναιροῦνται,
2623 1266 2738 1320 οὔθ’
2797 1272 2826 1323 6
2870 1270 3078 1341 Ἰησοῦς
3116 1273 3216 1326 ούκ
3275 1272 3492 1338 ἀσεϐῶς
3540 1274 3744 1328 ἐπεϐου-

2174 1356 2359 1428 λεύθη.

2241 1453 2488 1524 Πρόσχες
2513 1454 2700 1522 δὲκαὶ
2748 1454 2828 1526 τῷ
2873 1455 3173 1527 ὲπιπολαίῳ
3207 1456 3303 1511 τοῦ
3337 1457 3468 1529 περὶ
3501 1457 3612 1511 τῶν
3638 1459 3740 1512 τότε

2175 1541 2434 1612 μαθητῶν
2479 1543 2654 1614 Ἰησοῦ
2693 1545 2852 1614 λόγου
2884 1546 2994 1617 (15)
3044 1549 3102 1600 ὲν
3235 1564 3420 1619 φησιν’
3472 1568 3491 1600 ι
3537 1545 3665 1604 Εἶτα
3701 1553 3740 1603 οί

2174 1635 2271 1704 μὲν
2329 1636 2450 1688 τότε
2507 1635 2669 1700 ζῶντι
2720 1635 2868 1708 αύτῷ
2925 1638 3207 1703 συνόντες,
3252 1639 3347 1692 καὶ
3406 1639 3510 1710 τῆς
3577 1641 3741 1711 φωνῆς

2170 1725 2530 1790 ἐπακούοντες
2572 1727 2738 1780 αὐτοῦ
2763 1768 2778 1792 ,
2823 1729 2916 1782 καὶ
2964 1729 3270 1800 διδασκάλῳ
3300 1729 3614 1801 χρώμενοι,
3659 1748 3738 1784 κο-

485 1812 831 1880 rientemque
882 1812 1215 1881 aspicerent,
1267 1825 1367 1865 nec
1408 1827 1531 1866 cum
1575 1811 1668 1866 illo
1705 1822 1801 1866 aut
1847 1829 1944 1883 pro
1973 1813 2047 1868 ἱίΙ(

2170 1815 2463 1887 λαζόμενον
2520 1819 2612 1871 καὶ
2665 1819 3079 1890 ἀποθνήσκοντα
3129 1821 3386 1893 ὁρῶντες,
3445 1822 3572 1876 οὔτε
3633 1840 3738 1876 συν-

485 1911 726 1958 mortem‘
747 1905 1061 1959 occubuere
1087 1944 1101 1968 ,
1132 1913 1225 1957 aut
1262 1904 1526 1974 supplicia
1571 1916 2062 1975 contempserunt;

486 1997 595 2051 imo
620 2012 678 2051 se
706 1997 1002 2066 discipulos
1028 1997 1144 2066 ejus
1174 2011 1295 2051 esse
1326 2007 1691 2068 negaverunt;
1730 2008 1785 2053 et
1814 2014 1910 2054 vos
1940 2016 2065 2054 cum

483 2091 578 2144 illo
602 2089 1028 2145 commorimini.
1079 2109 1096 2140 ι
1132 2089 1229 2145 llic
1254 2092 1446 2144 iterum
1483 2091 1693 2154 Celsus,
1727 2102 1787 2145 ut
1819 2103 2062 2147 nostram

481 2183 804 2237 criminetur
819 2183 1148 2246 doctrinam,
1168 2193 1446 2251 peccatum
1467 2185 1609 2251 quod
1627 2184 1854 2254 apostoli
1875 2201 2062 2240 recens

479 2273 641 2344 421
688 2275 889 2328 initiati
923 2283 976 2328 et
1001 2275 1178 2328 adhuc
1224 2275 1608 2331 imbecilliores
1644 2280 2058 2344 commiserunt,

478 2382 546 2420 ex
580 2365 889 2436 Evangeliis
918 2365 1114 2434 arripit
1147 2365 1430 2433 creditque
1460 2381 1646 2421 verum
1681 2388 1694 2423 :
1729 2380 1921 2440 atqutn
1955 2370 2059 2427 illis

478 2471 601 2528 post
633 2467 913 2528 peccatum
959 2469 1111 2512 recte
1138 2467 1290 2526 gesta
1333 2459 1460 2522 sint,
1513 2475 1618 2528 qua
1671 2461 1918 2518 libertate
1961 2463 2059 2517 Ju-

477 2556 622 2608 dteos
657 2553 909 2616 adierint,
939 2567 1059 2621 (pure
1086 2552 1215 2620 ipsis
1261 2553 1521 2622 supplicia
1549 2554 1618 2608 ab
1671 2553 1874 2611 Iudaeis
1905 2557 2056 2612 illata

474 2646 699 2710 fuerint,
733 2661 837 2715 qua
863 2645 1170 2700 constantia
1207 2655 1437 2699 mortem
1471 2662 1566 2714 pro
1619 2647 1746 2703 Jesu
1804 2650 2054 2705 doctrina

471 2738 824 2808 oppeticrint,
891 2741 1005 2794 hcec
1053 2741 1235 2794 omnia
1286 2743 1399 2794 alto
1456 2741 1675 2796 silentio
1720 2743 2050 2802 dissimulat.

470 2831 657 2903 Neque
681 2833 826 2887 enim
862 2831 1045 2887 Jesnm
1089 2834 1278 2888 audire
1307 2833 1479 2888 voluit
1528 2833 1687 2888 Petro
1747 2836 2053 2903 prazdicen-

472 2942 634 2986 tem:
688 2949 708 2984 ‹
768 2933 902 2987 Cum
962 2939 1144 2986 autem
1210 2931 1492 2997 senueris,
1545 2932 1806 2986 extendes
1857 2947 2052 2988 manus

471 3035 593 3080 tuas
624 3025 692 3091 θ’,
720 3033 856 3089 clc.,
883 3043 900 3076 ι
929 3024 1125 3092 quibus
1149 3022 1426 3093 Scriptura
1456 3023 1676 3092 subjici:
1704 3041 1717 3076 :
1756 3042 1774 3075 ι
1811 3023 1926 3079 Hoc
1949 3039 2049 3078 au-

2168 1907 2477 1974 απέθανον,
2543 1908 2668 1963 οὕτε
2727 1912 3145 1984 ὑπεραπέθανον
3194 1915 3393 1981 αὐτοῦ,
3441 1916 3563 1969 οὐδὲ
3597 1917 3737 1970 κολά-

2169 2015 2304 2052 σεων
2335 2005 2695 2073 καταφρονεῖν
2731 2005 3081 2076 ἐπείσθησαν·
3120 2005 3255 2058 ἀλλὰ
3302 2007 3397 2060 καὶ⁴
3445 2010 3737 2080 ἠρνήσαντο

2165 2085 2303 2146 εἶναι
2341 2093 2598 2165 μαθηταί’
2631 2095 2726 2149 νῦν
2756 2096 2812 2149 δὲ
2847 2098 3004 2169 ὑμεῖς
3035 2098 3184 2170 αύτῷ
3214 2101 3730 2172 ουναποθνήσκετε.»

2163 2185 2276 2239 Καὶ
2307 2186 2363 2237 ἐν
2388 2185 2599 2249 τούτοις
2619 2185 2677 2239 δὲ
2717 2187 2778 2239 τὸ
2810 2189 2906 2258 μὲν
2959 2189 3039 2242 ἔτι
3077 2189 3458 2262 εἰσαγομένοις
3495 2195 3606 2254 τοῖς
3645 2211 3736 2263 μα-

2164 2276 2352 2349 θηταῖς
2397 2277 2494 2330 καὶ
2533 2277 2905 2350 ἀτελεστέροις
2950 2277 3100 2334 οὖσιν
3149 2282 3471 2354 ἀμαρτηθὲν
3518 2285 3610 2337 καὶ
3654 2302 3738 2352 γε-

2160 2371 2474 2444 γραμμένον
2511 2373 2569 2424 ὲν
2610 2376 2722 2438 τοῖς
2753 2375 3108 2443 Εὐαγγελίοις
3142 2377 3386 2430 πιστεύει
3440 2379 3730 2446 γεγονέναι,

2161 2464 2227 2517 ἵν’
2266 2464 2470 2535 ἐγκαλῇ
2502 2463 2768 2535 τῷλόγῳ·
2812 2466 2872 2518 τὸ
2916 2466 2972 2518 δὲ
3011 2467 3148 2538 μετά
3190 2467 3288 2539 τὴν
3328 2469 3606 2540 ἁμαρτίαν
3644 2471 3731 2522 αὐ-

2158 2558 2268 2619 τοῖς
2313 2555 2674 2628 κατορθωθὲν,
2725 2559 3262 2629 παρρησιασαμένοις
3308 2559 3424 2630 (Η)
3477 2562 3567 2613 ἐπὶ
3615 2562 3731 2614 Ἰου-

2155 2647 2338 2710 δαίων,
2372 2649 2466 2702 κα“ι
2501 2649 2671 2720 μυρία
2716 2650 2817 2702 ὅσα
2861 2649 3184 2703 πεπονθόσιν
3233 2652 3324 2703 ὑπ’
3365 2652 3606 2717 ἐκείνων,
3646 2653 3731 2706 καὶ

2156 2741 2216 2795 τὸ
2249 2741 2551 2796 τελευταῖον
2579 2741 2942 2796 ἀποθανοῦσιν
2973 2743 3110 2816 ὑπὲρ
3143 2743 3243 2812 τῆς
3278 2745 3456 2816 Ἰησοῦ
3489 2745 3729 2799 διδασκα-

2155 2834 2295 2898 λίας,
2322 2838 2677 2907 παρασιωπᾷ.
2695 2835 2832 2889 Οῠτε
2859 2835 2968 2908 γὰρ
3014 2837 3188 2907 Ἰησοῦ
3214 2837 3481 2909 ἐϐουλήθη
3511 2838 3726 2891 ἀκοῦσαι

2155 2927 2509 3000 προλέγοντος
2549 2927 2626 2999 τῷ
2674 2928 2885 3000 Πέτρῳ·
2933 2947 2953 2978 ‹
3003 2929 3166 2981 Ὅταν
3226 2928 3280 2981 δὲ
3331 2930 3598 3003 γηράσῃς,
3642 2932 3728 2982 ἐκ·

2154 3021 2326 3084 τενεῖς
2354 3019 2452 3083 τάς
2481 3020 2668 3090 χεῖράς
2710 3038 2826 3085 σου,
2879 3039 2896 3071 ι
2939 3020 3033 3074 καὶ
3057 3020 3126 3073 τά
3160 3020 3308 3091 ὲξῆςο
3417 3023 3666 3094 ἐπι-φέρει
3693 3025 3723 3093 ἡ

473 3127 582 3171 tein
635 3115 798 3179 dixit,
869 3116 1188 3184 significans
1242 3129 1349 3182 qua
1418 3123 1594 3166 morte
1647 3113 2047 3170 clarificaturus

2159 3109 2364 3182 Γραφή·
2390 3129 2408 3160 ‹
2435 3109 2604 3162 Τοῦτο
2631 3109 2675 3162 δ’
2705 3106 2847 3174 εἶπε,
2877 3110 3153 3180 σημαίνων
3174 3109 3313 3179 ποίῳ
3349 3108 3560 3181 θανάτῳ
3580 3107 3728 3173 δοξά-

466 3217 615 3262 csset
663 3207 856 3261 Deum.
895 3225 913 3258 ι
945 3205 1052 3261 Pro
1089 3206 1256 3260 nihilo
1314 3220 1530 3276 quoque
1583 3208 1747 3262 habet
1780 3208 2046 3264 Jacobum

465 3301 693 3354 fratrem
722 3298 970 3361 Joannis,
998 3299 1333 3366 apostolum,
1368 3298 1598 3367 apostoli
1648 3298 1902 3366 fratrem,
1931 3303 2047 3371 gla-

466 3393 558 3447 dio
585 3406 783 3446 caasum
816 3391 883 3444 ab
929 3389 1146 3443 Herode
1188 3388 1356 3444 fuisse
1397 3400 1620 3459 propter
1655 3388 1784 3445 Jesu
1835 3392 2045 3448 doctri-

465 3499 591 3538 nam
613 3483 660 3516 ⁷ο
692 3501 706 3537 :
735 3497 833 3537 nec
859 3483 1030 3550 pluris
1074 3481 1206 3536 facit
1263 3497 1384 3550 qua:
1427 3491 1647 3552 pr0pter
1673 3483 1920 3540 eamdem
1947 3485 2048 3542 Pe-

463 3587 584 3631 trus
622 3584 678 3630 et
707 3575 901 3644 reliqui
927 3573 1156 3644 apostoli
1190 3589 1402 3628 summa
1453 3575 1648 3630 ﬁducia
1686 3575 1936 3646 fecerint,
1983 3588 2044 3635 ut

459 3687 607 3735 cum,
656 3681 940 3738 postquam
995 3667 1225 3737 ﬂagellis
1275 3669 1402 3722 caesi
1455 3669 1696 3733 fuerant,
1745 3688 1765 3721 ι
1806 3672 2042 3728 ierunta

458 3773 759 3833 conspectu
788 3762 1008 3818 concilii
1044 3762 1343 3831 gaudentes
1366 3763 1509 3829 quod
1540 3763 1686 3832 digni
1713 3765 1882 3819 habiti
1911 3765 2043 3820 fuis—

457 3869 582 3913 sent
605 3872 704 3927 pro
735 3856 882 3910 illius
914 3856 1135 3910 nomine
1170 3855 1561 3910 contumeliam
1588 3857 1697 3925 pati
1723 3858 1790 3923 τι,
1839 3877 1858 3910 ι
1902 3860 2041 3914 mul-

455 3959 618 4019 taque
641 3948 800 4018 longe
832 3951 1040 4016 majora
1075 3945 1381 4000 tolerantite
1414 3956 1469 4001 et
1497 3946 1836 4002 fortitudinis
1881 3965 2040 4020 argu-

455 4052 638 4097 menta
671 4043 957 4103 dederunt,
989 4056 1150 4110 quam
1183 4040 1256 4093 illi
1287 4055 1318 4094 e
1347 4038 1574 4107 Graecis,
1609 4040 1699 4110 qui
1740 4039 1824 4094 his
1872 4041 2039 4094 virtu-

456 4134 600 4187 tibus
623 4131 1015 4187 excelluerunt.
1053 4130 1368 4200 llineapud
1426 4129 1554 4186 Jesu
1612 4132 1888 4187 auditores
1934 4133 2037 4189 hoc

454 4225 600 4280 illius
642 4232 974 4294 praeceptum
1035 4223 1104 4277 ab
1153 4222 1312 4277 initio
1366 4223 1614 4288 invaluit,
1668 4226 2034 4294 spernendam

452 4319 598 4373 hanc
649 4333 776 4373 esse
825 4318 990 4371 vitam
1052 4332 1215 4386 quam
1271 4317 1519 4387 plerique
1593 4319 1814 4384 ardent;
1885 4323 2033 4388 aspi-

451 4407 680 4462 randum
746 4409 815 4463 ad
873 4407 1048 4462 solam
1103 4407 1286 4473 illam,
1341 4423 1460 4477 quae
1523 4408 1616 4464 Dei
1669 4409 1796 4464 vitae
1839 4410 2032 4465 similis

446 4511 553 4556 εει.

514 4596 604 4649 46.
633 4593 822 4648 Nonne
845 4593 1010 4648 etiam
1045 4593 1305 4647 mentitur
1343 4593 1486 4663 apud
1531 4593 1746 4650 CelSum
1789 4595 2024 4660 Judmus,

445 4701 566 4740 cum
597 4687 672 4739 ait
727 4704 744 4736 ι
783 4685 988 4748 Jesum,
1045 4685 1170 4739 dum
1219 4700 1462 4753 praesens
1517 4687 1752 4756 adesset,
1812 4689 2023 4746 nonnisi

445 4778 632 4831 decem
671 4781 865 4831 nautas
904 4776 1332 4847 publicanosque
1371 4778 1828 4834 sceleratissimos
1881 4784 2025 4836 asci-

444 4870 587 4924 visse
619 4870 744 4935 sibi,
781 4885 844 4923 ac
875 4887 943 4925 ne
974 4887 1164 4925 omnes
1196 4871 1319 4925 illos
1340 4871 1604 4939 quidem?
1651 4891 1670 4925 ι
1717 4872 1904 4928 Palam
1944 4886 2028 4930 est

443 4962 588 5014 enim
624 4960 704 5016 vel
735 4959 951 5016 Iudaeos
1013 4963 1160 5031 ipsos
1207 4964 1457 5019 fassuros
1507 4979 1652 5031 esse,
1716 4966 1862 5020 illum
1917 4983 2023 5023 non

445 5053 632 5108 decem
665 5055 846 5119 modo,
864 5070 970 5108 non
989 5067 1229 5122 centum,
1252 5073 1358 5113 non
1381 5057 1548 5125 mille,
1572 5058 1663 5112 sed
1685 5059 1843 5113 modo
1869 5061 2029 5129 quin-

442 5159 570 5212 que,
611 5146 770 5200 modo
819 5156 1051 5216 quatuor
1095 5149 1290 5213 millia,
1349 5158 1426 5204 tot
1461 5150 1695 5218 denique
1744 5149 1846 5204 sibi
1895 5166 2026 5205 con-

521 5279 566 5312 "
598 5277 760 5334 Joan.
793 5284 1030 5350 xxr,18,
1069 5285 1156 5340 19.

2065 4473 2110 4528 D

515 5416 628 5495 (l5)
651 5419 993 5495 _Ao'7'ov._lta
1032 5422 1201 5477 codex
1237 5421 1462 5495 Regius.
1513 5425 1663 5479 Libri
1694 5434 1878 5480 autem
1912 5441 2013 5480 ex-

441 5492 580 5553 cusi,
605 5487 768 5558 λόγῳ,
804 5491 955 5544 male.
1323 5487 1351 5495 ”
2011 5509 2014 5514 ’

514 5558 626 5631 (14)
669 5560 822 5613 Libb.
864 5561 994 5615 editi
1040 5561 1109 5616 ad
1161 5564 1482 5633 marginem,
1522 5567 2018 5637 πεπαρῤησιασμέ-

437 5645 626 5769 νοιδοὲἱ)
651 5697 814 5752 Iidem
845 5702 974 5770 post;
1008 5701 1254 5768 ἅπαντας
1309 5705 1509 5760 addunt
1535 5716 1589 5762 et
1615 5705 1886 5761 uncinnlis
1926 5708 2010 5762 in-

443 5769 667 5834 cludunt
719 5770 840 5822 ὲπεί
882 5769 973 5838 τε,
1030 5788 1168 5844 quos
1208 5789 1306 5831 nos
1339 5793 1368 5832 e
1417 5785 1563 5862 textu
1611 5778 2001 5848 expunximus,

2153 3220 2235 3256 σει
2263 3203 2353 3256 τὸν
2383 3201 2536 3255 Θεόνο
2578 3221 2596 3254 ι
2622 3201 2732 3255 οὔθ’
2757 3203 2839 3256 ὅτι
2863 3202 3118 3267 Ἰάκωϐος
3146 3205 3174 3256 ὁ
3199 3203 3430 3272 ἀδελφὸς
3464 3205 3723 3264 Ἰωάννου,

2150 3293 2442 3357 ἀπόστολός
2453 3294 2748 3348 ἀποστόλου
2763 3295 3006 3363 ἀδελφὸς,
3019 3294 3256 3369 ἀνῃρέθη
3270 3296 3377 3348 ὑπὸ
3387 3295 3478 3348 τοῦ
3496 3295 3726 3367 'Hpt66ou

2147 3385 2238 3440 διὰ
2267 3387 2359 3440 τὸν
2394 3386 2548 3456 λόγον
2572 3386 2808 3458 Χριστοῦ
2833 3388 3093 3458 μαχαίρα-
3119 3386 3232 3439 ἀλλ’
3259 3388 3369 3440 οὐδ’
3397 3391 3497 3441 ὅσα
3518 3389 3728 3459 παρρη-

2155 3480 2466 3550 σιαζόμενοι
2500 3479 2593 3533 ἐπὶ
2638 3478 2714 3550 τῷ
2759 3479 2900 3549 λόγῳ
2935 3481 3297 3550 πεποιήκασιν
3335 3482 3363 3532 6
3395 3480 3595 3550 Πέτρος
3631 3479 3725 3532 καὶ

2146 3573 2196 3625 οἱ
2235 3571 2763 3635 λοιποὶάπόστολοι,
2809 3572 2902 3624 καὶ
2939 3571 3013 3635 ὡς
3065 3591 3082 3621 t
3138 3571 3246 3624 ἀπὸ
3294 3571 3582 3643 προσώπου
3629 3568 3724 3622 τοῦ

2148 3663 2421 3734 συνεδρίου
2459 3663 2682 3734 ἐξῆλθον
2723 3685 2740 3715 ι
2779 3663 2916 3734 μετά
2960 3664 3020 3716 τὸ
3061 3665 3507 3735 μαστιγωθῆναι,
3547 3685 3565 3716 ι
3605 3665 3727 3736 χαί-

2146 3772 2350 3826 ροντες,
2385 3756 2466 3809 ὅτι
2502 3755 2916 3828 κατηξιώθησαν
2958 3757 3098 3828 ὑπὲρ
3137 3756 3232 3809 τοῦ
3263 3758 3522 3829 ὀνόματος
3558 3755 3725 3810 αὑτοῦ

2143 3848 2533 3920 ἀτιμασθῆναι,
2571 3869 2609 3922 ,ι
2660 3851 2754 3903 καὶ⁸
2795 3850 3185 3923 ύπεραίροντες
3232 3851 3404 3904 πολλὰ
3443 3851 3545 3904 τῶν
3590 3851 3724 3922 παρ’

2145 3943 2399 4014 Ἕλλησιν
2433 3943 2826 4014 ἱστορουμένων
2867 3944 2958 3996 ἐπὶ
2992 3946 3057 4014 τῇ
3105 3945 3372 4016 καρτερία
3410 3944 3500 3997 καὶ
3526 3943 3725 4014 ἀνδρία

2139 4034 2248 4088 τῶν
2278 4035 2776 4106 φιλοσοφησάντων.
2834 4035 3096 4107 Ἀρχῆθεν
3145 4034 3236 4089 οὖν
3282 4037 3508 4107 μάλιστα
3559 4035 3726 4088 τοῦτο

2139 4126 2233 4179 τοῦ
2277 4127 2451 4196 Ἰησοῦ
2489 4125 2718 4200 μάθημα
2757 4127 3084 4201 ἐκρατύνετο
3121 4127 3272 4200 παρά
3303 4132 3413 4192 τοῖς
3437 4128 3722 4182 ἀκούουσιν

2138 4217 2326 4281 αὐτοῦ,
2356 4219 2604 4273 διδάσκον
2637 4221 3090 4292 καταφρονεῖσθαι
3126 4223 3224 4292 μὲν
3248 4222 3310 4275 τὸ
3333 4223 3437 4276 ὑπὸ
3456 4221 3556 4274 τῶν
3584 4220 3728 4274 πολε

2136 4311 2246 4365 λῶν
2278 4311 2674 4384 περιεπόμενον
2719 4310 2840 4382 ζῆν,
2900 4311 3294 4377 σπουδάζεσθαι
3339 4314 3395 4367 δὲ
3434 4315 3493 4368 τὸ
3533 4330 3724 4386 παρα-

2139 4405 2367 4477 πλήσιον
2398 4405 2478 4475 τῷ
2509 4405 2613 4478 ζῆν
2640 4405 2735 4460 τοῦ
2767 4406 2902 4460 Θεοῦ
2928 4407 3048 4478 ζῆν.

2206 4589 2331 4652 Πῶς
2374 4589 2418 4641 δ’
2456 4587 2516 4642 οὐ
2579 4587 2834 4658 ψεύδεται
2897 4591 2926 4643 ὁ
2968 4591 3140 4660 λέγων
3181 4590 3331 4662 παρά
3375 4590 3450 4662 τῷ
3510 4590 3727 4660 Κέλσῳ

2148 4683 2423 4746 Ἰουδαῖος,
2454 4683 2534 4736 ὅτι
2569 4700 2588 4732 t
2623 4681 2820 4754 Παρὼν
2852 4682 2984 4736 δέκα
3003 4683 3204 4748 ναύτας
3220 4685 3311 4737 καὶ
3337 4683 3560 4745 τελώνας
3583 4684 3728 4744 τοὺς

2134 4774 2530 4839 ὲξωλεστάτους
2567 4774 2762 4844 μόνους
2795 4768 2940 4839 εἷλε,
2985 4777 3078 4829 καὶ
3110 4776 3229 4829 οὐδὲ
3270 4777 3482 4838 τούτους
3528 4775 3727 4829 ἀπαν-

2129 4886 2228 4932 τας
2271 4867 2418 4939 (15);
2474 4885 2493 4918 ›
2541 4867 2716 4935 Σαίρὲς
2757 4867 2867 4938 γὰρ
2907 4867 2987 4920 ὅτι
3031 4867 3125 4920 καὶ
3167 4868 3404 4921 Ἰουδαῖοι
3441 4866 3725 4937 ὁμολογή-

2131 4981 2280 5018 σαιεν
2319 4964 2406 5028 ἂν,
2432 4965 2513 5018 ὅτι
2539 4966 2598 5018 ού
2618 4963 2749 5018 δέκα
2780 4964 2974 5034 μόνους
3000 4955 3163 5029 εἷλεν,
3189 4964 3307 5017 οὐδὲ
3341 4961 3542 5024 ἑκατὸν,
3585 4961 3728 5014 οὐδὲ

2132 5057 2356 5128 χιλίους,
2392 5056 2505 5110 ἀλλ’
2535 5055 2746 5129 ἀθρόως
2773 5056 2862 5109 ὁτὲ
2898 5056 2996 5126 μὲν
3029 5057 3188 5109 πέντε
3225 5054 3474 5125 χιλιάδας,
3510 5053 3610 5105 ὁτὲ
3661 5051 3728 5104 δὲ

2130 5151 2398 5222 τέσσαρας
2427 5148 2558 5221 (’16)’
2594 5149 2690 5204 καὶ
2735 5148 2828 5202 ἐπὶ
2861 5147 3112 5201 τοσοῦτόν
3143 5163 3207 5216 γε
3243 5140 3401 5210 εἷλεν,
3437 5143 3583 5197 ὥστε
3621 5146 3730 5198 καὶ

1234 5287 1280 5318 το
1302 5289 1425 5342 Act.
1453 5303 1552 5354 χιι,
1582 5287 1652 5352 2;
1692 5303 1813 5353 xm,
1839 5287 1930 5346 46.
1995 5289 2040 5319 ⁷¹
2065 5290 2186 5344 Act.
2216 5291 2376 5357 v,4l.

2118 5430 2243 5499 quia
2276 5430 2327 5484 in
2355 5446 2486 5487 mss.
2525 5447 2631 5487 non
2675 5431 2952 5504 reperitur
2977 5439 3030 5488 et
3056 5417 3176 5488 Sine
3199 5431 3472 5503 dispendio
3493 5431 3725 5487 abesse

2120 5511 2315 5571 potest.

2199 5572 2309 5642 (lb‘)
2354 5572 2679 5643 Τέσσαρας.
2716 5575 2805 5630 Sic
2833 5590 3022 5631 omnes
3055 5589 3184 5632 mss.
3229 5574 3445 5638 rectius,
3468 5573 3721 5642 opinor.

2124 5645 2442 5716 quantlihh.
2473 5650 2598 5700 editi
2626 5650 2677 5698 in
2719 5649 2913 5712 quibus
2946 5647 3172 5716 legitur,
3227 5646 3482 5715 τέσσαρας
3511 5645 3725 5715 χιλιά-

2123 5712 2238 5776 δας.
2274 5714 2456 5785 Ncquc
2487 5718 2630 5771 enim
2653 5717 2900 5788 χιλιάδας
2926 5712 3022 5772 υἰέ
3042 5719 3166 5789 poni
3201 5712 3464 5772 convenit.
