4002 6530
213 373 321 429 869
1417 360 1698 418 CONTRA
1734 360 1775 417 C

1890 360 2018 420 SUB!
2056 361 2182 418 LIB.
2218 360 2282 417 II.
3362 367 3468 425 870

213 492 295 552 et;
318 488 421 551 τὰς
452 486 687 559 ἐρημίας
712 483 861 556 αὐτῷ
892 481 1223 551 ἀκολουθεῖν,
1270 479 1367 544 τὰς
1408 478 1567 551 μόνον
1590 476 1781 551 χωρού-

1902 478 2119 534 ciliasse
2151 477 2419 544 homines,
2463 484 2521 533 ut
2549 478 2701 533 illum
2755 478 2809 533 in
2858 480 3093 546 deserta,
3141 478 3255 536 sola
3306 488 3469 536 tanta:

215 598 316 644 σας
343 580 542 652 ἀθρόον
568 596 621 632 τι
648 576 865 649 πλῆθος·
892 576 1001 630 τῶν
1038 573 1396 628 πιστευόντων
1430 571 1510 643 τῷ
1549 571 1668 641 Θεῷ
1709 571 1781 623 διὲ

1902 569 2012 624 Deo
2046 585 2141 638 per
2167 568 2349 625 Jesum
2388 571 2726 625 credentium
2769 571 3101 626 nmltitudini
3128 575 3468 629 continenda:

213 673 308 725 τοῦ
360 670 561 742 Ἰησοῦ·
593 672 651 723 ὲν
699 664 789 734 αἷς
828 670 889 723 οὺ
928 669 1087 739 μόνον
1116 666 1325 735 λόγους,
1360 663 1495 718 ἀλλὰ
1532 663 1627 715 καὶ
1659 662 1781 733 ἔργα

1900 660 2073 729 paria,
2126 668 2512 729 sequerentur,
2562 660 2651 715 tibi
2702 676 2805 715 non
2840 662 3021 717 verbis
3065 662 3258 729 solum,
3292 663 3386 718 sed
3413 674 3469 719 et

214 764 400 825 αὐτοῖς
428 761 800 815 ἐπεδείκνυτο.
854 759 1174 827 Ἀναγκάξει
1201 758 1245 810 δ’
1274 758 1422 828 ἡμᾶς
1461 751 1796 821 ταυτολογῶν

211 844 275 895 τὺ
305 842 690 913 παραπλήσιον
718 842 865 912 αὐτῷ
891 845 1080 895 ποιεῖν·
1106 842 1224 894 ἐπεὶ
1246 840 1625 910 φυλασσόμεθα
1656 841 1785 893 ὐπο-

213 932 587 1002 λαμϐάνεσθαι
631 933 974 1003 ὑπερϐαίνειν
1006 932 1125 986 τινὰ
1156 930 1262 985 τῶν
1299 932 1423 1002 παρ’
1452 931 1598 1001 αὐτῷ
1633 931 1787 1001 λεγο-

218 1023 396 1091 μένων
446 1023 824 1094 ἐγκλημάτων.
868 1024 978 1076 Καὶ
1018 1025 1075 1076 ἐν
1117 1021 1194 1091 τῷ
1228 1021 1571 1093 προκειμένῳ
1611 1022 1787 1076 τοίνυν

214 1113 356 1183 λόγῳ
387 1113 513 1166 καθ’
552 1115 618 1184 ἢν
650 1113 841 1185 ἔχομεν
868 1113 1020 1181 τάξιν
1050 1114 1147 1183 τῆς
1174 1114 1409 1184 γραφῆς,
1438 1113 1600 1184 φησίν
1619 1132 1631 1145 ·
1668 1132 1686 1165 ι
1723 1115 1786 1167 Ei

209 1210 319 1275 ζῶν
353 1210 454 1281 μὲν
482 1210 644 1273 αὐτὸς
674 1210 877 1280 μηδένα
908 1208 1145 1273 ἔπεισεν,
1169 1209 1525 1271 ἀποθανόντος
1550 1208 1592 1260 δ’
1627 1205 1790 1260 αὐτοῦ

208 1302 491 1355 πείθουσιν
537 1303 587 1357 οἱ
633 1300 943 1371 βουλόμενοι
994 1301 1296 1365 τοσούτους·
1338 1302 1453 1364 πῶς
1487 1300 1644 1354 τοῦτο
1694 1300 1792 1370 οὐχ

205 1394 555 1466 ὑπεράτοπόν
586 1397 731 1460 seu;
768 1413 786 1446 ›
816 1393 935 1447 δέον
964 1392 1144 1455 λέγειν
1174 1392 1493 1446 ἀκολουθίαν
1527 1390 1788 1456 σώζοντα,

202 1490 287 1541 ὅτι
320 1488 483 1558 εἴπερ
513 1486 871 1550 ἀποθανόντος
903 1485 1091 1550 αὐτοῦ,
1124 1484 1421 1549 πείθουσιν,
1455 1484 1552 1554 οὐχ
1579 1484 1792 1550 ἁπαξα-

205 1578 360 1641 πλῶς
380 1580 431 1631 οι
454 1576 785 1647 βουλόμενοι,
818 1575 929 1630 ἀλλ’
954 1577 1001 1628 οἱ
1029 1574 1338 1644 βουλόμενοι
1365 1576 1457 1627 καὶ
1476 1575 1785 1645 δυνάμενοι,

201 1667 334 1731 τοὺς
358 1666 666 1729 τοσούτους·
701 1666 852 1736 πόσῳ
899 1664 1097 1735 μᾶλλον
1130 1662 1349 1732 εῠλογον
1397 1663 1577 1725 αὐτὸν,
1626 1661 1786 1733 ήνίκα

202 1759 281 1831 τῷ
339 1759 442 1830 βίῳ
484 1758 767 1829 ἐπεδήμει,
820 1755 1252 1819 πολλαπλασίους
1298 1754 1393 1808 καὶ
1433 1754 1786 1826 δυνατωτέρῳ

198 1851 351 1921 λόγῳ
382 1852 477 1905 καὶ
500 1851 732 1922 πράξεσι
761 1850 1115 1912 πεπεικέναι;

285 1938 500 2009 Ἐαυτῷ
529 1938 585 1990 δὲ
616 1937 881 2008 λαμϐάνει
920 1938 995 2000 ὡς
1031 1935 1302 2006 ἡμετέραν
1328 1934 1616 2008 ἀπόκρισιν
1654 1933 1790 2006 πρὸς

198 2028 400 2083 πεῦσιν
434 2029 611 2082 ἀὑτοῦ
665 2029 963 2100 λεγομένην
1010 2029 1300 2099 φήσαντος·
1355 2045 1374 2078 ι
1422 2027 1540 2081 Τίνι
1583 2026 1790 2097 προσή-

194 2117 372 2189 χθητε
401 2117 514 2189 (17)
548 2116 793 2189 λογισμῷ
825 2116 1012 2172 τοῦτον
1046 2115 1287 2187 νομίζειν
1324 2116 1454 2170 Υίὸν
1481 2115 1652 2181 Θεοῦ;
1688 2133 1789 2169 πε-

196 2210 401 2280 ποίηκε
424 2209 535 2280 γὰρ
575 2210 724 2279 ἡμᾶς
768 2207 1253 2280 ἀποκρινομένους,
1279 2206 1359 2259 ὅτι
1379 2205 1556 2277 τούτῳ
1582 2208 1788 2277 προσή-

194 2300 439 2374 χθημεν,
489 2302 539 2353 εἰ
582 2300 678 2353 καὶ
717 2300 828 2370 (18)
873 2298 1029 2371 ἴσμεν
1074 2298 1171 2370 τὴν
1200 2298 1419 2351 κόλασιν
1450 2297 1614 2352 αὑτοῦ
1649 2297 1789 2369 ὑπὲρ

196 2393 586 2465 καθαιρέσεως
616 2390 711 2445 τοῦ
764 2390 971 2461 πατρὸς
1014 2388 1115 2459 τῆς
1159 2388 1357 2452 κακίας
1402 2390 1705 2457 γεγονυῖαν.
1763 2406 1781 2438 ι

197 2484 419 2547 ’Δλλοις
449 2483 557 2554 γάρ
592 2480 801 2554 μυρίοις
848 2479 1260 2552 προσήχθημεν,
1315 2471 1391 2533 ὧν
1426 2478 1788 2550 πολλοστημό-

195 2594 315 2646 ριον
340 2578 397 2628 έν
428 2578 542 2637 τοῖς
577 2573 679 2645 πρὸ
716 2572 920 2626 τούτων
946 2571 1261 2642 ἐξεθέμεθα,
1302 2570 1415 2634 καὶ,
1453 2569 1586 2623 Θεοῦ
1620 2570 1788 2623 διδόν·-

190 2684 307 2731 τος,
340 2664 709 2735 ἐκθησόμεθα,
737 2664 797 2715 οὐ
840 2663 999 2732 μόνον
1033 2663 1092 2715 ἐν
1126 2664 1240 2724 τοῖς
1281 2660 1419 2731 πρὸς
1449 2660 1539 2712 τὸν
1570 2658 1786 2730 νομιζό-

196 2777 363 2830 μενον
406 2758 613 2812 Κέλσου
655 2755 828 2827 ἀληθῆ
877 2754 1034 2822 λόγον
1082 2751 1597 2824 πραγματευόμενοι
1640 2751 1783 2823 (l9),

193 2851 336 2907 ἀλλά
368 2851 465 2903 καὶ
495 2852 552 2902 ὲν
580 2848 757 2911 ἄλλοις
795 2848 1029 2917 μυρίοις.
1060 2846 1171 2899 Καὶ
1200 2843 1274 2908 ὡς
1315 2844 1469 2915 ἡμῶν
1498 2843 1782 2912 λεγόντων,

192 2945 275 2997 ὅτι
310 2942 439 2995 Υἱον
465 2940 626 2992 αὐτὸν
654 2937 946 3009 νομίζομεν
967 2933 1127 2997 Θεοῦ,
1164 2934 1287 2987 ἐπεὶ
1315 2932 1601 3005 ἐκολάσθη,
1630 2934 1781 3003 φησὶ,

199 3055 215 3087 ι
266 3034 337 3087 Τί
369 3029 485 3095 οὖν,
519 3030 638 3100 ουχὶ
685 3029 779 3081 καὶ
831 3026 978 3081 ἄλλοι
1033 3025 1216 3078 πολλοὶ
1253 3024 1647 3095 ἐκολάσθησαν,
1693 3025 1784 3077 καὶ

192 3126 294 3195 οὐχ
335 3120 499 3197 ἦττον
538 3118 809 3189 ἁγεννῶς;
854 3138 871 3169 ι
912 3118 1132 3187 Ὅμοιον
1173 3116 1215 3168 δ’
1253 3117 1308 3169 ὲν
1341 3115 1513 3186 τούτῳ
1555 3116 1702 3168 ποιεῖ
1751 3116 1779 3167 ό

1898 750 2154 820 operibus
2186 766 2283 806 eos
2312 752 2562 806 docebat.
2595 752 2771 821 Atque
2797 755 2983 807 eadem
3028 764 3291 824 perpetuo
3314 770 3471 811 reco-

1897 854 2069 909 quens
2092 841 2204 905 ille,
2231 857 2331 895 nos
2382 843 2520 896 idem
2555 843 2734 898 facere
2777 845 2946 912 cogit.
2995 843 3263 901 Cavemus
3318 847 3465 901 enim

1898 948 1966 988 ne
1992 932 2151 986 ullam
2177 947 2241 987 ex
2274 933 2417 988 illius
2448 934 2920 990 criminntimtibns
2957 936 3240 1005 prmterire
3299 937 3467 991 silen-

1898 1021 1971 1077 tio
1995 1023 2294 1075 videamur.
2330 1022 2455 1079 "me
2484 1023 2651 1090 igitur
2672 1026 2812 1093 apud
2845 1026 2995 1078 illum
3043 1027 3232 1079 ordine
3281 1028 3467 1095 sequi-

1899 1124 1987 1168 tur
2034 1132 2049 1175 :
2092 1131 2111 1165 ‹
2167 1112 2249 1179 Si,
2284 1114 2409 1168 dum
2452 1115 2683 1181 viveret,
2740 1117 2942 1170 nemini
3003 1119 3295 1185 persuasit,
3346 1128 3467 1186 post

1896 1216 2123 1262 mortem
2157 1218 2337 1261 autem
2370 1208 2488 1277 ejus
2515 1208 2823 1278 quicunque
2856 1209 3065 1275 volunt,
3120 1219 3229 1263 tam
3278 1210 3465 1265 multis

1894 1299 2244 1367 persuadent,
2274 1314 2453 1353 nonne
2478 1314 2562 1353 res
2589 1312 2671 1354 est
2706 1316 2965 1370 perquam
2988 1302 3260 1355 absurda?
3287 1320 3306 1354 ι
3328 1302 3462 1356 Cum

1895 1389 2079 1444 dicere
2113 1390 2410 1455 debuisset,
2439 1391 2483 1445 si
2512 1392 2729 1460 quidem
2762 1402 3125 1447 consentanea
3174 1393 3320 1462 loqui
3354 1392 3465 1446 vel-

1893 1480 1967 1536 let
1993 1482 2095 1548 :si,
2124 1497 2189 1537 eo
2210 1493 2449 1550 mortuo,
2475 1498 2581 1537 non
2623 1484 2715 1553 qui
2774 1486 3095 1554 simpliciter
3122 1486 3324 1551 volunt,
3368 1484 3463 1541 sed

1894 1576 1983 1643 qui
2014 1576 2200 1630 volunt
2229 1584 2282 1629 et
2304 1586 2549 1646 possunt,
2587 1587 2666 1632 tot
2690 1584 3059 1648 persuadent;
3088 1589 3291 1650 quanto
3342 1579 3463 1649 plu-

1894 1684 1980 1722 res
2013 1668 2150 1736 ejus,
2212 1669 2339 1723 dum
2394 1670 2622 1735 viveret,
2676 1678 2729 1723 et
2781 1670 3078 1739 potentiori
3131 1685 3383 1727 sermone
3410 1678 3467 1726 et

1895 1759 2049 1814 factis
2072 1775 2359 1830 persuasos
2382 1760 2546 1817 fuisse
2585 1763 2845 1819 credibile
2871 1764 2991 1819 est?

1960 1935 2054 1992 47.
2095 1934 2341 1992 Posthmc
2374 1945 2729 2005 percontatus
2766 1956 2784 1989 ι
2818 1952 2924 2007 quo
2966 1948 3285 2008 argumento
3345 1937 3465 1990 ani-

1891 2042 2039 2081 mum
2076 2028 2451 2084 induxerimus
2490 2029 2639 2083 illum
2677 2043 2801 2083 esse
2844 2029 2937 2082 Dei
2984 2029 3203 2094 Filmm,
3245 2046 3264 2078 ι
3296 2029 3464 2082 sumit

1890 2119 1992 2173 sibi
2055 2120 2157 2175 hoc
2218 2136 2539 2190 responsum
2600 2124 2744 2192 quod
2795 2131 3043 2174 nostrum
3099 2135 3220 2175 esse
3285 2119 3459 2190 ﬁngit,

1887 2208 2050 2281 422
2081 2229 2099 2262 ι
2136 2210 2188 2266 id
2221 2226 2320 2265 nos
2349 2212 2591 2266 animum
2623 2212 2921 2281 induxisse,
2949 2211 3077 2280 quia
3111 2213 3311 2266 scimus
3336 2226 3459 2264 eum

1889 2317 2107 2369 paSsum
2160 2318 2300 2368 esse,
2350 2312 2411 2357 ut
2462 2304 2681 2357 malitia:
2730 2279 2927 2373 parens
2989 2305 3383 2358 destrueretur.
3434 2321 3457 2355 ι

1890 2392 2261 2465 Suppetebant
2282 2396 2426 2450 enim
2455 2397 2612 2451 nobis
2642 2397 2747 2450 alia
2780 2406 3057 2460 sexcenta,
3093 2412 3323 2465 quorum
3360 2396 3463 2449 mi-

1890 2487 2091 2541 nimam
2142 2498 2355 2557 partem
2411 2488 2728 2551 attulimus,
2766 2503 2899 2541 nova
2950 2490 3294 2555 postmodum
3348 2487 3461 2542 Deo

1888 2580 2049 2634 dante
2079 2579 2320 2645 allaturi,
2348 2587 2402 2633 et
2447 2580 2744 2633 refellendo
2804 2594 2954 2642 vero,
2991 2591 3048 2631 ut
3087 2589 3262 2647 putat,
3315 2578 3458 2635 Celsi

1888 2686 2157 2737 sermone,
2190 2681 2244 2726 et
2269 2671 2391 2727 aliis
2418 2674 2471 2725 in
2500 2672 2635 2725 locis
2671 2673 2806 2726 bene
2836 2672 3039 2728 multis.
3072 2670 3275 2725 Deinde
3301 2672 3457 2740 quasi

1888 2764 2215 2819 dixissemus
2257 2778 2382 2817 eum
2435 2779 2463 2816 a
2521 2764 2678 2818 nobis
2727 2764 3025 2817 existimari
3090 2762 3181 2815 Dei
3238 2762 3457 2825 Filium,

1886 2857 2015 2925 quia
2047 2870 2241 2923 passus
2263 2867 2365 2922 est,
2397 2873 2415 2906 ι
2447 2870 2649 2920 annon,
2680 2855 2874 2923 inquit,
2913 2863 2967 2908 et
2991 2854 3079 2906 alii
3119 2852 3270 2907 multi
3312 2855 3455 2922 passi

1886 2956 2032 3011 sunt,
2070 2962 2169 2999 nec
2195 2947 2375 3000 minus
2427 2948 2710 3013 turpiter?
2748 2964 2766 2996 ι
2813 2947 2868 2999 1η
2901 2962 3008 3013 quo
3048 2946 3238 2999 Celsus
3278 2947 3460 2997 imita-

1889 3043 1977 3089 tur
2004 3034 2298 3088 vilissimos
2336 3050 2548 3097 eorum,
2595 3048 2732 3103 quos
2776 3044 2961 3087 nostra
3000 3034 3246 3087 doctrina
3297 3034 3459 3086 habet

1886 3127 2248 3189 adversarius,
2274 3126 2363 3193 qui
2395 3134 2587 3195 putant
2636 3126 2776 3194 quod
2810 3124 3061 3179 Christus
3086 3127 3231 3179 cruci
3260 3125 3455 3178 afﬁxus

194 3194 407 3279 Κέλσος
456 3218 568 3278 τοῖς
624 3210 1218 3284 ὰνδραποδωδεστάτοις
1266 3208 1375 3261 τῶν
1426 3208 1636 3279 ἐχθρῶν
1686 3207 1779 3261 τοῦ

1890 3219 2057 3273 fuisse
2083 3220 2455 3287 perhibeatur,
2510 3232 2849 3285 consequens
2894 3232 3013 3274 esse
3047 3228 3105 3273 ut
3140 3232 3329 3273 omnes
3362 3231 3457 3271 eo-

194 3308 380 3378 ὶόγου,
409 3308 503 3359 καὶ
531 3306 815 3374 οἰομένοις,
852 3302 931 3354 ὅτι
962 3298 1243 3353 ἀκολουθεῖ
1279 3301 1343 3369 τῇ
1391 3300 1518 3370 περὶ
1550 3298 1639 3351 τὸν
1680 3300 1782 3369 Ἰη-

197 3400 327 3455 σοῦν
380 3397 590 3469 ἱστορία
645 3392 1024 3465 σταυρωθέντα
1078 3390 1141 3443 τὸ
1195 3390 1372 3443 σέϐειν
1450 3392 1596 3462 ἡμᾶς
1656 3390 1780 3455 τοὺς

194 3495 361 3547 ἑσταυ
370 3510 449 3563 ρω
458 3491 669 3560 μένους.

261 3583 538 3645 Πολλάκις
566 3581 611 3634 δ’
650 3582 679 3632 ό
714 3577 918 3638 Κέλσος
940 3576 1062 3645 ἤδη,
1104 3574 1176 3645 μὴ
1209 3573 1502 3644 δυνάμενος
1533 3574 1779 3628 ἀντιϐλέ-

195 3695 320 3730 πειν
350 3670 441 3739 αἷς
474 3674 887 3744 ἀναγέγραπται
913 3669 1266 3740 πεποιηκέναι
1297 3668 1586 3737 δυνάμεσιν
1610 3671 1637 3721 ό
1674 3669 1778 3739 ἰη-

195 3768 346 3832 σοῦς,
374 3766 650 3821 διαϐάλλει
674 3763 841 3827 αὑτὰς
867 3763 942 3825 ὡς
972 3762 1244 3833 γοητείας·
1291 3761 1384 3813 καὶ
1426 3760 1681 3823 πολλάκις
1702 3759 1779 3831 τῷ

194 3860 363 3930 λόγῳ,
400 3858 543 3912 κατὰ
574 3856 634 3909 τὸ
654 3854 874 3907 δυνατὸν
907 3855 1059 3923 ἡμῖν,
1089 3852 1429 3920 άντείπομεν.
1468 3851 1573 3904 Καὶ
1604 3850 1698 3904 νῦν
1721 3852 1779 3905 δέ

197 3969 362 4024 φησιν
381 3951 548 4003 οἱονεῖ
580 3948 727 4018 ἡμᾶς
769 3943 1191 4015 ἀποκρίνασθαι,
1234 3944 1315 3996 ὅτι
1354 3941 1440 3995 διὰ
1481 3941 1623 3995 τοῦτ’
1673 3944 1780 3994 ἐνο-

199 4044 437 4115 μίσαμεν
468 4040 631 4093 αὐτὸν
665 4035 802 4091 εἶναι
836 4037 964 4089 Υἱὺν
1002 4035 1159 4097 Θεοῦ,
1204 4054 1221 4085 ι
1268 4033 1391 4087 ἐπεὶ
1432 4034 1636 4103 χωλοὺς
1686 4035 1778 4087 καὶ

194 4135 434 4204 τυφλοὺς
459 4130 815 4203 ἐθεράπευσε.
869 4148 885 4179 ι
936 4126 1264 4199 Προστίθησι
1298 4125 1352 4178 δὲ
1384 4126 1479 4178 καὶ
1507 4125 1587 4178 τό·
1626 4145 1643 4177 ι
1693 4125 1778 4189 Ὠς

195 4226 356 4295 ὑμεῖς
383 4239 544 4291 φατε,
572 4219 761 4289 ἀνίστη
797 4216 1043 4288 νεκρούς.
1083 4236 1099 4267 ι
1136 4216 1255 4267 ’Ὁτι
1303 4214 1398 4284 μὲν
1431 4209 1525 4266 οὖν
1576 4212 1778 4284 χωλοὺς

197 4320 292 4371 καὶ
322 4314 564 4382 τυφλοὺς
601 4312 955 4383 ἐθεράπευσε,
991 4308 1182 4379 διόπερ
1223 4306 1455 4378 Χριστὸν
1489 4305 1650 4359 αὐτὸν
1684 4306 1777 4359 καὶ

197 4409 325 4462 Υίδν
358 4405 497 4460 Θεοῦ
543 4405 855 4475 νομίζομεν,
914 4402 1071 4472 δῆλον
1112 4402 1242 4471 ἡμῖν
1278 4400 1423 4451 ἐστιν
1467 4400 1530 4451 ὲκ
1561 4398 1652 4451 τοῦ
1687 4400 1778 4452 καὶ¹

197 4502 254 4553 ἐν
309 4497 677 4571 προφητείαις
724 4492 1063 4565 γεγράφθαι,
1112 4510 1130 4542 t
1189 4490 1320 4542 Τότε
1372 4488 1777 4557 ἀνοιχθήσονται

198 4591 466 4661 ὀφθαλμοὶ
490 4587 725 4656 τυφλῶν,
772 4586 863 4639 καὶ
900 4579 1013 4637 ὦτα
1047 4580 1245 4651 κωφῶν
1285 4579 1624 4641 ἀκούσονται,
1658 4579 1776 4631 τότε

201 4683 407 4736 ἁλεῖται
423 4682 501 4745 ὡς
516 4680 710 4748 ἔλαφος
730 4680 758 4730 ὁ
773 4676 958 4747 χωλός·
990 4694 1007 4725 ›
1034 4676 1113 4727 ὅτι
1128 4673 1183 4726 δὲ
1212 4671 1304 4725 καὶ
1319 4671 1542 4742 νεκροὺς
1561 4668 1773 4739 ἀνίστη,

196 4775 295 4828 καί
321 4774 421 4825 οὐκ
448 4772 565 4823 ἔστι
599 4768 823 4834 πλάσμα
858 4764 966 4818 τῶν
995 4764 1061 4816 τὰ
1094 4759 1396 4829 Εὑαγγέλια
1427 4758 1774 4829 γραψάντων,

202 4866 535 4937 παρίσταται
552 4863 615 4913 ὲκ
629 4864 742 4914 τοῦ·
775 4859 838 4911 Εἰ
859 4857 955 4928 μὲν
973 4855 1192 4925 πλάσμα
1212 4848 1299 4923 ἦν,
1327 4851 1549 4913 πολλοὺς
1578 4852 1776 4919 ἀναγε-

201 4957 442 5029 γράφθαι
476 4954 589 5024 (9.0)
627 4954 749 5014 τοὺς
784 4948 1141 5009 ἀναστάντας,
1193 4944 1287 4996 καὶ
1332 4944 1457 5005 τοὺς
1510 4942 1611 5013 ἤδη
1654 4941 1779 5013 χρό-

202 5068 320 5114 νους
346 5051 571 5119 ἔχοντας
598 5046 847 5107 πλείονας
875 5044 931 5095 ὲν
962 5043 1074 5103 τοῖς
1110 5037 1412 5109 μνημείοις·
1450 5037 1568 5087 ἐπεὶ
1600 5035 1645 5086 δ’
1676 5036 1776 5087 οὐκ

205 5139 315 5193 ἔστι
344 5142 595 5209 πλάσμα,
624 5137 766 5189 πάνυ
809 5132 1204 5205 εὐαριθμήτους
1236 5126 1481 5197 λελέχθαι
1510 5126 1643 5198 (21),
1678 5127 1776 5198 τήν

272 5278 317 5310 ⁷⁸
342 5276 473 5331 lsai.
502 5288 671 5338 xxxv,
694 5271 748 5326 5.

276 5415 387 5489 (ιτ.)
438 5402 989 5489 προσήχθητε-,Εε
1048 5398 1210 5489 99910
1274 5394 1773 5489 Ρρξξηέῖρςδὶᾒξὲῖὲ-

212 5461 577 5561 paying—Iit
625 5461 815 5532 o'i'nn‘es
857 5471 1013 5561 codd.
1051 5461 1226 5561 'mssl,
1255 5461 1769 5561 ﬂexcepto.lul’iago,

343 5531 807 5617 cuin—thimpressis
846 5542 1046 5604 habet,
1075 5534 1386 5608 προήχθητε
1414 5542 1467 5586 et
1492 5531 1771 5604 προήχθη-

208 5645 391 5759 μεῖἱε)
425 5693 497 5745 El
528 5690 647 5745 καί.
678 5684 985 5759 Legendum
1008 5679 1218 5759 videtur
1245 5672 1383 5759 ἐπες.

304 5702 391 5759 18)
425 5702 497 5745 Et
528 5702 647 5745 καί.
678 5702 985 5757 Legenuum
1010 5702 1217 5733 vuieiur
1245 5702 1383 5757 επει.

277 5702 389 5836 δίε)
437 5757 1008 5836 "parmth-
1044 5749 1204 5836 .599}.
1220 5762 1315 5836 ξιιξ·
1344 5740 1767 5836 .¹9ἐίῖἱ¹δὲᾞηιῖῗέ

212 5815 915 5906 ιειῖίπραγμάἑευομένόις,
962 5821 1058 5879 sed
1092 5817 1304 5888 vulgata
1344 5815 1499 5870 lectio
1541 5815 1763 5867 retineri

1887 3312 2006 3367 dem
2034 3311 2300 3382 supplicio
2324 3309 2554 3365 allectos
2584 3324 2925 3365 veneremur.

1955 3551 2044 3606 48.
2075 3549 2191 3605 Jam
2219 3564 2363 3618 smpe
2393 3548 2603 3614 Celsus,
2634 3548 2761 3619 quia
2798 3548 3027 3604 inticiari
3077 3563 3183 3604 non
3234 3558 3453 3618 poterat

1886 3644 2149 3698 miracula
2179 3659 2302 3714 qua:
2324 3641 2488 3697 Jesus
2513 3641 2704 3695 fecisse
2739 3642 3015 3706 scribitur,
3046 3642 3134 3695 illa
3168 3644 3456 3711 praestigiis

1887 3737 2167 3791 tribuenda
2201 3749 2325 3790 esse
2347 3734 2709 3789 calumniatus
2739 3743 2851 3797 est;
2883 3741 2938 3786 et
2968 3748 3067 3787 nos
3090 3743 3277 3787 contra
3308 3749 3456 3803 saepe

1884 3842 1983 3897 pro
2020 3827 2228 3881 viribus
2261 3826 2641 3897 pugnavimus.
2695 3822 2851 3878 Nunc
2904 3834 3080 3878 autem
3113 3825 3268 3879 nobis
3298 3826 3452 3894 quasi

1887 3920 2232 3988 interrogatis
2268 3934 2373 3987 qua
2405 3934 2565 3972 causa
2590 3918 2739 3971 illum
2764 3933 2885 3972 esse
2902 3918 2994 3972 Dei
3027 3916 3218 3970 Filium
3240 3914 3458 3983 judica-

1884 4014 2141 4076 verinius,
2186 4012 2238 4066 id
2288 4012 2531 4080 responsi
2579 4010 2842 4074 ascribit,
2893 4025 2993 4064 nos
3035 4010 3107 4063 ita
3156 4009 3451 4078 judicasse,

1890 4124 1909 4157 ι
1958 4105 2102 4174 quod
2141 4112 2197 4159 et
2249 4102 2471 4158 claudos
2511 4110 2565 4157 et
2618 4116 2792 4157 caecos
2849 4102 3155 4165 curaverit;
3201 4119 3220 4152 ι
3258 4102 3456 4168 quibus

1886 4197 2057 4261 addit,
2097 4215 2116 4248 ι
2154 4195 2424 4264 quodque,
2458 4203 2517 4247 ut
2546 4194 2724 4248 dicitis
2762 4209 2884 4258 vos,
2926 4204 3169 4247 mortuos
3222 4192 3456 4247 suscita-

1884 4289 2045 4343 verit.
2096 4287 2372 4343 »Claudos
2403 4296 2457 4342 et
2512 4300 2685 4339 caecos
2729 4302 2757 4339 a
2808 4284 2935 4339 Jesu
2992 4292 3210 4337 curatos
3257 4282 3447 4344 fuisse,

1884 4380 2236 4449 quamobrem
2265 4380 2414 4433 illum
2434 4394 2530 4447 pro
2556 4378 2774 4433 Christo
2794 4377 2993 4444 Deique
3010 4374 3147 4428 Filio
3166 4374 3451 4437 habemus,

1886 4471 2008 4525 inde
2039 4471 2380 4540 perSpicuum
2403 4476 2504 4532 est,
2538 4469 2678 4536 quod
2704 4476 2757 4522 et
2780 4467 2832 4520 in
2865 4465 3157 4535 prophetiis
3187 4465 3449 4532 scriptum

1811 4549 1852 4603 n
1883 4563 1954 4616 sit
1989 4580 2002 4615 :
2043 4578 2063 4611 ι
2110 4560 2263 4615 Tunc
2312 4560 2626 4629 aperientur
2674 4560 2813 4615 oculi
2866 4573 3133 4613 cocorum
3158 4596 3172 4621 ,
3203 4565 3257 4609 et
3290 4569 3452 4609 aures

1882 4656 2168 4711 surdorum
2224 4654 2468 4716 audient,
2528 4662 2652 4705 tunc
2716 4651 2875 4705 saliet
2950 4648 3178 4703 claudus
3229 4656 3288 4700 ttt
3334 4660 3455 4700 cer-

1880 4764 1982 4804 vus
2004 4750 2071 4802 ⁷⁸.
2108 4747 2399 4813 vMortuos
2423 4754 2601 4799 autem
2634 4744 2801 4798 fuisse
2829 4744 3140 4806 suscitatus,
3173 4755 3271 4794 nec
3305 4739 3450 4794 istud

1889 4850 2227 4896 commentos
2268 4854 2388 4893 esse
2415 4838 2504 4907 qui
2550 4835 2839 4904 Evangelia
2908 4833 3244 4901 scripserint,
3298 4844 3452 4898 aeque

1884 4943 2125 4999 constat;
2154 4948 2275 4986 nam
2316 4932 2361 4986 si
2384 4932 2693 5000 ﬁgmentum
2729 4930 2895 4992 eSset,
2931 4926 3116 4995 plures
3161 4922 3454 4978 suscitatus

1886 5029 2286 5084 recensuissent
2318 5038 2520 5097 eosque
2542 5024 2745 5078 diutius
2772 5021 2824 5073 in
2856 5017 3222 5074 monumentis
3273 5013 3451 5067 dixis-

1885 5131 2005 5179 sent
2029 5121 2194 5177 fuisse
2224 5127 2483 5174 moratos.
2514 5114 2638 5168 Illos
2666 5120 2880 5177 contra,
2924 5122 3043 5178 qua:
3090 5120 3186 5161 sua
3215 5099 3450 5159 sinceri-

1879 5395 2076 5458 potest.

2118 5451 2397 5527 Πολλοὺς
2442 5448 2896 5527 ᾀναγεγρὰεξθαι.
2942 5442 3281 5527 _Legendt't‘m‘

1880 5508 2105 5592 lobgfiv
2118 5508 2865 5595 άναγεγράφθαιξυι”υρῖἱιιισ
2889 5508 3166 5571 υιΙιιοΕινίι
3190 5508 3446 5565 Buherel-

1882 5600 2061 5739 lusét)
2099 5664 2268 5723 Codd.
2310 5664 2510 5737 Regius
2556 5672 2610 5720 et
2655 5655 3004 5722 Basileensis,
3050 5649 3299 5722 γενέσθαι
3345 5660 3445 5717 pro

1872 5737 2139 5810 λελέχθαι.
