3902 6414
503 357 600 413 871

1991 344 2318 403 ORIGENIS
3673 351 3755 406 872

515 483 602 525 tas
655 477 758 534 est,
796 480 1096 538 perpaucos
1154 471 1511 529 enumerant;
1555 459 1807 516 nimirum
1850 460 2076 531 archisy‘

2197 476 2256 513 τε
2302 458 2397 513 τοῦ
2433 456 2880 531 ἀρχισυναγώγου
2922 459 3202 533 θυγατέρα
3247 463 3412 534 (περὶ
3451 455 3524 533 ἧς
3556 465 3651 517 οὒκ
3681 463 3755 519 οἷδ’

512 558 709 630 nagogi
769 558 932 611 tiliam
974 557 1038 610 de
1085 569 1188 623 qua
1234 554 1416 608 nescio
1455 566 1555 606 cur
1595 551 1842 605 dixerit:
1890 567 1910 601 ι
1965 549 2080 603 Non

504 662 716 706 mortua
748 657 851 714 est,
889 645 982 700 sed
1019 646 1214 700 dormit
1252 645 1318 709 ⁷³,
1355 661 1374 695 t
1417 642 1692 712 peculiare
1726 640 1855 710 quid
1888 641 1956 695 de
1977 640 2080 694 'illa

509 743 759 812 inquiens
794 740 936 810 quod
970 738 1220 792 omnibus
1250 734 1478 789 mortuis
1510 750 1615 788 non
1644 734 1824 788 inerat
1850 749 1865 799 ;
1895 742 1950 787 et
1973 734 2086 787 tuti-

502 849 626 889 cum
665 831 842 886 viduae
876 831 1065 891 lilium.
1095 843 1252 897 quem
1294 827 1586 880 miseratus
1640 826 1766 879 vita:
1813 826 2082 892 restituit,

497 922 666 992 jussis
689 920 885 987 bajulis
912 920 1255 984 consistere;
1292 919 1506 971 tertium
1540 918 1772 987 denique
1815 917 2082 971 Lazarum

495 1015 609 1084 jam
649 1025 883 1084 quatuor
908 1014 1023 1068 dies
1058 1013 1109 1067 in
1141 1013 1392 1079 sepulcro
1442 1011 1735 1065 inclusum.
1770 1009 1884 1077 Qua
1927 1012 1993 1065 de
2027 1026 2086 1065 re

504 1106 858 1161 candidiores
896 1106 1087 1159 barum
1125 1119 1304 1158 rerum
1330 1105 1686 1159 :estimatores
1703 1113 1754 1158 et
1784 1104 2082 1174 praesertim

503 1207 744 1252 nostrum
769 1195 1008 1252 Judaeum
1031 1199 1355 1263 admonebo,
1390 1197 1847 1268 quemadmodum
1873 1206 2083 1267 tempo-

500 1303 560 1342 re
591 1288 768 1343 Elistei
811 1289 1086 1358 prephetae
1121 1289 1270 1343 multi
1305 1299 1459 1344 erant
1509 1288 1732 1357 leprosi,
1769 1288 1917 1343 solus
1945 1304 2077 1344 vero

499 1387 727 1434 sanatus
765 1390 846 1435 est
879 1379 1118 1433 Naaman
1144 1379 1346 1450 Syrus;
1375 1380 1519 1435 sicut
1549 1379 1733 1432 multa:
1763 1379 1935 1434 viduae
1969 1380 2084 1434 l‘ueo

498 1480 625 1525 runt
645 1481 804 1524 aetate
826 1471 955 1526 Elia?
977 1472 1265 1540 prophetat,
1285 1485 1386 1524 nec
1407 1479 1588 1524 tamen
1608 1471 1673 1524 ad
1695 1471 1856 1524 ullam
1885 1471 2082 1526 missus

497 1571 582 1617 est
611 1562 778 1626 Elias,
815 1566 1263 1633 prmterquamad
1294 1562 1688 1632 Sarephtanam
1733 1565 1783 1618 in
1804 1563 2080 1627 Sidonios,

498 1669 619 1726 quin
641 1658 826 1712 divino
853 1657 1083 1726 quodam
1111 1656 1320 1723 judicio
1351 1657 1508 1725 digna
1545 1666 1684 1720 erat,
1713 1657 1868 1726 cujus
1899 1658 2072 1725 gratia

499 1749 823 1803 miraculum
861 1750 912 1802 itt
948 1763 1116 1817 panes
1153 1750 1416 1818 propheta
1452 1747 1694 1814 faceret;
1749 1750 1829 1804 sic
1860 1748 2080 1814 mullos,

2192 551 2342 614 ὅπως
2373 547 2544 609 εἶπεν,
2581 567 2599 600 ι
2636 550 2749 602 Οὐκ
2773 547 3067 612 ἀπέθανεν,
3097 550 3232 604 ἀλλὰ
3254 551 3530 604 καθεύδει·
3574 570 3594 602 ι
3621 553 3757 620 λέγων

2190 659 2245 695 τι
2272 643 2401 712 περὶ
2431 641 2598 713 αὐτῆς
2635 640 2664 693 ὃ
2693 641 2754 693 ού
2796 641 2929 694 πᾶσι
2964 644 3081 704 τοῖς
3124 641 3458 695 ἀποθανοῦσι
3507 645 3754 714 προσῆν)-

2191 733 2408 787 καὶτὸν
2438 730 2700 803 μονογενῆ
2737 731 2837 801 τῆς
2870 734 3050 804 χήρας
3104 733 3220 786 υίὸν
3259 735 3344 802 ἐφ’
3396 727 3442 800 ᾧ
3492 735 3759 805 σπλαγχνι-

2195 825 2342 889 σθεὶς
2381 825 2674 895 ἀνέστησεν
2717 824 2900 890 αὐτὸν,
2956 825 3166 895 στήσας
3209 828 3337 889 τοὺς
3385 826 3652 897 φέροντας
3687 827 3759 878 τὸν

2192 918 2403 990 νεκρόν·
2439 918 2533 971 καὶ
2565 916 2746 989 τρίτον
2791 917 3041 989 Λάζαρον
3065 919 3332 990 τετάρτην
3363 918 3581 990 ἡμέραν
3620 921 3670 971 ἐν
3696 918 3758 988 τῷ

2197 1010 2449 1080 μνημείῳ
2477 1008 2686 1079 ἔχοντα.
2719 1011 2829 1064 Καὶ
2859 1015 3105 1082 φήσομεν
3133 1011 3262 1081 περὶ
3292 1009 3503 1062 τούτων
3529 1009 3638 1081 κὲΞ)
3666 1013 3757 1074 τοῖς

2193 1099 2733 1171 εὐγνωμονεστέροις,
2761 1100 2858 1154 καὶ
2885 1101 3118 1171 μάλιστα
3145 1099 3224 1170 τῷ
3265 1099 3461 1154 Ἰουδαί
3482 1117 3528 1168 ί),
3560 1099 3636 1152 ὅτι
3663 1095 3758 1155 ὥσ·

2193 1210 2298 1264 περ
2332 1191 2515 1245 πολλοὶ
2552 1191 2740 1264 λεπροὶ
2769 1188 2909 1264 ἦσαν
2955 1193 3014 1245 ἐν
3055 1193 3291 1264 ἡμέραις
3352 1193 3653 1246 Ἐλισσαίου
3679 1192 3754 1245 τοῦ

2193 1286 2491 1357 προφήτου,
2531 1285 2626 1339 καὶ
2660 1284 2836 1349 οὐδεὶς
2864 1285 3043 1339 αὐτῶν
3077 1284 3440 1358 ἐκαθαρίσθη,
3469 1287 3518 1338 εί
3549 1285 3621 1356 μὴ
3649 1286 3756 1338 Νεε-

2195 1377 2300 1449 μάν
2332 1380 2360 1431 ὁ
2391 1377 2580 1450 Σύρος⁵
2613 1378 2706 1430 καὶ
2734 1376 2928 1430 πολλαὶ
2953 1377 3119 1448 χῆραι
3147 1373 3288 1448 ἦσαν
3315 1378 3374 1429 ἐν
3398 1379 3522 1439 ταῖς
3544 1377 3752 1448 ἡμέραις

2205 1467 2388 1521 Ἰιλίου
2437 1467 2532 1520 τοῦ
2581 1467 2894 1540 προφήτου,
2951 1469 3043 1520 καὶ
3100 1467 3238 1540 πρὸς
3288 1466 3546 1538 οὐδεμίαν
3601 1470 3754 1521 αὐτῶν

2191 1560 2446 1631 ἐπέμφθη
2503 1561 2677 1631 χήραν
2732 1562 2760 1612 ό
2814 1559 3022 1624 Ἠλίας,
3067 1562 3115 1612 εί
3173 1559 3247 1632 μὴ
3282 1561 3364 1623 είς
3395 1560 3646 1632 Σαρεπτά
3671 1561 3754 1631 τῆς

2192 1653 2470 1718 Σιδωνίας,
2529 1653 2655 1716 ἀξία
2701 1651 2811 1723 γὰρ
2860 1652 3102 1721 ἐγεγόνει
3141 1651 3236 1704 τοῦ
3286 1652 3394 1705 ὑπὸ
3430 1651 3528 1704 τοῦ
3577 1654 3755 1725 προφή-

2190 1764 2283 1799 του
2313 1746 2679 1816 γεγενημένου
2704 1746 2995 1816 τεραστίου
3023 1747 3080 1799 ἐν
3110 1748 3223 1809 τοῖς
3261 1744 3453 1818 ἄρτοις
3488 1749 3627 1801 κατά
3651 1765 3753 1801 τινα

498 1840 626 1891 dum
656 1836 813 1892 Jesus
839 1839 890 1892 in
917 1839 1067 1891 vivis
1106 1848 1271 1900 esset,
1315 1847 1558 1891 mortuos
1588 1836 1776 1903 fuisse,
1809 1841 1902 1893 sed
1939 1840 2076 1894 solos

2190 1838 2339 1891 θείαν
2366 1838 2566 1908 κρίσιν·
2599 1837 2740 1891 οὕτω
2769 1837 2954 1890 πολλοὶ
3000 1839 3185 1909 νεκροὶ
3217 1833 3362 1908 ἦσαν
3399 1841 3461 1890 ἐν
3491 1840 3607 1902 ταῖς
3645 1839 3755 1910 ἡμέο

499 1947 623 1986 esse
653 1932 943 1986 suscitatus
966 1946 1104 2000 quos
1142 1930 1396 1984 suscitari
1432 1933 1695 1999 expedire
1738 1932 1975 1987 Verbum
2003 1934 2085 2003 ju-

500 2025 719 2090 dicavit,
773 2032 832 2078 ut
882 2023 1144 2077 miracula
1197 2023 1284 2076 illa
1343 2037 1448 2075 non
1502 2023 1678 2078 solum
1707 2026 2081 2094 quarumdam

499 2115 660 2188 423
695 2131 872 2169 rerum
906 2116 1056 2183 signa
1093 2125 1309 2180 essent,
1345 2115 1437 2168 sed
1465 2114 1629 2168 etiam
1663 2130 1759 2185 per
1783 2131 1842 2170 se
1874 2119 1940 2173 ad
1975 2120 2076 2174 ad-

503 2206 814 2260 mirabilem
861 2206 1140 2276 Evangelii
1187 2208 1494 2260 doctrinam
1545 2208 1743 2264 mnltos
1772 2210 2079 2263 allicerent.

501 2299 618 2367 Ego
647 2307 828 2353 autem
862 2299 1092 2352 dixerim
1122 2297 1248 2353 Jesu
1282 2301 1579 2371 discipulos
1627 2302 1924 2356 secundum
1963 2305 2082 2372 ejus

498 2390 836 2457 promissum
883 2391 1088 2460 majora
1137 2402 1388 2461 patrasse
1435 2393 1736 2461 miracula,
1777 2409 1942 2464 quam
1991 2394 2078 2448 illa

497 2479 624 2534 Jesu
653 2519 668 2544 ,
700 2495 822 2549 qua:
863 2480 968 2534 sub
1001 2496 1224 2536 sensum
1256 2482 1526 2537 cadebant
1551 2484 1616 2537 ⁷⁸.
1652 2484 1906 2551 Quotidie
1937 2485 2080 2538 enim

499 2569 766 2636 pateliunt
801 2570 944 2624 oculi
977 2585 1166 2624 eorum
1199 2573 1289 2640 qui
1321 2583 1504 2626 mente
1534 2573 1665 2626 caeci
1691 2581 1888 2628 erant:
1921 2587 2082 2627 aures

496 2677 730 2728 eorum,
778 2661 870 2731 qui
914 2661 981 2716 ad
1024 2677 1214 2716 vocem
1260 2663 1402 2718 illius
1441 2664 1529 2732 qui
1571 2679 1666 2718 eos
1709 2666 1775 2718 ad
1823 2665 2080 2719 virtutem

499 2755 842 2818 hortabatur,
876 2765 1034 2810 erant
1058 2755 1208 2810 surdi
1237 2796 1250 2819 ,
1280 2756 1436 2810 avide
1467 2758 1696 2810 audiunt
1722 2773 1846 2827 quae
1874 2757 1942 2811 de
1974 2757 2081 2812 Deo

499 2847 764 2916 beataque
792 2848 902 2900 vita
939 2852 1082 2916 apud
1130 2848 1277 2901 illum
1327 2848 1552 2901 fruenda
1591 2851 1892 2903 dicuntur:
1929 2847 2081 2902 multi

495 2938 588 3007 qui
619 2938 798 2992 claudi
829 2950 988 2992 erant
1021 2939 1196 3007 quoad
1231 2940 1541 3003 hominem,
1573 2950 1630 2993 ιιι
1665 2941 1945 3010 Scriptura
1980 2956 2078 2996 vo-

495 3037 585 3083 cat
614 3029 698 3095 ⁷⁸,
734 3029 1092 3095 interiorem,
1133 3047 1275 3085 nunc
1313 3031 1559 3086 doctrina
1597 3032 1772 3085 sanati
1807 3047 1911 3085 non
1945 3033 2080 3086 siut-

497 3120 715 3190 pliciter
750 3121 987 3186 saliunt,
1015 3122 1108 3176 sed
1137 3121 1339 3176 saliunt
1363 3133 1421 3176 ut
1448 3137 1642 3178 cervus
1675 3121 1930 3176 infestum
1960 3139 2078 3177 ser-

2191 1947 2312 2002 ραις
2352 1928 2546 2000 Ἰησοῦ·
2584 1929 2719 1982 ἀλλά
2744 1929 2892 2001 μόνοι
2919 1929 3246 2002 ἀνέστησαν,
3274 1930 3370 1995 οὓς
3392 1932 3536 2000 ἐγνω
3557 1934 3584 1985 ὁ
3604 1933 3752 2001 Λόγος

2187 2020 2527 2091 ἐπιτηδείους
2585 2019 2722 2093 πρὸς
2785 2021 2885 2092 τὴν
2947 2021 3284 2089 ἀνάστασιν,
3344 2024 3437 2077 ἵνα
3490 2024 3563 2096 μὴ
3615 2024 3752 2094 μόνον

2189 2113 2432 2186 σύμϐολά
2461 2129 2621 2166 τινων
2712 2112 2782 2165 τὰ
2805 2114 3070 2184 γενόμενα
3110 2115 3216 2167 ὑπὸ
3253 2114 3350 2167 τοῦ
3380 2117 3605 2188 Κυρίου,
3636 2116 3752 2170 ἀλλά

2185 2209 2281 2262 καὶ
2329 2207 2554 2261 αὐτόθεν
2603 2207 2929 2280 προσαγάγῃ
2977 2207 3203 2272 πολλοὺς
3247 2211 3314 2280 τῇ
3359 2208 3634 2282 θαυμασία
3670 2210 3752 2263 τοῦ

2184 2299 2517 2369 Εὐαγγελίου
2549 2298 2881 2370 διδασκαλίᾳ.
2923 2297 3062 2367 Ἐγὼ
3097 2298 3141 2350 δ’
3173 2299 3379 2370 εἴποιμ’
3405 2299 3492 2365 ἂν,
3525 2301 3603 2353 ὅτι
3629 2301 3752 2355 κατά

2184 2393 2281 2465 τὴν
2312 2393 2485 2466 Ἰησοῦ
2509 2393 2837 2462 ἐπαγγελίαν
2857 2392 2904 2444 οἱ
2930 2391 3165 2463 μαθηταὶ
3185 2392 3282 2447 καὶ
3307 2393 3532 2464 μείζονα
3556 2396 3756 2467 itemtq-

2185 2504 2344 2540 κασιν
2372 2480 2445 2540 ὧν
2482 2486 2686 2557 Ἰησοῦς
2709 2484 2980 2557 αἰσθητῶν
3004 2485 3321 2557 πεποίηκεν,
3361 2487 3474 2538 Ἀεὶ
3506 2488 3604 2560 γάρ
3625 2487 3753 2540 ἀνοί-

2183 2597 2367 2650 γονται
2418 2578 2684 2649 ὀφθαλμοὶ
2717 2576 2933 2646 τυφλῶν
2971 2577 3068 2648 τὴν
3101 2577 3284 2648 ψυχήν
3313 2594 3328 2607 ο
3377 2579 3475 2632 καὶ
3513 2572 3622 2632 ὦτα
3655 2579 3752 2632 τῶν

2184 2672 2663 2743 ἐκκεκωφημένων
2717 2670 2855 2743 πρὸς
2907 2669 3098 2738 λόγους
3158 2670 3381 2743 ἀρετῆς,
3428 2670 3608 2725 ἀκούει

2185 2763 2480 2836 προθύμως
2513 2762 2639 2834 περὶ
2677 2761 2811 2815 Θεοῦ
2855 2761 2948 2815 καὶ
2997 2762 3095 2833 τῆς
3136 2764 3268 2834 παρ’
3310 2761 3462 2833 αύτῷ
3501 2763 3752 2832 μακαρίας

2185 2855 2355 2927 ζωῆς⁵
2416 2855 2602 2908 πολλοὶ
2651 2854 2707 2907 δὲ
2753 2854 2846 2907 καὶ
2898 2854 3062 2924 χωλοὶ
3101 2853 3199 2917 τὰς
3255 2854 3444 2925 βάσεις
3478 2854 3750 2926 τοῦ

2182 2949 2374 3022 Γραφὴ
2407 2948 2710 3019 ὠνόμασεν)
2742 2946 2850 3000 έσω
2887 2945 3195 3018 ἀνθρώπου,
3226 2947 3323 3002 νῦν
3361 2946 3454 3002 τοῦ
3497 2947 3644 3015 λόγου
3676 2949 3752 3001 ἰα-

2185 3041 2420 3110 σαμένου
2449 3039 2664 3102 αὐτοὺς,
2695 3038 2798 3108 οὐχ
2821 3037 3007 3101 ἁπλῶς
3043 3036 3316 3103 ἆλλονται,
3346 3038 3461 3092 ἀλλ’
3483 3036 3554 3100 ὡς
3572 3037 3752 3106 ἔλαφος

2184 3131 2440 3202 πολέμιον
2468 3129 2576 3182 τῶν
2617 3130 2794 3200 ὄφεων
2839 3128 2976 3194 ζῶον
2996 3169 3010 3193 ,
3045 3131 3139 3184 καὶ
3170 3132 3419 3200 κρεῖττον
3446 3129 3632 3193 παντὸς
3675 3129 3749 3182 ίοῦ

498 3213 756 3280 pentibus
807 3213 1045 3277 animal,
1105 3222 1158 3266 et
1215 3215 1300 3269 cui
1357 3217 1666 3285 viperarum
1716 3215 1870 3269 virus
1919 3230 2076 3268 omne

2185 3225 2290 3278 τῶν
2324 3200 2575 3294 ἐχιδνῶνο
2623 3223 2717 3276 καὶ
2751 3215 2898 3276 οὗτοί
2937 3239 2998 3291 γε
3044 3224 3092 3276 oi
3139 3221 3562 3293 θεραπευθέντες
3600 3220 3754 3293 χωλοὶ

496 3319 697 3358 nocere
722 3319 830 3358 non
861 3314 1056 3373 potest.
1087 3304 1149 3357 lli
1179 3306 1361 3370 enim,
1391 3317 1678 3376 postquam
1707 3307 1882 3360 sanati
1913 3319 2076 3373 sunt,

496 3395 771 3462 accipiunt
819 3410 847 3447 a
891 3396 1020 3448 Jesu
1070 3403 1400 3464 potestatem
1437 3397 1686 3451 calcaudi
1719 3399 1787 3452 iis
1815 3399 2074 3470 pedibus,

495 3489 696 3556 quibus
747 3498 907 3541 antea
954 3487 1034 3540 uti
1069 3503 1172 3540 non
1207 3497 1496 3556 poterant,
1528 3499 1814 3558 serpentes
1841 3499 1896 3544 et
1922 3505 2078 3545 scor-

496 3584 689 3653 piones
737 3583 982 3649 malitia},
1015 3592 1179 3650 atque
1231 3583 1368 3636 adeo
1415 3592 1580 3637 totam
1630 3584 1837 3638 inimici
1889 3596 2079 3654 poten-

499 3677 633 3729 tiam
670 3674 716 3706 ⁷⁶
744 3691 760 3741 ;
797 3675 960 3744 idque
994 3674 1143 3728 nullo
1173 3673 1418 3728 vulneris
1453 3675 1730 3744 periculo,
1779 3686 1967 3745 utpote
1998 3677 2076 3732 ita

493 3765 666 3819 fortes
710 3765 878 3832 laeti,
929 3773 988 3818 ut
1031 3765 1178 3818 nulla
1213 3766 1456 3833 potentia
1481 3804 1498 3829 ,
1528 3766 1735 3820 nu-lltttn
1767 3768 2075 3824 dmmonum

493 3860 646 3911 virus
677 3857 878 3912 laedere
905 3858 1026 3911 illos
1055 3866 1242 3927 queat.

521 3950 655 4014 ,49.
695 3948 856 4004 Jesus
911 3950 1211 4018 discipulos
1259 3963 1616 4004 commoneas
1656 3957 1715 4004 ut
1760 3949 1863 4004 sibi
1914 3966 2076 4006 cave-

497 4054 661 4106 rent,
694 4058 801 4096 non
849 4043 917 4095 ab
951 4043 1349 4111 impostoribus
1382 4042 1705 4111 simpliciter
1733 4052 1788 4096 et
1829 4043 1896 4098 iis
1919 4083 1935 4111 ,
1981 4045 2073 4114 qui

493 4133 866 4202 qualicunque
909 4133 1072 4187 modo
1121 4132 1384 4187 miracula
1428 4132 1812 4202 promitterent
1857 4132 2074 4204 (neque

493 4227 650 4280 enim
684 4227 790 4280 hac
819 4227 886 4278 de
916 4241 976 4279 re
1007 4224 1215 4279 monitu
1243 4240 1380 4294 upus
1403 4233 1525 4278 erat
1552 4226 1604 4295 ),
1645 4225 1738 4279 sed
1780 4224 1850 4280 ab
1887 4226 1952 4280 iis
1979 4228 2070 4296 qui

489 4332 552 4372 se
581 4316 675 4370 Dei
703 4317 981 4370 Christum
1009 4330 1134 4370 esse
1159 4315 1557 4385 przediearent,
1585 4327 1639 4370 et
1666 4317 1731 4370 ad
1764 4331 1822 4371 se
1847 4319 2071 4387 quibus-

487 4412 614 4463 dam
646 4411 936 4480 praestigiis
962 4407 1091 4464 Jesu
1121 4409 1420 4478 discipulos
1447 4409 1709 4464 allectare
1739 4410 2066 4475 niterentur,

493 4505 767 4558 interdum
787 4501 1145 4559 dieitu'l‘unc
1163 4503 1345 4571 siquis
1374 4501 1530 4556 vobis
1561 4502 1798 4558 dixerit:
1820 4503 1962 4556 Ecce
1981 4503 2067 4556 hic

487 4605 572 4650 est
597 4596 871 4660 Christus,
899 4604 992 4649 aut
1019 4595 1133 4648 illic
1154 4634 1169 4660 ,
1194 4592 1367 4647 nolite
1389 4592 1640 4646 credere.
1667 4591 1902 4662 Surgent
1923 4593 2065 4646 enim

486 4693 918 4762 pseudo-cbristi
943 4703 998 4747 et
1023 4689 1559 4762 pseudo-prophetae,
1590 4699 1647 4742 et
1675 4689 1879 4743 dabunt
1909 4689 2064 4758 signa

484 4797 542 4839 et
573 4787 819 4857 prodigia
856 4803 1052 4857 magna
1081 4826 1094 4851 ,
1125 4788 1200 4840 ita
1234 4794 1295 4838 ut
1329 4784 1384 4837 itt
1415 4797 1662 4838 errorem
1707 4781 2062 4848 inducantur,

486 4880 531 4933 si
567 4879 680 4932 ﬁeri
710 4889 918 4946 potest,
948 4881 1112 4933 etiam
1144 4878 1303 4933 electi
1334 4895 1349 4943 ;
1383 4890 1511 4931 ecce
1540 4875 1768 4945 praedixi
1798 4875 1970 4929 vobis.
2003 4874 2060 4930 Si

484 4983 617 5038 ergo
643 4969 882 5022 dixerint
905 4970 1092 5022 vobis:
1118 4967 1259 5024 Ecce
1289 4968 1343 5022 in
1371 4968 1588 5022 deserto
1612 4974 1727 5028 est,
1756 4966 1924 5019 nolite
1949 4967 2065 5021 exi-

488 5074 549 5114 re
575 5079 586 5113 :
610 5057 751 5114 Ecce
780 5059 832 5112 in
859 5059 1246 5128 penetralibus,
1273 5059 1441 5114 nolite
1463 5057 1710 5112 credere.
1739 5056 1894 5111 Sicut
1917 5058 2060 5111 enim

483 5151 666 5223 lulgur
688 5153 801 5206 exit
824 5153 891 5207 ab
917 5153 1130 5207 oriente
1153 5162 1207 5207 et
1226 5161 1383 5221 paret
1405 5165 1576 5220 usque
1600 5150 1652 5204 in
1677 5150 2014 5206 occidentem
2043 5189 2060 5216 ,

557 5303 605 5336 ’³
641 5307 774 5363 an.
798 5323 919 5373 vm,
949 5307 1039 5361 52.
1115 5307 1160 5340 7"
1185 5307 1341 5364 Joan.
1383 5325 1499 5377 τιν,
1528 5309 1617 5366 12.
1689 5309 1734 5341 ⁷⁵
1759 5309 1918 5364 Rom.
1951 5325 2053 5376 vn,
2074 5310 2164 5364 22.

559 5445 668 5513 (2‘2)
701 5445 870 5501 Codd.
923 5447 1118 5514 Regius
1148 5456 1204 5500 et.
1236 5446 1582 5517 Basileensis,
1633 5447 1877 5517 φήσομεν
1923 5448 2050 5517 περι¹

483 5517 705 5571 τούτων.
741 5518 885 5568 Alias
926 5519 1168 5587 φήσομέν
1200 5517 1251 5584 γ’
1283 5516 1362 5568 ἔτι
1417 5516 1640 5570 τούτων.
1685 5516 1830 5570 lttl'ra
1887 5516 2051 5571 iidem

484 5591 663 5658 τοίων
695 5587 968 5657 Σαρεπτά.
999 5587 1168 5652 Alias,
1205 5587 1484 5658 Σαραφθά.

554 5657 664 5723 (ἳῦ)
702 5654 862 5710 Iidem
904 5657 1062 5711 cniltl.
1099 5667 1264 5721 recte,
1286 5654 1508 5709 ἀκούει.
1543 5657 1716 5721 Alias,
1749 5654 1984 5709 ἀκούειν.

555 5659 644 5723 (ἳῦ
702 5659 862 5710 Iidem
904 5659 1062 5711 codd.
1099 5667 1264 5721 recte,
1301 5659 1508 5709 ἀκούει.
1543 5659 1716 5721 Alias,
1749 5659 1984 5709 ἀκούειν.

555 5659 666 5799 (2ίὲ
704 5725 1101 5799 Ἐπιστρέφων
1129 5726 1268 5799 τοὺς
1300 5727 1574 5799 μαθητὰς
1615 5725 1751 5796 οὐχι
1780 5727 1904 5799 duo
1956 5723 2062 5799 τοῦ

478 5796 563 5869 μὴ
594 5796 935 5868 προσέχειν.
963 5796 1271 5867 Legenduut
1299 5798 1530 5865 videtur,
1555 5796 1910 5867 ἀποστρέφων
1938 5797 2064 5858 τοὺς

2162 5598 2217 5660 et
2275 5589 2623 5652 Basileensis,
2672 5590 3035 5660 πιστεύσητε,

2163 5658 2331 5712 Paulo
2360 5671 2482 5727 post
2503 5675 2693 5713 omnes
2719 5675 2850 5713 mss.
2879 5657 2938 5714 et
2959 5659 3298 5714 Hmsehelius
3321 5660 3368 5714 in
3395 5668 3562 5726 textu,
3594 5657 3761 5714 ὥστε

2181 3317 2544 3388 λαμϐάνουσιν
2577 3316 2685 3370 ἀπὸ
2720 3315 2893 3388 Ἰησοῦ
2925 3314 3170 3380 ἐξουσίαν
3213 3318 3407 3369 πατεῖν
3447 3319 3551 3379 τοῖς
3584 3317 3742 3377 ποσὶν,

2178 3406 2259 3472 οἷς
2311 3409 2571 3480 πρότερον
2626 3403 2766 3478 ἦσαν
2814 3406 2996 3478 χωλοὶ,
3053 3405 3239 3458 ἐπάνω
3283 3407 3395 3458 τῶν
3434 3407 3527 3476 τῆς
3566 3404 3752 3468 κακίας

2177 3501 2352 3570 ὖφεων
2380 3503 2475 3555 καὶ
2511 3500 2808 3572 σκορπίων,
2838 3500 2930 3553 καὶ
2958 3498 3294 3563 ἁπαξαπλῶς
3335 3498 3430 3552 ἐπὶ
3461 3501 3629 3552 πᾶσαν
3659 3499 3750 3568 τὴν

2177 3593 2403 3664 δύναμιν
2427 3593 2520 3647 τοῦ
2560 3591 2776 3664 ἐχθροῦ,
2807 3593 2900 3646 καὶ
2950 3591 3249 3656 πατοῦντες
3281 3593 3383 3645 οὐκ
3425 3589 3750 3645 ἀδικοῦνται·

2177 3685 2458 3755 κρείττους
2491 3684 2598 3755 γὰρ
2626 3683 2720 3737 καὶ
2753 3684 2907 3737 αὐτοὶ
2939 3682 3196 3754 γεγόνασι
3227 3686 3323 3739 τοῦ
3355 3687 3531 3756 πάσης
3565 3685 3750 3747 κακίας

2176 3777 2271 3830 καὶ
2301 3775 2410 3828 τῶν
2442 3775 2710 3847 δαιμόνων
2744 3774 2843 3828 ίοῦ.

2256 3957 2316 4010 '0
2368 3957 2468 4028 μὲν
2525 3951 2617 4012 οῦν
2671 3956 2878 4029 Ἰησοῦς
2927 3957 3272 4029 ἐπιστρέφων
3333 3959 3458 4024 τοὺς
3514 3957 3752 4029 μαθητὰς

2173 4049 2294 4120 οὐχὶ
2322 4049 2432 4102 ἀπὸ
2454 4048 2546 4102 τοῦ
2571 4048 2646 4121 μὴ
2671 4049 2954 4121 προσέχειν
2991 4047 3102 4120 (24)
3130 4049 3463 4114 ἁπαξαπλῶς
3483 4050 3632 4119 γόησι
3659 4048 3750 4101 καὶ

2172 4145 2283 4205 τοῖς
2315 4141 2802 4214 ἐπαγγελλομένοις
2831 4142 2900 4196 δι’
2926 4143 3041 4207 οἵας
3098 4143 3298 4213 δήποτε
3330 4143 3450 4197 όδοῦ
3479 4145 3640 4195 ποιεῖν
3667 4157 3752 4193 τε-

2175 4232 2370 4302 ράστια
2413 4233 2494 4300 (οὐ
2535 4230 2643 4303 γὰρ
2693 4231 2901 4285 ἐδέοντο
2954 4231 3140 4284 τούτου
3183 4233 3230 4286 οί
3283 4233 3515 4304 μαθηταὶ
3543 4229 3749 4299 αὑτοῦ).

2173 4324 2285 4377 ἀλλ’
2327 4325 2434 4377 ἀπὸ
2473 4324 2567 4378 τοῦ
2611 4327 2722 4388 τοῖς
2771 4324 3196 4396 ἀναγορεύουσιν
3239 4327 3460 4391 ἑαυτοὺς
3501 4321 3630 4378 εἶναι
3660 4323 3751 4377 τὸν

2171 4417 2405 4488 Χριστὸν
2432 4416 2524 4470 τοῦ
2548 4416 2702 4481 Θεοῦ,
2731 4418 2825 4470 καὶ
2857 4419 3218 4490 πειρωμένοις
3256 4418 3344 4472 διά
3369 4436 3519 4472 τινων
3551 4431 3756 4485 φαντα-

2175 4506 2306 4560 σιῶν
2331 4507 2466 4579 πρὸς
2496 4508 2721 4570 ἑαυτοὺς
2750 4507 3098 4578 ἐπιστρέφειν
3125 4508 3250 4572 τοὺς
3283 4507 3456 4579 Ἰησοῦ
3484 4503 3752 4578 μαθητὰς,

2172 4602 2304 4654 ὅπου
2337 4601 2434 4672 μὲν
2468 4597 2617 4653 εἷπε·
2658 4620 2676 4654 ι
2713 4601 2848 4654 Τότε
2881 4601 2976 4653 ἐάν
3007 4618 3090 4664 τις
3118 4602 3244 4672 ύμῖν
3276 4603 3434 4672 εῑπῃ⁶
3474 4600 3618 4663 Ἰδοὺ,
3651 4592 3756 4650 ὦδε

2171 4693 2199 4743 ὁ
2230 4691 2463 4763 Χριστὸς
2490 4691 2522 4762 ἢ
2556 4684 2679 4756 ὧδε,
2711 4691 2786 4763 μὴ
2817 4690 3144 4761 πιστεύσητε
3177 4691 3310 4763 (‘25).
3345 4689 3756 4761 Ἐγερθήσονται

2172 4783 2279 4854 γὰρ
2324 4783 2695 4854 ψευδόχριστοι
2743 4783 2840 4836 καὶ
2877 4783 3338 4855 ψευδοπροφῆται,
3390 4785 3475 4838 καὶ
3518 4781 3756 4835 δώσουσι

2172 4876 2374 4944 σημεῖα
2404 4875 2499 4926 καὶ
2521 4873 2722 4944 τέρατα
2753 4874 2966 4944 μεγάλα
2998 4873 3138 4927 ὥστε
3167 4873 3484 4934 πλανᾶσθαι,
3513 4873 3554 4922 εἰ
3589 4869 3755 4921 δυνα-

2169 4963 2284 5028 τὸν,
2305 4963 2399 5016 καὶ
2430 4962 2554 5026 τοὺς
2587 4963 2937 5028 ἐκκλεκτούς·
2974 4964 3081 5018 ἰδοὺ
3115 4963 3417 5036 προείρηκα
3445 4963 3582 5034 ύμῖν.
3625 4961 3757 5013 Ἐὰν

2167 5053 2260 5113 οὖν
2290 5057 2516 5110 εἴπωσιν
2545 5057 2694 5127 ὑμῖν,
2741 5057 2869 5110 Ἰδοὺ
2917 5058 2976 5111 ἐν
3015 5061 3078 5129 τῇ
3118 5059 3310 5130 ἐρήμῳ
3333 5057 3462 5120 ἐστὶ,
3498 5055 3566 5126 μὴ
3597 5049 3754 5116 ἐξέλ-

2169 5150 2323 5219 θητε·
2374 5150 2505 5202 Ἰδοὺ
2538 5151 2595 5202 ἐν
2623 5152 2733 5212 τοῖς
2763 5149 3029 5219 ταμείοις,
3063 5150 3137 5222 μὴ
3170 5151 3503 5223 πιστεύσητε.
3529 5149 3760 5216 Ὥσπερ

2244 5312 2289 5343 ⁷⁸
2321 5310 2454 5366 Luc.
2488 5329 2547 5378 ιι,
2576 5311 2659 5366 l9.

2162 5449 2405 5520 μαθητάς
2437 5449 2555 5520 ουχὶ
2585 5449 2693 5502 ἀπὸ
2725 5449 2819 5502 τοῦ
2847 5450 3155 5520 προσέχειν.

2233 5509 2342 5589 (‘25)
2378 5509 2536 5573 Lilin
2568 5521 2846 5587 impressi,
2891 5509 3195 5584 πιστεύετε,
3224 5520 3314 5576 sed
3349 5520 3495 5574 codd.
3525 5515 3763 5586 Regius

3089 5602 3138 5644 et
3197 5591 3270 5644 ita
3329 5591 3459 5645 infra
3510 5590 3759 5657 legitur.

2167 5729 2490 5786 πλανᾶσθαι.
2526 5729 2847 5800 Speneerus,
2871 5729 3011 5785 ὥστε
3039 5730 3326 5802 πλανῆσαι.
