3902 6414
252 275 344 327 873

1478 270 1757 326 CONTRA
1788 269 2064 327 CELSUM
2104 272 2229 328 LIB.
2272 273 2334 330 ΙΙ.

3356 282 3458 337 874

247 389 338 456 γὰρ
367 383 395 451 ἡ
428 384 673 454 ἀστραπὴ
702 382 976 455 ἐξέρχεται
1005 383 1096 435 ἀπ’
1129 382 1401 436 ἀνατολῶν
1426 385 1518 436 καὶ
1543 384 1768 453 φαίνετα

1899 385 1972 438 ita
2024 387 2126 440 erit
2162 397 2218 441 et
2264 388 2525 443 adventus
2574 388 2695 444 Filii
2753 390 2985 447 hominis
3018 394 3061 425 "
3089 410 3102 459 ;
3133 413 3150 446 ι
3185 394 3453 452 interdum

244 479 333 539 ἕως
364 474 594 544 δυσμῶν,
628 473 796 536 οὓτως
834 473 983 528 ἔσται
1024 475 1056 543 ἡ
1093 475 1362 543 παρουσία
1399 474 1494 527 τοῦ
1527 475 1655 527 Υίοῦ
1700 475 1792 528 τοῦ

243 567 500 638 ἀνθρώπου
522 583 534 595 ’
575 586 594 617 ι
630 567 760 618 ὅπου
788 565 875 618 δέ’
913 584 930 615 ι
972 565 1159 618 Πολλοὶ
1189 564 1370 635 ἐροῦσί
1405 584 1493 636 μοι
1526 569 1582 619 ἐν
1612 567 1793 639 ἐκείνῃ

240 662 294 728 τῇ
338 657 507 728 ἡμέρᾳ
528 674 541 686 ⁵
606 657 797 727 Κύριε,
854 659 1043 728 Κύριε,
1071 658 1130 711 οὐ
1158 658 1234 729 τῷ
1266 658 1489 729 ὀνόματί
1522 677 1615 712 σου
1656 662 1790 728 ἐφά-

242 764 403 815 γομεν,
434 745 524 798 καὶ
558 746 635 815 τῷ
661 747 882 816 ὀνόματί
908 764 999 800 σου
1041 749 1286 819 ἐπίομεν,
1317 748 1407 801 καὶ
1450 747 1526 818 τῷ
1569 749 1791 819 ὀνόματί

243 856 318 890 σου
347 837 588 906 δαιμόνια
629 837 951 908 ἐξεϐάλομεν
992 838 1125 909 (26),
1170 841 1263 893 καὶ
1301 840 1554 910 δυνάμεις
1594 841 1791 904 πολλὰς

242 931 545 999 ἐποιήσαμεν
570 945 585 993 ;
621 929 729 982 Καὶ
759 930 867 999 ἐρῶ
895 931 1074 994 αὐτοῖς
1092 948 1104 960 ·
1134 932 1491 1001 Ἀποχωρεῑτε
1519 932 1611 985 ἀπ’
1633 931 1786 1003 ἐμοῦ,

238 1028 304 1078 ὅτι
329 1025 437 1077 ἐστὲ
469 1025 694 1095 ἐργάται
729 1026 961 1090 ἀδικίας.
1007 1046 1025 1076 ι
1073 1028 1129 1079 Ὁ
1164 1028 1221 1080 δὲ
1254 1028 1484 1091 Κέλσος,
1518 1045 1788 1081 κοινοποι-

236 1118 343 1185 ῆσαι
368 1116 683 1185 βουλόμενος
716 1117 787 1170 τὰ
815 1118 1072 1188 τεράστια
1109 1119 1201 1172 τοῦ
1240 1120 1409 1191 Ἰησοῦ
1442 1120 1575 1191 πρὸς
1607 1121 1704 1192 τὴν
1732 1123 1787 1174 ἐν

236 1207 511 1276 ἀνθρώποις
555 1211 827 1278 γοητείαν,
861 1212 1021 1279 φησιν
1053 1211 1238 1273 αὑταῖς
1259 1210 1492 1275 λέξεσινο
1531 1232 1549 1262 ι
1575 1208 1644 1264 Ὦ
1675 1212 1788 1281 φῶς

235 1299 583 1370 καὶάλήθειαῐ
638 1303 703 1371 τῇ
746 1303 912 1355 αὑτοῦ
952 1305 1101 1372 φωνῇ
1130 1302 1421 1374 διαρρήδην
1454 1303 1784 1373 ἐξαγορεύει,

236 1391 356 1444 καθὰ
403 1391 493 1444 καὶ
552 1394 711 1462 ὑμεῖς
766 1399 1215 1466 συγγεγράφατε,
1274 1396 1408 1449 διότι
1465 1398 1787 1469 παρέσονται

236 1483 341 1551 ὑμῖν
370 1483 456 1536 καὶ
500 1484 678 1554 ἕτεροι
709 1484 1000 1554 δυνάμεσιν
1033 1486 1245 1556 ὁμοίαις
1289 1485 1579 1557 χρώμενοι,
1630 1487 1789 1541 κακοὶ

236 1572 520 1642 καὶγόητες.
544 1594 564 1626 ι
596 1575 708 1631 Καὶ
720 1576 961 1628 Σατανᾶν
987 1593 1111 1629 τινα
1142 1576 1363 1630 τοιαῦτα
1392 1578 1501 1647 (27)
1531 1595 1787 1649 παραμη-

234 1660 509 1731 χανὼμενον
539 1664 828 1733 ὀνομάζει’
870 1665 996 1718 ὥστ’
1025 1667 1142 1719 οὐδὲ
1176 1667 1331 1730 αὐτὸς
1360 1668 1579 1739 ἔξαρνός
1618 1672 1781 1735 ἐστιν,

1897 492 2025 530 vero
2056 478 2174 532 sic:
2206 496 2223 529 ι
2262 478 2410 533 Multi
2446 481 2626 536 dicent
2659 482 2789 536 mihi
2828 483 2879 537 in
2913 484 3003 539 illa
3034 486 3159 541 die:
3200 488 3454 554 Domine,

1897 567 2154 633 Domine,
2184 584 2362 625 nonne
2392 572 2607 627 nomine
2640 582 2729 627 tuo
2758 575 3096 632 comedimus
3117 616 3131 643 ,
3158 587 3211 631 et
3241 581 3459 636 nomine

1900 667 1991 710 tuo
2024 658 2260 715 bibimus
2280 700 2294 724 ,
2326 671 2381 716 et
2414 662 2631 717 nomine
2664 673 2757 716 tuo
2788 655 3049 721 diemonia
3075 666 3334 733 ejecimus
3360 709 3373 734 ,
3400 678 3457 724 et

1896 748 2129 803 virtutes
2164 751 2359 805 multas
2393 754 2655 807 fecimus?
2689 755 2753 808 Et
2780 756 2950 809 dicam
2981 758 3099 811 eis:
3132 758 3398 814 Discedite
3423 776 3454 815 a

1893 851 2009 903 me,
2044 840 2172 906 quia
2209 842 2340 895 estis
2373 845 2608 911 operarii
2645 845 2947 913 iniquitatis
2976 846 3044 899 ⁷⁸.
3080 866 3098 899 ι
3131 848 3321 903 Celsus
3354 864 3455 903 au-

1894 935 2001 981 tem
2035 930 2122 997 qui
2155 929 2280 984 Jesu
2328 934 2587 988 miracula
2636 936 2769 989 nihil
2817 937 2884 989 ah
2931 940 3151 993 usitatis
3180 940 3455 1008 apud-ho-

1891 1019 2066 1074 mines
2095 1023 2383 1093 prmstigiis
2406 1026 2720 1095 discrepare
2745 1028 3051 1095 pertendit,
3078 1031 3156 1084 sic
3178 1030 3451 1099 loquitur:

1895 1127 1914 1159 ι
1948 1107 1992 1163 0
2022 1109 2196 1164 lucem
2228 1123 2279 1163 et
2319 1114 2603 1167 veritatem
2634 1117 2647 1169 ί
2690 1116 2781 1169 ille
2818 1117 2931 1186 ipse
2967 1134 3059 1172 sua
3094 1136 3221 1176 voce
3255 1123 3456 1177 diserte

1890 1201 2171 1264 admonet,
2228 1206 2682 1272 quemadmodum
2716 1220 2893 1263 vestra
2926 1213 3123 1280 scripta
3163 1224 3454 1277 testantur,

1890 1289 2133 1343 futurum
2181 1306 2301 1346 esse
2348 1304 2406 1346 ut
2448 1305 2503 1349 ct
2546 1297 2635 1348 alii
2669 1297 2859 1352 eadem
2890 1300 3150 1354 miracula
3184 1301 3453 1369 facerent,

1890 1380 2119 1450 improbi
2160 1391 2336 1438 tamen
2358 1388 2870 1457 etprtestigiatores.
2894 1409 2912 1442 ι
2942 1390 3080 1456 Quin
3111 1403 3164 1445 et
3196 1393 3452 1446 Satanam

1890 1473 2174 1540 quemdam
2211 1475 2450 1531 nominat
2486 1477 2790 1544 hujusmodi
2825 1495 3009 1533 rerum
3060 1482 3326 1552 insignem
3364 1498 3455 1536 ar—

1890 1564 2089 1618 tificem
2138 1586 2153 1622 :
2203 1567 2275 1621 ita
2324 1583 2394 1623 ne
2442 1570 2557 1638 ipse
2607 1571 2823 1637 quidem
2872 1572 3156 1635 inﬁtiatur,
3209 1575 3344 1628 nihil
3390 1577 3458 1629 iis

1891 1656 2071 1712 inesse
2104 1659 2409 1715 divinitatis
2430 1700 2445 1725 ,
2476 1662 2571 1716 sed
2608 1676 2727 1715 esse
2756 1662 3140 1733 ﬂagitiosorum
3173 1666 3454 1719 hominum

232 1751 295 1813 ὡς
319 1752 476 1805 ταῦτά
502 1770 564 1821 γε
595 1755 747 1807 οὐδὲν
782 1755 942 1820 θεῖον,
974 1757 1107 1809 ἀλλὰ
1157 1758 1405 1827 πονηρῶν
1438 1761 1582 1812 ἐστιν
1623 1759 1772 1830 ἔργα.

1888 1762 2075 1816 opera.
2113 1748 2418 1820 Oppressus
2453 1761 2630 1806 autem
2668 1754 2913 1807 veritatis
2960 1754 3169 1809 viribus
3203 1754 3368 1829 424.
3402 1768 3457 1813 et

233 1840 521 1912 Βιαζόμενος
547 1844 606 1896 δὲ
643 1845 748 1898 ὑπὸ
785 1845 883 1914 τῆς
924 1846 1177 1917 ἀληθείας
1224 1847 1378 1917 όμοῦ,
1426 1848 1520 1900 καὶ
1562 1848 1645 1925 τὰ.
1668 1850 1781 1925 ίτῶν

233 1932 376 1985 ἄλλων
410 1935 750 2004 ἀπεκάλυψε,
798 1938 891 1990 καὶ
932 1939 998 1991 τὰ
1049 1939 1167 1993 καθ’
1201 1940 1359 1992 αὐτὸν
1402 1939 1611 2011 ἤλεγξε.
1638 1918 1781 2005 ζῘῙῶς

228 2019 304 2076 οὖν
326 2027 377 2077 οὐ
400 2028 642 2095 σχέτλιον
670 2031 781 2083 ἀπὸ
816 2030 923 2082 τῶν
958 2031 1136 2084 αὐτῶν
1176 2032 1349 2103 ἔργων
1378 2033 1467 2085 τὸν
1502 2034 1600 2102 μὲν
1627 2034 1778 2098 Θεὸν,

227 2119 331 2180 τοὺς
358 2119 409 2170 δὲ
436 2121 640 2191 γόητας
674 2121 952 2191 ήγεῖσθαι;
983 2123 1047 2175 Τί
1081 2123 1188 2195 γὰρ
1219 2124 1416 2194 μᾶλλον
1445 2125 1552 2177 ἀπό
1574 2142 1637 2193 γε
1661 2126 1783 2178 τού-

227 2222 315 2258 των
336 2210 450 2272 τοὺς
481 2210 681 2274 ἄλλους
709 2215 979 2283 πονηροὺς
1008 2214 1039 2283 ἢ
1088 2215 1274 2268 τοῦτον
1321 2217 1601 2285 νομιστέον
1636 2218 1781 2287 αὐτῷ

227 2300 503 2368 χρωμένους
536 2302 816 2373 μάρτυρι;
853 2303 1035 2357 Ταῦτα
1087 2305 1185 2374 μέν
1228 2322 1289 2372 γε
1321 2302 1432 2375 (28)
1483 2305 1575 2358 καὶ
1620 2306 1780 2370 αὐτὸς

226 2392 537 2463 ὡμολόγησεν
594 2396 717 2464 οὐχὶ
778 2395 929 2459 θείας
971 2396 1218 2465 φύσεως,
1282 2395 1395 2449 ἀλλ’
1451 2396 1779 2451 ἀπατεώνων

225 2483 356 2535 τινῶν
401 2486 491 2537 καὶ
533 2486 916 2555 παμπονήρων
966 2481 1101 2539 εἶναι
1153 2485 1525 2555 γνωρίσματα.
1583 2505 1601 2537 ι
1638 2486 1779 2557 Ὅρα

225 2572 275 2641 δὴ
304 2577 344 2626 εί
376 2574 443 2645 μὴ
477 2578 535 2629 ἐν
579 2577 793 2639 τούτοις
838 2578 1021 2644 σαφῶς
1052 2579 1080 2629 ὁ
1116 2577 1319 2640 Κέλσος
1360 2576 1637 2647 ἐλέγχεται
1677 2594 1777 2629 κα-

225 2665 435 2735 κουργῶν
479 2667 574 2720 τὸν
622 2666 808 2735 λόγον’
848 2667 974 2721 ἄλλο
1039 2668 1137 2738 μὲν
1180 2667 1273 2720 τοῦ
1315 2666 1485 2738 Ἰησοῦ
1533 2667 1777 2736 λέγοντος

224 2755 329 2824 περὶ
359 2756 459 2809 τῶν
493 2757 836 2828 ποιησόντων
868 2757 975 2827 (29)
1007 2760 1205 2827 σημεῖα
1253 2758 1345 2810 καὶ
1391 2756 1612 2827 τέρατα,
1653 2755 1778 2809 ἄλλο

222 2842 267 2894 δὲ
307 2843 390 2897 τοῦ
434 2847 592 2915 παρὰ
638 2846 717 2915 τῷ
763 2847 954 2917 Κέλσῳ
1006 2846 1256 2899 Ἰουδαίου
1305 2848 1621 2915 φάσκοντος.
1668 2847 1779 2900 Καὶ

223 2932 310 3003 γὰρ
336 2936 379 2986 εί
408 2936 503 3003 μὲν
532 2935 728 2999 ἁπλῶς
761 2939 871 2999 τοῖς
909 2937 1172 3007 μαθηταῖς
1205 2937 1385 3005 ἔλεγεν
1428 2937 1631 3007 Ἰησοῦς
1674 2955 1775 3007 φυ-

222 3018 475 3078 λάσσεσθαι
521 3028 657 3089 τοὺς
709 3027 779 3079 τά
836 3027 1098 3097 τεράστια
1131 3028 1660 3098 ἐπαγγελλομένους,
1714 3029 1774 3081 οὐ

224 3115 623 3185 παρατιθέμενος
654 3116 708 3168 τί
738 3117 997 3186 φήσουσιν
1027 3118 1250 3179 ἑαυτοὺς
1289 3112 1460 3169 εἶναι·
1495 3117 1632 3185 τάχα
1670 3116 1779 3186 χώ-

223 3218 303 3270 ραν
330 3201 459 3273 εἷχεν
489 3206 558 3259 ἂν
590 3209 621 3277 ή
654 3207 882 3261 ὑπόνοια
928 3206 1122 3260 αὐτοῦ’
1165 3207 1286 3259 ἐπεὶ
1315 3206 1358 3259 δ’
1393 3208 1484 3274 ἀφ’
1531 3200 1605 3260 ὧν
1639 3206 1780 3258 θέλει

222 3295 559 3363 φυλάσσεσθαι
604 3300 754 3368 ἡμᾶς
805 3301 832 3352 ό
884 3298 1120 3369 Ἰησοῦς,
1177 3298 1597 3367 ἐπαγγέλλονται
1646 3293 1779 3351 εἶναι

220 3383 503 3456 ὀΧριεῑτός⁵
566 3390 705 3459 ὅπερ
754 3389 813 3441 οὐ
868 3389 1109 3442 ποιοῦσιν
1157 3392 1205 3442 oi
1251 3390 1441 3459 γόητες
1473 3389 1601 3460 (50),
1648 3388 1780 3442 ἀλλὰ

222 3477 297 3527 καὶ
322 3481 372 3532 ὲν
398 3480 472 3550 τῷ
503 3480 738 3551 ὀνόματι
778 3480 949 3549 Ἰησοῦ
986 3481 1230 3550 βιοῦντας
1259 3480 1444 3543 κακῶς
1473 3480 1604 3550 φησί
1632 3495 1779 3544 τινας

196 3566 438 3638 ’δυνάμεις
480 3573 755 3643 ποιήσειν,
805 3572 897 3624 καὶ
940 3571 1195 3642 δαίμονας
1242 3570 1530 3624 ἀποϐαλεῖν
1571 3570 1780 3640 ἀνθρώ-

221 3674 331 3721 πων,
357 3662 551 3729 μᾶλλον
584 3662 631 3715 δ’
658 3663 729 3731 (εἰ
781 3662 861 3715 δεῖ
902 3662 1077 3725 οὕτως
1116 3663 1310 3731 εἰπεῖν)
1337 3661 1776 3732 ἁποκηρύσσεται

222 3750 299 3815 μὲν
323 3750 419 3803 τῶν
449 3754 594 3806 κατὰ
625 3753 717 3806 τὸν
749 3752 913 3805 τόπον
941 3754 972 3821 ἡ
1008 3752 1249 3821 γοητεία,
1286 3753 1378 3807 καὶ
1417 3754 1565 3805 πᾶσα
1590 3755 1621 3823 ἡ
1656 3751 1775 3804 κατ’

219 3843 365 3897 αὐτῶν
394 3848 621 3900 ὑπόνοια
640 3864 653 3876 ·
691 3846 973 3915 εἰσάγεται
1001 3846 1057 3899 δὲ
1094 3848 1126 3916 ἡ
1164 3844 1371 3916 θειότης
1400 3844 1493 3897 τοῦ
1518 3843 1773 3915 Χριστοῦ,

219 3936 293 3986 καὶ
328 3936 530 4008 θειότης
572 3939 685 4007 (51)
718 3937 830 3989 τῶν
879 3936 1133 4008 μαθητῶν
1186 3935 1371 3998 αὐτοῦ,
1420 3936 1499 3987 ὅτι
1547 3934 1769 3987 δυνατόν

217 4044 313 4082 τινα
354 4032 426 4102 τῷ
487 4033 717 4103 ὀνόματι
770 4029 935 4083 αὐτοῦ
992 4029 1351 4100 χρησάμενον,
1388 4027 1479 4080 καὶ
1532 4027 1630 4080 οὐκ
1672 4023 1767 4077 οἷδ’

216 4114 336 4182 ὅπως
366 4121 725 4193 ἐνεργηθέντα
751 4116 856 4170 ὐπὸ
884 4135 1025 4181 τινος
1052 4117 1346 4186 δυνάμεως,
1375 4116 1507 4187 πρὸς
1531 4119 1589 4167 τὸ
1615 4130 1776 4181 προσ-

218 4211 528 4277 ποιήσασθαι,
575 4214 659 4264 ὅτι
709 4212 872 4275 αὐτὸς
900 4212 984 4282 εἴη
1023 4213 1051 4263 ὁ
1093 4208 1343 4278 Χριστὸς,
1372 4207 1543 4259 δοκεῖν
1568 4207 1634 4259 τὰ
1666 4224 1771 4259 πα-

220 4301 457 4373 ραπλήσια
491 4304 765 4358 ἐπιτελεῖν
794 4303 871 4373 τῷ
903 4300 1141 4377 Χριστῷ,
1195 4300 1288 4352 καὶ
1317 4299 1505 4361 ἄλλους
1544 4298 1622 4369 τῷ
1657 4298 1773 4351 ὀνό-

217 4406 324 4458 ματι
355 4397 441 4449 τοῦ
476 4396 653 4468 Ἰησοῦ
702 4396 768 4449 τὰ
815 4395 1054 4465 ὡσπερεὶ
1095 4392 1448 4462 παραπλήσια
1486 4392 1595 4453 τοῖς
1638 4406 1771 4460 γνη-
1802 4406 1845 4459 ι)

215 4483 324 4548 ϐίοις
345 4488 503 4543 αὑτοῦ
534 4488 827 4559 μαθηταῖς.

298 4598 338 4629 ⁷⁷
359 4598 549 4655 Matth.
584 4616 738 4666 xxw,
778 4599 849 4652 25
891 4613 1042 4668 seqq.

269 4712 366 4797 (26)
404 4718 572 4797 Codd.
830 4723 882 4767 et
928 4712 1292 4797 'Basileensis.
1329 4710 1603 4797 ἐφάγομεν
1663 4709 1757 4763 καὶ

222 4782 443 4856 ἐπίομεν,
474 4788 575 4839 καὶ
600 4786 680 4855 τῷ
714 4783 939 4856 ὀνόματί
969 4799 1062 4835 σου
1092 4782 1339 4856 δαιμόνια
1364 4780 1707 4856 ἐξεόάλομεν.

256 4850 348 4924 (27)
386 4858 492 4909 Καὶ
527 4850 823 4909 Σατανᾶν
850 4870 980 4906 τινα
1022 4850 1287 4915 τοιαῦτα,
1324 4864 1432 4924 etc.
1459 4850 1563 4924 Alta
1596 4850 1756 4924 recte

213 4918 494 4991 Bcilierelliis
533 4936 722 4981 censet
769 4925 1086 4991 legendum,
1136 4932 1192 4973 ut
1223 4922 1343 4975 τινά
1393 4920 1659 4991 referatur
1689 4920 1753 4991 ad

212 4988 442 5047 Sulanam
470 5014 483 5048 ε
521 4988 977 5064 quemadmodum
1008 4992 1202 5064 legitur
1228 4992 1388 5064 intra,
1409 4988 1753 5064 ottﬁargtvq‘g

207 5074 277 5122 τις
303 5065 511 5119 τοιαῦτα
538 5058 1099 5136 ’παραμη-χανήσεταῐ.
1144 5061 1279 5113 Male
1324 5058 1751 5136 ergodiicnlibb.

211 5143 339 5185 antea
386 5138 533 5189 editi.
572 5126 823 5189 τοιαῦτά
847 5126 965 5185 τινα
999 5126 1561 5202 ι-ιταραμηχανώμενονἒ
1590 5126 1753 5202 Paulo

208 5213 326 5273 ροει,
352 5205 423 5268 ὡς
449 5207 622 5260 ταῦτά
648 5222 713 5273 γε
740 5202 892 5256 οὐδὲν
925 5197 1299 5273 carminum"
1333 5197 1451 5269 past
1482 5197 1621 5250 θεῖον
1654 5198 1750 5248 ad-

207 5269 409 5346 dendum
438 5276 567 5346 ἔχει,
595 5269 826 5346 ω’ἰιιίτιι
861 5288 1005 5325 ιιιιιιι.
1030 5270 1129 5346 ¹51.

262 5337 360 5415 (28)
389 5334 563 5412 adigi
578 5343 921 5415 χρωμένους
960 5339 1246 5415 μάρτυρι;
1286 5337 1472 5415 Ταῦτα
1519 5334 1632 5415 μέν
1650 5352 1746 5414 χε.

206 5404 373 5478 ῧιιίθιυ
406 5404 747 5471 εθτὶὑθῖἷῖίιιῖιι
778 5404 1011 5475 videtur,
1039 5404 1218 5472 αὐτοῖς
1248 5406 1545 5478 χρώμενον.
1566 5404 1749 5457 Ταῦτα

208 5475 389 5551 μένγε,
414 5496 518 5539 etc.
556 5487 762 5550 Nempe
788 5480 1132 5551 rb,pc'tptupt
1169 5475 1491 5551 add-Litium
1511 5484 1663 5551 putat
1694 5487 1749 5527 et

209 5543 539 5608 recidendum.
565 5543 763 5625 Αὑτόζς
790 5543 1070 5625 χρώμενον
1084 5543 1105 5625 ’⁸
1123 5548 1382 5625 s‘uhaudit
1411 5549 1521 5625 τοῖς
1566 5543 1747 5625 ἔργῖίς

206 5626 619 5693 ξςιψρτίοτὶιηις,
656 5614 981 5693 negativae
1016 5618 1255 5693 σχέτλιον
1289 5616 1395 5669 ἀπὸ
1434 5616 1541 5693 τῶν
1569 5614 1745 5693 αὐτων

208 5679 359 5753 ἔργων
383 5694 469 5746 τὸν
487 5696 579 5764 μὲν
604 5679 895 5755 Θεόνξειο.
930 5679 1319 5751 litec'Cuietus;
1365 5686 1458 5767 sed
1489 5699 1588 5755 ego
1613 5682 1747 5737 nihil

464 5789 729 5847 Parnm.
779 5784 895 5845 GR.
945 5782 1054 5843 ΧΙ.

1891 1839 2119 1896 aliorum
2147 1852 2291 1898 artes
2317 1845 2556 1913 detegit,
2586 1855 2642 1900 et
2666 1861 2792 1900 suas
2823 1847 2939 1915 ipse
2964 1848 3124 1900 simul
3156 1851 3453 1918 redarguit.

1888 1934 2081 1988 Annon
2107 1935 2271 2005 igitur
2293 1937 2549 1991 miserum
2581 1946 2665 1992 est
2688 1954 2753 1992 ex
2790 1938 2978 1993 iisdem
3004 1940 3259 2008 operibus
3291 1942 3455 1995 istnnt

1888 2026 2105 2092 quidem
2137 2028 2304 2081 Deum
2326 2068 2341 2091 ,
2373 2029 2495 2083 illos
2522 2040 2701 2085 autem
2732 2030 3030 2086 sceleratos
3050 2032 3284 2100 iudicari
3306 2034 3329 2087 ’ί
3348 2033 3458 2088 Cnr

1891 2115 2009 2169 illos
2047 2117 2262 2185 potius,
2291 2132 2454 2186 quam
2487 2119 2631 2173 hunc
2653 2159 2667 2178 .
2705 2135 2772 2173 ex
2806 2120 2991 2174 iisdem
3026 2121 3187 2175 rebus
3218 2122 3455 2176 scelera-

1891 2214 1973 2259 tos
2008 2207 2315 2262 existimem
2339 2248 2354 2273 ,
2386 2211 2681 2277 praesertim
2720 2226 2838 2263 cum
2895 2211 3008 2279 ipse
3061 2220 3252 2265 contra
3285 2227 3344 2265 se
3377 2223 3458 2269 te-

1888 2295 2201 2349 stimonium
2255 2296 2437 2351 ferat?
2468 2296 2602 2351 Nam
2646 2307 2831 2367 aperte
2879 2299 2993 2368 ipse
3030 2301 3321 2355 confitetur
3362 2302 3453 2356 illa

1886 2386 2130 2454 prodigia
2163 2402 2269 2441 non
2306 2402 2428 2442 esse
2459 2388 2654 2442 divina
2686 2399 2889 2443 naturae
2910 2428 2926 2453 ,
2961 2391 3056 2443 sed
3086 2390 3450 2459 impostorum

1886 2479 2246 2544 quorumdam
2291 2487 2346 2532 et
2390 2478 2782 2533 sceleratorum
2831 2479 3113 2534 hominum
3163 2483 3385 2536 indicia.
3425 2503 3444 2536 ι

1890 2565 1986 2620 Hic
2038 2568 2160 2621 vide
2186 2584 2252 2621 an
2286 2584 2392 2623 non
2440 2570 2721 2624 evidenter
2759 2570 2952 2625 Celsus
2997 2570 3125 2626 Jcsu
3174 2575 3338 2628 verba
3382 2577 3449 2630 ad

1884 2671 2108 2725 pravum
2147 2670 2359 2713 sensum
2396 2667 2663 2730 torqueat.
2697 2659 2830 2714 Nam
2863 2676 2983 2730 quae
3016 2662 3148 2717 dicit
3180 2663 3338 2719 Jesus
3385 2668 3452 2720 de

1889 2748 2133 2801 venturis
2193 2749 2473 2819 signorum
2537 2759 2591 2804 et
2656 2752 3020 2821 prodigiorum
3057 2757 3445 2822 patratorihns,

1884 2852 2109 2907 prorsus
2142 2839 2353 2894 diversa
2388 2849 2513 2895 sunt
2544 2841 2612 2895 ab
2646 2842 2713 2895 iis
2742 2857 2860 2911 quae
2889 2841 3108 2898 Iudaeus
3141 2845 3283 2914 apud
3327 2848 3451 2903 Cel-

1884 2944 2001 2982 sum
2031 2930 2353 2985 deblaterat.
2389 2932 2443 2985 Si
2472 2931 2633 2987 Jesus
2660 2932 2954 3003 discipulos
2984 2941 3290 2992 monuisset
3316 2939 3445 2993 sim-

1886 3022 2119 3089 pliciter,
2158 3032 2217 3077 ut
2250 3033 2514 3077 caverent
2546 3026 2614 3079 ab
2647 3024 2714 3078 iis
2744 3024 2836 3094 qui
2869 3025 3128 3080 miracula
3164 3029 3448 3095 promitte-

1888 3124 2037 3180 rent,
2072 3130 2170 3170 nec
2200 3116 2536 3181 addidisset,
2569 3116 2693 3185 quid
2726 3132 2783 3171 se
2807 3131 2931 3172 esse
2952 3116 3299 3186 jactitarent,
3335 3124 3447 3175 for-

1888 3218 2029 3260 tasse
2060 3206 2237 3260 locum
2265 3206 2490 3260 haberet
2528 3205 2707 3260 Judtei
2742 3208 3004 3277 suspicio.
3049 3207 3155 3263 Sed
3187 3212 3443 3278 quoniam

1886 3299 1921 3351 ii
1955 3313 2092 3368 quos
2123 3297 2280 3353 Jesus
2314 3312 2341 3350 a
2372 3299 2527 3352 nobis
2559 3299 2713 3351 vitari
2740 3296 2897 3366 jubet
2928 3313 2987 3354 se
3017 3298 3291 3354 Christum
3326 3316 3446 3356 esse

1882 3386 2215 3457 praedicant,
2246 3386 2388 3455 quod
2419 3404 2523 3440 non
2554 3387 2759 3441 faciunt
2784 3388 3239 3457 praestigiatorcs;
3274 3400 3329 3443 et
3360 3393 3444 3445 tli-

1881 3480 1953 3534 cit
1985 3490 2246 3548 praeterea
2278 3479 2395 3534 fore
2427 3487 2484 3532 ut
2532 3479 2794 3547 improbis
2844 3479 3085 3532 moribus
3131 3481 3346 3548 quidam
3391 3483 3443 3536 in

1881 3571 2051 3639 ipsius
2089 3570 2309 3625 nomine
2348 3569 2613 3623 miracula
2666 3568 2907 3623 eliiciant
2932 3611 2947 3636 ,
2994 3579 3047 3622 et
3077 3572 3346 3626 dmmones
3376 3590 3441 3628 ex

1879 3663 2190 3718 hominibus
2224 3661 2495 3731 expellant
2528 3677 2541 3714 :
2575 3660 2628 3715 id
2663 3675 2790 3713 vero
2845 3662 3025 3729 potius
3059 3676 3249 3717 omnes
3296 3676 3440 3730 pra:-

1877 3756 2220 3826 stigiatorum
2253 3762 2424 3819 artes,
2460 3760 2520 3806 ut
2552 3750 2624 3805 ita
2665 3750 2878 3821 loquar,
2913 3753 3263 3818 exterminat,
3286 3751 3444 3809 lesu-

1854 3862 1984 3916 .que
2030 3860 2093 3900 ac
2136 3842 2528 3913 discipulorum
2578 3842 2695 3912 ejus
2739 3842 3075 3897 divinitatem
3117 3845 3438 3909 constituit;

1877 3935 2311 4007 quandoquidem
2350 3935 2463 3989 fieri
2495 3941 2711 4001 potest,
2746 3941 2803 3987 ut
2836 3932 2989 4001 quis,
3029 3945 3293 4004 usurpato
3322 3934 3443 4004 ejus

1878 4029 2092 4081 nomine
2117 4065 2132 4092 ,
2163 4035 2218 4079 et
2249 4040 2278 4079 a
2324 4024 2506 4078 nescio
2536 4038 2638 4091 qua
2673 4032 2941 4092 potestate
2974 4025 3261 4092 instigatus
3296 4034 3352 4078 ut
3382 4039 3442 4080 se

1878 4120 2153 4174 Christum
2181 4133 2302 4173 esse
2333 4116 2588 4182 simulet,
2621 4117 2820 4171 similia
2858 4118 2926 4171 iis
2957 4132 3077 4186 quae
3115 4116 3274 4173 Jesus
3296 4158 3311 4184 ,
3359 4120 3441 4173 fa-

1875 4227 2001 4267 cere
2036 4213 2150 4279 ipse
2175 4248 2190 4273 ,
2222 4218 2278 4261 et
2305 4193 2395 4261 alii
2430 4206 2557 4262 Jesu
2594 4209 2816 4263 nomine
2845 4208 3041 4263 similia
3073 4208 3140 4264 iis
3172 4224 3292 4277 quae
3323 4211 3436 4265 veri

1877 4299 2127 4370 discipuli
2154 4340 2168 4367 ,
2202 4298 2381 4353 facere
2408 4298 2711 4354 videantur.

1117 4598 1161 4629 ⁷⁸
1189 4596 1379 4651 Matth.
1424 4611 1523 4656 vn.
1559 4595 1660 4655 22;
1705 4594 1835 4647 Luc.
1884 4599 2006 4652 xm,
2047 4587 2138 4641 26.

1866 4700 2065 4757 mutari
2091 4700 2272 4753 velim.

1937 4772 2047 4838 (29)
2079 4770 2245 4823 Codd.
2280 4767 2499 4838 Regius!
2526 4765 2850 4833 Anglicanus
2874 4768 3099 4833 primus,
3125 4778 3180 4822 et
3201 4771 3304 4824 duo
3330 4772 3436 4825 Va-

1867 4837 2049 4901 ticani,
2080 4838 2428 4908 ποιησόντων.
2463 4837 2680 4908 Expusi,
2710 4838 3068 4908 ποιησάντων.

1937 4910 2048 4980 (50)
2082 4905 2256 4975 Ὅπερ
2285 4911 2356 4980 οὐ
2386 4906 2664 4980 ποιοῦσι-ιν
2688 4907 2741 4958 οὶ
2768 4905 2996 4980 γόητες.
3030 4905 3247 4980 Dtibitat
3265 4907 3434 4980 (Guie-

1866 4975 1954 5036 tus
1996 4975 2059 5051 an
2104 4994 2207 5051 non
2253 4979 2323 5030 sit
2360 4975 2728 5051 scribendum,
2764 4977 2900 5048 ὅπερ
2944 4975 3435 5051 ποιοῦσινᾼοίμγόη-

1860 5069 1971 5114 τες.
2028 5048 2193 5101 Paulo
2248 5058 2368 5115 post
2416 5045 2668 5100 Gelenius
2724 5060 2830 5099 non
2872 5045 3137 5111 'aguoscit
3186 5045 3434 5115 βιοῦντας

1857 5118 2060 5181 κακῶς.
2116 5117 2312 5170 Ibidem
2366 5117 2497 5170 libh.
2531 5124 2692 5169 antea
2730 5116 2856 5169 editi
2904 5117 2970 5168 ad
3022 5118 3343 5183 marginem,
3377 5132 3433 5173 et

1856 5192 2021 5242 codex
2058 5186 2584 5258 Jolianushsecunda
2640 5200 2837 5258 manu,
2877 5183 3167 5258 ἀποϐαλεῖν
3206 5187 3432 5258 ⁸ἀνθρὼ-

1858 5277 1993 5311 πων.
2025 5258 2093 5308 At
2122 5256 2285 5326 codex
2322 5255 2523 5325 Regius
2549 5262 2601 5326 et
2637 5254 2980 5326 Basileensis,
3010 5255 3104 5326 ἀπ’
3124 5253 3430 5326 κάνθρώπων

1855 5326 2153 5381 ἐκϐάλλειν.
2188 5323 2306 5377 Mox
2341 5323 2460 5394 post
2487 5325 2682 5395 μᾶλλον
2702 5324 2978 5395 redundat
3000 5323 3080 5387 τὸ,
3115 5325 3182 5377 δ’.

1927 5396 2035 5465 (31)
2068 5396 2120 5466 In
2157 5395 2313 5466 codd.
2343 5393 2529 5463 ’Itegio
2580 5405 2634 5447 et
2686 5394 2975 5466 Basileensi
3008 5396 3157 5466 deest
3196 5393 3429 5466 θειότης,

1856 5463 1958 5518 non
1992 5463 2311 5537 male._lnfra
2349 5466 2476 5520 lilii).
2508 5465 2750 5537 impressi
2786 5474 2900 5537 post
2945 5464 3119 5537 δοκεῖν
3156 5463 3222 5537 τὰ
3255 5463 3433 5537 παραν

1854 5536 2074 5607 πλήσια,
2107 5534 2307 5607 addunt
2330 5538 2445 5599 τοῖς
2474 5532 2759 5607 ἐπιτελεῖν,
2797 5535 2887 5588 Sed
2942 5536 3079 5607 istud
3105 5536 3213 5596 τοῖς
3246 5532 3427 5607 natum

1853 5622 1883 5659 e
1918 5602 2263 5679 sequentibus
2313 5604 2672 5679 παραπλήσια
2698 5607 2829 5678 ,τοῖς
2878 5602 3137 5672 γνησίοις,
3185 5605 3427 5658 reciden-

1856 5681 1978 5729 dum
2007 5676 2335 5743 putavimus.

3032 5766 3109 5823 28
