4002 6554
478 382 586 439 875

1953 384 2273 473 ORIGENlS

3629 404 3729 459 876

548 496 637 551 50.
679 496 756 552 Ac
792 495 990 551 Paulus
1019 456 1237 566 quidem
1274 512 1326 552 in
1366 498 1599 553 secunda
1631 512 1727 555 sua
1762 498 1830 553 ad
1862 497 2028 555 Thes-

2190 466 2320 554 ’Καὶ
2344 500 2371 552 6
2390 499 2600 566 Παῦλος
2616 502 2658 556 δ’
2687 502 2743 558 ἐν
2769 507 2832 576 τῇ
2857 504 2992 577 πρὸς
3007 507 3416 575 Θεσσαλονικεῖς
3452 513 3725 589 Ἐπιστολῇ

476 588 843 644 salonicenses
871 589 1117 658 Epistola
1146 590 1389 645 declarat
1414 591 1686 659 quomodo
1722 591 2045 647 ret'elandus

429 754 433 756 ν
475 681 551 735 sit
580 700 598 733 ι
630 681 794 735 homo
824 682 1055 750 peccati,
1080 681 1224 736 [ilius
1252 682 1573 751 perditionis
1603 684 1693 751 qui
1726 684 2046 739 adversatur

474 779 528 824 et
564 769 843 825 extollitur
880 785 1042 840 supra
1085 785 1246 827 omne
1288 772 1435 841 quod
1483 773 1685 829 dicitur
1727 775 1905 838 Deus,
1953 784 2044 829 aut

473 864 620 931 quod
652 863 873 931 colitur,
906 865 979 918 ita
1008 872 1064 918 ut
1098 864 1151 917 in
1187 864 1387 934 templo
1414 864 1507 919 Dei
1537 865 1725 920 sedeat
1749 867 2043 921 ostendens

471 970 531 1010 se
584 962 843 1025 tanquam
893 956 965 1011 sit
1009 958 1155 1011 Deus
1191 956 1279 1022 7°;
1312 974 1329 1007 ι
1361 971 1661 1027 rursusque
1694 956 2043 1012 Thessaloni-

473 1048 728 1103 censibus
776 1048 908 1104 dicit
939 1066 952 1102 :
985 1067 1003 1100 ι
1040 1049 1105 1102 Ει
1149 1065 1292 1105 nunc
1324 1048 1454 1119 quid
1490 1040 1733 1104 dctincat
1764 1050 1918 1105 scitis
1941 1089 1956 1114 ,
1980 1058 2042 1103 ut

471 1139 741 1195 reveletur
790 1140 843 1194 in
898 1155 999 1197 suo
1053 1150 1316 1211 tempore.
1373 1140 1507 1195 Nam
1562 1142 1878 1211 mysterium
1928 1142 2039 1212 jam

468 1240 731 1301 operatur
762 1232 1100 1300 iniquitatis,
1143 1242 1351 1287 tantum
1402 1233 1495 1302 qui
1544 1242 1689 1288 tenet
1733 1247 1915 1299 nunc,
1964 1242 2040 1287 te-

468 1333 632 1389 neat,
663 1324 835 1378 donec
868 1322 933 1378 de
965 1324 1145 1379 medio
1178 1326 1291 1378 ﬁat.
1324 1324 1392 1378 Et
1428 1334 1556 1379 tunc
1588 1325 1920 1380 revelabitur
1951 1324 2038 1381 ille

467 1415 687 1485 iniquus
710 1456 725 1481 ,
757 1431 916 1486 quem
945 1417 1207 1471 Dominus
1240 1416 1537 1472 interﬁciat
1563 1418 1759 1486 spiritu
1788 1418 1898 1472 oris
1922 1417 2038 1483 sui,

464 1516 521 1560 et
565 1508 810 1561 destruet
852 1506 1221 1563 illustratione
1253 1508 1521 1563 adventus
1568 1508 1650 1562 sui
1685 1523 1846 1573 eunt,
1881 1506 2037 1577 cujus

465 1609 550 1655 est
572 1601 833 1654 adventus
853 1600 1150 1659 secundum
1169 1599 1546 1669 operationem
1571 1598 1789 1655 Satanae
1808 1600 1863 1653 in
1889 1601 2033 1655 omni

463 1693 666 1746 virtute
692 1702 749 1746 et
773 1690 943 1760 signis
971 1699 1023 1744 et
1045 1691 1307 1761 prodigiis
1335 1690 1778 1755 mendacibus,et
1806 1691 1858 1745 in
1889 1692 2035 1745 omni

463 1783 786 1838 seductione
806 1781 1115 1850 iniquitatis
1144 1782 1212 1838 iis
1238 1782 1329 1851 qui
1359 1782 1673 1851 pereunt“.
1703 1799 1721 1832 ι
1742 1780 1865 1835 Mox
1888 1781 2036 1835 addit

462 1888 681 1929 causam
708 1889 806 1929 cur
833 1874 1053 1942 iniquus
1078 1872 1169 1927 ille
1199 1874 1252 1927 in
1277 1872 1387 1927 vita
1418 1871 1625 1927 versari
1651 1873 2030 1942 permittatur:

458 1969 621 2041 425
670 1987 688 2021 ι
729 1966 806 2023 Eo
834 1968 976 2036 quod
1012 1968 1333 2022 charitatem
1390 1967 1638 2020 veritatis
1672 1981 1777 2021 non
1816 1980 2035 2035 recepe-

463 2070 610 2125 runt,
642 2066 700 2113 ut
723 2057 854 2114 salvi
884 2058 1097 2113 tierent.
1138 2058 1264 2113 ldeo
1310 2056 1479 2111 mittit
1526 2056 1631 2110 illis
1663 2056 1802 2111 Deus
1840 2070 2035 2124 opera-

462 2155 662 2208 tionem
692 2152 923 2218 errnris,
962 2161 1020 2205 ut
1050 2152 1280 2206 credant
1306 2150 1609 2216 mendacio,
1644 2159 1702 2202 ut
1728 2148 2033 2216 iudicentur

458 2260 649 2300 omnes
681 2245 771 2313 qui
799 2258 905 2297 non
937 2243 1290 2297 crediderunt
1321 2241 1565 2307 veritati,
1616 2240 1711 2296 sed
1740 2253 2021 2295 consense-

458 2345 588 2391 runt
622 2335 894 2404 iniquitati
923 2334 992 2386 ⁸³.
1030 2351 1049 2385 ι
1084 2334 1240 2387 Dicat
1285 2348 1429 2387 nunc
1477 2331 1694 2401 aliquis,
1727 2346 1795 2385 an
1832 2331 1882 2385 in
1915 2330 2034 2384 istis

456 2429 733 2500 Evangelii
785 2437 841 2483 et
899 2426 1128 2494 apostoli
1193 2425 1519 2480 testimoniis
1575 2424 1879 2495 quidquam
1940 2422 2031 2487 sit,

456 2524 601 2594 quod
632 2522 763 2577 dare
796 2522 970 2574 locum
1017 2518 1184 2588 possit
1221 2517 1532 2586 suspicandi
1578 2515 2031 2586 praestigiatorum

453 2624 602 2668 artes
640 2610 750 2667 illic
782 2610 950 2665 fuisse
1000 2608 1306 2678 praedictas.
1365 2609 1438 2662 De
1472 2607 1815 2662 Antichristo
1846 2604 2034 2660 Daniel

453 2719 670 2776 quoque
700 2702 868 2758 edidit
891 2700 1203 2755 vaticinium
1247 2700 1318 2765 δ’,
1347 2699 1490 2768 quod
1542 2697 1682 2767 legat
1714 2698 1808 2768 qui
1847 2697 2034 2751 volue-

454 2799 549 2853 rit.
580 2794 832 2853 Atverha
857 2793 983 2849 Jesu
1013 2794 1276 2860 depravat
1307 2789 1518 2845 Celsus.
1548 2788 1734 2858 Neque
1758 2788 1902 2843 enim
1943 2789 2033 2845 ille

454 2886 592 2941 dixit
625 2898 883 2954 unquam,
932 2882 1075 2950 quod
1123 2881 1190 2935 ab
1244 2879 1336 2933 illo
1390 2880 1594 2935 dictum
1650 2870 1773 2933 esse
1800 2878 2033 2934 alIirmat

452 2977 664 3042 Celsus,
698 2982 959 3029 venturos
987 2971 1078 3041 qui
1109 2971 1297 3026 eadem
1326 2969 1566 3026 facerent
1590 2970 1874 3037 miracula,
1908 2971 2033 3026 licet

450 3068 684 3139 improbi
748 3076 802 3122 et
870 3064 1311 3137 praestigiatnres.
1382 3063 1516 3117 Nam
1568 3063 2031 3132 quemadmodum

2146 590 2369 662 δευτέρᾳ
2399 592 2753 660 ἀποφαίνεται
2810 595 2933 650 τίνα
2983 598 3183 665 τρόπον
3225 601 3729 676 ἀποκαλυφθήσεται

2145 698 2276 735 ποτε
2303 694 2322 729 ι
2352 685 2379 735 6
2407 682 2687 754 ἄνθρωπος
2717 686 2814 758 τῆς
2843 688 3071 759 ἀνομίας
3094 689 3227 762 (52),
3260 694 3289 745 6
3318 694 3431 758 υἱὸς
3463 696 3565 765 τῆς
3586 699 3730 752 ἀπω-

2146 771 2312 837 λείας,
2357 775 2386 825 ὁ
2416 774 2781 845 ἀντικείμενος
2821 779 2913 831 καὶ
2946 780 3378 853 ὑπεραιρόμενος
3418 786 3512 838 ἐπὶ
3559 789 3729 843 πάντα

2143 862 2429 934 λεγόμενον
2469 865 2657 939 Θεὸνῆ
2699 868 2965 940 σέϐασμα,
3001 871 3130 925 ὥστ’
3171 875 3331 929 αὑτὸν
3360 878 3440 939 εἰς
3480 878 3571 931 τὸν
3606 883 3728 935 ναὸν

2143 954 2234 1007 τοῦ
2251 955 2383 1009 Θεοῦ
2402 957 2640 1023 καθῖσαι,
2656 960 3076 1017 ἀποδεικνύοντα
3092 965 3281 1020 ἐαυτὸν
3309 970 3391 1021 ὅτι
3407 970 3525 1024 ἐστὶ
3542 972 3689 1038 Θεός.
3704 996 3721 1027 ι

2142 1053 2251 1105 Καὶ
2275 1051 2433 1106 πάλιν
2454 1055 2585 1125 φησί
2602 1057 2711 1118 τοῖς
2737 1055 3204 1113 Θεσσαλονικεῦσιο
3229 1081 3247 1112 ι
3276 1064 3388 1115 Kal
3411 1064 3507 1117 νῦν
3527 1066 3588 1117 τὸ
3610 1084 3729 1121 κατ-

2142 1144 2262 1213 έχον
2291 1145 2466 1199 οἴδατε
2496 1147 2574 1209 εἰς
2599 1146 2660 1199 τὸ
2692 1148 3140 1221 ἀποκαλυφθῆναι
3174 1153 3339 1207 αὐτὸν
3372 1156 3430 1207 ἐν
3456 1156 3533 1226 τῷ
3565 1159 3727 1213 αὐτοῦ

2141 1234 2336 1306 καιρῷ.
2356 1236 2429 1288 Τὸ
2446 1236 2554 1307 γὰρ
2581 1238 2876 1308 μυστήριον
2903 1240 3002 1310 ἤδη
3030 1241 3333 1318 ἐνεργεῖται
3357 1247 3457 1316 τῆς
3479 1247 3725 1317 ἀνομίας·

2144 1326 2303 1397 μόνον
2323 1328 2353 1379 6
2374 1328 2617 1398 κατέχων
2644 1328 2766 1400 ἄρτι
2796 1329 2902 1393 ἕως
2926 1332 2988 1383 ὲκ
3016 1332 3180 1401 μέσου
3205 1335 3453 1405 γένηται.
3473 1338 3583 1390 Καὶ
3610 1338 3727 1391 τότε

2139 1415 2651 1489 ἀποκαλυφθήσεται
2684 1421 2712 1472 6
2741 1420 2959 1490 ἄνομος,
2990 1421 3049 1475 ὃν
3081 1423 3286 1493 Κύριος
3324 1427 3352 1477 6
3377 1427 3508 1490 Θεὸς
3552 1428 3730 1481 ἀνελεῖ

2139 1509 2215 1579 τῷ
2236 1510 2344 1580 (55)
2363 1509 2631 1580 πνεύματι
2651 1509 2742 1562 τοῦ
2775 1511 3041 1582 στόματος
3063 1514 3250 1579 αὑτοῦ,
3275 1516 3369 1569 καὶ
3393 1522 3726 1591 καταργήσει

2139 1605 2202 1672 τῇ
2224 1602 2513 1672 ἐπιφανείᾳ
2527 1603 2623 1673 τῆς
2638 1603 2940 1674 παρουσίας
2957 1604 3142 1659 αὐτοῦ’
3162 1599 3223 1657 οῦ
3242 1609 3436 1679 ἐστινὴ
3458 1612 3729 1681 παρουσία

2138 1695 2256 1747 κατ’
2282 1693 2557 1765 ἐνέργειαν
2588 1694 2679 1747 τοῦ
2704 1695 2918 1751 Σατανᾶ
2957 1698 3013 1747 ἐν
3051 1697 3200 1769 πάσῃ
3227 1699 3475 1770 δυνάμει,
3510 1704 3605 1754 καὶ
3635 1720 3727 1773 ση-

2141 1784 2332 1854 μείοις,
2369 1784 2462 1837 καὶ
2491 1783 2683 1853 τέρασι
2715 1784 2964 1854 ψεύδους,
2997 1788 3091 1839 καὶ
3122 1788 3180 1841 ἐν
3208 1789 3357 1861 πάσῃ
3388 1790 3573 1861 ἀπάτῃ
3610 1792 3725 1844 ἀδι-

2135 1874 2258 1937 κίας
2278 1876 2334 1926 ἐν
2354 1877 2465 1937 τοῖς
2488 1874 2896 1945 ἀπολλυμένοις.
2912 1894 2929 1925 ι
2952 1876 3330 1948 Ἐκτιθέμενος
3349 1879 3403 1931 δὲ
3428 1881 3523 1933 καὶ
3536 1880 3638 1951 τὴν
3654 1883 3732 1934 αἰ-

2136 1967 2252 2018 τίαν
2277 1965 2371 2017 τοῦ
2392 1964 2779 2036 ἐπιτρέπεσθαι
2811 1966 2901 2020 τὸν
2936 1966 3137 2038 ἄνομον
3172 1969 3460 2040 ἐπιδημεῖν
3485 1972 3564 2041 τῷ
3606 1972 3723 2042 βίῳ,

2136 2058 2328 2127 φησίν·
2377 2076 2395 2108 ι
2454 2057 2596 2109 Ἀνο’
2632 2051 2707 2111 ὧν
2760 2058 2859 2128 τὴν
2913 2057 3137 2129 ἀγάπην
3183 2059 3285 2128 τῆς
3326 2059 3587 2129 ἀληθείας
3630 2064 3725 2116 οὐκ

2135 2148 2384 2215 ἐδέξαντο
2415 2150 2495 2211 εἰς
2522 2148 2582 2201 τὸ
2612 2146 2849 2218 σωθῆναι
2888 2148 3104 2212 αὐτούς.
3137 2150 3248 2202 Καὶ
3278 2149 3366 2203 διὰ
3393 2151 3555 2203 τοῦτο
3585 2154 3724 2224 πέμ-

2136 2257 2226 2292 πει
2255 2239 2362 2308 (54)
2394 2240 2579 2302 αὐτοῖς
2624 2242 2652 2293 6
2685 2238 2816 2302 Θεὸς
2863 2240 3143 2310 ἐνέργειαν
3189 2240 3398 2312 πλάνης
3436 2244 3516 2305 είς
3545 2244 3608 2296 τὸ
3641 2261 3727 2296 πι-

2139 2331 2361 2385 στεῦσαι
2395 2332 2591 2393 αὐτοὺς
2633 2330 2711 2401 τῷ
2742 2330 2945 2399 ψεύδει,
2983 2332 3070 2384 ἵνα
3115 2332 3377 2403 κριθῶσιν
3411 2334 3650 2399 ἅπαντες
3676 2337 3723 2387 οί

2139 2425 2212 2496 μὴ
2248 2423 2635 2486 πιστεύσαντες
2666 2426 2732 2493 τῇ
2786 2423 3035 2494 ἀληθεία,
3067 2424 3182 2477 ἀλλ’
3230 2426 3630 2497 εὐδοκήσαντες
3667 2430 3724 2482 ἐν

2135 2519 2204 2587 τῇ
2232 2516 2437 2585 ἀδικίᾳ.
2478 2535 2496 2566 ι
2536 2515 2755 2583 Λεγέτω
2780 2532 2865 2577 τις
2892 2512 2985 2569 οὖν
3009 2519 3160 2587 ἡμῖν,
3198 2520 3245 2571 εἰ
3271 2518 3494 2572 δύναταί
3535 2537 3590 2573 τι
3619 2520 3723 2572 τῶν

2135 2608 2191 2660 ἐν
2237 2608 2314 2678 τῷ
2349 2606 2667 2677 Εὐαγγελίῳ
2696 2608 2728 2677 ἢ
2760 2606 2868 2660 τῶν
2916 2608 3066 2680 παρὰ
3108 2609 3189 2679 τῷ
3224 2611 3508 2683 ἀποστόλῳ
3538 2612 3723 2683 χώραν

2135 2699 2392 2771 παρέχειν
2436 2698 2689 2761 ὑπονοίας
2730 2699 2983 2769 γοητείας
3019 2703 3530 2774 προαγορευομένης
3583 2703 3720 2756 κατά

2133 2791 2224 2843 τὸν
2252 2791 2434 2844 τόπον.
2474 2791 2750 2860 Παρέσται
2786 2791 2843 2844 δὲ
2896 2792 2973 2862 τῷ
3007 2791 3313 2863 βουλομένῳ
3348 2795 3442 2847 καὶ
3490 2795 3601 2848 ἀπὸ
3628 2795 3721 2848 τοῦ

2133 2882 2328 2954 Δανιὴλ
2368 2882 2618 2935 ἐκλαϐεῖν
2650 2882 2747 2953 τὴν
2783 2882 2910 2953 περὶ
2954 2882 3048 2934 τοῦ
3095 2886 3472 2956 Ἀντιχρίστου
3507 2904 3722 2956 προφη-

2132 2975 2299 3027 τείαν.
2331 2973 2743 3043 Καταψεύδεται
2784 2973 2840 3025 δέ
2886 2974 2994 3025 τῶν
3020 2974 3192 3043 λόγων
3234 2974 3430 3046 Ἰησοῦ,
3467 2977 3611 3041 ἐπεὶ,
3646 2978 3718 3047 μὴ

2134 3064 2375 3128 εἰπόντος
2420 3064 2607 3128 αὑτοῦ,
2654 3064 2787 3116 διότι
2827 3064 3154 3135 παρέσονται
3202 3065 3378 3137 ἕτεροι
3427 3067 3719 3138 δυνάμεσιν

450 3160 834 3233 Egyptiorum
871 3159 1274 3213 incantatorum
1330 3169 1430 3226 par
1474 3170 1583 3209 non
1615 3164 1734 3209 erat
1787 3163 2026 3223 potestas

2133 3158 2345 3229 ὁμοίαις
2393 3155 2687 3227 χρώμενοι,
2740 3158 2900 3208 κακοὶ
2942 3157 3034 3209 καὶ
3086 3157 3300 3229 γόητες,
3346 3159 3507 3222 αὐτός
3555 3177 3719 3230 φησιν

455 3255 701 3311 mirilicze
735 3250 832 3318 illi,
860 3264 979 3319 quae
1006 3249 1060 3303 in
1093 3248 1277 3318 Moyse
1307 3256 1443 3314 erat,
1479 3246 1703 3318 gratiae;
1751 3256 1806 3302 et
1835 3260 2026 3302 eorum

454 3359 621 3414 opera
659 3355 842 3397 meras
868 3353 990 3395 esse
1024 3337 1351 3408 praeStigias,
1378 3352 1496 3407 quae
1534 3352 1665 3391 vero
1698 3336 1911 3406 Moyses
1947 3337 2026 3391 fe-

455 3437 556 3500 cit,
612 3450 643 3488 a
695 3432 878 3488 divina
926 3433 1131 3486 virtute
1182 3430 1453 3499 proﬁcisci
1507 3431 1879 3499 comprobavit
1912 3430 2027 3485 exi-

454 3537 542 3581 tus
570 3525 656 3589 ⁸³;
686 3523 762 3577 ita
790 3537 911 3591 quae
947 3521 1083 3575 mira
1114 3521 1323 3575 faciunt
1351 3520 1681 3587 antichristi,
1735 3520 1881 3588 iique
1929 3521 2024 3589 qui

451 3635 511 3674 se
540 3615 819 3687 patrandis
862 3612 1139 3667 miraculis
1182 3626 1340 3681 pares
1386 3612 1512 3668 Jesu
1568 3611 1852 3682 discipulis
1903 3625 2027 3666 esse

450 3706 766 3771 venditant,
791 3710 1096 3757 νοειιιιιυιι
1135 3703 1291 3771 signa
1323 3710 1375 3756 et
1408 3701 1653 3772 prodigia
1683 3702 2020 3765 mendacia,»

450 3812 572 3868 qua:
606 3816 625 3849 ι
666 3798 721 3851 in
749 3794 896 3850 omni
924 3794 1239 3849 seductione
1279 3793 1585 3862 iniquitatis
1621 3813 1641 3847 ι
1676 3793 1782 3847 vim
1820 3792 2024 3849 habent

454 3906 477 3942 ι
515 3890 571 3944 in
603 3901 698 3943 eos
726 3886 819 3956 qui
843 3894 1103 3955 pereunt;
1143 3904 1161 3938 ι
1193 3885 1577 3940 miraculorum
1609 3895 1791 3941 autem
1825 3885 2023 3941 Christi

448 3992 506 4037 et
531 3982 649 4051 ejus
681 3978 1069 4047 discipulorum
1095 3977 1307 4033 fructus
1332 3986 1436 4045 est,
1478 3993 1587 4033 non
1629 3977 1898 4047 deceptio,
1929 3978 2025 4032 sed

448 4077 756 4131 animarum
806 4072 973 4128 salus.
1052 4069 1185 4137 Quis
1245 4066 1390 4127 enim
1443 4072 1641 4127 dixerit
1708 4071 2023 4142 deceptione

447 4162 609 4228 etlici,
633 4172 691 4219 ut
721 4160 1042 4219 emendetur
1074 4158 1182 4215 vita
1227 4171 1281 4217 et
1326 4161 1530 4217 malitia
1565 4161 1811 4232 quotidie
1849 4161 2022 4232 magis

447 4271 512 4313 ac
538 4256 710 4327 magis
740 4255 1013 4312 minuatur
1034 4254 1057 4293 ⁷

522 4443 610 4497 51.
651 4442 913 4498 Nonnihil
945 4440 997 4495 in
1050 4439 1331 4510 Scriptura
1376 4439 1597 4495 videbat
1647 4439 1857 4507 Celsus,
1894 4455 2017 4496 cum

2130 3249 2291 3302 αὐτὸν
2318 3248 2596 3319 εἰρηκέναι
2627 3248 2688 3301 τὸ
2721 3247 2980 3301 τοιοῦτον.
3018 3249 3106 3311 Ὠς
3138 3249 3247 3321 γάρ
3294 3251 3392 3320 οὐχ
3432 3252 3597 3321 ὁμοία
3626 3251 3717 3303 δύ-

2127 3357 2291 3411 ναμις
2345 3339 2517 3409 ἡτῶν
2571 3340 2627 3391 ἐν
2666 3338 2926 3409 Αἰγύπτῳ
2982 3340 3207 3409 ἐπῳδῶν
3256 3340 3368 3412 (55)
3416 3345 3484 3412 τῇ
3538 3343 3596 3395 ἐν
3641 3341 3718 3411 τῷ

2126 3433 2332 3502 Μωῦσῇ
2368 3430 2655 3502 παραδόξῳ
2680 3430 2862 3500 χάριτι
2882 3448 2896 3461 ·
2940 3429 3075 3483 ἀλλά
3103 3432 3166 3483 τὸ
3196 3432 3347 3495 τέλος
3374 3432 3623 3504 διήλεγχε
3647 3434 3719 3487 τά

2131 3525 2229 3595 μὲν
2288 3523 2396 3575 τῶν
2439 3522 2755 3590 Αἰγυπτίων
2802 3523 2931 3577 ὄντα
2984 3526 3339 3596 μαγγανείας,
3396 3525 3463 3577 τὰ
3500 3526 3558 3578 δὲ
3621 3526 3716 3580 τοῦ

2110 3612 2387 3676 Μωῦσέως
2412 3611 2529 3664 θεῖα
2548 3629 2560 3642 ·
2591 3611 2766 3677 οὕτως
2803 3614 2871 3668 τὰ
2921 3615 3018 3685 μὲν
3051 3615 3161 3668 τῶν
3189 3615 3575 3686 ἀντιχρίστων,
3619 3619 3715 3671 καὶ

2125 3706 2231 3759 τῶν
2266 3704 2746 3777 προσποιουμένων
2786 3706 3045 3777 δυνάμεις
3089 3708 3166 3771 ὡς
3216 3707 3474 3779 μαθητῶν
3516 3708 3713 3779 Ἰησοῦ,

2134 3817 2150 3849 ι
2187 3800 2389 3868 σημεῖα
2430 3799 2523 3851 καὶ
2576 3800 2778 3871 τέρατα
2819 3818 2838 3849 ι
2872 3798 3088 3866 λέγεται
3123 3794 3260 3851 εἶναι
3298 3817 3316 3850 ι
3369 3799 3618 3868 ψεύδους,
3654 3802 3715 3853 ἐν

2126 3890 2274 3961 πάσῃ
2298 3890 2481 3962 ἀπάτῃ
2510 3891 2725 3954 ἀδικίας
2740 3893 2853 3954 τοῖς
2881 3890 3277 3960 ἀπολλυμένοις
3299 3890 3572 3959 ἰσχύοντα·
3600 3910 3617 3942 ι
3644 3893 3712 3945 τά

2124 3982 2180 4035 δὲ
2226 3982 2321 4035 τοῦ
2367 3983 2604 4055 Χριστοῦ
2660 3986 2753 4036 καὶ
2811 3983 2917 4036 τῶν
2967 3981 3223 4054 μαθητῶν
3280 3982 3446 4036 αὑτοῦ
3500 3984 3712 4054 καρπὸν

2125 4074 2281 4147 ἔσχεν
2326 4076 2426 4129 οὐκ
2458 4078 2695 4146 ἀπάτην,
2749 4076 2887 4130 ἀλλά
2920 4077 3191 4148 σωτηρίαν
3224 4075 3430 4147 ψυχῶν.
3464 4077 3559 4139 Τίς
3599 4077 3710 4149 γὰρ

2124 4165 2216 4219 τὸν
2248 4167 2532 4238 κρείττονα
2568 4167 2701 4237 βίον,
2740 4168 2833 4220 καὶ
2874 4166 3229 4221 σνστέλλοντα
3264 4166 3332 4221 τά
3375 4167 3475 4237 τῆς
3513 4169 3710 4231 κακίας

2122 4257 2391 4329 ὁσημέραι
2421 4258 2512 4309 ἐπὶ
2546 4257 2605 4310 τὸ
2628 4258 2863 4322 ἔλαττον,
2894 4257 3131 4326 εὐλόγως
3164 4257 3326 4327 φησὶν
3362 4255 3471 4310 ἀπὸ
3492 4256 3708 4328 ἀπάτης

2122 4347 2367 4417 γίνεσθαι
2390 4364 2405 4412 ;

2205 4439 2480 4493 ’Υπείδετο
2512 4440 2567 4493 δὲ
2601 4440 2629 4491 6
2663 4439 2868 4503 Κέλσος
2893 4438 2953 4491 τὸ
2984 4439 3091 4492 ἀπὸ
3124 4438 3225 4509 τῆς
3268 4437 3511 4509 Γραφῆς,
3542 4439 3706 4508 ποιήο

447 4530 793 4586 dixitJesnm
836 4530 1224 4601 praemonuisse
1270 4530 1405 4595 fore,
1454 4547 1473 4580 ι
1533 4539 1593 4584 ιιι
1617 4528 1846 4585 Satanas
1894 4531 2018 4598 qui-

2133 4549 2223 4594 σας
2250 4532 2341 4584 τὸν
2378 4529 2581 4601 Ἰησοῦν
2615 4531 2913 4601 εἰρηκέναι,
2950 4548 2968 4580 ι
2994 4532 3074 4583 ὅτι
3090 4530 3330 4592 Σατανᾶς
3359 4547 3442 4592 τις
3484 4529 3703 4582 τοιαῦτα

446 4625 571 4678 dam
606 4624 849 4693 prodigia
904 4622 1127 4679 faceret.
1179 4643 1197 4676 ι
1254 4621 1360 4678 Sed
1396 4623 1523 4676 hinc
1564 4622 1730 4677 nimis
1786 4635 2017 4691 propere

446 4715 656 4786 colligit
703 4733 722 4766 ι
768 4716 870 4770 hoc
914 4730 1034 4771 esse
1086 4716 1268 4780 fateri,
1319 4715 1563 4786 prodigia
1597 4714 1713 4769 haec
1743 4714 1877 4768 nihil
1921 4713 2019 4767 ha-

442 4806 578 4861 here
624 4806 950 4873 divinitatis,
983 4806 1079 4862 sed
1126 4821 1246 4862 esse
1294 4806 1683 4862 sceleratorum
1735 4805 2012 4859 hominum

441 4910 633 4967 opera.
672 4917 692 4949 ι
737 4899 833 4953 Sic
881 4901 1071 4955 eodem
1126 4915 1324 4971 genere
1373 4899 1662 4962 concludit,
1720 4912 1841 4967 quae
1888 4906 2014 4952 sunt

441 4989 661 5058 generis
694 4989 853 5061 longe
909 4992 1133 5046 diversi.
1173 4992 1325 5046 Sicut
1365 4991 1509 5045 enim
1557 4989 1715 5059 lupus
1752 4998 1806 5044 et
1837 4989 2011 5055 canis,

442 5079 721 5148 palumbes
758 5090 814 5134 et
864 5081 1138 5146 columba,
1174 5097 1279 5136 non
1327 5081 1565 5151 ejusdem
1620 5088 1745 5134 sunt
1776 5080 2011 5149 generis,

442 5174 661 5229 tametsi
695 5189 891 5245 corpus
924 5182 979 5230 et
1013 5189 1116 5231 vox
1155 5175 1400 5230 nonnihil
1433 5174 1609 5229 simile
1641 5172 1897 5242 praeferre
1933 5173 2013 5227 vi-

2123 4624 2666 4695 παραμηχανήσεται.
2728 4641 2747 4673 ι
2818 4621 2976 4675 Ἀλλά
3038 4623 3131 4674 καὶ
3206 4619 3540 4693 συναρπάζει
3603 4620 3701 4672 τὸν

2123 4715 2299 4783 λόγον,
2362 4714 2583 4783 φάσκων
2641 4732 2660 4763 ι
2728 4714 2802 4784 μὴ
2851 4712 3073 4783 ἔξαρνον
3134 4708 3272 4766 εἶναι
3327 4714 3419 4767 τὸν
3468 4709 3697 4781 Ἰησοῦν,

2121 4806 2196 4870 ὼς
2240 4805 2410 4858 ταῦτα
2436 4805 2586 4858 οὐδὲν
2631 4803 2771 4857 θεῖον
2796 4803 2928 4874 ἔχει,
2967 4803 3101 4857 ἀλλά
3136 4804 3388 4874 πονηρῶν
3417 4805 3560 4856 ἐστιν
3601 4802 3699 4872 ἐρ-

2119 4913 2223 4964 γα·
2271 4916 2288 4947 ι
2322 4895 2557 4966 ὁμογενῆ
2583 4895 2690 4966 γὰρ
2722 4895 2864 4948 αὺτά
2888 4894 3186 4966 πεποίηκεν
3238 4895 3519 4966 ἑτερογενῆ
3563 4910 3698 4961 τυγ-

2119 4989 2367 5058 χάνοντα.
2401 4987 2510 5040 Καὶ
2538 4986 2725 5059 ὥσπερ
2765 4986 2927 5050 λύκος
2966 4989 3089 5040 κυνὶ
3137 4987 3236 5057 οὐχ
3267 4986 3547 5057 ὁμογενὴς,
3584 4984 3697 5037 κᾶν

2118 5080 2246 5152 δοκῇ
2269 5080 2413 5151 ἔχειν
2443 5097 2495 5133 τι
2538 5079 2912 5151 παραπλήσιον
2943 5080 2999 5132 ἐν
3034 5079 3111 5149 τῷ
3154 5078 3248 5132 τοῦ
3290 5079 3531 5149 σώματος
3557 5077 3695 5147 σχή-

2124 5188 2251 5241 ματι
2280 5172 2372 5223 καὶ
2403 5173 2468 5241 τῇ
2502 5173 2673 5240 φωνῇ,
2704 5169 2825 5222 οὐδὲ
2849 5168 3031 5235 φάσσα
3057 5171 3122 5239 τῇ
3155 5168 3480 5241 περιστερᾷ·
3513 5163 3693 5228 οὕτως

526 5287 572 5317 τ’
609 5283 657 5339 ll
677 5284 866 5341 Thess.
895 5300 955 5350 ιι,
984 5284 1037 5337 5.
1114 5284 1159 5315 ⁸ο
1190 5283 1325 5338 lbid.
1360 5284 1392 5339 6
1421 5299 1573 5353 seqq.
1607 5284 1649 5314 ⁸¹
1688 5282 1827 5337 Ibid.
1857 5281 1946 5349 lo,
1982 5280 2028 5334 ll

2144 5280 2188 5312 ⁸³
2218 5279 2351 5333 Dan.
2400 5296 2500 5348 vn,
2540 5278 2632 5335 26.
2666 5280 2711 5312 ⁸³
2739 5280 2907 5334 Exod.
2956 5295 3052 5344 vn,
3089 5278 3177 5332 12.

512 5422 624 5493 (52)
655 5420 1055 5493 Omnes‘mssq
1103 5420 1345 5491 ἀνομίας.
1399 5420 1703 5493 Spencerns
1741 5420 1792 5473 in
1843 5429 2011 5493 textu,

440 5489 731 5563 ἁμαρτίας.
763 5489 929 5563 Paulo
954 5500 1072 5563 post
1113 5489 1490 5563 omnesmssn
1528 5490 1816 5563 λεγόμενον
1860 5490 2010 5563 Θεόν.

438 5559 592 5643 ιτίυιξ.
619 5561 1141 5643 ειηιιεὶλλεγόμενον
1226 5559 1578 5643 ΘεόνλΡιιιιΙρ
1608 5559 1756 5640 infra~
1774 5562 1824 5614 in
1852 5562 2009 5616 codd.

436 5631 604 5699 Regio
628 5645 682 5686 et
708 5630 999 5685 Basileensi
1032 5630 1200 5687 deest,
1218 5635 1330 5693 τοῖς
1366 5630 1835 5683 Θεσσαλονικεῦσι.

506 5702 617 5773 (55)
643 5704 744 5755 Ὃν
770 5703 983 5773 Κύριος
1010 5705 1042 5755 ὀ
1073 5702 1216 5767 Θεὸς
1244 5701 1447 5773 ἀνελεῖ
1476 5700 1574 5766 τῷ,
1604 5708 1707 5756 etc.
1744 5700 1833 5755 Sic
1845 5710 2015 5773 Arecte

435 5769 624 5828 omnes
652 5788 781 5826 mss.
820 5783 876 5827 et
921 5771 1277 5827 Huaschelius.
1331 5772 1620 5840 Perperatn
1659 5787 1788 5825 vero
1840 5769 2013 5839 Spen-

436 5858 593 5899 ccrus
644 5844 696 5898 in
741 5852 889 5899 textu
937 5842 1116 5912 habet,
1169 5842 1226 5897 ὃν
1274 5841 1476 5913 Κύριος
1532 5840 1833 5911 ἀναλώσει,
1885 5842 2010 5895 ἀνε-

2110 5416 2192 5469 λεῖ
2222 5415 2318 5480 τῷ,
2350 5426 2453 5469 etc.

2181 5469 2675 5558 (54)]1ιιεεοιιειῇιιε
2704 5494 2759 5541 et
2782 5501 2971 5541 omnes
2997 5502 3153 5552 mss.,
3185 5487 3416 5557 πέμπει.
3449 5485 3681 5558 Spence:

2102 5553 2225 5622 sus,
2258 5553 2483 5627 πέμψει.
2526 5556 2669 5609 Infra
2718 5558 2877 5611 codd.
2924 5558 3121 5625 Regius
3162 5568 3215 5611 et
3258 5553 3592 5617 Basileensis,
3640 5553 3680 5678 ῃ

2109 5628 2217 5678 τῶν
2253 5628 2310 5678 ἐν
2339 5626 2417 5678 τῶ
2448 5626 2770 5678 Ἀποστόλω.
2810 5626 2977 5678 Paulo
3036 5638 3154 5678 nost
3198 5628 3330 5678 libb.
3371 5626 3557 5678 excusi
3597 5640 3630 5676 ξι

2109 5628 2217 5680 τῶν
2253 5628 2310 5679 ἐν
2338 5626 2417 5697 τῷ
2448 5626 2770 5697 Ἀποστόλῳ.
2810 5626 2977 5680 Paulo
3036 5638 3154 5695 post
3198 5628 3330 5682 libb.
3371 5626 3557 5681 excusi
3597 5640 3630 5676 ιι

2110 5696 2428 5769 marginem,
2455 5696 2966 5769 προαγορευομένης
2995 5697 3134 5750 κατά
3158 5698 3250 5750 τὸν
3285 5698 3501 5769 τρόπον.

2111 5714 2428 5766 margmcm,
2455 5714 2966 5819 προαγορευιίμενης
2995 5714 3134 5778 κατα
3158 5714 3250 5750 τον
3285 5714 3522 5777 τροπον..
3632 5764 3644 5775 .

2111 5837 2124 5849 .
2178 5766 2484 5890 (ὅὸἐροιω.
2526 5768 2745 5839 Regius,
2825 5769 3104 5824 aStlcenSIS
3137 5782 3191 5824 et
3229 5768 3335 5825 duo
3368 5766 3678 5838 Anglicani,

2297 5855 2402 5890 (DV;

2108 5851 2133 5889 ε
2142 5851 2402 5891 παοιοων.-
