3902 6414
239 379 321 436 επ
1445 365 1722 425 CONTRA
1752 363 2030 423 CELSUM
2062 364 2188 420 LIB.
2229 363 2294 419 ll.

3354 364 3456 419 873

239 493 363 547 οὐδὲν
394 491 581 561 ὅμοιον
623 487 736 560 ἔχει
769 489 828 542 τὸ
861 487 1084 557 δυνάμει
1107 485 1240 539 Θεοῦ
1267 484 1679 555 ἐπιτελούμενω
1712 481 1790 552 τῷ

1904 481 2159 547 leantur;
2205 481 2442 552 ita'qum
2481 479 2661 535 divina
2708 487 2948 550 potestas
2980 476 3163 544 edicit,
3218 493 3282 535 ea
3333 490 3460 533 sunt

239 584 485 655 γινομένῳ
515 583 625 636 ἀπὸ
656 582 923 653 γοητείας.
959 582 1080 634 Ἔτι
1107 579 1164 633 δέ
1196 577 1484 632 καὶταῦτα
1517 577 1656 649 πρὸς
1689 576 1789 638 τὰς

239 677 417 731 Κέλσου
447 675 786 745 κακουργίας
813 673 1044 745 ἐροῦμεν
1063 689 1076 702 ’
1103 669 1248 743 ’Ἄρα
1271 670 1527 740 δυνάμεις
1552 669 1789 736 γίνονται

239 769 316 839 μὲν
344 768 483 821 κατὰ
515 766 768 837 γοητείαν
819 765 927 818 ἀπὸ
961 763 1209 834 πονηρῶν
1247 763 1531 833 δαιμόνων,
1568 761 1790 830 οὐδεμία

235 859 280 911 δὲ
301 858 520 928 δύναμις
560 857 885 911 ἐπιτελεῖται
930 855 1038 909 άπὸ
1080 857 1176 926 τῆς
1206 855 1353 918 θείας
1390 856 1482 908 καὶ
1518 853 1790 924 μακαρίας

237 953 447 1019 φύσεως,
483 950 608 1006 ἀλλ’,
634 951 664 1002 ὁ
703 948 816 1019 βίος
855 948 964 1001 τῶν
1007 947 1307 1019 ἀνθρώπιον
1345 947 1541 1017 ἤνεγκε
1581 945 1678 1016 μὲν
1721 943 1790 996 τά

238 1043 450 1113 χείρονα,
498 1040 755 1110 οὐδαμῶς
805 1040 851 1092 δ’
882 1038 1128 1111 ἐχώρησε
1172 1037 1243 1091 τά
1296 1037 1616 1109 κρείττονα;
1679 1036 1790 1089 Καὶ

237 1134 366 1187 τοῦτο
383 1133 441 1186 δὲ
471 1132 621 1185 δοκεῖ
647 1149 736 1202 μοι
765 1130 954 1202 ῶσπερ
987 1131 1078 1184 ἐπὶ
1104 1130 1319 1184 πάντων
1342 1129 1450 1181 δεῖν
1479 1127 1588 1198 (56)
1614 1144 1791 1196 παρα-

236 1226 435 1288 τιθέναι,
480 1226 565 1278 ὃτι
618 1225 756 1276 ὅπου
809 1240 862 1275 τι
906 1225 1085 1292 χεῖρον
1139 1207 1600 1293 προσποιούμενον
1653 1215 1791 1272 εἶναι

236 1316 468 1386 ὁμογενὲς
494 1314 574 1384 τῷ
595 1313 884 1385 κρείττονι,
934 1315 1050 1365 ἐκεῖ
1083 1313 1298 1374 πάντως
1332 1313 1396 1364 ἐκ
1427 1310 1520 1364 τοῦ
1550 1310 1790 1364 ἐναντίου

237 1406 331 1458 ἐστί
367 1423 418 1457 τι
459 1406 740 1474 κρεῖττον·
770 1401 912 1454 οὕτω
955 1402 1048 1454 καὶ
1081 1400 1174 1453 ἐπὶ
1210 1399 1316 1453 τῶν
1351 1398 1493 1452 κατὰ
1539 1397 1791 1468 γοητείαν

238 1494 622 1556 ἐπιτελούντων,
673 1494 757 1544 ὅτι
815 1491 1030 1552 πάντως
1051 1524 1054 1528 -
1077 1489 1288 1558 ἀνάγκη
1349 1483 1486 1540 εἶναι
1529 1487 1633 1557 καὶ
1684 1485 1792 1538 ἀπὸ

239 1589 361 1651 θείας
392 1585 672 1657 ἐνεργείας
705 1585 763 1635 ἐν
787 1583 864 1654 τῷ
911 1583 1012 1652 βίῳ
1037 1580 1318 1651 γινόμενα.
1348 1579 1459 1631 Καὶ
1495 1576 1588 1630 τοῦ
1627 1577 1789 1630 αὐτοῦ

237 1678 360 1730 ἐστιν
403 1677 462 1740 ἐξ
496 1673 817 1735 ἀκολουθίας
853 1675 968 1745 ἤτοι
998 1671 1280 1741 ἀμφότερα
1312 1669 1550 1739 ἀναιρεῖν
1581 1669 1674 1720 καὶ
1700 1667 1793 1720 λέον

239 1786 333 1836 γειν
363 1767 655 1839 μηδέτερον
701 1763 965 1832 γίνεσθαι,
1015 1761 1071 1831 ἢ,
1096 1759 1310 1813 τιθέντα
1357 1758 1417 1810 τὸ
1468 1757 1654 1827 ἕτερον
1697 1756 1790 1809 καὶ

243 1829 448 1933 μάλιστα
487 1829 792 1928 τὸ’χεῖρον,
823 1829 1102 1926 ὁμολογεῖν
1133 1853 1226 1906 καὶ
1259 1851 1388 1920 περὶ
1421 1849 1516 1903 τοῦ
1542 1849 1787 1921 κρείττο-
1819 1829 1864 1884 Β

242 1973 331 2018 νος.
355 1954 414 2006 Ei
447 1951 505 2004 δέ
553 1966 636 2012 τις
664 1947 838 2016 τιθείη
880 1946 976 2016 μὲν
1003 1944 1072 1997 τά
1109 1943 1218 1997 ἀπὸ
1241 1942 1496 2012 γοητείας
1523 1941 1788 2010 γίνεσθαι,

245 2047 306 2116 μὴ
324 2043 489 2112 τιθείη
512 2043 571 2095 δὲ
603 2040 675 2094 τὰ
701 2039 808 2094 ἀπὸ
837 2037 986 2100 θείας
1023 2036 1304 2106 δυνάμεως
1323 2051 1336 2064 ·
1381 2035 1528 2087 δοκεῖ
1557 2051 1646 2104 μοι
1689 2051 1793 2088 πα-

244 2137 513 2209 ραπλήσιος
537 2131 678 2186 εἶναι
709 2133 788 2202 τῷ
817 2131 1021 2184 τιθέναι
1059 2127 1179 2198 μὲν,
1219 2127 1302 2179 ὅτι
1347 2125 1452 2177 εἰσὶ
1481 2125 1792 2195 σοφίσματα

244 2231 319 2283 καὶ
358 2229 502 2297 λόγοι
562 2225 803 2288 πιθανοὶ,
845 2219 1312 2290 ἀποτυγχάνοντες
1363 2218 1464 2288 τῆς
1514 2216 1790 2287 ἀληθείας,

246 2319 675 2392 προσποιούμενοι
725 2313 933 2384 τάληθῆ
996 2309 1370 2382 παριστάνειν,
1443 2305 1678 2378 οὐδαμοῦ
1737 2305 1792 2358 δέ

246 2414 354 2483 παρ’
386 2409 691 2480 ἀνθρώποις
729 2405 977 2477 ἀλήθεια,
1039 2403 1136 2455 καὶ
1190 2399 1501 2467 διαλεκτικὴ
1541 2396 1795 2467 ἀλλοτρία

249 2503 570 2574 σοφισμάτων
611 2498 973 2552 πολιτεύεται.
1006 2497 1070 2548 Εἰ
1103 2496 1144 2548 δ’
1182 2492 1328 2557 ἆπαξ
1360 2487 1790 2561 παραδεξόμεθα,

248 2595 504 2648 ἀκόλουθον
537 2588 676 2645 εἶναι
709 2589 787 2658 τῷ
813 2587 1104 2642 ύποστάτιν
1131 2587 1238 2656 (57)
1274 2581 1408 2637 εἶναι
1439 2582 1668 2654 μαγείαν
1701 2579 1794 2632 καὶ

250 2688 489 2759 γοητείαν,
527 2683 926 2756 ἐνεργουμένην
955 2679 1060 2733 ὑπὸ
1093 2677 1340 2750 πονηρῶν
1378 2675 1668 2746 δαιμόνων,
1697 2687 1796 2725 κα-

251 2777 550 2846 τακηλήσεσι
596 2772 911 2844 περιέργοις
955 2765 1311 2837 θελγομένων,
1361 2765 1456 2817 καλ⁸
1483 2760 1792 2832 ἀνθρώποις

253 2869 410 2939 γόησιν
451 2866 856 2929 ὑπακουόντων,
908 2863 970 2915 τὸ
1017 2862 1111 2914 καὶ
1159 2859 1264 2913 ﬁrm
1310 2857 1460 2919 θείας
1516 2855 1797 2924 δυνάμεως

252 2962 342 3014 δεῖν
366 2957 709 3032 εὑρίσκεσθαι
741 2959 798 3008 ἐν
837 2951 1141 3024 ἀνθρώποις
1163 2967 1176 2980 ο
1205 2949 1291 3002 διὰ
1320 2948 1372 3000 τί
1414 2947 1534 3017 οὐχὶ
1581 2945 1674 2998 καὶ
1707 2943 1796 3014 βε-

256 3052 631 3122 εασανισμένως
678 3049 807 3110 τοὺς
858 3042 1353 3114 ἐπαγγελλομένους
1399 3041 1498 3103 τὰς
1546 3038 1798 3108 δυνάμεις

257 3138 545 3210 ἐξετάσομεν
572 3138 681 3192 ἀπὸ
712 3135 806 3188 τοῦ
835 3134 946 3204 βίου
973 3133 1066 3186 καὶ
1091 3131 1183 3185 τοῦ
1209 3132 1370 3203 ἤθους
1395 3131 1488 3184 καὶ
1527 3129 1633 3182 τῶν
1661 3131 1796 3180 ἐπα-

260 3231 616 3285 κολουθούντων
670 3231 792 3291 ταῖς
839 3226 1148 3296 δυνάμεσιν,
1180 3226 1297 3296 ήτοι
1343 3226 1422 3286 είς
1457 3223 1660 3294 βλάϐην
1690 3223 1796 3277 τῶν

259 3317 583 3388 ἀνθρὼπωνῆ
627 3316 708 3378 εἰς
761 3311 907 3383 ὴθῶν
945 3311 1345 3382 ὲπανόρθωσιν;
1396 3311 1480 3372 τίς
1527 3311 1643 3379 μὲν,
1687 3309 1800 3364 δαί-

262 3429 365 3480 μοσι
384 3411 814 3481 διακονούμενος,
853 3406 942 3460 διά
995 3422 1154 3458 τινων
1184 3403 1405 3474 ἐπῳδῶν
1450 3405 1544 3457 καὶ
1593 3419 1802 3474 μαγγα-

261 3506 392 3559 νειῶν
431 3506 498 3558 τὰ
531 3503 761 3557 τοιαῦτα
793 3505 970 3567 ποιεῖ;
1000 3501 1084 3564 τίς
1110 3499 1154 3552 δ’
1189 3499 1246 3550 ἐν
1281 3496 1432 3568 χώρᾳ
1464 3496 1677 3567 καθαρᾷ
1710 3497 1803 3550 καὶ

259 3595 369 3666 ἁγίᾳ
418 3597 706 3666 γενόμενος
761 3591 904 3646 κατὰ
969 3591 1068 3661 τὴν
1120 3589 1297 3659 ψυχὴν
1351 3588 1542 3642 ἑαυτοῦ
1601 3589 1692 3641 καὶ
1743 3587 1805 3639 τὸ

260 3687 464 3759 πνεῦμα,
492 3684 646 3758 οἶμαι
679 3686 737 3738 δὲ
761 3685 857 3737 καὶ
881 3683 940 3736 τὸ
967 3683 1126 3753 σῶμα
1156 3681 1233 3752 τῷ
1259 3679 1378 3750 Θεῴ
1412 3679 1542 3750 (58),
1574 3679 1807 3750 παραδε-

262 3776 458 3849 ξάμενος
504 3779 646 3832 θεῖόν
675 3794 731 3829 τι
770 3773 1009 3844 πνεῦμα,
1045 3772 1115 3825 τὰ
1156 3771 1376 3825 τοιαῦτα
1421 3773 1499 3834 εἰς
1544 3769 1808 3838 ὠφέλειαν

261 3871 525 3942 ἀνθρώπιον
575 3871 672 3924 καὶ
729 3865 1045 3939 προτροπὴν
1107 3864 1203 3935 τὴν
1253 3864 1345 3917 ἐπὶ
1415 3861 1475 3914 τὸ
1531 3862 1808 3914 πιστεύειν

261 3961 359 4034 Θεῷ
379 3961 604 4033 ἀληθινῷ
629 3959 861 4032 πράττει
885 3973 900 4020 ;
926 3956 990 4008 Εἰ
1027 3955 1070 4007 δ’
1107 3952 1251 4019 ἅπαξ
1281 3953 1462 4021 ζητεῖν
1487 3952 1566 4004 δεῖ
1586 3952 1659 4022 μὴ
1687 3968 1810 4004 συν-

262 4055 604 4126 αρπαζόμενον
645 4052 754 4105 ὑπὸ
796 4051 905 4104 τῶν
933 4049 1234 4118 δυνάμεων,
1268 4047 1352 4109 τίς
1388 4046 1483 4116 μὲν
1508 4044 1614 4097 άπὸ
1639 4044 1815 4115 κρείτ-

262 4163 410 4212 τονος,
431 4149 513 4211 τίς
541 4147 599 4200 δὲ
629 4144 740 4200 ἀπὸ
780 4143 1022 4215 χείρονος
1059 4139 1127 4194 τὰ
1174 4137 1397 4192 τοιαῦτα
1439 4137 1693 4204 ἐπιτελεῖ,
1727 4136 1813 4188 ἵνα

263 4239 290 4308 ἦ
329 4240 394 4312 μὴ
432 4243 606 4296 πάντα
655 4235 1073 4305 κακολογῶμεν,
1131 4233 1164 4303 ἢ
1212 4231 1286 4302 μὴ
1335 4231 1512 4283 πάντα
1574 4228 1648 4292 ὡς
1697 4226 1815 4280 θεῖα

265 4330 598 4404 θαυμάζωμεν
631 4331 729 4385 καὶ
756 4324 1174 4397 ἀποδεχώμεθαο
1234 4321 1350 4385 πῶς
1383 4321 1502 4391 οὐχὶ
1543 4320 1815 4390 προφανὲς

267 4425 351 4493 μὲν
386 4427 526 4480 ἔσται
548 4428 613 4480 ἐκ
640 4423 752 4477 τῶν
784 4419 1105 4491 συμϐάντων
1140 4414 1232 4468 ἐπὶ
1269 4412 1547 4476 Μωῦσέως
1585 4411 1679 4464 καὶ
1722 4409 1815 4462 ἐπὶ

1892 571 2221 640 huiusmodi,
2273 581 2333 626 ut
2382 585 2503 625 cum
2557 570 2664 624 illis
2719 570 3180 640 prmstigiatorum
3222 570 3456 624 artificia

1891 664 2193 734 comparari
2230 671 2521 733 nequeant.
2557 661 2823 717 Praeterea
2861 662 2976 716 hmc
3001 662 3166 716 etiam
3199 661 3461 715 adversus

1893 754 2071 810 vafras
2102 755 2243 810 Celsi
2274 756 2516 824 argutias
2552 755 2794 809 dicemus
2829 767 2849 807 :
2885 768 2954 808 an
3007 753 3132 808 mali
3184 753 3463 807 daemones

1892 848 2182 917 prazstigiis
2205 862 2292 902 res
2328 849 2496 902 miras
2523 847 2881 916 iusolilasque
2923 846 3147 910 faciunt,
3183 854 3238 900 ct
3278 844 3462 898 divina

1894 939 2159 1008 beataque
2184 947 2376 992 natura
2409 938 2614 997 nullum
2652 937 3081 1008 poteritefﬁcere
3100 937 3420 991 miraculum
3439 936 3464 988 ?

1891 1029 2012 1084 Vita
2036 1028 2315 1082 hominum
2356 1027 2642 1082 infestatur
2680 1029 2854 1094 malis,
2903 1036 2958 1082 et
2989 1029 3126 1082 bona
3161 1043 3266 1081 non
3303 1043 3461 1082 acce-

1892 1120 2006 1190 pit?
2033 1119 2210 1186 Atque
2251 1117 2305 1172 id
2338 1118 2404 1171 de
2429 1118 2684 1172 omnibus
2716 1117 2928 1170 videtur
2967 1116 3072 1169 diri
3109 1114 3330 1179 debere,
3369 1115 3461 1168 ubi

1891 1208 2022 1278 quid
2052 1207 2252 1261 malum
2289 1215 2375 1261 est
2405 1206 2531 1260 boni
2565 1207 2805 1260 fucatum
2841 1205 3218 1269 similitudine,
3259 1205 3335 1259 ibi
3366 1221 3463 1259 ne-

1890 1297 2133 1352 cessario
2158 1297 2358 1350 bonum
2389 1309 2509 1349 esse
2542 1295 2684 1349 malo
2715 1296 3069 1350 contrarium.
3100 1297 3192 1350 Sic
3217 1312 3338 1350 cum
3365 1313 3465 1366 per

1891 1387 2196 1457 praestigias
2245 1387 2424 1454 aliqua
2471 1386 2625 1451 fiant,
2664 1387 2843 1442 divina
2891 1387 3093 1442 virtute
3120 1387 3300 1457 aliqua
3346 1389 3464 1444 fieri

1892 1480 1944 1532 in
1975 1479 2089 1532 vita
2125 1491 2350 1532 necesse
2395 1485 2498 1530 est.
2528 1476 2772 1530 Alterqu
2827 1492 2894 1531 ex
2951 1477 3120 1532 altero
3166 1479 3407 1546 sequitur
3444 1492 3462 1530 :

1891 1570 2117 1636 proinde
2143 1580 2236 1623 aut
2268 1578 2558 1636 utrumque
2601 1568 2897 1623 tollendum
2930 1579 3015 1625 est
3051 1569 3467 1640 negandumque

1889 1665 2028 1718 bona
2050 1670 2103 1716 et
2124 1663 2266 1715 mala
2315 1674 2469 1726 esse;
2507 1669 2603 1714 aut
2643 1661 2883 1715 admisso
2919 1661 3090 1716 altero
3125 1662 3468 1730 maximeque

1892 1753 2058 1818 malo,
2093 1754 2296 1808 bonum
2339 1767 2556 1822 quoque
2618 1752 2914 1807 admissum
2963 1761 3197 1819 oportet.
3250 1755 3308 1808 Si
3344 1754 3467 1822 quis

1893 1853 2071 1896 autem
2105 1849 2269 1912 ponat
2296 1843 2538 1910 quaedam
2562 1856 2658 1911 per
2685 1841 2990 1910 praestigias
3011 1841 3172 1907 effici,
3203 1841 3257 1897 id
3288 1855 3468 1898 autem

1893 1936 1958 1988 de
1979 1933 2163 1987 divina
2195 1941 2463 2002 potestate
2518 1933 2838 2004 negaverit,
2887 1933 2933 1987 is
2977 1933 3108 1986 mihi
3149 1932 3361 1986 videtur
3391 1935 3469 1986 si-

1893 2025 2034 2079 milis
2055 2036 2176 2079 esse
2213 2024 2314 2087 illi,
2339 2023 2504 2096 426
2535 2025 2630 2093 qui
2665 2024 3102 2080 concedensesse
3130 2023 3466 2092 sophismata

1893 2115 2244 2182 rationesque
2288 2113 2622 2184 probabiles,
2657 2129 2796 2183 quae,
2859 2114 3072 2168 tametsi
3126 2114 3357 2168 veritate
3383 2127 3472 2166 va-

1893 2223 2030 2272 cum,
2053 2205 2301 2261 veritatis
2333 2214 2514 2260 tamen
2557 2206 2791 2272 speciem
2812 2221 2922 2276 pra:
2953 2221 3012 2262 se
3046 2205 3242 2270 ferant,
3272 2205 3470 2258 nullam

1892 2299 2035 2366 apud
2080 2297 2332 2352 homines
2363 2296 2651 2351 veritatem
2684 2311 2806 2352 esse
2834 2298 3208 2363 contenderet,
3241 2296 3473 2350 nullama

1893 2405 2003 2457 que
2036 2387 2396 2462 dialecticam,
2430 2402 2552 2456 quae
2581 2387 2932 2456 scphismatis
2962 2389 3274 2443 abhorreat.
3319 2388 3471 2454 Quod

1894 2485 1965 2548 si,
2033 2481 2162 2549 quia
2211 2494 2491 2550 magorum
2537 2493 2591 2535 et
2645 2481 3106 2549 praestigiatorum
3178 2489 3326 2535 artes
3373 2480 3474 2534 ali-

1894 2574 2026 2644 quid
2053 2571 2286 2627 eﬂiciunt
2332 2585 2434 2648 ope
2486 2571 2752 2625 malorum
2787 2571 3112 2638 daemonum,
3146 2573 3237 2642 qui
3288 2574 3471 2626 curio-
3552 2591 3558 2597 ·

1896 2671 1973 2725 sis
2005 2667 2466 2724 incantationibus
2509 2664 2720 2719 deliniti
2772 2663 3088 2720 hominibus
3159 2665 3280 2720 illas
3329 2674 3476 2718 artes

1897 2760 2279 2832 profitentibus
2328 2769 2537 2812 morem
2579 2765 2798 2827 gerunt,
2867 2757 3068 2811 idcirco
3095 2755 3332 2809 divinam
3368 2755 3477 2808 vir-

1899 2862 2068 2907 tutem
2112 2851 2256 2905 inter
2288 2847 2535 2902 homines
2584 2847 2786 2916 aliquid
2848 2847 3060 2915 operari
3107 2845 3473 2900 confitendum

1900 2956 2018 3003 cst:
2057 2960 2155 3000 cur
2187 2958 2293 2998 non
2329 2955 2544 3007 eorum,
2575 2939 2666 3009 qui
2697 2939 2957 2993 miracula
3001 2938 3353 3008 pollicentur,
3390 2937 3476 2990 vi-

1902 3046 2034 3100 tam,
2064 3049 2245 3088 mores
2275 3032 2492 3101 aliaque
2520 3045 2587 3084 ex
2628 3029 2904 3083 miraculis
2930 3029 3345 3098 consequentia,
3388 3041 3478 3081 ac-

1902 3139 2089 3188 curate
2115 3126 2536 3199 pensitabimus,
2573 3121 2878 3178 afferantne
2911 3120 3210 3191 perniciem
3247 3119 3482 3175 homini-

1902 3227 2023 3289 bus,
2053 3239 2120 3276 an
2153 3221 2220 3291 ad
2245 3203 2598 3288 corrigendos
2640 3229 2820 3270 mores
2855 3214 3174 3279 conferant;
3212 3211 3335 3282 quis
3366 3211 3480 3265 da)”

1905 3317 2160 3372 monibus
2190 3326 2412 3382 operam
2444 3323 2655 3362 navans
2689 3323 2786 3376 per
2815 3306 3214 3360 incantationes
3251 3317 3481 3357 arcana-

1903 3424 2010 3479 que
2041 3407 2252 3477 magica
2285 3410 2467 3472 patret
2497 3399 2799 3465 miracula;
2836 3397 2959 3466 quis
2991 3406 3184 3451 contra
3220 3394 3479 3450 sanctiori

1906 3503 1958 3557 in
1998 3501 2118 3555 loco
2137 3513 2202 3553 ac
2229 3510 2365 3566 puro
2397 3495 2725 3556 consistens,
2768 3491 3054 3560 animaque
3080 3496 3136 3541 et
3163 3487 3379 3556 spiritu,
3407 3494 3482 3549 et,

1905 3597 2119 3663 Opinor,
2155 3603 2380 3658 corpore
2429 3587 2668 3642 divinum
2725 3582 2998 3650 accipiens
3050 3579 3302 3649 spiritum
3333 3577 3484 3644 ejus-

1907 3683 2055 3740 modi
2101 3681 2226 3735 edat
2270 3679 2532 3749 prodigia,
2582 3686 2636 3732 et
2689 3675 2940 3730 utilitatis
2982 3671 3263 3726 hominum
3297 3683 3484 3732 causa,

1907 3783 1961 3829 et
1987 3781 2045 3828 ut
2087 3773 2156 3827 ad
2197 3771 2530 3827 credendum
2563 3782 2691 3824 vero
2742 3767 2849 3822 Deo
2882 3765 3095 3818 animos
3150 3760 3486 3816 inﬂammet?

1907 3864 2026 3920 Jam
2073 3865 2142 3927 si,
2174 3863 2351 3934 posita
2386 3862 2532 3919 omni
2562 3861 2630 3914 de
2662 3855 2942 3912 miraculis
2973 3853 3332 3923 praeiudicata
3367 3851 3485 3921 Opi-

1910 3959 2094 4020 nione,
2128 3956 2298 4024 quani
2337 3962 2554 4024 oportet
2597 3952 2812 4007 bonone
2841 3965 2911 4003 an
2938 3947 3078 4002 malo
3109 3944 3340 4000 consilio
3367 3944 3488 4012 quis

1915 4050 2008 4104 illa
2040 4047 2255 4112 fecerit,
2289 4056 2348 4101 ut
2371 4061 2438 4101 ne
2463 4053 2556 4100 aut
2595 4043 2779 4098 omnia
2822 4041 3215 4109 vituperemus,
3249 4044 3345 4089 aut
3371 4050 3491 4089 om-

1914 4141 2003 4195 nia
2061 4149 2324 4208 tanquam
2372 4136 2554 4192 divina
2615 4134 2948 4188 admiremur
2993 4138 3046 4182 et
3091 4126 3487 4180 admittamus:

1915 4245 2092 4285 annon
2128 4229 2470 4298 perspicuum
2512 4233 2598 4278 est
2622 4240 2686 4279 ex
2715 4222 2918 4292 Moysis
2948 4218 3184 4286 Jesuque
3214 4213 3492 4269 miraculis

1915 4320 2110 4389 quibus
2142 4320 2366 4386 integrae
2395 4325 2584 4386 gentes
2634 4312 2944 4366 conStitutaa
2983 4316 3130 4372 sunt,
3169 4319 3265 4360 eos
3308 4303 3489 4358 divina

1919 4417 2191 4480 potestate
2209 4408 2432 4480 fecisse,
2463 4417 2582 4473 qua:
2609 4402 2677 4456 ab
2700 4402 2806 4456 illis
2839 4401 2978 4455 facta
3003 4398 3168 4452 fuisse
3196 4394 3493 4462 Scripturae

273 4516 445 4588 Ἰησοῦ,
475 4518 640 4573 ἐθνῶν
681 4515 820 4569 ὅλων
857 4509 1166 4564 συστάντων
1207 4505 1345 4574 μετὰ
1371 4504 1438 4558 τὰ
1467 4506 1666 4576 σημεῖα
1712 4502 1800 4553 αύ-

1922 4499 2192 4558 uarrant?
2243 4496 2430 4566 Neque
2488 4494 2632 4549 enim
2689 4493 2846 4545 malis
2885 4490 3094 4544 artibus
3159 4485 3492 4555 magicisque

264 4610 375 4676 τῶν,
401 4614 475 4665 ὅτι
500 4611 619 4683 θείᾳ
643 4607 876 4678 δυνάμει
902 4605 1268 4672 πεποιήκασιν
1293 4591 1461 4660 οὗτοι,
1500 4597 1642 4667 άπερ
1685 4595 1818 4647 ἀνα-

265 4703 540 4777 γέγραπται
562 4703 766 4764 αὐτοὺς
793 4695 1155 4767 πεποιηκέναι
1177 4709 1192 4757 ;
1219 4694 1330 4745 Οὐκ
1356 4690 1420 4744 ἂν
1453 4689 1562 4760 γὰρ
1583 4683 1814 4758 πονηρία

265 4795 347 4847 καὶ
404 4794 694 4867 μαγγανεία
735 4792 856 4846 ὅλον
893 4789 1042 4851 ἔθνος
1099 4785 1427 4854 συνέστησαν
1473 4781 1602 4850 (59),
1649 4779 1817 4848 ὑπερ-

264 4883 354 4938 ϐὰν
402 4888 490 4957 μὲν
531 4888 590 4940 ού
629 4885 794 4957 μόνον
846 4881 1134 4950 ἀγάλματα
1185 4877 1278 4931 καὶ
1353 4873 1422 4928 τὰ
1464 4873 1554 4925 ὑπ’
1600 4867 1812 4941 ἀνθρώ-

267 4993 368 5031 πων
396 4981 660 5053 ἱδρυμένα,
703 4975 841 5032 ἀλλὰ
885 4974 979 5028 καὶ
1007 4972 1187 5024 πᾶσαν
1216 4965 1451 5037 γενητὴν
1482 4964 1662 5035 φύσιν,
1693 4963 1817 5015 ἀνα-

1919 4591 2212 4667 przestigiis
2239 4589 2535 4645 constituta
2567 4585 2758 4639 fuisset
2803 4597 2933 4653 gens
2974 4589 3108 4642 tota,
3155 4591 3274 4646 qua:
3301 4577 3494 4644 despe-

1919 4689 2022 4743 ctis
2045 4699 2150 4739 non
2180 4682 2352 4737 solutn
2379 4677 2689 4735 simulacris
2721 4675 2978 4740 falsisque
3019 4669 3334 4724 numinibus
3371 4681 3492 4734 quae
3531 4721 3540 4736 _

1927 4776 2124 4846 reliqui
2149 4771 2400 4828 homines
2431 4766 2706 4831 colebant,
2731 4765 2822 4820 sed
2858 4762 3024 4817 etiam
3048 4759 3208 4812 rebus
3239 4754 3492 4811 omnibus

1925 4844 2143 4932 creatis,
2185 4863 2252 4919 ad
2279 4862 2445 4917 Deum
2479 4872 2659 4914 rerum
2690 4851 2930 4909 omnium
2976 4847 3328 4922 principium,
3350 4844 3497 4916 prin-

1926 4961 2068 5030 cipio
2096 4966 2371 5016 carentem
2395 4954 2573 5024 ipsum
2601 4946 2858 5017 assurgit.

266 5071 424 5126 ϐαῖνον
470 5075 524 5127 δὲ
576 5073 716 5146 πρὸς
766 5067 866 5139 τὴν
897 5066 1156 5136 ἀγένητον
1207 5060 1298 5114 τοῦ
1355 5059 1490 5112 Θεοῦ
1523 5057 1630 5111 τῶν
1660 5056 1798 5109 ὅλων
1821 5053 2016 5126 ἀρχήν.

331 5207 432 5278 (56)
455 5210 541 5263 Sic
557 5221 747 5260 omnes
773 5218 904 5278 mss.
939 5200 1162 5278 rectius,
1198 5198 1618 5278 ppino:,_quant
1648 5192 1810 5256 editi,

272 5273 320 5328 in
340 5265 534 5347 iquibus
567 5279 786 5347 legitur,
824 5275 915 5347 ea}
943 5273 1157 5347 πάντων
1189 5265 1491 5347 ὥστε-δεῖν.
1600 5333 1612 5343 _
1715 5332 1729 5347 _

336 5330 840 5421 (ἑηῦίπὸᾶτάτιὶο.
875 5343 1043 5421 _Co_dd.
1071 5341 1206 5421 ueg,
1231 5347 1287 5392 et
1317 5330 1808 5421 Basileensi’siAllAii

272 5403 762 5486 vero,'umo1a't-mv,
797 5415 898 5486 sed
944 5403 1232 5486 haudséio
1282 5421 1460 5486 annon
1512 5404 1694 5486 potius
1741 5403 1812 5454 Ie-

273 5469 719 5552 gend'umﬂsitiut'i
750 5469 981 5549 'conjicit
1009 5479 1254 5552 Guietus,
1283 5469 1584 5552 ὑπόστατον
1641 5469 1804 5552 εἶναι.

273 5541 325 5605 ῆι
356 5568 446 5619 est,
474 5541 754 5642 ὑπάρχειν,
795 5541 1062 5642 afﬁgere.
1106 5550 1194 5602 Sic
1222 5547 1546 5642 περίσσξατος
1581 5558 1611 5642 a
1651 5541 1808 5642 περί-

277 5613 475 5695 εταμαί,
509 5613 771 5689 ιπέόὲτοξ,
829 5621 1096 5683 ἐπίθετον,
1146 5613 1453 5695 etc_.‘Paulo
1482 5613 1803 5695 post'cottd.

277 5681 475 5761 Regius,
503 5681 554 5752 et
604 5681 960 5756 Basileensis,
1013 5681 1414 5758 κατακηλήσεσι
1472 5681 1805 5755 περιέργοιιςο

279 5762 1202 5845 ΑΙῇξῇκατακλησεσε’περιιέργοιίοε
1244 5837 1256 5845 _
1407 5838 1503 5845 *Α
1564 5838 1586 5845 Δ
1615 5819 1785 5845 mm:

351 5827 447 5904 ('53)
478 5837 555 5903 Τῷ
596 5827 738 5903 oeci").
790 5827 1080 5891 Abunda're
1118 5828 1354 5893 videtur,
1407 5838 1507 5881 nec
1562 5827 1815 5894 agnoscit

1920 5189 2198 5249 Gelenius,
2235 5185 2621 5250 assentior-que
2662 5178 2951 5235 Boherello
2982 5179 3084 5231 hoc
3111 5171 3336 5250 delenti.

1991 5236 2618 5332 ‘iit'ilte—rtevllusle‘éit,
2650 5250 3016 5332 ﬁovnpiqnxal.
3049 5236 3497 5332 μαγγανεία-ὅλον

1916 5310 2458 5395 ἔθνοξσύνέστησεν.
2497 5310 2565 5376 Ᾰῖ
2607 5310 3088 5395 cotlei'Juliauus,
3131 5310 3366 5395 πονηρία
3398 5310 3498 5395 ,καὶ

1919 5379 2223 5470 μαγγανεία
2249 5379 2369 5449 ὅλον
2392 5394 2541 5470 ἔθνος
2570 5394 2928 5470 συνέστησαν,
2969 5409 2982 5438 ι
3007 5397 3025 5440 ι
3067 5387 3141 5470 ξω
3184 5379 3314 5435 {ibi}.
3335 5380 3495 5470 redit'i,

1915 5449 2019 5524 uisi
2041 5449 2184 5538 quod
2217 5482 2313 5535 pro
2343 5449 2696 5532 συνέστησαν,
2723 5449 2925 5514 habent
2958 5457 3301 5562 συνέστησεν.
3335 5449 3502 5529 Paulo

1917 5550 2032 5562 ---ι
2073 5552 2252 5562 -..-......
2282 5551 2391 5562 ..ηρ
2462 5534 2528 5562 -.ι
2563 5527 3154 5562 .'._~.'....n...ft..-..mmm...
3193 5539 3253 5562 νη
3301 5530 3501 5562 νμίιιιιις

1917 5550 2040 5610 post
2059 5527 2256 5592 omnes
2282 5534 2530 5610 mss.,_1:dt
2560 5527 2977 5610 ᾁνθρῶπων
3001 5527 3278 5610 ἱδρυμένα,
3301 5527 3501 5610 rectius

1919 5589 2080 5680 quam
2107 5589 2379 5676 impressi,
2399 5589 2478 5680 si
2509 5604 2599 5656 ὑπ’
2637 5589 2815 5656 αὐτῶν
2842 5589 3136 5680 ,ἱδρυμένας
3165 5607 3301 5680 “quani
3325 5589 3498 5680 39110;

1921 5655 2780 5746 gelida"manuscriptorumMope
2823 5655 3134 5728 dcs'tit'utus'
3164 5655 3402 5731 legebat,
3433 5655 3503 5709 τά

1925 5753 2008 5805 ἐπ’
2052 5746 2227 5804 αὐτῶν
2260 5746 2373 5817 ίδρυ
2382 5745 2534 5816 μένα.
