3902 6414
420 389 526 447 879

1892 372 2213 431 ORIGENIS
3572 386 3665 442 330

504 501 592 556 ἑνὶ.
623 499 685 554 Et
724 493 975 566 quoniam
1013 488 1231 546 Judazus
1265 499 1345 544 cst
1392 490 1480 559 qui
1518 490 1633 545 hrec
1681 491 1819 559 apud
1866 491 1969 546 ρει·

2172 492 2323 547 Ἐπεὶ
2354 492 2397 546 δ’
2438 494 2685 559 Ἰουδαῖός
2734 494 2881 549 ἐστιν
2920 497 2949 550 ὁ
2981 495 3129 567 παρὰ
3156 497 3234 571 τῷ
3260 500 3455 572 Κέλσῳ
3500 502 3665 560 ταῦτα

417 612 537 651 sum
576 592 833 663 loquitur,
880 588 1007 641 libet
1039 600 1161 639 eum
1198 584 1277 637 sic
1311 582 1633 649 compellare
1668 598 1681 635 :
1716 581 1793 635 Tu
1834 598 1979 647 vero,

420 691 559 743 bone
589 686 690 749 vir,
723 697 818 737 cur
870 676 1149 738 miracula,
1204 691 1324 744 qua:
1366 690 1393 727 a
1452 674 1559 728 Deo
1606 690 1703 744 per
1748 673 1983 746 Moysem

415 778 553 833 facta
589 788 708 829 esse
750 780 851 824 tuae
884 767 1168 835 scripturae
1199 762 1467 827 referunt,
1497 762 1675 817 divina
1708 777 1826 817 esse
1865 777 1985 816 cre-

414 870 514 929 dis,
547 874 599 919 et
634 864 891 918 adversus
936 873 1051 923 eos,
1103 856 1195 924 qui
1257 855 1348 908 illa
1401 864 1455 909 et
1498 868 1781 925 magorum
1814 853 1985 924 Egy-

414 960 645 1027 ptiorum
682 950 988 1022 prmstigias
1023 947 1211 1001 eodem
1243 948 1362 999 loco
1394 953 1705 1009 numerant,
1734 944 1869 997 tueri
1903 952 1986 996 at-

412 1065 514 1119 que
542 1045 833 1101 defendere
880 1040 1121 1103 conaris,
1173 1048 1229 1092 et
1286 1036 1575 1107 Egyptios
1626 1044 1747 1090 tuos
1800 1035 1984 1090 hostes

411 1141 648 1193 imitatus
680 1133 936 1189 inﬁtiaris
966 1131 1147 1185 divina
1175 1143 1314 1189 esse,
1341 1143 1461 1197 qua:
1493 1127 1646 1181 .lcsus
1702 1127 1873 1195 tcipso
1903 1126 1985 1178 fa-

409 1241 557 1285 tente
593 1226 831 1298 patravit
868 1220 1168 1277 miracula?
1198 1220 1330 1273 Nam
1357 1220 1401 1272 si
1436 1218 1825 1273 miraculorum
1868 1220 1982 1273 exi-

408 1336 516 1391 tus,
564 1324 608 1377 si
655 1330 765 1375 tota
809 1333 941 1388 gens
974 1332 1071 1387 per
1104 1313 1366 1369 miracula
1414 1310 1612 1381 Muysis
1659 1312 1979 1375 constituta,

406 1416 686 1471 evidenter
715 1412 947 1483 probant
995 1410 1061 1463 de
1114 1406 1298 1476 Moyse
1339 1405 1507 1459 Deum
1545 1418 1641 1473 per
1672 1402 1819 1456 illum
1866 1404 1981 1458 haec

410 1510 601 1564 iecisse
682 1502 981 1567 miracula;
1047 1515 1147 1554 cur
1202 1498 1343 1551 idem
1406 1511 1511 1550 non
1586 1495 1861 1549 constabit
1916 1495 1981 1549 de

404 1600 573 1662 Jesu,
637 1597 725 1665 qui
772 1593 937 1648 multo
980 1592 1206 1660 maiora,
1256 1603 1417 1656 quam
1475 1586 1709 1657 Moyses,
1760 1585 1978 1641 effecit?

404 1692 565 1764 427
613 1690 703 1744 llle
729 1686 872 1743 enim
918 1682 1144 1755 gentiles
1179 1697 1305 1736 suos
1327 1697 1354 1733 a
1374 1682 1580 1735 semine
1600 1678 1873 1733 Abraham
1898 1693 1980 1732 or-

2088 584 2281 653 λέγων,
2319 584 2567 656 εἴποιμεν
2601 585 2667 639 ἃν
2703 586 2841 657 πρὸς
2890 588 3080 641 αὐτόν’
3114 590 3187 642 Σὺ
3212 590 3269 643 δὲ
3298 592 3385 663 δὴ,
3415 587 3461 646 ὦ
3495 589 3664 659 οὗτος,

2087 676 2138 729 τί
2184 676 2383 748 δήποτε
2432 676 2499 730 τὰ
2555 677 2655 748 μὲν
2704 678 2853 749 παρὰ
2894 680 2976 733 σοὶ
3016 682 3398 753 γεγραμμένα,
3446 684 3523 748 ὡς
3570 686 3665 739 ὑπὸ

2085 766 2220 820 Θεοῦ
2247 767 2333 819 διὰ
2369 768 2654 833 Μωῦσέως
2705 770 3138 833 ἐπιτελεσθέντα,
3185 772 3304 826 θεῖα
3338 771 3478 827 εἶναι
3511 780 3664 829 πεπί-

2089 874 2337 922 στευκας,
2368 861 2461 912 καὶ
2489 862 2683 931 πειρᾷς
2714 861 2848 932 πρὸς
2870 864 2996 925 τοὺς
3018 862 3401 929 διαϐάλλοντας
3428 867 3569 919 αὐτὰ
3594 868 3663 931 ὡς

2086 951 2225 1005 κατὰ
2254 953 2508 1021 γοητείαν
2541 954 2882 1024 γεγενημένα
2916 955 3116 1025 ὁμοίως
3144 960 3258 1020 τοῖς
3308 959 3461 1030 παρὰ
3504 963 3660 1026 Αἰγυ-

2086 1041 2255 1093 πτίων
2290 1044 2472 1109 σοφοῖς
2514 1043 2945 1112 ἐπιτελουμένοις
2984 1044 3327 1098 διαλύεσθαι’
3379 1048 3447 1100 τά
3481 1048 3539 1101 δὲ
3565 1049 3663 1102 ἀπὸ

2083 1131 2177 1182 τοῦ
2230 1131 2404 1202 Ἰησοῦ
2421 1134 2543 1214 ,καὶ
2587 1136 2738 1203 παρὰ
2791 1132 2874 1184 σο)⁵
2918 1133 3327 1205 ὁμολογούμενα
3360 1138 3659 1205 γεγονέναι,

2083 1224 2207 1285 τοὺς
2264 1223 2403 1275 κατὰ
2437 1223 2530 1276 σοῦ
2564 1224 2891 1291 Αἰγυπτίους
2943 1225 3294 1295 μιμούμενος,
3342 1232 3661 1299 κατηγορεῖς

2083 1314 2158 1377 ὡς
2204 1315 2263 1366 οὐ
2302 1314 2454 1379 Gaia;
2505 1316 2567 1367 Ei
2616 1315 2724 1386 γὰρ
2767 1314 2829 1366 τὸ
2860 1314 3031 1379 τέλος,
3086 1317 3180 1368 καὶ
3227 1318 3346 1370 ὅλον
3401 1319 3465 1371 τὸ
3516 1320 3660 1384 ἔθνος

2084 1406 2216 1474 (40),
2280 1406 2481 1459 συστὰν
2524 1407 2612 1459 διὰ
2663 1408 2771 1461 τῶν
2832 1410 2889 1463 ἐν
2944 1412 3151 1481 Μωῦσῇ
3188 1411 3510 1481 τεραστίων,
3567 1412 3659 1483 τὴν

2082 1497 2369 1566 ἐνάργειαν
2435 1496 2528 1549 τοῦ
2582 1498 2714 1550 Θεὸν
2768 1494 2906 1553 εἶναι
2970 1501 3079 1571 (41)
3138 1501 3228 1553 τὸν
3271 1500 3447 1554 ταῦτα
3511 1504 3661 1573 ποιή⁶

2084 1606 2252 1641 σαντα
2282 1589 2537 1658 γενέσθαι
2567 1590 2878 1662 συνίστησιν
2913 1593 3006 1646 ἐπί
3032 1594 3310 1657 Μωῦσέως
3329 1611 3343 1623 ·
3397 1593 3513 1656 πῶς
3544 1594 3660 1665 οὐχ),

2086 1680 2285 1749 μᾶλλον
2361 1680 2421 1733 τὸ
2481 1680 2720 1733 τοιοῦτον
2786 1683 2877 1735 ἐπὶ
2930 1682 3011 1752 τῷ
3065 1684 3236 1753 Ἰησοῦ
3282 1683 3658 1754 δειχθήσεται,

406 1778 952 1851 tos,circumcisionis
970 1777 1305 1842 aliorumque
1334 1773 1402 1826 ab
1420 1772 1695 1825 Abraham
1723 1771 1969 1827 continua

2087 1771 2271 1841 μεῖζον
2308 1773 2592 1842 ποιήσαντι
2646 1771 2797 1841 παρὰ
2840 1772 2899 1825 τὸ
2960 1774 3241 1838 Μωῦσέως
3283 1774 3476 1847 ἔργον;
3516 1775 3657 1827 ἐκεῖ-

405 1873 749 1930 successione
780 1878 1127 1937 acceptorum
1163 1868 1365 1921 rituum
1402 1865 1682 1933 religiosos
1714 1864 1975 1918 observa-

405 1978 570 2027 tores,
596 1972 755 2033 atque
786 1968 1063 2029 promptos
1089 1958 1200 2023 jam
1237 1968 1291 2011 et
1318 1965 1536 2025 paratos
1562 1962 1773 2020 nactus,
1794 1954 1977 2009 eduxit

2082 1882 2169 1927 νος
2222 1864 2319 1932 μὲν
2374 1864 2484 1934 γάρ
2522 1864 2647 1927 τοὺς
2682 1864 2790 1916 ἀπὸ
2846 1863 2941 1917 τοῦ
2996 1864 3179 1929 ἔθνους
3240 1866 3304 1919 ἐκ
3349 1865 3660 1935 σπέρματος

2093 1959 2340 2029 Ἁϐραάμ
2374 1955 2513 2009 κατὰ
2546 1957 2796 2027 διαδοχὴν
2821 1958 2921 2028 τὴν
2956 1958 3256 2029 περιτομὴν
3296 1958 3655 2027 φυλάξαντας,

403 2072 471 2110 ex
497 2054 753 2124 Egypto,
804 2051 992 2118 eisque
1037 2049 1269 2112 divinas,
1303 2055 1361 2101 ut
1397 2046 1595 2111 credis,
1628 2049 1774 2116 leges
1805 2047 1969 2115 impo-

2078 2051 2171 2103 xal.
2196 2050 2301 2101 τῶν
2332 2048 2469 2101 ἐθῶν
2501 2047 2595 2100 τοῦ
2630 2048 2881 2119 Ἀϐραὰμ
2906 2050 3229 2120 γενομένους
3256 2050 3503 2123 ζηλωτὰς
3526 2054 3659 2106 ἑτοι-

402 2147 533 2200 suit.
590 2144 687 2198 llic
725 2153 901 2197 autem
951 2140 1124 2209 majus
1150 2140 1409 2209 quiddam
1446 2154 1630 2204 ausus,
1679 2140 1969 2208 antiquatis

2082 2142 2341 2213 μοτέρους
2391 2138 2757 2212 παραλαϐὼν,
2800 2141 3066 2211 ἐξήγαγεν
3109 2142 3173 2194 ἐκ
3220 2144 3319 2214 τῆς
3359 2144 3656 2213 Αἰγύπτου,

405 2237 667 2291 institutis
709 2234 952 2305 pristinis
1009 2232 1361 2301 moribusque
1416 2232 1628 2300 patriis,
1677 2231 1729 2285 in
1777 2231 1969 2299 quibus

2078 2238 2199 2300 τοῦς
2227 2235 2422 2299 θείους,
2450 2232 2542 2297 οὓς
2568 2234 2956 2298 πεπίστευκας,
2983 2236 3415 2307 παρατιθέμενος
3436 2236 3547 2307 (42)
3571 2239 3660 2290 αὑ-

401 2339 587 2397 gcntcs
632 2328 873 2383 educata:
925 2327 1159 2391 fuerant,
1204 2323 1511 2395 reipublicae
1548 2322 1775 2377 formam
1806 2337 1972 2375 evan-

401 2420 587 2482 gelicis
660 2418 991 2488 praescriptis
1068 2426 1493 2472 consentaneum
1567 2415 1970 2484 superinduxit.

401 2512 862 2580 Quemadmodum
888 2511 1051 2581 igitur
1078 2510 1313 2581 Moyses,
1342 2519 1401 2563 ut
1423 2509 1524 2563 sibi
1559 2507 1695 2576 apud
1728 2516 1971 2562 senatum

401 2606 715 2673 plebemque
770 2601 974 2657 faceret
1040 2603 1224 2667 Iidem,
1270 2617 1403 2672 opus
1457 2602 1643 2657 habuit
1695 2601 1971 2657 miraculis

398 2712 518 2766 qua:
561 2693 850 2762 Scriptura:
880 2703 1307 2749 commemorant
1333 2712 1348 2760 ;
1376 2708 1473 2748 cur
1501 2708 1604 2747 non
1637 2690 1762 2748 Jesu
1798 2694 1964 2747 mira-

397 2788 533 2842 culis
559 2800 695 2854 opus
721 2784 835 2846 fuit,
868 2795 925 2838 ut
953 2784 1025 2837 illi
1052 2783 1212 2837 {idem
1254 2784 1575 2852 adjuugeret
1597 2784 1849 2854 populus,
1875 2785 1968 2853 qui

398 2880 549 2950 signa
591 2887 645 2933 et
675 2878 919 2954 prodigia
959 2878 1235 2948 postulare
1275 2876 1685 2932 consueverat?
1718 2876 1829 2931 lmo
1856 2892 1971 2931 ma-

393 2971 598 3037 joribus
623 2969 1111 3039 divinioribusque,
1140 2984 1302 3038 quam
1335 2984 1455 3038 qua:
1489 2968 1701 3036 Moyses
1735 2966 1967 3031 fecerat,

394 3078 528 3132 opus
558 3064 675 3129 fuit,
710 3072 766 3117 ut
796 3071 1103 3118 averterent
1132 3062 1201 3115 ab
1246 3060 1494 3115 inanibus
1532 3059 1730 3114 fabulis
1771 3060 1965 3113 imma-

2075 2332 2188 2392 τοῖς
2227 2328 2425 2397 νόμους
2448 2344 2462 2356 ·
2491 2322 2643 2390 οὗτος
2672 2326 2730 2378 δὲ
2778 2324 2962 2396 μεῖζόν
3001 2345 3053 2380 τι
3087 2329 3398 2399 τολμήσας,
3437 2330 3658 2401 ἐπεισή-

2075 2437 2211 2490 γαγε
2258 2422 2324 2490 τῇ
2372 2417 2858 2489 προκαταλαϐούσῃ
2904 2417 3180 2489 πολιτείᾳ,
3231 2420 3323 2471 καὶ
3367 2417 3511 2471 ἔθεσι
3554 2436 3657 2472 πα-

2072 2510 2286 2581 τρῴοις,
2314 2510 2409 2563 καὶ
2442 2510 2772 2579 άνατροφαῖς
2797 2511 2918 2571 ταῖς
2947 2509 3087 2562 κατά
3112 2510 3239 2573 τοὺς
3265 2510 3550 2580 κειμένους
3574 2511 3656 2564 νό-

2077 2619 2227 2673 μους,
2255 2600 2353 2672 τὴν
2380 2598 2522 2653 κατὰ
2554 2599 2613 2651 τὸ
2637 2598 2953 2668 εὐαγγέλιον
2990 2600 3283 2653 πολιτείαν.
3322 2601 3433 2654 Kal.
3469 2601 3655 2673 ὥσπερ

2073 2693 2323 2763 ἕχρηζεν,
2352 2692 2437 2744 ἵνα
2460 2690 2698 2759 Μωῦσῆς
2736 2690 2997 2762 πιστευθῇ
3020 2691 3079 2743 ού
3118 2691 3275 2761 μόνον
3310 2692 3416 2745 ὑπὸ
3440 2692 3541 2762 τῆς
3566 2710 3656 2761 γε·-

2077 2786 2316 2857 ρουσίας,
2342 2780 2475 2839 ἀλλὰ
2502 2783 2596 2836 καὶ
2618 2782 2711 2835 τοῦ
2738 2782 2889 2846 λαοῦ,
2918 2784 3177 2853 σημείων,
3202 2777 3277 2836 ὧν
3299 2787 3653 2856 πεποιηκέναι

2072 2877 2480 2949 ἀναγέγραπται
2510 2892 2522 2905 ·
2564 2874 2653 2928 διὰ
2698 2874 2752 2927 τί
2802 2875 2923 2944 οὐχὶ
2962 2875 3053 2927 καὶ
3088 2875 3325 2946 Ἰησοῦς,
3357 2878 3443 2929 ἵνα
3471 2877 3534 2949 δὴ
3564 2896 3652 2931 πι-

2074 2967 2268 3037 στευθῇ
2308 2965 2412 3019 ὑπὸ
2456 2964 2563 3017 τῶν
2598 2964 2705 3017 ἀπὸ
2736 2962 2829 3017 τοῦ
2875 2962 3002 3015 λαοῦ
3032 2964 3429 3035 μεμαθηκότων
3453 2969 3675 3038 σημεῖα

2073 3062 2166 3116 καὶ
2189 3060 2392 3131 τέρατα
2431 3059 2621 3118 αἰτεῖν,
2665 3056 2912 3126 δεήσεται
2950 3055 3202 3109 τοιούτων
3245 3056 3559 3129 δυνάμεων,
3594 3060 3649 3113 αἳ

400 3154 591 3224 nisque
622 3154 1027 3218 traditionibus,
1069 3168 1192 3222 qua:
1219 3152 1358 3221 apud
1401 3151 1620 3206 Judzeos
1670 3151 1963 3220 vigebant;

2078 3153 2154 3208 5ιά
2179 3153 2239 3206 τὸ
2270 3152 2453 3223 μεῖζον
2477 3151 2571 3203 καὶ
2599 3147 2868 3219 θειότερον
2906 3148 3187 3217 συγκρίσει
3226 3149 3335 3201 τῶν
3373 3150 3462 3203 διὰ
3492 3153 3650 3206 Multi-

396 3254 452 3299 et
474 3244 862 3314 persuaderent
894 3243 1056 3312 hujus
1090 3244 1348 3296 doctrinae
1377 3242 1695 3308 magistrum
1745 3242 1970 3297 horum-

396 3351 503 3406 que
532 3337 916 3391 miraculorum
968 3336 1279 3391 etIectorcm
1313 3334 1470 3404 longe
1497 3334 1778 3403 prophetis
1817 3345 1971 3389 ante-

396 3428 619 3483 cellere.
650 3426 717 3481 Et
739 3428 1006 3497 quomodo
1031 3426 1202 3494 major
1222 3426 1499 3496 prOphetis
1522 3441 1627 3481 non
1659 3436 1778 3481 erat
1808 3441 1968 3496 quem

397 3522 665 3576 Christum
696 3529 750 3575 et
782 3521 998 3591 generis
1028 3520 1250 3575 humani
1301 3519 1627 3574 salvatorem
1690 3520 1968 3590 propheta:

395 3611 917 3681 praenuntiaveranti

464 3878 554 3932 53.
583 3875 768 3947 Neque
793 3891 924 3933 vero
962 3878 1256 3947 quidquam
1290 3878 1377 3933 hic
1402 3877 1543 3933 Celsi
1580 3877 1795 3933 Iudaeus
1832 3895 1963 3934 con-

394 3981 474 4025 tra
503 3972 685 4025 ﬁdeles
713 3971 866 4034 dicit,
905 3972 1048 4041 quod
1080 3986 1183 4025 non
1216 3972 1390 4041 possit
1420 3971 1472 4024 iu
1512 3971 1749 4041 Moysem
1783 3982 1963 4027 retor-

393 4064 544 4131 queri
576 4082 588 4117 :
623 4064 692 4116 ita
718 4071 775 4116 ut
802 4062 845 4117 si
875 4061 1029 4117 Jesus
1070 4064 1432 4133 praestigiator
1478 4062 1664 4129 fuerit,
1714 4063 1877 4118 fuerit
1909 4074 1965 4120 et

393 4159 625 4230 Moyses,
662 4166 715 4212 et
744 4167 993 4227 uterque,
1023 4158 1067 4212 si
1095 4174 1103 4182 ·
1133 4158 1262 4227 quid
1290 4160 1402 4214 veri
1442 4159 1573 4213 dicit
1617 4157 1853 4224 Judaeus,
1898 4160 1964 4213 de

392 4250 584 4303 iisdem
609 4250 771 4303 rebus
803 4250 1047 4302 accusari
1067 4250 1298 4317 possint.
1336 4248 1489 4316 Quod
1530 4249 1679 4303 verbi
1706 4264 1869 4304 causa
1898 4250 1963 4304 de

389 4339 513 4394 Jesu
543 4336 757 4393 Iudaeus
788 4340 901 4394 ait;
944 4357 963 4391 ι
991 4340 1034 4395 Ο
1066 4340 1241 4394 lucem
1268 4350 1321 4394 et
1354 4339 1677 4394 veritatem!
1724 4340 1838 4411 ipse
1865 4356 1959 4394 sua

391 4448 525 4489 voce
560 4435 822 4500 declarat,
895 4435 1349 4504 quemadmodum
1399 4444 1576 4489 vestra
1630 4436 1830 4504 scripta
1878 4446 1958 4490 te-

2076 3247 2231 3309 σέως,
2259 3242 2366 3298 οἷαί
2399 3260 2457 3295 τε
2482 3237 2620 3311 ἦσαν
2646 3239 2949 3309 ἀποστῆσαι
2980 3241 3077 3310 μὲν
3100 3240 3200 3309 τῆς
3237 3238 3526 3313 Ἰουδαϊκῆς
3551 3263 3648 3315 μυ·-

2072 3336 2316 3405 θολογίας
2359 3334 2450 3387 καὶ
2490 3335 2598 3385 τῶν
2642 3326 2996 3403 ἀνθρωπίνων
3040 3332 3168 3401 παρ’
3206 3332 3391 3396 αὐτοῖς
3418 3333 3647 3404 παραδό-

2073 3444 2207 3479 σεων
2227 3441 2239 3454 ⁸
2272 3424 2492 3493 ποιῆσαι
2515 3421 2571 3473 δὲ
2601 3419 3001 3492 παραδέξασθαι
3025 3420 3116 3472 τὸν
3139 3420 3309 3473 ταῦτα
3332 3421 3646 3475 διδάσκοντα

2071 3519 2162 3570 καὶ
2194 3514 2560 3577 ἐπιτελοῦντα,
2586 3514 2667 3565 ὅτι
2700 3511 2902 3582 μείζων
2926 3511 3033 3563 τῶν
3066 3512 3361 3582 προφητῶν
3394 3508 3494 3583 ἦν;
3520 3513 3645 3577 Πῶς

2069 3606 2178 3679 γὰρ
2203 3608 2261 3659 οὐ
2300 3604 2499 3678 μείζων
2531 3606 2639 3659 τῶν
2670 3604 2966 3676 προφητῶν
2999 3599 3088 3674 ἦν’
3124 3606 3151 3657 ὁ
3176 3605 3280 3656 ὑπὸ
3304 3605 3413 3657 τῶν
3439 3622 3645 3677 πρ⁰φ⁷Γ

2068 3698 2175 3751 τῶν
2206 3697 2279 3760 ὡς
2306 3696 2538 3768 Χριστὸς
2564 3696 2658 3748 καὶ
2683 3693 2969 3765 σωτὴρτοῦ
2995 3694 3183 3761 γένους
3209 3694 3317 3747 τῶν
3348 3695 3643 3767 ἀνθρώπων

2068 3784 2203 3842 εἶναι
2234 3805 2306 3859 κη
2316 3788 2479 3858 ρυσσό
2488 3803 2645 3856 μενος
2666 3803 2680 3851 ;

2138 3883 2248 3936 Καὶ
2286 3884 2383 3936 ὅλα
2409 3882 2485 3945 δὲ,
2521 3882 2665 3954 άπερ
2698 3882 2725 3933 ὁ
2754 3880 2909 3952 παρὰ
2930 3878 3007 3950 τῷ
3039 3878 3230 3950 Κέλσῳ
3276 3879 3519 3943 Ἰουδαῖος
3548 3877 3643 3930 λέ-

2066 3995 2151 4047 γει
2188 3978 2322 4048 πρὺς
2369 3978 2494 4039 τοὺς
2530 3974 2882 4040 πιστεύοντας
2916 3976 2995 4040 είς
3033 3975 3121 4028 τὸν
3156 3973 3387 4046 Ἰησοῦν,
3424 3972 3641 4026 δύναται

2066 4067 2481 4122 κοινοποιεῖσθαι
2530 4068 2610 4129 είς
2640 4067 2737 4137 τὴν
2772 4066 3052 4129 Μωῦσέως
3097 4067 3430 4138 κατηγορίαν
3451 4082 3464 4095 ’
3496 4066 3642 4119 ὥστε

2067 4161 2232 4232 μηδὲν
2260 4160 2535 4230 διαφέρειν
2570 4156 2679 4230 (45)
2724 4157 3102 4228 παραπλήσιον
3135 4153 3274 4211 εἶναι
3307 4157 3479 4226 λέγειν
3510 4174 3643 4227 γοη-

2062 4254 2212 4305 τείαν
2233 4253 2332 4323 τὴν
2369 4251 2539 4322 Ἰησοῦ
2576 4254 2642 4322 τῇ
2684 4249 2982 4315 Μωῦσέως,
3015 4248 3341 4321 ἀμφοτέρων
3378 4249 3510 4320 (ὅσον
3541 4248 3642 4301 ἐπὶ

2061 4346 2127 4415 τῇ
2160 4342 2299 4406 λέξει
2342 4342 2433 4394 τοῦ
2466 4341 2615 4412 παρά
2653 4340 2730 4411 τῷ
2773 4340 2964 4409 Κέλσῳ
3018 4341 3291 4414 Ἰουδαίου)
3333 4340 3643 4410 δυναμένων

2062 4438 2171 4498 τοῖς
2211 4436 2394 4498 αὐτοῖς
2441 4433 2747 4502 ὑπάγεσθαι
2801 4432 3175 4504 ἐγκλήμασιν·
3221 4429 3333 4488 οἷον
3378 4434 3499 4505 περὶ
3536 4434 3641 4503 μὲν

390 4536 621 4590 stantur,
642 4535 899 4581 venturos
927 4526 1084 4593 alios,
1105 4527 1196 4596 qui
1224 4529 1411 4581 eadem
1449 4527 1709 4582 miracula
1737 4527 1957 4592 faciant,

2078 4523 2299 4597 Χριστοῦ
2329 4526 2357 4576 ὁ
2394 4522 2544 4595 παρὰ
2576 4521 2769 4591 Κέλσῳ
2810 4521 3061 4585 Ἰουδαῖος
3105 4521 3287 4590 λέγει,
3326 4521 3437 4575 ἀλλ’
3462 4537 3476 4550 ·
3514 4538 3531 4571 ι
3563 4516 3643 4572 Ὦ

390 4620 616 4689 improbi
640 4628 821 4672 tamen
850 4620 1380 4689 etpraestigiatores;
1412 4637 1429 4669 ι
1476 4619 1527 4672 id
1555 4617 1621 4671 de
1654 4617 1837 4688 Moyse
1875 4632 1961 4671 re-

390 4719 571 4777 petere
596 4710 765 4778 possit
793 4710 1043 4779 quisquis
1063 4706 1250 4761 Iudaeo
1271 4722 1377 4761 non
1410 4706 1680 4772 crederet,
1710 4706 1957 4770 Graacus,

388 4794 696 4867 Algyptius,
734 4801 1001 4868 quilibet:
1040 4817 1058 4850 ι
1089 4799 1134 4853 Ο
1164 4799 1337 4853 lucem
1367 4807 1422 4852 et
1468 4798 1788 4852 veritatem!
1840 4797 1959 4867 ipse

389 4902 484 4941 sua
533 4904 663 4943 voce
711 4892 913 4946 diserte
953 4891 1219 4956 declarat,
1270 4888 1730 4958 quemadmodum
1773 4897 1956 4941 vestra

389 4983 589 5051 scripta
625 4992 913 5049 testantur,
940 4994 1195 5038 venturos
1236 4983 1393 5047 alios,
1442 4982 1532 5051 qui
1568 4980 1760 5034 eadem
1797 4980 1959 5033 mira-

390 5070 511 5125 cula
542 5072 763 5140 faciant,
798 5073 1026 5144 improbi
1052 5084 1233 5128 tamen
1262 5084 1315 5127 et
1337 5074 1776 5143 praastigiatores.
1819 5071 1959 5127 Scri-

394 5170 538 5229 ptum
584 5174 666 5217 est
695 5164 838 5218 enim
873 5164 930 5218 in
961 5173 1139 5220 vestra
1170 5167 1320 5236 lege:
1352 5162 1411 5218 Si
1439 5162 1725 5216 surrexerit
1758 5162 1814 5216 in
1845 5177 1957 5215 me-

465 5321 578 5394 (49)
606 5322 799 5394 Guieto
833 5322 1175 5376 scribendum
1206 5327 1440 5389 vnletur,
1465 5326 1514 5377 εἰ
1557 5324 1648 5377 κα)¹
1690 5326 1798 5394 γὰρ
1836 5322 1959 5375 τότε

394 5390 485 5442 καὶ
513 5389 631 5443 ὅλον
654 5390 715 5441 τὸ
746 5390 916 5456 ἔθνος,
940 5402 1045 5446 etc.

463 5460 575 5532 (tl)
630 5460 747 5532 Τὴν
784 5461 1090 5532 ἐνάργειαν·
1114 5463 1218 5517 τοῦ
1262 5463 1407 5516 Θεὸν
1445 5465 1617 5519 εἶναι.
1656 5466 1730 5519 lta
1788 5464 1961 5520 codex

395 5530 734 5607 llasilecysis.
771 5530 1122 5607 llwschelius
1167 5543 1368 5607 autem,
1415 5536 1514 5605 τὴν
1548 5534 1959 5607 ἐνάργειανμτοῦ

391 5599 523 5652 ωεοῦ
543 5595 724 5675 ⁵εἶναι.
769 5600 1098 5675 Spencerus,
1144 5604 1241 5673 τὴν
1279 5595 1556 5675 ἐνέργειαν
1589 5595 1847 5660 τοῦΘεοῦ
1884 5601 1960 5659 εἷ-

390 5687 519 5749 ttat;
534 5670 727 5749 Guieto
762 5670 1107 5749 scribendum
1146 5670 1381 5749 videtur,
1407 5670 1521 5749 “the
1552 5676 1832 5749 ενέργειαν
1858 5675 1957 5730 τοῦ

389 5741 522 5819 θεοῦ
551 5738 692 5819 εἶναι
718 5741 1015 5819 τοῦταῦτα
1049 5744 1369 5814 ποιήσαντος
1401 5738 1655 5812 γενέσθαί
1690 5738 1958 5819 ’συνίστη-

382 5828 474 5879 ριν
503 5814 603 5865 ὑπὸ
642 5813 934 5877 Μωῦσέως.

2067 4615 2179 4684 φῶς
2216 4616 2309 4667 καὶ
2349 4614 2604 4686 ἀλήθειαί
2645 4616 2708 4683 τῇ
2742 4612 2903 4665 αὑτοῦ
2933 4615 3083 4684 φωνῇ
3132 4613 3422 4684 διαρρήδην
3447 4608 3639 4678 ἐξαγο-

2068 4707 2211 4778 ρεύει
2256 4706 2461 4777 Ἰησοῦς
2491 4704 2683 4770 ταῦτα,
2714 4703 2855 4758 καθά
2882 4706 2976 4757 καὶ
3000 4704 3156 4775 ὑμεῖς
3200 4705 3639 4775 συγγεγράφατε.

2060 4798 2192 4851 διότι
2239 4797 2565 4869 παρέσονται
2603 4797 2730 4868 ὑμῖν
2776 4796 2870 4849 καὶ
2899 4795 3074 4867 ἕτεροι
3115 4796 3404 4866 δυνάμεσιν
3424 4796 3643 4866 ὁμοίαις

2061 4886 2367 4959 χρώμενοι,
2416 4888 2575 4940 κακοὶ
2616 4888 2709 4939 κα)¹
2745 4886 2972 4958 γόητες·
3036 4905 3054 4937 ι
3113 4889 3243 4958 περὶ
3278 4888 3333 4941 δὲ
3364 4885 3643 4948 Μωῦσέως

2055 4981 2184 5051 εἴπῃ
2218 4980 2283 5033 ἂν
2315 4980 2343 5031 ὁ
2377 4978 2618 5032 ἀπιστῶν
2652 4980 2787 5048 πρὸς
2812 4978 2903 5031 τὸν
2950 4978 3202 5032 Ἰουδαῖόν
3246 4997 3330 5043 τις
3368 4978 3471 5030 εἴτε
3504 4977 3643 5029 Ἔλ-

2061 5072 2159 5142 λην
2186 5071 2318 5142 (44),
2360 5070 2455 5123 εἴτ’
2500 5070 2815 5139 Αἰγύπτιος,
2864 5069 2961 5123 εἴθ’
3014 5070 3281 5137 ὁστισοῦν,
3327 5071 3466 5123 ἀλλ”
3496 5087 3517 5119 ι
3562 5064 3644 5119 Ὦ

2069 5163 2184 5233 φῶς
2216 5165 2309 5216 καὶ
2339 5162 2595 5234 άλήθειαῑ
2624 5165 2690 5234 τῇ
2718 5160 2879 5216 αὑτοῦ
2915 5165 3063 5233 φωνῇ
3088 5164 3326 5235 Μωῦσῆς
3346 5161 3647 5234 διαρρήδην

2137 5324 2248 5395 (42)
2286 5326 2772 5394 Παρατιθέμενος.
2827 5325 3052 5380 Guictus
3105 5328 3271 5395 legit,
3307 5324 3645 5396 προτιθέμε-

2065 5411 2173 5456 νος.

2136 5464 2248 5535 (45)
2288 5463 2447 5537 Libb.
2482 5475 2645 5521 antea
2682 5464 2879 5537 excusi
2920 5474 3043 5537 post
3069 5465 3346 5537 διαφέρειν
3368 5462 3645 5530 majorem

2067 5535 2443 5604 distinetionis
2468 5546 2650 5589 notam
2681 5535 2902 5601 habent,
2929 5546 2983 5589 et
3013 5536 3206 5591 deinde
3232 5535 3648 5604 legttnl,7:apa-

2064 5605 2287 5677 πλήσιον
2317 5604 2363 5659 δ’
2392 5602 2552 5671 εῖναι,
2578 5608 2670 5660 sed
2703 5620 2832 5660 mss.
2860 5606 3181 5675 particulam
3212 5606 3269 5660 δέ
3304 5622 3407 5660 non
3448 5602 3645 5672 agno-

2063 5686 2244 5735 scunt,
2271 5687 2323 5730 et
2356 5687 2503 5731 recte
2543 5678 2781 5731 omnino.

2090 5744 2244 5868 Egi)
2296 5745 2595 5817 Μεε.,πρὸς
2623 5747 2714 5802 τὸν
2752 5746 2999 5801 Ἰουδαῖον
3042 5747 3155 5810 τοϊς
3194 5745 3476 5807 Μωῦσέως,
3506 5743 3646 5797 εἴτε

2232 5831 2281 5868 ν.

2064 5815 2281 5885 Ἕλλην.
