3902 6414
250 380 323 437 881
1443 364 1716 420 CONTRA
1752 363 2026 419 CELSUM
2065 362 2190 417 LIB.
2232 360 2294 414 ll.

3352 350 3455 405 εκε

249 486 549 560 ἐξαγορεύει,
569 485 717 541 καθὰ
748 487 839 541 καὶ
865 486 1020 556 ὑμεῖς
1042 484 1475 555 συγγεγράφατε,
1493 484 1627 537 διότι
1655 501 1793 555 παρ-

1904 483 1984 535 dio
2024 483 2101 535 tui
2129 479 2426 548 prophetes,
2453 485 2544 530 aut
2575 475 2663 545 qui
2697 470 2956 527 somnium
2982 468 3277 534 somniurit,
3298 477 3342 520 et
3364 468 3454 521 de-

248 581 427 634 έσονται
489 579 624 648 ὑμῖν
688 579 861 649 ἕτεροι
925 577 1213 645 δυνάμεσιν
1248 576 1459 645 ὁμοίαις
1500 572 1791 645 χρώμενοι,

246 672 377 725 κακοὶ
406 670 500 723 καὶ
535 670 751 739 γόητες.
782 670 1092 739 Γέγραπται
1117 667 1224 739 γάρ
1250 666 1404 738 ὑμῶν
1434 669 1491 721 ἐν
1517 666 1596 736 τῷ
1622 666 1790 735 νόμιμ’

256 765 372 818 Ἐὰν
399 763 468 815 δὲ
498 763 742 831 ἀναστῇ
769 764 839 815 ἐν
864 763 961 816 σοὶ
1005 760 1333 830 προφήτης,
1365 759 1403 828 ἢ
1449 755 1794 818 ἐνυπνιαζό-

243 874 395 925 μενος
420 857 716 908 ἐνύπνιον
739 895 752 919 ,
786 855 879 907 καὶ
908 853 1087 907 δώσει
1119 852 1368 920 σημεῖον
1400 852 1438 919 ἢ
1472 850 1664 919 τέρας,
1699 849 1796 902 καὶ

245 952 363 1017 ἔλθῃ
390 949 454 1001 τὸ
498 948 755 1018 σημεῖον
792 949 830 1017 ἣ
860 946 926 1001 τὸ
976 947 1149 1015 τέρας
1187 946 1217 997 ὃ
1250 944 1514 1011 Aldinae
1541 941 1690 1010 πρὸς
1722 941 1797 995 σὲ

247 1042 436 1110 λέγων·
478 1042 899 1111 Πορευθιῖψεν,
957 1040 1055 1094 καὶ
1099 1037 1599 1106 ἀκολουθήσωμεν
1641 1035 1796 1101 θεοῖς

248 1132 456 1200 ἑτέροις,
486 1132 599 1198 οὓς
628 1135 738 1186 οὐκ
760 1132 979 1195 οἴδατε,
1008 1131 1105 1184 καὶ
1129 1127 1791 1199 λαζρεύσωμενταὺτοῖσ

247 1226 335 1277 οὐκ
372 1224 712 1277 ἀκούσεσθε
744 1222 883 1288 τοὺς
918 1225 1141 1291 λόγους
1181 1221 1291 1293 (45)
1338 1221 1443 1274 τοῦ
1486 1219 1794 1289 προφήτου

250 1315 451 1367 ἐκείνου
476 1355 491 1379 ,
552 1316 593 1383 ἢ
651 1315 757 1369 τοῦ
825 1314 1323 1383 ἐνυπνιαζομένου
1384 1314 1448 1367 τὸ
1511 1315 1796 1368 ἐνύπνιον

248 1406 445 1469 ἐκεῖνο,
490 1402 515 1457 ι’
549 1407 647 1458 καὶ
674 1405 746 1458 τὰ
792 1405 939 1475 ἑξῆς.
968 1407 1075 1459 Καὶ
1114 1406 1143 1457 6
1179 1405 1275 1475 μὲν
1315 1406 1439 1469 τοὺς
1466 1404 1673 1472 ,λόγους
1702 1403 1796 1457 τοῦ

260 1498 404 1569 Ἰησοῦ
426 1498 754 1562 διαϐάλλων,
787 1499 938 1569 φησὶ,
980 1515 998 1547 ι
1036 1496 1129 1549 καὶ
1158 1497 1397 1549 Σατανᾶν
1425 1513 1545 1548 τινα
1574 1495 1796 1548 τοιαῦτα

252 1590 763 1662 παραμηχανώμενον
781 1588 1063 1660 ὀνομάζειν
1082 1606 1095 1620 ·
1130 1607 1147 1639 ι
1170 1589 1197 1639 6
1213 1588 1269 1639 δέ
1299 1585 1614 1641 καινοποιῶν
1641 1585 1796 1639 τοῦτο

252 1684 360 1753 πρὸς
383 1682 617 1736 Μωῦσέα
650 1684 787 1754 ἐρεῖ*
823 1702 842 1733 ‹
878 1683 986 1734 Καὶ
1027 1680 1308 1751 προφήτην
1349 1677 1795 1748 ἐνυπνιαζόμενον

250 1772 440 1827 τοιαῦτα
464 1771 1012 1843 παραμηχανώμενον
1048 1769 1347 1841 ὀνομάζειν.
1386 1789 1404 1821 ι
1446 1770 1653 1839 Ὥσπερ
1681 1767 1726 1819 δ’
1767 1770 1795 1820 ὁ

250 1864 371 1934 παρὰ
390 1865 466 1933 τῷ
490 1864 685 1934 Κέλσῳ
723 1863 972 1926 Ἰουδαῖός
993 1880 1123 1933 φησι
1156 1862 1281 1931 περ)¹
1306 1860 1399 1915 τοῦ
1436 1859 1629 1930 Ἰησοῦ,
1664 1878 1682 1910 t
1712 1860 1794 1912 ὅτι

248 1955 361 2009 ὥστε
407 1957 514 2009 οὐδ’
557 1957 720 2019 αὐτὸς
755 1954 977 2026 ἔξαρνός
1020 1956 1165 2008 ἐστιν
1191 1996 1205 2019 ,
1240 1956 1315 2018 ὡς
1350 1953 1522 2008 ταῦτά
1553 1970 1616 2021 γε
1648 1952 1798 2006 οὐδὲν

248 2047 381 2109 θεῖον,
427 2047 563 2099 ἀλλά
615 2046 866 2118 πονηρῶν
924 2047 1069 2098 ἐστιν
1116 2046 1250 2117 ἔργα
1276 2062 1288 2076 ’
1336 2065 1354 2096 ι
1391 2044 1563 2107 οὕτως
1616 2046 1644 2095 6
1688 2047 1799 2108 τοῖς

250 2137 496 2200 Μωῦσέως
529 2137 777 2191 ἀπιστῶν
814 2139 973 2209 φήσει
1019 2138 1155 2207 πρὸς
1200 2136 1389 2200 αὐτὸν,
1434 2135 1500 2188 τὰ
1542 2152 1799 2206 προειρη-

254 2226 367 2294 μένα
393 2227 759 2298 ἐκτιθέμενος,
787 2229 845 2280 τὸ
865 2227 994 2281 αὑτό
1019 2244 1030 2256 ·
1068 2245 1086 2277 ‹
1129 2227 1289 2279 Ὥστε
1315 2226 1422 2279 οὐδ’
1452 2225 1610 2288 αὐτὸς
1633 2226 1797 2277 Μωῦ-

254 2318 334 2386 σῆς
357 2316 572 2389 ἔξαρνός
597 2320 767 2385 ἐστιν,
793 2318 868 2382 ὠς
893 2319 1065 2374 ταῦτά
1090 2337 1153 2388 γε
1179 2320 1327 2373 οὐδὲν
1353 2320 1492 2373 θεῖον
1510 2359 1523 2382 ,
1551 2318 1683 2373 ἀλλὰ
1708 2335 1801 2371 πο-

250 2406 401 2476 νηρῶν
427 2410 575 2463 ἐστιν
604 2410 761 2480 ἔργα.
806 2429 823 2460 ι
856 2410 928 2462 Τὸ
958 2410 1089 2462 αὐτὸ
1116 2410 1173 2463 δέ
1198 2412 1411 2480 ποιήσει
1444 2413 1537 2464 καὶ
1568 2412 1659 2463 ἐπὶ
1681 2412 1802 2464 τού-

251 2512 324 2547 του
354 2497 480 2567 (46),
519 2517 537 2547 ‹
581 2498 903 2568 βιαζόμενος
920 2499 1023 2552 ὑπὸ
1047 2500 1146 2567 τῆς
1165 2500 1418 2569 ἀληθείας
1434 2502 1589 2571 ὁμοῦ,
1626 2504 1719 2556 καὶ
1733 2503 1800 2557 τά

250 2585 339 2638 τῶν
362 2588 530 2641 ἄλλων
559 2589 899 2658 ἀπεκάλυψε,
927 2591 1019 2643 καὶ
1043 2590 1110 2642 τὰ
1141 2591 1261 2643 καθ’
1294 2592 1482 2645 ἑαυτὸν
1513 2592 1742 2663 ἤλεγξεν
1768 2597 1796 2648 6

254 2676 480 2747 Μωῦσῆς.
511 2698 531 2730 ι
562 2680 789 2747 Λέγοντι
818 2680 873 2732 δέ
898 2679 976 2749 τῷ
1014 2680 1247 2751 Ἰουδαίῳ
1282 2683 1374 2734 καί
1394 2683 1453 2734 τό
1473 2700 1485 2712 ·
1507 2702 1524 2732 ‹
1558 2683 1683 2748 Πῶς
1710 2679 1800 2738 οὖν

253 2770 303 2819 οὐ
318 2771 564 2839 σχέτλιον,
584 2772 692 2825 ἀπὸ
714 2772 823 2825 τῶν
848 2771 1025 2824 αὐτῶν
1048 2771 1223 2844 ἔργων
1245 2774 1332 2827 τὸν
1363 2775 1461 2845 μέν
1494 2775 1644 2839 Θεὸν,
1676 2777 1801 2841 τοὺς

256 2858 302 2909 δὲ
343 2860 530 2931 γόητας
556 2862 843 2932 ήγεῖσθαι;
894 2882 913 2913 ι
958 2863 1111 2916 Εἴποι
1144 2882 1226 2927 τις
1248 2864 1311 2918 ἂν
1339 2866 1473 2936 πρὸς
1502 2867 1682 2929 αὐτὸν,
1715 2868 1802 2921 διὰ

256 2948 335 3012 τὰς
372 2952 637 3017 Μωῦσέως
670 2955 981 3021 ἐκτεθείσας
1026 2956 1196 3022 λέξεις
1216 2975 1230 2987 ο
1265 2977 1282 3009 ι
1324 2958 1448 3021 Πῶς
1473 2954 1563 3012 οὖν
1590 2960 1650 3012 οὐ
1681 2960 1802 3031 σχέ-

260 3038 375 3093 τλιον
396 3044 495 3097 ἀπὸ
518 3045 624 3099 τῶν
656 3048 833 3101 αὐτῶν
858 3048 1052 3120 ἔργων,
1084 3050 1175 3102 τὸν
1208 3050 1303 3120 μὲν
1339 3052 1623 3122 προφήτην
1665 3050 1799 3104 Θεοῦ

261 3131 336 3221 καὶ
367 3132 658 3203 Θεράποντα
701 3138 865 3191 αὑτοῦ
887 3180 901 3204 ,
930 3142 1054 3203 τοὺς
1090 3142 1145 3193 δὲ
1186 3141 1389 3209 γόητας
1428 3142 1677 3212 ἡγεῖσθαι
1715 3159 1728 3208 ἲ
1774 3161 1793 3194 ³
1824 3164 1868 3221 C

273 3220 397 3274 Ἐπεὶ
425 3224 476 3276 δὲ
504 3228 933 3300 προσδιατρίϐων
965 3229 1041 3300 τῷ
1069 3232 1216 3300 τόπῳ
1243 3232 1270 3283 6
1296 3231 1500 3295 Κέλσος
1530 3232 1799 3304 προσέθη-

263 3325 339 3361 κεν
373 3308 445 3377 οἷς
487 3317 747 3387 ἐξεθέμην
788 3319 1199 3390 κοινοποιηθεῖσι
1233 3323 1333 3383 ,καὶ
1370 3322 1430 3374 τό
1455 3339 1467 3351 ·
1519 3343 1537 3373 ‹
1576 3323 1640 3375 Τί
1690 3323 1799 3393 γὰρ

269 3399 433 3465 μᾶλλον
462 3405 562 3458 ἀπό
587 3424 650 3475 γε
679 3408 885 3461 τούτων
916 3410 1040 3473 τοὺς
1069 3410 1260 3474 ἄλλους
1294 3413 1579 3482 πονηροὺς,
1619 3414 1650 3483 ἢ
1683 3411 1804 3465 τοῦ·

263 3502 338 3543 τον
358 3499 620 3565 νομιστέον
648 3499 798 3569 αὐτῷ
821 3500 1131 3572 χρωμένους
1152 3501 1389 3572 μάρτυρι
1422 3502 1527 3571 (47)
1549 3519 1562 3567 ;
1588 3520 1606 3552 ι
1639 3519 1806 3573 προσ-

266 3580 464 3655 Θήσομεν
497 3592 606 3651 τοῖς
650 3590 961 3659 λεγομένοις
1016 3593 1109 3644 καὶ
1140 3594 1295 3662 ἡμεῖς
1325 3591 1565 3651 τοιαῦτα,
1612 3593 1663 3643 τί
1693 3592 1800 3663 γὰρ

271 3673 436 3739 μᾶλλον
474 3679 575 3731 ἀπό
618 3697 681 3747 γε
724 3680 961 3747 τούτων,
1011 3678 1090 3746 οἷς
1149 3682 1478 3754 ἀπαγορεύει
1523 3682 1799 3736 πείθεσθαι

269 3761 470 3836 Μωῦσῆς
501 3770 961 3841 ἐπιδεικνυμένοις
993 3776 1192 3841 σημεῖα
1237 3773 1330 3824 καὶ
1370 3772 1571 3841 τέρατα
1596 3812 1609 3835 ,
1656 3771 1798 3824 ὲκεί-

270 3867 370 3916 νους
392 3860 641 3929 πονηροὺς
667 3861 968 3932 νομιστέον,
1006 3861 1037 3929 ἢ
1074 3861 1331 3925 Μωῦσέα,
1376 3858 1435 3925 ἐξ
1474 3855 1547 3914 ὧν
1583 3860 1799 3931 ἐτέρους

273 3945 377 4013 περὶ
400 3951 621 4018 σημείων
651 3953 747 4004 καὶ
784 3953 1023 4020 τεράτων
1070 3952 1281 4005 διέϐαλε
1312 3968 1327 4015 ;
1377 3951 1593 4003 πλείονα
1634 3950 1676 4002 δ’
1722 3952 1800 4012 εἰς

268 4035 407 4089 ταύτὸ
435 4039 617 4107 λέγων,
652 4042 737 4094 ἵνα
779 4042 903 4113 δόξῃ
951 4041 1130 4106 αὖξειν
1162 4043 1221 4094 τὸ
1248 4042 1598 4113 ἐπιχείρημα,
1632 4038 1796 4111 φησί’

275 4141 291 4173 t
313 4127 469 4181 Ταῦτα
497 4133 589 4201 μέν
613 4150 675 4201 γε
698 4134 791 4185 καὶ
814 4134 976 4196 αὐτὸς
1002 4133 1346 4203 ὡμολόγησεν
1375 4132 1496 4201 οὐχὶ
1527 4131 1673 4193 θείας
1701 4130 1801 4198 φύ-

1824 1827 1871 1887 Β

1893 578 2029 631 derit
2062 577 2266 645 signum
2296 580 2387 626 aut
2417 570 2734 639 prodigium,
2765 576 2812 619 et
2842 564 3063 619 evenerit
3112 563 3319 631 signum
3364 570 3453 613 aut

1892 667 2188 738 prodigium
2214 664 2353 735 quod
2395 661 2600 715 locutus
2633 668 2731 722 est,
2763 665 2811 709 et
2837 655 3026 708 dixerit
3052 652 3142 705 tibi
3181 664 3199 702 :
3254 650 3453 704 Eamus

1893 768 1940 812 et
1991 772 2268 827 sequamur
2294 759 2418 808 deos
2463 752 2665 805 alienos
2705 764 2833 817 quos
2864 744 3139 813 ignoratis,
3173 753 3220 796 et
3257 743 3455 795 servia-

1893 864 2008 902 mus
2033 848 2144 912 eis;
2170 863 2271 900 non
2298 842 2523 897 audietis
2564 840 2716 894 verba
2746 837 3009 904 propheta:
3038 832 3180 887 illius
3209 840 3293 884 aut
3318 845 3457 883 som-

1894 941 2111 993 niatoris
2142 937 2212 1001 ⁸⁸,
2242 956 2259 989 ι
2284 945 2336 990 et
2360 934 2585 1003 reliqua.
2620 931 2746 985 Item
2775 928 2917 997 quod
2944 925 3030 980 ille
3050 932 3238 979 contra
3272 919 3455 975 Jesum

1896 1023 2060 1087 dicit:
2091 1049 2109 1082 ι
2135 1028 2438 1096 Quinetiam
2479 1026 2736 1080 Satanam
2768 1019 3050 1090 quemdam
3093 1017 3333 1072 nominat
3374 1016 3457 1067 in-
3490 1021 3492 1023 ’

1896 1124 2102 1190 signem
2128 1120 2312 1174 talium
2334 1132 2510 1173 rerum
2529 1114 2795 1169 artiﬁcem
2825 1130 2839 1179 ;
2867 1131 2886 1164 ι
2914 1111 2963 1164 id
2984 1110 3120 1164 alter
3147 1110 3197 1163 in
3222 1107 3455 1178 Moysem

1894 1224 2260 1282 contorquens
2287 1211 2430 1264 dicet
2452 1225 2465 1261 :
2491 1226 2509 1259 t
2537 1206 2842 1273 Quinetiam
2893 1203 3212 1272 prophetam
3255 1198 3459 1253 somni—

1895 1314 2074 1357 antem
2116 1300 2358 1355 nominat
2381 1299 2645 1368 insignem
2687 1294 2878 1348 talium
2914 1307 3093 1345 rerum
3127 1289 3410 1343 artiﬁcem.
3436 1305 3455 1337 ι

1896 1393 2061 1466 428
2085 1390 2553 1458 Quemadmodum
2602 1395 2782 1441 autem
2836 1384 2974 1453 apud
3007 1382 3221 1437 Celsum
3244 1378 3460 1434 Judtuus

1898 1487 1975 1539 ait
2007 1485 2072 1539 de
2116 1481 2243 1538 Jesu
2272 1499 2285 1536 :
2319 1499 2337 1533 ι
2390 1484 2467 1535 Ac
2503 1494 2570 1534 ne
2610 1479 2723 1548 ipse
2762 1477 2975 1546 quidem
3016 1472 3280 1527 inﬁtiatur
3308 1472 3360 1524 in
3398 1472 3463 1525 iis

1899 1577 2034 1632 nihil
2075 1573 2373 1629 divinitatis
2425 1573 2621 1633 inesse,
2667 1568 2759 1624 sed
2795 1581 2914 1623 esse
2955 1565 3336 1621 sceleratorum
3370 1564 3467 1615 ho-

1898 1668 2101 1723 minum
2130 1680 2329 1736 opera;
2369 1682 2386 1714 ι
2422 1662 2492 1716 ita
2528 1660 2775 1731 quisquis
2822 1657 2982 1712 rebus
3013 1655 3079 1708 de
3114 1653 3299 1724 Moyse
3331 1653 3465 1707 scri-

1900 1758 2003 1827 ptis
2033 1757 2191 1811 ﬁdem
2246 1756 2488 1823 abrogat,
2517 1754 2706 1807 iisdem
2734 1759 2924 1806 contra
2956 1749 3102 1802 illum
3136 1754 3321 1799 utetur
3351 1759 3467 1797 ver-

1901 1850 2024 1904 bis:
2060 1868 2077 1900 ε
2108 1848 2184 1902 lta
2220 1863 2321 1902 nec
2349 1848 2464 1916 ipse
2498 1844 2782 1907 inﬁtiatur,
2832 1842 2960 1895 nihil
2995 1842 3044 1893 in
3074 1840 3138 1893 iis
3172 1837 3466 1893 divinitatis

1901 1941 2098 2004 inesse,
2148 1940 2241 1995 sed
2294 1954 2417 1993 esse
2462 1936 2851 1991 sceleratorum
2898 1947 3082 2002 opera.
3116 1951 3134 1984 ι
3201 1928 3382 1984 Vertet
3414 1930 3465 1981 iu

1900 2030 2136 2100 Moysem
2160 2040 2213 2084 et
2243 2030 2383 2083 ista:
2418 2047 2436 2080 ι
2469 2028 2769 2096 Oppressus
2806 2023 3049 2079 veritatis
3082 2022 3311 2087 viribus,
3340 2022 3465 2074 dum

1900 2123 2129 2176 aliorum
2162 2134 2307 2176 artes
2334 2121 2555 2190 detegit,
2584 2133 2709 2173 suas
2736 2127 2787 2171 et
2824 2117 2940 2185 ipse
2970 2114 3266 2184 redarguit.
3297 2132 3314 2164 ι
3374 2113 3463 2167 Di-

1899 2213 2040 2269 centi
2074 2221 2251 2267 autem
2279 2210 2497 2265 Judaeo:
2532 2228 2550 2261 ‹
2580 2207 2860 2275 Quomodo
2884 2207 3045 2277 igitur
3072 2222 3174 2262 non
3207 2205 3461 2258 miserum

1900 2314 2002 2370 est,
2036 2319 2102 2359 ex
2128 2304 2321 2357 iisdem
2361 2304 2615 2371 Operibus
2651 2304 2798 2357 illum
2835 2303 3052 2372 quidem
3095 2300 3263 2353 Deum
3319 2296 3463 2350 exis-

1902 2396 2106 2461 timari,
2150 2395 2282 2449 alios
2323 2409 2451 2448 vero
2499 2395 2927 2465 praestigiatorcs
2955 2393 2979 2446 ?
3008 2412 3025 2445 ι
3062 2399 3286 2458 reponet
3318 2386 3467 2455 quis-

1902 2485 2043 2555 piam
2067 2494 2287 2554 propter
2310 2485 2470 2538 verba
2495 2484 2694 2554 Moysis
2713 2483 2958 2551 superius
2983 2480 3210 2535 adducta
3241 2498 3254 2531 :
3288 2478 3466 2543 «Quoe

1901 2579 2064 2631 modo
2105 2576 2271 2644 igitur
2310 2592 2413 2629 non
2454 2578 2709 2630 miserum
2750 2584 2923 2630 estex
2970 2573 3160 2627 iisdem
3212 2570 3467 2640 operibus

1903 2668 2051 2721 illum
2083 2667 2298 2735 quidem
2332 2666 2427 2720 Dei
2451 2667 2765 2735 prophetam
2801 2665 3025 2735 ejusque
3056 2661 3311 2716 famulum
3347 2662 3464 2714 exi—

1902 2757 2111 2812 stimari
2139 2797 2153 2823 ,
2185 2756 2319 2811 alios
2354 2767 2535 2810 autem
2569 2755 3028 2825 praestigiatores?
3060 2773 3079 2805 ι
3114 2754 3177 2807 Et
3209 2752 3463 2821 quoniam

1900 2848 2087 2903 Celsus
2114 2848 2216 2902 hoc
2245 2858 2619 2919 argumentum
2649 2862 2867 2916 urgens,
2896 2849 2962 2900 ad
2989 2860 3052 2898 ea
3082 2858 3222 2914 quae,
3249 2855 3306 2895 ut
3338 2842 3471 2897 dixi-

1900 2954 2041 3004 mus,
2070 2938 2122 2992 in
2177 2948 2459 3007 utramque
2506 2946 2712 3005 partem
2752 2936 2856 2991 dici
2900 2944 3145 3005 possunt,
3198 2933 3385 3002 adjicit
3413 2940 3468 2984 et

1903 3031 2038 3085 ista:
2070 3048 2088 3081 ι
2116 3030 2224 3084 Cur
2246 3030 2364 3083 illos
2390 3029 2585 3097 potius,
2614 3043 2776 3097 quam
2799 3028 2961 3092 hunc,
2987 3042 3054 3080 ex
3079 3025 3266 3079 iisdem
3300 3023 3463 3076 rebus

1902 3121 2195 3176 sceleratos
2223 3120 2554 3183 existimem,
2598 3118 2899 3183 praesertim
2948 3132 3072 3171 cum
3118 3117 3232 3185 ipse
3277 3122 3464 3167 contra

1900 3227 1959 3267 se
1982 3212 2343 3266 testimonium
2362 3209 2542 3265 ferat?
2568 3229 2586 3261 ι
2617 3209 2810 3264 addam
2840 3218 2892 3263 et
2913 3206 3165 3278 ego:Cur
3184 3220 3249 3259 ex
3277 3204 3466 3259 iisdem

1900 3304 2151 3374 operibus
2182 3304 2474 3359 sceleratos
2524 3302 2703 3370 potius
2749 3300 3053 3354 existimem
3089 3313 3199 3358 eos,
3236 3309 3466 3365 quorum

1902 3397 2072 3465 signis
2095 3406 2149 3452 et
2179 3396 2433 3467 prodigiis
2464 3395 2672 3465 Moyses
2699 3402 2843 3449 vetat
2876 3392 3063 3447 haberi
3094 3390 3278 3455 ﬁdem,
3304 3404 3470 3459 quam

1902 3489 2141 3560 Moysem
2178 3491 2371 3558 ipsum,
2408 3490 2499 3558 qui
2533 3504 2718 3543 eorum
2748 3488 2901 3557 signa
2935 3496 2990 3540 et
3017 3485 3261 3556 prodigia
3293 3484 3347 3537 in
3384 3485 3467 3535 ins

1908 3587 2109 3639 vidiam
2140 3586 2340 3640 vocat?
2381 3586 2622 3653 Denique
2664 3587 2777 3639 haec
2808 3578 3106 3647 subiungit,
3143 3586 3203 3630 ut
3237 3589 3349 3629 suae
3381 3588 3472 3625 ac-

1907 3676 2170 3731 cusationi
2197 3676 2358 3729 veluti
2383 3677 2634 3730 cumulus
2654 3672 2952 3729 accessisse
2974 3667 3254 3722 videatur:
3288 3684 3305 3716 ι
3334 3663 3468 3717 Nam

1904 3776 1960 3821 et
1988 3768 2100 3836 ipse
2138 3766 2449 3837 confessus;
2453 3778 2537 3821 est
2565 3767 2679 3821 hinc
2700 3780 2807 3820 non
2852 3778 2972 3817 esse
3004 3761 3199 3815 divina:
3244 3766 3469 3817 naturae,

1906 3858 1999 3913 sed
2041 3859 2394 3927 impostorum
2444 3858 2801 3927 quorumdam
2832 3864 2886 3908 et
2930 3851 3470 3908 sceleratissimorum

1908 3950 2188 4004 hominum
2220 3950 2470 4005 indicia.»
2492 3950 2625 4015 Quis
2652 3948 2740 4003 ille
2776 3966 2793 3997 ι
2814 3948 2927 4015 ipse
2952 3966 2970 3997 ι
3003 3943 3117 3999 est?
3144 3940 3245 4003 Tu,
3268 3938 3469 3996 Judaee.

1905 4040 2088 4096 Jesum
2117 4056 2236 4096 esse
2267 4042 2423 4107 dicis,
2456 4042 2551 4095 sed
2584 4040 2675 4110 qui
2711 4039 2861 4092 videt
2899 4046 2949 4090 te
2974 4036 3177 4090 eisdem
3211 4030 3470 4085 crimina-

1907 4130 2143 4184 tionibus
2181 4132 2493 4193 obnoxium,
2530 4131 2679 4184 illum
2716 4137 2925 4182 asseret
2955 4140 3075 4179 esse
3105 4124 3366 4193 Moysem.

272 4232 387 4283 σεως
418 4223 520 4275 ἀλλ’
552 4225 881 4278 ἀπατεώνων
928 4224 1086 4277 τινῶν
1131 4227 1223 4277 καὶ
1262 4223 1637 4293 παμπονήρων
1668 4217 1805 4275 εἶναι
1837 4220 2210 4291 γνωρίσματα.
2252 4240 2269 4272 ›
2305 4222 2400 4284 Τίς
2463 4217 2554 4274 οὖν
2591 4239 2609 4270 ι
2648 4218 2806 4281 αὐτός
2842 4234 2856 4282 ;
2900 4235 2917 4267 ι
2955 4216 3025 4267 Σὺ
3078 4214 3196 4284 μὲν,
3246 4207 3290 4265 ὦ
3342 4213 3473 4264 Ἴου-

270 4307 393 4375 δαῖε,
437 4314 532 4385 φὴς
579 4318 660 4369 ὅτι
698 4319 727 4369 6
770 4314 1007 4388 Ἰησοῦς·
1054 4319 1082 4370 6
1104 4316 1160 4368 δὲ
1199 4315 1443 4383 ἐγκαλῶν
1475 4332 1557 4367 σοι
1586 4315 1660 4377 ὡς
1684 4315 1795 4375 τοῖς
1826 4314 2008 4374 αὐτοῖς
2036 4312 2375 4383 ἐγκλήμασιν
2406 4311 2769 4381 ὑποκειμένῳ,
2794 4308 2856 4359 τὸ
2896 4325 2912 4357 ι
2939 4304 3098 4365 αὐτὸς
3120 4321 3138 4353 ι
3172 4300 3353 4365 ἀνάξει
3380 4303 3476 4354 ἐπὶ

271 4404 346 4455 τὸν
374 4408 608 4462 Μωῦσέα.

329 4497 463 4550 Μετὰ
490 4498 658 4553 ταῦτά
684 4515 817 4567 φησι
845 4498 978 4568 πρὸς
1009 4499 1153 4568 ἡμᾶς
1182 4496 1342 4566 δῆθεν
1371 4498 1478 4568 (ἵνα
1501 4498 1723 4569 τηρήσω
1744 4495 1799 4548 τὸ

1979 4489 2069 4545 54.
2094 4488 2224 4544 Post
2249 4488 2364 4544 haec
2411 4486 2551 4543 Celsi
2576 4482 2892 4547 Judmusmt
2922 4482 3064 4553 quod
3090 4481 3195 4536 sibi
3229 4481 3298 4534 ab
3325 4479 3478 4533 initio

271 4585 350 4638 ἀπ’
378 4590 529 4659 ἀρχῆς
552 4590 626 4661 τῷ
675 4589 912 4658 Ἰουδαίῳ
942 4588 1220 4659 προτεθὲν)
1250 4591 1276 4642 6
1304 4588 1395 4642 τοῦ
1423 4589 1628 4641 Κέλσου
1670 4590 1799 4640 Ἰου-

269 4674 393 4741 δαῖος
418 4682 467 4732 ἐν
494 4681 565 4751 τῷ
594 4682 730 4752 πρὸς
759 4681 887 4743 τοὺς
935 4680 1153 4742 πολίτας
1188 4679 1382 4732 ἐαυτοῦ
1416 4679 1557 4749 λόγῳ
1583 4676 1802 4731 πιστεύ-

272 4780 459 4831 σαντας,
487 4791 504 4820 ι
540 4771 640 4823 τίνι
666 4766 760 4823 οὖν
794 4768 1134 4839 προσήχοητε
1168 4768 1299 4837 (48),
1326 4770 1359 4839 ἢ
1385 4768 1515 4820 διότι
1544 4770 1801 4837 προεῖπεν

268 4853 333 4916 ὡς
372 4857 628 4911 ἀποθανὼν
674 4858 1036 4925 ἀναστήσεται
1075 4872 1089 4920 ;
1138 4874 1155 4907 ι
1186 4856 1295 4907 Καὶ
1332 4854 1488 4906 τοῦτο
1532 4852 1576 4905 δ’
1624 4854 1701 4913 εἰς
1739 4848 1800 4901 τὸ

272 4945 382 5013 περὶ
410 4949 666 5012 Μωῦσέως
709 4947 912 5019 ὁμοίως
952 4950 1064 5009 τοῖς
1104 4946 1386 5015 προτέροις
1426 4941 1801 5011 κοινοποιηθή-

272 5048 431 5089 σεται.
453 5041 688 5111 Φήσομεν
715 5040 825 5110 γὰρ
843 5039 976 5109 πρὸς
996 5038 1175 5100 αὐτὸν,
1191 5037 1294 5089 τίνι
1314 5032 1405 5089 οὖν
1434 5034 1798 5107 προσήχθητε,

270 5121 441 5190 ἣδιότι
478 5131 742 5203 ἀνέγραψε
787 5130 1045 5200 περὶτῆς
1092 5129 1283 5183 ἐαυτοῦ
1314 5128 1570 5197 τελευτῆς
1619 5126 1799 5179 τοιαῦ-

270 5230 329 5265 τα
364 5219 457 5291 (49)
495 5239 509 5286 ;
547 5244 564 5276 ι
612 5226 722 5278 Καὶ
766 5221 1113 5294 ἐτελεύτησεν
1155 5225 1271 5276 ἐκεῖ
1310 5223 1543 5293 Μωῦσῆς
1585 5222 1800 5291 οἰκέτης

337 5328 540 5391 “Dent.
570 5339 748 5402 me,
781 5337 836 5401 2,
871 5336 925 5391 5.

337 5441 434 5523 (ἦὸ)
459 5445 620 5523 (ὶοᾱιίἐ
650 5451 758 5523 duo
788 5446 1060 5523 Vaticani,
1091 5453 1141 5501 et
1168 5445 1291 5523 duo
1323 5444 1631 5523 Anglicani,
1666 5444 1792 5523 item

277 5506 450 5589 Regius
498 5528 548 5571 et
577 5506 1110 5589 rBasileensist'roi);
1168 5515 1374 5583 λόγους.
1412 5506 1795 5576 Ἰνιωεοιιθιὶυε,

273 5581 360 5656 mi
373 5581 535 5656 λργου.
565 5588 885 5656 Spencerns,
912 5585 1017 5639 τῶν
1045 5585 1235 5653 λόγων.

341 5648 561 5723 (46)ᾞώ
592 5648 686 5712 ἐπὶ
728 5648 967 5711 τούτου.
1024 5648 1129 5710 δίο
1168 5670 1356 5709 omnes
1396 5669 1524 5710 mss.
1573 5658 1799 5723 excepto

278 5714 467 5835 ignauo
526 5729 609 5796 qui
662 5743 784 5783 cum
838 5726 989 5781 libris
1050 5724 1207 5780 editis
1260 5726 1453 5789 habet,
1509 5724 1603 5778 καὶ
1662 5714 1797 5791 πρὸς

1908 4583 2187 4651 proposuit
2205 4578 2423 4648 sequar)
2444 4580 2523 4634 sic
2542 4593 2638 4631 nos
2656 4579 2954 4644 interrogat
2978 4575 3029 4627 in
3052 4585 3301 4627 sermone
3316 4584 3475 4639 quem

1910 4675 2072 4729 habet
2102 4689 2224 4727 cum
2255 4675 2335 4745 eis
2364 4685 2430 4723 ex
2465 4669 2575 4724 suis
2609 4664 2963 4737 pepularibus
3002 4664 3091 4731 qui
3122 4660 3343 4717 Christo
3381 4660 3475 4713 ad—

1909 4769 2220 4822 haeserunt:
2258 4783 2276 4815 ι
2305 4763 2421 4828 Quo
2456 4762 2620 4832 igitur
2650 4765 2971 4829 argumento
3012 4753 3255 4824 persuasi
3305 4752 3480 4807 estis?

1910 4876 1975 4913 an
2005 4859 2148 4927 quod
2180 4857 2426 4926 praedixit
2459 4870 2518 4909 se
2548 4860 2669 4923 post
2694 4858 2923 4903 mortem
2951 4845 3425 4903 resurrecturum?
3455 4862 3473 4895 ι

1911 4951 1974 5006 Ει
2004 4951 2108 5006 hoc
2139 4950 2375 5020 proclive
2418 4956 2516 5007 est,
2546 4954 2605 4999 ut
2638 4944 2916 5013 superiora
2952 4944 3003 4997 in
3033 4941 3271 5012 Moysem
3307 4946 3479 4993 retor—

1909 5056 2097 5112 quere.
2148 5042 2399 5095 Dicemus
2436 5038 2580 5090 enim
2615 5044 2671 5091 et
2693 5050 2822 5089 nos:
2856 5032 2975 5100 Quo
3008 5038 3329 5101 argumento
3354 5042 3474 5099 per-

1909 5135 2054 5189 suasi
2104 5133 2235 5188 estis
2268 5131 2290 5183 ?
2342 5145 2411 5183 an
2463 5130 2588 5198 quia
2636 5127 2701 5180 de
2732 5141 2828 5181 sua
2864 5135 3036 5181 morte
3072 5121 3293 5189 scripsit
3318 5121 3472 5175 haec:

1915 5245 1933 5277 ς
1958 5226 2305 5294 Mortuusque
2337 5231 2419 5277 est
2450 5220 2522 5275 ibi
2554 5218 2768 5289 Moyses
2794 5232 2986 5274 servus
3013 5213 3224 5272 Domini
3253 5212 3307 5267 in
3334 5222 3473 5267 terra

1980 5439 2087 5511 (47)
2115 5434 2284 5511 ᾼὺζῷ
2317 5432 2659 5511 χρωμένους
2673 5432 2949 5511 μίξρτοριτ
2981 5428 3206 5511 Guietus
3234 5432 3293 5475 ut
3315 5436 3478 5490 supra

1906 5498 2267 5581 Ιθέὶιίαὺτοῖς
2306 5498 2608 5581 χ’ρῶμενον,
2639 5498 2693 5555 et
2720 5502 2864 5555 delet
2900 5500 2978 5563 τὸ,
3012 5498 3264 5581 μάρτμριτ

1979 5512 2055 5579 git,
2086 5511 2267 5567 αὐτοῖς
2330 5511 2608 5574 ⁸ριὶιμενον,
2639 5515 2693 5555 et
2720 5511 2864 5555 delet
2900 5511 2978 5563 το,
3012 5511 3087 5567 μα
3125 5512 3184 5546 τυ
3228 5511 3264 5545 ιη

1979 5579 2091 5649 (48)
2118 5523 2526 5644 Προστῖχθητε.
2552 5572 2785 5627 Siemss.
2807 5582 2865 5623 ut
2883 5585 3066 5638 supra.
3088 5511 3244 5620 ἱίυῖῗ.
3269 5558 3473 5623 excusi,

1906 5650 2231 5721 multass-

1980 5668 2061 5719 ory
2084 5668 2231 5718 υητε.

1980 5668 2087 5791 (46)
2120 5713 2522 5782 Μεδ.,τοιαῦτα.
2555 5713 2711 5769 Libb.
2740 5710 2891 5776 editi,
2920 5708 3108 5764 ταῦτα.
