4002 6524
286 358 397 418 835

1498 353 1777 412 CONTRA
1816 349 2087 411 CELSUM
2126 351 2252 407 LIB.
2283 350 2347 409 11.

3444 348 3548 405 836

287 468 599 533 τασιωθεὶς,
652 468 788 541 ὅπερ
836 466 900 541 δή
952 467 1160 541 μυρίοις
1204 466 1576 539 συμϐέϐηκεν·
1638 468 1691 538 ἢ,
1737 468 1871 537 ὅπερ

1991 467 2077 520 sibi
2109 466 2289 520 animo
2323 463 2541 519 ﬁnxerit
2586 478 2705 534 quae
2736 460 3077 518 desiderabat
3106 480 3119 517 :
3151 461 3202 515 id
3231 460 3373 532 quod
3406 476 3549 529 saepe

291 562 517 633 μᾶλλον,
552 561 819 631 ἐκπλῆξαι
852 563 976 622 τοὺς
1018 560 1236 623 λοιποὺς
1289 562 1352 630 τῇ
1411 561 1665 630 τερατείᾳ
1704 558 1875 632 ταύτῃ

288 652 545 722 θελήσας,
584 652 678 705 καὶ
726 653 814 705 διὰ
858 651 950 705 τοῦ
1000 652 1239 705 τοιούτου
1285 651 1593 721 ψεύσματος
1626 650 1876 721 ἀφορμὴν

288 743 475 806 ἄλλοις
524 743 786 814 ἀγύρταις
834 746 1152 815 παρασχεῖν.
1188 761 1205 793 ι
1270 741 1423 793 Ἐπεὶ
1478 736 1571 792 οὖν
1634 738 1877 801 Ἰουδαῖός

290 836 444 887 ἑστιν
476 834 505 885 6
537 833 707 887 ταῦτα
741 835 934 903 λέγων,
986 834 1060 897 ὡς
1110 835 1245 905 πρὸς
1287 833 1535 886 Ἰουδαῖον
1581 830 1877 899 ἀπολογού-

294 926 439 997 μεθα
491 927 619 997 περὶ
664 926 758 979 τοῦ
790 926 1055 997 ἡμετέρου
1100 924 1293 994 Ἰησοῦ,
1332 922 1754 985 κοινοποιοῦντες
1802 922 1879 975 ἔτι

290 1017 384 1067 τὸν
418 1014 574 1083 λόγον
614 1016 741 1086 περί
787 1015 1061 1078 Μωῦσέως
1111 1015 1203 1067 καὶ
1235 1013 1481 1082 λέγοντες
1514 1010 1660 1080 αὐτῷ
1680 1028 1691 1040 ·
1726 1010 1880 1066 πόσοι

288 1104 334 1156 δ’
366 1103 517 1157 ἄλλοι
545 1104 767 1157 τοιαῦτα
817 1103 1221 1175 τερατεύονται,
1270 1104 1429 1155 όποῖα
1461 1101 1719 1170 Μωῦσῆς,
1767 1116 1883 1150 πει-

293 1194 421 1258 θοῦς
450 1196 615 1249 ἕνεκα
662 1195 769 1248 τῶν
801 1196 1009 1266 εὐήθως
1042 1196 1347 1249 ἀκουόντων
1403 1192 1883 1265 ὲνεργολαϐοῦντες

292 1291 362 1358 τῇ
395 1288 610 1360 πλάνῃ;
639 1289 748 1340 Καὶ
780 1288 994 1359 μᾶλλον,
1024 1289 1164 1342 κατά
1189 1288 1277 1340 τὸν
1297 1286 1627 1341 ἀπιστοῦντα
1650 1287 1879 1354 Μωῦσῇ,

294 1378 416 1431 ἐστὶ
444 1379 672 1432 δυνατὸν
720 1378 1057 1450 παραθέσθαι
1102 1379 1191 1431 τὸν
1222 1378 1485 1447 Ζάμολξιν
1515 1378 1607 1431 καὶ
1641 1375 1885 1443 Πυθαγό-

295 1486 399 1542 ραν
432 1471 562 1532 τοὺς
609 1470 1125 1541 τερατευσαμένους,
1180 1472 1323 1541 ἤπερ
1372 1470 1463 1522 τὸν
1505 1468 1771 1531 Ἰουδαῖον,
1824 1467 1882 1518 ού

296 1542 443 1615 πάνυ
470 1560 784 1629 φιλομαθῶς
808 1560 998 1630 ἔχοντα
1032 1561 1167 1631 πρὸς
1196 1560 1291 1623 τὰς
1328 1559 1591 1630 Ἑλλήνων
1626 1557 1882 1628 ἱστορίας.

295 1652 414 1704 Καὶ
440 1654 469 1703 6
504 1650 801 1719 Αἰγύπτιος
826 1651 882 1703 δὲ
910 1652 1153 1704 ἀπιστῶν
1182 1656 1291 1715 τοῖς
1322 1653 1451 1721 περὶ
1482 1650 1757 1712 Μωῦσέως
1784 1666 1888 1701 πα-

300 1742 566 1813 ραδόξοις,
616 1741 856 1804 πιθανῶς
887 1742 1258 1813 παραθήσεται
1286 1742 1375 1795 τὸν
1420 1742 1720 1812 Ῥαψίνιτον
1752 1742 1884 1813 (59).

1979 559 2281 615 innumeris
2313 557 2539 622 accidit;
2576 556 2679 621 vel,
2713 556 2853 625 quod
2879 555 3048 624 magis
3073 553 3415 620 crediderim,
3447 554 3549 606 hoc

1977 652 2220 722 prodigio
2250 650 2472 719 reliquis
2505 648 2814 702 hominibus
2858 646 3271 701 admirationem
3302 646 3549 700 incutere

1979 745 2230 809 voluerit,
2282 750 2336 799 et
2390 744 2490 797 hoc
2544 741 2824 796 mendacio
2874 742 3116 809 praebere
3158 739 3279 793 aliis
3307 738 3548 806 ejusdem

1979 835 2205 890 fallacia:
2249 833 2729 904 opportunitatem.
2760 850 2777 883 ι
2829 830 3089 897 Quoniam
3142 827 3549 899 igiturJudteus

1982 927 2094 981 haec
2129 926 2287 992 dicit,
2341 925 2493 994 quasi
2548 940 2669 980 cum
2720 923 2904 979 Judaeo
2936 922 3064 976 mihi
3118 936 3203 977 res
3248 931 3411 986 esset,
3455 936 3551 975 no-

1982 1027 2153 1072 strum
2181 1016 2362 1071 Jesum
2413 1015 2697 1071 defendam
2729 1014 2917 1071 eadem
2950 1016 3129 1067 omnia
3178 1011 3462 1067 reﬂectens
3494 1013 3547 1066 in

1982 1112 2245 1181 Moyscm.
2294 1108 2373 1162 Ac
2408 1108 2640 1177 primum
2674 1121 2834 1176 quam
2868 1105 3020 1159 multi
3071 1104 3183 1169 alii,
3217 1114 3276 1157 ut
3308 1104 3551 1171 stupidos

1984 1202 2358 1258 demulcerent
2412 1200 2707 1262 auditores,
2756 1206 2812 1253 et
2862 1205 3126 1265 quaestum
3175 1207 3363 1249 errore
3409 1193 3555 1248 face-

1985 1305 2127 1361 rent,
2157 1295 2370 1359 iisdem,
2406 1293 2603 1363 quibus
2637 1290 2871 1361 Moyses.
2905 1290 3165 1359 prodigiis
3204 1287 3358 1341 abusi
3390 1284 3554 1341 sunt?

1986 1385 2138 1453 Quod
2169 1386 2235 1439 ad
2268 1383 2599 1438 Zamolxidis
2629 1392 2682 1435 et
2708 1381 3029 1452 Pythagorae
3064 1379 3303 1449 prodigia
3334 1378 3551 1439 attinet,

1986 1493 2047 1530 ea
2080 1474 2490 1531 convenientius
2518 1471 2780 1541 obiecerit
2803 1472 2893 1541 qui
2927 1469 3095 1540 Moysi
3134 1484 3238 1523 non
3285 1467 3552 1532 crederet,

1987 1578 2147 1630 quam
2193 1560 2428 1626 Judaeus,
2462 1560 2547 1615 cui
2581 1560 2722 1614 haud
2769 1559 3056 1613 admodum
3090 1558 3238 1613 cordi
3271 1571 3391 1611 esse
3421 1556 3559 1611 solet

1987 1653 2421 1709 Griecanicarum
2456 1652 2823 1707 historiarum
2852 1652 3107 1721 cognitio.
3139 1649 3425 1721 Egyptius
3457 1662 3556 1700 au-

1992 1755 2098 1799 tem
2150 1744 2347 1799 nullam
2397 1744 2639 1799 tribuens
2685 1742 2883 1813 Moysis
2929 1742 3204 1796 miraculis
3260 1740 3442 1804 (idem,
3489 1740 3558 1791 de

295 1832 477 1900 λέγων
512 1832 689 1904 πολλῷ
730 1832 917 1885 τοῦτον
948 1828 1085 1885 εἶναι
1119 1833 1487 1905 πιθανώτερον
1524 1836 1604 1897 εἰς
1633 1833 1758 1904 ᾅδου
1787 1850 1886 1887 κα-

1991 1838 2326 1907 llampsinito
2380 1836 2731 1907 probabiliter
2794 1836 2997 1891 diceret
3046 1850 3168 1889 eum
3213 1847 3334 1888 esse
3388 1836 3558 1886 multo

295 1925 682 1994 ταϐεϐηκέναι,
720 1925 811 1978 καὶ
860 1925 1352 1993 συγκεκυϐευκέναι
1379 1929 1444 1996 τῇ
1472 1927 1743 1997 Δήμητρι,
1794 1927 1888 1981 καὶ

292 2015 540 2087 χρυσοῦν
586 2016 979 2087 χειρόμακτρον
1025 2019 1155 2089 παρ’
1184 2018 1353 2087 αὐτῆς
1405 2017 1730 2086 ἁρπάσαντα
1779 2017 1887 2071 δει-

296 2105 499 2158 κνύναι
555 2105 819 2176 σύμϐολον
864 2106 956 2159 τοῦ
1004 2109 1061 2160 ὲν
1111 2108 1237 2178 ᾅδου
1286 2108 1582 2176 γεγονέναι,
1637 2108 1888 2161 κάκεῖθεν

292 2195 701 2266 ἀναϐεϐηκέναι
725 2214 738 2226 ·
772 2198 1066 2261 Μωῦσέως,
1095 2199 1280 2252 ἑαυτὸν
1312 2198 1722 2269 ἀναγράψαντος
1753 2202 1890 2251 εἰσε-

294 2282 591 2354 ληλυθέναι
638 2288 716 2347 είς
762 2286 852 2338 τὸν
883 2285 1099 2353 γνόφον,
1150 2286 1281 2337 ὅπου
1310 2281 1376 2355 ἦν
1404 2287 1432 2337 6
1467 2285 1597 2348 Θεός
1620 2303 1633 2315 ·
1685 2286 1778 2339 καὶ
1808 2288 1888 2339 ὅτι

300 2374 466 2444 μόνος
517 2377 710 2445 ἦγγισε
758 2377 894 2447 πρὸς
940 2376 1030 2429 τὸν
1080 2377 1231 2439 Θεὸν,
1284 2376 1433 2447 παρά
1481 2379 1605 2440 τοὺς
1650 2377 1885 2441 λοιπούς.

308 2467 616 2537 Ἀνέγραψε
646 2466 753 2538 γὰρ
802 2468 1003 2531 οὕτως·
1052 2487 1071 2519 ι
1097 2469 1207 2520 Καὶ
1232 2468 1471 2537 Μωῦσῆς
1514 2469 1673 2538 μόνος
1718 2471 1892 2537 ὲγγιεϊ

298 2556 443 2626 πρὸς
468 2560 559 2610 τὸν
593 2558 746 2621 Θεὸν,
794 2560 841 2611 οί
865 2560 919 2612 δὲ
947 2560 1121 2612 λοιποὶ
1149 2560 1246 2612 οὐκ
1274 2559 1536 2627 ὲγγιοῦσι.
1566 2579 1584 2610 ι
1641 2562 1889 2630 Φήσομεν

293 2643 397 2697 οὖν
446 2646 606 2714 ἡμεῖς
650 2648 697 2698 οἱ
743 2647 834 2699 τοῦ
884 2648 1058 2717 Ἰησοῦ
1109 2648 1364 2719 μαθηταὶ,
1424 2648 1558 2719 πρὸς
1591 2649 1681 2702 τὸν
1722 2650 1889 2703 ταῦτα

296 2732 535 2803 λέγοντα
581 2737 846 2800 Ἰουδαῖον,
892 2739 1155 2807 ἀπολογοῦ
1208 2740 1271 2809 δὴ
1330 2742 1459 2809 ἡμῖν
1512 2742 1767 2811 περὶτῆς
1810 2744 1889 2805 είς

310 2822 527 2892 Ἰησοῦν
560 2824 795 2889 πίστεως
828 2826 934 2897 (60)
985 2826 1252 2895 ἐγκαλῶν,
1288 2828 1381 2879 καὶ
1432 2827 1555 2894 λέγε
1603 2827 1678 2898 τῷ
1727 2829 1891 2895 Λίγυ-

300 2915 451 2985 πτίῳ
502 2918 595 2969 καὶ
641 2921 753 2981 τοῖς
790 2918 1035 2990 Ἕλλησι,
1071 2921 1122 2971 τί
1169 2922 1359 2991 φήσεις
1394 2922 1528 2991 πρὸς
1577 2921 1611 2974 ἃ
1657 2924 1890 2991 ἤνεγκας

298 3005 448 3057 κατά
474 3004 567 3057 τοῦ
609 3006 786 3077 Ἰησοῦ
821 3008 976 3078 ήμῶν
1017 3010 1353 3081 ἐγκλήματα,
1394 3011 1671 3078 φθάσαντα
1704 3010 1768 3064 ἂν
1801 3012 1891 3065 καὶ

301 3097 401 3147 ἐπὶ
433 3096 704 3161 Μωῦσέα;
762 3097 883 3150 Κᾶν
912 3099 1051 3153 πάνυ
1082 3100 1138 3153 δὲ
1186 3100 1428 3171 ἀγωνίσῃ
1459 3101 1587 3170 περὶ
1614 3101 1891 3165 Μωῦσέως

302 3185 770 3255 ἀπολογήσασθαι,
821 3185 1007 3260 ῶσπερ
1056 3186 1149 3243 οῦν
1182 3191 1273 3243 καὶ
1321 3189 1432 3259 ἔχει
1467 3189 1765 3258 πληκτικὸν
1813 3191 1891 3243 λό-

302 3290 405 3341 γον
455 3275 547 3326 καὶ
578 3276 782 3346 ἐναργῆ
816 3278 882 3331 τὰ
929 3280 1058 3350 περὶ
1083 3279 1247 3333 αὐτοῦ
1268 3297 1280 3309 ·
1310 3280 1493 3349 λήσεις
1529 3280 1720 3332 σαυτὸν
1756 3279 1887 3349 (6i),

302 3369 364 3419 ἐν
388 3360 470 3430 οἷς
500 3369 627 3438 περὶ
648 3370 925 3433 Μωῦσὲως
953 3370 1285 3445 ἀπολογήσῃ,
1323 3372 1470 3427 ἄκων
1503 3372 1774 3443 συστήσας
1797 3373 1889 3426 τὸν

314 3459 530 3537 Ἰησοῦν
561 3461 839 3527 Μωῦσέως
872 3462 1185 3535 θειότερον

393 3639 547 3693 Ἐπεὶ
589 3640 645 3693 δὲ
673 3640 770 3705 τάς
803 3643 1045 3715 ήρωῑκάς
1079 3645 1318 3717 ἱστορίας
1372 3646 1498 3718 περὶ
1526 3646 1633 3701 τῶν
1666 3647 1777 3718 (62)
1813 3650 1892 3712 εἷς

306 3731 437 3799 ᾅδου
467 3732 901 3803 καταϐεϐηκέναι
926 3736 1253 3807 λεγομένων,
1292 3738 1544 3791 κάκεῖθεν
1569 3739 1893 3811 ἀνεληλυθέ-

306 3836 417 3886 ναι,
450 3822 732 3892 τερατείας
764 3818 899 3878 εἷναί
951 3842 1115 3896 φησιν
1164 3828 1191 3879 6
1231 3828 1381 3898 παρά
1411 3829 1487 3897 τῷ
1518 3829 1715 3900 Κέλσῳ
1758 3832 1888 3883 Ἰου-

304 3911 490 3974 δαῖος·
537 3912 613 3976 ὡς
640 3912 751 3966 τῶν
797 3913 991 3986 ἡρώων
1021 3916 1243 3984 ἀφανῶν
1292 3920 1600 3988 γενομένων
1649 3921 1739 3973 ὲπί
1770 3937 1891 3974 τινα

303 4002 521 4073 χρόνον,
555 4004 649 4056 καὶ
696 4004 1149 4076 ὑπεκκλεψάντων
1184 4009 1407 4072 ἑαυτοὺς
1431 4009 1531 4080 τῆς
1554 4010 1728 4080 ὅψεως
1757 4012 1893 4065 πάν-

306 4109 415 4145 των
460 4091 784 4164 ἀνθρώπων,
820 4096 913 4147 καὶ
961 4096 1099 4165 μετά
1144 4097 1316 4151 ταῦτα
1341 4100 1565 4162 ἑαυτοὺς
1592 4099 1892 4165 ἐπιδειξάν-

306 4198 435 4245 των,
467 4181 542 4245 ὡς
569 4182 677 4236 ἀπὸ
725 4182 852 4253 ᾇδου
886 4186 1288 4257 ἀνεληλυθότων
1323 4188 1566 4258 (τοιαῦτα
1610 4190 1719 4261 γάρ
1750 4190 1892 4244 ἔοικε

306 4274 438 4345 περὶ
486 4274 579 4328 τοῦ
633 4277 690 4329 ὲν
724 4276 1005 4348 Ὀδρύσαις
1044 4281 1302 4350 Ὀρφέως,
1352 4283 1565 4335 καὶτοῦ
1608 4286 1665 4336 ὲν
1697 4283 1895 4337 Θεσσα-

306 4363 399 4435 λίᾳ
444 4361 843 4434 Πρωτεσιλάου,
896 4368 1114 4423 καὶτοῦ
1144 4372 1237 4423 ἐπὶ
1282 4371 1535 4443 Ταινάρῳ
1576 4374 1890 4444 Ἡρακλέος,

1989 1930 2163 1997 magis
2191 1928 2411 1999 dignum
2450 1928 2574 1993 ﬁde,
2632 1942 2793 1995 quam
2846 1926 3104 1996 Moysem.
3150 1923 3313 1996 430
3339 1922 3470 1976 Nam
3502 1924 3557 1976 in

1991 2021 2194 2076 inferos
2243 2020 2607 2085 descendisse,
2659 2021 2853 2075 lusisse
2907 2019 3125 2074 tesseris
3174 2032 3297 2071 cum
3337 2016 3559 2079 Cerere,

1990 2111 2214 2165 mantile
2262 2126 2489 2168 aureum
2525 2112 2601 2165 illi
2651 2120 2895 2180 ereptum
2942 2109 3244 2166 ostendisse
3294 2107 3459 2162 veluti
3488 2108 3563 2160 si-

1989 2218 2152 2272 gnum
2204 2204 2285 2258 sui
2335 2205 2387 2258 in
2439 2202 2642 2258 inferos
2692 2204 3000 2267 descensus,-
3056 2202 3178 2256 inde
3210 2204 3425 2255 demum
3477 2212 3563 2254 re-

1991 2310 2239 2361 measse;
2294 2294 2409 2351 haec
2458 2297 2644 2351 omnia
2691 2296 2864 2365 magis
2914 2294 3195 2349 credibilia
3223 2309 3364 2360 esse,
3398 2308 3561 2357 quam

1991 2401 2109 2456 qua:
2141 2385 2354 2457 Moyses
2386 2388 2453 2443 de
2485 2403 2543 2444 se
2572 2388 2785 2454 scribit,
2818 2390 3052 2443 intrasse
3086 2403 3144 2443 se
3166 2388 3219 2442 in
3255 2386 3562 2456 caliginem,

1992 2478 2082 2533 ubi
2110 2478 2251 2533 Dens
2279 2480 2488 2543 erat“,
2539 2488 2765 2534 caeteros
2817 2479 3083 2544 exclusos,
3140 2479 3438 2533 accessisse
3478 2493 3567 2532 so-

1994 2571 2102 2625 lum
2140 2587 2154 2624 :
2187 2571 2303 2627 haec
2350 2571 2496 2625 enim
2549 2587 2668 2627 esse
2700 2572 2817 2640 ejus
2864 2572 3025 2627 verba
3063 2588 3074 2623 :
3115 2590 3133 2623 ι
3158 2570 3321 2626 Solus
3355 2570 3565 2640 Moyses

1992 2662 2212 2716 accedet
2243 2664 2306 2716 ad
2343 2661 2527 2725 Deum,
2568 2672 2620 2718 et
2652 2664 2743 2718 alii
2774 2679 2878 2717 non
2912 2662 3423 2733 apprOpinqnabunt
3445 2664 3511 2716 ⁸⁷.
3539 2681 3556 2711 ι

1992 2756 2176 2823 Itaque
2207 2770 2304 2809 nos
2334 2754 2457 2809 Jesu
2489 2754 2735 2823 discipuli
2768 2757 2834 2808 ad
2866 2753 3106 2810 Judaeum
3151 2756 3264 2809 haec
3290 2754 3561 2810 dicentem

1996 2849 2441 2919 respondebimus
2491 2866 2505 2901 :
2559 2857 2613 2901 tu
2662 2848 2751 2917 qui
2784 2848 3046 2904 {nostram
3102 2849 3153 2901 in
3187 2848 3368 2902 Jesum
3403 2849 3564 2904 [idem

1990 2940 2326 3003 criminaris,
2382 2949 2434 2994 te
2480 2940 2653 3007 ipsum
2692 2950 2863 2995 tuere.
2910 2939 3193 3010 Responde
3226 2940 3479 3011 [Egyptio
3510 2951 3562 2995 et

1992 3031 2195 3087 Graecis
2244 3031 2335 3099 qui
2386 3031 2573 3085 eadem
2620 3032 2673 3085 in
2706 3029 2941 3099 Moysem
2994 3043 3309 3100 retorquere
3338 3044 3566 3103 possunt

1994 3137 2113 3191 qua:
2163 3130 2219 3177 tu
2266 3131 2457 3178 contra
2488 3121 2671 3176 Jesum
2724 3123 2971 3176 attulisti.
3025 3123 3174 3188 Quod
3206 3127 3249 3178 si
3298 3126 3349 3178 in
3383 3124 3567 3195 Moyse

1995 3215 2354 3281 defendendo,
2410 3226 2469 3271 ut
2510 3231 2641 3271 sane
2674 3215 2887 3270 defendi
2937 3226 3111 3286 potest
3160 3227 3215 3272 et
3242 3218 3412 3273 solide
3444 3219 3564 3287 qui-

1995 3310 2140 3375 dem,
2187 3310 2278 3363 diu
2334 3309 2673 3379 multumque
2723 3310 3093 3377 contenderis;
3151 3311 3463 3381 imprudens
3506 3321 3564 3366 et

1994 3402 2133 3456 nihil
2167 3402 2234 3457 de
2267 3401 2393 3458 Jesu
2429 3403 2676 3473 cogitans
2727 3418 3061 3474 quaecunque
3109 3420 3205 3474 pro
3238 3406 3567 3462 vindicando

1992 3493 2175 3564 Moyse
2219 3494 2529 3565 protuleris,
2581 3493 2771 3549 iisdem
2820 3494 3023 3552 eﬂicies
3053 3498 3106 3553 in
3134 3496 3259 3554 Jesu
3291 3499 3418 3568 quid
3446 3514 3567 3555 esse

1993 3585 2251 3649 divinius,
2287 3600 2449 3655 quam
2481 3585 2532 3639 in
2568 3583 2767 3656 Moyse.

2059 3724 2151 3780 56.
2190 3726 2456 3792 Quoniam
2511 3740 2640 3781 vero
2690 3739 2758 3781 ex
2790 3726 2881 3791 iis,
2934 3740 3053 3796 qua:
3083 3725 3149 3781 de
3180 3722 3396 3795 Orpheo
3424 3726 3565 3794 apud

1993 3815 2257 3886 Odrysas,
2313 3818 2379 3873 de
2410 3817 2714 3872 Protesilae
2760 3819 2814 3872 in
2864 3816 3167 3883 Thessalia,
3219 3817 3285 3872 de
3334 3815 3566 3870 Hercule

1994 3910 2050 3963 in
2109 3907 2335 3962 Taenaro
2381 3909 2529 3963 etde
2574 3908 2784 3964 Theseo
2836 3924 2999 3976 supra
3055 3909 3239 3963 retulit
3282 3907 3423 3963 Celsi
3471 3906 3566 3962 ιιι.

1995 4002 2163 4065 daeus,
2212 4003 2327 4068 ejus
2361 4015 2501 4069 ,esse
2533 4002 2801 4056 sententia
2845 4004 3059 4057 videtur
3094 4004 3315 4057 heroum
3351 4003 3563 4058 illorum

1993 4103 2047 4147 et
2078 4092 2129 4145 in
2158 4091 2364 4147 inferos
2392 4093 2711 4148 descensum
2746 4102 2799 4147 et
2825 4107 2890 4147 ex
2926 4094 3113 4149 inferis
3141 4095 3393 4158 reditum,
3428 4109 3567 4163 prata

1993 4185 2183 4254 stigias
2234 4199 2356 4240 esse
2408 4202 2422 4239 :
2473 4186 2671 4255 quippe
2721 4186 2918 4253 quibus
2967 4187 3113 4257 ;satis
3160 4186 3326 4241 fuerit
3375 4186 3566 4240 abesse

1996 4277 2262 4346 quoddam
2293 4286 2523 4344 tempus,
2556 4276 2729 4332 oculis
2774 4277 3053 4330 hominum
3086 4291 3206 4331 sese
3238 4276 3563 4343 subducere,

1994 4376 2048 4422 et
2073 4376 2257 4435 postea
2306 4382 2364 4422 se
2414 4368 2467 4421 in
2497 4377 2846 4436 conspectum
2881 4369 3030 4432 dare,
3066 4377 3123 4422 ut
3158 4368 3227 4422 ab
3257 4366 3446 4421 inferis
3481 4382 3567 4421 re-

306 4454 388 4507 ἔτι
414 4456 471 4508 δὲ
500 4457 594 4508 καὶ⁵
636 4458 764 4528 περὶ
794 4458 1038 4528 Θησέως,
1085 4460 1368 4531 ἐμφαίνειν
1412 4461 1576 4515 αὑτοῦ
1615 4459 1647 4528 ή
1687 4462 1886 4534 λέξις)-

1996 4460 2158 4514 duces
2190 4460 2517 4514 haberentur
2553 4478 2565 4513 :
2603 4475 2702 4530 age
2743 4460 3035 4530 probemus
3084 4460 3136 4515 id
3165 4459 3305 4529 quod
3339 4461 3409 4515 de
3436 4458 3563 4514 Jesu

312 4546 447 4616 φέρε
495 4549 963 4617 παραστήσωμεν,
1018 4550 1098 4602 ὄτι
1138 4552 1196 4602 οὐ
1241 4551 1458 4604 δύναται
1504 4552 1566 4604 τὸ
1619 4554 1759 4606 κατά
1796 4553 1886 4606 τὸν

321 4637 527 4707 Ἰησοῦν
564 4639 942 4710 ἱστορούμενον
989 4643 1053 4694 ὲκ
1097 4642 1304 4713 νεκρῶν
1353 4644 1645 4714 ὲγηγέρθαι
1680 4644 1887 4707 τούτοις

310 4728 772 4798 παραϐάλλεσθαι.
813 4732 1075 4796 Ἕκαστος
1127 4734 1223 4803 μὲν
1269 4735 1379 4805 γὰρ
1428 4734 1535 4787 τῶν
1584 4734 1888 4805 λεγομένων

306 4818 447 4871 κατά
476 4820 601 4882 τοὺς
644 4820 841 4883 τόπους
870 4822 1061 4892 ἡρώων
1096 4823 1373 4894 βουληθεὶς
1403 4826 1468 4879 ἂν
1510 4826 1740 4895 ἐδυνήθη
1770 4827 1891 4878 ἐαυ-

307 4907 395 4959 τὸν
427 4908 767 4979 ὑπεκκλέψαι
813 4914 911 4981 τῆς
938 4912 1112 4982 ὅψεως
1155 4914 1262 4967 τῶν
1294 4915 1613 4986 ἀνθρώπων,
1662 4918 1757 4969 καὶ
1786 4917 1889 4970 πά-

308 4994 389 5046 λιν
430 4997 624 5068 κρίνας
656 4999 970 5053 ὲπανελθεῖν
1018 5004 1155 5073 πρὸς
1194 5003 1288 5068 οὒς
1333 5006 1750 5059 καταλέλοιπενσ
1796 5009 1892 5079 Ἰη-

309 5084 401 5138 σοῦ
431 5086 488 5139 δὲ
518 5089 920 5161 παυρωθέντος
959 5094 1051 5146 ἐπὶ
1096 5094 1311 5148 πάντων
1353 5096 1639 5164 Ἰουδαίων,
1674 5098 1767 5151 καὶ
1794 5116 1891 5152 κα-

380 5220 424 5251 ⁶⁶
458 5220 635 5275 Exod.
674 5236 766 5287 xx,
794 5222 886 5277 21.
966 5224 1011 5255 ⁸⁷
1046 5224 1218 5280 Exod.
1254 5242 1405 5294 xxiv,
1439 5226 1497 5281 2.

378 5354 491 5429 (59)
534 5358 946 5425 ΠαραΟήσεται
986 5364 1091 5414 τὸν
1136 5363 1497 5431 Ῥαψίνιτον.
1562 5365 1651 5419 Sic
1695 5382 1883 5423 omnes

312 5442 437 5504 mss.
472 5431 524 5504 in
556 5432 948 5504 quibus_eti.itn
974 5447 1133 5504 supra
1168 5434 1384 5502 legitur,
1420 5436 1741 5504 Ῥαψίνιτον,
1775 5455 1879 5491 non

321 5495 689 5593 :Eap'i'aivwov.
766 5498 922 5555 Libb.
971 5495 1103 5556 editi
1156 5495 1387 5567 habent,
1435 5495 1739 5577 παραθήσει
1786 5508 1880 5561 τὸν

339 5567 687 5637 Ραμψίνιτον.

356 5586 414 5619 βα
461 5586 687 5637 ψινιτον.

544 5638 619 5690 Ita
673 5641 792 5717 duo
827 5639 984 5717 codd.
1031 5642 1313 5717 Anglicani
1366 5654 1422 5698 et
1477 5646 1877 5717 dquVaticani.

313 5707 454 5787 Libri
506 5711 817 5787 vergediti,
846 5707 1213 5787 dmhoyoﬁvﬁs
1240 5715 1531 5787 ήμῖνᾼπερὶ
1563 5715 1664 5784 τῆς
1704 5716 1876 5787 Ἰησοῦ

316 5776 563 5842 πίστεως.
612 5779 781 5837 Forte
800 5776 1103 5851 legendum,
1138 5776 1401 5852 ἀπολογοῦ
1434 5776 1495 5856 δή
1526 5776 1657 5856 ἡμῖν
1702 5788 1730 5838 ό
1754 5776 1878 5858 περὶ

1993 4565 2059 4605 ex
2091 4550 2318 4604 mortuis
2367 4552 2766 4606 resurrectione
2811 4562 3165 4618 ntemosatur,
3196 4566 3319 4606 cum
3354 4552 3459 4607 illis
3489 4553 3564 4606 hi-

1992 4640 2176 4695 storiis
2227 4640 2536 4695 nullomodo
2585 4655 2742 4710 posse
2788 4643 3119 4710 comparari.
3163 4642 3384 4697 Illorum
3414 4643 3561 4697 enim

1994 4732 2160 4787 variis
2205 4732 2257 4786 in
2308 4732 2441 4788 locis
2489 4734 2711 4789 heroum
2761 4737 3133 4804 unusquisque
3183 4736 3375 4804 potuit,
3412 4740 3561 4800 lcum

1995 4824 2182 4888 voluit,
2214 4838 2333 4879 sese
2365 4827 2676 4894 conspectui
2724 4827 3001 4881 hominum
3034 4826 3379 4892 subtrahere,
3418 4836 3565 4896 post-

1993 4931 2188 4986 eaque,
2218 4918 2262 4972 si
2296 4919 2366 4972 ita
2396 4920 2690 4986 videretur,
2737 4920 2913 4974 redire
2947 4920 3012 4974 ad
3040 4934 3134 4976 eos
3164 4934 3300 4989 quos
3329 4919 3564 4987 relique-

1994 5015 2115 5073 rat;
2146 5005 2301 5063 Jesus
2335 5019 2539 5075 autem,
2586 5012 2675 5080 qui
2708 5010 2895 5066 aﬂlxus
2922 5012 3067 5066 cruci
3094 5010 3217 5082 {fuit
3248 5011 3424 5081 palam
3451 5010 3563 5080 μυ-

1993 5096 2122 5154 dazis
2148 5101 2421 5170 omnibus,
2477 5100 2630 5171 cujus
2658 5118 2855 5175 corpus
2892 5104 2958 5159 de
2991 5118 3169 5170 cruce,
3219 5105 3559 5174 inspectante

1989 5371 2085 5439 τῆς
2117 5371 2193 5431 εἰς
2233 5368 2437 5439 Ἰησοῦν
2471 5369 2704 5433 πίστεως
2732 5371 2995 5439 ἐγκαλῶν.
3028 5370 3192 5424 Paulo
3221 5377 3340 5439 post
3368 5385 3555 5428 omnes

1989 5455 2142 5545 "iss,
2187 5441 2280 5491 καὶ
2334 5439 2423 5491 ἐπὶ
2472 5441 2743 5505 Μωῦσέα;
2816 5442 3082 5511 impressi,
3130 5442 3223 5493 καὶ
3264 5442 3355 5493 ἐπὶ
3386 5443 3555 5498 Μωῦ-

1988 5524 2142 5561 σ.ως.

2198 5576 2399 5633 Omnes
2427 5593 2580 5645 mss.,
2624 5581 2806 5651 λήσεις
2830 5583 3041 5637 σαυτόν.
3096 5581 3367 5652 Impressi,
3414 5584 3553 5658 λήσῃ

2056 5666 2118 5701 υτ
2151 5666 2198 5701 ν.

1986 5664 2198 5701 σαυτόν.

2056 5666 2146 5701 υτο
2185 5686 2198 5700 .

2056 5666 2404 5796 ςθὶῖριηηεε
2450 5735 2605 5796 mss,
2664 5722 2903 5793 ἱστορίας
2950 5724 3074 5796 περὶ
3124 5724 3250 5780 τῶν.
3306 5725 3361 5780 In
3391 5735 3547 5780 antea

1984 5788 2145 5846 editis
2171 5790 2324 5847 deest
2356 5790 2480 5862 περί
2518 5791 2573 5846 in
2606 5800 2772 5847 textu.
