3902 6414
453 326 554 379 887

1924 329 2242 386 ORICENIS

3591 332 3687 390 888

449 439 671 508 populo,
700 439 967 494 sublatum
1005 438 1124 506 fuit,
1173 439 1443 510 quomodo
1476 441 1593 498 fieri
1636 442 1812 512 potuit
1842 454 1900 497 ut
1935 445 1998 498 fe-

2119 444 2459 517 θαιρεθέντος
2506 445 2668 500 αὐτοῦ
2716 447 2806 500 τοῦ
2855 446 3106 518 σώματος
3138 448 3193 500 ἐν
3240 445 3359 516 ὕψει
3387 443 3498 508 ,τοῦ
3522 445 3687 517 δήμου

449 529 588 584 cerit
616 530 743 599 quid
781 530 956 585 simile
1005 530 1107 585 illis
1154 532 1426 598 heroibus,
1478 534 1572 604 qui
1604 534 1657 588 iu
1691 533 1891 592 inferos
1917 538 2013 591 de-

448 621 726 675 scendisse
764 629 819 675 et
867 621 989 676 inde
1037 621 1238 676 reversi
1267 637 1386 678 esse
1413 625 1800 694 perhibentur?
1843 630 2015 696 Atque

445 710 590 766 haud
637 713 751 766 scio
796 726 863 766 an
903 711 1060 782 vulgo
1095 715 1298 770 credita
1331 715 1421 770 illa
1469 718 1694 772 heroum
1732 719 1783 773 in
1814 718 2013 774 inferos

446 803 731 858 descensio
764 819 955 858 novam
1004 807 1272 862 rationem
1324 809 1649 879 suppeditet,
1687 827 1786 865 cur
1810 815 2015 867 crucifi-

445 908 546 947 xus
580 893 743 948 fuerit
788 893 965 950 Jesus.
1021 895 1289 953 Ponamus
1331 901 1472 954 enim
1511 899 1693 956 Jesum
1723 903 2008 957 obscuram

443 982 640 1036 obiisse
671 996 923 1049 mortem,
976 987 1048 1041 ita
1080 996 1138 1041 ut
1166 1003 1312 1044 mors
1337 989 1452 1057 ejus
1481 1006 1583 1045 non
1618 991 1784 1046 fuerit
1821 994 2011 1062 p0puio

442 1073 542 1125 toti
575 1075 828 1142 cognita;
879 1091 1003 1131 eum
1031 1079 1226 1133 deinde
1257 1093 1324 1134 ex
1357 1082 1583 1135 mortuis
1610 1095 1737 1136 vere
1770 1097 2011 1137 resurre-

439 1163 623 1227 xisse;
677 1162 872 1220 fuisset
921 1167 989 1222 de
1015 1182 1082 1222 eo
1113 1169 1324 1224 dicendi
1370 1170 1540 1234 locus,
1567 1172 1709 1240 quod
1741 1177 1806 1226 de
1835 1173 2010 1227 herni-

440 1254 540 1310 bus
588 1258 956 1324 suspicamur.
1019 1261 1100 1314 Ad
1132 1261 1265 1316 alias
1293 1263 1456 1332 igitur
1489 1279 1701 1328 causas,
1732 1279 1828 1319 cur
1858 1263 2014 1320 Jesus

438 1347 731 1402 crucillxus
782 1348 969 1416 fuerit,
1019 1351 1139 1404 addi
1193 1351 1332 1406 forte
1385 1361 1560 1420 potest
1605 1362 1660 1408 et
1702 1353 1824 1420 ista,
1863 1353 2010 1407 illum

437 1438 613 1503 palam
662 1438 716 1491 in
774 1454 935 1494 cruce
971 1452 1243 1496 mortuum
1293 1458 1430 1504 esse,
1485 1453 1539 1498 ut
1579 1459 1646 1499 ne
1672 1446 1795 1513 quis
1849 1444 2007 1516 431

436 1527 646 1584 diceret
696 1529 848 1584 illum
903 1531 1169 1587 volentem
1223 1535 1290 1588 ab
1318 1535 1489 1590 oculis
1529 1535 1807 1590 hominum
1835 1552 2005 1591 reces-

435 1619 594 1685 sisse,
650 1635 757 1674 non
794 1632 1066 1677 mortuum
1107 1639 1313 1690 revera,
1371 1626 1467 1679 sed
1509 1627 1680 1680 visum
1716 1642 1834 1682 esse
1875 1628 2013 1680 duu-

438 1719 588 1765 taxat
630 1711 789 1776 mori,
843 1722 898 1765 et
949 1729 1226 1769 reversum
1286 1726 1492 1784 postea,
1553 1718 1768 1786 quando
1814 1719 2005 1780 voluit.

2117 534 2313 599 αὐτῶν,
2356 535 2471 599 πῶς
2498 535 2695 589 οἴονται
2732 537 2838 607 (65)
2869 537 2934 590 τὸ
2981 538 3352 609 παραπλήσιον
3388 536 3690 592 πλάσασθαι

2115 624 2291 693 λέγειν
2322 626 2481 680 αὐτὸν
2505 628 2616 689 τοῖς
2657 627 3054 698 ἱστορουμένοις
3083 629 3290 700 ἥρωσιν
3322 630 3403 691 εἰς
3442 627 3571 698 ᾅδου
3604 646 3691 683 κα·

2113 715 2492 787 ταϐεδηκέναι,
2525 715 2774 769 κάκεῖθεν
2817 717 3236 788 ἀνεληλυθέναι;
3290 717 3470 787 φαμὲν
3511 717 3580 781 δ’,
3611 719 3690 771 ὅτι

2117 806 2323 875 μήποτε
2373 805 2507 876 πρὸς
2549 806 2840 872 ἀπολογίαν
2895 806 2992 859 τοῦ
3045 806 3417 876 ἐσταυρῶσθαι
3459 807 3551 860 τὸν
3593 808 3690 878 Ἰη-

2116 894 2243 948 σοῦν
2276 895 2369 948 καὶ
2416 895 2622 948 τοιοῦτο
2665 895 2856 962 λέγοιτ’
2887 895 2976 960 ἂν,
3037 898 3267 967 μάλιστα
3316 897 3405 950 διὰ
3447 898 3517 951 τά
3568 900 3689 969 περ)⁸

2113 985 2219 1038 τῶν
2245 985 2436 1056 ἡρώων
2473 987 2822 1058 ίστορηθέντα
2847 987 2956 1040 τῶν
2989 990 3067 1050 είς
3095 988 3220 1058 ᾅδου
3257 988 3687 1059 καταϐεϐηκέναι

2116 1073 2206 1144 βίᾳ
2243 1075 2608 1146 νομιζομένων
2637 1077 2769 1148 (64),
2803 1080 2883 1131 ὄτι
2909 1081 2956 1130 εί
2987 1078 3106 1131 καθ’
3134 1079 3390 1132 ὑπόθεσιν
3415 1079 3444 1130 6
3489 1078 3688 1148 Ἰησοῦς

2117 1165 2394 1235 ἐτεθνήκει
2427 1167 2621 1238 ἀσήμῳ
2653 1168 2885 1238 θανάτῳ,
2916 1168 3012 1236 οὐχ
3043 1167 3183 1220 ὥστε
3210 1168 3368 1238 δῆλος
3399 1164 3538 1221 εἶναι
3569 1169 3690 1221 ἀπο-

2115 1255 2289 1309 θανὼν
2323 1257 2426 1327 ὅλῳ
2454 1258 2530 1328 τῷ
2557 1259 2711 1330 δήμῳ
2751 1259 2856 1312 τῶν
2893 1258 3178 1322 Ἰουδαίων,
3211 1254 3330 1313 εἶτα
3379 1259 3519 1329 μετά
3554 1258 3688 1312 τοῦτ’

2115 1343 2330 1415 ἀληθῶς
2369 1341 2436 1415 ἦν
2474 1346 2709 1410 ἀναστὰς
2754 1348 2817 1398 ἐκ
2862 1348 3089 1418 νεκρῶν,
3137 1346 3319 1419 χώραν
3351 1345 3498 1418 εῖχεν
3542 1348 3606 1401 ἂν
3635 1349 3690 1401 τὸ

2115 1436 2409 1506 ὑπονοηθὲν
2438 1438 2564 1508 περὶ
2591 1438 2698 1490 τῶν
2733 1436 2946 1508 ἡρώων,
2994 1435 3094 1492 καὶ¹
3116 1440 3245 1510 περὶ
3282 1440 3473 1492 τούτου
3503 1439 3692 1509 λεχθῆ-

2113 1544 2220 1579 ναι.
2249 1528 2460 1598 Μήποτ’
2493 1524 2584 1581 οὖν
2619 1530 2755 1598 πρὸς
2779 1529 2958 1593 ἄλλοις
2982 1530 3170 1593 αἰτίοις
3195 1529 3289 1583 τοῦ
3318 1530 3689 1602 σταυρωθῆναι

2111 1617 2202 1669 τὸν
2239 1617 2464 1688 Ἰησοῦν,
2499 1621 2591 1671 καὶ
2617 1619 2775 1672 τοῦτο
2801 1619 3023 1673 δύναται
3053 1619 3456 1690 συμϐάλλεσθαι
3483 1622 3579 1692 τῷ,
3609 1624 3692 1674 c.6-

2113 1709 2203 1760 16v
2259 1711 2540 1780 ἐπισήμως
2573 1711 2664 1763 ἐπὶ
2708 1710 2801 1763 τοῦ
2847 1711 3082 1781 σταυροῦ
3126 1711 3576 1782 ἀποτεθνηκέναι,
3610 1713 3691 1764 ῖνα

435 1815 588 1855 suam
618 1816 650 1857 e
680 1805 908 1858 mortuis
939 1807 1245 1876 prodigiose
1276 1807 1498 1862 finxisse
1528 1811 1998 1864 resurrectionem.

2116 1799 2302 1868 μηδεὶς
2352 1777 2449 1872 ἔχη
2501 1801 2698 1868 λέγειν,
2745 1803 2826 1854 ὅτι
2863 1777 3004 1855 ἑκὼν
3052 1803 3324 1873 ὑπεξέστη
3375 1777 3476 1872 τῆς
3522 1803 3690 1872 ὂψεως

433 1893 705 1944 Cancrum
738 1908 860 1947 cum
913 1895 1162 1964 discipuli
1191 1911 1249 1950 se
1280 1905 1423 1950 totos
1449 1897 1697 1951 dederint
1725 1898 2006 1962 doctrinae,

436 1993 599 2046 quam
638 1995 742 2033 non
791 1982 907 2035 sine
935 1997 1149 2037 smnmo
1179 1985 1442 2052 periculo,
1477 1993 1534 2037 ut
1573 1986 1848 2040 hominum
1879 1997 2006 2042 tunc

432 2071 546 2123 vita
596 2079 730 2132 erat,
799 2073 1042 2139 profiteri
1097 2084 1368 2144 poterant,
1426 2077 1524 2146 ipsi
1577 2077 1709 2132 mihi
1757 2078 2008 2132 videntur

434 2163 782 2230 perspicuum
828 2178 946 2218 esse
995 2174 1048 2218 et
1101 2166 1327 2221 evidens
1377 2168 1794 2224 resurrectionis
1843 2185 2005 2239 argu-

433 2264 695 2308 mentum.
749 2254 898 2310 Hanc
947 2256 1091 2310 enim
1138 2259 1468 2322 doctrinam,
1517 2259 1562 2312 si
1614 2259 1897 2315 [iunxissent
1931 2278 2008 2316 rc-

431 2346 738 2401 surrexisse
762 2345 946 2400 Jesum
995 2363 1062 2401 ex
1095 2349 1344 2412 mortuis,
1393 2357 1539 2402 tanta
1567 2352 1868 2404 constantia
1901 2369 2003 2406 non

432 2437 865 2502 annuntiassent,
919 2449 978 2492 ut
1021 2453 1129 2492 non
1173 2440 1348 2494 solum
1399 2441 1518 2495 aliis
1572 2443 1764 2495 mortis
1817 2443 2004 2512 despe-

426 2535 578 2579 ctum
626 2526 972 2592 instillarent,
1011 2528 1104 2584 sed
1151 2531 1316 2584 etiam
1346 2531 1445 2599 ipsi
1475 2532 1686 2600 priores
1707 2533 1847 2588 hanc
1877 2535 2003 2588 sub-

430 2627 591 2670 11³0111.

504 2793 589 2845 57.
624 2790 743 2846 .lam
784 2795 904 2850 vide
948 2810 1110 2864 quam
1153 2797 1561 2854 inconsiderate
1597 2801 1738 2868 apud
1787 2799 1999 2855 Celsum

427 2880 670 2950 Iudaeus,
705 2887 861 2954 quasi
898 2886 1014 2941 ﬁeri
1053 2901 1310 2956 nequeat,
1343 2900 1401 2944 ut
1427 2893 1550 2959 quis
1573 2907 1640 2945 ex
1669 2893 1894 2948 mortuis
1917 2909 2002 2948 re-

429 2985 619 3043 surgat
661 2976 779 3044 ipso
806 2992 1062 3046 corpore,
1099 2980 1244 3035 dicat
1275 3000 1288 3034 :
1320 3001 1338 3034 ι
1370 2982 1476 3037 Sed
1496 2984 1626 3038 illud
1653 2985 2001 3040 consideran-

427 3065 553 3117 dmn
593 3075 699 3131 est,
745 3083 812 3122 an
862 3069 1062 3138 aliquis
1113 3086 1238 3126 vere
1283 3082 1530 3129 mortuus
1559 3075 1850 3144 aliquando
1883 3077 1998 3144 ipso

425 3169 651 3223 corpore
683 3161 1237 3217 resurrexcrimllmc
1264 3162 1504 3231 profecto
1526 3163 1694 3219 Judaei
1725 3181 1827 3219 non
1851 3176 1995 3220 sunt.

425 3243 480 3298 ls
504 3244 646 3298 enim
683 3246 840 3300 fidem
889 3250 1134 3319 adjungit
1182 3251 1248 3305 iis
1280 3267 1402 3320 qua:
1435 3254 1487 3306 in
1525 3255 1683 3308 tertio
1717 3264 1770 3307 et
1805 3267 1998 3322 quarto
2048 3307 2052 3311 .

427 3334 630 3404 Regum
663 3335 798 3391 libro
821 3341 1024 3407 scripta
1053 3351 1181 3394 sunt
1213 3344 1278 3396 de
1306 3344 1570 3410 puerulis,
1600 3361 1829 3413 quorum
1860 3347 1995 3401 alte-

429 3440 546 3477 rum
583 3425 760 3490 Elias,
826 3429 1058 3482 Elisazus
1103 3430 1334 3484 alterum
1386 3433 1690 3488 suscitavit.
1749 3434 1861 3489 lmo
1897 3437 1997 3491 hac

425 3517 765 3584 potissimum
809 3533 975 3572 causa
1002 3519 1187 3574 Jesum
1223 3523 1289 3576 ad
1327 3522 1541 3579 Judaeus
1576 3526 1790 3592 potius,
1835 3544 1994 3594 quam

426 3607 493 3659 ad
526 3606 684 3658 aliam
721 3616 933 3674 gentem
970 3610 1184 3664 venisse
1229 3611 1496 3679 arbitror,
1535 3616 1679 3683 quod
1722 3617 1998 3673 miraculis

425 3695 719 3749 assuefacti
749 3705 907 3749 erant
939 3714 951 3748 :
990 3706 1046 3749 ut
1096 3698 1347 3753 videlicet
1380 3701 1725 3756 conferendis
1768 3705 1833 3757 iis
1879 3721 1996 3773 qua:

426 3785 631 3839 credita
677 3785 930 3853 fuerant,
985 3803 1106 3841 cum
1158 3790 1279 3843 aliis
1312 3805 1430 3858 qua:
1465 3791 1532 3844 ab
1553 3791 1678 3846 .lesu
1711 3793 1907 3848 fiebant
1942 3805 1997 3850 et

426 3875 494 3928 de
523 3874 615 3930 illo
639 3874 974 3940 ferebantur,
1010 3877 1225 3931 tandem
1251 3891 1609 3948 agnoscerent
1649 3896 1794 3948 cum,
1821 3900 1848 3936 a
1889 3901 1995 3954 quo

424 3976 482 4020 et
514 3977 736 4035 propter
768 3984 932 4036 quem
963 3970 1168 4039 majora
1209 3974 1565 4040 patrabantur
1587 3984 1750 4044 atque
1772 3977 1997 4032 incredi-

425 4056 620 4112 hiliora
660 4059 964 4124 miracula,
1017 4061 1282 4130 majorem
1320 4065 1424 4118 illis
1461 4066 1718 4122 omnibus
1757 4083 1877 4123 esse
1903 4072 1992 4138 qui

423 4158 836 4213 praecesserant.

490 4235 581 4290 68.
614 4237 908 4307 Postquam
940 4250 1119 4296 autem
1153 4241 1368 4297 .ludtcus
1399 4258 1428 4297 e
1467 4242 1778 4301 Graecorum
1817 4248 1990 4303 histo-

421 4325 518 4381 riis
551 4329 821 4398 ejusmodi
889 4333 1170 4388 hominum
1221 4336 1522 4405 praestigias
1581 4337 1871 4408 ﬁctamque
1925 4357 1988 4396 e1

2110 1892 2218 1943 τῶν
2248 1891 2568 1962 ἀνθρώπων,
2611 1895 2704 1946 καὶ
2736 1894 2912 1958 ἔδοξεν
2954 1895 3401 1965 ἀποτεθνηκέναι,
3435 1895 3539 1948 οὐκ
3571 1896 3692 1947 ἀπο·

2106 1984 2332 2053 τέθνηκε
2380 1985 2457 2046 δὲ,
2505 1985 2618 2038 ἀλλ’
2669 1988 2951 2054 ἐπιφανεὶς
2998 1986 3391 2058 ἐτερατεύσατο
3435 1985 3545 2055 (65)
3597 1988 3692 2058 τὴν

2109 2077 2171 2126 ἐκ
2229 2073 2433 2144 νεκρῶν
2473 2074 2789 2128 ἀνάστασιν.
2841 2075 3020 2143 Σαφὲς
3061 2075 3105 2127 δ’
3142 2073 3292 2146 οἶμαι
3327 2075 3425 2128 καὶ
3469 2076 3692 2147 ἐναργὲς

2107 2161 2328 2216 εἶναιτὸ
2359 2167 2420 2216 ἐκ
2467 2163 2573 2216 τῶν
2610 2163 2868 2234 μαθητῶν
2906 2165 3066 2218 αὑτοῦ
3101 2165 3458 2236 ἐπιχείρημα,
3497 2169 3693 2220 ἐπικιν-

2105 2254 2244 2324 δύνῳ
2278 2253 2384 2323 (66)
2419 2255 2494 2317 ὼς
2546 2255 2681 2325 πρὸς
2711 2255 2802 2306 τὸν
2826 2254 2936 2306 τῶν
2965 2253 3263 2326 ἀνθρώπων
3304 2255 3418 2324 βίον
3441 2256 3690 2308 διδασκα-

2105 2345 2194 2415 λίᾳ
2242 2345 2464 2409 ἑαυτοὺς
2515 2345 2910 2397 ἐπιδεδωκότων
2931 2362 2944 2375 ο
2977 2345 3042 2416 ἠν
3066 2345 3166 2397 οὐκ
3193 2345 3278 2411 ἂν,
3327 2345 3690 2414 πλασσόμενοι

2103 2436 2164 2487 τὸ
2199 2435 2492 2505 ἐγηγέρθαι
2529 2435 2618 2487 τὸν
2661 2435 2868 2504 Ἰησοῦν
2897 2436 2959 2488 ὲκ
2991 2435 3218 2504 νεκρῶν,
3255 2435 3431 2498 οὕτως
3460 2436 3690 2499 εὐτόνως

2104 2525 2348 2588 ἐδίδαξαν
2367 2542 2379 2555 ·
2415 2525 2550 2595 μετά
2582 2525 2674 2578 τοῦ
2707 2527 2796 2580 καὶ
2817 2527 2968 2579 αὐτοὶ
2991 2527 3051 2579 οὐ
3087 2527 3244 2596 μόνον
3271 2527 3496 2598 ἐτέρους
3521 2544 3691 2598 παρα-

2105 2613 2390 2676 σκευάζειν
2424 2614 2559 2685 πρὸς
2607 2613 2667 2666 τὸ
2717 2613 2946 2668 θανάτου
2978 2618 3359 2686 καταφρονεῖν,
3398 2615 3515 2668 ἀλλ’
3541 2616 3688 2669 αὐτοὶ

2104 2700 2240 2754 πολὺ
2269 2702 2533 2774 πρότερον
2563 2702 2670 2772 (67)
2694 2703 2850 2756 τοῦτο
2873 2707 3061 2758 ποιεῖν.

2171 2791 2412 2862 Πρόσχες
2445 2792 2521 2855 δὲ,
2557 2795 2602 2844 εί
2635 2793 2708 2862 μὴ
2735 2794 2876 2846 πάνυ
2911 2793 3122 2861 τυφλῶς
3151 2794 3179 2844 6
3209 2793 3362 2864 παρά
3391 2793 3472 2863 τῷ
3501 2793 3685 2862 Κέλσῳ

2115 2881 2381 2945 Ἰουδαῖος,
2409 2883 2483 2945 ὡς
2523 2882 2782 2935 ἀδυνάτου
2811 2883 2964 2945 ὄντος
2995 2883 3088 2936 τοῦ
3121 2883 3446 2937 ἀνίστασθαί
3476 2902 3596 2939 τινα
3625 2886 3687 2939 ὲκ

2101 2971 2310 3042 νεκρῶν
2334 2972 2480 3042 αὐτῷ
2501 2972 2731 3042 σώματι,
2756 2973 2920 3043 φησίν
2939 2989 2952 3002 ο
2980 2991 2998 3023 ι
3038 2973 3175 3025 Ἀλλ’
3201 2975 3380 3026 ἐκεῖνο
3402 2975 3682 3040 σκεπτέον,

2101 3061 2154 3113 εί
2179 3077 2262 3124 τις
2287 3060 2502 3132 ἀληθῶς
2525 3049 2807 3115 ἀποθανὼν
2835 3061 3034 3131 ἀνέστη
3059 3064 3185 3116 ποτὲ
3213 3062 3365 3133 αὐτῷ
3393 3063 3628 3133 σώματι·
3661 3085 3678 3115 ι

2101 3154 2200 3205 οὐκ
2232 3153 2297 3207 ἂν
2335 3153 2443 3224 γὰρ
2476 3149 2627 3206 εἶπεν
2663 3154 2691 3205 6
2748 3153 2994 3216 Ἰουδαῖος
3027 3154 3227 3218 ταῦτα,
3265 3157 3543 3210 πιστεύων
3579 3161 3686 3221 1st;

2099 3247 2157 3296 ἐν
2184 3247 2249 3314 τῇ
2281 3245 2440 3316 τρίτῃ
2469 3244 2574 3296 τῶν
2605 3244 2896 3298 Βασιλειῶν
2929 3246 3467 3316 ἀναγεγραμμένοις,
3501 3249 3594 3302 καὶ
3619 3253 3681 3321 τῇ

2096 3339 2332 3411 τετάρτῃ
2378 3339 2506 3408 περὶ
2548 3337 2847 3408 παιδαρίων
2889 3332 2963 3390 ὧν
3005 3337 3066 3389 16
3115 3340 3211 3408 μὲν
3255 3339 3445 3410 ἕτερον
3507 3342 3684 3404 Ἠλίας

2098 3431 2412 3501 ἀνέστησεν,
2443 3430 2502 3481 τὸ
2531 3429 2588 3481 δὲ
2616 3429 2798 3480 λοιπὸν
2835 3428 2942 3499 (68)
2970 3431 2999 3481 6
3045 3429 3368 3492 Ἐλισσαῖος.
3405 3432 3506 3484 Διά
3533 3433 3685 3485 τοῦτο

2095 3520 2138 3572 δ’
2166 3515 2314 3589 οἶμαι
2345 3521 2436 3572 καὶ
2463 3520 2552 3572 τὸν
2595 3518 2799 3587 Ἰησοῦν
2845 3520 2944 3572 οὐκ
2973 3519 3114 3586 ἄλλῳ
3152 3520 3296 3572 ἔθνει
3327 3522 3360 3590 ἢ
3411 3523 3682 3585 Ἰουδαίοις

2097 3611 2570 3682 ἐπιδεδημηκέναι,
2611 3614 2722 3673 τοῖς
2763 3609 2914 3663 ἐθάσι
2948 3611 3256 3681 γενομένοις
3299 3615 3441 3683 πρὸς
3479 3614 3548 3666 τα
3579 3633 3680 3668 πα-

2101 3701 2323 3772 ράδοξα·
2366 3705 2431 3772 τῇ
2476 3699 2772 3772 παραθέσει
2799 3701 2907 3752 τῶν
2951 3701 3400 3770 πεπιστευμένων
3445 3703 3582 3772 πρὸς
3617 3704 3680 3756 τά

2098 3795 2188 3846 ὑπ’
2236 3793 2400 3846 αὐτοῦ
2448 3793 2712 3862 γενόμενα
2767 3793 2859 3844 καὶ
2916 3793 3042 3863 περὶ
3096 3791 3262 3844 αὑτοῦ
3325 3795 3680 3865 ἱστορούμενα

2095 3886 2242 3948 ὅπως
2269 3884 2697 3956 παραδέξωνται,
2724 3883 2806 3934 ὅτι
2831 3876 3006 3947 οὗτος,
3039 3883 3166 3954 περὶ
3193 3883 3252 3936 ὃν
3277 3884 3473 3952 γέγονε
3507 3886 3680 3954 μείζο-

2094 3993 2180 4039 να,
2233 3977 2324 4028 καὶ
2377 3976 2464 4043 ὑφ’
2507 3968 2567 4025 οὗ
2613 3972 2935 4044 ἐπετελέσθη
2987 3973 3412 4044 παραδοξότερα,
3469 3976 3677 4031 πάντων

2097 4069 2318 4121 ἐκείνων
2352 4066 2552 4137 μείζων
2579 4059 2666 4134 ἦν.

2168 4242 2285 4293 Ἔτι
2323 4241 2378 4293 δὲ
2410 4239 2524 4309 μεθ’
2555 4237 2621 4302 ἃς
2650 4235 2916 4308 παρέθετο
2942 4238 2970 4289 6
3010 4237 3262 4300 Ἰουδαῖος
3293 4239 3537 4309 ἱστορίας
3574 4239 3678 4293 Ἐλ-

2095 4332 2340 4402 ληνικὰς,
2377 4331 2503 4401 περὶ
2530 4331 2637 4382 τῶν
2666 4331 2864 4382 ὡσανεὶ
2884 4329 3392 4399 τερατευσαμένων,
3428 4332 3523 4384 καὶ
3553 4333 3674 4400 περὶ

420 4421 650 4474 mortuis
683 4423 1140 4476 resurrectionem
1177 4425 1228 4476 iu
1273 4426 1508 4478 medium
1543 4427 1755 4492 attulit,
1794 4430 1863 4484 ita
1898 4447 1992 4487 eos

2111 4423 2203 4476 τῶν
2245 4423 2320 4484 ὠς
2350 4422 2694 4475 ἀναστάντων
2728 4422 2792 4474 ἐκ
2819 4420 3045 4490 νεκρῶν,
3079 4420 3210 4488 φησὶ
3244 4419 3384 4489 πρὸς
3417 4421 3543 4484 τοὺς
3572 4421 3674 4473 ἀπὺ

419 4525 452 4563 e
500 4507 736 4577 Iudaeis,
775 4512 866 4580 qui
917 4515 970 4566 in
1011 4511 1194 4567 Jesum
1236 4514 1603 4579 crediderunt,
1661 4519 1987 4586 compellat:

423 4618 444 4650 σ
472 4601 552 4654 An
580 4617 699 4656 cum
732 4603 845 4656 hmc
867 4607 934 4658 de
966 4605 1088 4658 aliis
1112 4605 1334 4663 auditis,
1366 4605 1576 4660 fabulas
1608 4621 1726 4662 esse
1749 4611 1990 4664 etvideri

417 4695 828 4759 pronuntiatis:
869 4709 1058 4751 vestra:
1089 4712 1216 4749 vero
1240 4696 1431 4751 fabulae
1459 4699 1667 4752 exitum
1708 4701 1907 4754 bellum
1937 4713 1988 4755 et

417 4785 732 4839 credibilem
785 4787 1059 4842 invenisse
1116 4789 1272 4844 vobis
1332 4790 1589 4845 videmini
1649 4808 1772 4847 cum
1836 4796 1988 4850 nobis

415 4874 670 4927 emissam
705 4891 736 4929 e
777 4893 938 4931 cruce
973 4879 1022 4930 in
1055 4889 1300 4932 extremo
1331 4880 1523 4946 spiritu
1582 4896 1772 4936 vocem
1801 4883 1987 4938 obtru-

421 4965 593 5019 ditis?
623 4988 640 5017 ι
678 4967 758 5020 Ad
791 4983 908 5036 qua:
945 4984 1045 5023 nos
1100 4971 1342 5026 dicemus
1380 4989 1396 5026 :
1432 4973 1561 5039 Qua:
1600 4983 1652 5027 tu
1693 4976 1984 5044 protulisti,

1314 5175 1541 5230 Videtur
1605 5175 1982 5239 scribendum,

417 5234 535 5309 πῶς
563 5234 678 5309 οἷόν.
697 5256 775 5309 τε,
808 5252 912 5309 etc.
966 5234 1112 5295 Ordo
1141 5245 1428 5297 verborum
1474 5254 1577 5306 est,
1630 5245 1744 5309 πῶς
1790 5242 1900 5299 οἷόν
1930 5234 1989 5298 τε

414 5306 591 5385 λέγειν
622 5307 783 5385 αὑτὸν
816 5308 1120 5385 πλάσασθαι
1148 5312 1210 5364 τὸ
1235 5315 1633 5385 παραπλήσιον.

487 5376 598 5448 (ϐξ)
627 5377 737 5448 Βίᾳ
767 5379 1180 5448 νομιζομένων.
1245 5376 1334 5437 Sic
1374 5376 1576 5438 habent
1619 5399 1812 5439 omnes
1853 5400 1986 5440 mss.

415 5445 520 5498 Sed
557 5446 877 5526 Bolrerellus
904 5445 1088 5504 censet
1120 5452 1401 5506 delendam
1436 5469 1626 5508 vocem
1660 5453 1768 5526 βίᾳ.
1826 5454 1980 5510 Libb.

412 5516 620 5586 excusi,
656 5514 1006 5586 βιαζομένων.
1660 5514 1670 5523 ’
1726 5514 1738 5526 ’
1975 5537 1980 5542 ·

485 5583 596 5662 (65)
628 5587 760 5662 Οὐαί
773 5583 1142 5662 ᾁὲτοτέθνηκε
1165 5589 1251 5655 δὲ,
1269 5593 1416 5662 ,ἀλλ’
1449 5593 1760 5661 ἐπιφανεὶς
1790 5595 1988 5662 erepa-

418 5654 692 5725 τεύσατο.
729 5655 818 5709 Sic
848 5672 1036 5711 omnes
1064 5654 1202 5713 'tnss.
1239 5654 1403 5715 Libri
1455 5654 1583 5716 vero
1629 5654 1834 5725 excusi,
1879 5654 1986 5716 οὐκ

424 5723 754 5795 ἀποτέθνηκε
778 5726 858 5790 δὲ,
892 5728 966 5779 ὅτ’
1003 5729 1286 5801 ἐϐουλήθη,
1317 5731 1475 5784 πάλιν
1527 5723 1832 5801 ἐπιφανεὶς
1870 5736 1985 5788 ἐτε-

487 5167 612 5237 (65)Δ
651 5169 783 5234 Πῶς
835 5171 1083 5236 οἴονται,
1131 5186 1238 5227 etc.

2111 4514 2377 4568 Ἰουδαίων
2404 4511 2481 4581 τῷ
2509 4511 2682 4582 Ἰησοῦ
2706 4511 3053 4573 πιστεύοντας
3075 4527 3088 4541 °
3118 4530 3136 4562 ε
3166 4512 3236 4563 Ἢ
3256 4512 3458 4576 οἴεσθε,
3481 4513 3550 4565 τά
3580 4515 3671 4583 μὲν

2095 4605 2203 4658 τῶν
2242 4604 2414 4660 ἄλλων
2458 4601 2658 4674 μύθους
2700 4598 2837 4655 εἶναι
2879 4619 2938 4654 τε
2972 4603 3066 4654 καὶ
3093 4601 3286 4664 δοκεῖν,
3321 4603 3452 4672 ὑμῖν
3494 4603 3550 4655 62-:
3581 4603 3670 4673 τὴν

2096 4696 2473 4767 καταστροφὴν
2519 4694 2612 4746 τοῦ
2649 4693 2919 4764 δράματος
2960 4692 3309 4763 εὐσχημόνως
3355 4695 3390 4764 ἢ
3440 4695 3669 4757 πιθανῶς

2096 4787 2430 4859 ἐφευρῆσθαι
2459 4786 2554 4857 τὴν
2583 4787 2674 4838 ἐπὶ
2713 4784 2806 4838 τοῦ
2842 4784 3104 4846 σκόλοπος
3131 4783 3297 4837 αὐτοῦ
3342 4787 3548 4858 φωνὴν,
3593 4786 3665 4839 ὅτ’

2093 4881 2354 4946 ἀπέπνει;
2388 4898 2407 4930 ι
2435 4879 2679 4949 Φήσομεν
2701 4877 2833 4948 πρὸς
2851 4876 2942 4929 τὸν
2977 4875 3246 4937 Ἰουδαῖον,
3277 4875 3360 4928 ὅτι
3380 4877 3476 4940 οὓς
3508 4877 3668 4948 παρέ-

2095 4975 2188 5028 θου
2215 4973 2412 5043 μύθους
2439 4965 2575 5023 εἶναι
2597 4969 2953 5038 νενομίκαμεν
2969 4984 2982 4998 ο
3007 4967 3074 5021 τὰ
3091 4968 3147 5022 δὲ
3179 4971 3287 5024 τῶν
3307 4969 3503 5024 κοινῶν
3521 4968 3665 5039 ὑμῶν

2127 5173 2410 5247 οιτεύσατοἴ
2443 5174 2756 5247 Boherellus
2779 5177 2857 5231 sic
2883 5175 3136 5247 legebat,
3159 5178 3259 5231 οὐκ
3319 5177 3654 5247 ἀποτέθνηκε

2109 5245 2166 5303 se.
2201 5243 2312 5319 ἀλλξ
2337 5245 2414 5298 ὅτ’
2475 5246 2760 5319 ἐϐουλήθη,
2822 5243 2983 5299 πάλιν
3031 5248 3321 5319 ἐπιφανεὶς
3370 5243 3659 5319 ἐτερατεύ-

2092 5315 2445 5386 σατοτύριιοιη
2474 5315 2864 5370 correctionem
2891 5315 3456 5386 sequitnr’interpres.

2162 5382 2682 5457 (6-6)‘0_IIHles_l_nSS.,
2720 5385 3066 5456 ἐπικινδύνῳ,
3102 5382 3498 5457 τευιὶυεήυαηι
3529 5387 3654 5442 libb.

2092 5453 2242 5512 editi,
2274 5452 2366 5504 ἐπὶ
2404 5453 2648 5512 κινδύνῳ.

2165 5507 2276 5607 (67)
2315 5521 2534 5607 Οιιικεδν
2556 5507 2710 5607 nt:ss.,
2747 5523 2879 5607 πολὺ
2914 5525 3196 5607 προτερον.
3225 5595 3236 5607 _
3259 5526 3433 5593 Alias,
3485 5523 3658 5581 πολλοὶ

2413 5590 2574 5682 Forte
2600 5595 2903 5682 legendum,
2926 5590 3450 5682 πολλιῖᾗπρότερονί.
3590 5658 3615 5682 τ

2165 5662 2276 5734 (68)
2307 5664 2380 5718 lta
2410 5664 2570 5719 codd.
2618 5662 2812 5734 Regius
2849 5677 2914 5734 et
2975 5662 3325 5722 Bas'ilee'nsis'.
3363 5667 3541 5734 Alias,
3582 5662 3652 5720 ὧν

2095 5731 2181 5783 τὸν
2214 5733 2309 5801 μὲν
2340 5733 2616 5804 ἐτερον....
2648 5731 2737 5786 τὸν
2761 5733 2815 5786 δὲ
2847 5732 3056 5802 λοιπόν,
3087 5747 3196 5790 etc.
