4002 6520
165 373 270 430 889

1404 369 1685 428 CONTRA
1717 371 1992 430 CELSUM
2018 372 2147 430 LIB.
2180 369 2246 425 ιι.

3320 355 3425 412 890

166 487 305 559 πρὸς
331 486 478 558 ἡμᾶς
504 484 758 557 Γραφῶν,
798 487 856 540 ὲν
885 478 973 549 αἷς
997 486 1096 555 οὐχ
1122 484 1282 556 ὑμεῖς
1309 484 1478 557 μόνοι,
1504 485 1640 540 ἀλλά
1660 487 1752 540 καὶ

1876 504 1914 540 ea
1945 487 2216 543 credimus
2237 494 2360 538 esse
2387 477 2630 542 fabulas;
2656 489 2776 546 quae
2799 487 2932 530 vero
2949 471 3249 542 Scriptura!
3273 471 3426 527 nobis

168 581 331 651 ἡμεῖς
349 577 738 648 σεμνυνόμεθα,
760 577 1012 649 οὐδαμῶς
1039 577 1238 649 μύθους
1256 573 1392 631 εἷναί
1422 596 1618 649 φαμεν.
1641 579 1757 632 Διό-

172 689 275 741 περ
296 672 391 724 καὶ
411 672 524 733 τοῖς
551 687 619 722 πε
628 670 680 742 pi.
707 670 816 723 τῶν
837 673 954 723 ἐκεῖ
966 670 1312 724 ἀναστάντων
1329 671 1392 722 ἐκ
1409 669 1617 741 νεκρῶν
1629 670 1757 741 γράο

169 763 301 833 φασι
341 761 687 831 πιστεύομεν,
718 763 794 824 ὼς
827 761 900 832 μὴ
930 763 1372 833 τερατευομένοις
1393 779 1408 793 ο
1441 763 1534 815 καὶ
1561 762 1639 832 τῷ
1667 763 1755 813 ὲν-

170 853 365 916 ταῦθα,
389 853 465 916 ῶς
490 855 584 906 καὶ⁸
611 855 924 925 προειπόντι
945 856 1040 907 καὶ
1067 853 1494 926 προφητευθέντι
1515 854 1608 906 καὶ
1629 854 1758 906 ἀνα-

174 944 377 996 στάντι.
405 942 590 1014 Τούτῳ
611 943 667 996 δὲ
689 944 1119 1016 παραδοξότερον
1141 943 1248 1014 (69)
1271 937 1424 1006 οὗτος
1453 942 1516 996 ὲκ
1544 941 1752 1012 νεκρῶν

171 1034 409 1096 ἀναστὰς
450 1037 582 1105 παρ’
633 1034 894 1097 ἐκείνους,
944 1035 1026 1087 ὅτι
1059 1035 1300 1096 ἐκείνους
1333 1033 1430 1104 μὲν
1477 1032 1754 1102 προφῆται

171 1127 474 1196 ἀνέστησαν
526 1126 710 1189 Ἠλίας
760 1128 853 1180 καὶ
902 1127 1219 1189 Ἐλισσαῖος,
1267 1123 1455 1178 τοῦτον
1492 1123 1536 1176 δ’
1579 1123 1753 1187 οὐδεὶς

172 1217 277 1271 τῶν
316 1219 638 1288 προφητῶν,
669 1218 781 1270 ἀλλ’
808 1219 836 1270 ὁ
865 1219 923 1270 ἐν
955 1221 1068 1281 τοῖς
1098 1219 1347 1288 οὐρανοῖς
1384 1217 1595 1286 Πατήρ.
1633 1214 1752 1267 Διό·

173 1325 277 1378 περ
309 1311 407 1361 καὶ
443 1309 664 1378 μείζονα
702 1310 994 1380 εἰργάσατο
1027 1310 1058 1380 ὴ
1105 1309 1292 1362 τούτου
1322 1308 1616 1370 ἀνάστασις
1655 1307 1754 1376 τῆς

173 1401 398 1452 ἐκείνων
437 1401 804 1464 ἀναστάσεως.
843 1402 907 1454 Τί
945 1401 1053 1472 γάρ
1092 1400 1406 1471 τηλικοῦτον
1442 1398 1521 1470 τῷ
1565 1399 1752 1468 κόσμῳ

174 1494 278 1546 ἀπο
304 1493 419 1546 τῶν
445 1494 790 1548 ἀναστάντων
821 1482 1120 1565 παιδαρίων
1143 1494 1210 1546 δι’
1251 1494 1432 1546 Ἠλίου
1462 1495 1554 1546 καὶ
1581 1492 1754 1544 Ἐλισ-

175 1586 326 1638 σαίου
382 1587 707 1657 γεγένηται,
768 1589 948 1640 ὁποῖον
1013 1587 1101 1640 διὰ
1181 1587 1279 1656 τῆς
1333 1583 1746 1656 κηρυσσομένης

172 1677 526 1742 ἀναστάσεως
567 1679 762 1750 Ἰησοῦ,
799 1680 1023 1750 δυνάμει
1057 1678 1178 1748 θείᾳ
1208 1677 1673 1747 πεπιστευμένηςς

1857 579 2135 634 vobiscum
2153 584 2470 630 communes
2490 578 2546 623 et
2569 568 2761 624 eodem
2788 567 2841 621 iu
2859 565 3036 635 pretio
3073 565 3214 633 apud
3243 572 3426 617 utros-

1856 684 1962 738 que
2016 666 2214 723 habita:
2272 668 2720 723 commemorant,
2771 671 2834 711 ea
2898 654 3108 709 fabulas
3146 667 3265 708 esse
3301 667 3426 722 per~

1864 774 2148 830 negamus.
2197 756 2539 824 Quapropter
2564 767 2698 821 quas
2722 749 2977 804 historias
3000 753 3224 800 narrant
3250 745 3320 800 de
3339 745 3424 808 iis,

1859 849 1949 914 qui
1984 862 2016 902 e
2053 844 2284 900 mortuis
2328 848 2720 904 surrexerunt,
2775 852 2929 891 veras
2977 836 3249 890 credimus
3282 849 3423 898 esse,

1861 956 1965 995 non
1995 935 2398 994 commentitias
2425 952 2440 1001 ;
2471 933 2713 1001 adeoque
2745 938 2800 985 et
2825 927 3007 982 Jesum
3042 925 3208 980 fuisse
3227 937 3258 979 e
3278 939 3426 978 mor-

1863 1032 1968 1085 tuis
1997 1028 2338 1090 suseitatum,
2375 1035 2434 1079 ut
2465 1033 2521 1078 et
2556 1023 2671 1092 ipse
2705 1032 2760 1075 et
2803 1018 3083 1088 prophetae
3103 1014 3431 1086 prwnuntia-

1859 1133 2070 1179 verant.
2089 1120 2229 1188 Quin
2254 1128 2310 1174 et
2342 1116 2503 1186 hujus
2536 1131 2568 1171 e
2593 1113 2819 1169 mortuis
2851 1109 3179 1165 resurrectio
3206 1120 3292 1169 eo,
3321 1120 3431 1175 prae

1851 1224 2174 1272 caeterorum
2235 1208 2653 1269 resurrectione,
2683 1203 2855 1272 magis
2881 1202 3042 1270 digna
3075 1197 3432 1252 admiratione

1851 1319 1955 1372 est,
1987 1307 2128 1378 quod
2161 1304 2280 1358 illos
2298 1301 2570 1372 prophetze
2599 1298 2742 1352 Elias
2763 1305 2818 1350 et
2846 1295 3069 1348 Elisaaus
3097 1289 3430 1354 suscitarint,

1853 1401 1996 1454 hunc
2020 1410 2196 1458 nemo,
2222 1394 2313 1450 sed
2343 1392 2609 1460 l’aterqui
2639 1388 2860 1444 iucmlis
2885 1396 2967 1441 est
2983 1386 3048 1440 ⁸⁸.
3072 1384 3188 1451 Quo
3208 1383 3432 1444 factum,

1853 1501 1912 1545 ut
1953 1489 2231 1544 uberiores
2279 1486 2394 1554 ejus
2435 1483 2658 1547 fuerint,
2711 1494 2873 1550 quam
2929 1477 3156 1531 aliorum
3190 1486 3437 1528 resurre-

1853 1575 2052 1632 ctionis
2081 1573 2309 1628 iructus.
2340 1569 2478 1636 Quid
2501 1567 2784 1622 enimhoni
2814 1566 3011 1620 mundo
3027 1562 3236 1634 peperit
3259 1575 3438 1616 resur-

1855 1669 2026 1724 rectio
2046 1664 2396 1736 puerulorum
2414 1675 2548 1731 quos
2569 1661 2844 1714 emortuis
2866 1663 3191 1712 revocarunt
3216 1653 3359 1707 Elias
3380 1660 3436 1706 et

177 1753 426 1834 Elisieus,
457 1773 600 1839 quod
620 1771 856 1826 conferri
883 1745 1048 1841 poSsit
1086 1745 1208 1824 curm
1230 1768 1392 1840 532
1416 1745 1894 1822 commoditatibus
1917 1773 2038 1829 quae
2065 1755 2265 1810 mundo
2289 1753 2570 1808 redierunt
2600 1767 2664 1805 ex
2692 1748 2818 1805 Jesu
2855 1745 3271 1808 resurrectione,
3293 1749 3437 1813 post-

174 1877 334 1933 quam
393 1863 706 1932 pervulgata
757 1873 870 1928 est,
917 1872 972 1918 et
1008 1863 1156 1917 illam
1198 1876 1416 1924 omnes,
1459 1860 1510 1915 id
1563 1869 1757 1930 agente
1796 1854 1975 1910 divina
2012 1851 2232 1913 virtute,
2260 1843 2656 1903 crediderunt?

245 1994 435 2046 Οἶεται
471 1993 528 2046 δὲ
554 1993 838 2061 τερατείαν
877 1988 1015 2046 εἶναι
1045 1993 1139 2047 καλ⁸
1179 1993 1271 2047 τὸν
1304 1993 1524 2064 σεισμὸν
1557 1993 1650 2046 καὶ
1675 1991 1765 2042 τὸν

1937 1987 2028 2042 59.
2061 1985 2404 2054 Figmentum
2433 1980 2597 2034 etiam
2625 1991 2747 2032 esse
2776 1983 2929 2045 putat
2955 1981 3119 2028 terrae
3153 1979 3358 2025 motum
3384 1979 3440 2023 et

181 2084 368 2135 σκότον
404 2083 515 2153 (70')
544 2101 556 2113 ·
589 2083 718 2154 περὶ
748 2077 844 2149 ὧν,
874 2083 1014 2136 κατά
1044 2084 1104 2135 τὸ
1127 2084 1371 2148 δυνατὸν,
1404 2085 1462 2136 ὲν
1484 2087 1592 2146 τοῖς
1621 2083 1763 2135 ἀνω-

178 2173 316 2245 τέρω
335 2174 823 2246 ἀπελογησάμεθα,
848 2175 1213 2247 παραθέμενοι
1235 2176 1324 2228 τὸν
1345 2175 1613 2243 Φλέγοντα
1630 2174 1763 2243 (71),

183 2266 544 2337 ἱστορήσαντα
583 2267 722 2320 κατά
753 2267 843 2320 τὸν
877 2269 1064 2338 χρόνον
1094 2266 1189 2320 τοῦ
1223 2267 1427 2330 πάθους
1459 2264 1552 2317 τοῦ
1587 2265 1768 2336 Σωτῆ-

184 2373 270 2428 ρος
285 2356 519 2411 τοιαῦτσ.
543 2359 913 2430 ἀπηντηκέναι
933 2377 946 2389 ο
973 2378 991 2410 ι
1018 2361 1111 2412 καὶ
1127 2361 1208 2412 ὅτι
1225 2357 1332 2421 ζῶν
1354 2359 1450 2428 μὲν
1473 2358 1572 2410 οὐκ
1594 2357 1765 2427 ἐπήρ-

183 2467 336 2503 κεσεν
384 2451 586 2521 ἑαυτῷ,
622 2453 815 2522 νεκρὸς
844 2453 889 2505 δ’
933 2452 1130 2522 ἀνέστη
1153 2469 1165 2481 ο
1199 2450 1390 2504 καὶτὰ
1429 2452 1630 2520 σημεῖα
1669 2449 1768 2516 τῆς

184 2542 458 2604 κολάσεως
491 2541 689 2606 ἔδειξεν
718 2544 746 2594 ὁ
777 2541 1004 2612 Ἰησοῦς,
1040 2544 1133 2594 καὶ
1160 2541 1257 2604 τάς
1289 2543 1495 2611 χεῖρας,
1528 2541 1602 2602 ῶς
1629 2536 1768 2610 ἦσαν

184 2650 459 2704 πεπερονη
470 2634 627 2704 μέναι
644 2651 656 2666 ·
674 2635 794 2686 »καὶ
809 2633 1185 2703 πυνθανόμεθα
1205 2632 1394 2695 αὑτοῦ,
1408 2633 1460 2684 τί
1472 2633 1552 2694 τὸ,
1566 2652 1583 2682 ί
1605 2633 1708 2701 ὲπή
1720 2649 1769 2702 ρ-

184 2741 340 2778 κεσεν
355 2725 538 2794 ἐαυτῷ
563 2725 673 2794 (72)
692 2741 738 2789 ;›
760 2726 822 2777 Εἰ
850 2725 947 2795 μὲν
960 2723 1068 2794 γάρ
1089 2725 1224 2794 πρὸς
1244 2724 1444 2794 ἀρετήν
1463 2741 1476 2753 ο
1498 2724 1764 2793 φήσομεν,

184 2817 263 2870 δτι
292 2819 390 2870 καί
426 2819 566 2871 πάνυ
610 2834 674 2886 γε
719 2818 1043 2887 ἐπήρκεσεν.
1091 2815 1257 2868 Οὐδὲν
1285 2815 1393 2886 γὰρ
1422 2815 1621 2868 ἄτοπον
1659 2813 1772 2866 οὔτ’

187 2909 486 2978 ἐφθέγξατο
512 2909 624 2962 οὔτ’
658 2909 941 2979 ὲποίησεν’
995 2906 1109 2960 ἀλλ’
1144 2906 1360 2976 ἀληθῶς
1389 2906 1464 2968 ὼς
1498 2906 1769 2976 πρόϐατον

187 3001 274 3053 ἐπὶ
300 3000 520 3071 σφαγὴν
538 3000 700 3070 ἤχθη,
722 3001 815 3053 καὶ
833 2999 908 3062 ῶς
924 2997 1092 3068 ἀμνὸς
1119 2997 1357 3049 ἐναντίον
1381 2996 1475 3049 τοῦ
1493 2998 1769 3066 κείροντος

187 3090 433 3161 ἄφωνος·
466 3091 562 3144 καὶ
594 3093 862 3162 μαρτυρεῖ
891 3091 951 3143 τὸ
989 3089 1342 3160 Εὐαγγέλιον,
1372 3090 1451 3141 ὅτι
1481 3082 1636 3150 οὗτος
1673 3089 1773 3142 οὐκ

187 3183 362 3254 ῆνοιξε
396 3185 455 3238 τὸ
485 3184 656 3254 στόμα
685 3182 872 3236 αὑτοῦ.
908 3183 970 3235 Ei
997 3183 1053 3235 δὲ
1085 3182 1164 3247 τὸ,
1203 3199 1220 3232 ι
1254 3182 1580 3253 ἐπήρκεσεν,
1609 3200 1626 3231 I
1665 3181 1772 3232 ἀπὸ

187 3274 290 3325 τῶν
317 3275 506 3345 μέσων
528 3275 621 3326 καὶ⁵
643 3272 968 3342 σωματικῶν
996 3271 1282 3341 λαμϐάνει,
1305 3272 1505 3342 φαμὲν,
1529 3272 1610 3323 ὃτι
1640 3272 1767 3324 ἀπε-

1873 2078 2142 2132 tenebras.
2173 2073 2278 2129 Sed
2312 2071 2378 2126 ad
2415 2073 2514 2125 hoc
2544 2069 2653 2138 jam
2687 2082 2785 2136 pro
2812 2065 3019 2120 viribus
3059 2063 3440 2133 respondimus

1869 2169 1922 2223 in
1951 2165 2356 2236 superioribus,
2397 2163 2484 2216 ubi
2521 2160 2755 2216 diximus
2789 2158 2888 2211 hos
2936 2164 3162 2211 eventus
3197 2171 3225 2209 a
3277 2154 3439 2208 Phle-

1871 2268 2032 2326 gonte
2057 2254 2411 2322 consignatos
2459 2250 2627 2303 fuisse
2662 2257 2908 2316 tempore
2931 2259 3037 2314 quo
3070 2258 3262 2314 passus
3282 2240 3441 2298 Jesus

1855 2345 1990 2402 ‘l'uit.
2022 2348 2102 2400 Ad
2130 2347 2244 2399 haec
2271 2358 2438 2397 vero:
2472 2360 2490 2393 ι
2525 2341 2736 2395 Etcum
2768 2338 2967 2392 additis
2991 2353 3131 2398 eum,
3159 2335 3252 2403 qui
3287 2334 3443 2385 vivus

1873 2437 2073 2491 auxilio
2101 2435 2203 2489 sibi
2229 2447 2354 2488 esse
2388 2447 2492 2485 non
2525 2430 2722 2498 potuit,
2753 2438 3024 2482 mortuum
3052 2423 3440 2482 resurrexisse,

1874 2533 1927 2586 iII
1962 2544 2190 2598 corpore
2223 2525 2472 2596 supplicii
2517 2531 2674 2578 notas
2697 2561 2710 2584 ,
2740 2521 2790 2574 iII
2833 2518 3082 2574 manibus
3111 2524 3444 2570 monstrasse

1872 2623 2150 2678 clavorum
2205 2617 2467 2686 vestigia;
2496 2633 2514 2666 ι
2575 2627 2706 2682 rogo
2748 2611 2878 2681 quid
2922 2607 3228 2674 signiﬁcent
3284 2606 3439 2658 haec:

1879 2733 1898 2765 ι
1937 2714 2050 2767 Sibi
2085 2710 2293 2764 auxilio
2327 2723 2450 2762 esse
2490 2720 2595 2759 non
2634 2703 2826 2773 potuit.
2855 2721 2874 2754 ι
2921 2704 3003 2754 Au
3035 2701 3101 2752 ad
3140 2696 3440 2751 virtutem?

1874 2800 1978 2856 Sed
2013 2795 2227 2851 abunde
2276 2793 2378 2848 sibi
2426 2789 2628 2845 auxilio
2657 2787 2777 2844 fuit.
2824 2785 2934 2840 Nec
2975 2785 3118 2838 enim
3150 2781 3443 2851 quidquam

1873 2902 1966 2944 aut
2013 2889 2224 2942 locutus
2262 2895 2366 2949 est,
2413 2892 2504 2936 aut
2549 2881 2678 2934 fecit
2724 2887 2913 2934 contra
2959 2877 3240 2930 virtutem.
3303 2870 3442 2926 Vere

1875 2983 2019 3036 enim
2051 2990 2109 3032 ut
2138 2978 2254 3032 ovis
2284 2976 2350 3029 ad
2379 2955 2926 3029 occisionem'ductus
2957 2979 3057 3030 est,
3089 2976 3144 3021 et
3169 2975 3224 3018 ut
3249 2977 3447 3032 agnus,

1873 3073 1963 3143 qui
1988 3084 2170 3125 coram
2210 3066 2463 3120 tondente
2491 3076 2549 3116 se
2583 3059 2910 3115 obmutescit
2935 3057 2982 3089 ⁸⁹
3012 3074 3025 3110 :
3063 3057 3259 3124 quippe
3286 3066 3446 3121 quem

1874 3179 2027 3219 suum
2062 3176 2124 3214 os
2149 3176 2254 3214 non
2272 3155 2548 3226 aperuisse
2572 3163 2801 3208 testatur
2823 3148 3190 3217 Evangelium.
3217 3144 3371 3211 Quod
3398 3143 3444 3196 si

1877 3253 2014 3314 lucc,
2047 3267 2066 3302 ι
2088 3249 2191 3305 sibi
2223 3245 2424 3301 auxilio
2450 3255 2572 3297 esse
2599 3257 2704 3294 non
2735 3242 2928 3308 potuit,
2963 3257 2980 3289 ι
3009 3238 3076 3292 de
3110 3231 3450 3289 rebusiudif—

188 3363 442 3435 δείξαμεν
468 3366 532 3416 ἐκ
559 3363 666 3416 τῶν
692 3363 1036 3431 Εὑαγγελίων
1062 3364 1143 3415 ὅτι
1178 3362 1317 3415 ἑκὼν
1355 3363 1447 3414 ἐπὶ
1476 3363 1627 3415 ταῦτ’
1649 3362 1767 3433 ἐλή-

1876 3343 2174 3399 l‘erentibus
2203 3349 2256 3393 et
2283 3338 2562 3405 corporeis
2589 3334 2856 3403 intelligit,
2899 3331 3013 3400 jam
3037 3342 3103 3381 ex
3135 3323 3450 3392 Evangeliis

189 3454 365 3507 λυθεν.
386 3449 500 3507 Εἶθ’
527 3453 652 3524 ἑξῆς
681 3453 888 3514 τούτοις
906 3452 1073 3504 εἰπὼν
1101 3451 1168 3504 τὰ
1188 3453 1296 3508 ἀπὸ
1318 3451 1412 3505 τοῦ
1442 3450 1772 3518 Εὐαγγελίου

191 3545 268 3598 ὅτι
293 3545 367 3598 τὰ
406 3549 606 3615 σημεῖα
639 3545 739 3615 τῆς
770 3544 1047 3607 κολάσεως
1081 3544 1278 3610 ἔδειξεν
1320 3542 1557 3606 ἀναστὰς
1600 3544 1665 3594 ὲκ
1693 3559 1777 3594 νε-

193 3637 360 3708 κρῶν,
394 3637 487 3688 καὶ⁵
512 3635 609 3698 τὰς
626 3638 813 3705 χεῖρας
833 3635 908 3697 ὡς
928 3631 1066 3705 ἦσαν
1090 3652 1225 3687 πεπε
1236 3634 1544 3704 ρονημέναι,
1577 3632 1777 3685 πυνθά-

194 3743 373 3790 νεται,
400 3728 492 3779 καὶ
511 3727 656 3794 λέγει
675 3743 688 3756 ο
713 3726 796 3790 τίς
821 3725 976 3778 τοῦτο
1002 3724 1105 3779 εἶδε
1127 3743 1140 3791 ;
1163 3727 1273 3779 Καὶ
1302 3725 1371 3777 τὰ
1403 3725 1529 3796 περὶ
1561 3724 1777 3795 Μαρίας

195 3818 289 3889 τῆς
317 3819 686 3888 Μαγδαληνῆς
708 3817 1025 3883 διαϐάλλων,
1055 3817 1513 3888 ἀναγραφομένης
1541 3814 1780 3887 ἑωρακέ-

196 3923 301 3971 ναι,
336 3904 494 3960 εἶπε·
535 3926 554 3958 ι
592 3907 731 3976 Γυνὴ
767 3907 1117 3977 πάροιστρος,
1163 3925 1180 3956 ›
1219 3903 1293 3968 ὡς
1324 3904 1480 3973 φατέ.
1519 3903 1625 3956 Kal.
1657 3903 1778 3954 ἐπεὶ

201 4002 273 4073 μὴ
318 4002 456 4072 μόνη
496 4000 632 4071 αὕτη
675 4002 1086 4070 ἀναγέγραπται
1132 3997 1431 4068 ἑωρακέναι
1475 3995 1780 4048 ἀναστάντα

200 4093 286 4145 τὸν
328 4091 559 4161 Ἰησοῦν,
583 4091 717 4144 ἀλλά
749 4093 843 4144 καὶ
875 4090 1053 4145 ἄλλοι·
1081 4091 1175 4142 καὶ
1203 4087 1372 4142 ταῦτα
1401 4087 1724 4158 κακηγορῶν
1753 4089 1780 4139 δ

201 4185 409 4262 Κέλσου
465 4183 715 4246 Ἰουδαῖός
764 4200 897 4253 φησι
934 4184 1028 4236 καὶ
1067 4201 1085 4234 ‹
1129 4184 1179 4236 ei
1223 4198 1308 4244 τις
1360 4181 1522 4244 ἄλλος
1555 4180 1663 4234 τῶν
1716 4182 1781 4234 ἐκ

201 4277 297 4346 τῆς
329 4277 504 4347 αὐτῆς
528 4277 802 4350 γοητείας.
846 4296 863 4327 I

273 4451 426 4518 Εἶτα,
458 4455 534 4518 ῶς
562 4453 858 4522 δυναμένου
884 4449 1072 4504 τούτου
1102 4447 1394 4519 συμϐῆναι,
1427 4446 1570 4515 λέγω
1594 4446 1658 4516 δὴ
1687 4442 1783 4498 τοῦ

205 4545 504 4616 φαντασίαν
534 4547 638 4598 τινὶ
663 4541 905 4611 γίνεσθαι
933 4541 1059 4611 περὶ
1086 4539 1178 4592 τοῦ
1208 4539 1527 4609 τεθνηκότος
1549 4536 1623 4598 ὡς
1653 4535 1786 4600 ζῶν-

205 4657 313 4704 τος,
337 4637 587 4708 ἐπιφέρει
608 4635 681 4697 ὼς
721 4631 1112 4704 Ἐπικούρειος,
1143 4632 1236 4683 καὶ
1255 4629 1420 4698 λέγει,
1455 4648 1471 4678 ι
1502 4627 1644 4681 κατά
1663 4643 1784 4680 τινα

1880 3433 2055 3501 palam
2085 3431 2187 3487 feci
2215 3431 2362 3484 illum
2384 3431 2435 3483 in
2460 3430 2559 3482 has
2579 3440 2851 3482 terumnas
2872 3422 3141 3475 volentem
3168 3415 3446 3472 incidisse.

1877 3523 2168 3594 Postquam
2217 3533 2397 3576 autem
2441 3520 2530 3574 ille
2567 3535 2634 3574 ex
2683 3514 2974 3584 Evangelio
3028 3510 3212 3565 retulit
3258 3505 3448 3560 Jesum

1882 3624 2002 3684 post
2034 3612 2491 3667 resurrectionem
2524 3625 2588 3664 ex
2623 3607 2880 3669 mortuis,
2914 3601 2996 3658 sui
3020 3599 3269 3669 supplicii
3296 3597 3453 3650 exhi-

1885 3708 2065 3761 buisse
2111 3705 2336 3775 vestigia
2373 3712 2428 3757 et.
2468 3716 2660 3754 manus
2701 3697 2871 3752 clavis
2898 3693 3230 3764 perforatas,
3257 3686 3454 3758 quzerit

1881 3799 2005 3868 quis
2032 3798 2146 3851 hrc
2173 3795 2367 3849 \iderit
2403 3813 2414 3848 :
2447 3803 2502 3848 et
2535 3793 2602 3846 ad
2647 3790 2875 3844 Mariam
2905 3782 3256 3853 Magdalenen
3282 3779 3453 3846 respi-

1883 3891 2056 3952 ciens,
2086 3903 2206 3956 qua:
2242 3887 2440 3940 vidisse
2463 3883 2740 3945 scribitur,
2772 3879 2852 3932 sic
2876 3877 3018 3930 illam
3045 3871 3254 3940 injuriis
3277 3870 3454 3922 inces-

1882 3983 1991 4035 sit:
2027 3997 2045 4030 ι
2081 3979 2292 4041 Mulier,
2319 3987 2377 4029 ut
2405 3972 2723 4044 ipsidicitis,
2756 3969 3012 4023 fanatica.
3041 3984 3060 4015 ›
3087 3965 3152 4016 Et
3185 3961 3308 4030 quia
3345 3974 3452 4012 nou

1884 4070 1971 4124 illa
2021 4069 2169 4132 sola,
2215 4067 2308 4122 sed
2354 4066 2520 4119 etiam
2566 4063 2654 4116 alii
2692 4067 2986 4115 narrantur
3024 4055 3208 4110 Jesum
3259 4050 3456 4105 vidisse

1880 4163 2218 4222 redivivum,
2251 4158 2424 4228 pergit
2466 4164 2522 4209 et
2564 4155 2698 4208 istos
2742 4151 3072 4206 traducere:
3125 4163 3142 4196 ι
3173 4143 3240 4197 Ει
3270 4144 3454 4198 nescio

1884 4251 2008 4320 quis
2054 4249 2228 4312 alius,
2268 4247 2476 4317 inquit,
2520 4244 2715 4298 iisdem
2757 4239 2980 4308 magicis
3026 4237 3235 4290 artibus
3297 4233 3455 4287 addi-

1890 4349 2032 4394 ctus.
2059 4357 2076 4388 ι

1956 4434 2044 4486 60.
2073 4429 2273 4483 Deinde
2312 4426 2466 4497 quasi
2499 4424 2610 4478 lieri
2649 4422 2852 4491 possit,
2885 4426 2944 4472 ut
2972 4414 3206 4471 hominis
3235 4410 3453 4475 mortui,

1885 4523 2111 4593 perinde
2138 4538 2201 4576 ac
2232 4520 2277 4573 si
2305 4521 2535 4580 viveret,
2560 4517 2734 4584 imago
2753 4513 3070 4566 obversetur
3098 4507 3298 4566 animo,
3324 4504 3455 4558 suh-

1886 4613 2008 4683 jicit
2047 4608 2434 4665 convenienter
2482 4603 2760 4672 Epicurea:
2801 4595 3039 4659 rationi,
3080 4610 3098 4643 ι
3131 4593 3246 4645 lucc
3271 4604 3459 4657 quem-

217 4678 313 4704 "!!!
337 4678 679 4708 ν’·υτνισν-υδ
742 4678 1112 4704 """"'r‘"‘lr
1146 4678 1420 4698 —v—v~-.—~,
1505 4678 1569 4681 —v—~
1619 4678 1622 4679 ν
1756 4678 1762 4680 τ

207 4731 439 4784 διάθεσιν
463 4725 822 4797 ὀνειρῶξαντά
841 4741 983 4789 τινα,
1009 4722 1041 4792 ἣ
1065 4721 1204 4774 κατά
1224 4720 1322 4790 τῆς
1344 4717 1506 4773 αὑτοῦ
1535 4717 1767 4787 βούλησιι

1892 4707 2058 4776 piam,
2088 4711 2249 4772 prout
2278 4697 2501 4752 aﬂ‘ectus
2531 4703 2670 4758 erat,
2696 4690 3022 4750 somniasse,
3051 4693 3144 4738 aut
3173 4681 3318 4736 inani
3340 4678 3463 4747 upi-

2153 4795 2162 4797 “
2387 4790 2417 4797 ’⁵
2445 4791 2455 4797 ·
2562 4788 2572 4797 ·
2699 4785 2724 4797 η
2811 4785 2821 4795 ·
2985 4796 3008 4797 η
3049 4795 3056 4797 Α
3100 4771 3427 4797 νιμ.ἰ.ΙΑ....Ιυιι

208 4822 330 4896 δόξῃ
365 4820 756 4892 πεπλανημένη
797 4814 1277 4886 πεφαντασιῶσθαι
1306 4813 1419 4881 (75)
1458 4810 1518 4863 τὸ
1550 4809 1786 4862 τοιοῦτον

209 4911 639 4982 ἀπηγγελκέναι·
659 4909 795 4979 ὅπερ
812 4950 826 4970 ,
859 4907 991 4977 φησὶ
1010 4949 1023 4971 ,
1051 4904 1258 4975 μυρίοις
1277 4903 1375 4973 ἤδη
1396 4899 1730 4972 σημϐέϐηκε.
1761 4916 1779 4948 ι

212 5001 444 5055 Τοῦτοδὲ
467 5004 514 5054 εἰ
532 5003 626 5054 καὶ
648 5001 925 5053 δεινότατα
945 4996 1118 5062 ἔδοξεν
1149 4993 1400 5066 εἰρῆσθαι
1421 5009 1434 5022 ο
1458 4991 1607 5044 οὐδὲν
1627 4984 1788 5061 ἦττον

213 5094 707 5148 κατασκευαστικόν
740 5094 884 5156 ἐστιν
921 5088 1218 5157 ἀναγκαίου
1249 5085 1544 5155 δόγματος,
1578 5081 1653 5145 ὡς
1684 5080 1791 5152 ἄρα

1893 4799 2055 4852 nione
2083 4795 2326 4850 delusum
2357 4790 2458 4846 sibi
2485 4788 2670 4843 animo
2695 4785 2918 4838 ﬁnxisse
2945 4795 3063 4848 quae
3093 4771 3459 4836 desiderabat,

1893 4906 2062 4960 eaque
2091 4888 2158 4942 ad
2196 4887 2334 4940 alios
2365 4883 2649 4938 detulisse.
2682 4876 2857 4944 Quod,
2893 4873 3091 4942 inquit,
3124 4881 3266 4936 saepe
3298 4864 3462 4918 innu-

1877 4983 2061 5039 Ineris
2088 4981 2300 5036 accidit.
2338 4997 2356 5030 ι
2393 4979 2567 5045 Atque
2598 4975 2700 5028 hoc
2737 4969 2838 5025 etsi
2895 4964 3072 5035 magni
3111 4957 3314 5016 roboris
3337 4970 3462 5010 esse

1898 5083 2079 5145 putat,
2153 5070 2442 5126 conﬁrmat
2513 5077 2690 5119 tamen
2756 5058 3124 5114 necessarium
3194 5046 3467 5119 imprimis

285 5295 330 5327 ³⁸
355 5294 415 5348 Ill
454 5294 588 5362 licg.
637 5307 770 5355 xvn,
797 5290 889 5354 22;
921 5287 982 5343 IV
1021 5287 1152 5356 Reg.
1182 5300 1256 5349 Iv,
1285 5283 1373 5336 δι.
1451 5280 1496 5314 ⁸³
1529 5279 1650 5332 lsai.
1680 5293 1800 5342 LIII,
1832 5276 1886 5342 7;
1921 5276 2106 5330 Matth.
2150 5288 2294 5334 XXVI,
2341 5269 2440 5334 65;
2477 5281 2648 5331 xxv",
2687 5262 2774 5325 12,
2809 5259 2895 5315 Η».

285 5454 392 5523 (69)
427 5454 506 5509 lla
533 5450 690 5523 codd.
749 5449 951 5523 Regius
999 5455 1080 5523 et‘
1103 5441 1443 5523 ﬁssileensis'.
1471 5437 1790 5523 ..ξυνίεμε-

220 5509 756 5595 ειεξιειιῖιιιποσοιξτω
791 5509 859 5572 δέ’
904 5515 1355 5589 παραδοξότερον.
1423 5509 1580 5564 Libb.
1633 5509 1788 5573 editi,

216 5590 388 5663 τούτῳ
416 5594 473 5646 δὲ
491 5590 938 5663 παραδοξότερος.

293 5650 401 5732 Uti)
431 5650 588 5732 Mss;
611 5650 940 5732 τονσκότον,
977 5655 1131 5732 Libli.
1158 5653 1308 5732 editi,
1340 5650 1400 5704 τδ
1435 5650 1647 5732 σκότος,

295 5717 402 5802 ini
463 5717 787 5801 φλέγοντα.
840 5729 972 5802 Vide
1048 5724 1428 5782 aduotationcs
1495 5721 1560 5774 ad
1612 5717 1703 5773 lib.
1751 5731 1790 5771 ιι

224 5798 402 5857 contra
434 5798 668 5866 Celsum,
704 5815 852 5858 tium.
896 5798 981 5852 M.

1961 5437 2251 5525 (72))iss.,
2283 5435 2588 5504 ἐπήρκεσεν
2639 5424 2840 5496 ἑαυτῷ.
2897 5422 3048 5476 Libl).
3093 5415 3246 5480 editi,
3295 5413 3471 5486 ὲπήρυ

1890 5525 2050 5561 κεσεν
2075 5525 2246 5576 αυτῳ.

1967 5579 2080 5648 (75)
2113 5562 2666 5648 Πιεὲριιντιισιοῖσθαιἶ
2704 5566 2798 5622 Vel
2825 5562 3106 5634 legendum
3157 5570 3468 5637 φαντασιω-

1889 5641 2073 5712 eam,
2105 5641 2209 5699 :Iut'
2238 5647 2284 5699 si
2349 5644 2570 5698 retineri
2619 5641 2795 5712 placet
2851 5648 3034 5689 vocem
3068 5643 3468 5712 .rtscpawa'ctw-

1892 5696 2219 5783 ὲόὸιὶζὶέιίῖίθ
2238 5696 2518 5785 post—eam
2551 5696 2794 5768 ad'deuda
2835 5713 2920 5762 est
2944 5701 3205 5774 particula
3238 5696 3350 5750 καί.
