3902 6414
113 357 199 413 893

1283 343 1562 401 CONTRA
1594 341 1867 400 CELSUM
1894 341 2021 400 LIB.
2056 342 2122 397 ιι.

3217 340 3322 398 8θό

113 489 212 526 τινα
235 468 340 522 τῶν
380 468 650 540 μαθητῶν
694 465 1036 529 ἀπιστοῦντα,
1067 464 1158 518 καὶ
1199 461 1454 516 ἀδύνατον
1483 462 1663 532 οἰόμε-

1793 460 1978 525 Iulum,
2014 460 2103 530 qui
2129 471 2241 512 rem
2269 457 2525 513 credebat
2553 453 2940 526 impossibilem
2964 469 3105 515 esse.
3133 455 3322 514 Fidem

114 579 186 615 νον
206 560 258 612 τὸ
283 559 614 629 παράδοξον.
641 555 1088 628 Συγκατετὲθειτο
1121 554 1218 626 μὲν
1241 553 1348 624 γάρ
1371 554 1573 614 ἐκεῖνος
1597 555 1662 622 τῇ

115 655 366 726 φασκούσῃ
411 653 586 707 αὐτὸν
622 653 941 724 ἑωρακέναι,
986 649 1061 712 ὡς
1091 650 1190 702 οὐκ
1221 646 1478 702 ἀδυνάτου
1515 646 1666 708 ὄντος

114 747 188 801 τοῦ
230 747 323 816 τὴν
371 745 557 816 ψυχὴν
599 743 692 798 τοῦ
737 742 1050 814 τεθνηκότος
1089 740 1345 812 ὀφθῆναιο
1393 739 1573 792 οὐκέτι
1619 738 1664 790 δ’

115 836 332 906 ἐνόμιζεν
359 835 569 906 ἀληθὲς
594 831 733 888 εἶναι
764 835 845 899 τὸ,
879 836 936 887 ἐν
967 832 1178 904 σώματι
1206 833 1366 887 αὐτὸν
1391 831 1666 902 ἀντιτύπῳ

117 929 396 1000 ἐγηγέρθαι.
439 927 612 980 Ὅθεν
645 927 744 980 οὐκ
774 922 892 979 εἷπε
945 925 1054 996 (79)
1120 925 1238 996 μὲν,
1278 942 1297 976 ι
1328 924 1420 976 ἐὰν
1451 924 1526 993 μὴ
1552 922 1664 986 ἴδω,

117 1023 164 1073 οὗ
194 1021 258 1091 μὴ
296 1018 606 1073 πιστεύσω·
649 1037 667 1070 ι
705 1017 1007 1089 προσέθηκε
1040 1016 1097 1069 δέ
1113 1017 1218 1070 ’καὶ
1249 1015 1328 1077 τὸ,
1367 1033 1386 1066 ι
1434 1013 1557 1067 Ἐὰν
1593 1013 1666 1084 μὴ

118 1110 237 1180 βάλω
263 1112 361 1182 τὴν
406 1109 577 1182 χεῖρά
623 1126 725 1180 μου
769 1111 848 1172 εἰς
885 1107 974 1159 τὸν
1018 1105 1181 1159 τόπον
1225 1104 1332 1158 τῶν
1376 1104 1540 1174 ἥλων,
1577 1103 1668 1158 καὶ

115 1203 386 1272 ψηλαφήσω
435 1200 608 1254 αὑτοῦ
648 1201 747 1271 τὴν
781 1198 1036 1269 πλευρὰν,
1073 1197 1133 1250 οὐ
1180 1195 1254 1267 μὴ
1295 1194 1590 1248 πιστεύσωο
1645 1212 1664 1245 ³

115 1293 269 1346 Ταῦτα
302 1293 347 1345 δ’
389 1291 617 1361 ἐλέγετο
649 1291 756 1344 ὑπὸ
788 1290 880 1344 τοῦ
913 1289 1101 1358 Θωμᾶ,
1142 1286 1436 1358 κρίνοντος,
1471 1287 1553 1339 ὅτι
1581 1284 1673 1338 δύ·-

114 1401 243 1439 νιται
290 1382 601 1453 ὀφθαλμοῖς
655 1381 932 1452 αἰσθητοῖς
985 1379 1218 1449 φανῆναι
1263 1377 1439 1448 ψυχῆς
1491 1377 1669 1447 σῶμα,

115 1476 265 1528 πάντα
290 1473 368 1543 τῷ
396 1473 661 1545 προτέρῳ
692 1471 822 1525 εῖδει

173 1565 490 1635 ...Μέγεθός
518 1581 588 1618 τε
621 1564 718 1618 καὶ
751 1562 978 1632 ὄμματα
1012 1558 1145 1614 κάλ’
1172 1556 1437 1623 ἐοικυιης

172 1656 272 1711 Καὶ
300 1655 538 1726 φωνήν.

115 1768 322 1822 Πολλάκι
349 1768 430 1832 δὲ,

176 1882 336 1936 ...Καὶ
373 1879 508 1934 τοῖα
533 1878 674 1946 περὶ
714 1877 846 1947 χροὶ
883 1875 1067 1946 εἵματ’
1111 1873 1389 1943 ἐχούσης.

117 1976 196 2028 καὶ
218 1969 735 2042 προσκαλεσάμενός
763 1986 827 2037 γε
850 1970 878 2020 6
919 1966 1123 2037 Ἰησοῦς
1153 1965 1244 2018 τὸν
1277 1961 1496 2033 Θωμᾶν,
1531 1954 1672 2012 εἷπε·

123 2085 138 2117 ι
165 2066 285 2136 Φέρε
308 2065 397 2116 τὸν
422 2061 697 2116 δάκτυλόν
727 2076 820 2112 σου
843 2051 965 2121 ὧδε,
990 2057 1083 2110 καὶ
1110 2056 1184 2110 ίδε
1214 2053 1312 2117 τὰς
1332 2052 1518 2123 χεῖράς
1552 2067 1673 2121 μου,

119 2159 196 2210 καὶ
228 2156 355 2226 φέρε
388 2154 492 2224 τὴν
537 2151 706 2222 χεῖρά
750 2166 864 2213 σου,
909 2148 1002 2202 καὶ
1037 2147 1162 2218 βάλε
1202 2147 1280 2207 εἰς
1308 2144 1406 2214 τὴν
1441 2140 1678 2212 πλευράν

123 2264 225 2317 μου,
256 2246 345 2297 καὶ
379 2244 456 2314 μὴ
491 2243 652 2310 γίνου
684 2240 932 2302 ἄπιστος,
967 2237 1102 2291 ἀλλὰ
1135 2235 1341 2297 πιστός.
1387 2253 1404 2284 ι

177 2331 273 2382 Καὶ
304 2327 607 2382 ἀκόλουθόν
649 2343 715 2394 γε
750 2323 817 2396 ἦν
855 2327 984 2378 πᾶσι
1016 2327 1123 2387 τοῖς
1168 2341 1225 2376 τε
1259 2319 1679 2393 προφητευθείσι

123 2420 232 2491 περὶ
260 2417 420 2471 αὐτοῦ
456 2417 562 2487 (ἐν
596 2411 682 2477 οἷς
718 2416 813 2468 καὶ
837 2413 991 2466 τοῦτο
1026 2409 1128 2484 ἦν)
1159 2413 1251 2465 καὶ
1280 2415 1389 2474 τοῖς
1416 2410 1680 2482 πραχθεῖ-

125 2525 195 2561 σιν
218 2508 374 2578 αύτῷ,
413 2507 512 2561 καὶ
545 2509 665 2569 τοῖς
697 2504 1086 2574 συμϐεϐηκόσι,
1127 2503 1300 2556 τοῦτο’
1323 2502 1469 2573 παρὰ
1504 2482 1681 2556 πάντα

1707 1831 1750 1885 Β

126 2598 395 2668 παράδοξον
429 2596 715 2665 γενέσθαι.
753 2593 1114 2664 Προελέλεκτο
1145 2592 1252 2664 γὰρ
1295 2594 1358 2645 ἐκ
1390 2591 1680 2664 προσώπου

124 2689 202 2742 τοῦ
242 2689 404 2760 Ἰησοῦ
436 2691 496 2740 ἐν
522 2687 609 2757 τῷ
638 2687 893 2758 προφήτῃ
913 2702 925 2715 ο
964 2703 981 2735 ι
1028 2685 1092 2736 Ἦ
1118 2679 1253 2754 σάρξ
1281 2701 1379 2754 μου
1413 2700 1685 2754 κατασκη-

123 2781 261 2834 νώσει
301 2783 386 2834 ἐπ’
437 2779 626 2834 ἐλπίδι
653 2795 667 2808 ⁸
728 2777 821 2830 καὶ
866 2777 966 2829 οὐκ
1007 2775 1406 2845 ἐγκαταλείψεις
1445 2775 1554 2844 (80)
1588 2773 1684 2845 τὴν

123 2874 274 2943 ψυχήν
303 2890 402 2945 μου
435 2875 522 2935 εἰς
555 2871 654 2923 τὸν
689 2870 844 2940 ᾇδην,
873 2869 964 2921 καὶ
992 2869 1052 2920 ού
1081 2867 1268 2930 δώσεις
1295 2868 1384 2920 τὸν
1412 2867 1556 2920 ὅσιόν
1590 2851 1685 2918 σου

126 2963 233 3016 ἰδεῖν
271 2961 597 3032 διαφθοράν.
654 2979 674 3012 ι
717 2959 827 3012 Καὶ
871 2954 938 3029 ἦν
975 2974 1038 3025 γε
1080 2956 1216 3026 μετὰ
1257 2956 1353 3028 τὴν
1393 2957 1687 3010 ἀνάστασιν

125 3057 263 3110 αὐτοῦ
301 3056 552 3126 ὡσπερεὶ
597 3054 658 3104 ἐν
693 3051 926 3122 μεθορίῳ
956 3052 1066 3121 (81)
1107 3051 1212 3104 τινὶ
1237 3050 1339 3120 τῆς
1383 3048 1689 3119 παχύτητος

1767 565 1942 609 tamen
1966 551 2195 607 habebat
2220 551 2264 607 is
2288 550 2504 606 mulieri
2529 565 2588 606 se
2613 550 2815 606 vidisse
2841 551 3116 617 narranti;
3151 566 3324 620 neque

1764 644 1914 698 enim
1951 643 2236 698 dubitabat
2263 643 2391 713 quin
2419 641 2596 695 anima
2620 642 2820 696 mortui
2845 641 3084 712 conspici
3112 651 3320 711 posset:

1765 734 1859 789 sed
1891 733 1992 789 sibi
2033 734 2086 788 in
2125 733 2366 787 animum
2399 731 2659 788 inducere
2690 747 2793 788 non
2823 741 3174 802 poterateum
3197 747 3327 788 vere

1767 827 2066 882 surrexisse
2088 841 2154 882 eo
2177 841 2402 896 corpore
2424 827 2564 898 quod
2599 827 2763 895 priori
2792 826 2967 882 simile
2993 833 3159 880 esset.
3186 824 3326 880 llinc

1769 929 1853 974 est
1891 918 2032 988 quod
2069 933 2174 973 non
2234 919 2430 974 dixerit
2485 917 2857 973 solummodo:
2903 936 2922 969 ι
2960 916 3074 972 Nisi
3119 917 3324 982 videro,

1770 1023 1876 1064 non
1902 1009 2115 1063 credam
2141 1025 2156 1074 ;
2188 1025 2206 1060 ι
2239 1010 2331 1062 sed
2358 1007 2627 1062 addiderit
2655 1024 2708 1061 τι
2733 1007 2843 1062 Nisi
2869 1007 3078 1061 mittam
3106 1021 3321 1059 manum

1773 1114 1947 1154 meam
1973 1099 2026 1153 in
2061 1098 2235 1153 locum
2261 1097 2538 1152 clavorum
2566 1106 2620 1153 et
2652 1105 2980 1152 coutrectem
3013 1097 3152 1152 latus
3181 1095 3328 1165 ejus,

1775 1205 1879 1245 non
1922 1189 2161 1246 credam.
2189 1207 2208 1242 ι
2257 1189 2389 1255 Quae
2430 1188 2652 1258 quidem
2700 1186 2940 1242 Thomas
2985 1187 3151 1248 dixit,
3203 1186 3332 1254 quia

1771 1282 2106 1337 existimaret
2133 1283 2382 1348 corporis
2411 1280 2587 1335 oculis
2617 1277 2984 1347 conspicabilc
3015 1277 3129 1331 ﬁeri
3173 1290 3332 1344 posse

1771 1388 1964 1444 corpus
1997 1372 2192 1427 animae
2225 1385 2342 1440 qua:
2363 1371 2597 1440 priorem
2620 1367 2849 1424 formam
2867 1368 3087 1423 omnino
3109 1365 3339 1422 referret

1999 1546 2069 1602 Et
2107 1546 2466 1619 magnitudine
2494 1554 2542 1602 et
2572 1542 2736 1600 oculis
2763 1542 2967 1598 decoris

1847 1640 1917 1695 Et
1942 1655 2079 1696 voce.

1783 1755 1934 1826 Saepe
1965 1758 2130 1809 etiam

1851 1907 1962 1926 .....
1988 1868 2055 1922 Et
2087 1866 2249 1922 simili
2279 1865 2477 1919 amictu
2493 1865 2564 1918 ’°.

1776 1961 1910 2016 Cum
1959 1960 2123 2027 igitur
2173 1957 2438 2011 Thomam
2470 1953 2789 2008 advocasset
2817 1951 3009 2016 Iesus,
3051 1949 3191 2005 dixit
3223 1947 3297 2002 illi
3328 1968 3340 2002 :

1783 2073 1801 2105 ι
1830 2053 1974 2106 lnl'er
2004 2050 2228 2120 digitum
2267 2057 2414 2102 tuum
2447 2049 2555 2103 huc
2576 2087 2592 2112 ,
2625 2056 2682 2101 et
2708 2046 2830 2100 vide
2860 2057 3052 2098 manus
3086 2055 3266 2105 meas,
3293 2045 3348 2093 et

1778 2144 1914 2198 affer
1945 2159 2161 2198 manum
2197 2152 2366 2205 tuam,
2397 2151 2452 2196 et
2482 2141 2635 2194 mitte
2666 2139 2721 2192 in
2748 2138 2888 2193 latus
2916 2149 3117 2200 meum,
3147 2139 3203 2187 et
3224 2129 3337 2186 noli

1779 2251 1898 2292 esse
1930 2235 2263 2299 incredulus,
2294 2233 2387 2287 sed
2421 2231 2591 2285 ﬁdelis
2613 2231 2715 2286 ".i

1853 2327 1941 2382 62.
1975 2326 2057 2380 Ac
2096 2332 2525 2380 consentaneum
2553 2322 2771 2391 quidem
2796 2326 2915 2375 erat
2947 2316 3200 2371 onmibus
3229 2328 3351 2383 qua:

1781 2417 2258 2496 de_i|lo-prazdicta
2294 2414 2509 2469 fuerant
2541 2413 2722 2484 (inter
2756 2427 2877 2480 qua:
2915 2418 3033 2464 erat
3072 2416 3129 2461 et
3161 2421 3344 2460 resur-

1781 2510 1997 2582 rectio),
2027 2519 2081 2564 et
2115 2511 2178 2565 iis
2211 2524 2331 2578 qua:
2353 2508 2571 2572 fecerat,
2605 2520 2813 2560 necnon
2846 2503 2912 2556 iis
2937 2516 3056 2570 quae
3089 2499 3189 2568 ipsi
3221 2502 3355 2552 eon-

1785 2605 2052 2674 tigerant,
2085 2612 2140 2656 ut
2181 2601 2268 2655 illa
2302 2601 2484 2655 omnia
2514 2599 2614 2653 hoc
2649 2595 2887 2650 omnium
2917 2589 3355 2660 splendidissimo

1784 2694 2047 2749 miraculo
2063 2690 2592 2748 cumnlarentur.Ait
2612 2689 2752 2743 enim
2771 2684 3028 2755 propheta
3045 2696 3109 2736 ex
3127 2693 3357 2749 persona

1785 2784 2114 2839 Jesucharu
2133 2797 2250 2838 mea
2269 2780 2432 2853 434
2448 2779 2708 2834 habitabit
2725 2778 2776 2831 in
2797 2791 2913 2846 spe,
2931 2774 3055 2843 quia
3075 2787 3178 2825 non
3202 2771 3361 2823 derc-

1789 2877 2006 2945 linques
2032 2875 2273 2929 animam
2311 2885 2486 2926 meam
2519 2870 2571 2924 in
2598 2869 2846 2930 inferno,
2913 2879 3014 2919 nec
3047 2862 3202 2918 dabis
3232 2875 3363 2915 san-

1787 2977 1933 3024 ctum
1965 2974 2116 3019 tuum
2145 2964 2334 3018 videre
2363 2961 2764 3030 corruptionem
2779 2958 2877 3012 θ’.)
2905 2956 3226 3010 Eratautem
3241 2956 3364 3017 post

1790 3074 1943 3116 suam
1990 3055 2444 3111 resurrectionem
2490 3052 2647 3124 quasi
2699 3051 2912 3106 medius
2943 3051 3086 3104 inter
3113 3059 3359 3102 crassum

125 3147 207 3216 τῆς
230 3149 328 3219 πρὸ
359 3147 457 3200 τοῦ
491 3143 713 3205 πάθους
745 3141 1012 3212 σώματος,
1049 3139 1253 3195 καὶτοῦ
1284 3140 1492 3210 γυμνὴν
1521 3138 1685 3192 τοιού-

1796 3164 1995 3220 corpus
2029 3148 2161 3202 illud
2192 3147 2332 3216 quod
2363 3145 2600 3201 habebat
2636 3151 2927 3210 antequam
2957 3146 3234 3209 pateretur
3254 3176 3268 3202 ,
3305 3144 3361 3190 et

127 3255 202 3290 του
229 3238 473 3308 σώματος
507 3233 803 3305 φαίνεσθαι
827 3233 1020 3304 ψυχήν.
1051 3232 1230 3293 Ὅθεν,
1252 3233 1328 3284 ὅτ’
1351 3227 1489 3302 ἦσαν
1517 3231 1566 3282 oi
1595 3247 1696 3300 μα-

130 3329 262 3401 θηταὶ
302 3330 472 3385 αὑτοῦ
523 3328 626 3382 καὶ
673 3327 875 3396 Θωμᾶς
912 3327 1003 3378 ἐπί
1046 3324 1108 3377 τὸ
1149 3325 1280 3377 αὐτὸ
1337 3324 1453 3394 μετ’
1494 3322 1693 3386 αὐτῶν,

133 3422 378 3493 «ἔρχεται
419 3425 450 3475 6
505 3417 748 3489 Ἰησοῦς,
783 3416 888 3469 τῶν
930 3415 1106 3487 θυρῶν
1153 3413 1569 3482 κεκλεισμένων,
1605 3413 1696 3465 καὶ

127 3513 231 3584 ἔστη
269 3516 344 3578 εἰς
384 3514 448 3566 τὸ
495 3511 696 3582 μέσον,
734 3509 827 3561 καὶ
862 3502 1041 3560 εἶπεν·
1079 3507 1280 3576 Εἰρήνη
1320 3506 1475 3573 ὑμῖν·
1505 3523 1540 3584 ἰ
1579 3499 1698 3557 εἶτα

126 3581 246 3670 λέγει
276 3604 350 3674 τῷ
377 3581 593 3672 Θωμᾷ·
630 3618 650 3649 ι
683 3598 822 3668 Φέρε
854 3595 943 3648 τὸν
970 3594 1224 3649 δάκτυλόν
1268 3610 1360 3646 σου
1394 3581 1517 3656 ὦδε,
1558 3611 1575 3644 ι
1607 3593 1698 3646 καὶ

1796 3242 1995 3298 subtile
2045 3255 2156 3309 quo
2204 3239 2384 3293 anima
2441 3237 2627 3292 induta
2681 3233 3020 3302 conspicitur
3073 3238 3362 3300 postquam

1796 3333 1942 3402 prius
1971 3345 2166 3400 corpus
2194 3327 2460 3396 deposuit.
2497 3326 2651 3381 Unde
2691 3339 2811 3378 cum
2845 3329 3027 3378 essent
3075 3318 3234 3375 simul
3283 3319 3366 3372 di-
3417 3339 3423 3344 ε

1796 3422 1984 3492 scipuli
2010 3422 2126 3491 ejus
2153 3429 2205 3474 et
2224 3418 2664 3484 Thomas,wenit
2683 3414 2856 3480 Jesns,
2877 3412 3058 3482 ianuis
3076 3408 3294 3470 clausis,
3309 3416 3366 3461 et

1797 3503 1949 3570 stetit
1976 3514 2029 3568 in
2059 3511 2236 3566 medio
2267 3517 2322 3564 et
2359 3509 2533 3563 dixit:
2567 3506 2678 3560 Pax
2712 3506 2904 3568 vobis;
2939 3522 2956 3555 ι
2991 3511 3047 3556 et
3099 3499 3361 3553 Thomas:

1806 3625 1824 3658 ι
1853 3605 1999 3660 Infer
2041 3603 2269 3675 digitum
2291 3610 2448 3676 tuum
2485 3600 2591 3654 huc
2627 3599 2694 3664 ⁸³,
2727 3605 2833 3650 etc.
2863 3614 2882 3648 ο
2905 3595 2970 3648 Et
2992 3594 3043 3646 in
3071 3587 3366 3660 Evangelia

125 3697 184 3749 τὰ
209 3699 342 3768 ἑξῆς.
374 3697 489 3749 Καὶ
518 3697 582 3746 ἐν
613 3691 696 3760 τῷ
729 3689 870 3744 κατὰ
898 3690 1106 3742 Λουκᾶν
1135 3687 1190 3740 δὲ
1220 3685 1550 3756 Εύαγγελίῳ,
1579 3685 1685 3756 ὁμι-

1801 3697 2097 3752 secundum
2132 3693 2370 3756 Lucam,
2396 3687 2831 3758 colloque‘ntibus
2862 3685 3084 3739 Simone
3121 3689 3176 3736 et
3211 3679 3370 3735 Cleo-

126 3787 330 3840 λούντων
358 3788 501 3859 πρὸς
525 3783 802 3854 ἀλλήλους
827 3781 1064 3851 Σίμωνος
1090 3777 1199 3846 (82)
1235 3777 1330 3830 καὶ
1357 3777 1578 3829 Κλεόπα
1608 3792 1685 3828 πε-

1802 3788 1904 3856 pha
1935 3787 2000 3841 de
2029 3786 2096 3841 iis
2135 3800 2256 3856 quae
2285 3783 2392 3838 illis
2435 3782 2785 3842 acciderant,
2819 3775 2976 3831 Jesus
3004 3771 3369 3830 interveniens

129 3880 178 3948 ρί
196 3880 396 3932 πάντων
418 3878 534 3930 τῶν
583 3871 1012 3944 συμϐεϐηκότων
1044 3870 1244 3932 αὐτοῖς,
1281 3869 1308 3920 6
1352 3866 1558 3938 Ἰησοῦς
1591 3868 1685 3919 ἐπι-

1811 3897 1830 3929 ι
1877 3879 1990 3932 ibat
2018 3893 2140 3932 cum
2168 3875 2272 3928 illis
2302 3893 2316 3940 ;
2342 3873 2481 3928 oculi
2512 3881 2690 3926 autem
2719 3870 2932 3924 illorum
2958 3864 3281 3920 tenebantur
3301 3875 3371 3914 ne

129 3970 240 4032 στὰς
269 3972 471 4032 αὐτοῖς,
513 3987 532 4017 ι
584 3961 979 4033 συνεπορεύετο
1011 3960 1125 4030 μετ’
1156 3957 1353 4011 αὐτῶν.
1388 3959 1497 4010 Καὶ
1522 3959 1570 4009 οἱ
1603 3957 1685 4027 μὲι

1802 3983 1926 4023 eum
1983 3949 2362 4034 agnoscerent.
2431 3962 2496 4016 Et
2555 3961 2632 4015 ait
2686 3959 2754 4012 ad
2802 3956 2976 4010 illos:
3020 3952 3120 4020 Qui
3154 3959 3279 4004 sunt
3314 3948 3369 4002 hi

127 4059 368 4128 ὀφθαλμοὶ
387 4057 578 4112 αὐτῶν
607 4051 941 4124 ἐκρατοῦντο
965 4051 1060 4104 τοῦ
1091 4049 1163 4120 μὴ
1189 4048 1481 4117 ἐπιγνῶναι
1509 4049 1698 4101 αὐτόν’

125 4151 153 4200 6
184 4150 232 4202 δὲ
262 4147 374 4203 εἷπε
408 4149 554 4220 πρὸς
584 4143 794 4205 αὐτούς
814 4159 826 4171 ο
858 4142 1012 4204 Τίνες
1048 4142 1096 4193 οἱ
1130 4140 1297 4208 λόγοι,
1339 4138 1430 4202 οὓς
1459 4138 1707 4192 ἀντιϐάλ-

127 4241 238 4294 λετε
282 4243 411 4310 πρὸς
451 4238 733 4308 ἀλλήλους
779 4230 1238 4304 περιπατοῦντες;
1307 4250 1325 4282 ι
1382 4231 1493 4283 Καὶ
1544 4231 1706 4300 ἡνίκα

1805 4070 2119 4118 sermones,
2163 4069 2300 4123 quos
2350 4050 2615 4106 confertis
2670 4049 2736 4101 ad
2787 4046 3017 4100 invicem
3076 4037 3364 4094 ambulan-

1808 4159 1889 4202 tes
1905 4147 1996 4200 9‘?
2031 4165 2049 4198 ι
2086 4145 2152 4199 Ει
2182 4153 2469 4213 postquam
2515 4141 2689 4210 aperti
2736 4145 2864 4194 sunt
2907 4135 3050 4190 oculi
3089 4145 3276 4187 eorum
3317 4136 3375 4184 et

1808 4239 1981 4309 ipsum
2010 4243 2403 4306 cognoverunt,
2434 4233 2721 4303 Scriptura
2750 4228 2972 4285 disertis
2996 4225 3177 4278 verbis
3203 4223 3374 4275 adno-

126 4331 488 4403 διηνοίχθησαν
565 4325 754 4380 αὐτῶν
819 4326 867 4377 οἱ
916 4321 1201 4392 ὀφθαλμοὶ,
1254 4322 1348 4374 καὶ
1391 4321 1685 4388 ἐπέγνωσαπ

1812 4340 1910 4396 tat,
1952 4349 1970 4381 ι
2005 4330 2069 4384 Et
2101 4329 2216 4398 ipse
2253 4326 2477 4382 evanuit
2501 4341 2567 4380 ex
2615 4323 2788 4379 oculis
2817 4334 3026 4375 eorum.
3051 4334 3068 4366 ι
3119 4310 3375 4380 Quamvis

125 4402 314 4484 αὐτὸν,
335 4421 454 4474 τότε
483 4419 690 4479 αὐταῖς
718 4414 891 4477 λέξεσί
923 4428 1082 4483 φησιν
1117 4413 1152 4482 ἠ
1184 4409 1395 4482 Γραφὴ,
1433 4429 1450 4462 ι
1490 4410 1582 4463 καὶ
1612 4409 1685 4462 αὐ·

1812 4424 1975 4494 igitur
2003 4421 2190 4476 Celsus
2217 4419 2456 4474 visiones
2484 4417 2550 4472 de
2575 4416 2704 4471 Jesu
2727 4427 2846 4470 cum
2873 4411 3100 4464 aliorum
3126 4402 3372 4465 somniis,

124 4512 212 4575 τὸς
261 4515 480 4581 ἄφαντος
533 4509 764 4578 ἐγένετο
809 4505 901 4558 ἀπ’
955 4501 1152 4557 αὐτῶν.
1220 4521 1237 4552 ι
1287 4501 1407 4555 Κᾶν
1453 4500 1684 4572 βούλητα

1811 4496 2014 4583 eosque
2042 4513 2134 4583 qui
2160 4511 2344 4567 Iesum
2369 4510 2620 4565 viderunt
2639 4514 2761 4577 post
2786 4501 2903 4572 ejus
2922 4494 3374 4553 resurrectionem

126 4598 215 4655 οἷν
255 4604 570 4656 κοινοποιεῖν
603 4596 749 4669 πρὸς
785 4593 945 4664 ἕτερα
989 4593 1367 4662 φαντάσματα,
1402 4591 1498 4643 καὶ
1527 4590 1685 4642 ἄλλου

1815 4619 1938 4659 cum
1973 4604 2038 4658 iis
2065 4609 2346 4671 comparet
2377 4615 2513 4670 quos
2538 4599 2719 4654 inania
2748 4600 2958 4663 spectra
2993 4586 3374 4642 luditicantur;

125 4694 540 4761 ;a‘ata30énzg,
570 4689 644 4742 τὰ
671 4685 815 4738 κατὰ
836 4685 925 4736 τὸν
966 4682 1192 4754 Ἰησοῦν,
1228 4681 1322 4734 καὶ
1351 4681 1475 4744 τοὺς
1506 4681 1680 4733 ἰδόντα

1817 4710 1977 4751 nemo
2004 4695 2266 4751 candidus
2297 4703 2352 4748 et
2381 4692 2620 4762 prudens
2655 4703 2740 4742 res
2774 4698 2894 4754 ane
2940 4681 3004 4733 ad
3035 4675 3216 4731 Jesum
3259 4685 3382 4741 per-

125 4784 285 4838 αύτδν
319 4786 451 4856 μετὰ
480 4784 586 4853 τὴν
637 4777 933 4832 ἀνάστασιν
961 4777 988 4828 6
1018 4773 1254 4836 Κέλσος·
1291 4771 1425 4826 ἀλλὰ
1467 4773 1573 4833 τοῖς
1619 4771 1685 4822 εύη

1814 4791 2009 4855 tinent,
2032 4786 2448 4848 examinaverit,
2470 4785 2599 4854 quin
2618 4787 2878 4852 agnoscat
2907 4787 3000 4829 eas
3023 4784 3141 4826 esse
3172 4762 3385 4820 caeteris

123 4876 405 4945 γνωμόνως
456 4867 891 4941 καὶ.φρονίμως
935 4864 1245 4931 ἐξετάζουσι
1289 4862 1355 4916 τὰ
1405 4859 1685 4932 πράγματα

1813 4883 1968 4953 longe
1995 4883 2165 4952 magis
2196 4877 2571 4933 admiyabiles.

122 4968 361 5037 φανεῖται
386 4966 446 5018 τὸ
475 4959 930 5032 παραδοξότερον.

185 5057 233 5088 ’⁸
270 5019 485 5113 Homer.
520 5019 684 5109 Iliad.
711 5019 870 5113 sani,
890 5048 955 5103 66
973 5059 1026 5104 et
1043 5047 1129 5103 67.
1173 5047 1216 5078 ⁹¹
1236 5044 1395 5103 Joan.
1411 5060 1504 5111 xx,
1527 5045 1618 5099 27.
1682 5045 1726 5076 "
1743 5043 1888 5099 Psal.
1908 5059 1996 5106 xv,
2016 5042 2070 5099 9.
2128 5039 2346 5095 "Joan.
2367 5053 2460 5103 xx,
2480 5034 2573 5103 26,
2594 5033 2686 5088 27.
2751 5031 2797 5065 “
2815 5029 2946 5085 Luc.
2965 5038 3114 5091 xxiv,
3135 5019 3204 5075 1‘5
3232 5028 3387 5084 seqq.

1877 5175 1988 5246 (89.)
2019 5177 2302 5246 Σίμωνος.
2331 5169 2484 5246 Unde
2527 5165 2772 5246 hauserit
2815 5162 3074 5246 Origenes
3123 5156 3388 5246 tsi-inanem

1807 5231 2827 5310 fiti‘sse'Cieophaa'socium,incertum
2875 5240 2979 5287 est.
3035 5231 3390 5310 Insertnone

1483 5331 1614 5369 mss.
1649 5321 1705 5366 et
1805 5295 1980 5382 primo
2017 5295 2093 5368 de
2125 5295 2365 5378 tempore
2401 5295 2968 5382 irtter__Anr_brosianos
3010 5299 3192 5382 sorr-ins
3228 5295 3388 5349 Cleo-

1812 5367 1927 5452 ἱιιιω
1952 5367 2176 5437 vocatur
2220 5367 2446 5452 Amnon:
2475 5377 2579 5430 Alii
2635 5371 3022 5452 Nathanaelem
3062 5367 3229 5449 inisse
3290 5380 3389 5418 vo-

1821 5438 1956 5514 iunt,
1983 5452 2072 5506 alii
2100 5454 2388 5520 ipsummet
2418 5446 2638 5520 Lucam,
2669 5446 2756 5512 qui
2776 5457 2950 5520 suum
2981 5438 3149 5520 ipsius
3193 5449 3388 5488 nomen

1818 5508 2068 5578 tacuerit.
2120 5508 2264 5574 'V'ide
2317 5517 2491 5572 Grotii
2550 5508 2926 5569 adnolationes
2978 5508 3045 5561 ad
3103 5521 3224 5573 cap.
3263 5517 3392 5556 xxiv

1819 5595 2022 5660 Evaug.
2072 5589 2370 5660 secundum
2415 5588 2635 5660 Lucam.
2662 5582 2844 5660 Paulo_
2861 5589 2982 5650 post
3013 5591 3204 5660 tim‘ntls
3229 5587 3390 5660 "155..

1827 5641 2252 5749 Ξυμρἒδηῖιότων
2307 5657 2487 5722 αὐτοῖς
2518 5696 2532 5724 ,
2602 5651 2846 5724 impressi
2862 5641 2890 5716 "
2972 5641 3392 5719 συμδεδηκότων

1826 5749 1994 5802 αυτῳ.

193 5187 305 5248 (79)
329 5187 382 5241 In
418 5185 680 5254 margine
726 5180 950 5254 veteris
978 5179 1181 5234 codicis
1203 5175 1444 5231 Vaticani
1479 5176 1698 5246 legitur.

109 5257 166 5309 ὅθ
185 5275 246 5309 εν
271 5254 414 5314 εἷπε.
447 5249 575 5307 δίιιὲ
603 5250 868 5321 particnln
901 5249 1018 5303 ούκ.

191 5327 302 5396 (80)
322 5328 432 5381 Καὶ
468 5317 1083 5396 οὐχ’ἐγκαςαλειψεις.
1116 5317 1205 5371 Sic
1253 5331 1446 5396 omnes

110 5394 149 5446 il
166 5387 461 5451 (Bst-belins
480 5396 535 5448 in
560 5387 738 5446 textu.
763 5387 1068 5458 Spencerus
1082 5402 1230 5453 vero,
1253 5388 1334 5440 ὃτι
1355 5387 1452 5439 οὐκ
1468 5387 1707 5458 ἐγκατα-

119 5466 337 5534 λείψεις.
390 5465 566 5519 Paulo
593 5470 742 5534 Apost
784 5455 964 5534 recte_
982 5459 1421 5534 omnino_cntle._v
1458 5455 1705 5534 .inlianns

96 5525 358 5589 secunda
385 5550 552 5587 manu
592 5525 790 5601 habet,
816 5529 906 5581 καὶ
936 5525 1004 5601 ἦν
1023 5545 1085 5601 γε
1115 5525 1364 5598 μετὰτὴν
1388 5527 1706 5580 ἀνάστασιν.

115 5608 296 5665 Alias,
319 5607 410 5658 καὶ
434 5601 505 5675 ἦν
546 5599 782 5675 γεκατὰ
810 5600 908 5671 τὴν
940 5599 1250 5675 ἀνάστασιν.

190 5663 308 5744 (8i)
366 5663 473 5728 Ἔνθ’
509 5663 797 5744 μέρορίῳ,
834 5663 950 5744 etc.
1000 5667 1308 5744 Legendum
1357 5665 1614 5744 videtur.“
1656 5663 1714 5714 ἐν

123 5733 364 5816 μεθορίῳ
412 5733 533 5816 τινῗν
562 5733 677 5816 τῇς
704 5737 1009 5816 παχύτητος
1058 5733 1152 5790 τοῦ
1213 5735 1316 5807 πρὸ
1367 5735 1460 5789 τοῦ
1509 5733 1716 5794 πάθους

120 5807 395 5885 σώματός.
435 5815 574 5871 Vide
608 5807 782 5866 δοιοὶ]
829 5809 862 5863 5
891 5807 944 5867 in
970 5807 1186 5863 Lucam.
