3902 6414
557 293 662 351 805

2031 287 2351 355 ORIGENIS

3680 290 3774 348 896

630 411 717 465 63.
745 409 937 465 Postea
960 407 1148 463 Celsus
1170 422 1290 477 quae
1320 407 1521 477 scripta
1545 415 1670 462 sunt
1698 406 2115 475 reprehendens,

2298 403 2453 458 Μετά
2493 403 2664 460 ταῦτα
2702 407 2733 460 ό
2778 403 3003 474 Κέλσος,
3052 404 3150 458 οὐκ
3194 404 3671 476 εὐκαταφρονήτως
3716 409 3777 460 τά

560 498 925 553 diﬂicultalem
985 495 1171 564 objicit
1236 496 1460 550 minime
1505 497 1978 552 contemnendam.
2013 514 2032 547 ι
2064 497 2121 552 Si

560 604 741 651 suam,
767 588 955 656 inquit.
985 587 1219 640 divinam
1245 587 1539 655 potentiam
1566 601 1751 642 revera
1783 588 2124 643 innotescere

558 680 729 733 voluit
754 719 768 743 ,
798 678 1033 747 oportuit
1060 678 1280 747 utique,
1315 686 1373 732 ut
1407 693 1466 734 se
1497 678 1610 734 suis
1638 679 1959 735 adversariis
1980 721 1995 743 ,
2025 694 2123 734 suo

550 769 745 839 judici,
778 768 1029 825 omnibus
1053 769 1278 822 omnino
1302 768 1634 822 ostenderet.
1664 787 1682 819 ι
1718 767 1849 822 Nam
1883 776 1939 823 et
1966 769 2124 822 nobis

560 875 624 915 ex
659 858 950 929 Evangelio
996 868 1208 913 certum
1261 866 1381 923 est,
1433 872 1556 913 eum
1589 868 1711 927 post
1764 857 2126 913 resurrectio-

563 968 722 1019 nem,
768 968 873 1006 non
915 952 1135 1021 perinde
1180 965 1244 1004 ac
1284 960 1442 1017 ante,
1485 965 1543 1005 se
1582 951 1740 1021 vulgo
1773 962 1828 1006 et
1874 951 2124 1006 omnibus

562 1044 853 1112 praebuisse
880 1044 1252 1112 conspicuum.
1287 1041 1391 1096 Sed
1432 1042 1485 1097 in
1518 1041 1669 1096 Actis
1718 1043 1952 1112 quidem‘
1987 1044 2128 1096 scri-

561 1144 709 1201 ptum
734 1141 847 1188 est:
872 1152 889 1183 ι
915 1133 1015 1188 Per
1037 1134 1154 1188 dies
1171 1133 1521 1201 quadraginta
1538 1149 1803 1205 apparens
1822 1134 2125 1205 discipulis,

563 1224 886 1294 loquebatur
909 1225 973 1278 de
1004 1238 1169 1293 regno
1190 1224 1283 1277 Dei
1305 1224 1385 1291 ⁹³;
1413 1240 1506 1279 iex
1535 1226 1840 1296 Evangeliis
1863 1237 2039 1281 autem
2066 1227 2129 1280 li-

562 1322 689 1382 quet
721 1329 843 1368 eum
883 1329 1003 1368 cum
1032 1314 1137 1368 illis
1169 1329 1273 1369 non
1307 1327 1519 1383 semper
1548 1314 1715 1370 fuisse
1753 1327 2020 1371 versatum
2039 1317 2123 1382 “;

563 1400 725 1455 modo
753 1411 877 1471 post
903 1402 1017 1456 dies
1040 1412 1186 1465 oeto,
1216 1400 1414 1457 clausis
1437 1403 1637 1473 januis,
1668 1405 1720 1459 in
1744 1407 1919 1460 medio
1940 1421 2127 1461 eorum

564 1488 742 1543 visum
765 1503 889 1545 esse
910 1532 925 1558 ,
957 1491 1249 1560 aliquando
1279 1491 1602 1561 quibusdam
1634 1492 1901 1547 similibus
1935 1493 2127 1548 modis.

565 1579 696 1632 item
743 1580 945 1635 Paulus
988 1582 1135 1637 circa
1169 1584 1327 1636 linem
1362 1582 1551 1650 prima:
1595 1583 1662 1637 ad
1712 1584 2022 1640 Corinthios
2056 1585 2130 1639 ita

567 1670 780 1737 scribit,
810 1680 869 1724 ut
900 1672 1032 1726 satis
1063 1673 1252 1727 innuat
1289 1672 1472 1728 Jesum
1536 1689 1642 1728 non
1685 1674 1757 1729 ita
1792 1675 1954 1745 vulgo
1985 1687 2129 1744 post,

568 1777 633 1816 ac
682 1772 974 1831 antequam
1031 1772 1337 1832 pateretur,
1385 1766 1557 1819 visum
1608 1764 1793 1821 fuisse.
1857 1740 2131 1821 (Tradidi
2170 1740 2210 1794 Β

569 1850 713 1906 enim
741 1852 894 1904 vobis
927 1852 977 1904 in
1010 1852 1223 1921 primis,
1264 1854 1470 1921 inquit,
1496 1856 1639 1924 quod
1673 1864 1727 1910 et
1750 1856 1965 1925 accepi,
1997 1872 2133 1926 quo-

570 1941 716 1995 niam
742 1940 994 1996 Christus
1020 1952 1262 1998 mortuus
1287 1954 1368 1997 est
1402 1959 1498 2011 pro
1521 1947 1756 2014 peccatis
1783 1948 1981 2002 nostris
2000 1989 2015 2014 ,
2048 1963 2133 2002 se—

571 2035 809 2085 cundum
837 2033 1186 2101 Seripturas;
1240 2042 1293 2087 et
1338 2038 1460 2102 quia
1513 2037 1657 2091 visus
1706 2050 1789 2092 εει
1838 2038 2054 2107 Cephae,
2080 2046 2135 2091 et

571 2135 690 2193 post
757 2127 861 2180 hoc
913 2126 1237 2191 duodecim;
1290 2127 1485 2182 deinde
1529 2130 1676 2183 visus
1719 2140 1804 2184 est
1831 2130 1948 2200 plus
1972 2146 2132 2199 quam

518 2232 523 2235 Α
571 2215 885 2282 quingentis
914 2214 1174 2271 fratribus
1216 2217 1491 2283 simul,ex
1551 2220 1751 2287 quibus
1809 2222 1961 2274 multi
2021 2237 2135 2275 ma-

574 2314 703 2357 nent
737 2320 908 2373 usque
964 2308 1173 2373 adhuc,
1227 2306 1444 2375 quidam
1515 2321 1694 2364 autem
1770 2311 2132 2367 dormierunt.

578 2394 777 2449 Deinde
805 2398 951 2450 visus
982 2405 1064 2451 est
1090 2397 1312 2462 Iacobo,
1347 2398 1539 2453 deinde
1582 2402 1839 2468 apostolis
1858 2388 2129 2466 omnibus;

570 2485 734 2558 435
787 2487 1078 2542 novissime
1136 2498 1313 2542 autem
1358 2489 1600 2543 omnium
1668 2503 1917 2559 tanquam
1973 2494 2135 2547 abor-

577 2581 686 2633 tivo
715 2580 861 2634 visus
889 2590 973 2635 est
1005 2589 1057 2636 et
1094 2582 1227 2635 mihi
1255 2582 1322 2634 9'.
1354 2599 1372 2632 ι
1425 2581 1611 2651 Magna
1658 2584 1820 2651 igitur
1864 2587 2134 2654 quaedam,

574 2669 891 2724 admiranda
920 2679 975 2725 et
1010 2673 1216 2742 majora
1259 2674 1625 2727 aestimatione
1668 2690 1771 2726 non
1805 2675 1961 2729 modo
1991 2678 2135 2746 vulgi

576 2761 845 2829 ﬁdelium,
897 2764 990 2818 sed
1042 2766 1203 2819 etiam
1240 2781 1430 2820 eorum
1479 2766 1570 2834 qui
1619 2766 1843 2820 multum
1899 2770 2141 2838 profece-

576 2864 726 2916 runt,
752 2853 991 2908 arbitror
1022 2871 1141 2910 esse
1167 2873 1286 2927 quae
1326 2872 1391 2911 eo
1419 2864 1668 2925 spectant
1687 2896 1703 2919 ,
1750 2866 1808 2910 ut
1836 2859 2141 2928 eXplicetur

573 2945 703 3013 quid
736 2944 823 3015 sit,
860 2962 958 2999 cur
983 2949 1276 3003 suscitatus
1303 2964 1331 3001 e
1356 2949 1581 3004 mortuis
1614 2964 1716 3002 non
1760 2950 1981 3019 perinde
2018 2968 2143 3006 con-

576 3048 793 3106 spectus
838 3038 999 3093 fuerit
1038 3050 1198 3108 atque
1231 3049 1355 3095 ante
1385 3042 1512 3095 illud
1559 3051 1787 3111 tempus.
1842 3044 1916 3096 De
1958 3044 2142 3098 multis

578 3139 782 3194 autem,
813 3139 870 3182 ut
906 3132 959 3182 in
985 3145 1145 3198 Opere
1173 3140 1358 3184 contra
1386 3148 1691 3187 sermonem
1722 3134 1773 3185 in
1802 3132 2144 3189 Christianos

579 3234 879 3288 eorumque
913 3221 1072 3275 {idem
1108 3222 1429 3290 injuriosunt
1466 3225 1691 3293 scripto,
1728 3224 1847 3279 vide
1873 3240 1943 3278 an
1974 3225 2149 3294 possi-

584 3325 702 3364 mus
754 3326 921 3379 pauca
976 3323 1121 3368 recte
1166 3314 1398 3381 afferre,
1442 3332 1563 3386 quae
1615 3316 1776 3386 hujus
1816 3316 2148 3372 defensionis

583 3413 835 3455 moveant
864 3404 1161 3460 auditores.

659 3494 749 3548 64.
784 3495 960 3560 ἰθέης,
998 3501 1243 3565 quamvis
1271 3517 1409 3556 unus
1444 3510 1611 3566 esset,
1644 3502 1795 3571 plura
1825 3512 2004 3557 tamen
2033 3510 2150 3556 erat

582 3602 683 3656 pro
728 3588 873 3641 varia
908 3589 1055 3642 illum
1100 3592 1484 3646 considerandi
1520 3593 1768 3657 ratione,
1815 3609 1915 3648 nec
1960 3596 2146 3648 eodem

585 3681 745 3734 modo
818 3682 1231 3750 inspicientibus
1294 3684 1545 3738 omnibus
1606 3683 1918 3737 videbatur.
1994 3684 2148 3739 Illum

584 3774 741 3842 plura
789 3772 954 3827 fuisse
999 3790 1096 3842 pro
1132 3776 1277 3828 varia
1310 3776 1456 3829 illum
1490 3776 1862 3830 considerandi
1900 3778 2103 3830 ratione
2133 3819 2147 3841 ,

584 3870 729 3928 patet
752 3877 818 3915 ex
844 3862 945 3915 hoc
969 3862 1116 3917 loco:
1154 3883 1172 3913 ε
1194 3864 1303 3933 Ego
1325 3880 1441 3918 sum
1491 3864 1599 3929 via,
1624 3866 1825 3918 veritas
1849 3874 1900 3919 et
1924 3868 2028 3918 vita
2048 3868 2143 3931 ⁹⁸;›

586 3955 639 3998 et
666 3962 728 3999 ex
772 3948 906 4001 isto:
945 3966 962 3998 ι
990 3949 1097 4017 Ego
1142 3968 1258 4005 sum
1300 3954 1452 4021 panis
1475 3953 1594 4015 υς»
1641 3961 1696 4006 et
1737 3966 1801 4005 ex
1843 3956 1975 4010 hoc:
2009 3956 2151 4024 «Ego

587 4052 706 4090 sum
738 4041 935 4093 ostium
964 4043 1004 4108 ί,
1037 4062 1054 4092 ι
1093 4051 1146 4095 et
1180 4057 1243 4095 ex
1275 4042 1395 4095 aliis
1424 4043 1739 4097 innumeris.
1772 4044 2029 4099 Eumdem
2058 4061 2153 4098 au-

589 4136 693 4183 tem
732 4147 833 4185 non
870 4147 1083 4201 semper
1125 4134 1461 4189 intuentibus
1492 4136 1661 4190 visum
1696 4139 1859 4191 fuisse
1880 4174 1897 4203 ,
1930 4140 2023 4192 sed
2056 4154 2151 4208 pro

588 4220 911 4276 intuentium
938 4236 1122 4292 captu,
1147 4226 1369 4279 evidens
1392 4228 1493 4281 erit
1524 4227 1798 4297 cogitanti,
1825 4228 1999 4295 illum,
2029 4246 2151 4284 cum

588 4312 641 4366 in
677 4315 890 4369 excelso
916 4325 1101 4371 monte
1137 4316 1603 4387 transﬁgurandus
1631 4330 1795 4383 esset,
1829 4336 1933 4374 non
1967 4337 2149 4375 secum

2226 495 2583 567 γεγραμμένα
2631 496 2965 565 κακολογῶν,
3003 496 3184 567 φησὶν,
3235 514 3253 546 ι
3299 495 3379 547 ὅτι
3433 494 3593 565 ἐχρῆν
3634 495 3777 568 εἴπερ

2223 587 2392 650 ὅντως
2438 586 2587 640 Θείαν
2617 588 2851 658 δύναμιν
2889 588 3117 659 ἐκφῆναι
3149 585 3338 656 ἤθελεν
3376 588 3404 639 ό
3442 585 3661 656 Ἰησοῦς,
3690 587 3776 638 αὑ-

2224 682 2337 742 τοῖς
2359 681 2471 743 τοῖς
2500 680 2861 751 ἐπηρεάσασι,
2883 680 2975 733 καὶ
3000 678 3076 749 τῷ
3099 678 3521 733 καταδικάσαντι
3546 678 3675 745 (85),
3699 680 3781 731 καὶ

2226 768 2361 832 ὅλως
2389 771 2554 822 πᾶσιν
2581 771 2834 842 ὀφθῆναι.
2871 790 2890 821 ι
2936 770 3172 840 Ἀληθῶς
3197 770 3307 841 γὰρ
3337 770 3430 823 καὶ
3457 770 3584 839 ἡμῖν
3613 768 3781 837 φαίνε-

2224 874 2334 921 ται,
2360 858 2502 911 κατά
2529 859 2588 910 τὸ
2614 858 2966 927 Εὐαγγέλιον,
2993 860 3091 930 οὐχ
3116 859 3257 911 οὕτω
3286 858 3423 928 μετά
3448 856 3541 927 τὴν
3564 858 3783 910 ἀνάστα-

2230 967 2313 1002 σιν
2351 950 2552 1017 ὀφθεὶς,
2586 951 2659 1015 ὼς
2689 950 2755 1004 τὸ
2781 952 3038 1022 πρότερον
3069 950 3303 1021 δημοσίᾳ
3334 949 3428 1002 καὶ
3455 950 3613 1001 πᾶσιν
3640 949 3780 1016 ἐφαί-

2228 1058 2365 1094 νετο.
2386 1040 2524 1093 Ἀλλ’
2551 1042 2607 1093 ἐν
2640 1041 2739 1111 μὲν
2765 1043 2883 1103 ταῖς
2899 1040 3165 1111 Πράξεσιν
3193 1040 3521 1110 γέγραπται,
3544 1057 3560 1088 ι
3583 1038 3645 1090 δι’
3663 1039 3780 1107 ἡμε-

2231 1131 2339 1202 ρῶν
2360 1132 2766 1204 τεσσαράκοντα
2793 1133 3155 1203 ὀπτανόμενος
3173 1133 3285 1194 τοῖς
3310 1130 3573 1201 μαθηταῖς
3592 1132 3781 1200 κατήγ-

2230 1224 2385 1291 γελλε
2416 1223 2484 1277 τά
2513 1225 2637 1295 περὶ
2662 1225 2765 1294 τῆς
2802 1223 3073 1293 βασιλείας
3108 1221 3203 1275 τοῦ
3242 1220 3378 1274 Θεοῦ
3399 1238 3413 1251 ο
3458 1240 3476 1272 ι
3514 1223 3569 1273 ἐν
3600 1220 3655 1273 δέ
3684 1224 3781 1283 τοῖς

2231 1315 2610 1384 Εὑαγγελίοις,
2655 1315 2754 1385 οὐχ
2799 1316 2879 1369 ὅτι
2922 1315 3008 1367 ἀεὶ
3051 1316 3215 1385 συνῆν
3257 1315 3440 1378 αὐτοῖς
3464 1332 3476 1344 -
3512 1313 3622 1367 ἀλλ’
3664 1313 3782 1366 ὅπου

2235 1405 2332 1475 μὲν
2358 1406 2424 1459 δι’
2454 1404 2669 1477 ἡμερῶν
2702 1404 2851 1458 ὀκτὼ
2890 1406 3082 1477 ἐφάνη,
3115 1405 3223 1459 τῶν
3266 1405 3446 1477 θυρῶν
3490 1403 3785 1472 κεκλεισμέ-

2232 1515 2356 1563 νων,
2395 1500 2451 1551 ἐν
2497 1499 2643 1570 μέσῳ
2671 1499 2852 1552 αὐτῶν
2877 1517 2889 1529 ·
2927 1501 3059 1553 ὅπου
3089 1501 3145 1553 δὲ
3176 1500 3319 1554 κατά
3357 1516 3511 1561 τινας
3539 1498 3786 1562 τοιούτους

2232 1591 2480 1663 τρόπους.
2537 1592 2644 1645 Καὶ
2692 1594 2721 1644 ὀ
2759 1592 2968 1657 Παῦλος
3008 1594 3054 1646 δ’
3086 1595 3142 1645 ἐν
3180 1596 3291 1656 τοῖς
3336 1592 3659 1653 τελευταίοις
3702 1591 3785 1660 τῆς

2236 1685 2370 1756 πρὸς
2398 1685 2713 1755 Κορινθίους
2744 1686 3033 1756 προτέρας,
3068 1685 3143 1746 ὡς
3173 1685 3247 1754 μὴ
3275 1682 3538 1753 δημωδῶς
3566 1682 3669 1752 (84)
3700 1681 3783 1732 αὐ-

2239 1774 2330 1828 τοῦ
2378 1775 2632 1843 ὀφθέντος
2669 1775 2871 1845 ὁμοίως
2914 1773 2990 1843 τῷ
3045 1774 3149 1845 πρὸ
3201 1773 3295 1825 τοῦ
3354 1774 3556 1835 πάθους
3612 1771 3782 1841 χρόνῳ,

2237 1864 2460 1918 τοιαῦτα
2478 1865 2676 1935 γράφει
2695 1881 2707 1894 ·
2749 1883 2767 1915 ι
2807 1863 3103 1935 Παρέδωκα
3131 1862 3239 1933 γὰρ
3271 1863 3398 1932 ὑμῖν
3428 1865 3484 1915 ἐν
3507 1860 3788 1931 πρώτοις,ὃ

2241 1958 2333 2009 καὶ
2360 1954 2680 2025 παρέλαὸον,
2702 1956 2787 2009 ὅτι
2803 1954 3033 2023 Χριστὸς
3058 1953 3323 2007 ἀπέθανεν
3345 1953 3487 2023 ὑπὲρ
3504 1953 3609 2004 τῶν
3636 1953 3788 2021 ἀμαρο

2240 2043 2367 2096 τιῶν
2398 2043 2551 2113 ἡμῶν
2570 2042 2712 2095 κατά
2738 2041 2836 2105 τὰς
2876 2040 3095 2113 Γραφάς
3134 2040 3269 2109 (85),
3296 2041 3392 2091 καὶ
3414 2040 3495 2092 ὅτι
3522 2036 3790 2107 ῶφθηθίη-

2242 2136 2336 2205 φᾷ,
2372 2129 2487 2186 εἶτα
2515 2135 2626 2196 τοῖς
2652 2131 2860 2185 δώδεκα
2880 2148 2892 2159 ’
2928 2130 3116 2182 ἔπειτα
3149 2127 3303 2199 ῶφθη
3334 2129 3518 2180 ἐπάνω
3557 2144 3789 2179 πεντακο-

2245 2226 2377 2289 σίοις
2406 2223 2649 2293 ἀδελφοῖς
2682 2223 2919 2292 ἐφάπαξ,
2957 2216 3029 2274 ὧν
3059 2224 3106 2274 oi
3139 2220 3381 2282 πλείονες
3422 2218 3666 2287 μένουσιν
3704 2216 3789 2276 ἕως

2242 2318 2385 2387 ἄρτι,
2432 2314 2577 2379 τινὲς
2612 2315 2668 2366 δὲ
2706 2315 2800 2367 καὶ
2832 2312 3230 2383 ἐκοιμήθησαν·
3284 2310 3474 2361 ἔπειτα
3501 2308 3653 2377 ὤφθη
3701 2308 3788 2358 Ἰα-

2226 2410 2436 2479 ’κώ6ῳ·
2488 2408 2676 2461 ἔπειτα
2732 2409 2847 2469 τοῖς
2890 2404 3203 2465 ἀποστόλοις
3254 2404 3453 2455 πᾶσινο
3498 2401 3711 2469 ἔσχατον
3744 2398 3789 2449 ὀὲ

2245 2501 2482 2564 πάντων,
2518 2499 2757 2569 ὡσπερεὶ
2786 2496 2863 2567 τῷ
2895 2496 3205 2567 ἐκτρώματι
3237 2494 3347 2567 (86)
3380 2491 3532 2561 ῶφθη
3569 2489 3738 2560 κάμοί.
3769 2507 3779 2538 ι

2246 2590 2473 2659 Μεγάλα
2504 2591 2599 2660 μὲν
2632 2585 2722 2642 οῦν
2749 2606 2890 2653 τινα,
2918 2589 3011 2641 καὶ
3044 2586 3354 2656 θαυμαστὰ,
3386 2586 3476 2636 καὶ
3510 2583 3719 2653 μείζονα
3737 2579 3785 2630 οὐ

2245 2681 2345 2749 τῆς
2398 2678 2551 2743 ἀξίας
2593 2679 2699 2731 τῶν
2754 2677 2962 2730 πολλῶν
3006 2678 3162 2747 μόνον
3207 2680 3263 2730 ἐν
3307 2679 3420 2737 τοῖς
3451 2672 3786 2727 πιστεύουσιν.

2247 2770 2382 2824 ἀλλὰ
2410 2772 2500 2823 καλ¹
2528 2770 2633 2823 τῶν
2672 2769 2813 2821 πάνυ
2844 2769 3256 2840 προκοπτόντων
3287 2764 3650 2834 ὑπολαμϐάνω
3674 2758 3786 2815 εἶναι

2247 2864 2316 2917 τὰ
2346 2863 2487 2916 κατὰ
2513 2863 2603 2915 τὸν
2633 2862 2815 2925 τόπον,
2846 2863 2903 2914 ἐν
2940 2856 3019 2923 οἷς
3053 2862 3085 2930 ἡ
3131 2860 3279 2912 αίτία
3313 2856 3576 2927 δηλωθείη
3624 2854 3684 2907 ἂν
3712 2851 3786 2906 τοῦ

2248 2954 2553 3009 ἀναστάντα
2581 2952 2741 3006 αὑτὸν
2769 2955 2832 3005 ἐκ
2860 2950 3065 3021 νεκρῶν
3096 2950 3170 3020 μὴ
3192 2949 3394 3019 ὁμοίως
3424 2945 3707 3016 πεφηνέναι
3726 2942 3787 3011 τῷ

2252 3046 2510 3116 πρότερον
2548 3044 2740 3115 χρόνῳ.
2794 3044 2924 3095 Ἀπὸ
2969 3043 3223 3095 πλειόνων
3262 3042 3339 3105 δὲ,
3382 3042 3457 3104 ὡς
3501 3042 3557 3093 ἐν
3598 3037 3788 3105 τοιούτῳ

2250 3137 2637 3207 συγγράμματι
2676 3135 3001 3205 γραφομένῳ
3028 3134 3163 3205 πρὸς
3194 3132 3287 3186 τὸν
3316 3134 3456 3186 κατὰ
3484 3128 3788 3203 Χριστιανῶν

2246 3230 2339 3282 καὶ
2377 3229 2476 3297 τῆς
2519 3226 2751 3290 πίστεως
2790 3226 2965 3280 αὐτῶν
3011 3226 3187 3293 λόγον,
3227 3225 3331 3296 ὅρα
3377 3226 3424 3276 εί
3462 3219 3787 3292 δυνησόμεθα,

2247 3320 2481 3388 εὐλόγως
2507 3319 2661 3387 ὀλίγα
2691 3318 3075 3389 παραθέμενοι,
3106 3317 3425 3371 καθικέσθαι
3458 3315 3563 3368 τῶν
3594 3314 3789 3367 ἀκουσο-

2251 3413 2423 3483 μένων
2449 3412 2547 3481 τῆς
2580 3410 2891 3478 ἀπολογίας.
3396 3478 3402 3483 θ

2330 3504 2387 3557 Ὀ
2428 3502 2652 3573 Ἰησοῦς,
2683 3497 2764 3564 εἷς
2787 3501 2883 3563 ὢν,
2907 3500 3127 3553 πλείονα
3150 3502 3215 3570 τῇ
3246 3499 3459 3569 ἐπινοίᾳ
3478 3494 3568 3568 ἦν,
3595 3495 3790 3554 καὶτοῖς

2250 3598 2533 3669 βλέπουσιν
2567 3596 2663 3665 οὐχ
2699 3595 2901 3665 ὁμοίως
2931 3596 3093 3646 πᾶσιν
3126 3593 3401 3663 ὁρώμενος
3436 3592 3565 3661 (87).
3602 3590 3700 3643 Kal.
3727 3589 3789 3639 ὅτι

2253 3690 2348 3759 μὲν
2386 3691 2450 3758 τῇ
2490 3686 2699 3757 ἐπινοίᾳ
2731 3685 2945 3737 πλείονα
2988 3680 3076 3754 ἦν,
3124 3683 3291 3750 σαφὲς
3338 3684 3402 3734 ἐκ
3441 3680 3555 3742 τοῦ,
3604 3697 3619 3729 ι
3679 3674 3788 3742 Ἐγώ

2250 3782 2363 3851 είμι
2398 3782 2430 3849 ἡ
2462 3778 2575 3840 ὁδὸς
2616 3778 2707 3829 καὶ
2752 3779 2784 3845 ἡ
2820 3774 3044 3845 ἀλήθεια
3090 3775 3184 3841 καὶ
3237 3776 3269 3843 ἡ
3311 3771 3455 3843 ζωή·
3498 3792 3515 3822 ι
3568 3770 3657 3823 καὶ
3694 3766 3786 3824 τοῦ,

2256 3891 2273 3921 ε
2316 3869 2455 3937 Ἐγώ
2476 3871 2589 3938 είμι
2609 3869 2635 3919 ὁ
2660 3868 2847 3937 ἄρτος·
2884 3887 2901 3915 ι
2925 3867 3017 3918 καὶ
3038 3864 3151 3927 τοῦ,
3185 3884 3201 3914 ‹
3245 3864 3386 3931 Ἐγὼ
3413 3864 3524 3933 είμι
3549 3865 3581 3933 η
3606 3861 3784 3931 θύραη

2251 3963 2343 4014 καὶ
2372 3961 2543 4013 ἄλλων
2580 3959 2814 4029 μυρίωνσ
2848 3958 2927 4009 ὅτι
2953 3957 3009 4008 δὲ
3040 3958 3132 4008 καὶ
3164 3956 3494 4025 βλεπόμενος
3523 3956 3620 4023 οὐχ
3645 3949 3790 4003 ὡσαύ-

2250 4068 2358 4112 τως
2386 4052 2493 4112 τοῖς
2526 4048 2810 4118 βλέπουσιν
2841 4046 3107 4114 ἐφαίνετο,
3134 4045 3246 4097 ἀλλ’
3273 4045 3347 4107 ὡς
3374 4044 3611 4113 ἐχώρουν
3638 4041 3729 4109 (88)
3755 4039 3787 4088 si

2254 4142 2557 4211 βλέποντες,
2595 4140 2760 4205 σαφὲς
2793 4137 2944 4189 ἔσται
2981 4140 3089 4198 τοῖς
3121 4135 3373 4204 ἐφιστᾶσι
3413 4134 3501 4187 διὰ
3530 4134 3581 4185 τί
3618 4131 3789 4201 μέλλων

2258 4229 2735 4302 μεταμορφοῦσθαι
2777 4232 2834 4282 ἐν
2876 4228 2951 4299 τῷ
2982 4226 3168 4297 ὑψηλῷ
3206 4227 3342 4296 ὄρει,
3374 4225 3496 4276 οὐδὲ
3537 4224 3659 4284 τοὺς
3686 4222 3789 4271 ἀπο-

2256 4323 2472 4385 στόλους
2497 4323 2701 4384 πάντας
2728 4320 3073 4391 παρείληφεν,
3107 4317 3238 4370 ἀλλά
3265 4318 3458 4387 μόνους
3484 4315 3573 4367 τὸν
3601 4315 3787 4379 Πέτρον,

587 4407 854 4473 apostolos
887 4423 1075 4462 omnes
1107 4410 1355 4476 duxisse,
1398 4411 1491 4464 sed
1525 4410 1777 4474 Petrum,
1806 4410 2063 4465 Iacobum
2096 4422 2140 4465 el

2256 4414 2349 4465 καὶ
2375 4413 2463 4465 τὸν
2505 4411 2776 4476 Ἰάκωϐον,
2812 4412 2905 4463 καὶ
2935 4410 3024 4462 τὸν
3069 4409 3318 4477 Ἰωάννην
3338 4424 3350 4436 ·
3386 4407 3461 4469 ὡς
3493 4406 3673 4475 μόνους
3706 4418 3789 4469 χω-

582 4492 846 4551 Joannem
879 4500 1049 4553 solos:
1085 4511 1268 4569 utpote
1300 4502 1392 4571 qui
1418 4502 1515 4556 soli
1557 4500 1799 4557 videnda:
1824 4502 1940 4566 ejus
1972 4504 2155 4570 gloriae

588 4603 746 4657 pares
771 4602 946 4658 erant,
981 4602 1335 4663 poterantque
1362 4594 1599 4663 Moysen)
1624 4604 1677 4648 et
1707 4594 1877 4647 Eliam
1910 4592 1961 4647 iu
1986 4595 2153 4663 gloria

656 4726 703 4758 ”
728 4728 847 4781 Act.
877 4742 914 4790 ι,
952 4726 1005 4781 5.

659 4886 769 4951 (83)
800 4886 1135 4940 Hmschelius
1163 4889 1215 4941 in
1252 4898 1422 4949 textu,
1446 4888 1745 4942 δικάσαντι.

662 4955 777 5029 ς84)
820 4956 912 5029 Ὠς
933 4956 1018 5023 μὴ
1060 4955 1354 5029 δημωδῶς.
1393 4957 1485 5012 Sic
1524 4970 2152 5029 ontnesgrnss.exceplo

589 5021 802 5104 Joljano
825 5021 1076 5093 qui'cum
1112 5021 1263 5080 libris
1314 5021 1599 5096 impressis
1660 5027 1841 5094 habet,
1875 5027 1949 5091 ὡς
1989 5021 2157 5101 μηδα-

637 5110 719 5147 O‘J.

637 5111 676 5145 οε
706 5134 719 5147 .

594 5111 634 5235 θ
668 5114 788 5235 (J85)
815 5161 937 5215 Post
975 5177 1158 5235 vocem
1184 5166 1421 5233 Γραφάς,
1451 5182 1684 5235 sequens
1738 5170 2038 5223 versiculus
2064 5171 2157 5222 mi.

592 5233 675 5315 ὃτι
704 5232 1021 5315 ἐτάφη,βώ
1049 5234 1129 5315 ὅτι
1159 5232 1447 5315 ἐγήγερται
1593 5238 1751 5315 τρίτῃ
1795 5238 1977 5309 ἡμέρα
2012 5242 2158 5315 ’κατὰ

594 5302 693 5363 τὰς
737 5303 958 5373 Γραφάς
986 5343 1000 5365 ,
1052 5304 1120 5355 ab
1168 5302 1599 5373 exScriptoribns
1628 5302 1639 5307 ’
1661 5302 1877 5362 videtur
1907 5302 2153 5364 omissus

596 5383 814 5444 propter
843 5373 901 5425 τὸ
929 5373 1315 5444 ὁμοιόπτωτον.

671 5441 782 5519 (86)
808 5441 983 5519 Godes
1040 5443 1387 5519 Basileensis,
1417 5446 1656 5517 ὡσπερεὶ
1699 5446 1776 5518 τῷ
1820 5447 2151 5519 ἐκτρώματι,

596 5512 1254 5587 qum_lectio_neutiquatn
1284 5523 1371 5568 est
1403 5512 1704 5584 spernenda
1740 5512 1758 5571 Ξ
1788 5512 2159 5587 ηδιιίὼσπερέ

598 5579 649 5634 εὶ
679 5579 757 5654 τῷ
784 5580 1095 5652 ἐκτρώματι
1115 5579 1359 5651 positum
1388 5579 1470 5640 est
1510 5602 1627 5654 pro,
1676 5587 1914 5654 ὡσπερεί
1943 5605 2047 5641 τινι
2073 5579 2157 5640 ἐκ·

599 5652 869 5724 τρώματι,
909 5672 927 5705 t
964 5662 1216 5723 tanquam
1268 5654 1426 5711 alicui
1480 5652 1707 5711 abortui.
1766 5677 1784 5709 ι
1826 5652 1988 5713 Paulo
2016 5659 2151 5711 infra

1080 4728 1127 4761 ”
1157 4726 1316 4782 Joau.
1340 4743 1431 4793 xx,
1466 4728 1557 4782 26.
1635 4727 1677 4758 ’⁷
1706 4729 1727 4779 Ι
1759 4726 1883 4781 Cor.
1915 4742 2005 4793 xv,
2033 4730 2067 4783 5
2106 4744 2260 4799 seqq.
2338 4733 2382 4764 9³
2407 4732 2563 4785 Joan.
2594 4747 2704 4795 xw,
2733 4732 2787 4784 6.
2863 4730 2908 4761 9'
2931 4729 3086 4783 Joan.
3116 4744 3188 4795 vi,
3228 4727 3321 4783 56.

2264 4504 2485 4573 ροῦντας
2513 4503 2609 4569 τὴν
2636 4504 2757 4556 τότε
2788 4502 2945 4566 δόξαν
2972 4500 3135 4553 αὐτοῦ
3170 4499 3476 4567 θεωρῆσαιε,
3505 4494 3790 4561 δυναμένους

2260 4598 2317 4649 δὲ
2342 4598 2434 4650 καὶ
2457 4598 2579 4658 τοὺς
2597 4595 2859 4664 ὀφθέντας
2878 4597 2933 4646 ἐν
2954 4594 3076 4667 δόξῃ
3088 4592 3317 4661 Μωῦσῆν
3338 4592 3431 4644 καὶ
3465 4590 3645 4642 Ἠλίαν
3665 4600 3791 4638 κατα-

3417 4728 3434 4757 ¹
3475 4725 3627 4780 JOan.
3669 4739 3713 4784 ι,
3746 4719 3787 4771 θ’

2256 4892 2330 4954 ὡς
2360 4894 2416 4944 ἐν
2441 4888 2667 4957 τοιούτῳ
2691 4887 3101 4959 συγγράμματι,
3128 4886 3205 4959 sic
3228 4899 3421 4959 omnes
3446 4899 3578 4959 mss.
3602 4887 3788 4959 exrc‘pm

2255 4953 2467 5014 .Inliano
2516 4960 2607 5027 qui
2640 4953 2783 5013 eunt
2806 4953 2815 4956 ⁷
2836 4953 2989 5012 lib-ris
3022 4957 3184 5010 editis
3227 4956 3412 5017 habet,
3442 4953 3519 5017 ὡς
3562 4955 3616 5005 ἐν
3646 4953 3788 5012 τούτῳ

2257 5031 2665 5100 συγγράμματι.
2783 5099 2788 5100 ν
2953 5095 2978 5100 _
3152 5098 3161 5100 μ
3222 5095 3233 5100 _
3506 5090 3600 5100 ’Μ
3680 5088 3691 5099 ο

2327 5086 2439 5170 (έί)
2473 5086 2612 5168 ’όὺχ
2658 5099 2870 5168 ὁμοίως
2897 5095 3083 5150 πᾶσιν
3127 5090 3634 5170 ρρό›,ιιεςν;ος.ωνίιιθ
3680 5086 3785 5140 infra

2254 5164 2348 5223 lib.
2381 5164 2433 5223 tv
2466 5164 2646 5223 contra
2674 5164 2902 5229 Celsum,
2931 5182 3080 5219 num.
3120 5166 3186 5219 15
3211 5175 3266 5217 et
3300 5164 3404 5229 16;
3446 5164 3538 5216 lib.
3570 5177 3637 5222 vt,
3666 5172 3784 5212 num.

2263 5240 2355 5301 77,
2384 5252 2436 5294 et
2471 5248 2760 5292 tractatum
2790 5237 2861 5290 55
2895 5237 2945 5289 in
2975 5235 3306 5288 Matthzeum.

2333 5295 2443 5381 (88)
2472 5308 2625 5363 Libb.
2679 5308 2805 5381 editi
2834 5306 2920 5381 _ad
2953 5306 3305 5381 marginem,
3337 5301 3631 5381 ἐγχωροῦν,
3658 5295 3785 5381 male.

2262 5367 2438 5433 Ρειὶιιό
2478 5387 2598 5446 post
2639 5378 2797 5446 codd.
2832 5375 3034 5443 Regius
3066 5367 3119 5426 et
3164 5367 3517 5437 Batsileeiisis,
3544 5367 3787 5446 adiciat-

2263 5452 2419 5503 στάσι
2460 5440 2612 5501 διότι.
2665 5445 2835 5500 Paulo
2895 5440 3030 5515 intra
3081 5459 3268 5497 omnes
3319 5461 3477 5509 mss.,
3527 5444 3599 5506 ὡς
3630 5440 3784 5515 μόνους

2262 5521 2587 5592 χωροῦντας,
2636 5525 2865 5583 excepto
2918 5513 3126 5568 Joliano
3156 5516 3247 5584 qui
3293 5530 3422 5570 cum
3470 5526 3621 5570 ante:
3655 5511 3787 5562 editis

2263 5592 2438 5643 habet.
2470 5590 2543 5643 ὡς
2577 5588 2766 5643 μόνους
2793 5586 3157 5643 γωρήσοντας.

2282 5600 2438 5653 ιιιυιιι,
2470 5600 2543 5652 ως
2576 5600 2766 5659 μόνους
2793 5600 3157 5657 χωρησοντας.
