3902 6414
605 372 711 430 399
2043 356 2204 413 ORiG
2214 356 2367 413 ENIS
3734 352 3810 410 900

605 501 714 542 non
750 477 1017 552 apostolos
1051 488 1239 531 omnes
1271 472 1326 527 in
1362 479 1601 526 montem
1647 467 1923 524 excelsum
1970 470 2139 538 perdu

2278 473 2446 543 τρεῖς,
2486 470 2649 542 ἡνίκα
2683 467 2873 541 ἔμελλε
2912 464 3413 539 μεταμορφοῦσθαι,
3459 466 3553 519 καὶ
3587 465 3678 537 τὴν
3708 466 3811 539 λαμ»

609 577 773 642 xerit,
808 572 901 627 sed
937 570 1080 626 solos
1110 578 1219 621 tres
1254 574 1379 619 ante
1412 563 1750 629 nominatos;
1788 564 1868 618 sic
1907 563 2150 617 immeriu

2278 563 2523 635 πρὸτητα
2546 562 2817 615 δεικνύναι
2843 561 2953 613 τῶν
2982 560 3210 630 ἱματίων
3234 557 3447 621 ἑαυτοῦ,
3474 560 3565 611 καὶ
3586 557 3676 628 τὴν
3695 559 3810 623 δόξαν

609 668 677 722 de
720 662 1083 734 apostolorum
1118 657 1331 727 script-is
1381 664 1748 724 Conqueratur
1772 696 1787 721 ,
1823 655 1964 724 quod
1990 653 2150 710 Jesun

2269 652 2536 716 Μωῦσέως
2566 652 2659 705 xui.
2696 651 2879 704 Ἠλίου
2914 647 3313 703 συλλαλούντων
3347 647 3523 716 αύτῷο
3568 646 3719 709 οὕτως
3740 651 3810 701 οὐκ

602 756 845 813 referant
911 761 1033 822 post
1084 748 1542 805 resurrectionem
1601 747 1777 800 visum
1835 746 2003 801 fuisse
2066 762 2137 802 no

2279 746 2345 799 ἂν
2369 747 2482 808 τοῖς
2508 742 2879 805 ἀποστολικοῖς
2905 742 3086 809 λόγοις
3118 738 3375 810 μέμφοιτ’
3402 738 3466 791 ἄν
3493 756 3573 802 τις
3604 739 3810 807 εὐλόγως,

603 847 890 909 omnibus,
932 843 1025 897 sed
1055 843 1120 897 iis
1160 854 1388 910 quorum
1415 837 1603 894 oculos
1642 854 1766 894 esse
1804 850 2031 895 noverat
2062 854 2144 892 sua

2278 837 2586 905 εἰσάγουσιν
2622 828 2798 903 ὦφθαι
2821 834 2914 886 τὸν
2954 831 3160 901 Ἰησοῦν
3191 829 3329 902 μετά
3358 829 3458 899 τὴν
3484 830 3751 883 ἀνάστασιν
3770 833 3812 884 ού

604 935 985 993 resurrectioni
1039 932 1279 987 videndae
1324 944 1503 999 pares.
1539 931 1669 997 Qum
1706 932 1970 985 hactenus
2016 932 2123 985 dixi

2278 930 2463 989 πᾶσιν,
2501 926 2615 979 ἀλλ’
2639 921 2721 987 οἷς
2751 921 2885 977 οἶδεν
2911 922 3255 992 ἀνειληφόσιν
3281 921 3591 992 ὀφθαλμοὺς
3627 920 3816 990 χωροῦν-

605 1026 809 1082 iirmari
833 1008 1075 1078 arbitror
1101 1032 1153 1076 et
1185 1024 1287 1076 hoc
1317 1022 1383 1075 de
1411 1018 1539 1075 Jesu
1578 1022 1915 1075 testimonio:
1957 1022 2043 1075 «1η
2075 1023 2142 1076 ho

2275 1036 2378 1082 τας
2425 1018 2552 1071 ἰδεῖν
2590 1018 2689 1087 τὴν
2732 1016 3025 1068 ἀνάστασιν
3062 1011 3246 1066 αύτοῦ.
3288 1013 3573 1083 Χρήσιμον
3616 1010 3679 1081 δ’,
3698 1007 3816 1081 οἶμαι

601 1117 747 1172 enim
770 1114 1020 1171 Christus
1053 1120 1300 1165 mortuus
1325 1118 1413 1163 est
1447 1119 1502 1165 et
1526 1112 1841 1177 resurrexit,
1868 1121 1927 1165 ut
1956 1122 2010 1166 et
2032 1126 2142 1165 mor

2276 1109 2412 1180 πρὸς
2444 1107 2739 1175 ἀπολογίαν
2768 1105 2876 1158 τῶν
2913 1104 3294 1175 προκειμένων
3331 1104 3452 1156 ἐστὶ
3482 1104 3654 1157 καὶτὸ
3681 1104 3814 1167 οὕτως

602 1221 818 1265 tuorum
849 1217 902 1262 et
932 1208 1181 1260 vivorum
1215 1202 1521 1257 dominetur
1543 1204 1617 1260 ⁸.»
1658 1202 1795 1259 lliuc
1823 1220 2053 1273 namque
2090 1203 2140 1257 vi

2276 1198 2561 1269 εἰρημένον
2586 1215 2652 1250 πε
2665 1196 2716 1267 pi.
2744 1195 2907 1248 αὑτοῦ
2929 1211 2941 1224 ·
2974 1214 2992 1245 ‹
3024 1195 3116 1258 Εἰς
3141 1194 3299 1247 τοῦτο
3334 1193 3447 1265 γάρ
3472 1195 3692 1265 Χριστὸς
3714 1195 3815 1247 ἀπέ-

602 1304 723 1365 dcs,
758 1298 940 1354 Jesum
972 1312 1091 1352 esse
1122 1303 1421 1362 mortuum,
1472 1306 1531 1350 ut
1555 1295 1694 1349 vivis
1727 1296 2071 1361 dominetur;
2118 1309 2143 1348 e

2276 1290 2401 1344 θανε
2442 1292 2537 1344 καὶ
2578 1288 2799 1358 ἀνέστη,
2846 1287 2933 1340 ἵνα
2977 1287 3071 1340 xui.
3114 1286 3325 1357 νεκρῶν
3367 1288 3463 1341 xui.
3509 1286 3709 1351 ζώντων
3744 1305 3816 1339 κυ-

598 1388 973 1447 resurrexisse
1018 1396 1077 1441 ut
1110 1400 1213 1441 non
1245 1386 1419 1441 solum
1454 1386 1504 1440 in
1558 1395 1803 1441 mortuos
1830 1425 1846 1451 ,
1882 1386 1974 1439 sed
2004 1387 2139 1439 etiar

2279 1380 2486 1453 ριεύσῃ.
2534 1400 2553 1431 ι
2587 1381 2728 1451 Ὅρα
2752 1380 2859 1450 γὰρ
2884 1381 2943 1431 έν
2968 1377 3197 1443 τούτοις,
3225 1380 3307 1431 ὅτι
3330 1379 3596 1432 ἀπέθανεν
3630 1378 3814 1449 Ἰησοῦς,

601 1481 655 1533 in
680 1480 833 1533 vivos
865 1476 1199 1531 dominatum
1252 1476 1469 1531 habeat.
1520 1476 1666 1543 Quos
1696 1476 1986 1547 Apostolus
2015 1490 2142 1530 voca

2275 1477 2362 1529 ἵνα
2393 1473 2603 1545 νεκρῶν
2644 1473 2942 1546 κυριεύσῃο
2981 1474 3073 1525 καὶ
3108 1472 3329 1543 ἀνέστη,
3370 1472 3457 1524 ἵνα
3488 1473 3561 1543 μὴ
3591 1472 3729 1540 μόνον
3754 1488 3816 1522 νε-

601 1568 690 1622 hic
746 1576 1012 1630 mortuos,
1056 1574 1112 1620 et
1162 1566 1360 1635 quibus
1410 1567 1721 1622 dominatur
1758 1567 2040 1632 Christus,
2078 1582 2142 1621 eo

2276 1566 2443 1637 κρῶν,
2496 1565 2633 1619 ἀλλά
2678 1566 2775 1618 καὶ
2814 1562 3032 1627 ζώντων
3078 1563 3365 1636 κυριεύσῃ.
3415 1564 3526 1617 Καὶ
3569 1559 3670 1615 οἶδέ
3709 1581 3760 1630 γε
3797 1566 3817 1616 6

599 1658 852 1722 intelligit
881 1657 947 1710 de
972 1659 1169 1726 quibus
1210 1658 1262 1711 in
1296 1657 1468 1725 prima
1503 1659 1570 1712 ad
1598 1657 1940 1712 Corinthios:
1974 1659 2140 1713 «Cane

2286 1656 2611 1719 Ἀπόστολος
2661 1654 2885 1726 νεκροὺς
2936 1655 3056 1724 μὲν,
3108 1642 3183 1705 ὦῦ
3229 1651 3475 1725 κυριεύει
3530 1654 3559 1704 6
3603 1652 3816 1723 Χριστὸς,

597 1751 742 1804 enim
768 1749 914 1812 tuba,
942 1758 998 1803 et
1033 1752 1228 1803 mortui
1259 1760 1538 1821 resurgent
1569 1750 1862 1819 incorrupti
1888 1751 1953 1817 ¹⁰;
1988 1771 2008 1804 ι
2036 1767 2138 1820 quo

2277 1749 2397 1812 τοὺς
2419 1748 2559 1801 οῦτω
2583 1745 3035 1816 κατειλεγμένους
3061 1747 3118 1798 ὲν
3142 1748 3207 1815 τῇ
3239 1745 3374 1815 πρὸς
3392 1744 3697 1815 Κορινθίους
3716 1760 3818 1814 προ-

604 1850 784 1895 autem
809 1841 957 1894 vivos
986 1839 1118 1894 dicit
1149 1849 1205 1894 et
1239 1842 1627 1906 immutandos,
1653 1842 1687 1895 ii
1718 1850 1842 1896 sunt
1868 1843 2068 1898 diversi
2105 1846 2145 1898 al

2278 1808 2440 1912 τέραο
2491 1858 2509 1890 ι
2549 1808 2980 1909 Σαλπίσειηγάρ,
3022 1808 3123 1890 xui.
3251 1808 3436 1907 νεκροὶ
3475 1808 3819 1907 έγερθήσονται

598 1929 709 1984 illis
733 1967 749 1994 ,
787 1928 879 1997 qui
911 1929 1109 1983 mortui
1155 1939 1460 1999 resurgent.
1508 1930 1581 1987 De
1620 1932 1738 1986 istis
1783 1933 1863 1987 sic
1895 1932 2130 2002 loquitur

2278 1931 2577 2003 ἄφθαρτοι*
2610 1951 2630 1985 ι
2677 1929 2883 1995 ζῶντας
2921 1928 2977 1981 δὲ
3013 1928 3233 1992 αὐτοὺς,
3272 1929 3366 1981 καὶ
3405 1929 3532 1991 τοὺς
3565 1927 3819 1999 ἀλλαγησο-

610 2039 629 2070 ι
655 2020 723 2074 Ει
776 2036 874 2075 nos
918 2021 1321 2075 immutabimur
1343 2060 1359 2086 ,
1391 2038 1409 2072 ι
1444 2035 1563 2089 quae
1600 2030 1897 2091 sequuntur
1930 2028 2151 2093 proximi

2279 2024 2491 2094 μένους,
2536 2024 2755 2097 ἑτέρους
2788 2022 2947 2084 ὄντας
2985 2021 3093 2073 τῶν
3135 2019 3583 2091 ὲγερθησομένων
3626 2019 3815 2089 νεκρῶν.

598 2108 724 2175 ista,
763 2126 781 2159 ι
820 2108 1012 2163 Mortui
1048 2121 1329 2179 resurgent
1355 2110 1613 2177 primum.
1646 2132 1663 2164 ι
1702 2112 1805 2167 Sed
1840 2123 1895 2167 et
1923 2113 1973 2166 in
1998 2116 2133 2183 prim

2279 2115 2432 2183 Ἔχει
2463 2114 2519 2165 δὲ
2553 2114 2648 2166 xui.
2685 2112 2811 2182 περὶ
2842 2109 3045 2163 τούτων
3073 2110 3105 2179 ἡ
3133 2109 3275 2176 λέξις
3301 2108 3497 2172 οὕτως,
3533 2128 3549 2159 ι
3584 2109 3671 2160 καὶ
3693 2111 3820 2177 ἡμεῖς

599 2200 665 2253 ad
713 2200 1228 2256 Thessalonicenses
1260 2204 1504 2257 eamdem
1540 2204 1662 2258 aliis
1691 2207 1880 2259 verbis
1918 2206 2138 2261 dill‘eren

2281 2202 2691 2275 ἀλλαγησόμεθα
2727 2202 2858 2273 (94),
2894 2221 2912 2254 ι
2947 2200 3078 2274 ἑξῆς
3112 2200 3377 2272 εἰρημένη
3402 2200 3503 2269 τῷ,
3538 2220 3554 2249 ι
3590 2202 3647 2251 Οἱ
3671 2199 3822 2269 νεκροὶ

602 2292 732 2344 tiam
760 2300 1029 2357 statuens,
1061 2291 1191 2345 dicit
1229 2292 1367 2347 alios
1396 2292 1734 2349 dormientes
1765 2310 1904 2362 esse,
1936 2298 2070 2353 alios
2093 2298 2143 2352 vi

2280 2297 2660 2368 ἐγερθήσονται
2688 2294 2925 2366 πρῶτον.
2963 2314 2980 2347 ι
3019 2293 3183 2347 Ἀλλά
3211 2294 3305 2345 καὶ
3325 2295 3381 2345 ὲν
3407 2296 3475 2363 τῇ
3505 2292 3633 2363 πρὸς
3649 2291 3821 2344 Θεσσαο

599 2396 715 2434 vos.
746 2380 907 2451 437
942 2380 1033 2436 Sic
1064 2382 1209 2436 enim
1245 2382 1321 2435 ait
1348 2400 1361 2435 :
1403 2400 1423 2434 ι
1451 2381 1719 2439 Nolumus
1752 2401 1847 2440 vos
1877 2387 2127 2457 ignorare

2283 2391 2503 2451 λονικεῖς
2536 2386 2777 2457 προτέρᾳ
2802 2388 2858 2438 ὲν
2894 2385 3107 2456 ἑτέραις
3134 2384 3313 2449 λέξεσι
3344 2383 3444 2453 τὴν
3480 2384 3641 2453 αὐτὴν
3669 2384 3824 2450 διαφο-

596 2470 818 2535 fratres,
849 2473 916 2527 de
940 2472 1355 2537 dormientibus,
1384 2482 1441 2527 ut
1474 2488 1580 2527 non
1613 2478 2030 2543 contristemini,
2064 2480 2137 2533 sic

2283 2482 2373 2551 ρὰν
2400 2479 2690 2551 παριστὰς,
2726 2480 2889 2548 φησιν
2918 2477 3110 2540 ἀλλους
3147 2477 3243 2547 μὲν
3270 2472 3412 2529 εἶναι
3437 2476 3563 2538 τοὺς
3588 2476 3824 2545 κοιμωμέ-

599 2576 657 2620 ιιι
702 2576 754 2622 ct
804 2570 984 2623 caeteri
1028 2569 1119 2639 qui
1154 2584 1303 2639 spem
1345 2584 1452 2623 non
1485 2570 1705 2625 habent.
1740 2572 1795 2626 Si
1828 2577 1969 2627 enim
1994 2573 2136 2628 credi

2282 2592 2416 2637 νους,
2444 2574 2635 2635 ἄλλους
2661 2572 2718 2625 δὲ
2740 2572 2863 2633 τοὺς
2887 2570 3114 2634 ζῶντας,
3131 2567 3304 2635 λέγων
3324 2585 3340 2600 ο
3374 2588 3391 2618 ι
3422 2567 3495 2621 Ού
3512 2567 3718 2635 θέλομεν
3733 2564 3823 2633 (95)

598 2676 718 2715 mus
758 2663 899 2730 quod
928 2662 1090 2717 Jesus
1135 2669 1382 2716 mortuus
1420 2670 1504 2714 est
1546 2671 1600 2716 et
1637 2665 1976 2731 resurrexit;
2020 2666 2090 2718 ita
2116 2680 2139 2718 ε

2281 2667 2328 2721 δὲ
2355 2667 2498 2736 ὑμᾶς
2521 2666 2757 2733 ἀγνοεῖν,
2794 2661 3031 2730 ἀδελφοὶ,
3067 2660 3195 2734 περὶ
3232 2660 3341 2713 τῶν
3374 2658 3733 2729 κοιμωμένων,
3754 2658 3822 2707 ἵνα

598 2750 741 2808 Deus
763 2768 857 2808 eos
879 2755 968 2822 qui
995 2754 1335 2810 dormierunt
1359 2771 1454 2826 per
1476 2755 1657 2812 Jesum
1683 2757 1908 2811 adducet
1932 2772 2056 2811 cum
2080 2770 2139 2813 ea

2277 2757 2349 2829 μὴ
2373 2756 2636 2826 λυπῆσθε,
2670 2754 2746 2817 ὡς
2796 2752 2889 2805 καὶ
2908 2754 2955 2805 οἱ
2995 2751 3168 2804 λοιποὶ
3208 2752 3256 2803 οἱ
3295 2749 3369 2821 μὴ
3401 2750 3611 2819 ἔχοντες
3645 2746 3818 2799 ἐλπίδα.

599 2840 714 2897 Hoc
740 2846 885 2898 enim
918 2846 1072 2900 vobis
1102 2846 1332 2901 dicimus
1366 2848 1419 2901 in
1457 2847 1623 2902 verbo
1650 2849 1882 2913 Domini,
1911 2848 2037 2918 quia
2069 2863 2135 2901 no

2278 2850 2336 2901 Εἰ
2367 2847 2474 2918 γάρ
2506 2845 2851 2914 πιστεύομεν,
2879 2844 2960 2895 ὅτι
3004 2840 3210 2912 Ἰησοῦς
3237 2841 3478 2893 ἀπέθανε
3505 2841 3596 2892 xui.
3630 2839 3819 2903 ἀνέστη.

596 2935 689 3005 qui
725 2936 956 2990 vivimus
981 2977 996 3001 ,
1028 2939 1119 3006 qui
1158 2940 1361 2994 residui
1401 2954 1586 2995 sumus
1631 2940 1684 2994 in
1714 2940 2006 2994 adventum
2059 2940 2136 2993 Do

2282 2940 2414 2994 σῦτω
2447 2938 2541 2991 xui
2583 2937 2610 2987 6
2640 2935 2787 2997 Θεὸς
2830 2932 2956 2995 τοὺς
3005 2930 3369 3001 κοιμηθέντας
3415 2929 3503 2982 διὰ
3546 2927 3635 2981 τοῦ
3676 2923 3823 2995 Ἰησοῦ

596 3026 769 3092 mini,
822 3042 929 3081 non
979 3030 1379 3095 praeveniemus
1412 3045 1503 3085 eos
1552 3030 1642 3099 qui
1680 3031 2110 3087 dormierunt“.

2281 3033 2387 3100 Ξξει
2415 3032 2510 3085 σὺν
2548 3027 2715 3097 αύτῷ.
2745 3025 2915 3080 Τοῦτο
2943 3027 3049 3097 γὰρ
3078 3026 3205 3095 ύμῖν
3233 3024 3465 3093 λέγομεν
3497 3023 3552 3074 ὲν
3576 3022 3707 3089 λόγῳ
3730 3020 3822 3071 Κυ-

595 3118 836 3183 Quorum
885 3118 1124 3173 lucorum
1178 3120 1688 3191 interpretationem
1720 3162 1735 3187 ,
1782 3123 1961 3190 qualis
2008 3123 2134 3177 nobi

2283 3125 2412 3195 ρίου,
2452 3123 2535 3176 ὅτι
2578 3122 2738 3191 ἡμεῖς
2788 3119 2837 3171 οἱ
2884 3117 3125 3182 ζῶντες,
3177 3118 3226 3169 οἱ
3274 3114 3722 3187 περιλειπόμενοι,
3760 3112 3824 3169 εἰς

593 3208 709 3261 visa
741 3215 845 3274 est,
878 3207 1126 3263 dedimus
1157 3210 1211 3264 in
1250 3213 1677 3274 commentariis,
1708 3228 1828 3282 qua:
1856 3214 1909 3267 in
1932 3215 2134 3282 primam

2284 3216 2370 3287 τὴν
2411 3213 2707 3284 παρουσίαν
2732 3210 2824 3263 τοῦ
2848 3210 3053 3280 Κυρίου
3081 3209 3140 3261 ού
3173 3207 3246 3278 μὴ
3281 3206 3562 3275 φθάσομεν
3588 3204 3688 3272 (96)
3721 3202 3825 3261 τοὺς

596 3298 663 3349 ad
704 3298 1210 3357 Thcssalonicenses
1249 3303 1544 3371 Epistolam
1583 3307 2002 3374 composuimus.

2285 3306 2656 3378 κοιμηθέντας.
2707 3324 2725 3356 ι
2765 3304 2875 3372 Τὴν
2925 3303 2982 3355 δὲ
3018 3302 3279 3369 φανεῖσαν
3325 3299 3458 3366 ἡμῖν
3499 3298 3575 3357 εἰς
3610 3295 3723 3356 τοὺς
3754 3291 3826 3342 τό·

592 3401 727 3454 1.01);
755 3391 1002 3463 διήγησιν
1029 3394 1321 3465 ὲξεθέμεθα
1351 3399 1408 3449 ὲν
1461 3390 1542 3461 οἷς
1580 3397 2037 3471 ύπηγορεύσαμεν
2071 3401 2416 3472 ἐξηγητικοῖς
2466 3400 2565 3469 τῆς
2608 3398 2742 3469 πρὸς
2765 3395 3178 3456 Θεσσαλονικεῖς
3230 3391 3507 3463 προτέρας
3549 3386 3823 3454 ἐπιπολῆς.

666 3589 757 3647 66.
798 3590 985 3663 Neque
1012 3608 1140 3649 vero
1191 3595 1408 3651 mireris
1437 3595 1619 3652 Jesum
1675 3596 2056 3651 r'esuscitatum
2093 3598 2160 3652 ab

2342 3603 2452 3656 Καὶ
2486 3600 2558 3670 μὴ
2585 3596 2852 3668 θαύμαζε,
2881 3597 2929 3648 εἰ
2962 3594 3034 3665 μὴ
3070 3594 3269 3657 πάντες
3300 3592 3588 3663 βλέπουσιν
3611 3592 3654 3644 οί

593 3682 849 3738 omnibus
890 3683 1061 3737 turbis
1096 3698 1201 3737 non
1253 3685 1427 3739 videri
1474 3701 1592 3755 quae
1627 3686 1680 3740 in
1726 3686 1877 3740 illum
1919 3687 2134 3741 credide

2283 3691 2553 3753 στευκότες
2586 3690 2729 3759 ὄχλοι
2765 3686 2843 3756 τῷ
2879 3684 3053 3755 Ἰησοῦ
3084 3683 3183 3754 τὴν
3216 3684 3514 3737 ἀνάστασιν
3539 3683 3721 3737 αὐτοῦ·
3750 3683 3824 3733 ὅτε

593 3783 762 3838 runt,
794 3776 1017 3844 quando
1048 3775 1251 3831 Paulus
1285 3779 1350 3831 ad
1382 3776 1694 3833 Corinthios
1740 3780 1891 3847 quasi
1924 3778 2133 3848 pluribu

2284 3786 2343 3848 ὃς
2371 3784 2446 3854 μὴ
2470 3781 2707 3855 χωροῦσι
2732 3779 2952 3834 πλείονα
2985 3775 3297 3847 Κορινθίοις
3328 3778 3358 3828 6
3394 3776 3604 3839 Παῦλος
3626 3776 3825 3845 γράφων

591 3866 872 3935 capiendis
922 3866 1157 3935 impares
1208 3869 1452 3924 scribat:
1506 3870 1653 3940 «Ego
1701 3884 1885 3925 autem
1923 3872 2132 3942 judicav

2287 3872 2484 3943 ρησίνχ
2504 3889 2522 3922 t
2561 3866 2701 3938 Ἐγὼ
2732 3867 2777 3921 δ’
2814 3866 3002 3937 ικρινα
3033 3866 3197 3937 μηδὲν
3236 3865 3439 3918 εἰδέναι
3470 3868 3528 3918 ὲν
3554 3866 3675 3937 ὑμῖν
3693 3866 3736 3915 εί
3761 3861 3828 3932 μὴ

592 3957 727 4011 nihil
759 3958 901 4012 scire
932 3958 1074 4012 inter
1109 3974 1228 4023 vos,
1261 3958 1365 4014 nisi
1405 3958 1589 4015 Iesum
1621 3961 1897 4016 Christum
1929 3971 1985 4016 et
2017 3963 2133 4017 hunl

2283 3963 2485 4037 Ἰησοῦν
2510 3961 2761 4033 Χριστὸν,
2789 3959 2882 4012 καὶ
2920 3957 3109 4011 τοῦτον
3137 3958 3573 4028 ἐσταυρωμένον,
3607 3976 3623 4008 ι
3658 3954 3824 4009 Τοιοῦ-

590 4048 911 4102 cruciiixum
943 4048 1040 4102 ι’.»
1073 4049 1172 4104 Cui
1211 4050 1390 4106 simile
1420 4062 1501 4105 est
1541 4063 1593 4107 et
1622 4052 1765 4106 istud
1793 4070 1806 4106 :
1859 4070 1878 4103 ι
1912 4052 2131 4107 Nondum

2283 4074 2358 4109 εον
2378 4056 2422 4109 δ’
2448 4056 2565 4107 ἐστὶ
2590 4054 2683 4107 xui.
2707 4052 2786 4115 τὸ,
2812 4069 2832 4103 ι
2861 4049 3026 4104 Οὔπω
3050 4049 3159 4121 γὰρ
3176 4049 3433 4103 ἐδύνασθε
3453 4067 3467 4079 ·
3498 4050 3604 4103 ἀλλ’
3626 4048 3731 4101 οὔτε
3752 4048 3824 4099 ἔτι

591 4140 740 4193 enim
789 4142 1090 4209 poteratis,
1154 4144 1247 4197 sed
1280 4158 1380 4197 nec
1429 4159 1574 4199 nunc
1623 4143 1844 4213 quidem
1897 4146 2125 4212 potestis

2284 4146 2362 4200 νῦν
2400 4144 2627 4198 δύνασθε
2648 4160 2661 4174 ’
2721 4142 2798 4195 ἔτι
2826 4141 2935 4213 γὰρ
2967 4140 3215 4210 σαρκικοί
3252 4143 3396 4193 ἐστε.
3438 4161 3457 4193 ι
3485 4141 3631 4194 Οῦτω
3665 4139 3825 4191 τοίνυν

590 4228 773 4284 adhuc
812 4231 952 4284 enim
979 4232 1229 4287 carnales
1256 4233 1387 4287 estis
1417 4232 1508 4285 η.»
1553 4234 1645 4287 Sic
1674 4234 1841 4301 igitur
1878 4233 2131 4304 Scriptur

2281 4242 2441 4295 πάντα
2474 4239 2653 4311 κρίσει
2689 4237 2809 4307 θεία
2838 4236 3005 4289 ποιῶν
3032 4237 3060 4287 6
3088 4234 3268 4303 λόγος,
3295 4236 3568 4306 ἀνέγραψε
3598 4234 3713 4305 περὶ
3738 4230 3822 4284 τοῦ

587 4320 998 4391 diviuojudicio
1026 4326 1206 4379 omnia
1240 4325 1448 4379 faciens
1481 4326 1546 4379 de
1572 4325 1697 4380 Jesu
1733 4327 2005 4380 memoriae
2035 4342 2128 4397 pro

2282 4330 2484 4401 Ἰησοῦ*
2530 4328 2635 4400 πρὸ
2692 4327 2788 4399 μὲν
2838 4326 2931 4379 τοῦ
2980 4326 3183 4389 πάθους
3219 4325 3554 4390 ἁπαξαπλῶς
3590 4326 3823 4396 φανέντος

586 4414 744 4478 didit,
788 4414 938 4469 illum
970 4416 1190 4487 quidem
1238 4427 1363 4472 ante
1394 4417 1702 4487 passionem
1747 4417 1997 4486 pluribus
2031 4434 2127 4488 pro

2284 4425 2377 4485 τοῖς
2416 4420 2647 4484 πλείοσι,
2686 4418 2779 4473 καὶ
2813 4416 2971 4470 τοῦτο
3015 4416 3114 4468 οὐκ
3153 4418 3273 4469 ἀεί·
3317 4419 3456 4487 μετά
3494 4419 3547 4472 δὲ
3588 4418 3644 4470 τὸ
3668 4415 3825 4476 πάθος

585 4505 791 4560 miscue
819 4516 1191 4577 conspectum,
1224 4509 1318 4563 sed
1359 4524 1463 4562 non
1506 4524 1755 4579 semper;
1798 4518 1911 4579 post
1946 4512 2126 4580 passio

2286 4482 2443 4567 ιύκέτι
2477 4482 2676 4584 ὁμοίως
2715 4510 3157 4581 ἐπιφαινομένου,
3198 4482 3334 4562 ἀλλά
3372 4512 3511 4582 μετά
3549 4528 3680 4572 τινος
3715 4508 3827 4577 κρί-

585 4611 707 4652 nem
730 4612 855 4653 vero
872 4615 975 4653 non
1003 4601 1259 4656 similiter
1284 4615 1343 4656 se
1365 4601 1812 4670 conspiciendum
1837 4603 2126 4672 praebuisse

2283 4620 2399 4666 ratu;
2432 4602 2647 4672 ἑκάστῳ
2677 4599 2978 4672 μετρούσης
3000 4599 3068 4651 τὰ
3101 4599 3307 4653 δέοντα.
3340 4602 3548 4672 Ὥσπερ
3571 4601 3611 4653 δ’
3636 4598 3824 4664 ἀναγέ-

583 4687 677 4740 sed
710 4704 834 4742 cum
877 4690 1109 4759 quodam
1139 4690 1353 4746 delectu
1399 4705 1498 4760 pro
1532 4705 1631 4745 suo
1685 4690 1879 4760 cuique
1910 4692 2124 4747 modulo

2284 4707 2500 4762 'pumut
2526 4690 2608 4753 τὸ,
2640 4709 2656 4741 ι
2690 4688 2864 4761 Ὠφθη
2888 4691 2916 4742 6
2939 4688 3069 4751 Θεὸς
3092 4686 3169 4757 τῷ
3206 4687 3479 4761 Ἀϐραὰμ,
3510 4710 3527 4741 ι
3554 4690 3694 4755 ἡτινι
3714 4686 3825 4738 τῶν

584 4775 738 4832 Sicut
798 4790 977 4834 autem
1025 4782 1285 4850 scriptum
1336 4792 1420 4838 est
1458 4798 1474 4837 :
1514 4800 1533 4833 ι
1566 4782 1832 4852 Apparuit
1890 4782 2121 4838 Dominu

2283 4774 2457 4854 ιγίων·
2505 4786 2597 4837 xui.
2631 4784 2692 4836 τὸ
2728 4782 2894 4851 ὤφθη
2926 4782 3083 4835 τοῦτο
3125 4782 3225 4835 οὐκ
3258 4782 3346 4834 ἀεὶ
3379 4784 3601 4851 ἐγίνετο,
3628 4780 3729 4833 ἀλλ’
3764 4780 3824 4832 ἐκ

582 4869 854 4923 Abraham
880 4870 977 4936 “,t
1006 4881 1093 4926 aut
1126 4874 1357 4944 cuipiam
1384 4888 1416 4929 e
1439 4874 1678 4937 sanctis;
1699 4874 1949 4942 quamvis
1972 4883 2123 4932 tamet

2281 4876 2681 4947 ἱιαλειμμάτων,
2716 4874 2809 4927 xui.
2833 4875 2893 4927 ού
2926 4876 3089 4927 πᾶσιν
3116 4875 3368 4942 ἐφαίνετο
3387 4891 3399 4903 ·
3425 4874 3563 4926 οὕτω
3603 4890 3687 4942 μοι
3714 4871 3822 4923 νόει

586 4973 687 5013 nec
714 4974 959 5030 semper,
986 4964 1078 5017 sed
1108 4978 1174 5019 ex
1210 4965 1529 5029 intervallis,
1565 4979 1666 5020 nec
1705 4963 1957 5019 omnibus
1988 4980 2123 5036 appa

2281 4969 2352 5022 cui
2373 4968 2463 5021 τὸν
2486 4968 2613 5020 Υἱὸν
2639 4965 2732 5019 τοῦ
2765 4965 2898 5020 Θεοῦ
2926 4966 3036 5039 (97)
3061 4959 3239 5035 ὦφθαι
3270 4968 3337 5037 τῇ
3367 4965 3709 5037 παραπλησίᾳ
3745 4966 3822 5025 είς

585 5058 766 5105 reret:
801 5048 880 5105 sic
915 5053 1092 5121 cogita
1119 5054 1311 5109 Filium
1344 5056 1435 5110 Dei
1475 5057 1668 5111 eodem
1708 5055 1816 5112 illis
1840 5058 2126 5126 apparuissl

2277 5059 2319 5111 :6
2380 5059 2509 5131 περὶ
2550 5058 2802 5122 ἐκείνων,
2852 5059 2931 5123 είς
2984 5058 3044 5111 τὸ
3091 5053 3269 5128 ὦφθαι
3318 5058 3507 5121 αὐτοῖς
3542 5056 3630 5109 τὸν
3671 5053 3818 5113 Θεὸν,

583 5138 816 5203 delectu,
844 5157 950 5212 quo
980 5141 1122 5199 Deus
1162 5145 1275 5201 istis
1306 5148 1578 5216 apparuit.
2260 5151 2457 5223 κρίσει.

651 5274 675 5307 ⁸
702 5272 861 5328 Rom.
884 5289 994 5339 xw,
1026 5273 1080 5329 9.
1159 5275 1200 5307 ¹⁰
1229 5274 1250 5329 ι
1275 5276 1399 5332 Cor.
1425 5295 1515 5347 xv,
1542 5279 1632 5335 52.
1709 5281 1751 5312 ¹¹
1779 5278 1798 5333 l
1829 5277 2023 5335 Thess.
2052 5295 2128 5347 tv,
2160 5281 2183 5334 l

2273 5302 2412 5358 seqq.
2498 5288 2539 5320 ¹²
2573 5285 2885 5352 ΙΟοΓ.ιι,2.
2942 5285 3179 5343 "lCor.
3202 5286 3361 5349 "1,5.
3440 5285 3814 5350 “Gemxnﬁ'.

793 5455 949 5535 bibl).
984 5458 1227 5528 impressi
1259 5460 1310 5535 in
1337 5463 1605 5535 margine,
1626 5462 2078 5535 ἁρπαγησόμεθα.
2130 5534 2135 5535 γ

1259 5460 1310 5535 in
1337 5463 1605 5535 margine,
1626 5462 2078 5535 ἁρπαγησόμεθα.
2130 5534 2135 5535 γ
2254 5461 2447 5535 pressi,
2489 5462 2785 5532 φθάσομεν.

645 5526 999 5609 ίθόλῼιιιιιιξε-
1032 5526 1183 5597 ιιίεε.,
1225 5532 1287 5584 ού
1334 5526 1558 5609 θέλομεν
1589 5526 1676 5599 δέ,
1722 5526 2149 5609 Sp'eitcct'us,06

2282 5606 2297 5609 _
2324 5533 2436 5609 (97)
2486 5526 2684 5609 Gnther}
2722 5546 2881 5609 "155.1
2909 5532 3047 5609 ⁸Υξὶὺν
3091 5532 3187 5609 τοῦ
3246 5533 3421 5609 Θεοῦ.-
3461 5535 3613 5609 Libb.
3640 5533 3815 5609 _editi_.

767 5595 1023 5678 6s..lbiil.
1074 5594 1228 5665 Inss.,
1276 5604 1403 5678 περὶ
1439 5594 2123 5678 τῶν-κοίμωμένωνηισίὺι)

2279 5594 2479 5678 Ιησοῦν-
2514 5603 2606 5678 τοῦ
2641 5602 2795 5655 Θεοῦ.
2839 5594 3047 5678 ibidem
3088 5606 3155 5678 τῇ
3209 5605 3571 5678 παραπλησία
3608 5604 3681 5667 εἰς
3726 5606 3816 5665 τό,

581 5667 733 5745 editi,
763 5667 1024 5745 περὶ-τῶν
1054 5667 1506 5745 κεκοιμημένων.Δ
1528 5667 1729 5745 Ιὺῖιιθίη
1763 5667 1920 5745 inss.,
1949 5674 2024 5737 ὡς
2056 5690 2122 5727 κα

2274 5667 2355 5728 τιό.
2391 5672 2655 5745 Usitatius
2684 5683 2766 5727 est
2801 5674 2867 5742 τῇ
2904 5667 3265 5745 παραπλησίᾳ
3291 5667 3396 5745 τῷ.
3451 5667 3683 5743 Sequens
3716 5690 3815 5725 au-

580 5736 629 5788 ol
657 5734 852 5821 λοιποίέ
879 5734 1406 5821 ξρεηρξηιξίκαθὼς
1428 5742 1596 5821 καιοί
1623 5744 1843 5821 λοιποί.-
2004 5734 2016 5737 “
2039 5814 2052 5821 Α

2274 5758 2355 5821 e_m
2400 5745 2481 5809 εἰς
2512 5743 2572 5797 τό
2609 5744 2733 5799 hinc
2784 5734 2998 5811 na'tum;
3030 5734 3207 5800 mutat
3242 5734 3567 5804 'Bulierellu's
3612 5746 3659 5800 in
3705 5747 3815 5815 ρη-

652 5808 763 5879 (96)
807 5808 984 5865 Codex
1039 5807 1384 5882 Basileensis,
1442 5812 1754 5885 φθάσωμεν.
1822 5813 1981 5870 Libb.
2038 5814 2139 5869 im-
2244 5812 2354 5870 θέν.
