4002 6524
154 384 249 443 9θὶ

1374 374 1654 434 CONTRA
1684 369 1959 429 CELSUM
1997 365 2123 423 LIB.
2163 364 2227 422 11.

3286 362 3390 418 902

231 500 722 572 Ἀπελογησάμεθα
756 493 849 553 οὖν
874 498 1015 554 κατὰ
1041 498 1101 553 τὸ
1131 495 1351 552 δυνατὸν
1391 497 1543 567 ἡμῖν,
1568 495 1642 559 ὡς
1672 497 1729 548 ἐν

1899 498 1988 553 67.
2020 486 2416 562 Respondimus
2449 480 2615 553 igitur
2653 493 2751 550 pro
2776 477 3015 543 viribus,
3049 485 3105 534 et
3130 486 3388 549 quantum

152 594 377 663 τοιούτῳ
404 594 815 662 συγγράμματι,
850 591 985 662 πρὸς
1021 591 1081 643 τό
1102 608 1114 621 ·
1147 610 1165 642 ι
1220 590 1435 660 Ἐχρῆν,
1462 588 1619 659 εἴπερ
1647 588 1733 641 ὅν-

154 702 256 748 τως
289 682 530 753 ἐκφῆναι
556 682 706 736 Θείαν
734 681 958 752 δύναμιν
991 682 1201 752 ἢθελεν,
1238 682 1420 745 αὐτοῖς
1454 683 1565 744 τοῖς
1594 681 1730 750 ἐπη-

160 774 388 845 ρεάσασι
414 774 509 826 καὶ
533 771 611 843 τῷ
638 773 1059 825 καταδικάσαντι
1090 774 1184 826 καὶ
1210 773 1345 836 ὅλως
1373 774 1537 825 πᾶσιν
1559 771 1731 841 ὀφθῆ-

156 883 271 921 ναιο
310 885 328 917 ι
363 866 467 917 οὐκ
490 865 656 934 ἐχρῆν
690 859 781 917 οὖν
810 863 887 933 τῷ
925 864 1343 918 καταδικάσαντι
1372 864 1533 918 αὐτὸν
1568 863 1736 934 ὀφθῆ-

156 976 259 1021 ναι,
281 957 406 1010 οὐδὲ
420 958 533 1018 τοῖς
546 955 931 1024 ἐπηρεάσασιν·
949 955 1188 1022 ἐφείδετο
1210 954 1421 1025 γὰρκαὶ
1444 955 1538 1008 τοῦ
1564 972 1732 1008 κατα-

156 1046 476 1109 δικάσαντος
510 1044 731 1097 καὶτῶν
766 1047 1182 1116 ἐπηρεασάντων
1213 1047 1240 1098 ό
1290 1045 1515 1117 Ἰησοῦς,
1543 1047 1630 1099 ἵνα
1659 1046 1732 1117 μὴ

158 1137 507 1207 παταχθώσιν
532 1138 783 1209 ἀορασίᾳ,
808 1139 967 1209 ὁποίᾳ
990 1140 1038 1191 οἱ
1062 1138 1120 1190 ἐν
1150 1138 1403 1209 Σοδόμοις
1428 1138 1736 1209 ἐπατάχθη-

158 1241 274 1288 σαν,
300 1225 465 1295 ἡνίκα
487 1225 840 1279 ἐπεϐούλευον
862 1230 928 1297 τῇ
951 1226 1068 1297 ὥρα
1086 1227 1194 1281 τῶν
1217 1226 1561 1292 ξενισθέντων
1587 1227 1735 1299 παρὰ

158 1315 230 1384 τῷ
253 1314 381 1367 Λὼτ
422 1316 688 1384 ἀγγέλων.
716 1317 825 1370 Καὶ
849 1316 1007 1370 τοῦτο
1034 1318 1090 1370 δέ
1118 1316 1370 1389 δηλοῦται
1384 1318 1472 1371 διὰ
1493 1317 1697 1373 τούτων
1716 1335 1730 1349 ο

162 1423 181 1456 ι
233 1404 607 1469 Ἐκτείναντες
642 1405 701 1459 δέ
745 1407 795 1459 οἱ
838 1406 1028 1478 ἄνδρες
1056 1407 1154 1471 τὰς
1190 1411 1398 1480 χεῖρας,
1434 1410 1737 1463 ἐσπάσαντο

154 1496 247 1548 τὸν
280 1494 408 1549 Λὼτ
442 1495 580 1568 πρὸς
603 1496 827 1561 ἑαυτοὺς
866 1499 945 1561 είς
980 1498 1071 1552 τὸν
1103 1495 1270 1563 οἷκον,
1314 1502 1407 1555 καὶ
1432 1501 1529 1571 τὴν
1567 1500 1735 1572 θύραν

157 1587 518 1641 ἀπέκλεισαν·
558 1576 685 1652 rei};
728 1589 785 1642 δέ
824 1589 1043 1661 ἄνδρας,
1076 1592 1202 1654 τοὺς
1239 1592 1333 1645 ἐπὶ
1363 1597 1430 1664 τῇ
1473 1592 1611 1665 θύρᾳ
1641 1592 1735 1647 τοῦ

155 1678 331 1740 οἴκου,
367 1678 645 1744 ἐπάταξαν
679 1679 912 1750 ἀορασίᾳ
954 1681 1062 1735 ἀπὺ
1106 1682 1301 1752 μικροῦ
1334 1682 1439 1747 ἐως
1477 1684 1734 1755 μεγάλου,

157 1772 250 1823 καὶ
284 1770 670 1840 παρελύθησαν
701 1770 988 1841 ζητοῦντες
1038 1771 1138 1843 τὴν
1180 1773 1367 1851 θύραν.
1404 1794 1423 1827 ι
1476 1776 1737 1845 Ἐκφῆναι
1774 1782 1781 1851 ς

1834 587 1992 656 hujus
2022 581 2234 655 generis
2257 592 2394 648 opus
2424 572 2793 645 permittebat,
2830 570 2896 624 ad
2929 569 3072 624 ista:
3109 588 3127 621 ‹
3158 569 3212 623 Si
3236 583 3391 624 suam

1834 677 2070 732 divinam
2104 672 2399 742 potentiam
2452 679 2582 721 vere
2629 665 2970 717 innotescere
3016 659 3227 724 voluit,
3278 660 3393 713 suis

1836 769 2023 837 utique
2049 761 2375 819 adversariis
2395 798 2410 821 ,
2456 771 2554 811 suo
2580 754 2775 823 judici,
2806 751 3026 807 omnino
3054 750 3306 806 omnibus
3333 766 3395 806 se

1835 858 2148 915 ostenderet
2175 852 2431 924 oportuit.
2470 867 2489 901 ι
2524 846 2632 902 Nec
2660 845 2803 900 enim
2837 844 2909 898 illi
2937 844 3024 912 qui
3055 844 3229 912 ipsum
3261 858 3396 898 con-

1835 952 2185 1007 demnaverat
2216 984 2233 1008 ,
2282 957 2383 998 nec
2406 939 2517 995 suis
2559 936 2889 993 adversariis
2929 936 3168 1005 oportuit
3219 944 3280 988 ut
3330 949 3391 990 se

1835 1041 2330 1099 commonstraret;
2377 1030 2456 1085 illi
2493 1028 2639 1083 enim
2681 1035 2737 1081 et
2786 1025 2906 1079 istis
2933 1022 3174 1094 pepercit
3198 1021 3397 1089 Jesus,

1834 1139 1893 1185 ut
1936 1144 2005 1183 ne
2034 1133 2445 1197 percuterentur
2487 1119 2766 1182 cmcitate,
2809 1130 2914 1185 qua
2956 1112 3245 1169 Sodomita:
3277 1128 3400 1182 per-

1835 1223 1977 1278 cussi
2018 1221 2261 1283 fuerunt,
2294 1230 2420 1271 cum
2473 1210 2787 1281 angelorum
2824 1207 2965 1275 apud
2994 1206 3094 1260 Lm
3125 1205 3401 1274 hospitan-

1838 1314 1968 1368 tium
1992 1305 2382 1381 pulchritudini
2406 1308 2720 1359 struxerunt
2744 1300 2993 1354 insidias.
3018 1298 3170 1365 Quod
3198 1298 3400 1351 factum

1836 1404 1923 1459 his
1949 1402 2130 1458 verbis
2158 1398 2499 1453 declaratur:
2539 1392 2930 1447 «Extendentes
2953 1399 3132 1443 autem
3159 1388 3256 1442 viri
3285 1403 3401 1441 ma-

1842 1508 1944 1548 nus
1969 1531 1985 1558 ,
2019 1496 2305 1547 traxerunt
2351 1485 2454 1540 Lot
2499 1483 2565 1537 ad
2613 1496 2671 1536 se
2705 1481 2756 1534 in
2807 1480 3023 1534 domum
3050 1516 3065 1542 ,
3098 1486 3149 1530 et
3180 1476 3400 1545 januam

1838 1584 2029 1638 domus
2076 1580 2439 1636 occluserunt.
2496 1572 2653 1626 Viros
2699 1579 2877 1624 autem
2930 1568 3021 1639 qui
3063 1567 3129 1621 ad
3177 1564 3403 1633 ianuam

1838 1675 2033 1730 domus
2061 1679 2236 1735 erant,
2264 1673 2650 1737 percusserunt
2674 1662 2917 1716 czeeitate
2942 1675 2971 1713 a
2998 1674 3160 1728 parvo
3190 1658 3256 1712 ad
3291 1672 3404 1710 ma—

1840 1781 2002 1838 gnum
2031 1805 2046 1829 ,
2100 1772 2153 1818 et
2194 1762 2388 1818 defecti
2436 1759 2642 1814 viribus
2673 1754 2991 1825 qumrebant
3021 1752 3245 1823 ianuam
3282 1749 3347 1802 ".
3378 1766 3401 1803 ι

156 1856 248 1912 οὖν
296 1857 552 1911 ἐδούλετο
594 1860 691 1931 τὴν
731 1858 956 1929 δύναμιν
1006 1841 1200 1914 ἐαυτοῧ
1331 1862 1557 1934 Ἰησοῦς,
1587 1841 1742 1919 θείαν

1846 1857 2012 1912 Suam
2046 1856 2211 1925 igitur
2238 1854 2477 1910 divinam
2508 1857 2832 1921 potestatem
2862 1847 3201 1900 innotescere
3234 1841 3405 1895 voluit

156 1946 345 2015 οὖσαν,
388 1951 604 2021 ἑκάστῳ
633 1950 740 2003 τῶν
771 1950 1082 2021 δυναμένων
1110 1953 1278 2024 αὐτὴν
1305 1953 1451 2017 ἰδεῖν,
1480 1956 1571 2007 καὶ
1600 1954 1743 2008 κατὰ

157 2042 216 2094 τὸ
246 2041 447 2112 μέτρον
474 2044 603 2096 ίδεῖν
628 2043 664 2097 ἃ
686 2044 902 2114 ἐχώρει.
931 2043 1041 2097 Καὶ
1067 2043 1188 2096 οὐδέ
1222 2062 1322 2098 που
1346 2045 1411 2098 δι’
1448 2046 1576 2099 ἄλλο
1609 2048 1742 2115 ἐφυ-

157 2132 357 2197 λάξατο
400 2133 688 2205 ὀφθῆναιῆ
729 2134 818 2187 διὰ
852 2134 951 2198 τὰς
974 2130 1231 2206 δυνάμεις
1258 2135 1366 2198 τῷν
1510 2136 1744 2207 χωρούν-

154 2240 265 2276 των
312 2223 477 2276 αὑτὸν
523 2223 666 2276 ἰδεῖν.
717 2225 827 2278 Καὶ
861 2226 1034 2295 μάτην
1075 2224 1394 2295 παρελήφθη
1443 2225 1519 2294 τῷ
1551 2224 1742 2296 Κέλσῳ

158 2312 238 2376 τὸ,
275 2331 294 2363 ι
335 2314 411 2365 Οὐ
438 2312 547 2384 γάρ
569 2313 632 2384 δὴ
672 2313 751 2366 ἔτι
783 2314 1032 2383 ἐφοϐεϊτό
1060 2332 1180 2367 τινα
1204 2314 1511 2387 ἀνθρώπων
1536 2315 1743 2369 (11:00a-

160 2399 286 2464 νὼν,
319 2403 416 2454 καὶ
438 2401 533 2471 (ὥς
562 2402 738 2471 φατε,)
766 2402 897 2466 Θεὸς
919 2402 1021 2456 ὢν·
1050 2404 1155 2457 οὐδ’
1181 2405 1273 2458 ἐπὶ
1308 2404 1449 2457 τοῦτ’
1489 2405 1743 2476 ἐπέμφθη

160 2491 259 2561 τὴν
302 2492 500 2563 ἀρχὴν,
534 2492 623 2546 ἵνα
659 2492 814 2566 λάθῃ.
860 2513 878 2544 ι
933 2494 1212 2566 Ἐπέμφθη
1239 2494 1348 2563 γὰρ
1375 2496 1434 2547 οὐ
1466 2496 1623 2565 μόνον
1657 2496 1745 2550 ἴνα

160 2586 401 2655 γνωσθῇ,
430 2584 545 2637 ἀλλ’
574 2585 658 2638 ἴνα
684 2587 775 2639 καὶ
800 2585 957 2657 λάθῃ.
981 2586 1055 2639 Οὐ
1081 2587 1188 2658 γὰρ
1214 2588 1343 2651 πᾶν,
1371 2588 1399 2640 ὃ
1422 2582 1511 2657 ἦν,
1543 2588 1638 2641 καὶ
1662 2582 1745 2652 οἷς

161 2678 512 2746 ἐγινώσκετο,
561 2679 907 2743 ἐγινώσκετο,
956 2679 1095 2733 ἀλλά
1138 2697 1190 2733 τι
1238 2679 1403 2734 αὐτοῦ
1456 2679 1744 2734 ἐλάνθανεν

158 2769 357 2833 αὐτούς
381 2788 396 2801 ·
423 2771 536 2843 τισὶ
558 2770 602 2824 δ’
640 2771 747 2824 οὐδ’
774 2770 909 2834 ὅλως
934 2771 1279 2840 ἐγινώσκετο.
1310 2771 1421 2825 Καὶ
1456 2772 1657 2843 ἀνέῳξε
1690 2771 1746 2825 δέ

160 2859 338 2928 φωτὸς
367 2840 542 2924 πύλας
564 2863 677 2924 τοῖς
700 2862 1007 2932 γενομένοις
1035 2863 1131 2932 μὲν
1165 2862 1388 2926 σκότους
1422 2863 1516 2917 καὶ
1556 2840 1746 2928 νυκτὸς

161 2953 319 3014 υίοῖς,
360 2952 713 3006 ἐπιδεδωκόσι
743 2952 798 3006 δὲ
832 2955 1058 3018 ἑαυτοὺς
1096 2957 1174 3018 είς
1212 2955 1273 3007 τὸ
1311 2954 1561 3023 γενέσθαι
1598 2956 1747 3019 υἱοὺς

161 3044 375 3113 ἡμέρας
411 3044 507 3096 καὶ
548 3043 747 3111 φωτός.
788 3044 897 3098 Καὶ
934 3040 1063 3115 ἦλθε
1091 3046 1281 3116 Σωτὴρ
1316 3046 1345 3097 ό
1384 3043 1588 3116 Κύριος
1617 3046 1748 3114 ἡμῖν

1844 1947 2136 2016 unicuique
2158 1958 2368 2008 eorum,
2390 1957 2620 2013 quorum
2644 1942 2788 1995 vires
2813 1953 2932 1993 eam
2960 1937 3105 1992 ferre
3134 1941 3405 2003 poterant,

1841 2048 1898 2092 et
1937 2046 2199 2105 quantum
2232 2048 2327 2103 per
2357 2033 2479 2087 illas
2515 2032 2657 2086 vires
2692 2029 2907 2086 licebat.
2940 2026 3049 2081 Nec
3080 2026 3185 2080 alia
3219 2038 3408 2089 causa,

1845 2127 1976 2197 quin
2026 2140 2084 2180 se
2120 2132 2445 2178 monstraret
2468 2161 2483 2185 .
2516 2122 2799 2183 abstinuit,
2835 2134 2999 2189 quam
3034 2119 3177 2187 quod
3213 2116 3408 2170 virium

1842 2218 1947 2274 sibi
1996 2215 2226 2269 videndo
2260 2214 2546 2283 imparium
2580 2213 2847 2265 rationem
2899 2208 3145 2263 haberet.
3178 2205 3406 2260 Frustra

1842 2320 1970 2376 ergo
1998 2306 2077 2359 sic
2104 2304 2291 2359 Celsus
2322 2302 2558 2369 excipit:
2594 2318 2613 2351 ι
2642 2300 2751 2355 Nec
2783 2300 2930 2354 enim
2962 2296 3191 2366 amplius
3218 2310 3409 2364 quent-

1843 2393 1989 2463 piam
2021 2393 2299 2447 hominum
2336 2391 2756 2453 reformidabat,
2794 2404 2916 2444 cum
2952 2396 3006 2443 et
3039 2399 3268 2442 mortem
3296 2386 3410 2456 jam

1845 2485 2101 2548 obiisset,
2130 2494 2204 2548 et,
2232 2493 2289 2536 ut
2322 2483 2504 2538 dicitis
2525 2523 2540 2549 ,
2569 2482 2708 2536 Deus
2736 2489 2880 2535 esset
2904 2496 2919 2534 :
2952 2494 3051 2533 nec
3080 2493 3146 2533 eo
3177 2477 3407 2532 consilio

1844 2578 2079 2647 primum
2130 2576 2328 2630 missus
2374 2576 2570 2641 fuerat,
2606 2583 2663 2628 ut
2706 2573 2873 2645 438
2920 2571 3132 2625 lateret.
3165 2588 3184 2623 ι
3220 2568 3410 2624 Missus

1846 2673 1929 2719 est
1961 2666 2129 2729 enim,
2160 2680 2268 2719 non
2304 2673 2513 2718 tantum
2549 2673 2605 2717 nt
2638 2674 3090 2733 cognosceretur,
3122 2662 3215 2717 sed
3246 2662 3410 2716 etiam

1847 2763 1906 2809 ut
1932 2752 2144 2809 lateret.
2172 2751 2308 2807 Nam
2341 2768 2440 2807 nec
2478 2753 2546 2806 iis
2576 2753 2791 2821 quidem
2820 2752 2910 2821 qui
2947 2750 3096 2805 illum
3122 2763 3411 2820 cognosce-

1848 2845 2019 2909 bant,
2056 2852 2246 2899 notum
2286 2852 2403 2898 erat
2437 2852 2604 2898 totum
2638 2844 2781 2912 quod
2812 2850 2931 2896 erat
2961 2859 2976 2908 ;
3014 2843 3106 2896 sed
3133 2842 3261 2911 quid
3295 2840 3413 2910 ejus

1849 2934 1972 2989 illos
2007 2934 2276 3005 fugiebat:
2322 2933 2645 3003 quibusdam
2695 2942 2874 2987 autem
2909 2947 3133 3002 prorsus
3172 2932 3412 3002 incogni-

1851 3034 1941 3081 tus
1974 3025 2094 3081 fuit.
2129 3026 2241 3081 [llis
2270 3040 2400 3081 vero
2435 3034 2620 3094 portas
2649 3024 2785 3081 lucis
2811 3025 3054 3095 aperuit,
3086 3024 3176 3094 qui
3205 3024 3303 3077 ﬁlii
3333 3032 3414 3078 te-

166 3133 389 3203 μᾶλλον,
424 3132 501 3197 ὡς
537 3134 719 3207 ἰατρὸς
749 3135 972 3205 ἀγαθὸς,
1019 3138 1132 3200 τοῖς
1156 3136 1437 3207 ἁμαρτιῶν
1476 3136 1745 3209 μεστοῖςῆ

1852 3120 2147 3175 nebrarum
2178 3130 2232 3172 et
2263 3120 2443 3174 noctis
2474 3118 2587 3173 nati
2626 3118 2895 3173 dederunt
2925 3131 3141 3186 operam
3169 3156 3185 3182 ,
3222 3127 3281 3170 ut
3309 3116 3415 3170 diei

1860 3221 1899 3229 Α.
1930 3212 1943 3229 ι
2000 3212 2036 3229 γ.
2224 3209 2412 3229 ρηη.
2470 3210 2528 3229 η.
2565 3209 2809 3229 κυημμ
2843 3208 3101 3229 n-__:_--_-
3242 3209 3411 3229 μη---

163 3227 277 3288 τοῖς
302 3224 555 3288 δικαίοις.

243 3492 477 3563 Ἷδωμεν
516 3492 573 3547 δὲ
604 3491 727 3547 τίνα
761 3490 958 3564 τρόπον
990 3492 1154 3564 φησὶν
1189 3493 1218 3546 ό
1256 3492 1402 3564 παρὰ
1436 3492 1514 3565 τῷ
1553 3494 1746 3565 Κέλσῳ

177 3585 454 3647 Ἰουδαῖος,
479 3586 582 3647 ὅτι,
617 3603 636 3635 ε
676 3584 740 3637 Εἰ
761 3585 806 3637 δ’
831 3581 922 3639 οὖν
943 3588 1004 3639 τό
1029 3603 1091 3654 γε
1116 3586 1367 3640 τοσοῦτον
1390 3586 1617 3657 ὤφειλεν
1634 3587 1743 3661 (98)

166 3679 246 3739 είς
279 3676 542 3743 ἐπίδειξιν
572 3676 842 3747 θεότητος,
878 3678 985 3731 ἀπὸ
1017 3677 1111 3731 τοῦ
1146 3680 1405 3745 σκόλοπος
1431 3680 1561 3751 γοῦν
1586 3682 1747 3745 εὐθὺς

165 3765 382 3837 ἀφανὴς
403 3765 676 3834 γενέσθαι.
721 3786 739 3818 ι
769 3767 880 3820 Καὶ
916 3767 1071 3821 τοῦτο
1092 3768 1147 3822 δὲ
1171 3769 1319 3823 δοκεί
1344 3788 1430 3841 μοι
1458 3772 1641 3842 ὅμοιον
1668 3769 1746 3825 εἶ-

166 3877 257 3911 ναι
291 3858 373 3928 τῷ
418 3858 562 3929 λόγῳ
594 3858 701 3913 τῶν
728 3859 1237 3914 ἀντιδιατασσόντων
1267 3865 1329 3933 τῇ
1364 3863 1618 3935 Προνοία,
1652 3864 1748 3919 καὶ

165 3948 580 4019 διαγραφόντων
601 3950 810 4012 ἐαυτοῖς
833 3949 919 4001 ἐτε
929 3966 995 4019 ρα
1018 3949 1169 4021 παρὰ
1192 3951 1261 4005 τὰ
1281 3951 1428 4016 ὄντα,
1454 3954 1546 4007 καὶ
1561 3954 1746 4023 λεγόν-

167 4057 297 4103 των,
325 4041 409 4092 ὅτι
446 4038 653 4109 βέλτιον
679 4035 746 4111 ἦν
774 4042 822 4093 εί
848 4039 1019 4105 οὕτως
1048 4037 1192 4111 εἶχεν
1218 4044 1247 4095 ὁ
1284 4044 1506 4115 κόσμος,
1539 4046 1614 4110 ὡς
1639 4047 1747 4100 διε-

165 4130 487 4201 γράψαμεν.
541 4131 713 4184 Ὅπου
772 4131 868 4200 μὲν
922 4130 1031 4203 γὰρ
1089 4133 1290 4187 δυνατὰ
1339 4135 1745 4207 διαγράφουσιν,

168 4220 485 4289 ἐλέγχονται
508 4219 726 4289 χείρονα
749 4217 1046 4282 ποιοῦντες,
1070 4219 1130 4273 τὸ
1153 4220 1275 4275 ὅσον
1298 4221 1381 4289 ἐφ’
1405 4223 1634 4286 ἑαυτοῖς,
1656 4222 1750 4276 καὶ

168 4316 235 4385 τῇ
261 4313 538 4384 διαγραφῇ
570 4312 767 4377 αὐτῶν,
794 4312 885 4366 τὸν
918 4314 1119 4383 κόσμον
1138 4332 1151 4345 ·
1178 4316 1312 4368 ὅπου
1339 4315 1395 4368 δέ
1421 4315 1634 4369 δοκοῦσι
1676 4316 1749 4387 μὴ

170 4407 395 4476 χείρονα
423 4404 835 4475 ἀναζωγραφεῖν
873 4404 980 4459 τῶν
1016 4406 1201 4471 ὄντων,
1240 4408 1651 4462 ἀποδείκνυνται
1682 4408 1751 4462 τά

1850 3221 1905 3268 et
1930 3212 2069 3267 lucis
2096 3211 2189 3266 lilii
2223 3209 2435 3265 flerent.
2470 3210 2535 3264 Et
2565 3209 2810 3265 Salvator
2842 3208 3126 3274 Dominus,
3153 3217 3210 3261 ut
3240 3209 3415 3261 bonus

1849 3304 2095 3360 medicus
2128 3304 2309 3370 potius
2333 3302 2483 3357 venit
2510 3302 2577 3356 ad
2610 3316 2708 3357 nos
2739 3300 2984 3371 peccatis
3009 3299 3214 3371 plenos,
3246 3314 3411 3370 quam

1849 3396 1915 3450 ad
1937 3394 2117 3464 iustos
2143 3395 2208 3451 ¹⁶.

1922 3487 2012 3543 68.
2047 3486 2167 3543 Jam
2195 3486 2476 3542 videamus
2505 3501 2748 3557 quaenam
2780 3485 2911 3550 sint,
2944 3500 3063 3556 qua:
3095 3494 3286 3555 postea
3321 3483 3418 3540 Ju-

1850 3579 1996 3635 daaus
2041 3579 2184 3649 apud
2214 3578 2429 3633 Celsum
2479 3578 2666 3634 dicat:
2720 3598 2738 3631 σ
2774 3577 2926 3644 Quod
2969 3578 3014 3632 si
3068 3577 3170 3631 hoc
3198 3578 3370 3647 ipsum
3399 3618 3416 3643 ,

1851 3670 2066 3739 inquit,
2105 3669 2430 3725 conduceret
2477 3669 2594 3740 ejus
2644 3668 2915 3724 divinitati
2962 3669 3416 3738 comprobanda,

1851 3762 2032 3817 subito
2064 3776 2096 3816 e
2146 3777 2310 3818 cruce
2357 3776 2684 3816 evanescere
2715 3761 2918 3816 debuit.
2951 3780 2969 3813 ι
3005 3761 3060 3815 Id
3103 3771 3254 3815 certe
3283 3762 3416 3816 mihi

1848 3854 2024 3909 simile
2072 3853 2293 3908 videtur
2337 3854 2573 3908 sermoni
2628 3869 2858 3921 eorum,
2913 3854 3005 3922 qui
3062 3853 3417 3923 providentia:

1850 3946 2054 4010 hostes,
2081 3955 2136 4001 et
2160 3945 2343 4011 rebus,
2370 3955 2427 3999 ut
2455 3945 2689 3999 conditae
2716 3954 2864 4009 sunt,
2898 3946 3123 4001 minime
3148 3945 3414 4008 contenti,

1850 4034 1984 4089 alias
2006 4034 2342 4098 describunt,
2373 4034 2705 4103 dicuntque:
2744 4044 2947 4104 quanto
2974 4035 3163 4090 melior
3188 4034 3420 4089 mundus

1850 4135 2017 4191 esset,
2049 4126 2092 4180 si
2125 4126 2196 4180 ita
2222 4126 2466 4190 haberet,
2494 4135 2549 4179 ut
2579 4126 2994 4196 descripsimus!
3024 4125 3175 4181 Unde
3196 4127 3419 4191 accidit,

1852 4226 1941 4280 ut,
1971 4216 2016 4271 si
2066 4216 2379 4272 describant
2427 4232 2546 4289 qua:
2601 4218 2719 4272 fieri
2770 4225 3021 4288 possunt,
3056 4218 3416 4284 deteriorem,

1851 4317 2111 4370 quantum
2152 4308 2205 4362 in
2247 4323 2308 4363 se
2340 4308 2484 4376 fuit,
2512 4324 2607 4364 sua
2636 4309 3002 4379 descriptione
3036 4309 3229 4365 fecisse
3260 4326 3417 4365 mun-

1851 4398 1977 4452 dum
2007 4406 2341 4466 arguantur;
2367 4397 2449 4452 sin
2481 4407 2664 4452 autem
2693 4398 2905 4467 pejora,
2929 4412 3092 4467 quam
3120 4410 3238 4464 qua:
3268 4404 3417 4463 sunt,

170 4500 237 4567 τῇ
271 4495 433 4565 φύσει
468 4495 704 4550 ἀδύνατα
731 4496 1070 4568 βουλόμενοι·
1101 4498 1176 4562 ὡς
1216 4499 1489 4571 ἑκατέρως
1518 4500 1626 4570 (99)
1653 4501 1747 4553 αὐ-

1861 4506 1965 4544 non
2017 4490 2324 4545 delineasse
2373 4488 2704 4556 videantur,
2742 4488 3037 4544 ostendunt
3088 4502 3147 4543 se
3186 4488 3421 4542 voluisse

172 4589 301 4651 τοὺς
332 4586 766 4656 καταγελάστους
799 4584 956 4641 εἶναι.
985 4590 1094 4643 Καὶ
1128 4590 1310 4643 ἐνθάδε
1344 4590 1520 4644 τοίνυν
1544 4592 1625 4644 ὅτι
1654 4590 1750 4661 μὲν

172 4679 277 4731 οὐκ
301 4678 563 4733 ἀδύνατον
591 4678 761 4749 ἥξειν,
790 4680 866 4743 ὡς
889 4681 944 4733 ἐν
979 4684 1043 4751 τῇ
1071 4681 1315 4753 θειοτέρα
1345 4682 1521 4752 φύσει,
1561 4684 1627 4735 ἵν’
1663 4684 1751 4736 ὅτε

177 4768 436 4838 βούληται
461 4770 672 4841 ἀφανὴς
695 4770 936 4843 γένηται,
968 4771 1059 4825 καὶ
1085 4772 1304 4826 αὐτόθεν
1332 4773 1428 4841 μὲν
1452 4773 1627 4844 δῆλον,
1659 4792 1753 4829 σα-

177 4859 278 4927 φὲς
319 4860 381 4913 δὲ
425 4862 520 4914 καὶ
568 4863 630 4915 ἐκ
674 4862 781 4915 τῶν
813 4864 1209 4936 γεγραμμένων
1254 4865 1381 4936 περὶ
1422 4865 1605 4931 αὐτοῦ,
1640 4870 1753 4931 τοῖς

180 4952 255 5021 μή
303 4968 427 5003 τινα
485 4952 583 5021 μὲν
623 4952 731 5006 τῶν
782 4954 1176 5025 γεγραμμένων
1227 4955 1619 5025 προσιεμένοις,
1668 4956 1755 5009 ἵνα

176 5043 601 5112 κατηγορήσουσι
624 5044 715 5109 τοῦ
749 5043 927 5113 λόγου,
948 5045 1069 5097 τινὰ
1101 5044 1157 5096 δὲ
1180 5044 1470 5115 πλάσματα
1493 5046 1755 5117 οἰομένοις

176 5129 493 5199 τυγχάνειν.
537 5131 849 5202 Γέγραπται
888 5133 945 5186 δέ
984 5134 1041 5185 ἐν
1085 5132 1162 5203 τῷ
1209 5132 1351 5187 κατὰ
1389 5135 1622 5199 Λουκᾶν,
1672 5137 1755 5189 ὅτι

182 5221 326 5290 μετὰ
358 5222 458 5293 τὴν
498 5223 790 5276 ἀνάστασιν
828 5223 1005 5277 λαϐὼν
1037 5225 1130 5278 τὸν
1169 5225 1329 5297 ἄρτον
1362 5227 1390 5277 ὁ
1433 5225 1636 5296 Ἰησοῦς
1671 5229 1760 5281 εὐ·-

178 5311 405 5384 λόγησε,
461 5314 555 5371 καὶ
604 5313 807 5376 κλάσας
859 5312 1099 5367 ἐπεδίδου
1145 5313 1222 5383 τῷ
1268 5314 1472 5384 Σίμωνι
1530 5315 1624 5367 καὶ
1677 5315 1793 5385 τῷί

179 5404 408 5475 Κλεόπᾳ
426 5421 439 5434 ·
475 5404 743 5457 λαϐόντων
766 5405 812 5458 δ’
840 5404 1018 5459 αὐτῶν
1043 5405 1132 5457 τὸν
1170 5404 1351 5475 ἄρτον,
1381 5405 1757 5478 διηνοίχθησαν

1857 4596 1976 4649 qua:
2003 4590 2211 4637 natura:
2238 4592 2533 4652 repugnent
2565 4600 2579 4638 :
2615 4582 2690 4637 ita
2727 4589 2787 4635 ut
2815 4581 3069 4651 utrinque
3104 4579 3420 4649 perridiculi

1858 4674 1986 4727 sint.
2037 4671 2139 4727 Hic
2190 4672 2373 4742 itaque
2408 4671 2655 4727 accidere
2699 4672 2943 4743 potuisse
2968 4714 2982 4738 ,
3017 4678 3074 4725 ut
3098 4667 3256 4724 Jesus
3285 4709 3302 4736 ,
3327 4670 3422 4738 qui

1858 4775 2051 4820 natura
2090 4764 2230 4819 Dens
2257 4772 2377 4818 erat
2405 4802 2420 4827 ,
2451 4764 2665 4832 quando
2696 4763 2891 4828 vellet,
2919 4770 3294 4826 evanesceret,
3332 4776 3421 4818 res

1858 4872 1958 4927 per
1990 4871 2049 4911 se
2078 4854 2296 4925 quidem
2324 4866 2503 4926 patet:
2538 4855 2630 4912 sed
2662 4870 2730 4909 ex
2758 4854 2824 4909 iis
2852 4870 2974 4923 qua:
3001 4854 3067 4908 de
3094 4853 3186 4908 illo
3212 4852 3420 4922 scripta

1855 4958 1983 5004 sunt
2006 4960 2194 5019 aperte
2223 4950 2492 5021 colligitur
2514 4992 2529 5015 ,
2562 4949 2756 5006 saltem
2786 4949 2851 5003 ab
2883 4948 2971 5013 iis,
3003 4948 3095 5018 qui
3129 4963 3235 5002 non
3267 4961 3420 5017 quae-

1857 5040 1980 5094 dam
2002 5056 2033 5096 e
2056 5041 2354 5111 Scripturis
2383 5042 2651 5110 recipiunt
2672 5049 2731 5095 ut
2757 5038 3059 5096 doctrinam
3083 5040 3423 5094 calumnien-

1861 5143 1948 5186 tur
1974 5172 1989 5197 ,
2017 5146 2214 5188 caetera
2252 5148 2382 5189 vero
2405 5134 2656 5204 ﬁgmenta
2684 5148 2805 5189 esse
2829 5133 3164 5188 existimant.
3196 5131 3330 5186 Nam
3364 5135 3421 5185 ln

1860 5223 2152 5294 Evangelia
2178 5225 2474 5279 secundum
2519 5224 2720 5281 Lucam
2755 5226 3016 5294 scriptum
3066 5234 3150 5279 est
3173 5223 3239 5288 ¹⁷,
3273 5222 3420 5277 illum

1861 5324 1984 5385 post
2014 5330 2164 5369 suam
2198 5317 2650 5372 resurrectionem
2679 5316 2955 5385 accepisse
2985 5328 3174 5384 panem
3202 5352 3218 5378 ,
3248 5313 3417 5368 bene-

1862 5407 2099 5475 dixisse,
2127 5416 2181 5465 et
2215 5410 2448 5465 fractum
2484 5410 2792 5481 porrexisse
2826 5409 3034 5466 Simoni
3064 5416 3119 5464 et
3161 5405 3374 5476 Cleopze
3402 5422 3421 5472 ;

260 5534 305 5565 “
340 5533 478 5589 Gen.
506 5552 621 5602 xix.
648 5536 735 5591 ll.
812 5536 855 5567 ‘°
884 5534 1010 5592 Luc.
1036 5552 1150 5602 XIX,
1183 5536 1271 5593 10.
1350 5536 1555 5591 “'Luc.
1583 5553 1729 5603 xxiv,
1761 5537 1849 5593 '50.

258 5671 379 5741 (98)
409 5670 554 5748 Libri
605 5673 873 5748 impressi
903 5672 969 5748 ad
1022 5671 1342 5748 marginem,
1365 5668 1600 5748 ᾧερελεν.
1634 5672 1747 5748 lbi-

1846 5674 1935 5745 jus
1975 5673 2076 5748 loci
2099 5674 2488 5748 ‘lectioaLibh.
2533 5675 2811 5748 impressi,
2858 5675 3165 5748 ἑκατέρους.
3214 5670 3420 5729 Ibidem

186 5743 346 5815 deum
363 5752 482 5815 post
508 5743 723 5815 ἀφανὴς
751 5742 1023 5815 γενέσθαι,
1049 5741 1470 5796 subaudiendum
1497 5741 1744 5812 ὤφειλεν.

260 5812 377 5883 (99)
412 5812 757 5881 Ἑκατέρώς.
790 5814 881 5870 Sic
910 5825 1098 5870 omnes
1122 5827 1252 5868 mss.
1279 5821 1331 5867 et
1364 5821 1445 5868 est
1483 5828 1611 5869 vera
1648 5815 1747 5869 hu-

1853 5761 2006 5815 mss.,
2034 5744 2217 5803 ἐνθάδε
2240 5745 2419 5801 τοίνυν
2448 5746 2529 5800 ὅτι
2560 5745 2659 5817 μὲν
2687 5746 2806 5801 οὐκ.
