3902 6414
593 347 701 402 905

2028 338 2144 396 OB]

2253 339 2353 395 NIS
3708 357 3789 411 9M

594 462 833 527 illorum,
867 470 1088 531 accepto
1113 472 1277 530 pane,
1311 464 1525 527 apertos
1563 456 1754 513 oculos
1790 456 1975 525 fuisse,
2000 466 2053 514 et
2085 458 2147 512 il-

2253 456 2433 511 αὐτῶν
2466 457 2513 510 οἱ
2542 457 2828 528 ὀφθαλμοὶ,
2860 461 2956 513 καὶ
2992 461 3306 530 ἐπέγνωσαν
3343 460 3523 526 αὑτὸν,
3550 463 3638 517 καὶ
3662 466 3789 529 αὐτὸς

595 552 702 606 lum
739 562 1020 622 postquam
1051 550 1119 603 ah
1149 548 1253 603 illis
1277 548 1526 615 cognitus
1547 555 1647 612 est,
1673 547 1979 602 evanuisse.

661 644 752 699 69.
777 643 1017 697 Probare
1054 649 1237 695 autem
1274 639 1526 692 volumus
1557 652 1661 691 non
1696 638 1877 692 utilius
1914 639 2153 691 futurum

592 734 762 789 fuisse
803 734 869 787 ad
905 733 1215 786 universam
1260 728 1715 798 dispensationem
1744 768 1760 793 ,
1806 729 1849 782 si
1901 730 2081 783 subito
2123 743 2155 783 e

591 840 755 879 cruce
808 839 1007 893 corpus
1030 824 1148 891 ejus
1189 822 1521 878 evanuisset.
1550 820 1676 885 Quae
1701 818 1827 874 Jesu
1861 822 2155 890 contigisse

588 918 919 979 scribuntur,
951 932 1014 970 ex
1050 916 1209 969 nudis
1240 915 1438 970 litteris
1467 914 1688 985 solaque
1718 913 1942 968 historia
1968 914 2150 968 consi-

588 1007 825 1061 deranda
863 1021 967 1059 non
999 1012 1144 1069 sunt,
1180 1004 1335 1073 quasi
1370 1012 1479 1057 tota
1517 1003 1568 1055 in
1607 1005 1672 1058 iis
1707 1003 1912 1058 veritas
1968 1003 2152 1058 consi-

586 1106 776 1150 steret.
800 1095 940 1150 Nihil
964 1095 1106 1150 enim
1131 1108 1316 1148 eorum
1338 1103 1438 1156 est,
1461 1094 1603 1163 quod
1628 1094 1855 1148 alterius
1872 1093 2150 1159 cujusdam

587 1187 662 1240 rei
693 1186 902 1255 signum
930 1200 1049 1239 esse
1080 1200 1187 1239 non
1223 1186 1656 1240 animadvertant
1688 1186 1747 1251 ii,
1782 1187 1870 1254 qui
1899 1186 2151 1255 Scriptu-

585 1292 674 1332 ras
704 1278 1023 1347 prudentius
1066 1278 1272 1346 legunt.
1318 1277 1504 1347 Itaque
1539 1279 1680 1346 quod
1720 1278 1811 1331 ille
1856 1278 2150 1333 cruciﬁxus

585 1379 668 1423 est
699 1410 713 1433 ,
749 1371 799 1423 id
838 1372 1122 1424 veritatem
1152 1370 1316 1424 habet
1343 1370 1397 1424 in
1433 1371 1516 1425 his
1547 1388 1560 1426 :
1603 1388 1621 1420 ι
1657 1368 1875 1425 Christo
1906 1371 2152 1425 conlixus

584 1477 701 1514 sum
729 1462 910 1527 cruci;
953 1480 971 1513 ι
994 1470 1047 1516 et
1079 1461 1129 1513 in
1155 1461 1307 1515 istis:
1329 1460 1695 1515 «Mihi‘aulem
1723 1460 1864 1515 absit
1896 1460 2147 1531 gloriari,

585 1554 691 1607 nisi
737 1554 988 1607 in'cruce
1032 1553 1240 1606 Domini
1273 1553 1377 1607 mei
1420 1552 1547 1607 Jesu
1591 1553 1835 1620 Christi,
1866 1567 1964 1622 per
1991 1568 2148 1621 quem

583 1646 716 1698 mihi
750 1646 984 1698 mundus
1012 1645 1305 1697 cruciﬁxus
1347 1654 1431 1699 est
1475 1654 1530 1698 et
1573 1660 1672 1714 ego
1702 1646 1998 1712 mundo“;
2037 1664 2056 1696 ι
2096 1656 2150 1699 et

582 1751 731 1790 mors
773 1735 889 1804 ejus
937 1736 1243 1789 necessaria
1299 1736 1399 1789 fuit
1446 1746 1670 1805 propter
1718 1736 1892 1791 illud:
1942 1755 1961 1788 ι
1996 1737 2147 1804 Quod

583 1827 725 1879 cnim
752 1835 997 1880 mortuus
1024 1836 1106 1880 est
1139 1838 1383 1896 peccato,
1420 1839 1665 1882 mortuus
1691 1838 1775 1882 est
1810 1828 1971 1882 semel
2001 1830 2041 1860 ¹⁹
2072 1847 2086 1894 ;
2124 1849 2141 1879 ι

583 1917 709 1970 item
727 1917 941 1970 utidem
960 1916 1185 1981 diceret,
1210 1933 1295 1971 tse
1320 1916 1711 1984 conﬁguratum
1737 1919 1895 1971 morti
1913 1915 2141 1984 ejus'°,i

581 2020 635 2063 et
691 2009 869 2062 istud:
910 2027 930 2060 ι
968 2008 1101 2062 Nam
1134 2009 1177 2061 si
1213 2009 1538 2062 commortui
1570 2022 1778 2071 sumus,
1810 2016 1863 2062 et
1895 2008 2150 2061 convive-

580 2114 701 2152 mus
724 2101 791 2151 ἰ.
825 2119 842 2151 ι
876 2098 967 2153 Sic
996 2109 1049 2153 et
1080 2100 1197 2166 ejus
1227 2098 1504 2167 sepultura
1535 2098 1933 2152 accommodari
1966 2106 2149 2167 potest

580 2189 747 2261 439
767 2191 831 2244 ad
848 2205 961 2254 eos,
986 2192 1074 2259 qui
1100 2191 1261 2244 morti
1290 2190 1407 2257 ejus
1436 2189 1740 2244 conformas
1771 2189 1974 2243 confixi
2021 2198 2149 2243 sunt

585 2298 705 2335 cum
730 2283 818 2336 illo
844 2282 1022 2347 cruci,
1050 2294 1104 2335 et
1133 2298 1252 2336 cum
1281 2282 1374 2335 illo
1406 2281 1600 2335 mortui
1629 2289 1774 2336 sunt.
1799 2279 1855 2333 id
1886 2296 1984 2335 nos
2010 2281 2150 2335 Pau-

583 2372 669 2426 lus
699 2373 855 2426 docet
885 2372 968 2427 his
994 2373 1174 2427 verbis
1201 2388 1214 2424 :
1246 2391 1265 2424 ‹
1293 2371 1600 2439 Consepulti
1630 2372 1772 2426 enim
1806 2385 1993 2425 sumus
2024 2386 2145 2423 cum

584 2462 678 2516 illo
709 2478 806 2531 per
841 2462 1190 2532 baptismum,
1224 2470 1277 2517 et
1315 2477 1435 2516 cum
1480 2462 1571 2516 illo
1601 2461 1995 2515 resurreximus
2016 2462 2083 2514 ²¹.
2124 2478 2141 2510 ι

582 2554 692 2608 Sed
725 2570 808 2623 ea,
845 2570 964 2625 qua:
999 2557 1063 2611 de
1087 2555 1387 2626 sepultura,
1420 2555 1484 2608 de
1509 2553 1761 2622 sepulcro
1790 2562 1846 2607 et
1870 2553 1935 2606 de
1967 2566 2031 2606 eo
2056 2552 2145 2622 qui

582 2646 848 2717 sepelivit,
882 2647 1081 2717 scripta
1111 2656 1258 2711 sunt,
1315 2646 1485 2700 fusius
1516 2645 1643 2699 alibi
1685 2643 2148 2714 Opportuniusque

581 2739 902 2800 edisseram,
947 2739 1036 2792 ubi
1085 2738 1152 2791 de
1191 2738 1295 2792 illis
1332 2739 1455 2791 data
1500 2752 1664 2806 opera
1710 2734 1975 2805 agendum
2018 2736 2144 2789 erit.

582 2829 736 2884 Nunc
759 2831 891 2884 satis
917 2829 1080 2884 fuerit
1102 2830 1452 2884 considerare
1477 2830 1602 2899 quid
1629 2829 1730 2884 sibi
1760 2828 1932 2883 velint
1954 2827 2145 2883 sindon

582 2923 800 2985 munda,
836 2940 939 2993 qua
974 2939 1170 2992 purum
1202 2923 1328 2979 Jcsu
1365 2938 1564 2993 corpus
1593 2921 1793 2977 involvi
1841 2921 2145 2990 oportebat,

583 3023 637 3067 ct
663 3024 1075 3067 monumentum
1113 3028 1308 3067 novum
1328 3013 1379 3067 in
1413 3025 1564 3083 petra
1593 3012 1837 3083 excisum
1865 3026 1894 3064 a
1923 3010 2145 3079 Joseph,

2256 547 2491 615 ἄφαντος
2515 547 2736 615 ἐγένετο
2770 547 2867 602 ἀπ’
2908 550 3111 604 αὐτῶν.

2326 636 2561 707 Θέλομεν
2592 637 2649 689 δὲ
2688 638 3060 708 παραστῆσαι,
3090 639 3206 702 πῶς
3230 638 3291 692 οὐ
3324 640 3714 712 χρησιμώτερον
3736 639 3788 713 ἦν

2255 724 2391 794 πρὸς
2415 724 2511 796 τὴν
2543 726 2854 795 οἰκονομίαν
2882 728 3010 799 ὅλην
3036 730 3096 781 τὸ
3126 728 3285 792 εὐθὺς
3310 730 3417 781 ἀπὸ
3452 730 3541 782 τοῦ
3567 731 3788 796 σκόλοπος

2254 819 2415 872 αὐτὸν
2452 820 2631 889 ἀφανῆ
2672 821 2922 888 γενέσθαι
2959 822 3304 892 σωματικῶς.
3335 823 3416 876 Τά
3435 824 3790 894 συμϐεϐηκέναι

2254 911 2715 982 ἀναγεγραμμένα
2750 911 2830 983 τῷ
2883 912 3057 984 Ἰησοῦ
3088 915 3187 967 οὐκ
3223 917 3281 967 ὲν
3307 914 3435 984 ψιλῇ
3463 918 3526 985 τῇ
3560 915 3687 979 λέξει
3717 919 3791 970 καὶ

2252 1006 2317 1073 τῇ
2371 1003 2578 1074 ἱστορίᾳ
2614 1004 2712 1075 τὴν
2758 1006 2938 1057 πᾶσαν
2980 1005 3092 1075 ἔχει
3136 1005 3369 1075 Θεωρίαν
3406 1006 3508 1075 τῆς
3550 1006 3786 1076 ἀληθείας.

2255 1096 2526 1147 ’Ἑκαστον
2566 1095 2673 1165 γὰρ
2718 1096 2897 1149 αὐτῶν
2944 1098 3038 1149 καὶ
3080 1097 3349 1167 σύμϐολόν
3390 1115 3534 1160 τινος
3564 1093 3687 1151 εἶναι
3728 1100 3789 1170 (1)

2252 1186 2404 1255 παρὰ
2431 1190 2540 1250 τοῖς
2570 1186 2931 1257 συνετώτερον
2961 1188 3345 1256 ἐντυγχάνουσι
3377 1190 3443 1258 τῇ
3473 1188 3652 1259 Γραφῇ
3679 1189 3791 1241 ἀπο-

2250 1279 2542 1332 δείκνυται.
2572 1280 2781 1349 Ὥσπερ
2808 1275 2900 1332 οῦν
2919 1279 2981 1331 τὸ
3010 1279 3385 1350 σταυρωθῆναι
3406 1280 3563 1332 αὐτὸν
3593 1280 3691 1349 ἔχει
3712 1282 3789 1350 τὴν

2251 1370 2585 1442 δηλουμένην
2622 1371 2877 1443 ἀλήθειαν
2912 1373 2970 1424 ὲν
3001 1371 3099 1443 τῷ,
3149 1392 3165 1422 ι
3206 1370 3427 1442 Χριστῷ
3456 1371 3788 1441 συνεσταύρω-

2255 1479 2385 1532 μαιο
2427 1482 2444 1514 ι
2485 1464 2578 1516 καὶ
2609 1463 2700 1516 τοῦ
2736 1462 3133 1534 σημαινομένου
3167 1463 3241 1531 (2)
3273 1463 3338 1515 ἐκ
3365 1462 3480 1526 τοῦ,
3514 1481 3532 1513 ι
3579 1463 3715 1531 Ἐμοὶ
3746 1464 3789 1516 δὲ

2257 1554 2329 1624 μὴ
2368 1554 2576 1622 γένοιτο
2607 1553 2911 1624 καυχᾶσθαι
2940 1555 2989 1606 εί
3022 1552 3095 1624 μὴ
3122 1555 3178 1606 ὲν
3218 1552 3295 1622 τῷ
3343 1551 3556 1622 σταυρῷ
3580 1551 3665 1604 τοῦ
3697 1554 3789 1604 Κυ-

2257 1648 2372 1719 ρίου
2424 1664 2523 1717 μου
2566 1646 2740 1715 Ἰησοῦ
2776 1645 3031 1716 Χριστοῦ,
3063 1645 3127 1697 δι’
3155 1638 3216 1697 οὗ
3246 1645 3371 1713 ἐμοὶ
3404 1644 3602 1715 κόσμος
3627 1643 3788 1696 ἐσταύ-

2256 1754 2441 1807 ρωται,
2469 1735 2622 1804 κάγὼ
2645 1735 2721 1805 τῷ
2743 1737 2930 1805 κόσμῳ
2947 1753 2959 1764 ·
3000 1754 3016 1784 ι
3050 1737 3143 1788 καὶ
3170 1737 3199 1786 ό
3232 1735 3460 1799 θάνατος
3484 1732 3638 1787 αὑτοῦ
3659 1736 3791 1801 ἀναγ-

2253 1830 2402 1889 καῖος
2426 1866 2440 1889 ,
2480 1826 2568 1879 διὰ
2593 1828 2672 1890 τὸ,
2698 1846 2714 1876 ι
2755 1828 2819 1878 "O
2846 1826 2952 1896 γὰρ
2977 1826 3232 1888 ἀπέθανε,
3259 1831 3323 1898 τῇ
3355 1826 3596 1897 ἁμαρτίᾳ
3620 1826 3789 1877 ἀπέθα-

2251 1934 2339 1968 νεν
2355 1916 2568 1984 ἐφάπαξ
2589 1932 2601 1945 ο
2630 1934 2647 1966 ι
2669 1916 2761 1968 καὶ
2778 1915 2939 1968 διὰτὸ
2954 1915 3132 1983 λέγειν
3153 1931 3168 1946 ’
3194 1935 3212 1966 ι
3238 1916 3310 1968 Συ
3318 1915 3566 1987 μμοριρού
3574 1932 3715 1985 μενος
3728 1914 3787 1984 (5)

2249 2009 2325 2077 τῷ
2358 2008 2568 2077 θανάτῳ
2609 2006 2774 2059 αὐτοῦ
2798 2024 2811 2036 ·
2862 2026 2879 2058 ι
2930 2007 3024 2059 καὶ
3061 2007 3141 2069 τὸ,
3192 2026 3210 2058 ι
3250 2009 3313 2061 Εἰ
3362 2006 3787 2077 συναπεθάνομεν,

2249 2098 2344 2151 καὶ
2390 2098 2725 2169 συζήσομεν·
2781 2118 2799 2147 ι
2854 2096 2996 2150 οὕτω
3025 2099 3117 2151 καὶ
3152 2100 3185 2167 ἡ
3234 2099 3378 2168 ταφὴ
3432 2098 3594 2151 αὐτοῦ
3632 2098 3791 2166 φθάνει

2251 2194 2343 2246 ἐπὶ
2373 2192 2499 2255 τοὺς
2533 2190 2887 2262 συμμόρφους
2936 2190 3029 2243 τοῦ
3077 2191 3305 2244 θανάτου
3335 2191 3523 2255 αὐτοῦ,
3568 2194 3655 2246 καὶ
3685 2195 3790 2255 τοὺς

2254 2300 2458 2336 συσταυ
2469 2280 2738 2351 ρωθέντας
2764 2281 2911 2350 αὐτῷ
2934 2281 3026 2333 καὶ
3058 2282 3549 2347 συναποθανόντας,
3576 2283 3696 2336 καθὸ
3713 2285 3793 2337 καλ⁸

2249 2373 2325 2444 τῷ
2347 2371 2542 2441 Παύλῳ
2574 2370 2818 2424 λέλεκται
2843 2372 2924 2435 τὸ,
2959 2390 2977 2422 ι
3011 2372 3288 2442 Συνετάφη
3299 2390 3396 2443 μεν
3425 2373 3532 2445 γὰρ
3562 2374 3696 2443 αὐτῷ
3718 2374 3789 2426 διὰ

2248 2449 2343 2517 τοῦ
2386 2460 2783 2531 βαπτίσματος,
2817 2462 2909 2513 κα)⁸
2937 2461 3334 2532 συνανέστημεν
3361 2463 3527 2533 αὐτῷ.
3566 2482 3583 2515 ι
3628 2465 3791 2533 Ἡμεῖς

2248 2554 2306 2608 δὲ
2359 2553 2455 2607 καὶ
2488 2552 2557 2605 τὰ
2600 2553 2727 2621 περ)⁸
2766 2553 2863 2623 τῆς
2901 2553 3101 2623 ταφῆς,
3140 2555 3233 2607 καὶ
3270 2553 3364 2607 τοῦ
3408 2555 3679 2625 μνημείου,
3712 2556 3791 2608 καὶ

2252 2645 2349 2700 τοῦ
2366 2644 2652 2714 θάψαντος,
2666 2644 3123 2715 ἀναγεγραμμένα
3148 2645 3525 2717 εὐκαιρότερον
3548 2645 3630 2699 διὰ
3644 2645 3793 2697 πλειό-

2248 2753 2356 2791 νων
2388 2737 2445 2789 έν
2478 2733 2692 2800 ἄλλοις,
2744 2734 2870 2787 ἔνθα
2914 2735 3339 2806 προηγουμένως
3372 2737 3491 2789 ἐστὶ
3536 2737 3652 2807 περὶ
3684 2735 3790 2789 τού-

2248 2846 2358 2883 των
2403 2828 2475 2897 (4)
2515 2827 2725 2895 λέγειν,
2775 2826 3166 2898 διηγησόμεθα.
3202 2828 3341 2881 Νυνὶ
3393 2828 3438 2881 δ’
3470 2828 3726 2900 αὐτάρκης
3762 2827 3791 2896 ή

2250 2921 2464 2993 καθαρὰ
2509 2918 2721 2982 σινδὼν,
2766 2915 2889 2992 ὲνῇ
2934 2919 3039 2972 ἔδει
3072 2920 3130 2973 τὸ
3161 2920 3399 2991 καθαρὸν
3455 2920 3791 2990 ἐντυλιχθῆναι

2253 3011 2413 3081 σῶμα
2441 3008 2534 3064 τοῦ
2578 3010 2772 3080 Ἰησοῦ,
2814 3012 2910 3064 καὶ
2949 3011 3010 3064 τὸ
3046 3010 3231 3064 καινὸν
3275 3014 3557 3081 μνημεῖον,
3586 3011 3611 3063 ὃ
3637 3010 3794 3063 ἐλατό-

581 3105 672 3158 ubi
702 3106 938 3159 nondum
970 3105 1257 3174 quisquam
1303 3105 1548 3176 iacuerat
1572 3106 1637 3172 ”,
1666 3105 1749 3160 vel
1772 3144 1785 3165 .
1833 3111 1891 3158 ut
1913 3102 2147 3158 Joannes

2253 3118 2392 3171 μησε
2437 3103 2503 3171 τῇ
2550 3099 2725 3171 πέτρᾳ
2770 3101 2798 3152 ὁ
2842 3100 3069 3169 Ἰωσὴφ,
3108 3094 3169 3153 οὗ
3215 3099 3317 3152 οὐκ
3351 3094 3420 3169 ’ἦν
3464 3098 3610 3152 olim-tn
3641 3098 3794 3158 οὐδεὶς

582 3194 877 3263 Ιοιιυίιιιτ,‹
896 3192 950 3247 in
965 3209 1071 3264 quo
1097 3198 1336 3251 nondum
1355 3197 1644 3265 quisquam
1678 3198 1888 3267 positus
1908 3194 2107 3250 erat“.
2124 3214 2142 3246 ι

585 3288 893 3352 Videnunc
916 3302 983 3342 an
1016 3296 1316 3342 concentus
1352 3287 1429 3341 illi
1477 3289 1641 3341 trium
1669 3286 2147 3356 evangelistarum,

583 3379 779 3448 quibus
804 3394 947 3436 cum
965 3380 1139 3434 fuitut
1166 3380 1409 3435 excisum
1436 3394 1529 3434 seu
1559 3379 1897 3448 exsculptum
1924 3378 1975 3431 in
2000 3387 2149 3446 petra

585 3481 994 3527 monumentum
1021 3474 1417 3538 describerent,
1461 3470 1783 3538 compellere
1814 3481 2148 3537 quemquam

585 3562 779 3631 possit,
806 3570 865 3615 ul.
893 3577 1082 3628 eorum
1120 3578 1239 3630 quae
1267 3562 1466 3631 scripta
1503 3570 1629 3615 sunt
1680 3567 2024 3627 perscrutans
2062 3572 2151 3609 ra-

587 3654 784 3717 tiones,
837 3652 1043 3719 aliquid
1097 3652 1150 3705 in
1190 3653 1256 3706 iis
1292 3650 1673 3706 absconditum
1724 3658 1780 3703 et
1831 3648 2149 3703 abstrusum

585 3742 845 3810 inquirat,
902 3742 1048 3797 sicut
1103 3742 1255 3795 etin
1310 3744 1551 3795 novitate
1602 3739 1959 3803 monumenti,
1988 3752 2147 3807 quam

584 3832 867 3887 Matthzeus
896 3841 951 3887 et
979 3829 1220 3886 Joannes
1239 3838 1629 3892 memorarunt,
1656 3838 1710 3883 et
1736 3828 1787 3880 in
1824 3843 1885 3882 ea
1911 3827 2067 3881 Lucte
2096 3835 2151 3879 et

583 3922 812 3979 Joannis
833 3924 1237 3989 observatione,
1262 3922 1471 3976 nullum
1510 3920 1580 3974 ibi
1619 3928 1893 3975 mortuum
1918 3919 2148 3986 positum

582 4016 828 4074 fuisse".
860 4015 1129 4070 Nimirum
1155 4013 1399 4082 oportuit
1420 4022 1477 4065 ut
1502 4012 1594 4081 qui
1630 4025 1738 4065 non
1774 4018 1893 4064 erat
1925 4009 2149 4079 reliquis

584 4108 816 4163 mortuis
863 4105 1080 4169 similis,
1136 4104 1229 4158 sed
1265 4104 1429 4158 etiam
1467 4108 1711 4155 mortuus
1767 4101 2049 4170 sanguinis
2091 4110 2147 4156 et

585 4212 739 4267 aqua:
766 4194 1024 4250 eﬂusione
1051 4193 1206 4262 signa
1231 4192 1355 4245 vita:
1376 4190 1620 4255 dederat,
1646 4187 1845 4256 quique
1877 4201 2066 4249 novus,
2093 4196 2152 4239 ut

584 4290 660 4343 ita
693 4288 891 4351 dicam,
926 4292 1047 4339 erat
1078 4290 1342 4346 mortuus,
1378 4281 1422 4334 is
1449 4282 1501 4334 in
1540 4293 1677 4333 novo
1708 4287 1764 4332 et
1798 4292 1934 4347 puro
1966 4276 2148 4345 sepul-

581 4392 679 4431 cro
722 4376 1091 4431 conderetur:
1137 4380 1195 4426 ut
1226 4367 1684 4439 quemadmodum
1733 4367 1988 4422 nativitas
2030 4365 2149 4433 ejus

2251 3193 2520 3263 κείμενος,
2555 3192 2589 3261 ἢ
2618 3190 2693 3253 ὡς
2717 3191 2745 3242 ὁ
2787 3190 3037 3261 Ἰωάννης
3070 3191 3253 3261 φησὶν,
3280 3209 3299 3240 ι
3341 3192 3399 3243 ὲν
3430 3183 3475 3257 ᾧ
3495 3190 3689 3243 οὐδέπω
3716 3189 3794 3240 οὺ-

2248 3283 2358 3346 δεὶς
2386 3281 2564 3352 ὲτέθη.
2603 3302 2620 3332 ι
2651 3281 2760 3334 Καὶ
2783 3281 3093 3352 ἐπίστησον,
3127 3284 3175 3334 εί
3204 3281 3424 3335 δύναται
3462 3280 3667 3351 κινῆσαί
3688 3296 3792 3330 τινα

2249 3377 2281 3445 ἡ
2318 3372 2604 3443 συμφωνία
2637 3371 2747 3425 τῶν
2783 3370 2947 3442 τριῶν
2975 3370 3398 3440 εὐαγγελιστῶν,
3431 3370 3796 3444 φροντισάντων

2251 3462 2561 3533 ἀναγράψαι
2603 3461 2664 3514 τὸ
2713 3461 3016 3532 λατομητὸν
3058 3462 3091 3532 ἢ
3143 3460 3403 3528 λαξευτὸν
3468 3465 3711 3532 μνημεῖον
3748 3460 3797 3509 ἐν

2252 3554 2446 3624 πέτρᾳ,
2468 3553 2533 3605 ἵν’
2568 3553 2597 3605 ὁ
2628 3553 2753 3614 τοὺς
2784 3551 2974 3618 λόγους
2991 3550 3097 3603 τῶν
3125 3553 3524 3622 γεγραμμένων
3557 3551 3796 3616 ἐξετάζων

2251 3646 2348 3700 καὶ⁵
2383 3645 2508 3716 περὶ
2552 3645 2753 3697 τούτων
2803 3642 3063 3713 θεάσηταί
3103 3660 3156 3695 τι
3201 3643 3359 3712 λόγου
3395 3645 3538 3711 ἄξιον
3576 3642 3797 3711 καὶπερὶ

2248 3738 2347 3807 τῆς
2378 3735 2691 3806 καινότητος
2711 3734 2805 3787 τοῦ
2838 3735 3124 3805 μνημείου,
3167 3734 3358 3803 ἥντινα
3400 3727 3665 3795 Ματθαῖος
3716 3733 3799 3785 καὶ

2262 3826 2511 3896 Ἰωάννης
2539 3824 2807 3896 ἱστόρησε,
2838 3823 2931 3876 καὶ
2962 3823 3201 3895 περὶτοῦ
3240 3824 3445 3895 μηδένα
3486 3826 3599 3876 ἐκεῖ
3626 3822 3797 3890 νεκρὸν

2249 3917 2558 3987 γεγονέναι,
2597 3915 2736 3968 κατὰ
2764 3915 2854 3969 τὸν
2879 3916 3090 3968 Λουκᾶν
3120 3915 3211 3967 καὶ
3240 3916 3332 3967 τὸν
3372 3916 3634 3985 Ἰωάννην.
3668 3911 3799 3965 Ἔδει

2251 4009 2356 4079 γὰρ
2384 4009 2474 4061 τὸν
2511 4007 2584 4079 μὴ
2612 4009 2721 4069 τοῖς
2747 4006 2952 4070 λοιποῖς
2977 4008 3186 4077 νεκροῖς
3217 4006 3420 4075 ὅμοιον,
3448 4004 3580 4057 ἀλλὰ
3611 4000 3799 4067 go:an

2252 4102 2449 4171 σημεῖα
2477 4100 2572 4152 καὶ
2600 4100 2656 4150 ὲν
2683 4100 2747 4167 τῇ
2782 4098 3062 4169 νεκρότητι
3087 4096 3333 4160 δείξαντα
3366 4097 3425 4149 τὸ
3465 4096 3602 4166 ὕδωρ
3637 4092 3799 4148 καὶτὸ

2248 4189 2406 4265 αἷμα,
2449 4192 2541 4245 καὶ
2569 4192 2751 4245 καινὸν
2783 4191 2875 4262 (ἵν’
2911 4191 3088 4252 οὕτως
3115 4190 3421 4260 ὀνομάσω),
3452 4192 3574 4244 ὅντα
3603 4187 3797 4259 νεκρὸν,

2250 4288 2306 4337 ἐν
2333 4283 2504 4353 καινῷ
2535 4284 2627 4336 καὶ
2665 4282 2892 4353 καθαρῷ
2922 4281 3171 4349 γενέσθαι
3208 4283 3481 4353 μνημείῳ,
3516 4283 3600 4344 ἶν’,
3625 4280 3799 4347 ὥσπερ

2248 4379 2280 4448 ἡ
2304 4376 2513 4444 γένεσις
2540 4373 2704 4427 αὐτοῦ
2738 4374 3097 4445 καθαρωτέρα
3125 4373 3307 4443 πάσης
3333 4374 3595 4441 γενέσεως
3618 4368 3702 4442 ἦν,
3731 4369 3801 4438 τῷ

583 4469 828 4539 qualibet
867 4467 969 4520 alia
998 4465 1188 4534 purior
1213 4462 1336 4530 fuit,
1365 4462 1561 4531 quippe
1583 4460 1675 4529 qui
1716 4474 1825 4514 non
1857 4474 1924 4513 ex
1952 4459 2147 4512 utrius-

2256 4466 2329 4536 μὴ
2356 4465 2462 4518 ἀπὸ
2495 4465 2710 4536 μίξεως,
2745 4463 2860 4517 am
2880 4464 2986 4516 ἀπὸ
3012 4464 3278 4535 παρθένου
3309 4465 3644 4536 γεννηθῆναι,
3670 4464 3803 4518 οὕτω

583 4576 689 4629 que
719 4574 879 4614 sexus
910 4557 1312 4628 conjunctione,
1345 4556 1438 4609 sed
1469 4568 1537 4609 ex
1568 4551 1794 4622 Virgine
1832 4565 1993 4606 natus
2016 4559 2101 4605 est
2133 4567 2149 4612 ;

583 4654 657 4705 ita
687 4652 848 4707 etiam
880 4651 1157 4719 sepultura
1181 4647 1411 4702 haberet
1434 4640 1913 4715 puritatem,cujus
1938 4642 2148 4710 signum

582 4754 703 4799 erat
740 4758 934 4800 novum
970 4742 1124 4807 illud,
1164 4744 1219 4795 in
1250 4756 1356 4808 quo
1380 4738 1615 4809 positum
1648 4749 1849 4804 corpus
1886 4732 2003 4802 ejus
2028 4733 2147 4798 fuit,

664 4922 705 4957 ³⁸
734 4924 908 4979 Galat.
960 4941 1024 4986 ιι.
1078 4925 1180 4984 2ος
1214 4938 1289 4982 vt.
1331 4923 1417 4977 14.
1531 4923 1574 4954 ²⁹
1603 4922 1855 4983 [{om.VI,
1914 4920 2002 4975 10.

2102 4923 2147 4953 ³ο
2180 4920 2411 4987 Philipp.
2449 4934 2532 4982 ιιι,
2561 4917 2648 4972 10.

2252 4556 2347 4608 καὶ
2378 4556 2580 4626 ὴταφὴ
2609 4554 2708 4627 ἔχῃ
2741 4552 2816 4625 (5)
2854 4553 2949 4624 τὴν
2984 4552 3352 4625 καθαρότητα,
3383 4555 3469 4607 διά
3494 4554 3583 4607 τοῦ
3616 4550 3806 4622 συμϐο-

2252 4646 2402 4700 λικοῦ
2429 4646 2757 4717 δηλουμένην
2789 4646 2847 4697 ὲν
2868 4643 2945 4713 τῷ
2973 4644 3348 4697 ἀποτεθεῖσθαι
3378 4644 3542 4697 αὑτοῦ
3572 4644 3626 4696 τὸ
3657 4640 3806 4711 σῶμα

2255 4741 2311 4791 ἐν
2343 4738 2590 4810 μνημείῳ
2627 4737 2798 4808 καινῷ
2833 4737 3125 4808 ὑφεπῶτι,
3168 4736 3268 4789 οὐκ
3303 4738 3367 4789 ὲκ
3395 4735 3623 4804 λογάδων
3652 4730 3807 4785 λίθων

2764 4917 2808 4948 ²¹
2838 4916 2881 4970 ll
2912 4914 3053 4969 Tim.
3087 4931 3145 4975 Il.
3178 4915 3267 4968 ‘ll.
3394 4914 3439 4944 ¹²
3471 4911 3620 4965 Rom.
3653 4924 3729 4975 vt,
3755 4905 3806 4959 4.

587 4996 633 5027 ⁸³
648 4994 776 5049 Luc.
806 4985 1069 5058 xxttt,55.
1145 4995 1191 5026 "
1218 4994 1377 5050 Joan.
1409 5006 1521 5058 χιχ,
1546 4991 1637 5047 Li.
1714 4992 1759 5023 ”
1796 4989 1990 5044 Matth.
2022 5006 2147 5045 xxw

2253 4985 2477 5054 Sin—Luc.
2509 5003 2665 5052 χχιιι,
2698 4986 2787 5050 5'5;
2815 4985 3010 5041 Joann.
3055 5002 3169 5051 χιχ,
3201 4986 3290 5039 di.

659 5110 735 5176 (1)
768 5110 923 5164 Libb.
952 5110 1133 5177 itnpr.,
1167 5111 1312 5173 τινὸς
1340 5107 1519 5162 αὐτῶν
1540 5103 1697 5161 εἶναι.
1728 5105 1801 5177 In?
1830 5105 2019 5177 codice
2045 5103 2140 5177 Jo-

590 5173 739 5249 ινδηρ
778 5173 1103 5249 expungitur
1127 5182 1266 5233 istud
1296 5179 1491 5232 αὐτῶν.
1521 5178 1627 5231 Sed
1648 5178 1692 5231 si
1720 5176 1805 5229 cui
1837 5174 1977 5227 inter
2000 5173 2143 5237 τινός

587 5262 643 5303 et
689 5245 827 5303 εἶναι
852 5245 986 5303 ’νοί
1016 5249 1190 5317 aliqua
1239 5250 1519 5303 inferenda
1567 5249 1807 5309 videtur,
1831 5253 1981 5298 certe
2020 5259 2138 5313 non

588 5319 787 5383 αὐτῶν,
815 5318 906 5373 sed
930 5317 1088 5371 ἄλλου
1124 5319 1461 5373 scribendum
1492 5319 1616 5371 erit.

660 5388 735 5455 (2)
770 5381 948 5442 Codex
997 5386 1257 5449 Julianus,
1287 5389 1379 5443 καὶ
1431 5388 1491 5440 τὸ
1532 5383 1945 5457 σημαινόμενον.
2002 5381 2146 5450 Lego

660 5405 735 5455 α)
770 5405 948 5442 ιιοιιεχ
997 5405 1257 5449 Jouanus,
1287 5405 1379 5443 και
1431 5405 1491 5440 το
1532 5405 1562 5439 σ
1606 5405 1945 5457 μαινομενον.
2002 5405 2146 5450 Lego

589 5474 711 5513 cum
741 5458 1039 5527 Boherello,
1068 5458 1169 5527 xa‘t
1192 5457 1270 5527 τῷ
1302 5405 1697 5527 σημαινομὲνῳ.
1732 5454 1933 5527 ibidem
1960 5466 2146 5527 omnes

592 5476 711 5513 CUI"
741 5476 1039 5519 υΟΙΙΘΓεΙΙΟ,
1068 5476 1162 5510 και
1192 5476 1270 5527 τῳ
1375 5476 1697 5527 μαινομενῳ.
1732 5476 1933 5508 ιυιυυιιι
1960 5476 2146 5506 UIIIIICS

592 5542 747 5610 111.55.,
776 5528 832 5579 ἐν
860 5525 937 5607 Et];
963 5476 1525 5610 σταυρῷιτοῦῗέυρίου
1558 5543 1679 5597 μου.
1716 5526 2046 5595 Spettcet‘us,
2091 5521 2149 5572 ὲν

589 5597 1929 5737 τῳῶἶτῖιξὶρδῖιῖυτὲίἓιᾍιμορφούμενος,
1955 5667 2060 5716 etc.
2076 5657 2151 5737 lta

587 5727 747 5793 codd.
779 5736 977 5807 Regius
1002 5744 1059 5792 et
1105 5727 1790 5805 Basileensis.'Spéticet-us
1824 5740 2025 5803 autem,
2060 5727 2153 5781 καὶ

2244 5102 2332 5157 διὰ
2359 5102 2418 5155 τὸ
2445 5100 2537 5154 τὸν
2567 5100 2770 5153 δίκαιον
2797 5099 2973 5167 λέγειν
2992 5115 3007 5131 ο
3035 5096 3551 5168 Συμμοριρούμενος.
3575 5092 3707 5168 Quae
3741 5090 3809 5143 ie-

2251 5174 2361 5227 ctio
2393 5175 2435 5226 si
2472 5172 2558 5224 cui
2612 5165 2895 5223 retinenda
2951 5165 3181 5225 videtur,
3226 5165 3313 5219 vel
3370 5165 3684 5219 mutandum
3734 5170 3813 5214 est

2249 5240 2569 5313 συμμορφού
2580 5256 2753 5313 μενος-
2766 5235 3358 5313 ἰηᾲσυμμορςρούμενον,
3377 5236 3460 5313 vel
3489 5242 3604 5313 post
3616 5233 3811 5313 λέγειν,

2254 5302 2558 5365 addendum
2580 5302 2672 5363 'est
2696 5309 2775 5361 τό.
2811 5302 2932 5360 ῡιιό
2953 5302 3112 5360 codd.
3157 5302 3443 5374 Anglicani
3476 5302 3529 5359 et
3560 5302 3811 5355 “(asche-

2252 5375 3188 5455 lius_itt_textu,wptsopwgép-EVOQ:
3264 5444 3298 5455 ..
3416 5442 3430 5455 .
3617 5440 3628 5450 .

2325 5450 2400 5520 (4)
2453 5448 2616 5502 Ἐστὶ
2669 5440 2804 5520 περὶ
2850 5440 3105 5520 ’τούτωνΓ
3157 5442 3549 5520 Scribetldum_
3583 5440 3811 5520 videtur,

2258 5509 2406 5573 ἔσται
2433 5519 2560 5600 περὶ
2589 5509 2812 5600 τοῦτῴν,
2874 5514 3326 5584 quemadmodum
3362 5511 3616 5567 Gelenius
3646 5509 3817 5561 inter-

2259 5605 2380 5659 pres
2410 5590 2622 5641 videtur
2654 5589 2869 5655 legisse.
3737 5644 3750 5655 _

2330 5657 2405 5728 (5)
2448 5658 2614 5726 Ἔχῃ.
2668 5645 2850 5728 (index
2902 5652 3229 5709 Basileensis
3281 5651 3365 5707 sic
3407 5648 3588 5713 habet,
3617 5653 3817 5702 rectius

2260 5722 2396 5782 sane
2423 5722 2588 5797 quam
2619 5724 2769 5787 editi,
2795 5722 2927 5793 εχει.
