4002 6524
236 347 345 404 905

1447 349 1728 406 CONTRA
1759 349 2035 406 CELSUM
2070 350 2197 406 LIB.
2232 349 2292 404 ll.

3375 353 3477 407 9M3

225 465 652 538 οἰκοδομηθέντι,
705 465 798 519 καὶ
838 465 935 537 τὴν
987 464 1177 519 ἕνωσιν
1229 466 1287 518 οὐ
1332 467 1564 538 φυσικὴν
1611 465 1805 537 ἔχοντι,

1916 478 2344 533 monumentum,
2373 481 2476 521 non
2503 481 2566 520 ex
2592 465 2902 522 collectitiis
2933 467 3202 537 lapidibus
3222 480 3479 524 constru-

227 560 344 616 ἀλλ’
375 561 435 612 ἐν
471 559 570 630 μιᾷ
614 558 706 611 καὶ
739 558 805 610 δι’
839 557 979 611 ὅλων
1018 557 1272 628 ἡνωμένη
1311 557 1483 628 πέτρᾳ
1530 557 1808 629 λατομητῇ

227 651 324 705 καὶ
347 648 601 718 λαξευτῇ.
632 647 713 702 Τά
749 646 847 719 μὲν
874 641 969 701 οὖν
996 647 1097 716 τῆς
1115 645 1443 718 διηγήσεως,
1462 648 1554 701 καὶ
1577 647 1677 717 τῆς
1704 647 1813 701 ἀπὸ

224 741 333 796 τῶν
378 738 662 809 γεγονέναι
697 739 1203 810 ἀναγεγραμμένων
1247 739 1321 809 (6)
1367 738 1681 802 ἀναϐάσεως
1719 738 1812 792 ἐπὶ

225 832 293 886 τά
337 831 670 903 πράγματα,
709 824 783 884 ὧν
816 828 884 884 τὰ
917 831 1184 901 γενόμενα
1229 825 1298 900 ἦν
1341 830 1679 902 σημαντικὰ,
1718 832 1811 884 καὶ

229 923 493 994 μειζόνως
513 923 579 977 ἀν
596 940 680 986 τις
707 922 800 976 καὶ
829 922 1115 993 θειοτέρως
1139 922 1474 994 διηγήσαιτο,
1499 923 1812 994 εὐκαιρότε-

227 1032 318 1086 ρον
341 1014 692 1084 ἐκτιθέμενος
715 1012 1024 1068 τὰτοιαῦτα
1041 1016 1100 1068 ἐν
1126 1014 1511 1088 προηγουμένη
1541 1015 1806 1081 συντάξει·

225 1105 291 1158 τά
311 1106 371 1158 δέ
393 1106 494 1174 τῆς
519 1105 715 1171 λέξεως
735 1105 907 1169 οὕτως
939 1106 1005 1160 ἄν
1049 1123 1133 1169 τις
1165 1105 1382 1177 ἀποδῴη
1430 1107 1526 1176 (7),
1559 1107 1639 1160 ὃτι
1671 1105 1812 1160 κατὰ

225 1197 313 1249 τὸν
344 1197 612 1268 κρίναντα
659 1199 947 1268 ὑπομεῖναι
983 1198 1044 1250 τὸ
1072 1197 1166 1250 ἐπὶ
1201 1197 1465 1260 σκόλοπος
1493 1197 1810 1269 κρεμασθῆ-

222 1306 309 1342 ναι
349 1284 422 1360 ἦν
451 1289 547 1343 καὶ
583 1289 649 1342 τά
677 1289 804 1360 ἑξῆς
840 1291 906 1360 τῇ
941 1287 1194 1342 ὑποθέσει
1228 1287 1494 1359 τηρῆσαι,
1521 1289 1583 1342 ἵν’
1615 1289 1690 1351 ὡς
1722 1289 1813 1342 άν-

223 1379 450 1454 θρωπος
485 1379 864 1452 καθαιρεθεὶς,
897 1379 976 1451 τῷ
1007 1380 1083 1443 ὡς
1125 1379 1410 1452 ἄνθρωπος
1441 1379 1810 1452 ἀποτεθνηκέ-

221 1492 332 1537 ναι,
369 1475 448 1538 ὡς
473 1473 758 1546 ἄνθρωπος
789 1475 882 1526 καὶ
908 1476 1077 1544 ταφῇ.
1126 1472 1287 1526 Ἀλλά
1315 1472 1409 1526 καὶ⁴
1451 1473 1500 1526 εἰ
1533 1471 1652 1526 καθ’
1683 1472 1813 1525 ὑπὸ·

223 1565 376 1620 θεσιν
423 1566 734 1637 ἐγέγραπτο
765 1565 824 1619 ὲν
855 1567 967 1628 τοῖς
1008 1564 1378 1634 Εὑαγγελίοις,
1433 1565 1514 1617 ὅτι
1567 1564 1674 1618 ἀπὸ
1717 1563 1809 1617 τοῦ

223 1658 494 1721 σκόλοπος
523 1657 733 1728 ἀφανὴς
762 1657 922 1721 εὐθὺς
954 1657 1192 1724 ἐγένετο,
1229 1656 1485 1720 ἐκάκιζεν
1512 1655 1578 1710 ἂν
1616 1656 1679 1708 τὸ
1721 1672 1813 1724 γε-

224 1750 553 1822 γραμμένον
579 1750 825 1814 ὁΚέλσος
858 1750 950 1802 καὶ
972 1749 1276 1815 οἱᾶπιστοι,
1307 1748 1400 1802 καὶ
1431 1747 1812 1820 κατηγόρησαν

1913 571 2083 624 Clum,
2119 573 2218 614 nec
2253 575 2418 615 unum
2449 570 2668 624 natura,
2692 560 2786 614 sed
2817 560 2869 613 in
2905 575 3013 613 una
3035 568 3090 614 et
3116 560 3480 631 undecunque

1913 647 2202 716 conjuncta
2239 662 2390 719 petra
2417 651 2757 720 exsculptum
2781 650 3158 720 excisumque.
3190 651 3387 705 Verum
3415 653 3481 707 de

1914 739 2104 794 horum
2133 739 2371 795 locorum
2391 739 2756 803 enarratione,
2772 749 2826 793 et
2842 742 2905 794 de
2929 740 3134 795 ratione
3151 743 3478 796 ascendendi

1913 846 1941 884 a
1967 831 2146 895 rebus,
2175 848 2296 902 qua:
2313 833 2577 888 accidisse
2596 841 2907 899 narrantur,
2926 833 2991 886 ad
3021 847 3106 888 res
3127 847 3357 903 quarum
3379 835 3480 890 illa:

1913 932 2070 975 erant
2094 922 2298 992 figurae,
2333 921 2618 976 sublimius
2645 924 2767 991 quis
2796 924 3137 992 diviniusque
3166 924 3478 990 dissereret,

1914 1013 2005 1080 qui
2042 1024 2346 1082 opportuna
2371 1015 2662 1070 occasione
2686 1023 2740 1068 ct
2770 1030 2834 1068 ex
2873 1013 3143 1068 industria
3177 1014 3228 1068 id
3277 1015 3478 1085 negotii

1913 1105 2237 1173 susciperet.
2278 1105 2433 1169 Quod
2465 1114 2646 1160 autem
2672 1105 2738 1160 ad
2765 1105 3004 1159 litteram
3031 1105 3247 1172 attinet,
3275 1107 3355 1162 sic
3383 1123 3482 1162 ex-

1915 1197 2042 1264 poni
2096 1205 2294 1266 potest,
2337 1197 2646 1266 oportuisse
2696 1208 2752 1250 ut
2793 1198 2888 1266 qui
2937 1198 3120 1253 crucis
3158 1199 3481 1268 supplicium

1913 1286 2016 1341 sibi
2045 1287 2384 1342 subeundum
2409 1287 2905 1355 essejudicaverat,
2933 1287 2979 1340 is
3003 1298 3251 1342 servaret
3273 1304 3336 1342 ea
3367 1305 3486 1358 quae

1915 1378 2221 1444 huiusmodi
2251 1380 2512 1449 pr0positi
2540 1381 2878 1435 consestaria
2921 1389 3111 1445 erant;
3146 1382 3370 1450 proinde
3401 1397 3486 1437 se-

1913 1471 2176 1540 peliretur
2202 1481 2259 1524 ut
2283 1473 2463 1535 homo,
2509 1470 2600 1540 qui
2649 1471 2971 1528 interfectus
2995 1474 3170 1527 fuerat
3205 1484 3263 1527 ut
3289 1475 3447 1528 homo
3471 1515 3485 1539 ,

1913 1571 1968 1615 et
1998 1567 2055 1614 ut
2084 1563 2247 1616 homo
2279 1571 2524 1617 mortuus
2558 1561 2751 1616 fuerat.
2787 1562 2894 1618 Sed
2930 1564 3194 1633 tingamus
3224 1564 3487 1634 scriptum

1917 1653 1969 1706 in
1988 1652 2300 1724 Evangeliis
2329 1653 2518 1718 fuisse,
2548 1656 2727 1710 subito
2750 1655 2896 1710 illum
2917 1671 3126 1711 ecruce
3157 1658 3485 1713 evanuisse:

1915 1744 2272 1800 nihilominus
2293 1755 2346 1801 et
2379 1747 2428 1800 id
2455 1746 2507 1800 in
2545 1745 2740 1800 malam
2761 1757 2970 1816 partem
3002 1749 3344 1818 accepissent
3365 1750 3488 1806 Cel-

221 1843 283 1895 ἆν
317 1843 417 1896 καὶ
441 1841 587 1896 οὕτω
619 1841 884 1911 λέγοντες·
915 1860 932 1892 ι
970 1839 1033 1893 Τί
1064 1840 1265 1912 δήποτε
1292 1840 1429 1910 μετὰ
1463 1840 1553 1892 τὸν
1580 1841 1811 1910 σταυρὸν

1916 1853 2007 1892 sus
2034 1846 2089 1892 et
2117 1839 2206 1892 alii
2233 1838 2811 1894 increduli.Dixisscnt
2839 1840 3208 1896 calumniandi
3256 1842 3438 1897 animo
3467 1858 3481 1894 :

223 1934 455 2002 γέγονεν
488 1933 718 2005 ἀφανὴς,
740 1932 799 1985 οὐ
828 1931 935 2004 πρὸ
948 1930 1042 1983 τοῦ
1060 1931 1250 1984 παθεῖν
1273 1931 1328 1984 δὲ
1349 1931 1496 1984 τοῦτ’
1520 1931 1812 2002 ἐπραγμα-

220 2025 490 2089 τεύσατο;
526 2045 544 2078 ι
575 2025 746 2096 Εἴπερ
775 2017 867 2078 οὖν
898 2023 1004 2077 ἀπὸ
1032 2022 1142 2078 τῶν
1186 2023 1533 2092 Εὑαγγελίων
1566 2023 1814 2095 μεμαθη-

222 2118 402 2180 κότες,
436 2118 519 2170 ὅτι
551 2117 613 2170 οὐ
656 2117 877 2185 γέγονεν
922 2115 1085 2180 εὐθὺς
1115 2115 1326 2188 ἀφανὴς
1354 2115 1463 2170 ἀπὸ
1497 2114 1592 2168 τοῦ
1624 2114 1811 2168 σκόλο-

221 2227 346 2275 πος,
385 2209 635 2280 ἐγκαλεῖν
680 2211 878 2263 οἴονται
916 2209 998 2281 τῷ
1033 2209 1195 2280 λόγῳ,
1244 2207 1318 2281 μὴ
1373 2208 1702 2280 πλασαμένῳ
1739 2209 1815 2272 ὡς

221 2301 424 2352 ἐκεῖνοι
450 2299 690 2368 ἠξίωσαν
727 2300 826 2371 (8),
860 2299 922 2352 τὸ
961 2299 1124 2364 εὐθὺς
1161 2299 1321 2353 αὑτὸν
1352 2300 1529 2370 ἀφανῆ
1563 2298 1814 2368 γενέσθαι

217 2394 330 2445 ἀπὸ
359 2392 457 2446 τοῦ
494 2391 773 2458 σκόλοπος,
807 2392 943 2446 ἀλλὰ
979 2392 1040 2445 τὸ
1062 2391 1257 2464 ἀληθὲς
1294 2394 1635 2464 ἱστορήσαντι
1655 2408 1669 2422 ⁸
1699 2391 1817 2455 πῶς

218 2487 324 2539 οὐκ
350 2484 575 2553 εὔλογον
608 2483 896 2539 πιστεῦσαι
941 2485 1015 2556 (9)
1056 2485 1253 2548 αὐτοὺς
1281 2485 1375 2539 καὶ
1408 2488 1476 2555 τῇ
1520 2483 1813 2539 ἀναστάσει

217 2577 392 2632 αὑτοῦ
411 2617 426 2640 ,
461 2579 555 2632 καὶ
581 2578 657 2641 ὡς
682 2577 960 2649 βουληθεὶς
983 2579 1072 2632 ὁτὲ
1101 2578 1199 2650 μὲν
1229 2578 1336 2631 τῶν
1379 2577 1555 2650 θυρῶν
1604 2577 1815 2631 κεκλει-

219 2670 440 2740 σμένων
466 2669 596 2740 ἔστη
618 2671 675 2723 ἐν
701 2670 852 2740 μέσῳ
877 2669 984 2724 τῶν
1011 2669 1288 2740 μαθητῶν,
1323 2669 1412 2722 ὁτὲ
1431 2668 1621 2733 assos;
1651 2669 1813 2740 ἄρτον

216 2761 344 2814 δυσὶ
383 2762 493 2815 τῶν
533 2761 859 2834 γνωρίμων,
891 2761 1054 2825 εὐθὺς
1087 2761 1321 2832 ἄφαντος
1348 2761 1562 2830 ἐγένετο
1593 2761 1685 2814 ἀπ’
1718 2760 1815 2813 αὑ-

214 2853 350 2917 τῶν,
381 2852 524 2923 μετά
548 2870 698 2917 τινας
722 2851 818 2916 οὓς
842 2850 1105 2924 ἐλάλησεν
1139 2855 1325 2917 αὐτοῖς
1351 2852 1576 2922 λόγους;

288 3028 464 3083 Πόθεν
491 3029 549 3083 δὲ
573 3029 652 3101 τῷ
686 3029 894 3084 Κέλσου
940 3030 1178 3102 Ἰουδαίῳ
1211 3031 1482 3097 λέλεκται,
1519 3032 1599 3086 ὃτι
1633 3033 1801 3104 ἐκρύ-

214 3139 390 3176 πτετο
414 3124 444 3176 ὀ
486 3121 724 3194 Ἰησοῦς;
755 3123 916 3192 Λέγει
947 3123 1054 3196 γάρ
1084 3125 1213 3197 περ)⁸
1239 3123 1422 3177 αὑτοῦ·
1450 3142 1467 3175 t
1505 3125 1600 3188 Τίς
1622 3125 1678 3178 δέ
1703 3124 1814 3179 πώ-

217 3232 354 3268 ποτε
392 3214 669 3284 πεμφθεὶς
691 3213 940 3283 ἄγγελος,
968 3215 1086 3269 δέον
1130 3215 1416 3284 ἀγγέλλειν
1458 3214 1527 3269 τά
1566 3217 1815 3270 κεκελευ-

217 3306 420 3376 ομένα,
447 3303 778 3375 κρύπτεται;
811 3325 829 3357 ι
867 3307 942 3360 Οὐ
974 3307 1082 3380 γὰρ
1107 3307 1408 3378 ἐκρύπτετο
1441 3309 1468 3362 ὁ
1498 3307 1666 3362 εἰπὼν
1702 3312 1814 3378 τοῖς

213 3395 482 3469 ζητοῦσιν
512 3397 675 3451 αὐτὸν
709 3397 990 3452 συλλαϐεῖν
1011 3416 1023 3429 ·
1060 3417 1077 3450 t
1119 3399 1452 3471 Καθημέραν
1479 3401 1626 3472 ήμην
1659 3403 1716 3454 ἐν
1737 3401 1816 3473 τῷ

220 3489 354 3562 ἱερῷ
386 3488 674 3561 παρρησίᾳ
701 3489 994 3555 διδάσκων,
1029 3491 1124 3546 καὶ
1153 3492 1253 3545 οὐκ
1282 3493 1628 3564 ἐκρατήσατέ
1657 3510 1747 3565 με.
1790 3513 1809 3545 ι

216 3583 370 3654 Πρὸς
401 3583 458 3636 δὲ
507 3581 568 3634 τὸ
619 3580 745 3653 ἑξῆς
793 3583 1284 3656 παλιλλογούμενον
1319 3586 1423 3640 ὑπὸ
1463 3587 1556 3641 τοῦ
1607 3588 1812 3642 Κέλσου

218 3674 389 3744 ἡμεῖς
436 3671 586 3737 ἅπαξ
636 3673 1106 3746 ἀπολογησάμενοι
1134 3716 1149 3740 ,
1207 3677 1658 3749 ἀρκεσθησόμεθα
1704 3683 1814 3744 τοῖς

217 3765 669 3837 προειρημένοις.
706 3766 1018 3838 Γέγραπται
1047 3768 1157 3840 γὰρ
1189 3770 1245 3824 ἐν
1278 3773 1390 3834 τοῖς
1436 3771 1690 3844 ἀνωτέρω
1720 3775 1814 3828 καὶ

217 3857 362 3929 πρὸς
398 3857 481 3922 τό,
515 3875 535 3909 ‹
576 3859 647 3911 Ἦ
677 3858 766 3912 ὅτε
799 3859 897 3930 μὲν
935 3862 1216 3930 ἡπιστεῖτο
1259 3863 1318 3915 ἐν
1367 3860 1600 3933 σώματι,
1650 3869 1814 3921 πᾶσιν

216 3951 420 4021 ἀνέδην
464 3952 764 4023 ἐκήρυττεν
791 3969 804 3984 ·
841 3954 928 4007 ὅτε
971 3954 1029 4008 δὲ
1075 3954 1185 4026 (ιθ)
1236 3955 1417 4010 πίστιν
1462 3956 1530 4011 ἂν
1587 3959 1812 4031 ἰσχυρὰν

220 4044 494 4114 παρεῖχεν
537 4045 601 4096 ἐκ
632 4043 844 4115 νεκρῶν
878 4045 1138 4110 ἀναστὰς,
1175 4047 1255 4100 ἐνὶ
1301 4049 1448 4119 μόνῳ
1476 4051 1683 4122 γυναίῳ
1721 4052 1814 4104 καὶ

216 4129 334 4190 τοῖς
361 4127 560 4180 ἑαυτοῦ
589 4127 880 4194 θιασώταις
909 4132 1144 4205 κρύϐδην
1170 4137 1535 4206 παρεφαίνετο
1559 4155 1573 4203 ;
1605 4159 1623 4192 ι
1671 4139 1811 4192 Ἀλλ’

191 4221 329 4288 ,οὐδ’
357 4222 442 4274 ὅτι
472 4222 553 4275 ἐν).
575 4224 721 4295 μόνῳ
746 4225 952 4296 γυναίῳ
984 4227 1391 4300 ἐφάνη,ἀληθές
1421 4233 1584 4286 ἐστιν’
1610 4235 1812 4307 γέγρα-

219 4334 363 4372 πται
388 4317 496 4390 γάρ
525 4321 582 4371 ἐν
611 4320 690 4392 τῷ
717 4321 857 4375 κατὰ
881 4323 1156 4380 Ματθαῖον
1175 4326 1511 4396 Εὐαγγελίῳ,
1529 4328 1611 4380 ὄτι
1633 4346 1652 4379 ε
1686 4328 1811 4398 Ὀψὲ

219 4410 519 4464 σαϐϐάτων
558 4413 624 4484 τῇ
675 4413 1063 4488 ἐπιφωσκούσῃ
1103 4419 1184 4482 εἰς
1215 4417 1344 4488 μίαν
1371 4417 1658 4473 σαϐϐάτων
1681 4414 1812 4490 ἦλθε

216 4504 417 4575 Μαρία
447 4505 482 4575 ἡ
511 4505 865 4577 Μαγδαληνὴ,
919 4508 1014 4562 καὶ
1041 4510 1075 4579 ἡ
1103 4509 1237 4580 άλλη
1277 4509 1459 4582 Μαρια
1478 4551 1492 4575 ,
1540 4511 1812 4582 θεωρῆσαι
1846 4491 1888 4546 θ

215 4594 309 4648 τὸν
342 4595 538 4664 τάφον·
576 4598 671 4650 καὶ
700 4599 808 4651 ἰδοὺ
841 4599 1064 4669 σεισμὸς
1097 4601 1316 4669 ἐγένετο
1351 4603 1551 4673 μέγας·
1582 4603 1811 4672 ἄγγελος

216 4687 328 4757 γάρ
354 4688 568 4759 Κυρίου
595 4689 842 4753 καταϐὰς
871 4691 930 4755 ἐξ
963 4692 1194 4764 οὐρανοῦ
1225 4695 1318 4749 καὶ
1340 4695 1652 4764 προσελθὼν
1677 4697 1810 4750 άπε-

215 4780 412 4834 κύλισε
460 4780 554 4834 τὸν
603 4781 770 4836 λίθον.
807 4802 826 4834 ι
857 4784 966 4836 Καὶ
1015 4787 1134 4855 μετ’
1163 4785 1343 4856 ὀλίγον
1383 4789 1548 4858 φησὶν
1585 4791 1614 4842 ὁ
1658 4791 1812 4842 Ματ-

215 4869 394 4935 θαῖος·
435 4891 453 4924 t
488 4873 600 4926 Καὶ
627 4874 735 4928 ἰδοὺ
762 4876 790 4928 ὁ
827 4877 1035 4948 Ἰησοῦς
1065 4879 1370 4950 ὑπήντησεν
1396 4880 1507 4952 (il)
1539 4883 1750 4947 αὐταῖς.
1785 4903 1806 4936 ι

215 4965 396 5035 Δῆλον
426 4965 484 5018 δὲ
527 4965 610 5018 ὅτι
661 4969 781 5029 ταῖς
826 4970 1252 5040 προειρημέναις
1305 4973 1546 5043 Μαρίαις
1599 4974 1806 5044 λέγων,

221 5078 240 5110 ι
278 5058 543 5132 Χαίρετε.
573 5061 636 5113 Ai
669 5060 724 5113 δὲ
741 5062 1131 5133 προσελθοῦσαι
1161 5065 1470 5136 ἐκράτησαν
1492 5068 1655 5122 αὐτοῦ
1684 5071 1811 5134 τοὺς

217 5151 412 5216 πόδας,
465 5151 560 5204 καὶ
604 5151 1018 5225 προσεκύνησαν
1061 5155 1230 5225 αὐτῷ.
1270 5176 1288 5208 ι
1319 5157 1581 5212 Λέλεκται
1611 5159 1666 5212 δὲ
1718 5162 1808 5214 καὶ

1919 1944 1937 1977 t
1975 1924 2082 1980 Cur
2115 1938 2235 1997 post
2269 1929 2591 1996 supplicium
2618 1928 2875 1982 evanuit?
2903 1943 3001 1984 cur
3032 1945 3160 1996 non,
3193 1940 3485 2001 antequam

1913 2021 2232 2090 pateretur?
2263 2042 2282 2074 ι
2319 2021 2374 2076 Si
2419 2035 2550 2092 ergo
2599 2021 2892 2091 Evangelia
2919 2061 2934 2086 ,
2986 2023 3127 2077 unde
3180 2022 3488 2078 didicerunt

1914 2111 2064 2166 illum
2087 2126 2117 2165 e
2151 2126 2314 2167 cruce
2339 2127 2444 2168 non
2473 2113 2652 2167 subito
2685 2114 2998 2180 evanuisse,
3025 2115 3278 2170 incusare
3304 2130 3364 2171 se
3393 2133 3489 2186 pu-

1917 2212 2035 2258 tant
2064 2219 2242 2274 posse,
2271 2220 2389 2274 quae
2420 2215 2616 2269 tamen,
2645 2207 2788 2276 quod
2825 2221 2953 2262 vere
2979 2206 3180 2262 factum
3212 2217 3315 2274 est,
3345 2210 3490 2263 refc-

1917 2302 2063 2358 runt,
2092 2311 2190 2350 nec
2215 2295 2443 2366 ﬁngunt,
2476 2297 2621 2352 utilli
2647 2299 2822 2354 satius
2838 2298 3078 2352 futurum
3109 2299 3278 2354 fuisse
3293 2301 3489 2356 existi-

1914 2396 2088 2450 mant,
2119 2387 2266 2442 illum
2303 2389 2592 2444 evanuisse
2626 2391 2813 2446 subito
2841 2405 2872 2446 e
2903 2405 3107 2456 cruce;
3142 2390 3309 2464 “0
3355 2408 3490 2462 quo-

1917 2483 2077 2536 modo
2101 2497 2208 2536 non
2229 2497 2441 2553 acquum
2473 2482 2634 2538 fuerit
2657 2498 2751 2538 eos
2773 2483 2892 2553 ejus
2917 2486 3300 2539 resurrectioui
3328 2485 3487 2542 ﬁdem

1914 2574 2236 2644 adiungere;
2287 2579 2516 2632 credere
2573 2577 2737 2632 etiam
2790 2575 2966 2640 illum,
3021 2577 3241 2646 quando
3293 2579 3486 2641 voluit,

1917 2666 2077 2720 modo
2099 2668 2152 2721 in
2184 2667 2362 2722 medio
2382 2669 2773 2737 discipulorum
2797 2671 3036 2738 stetisse,
3068 2671 3282 2726 tametsi
3307 2671 3490 2739 janua:

1915 2759 2114 2815 clausa:
2165 2767 2381 2824 essent;
2411 2765 2571 2818 modo
2599 2773 2853 2832 porrecto
2885 2764 3100 2820 duobus
3126 2777 3157 2819 e
3181 2764 3296 2818 suis
3331 2763 3493 2819 fami-

1917 2852 2145 2908 liaribus
2168 2868 2330 2921 pane,
2361 2854 2654 2926 habitoque
2684 2855 2974 2926 colloquio,
3003 2870 3068 2912 ex
3093 2854 3269 2911 oculis
3296 2871 3486 2912 eorum

1917 2946 2243 3002 evanuisse?

1988 3034 2076 3090 70.
2110 3036 2182 3092 At
2211 3036 2351 3091 unde
2375 3037 2514 3092 Celsi
2534 3036 2718 3094 Judaeo
2743 3039 2797 3094 in
2825 3048 3060 3095 mentem
3097 3037 3247 3094 venit
3279 3038 3487 3102 dicere,

1840 3154 1883 3213 ρ
1917 3128 2162 3184 latitasse
2181 3127 2404 3183 Jesum?
2432 3127 2522 3186 Sic
2551 3131 2695 3186 enim
2727 3130 2816 3186 ille
2844 3147 2859 3185 :
2891 3147 2912 3182 ι
2947 3130 3146 3201 Ecquis
3195 3130 3489 3200 aliquando

1919 3221 2120 3278 missus
2160 3223 2389 3293 legatus,
2440 3238 2562 3278 cum
2606 3225 2923 3279 renuntiare
2955 3224 3211 3278 mandata
3239 3223 3487 3290 deberet,

1918 3313 2159 3371 latebras
2211 3315 2500 3384 quaesivit?
2536 3334 2556 3368 ι
2591 3315 2697 3370 Nec
2730 3315 2875 3369 enim
2925 3314 3176 3384 quaesivit
3225 3314 3484 3382 latebras,

1917 3403 2010 3474 qui
2043 3405 2507 3473 comprehendere
2553 3407 2922 3476 quaerentibus
2951 3405 3168 3460 dicebat
3197 3419 3213 3459 :
3249 3422 3270 3458 ί
3300 3405 3490 3474 Quoti-

1916 3495 2004 3550 die
2033 3511 2185 3551 eram
2211 3498 2263 3552 in
2289 3497 2487 3566 templo
2513 3497 2684 3553 libere
2720 3498 2940 3563 docens,
2965 3507 3020 3553 et
3049 3514 3153 3554 non
3189 3512 3276 3554 me
3306 3498 3488 3553 tenui-

1916 3586 2016 3641 stis
2046 3587 2114 3640 “.
2147 3605 2169 3639 ι
2202 3588 2284 3642 Ad
2315 3587 2368 3642 id
2397 3589 2539 3658 quod
2571 3587 2840 3658 sequitur,
2881 3589 3008 3657 quia
3045 3589 3158 3658 jam
3191 3598 3318 3644 ante
3339 3587 3492 3658 obje-

1917 3690 2064 3735 ctum
2111 3692 2142 3733 a
2187 3679 2348 3735 Celso
2398 3678 2600 3744 fuerat,
2639 3694 2961 3748 responsum
3012 3691 3117 3736 est.
3148 3679 3293 3736 Satis
3326 3683 3490 3751 igitur

1916 3772 2121 3829 fuerint
2151 3789 2270 3844 qua:
2297 3781 2422 3828 ante
2466 3772 2612 3828 dicta
2649 3781 2804 3827 sunt.
2843 3771 2981 3827 Nam
3028 3773 3082 3828 in
3114 3775 3490 3844 superioribus

1917 3868 2062 3923 istud
2114 3866 2388 3922 confutavi
2421 3881 2434 3918 :
2472 3881 2491 3915 ι
2532 3866 2610 3919 An
2663 3865 2810 3934 quia,
2842 3864 2968 3919 dum
3015 3865 3070 3920 in
3104 3875 3487 3936 corporeerat,

1916 3957 2121 4014 nemini
2175 3956 2412 4012 faciebat
2459 3943 2643 4019 ﬁdem,
2679 3968 2808 4010 suas
2847 3956 3100 4011 omnibus
3127 3958 3194 4010 ad
3226 3972 3487 4013 nauseam

1915 4051 2206 4108 conciones
2231 4049 2494 4115 obtrusit;
2523 4049 2649 4120 quia
2678 4060 2860 4105 autem
2883 4065 2914 4106 e
2937 4051 3169 4108 mortuis
3196 4053 3490 4109 suscitatus

1914 4145 2270 4215 persuaderet
2295 4143 2610 4208 eﬂieaciter,
2641 4144 2734 4199 uni
2787 4144 3119 4200 muliercula:
3151 4145 3368 4216 suisque
3393 4161 3488 4201 so-

1914 4238 2128 4293 dalibus
2155 4239 2294 4292 clam
2330 4238 2622 4293 videndum
2667 4252 2728 4292 se
2762 4239 3030 4307 praebuit?
3062 4259 3082 4292 ι
3119 4239 3254 4294 Nam
3287 4240 3487 4296 falsum

1913 4336 1995 4381 est
2044 4328 2194 4382 illum
2229 4341 2288 4382 se
2335 4328 2426 4382 uni
2465 4327 2803 4383 muliercula:
2828 4329 3117 4385 videndum
3167 4330 3485 4398 praebuisse.

1914 4417 2051 4472 Nam
2090 4419 2144 4472 in
2194 4418 2492 4488 Evangelio
2530 4420 2830 4474 secundum
2883 4419 3195 4474 Mattheum
3227 4421 3489 4490 scriptum

1919 4523 2044 4568 est:
2082 4531 2100 4564 ι
2131 4513 2365 4581 Vespere
2387 4511 2634 4576 Sabbati,
2661 4527 2782 4582 quae
2811 4511 3040 4567 lucescit
3061 4512 3114 4566 in
3146 4512 3319 4581 prima
3349 4511 3492 4568 Sab-

1917 4604 2055 4670 bati,
2083 4607 2235 4660 venit
2263 4604 2434 4660 Maria
2466 4603 2784 4675 Magtlaleue
2809 4614 2866 4659 et
2892 4605 3060 4658 altera
3098 4602 3270 4658 Maria
3303 4604 3490 4660 videre

1917 4699 2265 4767 sepulcrum;
2293 4707 2346 4754 et
2363 4713 2492 4754 ecce
2527 4707 2688 4754 terra:
2717 4707 2898 4753 motus
2927 4698 3104 4752 factus
3128 4709 3211 4754 est
3229 4714 3488 4769 magnus:

1919 4791 2148 4860 angelus
2167 4791 2313 4846 enim
2343 4792 2554 4847 Domini
2585 4792 2862 4846 descendit
2892 4793 2958 4846 de
2986 4791 3127 4846 caelo
3147 4801 3203 4847 et
3227 4793 3491 4848 accedens

1917 4881 2148 4936 revolvit
2170 4881 2405 4951 lapidem
2433 4882 2499 4936 ’⁷.
2530 4901 2549 4933 ι
2572 4880 2634 4935 Et
2660 4890 2782 4950 post
2810 4896 2977 4950 pauca
3000 4881 3283 4938 Matthaaus
3309 4883 3487 4938 idem:

1923 4993 1942 5027 ι
1969 4973 2036 5030 Et
2056 4989 2183 5032 ecce
2209 4975 2368 5031 Jesus
2396 4976 2640 5032 occurrit
2671 4975 2805 5040 illis;
2831 4995 2848 5028 ι
2877 4978 3094 5045 quando
3119 4976 3303 5031 Mariis
3332 4979 3492 5033 modo

1919 5072 2218 5126 nominatis
2246 5071 2430 5124 dixit:
2475 5087 2492 5120 t
2535 5070 2720 5125 Avete.
2770 5069 2880 5125 Illae
2913 5079 3092 5126 autem
3142 5082 3493 5126 accesserunt

1920 5177 1975 5221 et
2029 5173 2318 5220 tenuerunt
2350 5165 2512 5233 pedes
2563 5164 2707 5234 ejus,
2733 5173 2790 5218 et
2815 5165 3188 5219 adoraverunt
3213 5178 3334 5220 eum
3359 5163 3432 5216 ³⁸.
3470 5183 3487 5215 ι

289 5291 337 5321 ³⁵
371 5287 567 5342 Matth.
615 5304 764 5355 xxvt,
802 5289 892 5344 55.
969 5290 1010 5320 ’⁷
1065 5288 1256 5346 Matth.
1309 5307 1501 5357 xxvm,
1549 5295 1602 5361 l,
1640 5296 1697 5350 2.
1767 5297 1812 5330 ³⁸
1852 5299 2004 5366 ihid.,
2041 5301 2074 5353 9

288 5405 371 5471 (6)
415 5404 712 5479 _SicAmss.;
743 5404 995 5479 impressi
1022 5421 1170 5465 vero,
1201 5407 1624 5479 γεγραμμένων.

288 5479 373 5540 (7)
407 5473 574 5546 μω).
604 5473 876 5544 impressi,
906 5475 1104 5539 λέξεως
1141 5473 1397 5530 καλὰ-καῖ
1427 5473 1605 5543 οὕτως
1636 5481 1700 5535 ἄν
1730 5499 1814 5546 τις

216 5544 474 5614 ἀποδοίη,
513 5547 608 5596 scd
659 5561 788 5600 mss.
825 5554 884 5599 ut
927 5547 980 5598 in
1015 5559 1206 5600 nostro
1239 5557 1411 5602 textu.

291 5623 372 5680 is;
420 5615 731 5677 Ἠξίωσαν.
777 5616 850 5669 Ita
878 5626 1026 5671 recte
1067 5620 1237 5672 codex
1267 5619 1610 5674 Basileeusis.
1640 5622 1810 5686 Alias,

218 5685 489 5748 ἁξὶωσαν,
529 5709 556 5736 1.
585 5689 689 5738 :xlt‘.

293 5759 374 5825 (9)
411 5756 766 5831 Manimos.
786 5754 1330 5831 Gelettittsinlcrprvs
1353 5759 1566 5814 videtur
1589 5762 1808 5831 legisse,

219 5826 569 5896 ἀπιστήσειν.
599 5826 769 5878 V't-rtit
792 5829 959 5880 enim:
984 5846 1001 5876 σ
1021 5825 1302 5892 Quomodo
1331 5831 1588 5887 credituri
1620 5825 1806 5889 suum

546 5921 819 5981 PA'I‘BOL.
854 5921 972 5982 Gn.
1008 5921 1114 5982 Χι.

1983 5416 2097 5486 (10)
2127 5415 2264 5468 Ὅτε
2291 5413 2408 5486 μὲν
2454 5413 2786 5486 ἠπιστεῖτο,
2818 5426 2946 5481 etc..,
2996 5415 3095 5471 ὅτε
3124 5417 3212 5477 δέ,
3260 5425 3366 5471 etc.
3403 5419 3492 5473 Sic

1913 5485 2264 5557 mssa'r‘ectc.
2310 5485 2480 5547 Alias,
2528 5485 2610 5538 ὃτι
2658 5486 3087 5557 mmmam,
3131 5500 3264 5552 etc.,
3301 5488 3383 5543 ὅτι
3411 5489 3488 5555 δέ,

1913 5567 2020 5629 etc.
2043 5554 2197 5629 infra
2230 5570 2420 5629 omnes
2451 5569 2606 5622 mss.,
2639 5554 2882 5629 κρύϐδην
2905 5559 3289 5629 παρεφαίνετο.
3318 5554 3488 5625 Alias,

1912 5626 2152 5696 κρύϐδην
2185 5627 2582 5694 περιφαίνεται.

1986 5699 2029 5760 tl
2050 5700 2096 5763 Ι)
2128 5697 2336 5772 Omnes
2361 5711 2516 5764 mss.,
2543 5697 2870 5772 ὑπήντησεν.
2891 5697 3231 5756 llmscltclius
3247 5711 3302 5757 et
3322 5701 3490 5771 Speu-

1912 5783 2070 5824 cerus
2125 5766 2448 5838 ἐπήντησεν.

3140 5931 3223 5992 9-9
