3902 6414
513 285 616 342 90"

1951 279 2270 336 OillGENlS
3625 289 3704 346 908

511 400 828 456 Ilel'utatum
853 413 1068 470 quoque
1095 399 1236 453 istud
1263 405 1342 454 est
1367 415 1380 452 :
1420 415 1436 449 ι
1461 397 1662 453 Omnes
1693 398 1912 452 luerunt
1939 411 2049 464 sup.

2177 395 2312 468 πρὸς
2341 393 2421 458 τὸ,
2453 415 2470 446 ι
2511 395 2886 469 Κολαζόμενος
2915 399 3016 470 μὲν
3049 400 3154 472 ἄρα
3180 403 3342 456 πᾶσιν
3363 405 3581 475 ἑωρᾶτο,
3607 407 3706 460 ἀνα-

508 493 657 561 plicii
687 503 877 559 testes,
911 505 1048 545 unus
1073 490 1518 556 resurrectionis;
1539 511 1556 540 ι
1581 489 1668 544 ubi
1689 489 1944 542 nimirum
1973 488 2073 542 hoc

505 584 654 638 aliud
683 583 878 646 refelli,
923 600 942 633 ι
979 597 1086 636 non
1121 581 1376 636 omnibus
1421 581 1570 636 visus
1601 591 1702 636 est.
1741 599 1758 632 ι
1789 581 2070 645 Audimus,

504 688 624 742 qua:
681 673 732 727 in
791 674 908 740 ipso
949 673 1182 726 humana
1213 683 1392 737 erant.
1446 673 1548 727 sub
1607 671 1796 728 oculos
1832 673 2071 728 omnium

503 765 673 818 fuisse
703 765 948 831 objecta;
990 781 1110 835 qua:
1135 779 1264 820 vero
1295 765 1480 820 divina
1513 765 1642 835 (non
1676 766 1742 820 de
1770 767 1836 821 iis
1881 767 2074 836 loquor

501 873 622 926 quae
645 857 710 910 ad
737 857 842 910 alia
873 857 1208 923 referuntur,
1249 859 1341 913 sed
1373 861 1438 912 de
1481 859 1545 914 iis
1569 873 1690 927 qua:
1721 859 1862 915 inter
1883 875 1944 915 se
1974 861 2072 916 dif-

500 947 732 1018 ferunt),
762 963 824 1002 ea
871 963 978 1002 non
1025 964 1216 1003 omnes
1266 964 1464 1018 capere
1511 951 1774 1017 petuisse.
1809 951 2070 1006 Animad-

498 1049 672 1105 verte,
701 1039 954 1104 obsecro,
991 1053 1152 1108 quam
1186 1039 1472 1096 manifeste
1495 1040 1584 1095 hic
1609 1040 1794 1096 Celsus
1816 1057 1844 1094 a
1875 1057 1932 1097 se
1962 1043 2073 1110 ipse

497 1131 782 1186 dissideat.
817 1131 1107 1201 Postquam
1135 1131 1278 1185 enim
1311 1131 1450 1186 dixit
1479 1131 1627 1185 illum
1657 1146 1715 1187 se
1743 1133 2070 1187 unimulier-

497 1223 630 1277 cidae
681 1223 908 1292 suisque
942 1222 1215 1277 sodalibus
1254 1221 1390 1276 clam
1421 1223 1710 1278 videndum
1737 1224 2030 1292 praebuisse
2051 1264 2066 1288 ,

495 1316 759 1369 continuo
789 1313 1043 1381 subiicit:
1075 1333 1093 1364 ι
1129 1313 1326 1370 Omnes
1356 1314 1575 1368 fuerunt
1603 1315 1850 1384 supplicii
1883 1325 2068 1382 testes,

494 1421 635 1460 unus
685 1407 1140 1472 resurrectionis;
1171 1408 1313 1475 quod
1356 1414 1546 1460 contra
1585 1405 1702 1461 ﬁeri
1734 1406 1998 1476 oportuit.
2043 1425 2063 1458 ι

493 1496 746 1566 Oportuit
775 1498 964 1568 igitur,
991 1497 1034 1555 si
1063 1496 1278 1553 Celsum
1312 1499 1618 1564 audiamus,
1656 1513 1763 1552 non
1800 1507 1856 1552 ut
1880 1513 2068 1554 omnes

495 1587 747 1655 supplicii
811 1593 980 1642 testes
1031 1596 1234 1651 essent,
1289 1601 1430 1641 unus
1489 1587 1930 1652 resurrectionis,
1973 1589 2066 1644 sed

491 1685 703 1731 contra.
730 1675 799 1730 At
817 1687 1082 1748 quantum
1108 1678 1224 1732 haec
1247 1678 1409 1732 verba
1431 1678 1824 1744 sonant,voluit
1846 1689 1900 1733 et
1925 1681 2066 1748 quod

493 1766 610 1820 ﬁeri
641 1781 746 1820 non
790 1766 988 1836 potuit,
1021 1776 1075 1822 et
1123 1768 1266 1838 quod
1297 1769 1592 1824 absurdum
1629 1779 1735 1835 est,
1776 1785 1969 1840 nempe
2007 1781 2067 1824 ut

493 1857 743 1926 supplicii
784 1857 933 1913 testis
975 1867 1124 1914 esset
1174 1874 1335 1925 unus,
1386 1873 1576 1915 omnes
1624 1861 2061 1916 resurrectionis.

491 1946 778 2018 Nam'quae
811 1949 913 2002 alia
947 1947 1190 2018 subjecta
1243 1957 1326 2004 est
1371 1951 1645 2005 sententia
1697 1951 1783 2007 his
1835 1953 2062 2007 verbis:

493 2060 512 2092 ι
547 2041 702 2107 Quod
737 2051 924 2096 contra
953 2042 1070 2096 lieri
1093 2043 1371 2112 Oportuit?
1410 2062 1430 2096 ι

558 2134 648 2187 71.
675 2134 938 2189 Caeterum
967 2149 1064 2188 nos
1095 2136 1278 2190 docuit
1305 2134 1487 2199 Iesus,
1513 2135 1803 2203 quisillum
1835 2138 2060 2204 miserit,

489 2239 612 2278 cum
671 2227 746 2279 ait
775 2243 788 2280 :
823 2245 840 2275 ‹
879 2223 1046 2282 Nemo
1075 2227 1226 2281 novit
1249 2227 1462 2282 Patrem
1488 2227 1590 2282 nisi
1617 2226 1876 2296 Filius";
1912 2247 1931 2280 ι
1967 2239 2059 2284 et:

491 2337 510 2368 ε
547 2319 710 2372 Deum
755 2333 913 2372 nemo
952 2319 1086 2374 vidit
1132 2333 1392 2388 unquam.
1435 2317 1754 2390 Unigenilus
1785 2319 1944 2386 Deus,
1972 2322 2062 2390 qui

487 2419 570 2462 est
587 2410 636 2462 in
659 2410 778 2464 sinu
805 2409 1002 2474 Patris,
1027 2410 1140 2480 ipse
1157 2410 1711 2484 enarravit'°.:4ﬁ.1
1733 2410 1851 2480 Ipse
1873 2413 2059 2482 estqui

485 2503 550 2553 de
595 2499 702 2553 Deo
740 2514 928 2554 coram
972 2501 1244 2567 germanis
1281 2502 1396 2558 suis
1442 2502 1722 2572 discipulis
1767 2504 2060 2569 disserens,

482 2605 575 2644 eos
601 2605 719 2660 quae
745 2591 810 2644 ad
841 2591 1006 2645 Deum
1037 2593 1390 2660 pertinerent,
1421 2595 1640 2650 edocuit
1661 2589 1826 2659 :ejus
1855 2580 2062 2650 sermo-

483 2697 612 2734 num
643 2681 888 2750 vcstigia,
917 2695 1038 2750 qua:
1063 2683 1114 2735 in
1140 2681 1437 2752 Scripturis
1460 2684 1790 2752 invenimus,
1815 2686 1970 2740 nobis
1993 2687 2058 2741 ad

482 2774 856 2828 disserendum
876 2774 942 2828 de
967 2773 1074 2828 Deo
1095 2774 1238 2828 viam
1265 2783 1479 2854 parant.
1507 2773 1604 2828 llic
1627 2776 1770 2829 enim
1793 2775 2054 2846 legimus:

485 2888 504 2920 ι
551 2868 693 2924 Deus
715 2868 805 2922 lux
846 2877 951 2933 est,
985 2877 1038 2922 et
1067 2870 1306 2924 tenebrae
1337 2868 1388 2921 in
1418 2883 1482 2923 eo
1515 2884 1622 2922 non
1645 2879 1772 2925 sunt
1805 2869 2006 2938 ullae“.
2031 2886 2051 2920 ι

479 2961 591 3016 lllie
612 2976 742 3016 vero
769 2980 783 3016 :
824 2981 842 3013 ι
882 2961 1121 3031 Spiritus
1153 2970 1240 3016 est
1281 2961 1443 3027 Deus,
1475 2970 1550 3029 et_
1575 2977 1669 3018 eos
1697 2961 1792 3030 qui
1819 2962 2054 3018 adorant

479 3069 622 3120 eum,
661 3058 712 3108 in
737 3055 928 3123 spiritu
964 3063 1019 3108 et
1049 3055 1282 3109 veritate
1307 3064 1520 3124 oportet
1543 3056 1770 3111 adorare
1795 3056 1858 3110 ³³.
1886 3073 1905 3107 ι
1943 3054 2046 3112 Sed
2075 3083 2116 3141 ο

479 3147 596 3199 aliae
624 3146 924 3200 innumerae
954 3160 1132 3200 causa:
1161 3155 1307 3214 sunt,
1337 3156 1556 3216 propter
1590 3163 1727 3216 quas
1771 3147 1918 3201 illum
1945 3148 2047 3201 Pa-

479 3249 562 3293 ter
584 3240 814 3292 miserit.
851 3238 977 3302 Has,
1022 3240 1112 3307 qui
1138 3239 1303 3304 volet,
1337 3241 1584 3307 accipere
1629 3241 1826 3308 poterit
1860 3241 1942 3295 vel
1981 3255 2047 3295 ex

475 3329 776 3398 prophetis,
813 3329 902 3398 qui
932 3329 1080 3384 illum
1105 3333 1634 3401 praenuntiaverunt,
1663 3334 1749 3386 vel
1783 3347 1849 3386 ex
1883 3348 2048 3387 evan—

475 3418 702 3487 gelislis.
747 3417 857 3473 Nec
903 3433 1032 3474 vero
1076 3435 1276 3488 paucas
1322 3421 1494 3475 discet
1529 3435 1593 3476 ex
1626 3421 1904 3489 apostolis,
1933 3437 2048 3477 ma-

475 3511 623 3564 xime
655 3525 719 3562 ex
757 3509 943 3564 Paulo.
985 3511 1121 3580 Ipse‘
1145 3511 1310 3566 etiam
1351 3525 1455 3576 est,
1491 3513 1580 3582 qui
1613 3513 1807 3582 pietati
1835 3513 2046 3569 deditos

473 3603 726 3668 illustrat,
769 3613 823 3657 et
857 3604 908 3656 in
953 3611 1264 3672 peccatores
1311 3605 1715 3660 animadvertit.
1767 3605 1932 3673 Cujus
1965 3608 2042 3660 rei

473 3695 694 3764 ignarus
723 3695 914 3750 Celsus
937 3695 1116 3750 dixit:
1154 3715 1172 3748 ι
1214 3695 1269 3750 Si
1307 3698 1528 3766 quidem
1556 3708 1700 3753 esset
1739 3699 1923 3767 pietati
1953 3700 2044 3754 de-

470 3788 612 3840 ditos
645 3787 1036 3862 illustratnrus,
1088 3801 1180 3842 eos
1213 3803 1342 3843 vero
1377 3791 1468 3857 qui
1523 3799 1750 3858 peccant
1786 3797 1878 3844 aut
1907 3807 2042 3860 quos

468 3889 823 3947 peccatorum
851 3880 1106 3947 pmnitel,
1145 3879 1525 3934 miscraturus.
1557 3901 1576 3933 ι

537 3971 626 4023 72.
663 3970 854 4024 Postea
880 3973 955 4024 ait
983 3989 997 4024 :
1031 3989 1052 4021 ι
1075 3971 1131 4025 Si
1163 3971 1484 4026 delitescere
1511 3973 1699 4038 voluit,
1733 3989 1832 4028 cur
1859 3976 2038 4030 audita

467 4075 572 4114 vox
595 4077 624 4115 e
654 4061 792 4116 crelo
813 4071 896 4116 est
923 4062 1072 4116 illum
1114 4062 1208 4116 Dei
1239 4061 1435 4116 Filium
1461 4065 1794 4133 prmdicans?
1823 4067 1916 4122 Sin
1941 4083 2041 4121 au-

465 4162 575 4206 tem
611 4152 787 4206 noluit
815 4153 1009 4219 latere,
1036 4169 1135 4208 cur
1162 4154 1444 4223 suppliciis
1474 4155 1720 4224 allectus,
1753 4173 1852 4212 cur
1893 4175 2038 4215 mor-

465 4254 589 4298 tuus
621 4243 749 4297 est?
779 4262 798 4296 ι
837 4243 1046 4309 Quibus
1071 4245 1324 4300 evincere
1355 4254 1524 4313 putat,
1551 4245 1690 4300 inter
1715 4261 1774 4302 se
1797 4262 2038 4319 pugnare

461 4350 581 4402 quae
611 4338 676 4392 de
705 4335 834 4392 Jesu
865 4339 1067 4409 scripta
1105 4345 1253 4393 sunt.
1289 4338 1556 4394 Nimirum
1590 4355 1691 4394 non
1721 4342 1856 4396 vidit
1885 4343 2032 4396 illum

2101 1733 2226 1820 35s

2181 487 2312 552 στὰς
2365 487 2422 540 δέ
2467 489 2628 553 ἐνίοις
2661 490 2768 561 (1‘2)
2796 508 2810 520 ·
2841 510 2859 541 ι
2893 493 2982 544 ὅτε
3039 493 3454 566 ἀπελογούμεθα
3485 498 3607 568 πρὸς
3637 500 3705 566 τὸ,

2184 597 2202 628 ι
2239 579 2314 630 Οὐ
2357 580 2517 632 πᾶσιν
2550 580 2780 651 ἑωρᾶτο.
2815 600 2832 632 ›
2871 583 2982 635 Καὶ
3015 583 3110 636 νῦν
3145 583 3200 636 δὲ
3243 586 3510 656 φήσομεν,
3550 589 3617 641 ὅτι
3653 591 3707 643 τὰ

2181 671 2278 740 μὲν
2309 669 2622 742 ἀνθρώπινα
2653 673 2813 726 αὑτοῦ
2843 676 3006 728 πᾶσιν
3032 671 3098 746 ἦν
3127 677 3318 747 ὁρατὰ,
3339 679 3409 732 τὰ
3433 680 3490 732 δὲ
3511 679 3708 755 θειότερα

2177 762 2340 833 (λέγω
2366 764 2423 816 δὲ
2454 766 2514 817 ού
2557 767 2685 836 περὶ
2727 766 2836 819 τῶν
2883 769 3066 839 σχέσιν
3103 771 3241 840 πρὸς
3287 771 3452 844 ἕτερα
3495 775 3702 844 ἐχόντων,

2175 854 2310 908 ἀλλὰ
2343 857 2471 927 περὶ
2513 857 2619 910 τῶν
2659 858 2798 912 κατά
2851 860 3172 932 διαφοράν·)
3219 863 3280 915 οὐ
3325 868 3462 918 πᾶσι
3503 870 3702 939 χωρητά.

2174 945 2420 1017 Πρόσχες
2444 947 2499 1001 δὲ
2527 949 2622 1003 καὶ
2648 953 2712 1022 τῇ
2761 951 2911 1024 παρά
2943 954 3108 1017 πόδας
3137 955 3232 1009 τοῦ
3265 957 3476 1010 Κέλσου
3511 959 3707 1014 ἐναντιό-

2172 1052 2296 1105 τητι
2325 1038 2462 1109 πρὸς
2489 1040 2700 1094 ἑαυτόν.
2743 1043 3028 1112 Προειπὼν
3056 1041 3148 1100 οὖν
3176 1048 3254 1099 ἐνὶ
3287 1048 3497 1120 γυναίῳ
3519 1052 3709 1116 καὶτοῖς

2172 1128 2362 1180 ἐαυτοῦ
2394 1129 2685 1195 θιασώταις
2719 1133 2824 1203 (15)
2853 1135 3088 1206 κρύϐδην
3116 1139 3277 1193 αὐτὸν
3306 1143 3710 1211 παραπεφάνθαι,

2172 1215 2370 1280 εὐθέως
2394 1218 2661 1290 ἐπιφέρει·
2683 1239 2700 1270 ι
2731 1219 3109 1294 Κολαζόμενος
3135 1226 3232 1296 μὲν
3248 1225 3354 1298 ἄρα
3387 1230 3549 1282 πᾶσιν
3571 1231 3714 1302 ἑωρᾶ-

2169 1324 2250 1372 το,
2286 1309 2522 1373 ἀναστὰς
2552 1310 2610 1364 δὲ
2635 1309 2732 1362 ἐνί·
2757 1303 2926 1384 οὗπερ
2959 1315 3123 1386 ἐχρῆν
3151 1319 3490 1372 τούναντίον.
3524 1339 3540 1372 ι
3575 1323 3630 1376 Τί
3665 1324 3712 1376 δὲ

2171 1399 2265 1453 καὶ
2291 1400 2496 1471 νομίζει
2523 1403 2585 1455 τὸ
2614 1403 2800 1474 ἐχρῆν,
2829 1405 3175 1478 ἀκούσωμεν.
3227 1411 3502 1466 Ἐναντίον
3531 1413 3610 1466 τὸν
3631 1415 3713 1484 μὲν

2171 1493 2530 1564 κολαζόμενον
2562 1497 2726 1550 πᾶσιν
2761 1497 2870 1568 (14)
2906 1500 3198 1570 ἑωρᾶσθαι,
3231 1504 3542 1559 ἀναστάντα
3565 1505 3614 1559 δέ
3629 1507 3710 1558 ἐνί.

2173 1584 2334 1636 Ὅσον
2361 1585 2468 1656 γὰρ
2495 1587 2586 1638 ἐπὶ
2613 1590 2678 1658 τῇ
2715 1587 2854 1654 λέξει
2889 1591 3104 1655 ἑαυτοῦ,
3145 1593 3302 1664 ἤθελε
3348 1597 3444 1650 καὶ
3487 1597 3714 1652 ἀδύνατον

2171 1675 2264 1726 καὶ
2287 1675 2496 1744 ἄλογον·
2521 1677 2880 1748 κολαζόμενον
2912 1682 3008 1752 μέν
3043 1685 3121 1736 ἐνὶ
3149 1685 3400 1755 ὁρᾶσθαι,
3438 1689 3712 1742 ἀναστάντα

2253 1768 2436 1821 πᾶσιν.
2472 1770 2544 1822 Ἦ
2575 1769 2690 1832 πῶς
2719 1770 2953 1847 διηγήσῃ
2977 1777 3057 1840 τὸ,
3092 1797 3108 1828 ι
3137 1772 3319 1851 Οῦπερ
3341 1780 3510 1851 ἐχρῆν
3527 1781 3714 1836 τούναν·

2167 1856 2278 1909 τίον
2299 1873 2312 1922 ;
2355 1876 2372 1908 ι

2251 2129 2486 2196 Ἐδίδαξε
2513 2130 2570 2184 δὲ
2608 2131 2754 2202 ἡμᾶς
2790 2133 2818 2184 6
2864 2131 3088 2204 Ἰησοῦς,
3126 2134 3216 2187 καὶ
3249 2132 3492 2207 ὅστις-’ἧν
3531 2140 3557 2189 ὁ
3593 2141 3716 2211 πέμ-

2163 2219 2290 2290 ψας,
2321 2221 2378 2272 ἐν
2407 2219 2504 2290 τῷ,
2533 2239 2552 2272 ι
2587 2221 2776 2284 Οὐδεὶς
2805 2221 2945 2289 ἔγνω
2959 2223 3047 2274 τὸν
3065 2223 3286 2294 Πατέρα
3307 2227 3356 2276 εί
3387 2227 3464 2298 μὴ
3486 2229 3512 2280 ὀ
3549 2229 3706 2292 Υἱόςί

2163 2315 2258 2365 καὶ
2283 2311 2379 2382 τῷ,
2413 2332 2430 2363 ι
2463 2313 2593 2366 Θεὸν
2620 2313 2790 2376 οὐδεὶς
2816 2311 3026 2384 ἑώρακε
3071 2313 3308 2368 πώποτε.
3357 2319 3416 2370 '0
3451 2321 3716 2391 μονογενὴς

2165 2405 2312 2468 Υἱὸς,
2347 2409 2375 2458 ὁ
2407 2406 2480 2458 ὢν
2517 2407 2596 2468 εἰς
2631 2405 2721 2458 τὸν
2755 2405 2950 2459 κόλπον
2977 2405 3086 2476 (15)
3119 2407 3208 2460 τοῦ
3242 2409 3492 2482 Πατρὸς,
3532 2413 3716 2476 ἐκεῖνος

2163 2498 2483 2569 ἐξηγήσατο.
2527 2517 2544 2548 ι
2595 2497 2828 2559 Ἐκεῖνος
2866 2495 3128 2565 θεολογῶν
3164 2499 3466 2569 ἀπήγγειλε
3501 2501 3567 2554 τὰ
3605 2505 3715 2573 περὶ

2162 2591 2296 2643 Θεοῦ
2336 2593 2448 2652 τοῖς
2481 2591 2725 2660 γνησίοις
2753 2589 2917 2642 αὐτοῦ
2951 2589 3218 2662 μαθηταῖς
3240 2607 3252 2620 ·
3291 2585 3368 2644 ὧν
3399 2591 3514 2663 ἴχνη
3541 2595 3594 2646 ἐν
3619 2599 3716 2659 τοῖς

2161 2683 2564 2754 γεγραμμένοις
2611 2681 2982 2754 εὑρίσκοντες,
3041 2683 3296 2754 ἀφορμὰς
3340 2684 3536 2755 ἔχομεν
3565 2685 3716 2740 θεολο-

2160 2777 2296 2843 γεῖν,
2337 2776 2468 2827 ὅπου
2516 2775 2614 2844 μὲν
2653 2773 2976 2836 ἀκούοντες,
3015 2791 3034 2824 ι
3069 2777 3097 2826 6
3128 2773 3259 2837 Θεὸς
3293 2775 3410 2843 φῶς
3449 2779 3591 2842 ἐστι,
3635 2778 3714 2832 καὶ

2161 2866 2347 2920 σκοτία
2371 2867 2470 2920 οὐκ
2491 2865 2636 2918 ἔστιν
2663 2867 2718 2918 ἐν
2743 2865 2890 2935 αύτῴ
2919 2865 3193 2935 οὐδεμία-ι
3212 2867 3346 2919 ὅπου
3377 2868 3487 2932 δὲ,‹
3511 2871 3714 2940 Πνεῦμα

2157 2962 2186 3012 6
2213 2959 2366 3022 Θεὸς,
2405 2960 2498 3011 καὶ
2539 2960 2663 3021 τοὺς
2709 2957 3142 3028 προσκυνοῦντας
3179 2959 3342 3012 αὑτὸν
3375 2961 3436 3012 ὲν
3467 2963 3712 3032 πνεύματι

2157 3052 2248 3105 καὶ
2276 3051 2500 3123 ἀληθείᾳ
2521 3051 2602 3103 δεῖ
2630 3053 2989 3122 προσκυνεῖν.
3004 3070 3022 3100 ι
3057 3051 3218 3104 ’Λλλά
3237 3054 3334 3106 καὶ
3355 3055 3440 3122 ἐφ’
3469 3050 3547 3118 οἷς
3567 3055 3698 3126 έπεμ

2150 3143 2248 3212 ψεν
2275 3143 2435 3196 αὑτὸν
2459 3144 2486 3195 ὁ
2519 3141 2733 3213 Πατὴρ,
2765 3141 2936 3213 μυρία
2973 3142 3142 3208 ἐστὶν,
3173 3143 3330 3197 ἅτινα
3353 3147 3382 3196 ὀ
3415 3146 3712 3216 βουλόμενος

2153 3235 2487 3305 μανθανέτω,
2515 3235 2589 3306 πὴ
2613 3236 2711 3305 μὲν
2733 3235 2842 3287 ἀπὸ
2869 3235 2977 3288 τῶν
3005 3235 3464 3308 προκηρυξάντων
3488 3240 3610 3309 περὶ
3627 3239 3713 3292 αύ-

2146 3327 2240 3379 τοῦ
2285 3327 2608 3399 προφητῶν,
2653 3327 2727 3396 πὴ
2764 3327 2809 3378 δ’
2843 3326 2952 3380 ἀπὸ
2990 3327 3096 3379 τῶν
3137 3329 3556 3397 εύαγγελιστῶν.
3609 3329 3710 3384 Οὐκ

2145 3419 2300 3487 ὀλίγα
2329 3419 2373 3470 δ’
2399 3419 2600 3472 εἵσεται
2627 3419 2720 3472 καὶ
2745 3419 2855 3470 ἀπὸ
2882 3418 2988 3471 τῶν
3012 3419 3346 3486 ἀποστόλων,
3365 3423 3459 3474 καὶ
3492 3421 3708 3491 μάλιστα

2147 3512 2381 3565 Παύλου.
2431 3511 2590 3565 Ἀλλὰ
2627 3512 2720 3564 καὶ
2746 3512 2874 3575 τοὺς
2905 3511 3004 3582 μὲν
3033 3511 3395 3576 εύσεῦοῦντας
3427 3505 3578 3577 οὗτος
3609 3530 3711 3581 φω-

2143 3607 2399 3671 ταγωγεῖ,
2449 3604 2574 3666 τοὺς
2618 3603 2674 3654 δὲ
2717 3603 3130 3674 ἁμαρτάνοντας
3171 3603 3410 3657 κολάσει·
3455 3605 3586 3675 ὅπερ
3615 3604 3708 3656 οὐκ

2147 3692 2268 3746 ἰδὼν
2293 3695 2320 3745 ὁ
2347 3692 2552 3755 Κέλσος
2585 3692 2870 3762 πεποίηκε’
2903 3711 2922 3742 ι
2963 3693 3071 3744 Καὶ
3089 3693 3215 3755 τοὺς
3245 3693 3346 3763 μὲν
3373 3692 3708 3754 εύσεόοῦντας

2145 3785 2566 3856 φωταγωγήσων
2585 3823 2600 3849 ,
2655 3785 2781 3848 τοὺς
2809 3783 2866 3836 δὲ
2895 3783 3310 3855 ἁμαρτάνοντας
3349 3786 3384 3856 ἢ
3425 3784 3706 3857 μεταγνόν-

2141 3896 2238 3942 τας
2271 3877 2378 3947 (16)
2410 3877 2667 3948 ἐλεήσων.
2701 3895 2719 3928 ι

2210 3969 2362 4023 Μετὰ
2405 3968 2577 4022 ταῦτά
2637 3985 2817 4040 φησιν·
2861 3988 2880 4020 ι
2905 3969 3076 4022 Εξκαὶ
3120 3968 3369 4022 ἐϐούλετο
3415 3968 3702 4031 λανθάνειν,

2137 4063 2190 4114 τί
2221 4061 2448 4130 ἠκούετο
2493 4063 2526 4131 ἠ
2567 4061 2624 4126 ἐξ
2665 4059 2893 4130 ούρανοῦ
2947 4060 3118 4130 φωνὴ,
3163 4061 3505 4131 κηρύττουσα
3549 4058 3704 4112 αὐτὸν

2142 4152 2264 4204 Υἰὸν
2289 4149 2422 4203 Θεοῦ
2445 4167 2458 4215 ;
2492 4152 2553 4202 Εἰ
2578 4150 2620 4202 δ’
2647 4151 2746 4202 οὐκ
2777 4149 3028 4202 ἐϐούλετο
3051 4150 3354 4216 λανθάνειν,
3387 4152 3438 4205 τί
3461 4149 3704 4212 ἐκολάζε-

2137 4260 2230 4306 το;
2259 4243 2292 4313 ἢ
2325 4241 2379 4294 τί
2407 4241 2750 4311 ἀπέθνησκε;
2773 4259 2792 4290 ι
2835 4240 2944 4294 Καὶ
2983 4241 3152 4294 οἴεται
3197 4244 3254 4294 ἐν
3282 4243 3486 4306 τούτοις
3510 4242 3706 4308 διαφω-

2137 4334 2254 4388 νίαν
2277 4333 2517 4404 ἐλέγχειν
2535 4333 2643 4385 τῶν
2660 4331 2787 4402 περὶ
2808 4330 2970 4384 αὐτοῦ
2993 4334 3414 4404 γεγραμμένων,
3429 4335 3520 4404 οὐχ
3542 4331 3696 4403 ὁρῶν,

459 4431 664 4494 omnia,
697 4445 816 4498 qua:
844 4431 911 4484 ad
941 4431 1118 4501 ipsum
1143 4434 1480 4500 spectabant,
1511 4433 1747 4490 noluisse
1772 4444 1828 4489 ut
1856 4437 2028 4490 omni-

2156 4443 2214 4478 ιτι
2241 4423 2364 4478 οὔτε
2395 4425 2572 4477 πάντα
2607 4422 2676 4476 τά
2705 4423 2836 4494 περὶ
2863 4423 3024 4476 αὐτὸν
3059 4423 3310 4477 ἐϐούλετο
3343 4427 3472 4478 πᾶσι
3501 4425 3592 4476 καὶ
3619 4417 3698 4484 οἷς

459 4521 560 4574 bus
600 4531 653 4574 et
690 4521 850 4590 vulgo
901 4531 1182 4590 paterent;
1240 4540 1416 4594 neque
1460 4526 1696 4581 vicissim
1738 4537 1796 4581 ut
1841 4530 2024 4582 omnia

457 4607 710 4665 laterent.
755 4610 910 4665 Unde
963 4627 1062 4665 vox
1099 4613 1187 4667 illa
1220 4615 1462 4668 caelestis
1493 4614 1643 4668 illum
1689 4615 1784 4672 Dei
1827 4617 2024 4672 Filium

455 4703 758 4766 praedicans
789 4703 1142 4774 clamansque
1169 4723 1182 4758 :
1214 4721 1232 4754 ι
1259 4704 1358 4759 llic
1388 4715 1471 4759 est
1500 4705 1671 4760 Filius
1711 4723 1862 4761 meus
1895 4709 2027 4763 dile-

457 4801 600 4856 ctus,
631 4794 682 4846 in
715 4809 820 4860 quo
857 4797 1238 4864 complacui“,
1261 4817 1278 4848 ι
1317 4813 1420 4853 non
1461 4799 1660 4853 dicitur
1703 4801 1884 4853 audita
1913 4811 2028 4854 tur-

456 4880 566 4945 bis,
613 4891 670 4936 ut
695 4883 834 4938 Celsi
879 4882 1098 4941 Indicus
1127 4889 1424 4942 existimat.
1469 4889 1534 4942 Et
1565 4889 1651 4942 illa
1699 4905 1800 4942 vox
1847 4891 1897 4944 in
1931 4906 2032 4945 cx-

456 4973 601 5026 celso
636 4985 818 5029 monte
848 4990 878 5028 e
913 4979 1053 5031 nube
1091 4980 1290 5033 emissa
1329 4980 1461 5034 solis
1491 4981 1595 5034 illis
1625 4981 1878 5035 exaudita
1911 4981 2032 5047 fuit,

455 5063 548 5130 qui
573 5077 694 5116 cum
738 5064 826 5116 illo
855 5067 1294 5125 ascenderant“.
1335 5069 1522 5124 Divina
1553 5070 1695 5122 enim
1729 5069 2031 5138 bujusmodi

2135 4516 2290 4586 ἔτυχε
2330 4513 2750 4584 γιγνώσκεσθαι,
2797 4512 2921 4567 οὔτε
2965 4515 3144 4568 πάντα
3189 4514 3464 4569 λανθάνειν
3487 4515 3552 4568 τὰ
3579 4513 3698 4566 καθ’

2133 4609 2342 4660 ἑαυτόν.
2392 4607 2456 4658 Ἡ
2481 4605 2609 4674 γοῦν
2629 4604 2690 4668 ἐξ
2715 4605 2944 4675 ούρανοῦ
2971 4605 3142 4676 φωνὴ,
3179 4605 3515 4677 κηρύττουσα
3539 4603 3696 4656 αὐτὸν

2133 4695 2270 4752 εἷναι
2297 4697 2422 4750 Υἱὸν
2456 4695 2613 4758 Θεοῦ,
2643 4695 2734 4749 καὶ
2777 4695 3030 4763 λέγουσα,
3077 4714 3094 4746 ι
3121 4690 3290 4759 Οὗτός
3333 4697 3473 4750 ἐστιν
3511 4698 3539 4747 6
3571 4695 3694 4755 Υἱός

2137 4809 2235 4862 μου
2269 4793 2297 4843 ὁ
2325 4789 2602 4858 ἀγαπητὸς
2629 4789 2685 4840 ἐν
2716 4785 2762 4850 ᾧ
2796 4787 3089 4858 ηύδόκησα,
3115 4805 3132 4836 ι
3170 4787 3271 4840 οὐκ
3295 4787 3694 4856 ἀναγέγραπται

2131 4885 2208 4946 εἰς
2241 4883 2470 4953 ἐπήκοον
2497 4880 2601 4949 (l7)
2640 4880 2751 4941 τοῖς
2793 4877 2966 4947 ὄχλοις
2996 4880 3296 4946 γεγονέναι,
3326 4881 3456 4949 ὅπερ
3483 4875 3632 4946 ᾠήθη
3661 4877 3694 4926 ὁ

2131 4977 2339 5029 Κέλσου
2393 4973 2663 5035 Ἰουδαῖος.
2724 4970 2884 5024 Ἀλλά
2937 4971 3031 5023 καὶ
3077 4973 3109 5042 ἡ
3153 4973 3210 5024 ἐν
3259 4972 3336 5042 τῷ
3382 4967 3692 5041 ὑψηλοτάτῳ

2133 5072 2248 5139 ὄρει
2291 5065 2398 5119 ἀπὸ
2451 5063 2554 5133 τῆς
2597 5061 2823 5139 νεφέλης
2872 5062 3026 5133 φωνὴ
3077 5063 3260 5134 μόνοις
3310 5062 3527 5132 ἠκούετο
3571 5060 3688 5120 τοῖς

523 5156 568 5185 ²⁹
601 5155 733 5210 Luc.
771 5174 823 5223 κ,
858 5159 948 5213 22.
1025 5158 1246 5216 "Joan.
1275 5176 1312 5224 ι,
1348 5161 1434 5216 18.
1513 5161 1833 5226 “110mm,
1857 5161 1908 5215 5.
1945 5165 2040 5220 ³³]

2162 5138 2176 5218 ζ
2212 5157 2402 5224 mea.
2478 5138 2734 5208 "Manli.
2769 5153 2968 5219 “1,17.
3046 5152 3306 5208 ιιιιειιιιι.
3335 5169 3461 5220 ινη,
3489 5153 3540 5205 5.

525 5251 643 5326 (12)
691 5253 970 5326 ᾉνᾳσῇτὰς
1023 5253 1091 5306 δὲ
1134 5255 1344 5326 ἐνίοις.
1385 5257 1608 5312 Videtur
1636 5259 2005 5326 scribendum,

451 5319 688 5392 ἀναστὰς
715 5323 772 5374 δὲ
805 5323 904 5387 ἐνί,
937 5335 993 5375 ιιι
1021 5325 1180 5392 paulo
1219 5319 1378 5378 inl'rn.

677 5393 984 5468 _S1C_0lll.l_le_3
1019 5391 1147 5468 inss.
1187 5395 1435 5468 impressi
1463 5413 1597 5468 vero
1621 5396 1908 5468 μαθηταῖς.

500 5461 830 5562 λςιίόέεὲιειείι
869 5461 1210 5530 Boherellus,
1251 5461 1492 5522 ἐναντίον
1534 5461 1632 5537 θεῷ’
1661 5461 2019 5537 κολαζόμενον

499 5541 575 5590 έν,
604 5541 711 5586 ειρ.

499 5548 575 5590 εν,
604 5548 711 5586 θιρ.

452 5548 634 5670 μμὸ)
675 5603 750 5656 Ita
798 5603 960 5658 codd.
1001 5603 1202 5673 Regius
1249 5619 1302 5662 et
1344 5607 1693 5674 Basilcensis;
1764 5606 2014 5673 impressi

452 5683 598 5746 νίὲπᾮν
618 5676 712 5726 καὶ
741 5676 1030 5746 μονογενής
1061 5691 1122 5742 γε
1155 5675 1229 5730 ὣν
1255 5679 1406 5740 Θεὸς,
1427 5681 1455 5731 ὁ
1486 5677 1560 5730 ὢν
1585 5682 1664 5741 εἰς
1690 5680 1778 5731 τὸν
1803 5677 2022 5733 κόλπον.

523 5741 1469 5818 (ἰϋ)“Ὴμεταγνόί·τᾰς-.Ιλτείέιειιιιιιιιι,
1493 5753 1663 5817 inquit
1681 5748 2013 5810 Bolxcrcllus,

2117 5259 2189 5329 μὴ
2245 5253 2628 5329 μεταγνόντας,
2678 5259 2770 5329 aut
2818 5249 3388 5329 explicandnmnquasi
3425 5247 3680 5329 scriptum

2115 5318 2206 5388 sit,
2229 5318 2263 5396 ἢ
2297 5318 2705 5396 ἀμαρτόινονταμς
2727 5318 3180 5396 ἦ-μεταγνόνταςη
3199 5319 3362 5396 Paulo
3390 5327 3682 5396 post‘ms's...

2115 5405 2146 5470 ἡ
2179 5382 2714 5470 ἐξέῦρανοῦηφωνή.
2749 5382 3032 5470 Ἰὶιιμιυέει,
3129 5382 3358 5470 ούρανοῦ
3388 5382 3686 5470 ξριυνήληιί-

2117 5453 2238 5520 deni
2271 5453 2616 5518 l-ltesclielius
2651 5453 2702 5513 in
2751 5453 2920 5526 textu,
2961 5462 3008 5511 εἰ
3047 5453 3096 5512 8"
3139 5453 3240 5511 οὐκ
3285 5453 3526 5527 ἠϐούλετο
3551 5453 3684 5504 λαν-

2119 5537 2320 5592 θάνειν.

2193 5605 2304 5673 (17)
2324 5604 2424 5668 Εἰς
2443 5601 2726 5667 ἐπήκοον.
2757 5598 2940 5673 Mallet
2967 5597 3281 5652 Bnhercllus
3302 5597 3682 5673 ttltica_v'0feft

2127 5677 2178 5730 in
2198 5661 2380 5734 ‘rec'to,
2397 5661 2733 5735 εἰσεπήκοος.
2754 5667 2918 5721 Paulo
2937 5677 3056 5735 post
3076 5684 3260 5722 onmes
3287 5683 3434 5728 mss.,
3453 5661 3552 5716 ἀπὸ
3569 5661 3680 5724 τῆς

2125 5745 2348 5813 νεξέλης
2367 5717 2548 5812 ’φωνῄ
2577 5717 2848 5809 1mpt‘essi,
2882 5717 3032 5807 φῶνὴ
3061 5739 3124 5790 ἐκ
3151 5738 3392 5807 νεφέλης.
