4002 6560
277 397 380 457 909

1469 367 1742 452 CONTRA
1779 395 2054 453 CELSUM
2091 396 2217 451 LIB.
2260 397 2321 452 ll.

3406 399 3509 454 910

276 519 634 574 συναναϐᾶσιν
668 519 834 590 αὐτῷ.
891 520 998 574 Καὶ
1042 518 1149 592 γὰρ
1176 518 1394 590 τοιαύτη
1454 521 1596 574 ἐστὶν
1643 522 1674 590 ἡ
1731 519 1848 572 θεία

1958 535 2057 574 vox
2091 536 2118 573 a
2151 520 2282 575 solis
2313 518 2417 573 illis
2452 520 2690 585 auditur,
2735 535 2762 572 a
2813 517 3012 588 quibus
3054 517 3230 572 audiri
3268 521 3383 573 vult
3410 526 3504 588 qui

273 613 449 682 φωνὴ,
473 611 778 682 άκουομένη
799 612 978 681 μόνοις
996 610 1240 675 ἐκείνοις,
1255 609 1347 674 οὒς
1365 611 1607 680 βούλεται
1626 611 1842 664 ἀκούειν

271 706 299 757 6
325 703 521 771 λέγων.
550 702 771 756 Οὐδέπω
817 701 874 755 δὲ
901 702 1063 771 λέγω,
1090 703 1172 755 ὅτι
1214 702 1274 754 ού
1312 702 1529 765 πάντως
1567 702 1715 754 ἐστὶν
1737 701 1843 772 ἀὴρ

274 791 676 862 πεπληγμένος·
707 791 740 862 ἢ
773 790 954 862 πληγὴ
984 791 1160 862 ἀέρος,
1191 791 1224 860 ἢ
1255 793 1282 844 ὃ
1318 808 1370 843 τι
1400 792 1529 844 ποτε
1554 792 1765 860 λέγεται
1787 793 1844 844 ὲν

272 885 385 946 τοῖς
426 882 554 954 περὶ
595 883 779 952 φωνῆς
819 884 853 953 ἡ
896 882 1314 954 ὰναγραφομένη
1365 882 1516 951 φωνὴ
1546 880 1639 932 τοῦ
1675 879 1839 932 Θεοῦ·

273 973 463 1042 διόπερ
489 975 555 1042 τῇ
583 973 846 1044 κρείττονι
867 974 967 1043 τῆς
994 973 1258 1044 αἰσθητῆς
1282 973 1452 1042 ἀκοῆς
1479 973 1569 1026 καὶ
1600 972 1846 1043 θειοτέρα

271 1061 552 1116 ἀκούεται.
583 1063 692 1116 Καὶ
721 1062 857 1115 ἐπὰν
889 1062 1142 1133 βούληται
1173 1066 1201 1116 6
1229 1063 1400 1132 λέγων
1431 1063 1505 1133 μὴ
1534 1065 1694 1116 πᾶσιν
1725 1062 1847 1128 ἐξά-

274 1170 502 1207 κουστον
556 1151 695 1208 εἶναι
745 1155 846 1226 τὴν
891 1155 1082 1208 ἑαυτοῦ
1134 1155 1332 1227 φωνὴν,
1378 1157 1407 1208 6
1451 1156 1548 1225 μὲν
1596 1155 1733 1225 ἔχων
1778 1154 1847 1207 τὰ

275 1245 559 1314 κρείττονα
597 1240 710 1299 ὦτα
742 1246 927 1300 ἀκούει
970 1245 1124 1312 Θεοῦ,
1155 1249 1183 1300 6
1219 1247 1275 1300 δὲ
1322 1247 1715 1317 κεκωφωμένος
1749 1245 1846 1316 τὴν

274 1335 376 1405 τῆς
409 1335 587 1405 ψυχῆς
630 1335 796 1406 ἀκοὴν
845 1336 1162 1405 ἀναισθητεῖ
1189 1336 1437 1407 λέγοντος
1477 1334 1632 1389 Θεοῦ.
1665 1335 1847 1389 Ταῦτα

279 1427 378 1498 μὲν
407 1427 496 1480 διὰ
511 1427 594 1491 τὺ,
618 1446 635 1478 ι
655 1428 719 1480 Τί
742 1427 966 1497 ἠκούετο
991 1431 1024 1498 ὴ
1057 1428 1114 1494 ἐξ
1140 1427 1368 1498 ούρανοῦ
1391 1428 1562 1497 φωνὴ,
1590 1429 1621 1498 ἡ
1649 1446 1718 1498 κη
1729 1427 1850 1499 ρύτ-

275 1537 445 1573 τουσα
470 1519 630 1572 αὐτὸν
665 1519 790 1572 Υἱὸν
814 1517 982 1585 Θεοῦ;
1015 1539 1033 1570 ι
1063 1521 1142 1583 είς
1169 1519 1224 1571 δὲ
1242 1518 1320 1582 τὸ,
1343 1538 1362 1570 ι
1386 1521 1448 1572 Εἰ
1477 1521 1576 1572 οὐκ
1605 1520 1850 1574 ἐϐούλετο

273 1612 576 1675 λανθάνειν,
599 1611 650 1664 τί
671 1612 984 1678 ὲκολάζετος
1013 1611 1046 1683 ἣ
1076 1612 1128 1665 τί
1152 1611 1522 1683 ἀπέθνησκεν;
1553 1633 1570 1662 ι
1601 1614 1760 1685 ἀρκεῖ
1781 1614 1849 1666 τὰ

275 1703 521 1774 περὶτοῦ
557 1704 758 1768 πάθους
800 1705 929 1774 ἡμῖν
972 1704 1060 1757 διὰ
1091 1701 1348 1757 πλειόνων
1375 1706 1431 1757 ὲν
1461 1707 1570 1768 τοῖς
1596 1705 1852 1776 ἀνωτέρω

274 1795 598 1865 λελεγμένα.

359 1887 661 1942 Ἐκτίθεται
718 1887 775 1940 δὲ
835 1889 970 1957 μετὰ
1000 1885 1168 1940 ταῦτα
1215 1890 1243 1940 6
1276 1887 1481 1941 Κέλσου
1507 1887 1752 1948 Ἰουδαῖος
1783 1886 1860 1948 ’ὡς
1892 1884 1933 1939 Β

273 1979 566 2033 ἀκόλουθον
603 1980 663 2033 τὸ
711 1978 783 2050 μὴ
827 1978 1134 2032 ἀκόλουθον·
1181 1979 1242 2032 ού
1283 1979 1390 2048 γὰρ
1433 1977 1713 2032 ἀκολουθεῖ
1749 1976 1844 2046 τῷ,

287 2069 582 2139 Ἦθέλησεν
617 2070 762 2140 ἡμᾶς
785 2068 852 2122 δι’
883 2063 956 2123 ὧν
987 2069 1214 2123 πέπονθε
1236 2069 1506 2123 κολάσεων
1532 2069 1735 2134 διδάξαι
1760 2070 1850 2121 καὶ

275 2157 509 2210 θανάτου
549 2161 926 2229 καταφρονεῖν,
963 2159 1045 2222 τὸ,
1089 2159 1416 2212 ’Δναστάντα
1451 2159 1609 2211 αὑτὸν
1656 2161 1718 2212 ἐκ
1763 2176 1850 2213 νε-

273 2247 427 2320 κρῶν
459 2250 705 2323 φανερῶς
735 2251 815 2313 είς
852 2250 964 2318 φῶς
1005 2250 1230 2305 καλέσαι
1261 2251 1466 2313 πάντας
1497 2250 1591 2304 καὶ¹
1620 2249 1848 2315 διδάξαι,

272 2337 333 2395 οὗ
363 2343 523 2414 χάριν
559 2342 927 2414 κατεληλύθει.
951 2343 1044 2405 Εἰς
1065 2343 1178 2411 φῶς
1198 2342 1306 2414 γὰρ
1334 2343 1594 2417 πρότερον
1627 2343 1851 2397 ἐκάλεσε

275 2433 506 2496 πάντας,
540 2433 726 2487 εἰπών’
765 2454 783 2484 ι
807 2434 968 2486 Δεῦτε
998 2437 1195 2497 πάντες
1225 2437 1275 2487 οἱ
1311 2435 1606 2500 κοπιῶντες
1638 2438 1729 2490 καὶ
1759 2455 1853 2489 πε-

275 2523 648 2594 φορτισμένοι,
680 2523 833 2592 κάγὼ
866 2523 1166 2578 ἀναπαύσω
1205 2525 1367 2594 ὑμᾶς.
1392 2545 1410 2575 ι
1450 2527 1558 2578 Καὶ
1598 2520 1659 2579 οὗ
1691 2526 1851 2598 χάριν

275 2614 635 2686 κατελήλυθεν
660 2615 1068 2687 ἀναγέγραπται
1093 2616 1148 2668 ὲν
1179 2611 1258 2678 οἷς
1287 2615 1562 2686 ἀποτάδην
1593 2617 1851 2686 κεκίνηκε

274 2705 458 2774 λόγοις
498 2707 554 2759 ὲν
588 2710 972 2779 μακαρισμοῖς,
1019 2707 1111 2760 καὶ¹
1157 2711 1271 2772 τοῖς
1304 2708 1429 2780 ἑξῆς
1461 2710 1642 2772 αὐτοῖς
1673 2710 1852 2778 ἀπαγ-

274 2795 642 2866 γελλομένοις,
677 2798 770 2852 καὶ
818 2800 874 2850 ἐν
914 2799 1270 2869 παραϐολαῖς,
1310 2801 1403 2855 καὶ
1447 2801 1504 2855 ἐν
1554 2806 1672 2866 ταῖς
1718 2804 1852 2873 πρὸς

273 2893 402 2955 τοὺς
423 2892 773 2964 γραμματεῖς
797 2892 889 2944 καὶ
912 2893 1236 2963 Φαρισαίους
1264 2894 1518 2964 ὁμιλίαις.
1541 2895 1612 2948 Τὸ
1633 2894 1688 2948 δὲ
1714 2895 1853 2949 κατὰ

289 2985 542 3056 Ἰωάννην
573 2983 684 3055 (l8)
717 2983 1039 3053 Εὐαγγέλιον
1071 2986 1170 3038 ὃσα
1197 2985 1451 3052 ἐδίδαξεν,
1480 2985 1718 3040 ἔκκειται
1749 3003 1852 3040 πα-

276 3077 536 3147 ριστάντα
562 3079 660 3148 τὴν
700 3075 874 3148 Ἰησοῦ
900 3078 1000 3130 ούκ
1029 3079 1086 3130 ὲν
1114 3076 1344 3141 λέξεσιν,
1363 3077 1475 3131 ἀλλ’
1493 3079 1549 3130 ὲν
1567 3079 1852 3151 πράγμασι

276 3168 706 3240 μεγαλοφωνίαν·
742 3170 835 3222 καὶ
873 3167 1031 3239 δῆλός
1065 3169 1211 3222 ἐστιν
1246 3171 1310 3222 ὲκ
1348 3169 1456 3222 τῶν
1488 3171 1850 3240 Εὐαγγελίων,

1946 610 2203 679 loquitur.
2232 609 2300 666 Ut
2329 611 2544 664 interim
2578 610 2989 679 prmtermittam
3016 610 3156 664 hanc
3190 611 3284 664 Dei
3317 629 3506 670 vocem

1946 718 2053 756 llOll
2086 715 2204 758 €550
2247 710 2339 754 aut
2378 717 2692 770 percussum
2738 715 2942 763 aerem,
2979 711 3072 754 aut
3099 706 3508 769 percussionem

1945 790 2110 855 aeris,
2142 799 2234 844 aut
2263 791 2528 859 quidquid
2562 789 2707 842 aliud
2741 789 2808 844 tle
2856 790 3004 842 vocis
3046 799 3237 844 natura
3267 792 3370 846 dici
3415 809 3504 846 so.

1946 878 2039 934 let.
2078 878 2230 933 Unde
2263 878 2321 932 [it
2374 888 2435 932 ut
2473 894 2575 931 non
2607 879 2856 931 audiatur
2888 879 2987 932 nisi
3021 879 3087 932 ab
3113 894 3201 944 eo,
3231 882 3321 948 qui
3373 896 3510 949 pra:-

1947 970 2208 1024 stantiore
2245 970 2453 1033 auditu,
2489 985 2650 1037 quam
2681 979 2761 1023 est
2788 971 2945 1038 hujus
2978 972 3246 1039 corporis,
3278 974 3510 1027 divinio-

1947 1077 2114 1130 reque
2160 1061 2418 1131 prmditns
2464 1070 2660 1116 est:et
2692 1077 2812 1114 cum
2863 1061 3002 1117 Deus
3047 1079 3151 1117 non
3201 1065 3311 1118 vult
3353 1081 3508 1122 suam

1948 1156 2198 1210 omnibus
2231 1153 2402 1207 audiri
2442 1168 2649 1218 vocem,
2683 1153 2769 1207 ille
2796 1154 2944 1208 solus
2980 1156 3182 1217 audiat,
3217 1157 3307 1226 qui
3355 1160 3509 1214 audi-

1952 1257 2062 1302 tum
2094 1246 2240 1300 illum
2279 1247 2711 1314 przestantiorem
2745 1245 2941 1310 habet;
2977 1247 3064 1302 ille
3094 1263 3219 1302 vero
3252 1265 3355 1302 non
3384 1267 3511 1320 per-

1948 1336 2111 1406 cipiat
2147 1336 2238 1405 qui
2281 1336 2472 1389 surdas
2506 1340 2699 1390 anima:
2752 1351 2912 1389 aures
2957 1338 3139 1392 habet.
3183 1340 3356 1408 Atque
3398 1343 3513 1398 haec

1950 1437 2135 1481 contra
2170 1429 2348 1482 istud:
2382 1447 2399 1478 ι
2425 1427 2692 1494 Quorsum
2721 1429 2904 1482 audita
2947 1443 3052 1482 vox
3088 1445 3118 1482 e
3151 1431 3287 1486 cwlo
3319 1439 3419 1495 est,
3453 1434 3514 1486 il-

1949 1516 2056 1571 lum
2095 1519 2186 1572 Dei
2221 1518 2411 1571 Filium
2459 1519 2834 1586 praedicans?»
2867 1517 3017 1585 Quod
3047 1521 3297 1587 sequitur
3327 1543 3338 1576 :
3370 1541 3388 1573 ι
3418 1524 3516 1578 Sin

1951 1618 2128 1660 autem
2176 1607 2493 1662 delitescere
2538 1609 2728 1673 noluit,
2780 1624 2878 1662 cur
2925 1608 3208 1678 suppliciis
3265 1611 3512 1675 allectus,

1952 1715 2049 1752 cur
2078 1710 2318 1752 mortuus
2366 1699 2524 1752 est?)
2576 1700 2713 1752 satis
2766 1698 3042 1767 repulsum
3089 1710 3194 1766 est,
3241 1716 3364 1756 cum
3399 1702 3518 1760 fuse

1952 1805 2112 1858 supra
2148 1790 2212 1843 de
2244 1794 2359 1857 ejus
2395 1790 2642 1858 passione
2680 1791 2989 1858 agebamus.

2034 1882 2121 1935 73.
2158 1883 2250 1936 llis
2279 1883 2554 1953 sulijungit
2585 1881 2722 1935 Celsi
2747 1882 2962 1938 Juda-us
2992 1885 3144 1953 quasi
3179 1901 3288 1940 rem
3320 1902 3516 1941 conse-

1958 1981 2232 2042 quentem,
2267 1987 2386 2042 qua:
2433 1983 2611 2026 tamen
2658 1973 2878 2026 minime
2920 1978 3289 2044 consequitur.
3331 1979 3519 2048 Neque

1956 2065 2122 2128 enim,
2155 2064 2407 2131 quoniam
2439 2063 2610 2118 voluit
2661 2072 2718 2116 ut
2765 2080 2830 2118 ex
2874 2067 3174 2135 suppliciis,
3225 2085 3345 2138 quae
3392 2086 3516 2139 per—

1959 2152 2101 2220 tulit,
2131 2163 2358 2206 mortem
2405 2164 2749 2210 contemnere
2781 2155 3111 2211 disceremus
3135 2201 3149 2225 ,
3180 2174 3521 2231 consequens

1957 2252 2059 2308 cst,
2094 2252 2151 2296 ut
2180 2245 2462 2298 emortuis
2505 2246 2773 2300 excitatus
2817 2247 3064 2304 debuerit
3109 2250 3284 2319 palam
3331 2269 3519 2309 omnes

1959 2338 2022 2389 ad
2050 2335 2219 2390 lucem
2244 2353 2439 2392 vocare
2465 2348 2520 2392 et
2546 2340 2762 2404 docere,
2788 2341 2942 2408 cujus
2971 2346 3046 2395 rei
3072 2359 3232 2398 causa
3264 2347 3517 2402 venisset.

1957 2426 2090 2480 Nam
2122 2429 2355 2496 primum
2387 2428 2599 2482 vocavit
2636 2429 2701 2482 ad
2735 2429 2908 2484 lucem
2943 2448 3151 2497 omnes,
3183 2450 3302 2489 cum
3340 2439 3475 2490 dixit
3502 2454 3516 2490 :

1964 2537 1981 2568 ι
1999 2519 2210 2582 Venite,
2229 2517 2392 2591 442
2407 2534 2593 2575 omnes
2621 2521 2708 2588 qui
2724 2522 2984 2576 laboratis
2999 2526 3272 2579 etonerati
3300 2527 3452 2592 estis,
3467 2537 3524 2583 et

1957 2627 2058 2682 ego
2090 2612 2324 2665 reﬁciam
2357 2627 2451 2667 vos
2466 2611 2563 2665 ⁸⁸.»
2600 2611 2664 2665 Et
2693 2613 2847 2683 cujus
2889 2630 3054 2670 causa
3088 2617 3320 2685 venerit,
3367 2618 3520 2674 Scri.

1958 2711 2111 2774 plura
2154 2703 2412 2773 explicat,
2461 2704 2576 2758 sive
2603 2719 2722 2759 cum
2761 2719 3092 2771 sermonem,
3118 2723 3276 2777 quem
3313 2710 3425 2777 ille,
3465 2721 3522 2766 et

1959 2796 2170 2866 prolixe
2215 2796 2457 2864 quidem,
2489 2795 2616 2850 fecit
2650 2795 2714 2850 de
2745 2795 3188 2863 beatitudinibus,
3239 2800 3351 2856 sive
3393 2817 3519 2857 cum

1959 2902 2079 2954 qua:
2109 2897 2226 2955 post
2260 2887 2405 2939 illum
2436 2899 2742 2941 sermonem
2774 2888 2918 2943 dicta
2954 2899 3099 2955 sunt,
3131 2891 3246 2946 sive
3277 2909 3394 2948 cum
3421 2911 3519 2964 pa-

1960 2977 2194 3040 rabolas,
2233 2978 2347 3032 sive
2379 2979 2592 3033 tandem
2622 2979 2890 3050 colloquia
2932 2996 3054 3035 cum
3084 2984 3279 3039 scribis
3301 2994 3354 3040 et
3375 2985 3520 3041 Pha-

1961 3068 2132 3124 ris-aiis
2179 3070 2358 3124 habita
2405 3081 2818 3127 commemorat.
2855 3073 2922 3126 Et
2947 3073 3292 3145 Evangelium
3325 3093 3522 3134 secun-

1962 3162 2088 3214 dum
2132 3160 2395 3215 Joannem
2448 3163 2593 3230 quod
2635 3161 2797 3240 Jesus
2841 3163 3106 3232 docuerit,
3150 3181 3520 3236 repraesentat,

271 3261 358 3315 ὅτι
391 3261 486 3314 καὶ
512 3262 569 3314 εν
595 3259 814 3332 ἐξουσία
843 3254 910 3332 ἦν
936 3262 964 3314 6
986 3261 1142 3330 λόγος
1175 3261 1358 3328 αὑτοῦ,
1395 3263 1481 3332 ἐφ’
1501 3255 1544 3330 ᾧ
1571 3264 1665 3316 καὶ
1694 3262 1853 3317 ἐθαύ-

1958 3252 2181 3321 ejusque
2203 3253 2739 3323 magniloquentiam.
2759 3269 2878 3323 quae
2907 3256 2957 3309 in
2987 3257 3144 3312 rebus
3165 3261 3334 3329 magis
3358 3276 3519 3330 quam

275 3351 473 3423 μαζον.

346 3618 464 3672 Καὶ
510 3618 640 3670 πᾶσί
699 3635 761 3686 γε
802 3617 1010 3682 τούτοις
1035 3619 1276 3689 ἐπιλέγει
1301 3622 1330 3674 6
1351 3620 1558 3675 Κέλσου
1586 3622 1852 3686 Ἰουδαῖος·

280 3728 298 3759 ι
325 3707 518 3761 Ταῦτα
556 3708 652 3778 μὲν
678 3704 769 3760 οὖν
797 3709 921 3779 ὑμῖν
953 3712 1017 3762 ὲκ
1054 3710 1160 3761 τῶν
1184 3711 1458 3782 ὑμετέρων
1493 3715 1857 3784 συγγραμμά-

271 3819 408 3867 των,
435 3800 522 3869 ἐφ’
557 3797 638 3862 οἷς
663 3800 875 3864 οὐδενὸς
897 3801 1054 3854 ἄλλου
1085 3803 1359 3873 μάρτυρος
1389 3803 1675 3874 χρῄζομεν·
1707 3805 1859 3858 αὐτοὶ

274 3892 388 3963 γὰρ
421 3894 631 3955 ἑαυτοῖς
678 3893 1052 3964 περιπίπτετε.
1078 3913 1096 3945 ι
1147 3894 1480 3965 ἸνΙλέγξαμεν
1508 3897 1552 3948 δ’
1590 3897 1672 3948 ὅτι
1710 3897 1860 3968 παρὰ

272 3985 344 4037 τὰ
400 3982 645 4054 ἡμέτερα
686 3983 794 4036 τῶν
841 3984 1186 4052 Εὑαγγελίων
1235 3985 1638 4054 συγγράμματα
1691 3986 1859 4039 πολλὰ

273 4075 661 4145 πεερλυάρηται
705 4077 761 4127 ὲν
803 4077 915 4138 τοῖς
967 4075 1061 4128 τοῦ
1125 4076 1377 4128 Ἰουδαίου
1427 4076 1537 4128 εἴτε
1587 4077 1725 4147 πρὸς
1769 4078 1857 4130 τὸν

285 4166 499 4235 Ἰησοῦν
526 4165 640 4218 εἴτε
671 4166 805 4238 πρὸς
839 4167 984 4236 ἡμᾶς
1011 4166 1207 4232 λόγοις.
1248 4167 1354 4219 Καὶ
1385 4167 1484 4237 οὐχ
1505 4167 1744 4238 ἡγοῦμαί
1773 4185 1856 4236 γε,

271 4257 356 4308 ὅτι
417 4255 750 4324 παρέστησε,
805 4255 919 4316 πῶς
970 4255 1127 4324 ἡμεῖς
1170 4254 1382 4316 ἑαυτοῖς
1435 4254 1854 4325 περιπίπτομεν

273 4345 417 4400 ἀλλὰ
439 4345 598 4415 μόνον
618 4346 805 4399 οἴεται.
847 4346 996 4398 Ἐπεὶ
1015 4346 1072 4399 δὲ
1094 4345 1414 4418 προστίθησι
1435 4348 1642 4410 τούτοις
1668 4347 1696 4398 6
1735 4347 1860 4397 Ἰου-

271 4439 425 4500 δαῖος
456 4435 642 4499 αὑτοῦ,
672 4437 752 4488 ὅτι
782 4437 936 4498 ὅλως,
969 4456 986 4488 ι
1017 4433 1086 4488 Ὦ
1117 4437 1348 4506 ’Υψιστε
1383 4425 1475 4490 καὶ
1507 4437 1746 4508 ούράνιε,
1775 4437 1859 4498 τίς

272 4530 412 4593 Θεὸς
467 4528 658 4600 παρὼν
715 4530 792 4592 εἰς
838 4527 1155 4600 ἀνθρώπους
1204 4531 1589 4594 ἁπιστεῖται;ι
1642 4528 1858 4580 λεκτέον

1959 3342 2012 3395 in
2045 3341 2222 3395 verbis
2244 3344 2419 3411 posita
2452 3352 2590 3398 erat.
2620 3344 2760 3409 Quin
2792 3355 2844 3398 et
2875 3361 2941 3400 ex
2972 3348 3278 3419 Evangeliis
3309 3361 3525 3408 constat

1958 3447 2078 3486 eum
2115 3433 2347 3487 locutum
2375 3434 2541 3489 fuisse
2571 3437 2724 3506 quasi
2756 3447 3073 3508 potesmteni
3097 3441 3343 3512 haberet,
3369 3445 3437 3500 ita
3463 3456 3524 3502 ut

1960 3541 2150 3580 omnes
2183 3527 2579 3582 admirarentur
2597 3527 2662 3585 ³⁸.

2029 3618 2116 3672 74.
2153 3618 2276 3672 llaec
2306 3620 2488 3674 omnia
2513 3619 2591 3674 sic
2621 3620 2760 3676 Celsi
2792 3619 3007 3678 Judzeus
3035 3625 3309 3682 concludit
3336 3643 3351 3682 :
3387 3647 3405 3681 ι
3430 3630 3524 3685 At-

1961 3725 2062 3779 que
2095 3711 2207 3765 lucc
2233 3711 2383 3766 vobis
2411 3726 2474 3765 ex
2509 3714 2704 3768 vestris
2734 3714 2972 3784 ipsorum
3005 3717 3304 3788 Scripturis
3332 3731 3523 3791 protu-

1962 3800 2151 3868 limus;
2183 3811 2382 3870 przeter
2408 3818 2545 3871 quas
2582 3805 2724 3858 nullo
2755 3806 2861 3859 alio
2892 3816 3027 3862 teste
3054 3810 3211 3864 nobis
3239 3825 3374 3880 opus
3399 3811 3521 3866 fuit.

1960 3891 2062 3961 ipsi
2090 3895 2233 3947 enim
2265 3910 2359 3949 vos
2390 3906 2571 3951 vestro
2599 3896 2777 3963 gladio
2817 3897 3095 3968 jugulatis.
3119 3918 3136 3952 ι
3176 3901 3282 3955 Sed
3325 3904 3524 3972 proba-

1964 3996 2072 4038 tum
2102 3995 2184 4040 est
2215 3985 2453 4041 Judaeum
2485 3989 2652 4041 multa
2687 3999 2878 4044 contra
2909 3990 3092 4046 Jesum
3120 4002 3174 4049 et
3202 4006 3392 4050 contra
3425 4013 3522 4055 nos

1961 4075 2240 4139 ellntiisse,
2269 4094 2389 4146 quae
2434 4091 2498 4131 ex
2548 4078 2858 4149 Evangeliis
2905 4083 3112 4137 nostris
3152 4100 3257 4138 non
3289 4087 3522 4144 duxerit.

1961 4166 2068 4222 Nec
2091 4169 2324 4224 arbitror
2354 4171 2506 4222 illum
2538 4169 2807 4234 olfecisse,
2851 4173 2993 4240 quod
3033 4174 3134 4229 sibi
3170 4185 3342 4230 tamen
3372 4177 3526 4248 lingit

1963 4258 2075 4325 ipse
2103 4259 2392 4322 somnium,
2428 4275 2524 4313 nos
2551 4272 2741 4338 contra
2774 4263 3138 4331 nosmetipsos
3177 4270 3522 4336 pugnavisse.

1961 4347 2243 4402 Exclamat
2272 4349 2430 4416 paulo
2460 4359 2581 4417 post
2609 4349 2826 4405 Judaeus
2856 4368 2868 4404 :
2904 4370 2921 4402 ι
2946 4349 3222 4407 Altissime
3260 4357 3522 4410 ecelorum

1962 4439 2133 4491 Deus!
2165 4440 2285 4506 quis
2341 4439 2481 4494 Deus
2526 4441 2670 4494 inter
2719 4442 2966 4496 homines
2999 4455 3244 4499 versatus
3269 4461 3374 4500 non
3426 4449 3529 4502 im-

1963 4529 2196 4594 petravit
2225 4529 2420 4582 tidem?
2445 4546 2462 4578 ι
2497 4531 2732 4597 Adquod
2761 4532 2840 4585 sic
2856 4546 2954 4600 ego
2969 4538 3266 4602 respondeo
3291 4554 3304 4590 :
3331 4535 3528 4594 Narrat

273 4623 416 4692 πρὸς
448 4621 610 4674 αὑτὸν
643 4620 724 4672 ὅτι
774 4621 866 4672 καὶ
908 4619 1044 4672 κατὰ
1090 4620 1179 4672 τὸν
1221 4621 1498 4683 Μωῦσέως
1538 4621 1699 4691 νόμον
1727 4619 1853 4682 Θεὸς

1968 4618 2198 4672 Mos-.iica
2253 4618 2336 4672 lex
2379 4618 2544 4672 Deum
2591 4618 2830 4673 Hebraeis
2879 4634 3202 4688 prazsentem
3253 4624 3523 4696 adfuisse;

272 4710 655 4780 ἐναργέστατα
707 4709 1129 4780 παραγεγονέναι
1179 4712 1289 4772 τοῖς
1347 4708 1614 4779 Ἑϐραίοις
1658 4709 1856 4775 ἀναγε-

270 4802 622 4873 γραμμένος,
665 4800 724 4852 ού
781 4801 934 4870 μόνον
979 4801 1116 4853 κατὰ
1150 4801 1218 4854 τὰ
1264 4804 1321 4852 ὲν
1364 4801 1623 4870 Αἰγύπτῳ
1658 4802 1858 4870 σημεῖα

273 4897 373 4948 καὶ
405 4894 630 4966 τέρατα,
664 4894 742 4945 ἔτι
784 4891 839 4943 δὲ
881 4893 979 4961 τὴν
1012 4882 1178 4944 δίοδον
1211 4892 1310 4961 τῆς
1350 4892 1613 4965 Ἐρυθρᾶς
1657 4891 1855 4944 θαλάσ-

275 5003 406 5056 σης,
439 4985 535 5036 καὶ
565 4983 655 5035 τὸν
681 4981 866 5035 στύλον
904 4981 997 5033 τοῦ
1033 4982 1201 5053 πυρὸς
1240 4983 1333 5034 καὶ
1375 4982 1471 5052 τὴν
1503 4983 1727 5052 νεφέλην
1760 4981 1854 5035 τοῦ

272 5077 486 5146 φωτὸς,
533 5075 667 5129 ἀλλὰ
708 5077 798 5130 καὶ
835 5077 996 5146 ἡνίκα
1056 5079 1090 5146 ἡ
1139 5077 1428 5145 δεκάλογος
1475 5074 1579 5145 ὅλῳ
1620 5075 1697 5144 τῷ
1745 5073 1858 5144 λαῴ

272 5169 678 5238 ἀπηγγέλλετο,
728 5170 1000 5240 ἠπιστήθη
1051 5169 1154 5221 ὑπὸ
1205 5169 1312 5220 τῶν
1370 5167 1604 5221 εἰδότωνο
1645 5168 1745 5219 οὐκ
1792 5165 1858 5218 ἂν

270 5265 430 5335 γὰρ,
480 5262 822 5324 πιστεύοντες
869 5261 944 5332 τῷ
1007 5262 1302 5332 ἑωραμένῳ
1362 5261 1455 5314 καὶ
1511 5258 1856 5322 ἀκουσθέντι,

277 5358 490 5428 μόσχον
538 5354 960 5407 κατεσκεύασαν·
1030 5371 1048 5403 ι
1071 5354 1176 5404 οὐδ’
1200 5372 1218 5403 ι
1285 5351 1580 5421 ἠλλάξαντο
1616 5351 1679 5403 ἂν
1714 5369 1730 5400 ι
1760 5349 1857 5419 τὴν

270 5450 440 5515 δόξαν
465 5446 671 5500 ἑαυτῶν
694 5447 748 5497 ἐν
771 5443 1072 5515 ὁμοιώματι
1099 5444 1297 5513 μόσχου
1330 5443 1594 5506 ἐσθίοντος
1611 5443 1853 5513 χόρτον.»

356 5629 406 5659 ³⁵
430 5626 622 5682 Matth.
663 5641 737 5688 χι,
771 5624 855 5677 28.
934 5624 978 5656 ³⁵
1007 5624 1194 5679 Matth.
1227 5640 1319 5688 vn,
1354 5622 1442 5677 ‘29.

357 5783 470 5858 (l8)
497 5781 654 5838 Κατὰ
696 5783 997 5858 Ἰωάγνηᾼν.
1019 5783 1097 5858 ita
1124 5791 1268 5858 recte
1284 5780 1457 5858 codex
1485 5779 1711 5849 Regius;
1757 5779 1855 5831 im-

278 5851 466 5928 pressi
513 5868 674 5921 vero,
718 5853 855 5906 κατά
917 5854 1180 5908 Ἰωάννου.
1222 5851 1418 5906 Ibidem
1466 5866 1652 5904 omnes
1701 5867 1854 5916 mss.,

1967 4725 2139 4778 neque
2175 4710 2344 4765 solum
2380 4726 2502 4765 cum
2531 4712 2582 4764 in
2615 4711 2847 4782 [Egypto
2874 4713 3026 4782 signa
3059 4722 3112 4766 et
3151 4717 3395 4785 prodigia
3432 4733 3526 4786 pa-

1967 4804 2164 4869 trabat,
2197 4817 2317 4858 cum
2348 4819 2444 4871 per
2471 4820 2619 4857 mare
2641 4804 2884 4857 Rubrum
2911 4805 3192 4857 transitum
3224 4807 3523 4874 aperiebat,

1964 4909 2085 4948 cum
2120 4908 2214 4963 per
2241 4895 2544 4948 columnam
2578 4895 2811 4964 igneam,
2859 4910 2954 4963 per
2977 4894 3298 4950 luminosam
3327 4900 3522 4952 nubem

1965 4985 2071 5039 illis
2099 4987 2342 5055 prmibat,
2381 4987 2474 5041 sed
2518 4986 2682 5040 etiam
2729 4999 2852 5039 cum
2901 4985 3224 5055 Decalogum
3271 4989 3523 5043 tradidit:

1966 5091 2067 5132 nec
2102 5087 2279 5132 tamen
2307 5093 2336 5131 a
2372 5078 2683 5132 videntibus
2726 5077 3036 5145 impetravit
3084 5079 3265 5133 ﬁdem.
3304 5078 3437 5133 Nam
3473 5083 3524 5135 ei

1968 5183 2128 5237 quem
2167 5170 2426 5223 videbant
2469 5183 2522 5225 et
2563 5170 2873 5236 audiebant,
2901 5171 2946 5224 si
2983 5171 3142 5224 tidem
3174 5172 3524 5237 habuissent,

1966 5274 2073 5312 non
2106 5260 2332 5314 vitulum
2371 5260 2471 5314 sibi
2512 5261 2870 5325 con'llasscnt;
2907 5280 2924 5312 ι
2953 5275 3055 5315 ιιοιι
3085 5269 3386 5316 mutassent
3412 5265 3529 5332 glo-

1966 5353 2101 5404 riam
2136 5368 2285 5406 suani
2317 5353 2369 5405 in
2396 5353 2811 5408 similitudinem
2854 5352 3005 5406 vituli
3050 5353 3386 5408 comedentis
3449 5353 3530 5406 fe-

1966 5458 2094 5498 num
2118 5444 2184 5510 ’7;
2209 5463 2227 5496 ι
2264 5460 2370 5499 non
2403 5446 2468 5500 de
2518 5446 2610 5502 illo
2655 5446 2823 5502 vitulo
2866 5446 2970 5502 sibi
3013 5456 3200 5503 mutuo
3233 5447 3524 5503 dixissent:

1519 5624 1560 5654 ³⁷
1597 5622 1736 5677 Psal.
1772 5636 1860 5688 εν,
1891 5620 1980 5675 20.

1963 5776 2206 5829 ἔκκειται
2241 5777 2596 5847 παριστάντα,
2628 5778 2850 5847 optime,
2885 5785 2936 5831 et
2966 5791 3245 5847 perperam
3275 5775 3530 5832 llmsche-

1964 5849 2067 5902 lius
2093 5849 2401 5916 suspicatur
2426 5848 2704 5922 legendum
2734 5847 3023 5920 παριστάν.
