4002 6534
508 395 604 449 911

1940 388 2259 443 OlllGENIS

3636 390 3730 446 912

511 529 529 558 ι
563 508 626 561 lli
657 517 780 561 sunt
806 506 876 559 dii
910 505 1010 570 tui,
1043 504 1230 572 Israel,
1265 505 1354 576 qui
1400 506 1700 560 eduxerunt
1729 513 1780 558 te
1821 507 1886 558 de
1929 514 2049 557 terr:

2173 504 2278 556 οὐδ’
2308 502 2487 570 ἔλεγον
2522 500 2586 554 ἂν
2612 501 2745 572 πρὸς
2775 502 3034 573 ἀλλήλους
3066 500 3191 571 περὶ
3217 498 3310 553 τοῦ
3337 500 3560 571 μόσχου⁶
3595 519 3613 550 ι
3635 497 3731 558 Ob-

505 601 721 670 A‘Igypti
769 599 833 653 ³⁸.
885 617 903 650 ι
956 598 1053 652 llic
1105 599 1363 652 observes
1411 597 1570 651 velim
1630 612 1804 651 annon
1858 612 2068 666 semper

506 694 668 746 iidem
726 693 835 746 sint
896 689 1088 746 Judtei.
1142 690 1490 756 Quantalibet.
1559 689 1822 744 miracula
1879 689 2068 743 fecerit

506 783 668 846 Deus,
702 781 999 850 quamlibet
1034 782 1318 850 perspicue
1345 780 1451 834 illis
1483 779 1736 846 adfuerit,
1771 780 1937 835 nihilo
1961 795 2070 833 ma-

503 873 585 940 gis
617 873 691 926 illi
724 875 882 927 fidem
932 874 1241 926 tribuerunt
1278 881 1392 926 toto
1437 870 1529 924 illo
1575 879 1818 938 tempore
1861 885 1968 939 quo
2012 870 2065 922 in

501 966 718 1020 deserto
745 971 1177 1034 permanserunt,
1208 969 1268 1016 ut
1309 963 1361 1016 in
1409 962 1525 1031 lege
1568 960 1768 1032 Moysis
1803 960 2062 1030 scriptum

501 1069 605 1113 est.
631 1057 697 1110 Et
721 1071 861 1110 nunc
885 1071 983 1110 nec
1005 1054 1342 1109 admirabilis
1363 1053 1486 1108 Jesu
1512 1053 1797 1121 adventus,
1827 1067 1926 1108 nec
1952 1067 2065 1107 ser-

499 1162 690 1201 mones
749 1161 873 1200 cum
931 1153 1200 1215 potestate
1246 1143 1441 1210 habiti,
1489 1157 1589 1199 nec
1635 1143 1849 1198 insolita
1883 1158 2063 1198 coram

497 1238 643 1292 omni
673 1236 870 1306 populo
907 1244 1120 1306 patrata
1153 1233 1414 1289 miracula
1442 1248 1534 1290 eos
1563 1233 1832 1289 adducere
1872 1242 2063 1303 potue~

497 1332 646 1395 runt,
673 1339 728 1382 ut
751 1345 872 1384 eum
908 1329 1227 1398 reciperent.

567 1421 655 1477 75.
687 1421 862 1489 Atque
892 1420 1003 1474 haec
1027 1420 1161 1475 satis
1187 1432 1309 1472 esse
1334 1419 1570 1491 arbitror
1602 1417 1832 1488 probare
1861 1418 2060 1472 volenti

497 1512 802 1567 Judzeorum
829 1510 880 1566 in
912 1509 1094 1566 Jesum
1124 1510 1554 1564 incredulitatem
1585 1509 1649 1563 iis
1679 1524 1799 1565 esse
1841 1524 2063 1563 consen-

498 1616 734 1666 taneam,
767 1618 885 1673 qua:
913 1603 979 1656 ab
1009 1602 1164 1656 initio
1193 1609 1319 1655 sunt
1363 1601 1426 1655 de
1472 1600 1565 1654 illo
1590 1601 1786 1669 populo
1812 1601 2058 1653 mandata

495 1695 713 1750 litteris.
754 1695 957 1749 Dicenti
996 1694 1137 1748 enim
1163 1693 1305 1748 Celsi
1337 1691 1522 1746 Judteo
1553 1706 1566 1745 :
1600 1711 1616 1742 ι
1642 1692 1774 1758 Quis
1809 1691 1947 1745 Dens
1985 1691 2061 1743 in-

497 1799 578 1842 ter
607 1789 854 1843 homines
876 1797 1124 1842 versatus
1154 1802 1262 1844 non
1292 1786 1598 1854 impetravit
1621 1785 1794 1844 fidem,
1827 1784 2058 1837 maxime

2170 596 2249 648 τοί
2269 597 2404 648 εἰσιν
2426 595 2474 647 οἱ
2494 593 2604 646 θεοί
2624 606 2736 656 σου,
2766 593 2995 666 Ἰσραὴλ,
3027 594 3220 656 οἵτινες
3243 593 3518 664 ἀνήγαγόν
3551 610 3610 645 σε
3632 593 3733 663 (19)

2170 688 2233 739 ὲκ
2262 687 2364 756 γῆς
2387 685 2677 754 Αἰγύπτου.
2706 705 2723 734 ι
2761 685 2869 737 Καὶ
2897 685 3019 755 ὅρα,
3043 687 3089 737 εί
3116 685 3189 756 μὴ
3216 685 3356 738 κατά
3383 686 3510 748 τοὺς
3541 685 3734 750 αὐτούς

2169 777 2303 841 ἐστι,
2336 775 2671 848 τηλικούτοις
2725 775 3028 846 τεραστίοις
3077 776 3170 828 καὶ
3214 775 3507 838 τοσαύταις
3546 776 3738 844 ἐπιφα-

2169 869 2337 932 νείαις
2387 866 2519 920 Θεοῦ
2565 866 2658 919 καὶ
2705 867 2966 938 πρότερον
3017 867 3312 937 ἀπιστῆσαι
3365 868 3433 920 δι’
3477 867 3609 938 ὅλης
3646 869 3741 938 τῆς

2168 961 2394 1031 ἐρήμου,
2440 960 2516 1022 ὼς
2548 960 2604 1012 ὲν
2640 959 2718 1030 τῷ
2763 959 2910 1028 νόμῳ
2946 959 3212 1012 Ἰουδαίων
3257 959 3590 1032 γέγραπται·
3653 961 3742 1014 καὶ

2168 1051 2307 1103 κατά
2334 1050 2431 1121 τὴν
2476 1049 2647 1120 Ἰησοῦ
2671 1048 2964 1120 παράδοξον
2989 1050 3280 1120 ἐπιδημίαν
3306 1053 3381 1122 μὴ
3412 1052 3619 1105 ἁλῶναι
3643 1053 3739 1105 ὑπὸ

2167 1140 2272 1194 τῶν
2305 1143 2419 1211 μετ’
2474 1141 2718 1205 ἐξουσίας
2750 1140 2896 1211 αὑτῷ
2934 1142 3234 1212 εἰρημένων
3266 1143 3460 1211 λόγων,
3510 1147 3604 1197 καὶ
3640 1146 3741 1198 τῶν

2168 1233 2487 1305 παραδόξως
2521 1233 2670 1304 αὐτῷ
2707 1234 2764 1285 ἐν
2805 1233 2924 1303 ὕψει
2966 1235 3165 1299 παντὸς
3189 1234 3282 1288 τοῦ
3323 1235 3453 1289 λαοῦ
3488 1254 3740 1308 πεπραγο

2167 1327 2359 1397 μένων.
2844 1325 2849 1329 ’

2235 1419 2346 1471 Καὶ
2385 1418 2542 1472 ἰκανά
2567 1435 2629 1487 γε
2677 1418 2878 1488 νομίζω
2925 1417 3096 1472 ταῦτα
3148 1414 3286 1472 εἶναι
3324 1420 3401 1491 τῷ
3436 1421 3740 1493 βουλομένῳ

2164 1511 2510 1582 παραστῆσαι
2562 1510 2659 1580 τὴν
2719 1510 2982 1562 Ἰουδαίων
3023 1511 3134 1582 (9.0)
3194 1514 3331 1582 πρὸς
3379 1514 3470 1566 τὸν
3537 1516 3740 1585 Ἰησοῦν

2162 1603 2433 1670 ἀπιστίαν·
2475 1603 2556 1655 ὅτι
2589 1601 2876 1665 ἀκόλουθος
2913 1598 2980 1672 ἦν
3011 1603 3149 1672 αῦτη
3176 1608 3288 1666 τοῖς
3319 1604 3378 1668 ἐξ
3405 1605 3587 1675 ἀρχῆς
3616 1607 3740 1677 περὶ

2161 1693 2252 1746 τοῦ
2281 1693 2410 1746 λαοῦ
2444 1693 2971 1763 ἀναγεγραμμένοις.
3003 1693 3226 1764 Εἵποιμι
3257 1694 3364 1766 γὰρ
3395 1695 3460 1748 ἂν
3491 1697 3632 1768 πρὸς
3651 1697 3740 1749 τὸν

2161 1786 2386 1854 λέγοντα
2408 1787 2556 1856 παρὰ
2578 1785 2654 1856 τῷ
2683 1786 2873 1856 Κέλσῳ
2893 1787 3003 1856 (21)
3036 1787 3304 1840 Ἰουδαῖον·
3333 1789 3458 1851 (Τίς
3477 1789 3614 1853 Θεὸς
3636 1809 3738 1842 πα-

493 1897 614 1934 cum
646 1880 711 1934 ad
745 1895 838 1934 eos
868 1881 1017 1934 venit
1045 1879 1135 1949 qui
1172 1894 1294 1935 eum
1343 1879 1698 1933 adventuram
1731 1876 2049 1946 sperabant?

2163 1880 2266 1951 ρὼν
2277 1880 2355 1940 εἰς
2368 1878 2462 1932 ἀνθ
2470 1877 2683 1950 ρώπους
2699 1879 3024 1944 ἀπιστεῖται,
3041 1879 3133 1930 καὶ
3145 1879 3317 1933 ταῦτα
3331 1876 3412 1944 οἷς
3428 1880 3650 1944 ἐλπίζοι)
3660 1900 3739 1934 σιν

494 1971 773 2040 Quomodo
808 1985 912 2024 non
948 1970 1280 2041 agnoscitur,
1321 1969 1410 2038 qui
1460 1977 1568 2022 tam
1623 1968 1821 2022 dudum
1864 1981 2053 2035 exspe-

492 2077 672 2121 ctatus
735 2064 956 2119 venit?»
1018 2078 1334 2133 reponerem
1388 2077 1532 2131 ego:
1580 2061 1720 2128 Quid
1775 2061 1969 2122 vultis,
2022 2076 2054 2114 ο

489 2158 637 2222 boui,
663 2157 856 2211 vestris
877 2153 1388 2223 interrogationibus
1418 2153 1842 2223 respondeamus
1857 2151 1879 2203 ?
1894 2150 2054 2224 M3

495 2249 623 2304 Utra
653 2248 827 2313 vobis,
865 2256 1046 2302 vestro
1079 2247 1293 2316 quidem
1317 2247 1541 2315 judicio,
1568 2248 1772 2312 maiora
1805 2245 2056 2298 videntur

489 2354 610 2392 esse
643 2336 924 2402 miracula,
961 2351 1078 2405 quze
1109 2335 1160 2390 in
1197 2331 1429 2407 IEgypto
1467 2335 1638 2388 autin
1669 2334 1884 2388 deserto
1914 2333 2051 2388 facta

489 2438 634 2491 sunt,
672 2443 739 2481 an
771 2442 890 2496 quae
921 2441 1018 2480 nos
1047 2424 1228 2481 Jesnm
1257 2425 1396 2495 apud
1433 2439 1526 2479 vos
1559 2423 1752 2478 fecisse
1783 2423 2054 2478 dicimus?

488 2518 621 2572 Nam
656 2518 703 2572 si
737 2531 804 2570 ex
835 2516 986 2570 vobis
1021 2515 1204 2585 priora
1234 2525 1359 2569 sunt
1394 2513 1594 2581 majora
1625 2511 2013 2584 posterioribus
2034 2551 2050 2577 ,

490 2623 668 2662 nonne
702 2607 1044 2678 perspicuum
1077 2615 1160 2660 est
1199 2605 1318 2661 ideo
1347 2619 1464 2669 vos,
1496 2606 1619 2674 quia
1650 2604 1942 2674 majoribus
1961 2619 2051 2658 as-

488 2699 790 2754 sueveratis
813 2699 1074 2768 derogare
1103 2696 1281 2761 fidem,
1308 2697 1517 2750 minora
1549 2706 1868 2765 aspernatos
1898 2696 2051 2750 esse?

487 2790 620 2846 Nam
653 2792 859 2846 minora
907 2789 1105 2860 putatis
1140 2804 1258 2858 quae
1282 2791 1346 2843 de
1382 2787 1510 2844 Jesu
1545 2789 1795 2843 dicimus.
1825 2788 1920 2842 Siti
1951 2803 2047 2842 au-

488 2896 598 2937 tem
627 2880 755 2935 Jesu
798 2879 1062 2933 miracula
1107 2880 1177 2934 iis
1217 2893 1341 2933 esse
1376 2880 1526 2948 paria
1563 2879 1847 2943 dicantur,
1872 2891 1991 2945 quae
2020 2893 2047 2928 a

485 2972 671 3042 Moyse
706 2971 851 3025 facta
881 2985 1002 3025 esse
1033 2975 1304 3024 teSIantur
1330 2967 1662 3036 Scriptum,
1693 2967 1822 3036 quid
1850 2967 2046 3021 mirum

485 3065 528 3119 si
557 3065 697 3118 idem
735 3062 964 3134 pOpultlS
990 3076 1144 3130 aeque
1170 3059 1258 3115 hic
1291 3071 1455 3128 atque
1491 3058 1601 3114 illic
1626 3072 1750 3113 mox
1788 3073 1816 3112 a
1848 3057 2050 3128 princi-

484 3157 573 3227 pio
606 3154 914 3210 incredulus
961 3154 1101 3208 fuit?
1135 3153 1268 3207 Nam
1304 3152 1459 3207 vobis
1497 3165 1594 3220 per
1635 3149 1874 3221 Moysem
1921 3148 2046 3204 data

480 3247 716 3316 primum
754 3254 839 3301 est
867 3246 951 3300 lex
976 3281 994 3309 ,
1023 3246 1074 3298 in
1105 3259 1210 3312 qua
1242 3252 1420 3297 vestra
1457 3239 1752 3294 infidelium
1791 3247 1847 3292 et
1879 3237 2048 3294 delin-

481 3339 763 3408 quentium
810 3345 1031 3406 peccata
1074 3336 1500 3405 consignantur;
1535 3330 1718 3386 Jesum
1760 3340 1942 3386 autem
1990 3329 2043 3384 in

481 3431 734 3486 confesso
764 3439 848 3486 est
879 3429 1033 3483 nobis
1059 3442 1183 3483 esse
1215 3440 1365 3481 novas
1395 3425 1530 3494 legis
1559 3423 1792 3492 novique
1825 3423 2046 3479 foederis

481 3531 788 3576 auctorem.
826 3518 1013 3587 Itaque
1046 3516 1228 3572 Jesum
1261 3514 1564 3586 respuendo
1597 3528 1692 3569 vos
1727 3514 1828 3584 ipsi
1856 3523 2043 3570 contra

477 3626 575 3668 vos
605 3611 758 3668 fertis
783 3607 1176 3674 testimonium,
1209 3621 1306 3660 vos
1334 3620 1454 3661 esse
1484 3606 1624 3661 filios
1649 3619 1836 3660 eorum
1870 3607 1962 3675 qui
1989 3607 2040 3662 in

476 3708 692 3761 deserto
716 3703 881 3759 Deum
909 3717 968 3758 se
995 3709 1104 3755 tam
1128 3707 1314 3770 aperte
1334 3697 1692 3770 conspicuum
1715 3696 2042 3770 praebentem

476 3813 584 3854 non
615 3804 989 3866 agnoverunt:
1023 3793 1157 3848 etin
1186 3802 1423 3848 vestram
1453 3793 1885 3849 incredulitatem
1918 3805 2042 3863 apte

473 3887 727 3945 convenit
749 3888 892 3956 quod
920 3901 949 3939 a
980 3884 1264 3940 Salvatore
1289 3894 1474 3940 nostro
1503 3884 1706 3940 dictum
1735 3895 1816 3940 est
1836 3903 1848 3939 :
1871 3904 1889 3938 ι
1912 3886 2042 3941 1ἰ·ο-

475 3982 620 4035 fecto
642 3977 1028 4045 testificamini,
1051 3977 1195 4045 quod
1213 3975 1531 4031 consentitis
1549 3976 1801 4045 operibus
1824 3987 2038 4046 patrum

472 4081 776 4127 vestrorum
801 4069 867 4124 “:
908 4084 928 4121 ι
985 4069 1154 4137 inque
1200 4066 1356 4122 vobis
1405 4067 1608 4122 exitum
1669 4068 1835 4122 habet
1896 4071 2036 4123 istud

472 4161 823 4217 vaticinium:
869 4177 888 4211 ι
911 4159 1028 4214 Erit
1061 4159 1169 4213 vita
1201 4168 1380 4212 vestra
1421 4158 1665 4228 pendens
1691 4169 1816 4213 ante
1853 4162 2038 4216 oculos

468 4260 704 4318 vestros,
734 4261 789 4308 et
817 4267 923 4306 non
953 4253 1188 4307 credetis
1217 4250 1340 4305 vita:
1371 4260 1570 4305 vestra:
1590 4250 1658 4308 ιο.
1693 4267 1713 4304 ι
1750 4251 1866 4307 Non
1893 4253 2034 4307 enim

467 4343 630 4399 ﬁdem
676 4342 948 4399 habuistis
992 4345 1160 4408 vitae,
1205 4357 1324 4412 qua:
1361 4341 1506 4396 inter
1534 4341 1783 4397 homines
1824 4353 2034 4399 versata

465 4445 569 4492 est.

2158 1969 2497 2037 ἐπιφαίνεται
2519 1985 2531 2033 ;
2555 1969 2586 2038 ἦ
2614 1968 2662 2021 τί
2682 1967 2742 2038 δή
2752 1983 2878 2020 ποτε
2900 1969 3011 2030 τοῖς
3027 1967 3195 2021 πάλαι
3214 1968 3666 2038 προσδεχομένοις
3678 1971 3736 2022 οὐ

2096 2080 2098 2082 τ
2155 2060 2476 2130 γνωρίζεται
2491 2075 2503 2123 ;
2519 2054 2622 2122 ιτὸ,
2639 2058 2703 2110 Τί
2723 2057 2991 2128 βούλεσθε,
3009 2050 3230 2121 ὧοῦτοι,
3251 2059 3386 2129 πρὸς
3401 2057 3500 2121 τὰς
3519 2059 3741 2122 πεύσεις

2154 2149 2312 2221 ἡμῶν
2354 2150 2464 2219 (‘22)
2513 2147 2924 2221 ἀποκρίνεσθαις
2971 2149 3125 2202 Ποῖαι
3173 2149 3434 2220 δυνάμεις
3488 2151 3733 2221 μείζους,

2155 2243 2277 2296 ὅσον
2321 2242 2414 2294 ἐπὶ
2452 2240 2690 2313 ὑμετέρᾳ
2734 2239 3021 2310 ὑπολήψει,
3069 2232 3207 2296 εἶναι
3255 2243 3381 2312 ὑμῖν
3429 2244 3733 2310 φαίνονται,

2153 2338 2210 2392 αἱ
2244 2338 2300 2390 ἐν
2328 2335 2585 2404 Αἰγύπτῳ
2608 2335 2702 2388 καὶ
2726 2337 2789 2404 τῇ
2817 2336 3028 2406 ἐρήμῳ,
3057 2335 3090 2404 ἢ
3127 2334 3163 2388 ἃ
3195 2334 3403 2405 ἔφαμεν
3449 2337 3613 2406 ἡμεῖς
3637 2353 3736 2388 πε-

2155 2428 2436 2499 ποιηκέναι
2465 2427 2555 2480 τὸν
2595 2426 2802 2496 Ἰησοῦν
2831 2427 2957 2498 παρ’
2985 2426 3146 2496 ὑμῖν;
3173 2427 3236 2479 El
3262 2426 3361 2495 μὲν
3382 2426 3494 2498 γὰρ
3523 2429 3731 2481 ἐκεῖναι

2157 2518 2376 2590 μείζους
2426 2516 2630 2571 τούτων
2674 2515 2796 2570 καθ’
2833 2517 2978 2586 ὑμᾶς
3025 2517 3158 2568 είσι·
3213 2516 3329 2579 πῶς
3357 2517 3457 2569 οὐκ
3503 2517 3733 2571 αὐτόθεν

2151 2609 2450 2662 δείκνυνται
2479 2606 2612 2678 (25),
2658 2606 2741 2659 ὅτι
2773 2605 2915 2660 κατά
2949 2605 3009 2658 τὸ
3038 2600 3169 2675 ἦθος
3201 2604 3308 2658 τῶν
3341 2608 3453 2669 τοῖς
3485 2606 3734 2676 μείζοσιν

2153 2701 2563 2772 ἀπιστησάντων
2596 2701 2713 2754 ἐστὶ
2741 2699 2917 2753 καὶτὸ
2945 2697 3050 2751 τῶν
3075 2699 3311 2768 ἡττόνων
3340 2702 3725 2770 καταφρονεῖνς

2150 2791 2308 2846 τοῦτο
2335 2791 2442 2864 γὰρ
2475 2789 2912 2860 ὑπολαμϐάνεται
2951 2787 3079 2857 περὶ
3112 2781 3186 2842 ὧν
3218 2787 3449 2858 λέγομεν
3476 2787 3607 2859 περὶ
3634 2788 3728 2841 τοῦ

2164 2884 2354 2956 Ἰησοῦ·
2386 2884 2434 2935 εί
2461 2884 2516 2936 δὲ
2553 2883 2664 2935 ἴσαι
2696 2881 2941 2949 λέγονται
2970 2878 3211 2951 περὶτοῦ
3257 2878 3428 2950 Ἰησοῦ
3465 2879 3579 2948 (24)
3605 2881 3730 2943 ταῖς

2149 2975 2662 3048 ἀναγεγραμμέναις
2697 2973 2799 3025 ὑπὸ
2843 2972 3139 3036 Μωῦσέως,
3175 2971 3228 3024 τί
3262 2969 3408 3035 ξένον
3443 2971 3727 3041 ἀπήντησε

2149 3066 2261 3138 λαῷ
2291 3069 2407 3122 κατ’
2439 3065 2751 3137 ἀμφοτέρας
2779 3065 2876 3128 τὰς
2905 3063 3080 3135 ἀρχὰς
3098 3063 3206 3116 τῶν
3229 3061 3570 3132 πραγμάτων
3599 3062 3730 3114 ἀπι-

2151 3159 2398 3225 στοῦντι;
2458 3157 2624 3230 Ἀρχὴ
2670 3157 2767 3228 μὲν
2800 3156 2907 3227 γάρ
2952 3154 3268 3226 νομοθεσίας
3313 3155 3403 3207 ἐπὶ
3443 3153 3727 3216 Μωῦσέως

2146 3247 2234 3324 ἦν,
2268 3251 2324 3304 ὲν
2411 3249 2479 3303 τά
2505 3251 2876 3321 ἁμαρτήματα
2899 3248 3005 3302 τῶν
3031 3247 3272 3302 ἀπίστων
3296 3247 3391 3301 καὶ
3414 3247 3522 3301 τῶν
3547 3248 3726 3317 ἀμαρ-

2146 3346 2409 3399 τανόντων
2444 3343 2597 3414 ὑμῶν
2632 3343 2743 3413 (25)
2781 3342 3224 3412 ἀναγέγραπται·
3273 3340 3417 3410 ἀρχὴ
3456 3338 3514 3392 δὲ
3559 3356 3725 3409 νομο-

2147 3436 2328 3499 θεσίας
2362 3435 2454 3488 καὶ
2485 3434 2748 3503 διαθήκης
2771 3432 3028 3504 δευτέρας
3052 3431 3192 3486 κατά
3214 3431 3306 3484 τὸν
3344 3432 3554 3501 Ἰησοῦν
3573 3435 3722 3504 ἡμῖν

2144 3527 2419 3596 γεγονέναι
2445 3525 2802 3593 ὁμολογεῖται.
2830 3522 2937 3576 Καὶ
2962 3525 3286 3594 μαρτυρεῖτε
3305 3522 3371 3574 δι’
3398 3515 3473 3576 ὧν
3496 3521 3575 3592 τῷ
3614 3523 3723 3593 Ἰη-

2144 3618 2237 3671 σοῦ
2271 3620 2567 3681 ἀπιστεῖτε,
2601 3616 2682 3668 ὅτι
2715 3613 2818 3666 υἱοί
2849 3615 2973 3665 ἐστε
3006 3611 3112 3665 τῶν
3145 3614 3202 3665 ὲν
3241 3615 3308 3684 τῇ
3345 3615 3540 3685 ἐρήμῳ
3581 3616 3719 3667 ἀπι-

2143 3707 2450 3779 στησάντων
2482 3706 2602 3769 ταῖς
2641 3701 2813 3767 θείαις
2853 3701 3222 3773 ἐπιφανείαις·
3261 3701 3355 3756 καὶ
3389 3701 3453 3755 τὸ
3484 3701 3588 3756 ὑπὸ
3619 3703 3718 3756 τοῦ

2142 3799 2393 3870 Σωτῆρος
2430 3796 2586 3868 ἡμῶν
2627 3795 2914 3868 εἰρημένον
2954 3788 3050 3847 καὶ
3084 3793 3221 3865 πρὸς
3265 3793 3413 3865 ὑμᾶς
3445 3793 3718 3857 λελέξεται

2141 3891 2548 3960 ἀπιστήσαντας
2577 3885 2752 3957 αὐτῷ·
2783 3886 2865 3938 ὅτι
2904 3903 2923 3936 ι
2961 3885 3103 3957 Ἀρα
3139 3884 3414 3958 μάρτυρές
3445 3886 3591 3950 ἐστε,
3619 3885 3718 3940 καὶ

2141 3980 2507 4036 συνευδοκεῖτε
2538 3981 2651 4042 τοῖς
2691 3977 2874 4048 ἔργοις
2911 3975 3018 4029 τῶν
3045 3977 3294 4046 πατέρων
3327 3975 3504 4046 ὑμῶν.
3545 3995 3564 4028 ι
3601 3976 3717 4031 Καὶ

2139 4073 2431 4146 πληροῦται
2463 4075 2519 4125 ὲν
2548 4071 2676 4142 ὑμῖν
2705 4071 2740 4142 ή
2765 4069 2995 4138 λέγουσα
3027 4067 3353 4140 προφητεία.
3391 4087 3412 4120 ‹
3457 4067 3655 4122 Ἔσται
3679 4071 3714 4141 ἡ

2137 4165 2251 4236 ζωὴ
2285 4164 2437 4235 ὑμῶν
2463 4161 2784 4234 κρεμαμένη
2815 4159 3043 4213 ἐνώπιον
3068 4159 3175 4212 τῶν
3205 4159 3501 4230 ὀφθαλμῶν
3534 4161 3713 4231 ὑμῶν,

2137 4257 2230 4310 καὶ
2261 4259 2322 4310 οὐ
2359 4257 2433 4328 μὴ
2465 4254 2788 4324 πιστεύσητε
2819 4255 2885 4324 τῇ
2921 4250 3032 4323 ζωῇ
3067 4251 3240 4323 ὑμῶν.
3275 4270 3293 4303 ι
3331 4253 3406 4305 υύ
3451 4253 3560 4324 γὰρ
3591 4255 3709 4306 ὲπι-

2137 4346 2392 4401 στεύσατε
2424 4348 2488 4416 τῇ
2518 4340 2945 4415 ὲπιδεδημηκυίᾳ
2973 4339 3050 4411 τῷ
3080 4340 3225 4409 γένει
3257 4339 3364 4394 τῶν
3406 4341 3715 4413 ἀνθρώπιον

2136 4439 2266 4510 ζωῇ·

533 4529 623 4584 76.
659 4529 843 4601 Neque
873 4542 1006 4584 vero
1040 4528 1334 4598 quidquam
1369 4527 1558 4583 Celsus
1584 4526 1753 4583 Judaei
1787 4543 2031 4594 persona:

2204 4529 2315 4599 Οὐχ
2361 4521 2484 4599 εὗρε
2529 4526 2573 4580 δ’
2621 4529 2650 4580 ὁ
2690 4525 2912 4588 Κέλσος,
2956 4523 3387 4596 προσωέποποιῶν
3435 4524 3528 4577 τὸν
3578 4524 3710 4577 Ἰου-

465 4638 493 4676 a
524 4637 584 4678 se
611 4624 842 4680 inductae
861 4623 1136 4678 ascribere
1161 4623 1354 4692 potuit,
1382 4623 1527 4693 quod
1551 4624 1599 4678 ei
1625 4638 1653 4677 a
1682 4623 1796 4694 lege
1824 4633 1877 4679 et
1905 4640 2030 4694 pro-

461 4714 640 4782 phetis
671 4731 774 4770 non
810 4715 1122 4784 objiciatur.
1150 4714 1284 4771 Cum
1315 4715 1498 4770 Jesnm
1527 4754 1542 4780 ,
1569 4714 1802 4783 exempli
1826 4730 1986 4770 causa
2010 4756 2024 4781 ,

462 4807 785 4862 criminatur
812 4809 923 4863 sic:
961 4828 980 4859 ι
1007 4807 1294 4874 Promptus
1323 4807 1390 4860 ad
1423 4807 1599 4860 minas
1642 4816 1696 4860 et
1723 4807 1788 4860 ad
1821 4807 2029 4879 vitupe-

461 4895 540 4947 ria
569 4933 585 4961 ,
619 4894 899 4949 clamitat:
936 4895 1031 4950 Vae
1065 4895 1218 4950 vobis
1247 4936 1262 4961 ,
1311 4895 1545 4964 praedico
1589 4895 1760 4952 vobis.
1803 4893 1877 4948 Ex
1918 4911 2026 4964 quo

457 4985 738 5040 evidenter
770 4985 1063 5042 conﬁtetur
1113 5002 1173 5042 se
1215 4988 1552 5056 persuadere
1598 5001 1705 5041 non
1742 5002 1919 5055 posse.
1969 4986 2022 5041 ld

455 5076 602 5142 quod
633 5091 734 5130 nec
771 5077 825 5130 in
853 5076 1055 5143 Deum,
1080 5076 1189 5131 imo
1219 5090 1317 5131 nec
1347 5076 1398 5130 in
1425 5076 1698 5131 hominem
1721 5077 2022 5146 sapientem

2130 4623 2294 4682 δαῖον,
2335 4621 2553 4674 τοιαῦτα
2587 4617 2736 4690 αὑτῷ
2786 4617 3082 4690 περιθεῖναι
3123 4619 3180 4670 ὲν
3225 4614 3302 4686 τῷ
3347 4615 3511 4686 λόγῳ,
3547 4617 3708 4670 ὁποῖα

2129 4715 2228 4767 οὐκ
2260 4713 2324 4767 ἂν
2352 4711 2497 4784 αὐτῷ
2518 4711 2624 4766 ἀπὸ
2655 4711 2762 4764 τῶν
2787 4710 3031 4781 νομίμων
3061 4709 3154 4762 καὶ
3179 4708 3533 4780 προφητικῶν
3563 4723 3704 4780 προ-

2129 4805 2345 4876 φέροιτο
2371 4803 2620 4876 Γραφῶν.
2649 4801 2940 4874 Μέμφεται
2967 4799 3076 4872 γὰρ
3098 4800 3186 4852 τὸν
3223 4798 3449 4870 Ἰησοῦν,
3482 4799 3708 4853 τοιαῦτα

2125 4897 2298 4964 λέγων
2331 4896 2458 4966 περὶ
2495 4893 2688 4948 αὑτοῦ.
2727 4912 2745 4944 ε
2794 4892 3042 4957 “mutat,
3077 4891 3170 4945 καὶ
3203 4891 3432 4962 λοιδορεί
3473 4891 3697 4959 κούφως

2127 4989 2324 5042 ὁπόταν
2367 4986 2520 5060 λέγῃ,
2553 4987 2688 5040 Οὐαὶ
2717 4987 2865 5056 ὑμῖν,
2898 4984 2990 5038 καὶ
3019 4983 3266 5056 προλέγω
3287 4984 3434 5054 ὑμῖν.
3480 4985 3568 5038 Ἐν
3593 4985 3707 5055 γὰρ

2126 5080 2336 5144 τούτοις
2361 5079 2617 5151 ἄντικρυς
2639 5079 2907 5150 ὁμολογεῖ,
2937 5079 3018 5131 ὅτι
3040 5081 3220 5131 πεῖσαι
3253 5077 3526 5130 ἀδυνατεῖ·
3562 5079 3706 5148 ὅπερ

527 5211 570 5243 ³⁸
599 5210 770 5265 Exod.
796 5225 970 5277 χχιιι,
993 5211 1049 5265 4.
1121 5211 1164 5243 ³⁹
1192 5211 1324 5266 Luc.
1347 5224 1422 5276 xr,
1446 5209 1540 5266 48.
1614 5212 1659 5244 ’⁸ο
1695 5211 1854 5266 Deut.
1885 5227 2072 5280 xxvnt,
2099 5215 2186 5268 66.

526 5323 636 5396 (l9)
671 5321 822 5396 M_ss.,
848 5323 1122 5396 ἀνήγαγόν
1155 5340 1233 5377 σε.
1285 5323 1535 5394 lmpress.
1581 5325 1648 5378 ad
1695 5325 2015 5392 marginem,

449 5393 776 5448 ἀνεϐίϐασαν
806 5410 885 5448 σε.

522 5464 630 5536 (20)
670 5464 822 5530 Mss.,
847 5464 946 5535 τὴν
984 5461 1268 5531 Ἰουδαίων,
1299 5472 1408 5518 etc.
1433 5463 1704 5533 lmpressi,
1737 5462 1846 5515 τῶν
1889 5465 2020 5516 Ἰου-

447 5532 629 5587 δαίων.
661 5544 766 5587 etc.

582 5553 629 5597 ν,
661 5544 766 5588 etc.

521 5604 628 5674 (2|)
669 5605 832 5672 Παρὰ
878 5600 956 5668 τῷ
1005 5603 1235 5669 Κέλσῳ.
1273 5602 1488 5672 Optime
1539 5616 1730 5660 omnes
1779 5617 1908 5657 mss.
1954 5602 2010 5657 In

449 5687 606 5744 antea
637 5677 814 5744 etlitis_
831 5675 968 5744 male
998 5675 1206 5744 deerat,
1236 5675 1408 5744 παρά.

517 5742 629 5813 (22)
671 5742 880 5812 Ἢμῶν.
921 5743 1275 5798 Scribemlmn
1318 5742 1542 5798 videtur
1585 5743 1666 5796 vel
1715 5742 2008 5814 optIiV,_vel

447 5809 616 5884 ἡμᾶςέ
657 5809 825 5869 Paulo
873 5823 996 5882 post
1041 5814 1170 5868 libb.
1216 5814 1346 5869 editi
1383 5815 1488 5885 ad,
1518 5809 1836 5882 marginem,
1866 5809 2002 5864 εἶναι

2125 5331 2284 5401 ἡμῖνῖ
2298 5328 2590 5401 φαίνοιντο.

2199 5400 2310 5468 (25)
2367 5400 2728 5453 Δείκνυνται.
2803 5397 3106 5468 Legendum
3165 5397 3460 5451 δείκνυται.
3521 5396 3702 5452 Paulo

2129 5481 2247 5538 pust
2279 5471 2412 5535 lego,
2448 5469 2603 5522 τοῦτο
2630 5469 2737 5539 γὰρ
2768 5467 3197 5539 ὑπολαμϐάνετε.

2186 5539 2302 5616 19.3)
2326 5540 2464 5607 Περὶ
2496 5539 2600 5593 τοῦ
2629 5537 2844 5607 Ἰησοῦ.
2871 5537 3206 5608 Legendutn,
3229 5537 3285 5588 αἱ
3309 5537 3438 5607 περὶ
3467 5538 3562 5590 τοῦ
3589 5537 3702 5609 '11}-

2120 5625 2294 5749 σοῐέὸ)
2343 5677 2680 5735 lloescbelius
2725 5679 2779 5732 in
2819 5688 2987 5744 textu,
3032 5676 3448 5749 ἁμαρτημάτων
3504 5676 3668 5749 ὑμῶν

2116 5750 2273 5803 male.
