4002 6524
284 427 387 484 915

1477 419 1753 501 CONTllA
1790 418 2061 474 CELSUM
2099 417 2224 473 LIB.
2259 416 2322 473 ll.

3409 420 3512 472 9H

282 542 380 596 οὐκ
397 542 461 596 ἂν
476 541 629 606 Θεὸς,
648 536 881 594 ἀλλὀύδ’
901 538 995 592 ἀνθ
1006 556 1182 610 ρωπος
1204 539 1462 610 φρόνιμος
1480 538 1638 591 πάθοι
1657 538 1784 607 (9.6).
1826 558 1842 587 ι

1967 536 2107 591 :adat
2135 536 2199 591 δι.
2236 556 2252 588 ι
2290 534 2412 590 l-Izrc
2447 536 2564 588 vide
2595 549 2775 587 annon
2814 531 3051 602 proclive
3084 532 3156 585 sit
3186 531 3237 585 in
3269 530 3511 586 Judaeum

286 632 427 703 Ὅρα
474 632 530 684 δὲ
562 632 610 683 εἰ
647 630 721 701 μὴ
766 629 938 683 ταῦτα
989 628 1243 700 ἄντικρυς
1270 628 1594 699 ἀναστρέφει
1637 628 1728 678 ἐπὶ
1760 627 1849 678 τὸν

295 722 570 776 Ἰουδαῖον
606 722 822 776 ἀπειλεῖ
854 722 959 793 γὰρ
988 722 1047 774 ὲν
1091 722 1211 784 ταῖς
1241 722 1490 789 νομικαῖς
1533 720 1626 773 καὶ
1653 735 1853 789 προφηο

282 817 463 877 τισι-αῖς
484 815 723 885 Γραφαῖς
750 817 777 867 ὁ
804 813 936 887 Θεὸς
960 813 1053 866 καὶ
1086 813 1315 885 λοιδορεῖ
1369 811 1567 866 ὁπόταν
1594 810 1725 882 λέγῃ
1755 811 1852 862 οὐκ

284 905 541 958 ἐλάττονα
584 905 691 957 τῶν
737 907 795 957 ὲν
834 904 911 975 τῷ
956 904 1300 974 Εὑαγγελίῳ·
1343 903 1503 956 ὁποῖά
1542 901 1755 955 ἐστιτὰ
1797 903 1854 953 ἐν

298 994 495 1065 Ἡσαΐᾳ.
522 993 694 1059 οὕτως
724 994 944 1065 ἔχοντα·
987 1016 1003 1045 ι
1036 996 1172 1047 Οὐαὶ
1200 996 1249 1047 οἰ
1286 993 1647 1055 συνάπτοντες
1678 992 1854 1044 οἰκίαν

286 1086 418 1157 πρὸς
465 1086 665 1151 οἰκίαν,
719 1086 810 1140 καὶ
852 1086 1019 1157 ἀγρὸν
1067 1086 1202 1158 πρὸς
1248 1086 1416 1156 ἀγρὸν
1460 1084 1785 1153 ἐγγίζοντες*
1832 1102 1850 1133 ι

284 1179 401 1242 καὶ,
438 1196 456 1228 ι
510 1177 645 1230 0ὑαὶ
682 1179 731 1231 οἰ
765 1179 1098 1249 ὲγειρὸμενοι
1138 1177 1200 1230 τὸ
1243 1174 1406 1248 πρωῒ,
1445 1175 1538 1229 καὶ
1575 1176 1636 1228 τὸ
1666 1175 1857 1244 σίκερα

285 1266 601 1331 διώκοντες·
648 1288 667 1321 ι
710 1270 829 1333 καὶ,
863 1289 880 1319 ι
915 1269 1048 1322 Οὐαὶ
1080 1269 1129 1322 οἱ
1161 1266 1527 1337 ἐπισπώμενοι
1558 1265 1655 1328 τὰς
1678 1266 1856 1335 ἁμαρ-

284 1359 403 1422 τίας
433 1358 511 1423 ὠς
544 1360 761 1429 σχοινίῳ
787 1358 1007 1430 μακρῷ·
1038 1379 1055 1411 ι
1089 1362 1204 1417 καὶ,
1237 1377 1255 1409 ι
1285 1358 1419 1412 Οὐαὶ
1446 1358 1497 1410 οἰ
1523 1356 1769 1426 λέγοντες
1798 1357 1859 1408 τὸ

288 1449 523 1520 πονηρὸν
557 1450 737 1513 καλὸν,
769 1451 864 1503 καὶ
892 1451 952 1503 τὸ
981 1450 1140 1504 καλὸν
1170 1449 1421 1520 πονηρόν·
1456 1468 1474 1500 ι
1518 1450 1636 1513 καὶ,
1674 1467 1691 1498 ι
1723 1448 1858 1500 Οὐαὶ

286 1542 334 1594 οἰ
359 1539 637 1612 ἰσχύοντες
663 1541 836 1612 ὑμῶν,
859 1544 907 1596 οἰ
941 1543 1187 1605 πίνοντες
1221 1541 1311 1594 τὸν
1335 1539 1496 1594 οἶνον.
1540 1559 1558 1592 ι
1596 1540 1705 1593 Καὶ
1727 1538 1858 1593 ἀλλα
1908 1564 1911 1567 ·

286 1632 331 1685 δ’
372 1632 439 1685 ἂν
465 1633 646 1704 εὕροις
679 1634 867 1704 μυρία.
906 1632 1031 1697 Πῶς
1053 1633 1097 1686 δ’
1129 1634 1188 1686 ού
1224 1632 1579 1704 παραπλήσια
1600 1627 1687 1694 αἷς
1716 1629 1859 1697 λέγει

288 1722 540 1787 ἀπειλαῖς
574 1724 683 1794 (27)
714 1724 828 1776 ἐστι
858 1723 939 1788 τὸ,
972 1743 988 1774 ι
1023 1724 1157 1778 Οὐαὶ
1180 1723 1328 1787 ἔθνος
1362 1721 1704 1794 ἁμαρτωλὸν,
1737 1720 1861 1784 λαὸς

291 1814 506 1887 πλήρης
549 1813 853 1887 ἁμαρτιῶν,
887 1814 1104 1886 σπέρμα
1141 1813 1396 1884 πονηρὸν,
1441 1812 1545 1865 υἱοὶ
1584 1812 1793 1881 ἄνομοι,
1838 1830 1856 1861 ι

290 1905 382 1957 καὶ
414 1905 484 1959 τά
528 1905 690 1976 έξῆςς
730 1900 811 1969 οἷς
855 1905 1105 1977 ἐπιφέρει
1144 1903 1474 1976 τηλικαύτας
1514 1903 1760 1965 ἀπειλὰς,
1806 1902 1865 1954 αϊ
1893 1889 1934 1943 Β

288 1997 425 2048 εἰσιν
461 1996 561 2049 οὐκ
609 1996 859 2059 ἐλάττους
890 1989 965 2049 ὧν
1009 2014 1141 2067 φησι
1180 1996 1269 2049 τὸν
1320 1995 1525 2066 Ἰησοῦν
1558 1994 1856 2066 εἰρηκέναι.

292 2089 362 2141 Ἦ
389 2089 490 2140 οὐκ
519 2088 664 2141 ἔστιν
689 2089 885 2160 ἀπειλὴ
908 2089 999 2142 καὶ
1028 2090 1236 2159 μεγάλη
1263 2106 1325 2157 γε
1348 2090 1380 2158 ἡ
1404 2088 1706 2157 φάσκουσα’
1742 2105 1759 2135 ι
1799 2087 1862 2138 Ἡ

289 2180 361 2249 Υῆ
394 2178 549 2249 ὑμῶν
588 2179 813 2250 ἔρημος,
846 2181 899 2233 αἰ
942 2180 1123 2244 πόλεις
1155 2179 1306 2251 ὑμῶν
1342 2178 1718 2249 πυρίκαυστοι,
1766 2177 1862 2249 τὴν

289 2268 474 2340 χώραν
516 2269 668 2340 ὑμῶν
714 2269 944 2324 ἐνώπιον
988 2271 1141 2342 ὑμῶν
1188 2271 1452 2340 ἀλλότριοι
1494 2270 1863 2324 κατεσθίουσιν

290 2360 482 2430 αὐτὴν,
520 2361 614 2414 καὶ
656 2361 945 2433 ἠρήμωται
979 2362 1435 2433 κατεστραμμένη
1468 2360 1571 2414 ὑπὸ
1603 2360 1745 2415 λαῶν
1774 2360 1866 2415 ἀλ-

290 2449 558 2521 λοτρίων;
600 2469 618 2502 ι
662 2450 784 2515 Πῶς
808 2452 853 2504 δ’
884 2452 943 2504 ού
973 2452 1227 2523 λοιδορίαι
1262 2454 1356 2505 καὶ
1392 2454 1449 2505 ἐν
1485 2452 1560 2523 τῷ
1609 2452 1865 2523 Ἰεζεκιήλ

292 2545 398 2594 είσι
437 2542 575 2613 πρὸς
614 2543 703 2595 τὸν
741 2543 888 2609 λαὸν,
921 2544 1047 2597 ἔνθα
1082 2545 1111 2597 6
1146 2544 1349 2615 Κύριός
1380 2546 1495 2596 ἐστι
1526 2544 1699 2612 λέγων
1732 2545 1864 2615 πρὸς

290 2635 383 2687 τὸν
412 2636 732 2705 Προφήτηνο
770 2654 788 2688 ι
830 2637 915 2689 Ἐν
940 2638 1089 2708 μέσῳ
1111 2637 1385 2708 σκορπίων
1417 2638 1480 2689 σὺ
1506 2638 1808 2699 κατοικεῖς;
1842 2657 1859 2687 ι

293 2722 417 2797 Ἆρ’
452 2722 567 2791 οὖν,
613 2727 660 2780 ὦ
700 2728 891 2793 Κέλσε,
934 2729 1352 2801 συνῃσθημένως
1396 2727 1504 2799 (28)
1564 2729 1865 2799 πεποίηκας

293 2815 382 2867 τὸν
428 2816 683 2869 Ἰουδαῖον
703 2816 928 2885 λέγοντα
953 2820 1080 2889 περὶ
1103 2817 1195 2870 τοῦ
1233 2816 1430 2888 Ἰησοῦ,
1454 2818 1533 2869 ὅτι
1566 2834 1584 2867 ι
1630 2816 1867 2870 Ἀπειλεί

295 2907 386 2959 καὶ
419 2907 649 2979 λοιδορεῖ
680 2909 892 2979 κούφως
912 2950 926 2974 ,
961 2909 1158 2963 ὁπόταν
1189 2909 1349 2981 λέγῃ·
1402 2909 1534 2963 Οὐαὶ
1572 2910 1717 2980 ὑμῖν,
1753 2907 1864 2969 καὶ,

296 2998 551 3069 Προλέγω
587 3000 745 3069 ὑμῖν;
779 3018 795 3051 ι
824 3001 932 3069 Οὐχ
962 3001 1114 3071 ὁρᾷς,
1146 3000 1227 3054 ὅτι
1260 2999 1401 3070 ἅπερ
1438 2998 1756 3070 κατηγορῶν
1785 2998 1868 3049 λέ-

297 3106 379 3157 γει
409 3093 436 3143 ὁ
461 3089 613 3161 παρά
629 3090 710 3143 σοι
748 3091 992 3154 Ἰουδαῖος
1012 3092 1107 3144 τοῦ
1149 3090 1344 3161 Ἰησοῦ,
1376 3090 1547 3143 ταῦτα
1571 3091 1636 3143 ἂν
1660 3089 1869 3156 λέγοιτο

1955 636 2290 697 retorquere.
2329 626 2461 680 Nam
2498 629 2548 681 in
2589 626 2707 695 lege
2746 634 2802 680 et
2838 625 3118 694 prophetis
3171 625 3312 679 Deus
3352 623 3515 679 etiam

1954 719 2257 784 minitatur,
2282 719 2524 787 increpat
2546 718 2711 773 nihilo
2730 717 2900 772 levius
2924 714 3259 786 quamJesus
3276 715 3328 770 in
3350 714 3519 769 Evan-

1955 810 2114 881 gelio;
2144 811 2224 865 sic
2256 810 2395 879 apud
2416 809 2607 865 Isaiam
2632 827 2645 862 :
2675 825 2694 857 ι
2720 807 2809 863 Vae
2834 807 2926 877 qui
2952 806 3277 877 conjungitis
3296 806 3518 860 domum

1956 904 2021 957 ad
2043 902 2260 957 domum
2290 911 2346 956 et
2386 915 2575 971 agrum
2614 914 2747 969 agro
2772 899 3059 968 copulatis.
3085 917 3104 951 ι
3136 898 3233 953 Et:
3265 916 3285 949 ι
3310 896 3401 952 ναι
3426 897 3519 966 qui

1955 996 2281 1065 consurgitis
2310 1010 2467 1050 mane
2489 997 2554 1049 ad
2581 996 2899 1049 ebrietatem
2932 994 3268 1049 sectandam.
3295 1011 3313 1042 ι
3346 989 3477 1043 Item
3501 1005 3517 1041 :

1962 1105 1980 1138 ι
2013 1086 2103 1140 Va:
2150 1087 2243 1154 qui
2289 1086 2507 1141 trahitis
2546 1094 2765 1155 peccata
2814 1084 2967 1153 quasi
3022 1083 3265 1137 funiculo
3301 1082 3517 1149 longo.-

1957 1176 2247 1231 Similiter:
2278 1193 2298 1227 ι
2330 1174 2420 1229 ναι
2445 1176 2536 1244 qui
2568 1176 2746 1231 dicitis
2771 1175 2970 1230 malum
2995 1174 3220 1236 bonum,
3244 1182 3296 1223 et
3322 1172 3520 1225 bonum

1958 1269 2180 1323 malum.
2204 1286 2222 1318 ι
2264 1267 2365 1321 Et:
2408 1284 2423 1318 ι
2451 1265 2538 1321 Va:
2564 1267 2653 1336 qui
2686 1276 2938 1337 potentes
2970 1264 3104 1322 eSIis
3133 1266 3201 1318 ad
3232 1263 3523 1318 bibendum

1957 1359 2141 1412 vinum
2164 1359 2228 1411 “.
2251 1376 2269 1409 ι
2316 1357 2384 1412 Ει
2415 1357 2519 1412 alia
2563 1357 2808 1415 invenire
2836 1367 2920 1414 est
2952 1355 3004 1412 id
3033 1370 3204 1425 genus
3236 1354 3522 1424 permulta.

1958 1450 2039 1503 An
2073 1465 2178 1503 non
2211 1448 2377 1503 minis
2404 1448 2603 1503 similia
2633 1457 2761 1504 sunt
2796 1449 2909 1504 haec
2935 1467 2949 1505 :
2992 1466 3011 1500 ι
3038 1445 3129 1501 Va:
3155 1446 3299 1517 genti
3330 1458 3524 1514 pecca-

1961 1541 2113 1605 trici,
2144 1540 2339 1610 populo
2367 1540 2515 1609 gravi
2550 1540 2855 1610 iniquitate,
2884 1539 3077 1595 semini
3104 1551 3334 1605 nequam
3356 1579 3370 1603 ,
3401 1535 3527 1589 ﬁliis

1959 1633 2242 1690 sceleratis
2269 1633 2349 1699 ”,
2381 1650 2399 1683 ι
2436 1641 2489 1688 et
2516 1641 2711 1689 cmtera
2736 1674 2750 1698 ,
2784 1632 2982 1702 quibus
3010 1630 3163 1685 addit
3205 1640 3283 1684 tot
3316 1628 3524 1691 minas,

1962 1741 2058 1781 nec
2093 1725 2332 1780 minores
2372 1724 2439 1779 iis
2478 1738 2615 1793 quas
2663 1722 2851 1779 Jesum
2887 1724 3184 1778 intentasse
3221 1719 3388 1775 dicit?
3419 1722 3528 1773 An-

1964 1832 2069 1871 non
2111 1816 2271 1871 minze
2312 1824 2437 1870 sunt
2479 1825 2536 1871 et
2586 1831 2793 1884 magna:
2839 1815 3057 1883 quidem
3117 1814 3267 1869 istae:
3314 1831 3332 1864 ι
3359 1810 3528 1865 Terra

1964 1920 2143 1965 vestra
2172 1909 2407 1973 deserta,
2429 1907 2855 1981 Mcivitates
2881 1917 3073 1964 vestra:
3095 1922 3370 1963 succensae
3397 1907 3527 1977 igni;

1964 2002 2237 2072 regionem
2270 2010 2503 2057 vestram
2544 2016 2727 2057 coram
2760 1999 2915 2063 vobis
2956 1998 3117 2053 alieni
3150 2000 3443 2061 devorant,
3476 2005 3531 2047 et

1962 2092 2204 2148 desolata
2243 2101 2495 2148 vastatur
2535 2107 2563 2146 a
2606 2091 2818 2162 populis
2845 2089 3141 2145 alienis“?
3172 2108 3191 2143 ι
3224 2091 3416 2143 Annon
3445 2087 3527 2140 vi—

1964 2184 2173 2253 tuperia
2204 2192 2351 2247 sunt,
2384 2198 2501 2253 qua:
2529 2183 2668 2237 Deus
2694 2190 2884 2237 contra
2912 2180 3165 2250 populum
3194 2179 3271 2232 ait
3297 2177 3361 2231 ad
3390 2178 3531 2230 Eze-

1963 2271 2188 2329 chielem
2208 2271 2562 2342 prophetam:
2588 2270 2749 2326 «Cum
2774 2270 3153 2338 scorpionibus
3174 2269 3389 2323 habitas
3404 2268 3487 2320 ιιι
3506 2287 3523 2318 ι

1964 2361 2044 2414 An
2076 2359 2238 2427 serio,
2266 2358 2444 2425 Celse,
2475 2357 2718 2415 Judaeum
2752 2368 2941 2414 contra
2980 2358 3160 2415 Jesutn
3199 2356 3414 2425 inducis
3443 2358 3528 2412 di-

1964 2464 2209 2509 centem:
2250 2471 2268 2505 ι
2292 2453 2581 2524 Promptus
2603 2454 2669 2507 ad
2698 2453 2872 2508 minas
2896 2462 2948 2507 et
2975 2453 3244 2522 vituperia
3266 2452 3529 2506 clamitat:

1969 2542 2057 2597 Vae
2080 2546 2252 2612 vobis,
2294 2546 2526 2615 praedico
2555 2546 2753 2601 vobis?
2782 2562 2801 2596 ι
2840 2544 3073 2600 Videsne
3101 2543 3363 2612 quidquid
3406 2557 3532 2597 cum

1965 2634 2091 2689 .lesu
2124 2636 2484 2703 expostulat,
2518 2646 2701 2691 contra
2737 2636 2911 2705 ipsum
2943 2635 3008 2690 de
3048 2636 3158 2689 Deo
3184 2634 3292 2689 dici
3332 2633 3536 2704 posse?

1968 2725 2101 2779 Nam
2150 2728 2289 2782 Deus
2330 2728 2383 2781 in
2409 2728 2689 2797 prophetis
2727 2727 3005 2783 invenitur
3035 2726 3227 2781 iisdem
3277 2738 3529 2795 prorsus,

1969 2818 2156 2884 quales
2181 2817 2400 2873 Judazus
2436 2819 2669 2873 intendit
2702 2858 2716 2881 ,
2762 2817 3202 2874 accusationibus
3240 2815 3533 2876 obnoxius,

1968 2908 2123 2974 quasi
2158 2909 2485 2977 persuadere
2520 2924 2624 2965 non
2654 2920 2856 2980 posset.
2900 2909 3137 2964 Dixerim
3178 2907 3341 2964 etiam
3384 2904 3531 2961 Celsi

1968 2999 2151 3054 Iudaeo
2168 3000 2257 3069 qui
2277 2998 2390 3054 haec
2412 3013 2471 3055 se
2494 3008 2645 3069 putat
2669 3009 2811 3054 recte
2825 2998 2949 3055 Jesu
2976 2999 3175 3067 probro
3200 2998 3353 3063 dare,
3378 3010 3537 3051 exse-

1970 3093 2264 3157 crationes,
2298 3098 2561 3161 quotquot
2598 3092 2711 3145 fere
2733 3100 2860 3147 sunt
2886 3090 2937 3145 in
2969 3089 3209 3143 Levitico
3234 3098 3288 3143 et
3326 3087 3528 3141 Deute-

297 3181 431 3251 πρὸς
468 3182 629 3235 αὑτὸν
664 3180 790 3252 περὶ
829 3180 925 3233 τοῦ
977 3181 1144 3247 Θεοῦ;
1202 3183 1494 3253 ’Λντικρυς
1528 3181 1636 3253 γάρ
1668 3182 1724 3236 ὲν
1757 3184 1867 3244 τοῖς

1973 3182 2482 3253 ronomioscriptae,
2512 3182 2557 3237 si
2582 3181 2801 3238 Judaeus
2832 3197 2862 3237 e
2888 3180 3169 3249 Scriptura
3202 3178 3530 3244 defenderit,

295 3272 499 3342 ὁμοίοις
531 3274 839 3344 εὑρίσκεται
873 3275 969 3336 ὢν,
1007 3274 1082 3337 ὡς
1106 3273 1276 3327 οἴεται
1300 3277 1328 3327 ὁ
1368 3276 1635 3339 Ἰουδαῖος,
1672 3275 1868 3346 ἐγκλή-

304 3380 467 3431 μασιν
495 3365 522 3416 ὁ
548 3366 603 3418 ὲν
619 3367 730 3429 τοῖς
752 3367 1057 3437 προφήταις
1088 3365 1240 3429 Θεὸς,
1270 3367 1345 3430 ὡς
1370 3370 1552 3420 πεῖσαι
1574 3367 1868 3422 ἀδυνατῶν.

302 3453 417 3505 Ἔτι
437 3454 495 3506 δὲ
512 3454 744 3525 φήσαιμ’
762 3456 828 3509 ἂν
850 3456 983 3527 πρὸς
1017 3456 1107 3509 τὸν
1137 3458 1287 3529 παρὰ
1305 3458 1382 3529 τῷ
1401 3459 1592 3528 Κέλσῳ
1622 3460 1870 3513 Ἰουδαῖον

296 3546 541 3614 οἰόμενον
568 3542 627 3599 εὖ
650 3546 821 3601 ταῦτα
876 3548 985 3619 (29)
1018 3549 1095 3619 τῷ
1132 3551 1303 3621 Ἰησοῦ
1332 3552 1601 3619 ἐγκαλεῖν,
1632 3554 1711 3606 ὅτι
1740 3553 1869 3624 ἀραὶ

297 3633 545 3687 πλεῖσται
584 3636 705 3689 ὅσαι
730 3637 1214 3709 ἀναγεγραμμέναι
1239 3642 1376 3693 εἰσὶν
1407 3642 1462 3694 ὲν
1486 3642 1753 3712 Λευῖτικῷ
1777 3643 1871 3695 καί¹

299 3726 722 3797 Δευτερονομίῳ,
760 3729 887 3798 περὶ
909 3721 983 3781 ῶν
1016 3728 1092 3792 ὡς
1114 3729 1209 3783 ἐὰν
1242 3731 1641 3802 ἁπολογήσηται
1674 3736 1702 3785 ὁ
1741 3734 1871 3787 Ἰου-

298 3816 443 3878 δαῖος
473 3818 875 3887 παριστάμενος
908 3820 974 3887 τῇ
1000 3818 1210 3891 Γραφῇ,
1242 3821 1275 3891 ἣ
1315 3821 1571 3885 τοιούτως
1598 3822 1629 3892 ἢ
1668 3824 1761 3875 καὶ
1790 3823 1869 3876 ἔτι

302 3903 507 3972 βέλτιον
541 3905 991 3978 ἀπολογησόμεθα
1033 3908 1302 3981 περὶτῶν
1349 3908 1715 3981 νομιζομένων
1766 3912 1872 3964 ὑπὸ

300 3994 392 4046 τοῦ
427 3995 604 4065 Ἰησοῦ
632 3998 878 4068 εἰρῆσθαι
905 3999 1178 4071 λοιδοριῶν
1206 4003 1296 4054 καὶ
1323 4001 1581 4054 ἀπειλῶν.
1612 4005 1719 4055 Καὶ
1744 4004 1872 4073 περὶ

302 4086 467 4139 αὑτοῦ
494 4087 550 4139 δὲ
576 4086 670 4139 τοῦ
704 4090 978 4153 Μωῦσέως
1006 4091 1190 4159 νόμου,
1229 4091 1389 4161 ἡμεῖς
1426 4091 1623 4161 μᾶλλον
1645 4092 1869 4162 δυνησό-

304 4179 443 4249 μεθα
488 4178 945 4250 ἀπολογήσασθαι,
996 4183 1091 4236 ἆτε
1135 4182 1493 4253 συνετώτερον
1536 4184 1871 4254 διδαχθέντες

303 4270 407 4323 ὑπὸ
438 4271 532 4324 τοῦ
601 4272 772 4341 Ἰησοῦ
814 4272 1029 4325 ἀκούειν
1080 4273 1187 4327 τῶν
1231 4274 1467 4344 νομικῶν
1506 4276 1868 4345 γραμμάτων,

302 4363 446 4434 ἥπερ
482 4366 508 4417 6
558 4364 802 4427 Ἰουδαῖος
824 4382 835 4393 ·
873 4365 1008 4419 ἀλλά
1044 4366 1136 4418 κα)¹
1178 4365 1206 4415 ὁ
1254 4363 1519 4430 Ἰουδαῖος,
1555 4366 1649 4419 ἐὰν
1696 4368 1780 4438 ἴδῃ
1812 4368 1873 4419 τὸ

303 4454 552 4524 βούλημα
586 4455 693 4507 τῶν
729 4456 1078 4527 προφητικῶν
1112 4457 1303 4524 λόγων,
1334 4458 1679 4528 παραστῆσαι
1713 4459 1869 4529 δυνή-

1975 3292 2074 3332 nos
2108 3275 2359 3331 similiter
2386 3283 2479 3328 aut
2502 3274 2668 3329 etiam
2701 3273 2895 3329 melius
2923 3272 3240 3327 defensuros
3266 3271 3533 3340 vituperia

1972 3380 2027 3423 et
2058 3367 2233 3422 minas
2266 3382 2401 3436 quas
2430 3365 2589 3422 Jesus
2634 3366 2873 3436 jactasse
2898 3364 3261 3419 existimatur.
3303 3362 3413 3416 lmo
3453 3362 3537 3416 lc—

1973 3473 2089 3529 gem
2117 3461 2289 3527 ipsam
2327 3458 2530 3527 Moysis
2562 3473 2659 3513 nos
2680 3497 2694 3521 ,
2732 3458 2821 3527 qui
2857 3473 2885 3509 a
2915 3456 3043 3511 .lcsu
3073 3454 3219 3509 docti
3245 3468 3431 3508 sumus
3460 3452 3537 3507 le-

1975 3551 2112 3621 galia
2144 3550 2345 3619 scripta
2382 3549 2686 3618 sapientius
2719 3547 3021 3616 intelligere
3046 3585 3060 3611 ,
3094 3560 3255 3614 quam
3286 3544 3536 3607 Judaaus,

1975 3644 2264 3699 defendere
2305 3643 2479 3711 magis
2511 3641 2810 3711 poterimus
2841 3656 2856 3703 ;
2892 3651 3202 3708 quanquam
3239 3645 3293 3690 et
3324 3634 3541 3690 Judaeus

1974 3735 2111 3804 ipse,
2140 3738 2183 3791 si
2214 3735 2548 3805 perspexerit
2568 3732 3006 3803 propheticorum
3035 3743 3347 3786 sermonum
3393 3742 3540 3781 men-

1975 3836 2124 3889 tem,
2169 3828 2455 3879 ostendere
2504 3826 2697 3892 poterit
2730 3826 2893 3879 Deum
2942 3837 3046 3876 non
3103 3820 3291 3874 leviter
3343 3818 3540 3873 minari

1973 3924 2028 3970 et
2052 3916 2357 3985 objurgare,
2387 3930 2508 3969 cum
2542 3914 2673 3968 dicit
2710 3930 2726 3964 ι
2758 3928 2836 3968 vae
2862 3931 2880 3964 ι
2919 3919 2972 3965 et
3001 3930 3018 3962 ι
3043 3909 3304 3966 denuntio
3327 3908 3533 3971 vobis”

1974 4016 2027 4060 et
2057 4007 2329 4076 quomodo
2354 4006 2517 4069 Deus,
2545 4015 2603 4058 ut
2635 4004 2881 4058 homines
2912 4002 2978 4057 ad
3004 4016 3062 4056 se
3092 4008 3398 4064 convertat,
3426 3998 3542 4052 ha‘e

1975 4096 2160 4159 dicat,
2198 4110 2316 4164 quae
2358 4094 2546 4150 Celsus
2577 4109 2644 4148 ne
2690 4092 2971 4147 conlatum
3014 4090 3228 4159 quidem
3266 4090 3541 4144 hominem

1974 4198 2093 4239 esse
2120 4186 2388 4239 dicturum
2412 4183 2725 4237 arbitratur.
2750 4179 3007 4235 Similiter
3026 4190 3203 4235 autem
3222 4178 3539 4242 Christiani,

1976 4275 2067 4343 qui
2100 4288 2263 4326 unum
2310 4274 2363 4326 in
2401 4273 2678 4341 prophetis
2716 4282 2770 4325 et
2815 4272 2866 4324 in
2910 4270 3134 4325 Domino
3176 4272 3339 4324 Deum
3370 4284 3539 4324 nove-

1975 4375 2124 4429 runt,
2160 4365 2376 4434 planum
2412 4364 2643 4429 facient,
2677 4364 2874 4419 rationi
2907 4377 3175 4418 consonus
3213 4376 3358 4426 esse,
3406 4375 3542 4429 quas

1978 4456 2068 4510 ille
2099 4457 2276 4510 minas
2306 4470 2427 4510 esse
2462 4463 2668 4520 censet,
2696 4464 2751 4509 et
2774 4470 2908 4523 quas
2935 4453 3339 4521 objurgationes
3364 4460 3540 4505 vocat.

302 4562 455 4598 σεται
490 4547 550 4599 τὸ
575 4548 686 4616 (50)
726 4548 799 4619 μὴ
836 4549 1049 4617 κούφως
1079 4548 1320 4601 ἀπειλεῖν
1366 4550 1457 4601 καὶ
1494 4548 1749 4619 λοιδορεῖν
1781 4552 1867 4601 τὸν

1980 4546 2169 4602 Paucis
2215 4547 2436 4617 insuper
2476 4548 2577 4601 hoc
2613 4546 2729 4600 loco
2765 4546 3004 4608 Celsum,
3039 4545 3127 4614 qui
3166 4543 3541 4612 philosophum

301 4639 433 4691 Θεὸν
466 4638 690 4709 λέγοντα
728 4645 809 4706 τὸ,
846 4662 864 4693 ι
901 4644 1055 4707 Οὐαὶ,
1101 4662 1119 4694 ι
1167 4645 1260 4696 καὶ
1309 4662 1326 4694 ι
1368 4642 1612 4714 προλέγω
1646 4643 1800 4711 ὑμῖν·
1846 4663 1862 4693 ›

300 4732 395 4784 καὶ
422 4733 542 4796 πῶς
565 4733 695 4797 Θεὸς
718 4734 858 4806 ὑπὲρ
882 4736 1213 4805 ἐπιστροφῆς
1234 4735 1328 4788 ἀνθ
1339 4734 1533 4807 ρώπων
1553 4733 1620 4786 τά
1646 4734 1867 4786 τοιαῦτα

300 4824 365 4876 ἀν
391 4824 563 4894 λέγοι,
598 4827 740 4897 ἅπερ
771 4828 939 4881 οἴεται
968 4829 1087 4880 οὐδὲ
1115 4828 1371 4897 φρόνιμον
1402 4826 1683 4896 ἄνθρωπον
1716 4826 1869 4896 ποιῆ-

302 4930 389 4967 σαι
420 4918 449 4968 ὁ
480 4915 701 4979 Κέλσος.
736 4918 841 4969 Καὶ
874 4918 1184 4988 Χριστιανοὶ
1208 4917 1263 4969 δὲ
1296 4918 1390 4968 ἕνα
1410 4915 1541 4968 Θεὸν
1576 4915 1929 4983 γινώσκοντες

1979 4654 2037 4693 se
2069 4648 2122 4692 et
2160 4648 2468 4693 nostrarum
2502 4653 2684 4692 rerum
2730 4638 2987 4691 scientem
3036 4650 3154 4690 esse
3179 4636 3390 4705 jactitat
3414 4673 3427 4697 ,
3461 4634 3544 4686 in-

1980 4732 2266 4800 termgabo
2294 4750 2308 4786 :
2349 4731 2490 4787 lleus
2522 4742 2575 4785 tu
2605 4747 2619 4794 ;
2652 4732 2697 4786 si
2736 4730 3037 4786 Mercurius
3081 4730 3220 4800 apud
3254 4727 3541 4783 llomerutu

1984 4824 2156 4894 Ulyssi
2189 4826 2344 4879 dicit:

1935 4958 1949 4979 ,
1973 4919 2063 4972 τὸν
2093 4922 2151 4972 ὲν
2184 4924 2295 4984 τοῖς
2322 4924 2625 4993 προφήταις
2654 4923 2747 4975 καὶ
2782 4921 2858 4991 τῷ
2890 4920 3096 4992 Κυρίῳ,
3135 4919 3543 4991 παραστήσουσι

299 5008 362 5059 τὸ
416 5007 637 5076 εὔλογον
686 5008 795 5061 τῶν
841 5010 1204 5080 νομιζομένων
1256 5008 1512 5071 ἀπειλῶν,
1572 5010 1663 5061 καὶ
1690 5007 1994 5079 λεγομένων
2029 5012 2177 5082 παρὰ
2206 5012 2282 5083 τῷ
2308 5014 2497 5085 Κέλσῳ
2523 5012 2815 5085 λοιδοριῶν.
2853 5014 2961 5066 Καὶ
2985 5012 3142 5080 ὁλίγα
3173 5014 3250 5073 εἰς
3270 5009 3360 5062 τὸν
3382 5007 3545 5060 τόπον

376 5164 421 5287 δὲ
455 5162 644 5221 Matth.
698 5164 890 5231 xr,2l;
946 5179 1106 5228 χχιιι,
1151 5162 1234 5218 l5.

306 5251 365 5299 ιι,
389 5251 441 5287 ο.

381 5434 488 5505 (9.6)
522 5434 663 5486 Idem
719 5435 771 5486 in
808 5442 979 5495 textu,
1026 5432 1379 5505 πάθῃειιιίγιι
1428 5432 1767 5505 llmschelius
1816 5443 1872 5487 et

309 5502 637 5572 Spcucerus,
695 5514 819 5571 post
848 5520 1006 5558 voces
1049 5506 1105 5574 ἐν
1148 5502 1229 5573 τῷ
1278 5504 1610 5574 Εὑαγγελίῳ,
1666 5504 1872 5558 addunt

306 5575 443 5639 οὐαί,
472 5576 616 5643 quod
648 5577 799 5627 abest
830 5589 858 5625 a
883 5576 1039 5627 codd.
1072 5573 1238 5642 Regio
1266 5587 1315 5628 et
1344 5573 1661 5638 Basilecnsi,
1685 5587 1737 5627 et
1766 5576 1870 5625 uti-

308 5660 407 5713 que
438 5645 723 5697 redundat.

380 5715 490 5783 (ἳῖ)
536 5712 846 5778 ’Λᾶ-τεινίαῖς⁸
878 5712 1053 5766 Mallet
1086 5713 1416 5778 Boltcrcllus,
1448 5713 1749 5783 λοιδορίαις.

378 5786 487 5855 (‘28)
527 5786 695 5855 Codd.
727 5784 923 5855 Regius
955 5797 1009 5836 et
1032 5785 1375 5855 liasileends,
1404 5784 1829 5855 συνῃσθημένος.

378 5854 489 5923 (i9)
520 5853 673 5922 Πρὸς
701 5854 807 5906 τὸν
833 5856 988 5921 ,παρὰ
1015 5854 1090 5919 τῷ
1123 5855 1333 5917 Κέλσῳ
1367 5853 1644 5907 ’[0ιῦἁῖον
1679 5856 1870 5923 οἰόμε-

1336 5163 1380 5193 “
1411 5160 1513 5215 lsa.
1571 5177 1627 5228 v,
1678 5162 1734 5229 8,
1789 5164 1876 5227 ll,
1911 5166 2000 5233 18,
2031 5168 2119 5233 20,
2169 5168 2258 5222 22.

2363 5168 2408 5199 "
2435 5166 2536 5223 lsu.
2575 5185 2613 5233 t,
2643 5168 2698 5222 4.
2803 5166 2859 5236 “ﬂ
2891 5167 2991 5221 Isa.
3025 5183 3065 5235 ι,
3091 5167 3143 5223 7.
3241 5164 3287 5197 “
3340 5166 3538 5220 Bacch.

1976 5428 2173 5487 νον-εὗ
2205 5434 2411 5498 ταῦτα,
2444 5445 2551 5488 etc.
2584 5434 2659 5488 lta
2690 5434 2846 5491 codd.
2881 5432 3078 5502 Regius
3102 5442 3156 5487 et
3180 5432 3536 5498 Basileensis;

1979 5504 2225 5572 impressi
2265 5508 2573 5575 νει-οητοῖς
2615 5506 2883 5574 οἰομένοις
2911 5503 3001 5557 τὸν
3049 5504 3199 5573 παρὰ
3227 5502 3307 5573 τῷ
3350 5502 3542 5575 Κέλσῳ

1991 5571 2238 5644 Ἰουδαῖον
2262 5571 2319 5627 εὖ
2354 5573 2547 5639 ταῦτα,
2582 5586 2685 5629 etc.
2704 5571 2880 5629 'l’aulo
2907 5585 3026 5643 post
3054 5571 3184 5629 mss.
3217 5571 3384 5644 recte.
3414 5571 3542 5644 περὶ

1976 5637 2050 5695 ὧν
2084 5645 2175 5715 id);
2222 5644 2315 5695 ἐὰν
2372 5637 2814 5715 ἀπολογήσηται,
2871 5637 3119 5714 impressi
3164 5645 3291 5714 περὶ
3326 5638 3401 5697 ὧν
3448 5637 3542 5696 ἐάν

1974 5714 2394 5785 ἀπολογήσηται.

2182 5758 2609 5857 Ῑῖἰίίθῖῠνεχουεί,
2641 5786 2981 5857 παραστῆναι
3007 5784 3293 5857 δυνήσεται
3318 5782 3414 5855 τῷ,
3451 5784 3543 5837 sed

1979 5859 2145 5911 codex
2181 5853 2380 5924 Regius
2418 5865 2476 5909 ιιι
2509 5858 2559 5909 in
2591 5853 2779 5912 nostro
2815 5853 2983 5925 tcitu,
3014 5866 3069 5908 ct
3104 5853 3236 5911 sane
3265 5853 3487 5909 rectius.
