3902 6414
474 386 596 441 915

1912 385 2183 443 ORIGENI
2195 388 2232 441 S
3610 379 3692 435 9l6

470 498 742 565 λελέξεται
767 499 901 568 πρὸς
939 499 1028 552 τὸν
1063 498 1288 566 Κέλσον,
1325 499 1788 570 ἐπαγγελλόμενον
1821 499 1913 551 καὶ
1943 498 2251 566 φιλοσοφεῖν
2283 499 2374 550 καὶ
2407 498 2476 550 τά
2501 497 2744 568 ἡμέτερα
2780 495 2998 562 εἰδέναι,
3038 496 3118 548 ὅτι
3159 495 3286 569 ἄρα,
3315 491 3385 548 Ὦ
3412 489 3592 558 οὗτος,
3619 493 3693 548 ἐὰν

473 591 572 663 μὲν
605 593 633 644 6
673 591 825 660 παρὰ
845 591 920 661 τῷ
956 592 1174 662 Ὁμήρῳ
1212 591 1414 664 Ἐρμῆς
1436 591 1566 663 λέγῃ
1599 591 1678 661 τῷ
1725 591 2001 643 Ὀδυσσεῖ·

539 681 760 750 Infelix,
790 699 1036 751 quorsum
1065 683 1142 737 sic
1173 684 1316 737 solus
1347 693 1526 752 tesqua
1557 701 1796 754 pererras
1823 683 1904 736 “‘1

463 771 573 826 l'ers
607 771 703 824 tibi
737 769 850 824 dari
894 769 1156 824 rationem
1191 773 1334 826 hanc
1359 813 1373 838 ,
1409 773 1734 828 Mercurium
1779 777 1855 828 sic
1891 774 2030 844 apud

467 863 752 918 Homerum
787 863 955 932 loqui,
989 873 1046 918 ut
1077 863 1320 935 Ulyssem
1354 870 1613 939 castiget;
1647 868 1904 937 quoniam
1954 867 2030 922 si-

463 969 652 1010 renum
679 961 783 1020 est,
1585 975 1588 982 ι

739 1133 884 1198 Quas
909 1135 1200 1188 circumdat
1225 1152 1442 1191 acervus
1465 1139 1658 1192 ossium
1680 1135 1744 1204 ⁵⁷,

460 1225 669 1280 adulari
702 1237 753 1281 et
781 1229 867 1282 his
896 1229 972 1281 uti
1001 1229 1254 1284 mollibus
1279 1229 1460 1284 verbis
1493 1253 1504 1284 :

459 1317 581 1374 Iluc
605 1319 753 1386 ades,
782 1336 811 1374 ο
838 1319 994 1374 decu:
1025 1332 1072 1374 et
1101 1319 1404 1374 Gra’corum
1429 1321 1693 1392 splendor,
1722 1319 1931 1390 Ulysses
1955 1321 2022 1376 ⁸³.

460 1492 556 1548 Sin
590 1503 775 1549 autem
809 1499 1084 1565 prophctm
1117 1497 1257 1566 apud
1295 1511 1382 1551 me
1407 1504 1462 1553 et
1494 1497 1650 1553 Jesus
1677 1499 1812 1568 ipse,
1847 1507 1905 1552 ut
1933 1513 2028 1552 au-

453 1585 663 1638 ditores
691 1594 1033 1648 convertant,
1064 1601 1180 1638 «vae
1203 1607 1220 1638 ι
1265 1595 1485 1640 utantur
1512 1587 1719 1654 aliisve,
1749 1599 1806 1642 ut
1837 1603 2022 1654 vocas,

460 1672 952 1742 objurgationibus,
984 1679 1096 1729 haec
1129 1675 1264 1730 nihil
1288 1677 1352 1728 ad
1381 1677 1663 1731 utilitatem
1690 1679 2022 1734 audientium

453 1764 758 1832 pertinent,
792 1765 932 1819 hanc
975 1765 1226 1834 loquendi
1261 1768 1520 1820 rationem
1561 1784 1664 1822 non
1701 1771 1922 1826 adhibet
1965 1781 2026 1825 ut

385 1897 390 1902 .
455 1852 724 1908 Paeoniam
745 1855 1086 1908 medicinam.
1107 1855 1270 1927 445
1297 1856 1405 1911 ’Νἱεί
1427 1857 1565 1913 forte
1585 1859 1664 1912 vis
1683 1899 1697 1924 ,
1718 1859 1907 1923 Deum,
1931 1871 2026 1914 aut

453 1955 577 1997 eum
601 1945 694 2012 qui
731 1945 928 1999 divina:
961 1957 1043 2001 est
1073 1959 1282 2001 naturae
1305 1958 1572 2018 particeps
1599 1991 1612 2012 ,
1633 1966 1753 2004 cum
1778 1953 2022 2007 homines

455 2035 768 2105 alloquitur,
793 2053 912 2106 qua:
937 2053 1047 2093 sure
1080 2050 1284 2094 natura:
1309 2057 1525 2111 suaeque
1555 2043 1802 2112 dignitati
1831 2060 2024 2100 conve-

453 2128 609 2182 niant
655 2131 977 2196 attendere;
1023 2132 1246 2186 minime
1292 2149 1422 2187 vero
1469 2135 1813 2188 considerare
1841 2176 1856 2202 ,
1892 2135 2019 2203 quid

454 2219 767 2273 hominibus
799 2235 934 2288 quos
971 2223 1108 2291 regit
1146 2232 1201 2276 et
1246 2238 1342 2278 suo
1374 2224 1540 2277 verbo
1570 2224 1796 2279 adducit
1839 2226 2023 2280 deceat

453 2309 727 2376 promitti,
760 2319 816 2365 et
841 2327 944 2380 qua
989 2313 1196 2368 ratione
1234 2330 1332 2382 pro
1363 2315 1476 2370 suis
1519 2317 1750 2384 quisque
1783 2319 2024 2373 moribus

452 2399 525 2454 sit
549 2401 923 2470 alloquendus.
973 2403 1027 2457 ld
1059 2413 1237 2460 autem
1275 2421 1438 2474 quam
1489 2407 1775 2462 ridiculum
1799 2448 1814 2474 ,
1843 2410 2024 2466 dicere

449 2493 632 2550 Iesum
677 2511 785 2550 non
829 2498 1070 2567 potuisse
1115 2500 1482 2567 persuadere!
1543 2499 1656 2554 lloc
1680 2501 1824 2554 enim
1872 2517 2023 2570 aeque

449 2586 582 2640 ferit
629 2600 738 2640 non
789 2587 961 2641 solum
1009 2587 1295 2652 Judaeum,
1333 2592 1475 2658 apud
1523 2605 1680 2660 quem
1729 2592 2024 2661 prepbctiae

452 2674 638 2730 multis
665 2676 973 2746 hujusmodi
1007 2679 1270 2747 exemplis
1299 2678 1514 2736 refertae
1537 2691 1661 2735 sunt
1687 2699 1702 2748 ;
1735 2683 1828 2736 sed
1857 2683 2018 2737 etiam

453 2765 692 2834 Graecos,
721 2783 952 2836 quorum
977 2771 1250 2839 sapientes
1273 2770 1356 2826 vel
1384 2770 1722 2826 celeberrimi
1753 2787 1881 2826 suos
1913 2787 2018 2826 non

451 2867 746 2924 potuerunt
775 2870 869 2914 aut
901 2861 1275 2926 insidiatores,
1305 2871 1398 2916 aut
1419 2861 1655 2930 iudices,
1685 2873 1779 2916 aut
1802 2877 2023 2916 accusa-

455 2957 601 3004 tores
634 2952 957 3020 persuadere
981 2993 996 3017 ,
1029 2961 1124 3019 ut,
1158 2953 1363 3008 relictis
1401 2954 1572 3018 vitiis,
1601 2953 1816 3009 virtutis
1844 2953 2015 3022 adipi-

453 3041 668 3094 scendae
693 3055 855 3096 causa
886 3041 1278 3112 philosophiam
1311 3044 1788 3114 amplecterentur.

523 3131 612 3184 77.
653 3130 844 3186 Postea
879 3133 1008 3188 dicit
1041 3133 1258 3190 Iudaeus
1283 3135 1411 3190 Jesu
1435 3177 1449 3202 ,
1475 3137 1596 3191 sine
1629 3137 1797 3191 dubio
1823 3149 2018 3191 secun-

457 3228 584 3279 dum
627 3227 932 3283 Judaaorum
979 3229 1212 3298 placita:
1257 3232 1460 3286 «Certe
1501 3247 1781 3301 speramus
1815 3248 1914 3287 nos
1965 3233 2017 3286 in

453 3335 684 3390 corpore
727 3332 1132 3376 resnrrecturos
1179 3337 1300 3376 esse
1343 3333 1397 3378 et
1430 3334 1686 3378 aeternam
1735 3323 2017 3379 habituros

455 3413 661 3478 vitam;
693 3423 748 3466 et
775 3413 934 3481 hujus
959 3415 1377 3470 resurrectionis
1409 3415 1712 3484 exemplum
1743 3425 1797 3470 et
1826 3417 2014 3471 ducem

455 3505 573 3558 fore
598 3518 720 3558 eum
775 3505 864 3573 qui
897 3506 1193 3560 mittendus
1222 3507 1289 3560 ad
1319 3522 1414 3560 nos
1443 3515 1546 3572 est,
1577 3515 1632 3562 et
1663 3509 2015 3575 probaturum

455 3595 588 3649 nihil
613 3610 734 3650 esse
761 3597 904 3665 quod
935 3597 1077 3652 Deus
1106 3607 1337 3667 nequeat
1362 3597 1594 3653 edicere.
1625 3617 1645 3651 ι
1679 3597 1828 3652 [laud
1860 3601 2016 3669 equi—

452 3689 576 3744 dem
605 3689 719 3744 scio
741 3705 809 3745 an
838 3689 1052 3746 Iudaeus
1083 3692 1282 3746 diceret
1305 3693 1576 3748 Christum
1602 3694 1670 3747 ab
1700 3693 1804 3747 illis
1826 3707 2018 3763 exspe-

453 3789 663 3833 ctatum
699 3781 1118 3838 resurrectionis
1147 3782 1451 3850 exemplum
1485 3783 1535 3836 in
1571 3798 1630 3838 se
1659 3785 2014 3853 prazbiturnm

451 3889 596 3928 esse.
634 3873 826 3930 Verum
859 3888 997 3943 esto,
1032 3878 1110 3931 sic
1148 3892 1279 3932 sane
1309 3879 1510 3931 sentiat
1532 3889 1581 3932 ct
1616 3879 1881 3948 loquatur.
1907 3880 2015 3934 Be-

454 3967 694 4035 spondeo
727 3967 794 4022 ad
823 3982 944 4021 eum
970 4009 985 4032 ,
1018 3967 1110 4037 qui
1144 3968 1276 4022 dicit
1325 3983 1382 4022 se
1431 3970 1633 4025 nostris
1660 3986 1689 4024 e
1733 3971 2016 4038 scripturis

452 4058 735 4113 nobiscum
767 4074 966 4129 agere:
995 4059 1220 4129 Legisti,
1249 4075 1281 4114 o
1310 4061 1482 4126 bone,
1506 4077 1590 4128 ea,
1621 4063 1891 4131 inquibus
1917 4079 2014 4120 nos

453 4155 872 4223 reprehensione
903 4155 1090 4222 dignos
1133 4155 1414 4209 existimas
1445 4174 1458 4222 ;
1510 4155 1691 4210 Jesutn
1725 4167 1903 4211 autem
1931 4172 2016 4212 re-

449 4247 754 4302 snrrexisse
774 4287 787 4308 ,
812 4260 1042 4314 eumque
1069 4260 1134 4300 ex
1166 4246 1392 4300 mortuis
1419 4248 1831 4317 primogenitum
1859 4264 1977 4303 esse
1998 4291 2013 4314 ,

447 4355 556 4393 non
603 4337 933 4407 legistiiAn
971 4337 1086 4392 haec
1137 4335 1257 4391 ideo
1287 4337 1487 4406 scripta
1530 4353 1637 4392 non
1669 4347 1834 4404 sunt,
1883 4340 2013 4408 quia

449 4431 651 4499 scripta
691 4443 810 4484 esse
858 4427 1076 4484 nolles?
1118 4426 1386 4494 Quoniam
1437 4442 1565 4482 vero
1602 4427 1818 4484 Judmus
1872 4433 2014 4500 apud

447 4522 662 4576 Celsum
711 4522 888 4592 pergit
920 4521 1067 4591 loqui
1116 4533 1170 4576 et
1215 4522 1673 4576 resurrectionem
1723 4537 2013 4591 corporum

446 4614 704 4682 admittit,
731 4629 836 4669 non
859 4615 1095 4669 arbitror
1111 4620 1470 4682 opportunum
1494 4627 1634 4666 nunc
1658 4627 1775 4668 esse
1802 4623 2014 4681 tempus

2053 685 2108 744 Α
2207 682 2360 736 Τίπτ’
2395 677 2494 745 αὖ,
2527 677 2573 736 ὦ
2597 681 2883 748 δύστηνε,
2908 679 2994 732 δι’
3020 679 3223 750 ἄκριας
3249 680 3452 751 ἔρχεαι
3483 675 3644 744 οἵος;

2135 775 2299 844 ἀνέχῃ
2357 773 2647 841 ἀπολογίας
2701 770 2987 840 λεγούσης,
3045 770 3315 840 δτι.ὑπὲρ
3368 767 3691 839 ἐπιστροφῆς

2132 863 2356 917 τοιαῦτα
2412 862 2490 933 τῷ
2545 863 2785 916 Ὀδυσσεῖ
2835 861 3281 932 προσδιαλέγεται
3331 862 3360 912 6
3415 861 3692 930 Ὁμηρικὸς

2143 955 2350 1025 Ἐρμῆς
2368 971 2382 984 ο
2419 953 2540 1008 ἐπεὶ
2565 953 2625 1006 τὸ
2649 954 2964 1008 κολακεύειν
3001 953 3094 1006 καὶ
3129 950 3507 1022 κεχαρισμένα
3533 950 3691 1018 λέγειν

2131 1049 2404 1118 Σειρήνων
2443 1046 2618 1099 ἐστίν·
2657 1040 2745 1110 αἷς
2778 1047 3036 1116 πάρεστιν

2279 1139 2428 1208 ’Λμρ
2445 1140 2458 1160 ’
2487 1140 2767 1208 ὀστεόφιν
2795 1140 2910 1204 υίς,

2130 1230 2414 1300 λεγούσαις
2432 1249 2446 1262 ο

2199 1323 2362 1392 Δεῦρ’
2404 1323 2493 1392 ἄγ’
2544 1323 2666 1390 ἰὼν,
2714 1323 2988 1376 πολύαιν’
3034 1319 3308 1384 Ὀδυσεῦ,
3353 1317 3690 1389 μέγακῦδος

3285 1410 3306 1482 [
3324 1409 3588 1478 Ἀχαιῶν.

2141 1506 2263 1560 Ἐὰν
2286 1507 2388 1559 δὀἱ
2410 1508 2536 1577 παρ’
2559 1507 2680 1577 ἐμοὶ
2705 1507 2973 1576 προφῆται
2999 1505 3093 1558 καὶ
3114 1504 3274 1567 αὐτὸς
3293 1506 3321 1556 6
3337 1501 3546 1573 Ἰησοῦς
3568 1501 3687 1572 ὑπὲρ

2125 1597 2456 1669 ὲπιστροςςῆς
2475 1597 2582 1650 τῶν
2617 1598 2917 1650 ἀκουόντων
2943 1597 3090 1665 λέγοι
3127 1596 3185 1647 τὸ
3226 1617 3243 1646 ι
3281 1595 3418 1648 Οὐαὶ
3463 1614 3480 1645 ι
3511 1593 3611 1646 καὶ
3637 1592 3685 1655 ἃς

2125 1689 2332 1760 νομίζει
2363 1689 2471 1761 (51)
2506 1689 2791 1759 λοιδορίας,
2826 1688 2977 1740 οὐδὲν
3012 1688 3372 1756 οἰκονομεῖται
3403 1684 3541 1755 πρὸς
3575 1683 3683 1745 τοὺς

2127 1780 2423 1841 ἀκούοντας
2457 1778 2542 1831 διὰ
2587 1778 2694 1831 τῶν
2746 1777 2998 1830 τοιούτων
3031 1776 3224 1844 λόγων,
3263 1775 3381 1827 οὐδὲ
3433 1773 3682 1843 προσάγει

2127 1874 2314 1935 αὐτοῖς
2337 1872 2411 1934 ὡς
2437 1869 2702 1923 Παιώνιον
2731 1869 3015 1939 φάρμακον
3049 1868 3137 1919 τὸν
3171 1866 3408 1920 τοιοῦτον
3435 1865 3613 1932 λόγον.
3633 1865 3681 1916 Et

2131 1965 2203 2035 μὴ
2231 1964 2335 2034 ἄρα
2373 1963 2570 2034 βούλει,
2605 1961 2695 2014 τὸν
2730 1961 2881 2023 Θεὸν,
2911 1959 2943 2030 ἢ
2970 1959 3060 2012 τὸν
3086 1959 3238 2020 θείας
3267 1958 3564 2028 μετέχοντα
3604 1955 3681 2026 φύ-

2129 2073 2263 2120 σεως
2307 2055 2610 2127 ἀνθρώποις
2656 2052 3056 2122 διαλεγόμενον,
3099 2054 3318 2126 σκοπεῖν
3358 2051 3456 2120 μὲν
3497 2049 3564 2102 τὰ
3603 2047 3681 2116 τῆς

2127 2149 2257 2212 ἰδίας
2285 2139 2494 2216 φύσεως
2519 2149 2612 2200 καὶ
2633 2146 2701 2198 τὰ
2725 2147 2841 2198 κατ’
2869 2145 3021 2210 ἀξίαν
3051 2142 3265 2206 ἑαυτοῦ,
3299 2142 3496 2212 μηκέτι
3519 2141 3564 2192 δ’
3595 2142 3680 2191 ἐνο-

2125 2243 2244 2312 ρᾷν,
2273 2240 2324 2292 τί
2359 2239 2554 2310 πρέπει
2595 2240 2705 2300 τοῖς
2743 2235 3212 2306 οὶκονομουμένοις
3267 2234 3358 2286 καὶ
3405 2231 3677 2299 ἀγομένοις

2122 2329 2428 2400 ἀνθρώποις
2455 2328 2558 2380 ὑπὸ
2594 2325 2686 2379 τοῦ
2722 2325 2878 2394 λόγου
2914 2323 3076 2378 αὑτοῦ
3107 2323 3215 2394 (5‘2)
3241 2319 3672 2390 ἐπαγγέλλεσθαι,

2123 2424 2217 2474 καὶ
2251 2423 2463 2491 ἑκάστῳ
2495 2437 2558 2489 γε
2593 2419 2734 2472 κατὰ
2771 2418 2830 2472 τὸ
2873 2418 3230 2487 ὑποκείμενον
3273 2412 3406 2486 ἦθος
3451 2414 3674 2481 διαλέγε-

2125 2515 2272 2568 σθαι·
2299 2513 2416 2576 πῶς
2444 2513 2500 2566 δὲ
2527 2512 2637 2584 (5'5)
2665 2511 2758 2564 καὶ
2786 2510 2845 2562 ού
2880 2509 3086 2578 γελοῖον
3117 2509 3178 2562 τὺ
3209 2511 3392 2561 πεῖσαι
3417 2507 3674 2560 ἀδυνατεῖν

2120 2602 2411 2672 λεγόμενον
2444 2601 2572 2672 περὶ
2604 2599 2696 2652 τοῦ
2757 2597 2952 2668 Ἰησοῦ,
3000 2599 3092 2652 καὶ
3125 2597 3589 2667 κοινοποιούμενον
3623 2596 3672 2648 οὐ

2125 2695 2280 2763 μόνον
2315 2692 2450 2764 πρὸς
2484 2691 2574 2743 τὸν
2627 2689 2894 2754 Ἰουδαῖον,
2935 2688 3104 2741 πολλὰ
3136 2687 3362 2741 τοιαῦτα
3401 2687 3589 2758 έχοντα
3625 2687 3672 2738 ὲν

2119 2789 2238 2848 ταῖς
2281 2782 2657 2856 προφητείαις,
2700 2781 2834 2834 ἀλλὰ
2877 2782 2970 2835 καὶ
3013 2781 3150 2852 πρὸς
3189 2780 3475 2851 Ἕλληνας,
3513 2781 3571 2832 ἐν
3607 2773 3674 2842 οἷς

2120 2879 2348 2940 ἕκαστος
2383 2877 2490 2930 τῶν
2520 2875 2760 2947 μεγάλην
2797 2875 2952 2940 δόξαν
2981 2877 3071 2928 ἐπὶ
3114 2874 3276 2945 σοφίᾳ
3315 2873 3672 2944 ἀπενεγκαμέ-

2122 2988 2226 3022 νων
2261 2969 2319 3022 οὐ
2349 2968 2626 3039 δεδύνηται
2655 2972 2834 3020 πεῖσαι
2859 2968 2984 3031 τοὺς
3017 2966 3480 3031 ἐπιϐουλεύοντας,
3505 2967 3537 3038 ἦ
3566 2967 3672 3028 τοὺς

2119 3059 2394 3122 δικαστὰς,
2423 3059 2455 3129 ἢ
2488 3059 2614 3121 τοὺς
2641 3057 3098 3128 κατηγοροῦντας,
3128 3059 3440 3112 παύσασθαι
3477 3060 3568 3130 μὲν
3587 3057 3670 3128 τῆς

2121 3151 2335 3213 κακίας,
2371 3147 2583 3218 ὁδεῦσαι
2609 3148 2664 3200 δὲ
2697 3147 2784 3201 διά
2817 3147 3132 3216 φιλοσοφίας
3168 3149 3254 3200 ἐπ’
3291 3151 3508 3220 ἀρετήν.

2191 3241 2344 3297 Μετά
2366 3240 2536 3295 ταῦτα
2562 3243 2588 3294 ὀ
2626 3241 2870 3304 Ἰουδαῖος
2897 3240 3044 3308 αὐτῷ
3069 3239 3232 3307 λέγει,
3269 3239 3426 3310 δῆλον
3449 3241 3523 3296 ὅτι
3549 3239 3669 3292 κατὰ

2045 3354 2086 3410 C
2121 3336 2180 3390 τὸ
2219 3334 2488 3396 Ἰουδαίοις
2514 3332 2763 3403 ἀρέσκον,
2798 3333 2874 3384 ὅτι
2916 3353 2932 3381 ι
2977 3332 3296 3400 Ἑλπίζομεν
3328 3331 3390 3400 δή
3423 3349 3520 3383 που
3552 3333 3666 3384 ἀνα-

2123 3426 2413 3496 στήσεσθαι
2441 3427 2498 3477 ἐν
2533 3423 2740 3494 σώματι
2775 3424 2868 3476 καὶ
2905 3423 3085 3493 βιοτὴν
3127 3420 3270 3486 ἕξειν
3307 3422 3520 3474 αἰώνιον
3541 3438 3554 3450 ·
3589 3422 3670 3473 καὶ

2119 3519 2308 3572 τούτου
2348 3517 2696 3588 παράδειγμα
2737 3517 2828 3569 καὶ
2867 3515 3174 3586 ἀρχηγέτην
3217 3515 3310 3568 τὸν
3345 3515 3668 3586 πεμπόμενον

2119 3613 2248 3682 ἡμῖν
2271 3609 2354 3661 έσε
2365 3609 2503 3672 σθαι,
2521 3607 2820 3670 δεικνύντα,
2845 3608 2925 3659 ὅτι
2941 3608 3039 3659 οὐκ
3063 3606 3319 3659 ἀδύνατόν
3341 3623 3393 3658 τι
3409 3603 3483 3668 τῷ
3497 3603 3624 3672 Θεῷ.
3647 3621 3663 3653 ι

2121 3702 2232 3753 Οὐκ
2265 3699 2486 3770 οἴδαμεν
2513 3699 2624 3768 (54)
2658 3695 2750 3752 οὖν
2783 3701 2830 3751 εί
2857 3698 2946 3750 τὸν
2978 3697 3424 3770 προσδοκώμενον
3455 3693 3668 3764 Χριστὸν

2118 3793 2146 3844 6
2180 3791 2424 3854 Ἰουδαῖος
2445 3793 2558 3860 ἐρεῖ
2578 3790 2922 3860 παράδειγμα
2945 3790 3044 3859 τῆς
3063 3789 3408 3850 ἀναστάσεως
3433 3788 3487 3838 ἐν
3509 3783 3667 3851 ἑαυτῷ

2117 3882 2416 3935 δεικνύναι·
2459 3882 2571 3934 ἀλλ’
2601 3881 2758 3944 έστω,
2799 3879 3030 3932 δεδόσθω
3061 3880 3204 3932 τοῦτ’
3235 3879 3394 3932 αὑτὸν
3429 3877 3517 3930 καὶ
3548 3892 3666 3944 φρο-

2118 3979 2225 4028 νεῖν
2259 3974 2348 4026 καὶ
2381 3973 2574 4040 λέγειν.
2613 3974 2720 4024 Καὶ
2752 3968 3193 4040 ἀποκρινούμεθά
3221 3985 3284 4036 γε
3324 3969 3456 4039 πρὸς
3484 3965 3569 4019 τὸν
3596 3965 3666 4016 εί-

2117 4067 2284 4120 πόντα
2326 4068 2388 4118 ἐκ
2423 4065 2530 4118 τῶν
2579 4063 2862 4135 ἡμετέρων
2898 4062 3340 4133 συγγραμμάτων
3373 4063 3496 4130 ἡμῖν
3525 4056 3668 4110 λελα-

2116 4159 2338 4227 ληκέναι
2364 4175 2377 4188 ·
2410 4159 2512 4220 ὅτι,
2541 4152 2612 4208 Ὦ
2642 4149 2818 4218 οὗτος,
2867 4150 2954 4225 ἆρ’
2989 4155 3173 4206 ὲκεῖνα
3225 4153 3319 4222 μὲν
3352 4151 3580 4218 ἀνέγνως
3615 4148 3668 4198 ἐν

2116 4247 2196 4315 οἷς
2231 4250 2549 4317 κατηγορεῖν
2574 4246 2730 4318 ἡμῶν
2756 4245 3176 4316 ὑπολαμϐάνεις,
3201 4245 3300 4315 τὴν
3323 4243 3366 4296 δ’
3393 4242 3666 4295 ἀνάστασιν

2116 4343 2209 4395 τοῦ
2257 4339 2452 4411 Ἰησοῦ,
2479 4338 2573 4392 καὶ
2595 4339 2676 4392 ὅτι
2702 4336 3044 4408 πρωτότοκος
3071 4335 3134 4388 ὲκ
3155 4334 3264 4386 τῶν
3289 4331 3484 4402 νεκρῶν
3507 4330 3665 4388 ἐστιν,

2115 4437 2177 4487 ού
2213 4429 2620 4501 διεξελήλυθαςς
2660 4430 2730 4482 Ἦ
2763 4427 2880 4480 ἐπεὶ
2908 4429 2980 4498 μὴ
3010 4427 3188 4496 βούλει
3218 4424 3386 4478 ταῦτα
3416 4419 3666 4490 λελέχθαι,

2117 4526 2223 4579 οὐδ’
2251 4523 2501 4595 εἴρηταις
2546 4521 2695 4574 Ἐπεὶ
2723 4521 2766 4572 δ’
2793 4522 2820 4572 6
2851 4519 3100 4582 Ἰουδαῖος
3126 4519 3204 4570 έτι
3227 4517 3371 4584 λέγει
3401 4513 3486 4568 καὶ
3505 4526 3668 4581 προσ-

2123 4617 2258 4669 ίεται
2305 4615 2455 4685 παρὰ
2497 4612 2573 4684 τῷ
2598 4613 2787 4682 Κέλσῳ
2816 4610 2911 4681 τὴν
2937 4611 3230 4663 ἀνάστασιν
3256 4608 3362 4661 τῶν
3394 4605 3664 4675 σωμάτων,

447 4705 514 4758 de
549 4705 636 4760 illa
677 4721 983 4761 sermonem
1027 4703 1299 4770 faciendi,
1351 4717 1472 4756 cum
1520 4704 1706 4759 credat
1743 4714 1796 4757 et
1843 4703 2012 4771 proﬁ-

2125 4708 2215 4778 οὐχ
2254 4705 2491 4778 ἠγοῦμαι
2525 4704 2619 4758 νῦν
2654 4703 2903 4774 εύκαιρον
2937 4698 3074 4754 εἶναι
3109 4701 3235 4772 περὶ
3269 4699 3449 4752 τούτου
3477 4691 3670 4756 διεξελ-

447 4805 630 4850 teatur
658 4813 939 4866 corporum
979 4811 1099 4852 esse
1145 4795 1602 4851 resurrectionem
1633 4813 1646 4848 :
1699 4795 1814 4848 sive
1849 4795 1922 4847 illi
1949 4809 2014 4848 ex

449 4889 636 4942 animo
656 4903 981 4943 consensum
1007 4891 1262 4958 praebeat,
1288 4897 1342 4942 et
1369 4899 1518 4943 recte
1542 4889 1605 4942 de
1637 4887 1724 4940 illa
1750 4887 2016 4941 disserere

448 4979 658 5045 possit”;
699 4979 811 5033 sive
833 4995 958 5046 non,
991 4981 1083 5034 sed
1117 4981 1295 5048 potius
1323 4980 1398 5033 illi
1435 4995 1492 5034 se
1526 4979 1778 5033 assentiri
1817 4979 2004 5048 lingat.

448 5069 574 5125 llaec
607 5071 772 5139 igitur
812 5071 876 5124 ad
905 5071 1042 5126 Celsi
1083 5072 1325 5126 Judaeum
1357 5072 1498 5126 dicta
1535 5079 1717 5127 sunto.
1749 5070 1880 5124 Cum
1919 5086 2012 5123 au-

449 5171 558 5214 tem
592 5163 788 5216 addat:
827 5181 845 5212 ι
873 5163 972 5216 Ubi
1001 5177 1141 5216 nunc
1170 5165 1284 5217 est?
1325 5173 1381 5217 ut
1410 5165 1690 5217 videamus
1725 5171 1780 5216 et
1816 5161 2011 5214 creda-

521 5253 568 5285 “
600 5253 794 5325 Odyss.
843 5270 903 5318 χ,
933 5254 1058 5308 281.
1127 5256 1169 5287 ⁸⁷
1205 5255 1398 5326 Odyss.
1475 5272 1575 5320 xu,
1605 5255 1694 5308 45.

521 5371 635 5438 (51)
665 5367 912 5441 Νομίζει.
948 5370 1110 5441 Lego,
1137 5371 1397 5441 νομίζεις.

519 5441 633 5508 (52)
676 5439 823 5492 ’Υπό
871 5440 976 5494 τοῦ
1027 5439 1214 5508 λόγου
1246 5440 1454 5494 αὐτοῦ.
1505 5439 1596 5496 Sic
1645 5448 1792 5495 recte
1821 5455 2011 5494 omnes

446 5525 608 5588 mss;
647 5509 786 5588 male
817 5523 947 5564 vero
976 5510 1224 5580 impressi
1253 5511 1452 5588 habent
1481 5511 1533 5564 in
1579 5521 1750 5576 textu,
1781 5510 1886 5564 ὑπὸ
1915 5511 2009 5564 τοῦ

445 5577 577 5634 λαοῦ
605 5578 790 5635 αὑτοῦ.

521 5648 634 5720 (55)
678 5647 810 5715 Πῶς
853 5649 941 5716 δέ,
995 5658 1104 5702 etc.
1157 5649 1246 5704 Sic
1279 5659 1437 5720 vetus
1475 5649 1643 5704 codex
1693 5649 2013 5706 Vaticanus.

447 5719 627 5792 Libb._
655 5729 838 5792 autem
890 5721 1157 5792 impressi,
1209 5721 1323 5783 πῶς
1356 5719 1412 5773 δὲ
1457 5721 1550 5774 καὶ
1579 5721 1782 5788 γελοῖον
1811 5723 1870 5774 τὸ
1903 5726 2016 5774 πεῖ-

449 5806 538 5845 σαι
567 5789 847 5846 ἀδύνατον.

2119 4799 2228 4852 θεῖν
2259 4797 2394 4869 πρὸς
2417 4797 2506 4849 τὸν
2545 4796 2637 4849 καὶ
2665 4795 2985 4848 πιστεύοντα
3014 4795 3107 4847 καὶ
3138 4793 3359 4861 λέγοντα
3391 4789 3669 4843 ἀνάστασιν

2117 4889 2256 4946 εἶναι
2311 4892 2594 4961 σωμάτων’
2646 4889 2740 4942 καὶ
2787 4888 2897 4940 εἴτε
2938 4886 3296 4958 διαρθροῦντα
3337 4884 3394 4938 τὸ
3441 4877 3670 4933 τοιοῦτον

2123 4985 2252 5054 παρ’
2284 4982 2458 5052 ἐαυτῷ
2486 4983 2576 5034 καὶ
2593 4981 2882 5050 δυνάμενον
2905 4978 3234 5051 πρεσϐεῦσαι
3259 4969 3483 5046 περὶτοῦ
3511 4967 3670 5034 λόγου

2123 5073 2320 5136 καλῶς·
2359 5072 2467 5126 εἴτε
2493 5073 2587 5142 μὴ,
2617 5070 2749 5124 ἀλλά
2774 5068 3142 5141 μυθικώτερον
3166 5059 3672 5134 συγκατατιθέμενον

2118 5166 2196 5235 τῷ
2222 5164 2383 5234 λόγῳ.
2413 5162 2596 5217 Ταῦτα
2629 5162 2727 5232 μὲν
2750 5156 2848 5215 οὖν
2868 5161 3008 5213 οὓτω
3040 5159 3177 5230 πρὸς
3199 5158 3288 5211 τὸν
3313 5153 3508 5210 Κέλσου
3543 5149 3672 5200 Ἰου-

1771 5253 1816 5285 δ⁸
1841 5254 1992 5320 iltid.,
2028 5257 2152 5312 184.

2192 5374 2302 5444 (54)
2338 5375 2458 5428 Οὐκ
2507 5373 2806 5444 (idm-ww]
2839 5387 2894 5444 τι
2939 5369 3042 5444 τῷ-
3073 5369 3370 5444 Θεῷη-Οὐκ
3410 5361 3667 5430 οἷδαμεν.

2118 5439 2206 5500 Ιιο
2229 5439 2386 5499 codd.
2417 5444 2708 5513 Regiuset
2749 5441 3112 5513 Basileensis;
3161 5439 3348 5513 reliqui
3383 5449 3520 5513 vero“
3545 5445 3671 5513 (Hm)

2118 5499 2252 5569 libb.
2304 5499 2582 5581 impressis
2627 5511 2848 5574 habent,
2887 5512 2988 5563 οὐκ
3019 5499 3291 5564 ἀδύνατόν¹
3315 5524 3424 5581 τινα
3452 5500 3529 5570 τῷ
3553 5499 3674 5581 Θεᾷ)

2125 5585 2220 5637 σὺν
2242 5571 2576 5654 τῷσῶματι,
2624 5596 2748 5654 qua!
2799 5571 2959 5654 lectio
3014 5595 3117 5654 non
3161 5579 3459 5654 spernenda.
3511 5571 3672 5654 modo

2123 5665 2244 5722 post
2274 5645 2504 5722 σώματι,
2564 5645 3160 5722 ὀιιᾶίιιῑιιι-ίὰναστῆσαι,
3189 5645 3354 5722 quod
3403 5645 3553 5720 deest
3607 5645 3669 5722 in

2127 5707 2381 5776 inanibus
2415 5707 2542 5778 mss.
2582 5731 2637 5778 et
2669 5721 2788 5777 ideo
2817 5721 2871 5775 in
2913 5707 3068 5776 libris
3105 5707 3372 5790 impressis
3399 5707 3669 5769 uncinulis

2128 5793 2438 5848 includitur.
