4002 6524
333 411 436 467 917

1527 407 1803 465 CONTRA
1838 402 2111 465 CELSUM
2149 402 2276 460 LIB.
2318 401 2385 459 ll.

3486 398 3587 452 9l8

325 529 472 583 δαῖον
500 527 759 599 λελέχθω.
815 529 968 584 Ἐπεὶ
1001 527 1057 582 δὲ
1109 525 1247 599 μετά
1319 526 1492 580 ταῦτά
1557 544 1688 597 φησι
1739 546 1756 577 ι
1799 527 1880 577 Πσ

2013 538 2167 586 mus;
2196 541 2213 572 ι
2246 521 2486 574 dicemus
2526 527 2579 572 et
2617 532 2747 571 nos:
2786 515 2885 571 Ubi
2918 532 3058 570 nunc
3089 523 3167 571 est
3191 556 3204 580 ,
3245 515 3333 585 qui
3364 514 3415 568 in
3451 531 3582 585 pro-

328 616 418 673 οῦν
459 623 644 687 ἐστιν;
696 623 782 676 ἴνα
815 620 1014 692 ἴδωμεν
1043 619 1137 674 καὶ
1169 619 1576 689 πιστεύσωμεν·
1623 638 1640 668 ι
1677 617 1907 688 ἐροῦμεν

327 714 464 783 7:96;
485 714 670 767 αὐτόν·
691 713 800 766 Ποῦ
821 711 915 766 οῦν
941 716 1056 766 ἐστι
1079 713 1173 766 νῦν
1195 715 1223 766 6
1250 714 1306 765 ἐν
1331 715 1442 775 τοῖς
1461 713 1764 781 προφήταις
1793 710 1903 780 (55)

323 801 500 869 λέγων
544 803 638 857 καὶ
681 803 709 855 6
746 804 1007 874 τεράστια
1043 801 1391 873 πεποιηκὼς;
1439 802 1524 854 ἵνα
1568 801 1765 871 ἴδωμεν
1813 801 1906 854 καὶ

323 893 727 965 πιστεύσωμεν,
761 894 842 946 ὅτι
880 893 1035 964 μερίς
1067 895 1180 947 ἐστι
1223 893 1331 962 (56)
1365 892 1457 944 τοῦ
1493 892 1647 944 Θεοῦ.
1682 893 1750 943 Ἦ
1778 891 1903 961 ύμῖν

325 981 425 1051 μὲν
456 982 665 1046 ἔξεστιν
695 985 1073 1053 ἀπολογεῖσθαι
1108 985 1235 1055 περὶ
1268 983 1360 1036 τοῦ
1399 983 1472 1053 μή
1507 983 1594 1036 ἀεὶ
1626 983 1904 1051 ἐπιφαίνε-

323 1074 449 1126 σθαι
490 1075 571 1146 τῷ
610 1076 756 1144 γένει
795 1075 903 1128 τῶν
951 1076 1216 1148 Ἐϐραίων
1259 1075 1348 1128 τὸν
1387 1075 1537 1136 Θεὸν,
1585 1076 1716 1144 ἡμῖν
1746 1072 1800 1125 δὲ
1840 1073 1899 1125 ού

315 1164 520 1219 δίδοται
555 1170 587 1238 ή
625 1167 761 1238 αὑτὴ
798 1167 1060 1236 ἀπολογία
1095 1167 1224 1238 περὶ
1257 1165 1351 1218 τοῦ
1397 1165 1590 1236 Ἰησοῦ,
1626 1165 1774 1229 ἅπαξ
1807 1165 1902 1218 καὶ

316 1257 670 1337 ἀναστάντος,
696 1259 790 1312 καὶ
823 1261 1105 1323 πείσαντος
1141 1259 1268 1329 περὶ
1298 1259 1396 1326 τῆς
1445 1258 1636 1311 ἐαυτοῦ
1669 1257 1902 1310 ἀναστά-

319 1360 462 1409 σεως
519 1348 646 1410 τοῦς
695 1347 975 1418 μαθητάς·
1027 1351 1120 1403 καὶ
1155 1351 1245 1401 ἐπὶ
1274 1349 1526 1402 τοσοῦτον
1587 1347 1895 1411 πείσαντος,

314 1433 460 1486 ὥστε
481 1434 550 1487 δι’
582 1429 659 1491 ὧν
687 1438 952 1507 πάσχουσι
983 1439 1252 1492 δεικνύναι
1287 1443 1470 1500 πᾶσιν,
1502 1440 1581 1492 ὅτι
1613 1438 1898 1508 βλέποντες

313 1524 418 1591 τὴν
437 1525 652 1578 αἰώνιον
679 1524 842 1597 ζωήν,
875 1530 966 1581 καὶ
989 1528 1084 1600 τὴν
1112 1528 1563 1599 ύποδεδειγμένην
1588 1529 1771 1591 αὐτοῖς
1807 1529 1896 1580 καὶ

316 1614 465 1684 λόγῳ
493 1616 586 1668 καὶ
607 1616 752 1688 ἔργῳ
781 1619 1093 1682 ἀνάστασιν,
1131 1619 1385 1683 παίζουσι
1426 1618 1602 1671 πάντα
1635 1618 1702 1670 τά
1737 1621 1792 1671 ἐν
1819 1619 1896 1689 τῷ

316 1704 423 1774 βίῳ
456 1706 725 1772 ἐπίπονα;

385 1796 544 1848 Μετὰ
574 1797 744 1851 ταῦτα
771 1798 916 1866 λέγει
949 1801 977 1852 6
1015 1799 1281 1865 Ἰουδαῖος⁸
1317 1821 1334 1852 ‹
1371 1803 1440 1855 ’Ἡ
1472 1802 1564 1855 ἐπὶ
1587 1802 1759 1873 τούτῳ
1792 1819 1891 1854 κα-

2011 617 2189 686 pltctis
2234 615 2471 684 loquitur
2502 621 2552 667 et
2597 613 2839 682 prodigia
2887 610 3057 666 fecit?
3105 620 3164 665 ιιι
3210 611 3490 662 videmnus
3529 619 3583 660 ct

2008 708 2297 762 credamus
2342 720 2439 759 vos
2489 704 2578 758 Dei
2631 704 2896 774 peculium
2947 717 3087 758 esse.
3121 703 3203 756 Att
3254 701 3410 757 vobis
3461 699 3584 754 licet

2009 814 2202 852 causas
2232 798 2362 850 dare
2393 811 2491 850 cur
2523 797 2665 849 Deus
2699 793 3046 848 Hebraeorum
3085 792 3268 864 generi
3300 807 3404 846 non
3440 807 3579 860 prm-

2006 901 2134 940 scns
2174 900 2389 953 semper
2420 885 2580 948 adsit;
2616 883 2773 937 nobis
2801 893 2982 937 autem
3013 882 3232 937 easdem
3263 897 3365 935 non
3398 881 3582 936 licebit

2007 979 2231 1033 reddere
2253 976 2321 1032 de
2348 973 2472 1031 Jesu
2495 1018 2510 1040 ,
2539 976 2663 1046 qui,
2684 975 2852 1030 semel
2880 974 3199 1040 suscitatus,
3229 989 3380 1028 suam
3409 973 3577 1026 disci—

2005 1070 2145 1140 pulis
2185 1069 2638 1124 resurrectionem
2672 1066 2970 1134 persuasit,
3012 1074 3064 1119 et
3098 1065 3167 1118 ita
3204 1064 3419 1134 quidem
3451 1079 3578 1132 per-

2003 1162 2215 1226 suasit,
2247 1170 2307 1214 ut
2354 1174 2450 1229 per
2490 1173 2553 1213 ea
2587 1173 2706 1226 qua:
2748 1158 3055 1225 patiuntur,
3105 1155 3278 1224 palam
3319 1155 3576 1209 omnibtts

2002 1253 2213 1308 faciant
2246 1268 2304 1307 se
2351 1252 2508 1304 ludos
2559 1249 2739 1302 facere
2771 1262 3106 1317 quiccunque
3150 1249 3330 1315 gravia
3361 1246 3414 1299 in
3467 1247 3574 1299 vita

2002 1346 2334 1412 tnolestaque
2363 1353 2517 1407 sunt,
2553 1343 2675 1410 quia
2703 1340 2865 1392 vitam
2902 1348 3158 1391 :rtcruam
3212 1339 3573 1391 resurrectio-

2003 1452 2234 1504 nemque
2292 1436 2391 1488 sibi
2442 1434 2610 1488 verbo
2653 1442 2707 1486 et
2759 1444 2923 1498 opere
2975 1429 3408 1482 demonstratam
3464 1442 3573 1496 prae

1999 1529 2166 1582 oculis
2198 1528 2394 1582 habent
2416 1526 2434 1578 ἓ

2066 1711 2230 1784 446
2264 1710 2352 1765 78.
2385 1709 2566 1780 Pergit
2597 1707 2849 1762 Iudaeus:
2905 1725 2924 1758 ι
2948 1705 3028 1760 An
3067 1720 3134 1760 eo
3167 1703 3476 1769 descendit,
3515 1712 3574 1757 ut

1999 1804 2259 1859 increduli
2303 1802 2624 1858 essemus?»
2660 1800 2756 1854 Cui
2799 1799 3011 1854 dicetur
3037 1841 3052 1866 ,
3103 1813 3206 1853 non
3245 1812 3309 1852 eo
3353 1797 3572 1851 venisse

311 1889 534 1959 τῆλθεν,
569 1891 636 1943 ἵν’
673 1893 1091 1964 ἀπιστήσωμενς
1129 1914 1146 1944 ι
1184 1896 1324 1966 Πρὸς
1354 1895 1412 1948 ὃν
1445 1895 1738 1961 λελέξεται·
1779 1897 1880 1948 Ούν

1997 1904 2051 1948 ut
2079 1895 2279 1950 Iudaeis
2307 1910 2470 1949 causa
2513 1892 2907 1947 incredulitatis
2934 1901 3118 1954 esset,
3153 1891 3246 1946 sed
3272 1904 3391 1947 eam
3424 1891 3571 1943 futu-

311 1982 409 2034 ἐπὶ
455 1983 629 2052 τούτῳ
674 1984 773 2054 μὲν
812 1979 993 2055 ἦλθεν,
1041 1987 1106 2039 ἵν’
1155 1987 1453 2056 ἐργάσηται
1497 1987 1592 2058 τὴν
1637 1987 1891 2040 ἀπιστίαν

321 2073 619 2138 Ἰουδαίοις
641 2076 1063 2144 προγιγνώσκων
1081 2078 1125 2131 δ’
1147 2080 1315 2149 αὐτὴν
1333 2079 1616 2150 ἐσομένην,
1642 2084 1886 2150 προεῖπε·

309 2164 406 2215 καὶ
438 2167 804 2236 συνεχρήσατο
831 2169 892 2236 τῇ
927 2168 1150 2239 ἀπιστίᾳ
1176 2169 1282 2220 τῶν
1323 2169 1591 2223 Ἰουδαίων
1625 2170 1760 2239 πρὸς
1793 2170 1890 2240 τὴν

308 2255 507 2325 κλῆσιν
543 2257 651 2310 τῶν
690 2258 889 2312 ἐθνῶνο
920 2260 997 2331 τῷ
1029 2260 1134 2332 γὰρ
1170 2263 1393 2314 ἐκείνων
1414 2263 1817 2334 παραπτώματι
1856 2265 1887 2333 ή

310 2348 558 2416 σωτηρία
591 2351 703 2412 τοῖς
749 2349 924 2402 ἔθνεσι
971 2351 1279 2422 γεγένηται,
1330 2354 1456 2424 περὶ
1503 2347 1575 2406 ὧν
1605 2357 1632 2407 6
1675 2357 1730 2407 ἐν
1776 2358 1888 2418 τοῖς

308 2440 618 2509 προφήταις
647 2441 876 2513 Χριστός
902 2459 1030 2514 φησι
1051 2461 1064 2473 ⁸
1098 2463 1115 2494 r
1151 2444 1312 2507 Λαδς,
1338 2444 1396 2496 ὃν
1417 2446 1516 2497 οὐκ
1540 2445 1728 2514 ἔγνων,
1751 2446 1889 2498 ἐδού-

304 2526 466 2581 λευσέ
517 2549 627 2601 μοι,
672 2535 752 2596 εἰς
793 2535 963 2605 ἀκοὴν
1007 2535 1170 2588 ὠτίου
1210 2536 1488 2607 ὑπήκουσέ
1522 2554 1653 2607 μου·
1713 2559 1729 2588 ι
1770 2539 1883 2601 καὶ,

306 2637 330 2671 ε
368 2621 616 2692 Εὑρέθην
645 2628 756 2688 τοῖς
787 2626 886 2695 ἐμὲ
922 2626 995 2696 μὴ
1031 2625 1305 2697 ζητοῦσιν,
1341 2628 1586 2699 ἐμφανὴς
1619 2630 1884 2699 ἐγενόμην

301 2712 417 2772 ταῖς
443 2712 543 2781 ἐμὲ
575 2713 648 2785 μὴ
688 2715 1024 2786 ἐπερωτῶσι.
1060 2735 1077 2765 ι
1115 2717 1221 2769 Καὶ
1256 2719 1442 2784 σαφὲς,
1471 2719 1550 2771 ὅτι
1579 2720 1672 2771 καὶ
1704 2718 1800 2790 τήν
1828 2720 1884 2771 ἐν

305 2797 408 2869 βίῳ
435 2801 655 2855 κόλασιν
694 2803 952 2868 Ἰουδαῖοι,
992 2804 1128 2876 μετά
1153 2806 1213 2858 τὸ
1239 2806 1500 2860 διαθεῖναι
1533 2809 1630 2862 τὸν
1677 2807 1884 2879 Ἰησοῦν

301 2891 338 2944 ἃ
396 2891 676 2964 διέθηκαν,
729 2894 1118 2967 ἐκολάσθησαν.
1165 2897 1484 2966 Λεγέτωσαν
1539 2899 1582 2952 δ’
1645 2901 1884 2956 Ἰουδαῖοι

303 2982 400 3036 ἐὰν
429 2984 589 3053 ἡμεῖς
622 2984 978 3052 ἐγκαλοῦντες
1012 2987 1309 3059 φάσκωμεν
1333 2990 1464 3060 (57),
1502 2991 1787 3064 θαυμαστή
1821 3012 1883 3064 γε

301 3073 432 3143 ὑμῖν
463 3076 497 3144 ή
525 3074 618 3127 τοῦ
662 3075 796 3128 Θεοῦ
833 3077 1057 3149 πρόνοια
1098 3081 1191 3132 καὶ
1217 3081 1616 3153 φιλανθρωπία,
1657 3084 1881 3151 κολαζο-

304 3165 509 3234 μένοις,
540 3169 635 3220 καὶ
663 3171 967 3240 στερηθεῖσι
994 3173 1088 3224 καὶ
1114 3172 1210 3242 τῆς
1253 3174 1625 3246 Ἰερουσαλὴμ,
1659 3178 1752 3229 καὶ
1786 3178 1880 3230 τοῦ

297 3257 594 3330 λεγομένου
619 3261 976 3332 ἀγιάσματος,
1005 3265 1097 3318 καὶ
1121 3267 1217 3334 τῆς
1242 3268 1574 3336 σεμνοτάτης
1595 3269 1879 3339 λατρείας;

305 3354 368 3404 Ὃ
395 3352 505 3423 γὰρ
529 3352 624 3405 ἐὰν
647 3353 872 3408 εἴπωσιν
897 3357 1321 3428 ἀπολογούμενοι
1351 3359 1478 3430 περὶ
1501 3358 1599 3429 τῆς
1625 3360 1880 3430 προνοίας

297 3443 392 3495 τοῦ
425 3443 585 3508 Θεοῦ,
621 3447 783 3516 ἡμεῖς
824 3447 1022 3517 μᾶλλον
1054 3450 1536 3521 κατασκευάσομεν
1568 3453 1663 3504 καὶ
1697 3453 1789 3505 ἐπὶ
1820 3454 1881 3507 τὸ

299 3534 528 3604 βέλτιον,
567 3536 814 3605 λέγοντες
842 3539 1161 3613 θαυμαστὴν
1188 3543 1472 3610 γεγονέναι
1501 3543 1756 3614 πρόνοιαν
1785 3552 1878 3601 τοῦ

297 3627 459 3693 Θεοῦ,
486 3631 942 3703 συγχρησαμένην
970 3632 1046 3703 τῷ
1071 3635 1428 3705 ἁμαρτήματι
1457 3635 1552 3688 τοῦ
1583 3635 1713 3689 λαοῦ
1739 3638 1880 3690 ἐκεί-

295 3737 386 3774 νου
411 3723 494 3784 είς
525 3722 587 3774 τὸ
618 3722 747 3785 τοὺς
778 3722 886 3775 ἀπὸ
919 3724 1028 3776 τῶν
1055 3723 1223 3777 ἐθνῶν
1249 3725 1338 3778 διά
1384 3725 1558 3796 Ἰησοῦ
1589 3728 1876 3799 κληθῆναι,

294 3814 420 3876 τοὺς
447 3813 633 3879 ξένους
665 3813 772 3867 τῶν
796 3813 1086 3885 διαθηκῶν,
1112 3816 1204 3869 κοιλ⁵
1233 3817 1545 3888 ἀλλοτρίους
1568 3819 1677 3872 τῶν
1706 3821 1878 3888 ἐπαγ-

292 3905 490 3973 γελιῶν
534 3907 613 3969 είς
657 3905 753 3976 τὴν
794 3905 888 3959 τοῦ
931 3907 1065 3960 Θεοῦ
1116 3907 1408 3977 βασιλείαν.
1466 3912 1574 3963 Kal.
1614 3911 1784 3964 ταῦτα
1822 3912 1877 3964 δέ

291 3999 557 4068 προεῖπον
584 3998 634 4050 οἱ
676 3997 972 4068 προφῆται,
1001 3999 1076 4062 ὼς
1115 3998 1224 4070 ἀρα
1271 3999 1357 4053 διὰ
1395 4000 1465 4053 τά
1507 4002 1877 4074 ἁμαρτήματα

291 4085 386 4141 τοῦ
413 4087 522 4141 τῶν
565 4087 832 4160 Ἑϐραίων
861 4087 990 4142 λαοῦ
1023 4088 1300 4154 ἐκλέξεται
1329 4092 1356 4143 6
1385 4091 1517 4155 Θεὸς
1545 4094 1666 4162 οὐχὶ
1701 4093 1870 4158 ἔθνος,

291 4180 427 4234 ἀλλὰ
454 4180 684 4248 λογάδας
720 4183 1054 4251 πανταχόθεν
1077 4199 1092 4212 ο
1129 4184 1222 4235 καὶ
1251 4183 1509 4256 τὰμωρὰ
1533 4186 1627 4238 τοῦ
1668 4187 1873 4257 κόσμου

291 4274 672 4344 ἐκλεξάμενος,
696 4276 911 4346 ποιήσει
939 4274 1000 4327 τὸ
1027 4275 1288 4329 ἀσύνετον
1312 4277 1462 4341 ἔθνος
1484 4279 1737 4346 γενέσθαι
1761 4278 1872 4353 (58)

290 4366 347 4419 ἐν
366 4369 480 4429 τοῖς
509 4364 675 4428 θείοις
702 4366 900 4435 λόγοις,
943 4367 1240 4438 αἰρομένης
1270 4369 1368 4439 μὲν
1401 4371 1494 4422 ἀπ’
1526 4370 1748 4424 ἐκείνων
1777 4371 1873 4440 τῆς

288 4455 379 4510 τοῦ
426 4456 562 4510 Θεοῦ
613 4457 909 4528 βασιλείας,
960 4460 1170 4524 τούτοις
1211 4461 1268 4513 δὲ
1317 4461 1623 4532 διδομένης.
1690 4463 1873 4532 Ἀρκεῖ

1999 2006 2110 2042 ram
2145 2003 2265 2043 esse
2318 1987 2612 2056 providens
2639 2025 2654 2050 ,
2705 1983 2952 2052 praedixit
2981 1999 2996 2047 ;
3033 1992 3087 2038 et
3121 1983 3184 2036 ad
3229 1982 3570 2036 vocatiOnem
3602 1983 3604 1986 ’

1996 2081 2236 2150 gentium
2282 2094 2410 2134 usus
2441 2087 2522 2132 est
2555 2076 2866 2130 Iudaeorum
2919 2076 3335 2129 incredulitate:
3375 2074 3568 2127 horum

1995 2173 2140 2226 enim
2192 2183 2350 2225 casus
2395 2169 2646 2239 gentibus
2681 2166 2781 2220 fuit
2811 2166 2974 2222 salus.
3011 2165 3087 2220 Ac
3123 2167 3187 2220 de
3230 2165 3294 2219 iis
3323 2163 3568 2218 Christus

1995 2265 2112 2334 ipse
2143 2265 2195 2317 in
2231 2263 2547 2333 prophetis:
2585 2280 2603 2312 ι
2629 2259 2889 2328 Populus,
2926 2259 3118 2326 inquit,
3149 2273 3308 2327 quem
3345 2272 3449 2310 nou
3479 2273 3570 2310 co-

1994 2357 2154 2427 gnovi
2189 2397 2202 2420 ,
2251 2355 2480 2410 servivit
2536 2353 2665 2407 mibi
2702 2393 2715 2416 ,
2772 2352 2826 2404 in
2887 2351 3070 2403 audittt
3131 2349 3280 2403 auris
3331 2347 3570 2402 obedivit

1995 2448 2125 2503 mihi
2163 2447 2229 2504 δ’.
2259 2467 2276 2499 ι
2316 2447 2423 2500 Et:
2479 2465 2495 2495 ι
2523 2445 2776 2498 Inventus
2812 2457 2928 2496 sum
2978 2457 3006 2494 a
3054 2455 3158 2494 non
3205 2439 3570 2508 quaerentibus

1991 2556 2122 2606 me,
2173 2540 2398 2609 apparui
2449 2538 2515 2592 iis
2562 2536 2652 2605 qui
2707 2552 2791 2589 me
2843 2552 2946 2589 non
2998 2533 3412 2601 interrogabant
3444 2532 3508 2584 ⁵ο.
3545 2550 3561 2580 ι

1991 2636 2168 2699 Atque
2203 2631 2365 2686 etiam
2393 2629 2555 2698 liquet
2587 2644 2799 2699 poenas,
2827 2644 2963 2698 quas
2988 2627 3158 2682 Judzri
3193 2628 3356 2682 etiam
3385 2625 3438 2678 in
3467 2624 3567 2677 liae

1991 2726 2098 2778 vita
2125 2724 2266 2794 passi
2281 2731 2428 2786 sunt,
2457 2722 2521 2776 iis
2547 2721 2778 2776 inﬂictas
2795 2737 2932 2783 esse,
2955 2729 3241 2790 postquam
3266 2718 3569 2772 intulerunt

1990 2817 2115 2872 .lesn
2143 2815 2428 2885 supplicia.
2449 2813 2504 2869 Si
2531 2813 2697 2884 igitur
2723 2813 2775 2867 in
2808 2813 2922 2868 illos
2943 2813 3020 2866 sic
3055 2811 3432 2864 inveherentur
3451 2824 3463 2859 :
3481 2807 3565 2862 An

1990 2907 2327 2961 admirabilis
2374 2921 2503 2974 erga
2549 2921 2644 2959 vos
2679 2904 2780 2959 fuit
2814 2903 2904 2958 Dei
2941 2900 3284 2972 providentia
3323 2906 3378 2952 et
3404 2898 3564 2952 beni-

1993 3000 2192 3068 guitas,
2225 2999 2317 3067 qui
2354 3013 2451 3052 vos
2485 2996 2764 3066 suppliciis
2795 2993 3018 3049 affectos
3051 2990 3293 3061 privavit
3326 2989 3488 3044 simul
3510 2999 3567 3041 et

1987 3090 2288 3146 Jerusalem
2321 3100 2376 3144 et
2405 3098 2609 3148 vestro.
2643 3098 2703 3142 ut
2734 3088 2958 3154 vocatis,
2998 3082 3313 3140 sanctuario
3343 3089 3399 3136 et
3431 3093 3560 3134 sau-

1991 3182 2234 3236 ctissimo
2276 3179 2469 3234 cultu?
2526 3178 2912 3247 respondeant.
2959 3176 3016 3230 Si
3061 3175 3242 3228 dicent
3288 3171 3431 3242 quod
3470 3170 3562 3224 Dei

1987 3275 2226 3329 vindicet
2266 3271 2687 3342 providentiam,
2736 3285 2833 3323 nos
2878 3268 3052 3338 magis
3085 3277 3139 3321 et
3169 3265 3338 3320 multo
3371 3263 3563 3318 melius

1985 3363 2132 3417 illam
2197 3362 2486 3417 tuebimur.
2537 3361 2790 3415 Dicemus
2840 3359 2982 3413 enim
3037 3356 3411 3411 admirandam
3463 3355 3551 3407 Dei

1987 3455 2386 3523 providentiam
2423 3453 2614 3518 fuisse,
2649 3467 2767 3521 qua:
2809 3457 3037 3521 peccato
3068 3447 3250 3518 populi
3285 3445 3429 3500 illius
3465 3459 3560 3498 usa

1981 3557 2088 3612 est,
2121 3555 2179 3600 ut
2200 3555 2387 3616 gentes
2410 3560 2506 3616 per
2535 3543 2726 3600 Jesum
2749 3543 2817 3597 ad
2849 3557 3070 3612 regnum
3098 3540 3188 3594 Dei
3214 3547 3559 3602 vocarentur,

1985 3637 2198 3692 tametsi
2229 3647 2415 3691 essent
2448 3651 2478 3690 a
2502 3634 2847 3690 testamentis
2875 3634 3088 3696 alienat,
3115 3639 3170 3686 et
3205 3629 3338 3684 nihil
3368 3629 3432 3682 ad
3467 3643 3563 3681 cas

1984 3727 2372 3795 promissioues
2412 3727 2772 3796 pertinerent.
2813 3725 2990 3795 Atque
3026 3724 3141 3776 haec
3185 3720 3561 3791 praedixerunt

1981 3819 2292 3888 prophetae,
2341 3827 2564 3887 propter
2607 3817 2860 3872 Hebraici
2906 3815 3084 3887 populi
3124 3821 3347 3883 peccata
3390 3812 3558 3864 Deum

1980 3908 2280 3960 electurum
2315 3921 2420 3959 non
2453 3919 2614 3959 unam
2645 3905 2885 3974 aliquam
2917 3911 3156 3974 gentem,
3187 3900 3281 3957 sed
3311 3900 3552 3955 selectos

1979 4014 2045 4052 ex
2074 3999 2361 4064 omnibus;
2393 4007 2446 4052 et
2470 3997 2653 4052 stultis
2686 3997 2872 4052 mundi
2901 3995 3114 4062 electis,
3147 4004 3360 4065 gentem
3387 3993 3558 4058 stupi-

1980 4092 2100 4142 dam
2127 4090 2328 4144 divinis
2353 4089 2589 4158 eloquiis
2611 4089 2974 4151 eruditurum,
3007 4087 3222 4142 sublato
3244 4085 3364 4141 aliis
3386 4099 3558 4154 regno

1980 4180 2072 4235 Dei
2114 4189 2169 4234 et
2206 4180 2327 4236 aliis
2367 4181 2587 4235 tradito.
2635 4178 2810 4234 Unum
2843 4180 2909 4233 de
2953 4179 3138 4232 multis
3167 4177 3303 4232 satis
3337 4177 3554 4246 impne-

1976 4273 2275 4326 seutiarutu
2326 4272 2489 4327 fuerit
2541 4270 2739 4328 afferre
2769 4287 2836 4326 ex
2882 4269 3096 4326 cantico
3144 4268 3547 4324 Deuteronomii

1977 4348 2327 4427 vaticinium,
2375 4363 2465 4417 ubi
2508 4379 2575 4418 ex
2611 4377 2841 4431 persona
2872 4362 3078 4418 Christi
3127 4361 3398 4416 babentur
3437 4361 3553 4414 haec

1975 4454 2040 4507 dc
2069 4455 2310 4522 gentium
2344 4455 2668 4510 vocatione:
2716 4473 2734 4506 ι
2762 4455 2865 4524 lpsi
2910 4469 2996 4509 me
3025 4461 3458 4522 provocaverunt
3498 4451 3553 4504 in

284 4549 329 4600 δ’
368 4549 477 4601 ἀπὸ
517 4549 778 4603 πλειόνων
811 4553 904 4604 ἐπὶ
945 4552 1040 4605 τοῦ
1079 4553 1363 4625 παρόντος,
1395 4553 1738 4626 παραθέσθαι
1771 4554 1870 4624 τὴν

1999 4549 2042 4601 is
2069 4551 2156 4616 qui
2185 4561 2289 4601 non
2325 4556 2482 4601 erant
2523 4547 2617 4610 dii,
2653 4557 2709 4602 et
2738 4547 3102 4616 ",irritaverunt
3129 4543 3182 4597 in
3217 4543 3372 4597 idolis
3397 4542 3548 4608 suis;

283 4641 391 4694 ἀπδ
433 4641 534 4711 τῆς
582 4642 726 4713 ᾠδῆς
762 4642 856 4695 τοῦ
905 4644 1324 4715 Δευτερονομίου
1371 4645 1707 4716 προφητείαν
1742 4646 1868 4715 περὶ

280 4732 381 4804 τῆς
408 4733 518 4785 τῶν
562 4734 731 4786 ἐθνῶν
780 4735 1026 4805 κλήσεως
1068 4735 1242 4799 οῦτως
1274 4736 1524 4807 ἔχουσαν,
1569 4737 1867 4807 λεγομένην

1977 4652 2028 4695 et
2062 4655 2161 4709 ego
2191 4642 2498 4710 provocabo
2543 4654 2637 4695 eos
2666 4640 2718 4693 in
2746 4654 2810 4694 eo
2845 4639 2937 4708 qui
2969 4653 3074 4692 non
3105 4645 3187 4692 est
3217 4634 3466 4706 populus,
3497 4643 3551 4689 et

1979 4734 2031 4786 iu
2057 4745 2217 4801 gente
2243 4733 2408 4787 stulta
2443 4733 2668 4789 irritabo
2703 4731 2820 4787 illos
2844 4731 2911 4785 ⁸³.

279 4826 345 4880 ἐκ
374 4827 670 4899 προσώπου
701 4827 925 4899 Κυρίουο
973 4848 991 4877 ‹
1033 4829 1196 4882 Αύτοὶ
1222 4831 1332 4899 γὰρ
1361 4828 1758 4899 παρεξήλωσάν
1795 4845 1861 4898 με
1893 4829 1977 4880 ἐπ’
2010 4828 2071 4880 ού
2104 4825 2266 4890 θεοῖς,
2301 4820 2660 4898 παρώργισάν
2696 4842 2763 4894 με
2809 4825 2865 4876 ἐν
2904 4823 3016 4885 τοῖς
3059 4820 3294 4884 εἰδώλοις
3336 4819 3546 4874 αὐτῶνθ

279 4920 439 4988 κάγὼ
467 4915 869 4993 ’παραζηλώσω
905 4924 1103 4985 αὐτοὺς
1133 4924 1218 4974 ἐπ’
1253 4922 1352 4975 ούκ
1386 4923 1547 4988 ἔθνει,
1595 4924 1683 4976 ἐπ’
1719 4922 1859 4974 ἔθνει
1885 4922 2132 4991 ἀσυνέτῳ
2161 4923 2445 4994 παροργιῶ
2481 4921 2695 4984 αύτούς.
2737 4941 2754 4972 ι

349 5007 465 5065 Εἶτ’
501 5012 753 5080 ἐπίλογος
782 5014 875 5066 τοῦ
917 5013 1167 5066 Ἰουδαίου
1199 5016 1290 5066 ἐπὶ
1318 5013 1528 5075 τούτοις
1560 5013 1695 5066 πᾶσί
1729 5029 1862 5083 φησι

279 5105 406 5174 περὶ
433 5103 528 5156 τοῦ
573 5103 779 5173 Ἰησοῦ·
829 5125 847 5156 ι
899 5107 1136 5168 Ἐκεῖνος
1175 5105 1271 5176 μὲν
1305 5101 1396 5158 οῦν
1437 5104 1723 5176 ἄνθρωπος
1769 5100 1858 5174 ἦν,

279 5197 369 5248 καὶ
399 5195 662 5260 τοιοῦτος,
705 5191 814 5250 οἷον
857 5198 988 5250 αὐτὸ
1027 5197 1088 5249 τὸ
1136 5196 1333 5268 ἀληθὲς
1370 5196 1678 5267 ἐμφανίζει,
1712 5197 1804 5249 καὶ
1833 5201 1860 5250 6

279 5287 432 5356 λόγος
463 5288 756 5341 δείκνυσιν.
801 5309 818 5339 ι
856 5291 970 5342 Οὐκ
1003 5284 1119 5342 οἶδα
1151 5289 1207 5340 δὲ
1237 5291 1284 5342 εἰ
1319 5289 1622 5360 ἅνθρωπος,
1658 5291 1859 5361 τολμή-

278 5394 372 5440 σας
418 5381 737 5449 ἐπισπεῖραι
781 5379 929 5451 πάσῃ
955 5380 1022 5448 τῇ
1066 5378 1359 5449 οἰκουμένῃ
1407 5376 1506 5447 τὴν
1538 5378 1658 5429 κατ’
1702 5379 1862 5430 αὑτὸν

351 5466 394 5498 δ’
418 5466 562 5523 Psal.
594 5485 724 5529 xvu.
748 5469 836 5524 45.
928 5473 974 5503 ⁵⁰
1008 5471 1106 5525 lsa.
1143 5488 1270 5533 mv,
1305 5473 1354 5524 l.

347 5561 460 5682 ('5?)
492 5560 665 5618 Codd.
719 5563 916 5634 liegius
962 5574 1018 5619 et
1066 5564 1418 5628 Basilecttsis,
1450 5564 1506 5616 ἐν
1561 5568 1677 5626 ταῖς
1727 5581 1856 5634 προ⁸

351 5650 407 5682 τε
436 5650 542 5682 αις.

293 5650 542 5686 ςητειαις.

293 5651 437 5684 ’ττειη
476 5652 490 5684 ι
529 5673 542 5686 .

278 5651 311 5701 φ
338 5651 470 5760 ’ίόϋῗ
493 5651 678 5771 ῗιιερίς
715 5706 865 5758 ἐστι.
911 5706 966 5757 '0
1007 5706 1257 5768 Ἰουδαῖος
1293 5705 1521 5766 scilicet,
1570 5706 1618 5758 id
1653 5714 1757 5769 est,
1803 5709 1850 5759 oi

287 5773 549 5834 Ἰουδαῖοι,
584 5776 634 5826 οί
669 5777 748 5846 τῷ
785 5775 958 5846 Ἰησοῦ
985 5777 1360 5838 ἀπιστοῦντες.
1404 5775 1716 5830 Boltet'ellus
1771 5787 1852 5831 ta-

279 5847 953 5918 menEcusetlcgcuiluut,
984 5848 1138 5918 μερίς
1172 5850 1314 5902 ἐστε.

348 5912 464 5983 (57)
494 5916 584 5971 Sic
614 5916 724 5971 libb
776 5912 1020 5986 lltlpt‘CSSl
1057 5912 1121 5972 ad
1158 5919 1455 5986 marginem
1485 5918 1684 5972 rectius
1719 5931 1848 5972 sane

2044 5013 2130 5070 79.
2165 5015 2400 5068 Tandem
2426 5017 2540 5068 lucc
2566 5014 2747 5065 omnia
2777 5010 3107 5065 concludens
3130 5007 3346 5064 Judzeus
3381 5011 3458 5064 sic
3482 5011 3546 5064 de

1969 5104 2096 5160 Jesu
2133 5108 2408 5176 loquitur:
2445 5125 2462 5157 ι
2495 5107 2665 5161 llomo
2700 5108 2865 5176 igitur
2904 5106 3007 5159 fuit
3046 5105 3155 5166 ille,
3185 5113 3239 5157 et
3275 5105 3395 5157 talis
3423 5106 3546 5173 qni-

1967 5200 2133 5265 dem,
2183 5201 2398 5268 qualem
2449 5209 2506 5253 et
2557 5199 2762 5252 veritas
2815 5197 3058 5251 declarat
3114 5206 3167 5249 et
3207 5195 3544 5250 demonstrat

1968 5292 2128 5344 ratio.
2159 5309 2177 5341 ι
2229 5290 2334 5342 Sed
2367 5290 2550 5344 nescio
2578 5305 2646 5342 an
2683 5291 2866 5352 homo,
2899 5302 3064 5342 ausus
3095 5301 3191 5355 per
3228 5287 3539 5339 universum

1970 5381 2157 5434 orbem
2203 5395 2358 5435 suam
2403 5381 2715 5450 religionem
2745 5378 3154 5445 doctrinamque
3194 5391 3344 5428 suam
3367 5376 3541 5428 disse-

1426 5472 1469 5502 ⁸¹
1515 5472 1669 5524 Deut.
1697 5489 1864 5533 χχχιι,
1905 5474 1995 5528 21.

1961 5586 2120 5656 quam
2165 5571 2217 5624 iit
2255 5579 2422 5633 textu.
2471 5570 2559 5625 ubi
2613 5569 2834 5634 habent,
2870 5568 2964 5621 ἐάν
3012 5569 3141 5639 ἡμῖν
3183 5565 3539 5634 ἐγκαλοῦντες

1961 5658 2230 5709 φασκωσι.

2032 5715 2142 5778 (58)
2199 5713 2265 5765 Τὸ
2309 5712 2609 5765 ἀσύνετον
2635 5713 2810 5776 ἔθνος
2837 5709 3134 5779 γενέσθαι.
3173 5705 3533 5779 Scribeudum

1957 5774 2189 5836 videtur.
2224 5783 2283 5834 τὸ
2312 5781 2568 5836 ἀσύνετον
2620 5774 3033 5844 ἔθνοςσυνετὸν
3063 5777 3332 5848 γενέσθαι,
3369 5774 3534 5842 Exci-

1961 5855 2035 5907 dit
2070 5852 2286 5907 συνετόν
2332 5864 2552 5924 pt'Optet'
2579 5853 2640 5906 τὸ
2670 5851 2927 5907 ἀσύνετον
2955 5853 3282 5921 ιηἰειυιίριιε.
