4002 6542
532 369 636 426 919

1971 375 2292 434 ORIGENIS

3661 395 3758 449 920

531 491 776 558 minare,
809 501 994 563 posset
1017 495 1136 551 sine
1167 495 1279 553 Deo
1310 495 1489 555 facere
1509 499 1689 555 omnia
1721 513 1819 570 pro
1846 499 2045 556 arbitrii

2152 517 2169 562 ι
2197 497 2500 553 θεοσέϐειαν
2522 500 2614 554 καὶ
2642 502 3006 569 διδασκαλίαν,
3043 505 3265 562 δύναται
3291 508 3403 579 (59)
3429 509 3578 563 ἀθεεὶ
3607 512 3756 582 ποιῆ-

527 596 898 653 superareque
929 601 1028 642 eos
1061 601 1271 656 omnes,
1309 590 1400 660 qui
1427 605 1540 646 sua:
1561 591 1821 670 doctrinae
1850 593 2092 663 promul-

524 674 728 743 gationi
761 678 1201 747 adversarentur,
1229 696 1408 752 reges,
1432 683 1806 754 imperatores,
1835 695 2088 743 senatum

521 760 867 832 Romanum,
899 781 1090 824 omnes
1113 763 1352 826 omnium
1381 775 1623 844 gentium
1653 777 1925 846 principes
1944 820 1958 844 ,
1994 792 2089 846 po-

520 853 734 922 pulum.
774 856 1056 924 Quomodo
1087 873 1267 919 autem
1315 875 1367 920 et
1417 867 1651 924 hominis
1689 879 1916 934 natura,
1952 870 2087 926 nihil

519 943 725 1003 habens
749 948 801 1003 in
835 965 896 1006 se
919 951 1034 1021 ipsa
1079 959 1452 1026 prmstantius,
1495 969 1678 1028 posset
1708 970 1872 1018 tanta:
1901 963 2085 1019 multi-

517 1036 722 1094 tudinis
770 1043 981 1099 animos
1017 1045 1306 1105 immutare
1329 1089 1346 1116 ,
1385 1064 1485 1106 nec
1513 1054 1674 1109 modo
1707 1055 2035 1126 sapientium
2062 1096 2080 1126 ,

510 1130 656 1198 quod
677 1145 783 1186 non
809 1134 1006 1191 mirum
1032 1147 1196 1206 esset,
1232 1141 1323 1196 sed
1348 1156 1536 1198 eorum
1567 1145 1756 1214 etiam,
1782 1146 1945 1220 44⁵1
1986 1150 2080 1219 qui

509 1219 660 1275 nulla
690 1223 901 1281 ratione
931 1227 1220 1298 ducuntur,
1252 1233 1344 1302 qui
1375 1234 1520 1290 vitiis
1560 1236 1723 1293 dediti
1751 1248 1917 1305 sunt,
1950 1243 2078 1311 qui-

507 1322 616 1377 que
649 1326 716 1368 eo
744 1313 1014 1374 difﬁcilius
1037 1321 1103 1375 ad
1136 1324 1523 1380 continentiam
1546 1328 1906 1398 adducuntur,
1933 1347 2072 1403 quo-

507 1401 691 1459 minus
739 1406 935 1463 rationi
999 1421 1126 1467 sunt
1174 1413 1577 1484 obsequentes?
1626 1418 1893 1486 Quoniam
1942 1441 2075 1484 vero

501 1489 756 1569 Christus
788 1509 908 1554 erat
936 1509 991 1557 et
1019 1501 1116 1558 Dei
1144 1506 1319 1561 virtus
1355 1517 1410 1563 et
1431 1508 1609 1568 Patris
1635 1515 1922 1583 sapientia,
1957 1519 2072 1574 haec

500 1586 684 1640 omnia
712 1587 840 1644 fecit
863 1599 918 1646 et
941 1593 1101 1649 etiam
1127 1613 1267 1651 nunc
1293 1598 1444 1668 facit,
1473 1601 1596 1658 licet
1619 1603 1789 1661 Judaei
1815 1617 1869 1663 et
1894 1610 2066 1666 Graeci

499 1673 618 1743 ejus
651 1677 913 1737 doctrina:
956 1684 1218 1743 increduli
1249 1693 1500 1746 assentiri
1535 1694 1722 1751 nolint.
1763 1697 1873 1754 Nos
1901 1701 2068 1770 igitur

493 1761 623 1820 Jesu
655 1768 994 1830 documentis
1021 1778 1266 1834 instrueti
1301 1783 1409 1838 Deo
1435 1785 1658 1843 credere
1687 1804 1793 1844 non
1827 1807 2061 1862 unquam

495 1855 844 1928 desinemus,
873 1874 928 1920 et
971 1868 1090 1923 illos
1139 1874 1204 1926 ad
1243 1874 1334 1929 Dei
1384 1877 1587 1932 cultum
1615 1882 1960 1940 caecutientes
1993 1886 2060 1942 ad

491 1948 772 2008 meliorem
810 1955 1016 2028 frugem
1049 1963 1185 2019 velle
1215 1982 1472 2025 revocare
1505 1988 1520 2026 :
1551 1975 1794 2042 quamvis
1826 1991 1925 2032 nos
1957 1993 2060 2035 cae-

489 2040 672 2098 citatis
722 2060 1024 2118 accusent,
1074 2055 1170 2124 ipsi
1217 2074 1344 2116 vere
1379 2063 1504 2118 caeci
1531 2108 1545 2133 ,
1587 2075 1641 2120 et
1685 2083 1780 2123 nos
1805 2070 2056 2142 decipere

487 2131 737 2208 homines
791 2144 1186 2214 criminentur,
1234 2168 1354 2206 cum
1400 2156 1498 2225 ipsi
1553 2159 1668 2214 sive
1705 2160 1897 2228 Judaei,
1941 2168 2054 2221 sive

485 2226 704 2295 Graeci,
741 2235 1021 2294 audientes
1072 2257 1130 2296 se
1186 2245 1472 2314 decipiant.
1523 2249 1756 2307 Pulchra
1812 2257 2053 2323 profecto

483 2330 668 2375 nostra
713 2325 1016 2399 decipiendi
1052 2337 1224 2402 ratio,
1253 2344 1450 2412 quippe
1485 2347 1574 2412 qui
1609 2346 1862 2414 facimus,
1897 2359 1955 2404 ut
1983 2365 2048 2406 ex

482 2407 973 2482 intemperantibus
1015 2407 1396 2496 temperantes
1434 2407 1606 2503 fiant,
1655 2449 1750 2492 aut
1795 2442 2049 2495 studeant

481 2511 890 2578 temperantiae;
918 2530 981 2568 ex
1011 2518 1227 2587 injustis
1248 2525 1374 2591 justi
1404 2528 1536 2593 sint,
1568 2540 1661 2585 aut
1687 2534 1752 2586 ad
1776 2533 2042 2602 justitiam

475 2595 736 2665 tendant;
777 2617 844 2658 el-
879 2605 1309 2677 imprudentibus
1347 2622 1580 2675 evadant
1617 2595 1916 2692 prudentes
1950 2639 2044 2684 aut

471 2688 616 2743 viam
649 2696 948 2760 prudentiae
981 2713 1297 2772 sectentur;
1327 2725 1391 2765 ex
1424 2714 1649 2781 timidis,
1684 2718 1908 2788 ignavis,
1939 2724 2038 2776 im-

469 2784 700 2856 becillis,
726 2793 957 2852 animosi
1010 2799 1118 2856 sint
1167 2814 1222 2858 et
1270 2805 1476 2876 fortes;
1529 2825 1633 2880 qua
1681 2816 1884 2870 virtute
1925 2825 2034 2871 tum

466 2885 773 2945 praesertim
818 2889 1081 2957 eminent,
1134 2911 1255 2952 cum
1291 2901 1357 2954 ad
1410 2903 1668 2971 pietatem
1702 2921 1828 2978 erga
1867 2909 2033 2966 Deum

466 2970 706 3024 omnium
759 2979 1092 3037 conditorem
1143 2970 1464 3046 servandam
1521 2996 1824 3056 decertant.
1875 2999 2035 3056 Venit

465 3071 596 3126 ergo
629 3059 787 3120 Jesus
816 3065 1070 3128 Christus
1116 3091 1222 3130 non
1259 3079 1325 3133 ab
1371 3097 1476 3137 uno
1503 3088 1761 3156 prepheta
1790 3129 1804 3155 ,
1847 3093 1938 3146 sed
1965 3093 2032 3147 ab

2197 607 2285 644 σαι
2315 590 2343 642 ὃ
2390 591 2654 661 βούλεται,
2684 595 2778 648 καὶ
2815 595 3075 668 κρείττων
3119 598 3369 667 γενέσθαι
3409 600 3626 654 πάντων
3653 601 3755 655 τῶν

2192 681 2657 752 ἀντιπραττόντων
2685 686 2750 757 τῇ
2780 689 2916 757 νομῇ
2949 687 3050 757 τῆς
3068 687 3415 754 διδασκαλίας
3443 689 3633 754 αὐτοῦ,
3668 690 3754 760 βα·

2191 770 2383 824 σιλέων
2429 787 2488 824 τε
2539 773 2633 826 καὶ
2679 774 3014 845 ἡγουμένων,
3066 779 3160 830 καὶ
3213 779 3518 851 συγκλήτου
3565 779 3753 850 βουλῆς

2200 859 2505 931 Ῥωμαίων,
2533 863 2626 916 καὶ
2656 863 2762 918 τῶν
2793 866 3070 936 πανταχοῦ
3098 869 3395 939 ἀρχόντων,
3426 870 3523 923 καὶ
3559 871 3746 941 δήμου.

2185 949 2309 1014 Πῶς
2340 951 2396 1004 δὲ
2431 952 2525 1008 καὶ
2551 953 2836 1026 ἀνθρώπου
2869 957 3048 1026 φύσις,
3086 959 3252 1031 μηδὲν
3279 961 3478 1031 ἔχουσα
3508 965 3747 1033 κρεῖττον

2182 1041 2240 1093 ἐν
2286 1042 2444 1116 αὐτῇ,
2484 1043 2704 1099 δύναται
2732 1047 2981 1101 τοσοῦτον
3019 1049 3342 1121 ἐπιστρέψαι
3379 1050 3620 1121 πλῆθος;
3662 1053 3746 1105 καὶ

2179 1131 2241 1184 οὐ
2288 1131 2596 1205 θαυμαστὸν
2631 1139 2680 1191 εί
2708 1137 2814 1190 τῶν
2843 1141 3142 1212 φρονίμων,
3179 1140 3315 1195 ἀλλὰ
3356 1142 3452 1196 καὶ
3484 1143 3595 1195 τῶν
3627 1142 3744 1196 ἀλο-

2178 1225 2458 1294 γωτάτων,
2486 1227 2581 1282 καὶ
2604 1231 2718 1293 τοῖς
2736 1229 2964 1286 πάθεσιν
2993 1233 3328 1304 ἐγκειμένων
3347 1233 3482 1304 (40),
3514 1235 3611 1287 καὶ
3629 1235 3743 1289 ὅσον

2178 1317 2270 1372 ἐπὶ
2311 1322 2377 1391 τῇ
2421 1320 2632 1390 ἀλογία,
2663 1323 3036 1398 χαλεπώτερον
3087 1328 3526 1400 μετατιθεμένων
3571 1332 3651 1394 είς
3686 1331 3741 1385 τὸ

2179 1410 2650 1484 σωφρονέστερον;
2690 1415 2826 1469 Ἀλλ’
2848 1418 2971 1472 ἐπεὶ
2990 1417 3216 1490 δύναμις
3243 1419 3337 1474 τοῦ
3362 1420 3498 1474 Θεοῦ
3551 1424 3580 1476 ό
3616 1421 3740 1494 Χρι-

2173 1497 2298 1563 στὸς
2322 1496 2410 1572 ἦν,
2446 1503 2538 1556 καὶ
2569 1505 2727 1574 σοφία
2756 1506 2850 1560 τοῦ
2880 1508 3109 1581 Πατρδς,
3142 1509 3230 1564 διὰ
3253 1510 3412 1564 τοῦτο
3443 1511 3618 1566 ταῦτα
3646 1531 3737 1568 πε-

2169 1591 2386 1664 ποίηκε,
2420 1594 2514 1648 xui.
2548 1595 2627 1649 ἔτι
2656 1601 2818 1665 ποιεῖ,
2845 1600 2950 1657 κᾶν
2982 1603 3118 1673 μήτε
3167 1603 3408 1657 Ἰουδαῖοι
3443 1604 3583 1675 μήτε
3618 1605 3735 1658 Ἕλ-

2167 1680 2326 1753 ληνες
2374 1684 2688 1756 βούλωνται,
2737 1692 2785 1744 οἱ
2835 1693 3188 1759 ἀπιστοῦντες
3241 1695 3406 1751 αὐτοῦ
3452 1697 3532 1769 τῷ
3575 1698 3733 1770 λόγῳ.

2179 1772 2370 1845 Ἡμεῖς
2399 1773 2489 1832 οὖν
2519 1780 2578 1832 οὐ
2609 1783 2929 1854 παυσόμεθα
2957 1786 3300 1851 πιστεύοντες
3339 1788 3418 1858 τῷ
3446 1789 3567 1860 Θεῷ
3600 1792 3734 1846 κατά

2161 1866 2261 1930 τὰς
2297 1869 2468 1942 Ἰησοῦ
2493 1871 2726 1943 Χριστοῦ
2745 1875 3042 1948 ὑποθήκας,
3072 1879 3307 1944 καὶτοὺς
3329 1881 3732 1949 τυφλώττοντας

2161 1960 2296 2031 περὶ
2328 1960 2633 2018 θεοσέϐειαν
2665 1966 2936 2032 ἐθέλοντες
2964 1971 3312 2043 ἐπιστρέφειν
3331 1989 3344 2003 °
3382 1974 3486 2027 κᾶν
3526 1977 3574 2028 οἱ
3603 1975 3730 2045 ἀλη-

2160 2047 2267 2114 θῶς
2296 2053 2694 2122 τυφλώττοντες
2724 2058 3066 2131 λοιδορῶνται
3093 2065 3224 2134 ἡμῖν
3245 2064 3320 2128 ώς
3341 2065 3726 2134 τυφλώττουσι,

2158 2142 2248 2196 καὶ
2294 2145 2342 2196 οἱ
2389 2145 2785 2215 βουκολοῦντες,
2831 2153 2941 2206 εἴτε
2998 2154 3235 2208 Ἰουδαῖοι
3287 2155 3396 2210 εἴτε
3447 2158 3722 2230 Ἕλληνες,

2153 2235 2278 2300 τοὺς
2305 2240 2866 2313 συγκατατιθεμένους
2890 2245 3090 2310 αὐτοῖς,
3115 2247 3245 2316 ἡμῖν
3292 2249 3602 2317 ἐγκαλῶσιν
3655 2252 3723 2316 ὡς

2152 2326 2464 2396 βουκολοῦσι
2489 2332 2614 2396 τοὺς
2656 2333 3004 2404 ἀνθρώπους·
3058 2337 3228 2408 καλήν
3274 2355 3338 2406 γε
3383 2340 3720 2412 βουκόλησιν,

2151 2418 2214 2471 ἵν’
2245 2421 2364 2473 ἀντὶ
2382 2422 2693 2477 ἀκολάστων
2721 2424 2993 2498 σώφρονες
3016 2429 3303 2496 γένωνται,
3329 2430 3362 2501 ῆ
3392 2433 3721 2500 προκόπτον-

2146 2509 2238 2573 τές
2267 2527 2331 2579 γε
2369 2513 2460 2564 ἐπὶ
2497 2515 2848 2587 σωφροσύνην
2873 2534 2886 2547 ο
2919 2519 3012 2571 καὶ
3046 2520 3166 2573 ἀντὶ
3204 2522 3404 2576 ἀδίκων
3435 2523 3655 2589 δίκαιοι,
3683 2525 3715 2597 ἢ

2145 2600 2542 2672 προκόπτοντες
2595 2607 2685 2658 ἐπὶ
2732 2607 3108 2680 δικαιοσύνην
3163 2613 3256 2664 καὶ
3300 2613 3422 2666 ἀντὶ
3468 2615 3715 2685 ἀφρόνων

2143 2689 2414 2762 φρόνιμοι,
2442 2695 2472 2763 ἢ
2502 2694 2773 2761 ὁδεύοντες
2796 2700 2888 2752 ἐπὶ
2909 2700 3006 2771 τὴν
3035 2700 3293 2772 φρόνησιν
3314 2721 3327 2732 ο
3358 2705 3450 2757 καὶ
3474 2704 3598 2757 ἀντὶ
3620 2705 3715 2759 δει-

2139 2781 2245 2836 λῶν
2301 2785 2402 2836 καὶ
2450 2786 2658 2854 ἀγενῶν
2702 2788 2812 2860 (41)
2862 2791 2955 2844 καὶ
3001 2773 3300 2865 ἀνάνδρων,
3332 2795 3568 2867 ἀνδρεῖοι
3625 2799 3712 2850 καὶ

2138 2875 2473 2947 καρτερικοὶ,
2502 2877 2594 2930 καὶ
2619 2879 2851 2949 μάλιστα
2875 2882 3033 2936 τοῦτο
3060 2885 3494 2957 ἐπιδεικνύμενοι
3517 2889 3577 2944 ἐν
3602 2893 3709 2954 τοῖς

2137 2969 2276 3040 ὑπὲρ
2305 2970 2586 3036 εὐσεϐείας
2611 2975 2709 3044 τῆς
2739 2977 2818 3040 είς
2847 2977 2937 3032 τὸν
2971 2980 3233 3036 κτίσαντα
3265 2983 3360 3036 ὅλα
3390 2983 3523 3038 Θεὸν
3564 2987 3706 3056 ἀγῶ-

2137 3077 2238 3113 σιν.
2287 3057 2490 3116 Ἦλθεν
2526 3060 2617 3118 οὗν
2650 3069 2747 3137 οὐχ
2794 3070 2897 3123 ὑπὸ
2939 3071 3055 3136 ἐνὸς
3097 3077 3397 3146 προφήτου,
3441 3078 3559 3131 ἀλλ’
3606 3080 3704 3133 ὑπὸ

463 3152 716 3209 omnibus
743 3164 1158 3226 praenuntiatus.
1190 3168 1256 3223 Et
1279 3170 1422 3228 Celsi
1448 3150 1753 3244 ignorantia
1785 3150 1906 3248 fuit,
1930 3183 2030 3239 Ju-

2152 3150 2350 3205 τάντων
2376 3157 2776 3227 προκηρυχθεὶς
2809 3161 3016 3232 Ἰησοῦς
3045 3165 3295 3234 Χριστός.
3331 3169 3440 3220 Καὶ
3464 3169 3622 3222 τοῦτο
3649 3171 3702 3224 δὲ

462 3239 637 3295 datum
672 3245 932 3307 inducere
965 3255 1232 3313 dicentem
1254 3301 1268 3324 ,
1296 3263 1364 3316 ah
1395 3239 1505 3319 uno
1530 3271 1794 3336 propheta
1825 3239 2026 3342 praedi-

458 3340 606 3434 ctum
658 3336 932 3396 Christum
985 3344 1171 3403 fuisse.
1221 3350 1400 3422 Atque
1450 3357 1564 3410 htcc
1608 3336 1840 3415 Judaeus'
1884 3365 2024 3434 apud

456 3423 692 3492 Celsum,
726 3431 882 3497 quasi
907 3437 1202 3494 secundum
1237 3457 1388 3497 suam
1429 3445 1598 3516 legem
1639 3449 1878 3519 locutus,
1926 3458 2024 3509 atl-

357 3549 367 3559 .
452 3512 582 3570 ditis
609 3520 880 3577 nonnullis
909 3526 1028 3580 aliis
1050 3567 1065 3591 ,
1099 3544 1219 3598 quae
1260 3536 1483 3592 minime
1513 3539 1677 3610 digna
1708 3555 1837 3600 sunt
1865 3561 2020 3602 men-

455 3604 622 3673 tione,
651 3609 815 3668 ﬁnem
842 3616 1053 3674 dicendi
1078 3622 1228 3680 facit.
1257 3625 1354 3682 Hic
1386 3630 1546 3699 igitur
1573 3604 1626 3686 et
1654 3650 1752 3706 ego
1782 3642 2019 3696 secundo

449 3706 637 3751 contra
681 3701 825 3758 illius
852 3721 1161 3769 sermonem
1205 3716 1341 3772 libro
1375 3721 1534 3776 linem
1578 3724 1875 3794 imponant.
1908 3733 2017 3788 Deo

447 3798 632 3844 autem
667 3793 852 3863 dante,
887 3808 942 3852 et
966 3801 1168 3859 Christi
1201 3807 1400 3865 virtute
1431 3811 1481 3865 in
1509 3824 1748 3871 nostram
1774 3822 2013 3876 animam

446 3877 671 3982 illapsa,
709 3886 761 3940 in
803 3892 961 3947 tertio
1006 3909 1122 3962 quae
1155 3911 1339 3967 postea
1393 3919 1421 3958 a
1451 3905 1608 3962 Celso
1645 3911 1846 3982 scripta
1886 3925 2013 3970 sunt

445 3968 682 4030 refutare
704 3981 1039 4044 conabimur.

442 4262 2524 4330 ,Ἢ

2131 3241 2230 3312 τῆς
2273 3244 2510 3314 ἀμαθίας
2540 3241 2608 3317 ἦν
2654 3249 2891 3317 Κέλσου,
2945 3254 3242 3325 περιθεῖναι
3292 3257 3370 3328 τῷ
3433 3259 3702 3331 Ἰουδαῖκῷ

2132 3334 2426 3406 προσώπῳ,
2453 3337 2548 3392 ἕνα
2576 3342 2862 3414 προφήτην
2895 3348 3280 3418 προειρηκέναι
3301 3350 3428 3421 περὶ
3451 3351 3545 3404 τοῦ
3573 3354 3616 3405 Χ
3625 3371 3700 3423 ριο

2133 3426 2278 3480 στοῦ.
2316 3430 2426 3481 Καὶ
2472 3432 2591 3485 ἐπεὶ
2628 3432 2800 3488 ταῦτα
2836 3437 2864 3489 ό
2903 3437 3054 3509 παρὰ
3083 3439 3160 3510 τῷ
3205 3441 3400 3513 Κέλσῳ
3451 3445 3696 3509 Ἰουδαῖος

2127 3518 2372 3589 εἰσῆκται
2408 3521 2604 3590 λέγων,
2658 3525 2733 3590 ὡς
2779 3527 2938 3596 δῆθεν
2986 3531 3127 3584 κατά
3170 3533 3261 3585 τὸν
3293 3533 3484 3588 ἑαυτοῦ
3515 3537 3691 3607 νόμον,

2127 3609 2222 3662 καὶ
2255 3611 2418 3666 αὐτοῦ
2450 3631 2550 3667 που
2585 3617 2891 3672 κατέπαυσε
2921 3620 3013 3674 τὸν
3038 3621 3212 3690 λόγον,
3249 3626 3342 3678 καὶ
3368 3626 3503 3680 ἄλλα
3531 3628 3692 3682 εἰπὼν

2121 3701 2181 3754 ού
2216 3705 2437 3775 μνήμης
2476 3706 2632 3772 ἀξια·
2684 3711 2777 3764 καὶ
2816 3712 2978 3778 αὐτὸς
3023 3715 3207 3773 ἐνθάδε
3252 3721 3592 3776 καταπαύσω
3635 3723 3692 3776 τὺ

2119 3790 2368 3865 δεύτερον
2401 3796 2508 3850 τῶν
2549 3799 2684 3870 πρὸς
2725 3801 2785 3854 τὸ
2821 3802 3158 3876 σύγγραμμα
3195 3808 3360 3862 αὐτοῦ
3390 3810 3690 3882 ὑπαγόρευ-

2122 3881 2323 3940 θέντων
2351 3904 2458 3957 μοι.
2493 3889 2625 3943 Θεοῦ
2651 3891 2707 3945 δὲ
2730 3893 2978 3962 διδόντος,
3014 3898 3108 3951 καὶ
3134 3899 3233 3970 τῆς
3266 3902 3500 3972 Χριστοῦ
3536 3903 3686 3958 δυνά-

2123 3989 2268 4042 μεως
2299 3979 2366 4048 τῇ
2397 3983 2540 4050 ψυχῇ
2597 3982 2752 4052 ἡμῶν
2793 3985 3182 4060 ὲπιδημούσης,
3231 3995 3599 4064 πειρασόμεθα
3630 3997 3684 4048 ἐν

2117 4063 2193 4133 τῷ
2227 4067 2394 4137 τρίτῳ
2433 4069 2566 4140 πρὸς
2614 4073 2680 4126 τὰ
2708 4073 2834 4144 ἑξῆς
2877 4076 2953 4146 τῷ
2999 4077 3193 4150 Κέλσῳ
3232 4063 3512 4152 γράφένέα
3553 4102 3682 4156 πρα-

2115 4156 2543 4222 γματεύσασθαι.

2525 4322 3662 4352 -——___.____..___________

1051 4421 1887 4548 ΩΡΙΓΕΝΟΥΣ
1960 4443 2375 4559 ΚΑΤΑ
2449 4449 3061 4574 Κ.ΕΛΣΟΥ

1556 4617 1933 4706 ΤΟΜΟΣ
1997 4625 2379 4717 ΤΡΙΤΟΣ
2401 4624 2538 4720 (42).

673 4882 1258 4987 ORIGENIS
1331 4901 1800 4998 CONTRA
1880 4913 2338 5012 CELSUM
2410 4926 2772 5019 LIBER
2848 4934 3410 5030 TERTIUS.

486 5176 541 5232 1.
575 5176 631 5232 In
672 5179 846 5248 primo
874 5189 1014 5255 quod
1058 5191 1319 5248 adversus
1361 5196 1554 5253 librum
1588 5216 1615 5253 a
1648 5203 1805 5259 Celso
1831 5221 1980 5261 arro-
2014 5215 2059 5270 D

362 5278 370 5284 '
413 5270 558 5336 ganti
587 5273 694 5326 veri
732 5279 985 5332 sermonis
1019 5282 1171 5339 titulo
1209 5286 1522 5358 inscriptum
1557 5305 1852 5364 contraque
1882 5315 1980 5356 nos

409 5360 748 5420 elaboratum
795 5371 1115 5438 scripsimus
1165 5378 1455 5445 volumine,
1501 5384 1813 5444 ﬁdelissime
1850 5400 1979 5446 Am-

407 5449 574 5516 brosi,
607 5457 979 5524 praefationem
1027 5463 1142 5530 ejus
1188 5477 1242 5520 et
1275 5485 1394 5538 quae
1425 5477 1722 5542 sequuntur
1767 5482 1977 5549 ordine,

476 5561 590 5702 $59)
615 5565 798 5626 (30ch
829 5573 1051 5643 Regius,
1079 5579 1386 5652 δυνήσεται.

501 5635 590 5702 ⁴’0)
642 5639 1040 5702 Ὲγκειιιένων.
1093 5649 1286 5702 Guietu
1343 5673 1386 5702 st

476 5635 590 5704 (ιθ)
642 5635 1050 5712 Ἐγκειμέὶίωνί
1093 5635 1286 5706 Gnieto
1316 5635 1686 5714 Viscribendnm
1737 5664 1971 5733 videtur,

403 5703 756 5757 ἐκκειμένων-

437 5721 758 5766 κκειμενων.

475 5772 585 5848 (41)
625 5778 790 5838 Codd.
821 5785 1019 5857 Regius
1052 5801 1102 5846 ct
1136 5790 1475 5866 llasilccnsis,
1504 5799 1761 5868 ἀγεννῶν.

2173 5216 2259 5268 Ἐν
2307 5218 2404 5288 μὲν
2447 5217 2522 5288 τῷ
2573 5219 2770 5293 πρώτῳ
2807 5225 2884 5296 τῷ
2923 5227 3058 5298 πρὸς
3104 5231 3204 5302 τὴν
3254 5232 3490 5300 ἀλαζόνα
3537 5238 3655 5295 ὲπι-

2178 5603 2520 5706 ﬂltrjzi-
2553 5608 2740 5706 ita???
2765 5613 3030 5706 saepe;
3059 5616 3155 5706 τείν
3175 5619 3645 5706 ἐπειγεϊραμξιένον

2084 5673 2719 5766 ῙὲέλσουΙιάλῃθῆΔλόγον
2764 5673 3036 5766 τόμοξγίο
3085 5689 3197 5744 Duo

2083 5744 2244 5813 τόμος
2273 5753 2316 5813 γ’
2350 5744 2546 5802 habent
2573 5744 2726 5817 λόγος
2757 5758 2821 5818 γ’.
