4002 6522
141 422 225 478 ρει
1311 410 1590 467 CONTRA
1629 409 1903 468 CELSUM
1943 411 2069 468 LIB.
2106 411 2191 469 lll.

3267 413 3369 471 99.9.

143 542 299 613 οίμιον
333 535 493 593 αὑτοῦ
538 534 631 588 καὶ
662 533 810 604 ἐξῆς,
852 532 1082 587 ’ἑκαστον
1125 531 1234 585 τῶν
1267 532 1570 604 εἰρημένων
1604 533 1702 602 βα-

1810 541 1862 588 ut
1890 532 2116 603 jussisti,
2149 547 2247 603 pro
2291 533 2498 588 viribus
2528 533 2778 600 refutavi,
2825 532 2955 588 nihil
3009 531 3365 587 indiscussum

144 630 446 694 σανίζοντες,
483 626 590 689 ἓως
620 624 992 696 κατελήξαμεν
1017 626 1097 686 εις
1131 622 1227 694 τὴν
1269 626 1397 694 παρ’
1421 623 1568 694 αὺτῷ
1605 622 1696 695 δη-

145 721 391 796 μηγορίαν
443 719 536 773 τοῦ
613 718 902 783 Ἰουδαίου,
966 715 1354 787 πεπλασμένην
1420 715 1697 785 γεγονέναι

145 814 266 885 πρὸς
293 812 380 866 τὸν
417 811 652 881 Ἰησοῦν
691 812 748 863 ἐν
791 809 847 862 δὲ
877 807 954 880 τῷ
1003 808 1238 880 δευτέρῳ
1272 806 1406 878 πρὸς
1457 807 1576 873 ὅλα,
1623 807 1700 870 ὡς

146 899 299 958 οἷοίτ’
333 897 496 974 ἦμεν,
536 902 943 971 ἀπαντήσαντες
976 898 1045 952 τὰ
1071 899 1171 969 τῆς
1212 898 1347 970 πρὸς
1376 899 1545 970 ἡμᾶς,
1574 899 1699 962 τοὺς

145 997 221 1051 διά
257 992 490 1067 Χριστοῦ
540 993 618 1064 τῷ
658 991 778 1063 Θεῷ
821 991 1194 1055 πιστεύοντας,
1224 991 1563 1062 δημηγορίας
1603 990 1697 1044 τοῦ

146 1088 260 1159 παρ’
286 1085 431 1155 αύτῷ
477 1084 728 1138 Ἰουδαίου
749 1101 761 1113 ·
807 1081 988 1154 τρίτον
1021 1081 1209 1134 τοῦτον
1250 1080 1578 1152 ἐνιπάμεθα
1614 1080 1700 1134 λό-

146 1194 246 1245 γον,
276 1177 331 1228 ἐν
362 1170 408 1242 ᾧ
441 1174 723 1247 πρόκειται
758 1171 1128 1241 ἀγωνίσασθαι
1168 1170 1303 1244 πρὸς
1345 1171 1382 1225 ἃ.
1433 1171 1700 1226 ἐκτίθεται

145 1269 209 1331 ὡς
245 1267 347 1322 ἀπὸ
391 1265 522 1318 ἰδίου
555 1262 862 1337 προσώπου.
891 1265 1027 1335 Φησὶ
1054 1263 1142 1334 δὴ,
1185 1264 1266 1316 ὅτι
1305 1280 1324 1312 ι
1351 1261 1701 1333 Εύηθέστατα

147 1358 361 1430 ἐρίζουσι
385 1358 527 1429 πρὸς
552 1355 810 1428 ἀλλήλους
838 1354 1153 1426 Χριστιανοὶ
1179 1355 1273 1407 καὶ
1311 1354 1575 1420 Ἰουδαῖοι,
1607 1355 1702 1407 καὶ

147 1451 275 1518 λέγει
311 1449 480 1520 μηδὲν
512 1448 790 1517 διαφέρειν
822 1445 978 1516 ἡμῶν
1004 1444 1093 1498 τὸν
1131 1444 1267 1516 πρὸς
1299 1443 1559 1516 ἀλλήλους
1584 1443 1702 1498 διά-

147 1544 282 1612 λογον
318 1542 448 1612 περὶ
491 1538 725 1610 Χριστοῦ
753 1538 850 1608 τῆς
880 1536 1023 1590 κατά
1054 1536 1154 1607 τὴν
1187 1536 1480 1607 παροιμίαν
1513 1536 1704 1590 καλου-

149 1635 295 1704 μένης
338 1633 463 1686 δνου
529 1631 687 1694 σκιᾶς
743 1630 920 1699 μάχης
971 1626 1079 1699 (45)
1101 1645 1114 1658 ⁸
1180 1629 1274 1680 καὶ
1318 1627 1488 1682 οἴεται
1540 1627 1704 1699 μηδὲν

147 1725 320 1796 σεμνὶν
358 1718 497 1776 εἶναι
543 1724 598 1774 ἐν
645 1723 712 1791 τῇ
751 1719 1015 1772 Ἰουδαίων
1058 1718 1151 1772 καὶ
1187 1718 1525 1788 Χριστιανῶν
1569 1718 1705 1789 πρὸς

146 1815 384 1886 ἀλλήλους
411 1815 670 1886 ζητήσει·
707 1810 1064 1866 πιστευόντων
1107 1811 1205 1881 μὲν
1245 1810 1592 1882 ἀμφοτέρων,
1622 1811 1704 1863 ὅτι

1800 624 2112 693 relinquens
2144 638 2315 692 usque
2352 624 2420 702 ad
2475 639 2597 679 eum
2643 624 2841 688 locum,
2869 623 2957 677 ubi
3005 622 3224 677 lictitius
3270 621 3366 676 Ju-

1803 715 1949 771 dzeus
1977 723 2170 769 contra
2200 713 2383 769 Jcsum
2412 713 2765 770 declamitare
2796 714 3012 769 desiuit.
3047 713 3102 767 ιιι
3131 716 3368 768 secundo

1801 817 1982 862 autem
2014 821 2302 861 occursum
2347 816 2432 862 est
2461 807 2745 874 omnibus,
2787 814 2842 860 ut
2873 821 3004 860 mere
3047 805 3191 859 vires
3236 805 3372 858 tule-

1803 907 1951 964 runt,
1979 913 2097 966 qua:
2131 898 2287 951 nobis
2315 913 2411 968 per
2438 897 2714 954 Christum
2749 898 2857 952 Deo
2896 896 3244 951 credentibus
3274 894 3369 950 Ju-

1801 991 1949 1046 daeus
1987 990 2127 1061 apud
2157 989 2303 1044 illum
2355 988 2555 1055 objicit.
2588 986 2828 1041 Tertium
2855 987 2997 1041 hunc
3029 986 3369 1056 aggredimur

1803 1081 1856 1136 in
1886 1096 1991 1150 quo
2023 1081 2178 1136 nobis
2210 1081 2542 1150 propositum
2576 1088 2656 1132 est
2703 1077 2791 1131 illa
2839 1077 3174 1146 impugnare,
3202 1074 3372 1148 M8

1802 1187 1921 1240 quae
1968 1172 2081 1241 ipse
2132 1173 2383 1240 preponit
2425 1185 2492 1224 ex
2528 1171 2742 1239 propria
2785 1183 3034 1238 persona.
3063 1166 3156 1221 Ait
3206 1167 3371 1236 igitur

1803 1262 1892 1318 ille
1933 1281 1952 1314 ι
1985 1262 2146 1316 stulte
2198 1263 2341 1317 inter
2373 1275 2432 1316 se
2484 1262 2815 1316 contendere
2867 1258 3082 1314 Judzeos
3121 1266 3176 1313 et
3208 1258 3364 1313 Chri-

1802 1355 2045 1422 Stiauos;
2082 1354 2534 1410 concertationem
2577 1353 2717 1407 inter
2774 1362 3030 1421 utrosque
3059 1352 3126 1407 de
3156 1350 3370 1407 Christo

1803 1459 2167 1518 comparatam
2213 1461 2355 1510 esse,
2415 1454 2475 1500 ut
2507 1454 2590 1518 est
2636 1447 2688 1498 in
2739 1445 3043 1514 proverbio,
3095 1443 3264 1496 rixam
3305 1441 3372 1494 dc

1805 1517 1997 1596 umbra
2031 1539 2201 1604 asini;
2238 1537 2373 1593 nihil
2415 1517 2698 1607 gra‘vitatis
2735 1536 2930 1590 habere
2980 1535 3121 1588 hanc
3158 1531 3374 1586 .Iudreo-

1806 1646 1922 1686 rum
1951 1645 2074 1684 cum
2110 1627 2438 1684 Christianis
2467 1626 2915 1696 disputationem;
2950 1639 3071 1678 eum
3102 1622 3374 1677 fateantur

1804 1721 1988 1775 divino
2029 1718 2234 1788 Spiritu
2274 1717 2588 1788 praedictum
2635 1715 2802 1770 fuisse
2852 1714 2988 1778 fore,
3022 1722 3080 1768 ut
3107 1713 3172 1767 ad
3207 1725 3376 1782 genus

1807 1812 2098 1867 humanum
2143 1811 2392 1866 Salvator
2443 1809 2755 1872 adveniret;
2800 1806 3127 1860 dissentiant
3169 1811 3369 1867 autem,

144 1906 237 1960 ἀπὸ
273 1905 414 1959 θείου
460 1904 776 1975 Πνεύματος
812 1900 1189 1973 προεφητεύθη
1220 1919 1302 1964 τις
1349 1900 1700 1972 ἐπιδημήσων

1810 1904 2084 1959 veneritne
2113 1904 2160 1959 is
2201 1903 2289 1973 qui
2326 1902 2613 1972 praedictus
2642 1909 2748 1964 est,
2790 1914 2988 1952 annon.
3016 1918 3034 1950 ι
3071 1897 3180 1953 Nos
3229 1897 3372 1951 enim

146 1996 312 2069 Σωτὴρ
351 1995 429 2068 τῷ
473 1995 622 2066 γένει
673 1994 781 2050 τῶν
827 1993 1149 2066 ἀνθρώπων,
1199 1990 1379 2044 οὐκέτι
1428 1990 1471 2042 δ’
1509 1991 1699 2060 ὁμολο-

145 2091 362 2158 γούντων
396 2090 525 2161 περὶ
576 2087 668 2142 τοῦ
715 2085 1029 2158 ἐληλυθέναι
1073 2084 1165 2137 τὸν
1205 2082 1697 2156 προφητευὸμενον,

145 2184 172 2252 ἦ
203 2184 290 2253 μή.
313 2202 330 2233 ›
363 2180 677 2254 Χριστιανοὶ
715 2178 812 2248 μὲν
851 2178 959 2247 γὰρ
999 2175 1077 2246 τῷ
1113 2173 1308 2246 Ἰησοῦ,
1348 2173 1421 2235 ὡς
1451 2173 1592 2226 κατά
1636 2171 1702 2225 τὰ

148 2275 578 2347 προφητευόμενα
652 2268 964 2340 ἐληλυθότι,
1021 2264 1499 2335 πεπιστεύκαμεν’
1567 2265 1699 2317 Ἰου-

145 2366 283 2421 δαίων
313 2367 371 2419 δὲ
404 2367 452 2418 οί
492 2365 730 2417 πλεῖστοι
768 2360 1017 2414 τοσοῦτον
1064 2358 1242 2411 δέουσι
1285 2355 1381 2409 τοῦ
1427 2354 1702 2410 πιστεύειν

147 2459 214 2520 είς
237 2459 414 2518 αὑτὸν,
455 2457 531 2519 ὡς
561 2455 655 2508 καὶ
683 2454 810 2516 τοὺς
840 2451 936 2522 μὲν
965 2447 1104 2503 κατὰ
1145 2447 1236 2502 τὸν
1276 2445 1464 2519 καιρὸν
1499 2447 1701 2498 ἐκεῖνον

147 2553 635 2608 ἐπιϐεϐουλευκέναι
663 2551 741 2622 τῷ
783 2549 952 2620 Ἰησοῦ
973 2568 986 2580 ο
1022 2550 1148 2612 τοὺς
1184 2548 1240 2601 δὲ
1270 2545 1384 2609 νῦν,
1425 2541 1704 2596 εὐδοκοῦν-

148 2663 230 2710 τας
256 2649 362 2708 τοῖς
393 2644 499 2698 ὑπὸ
547 2642 654 2696 τῶν
695 2640 958 2694 Ἰουδαίων
1007 2639 1125 2691 κατ’
1160 2635 1324 2690 αὑτοῦ
1372 2631 1706 2704 τετολμημέ-

151 2753 243 2800 νοις
275 2738 415 2797 τότε,
442 2735 772 2804 κακηγορεῖν
795 2731 887 2784 τὸν
926 2729 1151 2801 Ἰησοῦν,
1181 2728 1255 2791 ὠς
1284 2726 1374 2780 διὰ
1399 2741 1538 2787 τινος
1577 2741 1706 2793 γοη-

1805 1998 2099 2053 Christiaui
2160 1995 2344 2052 Jesum
2406 1995 2698 2058 credimus,
2744 1991 3039 2046 secundum
3082 1990 3376 2058 propheta-

1806 2103 1926 2142 rum
1957 2086 2201 2151 oracula,
2239 2085 2542 2140 advenisse.
2583 2079 2891 2137 Iudaeorum
2923 2089 3100 2133 autem
3130 2076 3375 2146 plerique

1810 2187 2017 2233 tantum
2046 2179 2199 2233 abest
2221 2188 2281 2230 ut
2311 2177 2363 2230 in
2389 2173 2572 2232 Iesum
2597 2175 2843 2243 credant,
2873 2181 2951 2233 ut,
2989 2170 3080 2238 qui
3107 2169 3198 2223 illo
3240 2178 3376 2223 tem-

1807 2286 1938 2340 pore
1969 2269 2205 2332 fuerunt,
2249 2267 2476 2322 insidias
2507 2265 2584 2319 illi
2638 2264 2810 2318 moliti
2849 2262 3080 2328 fuerint;
3129 2261 3374 2315 hodierni

1809 2377 1936 2416 vero
1980 2361 2342 2431 approbantes
2373 2375 2493 2427 qua:
2539 2365 2728 2412 contra
2777 2355 2928 2408 illum
2968 2353 3097 2406 olitn
3130 2351 3221 2405 alii
3259 2353 3374 2404 ausi

1805 2453 2055 2532 fuerunt,
2103 2454 2462 2508 criminentur
2510 2464 2631 2503 eum
2667 2447 2982 2516 quibusdam
3030 2444 3254 2513 magicis
3290 2458 3377 2496 ar-

1809 2546 1948 2599 tibus
1979 2525 2344 2610 Iconliuxisse,
2390 2558 2448 2598 se
2496 2557 2618 2596 esse
2665 2553 2826 2607 quem
2877 2535 3047 2590 .lndazi
3098 2525 3416 2589 Christum'

1807 2644 2030 2702 vocant,
2061 2649 2331 2704 quemque
2381 2633 2656 2702 propheta:
2682 2635 2966 2683 venturum
3013 2623 3375 2693 esse‘praedi-

1809 2734 2026 2778 XCI‘IllIl.

149 2831 276 2893 τείας
306 2830 672 2899 πλασάμενον,
708 2828 788 2880 ὅτι
823 2826 930 2896 ἄρα
970 2827 1055 2894 εἴη
1079 2825 1106 2876 ὁ
1136 2821 1240 2876 ὑπὸ
1275 2820 1383 2874 τῶν
1412 2815 1704 2889 προφητῶν
1748 2815 2040 2888 κηρυχθεὶς
2062 2816 2440 2886 ἐπιδημήσειν,
2470 2812 2797 2882 καλούμενος
2826 2809 2967 2864 κατά
3008 2807 3077 2863 τὰ
3111 2805 3378 2863 Ἰουδαίων

151 2923 331 2995 πάτρια
362 2922 611 2994 Χριστός.

208 2983 515 3082 Λεγέτωσαν
548 2983 612 3082 δή
645 3010 777 3080 ἡμῖν
822 3011 850 3061 ὁ
882 3007 1088 3070 Κέλσος
1120 3005 1215 3059 καὶ
1253 3006 1303 3058 οἱ
1348 3002 1702 3075 ἀρεσκόμενοι

1875 3000 1931 3053 2.
1973 2997 2164 3052 Dicant
2198 2995 2356 3050 velim
2387 3002 2441 3047 et
2467 2991 2656 3047 Celsus
2681 3001 2728 3043 et
2773 2988 2808 3042 ii
2842 2987 3042 3057 quibus
3086 2983 3201 3051 ejus
3248 2996 3379 3035 con-

152 3107 246 3169 τοῖς
289 3104 409 3158 καθ’
435 3103 591 3174 ἡμῶν
631 3100 721 3153 ὑπ’
758 3099 924 3154 αὑτοῦ
956 3097 1286 3167 λεγομένοις,
1318 3096 1366 3148 εί
1405 3093 1526 3146 όνου
1579 3093 1709 3162 σκιᾷ

154 3197 277 3250 ἔοικε
303 3197 364 3250 τὸ
398 3194 784 3266 προειρηκέναι
813 3193 938 3255 τοὺς
982 3189 1251 3245 Ἰουδαίων
1303 3188 1588 3258 προφήτας
1621 3183 1708 3238 τό·

156 3307 241 3342 πον
283 3291 546 3358 γενέσεως
597 3287 691 3340 τοῦ
722 3283 1065 3357 ἠγησομένου
1113 3281 1224 3354 (Mi)
1259 3281 1365 3334 τῶν
1398 3278 1576 3342 καλῶς
1623 3277 1710 3348 βε-

157 3381 428 3450 βιωκότων,
473 3380 568 3434 καὶ
621 3377 727 3432 τῶν
781 3375 1222 3448 χρηματιζόντων
1274 3371 1491 3444 μερίδος
1536 3368 1704 3422 Θεοῦ·

156 3474 234 3525 καὶ
283 3462 552 3544 Παρθένον
609 3468 1012 3538 συλληψομένην
1044 3464 1134 3518 τὸν
1182 3460 1526 3533 Ἐμμανουήλ
1549 3476 1562 3489 ⁸
1615 3458 1710 3512 καὶ

158 3565 338 3633 σημεῖα
365 3562 455 3614 καὶ
496 3559 759 3629 τεράστια
805 3557 1037 3627 ἐσόμενα
1070 3554 1175 3606 ὑπὸ
1222 3552 1316 3604 τοῦ
1372 3565 1708 3620 προφητευο-

161 3654 304 3724 μένου
347 3653 549 3708 τοιάδε·
582 3653 677 3704 καὶ
710 3652 788 3703 ὃτι
823 3649 928 3712 ἕως
967 3649 1164 3717 τάχους
1191 3645 1474 3717 δραμεῖται
1501 3643 1528 3694 ὁ
1556 3640 1710 3708 λόγος

159 3750 323 3813 αὑτοῦ,
350 3749 424 3812 ὡς
456 3750 537 3811 εἰς
572 3748 750 3799 πᾶσαν
794 3745 890 3814 τὴν
920 3744 1021 3813 γῆν
1069 3739 1303 3804 ἐξελθεῖν
1342 3737 1430 3789 τὸν
1479 3734 1711 3804 φθόγγον

160 3840 305 3894 αὑτοῦ
326 3841 428 3894 τῶν
450 3839 783 3893 ἀποστόλων
808 3838 927 3889 τίνα
949 3853 1006 3888 τε
1036 3834 1282 3885 πείσεται
1314 3828 1419 3881 ὑπὸ
1448 3827 1711 3881 Ἰουδαίων

161 3932 624 4003 καταδικαζόμενος
644 3948 655 3960 ·
682 3929 776 3983 καὶ
803 3929 919 3991 πῶς
934 3926 1314 3995 ἀναστήσεται.
1333 3918 1477 3992 τΑροι
1504 3919 1611 3990 γὰρ
1640 3919 1714 3982 ὡς

163 4027 297 4097 ἔτυχε
334 4026 480 4080 ταῦτ’
518 4024 701 4092 ἔλεγον
730 4023 779 4076 οἱ
813 4020 1116 4092 προφῆται,
1158 4018 1251 4070 σὺν
1296 4013 1518 4082 οὐδεμιᾷ
1554 4013 1714 4064 πιθα-

162 4120 343 4188 νότητι,
380 4122 444 4190 τῇ
477 4116 702 4189 κινούσῃ
734 4115 929 4177 αὐτοὺς
971 4112 1062 4165 ἐπὶ
1093 4110 1154 4164 τὸ
1195 4108 1268 4180 μὴ
1313 4106 1472 4178 μόνον
1522 4106 1712 4165 εἰπεῖν,

162 4209 283 4264 ἀλλά
319 4211 408 4266 καὶ
446 4209 765 4280 ἀναγραφῆς
793 4205 1019 4272 ἀξιῶσαι
1048 4201 1117 4255 τὰ
1153 4201 1450 4270 λεγόμενα;
1482 4191 1628 4266 Ἀρα
1659 4193 1715 4246 δὲ

163 4303 215 4356 τὸ
240 4303 448 4356 τοσοῦτο
477 4300 584 4355 τῶν
626 4298 894 4353 Ἰουδαίων
944 4295 1094 4358 ἔθνος
1113 4332 1127 4356 ,
1162 4293 1327 4346 πάλαι
1357 4289 1538 4361 χώραν
1581 4286 1714 4340 ἰδίαν

166 4394 363 4466 εἰληφὸς
401 4396 590 4454 οἰκεῖν,
634 4393 731 4444 σὺν
790 4389 1015 4458 οὐδεμιᾷ
1067 4385 1384 4454 πιθανότητι
1426 4380 1577 4443 τινὰς
1620 4378 1717 4449 μὲν

165 4485 229 4549 ὡς
256 4489 524 4559 προφήτας
549 4484 897 4555 ἀνηγόρευον,
927 4480 1144 4551 ἐτέρους
1164 4476 1222 4530 δὲ
1249 4475 1322 4539 ὼς
1347 4471 1719 4544 ψευδοπροφή-

166 4593 251 4642 τας
281 4579 382 4649 (45)
409 4575 836 4648 ἀπεδοκίμαζον;
870 4574 980 4626 Καὶ
1016 4571 1168 4624 οὐδὲν
1194 4564 1262 4638 ἦν
1289 4568 1417 4637 παρ’
1449 4565 1630 4622 αυτοῖς
1659 4562 1718 4616 τὸ

168 4671 579 4742 πῳκαλούμενον
618 4667 969 4738 συναριθμεῖν
1003 4666 1122 4727 ταῖς
1166 4662 1336 4734 ἱεραῖς
1377 4653 1512 4710 εἶναι
1561 4670 1721 4706 πεπι-

171 4762 462 4832 στευμέναις
484 4760 762 4822 Μωῦσέως
805 4756 1005 4826 βίϐλοις
1047 4754 1174 4816 τοὺς
1229 4751 1419 4819 λόγους
1445 4747 1550 4801 τῶν
1594 4744 1720 4814 ἑξῆς

170 4854 540 4923 νενομισμένων
585 4848 726 4904 εἶναι
778 4846 1100 4920 προφητό›ν;
1145 4845 1258 4898 Καὶ
1285 4842 1534 4895 δύνανται
1585 4839 1716 4908 ἡμῖν

171 4946 489 5016 παραστῆσαι
521 4944 571 4995 οἱ
619 4940 866 5011 εὐήθειαν
912 4936 1265 5005 ἐγκαλοῦντες
1320 4929 1590 4991 Ἰουδαίοις
1625 4928 1718 4980 καὶ

170 5035 504 5106 Χριστιανοῖς,
548 5035 629 5088 δτι
672 5032 894 5086 ἐδύνατο
927 5028 1313 5098 συνεστηκέναι
1345 5024 1406 5076 τὸ
1450 5021 1717 5074 Ἰουδαίων

171 5126 322 5192 ἔθνος,
351 5129 615 5199 μηδεμιᾶς
644 5123 972 5192 ἐπαγγελίας
1001 5118 1361 5192 προγνώσεων
1391 5114 1555 5183 οὔσης
1589 5113 1716 5182 παρ’

172 5220 358 5284 αὐτοῖς·
403 5222 496 5274 καὶ
525 5222 608 5274 ὅτι
646 5217 714 5272 τὰ
755 5217 852 5288 μὲν
906 5215 1034 5278 περὶ
1080 5212 1274 5273 αὐτοὺς
1318 5209 1442 5279 ἔθνη
1490 5207 1718 5259 ’ἑκαστον

234 5383 275 5416 ³³
305 5383 460 5441 Mich.
514 5401 566 5452 v,
602 5381 706 5449 12;
747 5381 853 5438 lsa.
886 5395 986 5444 vn,
1014 5376 1122 5443 14;
1156 5389 1273 5440 Llll,
1305 5375 1369 5438 7;
1427 5372 1571 5429 Psal.
1603 5388 1696 5440 xv,
1727 5371 1815 5426 10.

236 5523 337 5595 ($3)
377 5526 558 5578 Ὄνου
603 5519 782 5585 σκιᾶς
820 5518 1042 5595 μάχης,
1091 5509 1543 5595 ῡθητὶιοαιιιιίειᾳῑο
1595 5509 1718 5595 vide

175 5582 442 5650 Zenobium
480 5595 725 5648 centuria
759 5582 940 5651 sexta,
972 5582 1127 5652 adag.
1167 5582 1256 5642 98,
1288 5588 1343 5652 et
1390 5582 1717 5652 notamAu-

177 5647 572 5718 dreatVSrhotti.
617 5661 748 5717 Item
782 5647 1004 5712 Suidam
1051 5647 1103 5708 iu
1148 5668 1282 5705 voce
1313 5647 1435 5702 ὄνου
1471 5651 1617 5712 σκιά,
1665 5660 1719 5703 et

119 5797 122 5802 _
179 5734 292 5804 περὶ
324 5735 440 5788 ὄνου
486 5735 643 5798 σκιᾶς
689 5747 808 5786 cum
849 5725 1229 5804 observatione.
1279 5719 1566 5804 clarissimi
1602 5722 1716 5804 'viri

121 5798 126 5814 ⁴
179 5791 366 5858 (ὶιίειιξιο.
413 5806 551 5858 Idem
613 5791 773 5870 porro
831 5812 915 5852 est
975 5795 1103 5870 περὶ
1155 5793 1276 5870 ὄνου
1337 5791 1712 5870 σκιᾶς-,μάχε-

183 5872 384 5938 dianae
417 5895 433 5926 ι
462 5863 627 5929 rixari
661 5875 724 5927 de
751 5872 871 5924 lana
904 5863 1158 5936 caprina,
1191 5883 1207 5915 ι
1244 5864 1306 5916 de
1342 5877 1396 5913 t‘e
1436 5863 1605 5915 nihili.

1813 3099 1895 3145 tra
1929 3105 2024 3145 nos
2053 3087 2460 3144 criminationes
2489 3082 2728 3152 placent,
2756 3095 2822 3133 an
2853 3080 2983 3132 satis
3009 3078 3214 3131 umbra:
3241 3072 3374 3127 asini

1810 3184 1985 3238 simile
2052 3182 2191 3235 istud
2257 3179 2358 3246 sit,
2403 3176 2724 3246 praedixisse
2771 3171 3078 3226 ,Ιιιιίίεοι-ιιιιι
3145 3165 3378 3234 prophe-

1813 3285 1894 3329 tas
1919 3275 1962 3308 δ’
2006 3272 2181 3327 locum
2225 3270 2314 3323 ubi
2364 3270 2675 3323 nasciturus
2713 3275 2832 3321 erat
2871 3263 2976 3315 dux
3012 3260 3103 3311 ille
3153 3271 3374 3315 eorum,

1812 3367 1902 3435 qui
1940 3374 2086 3420 recte
2134 3364 2378 3418 viventes
2411 3364 2501 3416 Dei
2538 3375 2664 3430 pars
2696 3354 3065 3426 appellantur;
3115 3347 3381 3412 simulque

1813 3457 2087 3526 Virginem
2138 3462 2518 3521 conccpturam
2561 3443 2919 3508 Emmanuel;
2968 3440 3114 3492 illum
3165 3436 3280 3489 bzec
3328 3443 3383 3488 et

1813 3547 1902 3603 illa
1950 3547 2102 3616 signa
2137 3545 2490 3616 prodigiaque
2537 3541 2843 3600 facturum;
2899 3531 3158 3588 velociter
3190 3540 3382 3581 cursu-

1814 3656 1930 3695 rum
1978 3655 2280 3694 sermonem
2309 3639 2444 3706 ejus,
2475 3636 2552 3690 ita
2585 3645 2643 3688 ιιι
2689 3633 2741 3686 in
2777 3630 2988 3684 omnem
3024 3631 3224 3706 terram
3267 3617 3383 3706 ejus

1813 3730 2182 3800 apostolorum
2231 3703 2408 3782 exiret
2440 3737 2636 3786 sonus;
2671 3719 2982 3775 danu‘iatum
3015 3710 3078 3763 iri
3111 3724 3140 3761 a
3183 3703 3383 3759 Judmis

1816 3821 2205 3891 suppliciisque
2248 3817 2501 3872 allectum
2546 3813 2633 3875 iri,
2662 3823 2726 3863 ac
2761 3811 3196 3860 resurrecturum
3239 3806 3380 3847 esse.

1815 3913 2065 3983 Nunquid
2098 3913 2210 3965 hmo
2249 3918 2449 3963 temere
2481 3906 2735 3959 dixerunt
2781 3895 3073 3968 prophetze,
3129 3900 3227 3940 nec
3273 3882 3382 3936 ulla

1815 4020 1908 4060 eos
1957 4001 2252 4073 probabilis
2284 4011 2454 4052 causa
2511 3991 2739 4061 impulit,
2787 3999 2981 4040 utnon
3033 3978 3208 4034 solum
3241 3976 3386 4073 diee—

1819 4106 1955 4159 rcnl,
1985 4096 2076 4148 sed
2111 4092 2272 4147 etiam
2311 4087 2470 4142 scribi
2517 4085 2678 4152 digna
2729 4070 3142 4134 existimarent?
3177 4069 3257 4121 An
3290 4062 3386 4117 Ju-

1818 4187 2057 4240 daeorum
2103 4198 2235 4252 gens
2269 4189 2417 4234 tanta
2465 4188 2585 4244 qua:
2628 4172 2825 4224 dudum
2873 4161 3146 4234 propriam
3211 4153 3385 4221 regio-

1821 4293 1942 4331 nem
1998 4270 2340 4328 incolendam
2393 4270 2710 4333 acceperat,
2763 4255 2907 4311 nulla
2963 4248 3243 4306 verisimili
3297 4260 3385 4298 ra-

1821 4371 1963 4422 tione
2009 4364 2269 4435 quosdam
2303 4359 2519 4429 quidem
2566 4364 2626 4407 ut
2670 4365 2828 4405 veros
2865 4346 3156 4418 pr0phetas
3195 4336 3385 4435 prae-di-

1819 4425 2049 4521 caverit',
2078 4454 2212 4507 alios
2243 4460 2423 4504 autem
2452 4455 2511 4500 ut
2541 4444 2704 4497 falsos
2739 4431 3140 4506 repudiaverit?
3171 4425 3384 4481 Nihilne

1821 4550 1923 4602 fuit
1969 4519 2111 4616 quod
2163 4544 2284 4598 illos
2333 4547 2574 4595 moveret
2620 4534 2686 4588 ad
2736 4524 3199 4584 anmuncrandum
3236 4519 3387 4572 libris

1823 4639 2060 4710 Mnysis,
2109 4651 2245 4705 quos
2306 4632 2602 4687 credebant
2663 4644 2782 4682 esse
2839 4634 3053 4683 sacros,
3108 4623 3388 4668 sermones

1818 4747 2006 4786 eorum
2045 4744 2179 4799 quos
2213 4727 2504 4797 prophetas
2533 4737 2651 4778 esse
2688 4711 3131 4776 arbitrabantur?
3163 4707 3262 4772 Qui
3295 4702 3388 4799 Ju-

1823 4825 1952 4878 daeis
1991 4832 2046 4877 et
2073 4795 2398 4876 Christianis
2433 4817 2715 4874 stultitiam
2750 4809 3246 4881 exprobrant,num
3283 4795 3387 4848 llllS

1765 4940 1770 4946 ·
1825 4920 2148 4989 persuadere
2203 4922 2460 4986 poterunt
2513 4910 2821 4966 Iudaeorum
2881 4909 3095 4972 gentem
3152 4892 3390 4964 potuisse

1824 5015 2150 5072 consistere,
2203 5009 2304 5062 etsi
2360 5009 2425 5062 de
2482 5016 2665 5059 rerum
2720 4999 3022 5051 futurarum
3079 4983 3390 5054 cognitione

1826 5104 1970 5158 nulla
2009 5103 2108 5170 ipsi
2155 5101 2290 5156 laeta
2349 5096 2638 5168 promissio
2692 5087 2912 5145 ruisset?
2958 5087 3034 5137 An
3072 5087 3258 5150 gentes
3313 5072 3386 5127 illi

1823 5199 2186 5268 circumiectae
2219 5211 2314 5265 pro
2345 5195 2458 5248 suis
2485 5202 2708 5260 (pureque
2740 5184 2997 5239 institutis
3040 5173 3391 5231 crediderunt
3479 5204 3482 5208 -

1898 5507 2012 5579 (44)
2062 5499 2484 5579 Ἡγησομέλνου.
2515 5494 2608 5548 Sic
2642 5507 2775 5579 mss.
2795 5490 2965 5579 ΔΙξιξξῖζ
2998 5482 3391 5579 Ιξξιεξιίῖῖξιωιῐξιο

1825 5552 2117 5638 Va‘ticauiT
2133 5552 2341 5628 ‘réétiii's‘
2366 5583 2497 5623 sane
2527 5578 2687 5635 quam
2717 5552 2986 5630 impressi,
3015 5559 3067 5610 in
3092 5552 3287 5624 quibus
3317 5552 3391 5606 le-

1823 5644 2359 5722 gitunﬂyqaagévou.
2431 5709 2442 5722 1
2623 5702 2677 5722 δ’

1898 5695 2574 5790 (ίδῇῌιίὲιιδοςντροφήτας.
2623 5702 2711 5757 Sic
2761 5695 3152 5790 recte
3202 5705 3390 5745 omnes

1825 5767 2305 5849 coddjliuss‘ablale
2333 5767 2510 5836 autem
2537 5767 2815 5844 impressi,
2850 5767 3146 5839 προφήτας.
