4002 6522
141 465 235 519 9'25

1313 461 1589 518 comas
1621 463 1897 519 CELSUM
1931 465 2062 523 LIB.
2100 463 2187 521 ιιι.
2217 535 2224 540 μ

3255 467 3358 522 9‘26

136 588 215 638 τὸν
239 582 353 637 κατ’
375 583 542 636 αὐτὸν
569 581 752 654 νόμον,
784 584 876 637 καὶ
899 584 985 637 ὁτὲ
1023 583 1118 653 μὲν
1161 583 1487 636 πεπόνθασιν
1531 587 1587 636 ἐν
1620 587 1685 654 τῇ

1798 587 2035 656 Assyria,
2069 589 2226 640 modo
2259 586 2308 639 in
2339 585 2578 650 Perside,
2622 583 2779 638 modo
2805 583 2915 638 sub
2944 582 3212 639 Antiocho
3243 600 3357 638 ma-

150 675 406 745 Ἀσσυρίᾳ,
449 675 536 727 ὁτὲ
564 675 622 728 δὲ
653 676 709 728 ἐν
738 678 804 746 τῇ
839 675 1078 745 Περσίδι,
1111 676 1198 728 ὁτὲ
1238 675 1294 729 δὲ
1341 675 1445 729 ὑπὸ
1491 677 1690 727 Ἀντιό-

138 784 250 837 χου,
281 767 392 828 πῶς
423 766 542 836 οὐχὶ
574 765 632 832 ἐξ
664 767 887 820 εἰκότων
930 765 1396 829 κατασκευάζεται
1424 768 1534 829 τοῖς
1564 767 1692 818 ἀπι-

141 858 302 911 στοῦσι
327 859 448 921 ταῖς
488 859 807 928 παραδόξοις
858 859 1118 930 ἱστορίαις
1164 858 1258 911 καὶ
1306 859 1686 929 προφητείαις,

137 952 205 1004 ὅτι
245 951 301 1002 οὐ
354 949 643 1019 πλάσματα
691 945 758 1019 ἦν
805 948 874 1001 τὰ
926 947 1188 1012 τοιαῦτα,
1248 948 1382 1001 ἀλλά
1439 966 1504 999 τι--
1549 947 1688 999 θεῖον

140 1041 353 1112 Πνεῦμα,
392 1041 469 1105 ὼς
510 1045 566 1094 ἐν
595 1040 860 1112 καθαραῖς
890 1041 1090 1108 ψυχαῖς
1132 1041 1399 1109 τυγχάνον
1430 1042 1550 1102 ταῖς
1579 1038 1690 1091 τῶν

140 1131 426 1204 προφητῶν,
457 1133 634 1184 πάντα
671 1131 830 1184 πόνον
862 1133 1001 1204 ὑπὲρ
1030 1133 1228 1203 ἀρετῆς
1260 1132 1369 1201 (Si)
1412 1130 1692 1200 ἀνειληφό-

140 1243 245 1286 των,
277 1222 438 1276 ἐκίνει
486 1224 682 1286 αὐτοὺς
734 1225 868 1294 πρὸς
911 1225 972 1276 τὸ
1020 1223 1376 1295 προφητεύειν
1422 1222 1542 1276 τινὰ
1595 1223 1690 1291 μὲν

137 1318 230 1378 τοῖς
263 1313 376 1366 καθ’
415 1315 677 1377 ἑαυτοὺς,
719 1314 853 1367 ἄλλα
895 1315 949 1368 δὲ
980 1319 1092 1377 τοῖς
1123 1314 1368 1385 ὓστερον,
1404 1313 1691 1383 ἐξαιρέτως

137 1406 182 1457 δὲ
206 1405 319 1476 περί
355 1423 500 1468 τινος
544 1406 968 1478 ὲπιδημήσοντος
1001 1406 1095 1459 τοῦ
1129 1406 1382 1478 Σωτῆρος
1424 1405 1500 1476 τῷ
1546 1404 1690 1473 γένει

139 1497 229 1550 τῶν
263 1496 353 1549 ἀνθ
361 1496 562 1568 ρώπων
582 1514 596 1561 ;

197 1589 251 1641 Ei
279 1588 332 1640 δὲ
368 1586 523 1640 ταῦθ’
558 1587 730 1650 οὕτως
756 1587 892 1656 ἔχει,
927 1587 1039 1650 πῶς
1066 1589 1192 1658 περὶ
1221 1587 1340 1640 ὄνου
1373 1591 1528 1652 σκιᾶς
1557 1590 1693 1661 πρὸς

139 1678 368 1748 ἀλλήλους
400 1676 656 1747 ζητοῦσιν
700 1679 935 1730 Ἰουδαῖοι
982 1680 1074 1730 καὶ
1114 1679 1460 1749 Χριστιανοὶ,
1509 1679 1693 1743 ἐξετά-

139 1770 293 1833 ζοντες
351 1770 457 1822 ἀπὸ
489 1769 602 1822 τῶν
650 1767 1027 1840 προφητειῶν,
1073 1763 1160 1832 αἷς
1210 1773 1360 1838 κοινῇ
1403 1769 1694 1823 πεπιστεύ-

139 1877 262 1923 κασι,
305 1860 530 1930 πότερον
565 1859 592 1912 6
629 1861 1103 1930 προφητευόμενος
1150 1861 1424 1930 ἐλήλυθεν,
1539 1862 1693 1914 οὐδα-

1797 675 2030 739 luerunt,
2076 691 2236 744 quam
2271 675 2606 729 Judaismum
2654 673 2865 742 ejnrare
2905 672 3125 742 ejusque
3156 674 3360 729 violare

1794 767 1967 835 leges;
2018 768 2287 835 quomodo
2326 769 2383 829 ii,
2431 768 2521 835 qui
2555 766 2797 819 historiis
2828 775 2882 818 et
2913 765 3180 819 vaticiniis
3211 766 3359 819 inso-

1793 859 1902 912 litis
1934 875 2037 911 non
2079 859 2378 926 adjungunt
2428 858 2609 924 ﬁdem,
2661 858 2851 911 saltem
2886 856 3356 911 verisimilitudine

1793 965 1896 1004 non
1929 951 2268 1003 adducuntur
2297 961 2354 1002 ut
2385 949 2605 1003 credant
2639 950 2891 1019 figmenta
2922 949 3036 1002 hare
3067 964 3168 1002 nun
3204 962 3356 1012 esse;

1793 1041 1885 1095 sed
1917 1041 2092 1108 potius
2122 1055 2283 1110 puras
2339 1039 2720 1108 prophetarum
2773 1039 2982 1090 animas
3034 1036 3238 1090 nullum
3291 1037 3356 1088 ad

1792 1131 2044 1186 virtutem
2068 1132 2376 1185 sectandam
2417 1130 2652 1184 laborem
2682 1129 3070 1190 recusantium,
3099 1126 3359 1195 impulsas

1792 1238 1821 1276 a
1855 1222 2056 1291 Spiritu
2102 1221 2286 1275 divino
2319 1221 2658 1274 inhabitante
2696 1219 2887 1282 fuisse,
2933 1228 2989 1272 ut
3024 1217 3360 1286 praenuntia-

1793 1325 1933 1378 rent,
1977 1313 2082 1368 alia
2111 1313 2325 1384 quidem
2364 1311 2428 1366 iis
2458 1311 2548 1380 qui
2591 1326 2683 1364 sua
2719 1319 2878 1363 aetate
2919 1309 2974 1362 in
3005 1309 3146 1362 vivis
3177 1316 3356 1372 erant,

1793 1407 1895 1459 alia
1932 1415 2109 1460 autem
2142 1403 2394 1473 posteris,
2439 1414 2492 1458 et
2533 1403 2800 1472 praecipue
2830 1399 3130 1454 Salvatoris
3167 1398 3233 1452 ad
3267 1399 3364 1469 ho:

1793 1499 1966 1552 mines
1994 1498 2230 1551 futurum
2259 1495 2587 1551 adventum?

1875 1590 2040 1662 450
2070 1589 2124 1643 4.
2171 1590 2225 1642 Si
2260 1589 2372 1642 haec
2407 1589 2478 1640 ita
2510 1601 2567 1640 sc
2595 1587 2812 1648 habent,
2852 1583 3116 1652 quomodo
3149 1582 3216 1636 de
3247 1596 3361 1635 um-

1793 1683 1888 1736 bra
1933 1681 2069 1734 asini
2119 1682 2397 1748 (liSputaut
2431 1677 2573 1730 inter
2621 1691 2678 1730 se
2725 1675 2892 1730 Judaei
2938 1684 2990 1728 et
3027 1672 3362 1736 Christiani,

1794 1791 1916 1829 cum
1973 1774 2252 1842 inquirunt
2283 1788 2312 1825 e
2343 1770 2644 1840 prophetiis
2677 1769 2872 1837 quibus
2903 1783 2968 1820 ex
2999 1780 3152 1834 aequo
3203 1765 3362 1818 (idem

1795 1867 2008 1933 utrique
2055 1864 2318 1928 tribuunt,
2364 1862 2480 1916 isne
2539 1860 2750 1914 venerit
2790 1859 2878 1927 qui
2927 1859 3214 1926 praedictus
3257 1865 3362 1920 est,

143 1949 236 2018 μῶς
279 1950 370 2019 μὲν
417 1951 856 2020 ἐπιδεδήμηκεν,
904 1950 984 2003 ἔτι
1023 1951 1083 2003 δέ
1123 1953 1520 2022 προσδοκᾶται;
1573 1951 1690 2005 Κᾶν

1798 1972 1996 2020 annon,
2032 1955 2124 2009 sed
2156 1956 2331 2009 adhuc
2357 1950 2739 2023 exspectetur?
2773 1951 2968 2004 Verum
3002 1949 3100 2001 etsi
3143 1948 3364 2001 daretur

140 2040 237 2092 καθ’
260 2040 508 2093 ὑπόθεσιν
537 2040 594 2093 δὲ
621 2041 698 2111 τῷ
742 2042 931 2112 Κέλσῳ
957 2043 1082 2113 δοθῇ
1136 2042 1209 2112 μὴ
1247 2045 1336 2094 τὸν
1375 2042 1578 2112 Ἰησοῦν
1620 2039 1695 2095 εἷ-

140 2148 234 2193 ναι,
268 2131 321 2184 ὃν
353 2132 720 2202 κατήγγειλαν
750 2134 802 2184 οἱ
847 2133 1152 2203 προφῆται,
1201 2133 1293 2185 καὶ
1340 2132 1510 2197 οὕτως
1544 2135 1693 2187 οὐδὲν

139 2216 272 2291 ἦττον
295 2224 350 2275 οὗ
381 2225 510 2295 περὶ
537 2224 657 2276 δνου
693 2226 847 2286 σκιᾶς
886 2227 1030 2278 ἐστιν
1068 2227 1100 2294 ἡ
1141 2225 1235 2277 τοῦ
1278 2225 1369 2277 νοῦ
1403 2226 1509 2278 τῶν
1558 2243 1692 2296 προ-

142 2311 350 2378 Ῠητικῶν
386 2313 622 2384 Γραφῶν
665 2311 910 2382 ζήτησιςν
950 2315 1016 2367 ἶν’
1043 2314 1286 2384 ἐναργῶς
1333 2314 1627 2384 ἀποδειχθῇ
1666 2317 1693 2367 ὁ

142 2405 644 2476 πῳκηρυσσὸμενος,
679 2406 859 2469 ὁποῖός
889 2423 946 2458 τε
980 2401 1116 2458 εἶναι
1147 2405 1563 2477 προεφητεύετο,
1601 2406 1694 2458 καὶ

141 2493 182 2544 τί
208 2497 452 2566 ποιήσων,
496 2499 549 2549 εἰ
580 2497 634 2548 δὲ
660 2491 770 2549 οἶόν
799 2515 880 2560 τε,
913 2500 1005 2550 καὶ
1031 2498 1158 2550 πότε
1196 2498 1565 2568 ἐπιδημήσων.
1607 2498 1693 2549 Ἐν

143 2586 187 2638 δὲ
222 2591 325 2651 τοῖς
369 2590 632 2660 ἀνωτέρω
667 2590 1020 2660 προείπομεν,
1069 2589 1251 2658 ὀλίγας
1297 2589 1403 2642 ἀπὸ
1437 2589 1692 2641 πλειόνων

146 2684 476 2755 παραθέμενοι
503 2687 866 2755 προφητείας,
902 2687 1028 2756 περὶ
1066 2685 1158 2738 τοῦ
1195 2687 1283 2738 τὸν
1324 2685 1526 2755 Ἰησοῦν
1557 2683 1693 2739 εἶναι

144 2778 215 2827 τὸν
255 2777 718 2848 προφητευόμενον
766 2777 1026 2847 Χριστόνο
1056 2779 1116 2829 οὐ
1166 2777 1486 2846 σφάλλονται
1513 2777 1692 2829 τοίνυν

145 2861 261 2912 κατά
291 2862 347 2914 τὸ
390 2863 715 2934 προσίεσθαι
753 2863 863 2934 (52)
896 2863 1076 2917 θεόθεν
1125 2867 1250 2928 τοὺς
1284 2865 1568 2934 προφήτας
1609 2864 1694 2917 λε·-

147 2953 421 3023 λαληκέναι,
469 2954 598 3008 οὔτε
643 2956 880 3008 Ἰουδαῖοι
925 2954 1046 3007 οὕτε
1075 2954 1435 3026 κΧριστιανοί·
1492 2954 1605 3007 ἀλλ’
1643 2957 1690 3008 οἱ

149 3047 462 3117 σφαλλόμενοι
528 3049 656 3116 περὶ
715 3048 809 3101 τοῦ
866 3049 1343 3120 προφητευομένου
1385 3047 1691 3118 προσδοκω-

150 3138 282 3206 μένου
318 3139 747 3207 ψευδοδοξοῦσιν,
793 3140 940 3203 ὅστις
987 3140 1081 3192 καὶ
1133 3139 1372 3201 ποταπὸς
1417 3137 1557 3191 κατὰ
1604 3138 1694 3192 τὸν

147 3229 291 3300 ἀληθῆ
315 3230 462 3299 λόγον
492 3232 608 3283 τῶν
635 3233 922 3302 προφητῶν
951 3233 1304 3304 κεκήρυκται.

214 3409 352 3480 Ἑξῆς
396 3411 451 3464 δὲ
486 3412 704 3475 τούτοις
739 3414 768 3465 6
816 3412 1055 3475 Κέλσος,
1105 3412 1353 3483 οἰόμενος
1399 3414 1525 3476 τοὺς
1567 3414 1697 3466 Ἰου-

150 3500 298 3564 δαίους
326 3504 657 3570 Αἰγυπτίους
694 3502 770 3573 τῷ
800 3506 944 3571 γένει
975 3503 1357 3573 τυγχάνοντας,
1391 3505 1700 3558 καταλελοι-

153 3595 283 3646 πέναι
325 3596 418 3666 τὴν
453 3597 754 3662 Αἴγυπτον,
809 3596 1204 3658 στασιάσαντας
1256 3595 1388 3666 πρὸς
1429 3597 1488 3648 τὸ
1525 3597 1699 3649 κοινὸν

151 3685 237 3737 τῶν
256 3687 579 3755 Αἰγυπτίων,
613 3688 705 3740 καὶ⁵
732 3686 792 3739 τὸ
824 3689 879 3739 ἐν
907 3685 1163 3757 Αἰγύπτῳ
1192 3686 1417 3758 σύνηθες
1445 3689 1572 3759 περὶ
1603 3689 1700 3752 τὰς

153 3774 408 3846 θρησκείας
461 3781 1013 3849 ὑπερφρονήσαντας,
1058 3779 1241 3848 φησιν,
1290 3798 1306 3828 ι
1333 3779 1528 3842 αὐτοὺς
1560 3780 1700 3851 άπερ

154 3866 377 3938 ἐποίησαν
416 3869 741 3938 Αἰγυπτίοις
796 3870 1121 3922 πεπονθέναι
1168 3870 1272 3922 ὑπὸ
1318 3871 1424 3923 τῶν
1468 3873 1698 3943 προσθε-

157 3959 302 4026 μένων
341 3961 414 4032 τῷ
462 3960 644 4031 Ἰησοῦ
691 3962 784 4014 καὶ
833 3961 1233 4014 πιστευσάντων
1268 3963 1414 4033 αὐτῷ
1448 3963 1522 4028 ὼς
1565 3966 1700 4035 Χρι-

157 4049 270 4120 στῷ·
299 4053 385 4104 καὶ
413 4052 747 4124 ἀμφοτέροις
783 4052 950 4106 αἴτιον
999 4053 1276 4120 γεγονέναι
1319 4053 1418 4116 τῆς
1461 4071 1702 4106 καινοτο-

161 4139 266 4207 μίας
286 4142 341 4194 τὸ
373 4141 683 4207 στασιάζειν
723 4143 856 4215 πρὸς
894 4144 953 4196 τὸ
991 4144 1188 4197 κοινόν.
1213 4163 1230 4194 ι
1266 4143 1328 4194 Τί
1372 4143 1436 4213 δὴ
1476 4147 1703 4218 πεποίη-

157 4246 235 4281 κεν
266 4235 314 4285 ἐν
339 4235 411 4304 τῷ
440 4237 596 4305 τόπῳ
626 4237 652 4287 6
679 4236 903 4299 Κέλσος,
948 4235 1326 4304 κατανοητέον.
1373 4236 1548 4289 Πολλά
1590 4238 1704 4290 δια-

159 4321 312 4388 θέντες
344 4328 389 4379 οί
424 4328 594 4382 πάλαι
644 4328 929 4395 Αἰγύπτιοι
973 4329 1034 4380 τὸ
1075 4329 1337 4398 Ἐϐραίων
1383 4329 1568 4396 γένος,
1617 4330 1705 4382 διὰ

158 4411 286 4484 λιμὸν
309 4421 400 4489 τὴν
431 4421 694 4474 Ἰουδαίαν
721 4421 1093 4473 καταλαϐόντα
1122 4420 1561 4491 ἐπιδημήσαντας

158 4511 213 4578 τῇ
240 4511 500 4583 Αἰγύπτῳ,
541 4512 891 4572 πεπόνθασιν,
923 4513 998 4575 ὡς
1036 4512 1219 4578 ξένους
1253 4513 1345 4565 καὶ
1379 4513 1561 4575 ἱκέτας
1594 4513 1706 4564 ἀδι-

1795 2047 1951 2101 Celso
1986 2045 2167 2102 Jesum
2204 2062 2309 2100 non
2341 2060 2463 2100 esse
2511 2060 2634 2098 eum
2666 2057 2823 2111 quem
2863 2040 3138 2108 prophetae
3172 2037 3365 2105 praedi—

1796 2149 2074 2204 caverunt,
2121 2139 2291 2193 nihilo
2321 2139 2490 2207 magis
2519 2139 2584 2192 de
2621 2137 2808 2189 umhra
2839 2135 2974 2189 asini
3026 2131 3361 2201 qurcsieriut,

1795 2234 1883 2303 qui
1926 2231 2361 2300 preplieticarum
2414 2223 2809 2296 scripturarum
2846 2241 3064 2279 sensum
3105 2223 3204 2276 hoc
3236 2236 3356 2275 con-

1795 2323 1914 2375 silio
1943 2330 2339 2384 scrutarentur,
2371 2329 2424 2372 ut
2455 2319 2733 2372 evidenter
2762 2317 3200 2370 demonstrarent
3234 2328 3366 2384 qua-

1796 2414 1988 2468 lisnam
2018 2414 2089 2466 sit
2138 2413 2184 2465 is
2233 2427 2389 2480 quem
2445 2411 2717 2480 prophetae
2773 2408 3360 2477 praesiguilicaveruut,

1795 2507 2049 2576 quidnam
2101 2505 2369 2567 facturus,
2398 2512 2483 2565 et,
2533 2503 2576 2556 si
2633 2502 2746 2554 lieri
2782 2509 2974 2567 potest,
3020 2498 3362 2566 quandonam

1795 2598 1955 2652 etiam
1989 2597 2336 2649 adventuros.
2365 2593 2549 2647 Jesum
2594 2605 2723 2644 vero
2763 2592 3038 2644 Christum
3071 2604 3188 2642 esse
3229 2603 3366 2654 prm-

1796 2692 1998 2744 dirtum
2027 2689 2136 2756 jam
2179 2701 2340 2756 supra
2377 2685 2626 2755 probavi,
2667 2691 2722 2736 ct
2759 2683 2898 2735 hanc
2947 2682 2998 2734 in
3036 2695 3146 2734 rem
3195 2695 3366 2748 pauca

1796 2783 1861 2836 de
1897 2782 2077 2834 multis
2127 2779 2354 2850 produxi
2407 2777 2692 2830 vaticinia.
2740 2772 2925 2842 Neque
2961 2773 3125 2842 igitur
3170 2770 3362 2836 Judaei,

1797 2887 1969 2940 neque
1992 2870 2289 2926 Christiani
2322 2870 2600 2935 aberrant,
2642 2884 2763 2923 cum
2795 2867 3085 2936 prophetas
3129 2865 3236 2918 Deo
3283 2864 3367 2916 in-

1796 2962 2034 3031 spiraute
2072 2959 2282 3015 locutos
2314 2958 2486 3013 fuisse
2513 2959 2777 3024 credunt;
2825 2955 2917 3009 sed
2947 2961 3135 3008 errant
3167 2952 3224 3013 ii,
3274 2951 3363 3018 qui

1795 3056 1862 3109 de
1903 3053 2143 3118 Christo,
2169 3067 2328 3121 quem
2363 3052 2638 3122 prophetae
2669 3047 3090 3116 exspectandum
3131 3059 3254 3098 esse
3286 3044 3366 3096 di-

1795 3155 2010 3212 xerunt,
2048 3145 2180 3200 falsa
2225 3145 2542 3213 opinantur;
2592 3141 2718 3195 licet
2775 3155 2932 3192 verus
2982 3138 3363 3207 prophetarum

1722 3260 1763 3316 ο
1799 3251 1997 3300 sermo,
2047 3246 2100 3290 et
2153 3233 2404 3304 quisnam
2440 3232 2651 3286 futurus
2693 3239 2744 3284 et
2784 3229 3002 3284 ubinam
3050 3227 3358 3281 nasciturus

1801 3339 1968 3393 esset,
2001 3327 2267 3382 docuerit.

1872 3419 1924 3474 5.
1965 3418 2152 3473 Postea
2183 3417 2393 3482 Celsus,
2425 3424 2576 3469 ratus
2605 3413 2819 3468 Iudaeos
2847 3424 3044 3482 genere
3084 3406 3370 3478 ngyptios

1804 3509 1924 3564 ideo
1970 3524 2034 3563 ex
2084 3508 2322 3579 Egypto
2372 3508 2700 3569 excessisse,
2748 3504 2875 3574 quia
2930 3517 3044 3556 rem
3094 3500 3365 3569 publicam

1802 3601 2160 3658 seditionibus
2207 3601 2486 3655 turbarent
2529 3607 2583 3652 ct
2619 3598 2756 3653 ritus
2789 3596 3062 3667 religionis
3105 3608 3253 3647 more
3285 3607 3371 3646 re-

1803 3702 1988 3762 ceptos
2016 3692 2312 3761 despicatui
2343 3691 2627 3754 haberent,
2657 3689 2732 3741 ait
2771 3705 2789 3738 ι
2820 3687 2960 3748 illos,
2992 3701 3114 3754 quae
3143 3685 3212 3739 ab
3239 3685 3371 3752 ipsis

1802 3785 1945 3854 passi
2001 3793 2156 3838 erant
2184 3782 2453 3853 Aﬂgyptii,
2501 3782 2689 3835 eadem
2742 3795 2931 3848 passos
2978 3778 3147 3832 fuisse
3197 3776 3263 3830 ab
3304 3777 3372 3828 iis

1803 3874 1893 3943 qui
1925 3874 2049 3929 Jesu
2095 3875 2444 3929 adhaeserunt
2479 3882 2533 3929 et
2562 3874 2610 3928 ei
2653 3883 2710 3927 ut
2748 3873 2966 3928 Christo
2993 3869 3370 3934 crediderunt,

1802 3974 1858 4020 et
1896 3965 2142 4034 utrisque
2183 3967 2552 4020 novandarum
2601 3979 2780 4018 rerum
2813 3977 3039 4018 causam
3087 3960 3252 4014 fuisse
3286 3974 3374 4014 se-

1804 4058 2056 4112 ditiosum
2086 4059 2348 4116 animum.
2375 4077 2392 4108 ι
2432 4058 2569 4124 Quid
2602 4057 2690 4112 hic
2733 4056 2918 4111 Celsus
2953 4064 3095 4124 agat,
3127 4054 3374 4108 conside-

1806 4147 2029 4202 randum
2056 4157 2160 4202 est.
2189 4146 2466 4217 Egyptii,
2502 4163 2624 4202 cum
2661 4146 2914 4200 llebraaos
2951 4146 3091 4200 fame
3131 4143 3371 4198 Judazam

1805 4239 2121 4292 devastante
2160 4237 2452 4307 [Egyptum
2500 4247 2683 4306 petere
2731 4243 2952 4289 coactos
3001 4232 3196 4287 acerbe
3259 4241 3369 4283 Ira-

1805 4338 2074 4391 ctasscnt,
2117 4327 2492 4395 supplicesque
2533 4336 2584 4379 et
2618 4325 2860 4392 hnSpites
2907 4321 3118 4390 injuriis
3163 4318 3372 4371 atl'ecis-

1806 4428 1959 4482 sent,
1996 4416 2302 4486 persolvere
2333 4431 2541 4481 pinnas,
2574 4429 2706 4482 quas
2737 4429 2764 4466 a
2807 4413 2984 4467 divina
3031 4407 3368 4479 providentia

1809 4508 2038 4561 iullictas
2073 4503 2308 4574 Oportuit
2352 4507 2494 4574 genti
2551 4520 2668 4574 qua:
2718 4502 3102 4570 conjuraverat
3171 4500 3222 4552 in
3273 4501 3372 4552 ho-

161 4599 411 4668 κήταντες,
444 4605 592 4674 άπερ
624 4603 788 4673 ἐχρῆν
813 4603 931 4655 ὅλον
958 4602 1107 4666 ἔθνος
1134 4603 1238 4656 ὑπὸ
1263 4603 1361 4669 τῆς
1395 4602 1544 4666 θείας
1571 4620 1697 4673 προ-

1806 4600 1975 4668 Spites
2000 4615 2029 4651 a
2064 4598 2262 4664 quibus
2303 4597 2379 4651 illi
2414 4597 2553 4650 nulla
2589 4605 2708 4651 orta
2733 4603 2853 4650 erat
2898 4592 3096 4660 injuria
3117 4591 3183 4645 “.
3223 4589 3374 4644 Unde

161 4692 282 4756 νοίας
314 4697 518 4764 παθεῖν,
552 4697 936 4767 συμφρονῆσαν
969 4694 1111 4748 κατά
1155 4695 1273 4748 ὅλου
1311 4694 1404 4748 τοῦ
1443 4695 1550 4747 τῶν
1586 4697 1702 4748 ἐπι-

163 4779 463 4843 ξενωθέντων
491 4789 676 4851 αὐτοῖς
709 4788 927 4855 γένους,
974 4787 1140 4858 μηδὲν
1173 4787 1370 4849 αὐτοὺς
1415 4786 1702 4856 ἀδικήσαν-

162 4890 261 4938 τος·
300 4879 387 4930 καὶ
413 4879 550 4932 Θεοῦ
589 4879 805 4950 μάστιξι
843 4878 1159 4947 πληγέντες,
1194 4877 1343 4947 μόλις
1377 4877 1465 4928 καὶ
1500 4877 1614 4946 μετ’
1643 4877 1703 4928 οὑ

164 4967 277 5018 πολῦ
302 4970 572 5023 ἀπέλυσαν
600 4971 721 5022 ὅποι
751 4968 1030 5021 ἐϐούλοντο
1061 4970 1188 5030 τοὺς
1224 4969 1283 5020 οὐ
1326 4968 1548 5031 δικαίως
1587 4969 1706 5020 δου-

164 5053 578 5130 λαγωγουμένους
635 5060 765 5130 (54).
799 5059 925 5111 "Ars
975 5054 1067 5111 οὖν
1123 5058 1388 5126 φίλαυτοι,
1437 5058 1530 5110 καὶ
1579 5059 1706 5122 τοὺς

165 5146 532 5222 όποιωσὸἡποτε
581 5153 860 5222 ὁμογενεῖς
910 5151 1283 5221 προτιμῶντες
1345 5151 1437 5202 καὶ
1483 5149 1588 5202 τῶν
1630 5151 1708 5203 δι-

167 5239 429 5312 καιοτέρων
460 5242 645 5306 ξένων,
664 5244 764 5296 οὐκ
793 5243 937 5295 ἐστιν
957 5244 1024 5314 ἦν
1049 5259 1169 5295 τινα
1201 5240 1529 5312 κατηγορίαν
1556 5258 1713 5294 κατα-

226 5353 266 5384 ⁸⁸
293 5355 452 5411 Exod.
487 5372 528 5422 ι,
560 5357 630 5410 20
653 5373 668 5421 ;
693 5359 824 5411 Gen.
862 5371 1007 5424 XLVI,
1038 5355 1110 5419 2;
1143 5355 1310 5410 Exod.
1343 5371 1417 5409 xu
1439 5397 1453 5421 ,
1488 5355 1572 5408 31.

227 5488 326 5561 (51)
375 5491 550 5560 ’Υπὲρ
584 5493 819 5560 ἀρετ-ῆς.
859 5492 1020 5547 Recte
1071 5493 1228 5546 codd.
1278 5491 1478 5560 Regius
1511 5499 1564 5546 et
1603 5490 1706 5544 Ba-

169 5559 410 5615 sileeu'sis.
453 5559 891 5632 linpre’ssiivero.
930 5564 1017 5614 ἐπ’
1051 5562 1282 5632 ἀρετῆς,
1333 5559 1490 5616 male.
1520 5561 1708 5632 Paulo

170 5640 275 5696 post
305 5647 428 5703 mss.
456 5633 676 5701 Regius,
708 5631 1041 5686 Basileensis
1065 5631 1118 5685 et
1148 5633 1252 5703 duo
1283 5631 1552 5696 Vaticani,
1583 5631 1709 5703 περί

171 5715 294 5772 τινος
323 5700 764 5772 ὲπιδημήσοντος,
807 5704 1041 5770 optime;
1090 5700 1228 5757 male
1260 5717 1384 5757 vero
1422 5700 1702 5770 impressi,

172 5770 446 5844 712$:er
465 5770 934 5844 ἐπιδημήσαντος.

232 5839 334 5921 (σε)
373 5839 749 5921 Προσίεονθαὶ.
783 5843 858 5895 lta
888 5843 1043 5921 codd.
1071 5843 1274 5921 _Regius
1299 5851 1354 5921 et
1381 5841 1706 5921 Basileepsis

175 5911 373 5978 rectius,
417 5924 474 5966 ut
523 5913 745 5980 videtur,
777 5929 938 5983 quam
990 5914 1119 5969 libb.
1148 5911 1363 5980 excusi,
1400 5911 1698 5982 προΐεσθαι.

1807 4693 1899 4747 Dei
1944 4691 2172 4760 ﬂagellis
2224 4691 2474 4759 castigati
2528 4703 2672 4758 aegre
2719 4687 2877 4755 paulo
2933 4693 3053 4753 post
3101 4683 3372 4736 licentiam

1810 4786 2037 4839 abeundi
2071 4800 2177 4852 quo
2210 4783 2405 4838 vellent
2440 4783 2705 4836 dederunt
2739 4781 2832 4845 iis,
2878 4792 3013 4848 quos
3063 4777 3266 4844 injuste
3318 4771 3371 4826 in

1811 4879 2126 4930 servitutem
2157 4877 2496 4944 redegerant.
2535 4875 2790 4926 Amantes
2830 4871 2994 4941 igitur
3029 4869 3108 4923 sui
3157 4877 3211 4921 et
3258 4865 3378 4920 suis

1814 4968 2162 5036 popularibus
2202 4969 2316 5038 plus
2347 4966 2568 5021 honoris
2599 4965 2858 5018 habentes
2890 4977 3050 5031 quam
3078 4961 3158 5016 vel
3185 4958 3380 5027 justic-

1815 5061 1962 5114 ribns
1992 5059 2318 5127 hospitibus,
2349 5059 2549 5111 nullam
2585 5056 2848 5125 reliquam
2869 5055 3122 5107 fecerunt
3168 5049 3374 5104 calum-

1818 5152 1982 5211 niam,
2011 5167 2172 5220 quam
2216 5151 2266 5203 in
2307 5149 2542 5219 Moysem
2587 5159 2641 5201 et
2684 5148 2937 5201 llebrreos
2986 5144 3226 5198 dicerent
3258 5161 3268 5194 :
3305 5141 3378 5192 ita

1819 5253 1877 5298 ut
1929 5244 2234 5314 prodigiosa
2282 5241 2482 5313 Moysis
2535 5240 2794 5296 miracula
2837 5253 2942 5293 non
2991 5236 3110 5290 ausi
3159 5229 3381 5287 omnino

1817 5490 1961 5546 Loco
1990 5490 2289 5563 προΐεσθαι.
2319 5487 2547 5563 Quietus
2567 5487 2780 5563 legebat
2807 5481 3032 5563 οἴεσθαι.
3089 5551 3103 5563 ‘
3215 5517 3220 5521 ι

1885 5563 1999 5633 (55)
2038 5547 2575 5633 ’ΪΕπιδηιλιξο-αντες.
2619 5547 2812 5611 Cuictu
2854 5551 3196 5608 scribendum
3230 5547 3383 5604 vide-

1817 5641 1867 5686 tu
1878 5631 1932 5719 r',”
1947 5631 2314 5719 ἐπιδημῆσανέ

1879 5687 1989 5772 (3—4)
2016 5687 2160 5767 Τοῦς
2180 5687 2258 5755 ὀὐ
2291 5699 2527 5772 δικᾳίῳς
2550 5691 3167 5772 δουλαγωγουμένρυς.
3196 5687 3376 5743 Codex

1813 5763 2045 5840 Regius,
2111 5763 2235 5833 τοὺς
2297 5769 2579 5831 Ἰουδαίους
2642 5763 3219 5833 δουλαγωγουμένους,
3269 5774 3376 5812 ιιοιι

1812 5846 1966 5896 male.
