4002 6600
177 387 279 450 Ειξ)
1358 395 1638 451 CONTRA
1679 395 1750 452 Cl

1862 395 1954 451 ΕΜ
1994 396 2123 453 LIB.
2168 394 2257 453 ιιι.
3351 403 3460 461 956

169 531 330 585 ρευε,
367 514 575 585 μήποτε
611 511 722 586 (61)
750 513 958 570 δίκαιον
988 509 1125 567 εἶναι
1157 513 1419 568 διδάσκων
1445 515 1504 568 τὸ
1545 517 1661 568 κατ’
1693 517 1750 568 ἀι.

1882 515 2088 569 bnissct
2119 515 2344 568 omnino
2375 513 2535 568 ullam
2569 515 2804 570 hominis
2830 515 3198 572 occisionem:
3233 535 3332 575 nec
3360 529 3458 576 do-

125 634 127 636 -
170 603 416 678 θρώπου
446 605 699 676 τόλμημα
727 604 836 658 τῶν
868 607 1059 660 ἐαυτοῦ
1105 606 1360 677 μαθητῶν
1380 646 1393 669 ,
1441 607 1540 660 κᾶν
1572 605 1740 659 ἀδικώ

1873 603 2078 656 cuisset
2103 601 2210 656 vim
2245 602 2452 657 homini
2481 618 2757 672 nunquam
2786 605 2935 674 jnste
2969 621 2998 660 a
3032 608 3146 661 suis
3172 609 3456 679 discipulis

169 714 342 760 τατος
389 699 596 761 ἐκεῖνος
757 699 816 750 οὐ
856 698 966 770 γὰρ
1012 700 1240 770 πρέπειν
1280 700 1462 770 ἠγεῖτο
1506 701 1571 769 τῇ
1606 697 1770 768 ἐνθέῳ

172 789 379 844 ἑαυτοῦ
416 789 704 861 νομοθεσίᾳ
733 791 792 843 τὸ
825 793 1126 863 συγχωρεῖν
1153 791 1545 861 ὀποιανδήποτε
1570 788 1770 860 ἀνθρώ-

172 897 278 934 που
331 881 616 952 ἀναίρεσιν
637 897 649 910 ·
683 879 796 933 ὦτ’
835 879 901 935 ἂν
933 881 1282 952 Χριστιανοὶ,
1311 882 1359 934 οἱ
1390 881 1497 934 ἀπὸ
1531 881 1771 944 στάσεως

172 971 505 1042 ἀρξάμενοι,
547 972 672 1034 τοὺς
709 972 801 1024 ἐπὶ
849 971 1097 1024 τοσοῦτον
1154 973 1393 1043 ἡμέρους
1425 973 1771 1044 προσήκαντο

554 1057 629 1118 ὧν
668 1064 744 1129 ὼς
787 1063 1034 1136 πρόϐατα
1069 1065 1165 1135 μὲν
1206 1064 1546 1136 ἀναιρεῖσθαι
1588 1064 1768 1128 αὐτοῖς

172 1159 430 1226 ἐγίγνετο
453 1199 466 1221 ,
505 1158 772 1229 μηδέποτε
809 1159 865 1212 δέ
896 1159 1206 1230 ἀμύνασθαι
1252 1155 1354 1212 οἷοί
1395 1161 1442 1212 τ’
1485 1155 1624 1230 ἦσαν
1657 1158 1767 1230 (6‘2)

174 1252 296 1312 τοὺς
328 1249 651 1314 διώκοντας.
696 1251 956 1320 Καίτοιγε
993 1251 1284 1323 βαθύτερον
1338 1249 1654 1316 ἐξετάζοντα
1701 1250 1768 1302 τὰ

175 1340 485 1411 πράγματα
504 1383 518 1406 ,
548 1340 694 1394 ἐστιν
727 1344 900 1395 εἰπεῖν
933 1343 1061 1414 περ).
1091 1343 1189 1413 μὲν
1221 1342 1331 1396 τῶν
1371 1341 1767 1412 ἐξεληλυθότων

173 1435 234 1485 ἐκ
279 1432 392 1502 γῆς
427 1431 736 1500 Αἰγύπτου,
767 1434 848 1487 ὅτι
888 1433 1206 1507 παραδόξως
1243 1436 1272 1487 ὁ
1302 1437 1408 1499 πᾶς
1445 1433 1582 1498 λεὼς
1607 1437 1768 1488 οἰονεί

172 1523 514 1595 θεοδὼρητον
543 1524 820 1579 διάλεκτον
850 1525 1060 1598 ἀθρόως
1093 1527 1349 1599 ἀνείληφε
1375 1527 1472 1599 τὴν
1496 1528 1768 1599 καλουμέ-

173 1636 266 1687 νην
314 1617 581 1688 Ἐϐραίαν
608 1635 621 1647 ’
649 1617 726 1681 ὡς
753 1619 844 1671 καὶ
871 1618 978 1672 τῶν
1009 1621 1136 1690 παρ’
1165 1620 1348 1682 αὐτοῖς
1378 1636 1461 1682 τις
1491 1616 1610 1673 εἶπε
1645 1638 1768 1692 προ-

175 1708 390 1778 φητῶν,
445 1710 530 1762 ὅτι
565 1728 583 1760 ι
627 1709 713 1761 Ἐν
761 1709 837 1780 τῷ
868 1709 1103 1776 ἐξελθεῖν
1147 1712 1342 1775 αὐτοὺς
1374 1713 1437 1764 ἐκ
1468 1713 1570 1782 γῆς
1603 1712 1767 1781 Αίγύ-

179 1819 306 1852 πτου
341 1800 620 1869 γλῶσσαν,
650 1801 717 1872 ῆν
752 1803 852 1854 οὐκ
881 1802 1022 1871 ἔγνω
1053 1801 1184 1874 (65),
1218 1804 1476 1873 ἥκουσαν.
1514 1823 1534 1856 ι

173 1065 403 1134 νόμους,
445 1064 511 1117 δι’

238 1979 351 2032 Καὶ
398 1980 545 2034 οὕτω
583 1981 641 2034 δέ
693 1983 1165 2036 κατασκευαστέον
1191 2022 1203 2045 ,
1231 1983 1311 2035 ὅτι
1337 1981 1434 2035 οὐκ
1479 1982 1762 2050 Αἰγύπτιοι

174 2070 306 2142 ἦσαν
356 2075 406 2125 οἰ
464 2073 844 2146 ἐξεληλυθότες
899 2076 1034 2145 μετὰ
1098 2076 1375 2140 Μωῦσέως
1435 2076 1533 2146 τὴν
1594 2075 1762 2144 Αίγυ⁹

177 2180 299 2214 πῖον
328 2163 464 2232 (64).
501 2165 564 2217 Εἰ
598 2164 695 2234 μὲν
727 2165 835 2237 γὰρ
868 2165 1156 2234 Αἰγύπτιοι
1195 2163 1355 2238 ἦσαν,
1395 2167 1561 2238 ἐχρῆν
1585 2168 1761 2220 αὐτῶν

176 2254 234 2305 τὲ
283 2253 528 2324 ὀνόματα
577 2252 717 2308 εἶναι
767 2257 1078 2325 Αἰγύπτια,
1130 2257 1204 2320 ὡς
1253 2259 1454 2330 ἑκάστῃ
1497 2257 1760 2329 διαλέκτῳ

177 2351 454 2415 συγγενεῖς
479 2349 616 2400 εἰσιν
650 2350 704 2402 αἰ
738 2351 1100 2422 προσηγορίαι
1128 2368 1140 2380 ο
1181 2352 1225 2403 εἰ
1255 2349 1298 2403 δ’
1335 2353 1399 2404 ἐκ
1429 2350 1536 2402 τῶν
1567 2352 1761 2422 ὀνομάκ-

177 2454 272 2488 των
307 2438 616 2509 Ἑϐραϊκῶν
644 2441 813 2493 ὄντων
848 2442 1036 2510 σαφὲς,
1059 2443 1140 2494 ὃτι
1168 2442 1267 2494 οὐκ
1307 2442 1589 2510 Αἰγύπτιοι
1619 2439 1758 2514 ἦσαν

178 2525 406 2599 (πλήρης
425 2527 539 2598 γὰρ
573 2530 604 2598 ή
637 2530 827 2601 Γραφὴ
851 2529 958 2582 τῶν
1003 2529 1306 2600 Ἑϐραϊκῶν
1334 2530 1634 2599 ὀνομάτων,
1666 2532 1758 2584 καὶ

177 2619 274 2671 τῶν
302 2621 358 2673 ἐν
391 2620 655 2692 Αἰγύπτῳ
681 2620 904 2674 τοιαῦτα
955 2620 1196 2690 θεμένων
1226 2623 1336 2684 τοῖς
1365 2622 1544 2689 υἱοῖς),
1575 2620 1753 2690 δῆλον,

176 2713 246 2763 ὅτι
269 2711 464 2781 ψεῦδος
486 2713 547 2766 τὸ
578 2713 866 2783 λεγόμενον
895 2712 1000 2765 ὑπὸ
1028 2712 1134 2766 τῶν
1167 2713 1480 2780 Αἰγυπτίων
1503 2752 1516 2775 ,
1546 2713 1626 2765 ὅτι
1652 2712 1750 2764 Ai-

178 2803 383 2870 γύπτιοι
431 2805 588 2869 ὄντες
637 2804 996 2876 ἀπηλάθησαν
1050 2804 1188 2875 μετὰ
1216 2803 1494 2866 Μωῡσέως
1525 2803 1634 2857 ἀπὸ
1657 2803 1755 2872 τῆς

177 2898 461 2964 Αἰγύπτου.
495 2898 606 2952 Καὶ
636 2897 822 2966 σαφῶς
867 2897 1092 2969 ἐναργές
1126 2898 1300 2960 ἐστιν,
1334 2898 1414 2949 ὄτι
1449 2898 1513 2948 ἐκ
1558 2895 1755 2967 προγό-

180 3009 272 3044 νων
306 2991 598 3064 Ἐϐραίων,
623 2989 765 3043 κατὰ
795 2989 893 3061 τὴν
923 2989 1072 3062 παρὰ
1093 2990 1317 3043 Μωῡσεῖ
1344 2989 1752 3060 ἀναγραφεῖσαν

182 3085 442 3154 ἱστορίαν,
484 3084 546 3136 τὸ
593 3083 749 3153 γένος
795 3082 1008 3152 ἔχοντες
1052 3079 1314 3151 διαλέκτῳ
1351 3079 1588 3151 ἐχρῶντο
1611 3119 1625 3142 ,
1661 3079 1752 3147 ἀφ’

180 3170 236 3244 ἦς
263 3177 351 3228 καὶ
379 3175 448 3228 τὰ
481 3175 724 3245 ὀνόματα
759 3177 872 3237 τοῖς
900 3176 1034 3236 υἱοῖς
1067 3173 1321 3226 ἐτίθεντο.
1356 3173 1489 3244 Περὶ
1533 3172 1588 3226 δέ
1615 3171 1751 3243 Χρι-

182 3268 413 3331 στιανῶν,
448 3268 576 3320 ἐπεὶ
602 3266 939 3337 διδαχθέντες
983 3266 1055 3336 μὴ
1093 3264 1398 3336 ἀμύνασθαι
1437 3265 1565 3328 τοὺς
1597 3265 1754 3317 πολε-

184 3355 322 3424 μίους
363 3357 645 3428 ἐτήρησαν
684 3357 783 3428 τὴν
821 3356 1027 3427 ἥμερον
1057 3355 1150 3407 καὶ
1187 3353 1565 3425 φιλάνθρωπον
1595 3371 1753 3424 νομο-

180 3445 374 3513 θεσίαν,
402 3449 496 3502 διὰ
523 3449 668 3502 τοῦθ’
701 3450 838 3520 ὅπερ
868 3449 966 3500 οὐκ
990 3448 1054 3501 ἂν
1087 3446 1332 3511 ἐξουσίαν
1364 3444 1614 3508 λαϐόντες
1645 3444 1739 3498 τοῦ

183 3541 437 3612 πολεμεῖν,
478 3543 526 3594 εἰ
567 3541 660 3594 καὶ
695 3542 834 3595 πάνυ
879 3536 1018 3612 ἦσαν
1057 3540 1312 3604 δυνατοὶ,
1345 3540 1566 3610 ἤνυσαν,
1606 3538 1748 3591 τοῦτ’

181 3634 274 3688 ἀπὸ
319 3635 454 3688 Θεοῦ
505 3634 792 3705 εἰλήφασι,
835 3631 929 3685 τοῦ
977 3632 1116 3703 ὑπὲρ
1151 3630 1330 3684 αὐτῶν
1375 3630 1484 3700 (65)
1518 3630 1752 3701 πολεμή-

184 3743 351 3792 σαντος
381 3730 473 3782 ἀεὶ
493 3769 508 3794 ,
546 3728 638 3782 καί⁹
673 3726 813 3780 κατὰ
846 3725 1071 3797 καιροὺς
1106 3724 1411 3787 παύσαντος
1442 3725 1566 3787 τοὺς
1610 3721 1750 3776 κατὰ

182 3820 505 3891 Χριστιανῶν
538 3819 889 3891 ἱσταμένους,
939 3819 1032 3872 καὶ
1074 3819 1315 3888 ἀναιρεῖν
1348 3817 1542 3880 αὐτοὺς
1572 3816 1749 3870 θέλον-

181 3927 283 3974 τας.
317 3913 710 3983 ’Υπομνήσεως
732 3911 840 3982 γὰρ
872 3911 1030 3982 χάριν
1066 3910 1193 3980 (ἵνα,
1229 3907 1520 3979 ἐνορῶντες
1545 3908 1747 3976 ὀλίγοις

183 4003 588 4077 ἀγωνιζομένοις
615 4005 756 4076 ὑπὲρ
775 4002 1075 4066 εὐσεϐείας,
1104 3999 1457 4071 δοκιμώτεροι
1490 4001 1745 4068 γίνωνται

183 4097 261 4146 καὶ
285 4095 511 4152 θανάτου
541 4095 994 4168 καταφρονῶσιν),
1024 4093 1193 4162 ὀλίγοι
1230 4091 1370 4145 κατὰ
1397 4092 1619 4162 καιροὺς
1651 4093 1744 4146 καὶ

184 4186 364 4258 σφόδρα
389 4188 749 4261 εὐαρίθμητοι
781 4187 922 4258 ὑπὲρ
944 4187 1041 4257 τῆς
1069 4183 1403 4256 Χριστιανῶν
1438 4181 1744 4246 θεοσεϐείας

182 4277 484 4350 τεθνήκασι-
533 4279 832 4344 κωλύοντος
875 4276 1008 4332 Θεοῦ
1041 4275 1102 4330 τὸ
1153 4279 1261 4330 πᾶν
1301 4275 1742 4348 ἐκπολεμηθῆναι

185 4369 339 4423 αὐτῶν
369 4371 523 4436 ἔθνος
542 4389 557 4402 ·
596 4371 856 4442 συστῆναι
887 4370 995 4442 γὰρ
1024 4369 1154 4424 αὐτὸ
1184 4368 1453 4432 ἐϐούλετο,
1487 4369 1581 4420 καὶ
1613 4367 1744 4438 πλη-

187 4460 394 4532 ρωθῆναι
451 4465 633 4516 πᾶσαν
675 4461 773 4533 τὴν
814 4462 919 4532 γῆν
956 4462 1054 4532 τῆς
1097 4460 1366 4532 σωτηρίου
1397 4458 1602 4530 ταύτης
1647 4458 1741 4511 καὶ

1874 692 2064 748 inferri
2107 707 2304 762 posse,
2361 695 2611 763 quamvis
2659 695 3022 764 iniustissime
3065 716 3078 764 ;
3133 699 3454 757 indecorum

1872 783 2016 836 enim
2062 784 2288 851 putabat
2331 784 2528 840 divinis
2570 785 2686 841 suis
2718 786 2925 858 legibus
2964 791 3204 858 permitti
3250 793 3452 847 caedem

1873 873 2140 939 hominis,
2169 875 2560 946 qualiscunque
2608 879 2824 934 tandem
2884 879 2974 935 illa
3020 890 3166 938 esset
3208 901 3222 938 :
3279 899 3454 954 neque

1871 966 2034 1019 etiam
2063 964 2359 1021 Christiani
2394 982 2546 1023 suam
2583 983 2612 1022 a
2649 971 2919 1028 seditione
2973 973 3237 1030 ducentes
3285 978 3454 1046 origi-

1871 1072 1994 1110 nem
2028 1057 2174 1126 leges
2201 1059 2558 1114 admisissent
2595 1061 2667 1114 ita
2696 1063 2978 1131 paciﬁcas,
3015 1075 3072 1119 ut
3105 1079 3331 1138 propter
3357 1084 3452 1123 eas

1872 1149 2070 1204 factum
2104 1150 2269 1205 fuerit
2333 1160 2391 1205 ut
2420 1152 2584 1207 veluti
2617 1168 2749 1210 oves
2791 1155 3252 1225 interlicerenlur,
3281 1159 3447 1231 452

1871 1257 1968 1296 nec
1995 1257 2092 1310 per
2115 1257 2208 1298 eas
2235 1242 2421 1298 liceret
2444 1245 2510 1300 de
2537 1248 2979 1314 persecutoribus
3001 1264 3217 1306 sumere
3242 1253 3451 1321 suppli-

1869 1335 2032 1388 cium.
2082 1335 2190 1390 Sed
2241 1344 2295 1390 et
2342 1336 2431 1404 qni
2483 1351 2596 1391 rem
2644 1341 2880 1394 scrutari
2915 1340 3079 1396 altius
3112 1343 3370 1410 voluerit,
3404 1347 3450 1401 is

1869 1429 2050 1483 dicere
2078 1430 2276 1498 poterit
2308 1445 2412 1483 non
2446 1434 2568 1486 sine
2613 1433 2878 1487 miraculo
2910 1435 3226 1504 contigisse,
3267 1441 3448 1507 utqui

1867 1535 1934 1576 ex
1961 1519 2196 1591 IEgypto
2225 1520 2475 1585 exibant,
2507 1525 2692 1578 statim
2721 1534 2778 1578 et
2811 1525 2966 1593 quasi
2999 1527 3142 1581 Deus
3181 1529 3449 1596 inspiras-

1868 1622 1971 1678 set,
2016 1597 2262 1682 linguam
2313 1623 2636 1684 usurparent
2675 1628 2794 1684 quae
2836 1615 3104 1672 Hebraica
3155 1620 3445 1674 vocitatur.

1867 1703 1985 1770 Quo
2009 1704 2242 1774 pertinet
2273 1704 2411 1758 istud
2442 1706 2603 1760 unius
2623 1721 2687 1760 ex
2717 1722 2904 1761 eorum
2932 1709 3240 1779 prophetis:
3272 1727 3290 1758 ε
3312 1710 3448 1764 Cum

1867 1797 2078 1850 exirent
2107 1801 2172 1852 de
2227 1808 2371 1852 terra
2406 1798 2624 1870 Egypti
2677 1816 2800 1865 eos,
2848 1817 3012 1872 quam
3048 1819 3152 1859 non
3185 1811 3450 1858 noverant

1799 1869 1839 1924 Β
1870 1889 2128 1958 linguam,
2161 1891 2436 1946 audivisse
2465 1892 2533 1945 ⁵⁵.
2573 1912 2591 1944 ι

1938 1982 1992 2035 8.
2025 1981 2134 2035 lloc
2159 1983 2320 2036 etiam
2362 1993 2685 2052 argumento
2720 1985 3060 2054 probandum
3087 1997 3191 2050 est,
3221 2002 3316 2042 eos
3344 1986 3446 2042 ΑΕ-

1869 2074 2080 2143 gyptios
2108 2089 2214 2127 non
2246 2075 2433 2140 fuisse,
2460 2077 2549 2144 qui
2581 2091 2648 2130 ex
2675 2075 2912 2146 [Egypto
2951 2093 3073 2133 cum
3130 2079 3314 2149 Moyse
3359 2095 3446 2136 re-

1868 2173 2168 2218 cesserunt.
2217 2163 2350 2220 Nam
2398 2167 2445 2222 si
2474 2167 2712 2238 Egyptii
2759 2178 2959 2237 essent,
3000 2171 3220 2225 nomina
3249 2188 3443 2226 eorum

1867 2256 2186 2326 {Egyptiaca
2213 2257 2379 2312 fuisse
2403 2269 2638 2328 oportet.
2666 2260 2792 2314 Suae
2817 2261 2960 2314 enim
2988 2274 3113 2317 sunt
3144 2264 3443 2331 unicuique

1867 2348 2065 2417 lingua:
2113 2350 2345 2419 propria:
2395 2351 2808 2421 appellationes.
2842 2352 2958 2406 Non
2994 2354 3164 2422 igitur
3195 2353 3440 2425 Egyptii

1865 2447 2040 2504 erant,
2066 2439 2109 2493 si
2140 2438 2408 2494 l-lebraica
2435 2456 2627 2496 eorum
2662 2444 2887 2496 nomina
2919 2441 3162 2499 fuerunt.
3184 2447 3254 2498 At
3283 2448 3441 2514 plena
3477 2428 3483 2434 ’

1867 2527 2148 2596 Scriptura
2180 2537 2264 2583 est
2309 2531 2622 2585 nominibus
2665 2531 2977 2598 Hebraicis,
3027 2533 3204 2602 iisque
3251 2536 3346 2604 qui
3378 2535 3444 2588 li—

1863 2618 2006 2672 beris
2042 2620 2412 2689 imposuerunt
2440 2624 2751 2692 hujusmodi
2783 2626 3023 2680 nomina.
3064 2625 3206 2697 Ergo
3235 2627 3436 2682 falsum

1862 2719 1944 2763 est
1981 2710 2030 2763 id
2061 2713 2204 2778 quod
2232 2713 2470 2783 {Egyptii
2517 2716 2723 2780 dicunt,
2757 2731 2850 2770 eos
2897 2717 3108 2787 origine
3139 2716 3429 2788 [Egyptios

1859 2815 1922 2854 ex
1955 2800 2187 2872 A‘Zgypto
2237 2819 2361 2857 cum
2409 2803 2592 2874 Moyse
2645 2805 2900 2873 expulsos
2947 2821 3088 2862 esse.
3131 2808 3184 2863 ld
3223 2824 3440 2878 quoque

1861 2891 2202 2956 perspicuum
2236 2901 2338 2957 est,
2365 2906 2480 2958 eos,
2514 2903 2572 2947 ut
2603 2893 2832 2948 historia
2864 2911 2892 2948 a
2916 2895 3096 2966 Moyse
3121 2899 3437 2968 conscripta

1861 2989 2113 3048 testatur,
2150 2997 2178 3036 a
2233 2983 2552 3050 parentibus
2595 2985 2838 3041 llebrwis
2873 2998 3066 3053 ortos,
3113 2989 3296 3058 lingua
3345 2990 3438 3046 illa

1862 3089 1986 3129 usos
2018 3089 2179 3140 esse,
2215 3091 2279 3130 ex
2308 3089 2411 3145 qua
2451 3076 2775 3145 imponenda
2825 3079 2951 3134 ﬁliis
2992 3082 3211 3136 nomina
3257 3097 3438 3139 sume-

1859 3167 2005 3221 bant.
2056 3165 2350 3222 Christiani
2385 3172 2604 3239 autem,
2645 3169 2902 3238 quoniam
2952 3172 3241 3240 benignam
3288 3175 3434 3230 illam

1857 3273 2302 3331 mansuetamque
2333 3265 2509 3334 legent
2541 3274 2832 3320 servarunt
2870 3280 3034 3334 quam
3078 3267 3223 3321 docti
3254 3279 3433 3333 erant,

1852 3357 2038 3410 hostes
2067 3371 2174 3410 non
2213 3357 2543 3422 ulciscendi,
2576 3357 2781 3412 idcirco
2810 3360 2957 3428 quod
2993 3361 3274 3415 consecuti
3324 3378 3434 3418 non

1853 3456 2054 3513 essent,
2101 3448 2312 3502 etiamsi
2345 3450 2466 3502 data
2511 3447 2618 3503 illis
2648 3448 2842 3503 fuisset
2872 3448 3229 3520 belligerandi
3266 3450 3435 3507 licen-

1856 3540 1950 3604 tia,
1980 3547 2034 3594 et
2063 3539 2271 3596 idoneis
2304 3541 2369 3594 ad
2401 3541 2542 3595 hanc
2587 3555 2703 3594 rem
2769 3541 2989 3596 auxiliis
3016 3543 3264 3598 instructi
3303 3543 3436 3600 fuis-

1851 3641 1994 3696 sent,
2025 3631 2078 3686 id
2117 3646 2146 3685 a
2176 3633 2285 3687 Deo
2315 3635 2598 3688 consecuti
2631 3644 2756 3689 sunt
2786 3636 2878 3705 qui
2925 3649 3140 3706 semper
3179 3639 3436 3708 pugnavit

1850 3738 1948 3792 pro
1977 3723 2103 3790 illis,
2135 3734 2192 3779 et
2217 3726 2544 3796 opportunis
2581 3729 2915 3797 temporibus
2943 3730 3284 3799 compescuit
3313 3745 3430 3795 eos,

1849 3815 1940 3883 qui
1969 3815 2022 3870 in
2051 3814 2396 3872 Christianos
2423 3816 2772 3889 insurgerent
2802 3829 2854 3874 et
2883 3833 2976 3874 eos
3026 3819 3336 3875 interﬁcere
3374 3821 3429 3875 in

1850 3907 2032 3961 animo
2062 3907 2345 3962 haberent.
2382 3908 2455 3965 Ut
2486 3909 2631 3964 enim
2681 3909 2770 3963 alii
2823 3909 2874 3962 in
2921 3909 3238 3963 tnemnriam
3276 3923 3432 3964 revo-

1847 4005 2036 4050 carent
2057 4007 2113 4052 et
2139 3998 2388 4054 videndis
2411 4000 2599 4068 paucis
2628 4014 2724 4069 pro
2751 3999 2954 4070 pietate
2980 3999 3318 4054 certantibus
3337 3998 3429 4054 ﬁr-

1847 4089 2050 4144 miores
2096 4090 2286 4147 ﬁerent
2337 4099 2679 4160 mortemque
2730 4098 3083 4160 spernerent,
3121 4089 3276 4160 pauci
3331 4103 3428 4158 per

1849 4180 2133 4236 intervalla
2159 4193 2456 4252 temporum
2485 4192 2540 4238 et
2571 4181 2732 4236 facile
2757 4181 3126 4238 numerabiles
3152 4197 3251 4252 pro
3267 4180 3428 4236 Chri~

1845 4274 2020 4328 stiana
2050 4274 2309 4344 religione
2340 4286 2570 4329 mortem
2597 4274 2870 4328 obierunt.
2909 4273 3015 4329 Sed
3064 4287 3252 4328 eorum
3284 4287 3418 4343 gen-

1848 4379 1954 4424 tem
2003 4384 2226 4439 prorsns
2276 4370 2545 4440 exstingui
2596 4384 2876 4440 nunquam
2935 4369 3184 4438 permisit
3230 4367 3420 4422 Deus:

1845 4463 1954 4516 imo
1982 4463 2286 4518 consistere
2315 4461 2487 4516 voluit
2532 4469 2588 4515 et
2623 4462 2933 4515 universam
2963 4470 3164 4513 terram
3199 4457 3421 4513 salutari

184 4549 556 4626 τύσεϐεπάτης
585 4552 949 4616 διδασκαλίας.
984 4551 1152 4605 Πάλιν
1197 4569 1255 4604 τε
1287 4547 1376 4617 αὖ,
1410 4547 1479 4605 ἵν’
1506 4553 1551 4603 οἱ
1583 4549 1743 4604 ἀσθε-

1870 4555 1936 4608 lla
1976 4562 2032 4608 et
2077 4555 2320 4625 piissima
2352 4554 2601 4608 doctrina
2652 4553 2870 4622 repleri.
2912 4553 3127 4606 Rursus
3175 4550 3334 4616 Deus,
3364 4557 3422 4604 ut

191 4643 396 4717 ιέστεροι
416 4647 758 4700 ἁναπνέωσιν
790 4645 896 4700 ἀπὸ
918 4645 1017 4714 τῆς
1047 4646 1172 4716 περὶ
1200 4643 1292 4697 τοῦ
1319 4643 1548 4696 θανάτου
1577 4661 1739 4714 φρον-

184 4735 321 4801 τίδος,
344 4741 370 4790 ὁ
399 4739 535 4803 Θεὸς
562 4742 872 4810 προυνοεῖτο
903 4739 1011 4791 τῶν
1046 4738 1441 4800 πιστευόντων,
1481 4737 1626 4807 μόνῳ
1660 4737 1738 4807 τῷ

187 4825 458 4902 βουλήματι
491 4832 873 4894 διασκεδαννὺς
921 4832 1099 4884 πᾶσαν
1131 4830 1226 4900 τὴν
1261 4830 1381 4881 κατ’
1410 4829 1588 4881 αὐτῶν
1618 4831 1737 4882 ἐπι-

187 4915 382 4991 ϐουλὴν,
437 4923 528 4977 ἵνα
582 4924 718 4993 μήτε
770 4921 1041 4992 βασιλεῖς,
1092 4921 1228 4990 μήτε
1262 4920 1312 4971 οἱ
1354 4917 1494 4971 κατὰ
1538 4918 1736 4980 τόπους

187 5009 466 5082 ἡγούμενοι,
508 5017 643 5086 μήτε
697 5016 746 5067 οἰ
774 5015 936 5084 δῆμοι
969 5011 1265 5081 ἐξαφθῆναι
1291 5013 1409 5063 κατ’
1437 5010 1611 5063 αὐτῶν
1643 5011 1735 5062 ἐπὶ

189 5101 342 5157 πλεῖον
362 5107 646 5179 δυνηθῶσι.
680 5107 864 5161 Ταῦτα
895 5107 990 5177 μὲν
1026 5105 1162 5177 πρὸς
1189 5104 1255 5158 τὰ
1290 5104 1393 5156 ὑπὸ
1422 5103 1631 5156 Κέλσου
1661 5105 1734 5156 εἰς

189 5196 371 5265 ρημένα
395 5201 524 5272 περὶ
555 5199 670 5262 τοῦ,
704 5219 722 5252 ι
757 5200 951 5254 Στάσιν
981 5195 1260 5267 γεγονέναι
1295 5197 1393 5268 τὴν
1417 5196 1610 5269 ἀρχὴν,
1637 5197 1736 5250 πά·

1849 4647 2174 4703 inﬁrmiores
2218 4663 2247 4702 a
2300 4648 2492 4703 mortis
2537 4654 2685 4701 metu
2735 4644 3104 4714 respirarent,
3153 4642 3422 4696 consuluit

1847 4739 2092 4794 ﬁdelibus
2128 4750 2183 4794 et
2218 4739 2334 4793 solo
2367 4747 2498 4792 nutu
2540 4751 2730 4793 onmes
2763 4746 3003 4790 struetas
3056 4732 3162 4788 illis
3195 4731 3421 4788 insidias

1845 4831 2147 4899 dissipavit,
2184 4841 2241 4884 ut
2269 4845 2445 4900 neque
2478 4843 2655 4899 reges,
2690 4842 2865 4897 neque
2893 4827 3230 4880 diversorum
3276 4824 3420 4878 loco-

1844 4941 1960 4978 rum
1993 4925 2302 4994 principes,
2331 4937 2508 4993 neque
2557 4920 2740 4991 populi
2787 4929 2975 4974 contra
3023 4917 3144 4971 illos
3187 4916 3418 4985 amplius

1841 5017 2152 5086 exasperari
2205 5025 2450 5086 possent.
2505 5015 2687 5082 Atque
2739 5013 2852 5066 hare
2901 5011 2966 5063 dc
3014 5023 3079 5063 eo
3109 5010 3250 5077 quod
3279 5010 3418 5062 dixit

1841 5109 2049 5173 Celsus,
2081 5128 2098 5160 ‹
2120 5107 2336 5163 ,ΙιιιΙεΙξοε
2363 5107 2519 5170 olim,
2539 5114 2724 5175 postea
2752 5117 2884 5157 vero
2905 5100 3245 5156 Christianos
3261 5115 3415 5154 suam

1839 5198 2091 5253 seditioni
2122 5207 2400 5268 acceptam
2436 5197 2642 5251 referre
2666 5195 2954 5264 originem.
2993 5211 3012 5244 ι

185 5284 257 5341 λιι
301 5294 390 5361 μὲν
425 5294 518 5348 τοῦ
558 5294 821 5365 συστῆναι
867 5291 1184 5355 Ἰουδαίους,
1238 5288 1461 5362 ὕστερον
1507 5289 1565 5342 δέ
1602 5290 1823 5355 τούτους
1850 5291 1957 5364 (66)
1991 5291 2350 5364 Χριστιανοὺς
2377 5289 2649 5358 γενέσθαι.
2692 5306 2711 5339 ι

243 5380 282 5414 ⁵⁵
307 5382 438 5440 Psal.
463 5402 628 5452 ωαχ,
664 5385 717 5440 6.

246 5477 345 5543 (ﬁl)
374 5478 662 5555 Miixgte.__
689 5478 867 5555 Mallet
893 5475 1205 5555 Bohcrellus
1226 5475 1527 5555 μηδέτξοτε..
1559 5473 1724 5529 Paulo

189 5557 284 5616 post
319 5551 479 5603 codex
523 5550 870 5613 Basileensis,
903 5549 1028 5611 τοὺς
1063 5545 1253 5599 ἑαυτοῦ
1303 5545 1574 5616 μαθητάς,
1608 5561 1726 5612 qua:

190 5613 323 5694 lectio
363 5636 482 5674 num
507 5624 577 5674 sit
611 5620 765 5674 alteri
805 5619 1136 5694 prmferenda
1160 5613 1401 5694 iudicent
1425 5613 1722 5694 doctiores:

194 5681 341 5756 Brut
368 5701 466 5756 est,
497 5691 722 5744 Gnietus
764 5681 1047 5744 delendum
1091 5687 1366 5741 existimat
1392 5685 1499 5738 τῶν
1531 5685 1721 5756 ἑαυτοῦ

194 5753 591 5834 summa!“
624 5759 955 5816 Hmschelius
988 5760 1042 5813 in
1095 5766 1239 5812 textu
1276 5757 1458 5822 habet,
1487 5756 1578 5809 καὶ
1607 5755 1723 5808 ἁδι-

191 5836 416 5892 κιιγτατος.

253 5897 347 5967 (6‘3;
381 5896 498 5954 Οἶοι
525 5902 569 5954 τ’
603 5901 785 5970 ἦσαν.
816 5900 1009 5956 Guieto
1039 5898 1261 5954 delenda
1295 5898 1567 5952 videntur.

1905 5471 2017 5541 (65)
2061 5471 2270 5539 Ἔγνω.
2300 5467 2464 5538 Lego,
2505 5467 2770 5536 ἔγνωσαν.

1903 5567 2013 5636 (64)
2045 5562 2510 5636 Τὴν-Αἴγυπτον.
2539 5561 2619 5612 An
2651 5557 3000 5613 scribendum
3027 5563 3082 5607 ut
3104 5551 3263 5623 paulo
3289 5559 3408 5619 post

1832 5631 2019 5705 supra,
2046 5635 2111 5686 ἐκ
2135 5633 2234 5702 τῆς
2264 5631 2536 5699 Αἰγύπτου
2560 5645 2572 5694 ;

1903 5727 2014 5796 (65)
2072 5725 2260 5806 ’Υςτὲρ
2303 5722 2517 5806 αὐτῶν.
2568 5721 2658 5778 Sic
2709 5737 2838 5776 mss.
2895 5718 3141 5789 lmpressi
3176 5731 3307 5771 vero
3351 5715 3402 5768 in

1836 5795 2004 5865 textu,
2039 5795 2169 5868 περὶ
2203 5795 2400 5849 αὐτῶν.

1900 5893 2010 5965 (iiii)
2041 5893 2337 5959 ’Ὕστερον
2366 5889 2432 5942 δὲ
2460 5889 2728 5952 τούτους.
2763 5882 3120 5939 Scribendum
3170 5880 3400 5944 videtur,
