4002 6522
162 332 246 387 953

1265 319 1543 379 CONTRA
1577 315 1849 373 CELSUM
1886 315 2013 371 LIB.
2053 314 2139 371 Ill.

3239 319 3342 376 9M

164 453 310 523 μένοις
336 446 483 508 θείοις
511 439 640 496 εἶναι
673 442 895 512 βιϐλίοις
927 441 1152 512 ἐκδοχὴν
1182 441 1434 509 γεγόνασι
1471 439 1673 506 διαφω-

1795 451 2030 498 ιτοτιιι-ιι,
2079 435 2168 503 qui
2213 433 2378 489 divini
2427 449 2543 489 esse
2580 437 2910 503 creduntur,
2963 439 3104 493 inter
3159 439 3340 496 fideles

161 547 248 596 νίαι
277 540 370 593 τῶν
396 537 758 590 πιστευόντων.
796 536 913 587 Ἔτι
941 533 1070 602 γοῦν
1099 533 1205 584 τῶν
1234 530 1545 584 ἀποστόλων
1578 547 1678 598 κη-

162 633 444 705 ρυσσόντων,
467 627 678 680 καὶτῶν
708 625 988 679 αὐτοπτῶν
1009 624 1102 677 τοῦ
1135 623 1306 693 Ἰησοῦ
1327 621 1680 674 διδασκόντων

162 723 214 775 τὰ
238 720 421 771 ἐκείνου
449 715 754 786 μαθήματα,
782 713 1007 784 ζήτησις
1039 713 1137 764 οὐκ
1167 711 1320 780 ὀλίγη
1356 709 1488 781 πρὸς
1521 707 1682 778 ἀλλή-

161 814 257 874 λους
281 810 549 878 γεγένηται
591 807 871 876 παρὰντοῖς
912 804 1021 858 ἀπὸ
1065 803 1327 856 Ἰουδαίων
1372 801 1680 853 πιστεύουσι

163 905 263 974 περὶ
293 902 389 954 τῶν
423 900 480 964 ἐξ
507 899 668 952 ἐθνῶν
697 897 1076 969 ἐπερχομένων
1111 895 1221 966 (Ἡ)
1252 893 1328 964 τῷ
1354 893 1496 962 λόγῳ
1521 931 1534 954 ,
1579 891 1678 943 πό-

162 1013 284 1066 τερον
309 995 382 1046 δεῖ
406 993 469 1045 τά
512 992 769 1044 Ἰουδαϊκὰ
799 991 992 1052 αὐτοὺς
1021 991 1204 1058 τηρεῖν
1234 987 1350 1057 ἔθη,
1380 987 1412 1056 ἢ
1450 986 1510 1038 τὸ
1554 986 1681 1056 περὶ

163 1084 371 1155 καθαρῶν
395 1085 484 1136 καὶ
505 1081 825 1153 ἀκαθάρτων
860 1080 1161 1152 βρωμάτων
1199 1079 1362 1150 βάρος
1387 1077 1496 1150 (72)
1523 1079 1682 1144 ἀφαι-

163 1182 270 1251 ρεῖν,
294 1177 361 1240 ὡς
389 1177 484 1229 οὐκ
509 1179 744 1243 ἐπεῖγον,
775 1175 884 1227 ἀπὸ
909 1175 1015 1227 τῶν
1049 1175 1114 1226 τὰ
1137 1173 1341 1243 πάτρια
1360 1169 1682 1224 καταλιπόν-

161 1289 243 1324 των
262 1271 311 1321 ἐν
340 1272 443 1332 τοῖς
469 1267 642 1320 ἔθνεσι
664 1269 756 1321 καὶ
782 1267 1142 1320 πιστευόντων
1171 1265 1247 1334 τῷ
1282 1262 1475 1334 Ἰησοῦ.
1525 1261 1682 1313 Ἀλλὰ

161 1365 232 1415 καὶ
245 1365 294 1415 ἐν
309 1363 414 1424 ταῖς
433 1359 638 1413 Παύλου
657 1358 1010 1424 Ἐπιστολαῖς,
1034 1357 1319 1427 γενομένου
1343 1357 1398 1407 ἐν
1414 1354 1490 1424 τῷ
1507 1353 1681 1424 χρόνῳ

159 1455 241 1506 τῶν
275 1453 456 1523 Ἰησοῦν
498 1451 848 1523 ἑωρακότων,
885 1451 1197 1522 εὑρίσκεται
1243 1448 1508 1519 λεγόμενά
1537 1463 1678 1509 τινα,

159 1546 217 1608 ὡς
252 1544 568 1616 ζητηθέντων
606 1543 764 1595 τινῶν
809 1543 936 1612 περὶ
987 1541 1372 1604 ἀναστάσεως,
1409 1540 1504 1592 καὶ
1553 1538 1680 1607 περὶ

158 1636 231 1689 τοῦ
257 1637 342 1707 ἤδη
375 1635 536 1706 αὐτὴν
561 1633 858 1702 γεγονέναγ
895 1633 988 1685 καὶ
1021 1632 1147 1703 περὶ
1183 1631 1394 1702 ἡμέρας
1436 1630 1639 1700 Κυρίου
1663 1671 1679 1694 ,

158 1727 342 1799 πότερον
367 1727 667 1796 ἐνέστηκεν,
700 1725 732 1795 ἢ
768 1724 862 1794 μή.
907 1723 1063 1776 Ἀλλὰ
1096 1725 1188 1776 καὶ
1219 1723 1280 1776 τὸ
1314 1742 1331 1772 ι
1386 1720 1677 1794 Ἑκτρεπό-

161 1838 284 1891 μενος
311 1820 400 1884 τὰς
431 1819 686 1890 βεϐήλους
719 1815 1067 1885 κενοφωνίας,
1105 1815 1198 1869 καὶ
1229 1813 1528 1875 ἀντιθέσεις
1581 1812 1680 1880 τῆς

158 1912 454 1982 ψευδωνύμου
484 1909 757 1978 γνώσεως,
791 1911 858 1980 ἥν
890 1927 1030 1973 τινες
1057 1906 1511 1976 ἐπαγγελλόμενοι
1545 1905 1676 1974 (75),

160 2005 259 2075 περὶ
284 2003 367 2074 τὴν
398 2003 574 2056 πίστιν
608 2001 970 2073 ἐναυάγησανο
1013 2020 1030 2053 ι
1068 1998 1361 2069 δηλωτικόν
1396 2000 1563 2059 ἐστιν,
1599 1997 1680 2072 δτι

159 2095 228 2146 ἀπ’
261 2094 416 2164 ἀρχῆς
454 2093 708 2161 γεγόνασί
753 2110 895 2154 τινες
935 2090 1285 2163 παρεκδοχαὶ,
1331 2087 1538 2141 οὐδέπω
1587 2087 1682 2155 (ὡς

159 2185 291 2238 οἴεται
318 2184 508 2247 Κέλσος
528 2185 580 2256 ,)
616 2183 822 2238 πολλῶν
858 2184 962 2238 τῶν
995 2182 1352 2236 πιστευόντων
1384 2177 1683 2249 γεγενημέ-

161 2294 258 2328 νων.

210 2363 319 2430 Εἶτ’,
349 2367 481 2432 ἐπεὶ,
513 2366 591 2430 ὡς
625 2364 944 2437 κατηγορῶν
976 2362 1068 2417 τοῦ
1101 2363 1281 2431 λόγου,
1313 2360 1379 2414 τὰ
1414 2359 1542 2430 περὶ
1577 2357 1682 2410 τῶν

160 2461 202 2510 ἐν
243 2457 625 2529 Χριστιανισμῷ
669 2458 931 2529 αἱρέσεων
981 2455 1226 2520 ὀνειδίζει
1274 2456 1440 2524 ἡμῖν,
1489 2452 1678 2519 λέγων’

164 2569 177 2598 ι
205 2549 280 2612 Εἰς
307 2550 491 2619 πλῆθος
521 2551 579 2603 δὲ
615 2551 935 2621 σπαρέντες,
969 2544 1124 2610 αὖθις
1151 2542 1217 2600 αὖ
1250 2545 1542 2615 σχίζονται,
1589 2543 1683 2595 καὶ

161 2639 411 2707 τέμνονται,
443 2641 536 2694 καὶ
569 2640 786 2702 ortiost;
813 2638 947 2701 ἰδίας
971 2638 1110 2708 ἔχειν
1144 2636 1363 2689 ’ἐκαστοι
1394 2634 1626 2686 θέλουσι·
1657 2651 1676 2684 ι

162 2732 265 2800 φησὶ
290 2731 346 2794 δ’,
377 2733 451 2785 ὅτι
489 2752 507 2783 ‹
546 2732 660 2784 Καὶ
706 2731 810 2784 ὑπὸ
857 2729 1093 2799 πλήθους
1139 2726 1298 2779 πάλιν
1330 2724 1682 2794 διιστάμενοι,

162 2823 271 2887 σφᾶς
297 2823 474 2885 αὐτοὺς
505 2822 841 2894 ἐλέγχουσιν,
876 2818 1012 2882 ἑνὸς,
1045 2817 1120 2880 ὡς
1156 2818 1352 2879 εἰπεῖν,
1383 2814 1463 2867 ἔτι
1497 2831 1686 2867 κοινω-

162 2909 362 2975 νοῦντες,
406 2913 516 2980 εἴγε
561 2911 908 2965 κοινωνοῦσιν
951 2911 1070 2974 έτι,
1105 2908 1197 2962 τοῦ
1241 2908 1522 2979 ὀνόματος.
1577 2907 1684 2960 Καὶ

163 2999 283 3053 τοῦτο
305 3003 446 3072 μόνον
465 3004 847 3071 ἐγκαταλιπεῖν
871 3003 1018 3072 ὅμως
1037 3001 1397 3071 αἱσχύνονται·
1431 2999 1498 3052 τὰ
1524 2997 1685 3052 λοιπὰ

162 3087 194 3138 δ’
220 3089 371 3154 ἄλλοις
399 3093 602 3163 ἀλλαχῆ
649 3094 935 3163 τετάχαται
974 3091 1106 3162 (74).
1146 3110 1162 3142 ι
1209 3093 1318 3143 Καὶ
1365 3091 1498 3160 πρὸς
1531 3089 1687 3144 τοῦτο

164 3182 392 3252 φήσομεν,
421 3186 499 3238 ὅτι
545 3184 758 3247 οὐδενὸς
796 3185 1154 3254 πράγματος,
1200 3175 1260 3234 οὗ
1310 3181 1383 3252 μὴ
1426 3181 1686 3234 σπουδαία

162 3273 276 3324 ἐστὶν
295 3276 464 3348 ἡάρχὴ
489 3277 583 3329 καὶ
601 3275 678 3340 τῷ
707 3275 802 3345 βίῳ
832 3277 1116 3346 χρήσιμος,
1145 3273 1429 3342 γεγόνασιν
1451 3274 1686 3343 αἱρέσεις

162 3362 375 3433 διάφοροι.
417 3368 561 3419 Ἐπεὶ
587 3367 696 3438 γὰρ
729 3367 944 3437 ἰατρικὴ
976 3367 1243 3436 χρήσιμος
1281 3372 1374 3418 καὶ
1415 3365 1687 3433 ἀναγκαία

164 3451 222 3522 τῷ
243 3454 365 3521 γένει
393 3456 493 3508 τῶν
521 3456 846 3528 ἀνθρώπων,
880 3455 1048 3507 πολλά
1066 3471 1123 3507 τε
1155 3456 1222 3508 τὰ
1243 3457 1301 3506 ἐν
1328 3456 1462 3524 αὐτῇ
1497 3453 1687 3526 ζητού-

166 3561 270 3608 μενα
292 3547 403 3614 περὶ
430 3546 521 3599 τοῦ
551 3547 751 3617 τρόπου
785 3546 881 3616 τῆς
914 3545 1022 3598 τῶν
1066 3546 1333 3615 σωμάτων
1362 3543 1650 3615 θεραπείας
1671 3564 1685 3576 ·

163 3631 230 3684 διὰ
252 3633 385 3687 τοῦτο
406 3637 647 3708 αἱρέσεις
680 3637 737 3688 ὲν
761 3638 975 3708 ἰατρικῇ
1138 3633 1287 3705 παρὰ
1312 3634 1407 3703 μέν
1438 3635 1688 3704 Ἕλλησιν

164 3725 450 3793 εὑρίσκονται
493 3728 940 3798 ὁμολογουμένως
973 3726 1230 3788 πλείονες·
1281 3724 1390 3792 ἐγὼ
1420 3725 1464 3777 δ’
1516 3723 1686 3794 οἶμαι,

165 3816 228 3868 ὅτι
253 3819 331 3870 καὶ
359 3820 501 3891 παρὰ
529 3819 847 3890 βαρϐάροις,
870 3821 982 3871 ὅσοι
1012 3815 1432 3885 ἐπαγγέλλονται
1461 3816 1692 3886 χρῆσθαι

169 3908 362 3981 ἰατρικῇ.
393 3911 553 3965 Πάλιν
586 3929 647 3964 τε
676 3909 764 3975 αὖ,
794 3912 914 3964 ἐπεὶ
936 3909 1219 3979 φιλοσοφία
1240 3906 1491 3978 ἀλήθειαν
1523 3910 1692 3975 ἐπαγ-

166 4001 434 4074 γελλομένη,
456 4005 549 4056 καὶ
573 4004 772 4072 γνῶσιν
795 4003 899 4055 τῶν
921 4001 1086 4054 ὄντων
1108 3999 1225 4062 πῶς
1251 3999 1329 4051 δεῖ
1363 3999 1529 4068 βιοῦν,
1560 4000 1692 4051 ὑπο-

166 4094 350 4158 τίθεται,
377 4098 466 4150 καὶ
487 4098 744 4167 πειρᾶται
769 4095 1034 4148 διδάσκειν
1066 4091 1133 4145 τὰ
1165 4089 1592 4161 ὠφέλιμαημῶν
1618 4089 1695 4160 τῷ

167 4183 301 4248 γένει,
329 4187 512 4258 πολλὴν
543 4189 589 4240 δ’
625 4187 734 4257 ἔχει
772 4185 837 4238 τὰ
852 4184 1175 4256 ζητούμενα
1216 4182 1515 4251 πράγματα
1558 4181 1696 4233 διολ-

170 4274 280 4343 κήν·
320 4277 397 4331 διὰ
444 4277 603 4330 τοῦτο
649 4277 887 4348 αἱρέσεις
928 4276 984 4326 ἐν
1025 4273 1308 4342 φιλοσοφίᾳ
1361 4271 1695 4340 συνέστησαν

169 4365 372 4422 πλεῖσται
396 4371 532 4435 ὅσαι,
566 4364 642 4423 ὧν
670 4371 725 4421 αἱ
755 4370 851 4439 μέν
878 4370 980 4420 είσι
1011 4365 1418 4436 διασημότεραι,
1461 4364 1516 4415 αἱ
1547 4363 1601 4415 δὲ
1633 4362 1694 4415 οὐ

1781 529 2025 580 dissidia.
2058 527 2245 581 Adhuc
2269 529 2524 595 apostolis
2555 530 2992 596 prtedicantibns,
3017 541 3069 586 et
3091 531 3216 586 Jcsu
3245 534 3340 585 du-

1779 627 2026 672 cnmenla
2085 617 2421 672 tradentibus
2461 619 2552 686 qui
2603 618 2766 690 454
2810 622 2923 674 suis
2967 621 3118 674 illum
3170 623 3346 676 oeulis

1784 710 2054 772 viderant,
2089 710 2315 777 qutestio
2350 726 2454 763 non
2492 710 2698 763 modica
2726 711 2870 765 inter
2903 726 2995 765 eos
3030 714 3117 781 qui
3147 729 3214 767 ex
3252 714 3348 768 Ju-

1783 799 1909 852 daeis
1943 799 2098 852 [idem
2129 809 2467 870 acceperant,
2509 813 2697 856 exorta
2729 813 2834 867 est,
2869 815 3210 874 Oporteretne
3247 806 3343 860 Ju-

1781 888 1962 941 daicns
1992 888 2129 943 ritus
2158 891 2438 942 observari
2471 892 2538 945 ab
2574 892 2639 945 iis
2668 893 2757 961 qui
2794 909 2859 947 ex
2887 896 3136 963 gentibus
3181 895 3246 948 ad
3285 896 3346 948 li-

1781 979 1897 1032 dem
1927 991 2293 1046 accesserant;
2327 996 2396 1034 an
2437 980 2654 1035 liberari
2689 985 3007 1036 mundorum
3039 985 3347 1040 immundo~

1783 1084 2006 1138 rumque
2038 1070 2281 1123 ciborum
2318 1085 2481 1124 onere
2519 1112 2534 1137 ,
2575 1083 2632 1125 ut
2666 1073 2888 1128 minime
2926 1077 3236 1130 necessario
3282 1079 3350 1132 iis

1782 1163 1899 1230 qui,
1929 1160 2128 1215 rclictis
2152 1161 2341 1230 patriis
2368 1162 2644 1226 institutis,
2672 1162 2797 1218 Jesu
2826 1166 3133 1222 crederent.
3162 1167 3265 1223 Sed
3292 1181 3350 1224 et

1783 1255 1834 1307 in
1871 1254 2124 1322 Epistolis
2164 1254 2316 1309 Pauli
2345 1256 2411 1320 ⁸⁷,
2446 1257 2669 1325 aequalis
2699 1272 2884 1311 eorum
2910 1260 3003 1326 qui
3041 1259 3226 1314 Jesum
3267 1263 3349 1316 vi-

1781 1347 2007 1414 deram,
2055 1347 2255 1402 mentio
2301 1347 2360 1402 ﬁt
2407 1348 2822 1411 nonnullorum,
2858 1351 2949 1418 qui
2997 1349 3062 1404 de
3105 1367 3349 1406 resurre-

1781 1438 1959 1492 ctione
2017 1438 2342 1506 quaestiones
2389 1447 2704 1505 moverent,
2758 1449 2939 1494 utrum
2980 1441 3092 1510 jam
3154 1442 3348 1497 fuisset

1782 1529 1945 1591 facta;
1977 1539 2031 1582 et
2057 1530 2122 1583 de
2149 1529 2233 1583 die
2255 1529 2485 1596 Domini,
2507 1529 2821 1598 instaretne,
2841 1545 3043 1585 annon.
3071 1532 3134 1586 Et
3154 1548 3220 1588 ex
3245 1535 3348 1588 isto

1780 1619 1897 1676 loco
1933 1639 1946 1673 :
1985 1640 2002 1672 ι
2040 1621 2297 1677 Devitans
2327 1622 2591 1690 profanas
2621 1637 2809 1676 vocum
2842 1625 3110 1679 novitates
3158 1635 3213 1679 et
3251 1641 3348 1694 0p-

1783 1713 2074 1782 positiones
2127 1713 2248 1766 falsi
2296 1713 2533 1768 nominis
2589 1713 2862 1779 scientiae,
2910 1731 3072 1784 quam
3127 1719 3347 1786 quidam

1711 1792 1752 1845 Β
1784 1803 2163 1872 promittentes
2193 1804 2337 1858 circa
2371 1803 2530 1857 iidem
2561 1804 2961 1868 exciderunt”,
2994 1824 3011 1855 ι
3038 1808 3252 1874 planum
3291 1811 3348 1862 lit

1777 1895 1888 1964 jam
1922 1903 2030 1948 tum
2058 1896 2126 1949 ab
2157 1895 2314 1949 initio
2341 1904 2395 1949 et
2423 1910 2544 1950 cum
2573 1897 2808 1949 nondum
2852 1899 3003 1951 multi
3049 1898 3348 1953 Christiani

1784 1994 1986 2048 essent,
2018 1995 2074 2038 ut
2099 1997 2281 2040 censet
2309 1985 2520 2050 Celsus,
2552 2001 2714 2055 prave
2741 1987 2908 2043 fuisse
2943 2003 2973 2042 a
3021 1991 3347 2059 quibusdam

1786 2076 2054 2134 intellecta
2093 2079 2376 2148 mysteria.

1858 2345 1943 2399 lii.
1986 2343 2188 2398 Deinde
2217 2342 2480 2396 doctrinae
2515 2341 2644 2397 vitio
2673 2343 2820 2398 ducit
2845 2343 3140 2414 objicitqne
3193 2344 3354 2399 nobis

1786 2446 1935 2490 ortas
1975 2439 2024 2489 in
2071 2436 2493 2490 Christianismo
2534 2446 2711 2490 sectas
2757 2454 2771 2489 :
2829 2454 2848 2486 ‹
2915 2437 3111 2506 Sparsa
3161 2451 3348 2491 eorum

1787 2526 2151 2592 multitudine,
2187 2526 2382 2594 inquit,
2411 2527 2591 2580 statim
2617 2526 2776 2580 divisi
2804 2526 2854 2578 in
2885 2541 3065 2596 partes
3099 2537 3354 2582 secantur

1786 2626 1840 2668 ct
1863 2632 2016 2669 suam
2048 2620 2275 2684 quisque
2307 2614 2594 2671 factionem
2624 2616 2822 2670 habere
2849 2618 3051 2670 volunt.
3091 2637 3110 2670 ι
3138 2619 3301 2672 Addit
3332 2638 3345 2673 :

1791 2726 1808 2758 ι
1847 2708 1906 2760 Et
1939 2723 1968 2760 a
2015 2707 2360 2761 multitudine
2402 2708 2593 2762 iterum
2637 2707 2862 2776 sejuncti
2910 2709 3000 2763 alii
3049 2710 3185 2765 alios
3221 2727 3353 2764 con-

1787 2800 2062 2862 demnant,
2092 2814 2258 2852 unum
2291 2813 2481 2854 nomen
2519 2814 2802 2853 commune
2835 2801 3148 2868 retinentes,
3187 2805 3229 2856 si
3273 2813 3354 2858 ta-

1789 2906 1908 2943 men
1935 2906 2220 2945 commuue
2258 2892 2512 2944 retinent.
2547 2891 2656 2946 Hoc
2691 2895 2884 2949 saltem
2929 2895 3104 2949 solum
3155 2911 3354 2950 exuere

1789 2977 1998 3043 puduit.
2040 2978 2114 3032 De
2159 2988 2354 3033 cancro
2391 2979 2493 3032 alia
2525 2980 2615 3033 alii
2655 2982 2858 3036 habent
2901 2984 3166 3041 instituta.
3215 3005 3234 3038 ι
3271 2987 3353 3040 Ad

1792 3068 1892 3122 hoc
1939 3071 2385 3139 respondebimus
2428 3073 2493 3125 de
2533 3070 2672 3124 nulla
2709 3087 2766 3126 re
2815 3083 2968 3126 natas
3009 3090 3130 3128 esse
3178 3086 3354 3130 sectas

1791 3149 2099 3226 dissimiles,
2133 3161 2264 3229 quin
2297 3163 2414 3233 ejus
2440 3163 2696 3232 praeclara
2731 3164 2893 3218 fuerit
2937 3176 2991 3220 et
3043 3167 3166 3219 vitae
3209 3168 3356 3221 utilis

1791 3249 2076 3305 institutio.
2098 3251 2278 3319 Itaque
2303 3253 2555 3321 quoniam
2578 3253 2882 3318 commoda,
2913 3254 3019 3307 imo
3046 3258 3350 3310 necessaria

1789 3329 1971 3411 generi
2006 3344 2243 3397 humano
2275 3345 2535 3398 medicina
2571 3353 2673 3409 est,
2714 3354 2766 3398 et
2801 3346 2852 3396 in
2884 3360 2945 3398 ca
2983 3347 3254 3414 multiplex
3289 3349 3358 3400 de

1791 3451 2079 3505 corporum
2108 3437 2467 3490 curandormn
2503 3437 2712 3490 ratione
2741 3439 2974 3506 agitatur
3002 3440 3252 3506 quaestio;
3288 3441 3358 3492 ob

1792 3529 1929 3581 hunc
1960 3543 2072 3580 rem
2097 3527 2342 3597 plurimm
2366 3527 2505 3588 apud
2522 3527 2759 3592 Grtecos,
2789 3527 2839 3581 id
2861 3527 3000 3597 quod
3028 3529 3080 3582 in
3103 3529 3359 3583 confesso

1793 3628 1892 3681 est,
1937 3619 1987 3671 in
2022 3618 2287 3672 medicina
2322 3626 2482 3670 sectae
2509 3626 2645 3670 orta:
2674 3627 2819 3681 sunt;
2850 3626 2979 3685 puto
3012 3631 3110 3686 ego
3139 3629 3192 3669 et
3220 3620 3359 3686 apud

1796 3710 2081 3774 barbaros,
2134 3717 2401 3778 quotquot
2435 3707 2756 3762 medicinam
2799 3708 3059 3762 adhibere
3096 3709 3362 3777 profiten-

1797 3813 1904 3854 tur.
1934 3800 2024 3855 Sic
2050 3802 2212 3854 etiam
2245 3801 2585 3870 philosophia
2623 3800 2905 3856 veritatem
2937 3809 2991 3854 et
3032 3815 3212 3854 rerum
3242 3816 3363 3870 qua:

1793 3904 1916 3946 sunt
1947 3894 2300 3962 cognitionem
2328 3892 2609 3962 pollicens,
2631 3894 2751 3960 quia
2779 3891 3077 3960 praescribit
3099 3893 3364 3958 quomodo

1795 3985 1978 4036 vivere
2013 3991 2300 4050 oporteat,
2337 3991 2392 4036 et
2431 3996 2551 4050 quae
2586 3989 2770 4034 nostro
2814 3980 2996 4050 generi
3044 3979 3197 4033 utilia
3232 3989 3363 4032 sunt

1795 4078 1988 4128 ducere
2010 4083 2259 4137 conatur,
2294 4073 2375 4126 ιιω
2399 4079 2574 4124 autem
2604 4085 2690 4124 res
2719 4071 2771 4123 in
2800 4070 2994 4123 multas
3021 4069 3352 4138 quzestiones

1795 4167 2194 4228 distrahuntur,
2232 4173 2515 4232 propterea
2550 4165 2800 4216 abierunt
2834 4162 3145 4231 philosophi
3175 4163 3227 4215 in
3277 4176 3365 4214 sc-

1797 4270 1910 4311 elas
1950 4256 2412 4325 quamplurimas,
2457 4271 2684 4323 quarum
2725 4254 2841 4307 aliae
2877 4254 3202 4307 celebriores
3252 4252 3366 4306 fne-

1796 4361 1944 4414 runt,
1974 4349 2092 4402 alite
2125 4347 2487 4400 obscuriores.
2528 4347 2656 4399 Item
2689 4347 2740 4398 in
2769 4344 3052 4398 Judaismo
3079 4344 3243 4398 sectis
3271 4358 3364 4397 oc-

169 4457 388 4517 τοιαῦται.
433 4463 590 4515 Ἀλλὰ
618 4461 709 4514 καὶ
745 4436 1071 4528 ’Ϊουδαῖσμὸς
1101 4459 1370 4528 πρόφασιν
1397 4454 1519 4524 ἔσχε
1549 4453 1686 4522 γενέ-

1801 4442 2074 4494 casiouem
2114 4438 2340 4506 praebuit
2391 4438 2601 4490 diversa
2639 4436 2994 4490 Mosaicorum
3040 4436 3364 4502 scriptorum

172 4564 280 4612 σεως
301 4555 564 4624 αἱρέσεων,
609 4554 704 4622 τὴν
737 4553 988 4622 διάφορον
1021 4549 1245 4618 ἐκδοχὴν
1272 4547 1377 4600 τῶν
1421 4547 1700 4607 Μωΰσέως

172 4646 466 4715 γραμμάτων
490 4649 585 4701 καὶ
606 4645 714 4698 τῶν
741 4642 1091 4716 προφητικῶν
1115 4642 1306 4708 λόγων.
1339 4638 1494 4692 Οὕτω
1524 4639 1701 4690 τοίνυν

173 4735 268 4787 ἐπεὶ
291 4740 464 4808 σεμνόν
495 4757 547 4792 τι
581 4737 752 4806 ἐφάνη
781 4739 892 4798 τοῖς
924 4731 1229 4804 ἀνθρώποις
1255 4729 1695 4802 Χριστιανισμὸς,

173 4824 218 4875 οὗ
241 4826 399 4894 μόνοις
426 4828 518 4900 (ὡς
549 4829 578 4880 ὁ
611 4827 814 4888 Κέλσος
847 4823 1059 4894 oft-2mg)
1079 4825 1188 4886 τοῖς
1213 4819 1703 4892 άνδραποδωδεστέ-

177 4930 282 4981 ρθις,
314 4917 437 4971 ἀλλὰ
468 4919 562 4972 καὶ⁸
597 4918 807 4982 πολλοῖς
835 4915 941 4969 τῶν
968 4915 1098 4985 παρ’
1131 4912 1350 4982 Ἕλλησι
1381 4909 1695 4980 φιλολόγων,

175 5004 439 5073 ἀναγκαίως
467 5009 778 5080 ὑπέστησαν
801 5008 860 5060 οὐ
890 5007 1105 5068 πάντως
1137 5004 1222 5056 διὰ
1259 5002 1474 5062 στάσεις
1507 5000 1600 5052 καὶ
1641 4999 1699 5050 τὺ

176 5093 430 5157 φιΜνεικον
458 5101 716 5171 αἱρέσεις,
745 5097 879 5150 ἀλλὰ
905 5095 993 5149 διὰ
1021 5096 1080 5147 τὸ
1115 5091 1433 5155 σπουδάζειν
1463 5089 1697 5142 συνιέναι

233 5206 308 5262 ⁸⁷1
340 5209 454 5263 Cor.
488 5226 572 5273 xv,
609 5209 714 5275 l2;
749 5208 790 5261 ll
815 5209 1004 5263 Thess.
1038 5222 1101 5270 II,
1135 5205 1190 5262 ‘2.

253 5301 330 5372 71)
354 5303 405 5356 ln
437 5306 678 5374 margine
702 5303 988 5374 Anglicani
1027 5300 1182 5370 primi
1213 5296 1432 5368 legitur,
1463 5293 1696 5365 ἐρχομέ-

181 5385 262 5418 νων
269 5411 277 5420 .

236 5439 328 5513 ιῖἓ)
358 5442 558 5510 Βάρος.
590 5444 756 5498 Codd.
793 5444 925 5513 Reg.
959 5450 1012 5494 et
1033 5439 1221 5500 Basrl.,
1250 5439 1431 5513 μέρος,
1469 5433 1625 5513 ιηιιιθζ

235 5503 333 5579 (75)
355 5503 897 5586 ,Ὲὶταλίγελλόμεγοῇ
926 5512 1093 5565 Recte
1110 5503 1274 5586 codd.
1307 5503 1582 5586 l'tegi‘tts'et
1611 5503 1705 5554 Ba-

181 5575 414 5646 sileensis;
448 5575 583 5638 male
614 5575 740 5637 vero
771 5585 900 5636 libb.
937 5580 1157 5642 excusi,
1211 5575 1702 5646 ἀπαγγελλόμενοιο

183 5644 350 5724 Ibidem
376 5644 506 5724 loco,
535 5654 872 5724 ἐναυάγησαν
893 5692 908 5716 ,
944 5650 1189 5720 impressi
1227 5649 1424 5702 habent
1468 5644 1523 5696 in
1557 5658 1701 5696 inar-

183 5730 298 5792 ἕως.
321 5722 638 5792 ἠστόχησαν.

241 5780 434 5859 (ἳὶ)’Τὰ
453 5780 634 5848 'szma
662 5794 713 5844 δ’
747 5793 954 5860 ἄλλοις
997 5787 1236 5857 ἀλλαχῆ
1271 5785 1597 5854 τετάχαται.
1634 5780 1709 5836 Ita

1803 4543 2220 4596 sermonumque
2254 4525 2692 4594 propheticorum
2717 4524 3108 4592 interpretatio.
3141 4523 3368 4577 Similli-

1805 4636 1887 4673 me
1913 4621 2166 4688 quoniam
2207 4616 2650 4670 Christianismus
2682 4614 2996 4682 przeclarum
3025 4615 3154 4684 quid
3189 4614 3360 4667 visum

1803 4723 1885 4767 est
1910 4711 2243 4775 hominibus,
2270 4725 2369 4764 nec
2397 4709 2568 4764 solum
2597 4708 2778 4763 servili
2815 4707 3051 4777 ingenio,
3096 4715 3152 4758 ut
3182 4706 3369 4761 Celsus

1805 4812 1979 4873 putat,
2007 4803 2099 4858 sed
2127 4803 2290 4857 etiam
2331 4801 2515 4854 multis
2541 4801 2679 4869 apud
2714 4799 2932 4854 Graecos
2960 4797 3213 4863 eruditis;
3247 4798 3369 4851 ideo

1810 4910 2032 4950 necesse
2058 4895 2160 4949 fuit
2194 4903 2250 4946 ut
2282 4893 2844 4962 sectreioborireutur,
2874 4904 2979 4944 non
3017 4900 3238 4958 propter
3282 4903 3369 4945 se-

1809 4990 2025 5043 ditionis
2058 4997 2110 5041 et
2145 4985 2505 5040 contentionis
2524 4983 2779 5043 studium,
2813 4981 2906 5036 sed
2930 4981 3156 5048 quodex
3195 4982 3370 5034 erudi-

1806 5085 1873 5136 tis
1903 5080 2114 5150 plurimi
2147 5077 2400 5148 mysteria
2426 5073 2822 5130 Christianismi
2863 5069 3024 5142 455
3070 5071 3370 5141 intelligere

1315 5203 1360 5233 ⁵⁸
1399 5200 1584 5254 lTint.
1625 5215 1672 5250 γι
1703 5239 1716 5261 ,
1747 5197 1840 5250 20.

1807 5298 1950 5344 recte
1977 5287 2200 5342 omnino
2224 5281 2536 5337 Philocaliae
2562 5279 2732 5334 codex
2755 5277 3173 5342 manuscriptus.
3203 5274 3372 5338 Alias,

1806 5360 1872 5412 τὰ
1915 5356 2076 5410 λοιπά
2120 5357 2164 5408 δ’
2206 5355 2354 5407 ἄλλοι
2398 5351 2602 5425 ἀλλαχῆ
2649 5347 3190 5425 τετάχᾳταιηςξυίρεο
3237 5360 3376 5425 scri-

1811 5431 2042 5482 bendum
2084 5427 2382 5487 videbatur,
2419 5422 2488 5474 τὰ
2520 5415 2681 5474 λοιπὰ
2711 5420 2754 5471 δ’
2783 5415 2920 5488 άλλη
2964 5415 3172 5487 ἀλλαχῆ
3216 5415 3378 5466 τετά-

1844 5514 1986 5551 αται.

1807 5517 1995 5633 xuii?)
2035 5565 2128 5640 ’ξν
2158 5561 2406 5640 ἱιιτρικιῇι
2446 5561 2580 5615 Vide
2604 5556 3019 5640 librum‘Galeni
3061 5553 3198 5640 Περί
3225 5550 3379 5640 σι]ρέ-

1811 5628 1967 5691 (retur
1980 5628 2107 5698 ’τοῖς
2125 5628 2548 5702 εἰσάγομένοις,
2579 5641 2630 5684 et
2642 5628 2784 5702 Περὶ
2800 5628 3059 5702 ᾀρίσξτςης
3073 5628 3376 5702 αἱρέσεως,

1811 5722 1864 5762 ct
1896 5721 2015 5772 cap.
2047 5693 2166 5759 3'ct
2201 5703 2231 5757 4
2265 5693 2680 5757 Ὶιῖινοᾶιιέιξοηίδ
2709 5693 2738 5766 ,⁷
2771 5693 2885 5754 sive
2922 5693 3145 5760 Medici,
3174 5693 3380 5748 Caleno

1815 5786 2084 5844 ascriptue.
