3902 6414
571 275 674 329 9ἷῖ5

2006 285 2326 342 ORIGENIS

3687 295 3766 348 97:6

574 391 872 447 studerent.
901 391 1015 459 Qua
1043 409 1107 448 ex
1144 409 1203 449 re
1233 394 1432 450 factum
1476 409 1580 463 est,
1615 411 1674 456 ιιι
1714 403 1927 458 diverse
1973 405 2127 458 iutel.

2235 405 2300 458 τὰ
2331 407 2754 478 Χριστιανισμοῦ
2789 409 2884 462 καὶ
2908 409 3016 462 τῶν
3041 407 3334 477 φιλολόγων
3362 407 3625 474 πλείονας.
3657 411 3772 464 Τού-

573 483 730 538 lectis
759 486 1114 549 sermonibus,
1151 503 1285 556 quos
1309 504 1496 547 onmes
1525 507 1590 547 ex
1625 509 1785 564 mque
1815 511 1910 564 pro
1938 497 2136 552 divinis

573 575 860 638 habebant,
885 578 1207 633 exsisterent
1233 592 1394 636 secta!
1423 583 1599 652 iisque
1629 588 1848 641 numina
1875 589 2138 642 darentur

573 680 781 730 eorum,
809 667 898 736 qui
933 669 1152 736 quidem
1201 672 1611 728 admirabantur
1660 676 1820 745 hujus
1871 677 2136 732 doctrina:

575 757 986 824 institutionem,
1028 761 1120 816 sed
1163 764 1485 832 quibusdam
1531 767 1920 822 verisimilibus
1953 769 2134 823 causis

572 849 1014 921 qualiter-cunque
1042 857 1417 920 movebantur,
1447 867 1505 912 ut
1533 873 1562 912 a
1587 873 1644 913 sc
1674 860 1902 912 invicem
1927 859 2136 915 diversa

573 945 854 998 sentirent.
880 947 1040 1014 Atqui
1074 963 1249 1016 neque
1274 949 1594 1005 medicinam
1626 963 1771 1006 recte
1793 956 1914 1022 quis
1945 953 2141 1022 fugerit

573 1045 792 1104 propter
824 1047 1002 1091 sectas
1030 1039 1082 1090 in
1114 1053 1175 1090 ea
1210 1051 1448 1107 exortas;
1477 1057 1650 1112 neque
1678 1048 1974 1101 serVaverit
2009 1048 2139 1101 illud

571 1125 711 1192 quod
745 1127 951 1191 deceat,
978 1129 1065 1196 qui
1096 1129 1486 1199 philosOphizun
1517 1134 1642 1187 odio
1671 1136 1890 1190 habebit
1917 1138 2019 1191 hoc
2052 1154 2143 1193 no-

573 1217 740 1281 mine,
778 1221 924 1287 quod
959 1222 1156 1276 multas
1187 1233 1363 1278 sectas
1399 1229 1688 1296 pepererit;
1724 1244 1902 1298 neque
1945 1230 2014 1284 ob
2055 1244 2141 1286 se-

571 1318 687 1364 ctas
713 1310 851 1364 inter
875 1309 1088 1366 Iudaeos
1114 1326 1331 1371 exortas
1355 1319 1646 1374 damnandi
1680 1329 1806 1375 sunt
1834 1321 1974 1376 sacri
2001 1320 2143 1393 Moy-

572 1402 648 1455 sis
679 1410 732 1454 et
764 1405 1153 1470 prophetarum
1187 1407 1331 1463 libri.

641 1495 727 1547 l5.
761 1494 884 1549 llaec
917 1497 962 1552 si
994 1499 1214 1566 pulchre
1262 1502 1578 1567 procedunt,
1609 1503 1792 1572 quidni
1832 1501 1944 1572 pari
1978 1505 2138 1558 modo

571 1585 1004 1643 Christianorum
1047 1602 1224 1646 sectas
1249 1595 1673 1650 excusahimus?
1700 1596 1774 1649 De
1806 1595 1892 1650 his
1921 1596 2138 1663 quidem

571 1679 887 1736 admirabile
920 1683 1050 1736 mihi
1073 1686 1283 1736 videtur
1328 1684 1470 1738 istud
1500 1685 1648 1740 Pauli
1691 1689 2093 1755 pronuntiatum
2121 1703 2134 1739 :

2241 514 2317 568 τῳ
2347 499 2390 550 δ’
2420 499 2750 569 ἠκολούθησε
2782 500 2913 571 (76),
2945 499 3216 572 διαφόρως
3261 501 3626 572 ἐκδεξαμένων
3673 504 3774 568 τοὺς

2241 587 2354 658 ἅμα
2383 589 2516 642 πᾶσι
2545 591 2924 656 πιστευθέντας
2956 589 3092 646 εἶναι
3125 593 3300 655 θείους
3333 591 3540 660 λόγους,
3567 593 3624 646 τὸ
3647 595 3774 661 γενέ-

2242 679 2364 731 σθαι
2394 678 2632 750 αἱρέσεις
2663 681 2980 753 ἐπωνύμους
3018 684 3125 737 τῶν
3170 682 3559 754 Θαυμασὰντων
3585 684 3673 754 μὲν
3700 688 3777 757 τὴν

2239 771 2332 824 τοῦ
2363 772 2522 839 λόγου
2555 772 2744 843 ἀρχὴν,
2774 774 3104 844 κινηθέντων
3143 777 3187 829 δ’
3213 775 3561 829 όπωσποτοῦν
3599 776 3690 829 ὑπό
3712 795 3777 830 τι-

2241 879 2347 915 νων
2376 862 2746 933 πιθανοτήτων
2778 866 2914 936 πρὸς
2946 869 3046 930 τὰς
3087 870 3165 930 εἰς
3203 867 3462 938 ἀλλήλους
3497 867 3774 936 διαφωνίας.

2254 951 2390 1004 Ἀλλ’
2419 951 2530 1005 οὔτ’
2565 956 2812 1025 ἰατρικὴν
2839 958 3075 1026 εὐλόγως
3097 959 3160 1012 ἄν
3184 976 3266 1022 τις
3298 957 3487 1027 φεύγοι
3512 958 3596 1012 διὰ
3624 959 3709 1023 τὰς
3730 962 3778 1013 ὲν

2241 1044 2374 1114 αὐτῇ
2411 1044 2666 1116 αἱρέσεις,
2703 1046 2825 1100 οὔτε
2875 1049 3190 1119 φιλοσοφίαν
3230 1049 3323 1103 τοῦ
3357 1051 3644 1121 πρέποντος
3683 1068 3779 1103 στο-

2241 1137 2540 1208 χαζόμενός
2566 1156 2647 1203 τις
2674 1142 2737 1193 ἂν
2771 1145 2943 1211 μισοῖ,
2997 1144 3266 1214 πρόφασιν
3305 1143 3399 1196 τοῦ
3445 1147 3614 1213 μισεῖν
3639 1144 3778 1215 αὐτὴν

2242 1230 2596 1300 ποριζόμενος
2622 1231 2720 1295 τὰς
2749 1233 2944 1298 πολλὰς
2970 1236 3226 1306 αἱρέσεις·
3250 1235 3423 1298 οὓτως
3449 1237 3567 1290 οὑδέ
3592 1237 3670 1290 διὰ
3700 1238 3779 1301 τὰς

2240 1321 2298 1372 ἐν
2347 1321 2617 1384 Ἰουδαίοις
2658 1324 2895 1393 αἱρέσεις
2929 1327 3342 1394 καταγνωστέον
3383 1327 3491 1381 τῶν
3537 1328 3778 1393 Μωῦσέως

2240 1412 2333 1464 καὶ
2362 1411 2470 1466 τῶν
2498 1414 2787 1483 προφητῶν
2819 1415 2976 1487 ἱερῶν
3010 1416 3247 1486 βιϐλίων.

2313 1503 2374 1555 Ei
2411 1502 2467 1555 δὲ
2487 1501 2638 1556 ταῦτ’
2668 1503 2780 1573 ἔχει
2809 1506 3144 1570 ἀκολουθίαν,
3173 1506 3287 1570 πῶς
3311 1507 3433 1576 οὐχὶ
3459 1506 3647 1576 ὁμοίως
3666 1507 3777 1561 ἁπο-

2239 1592 2580 1664 λογησόμεθα
2626 1597 2719 1646 καὶ
2756 1598 2883 1666 περὶ
2911 1597 3017 1649 τῶν
3046 1599 3102 1648 ἐν
3136 1599 3479 1669 Χριστιανοῖς
3514 1596 3775 1668 αἱρέσεωνς

2244 1685 2368 1754 περὶ
2392 1676 2468 1736 ὧν
2496 1684 2635 1737 πάνυ
2663 1685 2976 1756 θαυμασίως
3006 1688 3034 1738 ό
3061 1686 3270 1750 Παῦλος
3313 1686 3590 1758 εἰρηκέναι
3615 1704 3694 1756 μοι
3712 1687 3778 1739 δο-

575 1787 594 1819 σ
628 1767 851 1839 Oportet
875 1784 930 1827 et
973 1775 1206 1829 luerescs
1243 1791 1364 1830 esse
1402 1778 1452 1830 in
1503 1779 1678 1845 vobis,
1717 1788 1774 1832 ut
1803 1778 1895 1847 qui
1928 1778 2127 1847 probati

2241 1775 2326 1826 κεί
2353 1776 2433 1836 τὸ,
2472 1793 2490 1824 ι
2531 1777 2623 1828 Δεῖ
2649 1775 2756 1848 γὰρ
2783 1777 2877 1830 καὶ
2906 1778 3145 1848 αἱρέσεις
3171 1778 3228 1829 ἐν
3269 1778 3399 1846 ὑμῖν
3446 1772 3602 1838 εἶναι,
3631 1777 3707 1829 ἱνα
3737 1779 3777 1828 οἱ

569 1872 715 1928 sunt,
755 1865 1025 1922 manifesti
1067 1867 1286 1922 ﬂant”.
1329 1887 1346 1921 ι
1389 1869 1849 1936 Quemadmodum
1900 1870 2043 1924 enim
2091 1869 2138 1924 is

570 1954 784 2008 demum
835 1956 888 2009 in
945 1958 1213 2013 medicina
1277 1963 1523 2030 probatus
1579 1971 1682 2027 est,
1727 1962 1817 2032 qui
1867 1962 1918 2015 in
1958 1962 2135 2015 diver-

569 2045 646 2099 sis
676 2048 839 2102 sectis
865 2058 1112 2102 versatus
1141 2051 1544 2118 diligenterque
1573 2050 1857 2119 plerasque
1885 2065 2138 2120 perscruo

570 2147 730 2198 tatus,
758 2140 1020 2206 potiorem
1044 2140 1230 2209 elegit;
1251 2149 1303 2196 et
1321 2140 1371 2193 in
1391 2140 1724 2211 philosophia
1745 2155 1872 2194 vere
1895 2141 2134 2210 proiicit,

568 2230 656 2296 qui
687 2231 881 2296 potiori
911 2233 1198 2286 sententiae
1227 2242 1352 2286 ante
1385 2247 1492 2286 non
1521 2234 1777 2298 adhmret,
1805 2248 1962 2301 quam
1992 2249 2049 2288 se
2084 2234 2135 2288 in

567 2321 840 2388 plerisque
871 2321 992 2376 aliis
1027 2321 1332 2376 exercuerit
1362 2338 1377 2386 ;
1411 2323 1486 2376 ita
1519 2323 1749 2376 dixerim
1791 2338 1890 2393 ego
1925 2325 2138 2391 sapien-

568 2413 830 2465 tissimum
862 2428 985 2466 eum
1031 2427 1150 2468 esse
1179 2414 1575 2478 Christianum,
1604 2415 1693 2482 qui
1721 2412 2036 2469 Judmorum
2083 2425 2137 2470 et

565 2503 993 2558 Christianorum
1049 2516 1228 2559 sectas
1279 2515 1536 2560 accurate
1585 2515 1899 2575 perspectas
1953 2507 2131 2560 habet.

565 2593 820 2662 Quisquis
854 2603 1033 2648 autem
1060 2605 1299 2650 nostram
1347 2597 1646 2652 doctrinam
1694 2608 1920 2667 propter
1962 2606 2136 2654 sectas

562 2687 855 2756 vituperat,
881 2687 1191 2756 vituperare
1213 2688 1261 2742 is
1296 2689 1487 2744 debeat
1515 2701 1568 2744 et
1604 2691 1906 2745 doctrinam
1937 2690 2135 2746 Socra-

567 2775 653 2838 tis,
689 2790 720 2829 e
752 2774 902 2843 cujus
950 2777 1136 2832 schola
1192 2777 1374 2834 multa:
1420 2789 1562 2835 nata:
1601 2791 1726 2835 sunt
1759 2781 1878 2835 alim
1911 2781 2135 2837 minime

565 2869 709 2920 inter
731 2881 790 2921 se
818 2869 1224 2925 consentientes
1251 2885 1264 2921 :
1301 2885 1400 2925 nec
1434 2870 1676 2926 Platonis
1710 2871 1979 2942 dogmatis
2009 2888 2132 2943 par-

563 2969 667 3021 cet,
696 2958 849 3024 cujus
872 2961 1193 3017 Aristoteles
1252 2961 1447 3030 placita
1490 2963 1748 3030 deseruit,
1787 2965 1940 3018 novis
1966 2978 2132 3020 exco-

2238 1865 2448 1936 δόκιμοι
2497 1869 2718 1940 φανεροὶ
2756 1870 3016 1936 γένωνται
3061 1872 3119 1923 ὲν
3153 1871 3281 1941 ὑμῖν
3317 1869 3451 1941 (77).
3507 1888 3525 1920 ›
3575 1869 3653 1932 Ὠς
3691 1869 3778 1940 γὰρ

2245 1975 2266 2008 ι
2294 1957 2511 2028 δόκιμος
2546 1979 2563 2010 ι
2619 1962 2678 2014 ἐν
2733 1962 2970 2032 ἰατρικῇ,
3018 1966 3046 2016 ὁ
3092 1963 3181 2017 διὰ
3225 1964 3284 2017 τὸ
3335 1962 3696 2033 γυμνάσασθαι
3733 1964 3778 2014 ὲν

2240 2051 2508 2115 ποικίλαις
2548 2053 2810 2124 αἱρέσεσι,
2841 2057 2934 2107 καὶ
2962 2055 3320 2126 εὐγνωμόνως
3354 2053 3663 2126 ἐξητακέναι
3697 2055 3779 2117 τὰς

2239 2140 2509 2204 πλείονας,
2561 2143 2809 2213 ἐλόμενος
2856 2145 2954 2216 τὴν
2992 2145 3374 2214 διαφέρουσαψ
3412 2147 3504 2200 καὶ
3550 2145 3620 2209 ὡς
3659 2144 3778 2198 πάν)

2239 2234 2561 2304 προκόπτων
2590 2236 2646 2287 ἐν
2685 2236 2971 2308 φιλοσοφίᾳ
3001 2239 3029 2290 ό
3054 2239 3161 2291 ἀπὸ
3198 2239 3291 2292 τοῦ
3326 2239 3546 2292 πλείονα
3577 2239 3782 2306 ἐγνωκέ-

2239 2342 2322 2376 ναι
2343 2325 2821 2396 ἐγγυμνασάμενος
2844 2327 3043 2391 αὐτοῖς,
3074 2329 3262 2400 καὶτῷ
3293 2332 3620 2402 κρατήσαντι
3645 2343 3765 2399 προσ

2237 2415 2460 2485 Θέμενος
2509 2416 2670 2488 λόγῳ·
2721 2417 2892 2482 οὕτως
2940 2420 3140 2490 εἴποιμ’
3172 2419 3238 2472 ἂν
3281 2421 3378 2474 καί
3407 2421 3499 2474 τὸν
3537 2408 3806 2490 ἐπιμελῶς

2237 2505 2473 2560 ἐνιδόντα
2504 2510 2622 2569 ταῖς
2668 2508 3006 2580 Ἰουδαῖσμοῦ
3061 2512 3154 2564 καὶ
3189 2511 3610 2582 Χριστιανισμοῦ
3650 2510 3779 2582 αἱρέ-

2238 2612 2353 2649 σεσι
2392 2597 2696 2666 σοφώτατον
2732 2601 3052 2672 Χριστιανδν
3092 2603 3365 2670 γενέσθαι.
3403 2605 3463 2657 '0
3493 2603 3534 2654 δ’
3561 2601 3779 2671 ἐγκαλῶν

2235 2686 2314 2757 τῷ
2343 2687 2485 2759 λόγῳ
2511 2689 2599 2743 διὰ
2639 2689 2737 2753 τὰς
2776 2691 3015 2763 αἱρέσεις
3054 2692 3346 2760 ἐγκαλέσαι
3384 2693 3450 2748 ἂν
3479 2693 3568 2747 καὶ
3595 2695 3654 2764 τῇ
3685 2692 3781 2744 Σω-

2237 2778 2470 2850 κράτους
2492 2779 2826 2851 διδασκαλίᾳ,
2857 2783 2950 2851 ἀφ’
2973 2777 3033 2836 οὗ
3053 2783 3155 2853 τῆς
3175 2784 3469 2856 ,διατριϐῆς
3493 2784 3668 2838 πολλαὶ
3697 2801 3780 2851 γε·

2234 2868 2452 2936 γόνασιν
2502 2870 2564 2922 οὐ
2614 2870 2684 2922 τὰ
2727 2871 2865 2924 αὐτὰ
2915 2871 3259 2942 φρονούντων
3306 2871 3510 2942 σχολαί·
3552 2869 3776 2926 ἀλλὰκαὶ

2234 2960 2513 3026 Πλάτωνος
2563 2963 2850 3032 ἐγκαλέσαι
2877 2963 2940 3016 ἄν
2962 2981 3045 3027 τις
3082 2967 3192 3027 τοῖς
3212 2965 3445 3036 δόγμασι
3466 2965 3532 3017 δι’
3565 2965 3774 3036 Ἀριστο-

561 3049 746 3118 gitatis
777 3051 1144 3120 opinionibus,
1179 3062 1237 3108 ut
1267 3069 1430 3124 supra
1462 3056 1716 3110 diximus.
1758 3055 2024 3111 Caeterum
2055 3057 2127 3110 vi-

2235 3051 2411 3118 τέλην,
2443 3055 2878 3126 ἀποφοιτήσαντα
2910 3057 3006 3128 τῆς
3033 3057 3314 3127 διατριϐῆς
3345 3055 3510 3112 αὐτοῦ
3536 3059 3590 3110 ἐν
3619 3072 3777 3109 καινο-

489 3197 492 3200 .
562 3141 759 3196 dentur
795 3143 923 3196 inihi
961 3143 1114 3198 Celso
1142 3145 1194 3198 in
1229 3147 1478 3200 notitiam
1516 3147 1730 3203 venisse
1769 3148 2011 3218 quaedam
2044 3162 2126 3202 se-

559 3241 684 3300 ctae,
706 3250 826 3302 qua:
848 3252 916 3290 ne
931 3235 1055 3290 Jesu
1073 3239 1290 3306 quidem
1316 3255 1511 3294 nomen
1534 3255 1818 3296 commune
1848 3241 2126 3297 nobiscum

562 3324 921 3379 retinuerunt.
985 3326 1148 3384 Forte
1201 3330 1410 3385 audivit
1465 3332 1530 3385 de
1592 3331 1681 3396 iis,
1737 3332 1826 3400 qui
1862 3343 2128 3388 vocantur

561 3414 814 3483 Opliiani,
845 3426 900 3472 et
920 3419 987 3474 de
1007 3419 1245 3486 Caianis,
1274 3431 1328 3474 et
1353 3422 1398 3475 si
1421 3437 1525 3490 qua
1561 3422 1666 3476 alia
1693 3432 1840 3477 secta
1865 3422 1986 3488 fuit,
2009 3438 2130 3494 quae

561 3523 590 3560 a
615 3507 742 3563 Jesu
765 3525 858 3578 per
880 3512 1058 3568 omnia
1083 3514 1380 3572 recederet.
1403 3515 1600 3570 Verum
1621 3514 1752 3570 nihil
1783 3514 1907 3570 inde
1935 3524 2126 3570 contra

559 3600 989 3660 Christianorum
1024 3605 1352 3661 doctrinam.

633 3871 718 3925 14.
757 3869 948 3926 Subdit
977 3887 992 3924 :
1029 3888 1047 3922 ι
1080 3870 1156 3925 Eo
1186 3868 1356 3938 magis
1382 3870 1575 3923 mirum
1625 3884 1814 3924 eorum
1849 3877 1934 3926 est
1967 3870 2124 3926 insti-

558 3974 756 4032 tutum,
805 3966 946 4036 quod
988 3964 1133 4018 nulla
1165 3964 1332 4019 solida
1372 3963 1581 4017 ratione
1615 3963 1712 4017 niti
1745 3963 2122 4023 convincatur.

561 4061 669 4116 Sed
702 4075 798 4128 pro
824 4058 992 4113 solida
1021 4057 1230 4113 ratione
1268 4055 1602 4119 fuitseditio,
1632 4065 1767 4108 etex
1792 4054 1878 4108 illa
1906 4066 2118 4124 Sperata

559 4153 781 4215 utilitas,
809 4161 865 4206 et
908 4161 1217 4205 exterorutn
1274 4157 1470 4204 metus.
1509 4145 1634 4202 Haec
1681 4161 1866 4202 eorum
1903 4147 2122 4200 ﬁrmant

625 4293 717 4347 l"l
748 4293 874 4349 Cor.
906 4308 983 4360 xl,
1018 4293 1102 4348 l9.
1141 4349 1151 4358 ,

625 4408 737 4481 (76)
799 4408 1136 4465 Ιιωεειιειίιιε
1197 4410 1250 4463 in
1313 4418 1498 4473 textu,
1560 4407 1716 4460 τοῦτο
1773 4407 1818 4460 δ’
1887 4406 2118 4477 ἡκολού-
2152 4414 2198 4472 D

554 4479 704 4532 θησε.

585 4495 734 4620 ηῗῧ)
785 4549 880 4602 Ἐν
908 4549 1071 4618 ὑμῖν.
1123 4548 1424 4620 ldﬂdeerat
1457 4546 1594 4617 apud
1639 4546 2003 4620 limscheliunt
2061 4556 2115 4620 et

554 4615 903 4686 Spencerum,
946 4615 1048 4674 sed
1103 4635 1132 4673 e
1173 4619 1459 4672 Philocalia
1494 4615 1893 4685 supplevittttts.
1948 4615 2113 4686 Paulo

552 4685 671 4755 pust
700 4688 827 4742 libb.
861 4690 1128 4758 impressi,
1169 4689 1241 4752 ὡς
1278 4691 1306 4740 ὁ
1346 4688 1484 4741 πάνυ
1527 4685 1846 4758 προκόπτων
1879 4689 1935 4738 ἐν
1963 4685 2114 4758 φιλο-

553 4757 714 4829 σοφίᾳ
757 4758 864 4811 ἀπὸ
909 4757 1027 4828 τοῦ,
1057 4774 1162 4815 etc.
1205 4760 1312 4813 Sed
1367 4759 1535 4812 codex
1572 4757 1902 4810 Basilecnsis
1951 4766 2009 4809 ut
2059 4757 2110 4808 in

555 4842 744 4879 ltustro
773 4840 942 4881 textu.

623 4897 732 4965 (78)
764 4899 1196 4962 Κοινωνούσας.
1230 4895 1307 4949 Ita
1339 4895 1630 4950 Philocalia
1656 4904 1709 4949 et
1732 4907 1921 4965 omnes
1948 4908 2109 4965 Amss_.,

550 4962 776 5033 excepto
827 4965 1054 5033 Juliano,
1110 4970 1201 5034 qui
1249 4981 1373 5019 cum
1434 4967 1582 5021 libris
1624 4965 1838 5018 excusis
1874 4962 2034 5016 habet
2058 4963 2110 5016 in

555 5045 699 5111 textu
738 5034 1042 5111 κοινωνούς.
1074 5035 1192 5111 Mox
1236 5034 1918 5111 Philncalia,nsptﬁxnro,
1944 5045 2109 5085 recte.

551 5102 935 5174 Lihh.excusi,
965 5107 1271 5174 περιήχετο,
1297 5107 1440 5174 quod
1464 5102 1689 5160 Guielu's
1715 5102 1778 5156 ex
1797 5102 2112 5167 conjectura

552 5173 869 5250 Itlllllt‘l‘ml‘ilt
895 5173 1192 5250 παρήκουε.

621 5241 732 5310 (79)
771 5239 1051 5309 Ὀφιανῶιλ
1072 5243 1166 5294 καὶ
1186 5243 1302 5298 τῶν
1335 5241 1627 5298 Καῖανῶν.
1655 5241 1924 5310 Interprcs
1953 5239 2111 5310 Gele-

550 5309 670 5360 nius
699 5309 912 5364 videtur
942 5314 1137 5376 legisse
1176 5315 1474 5377 Καινανῶν,
1513 5330 1615 5366 nun
1649 5309 1925 5364 Καῖανῶν.
1971 5309 2104 5364 Ver-

552 5378 615 5430 tit
645 5379 808 5458 cuitn,
849 5399 866 5431 ι
902 5385 968 5435 de
999 5382 1260 5450 Ophianis
1289 5394 1341 5438 et
1379 5383 1714 5458 Gauranis.)
1753 5381 1882 5435 Vide
1913 5380 2017 5458 lib;
2035 5395 2108 5458 vt,

549 5462 700 5519 trum.
726 5449 794 5501 24
821 5461 874 5504 et
901 5453 991 5513 ‘28,
1029 5449 1118 5504 lib.
1144 5467 1238 5516 vn,
1270 5470 1418 5506 num.
1457 5454 1555 5518 40;
1587 5452 1734 5519 Orig.
1767 5459 1925 5503 tract.
1950 5449 2017 5500 ‘27
2055 5451 2106 5500 in

548 5515 776 5590 Matth.;
833 5519 1079 5590 Tertull.,
1138 5515 1230 5574 De
1264 5515 1556 5590 prwscript.
1603 5515 1852 5575 adticrsus
1900 5519 2106 5580 lueret,

548 5601 668 5657 ςιιι).
708 5589 809 5654 47ς
851 5589 1013 5657 Iren.,
1053 5591 1144 5643 lib.
1183 5607 1220 5654 ι,
1262 5589 1313 5644 c.
1367 5594 1465 5656 50;
1500 5593 1693 5652 (lieni,
1739 5597 1940 5642 Mrem.
1989 5604 2098 5651 vn;

546 5654 764 5730 βιδὶρὶιν
793 5662 980 5714 luet-es.
1001 5654 1069 5713 57
1095 5680 1109 5727 ;
1135 5662 1383 5730 August”
1408 5654 1480 5714 De
1506 5669 1688 5715 limres.
1711 5658 2100 5722 ;Tltc0dorCt.,

548 5724 683 5782 na.)
710 5729 782 5782 De
817 5733 942 5784 ltwr.
974 5724 1116 5799 ((11).,~
1143 5724 1483 5798 Dantascen.,
1514 5732 1586 5784 De
1609 5732 1790 5784 lueret.

2235 3145 2472 3215 τομίαις,
2507 3148 2634 3218 περὶ
2665 3140 2725 3200 οὗ
2755 3150 2848 3202 καὶ
2871 3151 2928 3202 ἐν
2955 3151 3065 3212 τοῖς
3093 3149 3347 3219 ἀνωτέρω
3379 3151 3680 3220 είρήκαμεν.
3704 3151 3781 3200 Δο-

2235 3237 2322 3288 κεῖ
2362 3235 2418 3287 δέ
2449 3253 2535 3306 μοι
2566 3238 2594 3289 ό
2633 3236 2838 3300 Κέλσος
2865 3237 3157 3306 ἐγνωκέναι
3193 3237 3347 3301 τινὰς
3395 3238 3624 3309 αἱρέσεις
3662 3235 3780 3306 μηδὲ

2234 3325 2326 3378 τοῦ
2356 3327 2725 3397 ὀνόματοςτοῦ
2760 3329 2929 3399 Ἰησοῦ
2955 3328 3312 3392 κοινωνούσας
3341 3328 3454 3398 (78)
3488 3330 3627 3399 ἡμῖν.
3643 3327 3777 3396 Τάχα

2234 3416 2343 3487 γὰρ
2376 3419 2674 3488 περιήχητο
2706 3419 2832 3489 περ).
2859 3402 3336 3490 τῶν-καλουμένων
3382 3418 3634 3488 ὐφιανῶν
3661 3418 3779 3487 (79).

2236 3507 2331 3560 καὶ
2375 3507 2481 3560 τῶν
2513 3506 2766 3560 Καῖανῶν
2810 3507 2940 3578 (80),
2976 3511 3068 3562 καὶ
3098 3511 3152 3562 εῐ
3193 3527 3276 3572 τις
3324 3509 3458 3581 ἄλλη
3500 3509 3701 3577 τοιαύτη
3729 3505 3782 3568 ἐξ

2233 3600 2370 3654 ὅλων
2395 3600 2809 3670 ἀποφοιτήσασα
2835 3599 2928 3654 τοῦ
2965 3601 3140 3672 Ἰησοῦ
3169 3603 3402 3673 συνέστη
3431 3600 3632 3672 γνώμη.
3650 3599 3780 3667 Πλὴν

2228 3691 2381 3746 ούδέν
2414 3691 2572 3744 τοῦτο
2595 3689 2730 3762 πρὸς
2757 3690 2817 3744 τὸ
2838 3691 3128 3762 ἐγκλητέον
3159 3693 3269 3766 (81)
3300 3689 3541 3748 εἷναιτὸν
3555 3694 3782 3763 Χριστια-

2234 3784 2340 3838 νῶν
2372 3783 2550 3852 λόγον.

2296 3875 2450 3929 Μετά
2475 3875 2648 3930 ταῦτά
2677 3891 2828 3946 φησισ
2869 3893 2888 3926 ι
2923 3872 3377 3947 Θαυμασιώτερον
3406 3875 3502 3945 μὲν
3525 3873 3580 3926 τὸ
3607 3869 3779 3938 σύνθη-

2231 3987 2304 4040 μα
2335 3969 2512 4024 αὐτῶν
2541 3969 2760 4040 τοσῷδε,
2791 3970 2901 4040 ὅσῳ
2927 3986 2991 4038 γε
3043 3967 3238 4039 μᾶλλον
3269 3967 3326 4033 ἐξ
3377 3965 3624 4036 οὐδεμιᾶς
3661 3963 3780 4016 ὑπο-

2228 4063 2427 4128 θέσεως
2487 4063 2750 4136 ἀξιόχρεω
2791 4062 3059 4127 συνεστὼς
3119 4063 3415 4132 ἐλέγχοιτο.
3475 4058 3607 4114 Ἀλλ’
3649 4057 3779 4109 ἐστιν

2227 4152 2522 4225 ἀξιόχρεως
2568 4154 2826 4219 ὑπόθεσις
2855 4157 2887 4225 ἡ
2923 4153 3130 4219 στάσις,
3167 4154 3261 4208 καὶ
3291 4156 3325 4224 ή
3357 4153 3426 4206 δι’
3456 4151 3619 4222 αὐτὴν
3643 4146 3777 4218 ὡφέ-

2295 4405 2425 4482 (8θ)μ
2437 4405 2728 4482 Καῖανῷθς.
2758 4407 2982 4482 Ερίρὶιτ,
3009 4409 3219 4482 ιιᾳξτοε..
3244 4404 3316 4458 38
3340 4421 3354 4456 :
3394 4400 3614 4482 μαῖανοὶ
3644 4413 3774 4482 τινες

2223 4473 2592 4546 ὀνομάζονται,
2619 4476 2726 4530 ἀπὸ
2749 4477 2842 4529 τοῦ
2869 4477 3004 4529 Κάῖν
3033 4473 3314 4546 εἰληφότες
3356 4473 3456 4543 τὴν
3485 4473 3774 4546 ἐπωνυμίαν

2223 4493 2592 4546 ονομαςονται,
2619 4493 2726 4530 απο
2749 4493 2842 4529 του
2869 4493 3004 4529 πλαιν
3033 4493 3314 4596 ειληφοτες
3356 4493 3456 4543 την
3485 4493 3772 4537 επωνυμιαν

2222 4547 2326 4617 τῆς
2356 4545 2638 4617 αἱρέσεως.
2659 4564 2685 4617 _¢
2716 4546 2816 4617 Qui
2847 4546 3034 4598 Caiani
3068 4561 3132 4617 vu
3161 4561 3228 4613 go
3258 4553 3642 4617 nuneupantur,
3674 4540 3772 4617 hae-

2226 4609 2388 4681 resim
2419 4609 2569 4669 suam
2592 4609 2618 4668 a
2639 4609 2808 4670 Caino
2835 4609 3304 4681 cognominarunt.
3333 4631 3352 4664 ι
3379 4613 3443 4667 Et
3466 4609 3771 4681 paulopost:

2222 4680 2381 4738 Οὖτοὶ
2419 4703 2552 4754 φασι
2588 4684 2679 4738 τὸν
2720 4685 2858 4738 Κάῖν
2899 4678 2963 4738 ἐκ
3001 4684 3099 4754 τῆς
3129 4678 3774 4754 ίσχυροτέρας-δυνάμειεξ

2222 4745 2504 4825 ὑπάρχειν,
2545 4755 2766 4823 καὶτῆς
2803 4755 3004 4808 ἀνωθεν
3049 4745 3650 4825 αὐθεντίαςῇξὰλλὰααὶ
3689 4745 3775 4825 τόν

2221 4814 2411 4887 Ἦσαύξ
2444 4814 2537 4878 καὶ
2560 4825 2685 4904 τοὺ-ς
2708 4814 3036 4904 περὶΑΚορέη
3055 4824 3149 4878 καὶ
3177 4814 3322 4904 τοὺς
3355 4819 3657 4904 Σοδομίτξς·
3686 4814 3774 4867 τδν

2207 4895 2263 4948 δὲ
2299 4895 2463 4948 ’Λόελ
2495 4897 2559 4965 ἐκ
2609 4894 2709 4965 τῆς
2754 4892 3142 4965 ἀσθενεστέρας
3189 4893 3476 4963 δυνάμεως
3503 4892 3768 4957 ὑπάρχειν.

2213 4983 2230 5038 _¢
2268 4965 2433 5035 Igitur
2465 4964 2650 5038 Caiani
2682 4980 2710 5015 a
2732 4964 3054 5038 potentiori
3083 4965 3317 5038 quadam
3352 4965 3550 5016 virtute
3579 4973 3636 5038 ac
3659 4970 3772 5038 ca;-

2211 5032 2330 5088 lesii
2362 5034 2689 5090 auctoritate
2712 5035 3012 5089 derivatqu
3041 5050 3162 5090 esse
3188 5034 3420 5088 Cainum
3462 5032 3767 5101 pradicant.

2212 5118 2422 5158 necnon
2464 5112 2518 5156 et
2553 5101 2716 5165 Esau,
2751 5112 2807 5157 et
2829 5104 2968 5157 Core
3009 5119 3131 5158 cum
3163 5106 3301 5164 suis,
3333 5096 3571 5172 itemque
3601 5096 3768 5152 Sodo-

2212 5174 2408 5252 mitas;
2458 5173 2686 5252 Ahelum
2721 5187 2849 5252 vero
2905 5173 2973 5226 ab
3004 5165 3594 5252 iinbecilliori_'_vir'tute
3644 5182 3770 5252 p'rpj

2207 5242 2394 5296 diisse.
2437 5261 2456 5294 ι
2491 5241 2763 5300 Clemens,
2800 5241 2998 5296 Strom.
3026 5259 3132 5308 vn;
3182 5241 3323 5296 lren.
3361 5243 3460 5299 lib.
3512 5257 3547 5305 t,
3589 5253 3634 5292 c.
3662 5239 3765 5308 5ίῖ

2208 5311 2454 5371 'l‘ertull.,
2514 5310 2589 5364 De
2633 5311 2920 5376 prtvscript.
2967 5307 3215 5376 adversus
3249 5314 3459 5374 IurreL,
3507 5326 3619 5378 cap.
3664 5307 3765 5378 47»

2209 5379 2548 5443 llieronvm.,
2576 5381 2842 5452 Adversus
2873 5380 3234 5452 Vigilantiam;
3260 5384 3524 5452 August.,
3543 5376 3616 5432 De
3651 5376 3765 5430 Ita:-

2207 5459 2352 5514 ret.;
2401 5451 2754 5520 ’l'heodoret.,
2792 5451 2886 5504 lib.
2937 5449 2950 5504 i
2995 5449 3071 5503 De
3101 5454 3283 5506 ha'ret.
3326 5449 3470 5520 ﬁetu;
3502 5450 3764 5513 Damasc.,

2210 5520 2284 5572 De
2305 5521 2490 5576 limes.
2523 5519 2785 5572 SI‘ENCER.

2279 5590 2392 5657 (Si)
2464 5588 2837 5658 Ἐγκλητέον.
2875 5589 2952 5644 lta
3002 5589 3318 5648 l’ltilocalia.
3370 5591 3512 5657 Alia,
3575 5585 3764 5656 ἔγκλη-

2207 5677 2317 5716 τον.
