  <div class='ocr_page' id='page_1' title='image "/cluster/home/n/w/nwhite01/storage/ocr_20150623/11/hvd.32044024345175/474.png"; bbox 0 0 3902 6414; ppageno 0'>
   <div class='ocr_carea' id='block_1_1' title="bbox 167 370 258 427">
    <p class='ocr_par' dir='ltr' id='par_1_1' title="bbox 167 370 258 427">
     <span class='ocr_line' id='line_1_1' title="bbox 167 370 258 427; baseline -0.055 0"><span class='ocrx_word' id='word_1_1' title='bbox 167 370 258 427; x_wconf 72' lang='lat'><strong>957</strong></span> 
     </span>
    </p>
   </div>
   <div class='ocr_carea' id='block_1_2' title="bbox 1310 361 2212 421">
    <p class='ocr_par' dir='ltr' id='par_1_2' title="bbox 1310 361 2212 421">
     <span class='ocr_line' id='line_1_2' title="bbox 1310 361 2212 421; baseline -0.003 0"><span class='ocrx_word' id='word_1_2' title='bbox 1310 365 1593 421; x_wconf 69' lang='lat' dir='ltr'><strong>CONTRA</strong></span> <span class='ocrx_word' id='word_1_3' title='bbox 1628 362 1906 421; x_wconf 80' lang='lat' dir='ltr'><strong>CELSUM</strong></span> <span class='ocrx_word' id='word_1_4' title='bbox 1960 363 2091 419; x_wconf 83' lang='lat' dir='ltr'><strong>LIB.</strong></span> <span class='ocrx_word' id='word_1_5' title='bbox 2123 361 2212 418; x_wconf 85' lang='grc' dir='ltr'><strong>Ιῐῐ.</strong></span> 
     </span>
    </p>
   </div>
   <div class='ocr_carea' id='block_1_3' title="bbox 3297 365 3407 419">
    <p class='ocr_par' dir='ltr' id='par_1_3' title="bbox 3297 365 3407 419">
     <span class='ocr_line' id='line_1_3' title="bbox 3297 365 3407 419; baseline 0.009 -1"><span class='ocrx_word' id='word_1_6' title='bbox 3297 365 3407 419; x_wconf 71' lang='grc'><strong>958</strong></span> 
     </span>
    </p>
   </div>
   <div class='ocr_carea' id='block_1_4' title="bbox 166 481 1701 558">
    <p class='ocr_par' dir='ltr' id='par_1_4' title="bbox 166 486 1701 558">
     <span class='ocr_line' id='line_1_4' title="bbox 166 486 1701 558; baseline -0.005 -11"><span class='ocrx_word' id='word_1_7' title='bbox 166 495 285 553; x_wconf 82' lang='grc' dir='ltr'>λεια,</span> <span class='ocrx_word' id='word_1_8' title='bbox 312 490 399 544; x_wconf 75' lang='grc' dir='ltr'><strong>καὶ</strong></span> <span class='ocrx_word' id='word_1_9' title='bbox 424 488 485 543; x_wconf 75' lang='grc' dir='ltr'>τὸ</span> <span class='ocrx_word' id='word_1_10' title='bbox 507 488 616 543; x_wconf 83' lang='grc' dir='ltr'>τῶν</span> <span class='ocrx_word' id='word_1_11' title='bbox 648 488 849 557; x_wconf 75' lang='grc' dir='ltr'>ἔξωθεν</span> <span class='ocrx_word' id='word_1_12' title='bbox 886 489 1020 552; x_wconf 75' lang='grc' dir='ltr'>δέος·</span> <span class='ocrx_word' id='word_1_13' title='bbox 1059 486 1235 542; x_wconf 80' lang='grc' dir='ltr'>ταῦτα</span> <span class='ocrx_word' id='word_1_14' title='bbox 1271 486 1479 558; x_wconf 79' lang='grc' dir='ltr'>βεϐαιοῖ</span> <span class='ocrx_word' id='word_1_15' title='bbox 1506 487 1607 558; x_wconf 82' lang='grc' dir='ltr'>τὴν</span> <span class='ocrx_word' id='word_1_16' title='bbox 1634 486 1701 539; x_wconf 85' lang='grc' dir='ltr'><strong>πί</strong></span> 
     </span>
    </p>
   </div>
   <div class='ocr_carea' id='block_1_5' title="bbox 1810 481 3401 558">
    <p class='ocr_par' dir='ltr' id='par_1_5' title="bbox 1829 481 3401 552">
     <span class='ocr_line' id='line_1_5' title="bbox 1829 481 3401 552; baseline -0.003 -12"><span class='ocrx_word' id='word_1_17' title='bbox 1829 485 2012 541; x_wconf 83' lang='lat' dir='ltr'><strong>ﬁdem.</strong></span> <span class='ocrx_word' id='word_1_18' title='bbox 2055 503 2074 536; x_wconf 75' lang='grc' dir='ltr'>ι</span> <span class='ocrx_word' id='word_1_19' title='bbox 2112 484 2192 539; x_wconf 79' lang='lat' dir='ltr'><strong>Ad</strong></span> <span class='ocrx_word' id='word_1_20' title='bbox 2245 484 2385 552; x_wconf 92' lang='lat' dir='ltr'><strong>quod</strong></span> <span class='ocrx_word' id='word_1_21' title='bbox 2426 484 2669 539; x_wconf 85' lang='lat' dir='ltr'><strong>dicemus</strong></span> <span class='ocrx_word' id='word_1_22' title='bbox 2708 482 2780 538; x_wconf 89' lang='lat' dir='ltr'><strong>ita</strong></span> <span class='ocrx_word' id='word_1_23' title='bbox 2813 482 3043 549; x_wconf 89' lang='lat' dir='ltr'><strong>ratione,</strong></span> <span class='ocrx_word' id='word_1_24' title='bbox 3074 490 3170 537; x_wconf 85' lang='lat' dir='ltr'><strong>aut</strong></span> <span class='ocrx_word' id='word_1_25' title='bbox 3216 481 3401 552; x_wconf 78' lang='lat' dir='ltr'><strong>potius</strong></span> 
     </span>
    </p>
   </div>
   <div class='ocr_carea' id='block_1_6' title="bbox 166 581 1721 655">
    <p class='ocr_par' dir='ltr' id='par_1_6' title="bbox 166 581 1721 655">
     <span class='ocr_line' id='line_1_6' title="bbox 166 581 1721 655; baseline -0.004 -14"><span class='ocrx_word' id='word_1_26' title='bbox 166 605 265 641; x_wconf 84' lang='grc' dir='ltr'>στιν</span> <span class='ocrx_word' id='word_1_27' title='bbox 294 585 491 648; x_wconf 78' lang='grc' dir='ltr'>αὐτοῖς.</span> <span class='ocrx_word' id='word_1_28' title='bbox 528 604 546 635; x_wconf 72' lang='grc' dir='ltr'><strong>ι</strong></span> <span class='ocrx_word' id='word_1_29' title='bbox 581 585 694 638; x_wconf 71' lang='grc' dir='ltr'>Καὶ</span> <span class='ocrx_word' id='word_1_30' title='bbox 716 584 850 655; x_wconf 81' lang='grc' dir='ltr'>πρὸς</span> <span class='ocrx_word' id='word_1_31' title='bbox 879 583 1033 636; x_wconf 68' lang='grc' dir='ltr'>τοῦτο</span> <span class='ocrx_word' id='word_1_32' title='bbox 1064 582 1119 635; x_wconf 85' lang='grc' dir='ltr'>δὲ</span> <span class='ocrx_word' id='word_1_33' title='bbox 1146 583 1409 652; x_wconf 80' lang='grc' dir='ltr'>φήσομεν,</span> <span class='ocrx_word' id='word_1_34' title='bbox 1436 581 1517 633; x_wconf 81' lang='grc' dir='ltr'><strong>ὅτι</strong></span> <span class='ocrx_word' id='word_1_35' title='bbox 1549 581 1721 645; x_wconf 77' lang='grc' dir='ltr'>οὕτως</span> 
     </span>
    </p>
   </div>
   <div class='ocr_carea' id='block_1_7' title="bbox 162 672 1719 747">
    <p class='ocr_par' dir='ltr' id='par_1_7' title="bbox 162 672 1719 747">
     <span class='ocr_line' id='line_1_7' title="bbox 162 672 1719 747; baseline -0.004 -15"><span class='ocrx_word' id='word_1_36' title='bbox 162 681 211 746; x_wconf 78' lang='grc' dir='ltr'>ἐξ</span> <span class='ocrx_word' id='word_1_37' title='bbox 240 678 559 740; x_wconf 73' lang='grc' dir='ltr'>ὑποθέσεως,</span> <span class='ocrx_word' id='word_1_38' title='bbox 595 676 795 747; x_wconf 76' lang='grc' dir='ltr'>μᾶλλον</span> <span class='ocrx_word' id='word_1_39' title='bbox 829 676 883 728; x_wconf 86' lang='grc' dir='ltr'>δὲ</span> <span class='ocrx_word' id='word_1_40' title='bbox 912 674 1017 729; x_wconf 77' lang='grc' dir='ltr'>οὐδ’</span> <span class='ocrx_word' id='word_1_41' title='bbox 1044 674 1372 737; x_wconf 82' lang='grc' dir='ltr'>ὑποθέσεως,</span> <span class='ocrx_word' id='word_1_42' title='bbox 1404 672 1538 726; x_wconf 80' lang='grc' dir='ltr'>ἀλλὰ</span> <span class='ocrx_word' id='word_1_43' title='bbox 1572 672 1719 737; x_wconf 89' lang='grc' dir='ltr'>θείας</span> 
     </span>
    </p>
   </div>
   <div class='ocr_carea' id='block_1_8' title="bbox 162 763 1719 843">
    <p class='ocr_par' dir='ltr' id='par_1_8' title="bbox 162 763 1719 843">
     <span class='ocr_line' id='line_1_8' title="bbox 162 763 1719 843; baseline -0.005 -19"><span class='ocrx_word' id='word_1_44' title='bbox 162 772 417 843; x_wconf 76' lang='grc' dir='ltr'><strong>ἐνεργείας</strong></span> <span class='ocrx_word' id='word_1_45' title='bbox 451 769 514 822; x_wconf 79' lang='grc' dir='ltr'>τὸ</span> <span class='ocrx_word' id='word_1_46' title='bbox 544 768 797 839; x_wconf 75' lang='grc' dir='ltr'>σύνθημα</span> <span class='ocrx_word' id='word_1_47' title='bbox 826 769 954 838; x_wconf 79' lang='grc' dir='ltr'><strong>ἡμῖν</strong></span> <span class='ocrx_word' id='word_1_48' title='bbox 978 766 1089 836; x_wconf 72' lang='grc'>(82)</span> <span class='ocrx_word' id='word_1_49' title='bbox 1125 767 1291 829; x_wconf 77' lang='grc' dir='ltr'>ἐστιν,</span> <span class='ocrx_word' id='word_1_50' title='bbox 1321 763 1465 817; x_wconf 75' lang='grc' dir='ltr'>ὥστε</span> <span class='ocrx_word' id='word_1_51' title='bbox 1498 766 1596 835; x_wconf 79' lang='grc' dir='ltr'><strong>τὴν</strong></span> <span class='ocrx_word' id='word_1_52' title='bbox 1618 766 1719 836; x_wconf 85' lang='grc' dir='ltr'><strong>ἀρ-</strong></span> 
     </span>
    </p>
   </div>
   <div class='ocr_carea' id='block_1_9' title="bbox 160 856 1720 933">
    <p class='ocr_par' dir='ltr' id='par_1_9' title="bbox 160 856 1720 933">
     <span class='ocr_line' id='line_1_9' title="bbox 160 856 1720 933; baseline -0.004 -19"><span class='ocrx_word' id='word_1_53' title='bbox 160 863 244 933; x_wconf 72' lang='grc' dir='ltr'><strong>χὴν</strong></span> <span class='ocrx_word' id='word_1_54' title='bbox 268 860 424 915; x_wconf 76' lang='grc' dir='ltr'>αὑτοῦ</span> <span class='ocrx_word' id='word_1_55' title='bbox 461 856 603 914; x_wconf 70' lang='grc' dir='ltr'>εἶναι</span> <span class='ocrx_word' id='word_1_56' title='bbox 644 860 777 913; x_wconf 82' lang='grc' dir='ltr'>Θεδν</span> <span class='ocrx_word' id='word_1_57' title='bbox 812 860 867 911; x_wconf 81' lang='grc' dir='ltr'>ὲν</span> <span class='ocrx_word' id='word_1_58' title='bbox 896 858 1203 928; x_wconf 76' lang='grc' dir='ltr'><strong>προφήταις</strong></span> <span class='ocrx_word' id='word_1_59' title='bbox 1241 857 1562 910; x_wconf 78' lang='grc' dir='ltr'><strong>διδάσκοντα</strong></span> <span class='ocrx_word' id='word_1_60' title='bbox 1594 856 1720 919; x_wconf 74' lang='grc' dir='ltr'>τοὺς</span> 
     </span>
    </p>
   </div>
   <div class='ocr_carea' id='block_1_10' title="bbox 161 948 1719 1023">
    <p class='ocr_par' dir='ltr' id='par_1_10' title="bbox 161 948 1719 1023">
     <span class='ocr_line' id='line_1_10' title="bbox 161 948 1719 1023; baseline -0.003 -17"><span class='ocrx_word' id='word_1_61' title='bbox 161 952 452 1023; x_wconf 76' lang='grc' dir='ltr'><strong>ἀνθρώπους</strong></span> <span class='ocrx_word' id='word_1_62' title='bbox 472 951 695 1006; x_wconf 77' lang='grc' dir='ltr'><strong>ἐλπίσαι</strong></span> <span class='ocrx_word' id='word_1_63' title='bbox 712 949 1004 1022; x_wconf 75' lang='grc' dir='ltr'><strong>ἐπιδημίαν</strong></span> <span class='ocrx_word' id='word_1_64' title='bbox 1030 950 1288 1021; x_wconf 82' lang='grc' dir='ltr'>Χριστοῦ,</span> <span class='ocrx_word' id='word_1_65' title='bbox 1318 948 1581 1012; x_wconf 81' lang='grc' dir='ltr'>σώσοντος</span> <span class='ocrx_word' id='word_1_66' title='bbox 1596 949 1719 1011; x_wconf 80' lang='grc' dir='ltr'>τοὺς</span> 
     </span>
    </p>
   </div>
   <div class='ocr_carea' id='block_1_11' title="bbox 159 1040 1715 1117">
    <p class='ocr_par' dir='ltr' id='par_1_11' title="bbox 159 1040 1715 1117">
     <span class='ocr_line' id='line_1_11' title="bbox 159 1040 1715 1117; baseline -0.005 -17"><span class='ocrx_word' id='word_1_67' title='bbox 159 1046 466 1117; x_wconf 80' lang='grc' dir='ltr'><strong>ἀνθρώπους.</strong></span> <span class='ocrx_word' id='word_1_68' title='bbox 507 1047 675 1099; x_wconf 86' lang='grc' dir='ltr'>Ὅσον</span> <span class='ocrx_word' id='word_1_69' title='bbox 704 1044 813 1116; x_wconf 80' lang='grc' dir='ltr'>γὰρ</span> <span class='ocrx_word' id='word_1_70' title='bbox 843 1043 999 1097; x_wconf 79' lang='grc' dir='ltr'>τοῦτο</span> <span class='ocrx_word' id='word_1_71' title='bbox 1030 1044 1129 1096; x_wconf 79' lang='grc' dir='ltr'><strong>οὐκ</strong></span> <span class='ocrx_word' id='word_1_72' title='bbox 1161 1040 1376 1114; x_wconf 84' lang='grc' dir='ltr'>ἀληθῶς</span> <span class='ocrx_word' id='word_1_73' title='bbox 1414 1041 1715 1111; x_wconf 77' lang='grc' dir='ltr'><strong>ἐλέγχεται,</strong></span> 
     </span>
    </p>
   </div>
   <div class='ocr_carea' id='block_1_12' title="bbox 158 1134 1717 1209">
    <p class='ocr_par' dir='ltr' id='par_1_12' title="bbox 158 1134 1717 1209">
     <span class='ocr_line' id='line_1_12' title="bbox 158 1134 1717 1209; baseline -0.004 -17"><span class='ocrx_word' id='word_1_74' title='bbox 158 1140 242 1193; x_wconf 76' lang='grc' dir='ltr'><strong>κᾶν</strong></span> <span class='ocrx_word' id='word_1_75' title='bbox 262 1140 384 1209; x_wconf 79' lang='grc' dir='ltr'>δοκῇ</span> <span class='ocrx_word' id='word_1_76' title='bbox 412 1139 519 1192; x_wconf 78' lang='grc' dir='ltr'><strong>ὑπὸ</strong></span> <span class='ocrx_word' id='word_1_77' title='bbox 547 1138 661 1192; x_wconf 78' lang='grc' dir='ltr'><strong>τῶν</strong></span> <span class='ocrx_word' id='word_1_78' title='bbox 695 1139 937 1192; x_wconf 84' lang='grc' dir='ltr'>ἀπίστων</span> <span class='ocrx_word' id='word_1_79' title='bbox 966 1136 1305 1208; x_wconf 76' lang='grc' dir='ltr'><strong>ἐλέγχεσθαι,</strong></span> <span class='ocrx_word' id='word_1_80' title='bbox 1329 1136 1422 1189; x_wconf 78' lang='grc' dir='ltr'><strong>ἐπὶ</strong></span> <span class='ocrx_word' id='word_1_81' title='bbox 1466 1134 1717 1189; x_wconf 79' lang='grc' dir='ltr'>τοσοῦτον</span> 
     </span>
    </p>
   </div>
   <div class='ocr_carea' id='block_1_13' title="bbox 155 1224 1718 1298">
    <p class='ocr_par' dir='ltr' id='par_1_13' title="bbox 155 1224 1718 1298">
     <span class='ocr_line' id='line_1_13' title="bbox 155 1224 1718 1298; baseline -0.004 -14"><span class='ocrx_word' id='word_1_82' title='bbox 155 1230 331 1297; x_wconf 77' lang='grc' dir='ltr'>ὀλὸγος</span> <span class='ocrx_word' id='word_1_83' title='bbox 360 1229 435 1293; x_wconf 83' lang='grc' dir='ltr'>ὡς</span> <span class='ocrx_word' id='word_1_84' title='bbox 457 1230 599 1283; x_wconf 77' lang='grc' dir='ltr'>Θεοῦ</span> <span class='ocrx_word' id='word_1_85' title='bbox 634 1229 808 1298; x_wconf 80' lang='grc' dir='ltr'>Λόγος</span> <span class='ocrx_word' id='word_1_86' title='bbox 840 1228 1169 1290; x_wconf 81' lang='grc' dir='ltr'>συνίσταται,</span> <span class='ocrx_word' id='word_1_87' title='bbox 1190 1227 1284 1280; x_wconf 76' lang='grc' dir='ltr'><strong>καὶ</strong></span> <span class='ocrx_word' id='word_1_88' title='bbox 1312 1228 1340 1279; x_wconf 86' lang='grc' dir='ltr'>ὁ</span> <span class='ocrx_word' id='word_1_89' title='bbox 1369 1225 1575 1296; x_wconf 76' lang='grc' dir='ltr'>Ἰησοῦς</span> <span class='ocrx_word' id='word_1_90' title='bbox 1592 1224 1718 1287; x_wconf 80' lang='grc' dir='ltr'>Υίὸς</span> 
     </span>
    </p>
   </div>
   <div class='ocr_carea' id='block_1_14' title="bbox 154 1312 1713 1393">
    <p class='ocr_par' dir='ltr' id='par_1_14' title="bbox 154 1312 1713 1393">
     <span class='ocr_line' id='line_1_14' title="bbox 154 1312 1713 1393; baseline -0.003 -18"><span class='ocrx_word' id='word_1_91' title='bbox 154 1323 216 1376; x_wconf 79' lang='grc' dir='ltr'>ὢν</span> <span class='ocrx_word' id='word_1_92' title='bbox 237 1322 379 1387; x_wconf 74' lang='grc' dir='ltr'>Θεοῦ,</span> <span class='ocrx_word' id='word_1_93' title='bbox 405 1323 500 1377; x_wconf 70' lang='grc' dir='ltr'><strong>καὶ</strong></span> <span class='ocrx_word' id='word_1_94' title='bbox 524 1312 656 1393; x_wconf 73' lang='grc' dir='ltr'>πρὶν</span> <span class='ocrx_word' id='word_1_95' title='bbox 690 1321 1127 1393; x_wconf 73' lang='grc' dir='ltr'>ὲνανθρωπῆσαι,</span> <span class='ocrx_word' id='word_1_96' title='bbox 1148 1321 1245 1373; x_wconf 70' lang='grc' dir='ltr'>καὶ</span> <span class='ocrx_word' id='word_1_97' title='bbox 1268 1317 1713 1389; x_wconf 80' lang='grc' dir='ltr'>ὲνανθρωπήσας,</span> 
     </span>
    </p>
   </div>
   <div class='ocr_carea' id='block_1_15' title="bbox 154 1408 1717 1482">
    <p class='ocr_par' dir='ltr' id='par_1_15' title="bbox 154 1408 1717 1482">
     <span class='ocr_line' id='line_1_15' title="bbox 154 1408 1717 1482; baseline -0.002 -16"><span class='ocrx_word' id='word_1_98' title='bbox 154 1414 526 1468; x_wconf 72' lang='grc' dir='ltr'>ἀποδείκνυται.</span> <span class='ocrx_word' id='word_1_99' title='bbox 596 1412 742 1481; x_wconf 82' lang='grc' dir='ltr'>Ἐγὼ</span> <span class='ocrx_word' id='word_1_100' title='bbox 760 1412 817 1465; x_wconf 85' lang='grc' dir='ltr'><strong>δέ</strong></span> <span class='ocrx_word' id='word_1_101' title='bbox 846 1429 1003 1482; x_wconf 78' lang='grc' dir='ltr'>φημι,</span> <span class='ocrx_word' id='word_1_102' title='bbox 1030 1412 1111 1463; x_wconf 85' lang='grc' dir='ltr'>ὅτι</span> <span class='ocrx_word' id='word_1_103' title='bbox 1145 1411 1239 1464; x_wconf 74' lang='grc' dir='ltr'><strong>καὶ</strong></span> <span class='ocrx_word' id='word_1_104' title='bbox 1266 1408 1403 1480; x_wconf 77' lang='grc' dir='ltr'>μετὰ</span> <span class='ocrx_word' id='word_1_105' title='bbox 1436 1409 1533 1480; x_wconf 82' lang='grc' dir='ltr'>τὴν</span> <span class='ocrx_word' id='word_1_106' title='bbox 1562 1410 1717 1463; x_wconf 80' lang='grc' dir='ltr'>ἐναν-</span> 
     </span>
    </p>
   </div>
   <div class='ocr_carea' id='block_1_16' title="bbox 154 1499 1717 1575">
    <p class='ocr_par' dir='ltr' id='par_1_16' title="bbox 154 1499 1717 1575">
     <span class='ocr_line' id='line_1_16' title="bbox 154 1499 1717 1575; baseline -0.004 -18"><span class='ocrx_word' id='word_1_107' title='bbox 154 1504 403 1575; x_wconf 81' lang='grc' dir='ltr'>θρὼπησιν</span> <span class='ocrx_word' id='word_1_108' title='bbox 424 1504 517 1557; x_wconf 71' lang='grc' dir='ltr'>ἀεὶ</span> <span class='ocrx_word' id='word_1_109' title='bbox 550 1503 866 1574; x_wconf 79' lang='grc' dir='ltr'>εὑρίσκεται</span> <span class='ocrx_word' id='word_1_110' title='bbox 892 1504 1004 1565; x_wconf 85' lang='grc' dir='ltr'>τοῖς</span> <span class='ocrx_word' id='word_1_111' title='bbox 1038 1500 1250 1570; x_wconf 80' lang='grc' dir='ltr'>ἔχουσιν</span> <span class='ocrx_word' id='word_1_112' title='bbox 1280 1499 1591 1569; x_wconf 79' lang='grc' dir='ltr'>ὀφθαλμοὺς</span> <span class='ocrx_word' id='word_1_113' title='bbox 1623 1500 1717 1569; x_wconf 76' lang='grc' dir='ltr'><strong>ψυ-</strong></span> 
     </span>
    </p>
   </div>
   <div class='ocr_carea' id='block_1_17' title="bbox 152 1587 1714 1664">
    <p class='ocr_par' dir='ltr' id='par_1_17' title="bbox 152 1587 1714 1664">
     <span class='ocr_line' id='line_1_17' title="bbox 152 1587 1714 1664; baseline -0.004 -18"><span class='ocrx_word' id='word_1_114' title='bbox 152 1594 238 1663; x_wconf 73' lang='grc' dir='ltr'><strong>χῆς</strong></span> <span class='ocrx_word' id='word_1_115' title='bbox 273 1593 762 1664; x_wconf 77' lang='grc' dir='ltr'>ὀξυδερκεστάτους</span> <span class='ocrx_word' id='word_1_116' title='bbox 818 1590 1306 1662; x_wconf 85' lang='grc' dir='ltr'>θεοπρεπέστατος,</span> <span class='ocrx_word' id='word_1_117' title='bbox 1356 1589 1451 1643; x_wconf 77' lang='grc' dir='ltr'>καὶ</span> <span class='ocrx_word' id='word_1_118' title='bbox 1497 1587 1714 1659; x_wconf 81' lang='grc' dir='ltr'>ἀληθῶς</span> 
     </span>
    </p>
   </div>
   <div class='ocr_carea' id='block_1_18' title="bbox 151 1680 1713 1755">
    <p class='ocr_par' dir='ltr' id='par_1_18' title="bbox 151 1680 1713 1755">
     <span class='ocr_line' id='line_1_18' title="bbox 151 1680 1713 1755; baseline 0 -20"><span class='ocrx_word' id='word_1_119' title='bbox 151 1684 308 1738; x_wconf 77' lang='grc' dir='ltr'>θεόθεν</span> <span class='ocrx_word' id='word_1_120' title='bbox 325 1685 459 1755; x_wconf 78' lang='grc' dir='ltr'>πρὸς</span> <span class='ocrx_word' id='word_1_121' title='bbox 472 1687 506 1755; x_wconf 76' lang='grc' dir='ltr'>ἡ</span> <span class='ocrx_word' id='word_1_122' title='bbox 518 1686 628 1755; x_wconf 76' lang='grc' dir='ltr'><strong>μᾶς</strong></span> <span class='ocrx_word' id='word_1_123' title='bbox 650 1682 945 1744; x_wconf 81' lang='grc' dir='ltr'>κατελθὼν,</span> <span class='ocrx_word' id='word_1_124' title='bbox 965 1683 1055 1735; x_wconf 80' lang='grc' dir='ltr'>καὶ</span> <span class='ocrx_word' id='word_1_125' title='bbox 1070 1682 1170 1734; x_wconf 77' lang='grc' dir='ltr'>οὐκ</span> <span class='ocrx_word' id='word_1_126' title='bbox 1190 1682 1297 1734; x_wconf 82' lang='grc' dir='ltr'>ἀπὸ</span> <span class='ocrx_word' id='word_1_127' title='bbox 1316 1680 1581 1745; x_wconf 82' lang='grc' dir='ltr'>συνέσεως</span> <span class='ocrx_word' id='word_1_128' title='bbox 1602 1681 1713 1753; x_wconf 77' lang='grc'>(85)</span> 
     </span>
    </p>
   </div>
   <div class='ocr_carea' id='block_1_19' title="bbox 154 1772 1709 1851">
    <p class='ocr_par' dir='ltr' id='par_1_19' title="bbox 154 1772 1709 1851">
     <span class='ocr_line' id='line_1_19' title="bbox 154 1772 1709 1851; baseline -0.003 -22"><span class='ocrx_word' id='word_1_129' title='bbox 154 1776 468 1851; x_wconf 76' lang='grc' dir='ltr'><strong>ἀνθρωπίνης</strong></span> <span class='ocrx_word' id='word_1_130' title='bbox 506 1777 608 1847; x_wconf 79' lang='grc' dir='ltr'><strong>τὴν</strong></span> <span class='ocrx_word' id='word_1_131' title='bbox 642 1775 819 1846; x_wconf 77' lang='grc' dir='ltr'>ἀρχὴν</span> <span class='ocrx_word' id='word_1_132' title='bbox 852 1774 883 1845; x_wconf 78' lang='grc' dir='ltr'>ἦ</span> <span class='ocrx_word' id='word_1_133' title='bbox 906 1773 974 1827; x_wconf 77' lang='grc' dir='ltr'>τὰ</span> <span class='ocrx_word' id='word_1_134' title='bbox 1002 1773 1129 1843; x_wconf 78' lang='grc' dir='ltr'>ἑξῆς</span> <span class='ocrx_word' id='word_1_135' title='bbox 1152 1776 1218 1844; x_wconf 85' lang='grc' dir='ltr'>τῇ</span> <span class='ocrx_word' id='word_1_136' title='bbox 1245 1774 1388 1845; x_wconf 82' lang='grc' dir='ltr'>ἀρχῇ</span> <span class='ocrx_word' id='word_1_137' title='bbox 1411 1772 1568 1844; x_wconf 78' lang='grc' dir='ltr'>ἔχων,</span> <span class='ocrx_word' id='word_1_138' title='bbox 1596 1774 1709 1826; x_wconf 80' lang='grc' dir='ltr'>ἀλλ’</span> 
     </span>
    </p>
   </div>
   <div class='ocr_carea' id='block_1_20' title="bbox 1827 575 3399 649">
    <p class='ocr_par' dir='ltr' id='par_1_20' title="bbox 1827 575 3399 649">
     <span class='ocr_line' id='line_1_20' title="bbox 1827 575 3399 649; baseline -0.002 -17"><span class='ocrx_word' id='word_1_139' title='bbox 1827 596 1930 633; x_wconf 92' lang='lat' dir='ltr'><strong>non</strong></span> <span class='ocrx_word' id='word_1_140' title='bbox 1961 579 2189 640; x_wconf 87' lang='lat' dir='ltr'><strong>ratione,</strong></span> <span class='ocrx_word' id='word_1_141' title='bbox 2212 579 2305 631; x_wconf 87' lang='lat' dir='ltr'><strong>sed</strong></span> <span class='ocrx_word' id='word_1_142' title='bbox 2335 578 2405 631; x_wconf 88' lang='lat' dir='ltr'><strong>ita</strong></span> <span class='ocrx_word' id='word_1_143' title='bbox 2425 576 2606 631; x_wconf 89' lang='lat' dir='ltr'><strong>divina</strong></span> <span class='ocrx_word' id='word_1_144' title='bbox 2632 578 2952 646; x_wconf 66' lang='lat' dir='ltr'><strong>opezatioue</strong></span> <span class='ocrx_word' id='word_1_145' title='bbox 2967 575 3132 649; x_wconf 63' lang='grc'><strong>456</strong></span> <span class='ocrx_word' id='word_1_146' title='bbox 3159 586 3399 631; x_wconf 85' lang='lat' dir='ltr'><strong>nostrum</strong></span> 
     </span>
    </p>
   </div>
   <div class='ocr_carea' id='block_1_21' title="bbox 1824 671 3399 741">
    <p class='ocr_par' dir='ltr' id='par_1_21' title="bbox 1824 671 3399 741">
     <span class='ocr_line' id='line_1_21' title="bbox 1824 671 3399 741; baseline -0.001 -15"><span class='ocrx_word' id='word_1_147' title='bbox 1824 673 1921 727; x_wconf 80' lang='lat' dir='ltr'><strong>ltiti</strong></span> <span class='ocrx_word' id='word_1_148' title='bbox 1959 671 2284 735; x_wconf 89' lang='lat' dir='ltr'><strong>institutum,</strong></span> <span class='ocrx_word' id='word_1_149' title='bbox 2315 680 2371 726; x_wconf 89' lang='lat' dir='ltr'><strong>ut</strong></span> <span class='ocrx_word' id='word_1_150' title='bbox 2411 671 2530 737; x_wconf 81' lang='lat' dir='ltr'><strong>ejus</strong></span> <span class='ocrx_word' id='word_1_151' title='bbox 2561 672 2885 741; x_wconf 74' lang='lat' dir='ltr'><strong>principium</strong></span> <span class='ocrx_word' id='word_1_152' title='bbox 2918 672 2986 726; x_wconf 90' lang='lat' dir='ltr'><strong>sit</strong></span> <span class='ocrx_word' id='word_1_153' title='bbox 3016 672 3179 736; x_wconf 85' lang='lat' dir='ltr'><strong>Deus,</strong></span> <span class='ocrx_word' id='word_1_154' title='bbox 3217 672 3309 741; x_wconf 88' lang='lat' dir='ltr'><strong>qui</strong></span> <span class='ocrx_word' id='word_1_155' title='bbox 3344 671 3399 725; x_wconf 83' lang='lat' dir='ltr'><strong>in</strong></span> 
     </span>
    </p>
   </div>
   <div class='ocr_carea' id='block_1_22' title="bbox 1822 763 3397 833">
    <p class='ocr_par' dir='ltr' id='par_1_22' title="bbox 1822 763 3397 833">
     <span class='ocr_line' id='line_1_22' title="bbox 1822 763 3397 833; baseline -0.001 -15"><span class='ocrx_word' id='word_1_156' title='bbox 1822 763 2102 833; x_wconf 70' lang='lat' dir='ltr'><strong>prophetis</strong></span> <span class='ocrx_word' id='word_1_157' title='bbox 2136 763 2386 819; x_wconf 84' lang='lat' dir='ltr'><strong>homines</strong></span> <span class='ocrx_word' id='word_1_158' title='bbox 2412 763 2568 817; x_wconf 92' lang='lat' dir='ltr'><strong>docet</strong></span> <span class='ocrx_word' id='word_1_159' title='bbox 2610 778 2833 832; x_wconf 88' lang='lat' dir='ltr'><strong>sperare</strong></span> <span class='ocrx_word' id='word_1_160' title='bbox 2862 764 3153 819; x_wconf 89' lang='lat' dir='ltr'><strong>adventum</strong></span> <span class='ocrx_word' id='word_1_161' title='bbox 3190 763 3397 818; x_wconf 85' lang='lat' dir='ltr'><strong>Christi</strong></span> 
     </span>
    </p>
   </div>
   <div class='ocr_carea' id='block_1_23' title="bbox 1822 854 3391 921">
    <p class='ocr_par' dir='ltr' id='par_1_23' title="bbox 1822 854 3391 921">
     <span class='ocr_line' id='line_1_23' title="bbox 1822 854 3391 921; baseline -0.002 -11"><span class='ocrx_word' id='word_1_162' title='bbox 1822 856 2052 910; x_wconf 78' lang='lat' dir='ltr'><strong>salutem</strong></span> <span class='ocrx_word' id='word_1_163' title='bbox 2078 854 2389 910; x_wconf 89' lang='lat' dir='ltr'><strong>hominibus</strong></span> <span class='ocrx_word' id='word_1_164' title='bbox 2416 854 2655 909; x_wconf 87' lang='lat' dir='ltr'><strong>allaturi.</strong></span> <span class='ocrx_word' id='word_1_165' title='bbox 2702 854 2977 921; x_wconf 83' lang='lat' dir='ltr'><strong>Quantum</strong></span> <span class='ocrx_word' id='word_1_166' title='bbox 3006 855 3153 909; x_wconf 88' lang='lat' dir='ltr'><strong>enim</strong></span> <span class='ocrx_word' id='word_1_167' title='bbox 3187 855 3239 909; x_wconf 92' lang='lat' dir='ltr'><strong>id</strong></span> <span class='ocrx_word' id='word_1_168' title='bbox 3287 870 3391 908; x_wconf 85' lang='lat' dir='ltr'><strong>non</strong></span> 
     </span>
    </p>
   </div>
   <div class='ocr_carea' id='block_1_24' title="bbox 1821 945 3398 1011">
    <p class='ocr_par' dir='ltr' id='par_1_24' title="bbox 1821 945 3398 1011">
     <span class='ocr_line' id='line_1_24' title="bbox 1821 945 3398 1011; baseline 0.001 -13"><span class='ocrx_word' id='word_1_169' title='bbox 1821 963 1951 1003; x_wconf 83' lang='lat' dir='ltr'><strong>vere</strong></span> <span class='ocrx_word' id='word_1_170' title='bbox 1991 946 2116 1003; x_wconf 81' lang='lat' dir='ltr'><strong>falsi</strong></span> <span class='ocrx_word' id='word_1_171' title='bbox 2157 946 2521 1011; x_wconf 80' lang='lat' dir='ltr'><strong>convincitur,</strong></span> <span class='ocrx_word' id='word_1_172' title='bbox 2545 946 2671 999; x_wconf 86' lang='lat' dir='ltr'><strong>licet</strong></span> <span class='ocrx_word' id='word_1_173' title='bbox 2709 946 2778 1001; x_wconf 90' lang='lat' dir='ltr'><strong>ab</strong></span> <span class='ocrx_word' id='word_1_174' title='bbox 2807 945 3116 1002; x_wconf 88' lang='lat' dir='ltr'><strong>inﬁdelibus</strong></span> <span class='ocrx_word' id='word_1_175' title='bbox 3142 946 3398 1001; x_wconf 82' lang='lat' dir='ltr'><strong>convinci</strong></span> 
     </span>
    </p>
   </div>
   <div class='ocr_carea' id='block_1_25' title="bbox 1824 1037 3400 1109">
    <p class='ocr_par' dir='ltr' id='par_1_25' title="bbox 1824 1037 3400 1109">
     <span class='ocr_line' id='line_1_25' title="bbox 1824 1037 3400 1109; baseline 0.001 -16"><span class='ocrx_word' id='word_1_176' title='bbox 1824 1039 2095 1103; x_wconf 89' lang='lat' dir='ltr'><strong>videatur,</strong></span> <span class='ocrx_word' id='word_1_177' title='bbox 2145 1047 2297 1093; x_wconf 88' lang='lat' dir='ltr'><strong>tanto</strong></span> <span class='ocrx_word' id='word_1_178' title='bbox 2330 1038 2502 1107; x_wconf 82' lang='lat' dir='ltr'><strong>magis</strong></span> <span class='ocrx_word' id='word_1_179' title='bbox 2525 1037 2777 1092; x_wconf 85' lang='lat' dir='ltr'><strong>doctrina</strong></span> <span class='ocrx_word' id='word_1_180' title='bbox 2812 1039 2927 1092; x_wconf 73' lang='lat' dir='ltr'><strong>haec</strong></span> <span class='ocrx_word' id='word_1_181' title='bbox 2965 1047 3223 1109; x_wconf 83' lang='lat' dir='ltr'><strong>tanquam</strong></span> <span class='ocrx_word' id='word_1_182' title='bbox 3265 1040 3400 1094; x_wconf 87' lang='lat' dir='ltr'><strong>Ver-</strong></span> 
     </span>
    </p>
   </div>
   <div class='ocr_carea' id='block_1_26' title="bbox 1820 1128 3402 1200">
    <p class='ocr_par' dir='ltr' id='par_1_26' title="bbox 1820 1128 3402 1200">
     <span class='ocr_line' id='line_1_26' title="bbox 1820 1128 3402 1200; baseline -0.004 -12"><span class='ocrx_word' id='word_1_183' title='bbox 1820 1133 1946 1188; x_wconf 90' lang='lat' dir='ltr'><strong>bum</strong></span> <span class='ocrx_word' id='word_1_184' title='bbox 1977 1131 2069 1187; x_wconf 86' lang='lat' dir='ltr'><strong>Dei</strong></span> <span class='ocrx_word' id='word_1_185' title='bbox 2095 1131 2477 1195; x_wconf 89' lang='lat' dir='ltr'><strong>conﬁrmatur,</strong></span> <span class='ocrx_word' id='word_1_186' title='bbox 2519 1128 2791 1200; x_wconf 74' lang='lat' dir='ltr'><strong>Jesusqne</strong></span> <span class='ocrx_word' id='word_1_187' title='bbox 2834 1130 2927 1185; x_wconf 85' lang='lat' dir='ltr'><strong>Dei</strong></span> <span class='ocrx_word' id='word_1_188' title='bbox 2968 1144 3090 1184; x_wconf 86' lang='lat' dir='ltr'><strong>esse</strong></span> <span class='ocrx_word' id='word_1_189' title='bbox 3121 1130 3292 1184; x_wconf 82' lang='lat' dir='ltr'><strong>Filius</strong></span> <span class='ocrx_word' id='word_1_190' title='bbox 3342 1135 3402 1184; x_wconf 89' lang='lat' dir='ltr'><strong>et</strong></span> 
     </span>
    </p>
   </div>
   <div class='ocr_carea' id='block_1_27' title="bbox 1820 1220 3397 1293">
    <p class='ocr_par' dir='ltr' id='par_1_27' title="bbox 1820 1220 3397 1293">
     <span class='ocr_line' id='line_1_27' title="bbox 1820 1220 3397 1293; baseline -0.003 -16"><span class='ocrx_word' id='word_1_191' title='bbox 1820 1235 2111 1293; x_wconf 84' lang='lat' dir='ltr'><strong>antequam</strong></span> <span class='ocrx_word' id='word_1_192' title='bbox 2145 1225 2308 1279; x_wconf 90' lang='lat' dir='ltr'><strong>homo</strong></span> <span class='ocrx_word' id='word_1_193' title='bbox 2362 1220 2541 1288; x_wconf 87' lang='lat' dir='ltr'><strong>ﬁeret,</strong></span> <span class='ocrx_word' id='word_1_194' title='bbox 2593 1230 2644 1276; x_wconf 91' lang='lat' dir='ltr'><strong>et</strong></span> <span class='ocrx_word' id='word_1_195' title='bbox 2676 1231 2963 1290; x_wconf 84' lang='lat' dir='ltr'><strong>postquam</strong></span> <span class='ocrx_word' id='word_1_196' title='bbox 3010 1222 3171 1275; x_wconf 90' lang='lat' dir='ltr'><strong>homo</strong></span> <span class='ocrx_word' id='word_1_197' title='bbox 3219 1221 3397 1274; x_wconf 83' lang='lat' dir='ltr'><strong>factus</strong></span> 
     </span>
    </p>
   </div>
   <div class='ocr_carea' id='block_1_28' title="bbox 1818 1311 3397 1385">
    <p class='ocr_par' dir='ltr' id='par_1_28' title="bbox 1818 1311 3397 1385">
     <span class='ocr_line' id='line_1_28' title="bbox 1818 1311 3397 1385; baseline -0.004 -14"><span class='ocrx_word' id='word_1_198' title='bbox 1818 1326 1922 1384; x_wconf 79' lang='lat' dir='ltr'><strong>est;</strong></span> <span class='ocrx_word' id='word_1_199' title='bbox 1949 1316 2376 1371; x_wconf 85' lang='lat' dir='ltr'><strong>demonstratur.</strong></span> <span class='ocrx_word' id='word_1_200' title='bbox 2412 1314 2677 1385; x_wconf 89' lang='lat' dir='ltr'><strong>Equidem</strong></span> <span class='ocrx_word' id='word_1_201' title='bbox 2714 1311 3119 1380; x_wconf 81' lang='lat' dir='ltr'><strong>allirmaveritn,</strong></span> <span class='ocrx_word' id='word_1_202' title='bbox 3155 1312 3397 1367; x_wconf 81' lang='lat' dir='ltr'><strong>Verbum</strong></span> 
     </span>
    </p>
   </div>
   <div class='ocr_carea' id='block_1_29' title="bbox 1820 1404 3395 1477">
    <p class='ocr_par' dir='ltr' id='par_1_29' title="bbox 1820 1404 3395 1477">
     <span class='ocr_line' id='line_1_29' title="bbox 1820 1404 3395 1477; baseline -0.005 -12"><span class='ocrx_word' id='word_1_203' title='bbox 1820 1411 1921 1465; x_wconf 92' lang='lat' dir='ltr'><strong>hoc</strong></span> <span class='ocrx_word' id='word_1_204' title='bbox 1948 1408 2320 1477; x_wconf 77' lang='lat' dir='ltr'><strong>dignissimum</strong></span> <span class='ocrx_word' id='word_1_205' title='bbox 2361 1407 2471 1463; x_wconf 89' lang='lat' dir='ltr'><strong>Deo</strong></span> <span class='ocrx_word' id='word_1_206' title='bbox 2503 1408 2736 1462; x_wconf 88' lang='lat' dir='ltr'><strong>inveniri</strong></span> <span class='ocrx_word' id='word_1_207' title='bbox 2768 1407 2938 1461; x_wconf 83' lang='lat' dir='ltr'><strong>etiam</strong></span> <span class='ocrx_word' id='word_1_208' title='bbox 2982 1416 3104 1476; x_wconf 87' lang='lat' dir='ltr'><strong>post</strong></span> <span class='ocrx_word' id='word_1_209' title='bbox 3136 1404 3395 1459; x_wconf 86' lang='lat' dir='ltr'><strong>incarna-</strong></span> 
     </span>
    </p>
   </div>
   <div class='ocr_carea' id='block_1_30' title="bbox 1821 1496 3400 1567">
    <p class='ocr_par' dir='ltr' id='par_1_30' title="bbox 1821 1496 3400 1567">
     <span class='ocr_line' id='line_1_30' title="bbox 1821 1496 3400 1567; baseline -0.003 -14"><span class='ocrx_word' id='word_1_210' title='bbox 1821 1503 2021 1555; x_wconf 87' lang='lat' dir='ltr'><strong>tionem</strong></span> <span class='ocrx_word' id='word_1_211' title='bbox 2049 1500 2116 1554; x_wconf 87' lang='lat' dir='ltr'><strong>ab</strong></span> <span class='ocrx_word' id='word_1_212' title='bbox 2156 1498 2222 1554; x_wconf 90' lang='lat' dir='ltr'><strong>iis</strong></span> <span class='ocrx_word' id='word_1_213' title='bbox 2250 1499 2341 1567; x_wconf 90' lang='lat' dir='ltr'><strong>qui</strong></span> <span class='ocrx_word' id='word_1_214' title='bbox 2364 1499 2555 1553; x_wconf 84' lang='lat' dir='ltr'><strong>oculos</strong></span> <span class='ocrx_word' id='word_1_215' title='bbox 2578 1501 2776 1553; x_wconf 78' lang='lat' dir='ltr'><strong>anima:</strong></span> <span class='ocrx_word' id='word_1_216' title='bbox 2813 1498 3015 1553; x_wconf 84' lang='lat' dir='ltr'><strong>habent</strong></span> <span class='ocrx_word' id='word_1_217' title='bbox 3036 1496 3400 1567; x_wconf 76' lang='lat' dir='ltr'><strong>perSpicacis-</strong></span> 
     </span>
    </p>
   </div>
   <div class='ocr_carea' id='block_1_31' title="bbox 1819 1589 3397 1657">
    <p class='ocr_par' dir='ltr' id='par_1_31' title="bbox 1819 1589 3397 1657">
     <span class='ocr_line' id='line_1_31' title="bbox 1819 1589 3397 1657; baseline -0.004 -10"><span class='ocrx_word' id='word_1_218' title='bbox 1819 1594 2009 1657; x_wconf 88' lang='lat' dir='ltr'><strong>simos,</strong></span> <span class='ocrx_word' id='word_1_219' title='bbox 2038 1600 2094 1646; x_wconf 91' lang='lat' dir='ltr'><strong>et</strong></span> <span class='ocrx_word' id='word_1_220' title='bbox 2129 1604 2256 1646; x_wconf 86' lang='lat' dir='ltr'><strong>vere</strong></span> <span class='ocrx_word' id='word_1_221' title='bbox 2284 1605 2314 1645; x_wconf 87' lang='lat' dir='ltr'><strong>a</strong></span> <span class='ocrx_word' id='word_1_222' title='bbox 2340 1590 2449 1645; x_wconf 88' lang='lat' dir='ltr'><strong>Deo</strong></span> <span class='ocrx_word' id='word_1_223' title='bbox 2472 1590 2539 1643; x_wconf 89' lang='lat' dir='ltr'><strong>ad</strong></span> <span class='ocrx_word' id='word_1_224' title='bbox 2573 1606 2673 1645; x_wconf 89' lang='lat' dir='ltr'><strong>nos</strong></span> <span class='ocrx_word' id='word_1_225' title='bbox 2702 1591 2941 1655; x_wconf 82' lang='lat' dir='ltr'><strong>venisse,</strong></span> <span class='ocrx_word' id='word_1_226' title='bbox 2974 1598 3029 1645; x_wconf 89' lang='lat' dir='ltr'><strong>et</strong></span> <span class='ocrx_word' id='word_1_227' title='bbox 3060 1590 3128 1643; x_wconf 91' lang='lat' dir='ltr'><strong>ab</strong></span> <span class='ocrx_word' id='word_1_228' title='bbox 3152 1589 3397 1642; x_wconf 83' lang='lat' dir='ltr'><strong>humana</strong></span> 
     </span>
    </p>
   </div>
   <div class='ocr_carea' id='block_1_32' title="bbox 1818 1680 3396 1755">
    <p class='ocr_par' dir='ltr' id='par_1_32' title="bbox 1818 1680 3396 1755">
     <span class='ocr_line' id='line_1_32' title="bbox 1818 1680 3396 1755; baseline -0.003 -17"><span class='ocrx_word' id='word_1_229' title='bbox 1818 1684 2103 1754; x_wconf 83' lang='lat' dir='ltr'><strong>prudentia</strong></span> <span class='ocrx_word' id='word_1_230' title='bbox 2139 1698 2239 1740; x_wconf 88' lang='lat' dir='ltr'><strong>nec</strong></span> <span class='ocrx_word' id='word_1_231' title='bbox 2267 1683 2534 1753; x_wconf 78' lang='lat' dir='ltr'><strong>originem</strong></span> <span class='ocrx_word' id='word_1_232' title='bbox 2585 1697 2686 1737; x_wconf 88' lang='lat' dir='ltr'><strong>nec</strong></span> <span class='ocrx_word' id='word_1_233' title='bbox 2718 1696 3043 1753; x_wconf 75' lang='lat' dir='ltr'><strong>progressus</strong></span> <span class='ocrx_word' id='word_1_234' title='bbox 3089 1680 3396 1755; x_wconf 80' lang='lat' dir='ltr'><strong>accepisse,</strong></span> 
     </span>
    </p>
   </div>
   <div class='ocr_carea' id='block_1_33' title="bbox 1817 1772 3397 1844">
    <p class='ocr_par' dir='ltr' id='par_1_33' title="bbox 1817 1772 3397 1844">
     <span class='ocr_line' id='line_1_33' title="bbox 1817 1772 3397 1844; baseline -0.003 -15"><span class='ocrx_word' id='word_1_235' title='bbox 1817 1776 1910 1830; x_wconf 87' lang='lat' dir='ltr'><strong>sed</strong></span> <span class='ocrx_word' id='word_1_236' title='bbox 1934 1791 1962 1828; x_wconf 87' lang='lat' dir='ltr'><strong>a</strong></span> <span class='ocrx_word' id='word_1_237' title='bbox 1997 1774 2123 1841; x_wconf 85' lang='lat' dir='ltr'><strong>Deo,</strong></span> <span class='ocrx_word' id='word_1_238' title='bbox 2160 1774 2335 1844; x_wconf 88' lang='lat' dir='ltr'><strong>quise</strong></span> <span class='ocrx_word' id='word_1_239' title='bbox 2364 1772 2649 1842; x_wconf 87' lang='lat' dir='ltr'><strong>multiplici</strong></span> <span class='ocrx_word' id='word_1_240' title='bbox 2681 1773 2955 1843; x_wconf 81' lang='lat' dir='ltr'><strong>sapientia</strong></span> <span class='ocrx_word' id='word_1_241' title='bbox 2981 1774 3258 1843; x_wconf 84' lang='lat' dir='ltr'><strong>variisque</strong></span> <span class='ocrx_word' id='word_1_242' title='bbox 3292 1774 3397 1825; x_wconf 76' lang='lat' dir='ltr'><strong>mi-</strong></span> 
     </span>
    </p>
   </div>
   <div class='ocr_carea' id='block_1_34' title="bbox 148 1843 1701 1940">
    <p class='ocr_par' dir='ltr' id='par_1_34' title="bbox 148 1866 1701 1940">
     <span class='ocr_line' id='line_1_34' title="bbox 148 1866 1701 1940; baseline -0.002 -18"><span class='ocrx_word' id='word_1_243' title='bbox 148 1871 239 1922; x_wconf 67' lang='grc' dir='ltr'>ὰπδ</span> <span class='ocrx_word' id='word_1_244' title='bbox 263 1872 350 1940; x_wconf 81' lang='grc' dir='ltr'>τῆς</span> <span class='ocrx_word' id='word_1_245' title='bbox 382 1870 475 1922; x_wconf 75' lang='grc' dir='ltr'>τοῦ</span> <span class='ocrx_word' id='word_1_246' title='bbox 510 1868 651 1921; x_wconf 73' lang='grc' dir='ltr'>Θεοῦ</span> <span class='ocrx_word' id='word_1_247' title='bbox 674 1868 1019 1937; x_wconf 77' lang='grc' dir='ltr'>ἐπιφανείας,</span> <span class='ocrx_word' id='word_1_248' title='bbox 1046 1866 1265 1939; x_wconf 81' lang='grc' dir='ltr'>ποικίλῃ</span> <span class='ocrx_word' id='word_1_249' title='bbox 1293 1866 1452 1936; x_wconf 63' lang='grc' dir='ltr'>σοφία</span> <span class='ocrx_word' id='word_1_250' title='bbox 1486 1866 1580 1919; x_wconf 79' lang='grc' dir='ltr'><strong>καὶ</strong></span> <span class='ocrx_word' id='word_1_251' title='bbox 1605 1884 1701 1919; x_wconf 86' lang='grc' dir='ltr'>ποι-</span> 
     </span>
    </p>
   </div>
   <div class='ocr_carea' id='block_1_35' title="bbox 1810 1843 3397 1940">
    <p class='ocr_par' dir='ltr' id='par_1_35' title="bbox 1820 1863 3397 1934">
     <span class='ocr_line' id='line_1_35' title="bbox 1820 1863 3397 1934; baseline -0.002 -16"><span class='ocrx_word' id='word_1_252' title='bbox 1820 1866 2019 1921; x_wconf 86' lang='lat' dir='ltr'><strong>racnlis</strong></span> <span class='ocrx_word' id='word_1_253' title='bbox 2078 1864 2433 1920; x_wconf 83' lang='lat' dir='ltr'><strong>manifestans</strong></span> <span class='ocrx_word' id='word_1_254' title='bbox 2483 1864 2717 1934; x_wconf 88' lang='lat' dir='ltr'><strong>primum</strong></span> <span class='ocrx_word' id='word_1_255' title='bbox 2772 1865 2991 1933; x_wconf 90' lang='lat' dir='ltr'><strong>quidem</strong></span> <span class='ocrx_word' id='word_1_256' title='bbox 3028 1863 3397 1927; x_wconf 79' lang='lat' dir='ltr'><strong>Judaismum,</strong></span> 
     </span>
    </p>
   </div>
   <div class='ocr_carea' id='block_1_36' title="bbox 145 1960 1710 2033">
    <p class='ocr_par' dir='ltr' id='par_1_36' title="bbox 145 1960 1710 2033">
     <span class='ocr_line' id='line_1_36' title="bbox 145 1960 1710 2033; baseline -0.001 -18"><span class='ocrx_word' id='word_1_257' title='bbox 145 1962 297 2025; x_wconf 80' lang='grc' dir='ltr'>κίλαις</span> <span class='ocrx_word' id='word_1_258' title='bbox 323 1962 585 2033; x_wconf 80' lang='grc' dir='ltr'>δυνάμεσι</span> <span class='ocrx_word' id='word_1_259' title='bbox 627 1962 991 2032; x_wconf 75' lang='grc' dir='ltr'>συστήσαντος</span> <span class='ocrx_word' id='word_1_260' title='bbox 1022 1960 1282 2031; x_wconf 81' lang='grc' dir='ltr'>πρότερον</span> <span class='ocrx_word' id='word_1_261' title='bbox 1321 1962 1419 2030; x_wconf 79' lang='grc' dir='ltr'><strong>μὲν</strong></span> <span class='ocrx_word' id='word_1_262' title='bbox 1438 1960 1532 2013; x_wconf 78' lang='grc' dir='ltr'><strong>τὸν</strong></span> <span class='ocrx_word' id='word_1_263' title='bbox 1578 1960 1710 2013; x_wconf 84' lang='grc' dir='ltr'>Ἰου-</span> 
     </span>
    </p>
   </div>
   <div class='ocr_carea' id='block_1_37' title="bbox 145 2051 1708 2125">
    <p class='ocr_par' dir='ltr' id='par_1_37' title="bbox 145 2051 1708 2125">
     <span class='ocr_line' id='line_1_37' title="bbox 145 2051 1708 2125; baseline -0.002 -18"><span class='ocrx_word' id='word_1_264' title='bbox 145 2054 358 2125; x_wconf 73' lang='grc' dir='ltr'>δαῖσμὸν,</span> <span class='ocrx_word' id='word_1_265' title='bbox 400 2053 543 2125; x_wconf 78' lang='grc' dir='ltr'>μετὰ</span> <span class='ocrx_word' id='word_1_266' title='bbox 574 2053 620 2106; x_wconf 76' lang='grc' dir='ltr'>δ’</span> <span class='ocrx_word' id='word_1_267' title='bbox 656 2053 817 2107; x_wconf 75' lang='grc' dir='ltr'>αὐτὸν</span> <span class='ocrx_word' id='word_1_268' title='bbox 852 2052 941 2106; x_wconf 78' lang='grc' dir='ltr'><strong>τὸν</strong></span> <span class='ocrx_word' id='word_1_269' title='bbox 982 2052 1428 2123; x_wconf 53' lang='grc' dir='ltr'><strong>Χριστιανισιιόν⁸</strong></span> <span class='ocrx_word' id='word_1_270' title='bbox 1466 2051 1708 2125; x_wconf 70' lang='grc' dir='ltr'>ἠλέγχθη</span> 
     </span>
    </p>
   </div>
   <div class='ocr_carea' id='block_1_38' title="bbox 146 2144 1712 2217">
    <p class='ocr_par' dir='ltr' id='par_1_38' title="bbox 146 2144 1712 2217">
     <span class='ocr_line' id='line_1_38' title="bbox 146 2144 1712 2217; baseline 0.001 -17"><span class='ocrx_word' id='word_1_271' title='bbox 146 2149 190 2200; x_wconf 75' lang='lat'><strong>6‘:</strong></span> <span class='ocrx_word' id='word_1_272' title='bbox 216 2147 300 2200; x_wconf 73' lang='grc' dir='ltr'>καὶ</span> <span class='ocrx_word' id='word_1_273' title='bbox 336 2147 393 2200; x_wconf 79' lang='grc' dir='ltr'>τὸ</span> <span class='ocrx_word' id='word_1_274' title='bbox 426 2148 621 2200; x_wconf 78' lang='grc' dir='ltr'>στάσιν</span> <span class='ocrx_word' id='word_1_275' title='bbox 648 2145 964 2216; x_wconf 80' lang='grc' dir='ltr'>νομίζεσθαι</span> <span class='ocrx_word' id='word_1_276' title='bbox 996 2146 1091 2199; x_wconf 77' lang='grc' dir='ltr'><strong>καὶ</strong></span> <span class='ocrx_word' id='word_1_277' title='bbox 1134 2144 1230 2217; x_wconf 80' lang='grc' dir='ltr'>τὴν</span> <span class='ocrx_word' id='word_1_278' title='bbox 1264 2145 1350 2199; x_wconf 73' lang='grc' dir='ltr'><strong>διὰ</strong></span> <span class='ocrx_word' id='word_1_279' title='bbox 1380 2146 1477 2216; x_wconf 80' lang='grc' dir='ltr'><strong>τὴν</strong></span> <span class='ocrx_word' id='word_1_280' title='bbox 1524 2148 1712 2201; x_wconf 81' lang='grc' dir='ltr'>στάσιν</span> 
     </span>
    </p>
   </div>
   <div class='ocr_carea' id='block_1_39' title="bbox 144 2233 1712 2310">
    <p class='ocr_par' dir='ltr' id='par_1_39' title="bbox 144 2233 1712 2310">
     <span class='ocr_line' id='line_1_39' title="bbox 144 2233 1712 2310; baseline 0.002 -19"><span class='ocrx_word' id='word_1_281' title='bbox 144 2240 379 2307; x_wconf 62' lang='grc' dir='ltr'>ὠφέλειαν</span> <span class='ocrx_word' id='word_1_282' title='bbox 403 2240 584 2310; x_wconf 81' lang='grc' dir='ltr'>ἀρχὴν</span> <span class='ocrx_word' id='word_1_283' title='bbox 614 2233 757 2292; x_wconf 81' lang='grc' dir='ltr'>εἶναι</span> <span class='ocrx_word' id='word_1_284' title='bbox 782 2237 860 2308; x_wconf 79' lang='grc' dir='ltr'>τῷ</span> <span class='ocrx_word' id='word_1_285' title='bbox 882 2237 1166 2301; x_wconf 74' lang='grc' dir='ltr'>τοσούτους</span> <span class='ocrx_word' id='word_1_286' title='bbox 1203 2238 1593 2309; x_wconf 67' lang='grc' dir='ltr'>ἐπιστρέψαντι</span> <span class='ocrx_word' id='word_1_287' title='bbox 1618 2240 1712 2294; x_wconf 76' lang='grc' dir='ltr'><strong>καὶ</strong></span> 
     </span>
    </p>
   </div>
   <div class='ocr_carea' id='block_1_40' title="bbox 147 2330 664 2401">
    <p class='ocr_par' dir='ltr' id='par_1_40' title="bbox 147 2330 664 2401">
     <span class='ocr_line' id='line_1_40' title="bbox 147 2330 664 2401; baseline -0.004 -18"><span class='ocrx_word' id='word_1_288' title='bbox 147 2330 310 2399; x_wconf 74' lang='grc' dir='ltr'>βελτιώ</span> <span class='ocrx_word' id='word_1_289' title='bbox 318 2349 467 2384; x_wconf 71' lang='grc' dir='ltr'>σαντί</span> <span class='ocrx_word' id='word_1_290' title='bbox 494 2331 664 2401; x_wconf 81' lang='grc' dir='ltr'>λόγῳ.</span> 
     </span>
    </p>
   </div>
   <div class='ocr_carea' id='block_1_41' title="bbox 203 2421 1712 2493">
    <p class='ocr_par' dir='ltr' id='par_1_41' title="bbox 203 2421 1712 2493">
     <span class='ocr_line' id='line_1_41' title="bbox 203 2421 1712 2493; baseline -0.002 -17"><span class='ocrx_word' id='word_1_291' title='bbox 203 2425 311 2476; x_wconf 84' lang='grc' dir='ltr'><strong>Ὅτι</strong></span> <span class='ocrx_word' id='word_1_292' title='bbox 335 2424 390 2477; x_wconf 76' lang='grc' dir='ltr'>δὲ</span> <span class='ocrx_word' id='word_1_293' title='bbox 417 2423 545 2476; x_wconf 79' lang='grc' dir='ltr'>οὐδὲ</span> <span class='ocrx_word' id='word_1_294' title='bbox 580 2422 642 2475; x_wconf 79' lang='grc' dir='ltr'><strong>τδ</strong></span> <span class='ocrx_word' id='word_1_295' title='bbox 674 2421 781 2475; x_wconf 82' lang='grc' dir='ltr'><strong>τῶν</strong></span> <span class='ocrx_word' id='word_1_296' title='bbox 809 2421 1004 2487; x_wconf 77' lang='grc' dir='ltr'>ἔξωθεν</span> <span class='ocrx_word' id='word_1_297' title='bbox 1035 2421 1152 2485; x_wconf 87' lang='grc' dir='ltr'>δέος</span> <span class='ocrx_word' id='word_1_298' title='bbox 1179 2422 1241 2475; x_wconf 79' lang='grc' dir='ltr'>τὸ</span> <span class='ocrx_word' id='word_1_299' title='bbox 1273 2421 1520 2493; x_wconf 77' lang='grc' dir='ltr'>σύνθημα</span> <span class='ocrx_word' id='word_1_300' title='bbox 1552 2421 1712 2492; x_wconf 76' lang='grc' dir='ltr'><strong>ἡμῶν</strong></span> 
     </span>
    </p>
   </div>
   <div class='ocr_carea' id='block_1_42' title="bbox 144 2512 1706 2588">
    <p class='ocr_par' dir='ltr' id='par_1_42' title="bbox 144 2512 1706 2588">
     <span class='ocr_line' id='line_1_42' title="bbox 144 2512 1706 2588; baseline -0.003 -19"><span class='ocrx_word' id='word_1_301' title='bbox 144 2516 408 2587; x_wconf 58' lang='grc' dir='ltr'>δακρατεῖ,</span> <span class='ocrx_word' id='word_1_302' title='bbox 437 2516 602 2588; x_wconf 81' lang='grc' dir='ltr'>δῆλον</span> <span class='ocrx_word' id='word_1_303' title='bbox 620 2518 684 2570; x_wconf 81' lang='grc' dir='ltr'>ὲκ</span> <span class='ocrx_word' id='word_1_304' title='bbox 719 2516 812 2570; x_wconf 76' lang='grc' dir='ltr'>τοῦ</span> <span class='ocrx_word' id='word_1_305' title='bbox 848 2515 1137 2579; x_wconf 72' lang='grc' dir='ltr'>καὶτοῦτο,</span> <span class='ocrx_word' id='word_1_306' title='bbox 1171 2512 1520 2584; x_wconf 78' lang='grc' dir='ltr'>βουληθέντος</span> <span class='ocrx_word' id='word_1_307' title='bbox 1549 2512 1706 2577; x_wconf 80' lang='grc' dir='ltr'>Θεοῦ,</span> 
     </span>
    </p>
   </div>
   <div class='ocr_carea' id='block_1_43' title="bbox 146 2605 1707 2680">
    <p class='ocr_par' dir='ltr' id='par_1_43' title="bbox 146 2605 1707 2680">
     <span class='ocr_line' id='line_1_43' title="bbox 146 2605 1707 2680; baseline -0.001 -20"><span class='ocrx_word' id='word_1_308' title='bbox 146 2609 417 2662; x_wconf 76' lang='grc' dir='ltr'>πεπαῦσθαι</span> <span class='ocrx_word' id='word_1_309' title='bbox 430 2608 536 2679; x_wconf 66' lang='grc' dir='ltr'><strong>ἤδη</strong></span> <span class='ocrx_word' id='word_1_310' title='bbox 556 2609 735 2680; x_wconf 75' lang='grc' dir='ltr'>χρόνῳ</span> <span class='ocrx_word' id='word_1_311' title='bbox 756 2607 977 2661; x_wconf 85' lang='grc' dir='ltr'>πλείονι.</span> <span class='ocrx_word' id='word_1_312' title='bbox 994 2609 1103 2661; x_wconf 74' lang='grc' dir='ltr'>Καὶ</span> <span class='ocrx_word' id='word_1_313' title='bbox 1118 2608 1262 2670; x_wconf 73' lang='grc' dir='ltr'>εἰκὸς</span> <span class='ocrx_word' id='word_1_314' title='bbox 1278 2605 1580 2660; x_wconf 77' lang='grc' dir='ltr'>παύσεσθαι</span> <span class='ocrx_word' id='word_1_315' title='bbox 1596 2605 1707 2677; x_wconf 69' lang='grc'>(84)</span> 
     </span>
    </p>
   </div>
   <div class='ocr_carea' id='block_1_44' title="bbox 145 2698 1710 2773">
    <p class='ocr_par' dir='ltr' id='par_1_44' title="bbox 145 2698 1710 2773">
     <span class='ocr_line' id='line_1_44' title="bbox 145 2698 1710 2773; baseline 0 -22"><span class='ocrx_word' id='word_1_316' title='bbox 145 2700 192 2751; x_wconf 71' lang='grc' dir='ltr'>τὸ</span> <span class='ocrx_word' id='word_1_317' title='bbox 209 2700 273 2764; x_wconf 81' lang='grc' dir='ltr'>ὡς</span> <span class='ocrx_word' id='word_1_318' title='bbox 301 2702 433 2773; x_wconf 70' lang='grc' dir='ltr'>πρὸς</span> <span class='ocrx_word' id='word_1_319' title='bbox 463 2702 558 2755; x_wconf 80' lang='grc' dir='ltr'><strong>τὸν</strong></span> <span class='ocrx_word' id='word_1_320' title='bbox 581 2701 697 2771; x_wconf 72' lang='grc' dir='ltr'>βίον</span> <span class='ocrx_word' id='word_1_321' title='bbox 721 2700 906 2753; x_wconf 73' lang='grc' dir='ltr'>τοῦτον</span> <span class='ocrx_word' id='word_1_322' title='bbox 952 2702 1063 2763; x_wconf 81' lang='grc' dir='ltr'>τοῖς</span> <span class='ocrx_word' id='word_1_323' title='bbox 1094 2699 1403 2752; x_wconf 74' lang='grc' dir='ltr'>πιστεύουσι</span> <span class='ocrx_word' id='word_1_324' title='bbox 1424 2698 1710 2769; x_wconf 76' lang='grc' dir='ltr'>ἐγγενόμε-</span> 
     </span>
    </p>
   </div>
   <div class='ocr_carea' id='block_1_45' title="bbox 145 2790 1706 2862">
    <p class='ocr_par' dir='ltr' id='par_1_45' title="bbox 145 2790 1706 2862">
     <span class='ocr_line' id='line_1_45' title="bbox 145 2790 1706 2862; baseline -0.001 -19"><span class='ocrx_word' id='word_1_325' title='bbox 145 2808 216 2843; x_wconf 82' lang='grc' dir='ltr'><strong>νον</strong></span> <span class='ocrx_word' id='word_1_326' title='bbox 254 2792 421 2856; x_wconf 82' lang='grc' dir='ltr'>ἀδεές·</span> <span class='ocrx_word' id='word_1_327' title='bbox 476 2792 621 2845; x_wconf 73' lang='grc' dir='ltr'>ἐπὰν</span> <span class='ocrx_word' id='word_1_328' title='bbox 665 2792 825 2845; x_wconf 80' lang='grc' dir='ltr'>πάλιν</span> <span class='ocrx_word' id='word_1_329' title='bbox 848 2793 895 2844; x_wconf 86' lang='grc' dir='ltr'><strong>οἰ</strong></span> <span class='ocrx_word' id='word_1_330' title='bbox 926 2790 1087 2844; x_wconf 70' lang='grc' dir='ltr'>παντὶ</span> <span class='ocrx_word' id='word_1_331' title='bbox 1114 2792 1303 2862; x_wconf 85' lang='grc' dir='ltr'>τρόπῳ</span> <span class='ocrx_word' id='word_1_332' title='bbox 1331 2790 1706 2853; x_wconf 75' lang='grc' dir='ltr'>διαϐάλλοντες</span> 
     </span>
    </p>
   </div>
   <div class='ocr_carea' id='block_1_46' title="bbox 144 2876 1704 2954">
    <p class='ocr_par' dir='ltr' id='par_1_46' title="bbox 144 2876 1704 2954">
     <span class='ocr_line' id='line_1_46' title="bbox 144 2876 1704 2954; baseline -0.001 -22"><span class='ocrx_word' id='word_1_333' title='bbox 144 2882 214 2934; x_wconf 75' lang='grc' dir='ltr'>τὸν</span> <span class='ocrx_word' id='word_1_334' title='bbox 236 2881 383 2950; x_wconf 81' lang='grc' dir='ltr'>λόγον</span> <span class='ocrx_word' id='word_1_335' title='bbox 416 2882 519 2954; x_wconf 83' lang='grc' dir='ltr'><strong>τὴν</strong></span> <span class='ocrx_word' id='word_1_336' title='bbox 539 2881 725 2935; x_wconf 78' lang='grc' dir='ltr'>αἰτίαν</span> <span class='ocrx_word' id='word_1_337' title='bbox 740 2881 837 2951; x_wconf 78' lang='grc' dir='ltr'>τῆς</span> <span class='ocrx_word' id='word_1_338' title='bbox 856 2881 949 2932; x_wconf 72' lang='grc' dir='ltr'><strong>ἐπὶ</strong></span> <span class='ocrx_word' id='word_1_339' title='bbox 962 2879 1184 2932; x_wconf 73' lang='grc' dir='ltr'>τοσοῦτο</span> <span class='ocrx_word' id='word_1_340' title='bbox 1211 2880 1305 2931; x_wconf 82' lang='grc' dir='ltr'>νῦν</span> <span class='ocrx_word' id='word_1_341' title='bbox 1331 2880 1572 2942; x_wconf 82' lang='grc' dir='ltr'>στάσεως</span> <span class='ocrx_word' id='word_1_342' title='bbox 1593 2876 1704 2949; x_wconf 82' lang='grc'>(85)</span> 
     </span>
    </p>
   </div>
   <div class='ocr_carea' id='block_1_47' title="bbox 145 2966 1710 3046">
    <p class='ocr_par' dir='ltr' id='par_1_47' title="bbox 145 2966 1710 3046">
     <span class='ocr_line' id='line_1_47' title="bbox 145 2966 1710 3046; baseline -0.001 -21"><span class='ocrx_word' id='word_1_343' title='bbox 145 2976 189 3026; x_wconf 80' lang='grc' dir='ltr'>ἐν</span> <span class='ocrx_word' id='word_1_344' title='bbox 214 2976 394 3046; x_wconf 77' lang='grc' dir='ltr'>πλήθει</span> <span class='ocrx_word' id='word_1_345' title='bbox 432 2974 547 3028; x_wconf 83' lang='grc' dir='ltr'><strong>τῶν</strong></span> <span class='ocrx_word' id='word_1_346' title='bbox 597 2972 965 3027; x_wconf 80' lang='grc' dir='ltr'>πιστευόντων</span> <span class='ocrx_word' id='word_1_347' title='bbox 1008 2971 1300 3042; x_wconf 84' lang='grc' dir='ltr'>νομίσωσιν</span> <span class='ocrx_word' id='word_1_348' title='bbox 1341 2970 1452 3042; x_wconf 84' lang='grc'>(86)</span> <span class='ocrx_word' id='word_1_349' title='bbox 1484 2966 1619 3023; x_wconf 71' lang='grc' dir='ltr'>εἶναι</span> <span class='ocrx_word' id='word_1_350' title='bbox 1649 2970 1710 3023; x_wconf 72' lang='grc' dir='ltr'><strong>ἰν</strong></span> 
     </span>
    </p>
   </div>
   <div class='ocr_carea' id='block_1_48' title="bbox 145 3062 1708 3139">
    <p class='ocr_par' dir='ltr' id='par_1_48' title="bbox 145 3062 1708 3139">
     <span class='ocr_line' id='line_1_48' title="bbox 145 3062 1708 3139; baseline -0.003 -19"><span class='ocrx_word' id='word_1_351' title='bbox 145 3066 206 3137; x_wconf 80' lang='grc' dir='ltr'>τῷ</span> <span class='ocrx_word' id='word_1_352' title='bbox 236 3068 301 3139; x_wconf 79' lang='grc' dir='ltr'><strong>μὴ</strong></span> <span class='ocrx_word' id='word_1_353' title='bbox 322 3066 823 3139; x_wconf 82' lang='grc' dir='ltr'>προσπολεμεῖσθαι</span> <span class='ocrx_word' id='word_1_354' title='bbox 856 3065 1049 3128; x_wconf 73' lang='grc' dir='ltr'>αὐτοὺς</span> <span class='ocrx_word' id='word_1_355' title='bbox 1089 3064 1192 3116; x_wconf 80' lang='grc' dir='ltr'>ὑπὸ</span> <span class='ocrx_word' id='word_1_356' title='bbox 1236 3063 1345 3116; x_wconf 81' lang='grc' dir='ltr'>τῶν</span> <span class='ocrx_word' id='word_1_357' title='bbox 1390 3062 1708 3135; x_wconf 78' lang='grc' dir='ltr'>ἡγουμένων</span> 
     </span>
    </p>
   </div>
   <div class='ocr_carea' id='block_1_49' title="bbox 146 3154 1708 3229">
    <p class='ocr_par' dir='ltr' id='par_1_49' title="bbox 146 3154 1708 3229">
     <span class='ocr_line' id='line_1_49' title="bbox 146 3154 1708 3229; baseline -0.002 -20"><span class='ocrx_word' id='word_1_358' title='bbox 146 3159 315 3228; x_wconf 70' lang='grc' dir='ltr'>ὁμοίως</span> <span class='ocrx_word' id='word_1_359' title='bbox 342 3163 454 3223; x_wconf 83' lang='grc' dir='ltr'>τοῖς</span> <span class='ocrx_word' id='word_1_360' title='bbox 492 3158 665 3212; x_wconf 78' lang='grc' dir='ltr'>πάλαι</span> <span class='ocrx_word' id='word_1_361' title='bbox 708 3157 939 3229; x_wconf 76' lang='grc' dir='ltr'>χρόνοις.</span> <span class='ocrx_word' id='word_1_362' title='bbox 988 3156 1401 3228; x_wconf 77' lang='grc' dir='ltr'>Μεμαθήκαμεν</span> <span class='ocrx_word' id='word_1_363' title='bbox 1448 3156 1556 3227; x_wconf 79' lang='grc' dir='ltr'>γὰρ</span> <span class='ocrx_word' id='word_1_364' title='bbox 1601 3154 1708 3207; x_wconf 76' lang='grc' dir='ltr'>ἀπὸ</span> 
     </span>
    </p>
   </div>
   <div class='ocr_carea' id='block_1_50' title="bbox 148 3247 1705 3323">
    <p class='ocr_par' dir='ltr' id='par_1_50' title="bbox 148 3247 1705 3323">
     <span class='ocr_line' id='line_1_50' title="bbox 148 3247 1705 3323; baseline -0.002 -22"><span class='ocrx_word' id='word_1_365' title='bbox 148 3250 219 3302; x_wconf 69' lang='grc' dir='ltr'>τοῦ</span> <span class='ocrx_word' id='word_1_366' title='bbox 256 3252 405 3321; x_wconf 71' lang='grc' dir='ltr'>λόγου</span> <span class='ocrx_word' id='word_1_367' title='bbox 443 3253 575 3323; x_wconf 81' lang='grc' dir='ltr'><strong>μήτ’</strong></span> <span class='ocrx_word' id='word_1_368' title='bbox 626 3251 685 3304; x_wconf 78' lang='grc' dir='ltr'>ἐν</span> <span class='ocrx_word' id='word_1_369' title='bbox 720 3250 912 3321; x_wconf 71' lang='grc' dir='ltr'>εἰρήνῃ</span> <span class='ocrx_word' id='word_1_370' title='bbox 944 3248 1231 3301; x_wconf 78' lang='grc' dir='ltr'>ἐκλύεσθαι</span> <span class='ocrx_word' id='word_1_371' title='bbox 1280 3248 1374 3301; x_wconf 81' lang='lat' dir='ltr'><strong>xal.</strong></span> <span class='ocrx_word' id='word_1_372' title='bbox 1415 3250 1479 3318; x_wconf 80' lang='grc' dir='ltr'>τῇ</span> <span class='ocrx_word' id='word_1_373' title='bbox 1520 3247 1705 3300; x_wconf 85' lang='grc' dir='ltr'>ἀνέσει</span> 
     </span>
    </p>
   </div>
   <div class='ocr_carea' id='block_1_51' title="bbox 145 3336 1698 3413">
    <p class='ocr_par' dir='ltr' id='par_1_51' title="bbox 145 3336 1698 3413">
     <span class='ocr_line' id='line_1_51' title="bbox 145 3336 1698 3413; baseline -0.003 -18"><span class='ocrx_word' id='word_1_374' title='bbox 145 3343 335 3408; x_wconf 72' lang='grc' dir='ltr'>ἑαυτοὺς</span> <span class='ocrx_word' id='word_1_375' title='bbox 364 3343 690 3405; x_wconf 81' lang='grc' dir='ltr'>ἐπιδιδόναι,</span> <span class='ocrx_word' id='word_1_376' title='bbox 730 3343 854 3413; x_wconf 82' lang='grc' dir='ltr'><strong>μήτ’</strong></span> <span class='ocrx_word' id='word_1_377' title='bbox 876 3343 932 3393; x_wconf 82' lang='grc' dir='ltr'><strong>ὲν</strong></span> <span class='ocrx_word' id='word_1_378' title='bbox 959 3340 1035 3411; x_wconf 81' lang='grc' dir='ltr'><strong>τῷ</strong></span> <span class='ocrx_word' id='word_1_379' title='bbox 1068 3340 1417 3411; x_wconf 82' lang='grc' dir='ltr'>πολεμεῖσθαι</span> <span class='ocrx_word' id='word_1_380' title='bbox 1454 3339 1557 3391; x_wconf 79' lang='grc' dir='ltr'>ὑπὸ</span> <span class='ocrx_word' id='word_1_381' title='bbox 1603 3336 1698 3391; x_wconf 75' lang='grc' dir='ltr'>τοῦ</span> 
     </span>
    </p>
   </div>
   <div class='ocr_carea' id='block_1_52' title="bbox 146 3429 1700 3506">
    <p class='ocr_par' dir='ltr' id='par_1_52' title="bbox 146 3429 1700 3506">
     <span class='ocr_line' id='line_1_52' title="bbox 146 3429 1700 3506; baseline -0.002 -21"><span class='ocrx_word' id='word_1_382' title='bbox 146 3435 319 3506; x_wconf 66' lang='grc' dir='ltr'>κόσμου</span> <span class='ocrx_word' id='word_1_383' title='bbox 352 3438 637 3499; x_wconf 79' lang='grc' dir='ltr'>ὲκκακεῖν,</span> <span class='ocrx_word' id='word_1_384' title='bbox 672 3434 766 3486; x_wconf 70' lang='grc' dir='ltr'>καὶ</span> <span class='ocrx_word' id='word_1_385' title='bbox 793 3433 1124 3502; x_wconf 69' lang='grc' dir='ltr'>ἀφίστασθαι</span> <span class='ocrx_word' id='word_1_386' title='bbox 1158 3433 1256 3504; x_wconf 76' lang='grc' dir='ltr'>τῆς</span> <span class='ocrx_word' id='word_1_387' title='bbox 1294 3431 1429 3502; x_wconf 77' lang='grc' dir='ltr'>πρὸς</span> <span class='ocrx_word' id='word_1_388' title='bbox 1447 3430 1536 3483; x_wconf 80' lang='grc' dir='ltr'><strong>τὸν</strong></span> <span class='ocrx_word' id='word_1_389' title='bbox 1568 3429 1700 3482; x_wconf 80' lang='grc' dir='ltr'>Θεὸν</span> 
     </span>
    </p>
   </div>
   <div class='ocr_carea' id='block_1_53' title="bbox 153 3522 1701 3599">
    <p class='ocr_par' dir='ltr' id='par_1_53' title="bbox 153 3522 1701 3599">
     <span class='ocr_line' id='line_1_53' title="bbox 153 3522 1701 3599; baseline -0.002 -22"><span class='ocrx_word' id='word_1_390' title='bbox 153 3526 235 3578; x_wconf 63' lang='grc' dir='ltr'><strong>,ὢν</strong></span> <span class='ocrx_word' id='word_1_391' title='bbox 260 3528 383 3583; x_wconf 85' lang='grc' dir='ltr'>ὅλων</span> <span class='ocrx_word' id='word_1_392' title='bbox 406 3531 463 3582; x_wconf 82' lang='grc' dir='ltr'><strong>ὲν</strong></span> <span class='ocrx_word' id='word_1_393' title='bbox 484 3523 691 3599; x_wconf 80' lang='grc' dir='ltr'><strong>Ἴησοῦ</strong></span> <span class='ocrx_word' id='word_1_394' title='bbox 724 3525 801 3594; x_wconf 77' lang='grc' dir='ltr'>τῷ</span> <span class='ocrx_word' id='word_1_395' title='bbox 816 3524 1033 3598; x_wconf 79' lang='grc' dir='ltr'>Χριστῷ</span> <span class='ocrx_word' id='word_1_396' title='bbox 1052 3526 1292 3596; x_wconf 79' lang='grc' dir='ltr'>ἀγάπης.</span> <span class='ocrx_word' id='word_1_397' title='bbox 1328 3522 1523 3592; x_wconf 72' lang='grc' dir='ltr'>Σαφῶς</span> <span class='ocrx_word' id='word_1_398' title='bbox 1551 3523 1613 3593; x_wconf 83' lang='grc' dir='ltr'>δὴ</span> <span class='ocrx_word' id='word_1_399' title='bbox 1640 3524 1701 3575; x_wconf 77' lang='grc' dir='ltr'><strong>τὸ</strong></span> 
     </span>
    </p>
   </div>
   <div class='ocr_carea' id='block_1_54' title="bbox 210 3700 1701 3774">
    <p class='ocr_par' dir='ltr' id='par_1_54' title="bbox 210 3700 1701 3774">
     <span class='ocr_line' id='line_1_54' title="bbox 210 3700 1701 3774; baseline -0.003 -16"><span class='ocrx_word' id='word_1_400' title='bbox 210 3704 304 3774; x_wconf 69' lang='lat'><strong>(82)</strong></span> <span class='ocrx_word' id='word_1_401' title='bbox 334 3705 507 3759; x_wconf 83' lang='lat' dir='ltr'><strong>Codd.</strong></span> <span class='ocrx_word' id='word_1_402' title='bbox 541 3702 770 3770; x_wconf 72' lang='lat' dir='ltr'><strong>Regius,</strong></span> <span class='ocrx_word' id='word_1_403' title='bbox 818 3700 1145 3774; x_wconf 85' lang='lat' dir='ltr'><strong>Basilcensis</strong></span> <span class='ocrx_word' id='word_1_404' title='bbox 1171 3711 1224 3755; x_wconf 90' lang='lat' dir='ltr'><strong>et</strong></span> <span class='ocrx_word' id='word_1_405' title='bbox 1246 3705 1362 3757; x_wconf 89' lang='lat' dir='ltr'><strong>&#39;duo</strong></span> <span class='ocrx_word' id='word_1_406' title='bbox 1389 3702 1701 3774; x_wconf 50' lang='lat' dir='ltr'><strong>anglicani.</strong></span> 
     </span>
    </p>
   </div>
   <div class='ocr_carea' id='block_1_55' title="bbox 147 3771 1703 3844">
    <p class='ocr_par' dir='ltr' id='par_1_55' title="bbox 147 3771 1703 3844">
     <span class='ocr_line' id='line_1_55' title="bbox 147 3771 1703 3844; baseline 0 -17"><span class='ocrx_word' id='word_1_407' title='bbox 147 3771 297 3843; x_wconf 63' lang='grc' dir='ltr'>ἡμῶν,</span> <span class='ocrx_word' id='word_1_408' title='bbox 334 3778 463 3829; x_wconf 88' lang='lat' dir='ltr'><strong>libb.</strong></span> <span class='ocrx_word' id='word_1_409' title='bbox 490 3776 682 3844; x_wconf 77' lang='lat' dir='ltr'><strong>excusi</strong></span> <span class='ocrx_word' id='word_1_410' title='bbox 715 3773 1144 3844; x_wconf 80' lang='lat' dir='ltr'><strong>ad_margineut,</strong></span> <span class='ocrx_word' id='word_1_411' title='bbox 1178 3774 1350 3844; x_wconf 83' lang='grc' dir='ltr'>ὑμῶν.</span> <span class='ocrx_word' id='word_1_412' title='bbox 1388 3771 1553 3844; x_wconf 83' lang='lat' dir='ltr'><strong>Paulo</strong></span> <span class='ocrx_word' id='word_1_413' title='bbox 1583 3784 1703 3840; x_wconf 84' lang='lat' dir='ltr'><strong>post.</strong></span> 
     </span>
    </p>
   </div>
   <div class='ocr_carea' id='block_1_56' title="bbox 147 3842 1697 3913">
    <p class='ocr_par' dir='ltr' id='par_1_56' title="bbox 147 3842 1697 3913">
     <span class='ocr_line' id='line_1_56' title="bbox 147 3842 1697 3913; baseline 0.001 -16"><span class='ocrx_word' id='word_1_414' title='bbox 147 3842 304 3900; x_wconf 83' lang='lat' dir='ltr'><strong>omnes</strong></span> <span class='ocrx_word' id='word_1_415' title='bbox 318 3862 469 3906; x_wconf 69' lang='grc' dir='ltr'>ωδε..</span> <span class='ocrx_word' id='word_1_416' title='bbox 488 3843 592 3897; x_wconf 79' lang='grc' dir='ltr'><strong>κᾶν</strong></span> <span class='ocrx_word' id='word_1_417' title='bbox 609 3842 945 3913; x_wconf 15' lang='grc' dir='ltr'><strong>δοκῄνιλίιώε</strong></span> <span class='ocrx_word' id='word_1_418' title='bbox 960 3844 1143 3897; x_wconf 82' lang='lat' dir='ltr'><strong>excusi</strong></span> <span class='ocrx_word' id='word_1_419' title='bbox 1167 3842 1226 3897; x_wconf 82' lang='lat' dir='ltr'><strong>iu</strong></span> <span class='ocrx_word' id='word_1_420' title='bbox 1240 3857 1407 3901; x_wconf 81' lang='lat' dir='ltr'><strong>textu.</strong></span> <span class='ocrx_word' id='word_1_421' title='bbox 1427 3844 1520 3896; x_wconf 76' lang='grc' dir='ltr'>καὶ</span> <span class='ocrx_word' id='word_1_422' title='bbox 1534 3843 1697 3898; x_wconf 77' lang='grc' dir='ltr'>δοκεῖ.</span> 
     </span>
    </p>
   </div>
   <div class='ocr_carea' id='block_1_57' title="bbox 206 3912 1698 3988">
    <p class='ocr_par' dir='ltr' id='par_1_57' title="bbox 206 3912 1698 3988">
     <span class='ocr_line' id='line_1_57' title="bbox 206 3912 1698 3988; baseline -0.003 -18"><span class='ocrx_word' id='word_1_423' title='bbox 206 3914 299 3988; x_wconf 67' lang='lat'><strong>(83)</strong></span> <span class='ocrx_word' id='word_1_424' title='bbox 352 3914 688 3988; x_wconf 66' lang='grc' dir='ltr'>Συνέσεως.</span> <span class='ocrx_word' id='word_1_425' title='bbox 736 3912 898 3967; x_wconf 87' lang='lat' dir='ltr'><strong>Forte</strong></span> <span class='ocrx_word' id='word_1_426' title='bbox 936 3912 1220 3988; x_wconf 78' lang='lat' dir='ltr'><strong>legendum</strong></span> <span class='ocrx_word' id='word_1_427' title='bbox 1264 3913 1582 3988; x_wconf 76' lang='grc' dir='ltr'>συνθέσεως</span> <span class='ocrx_word' id='word_1_428' title='bbox 1618 3914 1698 3988; x_wconf 71' lang='lat' dir='ltr'><strong>vel</strong></span> 
     </span>
    </p>
   </div>
   <div class='ocr_carea' id='block_1_58' title="bbox 146 3984 1692 4053">
    <p class='ocr_par' dir='ltr' id='par_1_58' title="bbox 146 3984 1692 4053">
     <span class='ocr_line' id='line_1_58' title="bbox 146 3984 1692 4053; baseline 0.001 -18"><span class='ocrx_word' id='word_1_429' title='bbox 146 3984 440 4049; x_wconf 63' lang='grc' dir='ltr'>ὑποθέσεως.</span> <span class='ocrx_word' id='word_1_430' title='bbox 490 3985 640 4037; x_wconf 77' lang='lat' dir='ltr'><strong>Nihil</strong></span> <span class='ocrx_word' id='word_1_431' title='bbox 676 3995 857 4037; x_wconf 78' lang='lat' dir='ltr'><strong>tamen</strong></span> <span class='ocrx_word' id='word_1_432' title='bbox 892 3984 1221 4053; x_wconf 88' lang='lat' dir='ltr'><strong>mutavimus</strong></span> <span class='ocrx_word' id='word_1_433' title='bbox 1263 3985 1692 4053; x_wconf 85' lang='lat' dir='ltr'><strong>interpretando.</strong></span> 
     </span>
    </p>
   </div>
   <div class='ocr_carea' id='block_1_59' title="bbox 207 4052 1696 4127">
    <p class='ocr_par' dir='ltr' id='par_1_59' title="bbox 207 4052 1696 4127">
     <span class='ocr_line' id='line_1_59' title="bbox 207 4052 1696 4127; baseline -0.002 -18"><span class='ocrx_word' id='word_1_434' title='bbox 207 4057 698 4127; x_wconf 64' lang='lat' dir='ltr'><strong>(85)ch§0’80&#39;6aa.</strong></span> <span class='ocrx_word' id='word_1_435' title='bbox 734 4053 810 4106; x_wconf 87' lang='lat' dir='ltr'><strong>Ita</strong></span> <span class='ocrx_word' id='word_1_436' title='bbox 867 4053 1088 4127; x_wconf 72' lang='lat' dir='ltr'><strong>Regius,</strong></span> <span class='ocrx_word' id='word_1_437' title='bbox 1120 4052 1465 4127; x_wconf 76' lang='lat' dir='ltr'><strong>Basileensis</strong></span> <span class='ocrx_word' id='word_1_438' title='bbox 1488 4063 1543 4106; x_wconf 91' lang='lat' dir='ltr'><strong>et</strong></span> <span class='ocrx_word' id='word_1_439' title='bbox 1589 4055 1696 4127; x_wconf 80' lang='lat' dir='ltr'><strong>duo</strong></span> 
     </span>
    </p>
   </div>
   <div class='ocr_carea' id='block_1_60' title="bbox 150 4122 1696 4195">
    <p class='ocr_par' dir='ltr' id='par_1_60' title="bbox 150 4122 1696 4195">
     <span class='ocr_line' id='line_1_60' title="bbox 150 4122 1696 4195; baseline -0.003 -14"><span class='ocrx_word' id='word_1_440' title='bbox 150 4122 420 4195; x_wconf 71' lang='lat' dir='ltr'><strong>Anglicani,</strong></span> <span class='ocrx_word' id='word_1_441' title='bbox 476 4127 690 4181; x_wconf 85' lang='lat' dir='ltr'><strong>rectius</strong></span> <span class='ocrx_word' id='word_1_442' title='bbox 739 4138 901 4191; x_wconf 80' lang='lat' dir='ltr'><strong>quant</strong></span> <span class='ocrx_word' id='word_1_443' title='bbox 934 4124 1065 4195; x_wconf 79' lang='lat' dir='ltr'><strong>libb.</strong></span> <span class='ocrx_word' id='word_1_444' title='bbox 1104 4126 1327 4195; x_wconf 70' lang='lat' dir='ltr'><strong>excusi,</strong></span> <span class='ocrx_word' id='word_1_445' title='bbox 1358 4122 1696 4195; x_wconf 60' lang='grc' dir='ltr'>παρσασθαι.</span> 
     </span>
    </p>
   </div>
   <div class='ocr_carea' id='block_1_61' title="bbox 148 4192 1697 4268">
    <p class='ocr_par' dir='ltr' id='par_1_61' title="bbox 148 4192 1697 4268">
     <span class='ocr_line' id='line_1_61' title="bbox 148 4192 1697 4268; baseline -0.001 -21"><span class='ocrx_word' id='word_1_446' title='bbox 148 4192 287 4252; x_wconf 76' lang='lat' dir='ltr'><strong>Paulo</strong></span> <span class='ocrx_word' id='word_1_447' title='bbox 313 4209 421 4268; x_wconf 87' lang='lat' dir='ltr'><strong>post</strong></span> <span class='ocrx_word' id='word_1_448' title='bbox 449 4212 647 4268; x_wconf 79' lang='lat' dir='ltr'><strong>omnes</strong></span> <span class='ocrx_word' id='word_1_449' title='bbox 673 4211 825 4268; x_wconf 60' lang='lat' dir='ltr'><strong>mss,</strong></span> <span class='ocrx_word' id='word_1_450' title='bbox 859 4192 1036 4268; x_wconf 69' lang='grc' dir='ltr'>αἰτίαν</span> <span class='ocrx_word' id='word_1_451' title='bbox 1068 4193 1167 4262; x_wconf 77' lang='grc' dir='ltr'>τῆς</span> <span class='ocrx_word' id='word_1_452' title='bbox 1188 4194 1279 4246; x_wconf 76' lang='grc' dir='ltr'><strong>ἐπὶ</strong></span> <span class='ocrx_word' id='word_1_453' title='bbox 1303 4192 1541 4247; x_wconf 79' lang='grc' dir='ltr'>τοσοῦτο.</span> <span class='ocrx_word' id='word_1_454' title='bbox 1590 4193 1697 4247; x_wconf 85' lang='lat' dir='ltr'><strong>lm—</strong></span> 
     </span>
    </p>
   </div>
   <div class='ocr_carea' id='block_1_62' title="bbox 149 4263 1027 4334">
    <p class='ocr_par' dir='ltr' id='par_1_62' title="bbox 149 4263 1027 4334">
     <span class='ocr_line' id='line_1_62' title="bbox 149 4263 1027 4334; baseline -0.002 -18"><span class='ocrx_word' id='word_1_455' title='bbox 149 4263 324 4334; x_wconf 48' lang='lat' dir='ltr'><strong>pressi;</strong></span> <span class='ocrx_word' id='word_1_456' title='bbox 352 4268 528 4320; x_wconf 72' lang='grc' dir='ltr'>αἰτίαν</span> <span class='ocrx_word' id='word_1_457' title='bbox 560 4266 638 4327; x_wconf 81' lang='grc' dir='ltr'>ὡς</span> <span class='ocrx_word' id='word_1_458' title='bbox 667 4265 759 4317; x_wconf 75' lang='grc' dir='ltr'>ὲπὶ</span> <span class='ocrx_word' id='word_1_459' title='bbox 787 4263 1027 4315; x_wconf 78' lang='grc' dir='ltr'>τοσοῦτο.</span> 
     </span>
    </p>
   </div>
   <div class='ocr_carea' id='block_1_63' title="bbox 205 4334 1695 4409">
    <p class='ocr_par' dir='ltr' id='par_1_63' title="bbox 205 4334 1695 4409">
     <span class='ocr_line' id='line_1_63' title="bbox 205 4334 1695 4409; baseline -0.002 -19"><span class='ocrx_word' id='word_1_460' title='bbox 205 4338 298 4409; x_wconf 84' lang='lat'><strong>(85)</strong></span> <span class='ocrx_word' id='word_1_461' title='bbox 325 4334 1166 4409; x_wconf 36' lang='lat' dir='ltr'><strong>ﬁliasue.Origetiesuvidetur</strong></span> <span class='ocrx_word' id='word_1_462' title='bbox 1196 4334 1471 4409; x_wconf 81' lang='lat' dir='ltr'><strong>respicere</strong></span> <span class='ocrx_word' id='word_1_463' title='bbox 1494 4348 1695 4409; x_wconf 85' lang='lat' dir='ltr'><strong>annum</strong></span> 
     </span>
    </p>
   </div>
   <div class='ocr_carea' id='block_1_64' title="bbox 149 4403 1700 4472">
    <p class='ocr_par' dir='ltr' id='par_1_64' title="bbox 149 4403 1700 4472">
     <span class='ocr_line' id='line_1_64' title="bbox 149 4403 1700 4472; baseline -0.001 -13"><span class='ocrx_word' id='word_1_464' title='bbox 149 4403 351 4472; x_wconf 84' lang='lat' dir='ltr'><strong>primum</strong></span> <span class='ocrx_word' id='word_1_465' title='bbox 396 4418 453 4465; x_wconf 86' lang='lat' dir='ltr'><strong>et</strong></span> <span class='ocrx_word' id='word_1_466' title='bbox 512 4403 1047 4461; x_wconf 24' lang='lat' dir='ltr'><strong>tertium’Gordiani</strong></span> <span class='ocrx_word' id='word_1_467' title='bbox 1091 4403 1310 4471; x_wconf 87' lang='lat' dir='ltr'><strong>itnper.,</strong></span> <span class='ocrx_word' id='word_1_468' title='bbox 1361 4408 1461 4457; x_wconf 89' lang='lat' dir='ltr'><strong>sub</strong></span> <span class='ocrx_word' id='word_1_469' title='bbox 1500 4404 1700 4471; x_wconf 83' lang='lat' dir='ltr'><strong>quibus</strong></span> 
     </span>
    </p>
   </div>
   <div class='ocr_carea' id='block_1_65' title="bbox 146 4474 1694 4542">
    <p class='ocr_par' dir='ltr' id='par_1_65' title="bbox 146 4474 1694 4542">
     <span class='ocr_line' id='line_1_65' title="bbox 146 4474 1694 4542; baseline -0.001 -14"><span class='ocrx_word' id='word_1_470' title='bbox 146 4492 361 4533; x_wconf 77' lang='lat' dir='ltr'><strong>exortum</strong></span> <span class='ocrx_word' id='word_1_471' title='bbox 409 4488 497 4534; x_wconf 88' lang='lat' dir='ltr'><strong>est</strong></span> <span class='ocrx_word' id='word_1_472' title='bbox 541 4477 745 4532; x_wconf 89' lang='lat' dir='ltr'><strong>bellum</strong></span> <span class='ocrx_word' id='word_1_473' title='bbox 802 4475 1102 4530; x_wconf 82' lang='lat' dir='ltr'><strong>Persicum.</strong></span> <span class='ocrx_word' id='word_1_474' title='bbox 1152 4475 1363 4528; x_wconf 70' lang='lat' dir='ltr'><strong>Etenim</strong></span> <span class='ocrx_word' id='word_1_475' title='bbox 1411 4474 1605 4542; x_wconf 88' lang='lat' dir='ltr'><strong>Sapor,</strong></span> <span class='ocrx_word' id='word_1_476' title='bbox 1639 4485 1694 4527; x_wconf 93' lang='lat' dir='ltr'><strong>ut</strong></span> 
     </span>
    </p>
   </div>
   <div class='ocr_carea' id='block_1_66' title="bbox 1815 1958 3398 2029">
    <p class='ocr_par' dir='ltr' id='par_1_66' title="bbox 1815 1958 3398 2029">
     <span class='ocr_line' id='line_1_66' title="bbox 1815 1958 3398 2029; baseline 0 -18"><span class='ocrx_word' id='word_1_477' title='bbox 1815 1971 2002 2029; x_wconf 86' lang='lat' dir='ltr'><strong>postea</strong></span> <span class='ocrx_word' id='word_1_478' title='bbox 2036 1960 2521 2016; x_wconf 84' lang='lat' dir='ltr'><strong>Christianismum</strong></span> <span class='ocrx_word' id='word_1_479' title='bbox 2553 1960 2856 2016; x_wconf 79' lang='lat' dir='ltr'><strong>constituit.</strong></span> <span class='ocrx_word' id='word_1_480' title='bbox 2891 1958 3044 2026; x_wconf 85' lang='lat' dir='ltr'><strong>Quod</strong></span> <span class='ocrx_word' id='word_1_481' title='bbox 3075 1960 3150 2013; x_wconf 90' lang='lat' dir='ltr'><strong>ait</strong></span> <span class='ocrx_word' id='word_1_482' title='bbox 3185 1958 3398 2024; x_wconf 88' lang='lat' dir='ltr'><strong>Celsus,</strong></span> 
     </span>
    </p>
   </div>
   <div class='ocr_carea' id='block_1_67' title="bbox 1813 2053 3399 2124">
    <p class='ocr_par' dir='ltr' id='par_1_67' title="bbox 1813 2053 3399 2124">
     <span class='ocr_line' id='line_1_67' title="bbox 1813 2053 3399 2124; baseline 0.001 -18"><span class='ocrx_word' id='word_1_483' title='bbox 1813 2053 2135 2109; x_wconf 87' lang='lat' dir='ltr'><strong>seditionem</strong></span> <span class='ocrx_word' id='word_1_484' title='bbox 2174 2065 2230 2109; x_wconf 93' lang='lat' dir='ltr'><strong>et</strong></span> <span class='ocrx_word' id='word_1_485' title='bbox 2262 2062 2533 2124; x_wconf 87' lang='lat' dir='ltr'><strong>speratam</strong></span> <span class='ocrx_word' id='word_1_486' title='bbox 2585 2070 2651 2109; x_wconf 80' lang='lat' dir='ltr'><strong>ex</strong></span> <span class='ocrx_word' id='word_1_487' title='bbox 2711 2054 2799 2109; x_wconf 87' lang='lat' dir='ltr'><strong>illa</strong></span> <span class='ocrx_word' id='word_1_488' title='bbox 2851 2055 3146 2109; x_wconf 87' lang='lat' dir='ltr'><strong>utilitatem</strong></span> <span class='ocrx_word' id='word_1_489' title='bbox 3181 2054 3399 2109; x_wconf 85' lang='lat' dir='ltr'><strong>dedisse</strong></span> 
     </span>
    </p>
   </div>
   <div class='ocr_carea' id='block_1_68' title="bbox 1810 2145 3400 2216">
    <p class='ocr_par' dir='ltr' id='par_1_68' title="bbox 1810 2145 3400 2216">
     <span class='ocr_line' id='line_1_68' title="bbox 1810 2145 3400 2216; baseline 0.001 -15"><span class='ocrx_word' id='word_1_490' title='bbox 1810 2145 2077 2216; x_wconf 73' lang='lat' dir='ltr'><strong>originem</strong></span> <span class='ocrx_word' id='word_1_491' title='bbox 2132 2147 2417 2212; x_wconf 66' lang='lat' dir='ltr'><strong>doctrinae,</strong></span> <span class='ocrx_word' id='word_1_492' title='bbox 2472 2160 2577 2215; x_wconf 85' lang='lat' dir='ltr'><strong>qua</strong></span> <span class='ocrx_word' id='word_1_493' title='bbox 2614 2156 2695 2203; x_wconf 91' lang='lat' dir='ltr'><strong>tot</strong></span> <span class='ocrx_word' id='word_1_494' title='bbox 2732 2146 2981 2202; x_wconf 83' lang='lat' dir='ltr'><strong>homines</strong></span> <span class='ocrx_word' id='word_1_495' title='bbox 3033 2150 3290 2203; x_wconf 83' lang='lat' dir='ltr'><strong>conversi</strong></span> <span class='ocrx_word' id='word_1_496' title='bbox 3342 2154 3400 2202; x_wconf 72' lang='lat' dir='ltr'><strong>et</strong></span> 
     </span>
    </p>
   </div>
   <div class='ocr_carea' id='block_1_69' title="bbox 1813 2233 3081 2305">
    <p class='ocr_par' dir='ltr' id='par_1_69' title="bbox 1813 2233 3081 2305">
     <span class='ocr_line' id='line_1_69' title="bbox 1813 2233 3081 2305; baseline 0.001 -17"><span class='ocrx_word' id='word_1_497' title='bbox 1813 2234 2067 2291; x_wconf 86' lang='lat' dir='ltr'><strong>meliores</strong></span> <span class='ocrx_word' id='word_1_498' title='bbox 2094 2233 2217 2291; x_wconf 81' lang='lat' dir='ltr'><strong>facti</strong></span> <span class='ocrx_word' id='word_1_499' title='bbox 2246 2248 2396 2301; x_wconf 84' lang='lat' dir='ltr'><strong>sunt,</strong></span> <span class='ocrx_word' id='word_1_500' title='bbox 2428 2238 2480 2293; x_wconf 91' lang='lat' dir='ltr'><strong>id</strong></span> <span class='ocrx_word' id='word_1_501' title='bbox 2504 2238 2618 2305; x_wconf 88' lang='lat' dir='ltr'><strong>jam</strong></span> <span class='ocrx_word' id='word_1_502' title='bbox 2653 2234 2948 2291; x_wconf 79' lang='lat' dir='ltr'><strong>refutatum</strong></span> <span class='ocrx_word' id='word_1_503' title='bbox 2979 2243 3081 2291; x_wconf 89' lang='lat' dir='ltr'><strong>est.</strong></span> 
     </span>
    </p>
   </div>
   <div class='ocr_carea' id='block_1_70' title="bbox 1886 2413 3396 2483">
    <p class='ocr_par' dir='ltr' id='par_1_70' title="bbox 1886 2413 3396 2483">
     <span class='ocr_line' id='line_1_70' title="bbox 1886 2413 3396 2483; baseline -0.001 -13"><span class='ocrx_word' id='word_1_504' title='bbox 1886 2416 1972 2470; x_wconf 80' lang='grc'><strong>15.</strong></span> <span class='ocrx_word' id='word_1_505' title='bbox 2001 2413 2188 2483; x_wconf 86' lang='lat' dir='ltr'><strong>Neque</strong></span> <span class='ocrx_word' id='word_1_506' title='bbox 2233 2424 2548 2469; x_wconf 80' lang='lat' dir='ltr'><strong>exterorum</strong></span> <span class='ocrx_word' id='word_1_507' title='bbox 2591 2425 2738 2471; x_wconf 90' lang='lat' dir='ltr'><strong>metu</strong></span> <span class='ocrx_word' id='word_1_508' title='bbox 2792 2425 3035 2471; x_wconf 90' lang='lat' dir='ltr'><strong>nostrum</strong></span> <span class='ocrx_word' id='word_1_509' title='bbox 3087 2417 3396 2472; x_wconf 89' lang='lat' dir='ltr'><strong>institutum</strong></span> 
     </span>
    </p>
   </div>
   <div class='ocr_carea' id='block_1_71' title="bbox 1815 2495 3420 2576">
    <p class='ocr_par' dir='ltr' id='par_1_71' title="bbox 1815 2495 3420 2576">
     <span class='ocr_line' id='line_1_71' title="bbox 1815 2495 3420 2576; baseline 0.002 -18"><span class='ocrx_word' id='word_1_510' title='bbox 1815 2505 2131 2559; x_wconf 88' lang='lat' dir='ltr'><strong>conﬁrmari</strong></span> <span class='ocrx_word' id='word_1_511' title='bbox 2169 2505 2252 2559; x_wconf 86' lang='lat' dir='ltr'><strong>vel</strong></span> <span class='ocrx_word' id='word_1_512' title='bbox 2289 2506 2415 2562; x_wconf 91' lang='lat' dir='ltr'><strong>hinc</strong></span> <span class='ocrx_word' id='word_1_513' title='bbox 2448 2516 2617 2575; x_wconf 87' lang='lat' dir='ltr'><strong>patet,</strong></span> <span class='ocrx_word' id='word_1_514' title='bbox 2667 2510 2811 2576; x_wconf 88' lang='lat' dir='ltr'><strong>quod</strong></span> <span class='ocrx_word' id='word_1_515' title='bbox 2846 2506 2959 2575; x_wconf 87' lang='lat' dir='ltr'><strong>jam</strong></span> <span class='ocrx_word' id='word_1_516' title='bbox 3005 2508 3096 2561; x_wconf 88' lang='lat' dir='ltr'><strong>diu</strong></span> <span class='ocrx_word' id='word_1_517' title='bbox 3148 2508 3222 2562; x_wconf 85' lang='lat' dir='ltr'><strong>sit</strong></span> <span class='ocrx_word' id='word_1_518' title='bbox 3265 2495 3420 2562; x_wconf 29' lang='lat' dir='ltr'><strong>cum.</strong></span> 
     </span>
    </p>
   </div>
   <div class='ocr_carea' id='block_1_72' title="bbox 1812 2597 3397 2656">
    <p class='ocr_par' dir='ltr' id='par_1_72' title="bbox 1812 2597 3397 2656">
     <span class='ocr_line' id='line_1_72' title="bbox 1812 2597 3397 2656; baseline 0.003 -6"><span class='ocrx_word' id='word_1_519' title='bbox 1812 2597 2028 2652; x_wconf 86' lang='lat' dir='ltr'><strong>volente</strong></span> <span class='ocrx_word' id='word_1_520' title='bbox 2058 2597 2170 2654; x_wconf 89' lang='lat' dir='ltr'><strong>Deo</strong></span> <span class='ocrx_word' id='word_1_521' title='bbox 2201 2599 2448 2654; x_wconf 89' lang='lat' dir='ltr'><strong>sublatus</strong></span> <span class='ocrx_word' id='word_1_522' title='bbox 2478 2609 2564 2655; x_wconf 79' lang='lat' dir='ltr'><strong>est</strong></span> <span class='ocrx_word' id='word_1_523' title='bbox 2610 2600 2700 2655; x_wconf 92' lang='lat' dir='ltr'><strong>ille</strong></span> <span class='ocrx_word' id='word_1_524' title='bbox 2745 2612 2940 2655; x_wconf 90' lang='lat' dir='ltr'><strong>metus.</strong></span> <span class='ocrx_word' id='word_1_525' title='bbox 2976 2600 3181 2655; x_wconf 84' lang='lat' dir='ltr'><strong>Tamen</strong></span> <span class='ocrx_word' id='word_1_526' title='bbox 3216 2600 3397 2656; x_wconf 88' lang='lat' dir='ltr'><strong>credi-</strong></span> 
     </span>
    </p>
   </div>
   <div class='ocr_carea' id='block_1_73' title="bbox 1812 2690 3395 2762">
    <p class='ocr_par' dir='ltr' id='par_1_73' title="bbox 1812 2690 3395 2762">
     <span class='ocr_line' id='line_1_73' title="bbox 1812 2690 3395 2762; baseline 0 -18"><span class='ocrx_word' id='word_1_527' title='bbox 1812 2692 1986 2745; x_wconf 86' lang='lat' dir='ltr'><strong>derim</strong></span> <span class='ocrx_word' id='word_1_528' title='bbox 2022 2690 2472 2760; x_wconf 83' lang='lat' dir='ltr'><strong>tranquillitatem</strong></span> <span class='ocrx_word' id='word_1_529' title='bbox 2508 2692 2674 2761; x_wconf 85' lang='lat' dir='ltr'><strong>illam,</strong></span> <span class='ocrx_word' id='word_1_530' title='bbox 2709 2695 2852 2762; x_wconf 92' lang='lat' dir='ltr'><strong>quod</strong></span> <span class='ocrx_word' id='word_1_531' title='bbox 2891 2693 2957 2747; x_wconf 91' lang='lat' dir='ltr'><strong>ad</strong></span> <span class='ocrx_word' id='word_1_532' title='bbox 2978 2692 3118 2747; x_wconf 88' lang='lat' dir='ltr'><strong>hanc</strong></span> <span class='ocrx_word' id='word_1_533' title='bbox 3164 2693 3328 2746; x_wconf 87' lang='lat' dir='ltr'><strong>vitam</strong></span> <span class='ocrx_word' id='word_1_534' title='bbox 3365 2708 3395 2745; x_wconf 86' lang='lat' dir='ltr'><strong>a</strong></span> 
     </span>
    </p>
   </div>
   <div class='ocr_carea' id='block_1_74' title="bbox 1812 2781 3393 2853">
    <p class='ocr_par' dir='ltr' id='par_1_74' title="bbox 1812 2781 3393 2853">
     <span class='ocr_line' id='line_1_74' title="bbox 1812 2781 3393 2853; baseline 0.002 -18"><span class='ocrx_word' id='word_1_535' title='bbox 1812 2781 2063 2837; x_wconf 76' lang='lat' dir='ltr'><strong>ﬁdelibus</strong></span> <span class='ocrx_word' id='word_1_536' title='bbox 2098 2782 2501 2853; x_wconf 77' lang='lat' dir='ltr'><strong>transigendam</strong></span> <span class='ocrx_word' id='word_1_537' title='bbox 2529 2784 2788 2853; x_wconf 85' lang='lat' dir='ltr'><strong>pertinet,</strong></span> <span class='ocrx_word' id='word_1_538' title='bbox 2814 2798 2920 2838; x_wconf 89' lang='lat' dir='ltr'><strong>non</strong></span> <span class='ocrx_word' id='word_1_539' title='bbox 2946 2783 3036 2837; x_wconf 90' lang='lat' dir='ltr'><strong>diu</strong></span> <span class='ocrx_word' id='word_1_540' title='bbox 3066 2783 3393 2838; x_wconf 87' lang='lat' dir='ltr'><strong>duraturam</strong></span> 
     </span>
    </p>
   </div>
   <div class='ocr_carea' id='block_1_75' title="bbox 1807 2872 3393 2944">
    <p class='ocr_par' dir='ltr' id='par_1_75' title="bbox 1807 2872 3393 2944">
     <span class='ocr_line' id='line_1_75' title="bbox 1807 2872 3393 2944; baseline 0.003 -17"><span class='ocrx_word' id='word_1_541' title='bbox 1807 2888 1949 2928; x_wconf 85' lang='lat' dir='ltr'><strong>esse.</strong></span> <span class='ocrx_word' id='word_1_542' title='bbox 2000 2872 2134 2928; x_wconf 85' lang='lat' dir='ltr'><strong>Nam</strong></span> <span class='ocrx_word' id='word_1_543' title='bbox 2161 2876 2255 2944; x_wconf 90' lang='lat' dir='ltr'><strong>qui</strong></span> <span class='ocrx_word' id='word_1_544' title='bbox 2300 2884 2546 2930; x_wconf 90' lang='lat' dir='ltr'><strong>nostram</strong></span> <span class='ocrx_word' id='word_1_545' title='bbox 2574 2876 2828 2931; x_wconf 89' lang='lat' dir='ltr'><strong>omnibus</strong></span> <span class='ocrx_word' id='word_1_546' title='bbox 2877 2874 3054 2931; x_wconf 89' lang='lat' dir='ltr'><strong>modis</strong></span> <span class='ocrx_word' id='word_1_547' title='bbox 3089 2876 3393 2931; x_wconf 83' lang='lat' dir='ltr'><strong>doctrinam</strong></span> 
     </span>
    </p>
   </div>
   <div class='ocr_carea' id='block_1_76' title="bbox 1810 2967 3392 3038">
    <p class='ocr_par' dir='ltr' id='par_1_76' title="bbox 1810 2967 3392 3038">
     <span class='ocr_line' id='line_1_76' title="bbox 1810 2967 3392 3038; baseline 0.006 -19"><span class='ocrx_word' id='word_1_548' title='bbox 1810 2967 2233 3031; x_wconf 84' lang='lat' dir='ltr'><strong>calumniantur,</strong></span> <span class='ocrx_word' id='word_1_549' title='bbox 2263 2967 2585 3022; x_wconf 76' lang='lat' dir='ltr'><strong>existimant</strong></span> <span class='ocrx_word' id='word_1_550' title='bbox 2615 2982 2835 3023; x_wconf 84' lang='lat' dir='ltr'><strong>causam</strong></span> <span class='ocrx_word' id='word_1_551' title='bbox 2861 2978 3055 3032; x_wconf 59' lang='lat' dir='ltr'><strong>tantas,</strong></span> <span class='ocrx_word' id='word_1_552' title='bbox 3085 2984 3206 3038; x_wconf 68' lang='lat' dir='ltr'><strong>qua:</strong></span> <span class='ocrx_word' id='word_1_553' title='bbox 3246 2985 3392 3028; x_wconf 81' lang='lat' dir='ltr'><strong>nunc</strong></span> 
     </span>
    </p>
   </div>
   <div class='ocr_carea' id='block_1_77' title="bbox 1807 3060 3390 3132">
    <p class='ocr_par' dir='ltr' id='par_1_77' title="bbox 1807 3060 3390 3132">
     <span class='ocr_line' id='line_1_77' title="bbox 1807 3060 3390 3132; baseline 0.003 -19"><span class='ocrx_word' id='word_1_554' title='bbox 1807 3070 1915 3126; x_wconf 90' lang='lat' dir='ltr'><strong>est,</strong></span> <span class='ocrx_word' id='word_1_555' title='bbox 1952 3074 2132 3114; x_wconf 90' lang='lat' dir='ltr'><strong>rerum</strong></span> <span class='ocrx_word' id='word_1_556' title='bbox 2162 3060 2594 3129; x_wconf 85' lang='lat' dir='ltr'><strong>perturbationis</strong></span> <span class='ocrx_word' id='word_1_557' title='bbox 2622 3076 2740 3117; x_wconf 90' lang='lat' dir='ltr'><strong>eam</strong></span> <span class='ocrx_word' id='word_1_558' title='bbox 2784 3077 2925 3128; x_wconf 89' lang='lat' dir='ltr'><strong>esse,</strong></span> <span class='ocrx_word' id='word_1_559' title='bbox 2958 3062 3101 3132; x_wconf 88' lang='lat' dir='ltr'><strong>quod</strong></span> <span class='ocrx_word' id='word_1_560' title='bbox 3150 3062 3390 3119; x_wconf 78' lang='lat' dir='ltr'><strong>ﬁdelium</strong></span> 
     </span>
    </p>
   </div>
   <div class='ocr_carea' id='block_1_78' title="bbox 1811 3151 3396 3224">
    <p class='ocr_par' dir='ltr' id='par_1_78' title="bbox 1811 3151 3396 3224">
     <span class='ocr_line' id='line_1_78' title="bbox 1811 3151 3396 3224; baseline 0.004 -21"><span class='ocrx_word' id='word_1_561' title='bbox 1811 3166 2074 3207; x_wconf 87' lang='lat' dir='ltr'><strong>numerus</strong></span> <span class='ocrx_word' id='word_1_562' title='bbox 2123 3151 2437 3218; x_wconf 87' lang='lat' dir='ltr'><strong>increverit,</strong></span> <span class='ocrx_word' id='word_1_563' title='bbox 2493 3166 2594 3207; x_wconf 91' lang='lat' dir='ltr'><strong>nec</strong></span> <span class='ocrx_word' id='word_1_564' title='bbox 2636 3167 2730 3208; x_wconf 89' lang='lat' dir='ltr'><strong>eos</strong></span> <span class='ocrx_word' id='word_1_565' title='bbox 2779 3153 3145 3224; x_wconf 75' lang='lat' dir='ltr'><strong>proﬂigandos</strong></span> <span class='ocrx_word' id='word_1_566' title='bbox 3197 3166 3396 3209; x_wconf 88' lang='lat' dir='ltr'><strong>curent</strong></span> 
     </span>
    </p>
   </div>
   <div class='ocr_carea' id='block_1_79' title="bbox 1735 3230 3392 3319">
    <p class='ocr_par' dir='ltr' id='par_1_79' title="bbox 1735 3230 3392 3319">
     <span class='ocr_line' id='line_1_79' title="bbox 1735 3230 3392 3319; baseline 0.002 -22"><span class='ocrx_word' id='word_1_567' title='bbox 1735 3230 1779 3290; x_wconf 85' lang='lat' dir='ltr'>C</span> <span class='ocrx_word' id='word_1_568' title='bbox 1814 3246 2096 3314; x_wconf 78' lang='lat' dir='ltr'><strong>praesides,</strong></span> <span class='ocrx_word' id='word_1_569' title='bbox 2146 3256 2207 3301; x_wconf 90' lang='lat' dir='ltr'><strong>ut</strong></span> <span class='ocrx_word' id='word_1_570' title='bbox 2267 3248 2642 3317; x_wconf 85' lang='lat' dir='ltr'><strong>superioribus</strong></span> <span class='ocrx_word' id='word_1_571' title='bbox 2674 3250 3008 3319; x_wconf 88' lang='lat' dir='ltr'><strong>temporibus</strong></span> <span class='ocrx_word' id='word_1_572' title='bbox 3061 3248 3392 3305; x_wconf 80' lang='lat' dir='ltr'><strong>factitatum.</strong></span> 
     </span>
    </p>
   </div>
   <div class='ocr_carea' id='block_1_80' title="bbox 1813 3337 3397 3413">
    <p class='ocr_par' dir='ltr' id='par_1_80' title="bbox 1813 3337 3397 3413">
     <span class='ocr_line' id='line_1_80' title="bbox 1813 3337 3397 3413; baseline 0.004 -22"><span class='ocrx_word' id='word_1_573' title='bbox 1813 3337 1963 3393; x_wconf 87' lang='lat' dir='ltr'><strong>Docti</strong></span> <span class='ocrx_word' id='word_1_574' title='bbox 2001 3339 2203 3393; x_wconf 87' lang='lat' dir='ltr'><strong>etenim</strong></span> <span class='ocrx_word' id='word_1_575' title='bbox 2238 3354 2426 3396; x_wconf 89' lang='lat' dir='ltr'><strong>sumus</strong></span> <span class='ocrx_word' id='word_1_576' title='bbox 2464 3356 2641 3410; x_wconf 89' lang='lat' dir='ltr'><strong>neque</strong></span> <span class='ocrx_word' id='word_1_577' title='bbox 2672 3342 2723 3397; x_wconf 91' lang='lat' dir='ltr'><strong>in</strong></span> <span class='ocrx_word' id='word_1_578' title='bbox 2750 3357 2884 3413; x_wconf 87' lang='lat' dir='ltr'><strong>pace</strong></span> <span class='ocrx_word' id='word_1_579' title='bbox 2920 3342 3096 3398; x_wconf 88' lang='lat' dir='ltr'><strong>soluto</strong></span> <span class='ocrx_word' id='word_1_580' title='bbox 3128 3357 3248 3397; x_wconf 90' lang='lat' dir='ltr'><strong>esse</strong></span> <span class='ocrx_word' id='word_1_581' title='bbox 3277 3342 3397 3397; x_wconf 70' lang='lat' dir='ltr'><strong>ani~</strong></span> 
     </span>
    </p>
   </div>
   <div class='ocr_carea' id='block_1_81' title="bbox 1810 3432 3391 3505">
    <p class='ocr_par' dir='ltr' id='par_1_81' title="bbox 1810 3432 3391 3505">
     <span class='ocr_line' id='line_1_81' title="bbox 1810 3432 3391 3505; baseline 0.003 -22"><span class='ocrx_word' id='word_1_582' title='bbox 1810 3446 1898 3485; x_wconf 87' lang='lat' dir='ltr'><strong>mo</strong></span> <span class='ocrx_word' id='word_1_583' title='bbox 1932 3432 2240 3488; x_wconf 60' lang='lat' dir='ltr'><strong>mollitiave</strong></span> <span class='ocrx_word' id='word_1_584' title='bbox 2298 3448 2395 3489; x_wconf 89' lang='lat' dir='ltr'><strong>nos</strong></span> <span class='ocrx_word' id='word_1_585' title='bbox 2445 3436 2693 3501; x_wconf 87' lang='lat' dir='ltr'><strong>tradere;</strong></span> <span class='ocrx_word' id='word_1_586' title='bbox 2748 3451 2923 3505; x_wconf 90' lang='lat' dir='ltr'><strong>neque</strong></span> <span class='ocrx_word' id='word_1_587' title='bbox 2958 3436 3160 3493; x_wconf 91' lang='lat' dir='ltr'><strong>mundo</strong></span> <span class='ocrx_word' id='word_1_588' title='bbox 3192 3434 3391 3490; x_wconf 89' lang='lat' dir='ltr'><strong>bellum</strong></span> 
     </span>
    </p>
   </div>
   <div class='ocr_carea' id='block_1_82' title="bbox 1811 3524 3396 3598">
    <p class='ocr_par' dir='ltr' id='par_1_82' title="bbox 1811 3524 3396 3598">
     <span class='ocr_line' id='line_1_82' title="bbox 1811 3524 3396 3598; baseline 0.002 -21"><span class='ocrx_word' id='word_1_589' title='bbox 1811 3524 1975 3579; x_wconf 90' lang='lat' dir='ltr'><strong>nobis</strong></span> <span class='ocrx_word' id='word_1_590' title='bbox 2008 3525 2283 3581; x_wconf 82' lang='lat' dir='ltr'><strong>indicente</strong></span> <span class='ocrx_word' id='word_1_591' title='bbox 2308 3527 2651 3598; x_wconf 81' lang='lat' dir='ltr'><strong>despondere</strong></span> <span class='ocrx_word' id='word_1_592' title='bbox 2690 3530 2955 3596; x_wconf 83' lang='lat' dir='ltr'><strong>animum,</strong></span> <span class='ocrx_word' id='word_1_593' title='bbox 2989 3538 3045 3583; x_wconf 87' lang='lat' dir='ltr'><strong>et</strong></span> <span class='ocrx_word' id='word_1_594' title='bbox 3077 3544 3106 3582; x_wconf 86' lang='lat' dir='ltr'><strong>a</strong></span> <span class='ocrx_word' id='word_1_595' title='bbox 3152 3529 3281 3588; x_wconf 83' lang='lat' dir='ltr'><strong>Deo,</strong></span> <span class='ocrx_word' id='word_1_596' title='bbox 3340 3528 3396 3580; x_wconf 84' lang='lat' dir='ltr'><strong>in</strong></span> 
     </span>
    </p>
   </div>
   <div class='ocr_carea' id='block_1_83' title="bbox 1814 3707 3396 3777">
    <p class='ocr_par' dir='ltr' id='par_1_83' title="bbox 1814 3707 3396 3777">
     <span class='ocr_line' id='line_1_83' title="bbox 1814 3707 3396 3777; baseline 0.004 -20"><span class='ocrx_word' id='word_1_597' title='bbox 1814 3712 2224 3777; x_wconf 63' lang='lat' dir='ltr'><strong>mante-mante</strong></span> <span class='ocrx_word' id='word_1_598' title='bbox 2253 3717 2602 3777; x_wconf 83' lang='lat' dir='ltr'><strong>conspectum</strong></span> <span class='ocrx_word' id='word_1_599' title='bbox 2642 3708 2770 3777; x_wconf 71' lang='lat' dir='ltr'><strong>duci</strong></span> <span class='ocrx_word' id='word_1_600' title='bbox 2805 3707 2986 3776; x_wconf 78' lang='lat' dir='ltr'><strong>jussit,</strong></span> <span class='ocrx_word' id='word_1_601' title='bbox 3021 3723 3085 3763; x_wconf 87' lang='lat' dir='ltr'><strong>ac</strong></span> <span class='ocrx_word' id='word_1_602' title='bbox 3142 3709 3396 3777; x_wconf 84' lang='lat' dir='ltr'><strong>spoliari,</strong></span> 
     </span>
    </p>
   </div>
   <div class='ocr_carea' id='block_1_84' title="bbox 1806 3774 3391 3847">
    <p class='ocr_par' dir='ltr' id='par_1_84' title="bbox 1806 3774 3391 3847">
     <span class='ocr_line' id='line_1_84' title="bbox 1806 3774 3391 3847; baseline 0.005 -20"><span class='ocrx_word' id='word_1_603' title='bbox 1806 3775 2085 3847; x_wconf 61' lang='lat' dir='ltr'><strong>etoccidi</strong></span> <span class='ocrx_word' id='word_1_604' title='bbox 2139 3774 2339 3847; x_wconf 87' lang='lat' dir='ltr'><strong>(ibid.).</strong></span> <span class='ocrx_word' id='word_1_605' title='bbox 2387 3774 2405 3828; x_wconf 65' lang='grc' dir='ltr'><strong>ἰ</strong></span> <span class='ocrx_word' id='word_1_606' title='bbox 2452 3776 2587 3831; x_wconf 83' lang='lat' dir='ltr'><strong>Vide</strong></span> <span class='ocrx_word' id='word_1_607' title='bbox 2642 3774 2933 3831; x_wconf 80' lang='lat' dir='ltr'><strong>Baroriiunt</strong></span> <span class='ocrx_word' id='word_1_608' title='bbox 2973 3779 3040 3832; x_wconf 89' lang='lat' dir='ltr'><strong>ad</strong></span> <span class='ocrx_word' id='word_1_609' title='bbox 3097 3774 3226 3832; x_wconf 70' lang='lat' dir='ltr'><strong>ani].</strong></span> <span class='ocrx_word' id='word_1_610' title='bbox 3260 3774 3391 3847; x_wconf 69' lang='lat'><strong>253,</strong></span> 
     </span>
    </p>
   </div>
   <div class='ocr_carea' id='block_1_85' title="bbox 1806 3843 3392 3916">
    <p class='ocr_par' dir='ltr' id='par_1_85' title="bbox 1806 3843 3392 3916">
     <span class='ocr_line' id='line_1_85' title="bbox 1806 3843 3392 3916; baseline 0.005 -18"><span class='ocrx_word' id='word_1_611' title='bbox 1806 3844 1948 3898; x_wconf 63' lang='lat'><strong>2&#39;54:</strong></span> <span class='ocrx_word' id='word_1_612' title='bbox 1983 3863 2001 3893; x_wconf 77' lang='grc' dir='ltr'><strong>ι</strong></span> <span class='ocrx_word' id='word_1_613' title='bbox 2023 3843 2172 3916; x_wconf 7' lang='lat' dir='ltr'><strong>(lianc</strong></span> <span class='ocrx_word' id='word_1_614' title='bbox 2202 3843 2313 3913; x_wconf 84' lang='lat' dir='ltr'><strong>ipsa</strong></span> <span class='ocrx_word' id='word_1_615' title='bbox 2350 3863 2586 3916; x_wconf 88' lang='lat' dir='ltr'><strong>namque</strong></span> <span class='ocrx_word' id='word_1_616' title='bbox 2617 3858 2859 3916; x_wconf 86' lang='lat' dir='ltr'><strong>tempora</strong></span> <span class='ocrx_word' id='word_1_617' title='bbox 2899 3848 3280 3904; x_wconf 75' lang='lat' dir='ltr'><strong>existimamus</strong></span> <span class='ocrx_word' id='word_1_618' title='bbox 3324 3843 3392 3906; x_wconf 82' lang='lat' dir='ltr'><strong>ab</strong></span> 
     </span>
    </p>
   </div>
   <div class='ocr_carea' id='block_1_86' title="bbox 1806 3914 3390 3988">
    <p class='ocr_par' dir='ltr' id='par_1_86' title="bbox 1806 3914 3390 3988">
     <span class='ocr_line' id='line_1_86' title="bbox 1806 3914 3390 3988; baseline 0.005 -20"><span class='ocrx_word' id='word_1_619' title='bbox 1806 3914 2243 3988; x_wconf 22' lang='lat' dir='ltr'><strong>eodemOrﬁigene</strong></span> <span class='ocrx_word' id='word_1_620' title='bbox 2270 3914 2526 3982; x_wconf 81' lang='lat' dir='ltr'><strong>iudicata,</strong></span> <span class='ocrx_word' id='word_1_621' title='bbox 2550 3933 2673 3971; x_wconf 91' lang='lat' dir='ltr'><strong>cum</strong></span> <span class='ocrx_word' id='word_1_622' title='bbox 2704 3914 2872 3988; x_wconf 84' lang='lat' dir='ltr'><strong>agens</strong></span> <span class='ocrx_word' id='word_1_623' title='bbox 2885 3920 3144 3973; x_wconf 86' lang='lat' dir='ltr'><strong>adversus</strong></span> <span class='ocrx_word' id='word_1_624' title='bbox 3170 3918 3390 3977; x_wconf 85' lang='lat' dir='ltr'><strong>Celsum</strong></span> 
     </span>
    </p>
   </div>
   <div class='ocr_carea' id='block_1_87' title="bbox 1805 3984 3392 4052">
    <p class='ocr_par' dir='ltr' id='par_1_87' title="bbox 1805 3984 3392 4052">
     <span class='ocr_line' id='line_1_87' title="bbox 1805 3984 3392 4052; baseline 0.005 -15"><span class='ocrx_word' id='word_1_625' title='bbox 1805 3986 2030 4048; x_wconf 73' lang='lat' dir='ltr'><strong>Inecait,</strong></span> <span class='ocrx_word' id='word_1_626' title='bbox 2073 3984 2259 4039; x_wconf 85' lang='lat' dir='ltr'><strong>Denuo</strong></span> <span class='ocrx_word' id='word_1_627' title='bbox 2281 3988 2726 4052; x_wconf 86' lang='lat' dir='ltr'><strong>calumniatores,</strong></span> <span class='ocrx_word' id='word_1_628' title='bbox 2744 3984 2781 4037; x_wconf 75' lang='grc' dir='ltr'><strong>ὀ</strong></span> <span class='ocrx_word' id='word_1_629' title='bbox 2816 3990 3124 4043; x_wconf 73' lang='lat' dir='ltr'><strong>etc.Spch.</strong></span> <span class='ocrx_word' id='word_1_630' title='bbox 3152 4020 3222 4029; x_wconf 89' lang='lat'>—</span> <span class='ocrx_word' id='word_1_631' title='bbox 3254 3991 3392 4046; x_wconf 89' lang='lat' dir='ltr'><strong>Vide</strong></span> 
     </span>
    </p>
   </div>
   <div class='ocr_carea' id='block_1_88' title="bbox 1805 4056 3388 4129">
    <p class='ocr_par' dir='ltr' id='par_1_88' title="bbox 1805 4056 3388 4129">
     <span class='ocr_line' id='line_1_88' title="bbox 1805 4056 3388 4129; baseline 0.005 -22"><span class='ocrx_word' id='word_1_632' title='bbox 1805 4057 2070 4129; x_wconf 70' lang='lat' dir='ltr'><strong>monitum</strong></span> <span class='ocrx_word' id='word_1_633' title='bbox 2119 4056 2271 4129; x_wconf 82' lang='lat' dir='ltr'><strong>initio</strong></span> <span class='ocrx_word' id='word_1_634' title='bbox 2299 4056 2560 4129; x_wconf 81' lang='lat' dir='ltr'><strong>librorum</strong></span> <span class='ocrx_word' id='word_1_635' title='bbox 2606 4056 2808 4111; x_wconf 78' lang='lat' dir='ltr'><strong>Contra</strong></span> <span class='ocrx_word' id='word_1_636' title='bbox 2842 4057 3052 4111; x_wconf 79' lang='lat' dir='ltr'><strong>Celsum</strong></span> <span class='ocrx_word' id='word_1_637' title='bbox 3084 4062 3388 4129; x_wconf 75' lang='lat' dir='ltr'><strong>przeﬁxum.</strong></span> 
     </span>
    </p>
   </div>
   <div class='ocr_carea' id='block_1_89' title="bbox 1871 4125 3387 4196">
    <p class='ocr_par' dir='ltr' id='par_1_89' title="bbox 1871 4125 3387 4196">
     <span class='ocr_line' id='line_1_89' title="bbox 1871 4125 3387 4196; baseline 0.005 -19"><span class='ocrx_word' id='word_1_638' title='bbox 1871 4125 1983 4193; x_wconf 84' lang='lat'><strong>(86)</strong></span> <span class='ocrx_word' id='word_1_639' title='bbox 2016 4126 2384 4193; x_wconf 80' lang='grc' dir='ltr'>Νομίσωσιν.</span> <span class='ocrx_word' id='word_1_640' title='bbox 2450 4128 2601 4196; x_wconf 80' lang='lat' dir='ltr'><strong>Orig.</strong></span> <span class='ocrx_word' id='word_1_641' title='bbox 2661 4137 2876 4181; x_wconf 82' lang='lat' dir='ltr'><strong>tractat.</strong></span> <span class='ocrx_word' id='word_1_642' title='bbox 2931 4129 3001 4183; x_wconf 66' lang='lat'><strong>2‘8</strong></span> <span class='ocrx_word' id='word_1_643' title='bbox 3054 4125 3103 4182; x_wconf 77' lang='lat' dir='ltr'><strong>in</strong></span> <span class='ocrx_word' id='word_1_644' title='bbox 3152 4130 3387 4184; x_wconf 81' lang='lat' dir='ltr'><strong>Matth.:</strong></span> 
     </span>
    </p>
   </div>
   <div class='ocr_carea' id='block_1_90' title="bbox 1805 4195 3393 4268">
    <p class='ocr_par' dir='ltr' id='par_1_90' title="bbox 1805 4195 3393 4268">
     <span class='ocr_line' id='line_1_90' title="bbox 1805 4195 3393 4268; baseline 0.007 -23"><span class='ocrx_word' id='word_1_645' title='bbox 1805 4214 1822 4245; x_wconf 78' lang='grc' dir='ltr'><strong>ι</strong></span> <span class='ocrx_word' id='word_1_646' title='bbox 1850 4195 2192 4268; x_wconf 81' lang='lat' dir='ltr'><strong>Frequenter</strong></span> <span class='ocrx_word' id='word_1_647' title='bbox 2207 4197 2349 4268; x_wconf 90' lang='lat' dir='ltr'><strong>enim</strong></span> <span class='ocrx_word' id='word_1_648' title='bbox 2376 4197 2537 4252; x_wconf 83' lang='lat' dir='ltr'><strong>famis</strong></span> <span class='ocrx_word' id='word_1_649' title='bbox 2557 4195 2722 4251; x_wconf 82' lang='lat' dir='ltr'><strong>causa</strong></span> <span class='ocrx_word' id='word_1_650' title='bbox 2739 4196 3083 4252; x_wconf 87' lang='lat' dir='ltr'><strong>Christianos</strong></span> <span class='ocrx_word' id='word_1_651' title='bbox 3098 4203 3393 4268; x_wconf 77' lang='lat' dir='ltr'><strong>culparum</strong></span> 
     </span>
    </p>
   </div>
   <div class='ocr_carea' id='block_1_91' title="bbox 1797 4265 3391 4349">
    <p class='ocr_par' dir='ltr' id='par_1_91' title="bbox 1797 4265 3391 4349">
     <span class='ocr_line' id='line_1_91' title="bbox 1797 4265 3391 4349; baseline 0.006 -32"><span class='ocrx_word' id='word_1_652' title='bbox 1797 4265 2048 4349; x_wconf 53' lang='lat' dir='ltr'><strong>gentiles,</strong></span> <span class='ocrx_word' id='word_1_653' title='bbox 2087 4267 2484 4349; x_wconf 30' lang='lat' dir='ltr'><strong>etﬂquicunque</strong></span> <span class='ocrx_word' id='word_1_654' title='bbox 2515 4268 2939 4349; x_wconf 48' lang='lat' dir='ltr'><strong>sapiebant_qp¢</strong></span> <span class='ocrx_word' id='word_1_655' title='bbox 2964 4265 3211 4349; x_wconf 58' lang='lat' dir='ltr'><strong>gentium</strong></span> <span class='ocrx_word' id='word_1_656' title='bbox 3237 4282 3391 4349; x_wconf 79' lang='lat' dir='ltr'><strong>sunt.</strong></span> 
     </span>
    </p>
   </div>
   <div class='ocr_carea' id='block_1_92' title="bbox 1801 4335 3388 4404">
    <p class='ocr_par' dir='ltr' id='par_1_92' title="bbox 1801 4335 3388 4404">
     <span class='ocr_line' id='line_1_92' title="bbox 1801 4335 3388 4404; baseline 0.004 -16"><span class='ocrx_word' id='word_1_657' title='bbox 1801 4335 1908 4388; x_wconf 85' lang='lat' dir='ltr'><strong>Sed</strong></span> <span class='ocrx_word' id='word_1_658' title='bbox 1944 4344 1998 4387; x_wconf 82' lang='lat' dir='ltr'><strong>et</strong></span> <span class='ocrx_word' id='word_1_659' title='bbox 2042 4337 2475 4404; x_wconf 83' lang='lat' dir='ltr'><strong>pestilentiarum</strong></span> <span class='ocrx_word' id='word_1_660' title='bbox 2517 4352 2709 4391; x_wconf 85' lang='lat' dir='ltr'><strong>causas</strong></span> <span class='ocrx_word' id='word_1_661' title='bbox 2751 4338 2817 4391; x_wconf 87' lang='lat' dir='ltr'><strong>ad</strong></span> <span class='ocrx_word' id='word_1_662' title='bbox 2849 4335 3053 4392; x_wconf 84' lang='lat' dir='ltr'><strong>Christi</strong></span> <span class='ocrx_word' id='word_1_663' title='bbox 3087 4338 3388 4394; x_wconf 76' lang='lat' dir='ltr'><strong>Ecclesium</strong></span> 
     </span>
    </p>
   </div>
   <div class='ocr_carea' id='block_1_93' title="bbox 1801 4403 3392 4475">
    <p class='ocr_par' dir='ltr' id='par_1_93' title="bbox 1801 4403 3392 4475">
     <span class='ocr_line' id='line_1_93' title="bbox 1801 4403 3392 4475; baseline 0.006 -19"><span class='ocrx_word' id='word_1_664' title='bbox 1801 4403 2122 4475; x_wconf 82' lang='lat' dir='ltr'><strong>retulerunt.</strong></span> <span class='ocrx_word' id='word_1_665' title='bbox 2144 4406 2359 4459; x_wconf 87' lang='lat' dir='ltr'><strong>Scimus</strong></span> <span class='ocrx_word' id='word_1_666' title='bbox 2373 4416 2552 4461; x_wconf 88' lang='lat' dir='ltr'><strong>autem</strong></span> <span class='ocrx_word' id='word_1_667' title='bbox 2568 4416 2621 4461; x_wconf 92' lang='lat' dir='ltr'><strong>et</strong></span> <span class='ocrx_word' id='word_1_668' title='bbox 2639 4409 2777 4475; x_wconf 88' lang='lat' dir='ltr'><strong>apud</strong></span> <span class='ocrx_word' id='word_1_669' title='bbox 2795 4420 2893 4461; x_wconf 89' lang='lat' dir='ltr'><strong>nos</strong></span> <span class='ocrx_word' id='word_1_670' title='bbox 2910 4418 3070 4463; x_wconf 69' lang='lat' dir='ltr'><strong>terra:</strong></span> <span class='ocrx_word' id='word_1_671' title='bbox 3089 4418 3295 4461; x_wconf 86' lang='lat' dir='ltr'><strong>motum</strong></span> <span class='ocrx_word' id='word_1_672' title='bbox 3314 4409 3392 4465; x_wconf 76' lang='lat' dir='ltr'><strong>fa-</strong></span> 
     </span>
    </p>
   </div>
   <div class='ocr_carea' id='block_1_94' title="bbox 1803 4474 3388 4547">
    <p class='ocr_par' dir='ltr' id='par_1_94' title="bbox 1803 4474 3388 4547">
     <span class='ocr_line' id='line_1_94' title="bbox 1803 4474 3388 4547; baseline 0.004 -18"><span class='ocrx_word' id='word_1_673' title='bbox 1803 4485 1950 4547; x_wconf 89' lang='lat' dir='ltr'><strong>ctum</strong></span> <span class='ocrx_word' id='word_1_674' title='bbox 1988 4474 2209 4547; x_wconf 80' lang='lat' dir='ltr'><strong>inlocis</strong></span> <span class='ocrx_word' id='word_1_675' title='bbox 2239 4476 2587 4545; x_wconf 88' lang='lat' dir='ltr'><strong>quibusdam,</strong></span> <span class='ocrx_word' id='word_1_676' title='bbox 2622 4474 2683 4531; x_wconf 80' lang='lat' dir='ltr'><strong>et</strong></span> <span class='ocrx_word' id='word_1_677' title='bbox 2710 4476 2883 4531; x_wconf 75' lang='lat' dir='ltr'><strong>tactas</strong></span> <span class='ocrx_word' id='word_1_678' title='bbox 2913 4477 3085 4532; x_wconf 82' lang='lat' dir='ltr'><strong>fuisse</strong></span> <span class='ocrx_word' id='word_1_679' title='bbox 3118 4479 3388 4547; x_wconf 82' lang='lat' dir='ltr'><strong>quasdam</strong></span> 
     </span>
    </p>
   </div>
   <div class='ocr_carea' id='block_1_95' title="bbox 148 4539 3387 4615">
    <p class='ocr_par' dir='ltr' id='par_1_95' title="bbox 148 4539 3387 4615">
     <span class='ocr_line' id='line_1_95' title="bbox 148 4539 3387 4615; baseline 0.002 -16"><span class='ocrx_word' id='word_1_680' title='bbox 148 4548 323 4603; x_wconf 79' lang='lat' dir='ltr'><strong>cladem</strong></span> <span class='ocrx_word' id='word_1_681' title='bbox 352 4550 417 4603; x_wconf 87' lang='lat' dir='ltr'><strong>ab</strong></span> <span class='ocrx_word' id='word_1_682' title='bbox 446 4550 764 4603; x_wconf 79' lang='lat' dir='ltr'><strong>Alexandro</strong></span> <span class='ocrx_word' id='word_1_683' title='bbox 788 4546 994 4600; x_wconf 80' lang='lat' dir='ltr'><strong>Severo</strong></span> <span class='ocrx_word' id='word_1_684' title='bbox 1021 4543 1203 4615; x_wconf 78' lang='lat' dir='ltr'><strong>Persis</strong></span> <span class='ocrx_word' id='word_1_685' title='bbox 1236 4545 1436 4599; x_wconf 86' lang='lat' dir='ltr'><strong>illatam</strong></span> <span class='ocrx_word' id='word_1_686' title='bbox 1468 4539 1695 4598; x_wconf 71' lang='lat' dir='ltr'><strong>ulciSce-</strong></span> <span class='ocrx_word' id='word_1_687' title='bbox 1728 4539 1772 4593; x_wconf 85' lang='grc' dir='ltr'>Ι)</span> <span class='ocrx_word' id='word_1_688' title='bbox 1807 4546 2012 4609; x_wconf 86' lang='lat' dir='ltr'><strong>ruinas,</strong></span> <span class='ocrx_word' id='word_1_689' title='bbox 2059 4545 2134 4597; x_wconf 86' lang='lat' dir='ltr'><strong>ita</strong></span> <span class='ocrx_word' id='word_1_690' title='bbox 2174 4553 2233 4598; x_wconf 92' lang='lat' dir='ltr'><strong>ut</strong></span> <span class='ocrx_word' id='word_1_691' title='bbox 2256 4539 2362 4615; x_wconf 59' lang='lat' dir='ltr'><strong>&#39;qui</strong></span> <span class='ocrx_word' id='word_1_692' title='bbox 2392 4556 2549 4600; x_wconf 87' lang='lat' dir='ltr'><strong>erant</strong></span> <span class='ocrx_word' id='word_1_693' title='bbox 2572 4539 2735 4614; x_wconf 75' lang='lat' dir='ltr'><strong>impii</strong></span> <span class='ocrx_word' id='word_1_694' title='bbox 2771 4555 2924 4600; x_wconf 77' lang='lat' dir='ltr'><strong>extra</strong></span> <span class='ocrx_word' id='word_1_695' title='bbox 2970 4539 3387 4604; x_wconf 45' lang='lat' dir='ltr'><strong>ﬁderit-causam</strong></span> 
     </span>
    </p>
   </div>
   <div class='ocr_carea' id='block_1_96' title="bbox 152 4614 1687 4683">
    <p class='ocr_par' dir='ltr' id='par_1_96' title="bbox 152 4614 1687 4683">
     <span class='ocr_line' id='line_1_96' title="bbox 152 4614 1687 4683; baseline -0.001 -15"><span class='ocrx_word' id='word_1_696' title='bbox 152 4627 293 4683; x_wconf 88' lang='lat' dir='ltr'><strong>retur,</strong></span> <span class='ocrx_word' id='word_1_697' title='bbox 322 4620 559 4674; x_wconf 82' lang='lat' dir='ltr'><strong>ditiones</strong></span> <span class='ocrx_word' id='word_1_698' title='bbox 584 4618 867 4671; x_wconf 70' lang='lat' dir='ltr'><strong>Bouianas</strong></span> <span class='ocrx_word' id='word_1_699' title='bbox 900 4614 1123 4676; x_wconf 80' lang='lat' dir='ltr'><strong>invadit,</strong></span> <span class='ocrx_word' id='word_1_700' title='bbox 1151 4616 1496 4670; x_wconf 82' lang='lat' dir='ltr'><strong>Antiochiam</strong></span> <span class='ocrx_word' id='word_1_701' title='bbox 1523 4618 1687 4683; x_wconf 89' lang='lat' dir='ltr'><strong>capit,</strong></span> 
     </span>
    </p>
   </div>
   <div class='ocr_carea' id='block_1_97' title="bbox 145 4684 1693 4755">
    <p class='ocr_par' dir='ltr' id='par_1_97' title="bbox 145 4684 1693 4755">
     <span class='ocr_line' id='line_1_97' title="bbox 145 4684 1693 4755; baseline -0.001 -17"><span class='ocrx_word' id='word_1_702' title='bbox 145 4695 192 4738; x_wconf 84' lang='lat' dir='ltr'><strong>et</strong></span> <span class='ocrx_word' id='word_1_703' title='bbox 212 4689 398 4746; x_wconf 80' lang='lat' dir='ltr'><strong>civibus</strong></span> <span class='ocrx_word' id='word_1_704' title='bbox 426 4690 755 4744; x_wconf 84' lang='lat' dir='ltr'><strong>servitutem</strong></span> <span class='ocrx_word' id='word_1_705' title='bbox 782 4685 1061 4755; x_wconf 78' lang='lat' dir='ltr'><strong>imposuit,</strong></span> <span class='ocrx_word' id='word_1_706' title='bbox 1095 4700 1231 4752; x_wconf 90' lang='lat' dir='ltr'><strong>quos</strong></span> <span class='ocrx_word' id='word_1_707' title='bbox 1252 4698 1437 4754; x_wconf 89' lang='lat' dir='ltr'><strong>postea</strong></span> <span class='ocrx_word' id='word_1_708' title='bbox 1464 4684 1693 4739; x_wconf 86' lang='lat' dir='ltr'><strong>Gordia-</strong></span> 
     </span>
    </p>
   </div>
   <div class='ocr_carea' id='block_1_98' title="bbox 147 4756 1691 4824">
    <p class='ocr_par' dir='ltr' id='par_1_98' title="bbox 147 4756 1691 4824">
     <span class='ocr_line' id='line_1_98' title="bbox 147 4756 1691 4824; baseline -0.003 -13"><span class='ocrx_word' id='word_1_709' title='bbox 147 4770 230 4811; x_wconf 78' lang='lat' dir='ltr'><strong>nus</strong></span> <span class='ocrx_word' id='word_1_710' title='bbox 251 4760 299 4813; x_wconf 87' lang='lat' dir='ltr'><strong>iu</strong></span> <span class='ocrx_word' id='word_1_711' title='bbox 319 4760 628 4815; x_wconf 85' lang='lat' dir='ltr'><strong>libertatem</strong></span> <span class='ocrx_word' id='word_1_712' title='bbox 648 4757 963 4819; x_wconf 85' lang='lat' dir='ltr'><strong>vindicavit,</strong></span> <span class='ocrx_word' id='word_1_713' title='bbox 991 4765 1047 4808; x_wconf 92' lang='lat' dir='ltr'><strong>ut</strong></span> <span class='ocrx_word' id='word_1_714' title='bbox 1083 4756 1193 4823; x_wconf 86' lang='lat' dir='ltr'><strong>ipse</strong></span> <span class='ocrx_word' id='word_1_715' title='bbox 1224 4767 1457 4810; x_wconf 82' lang='lat' dir='ltr'><strong>testatur</strong></span> <span class='ocrx_word' id='word_1_716' title='bbox 1485 4757 1536 4807; x_wconf 94' lang='lat' dir='ltr'><strong>in</strong></span> <span class='ocrx_word' id='word_1_717' title='bbox 1568 4756 1691 4824; x_wconf 85' lang='lat' dir='ltr'><strong>epi-</strong></span> 
     </span>
    </p>
   </div>
   <div class='ocr_carea' id='block_1_99' title="bbox 148 4825 1687 4901">
    <p class='ocr_par' dir='ltr' id='par_1_99' title="bbox 148 4825 1687 4901">
     <span class='ocr_line' id='line_1_99' title="bbox 148 4825 1687 4901; baseline -0.004 -19"><span class='ocrx_word' id='word_1_718' title='bbox 148 4828 280 4901; x_wconf 61' lang='lat' dir='ltr'><strong>stola,</strong></span> <span class='ocrx_word' id='word_1_719' title='bbox 313 4846 470 4901; x_wconf 87' lang='lat' dir='ltr'><strong>quam</strong></span> <span class='ocrx_word' id='word_1_720' title='bbox 510 4828 738 4901; x_wconf 79' lang='lat' dir='ltr'><strong>scripsit</strong></span> <span class='ocrx_word' id='word_1_721' title='bbox 772 4828 837 4879; x_wconf 90' lang='lat' dir='ltr'><strong>ad</strong></span> <span class='ocrx_word' id='word_1_722' title='bbox 858 4825 1204 4901; x_wconf 81' lang='lat' dir='ltr'><strong>_Mesi_tltium,</strong></span> <span class='ocrx_word' id='word_1_723' title='bbox 1234 4828 1353 4895; x_wconf 85' lang='lat' dir='ltr'><strong>ejus</strong></span> <span class='ocrx_word' id='word_1_724' title='bbox 1392 4840 1641 4901; x_wconf 77' lang='lat' dir='ltr'><strong>socerum</strong></span> <span class='ocrx_word' id='word_1_725' title='bbox 1673 4838 1687 4876; x_wconf 91' lang='lat'><strong>:</strong></span> 
     </span>
    </p>
   </div>
   <div class='ocr_carea' id='block_1_100' title="bbox 152 4895 1689 4961">
    <p class='ocr_par' dir='ltr' id='par_1_100' title="bbox 152 4895 1689 4961">
     <span class='ocr_line' id='line_1_100' title="bbox 152 4895 1689 4961; baseline -0.003 -11"><span class='ocrx_word' id='word_1_726' title='bbox 152 4914 165 4944; x_wconf 77' lang='grc' dir='ltr'><strong>ε</strong></span> <span class='ocrx_word' id='word_1_727' title='bbox 196 4895 345 4952; x_wconf 79' lang='lat' dir='ltr'><strong>Etiam</strong></span> <span class='ocrx_word' id='word_1_728' title='bbox 378 4900 598 4961; x_wconf 84' lang='lat' dir='ltr'><strong>Persas,</strong></span> <span class='ocrx_word' id='word_1_729' title='bbox 628 4895 687 4949; x_wconf 83' lang='lat' dir='ltr'><strong>ut</strong></span> <span class='ocrx_word' id='word_1_730' title='bbox 721 4897 871 4949; x_wconf 85' lang='lat' dir='ltr'><strong>brevi</strong></span> <span class='ocrx_word' id='word_1_731' title='bbox 907 4897 1074 4950; x_wconf 88' lang='lat' dir='ltr'><strong>multa</strong></span> <span class='ocrx_word' id='word_1_732' title='bbox 1107 4909 1453 4961; x_wconf 78' lang='lat' dir='ltr'><strong>conuectant,</strong></span> <span class='ocrx_word' id='word_1_733' title='bbox 1478 4895 1547 4947; x_wconf 89' lang='lat' dir='ltr'><strong>ab</strong></span> <span class='ocrx_word' id='word_1_734' title='bbox 1572 4899 1689 4948; x_wconf 88' lang='lat' dir='ltr'><strong>Au-</strong></span> 
     </span>
    </p>
   </div>
   <div class='ocr_carea' id='block_1_101' title="bbox 149 4965 1689 5035">
    <p class='ocr_par' dir='ltr' id='par_1_101' title="bbox 149 4965 1689 5035">
     <span class='ocr_line' id='line_1_101' title="bbox 149 4965 1689 5035; baseline -0.003 -14"><span class='ocrx_word' id='word_1_735' title='bbox 149 4967 467 5024; x_wconf 87' lang='lat' dir='ltr'><strong>liocbensium</strong></span> <span class='ocrx_word' id='word_1_736' title='bbox 532 4968 866 5029; x_wconf 86' lang='lat' dir='ltr'><strong>cervicibus,</strong></span> <span class='ocrx_word' id='word_1_737' title='bbox 918 4982 1054 5035; x_wconf 65' lang='lat' dir='ltr'><strong>quas</strong></span> <span class='ocrx_word' id='word_1_738' title='bbox 1099 4966 1209 5034; x_wconf 88' lang='lat' dir='ltr'><strong>jam</strong></span> <span class='ocrx_word' id='word_1_739' title='bbox 1257 4982 1425 5022; x_wconf 80' lang='lat' dir='ltr'><strong>nexas</strong></span> <span class='ocrx_word' id='word_1_740' title='bbox 1471 4965 1689 5019; x_wconf 84' lang='lat' dir='ltr'><strong>Persico</strong></span> 
     </span>
    </p>
   </div>
   <div class='ocr_carea' id='block_1_102' title="bbox 146 5035 1689 5109">
    <p class='ocr_par' dir='ltr' id='par_1_102' title="bbox 146 5035 1689 5109">
     <span class='ocr_line' id='line_1_102' title="bbox 146 5035 1689 5109; baseline -0.001 -20"><span class='ocrx_word' id='word_1_741' title='bbox 146 5035 263 5093; x_wconf 77' lang='lat' dir='ltr'><strong>ferro</strong></span> <span class='ocrx_word' id='word_1_742' title='bbox 290 5042 654 5109; x_wconf 77' lang='lat' dir='ltr'><strong>gerebant,et</strong></span> <span class='ocrx_word' id='word_1_743' title='bbox 681 5050 836 5109; x_wconf 77' lang='lat' dir='ltr'><strong>reges</strong></span> <span class='ocrx_word' id='word_1_744' title='bbox 866 5035 1183 5098; x_wconf 85' lang='lat' dir='ltr'><strong>Persarum,</strong></span> <span class='ocrx_word' id='word_1_745' title='bbox 1211 5050 1261 5092; x_wconf 90' lang='lat' dir='ltr'><strong>et</strong></span> <span class='ocrx_word' id='word_1_746' title='bbox 1296 5039 1443 5108; x_wconf 83' lang='lat' dir='ltr'><strong>leges</strong></span> <span class='ocrx_word' id='word_1_747' title='bbox 1462 5037 1689 5109; x_wconf 17' lang='grc' dir='ltr'><strong>νιιηιυνᾼὶο</strong></span> 
     </span>
    </p>
   </div>
   <div class='ocr_carea' id='block_1_103' title="bbox 147 5106 1689 5174">
    <p class='ocr_par' dir='ltr' id='par_1_103' title="bbox 147 5106 1689 5174">
     <span class='ocr_line' id='line_1_103' title="bbox 147 5106 1689 5174; baseline 0.001 -16"><span class='ocrx_word' id='word_1_748' title='bbox 147 5123 258 5163; x_wconf 86' lang='lat' dir='ltr'><strong>ntus.</strong></span> <span class='ocrx_word' id='word_1_749' title='bbox 294 5106 503 5165; x_wconf 51' lang='lat' dir='ltr'><strong>&#39;Carras</strong></span> <span class='ocrx_word' id='word_1_750' title='bbox 563 5107 783 5171; x_wconf 88' lang='lat' dir='ltr'><strong>deinde,</strong></span> <span class='ocrx_word' id='word_1_751' title='bbox 841 5117 1172 5174; x_wconf 54' lang='lat' dir='ltr'><strong>exterasque</strong></span> <span class='ocrx_word' id='word_1_752' title='bbox 1240 5106 1404 5162; x_wconf 82' lang='lat' dir='ltr'><strong>urbes</strong></span> <span class='ocrx_word' id='word_1_753' title='bbox 1458 5106 1689 5173; x_wconf 90' lang='lat' dir='ltr'><strong>imperio</strong></span> 
     </span>
    </p>
   </div>
   <div class='ocr_carea' id='block_1_104' title="bbox 149 5176 1686 5245">
    <p class='ocr_par' dir='ltr' id='par_1_104' title="bbox 149 5176 1686 5245">
     <span class='ocr_line' id='line_1_104' title="bbox 149 5176 1686 5245; baseline -0.001 -16"><span class='ocrx_word' id='word_1_754' title='bbox 149 5177 353 5236; x_wconf 72' lang='lat' dir='ltr'><strong>Romano</strong></span> <span class='ocrx_word' id='word_1_755' title='bbox 388 5178 749 5235; x_wconf 89' lang='lat' dir='ltr'><strong>reddidimus.</strong></span> <span class='ocrx_word' id='word_1_756' title='bbox 791 5195 811 5228; x_wconf 75' lang='grc' dir='ltr'>ι</span> <span class='ocrx_word' id='word_1_757' title='bbox 847 5176 953 5231; x_wconf 83' lang='lat' dir='ltr'><strong>Jul.</strong></span> <span class='ocrx_word' id='word_1_758' title='bbox 985 5176 1239 5245; x_wconf 82' lang='lat' dir='ltr'><strong>Capitol.,</strong></span> <span class='ocrx_word' id='word_1_759' title='bbox 1277 5182 1342 5233; x_wconf 91' lang='lat' dir='ltr'><strong>de</strong></span> <span class='ocrx_word' id='word_1_760' title='bbox 1387 5176 1686 5231; x_wconf 87' lang='lat' dir='ltr'><strong>Gordiano.</strong></span> 
     </span>
    </p>
   </div>
   <div class='ocr_carea' id='block_1_105' title="bbox 146 5245 1687 5313">
    <p class='ocr_par' dir='ltr' id='par_1_105' title="bbox 146 5245 1687 5313">
     <span class='ocr_line' id='line_1_105' title="bbox 146 5245 1687 5313; baseline -0.001 -14"><span class='ocrx_word' id='word_1_761' title='bbox 146 5245 237 5302; x_wconf 85' lang='lat' dir='ltr'><strong>llnc</strong></span> <span class='ocrx_word' id='word_1_762' title='bbox 257 5253 515 5305; x_wconf 87' lang='lat' dir='ltr'><strong>accedunt</strong></span> <span class='ocrx_word' id='word_1_763' title='bbox 542 5248 713 5302; x_wconf 81' lang='lat' dir='ltr'><strong>factio</strong></span> <span class='ocrx_word' id='word_1_764' title='bbox 744 5248 1061 5311; x_wconf 86' lang='lat' dir='ltr'><strong>Sabiniana,</strong></span> <span class='ocrx_word' id='word_1_765' title='bbox 1090 5249 1242 5313; x_wconf 85' lang='lat' dir='ltr'><strong>inita,</strong></span> <span class='ocrx_word' id='word_1_766' title='bbox 1270 5260 1328 5302; x_wconf 90' lang='lat' dir='ltr'><strong>ut</strong></span> <span class='ocrx_word' id='word_1_767' title='bbox 1359 5251 1435 5300; x_wconf 86' lang='lat' dir='ltr'><strong>ait</strong></span> <span class='ocrx_word' id='word_1_768' title='bbox 1464 5246 1687 5312; x_wconf 82' lang='lat' dir='ltr'><strong>Capito-</strong></span> 
     </span>
    </p>
   </div>
   <div class='ocr_carea' id='block_1_106' title="bbox 147 5316 1689 5390">
    <p class='ocr_par' dir='ltr' id='par_1_106' title="bbox 147 5316 1689 5390">
     <span class='ocr_line' id='line_1_106' title="bbox 147 5316 1689 5390; baseline 0.002 -22"><span class='ocrx_word' id='word_1_769' title='bbox 147 5316 281 5383; x_wconf 84' lang='lat' dir='ltr'><strong>linus,</strong></span> <span class='ocrx_word' id='word_1_770' title='bbox 311 5323 361 5375; x_wconf 92' lang='lat' dir='ltr'><strong>in</strong></span> <span class='ocrx_word' id='word_1_771' title='bbox 413 5321 601 5375; x_wconf 79' lang='lat' dir='ltr'><strong>Africa</strong></span> <span class='ocrx_word' id='word_1_772' title='bbox 648 5330 840 5372; x_wconf 89' lang='lat' dir='ltr'><strong>contra</strong></span> <span class='ocrx_word' id='word_1_773' title='bbox 869 5318 1200 5372; x_wconf 88' lang='lat' dir='ltr'><strong>Gordianum</strong></span> <span class='ocrx_word' id='word_1_774' title='bbox 1242 5319 1497 5390; x_wconf 82' lang='lat' dir='ltr'><strong>(Capitol.</strong></span> <span class='ocrx_word' id='word_1_775' title='bbox 1533 5316 1689 5390; x_wconf 76' lang='lat' dir='ltr'><strong>ibid.)</strong></span> 
     </span>
    </p>
   </div>
   <div class='ocr_carea' id='block_1_107' title="bbox 144 5386 1689 5459">
    <p class='ocr_par' dir='ltr' id='par_1_107' title="bbox 144 5386 1689 5459">
     <span class='ocr_line' id='line_1_107' title="bbox 144 5386 1689 5459; baseline -0.001 -20"><span class='ocrx_word' id='word_1_776' title='bbox 144 5399 187 5440; x_wconf 84' lang='lat' dir='ltr'><strong>et</strong></span> <span class='ocrx_word' id='word_1_777' title='bbox 219 5401 357 5445; x_wconf 74' lang='lat' dir='ltr'><strong>terra:</strong></span> <span class='ocrx_word' id='word_1_778' title='bbox 386 5402 587 5453; x_wconf 86' lang='lat' dir='ltr'><strong>motus,</strong></span> <span class='ocrx_word' id='word_1_779' title='bbox 636 5406 654 5438; x_wconf 79' lang='grc' dir='ltr'><strong>ι</strong></span> <span class='ocrx_word' id='word_1_780' title='bbox 689 5404 754 5443; x_wconf 89' lang='lat' dir='ltr'><strong>eo</strong></span> <span class='ocrx_word' id='word_1_781' title='bbox 783 5404 950 5456; x_wconf 85' lang='lat' dir='ltr'><strong>usque</strong></span> <span class='ocrx_word' id='word_1_782' title='bbox 986 5403 1189 5457; x_wconf 76' lang='lat' dir='ltr'><strong>gravrs,</strong></span> <span class='ocrx_word' id='word_1_783' title='bbox 1218 5386 1520 5459; x_wconf 86' lang='lat' dir='ltr'><strong>imperante</strong></span> <span class='ocrx_word' id='word_1_784' title='bbox 1546 5386 1689 5439; x_wconf 79' lang='lat' dir='ltr'><strong>Gor-</strong></span> 
     </span>
    </p>
   </div>
   <div class='ocr_carea' id='block_1_108' title="bbox 146 5459 1690 5527">
    <p class='ocr_par' dir='ltr' id='par_1_108' title="bbox 146 5459 1690 5527">
     <span class='ocr_line' id='line_1_108' title="bbox 146 5459 1690 5527; baseline 0 -16"><span class='ocrx_word' id='word_1_785' title='bbox 146 5460 294 5521; x_wconf 87' lang='lat' dir='ltr'><strong>diano,</strong></span> <span class='ocrx_word' id='word_1_786' title='bbox 323 5473 378 5515; x_wconf 91' lang='lat' dir='ltr'><strong>ut</strong></span> <span class='ocrx_word' id='word_1_787' title='bbox 403 5464 663 5516; x_wconf 83' lang='lat' dir='ltr'><strong>civitates</strong></span> <span class='ocrx_word' id='word_1_788' title='bbox 706 5460 868 5514; x_wconf 87' lang='lat' dir='ltr'><strong>etiam</strong></span> <span class='ocrx_word' id='word_1_789' title='bbox 916 5470 1077 5511; x_wconf 81' lang='lat' dir='ltr'><strong>terrae</strong></span> <span class='ocrx_word' id='word_1_790' title='bbox 1117 5460 1264 5513; x_wconf 90' lang='lat' dir='ltr'><strong>hiatu</strong></span> <span class='ocrx_word' id='word_1_791' title='bbox 1304 5474 1428 5511; x_wconf 82' lang='lat' dir='ltr'><strong>cum</strong></span> <span class='ocrx_word' id='word_1_792' title='bbox 1478 5459 1690 5527; x_wconf 78' lang='lat' dir='ltr'><strong>populis</strong></span> 
     </span>
    </p>
   </div>
   <div class='ocr_carea' id='block_1_109' title="bbox 145 5528 1690 5599">
    <p class='ocr_par' dir='ltr' id='par_1_109' title="bbox 145 5528 1690 5599">
     <span class='ocr_line' id='line_1_109' title="bbox 145 5528 1690 5599; baseline 0 -18"><span class='ocrx_word' id='word_1_793' title='bbox 145 5528 450 5598; x_wconf 83' lang='lat' dir='ltr'><strong>deperirent;</strong></span> <span class='ocrx_word' id='word_1_794' title='bbox 483 5536 553 5586; x_wconf 91' lang='lat' dir='ltr'><strong>ob</strong></span> <span class='ocrx_word' id='word_1_795' title='bbox 583 5544 707 5599; x_wconf 64' lang='lat' dir='ltr'><strong>qua!</strong></span> <span class='ocrx_word' id='word_1_796' title='bbox 743 5530 1013 5583; x_wconf 77' lang='lat' dir='ltr'><strong>sacriﬁcia</strong></span> <span class='ocrx_word' id='word_1_797' title='bbox 1044 5544 1140 5599; x_wconf 90' lang='lat' dir='ltr'><strong>per</strong></span> <span class='ocrx_word' id='word_1_798' title='bbox 1181 5538 1350 5584; x_wconf 85' lang='lat' dir='ltr'><strong>totam</strong></span> <span class='ocrx_word' id='word_1_799' title='bbox 1384 5528 1571 5582; x_wconf 86' lang='lat' dir='ltr'><strong>urbem</strong></span> <span class='ocrx_word' id='word_1_800' title='bbox 1607 5540 1690 5581; x_wconf 83' lang='lat' dir='ltr'><strong>tu-</strong></span> 
     </span>
    </p>
   </div>
   <div class='ocr_carea' id='block_1_110' title="bbox 146 5600 1685 5671">
    <p class='ocr_par' dir='ltr' id='par_1_110' title="bbox 146 5600 1685 5671">
     <span class='ocr_line' id='line_1_110' title="bbox 146 5600 1685 5671; baseline 0.003 -23"><span class='ocrx_word' id='word_1_801' title='bbox 146 5606 332 5671; x_wconf 79' lang='lat' dir='ltr'><strong>tumque</strong></span> <span class='ocrx_word' id='word_1_802' title='bbox 380 5610 567 5657; x_wconf 88' lang='lat' dir='ltr'><strong>orbem</strong></span> <span class='ocrx_word' id='word_1_803' title='bbox 621 5612 897 5671; x_wconf 68' lang='lat' dir='ltr'><strong>terrarum</strong></span> <span class='ocrx_word' id='word_1_804' title='bbox 924 5600 1180 5671; x_wconf 2' lang='lat' dir='ltr'><strong>(ingentia</strong></span> <span class='ocrx_word' id='word_1_805' title='bbox 1219 5603 1494 5653; x_wconf 84' lang='lat' dir='ltr'><strong>celebrata</strong></span> <span class='ocrx_word' id='word_1_806' title='bbox 1539 5610 1685 5653; x_wconf 91' lang='lat' dir='ltr'><strong>sunt.</strong></span> 
     </span>
    </p>
   </div>
   <div class='ocr_carea' id='block_1_111' title="bbox 144 5668 1685 5739">
    <p class='ocr_par' dir='ltr' id='par_1_111' title="bbox 144 5668 1685 5739">
     <span class='ocr_line' id='line_1_111' title="bbox 144 5668 1685 5739; baseline 0.001 -19"><span class='ocrx_word' id='word_1_807' title='bbox 144 5668 475 5739; x_wconf 71' lang='lat' dir='ltr'><strong>(ltletlllbid.).</strong></span> <span class='ocrx_word' id='word_1_808' title='bbox 516 5692 535 5724; x_wconf 84' lang='grc'><strong><em>›</em></strong></span> <span class='ocrx_word' id='word_1_809' title='bbox 569 5671 706 5725; x_wconf 79' lang='lat' dir='ltr'><strong>item</strong></span> <span class='ocrx_word' id='word_1_810' title='bbox 763 5668 993 5722; x_wconf 81' lang='lat' dir='ltr'><strong>Mesithii</strong></span> <span class='ocrx_word' id='word_1_811' title='bbox 1038 5672 1308 5734; x_wconf 86' lang='lat' dir='ltr'><strong>interitus,</strong></span> <span class='ocrx_word' id='word_1_812' title='bbox 1347 5689 1365 5719; x_wconf 75' lang='grc' dir='ltr'><strong>ι</strong></span> <span class='ocrx_word' id='word_1_813' title='bbox 1420 5680 1685 5737; x_wconf 86' lang='lat' dir='ltr'><strong>quantum</strong></span> 
     </span>
    </p>
   </div>
   <div class='ocr_carea' id='block_1_112' title="bbox 146 5739 1681 5811">
    <p class='ocr_par' dir='ltr' id='par_1_112' title="bbox 146 5739 1681 5811">
     <span class='ocr_line' id='line_1_112' title="bbox 146 5739 1681 5811; baseline 0 -20"><span class='ocrx_word' id='word_1_814' title='bbox 146 5739 353 5811; x_wconf 75' lang='lat' dir='ltr'><strong>plerique</strong></span> <span class='ocrx_word' id='word_1_815' title='bbox 369 5745 579 5807; x_wconf 89' lang='lat' dir='ltr'><strong>dicunt,</strong></span> <span class='ocrx_word' id='word_1_816' title='bbox 602 5740 815 5795; x_wconf 89' lang='lat' dir='ltr'><strong>artibus</strong></span> <span class='ocrx_word' id='word_1_817' title='bbox 834 5739 1064 5808; x_wconf 79' lang='lat' dir='ltr'><strong>Philippi</strong></span> <span class='ocrx_word' id='word_1_818' title='bbox 1092 5743 1433 5794; x_wconf 83' lang='lat' dir='ltr'><strong>machinatus</strong></span> <span class='ocrx_word' id='word_1_819' title='bbox 1449 5739 1647 5811; x_wconf 89' lang='lat' dir='ltr'><strong>(ibid.).</strong></span> <span class='ocrx_word' id='word_1_820' title='bbox 1663 5760 1681 5791; x_wconf 76' lang='grc' dir='ltr'>ι</span> 
     </span>
    </p>
   </div>
   <div class='ocr_carea' id='block_1_113' title="bbox 145 5809 1688 5881">
    <p class='ocr_par' dir='ltr' id='par_1_113' title="bbox 145 5809 1688 5881">
     <span class='ocr_line' id='line_1_113' title="bbox 145 5809 1688 5881; baseline 0.003 -22"><span class='ocrx_word' id='word_1_821' title='bbox 145 5809 267 5866; x_wconf 81' lang='lat' dir='ltr'><strong>Adde</strong></span> <span class='ocrx_word' id='word_1_822' title='bbox 306 5823 357 5867; x_wconf 88' lang='lat' dir='ltr'><strong>et</strong></span> <span class='ocrx_word' id='word_1_823' title='bbox 398 5810 664 5868; x_wconf 85' lang='lat' dir='ltr'><strong>Gordiani</strong></span> <span class='ocrx_word' id='word_1_824' title='bbox 708 5824 927 5873; x_wconf 89' lang='lat' dir='ltr'><strong>necem;</strong></span> <span class='ocrx_word' id='word_1_825' title='bbox 985 5828 1004 5861; x_wconf 77' lang='grc' dir='ltr'>ι</span> <span class='ocrx_word' id='word_1_826' title='bbox 1051 5826 1210 5880; x_wconf 88' lang='lat' dir='ltr'><strong>quem</strong></span> <span class='ocrx_word' id='word_1_827' title='bbox 1247 5809 1529 5881; x_wconf 77' lang='lat' dir='ltr'><strong>Philippus</strong></span> <span class='ocrx_word' id='word_1_828' title='bbox 1576 5814 1688 5864; x_wconf 77' lang='lat' dir='ltr'><strong>cla-</strong></span> 
     </span>
    </p>
   </div>
   <div class='ocr_carea' id='block_1_114' title="bbox 421 5904 1024 5966">
    <p class='ocr_par' dir='ltr' id='par_1_114' title="bbox 421 5904 1024 5966">
     <span class='ocr_line' id='line_1_114' title="bbox 421 5904 1024 5966; baseline -0.003 -1"><span class='ocrx_word' id='word_1_829' title='bbox 421 5907 699 5966; x_wconf 73' lang='lat' dir='ltr'><strong>PATBOL.</strong></span> <span class='ocrx_word' id='word_1_830' title='bbox 747 5905 866 5965; x_wconf 76' lang='lat' dir='ltr'><strong>(in.</strong></span> <span class='ocrx_word' id='word_1_831' title='bbox 917 5904 1024 5964; x_wconf 70' lang='lat' dir='ltr'><strong>XI.</strong></span> 
     </span>
    </p>
   </div>
   <div class='ocr_carea' id='block_1_115' title="bbox 1801 4616 3388 4687">
    <p class='ocr_par' dir='ltr' id='par_1_115' title="bbox 1801 4616 3388 4687">
     <span class='ocr_line' id='line_1_115' title="bbox 1801 4616 3388 4687; baseline 0.004 -18"><span class='ocrx_word' id='word_1_832' title='bbox 1801 4628 1963 4669; x_wconf 69' lang='lat' dir='ltr'><strong>terra:</strong></span> <span class='ocrx_word' id='word_1_833' title='bbox 1996 4624 2175 4687; x_wconf 90' lang='lat' dir='ltr'><strong>motus</strong></span> <span class='ocrx_word' id='word_1_834' title='bbox 2212 4616 2459 4671; x_wconf 87' lang='lat' dir='ltr'><strong>dicerent</strong></span> <span class='ocrx_word' id='word_1_835' title='bbox 2492 4616 2857 4671; x_wconf 86' lang='lat' dir='ltr'><strong>Christianos.</strong></span> <span class='ocrx_word' id='word_1_836' title='bbox 2890 4618 3121 4687; x_wconf 86' lang='lat' dir='ltr'><strong>Propter</strong></span> <span class='ocrx_word' id='word_1_837' title='bbox 3148 4623 3295 4686; x_wconf 90' lang='lat' dir='ltr'><strong>quod</strong></span> <span class='ocrx_word' id='word_1_838' title='bbox 3329 4628 3388 4675; x_wconf 86' lang='lat' dir='ltr'><strong>et</strong></span> 
     </span>
    </p>
   </div>
   <div class='ocr_carea' id='block_1_116' title="bbox 1800 4686 3381 4755">
    <p class='ocr_par' dir='ltr' id='par_1_116' title="bbox 1800 4686 3381 4755">
     <span class='ocr_line' id='line_1_116' title="bbox 1800 4686 3381 4755; baseline 0.004 -16"><span class='ocrx_word' id='word_1_839' title='bbox 1800 4686 2211 4754; x_wconf 89' lang='lat' dir='ltr'><strong>persecutiones</strong></span> <span class='ocrx_word' id='word_1_840' title='bbox 2233 4701 2407 4755; x_wconf 74' lang='lat' dir='ltr'><strong>passae</strong></span> <span class='ocrx_word' id='word_1_841' title='bbox 2430 4695 2555 4741; x_wconf 82' lang='lat' dir='ltr'><strong>sunt</strong></span> <span class='ocrx_word' id='word_1_842' title='bbox 2581 4687 2853 4747; x_wconf 67' lang='lat' dir='ltr'><strong>Ecclesiae,</strong></span> <span class='ocrx_word' id='word_1_843' title='bbox 2885 4698 2939 4740; x_wconf 87' lang='lat' dir='ltr'><strong>et</strong></span> <span class='ocrx_word' id='word_1_844' title='bbox 2970 4686 3205 4742; x_wconf 80' lang='lat' dir='ltr'><strong>incensa:</strong></span> <span class='ocrx_word' id='word_1_845' title='bbox 3234 4701 3381 4745; x_wconf 90' lang='lat' dir='ltr'><strong>sunt.</strong></span> 
     </span>
    </p>
   </div>
   <div class='ocr_carea' id='block_1_117' title="bbox 1796 4756 3386 4825">
    <p class='ocr_par' dir='ltr' id='par_1_117' title="bbox 1796 4756 3386 4825">
     <span class='ocr_line' id='line_1_117' title="bbox 1796 4756 3386 4825; baseline -0.002 -14"><span class='ocrx_word' id='word_1_846' title='bbox 1796 4756 1914 4811; x_wconf 84' lang='lat' dir='ltr'><strong>Non</strong></span> <span class='ocrx_word' id='word_1_847' title='bbox 1928 4756 2101 4809; x_wconf 90' lang='lat' dir='ltr'><strong>solum</strong></span> <span class='ocrx_word' id='word_1_848' title='bbox 2129 4767 2307 4811; x_wconf 89' lang='lat' dir='ltr'><strong>autem</strong></span> <span class='ocrx_word' id='word_1_849' title='bbox 2328 4757 2401 4810; x_wconf 90' lang='lat' dir='ltr'><strong>illi</strong></span> <span class='ocrx_word' id='word_1_850' title='bbox 2448 4758 2541 4810; x_wconf 91' lang='lat' dir='ltr'><strong>sed</strong></span> <span class='ocrx_word' id='word_1_851' title='bbox 2556 4767 2611 4811; x_wconf 90' lang='lat' dir='ltr'><strong>et</strong></span> <span class='ocrx_word' id='word_1_852' title='bbox 2624 4758 2715 4825; x_wconf 89' lang='lat' dir='ltr'><strong>qui</strong></span> <span class='ocrx_word' id='word_1_853' title='bbox 2736 4757 3059 4811; x_wconf 85' lang='lat' dir='ltr'><strong>videbantur</strong></span> <span class='ocrx_word' id='word_1_854' title='bbox 3073 4760 3386 4824; x_wconf 54' lang='lat' dir='ltr'><strong>prudentes,</strong></span> 
     </span>
    </p>
   </div>
   <div class='ocr_carea' id='block_1_118' title="bbox 1800 4826 3385 4896">
    <p class='ocr_par' dir='ltr' id='par_1_118' title="bbox 1800 4826 3385 4896">
     <span class='ocr_line' id='line_1_118' title="bbox 1800 4826 3385 4896; baseline 0.003 -15"><span class='ocrx_word' id='word_1_855' title='bbox 1800 4827 1927 4881; x_wconf 87' lang='lat' dir='ltr'><strong>talia</strong></span> <span class='ocrx_word' id='word_1_856' title='bbox 1957 4826 2010 4879; x_wconf 90' lang='lat' dir='ltr'><strong>in</strong></span> <span class='ocrx_word' id='word_1_857' title='bbox 2050 4826 2268 4895; x_wconf 89' lang='lat' dir='ltr'><strong>publico</strong></span> <span class='ocrx_word' id='word_1_858' title='bbox 2297 4827 2563 4892; x_wconf 85' lang='lat' dir='ltr'><strong>dicerent,</strong></span> <span class='ocrx_word' id='word_1_859' title='bbox 2594 4830 2722 4896; x_wconf 89' lang='lat' dir='ltr'><strong>quia</strong></span> <span class='ocrx_word' id='word_1_860' title='bbox 2770 4837 2991 4896; x_wconf 88' lang='lat' dir='ltr'><strong>propter</strong></span> <span class='ocrx_word' id='word_1_861' title='bbox 3034 4830 3385 4886; x_wconf 80' lang='lat' dir='ltr'><strong>Christianos</strong></span> 
     </span>
    </p>
   </div>
   <div class='ocr_carea' id='block_1_119' title="bbox 1795 4897 3381 4969">
    <p class='ocr_par' dir='ltr' id='par_1_119' title="bbox 1795 4897 3381 4969">
     <span class='ocr_line' id='line_1_119' title="bbox 1795 4897 3381 4969; baseline 0.001 -20"><span class='ocrx_word' id='word_1_862' title='bbox 1795 4898 1934 4969; x_wconf 75' lang='lat' dir='ltr'><strong>ﬁunt</strong></span> <span class='ocrx_word' id='word_1_863' title='bbox 1963 4897 2271 4969; x_wconf 76' lang='lat' dir='ltr'><strong>gravissimi</strong></span> <span class='ocrx_word' id='word_1_864' title='bbox 2295 4907 2453 4952; x_wconf 63' lang='lat' dir='ltr'><strong>terrae</strong></span> <span class='ocrx_word' id='word_1_865' title='bbox 2487 4907 2684 4954; x_wconf 87' lang='lat' dir='ltr'><strong>motus.</strong></span> <span class='ocrx_word' id='word_1_866' title='bbox 2721 4917 2738 4950; x_wconf 71' lang='grc' dir='ltr'>ι</span> <span class='ocrx_word' id='word_1_867' title='bbox 2767 4897 3016 4960; x_wconf 87' lang='lat' dir='ltr'><strong>Tertull.,</strong></span> <span class='ocrx_word' id='word_1_868' title='bbox 3051 4899 3227 4967; x_wconf 83' lang='lat' dir='ltr'><strong>Apol,</strong></span> <span class='ocrx_word' id='word_1_869' title='bbox 3258 4915 3381 4969; x_wconf 87' lang='lat' dir='ltr'><strong>cap.</strong></span> 
     </span>
    </p>
   </div>
   <div class='ocr_carea' id='block_1_120' title="bbox 1794 4966 3380 5024">
    <p class='ocr_par' dir='ltr' id='par_1_120' title="bbox 1794 4966 3380 5024">
     <span class='ocr_line' id='line_1_120' title="bbox 1794 4966 3380 5024; baseline 0.003 -5"><span class='ocrx_word' id='word_1_870' title='bbox 1794 4967 1894 5019; x_wconf 71' lang='lat'><strong>40:</strong></span> <span class='ocrx_word' id='word_1_871' title='bbox 1936 4984 1954 5016; x_wconf 81' lang='grc' dir='ltr'><strong>ι</strong></span> <span class='ocrx_word' id='word_1_872' title='bbox 1988 4966 2357 5022; x_wconf 76' lang='lat' dir='ltr'><strong>Przutexentes</strong></span> <span class='ocrx_word' id='word_1_873' title='bbox 2400 4983 2531 5022; x_wconf 89' lang='lat' dir='ltr'><strong>sane</strong></span> <span class='ocrx_word' id='word_1_874' title='bbox 2572 4968 2639 5021; x_wconf 88' lang='lat' dir='ltr'><strong>ad</strong></span> <span class='ocrx_word' id='word_1_875' title='bbox 2667 4970 2774 5021; x_wconf 92' lang='lat' dir='ltr'><strong>odii</strong></span> <span class='ocrx_word' id='word_1_876' title='bbox 2809 4966 3180 5023; x_wconf 83' lang='lat' dir='ltr'><strong>defensionem</strong></span> <span class='ocrx_word' id='word_1_877' title='bbox 3237 4966 3380 5024; x_wconf 78' lang='lat' dir='ltr'><strong>illam</strong></span> 
     </span>
    </p>
   </div>
   <div class='ocr_carea' id='block_1_121' title="bbox 1794 5038 3383 5108">
    <p class='ocr_par' dir='ltr' id='par_1_121' title="bbox 1794 5038 3383 5108">
     <span class='ocr_line' id='line_1_121' title="bbox 1794 5038 3383 5108; baseline 0.004 -20"><span class='ocrx_word' id='word_1_878' title='bbox 1794 5052 2012 5106; x_wconf 89' lang='lat' dir='ltr'><strong>quoque</strong></span> <span class='ocrx_word' id='word_1_879' title='bbox 2045 5038 2361 5098; x_wconf 88' lang='lat' dir='ltr'><strong>vanitatem.</strong></span> <span class='ocrx_word' id='word_1_880' title='bbox 2394 5038 2542 5106; x_wconf 89' lang='lat' dir='ltr'><strong>quod</strong></span> <span class='ocrx_word' id='word_1_881' title='bbox 2570 5040 2888 5093; x_wconf 83' lang='lat' dir='ltr'><strong>existiment</strong></span> <span class='ocrx_word' id='word_1_882' title='bbox 2928 5041 3109 5093; x_wconf 89' lang='lat' dir='ltr'><strong>omnis</strong></span> <span class='ocrx_word' id='word_1_883' title='bbox 3152 5040 3383 5108; x_wconf 78' lang='lat' dir='ltr'><strong>publica:</strong></span> 
     </span>
    </p>
   </div>
   <div class='ocr_carea' id='block_1_122' title="bbox 1794 5109 3381 5176">
    <p class='ocr_par' dir='ltr' id='par_1_122' title="bbox 1794 5109 3381 5176">
     <span class='ocr_line' id='line_1_122' title="bbox 1794 5109 3381 5176; baseline 0.001 -15"><span class='ocrx_word' id='word_1_884' title='bbox 1794 5109 1989 5173; x_wconf 89' lang='lat' dir='ltr'><strong>cladis,</strong></span> <span class='ocrx_word' id='word_1_885' title='bbox 2015 5109 2191 5176; x_wconf 88' lang='lat' dir='ltr'><strong>omnis</strong></span> <span class='ocrx_word' id='word_1_886' title='bbox 2215 5109 2495 5176; x_wconf 84' lang='lat' dir='ltr'><strong>popularis</strong></span> <span class='ocrx_word' id='word_1_887' title='bbox 2519 5109 2869 5173; x_wconf 89' lang='lat' dir='ltr'><strong>incommodi,</strong></span> <span class='ocrx_word' id='word_1_888' title='bbox 2890 5109 3233 5164; x_wconf 81' lang='lat' dir='ltr'><strong>Christianos</strong></span> <span class='ocrx_word' id='word_1_889' title='bbox 3260 5125 3381 5164; x_wconf 82' lang='lat' dir='ltr'><strong>esse</strong></span> 
     </span>
    </p>
   </div>
   <div class='ocr_carea' id='block_1_123' title="bbox 1793 5175 3379 5244">
    <p class='ocr_par' dir='ltr' id='par_1_123' title="bbox 1793 5175 3379 5244">
     <span class='ocr_line' id='line_1_123' title="bbox 1793 5175 3379 5244; baseline 0.003 -15"><span class='ocrx_word' id='word_1_890' title='bbox 1793 5192 2033 5231; x_wconf 87' lang='lat' dir='ltr'><strong>causam.</strong></span> <span class='ocrx_word' id='word_1_891' title='bbox 2072 5175 2128 5230; x_wconf 89' lang='lat' dir='ltr'><strong>Si</strong></span> <span class='ocrx_word' id='word_1_892' title='bbox 2156 5175 2370 5231; x_wconf 81' lang='lat' dir='ltr'><strong>Tiberis</strong></span> <span class='ocrx_word' id='word_1_893' title='bbox 2398 5180 2645 5233; x_wconf 84' lang='lat' dir='ltr'><strong>ascendit</strong></span> <span class='ocrx_word' id='word_1_894' title='bbox 2670 5182 2735 5233; x_wconf 90' lang='lat' dir='ltr'><strong>ad</strong></span> <span class='ocrx_word' id='word_1_895' title='bbox 2758 5181 2984 5244; x_wconf 62' lang='lat' dir='ltr'><strong>muenia,</strong></span> <span class='ocrx_word' id='word_1_896' title='bbox 3011 5182 3055 5233; x_wconf 85' lang='lat' dir='ltr'><strong>si</strong></span> <span class='ocrx_word' id='word_1_897' title='bbox 3088 5180 3241 5233; x_wconf 81' lang='lat' dir='ltr'><strong>Nilus</strong></span> <span class='ocrx_word' id='word_1_898' title='bbox 3274 5197 3379 5234; x_wconf 89' lang='lat' dir='ltr'><strong>nou</strong></span> 
     </span>
    </p>
   </div>
   <div class='ocr_carea' id='block_1_124' title="bbox 1796 5246 3379 5312">
    <p class='ocr_par' dir='ltr' id='par_1_124' title="bbox 1796 5246 3379 5312">
     <span class='ocr_line' id='line_1_124' title="bbox 1796 5246 3379 5312; baseline 0.003 -13"><span class='ocrx_word' id='word_1_899' title='bbox 1796 5246 2044 5301; x_wconf 87' lang='lat' dir='ltr'><strong>ascendit</strong></span> <span class='ocrx_word' id='word_1_900' title='bbox 2070 5248 2121 5299; x_wconf 90' lang='lat' dir='ltr'><strong>in</strong></span> <span class='ocrx_word' id='word_1_901' title='bbox 2148 5263 2298 5309; x_wconf 88' lang='lat' dir='ltr'><strong>arva,</strong></span> <span class='ocrx_word' id='word_1_902' title='bbox 2328 5249 2370 5301; x_wconf 91' lang='lat' dir='ltr'><strong>si</strong></span> <span class='ocrx_word' id='word_1_903' title='bbox 2405 5250 2604 5302; x_wconf 73' lang='lat' dir='ltr'><strong>cmlum</strong></span> <span class='ocrx_word' id='word_1_904' title='bbox 2628 5251 2803 5312; x_wconf 88' lang='lat' dir='ltr'><strong>stetit,</strong></span> <span class='ocrx_word' id='word_1_905' title='bbox 2835 5250 2878 5303; x_wconf 90' lang='lat' dir='ltr'><strong>si</strong></span> <span class='ocrx_word' id='word_1_906' title='bbox 2916 5260 3062 5303; x_wconf 87' lang='lat' dir='ltr'><strong>terra</strong></span> <span class='ocrx_word' id='word_1_907' title='bbox 3108 5252 3292 5312; x_wconf 86' lang='lat' dir='ltr'><strong>movit,</strong></span> <span class='ocrx_word' id='word_1_908' title='bbox 3334 5254 3379 5303; x_wconf 91' lang='lat' dir='ltr'><strong>si</strong></span> 
     </span>
    </p>
   </div>
   <div class='ocr_carea' id='block_1_125' title="bbox 1796 5317 3381 5380">
    <p class='ocr_par' dir='ltr' id='par_1_125' title="bbox 1796 5317 3381 5380">
     <span class='ocr_line' id='line_1_125' title="bbox 1796 5317 3381 5380; baseline 0.001 -11"><span class='ocrx_word' id='word_1_909' title='bbox 1796 5317 1989 5380; x_wconf 75' lang='lat' dir='ltr'><strong>latntes,</strong></span> <span class='ocrx_word' id='word_1_910' title='bbox 2023 5318 2068 5370; x_wconf 92' lang='lat' dir='ltr'><strong>si</strong></span> <span class='ocrx_word' id='word_1_911' title='bbox 2108 5318 2255 5371; x_wconf 86' lang='lat' dir='ltr'><strong>lues:</strong></span> <span class='ocrx_word' id='word_1_912' title='bbox 2286 5322 2471 5372; x_wconf 87' lang='lat' dir='ltr'><strong>statim</strong></span> <span class='ocrx_word' id='word_1_913' title='bbox 2507 5318 2837 5373; x_wconf 76' lang='lat' dir='ltr'><strong>Christianos</strong></span> <span class='ocrx_word' id='word_1_914' title='bbox 2873 5322 2941 5372; x_wconf 84' lang='lat' dir='ltr'><strong>ad</strong></span> <span class='ocrx_word' id='word_1_915' title='bbox 2971 5321 3193 5374; x_wconf 78' lang='lat' dir='ltr'><strong>leonem.</strong></span> <span class='ocrx_word' id='word_1_916' title='bbox 3232 5320 3381 5372; x_wconf 82' lang='lat' dir='ltr'><strong>&#39;l&#39;an-</strong></span> 
     </span>
    </p>
   </div>
   <div class='ocr_carea' id='block_1_126' title="bbox 1796 5388 3379 5458">
    <p class='ocr_par' dir='ltr' id='par_1_126' title="bbox 1796 5388 3379 5458">
     <span class='ocr_line' id='line_1_126' title="bbox 1796 5388 3379 5458; baseline 0.003 -19"><span class='ocrx_word' id='word_1_917' title='bbox 1796 5399 1879 5441; x_wconf 91' lang='lat' dir='ltr'><strong>tos</strong></span> <span class='ocrx_word' id='word_1_918' title='bbox 1918 5389 1985 5441; x_wconf 91' lang='lat' dir='ltr'><strong>ad</strong></span> <span class='ocrx_word' id='word_1_919' title='bbox 2015 5388 2350 5442; x_wconf 75' lang='lat' dir='ltr'><strong>unumietc.</strong></span> <span class='ocrx_word' id='word_1_920' title='bbox 2389 5409 2405 5439; x_wconf 73' lang='grc' dir='ltr'>ι</span> <span class='ocrx_word' id='word_1_921' title='bbox 2440 5390 2574 5443; x_wconf 84' lang='lat' dir='ltr'><strong>Vide</strong></span> <span class='ocrx_word' id='word_1_922' title='bbox 2601 5405 2722 5458; x_wconf 88' lang='lat' dir='ltr'><strong>cap.</strong></span> <span class='ocrx_word' id='word_1_923' title='bbox 2759 5391 2793 5442; x_wconf 75' lang='lat'><strong>2</strong></span> <span class='ocrx_word' id='word_1_924' title='bbox 2829 5391 2958 5447; x_wconf 90' lang='lat' dir='ltr'><strong>ibid.</strong></span> <span class='ocrx_word' id='word_1_925' title='bbox 2996 5402 3051 5443; x_wconf 90' lang='lat' dir='ltr'><strong>et</strong></span> <span class='ocrx_word' id='word_1_926' title='bbox 3083 5392 3278 5443; x_wconf 89' lang='lat' dir='ltr'><strong>librum</strong></span> <span class='ocrx_word' id='word_1_927' title='bbox 3307 5392 3379 5443; x_wconf 77' lang='lat' dir='ltr'><strong>ad</strong></span> 
     </span>
    </p>
   </div>
   <div class='ocr_carea' id='block_1_127' title="bbox 1796 5458 3380 5530">
    <p class='ocr_par' dir='ltr' id='par_1_127' title="bbox 1796 5458 3380 5530">
     <span class='ocr_line' id='line_1_127' title="bbox 1796 5458 3380 5530; baseline 0 -19"><span class='ocrx_word' id='word_1_928' title='bbox 1796 5458 2105 5530; x_wconf 70' lang='lat' dir='ltr'><strong>§capu_lam,</strong></span> <span class='ocrx_word' id='word_1_929' title='bbox 2164 5462 2409 5530; x_wconf 17' lang='lat' dir='ltr'><strong>cap.75;</strong></span> <span class='ocrx_word' id='word_1_930' title='bbox 2454 5462 2783 5530; x_wconf 67' lang='lat' dir='ltr'><strong>Cyprianum</strong></span> <span class='ocrx_word' id='word_1_931' title='bbox 2822 5462 2887 5513; x_wconf 91' lang='lat' dir='ltr'><strong>ad</strong></span> <span class='ocrx_word' id='word_1_932' title='bbox 2935 5460 3380 5527; x_wconf 83' lang='lat' dir='ltr'><strong>Demetrianntn;</strong></span> 
     </span>
    </p>
   </div>
   <div class='ocr_carea' id='block_1_128' title="bbox 1794 5527 3375 5603">
    <p class='ocr_par' dir='ltr' id='par_1_128' title="bbox 1794 5527 3375 5603">
     <span class='ocr_line' id='line_1_128' title="bbox 1794 5527 3375 5603; baseline 0.001 -22"><span class='ocrx_word' id='word_1_933' title='bbox 1794 5527 2260 5603; x_wconf 78' lang='lat' dir='ltr'><strong>Firmilianumad</strong></span> <span class='ocrx_word' id='word_1_934' title='bbox 2291 5527 2803 5603; x_wconf 9' lang='lat' dir='ltr'><strong>Cypr.,:epist.r75,</strong></span> <span class='ocrx_word' id='word_1_935' title='bbox 2840 5534 2993 5603; x_wconf 70' lang='lat' dir='ltr'><strong>apud</strong></span> <span class='ocrx_word' id='word_1_936' title='bbox 3034 5531 3197 5603; x_wconf 85' lang='lat' dir='ltr'><strong>Cypr.</strong></span> <span class='ocrx_word' id='word_1_937' title='bbox 3222 5544 3236 5589; x_wconf 85' lang='lat'><strong>;</strong></span> <span class='ocrx_word' id='word_1_938' title='bbox 3260 5534 3375 5603; x_wconf 52' lang='lat' dir='ltr'><strong>giu—</strong></span> 
     </span>
    </p>
   </div>
   <div class='ocr_carea' id='block_1_129' title="bbox 1793 5600 3374 5670">
    <p class='ocr_par' dir='ltr' id='par_1_129' title="bbox 1793 5600 3374 5670">
     <span class='ocr_line' id='line_1_129' title="bbox 1793 5600 3374 5670; baseline 0.003 -21"><span class='ocrx_word' id='word_1_939' title='bbox 1793 5600 2093 5666; x_wconf 80' lang='lat' dir='ltr'><strong>gustinum,</strong></span> <span class='ocrx_word' id='word_1_940' title='bbox 2124 5600 2218 5670; x_wconf 82' lang='lat' dir='ltr'><strong>lib.</strong></span> <span class='ocrx_word' id='word_1_941' title='bbox 2243 5615 2305 5666; x_wconf 89' lang='lat' dir='ltr'><strong>ll,</strong></span> <span class='ocrx_word' id='word_1_942' title='bbox 2331 5618 2450 5670; x_wconf 88' lang='lat' dir='ltr'><strong>cap.</strong></span> <span class='ocrx_word' id='word_1_943' title='bbox 2480 5602 2534 5668; x_wconf 71' lang='lat'><strong>2,</strong></span> <span class='ocrx_word' id='word_1_944' title='bbox 2563 5604 2635 5655; x_wconf 81' lang='lat' dir='ltr'><strong>De</strong></span> <span class='ocrx_word' id='word_1_945' title='bbox 2658 5602 2798 5656; x_wconf 82' lang='lat' dir='ltr'><strong>civit.</strong></span> <span class='ocrx_word' id='word_1_946' title='bbox 2831 5602 2956 5666; x_wconf 84' lang='lat' dir='ltr'><strong>Dei;</strong></span> <span class='ocrx_word' id='word_1_947' title='bbox 2983 5600 3223 5657; x_wconf 79' lang='lat' dir='ltr'><strong>edictum</strong></span> <span class='ocrx_word' id='word_1_948' title='bbox 3255 5600 3374 5654; x_wconf 83' lang='lat' dir='ltr'><strong>Ma-</strong></span> 
     </span>
    </p>
   </div>
   <div class='ocr_carea' id='block_1_130' title="bbox 1794 5669 3371 5743">
    <p class='ocr_par' dir='ltr' id='par_1_130' title="bbox 1794 5669 3371 5743">
     <span class='ocr_line' id='line_1_130' title="bbox 1794 5669 3371 5743; baseline 0.001 -22"><span class='ocrx_word' id='word_1_949' title='bbox 1794 5670 1984 5743; x_wconf 56' lang='lat' dir='ltr'><strong>aimini</strong></span> <span class='ocrx_word' id='word_1_950' title='bbox 2013 5669 2501 5743; x_wconf 18' lang='lat' dir='ltr'><strong>apudAEusebiunt,</strong></span> <span class='ocrx_word' id='word_1_951' title='bbox 2537 5674 2631 5727; x_wconf 91' lang='lat' dir='ltr'><strong>lib.</strong></span> <span class='ocrx_word' id='word_1_952' title='bbox 2683 5688 2758 5735; x_wconf 83' lang='lat' dir='ltr'><strong>Ix,</strong></span> <span class='ocrx_word' id='word_1_953' title='bbox 2790 5689 2912 5743; x_wconf 85' lang='lat' dir='ltr'><strong>cap.</strong></span> <span class='ocrx_word' id='word_1_954' title='bbox 2959 5673 3015 5737; x_wconf 84' lang='lat'><strong>6,</strong></span> <span class='ocrx_word' id='word_1_955' title='bbox 3058 5672 3371 5743; x_wconf 75' lang='lat' dir='ltr'><strong>Ecclesiusl.</strong></span> 
     </span>
    </p>
   </div>
   <div class='ocr_carea' id='block_1_131' title="bbox 1791 5738 3374 5812">
    <p class='ocr_par' dir='ltr' id='par_1_131' title="bbox 1791 5738 3374 5812">
     <span class='ocr_line' id='line_1_131' title="bbox 1791 5738 3374 5812; baseline 0.003 -21"><span class='ocrx_word' id='word_1_956' title='bbox 1791 5738 1919 5812; x_wconf 78' lang='lat' dir='ltr'><strong>ltisl.</strong></span> <span class='ocrx_word' id='word_1_957' title='bbox 1965 5739 2315 5812; x_wconf 63' lang='lat' dir='ltr'><strong>[.omtpletius</strong></span> <span class='ocrx_word' id='word_1_958' title='bbox 2357 5745 2423 5797; x_wconf 90' lang='lat' dir='ltr'><strong>de</strong></span> <span class='ocrx_word' id='word_1_959' title='bbox 2474 5745 2575 5797; x_wconf 88' lang='lat' dir='ltr'><strong>hac</strong></span> <span class='ocrx_word' id='word_1_960' title='bbox 2629 5738 2900 5798; x_wconf 70' lang='lat' dir='ltr'><strong>calumnia</strong></span> <span class='ocrx_word' id='word_1_961' title='bbox 2950 5744 3059 5812; x_wconf 74' lang='lat' dir='ltr'><strong>agit</strong></span> <span class='ocrx_word' id='word_1_962' title='bbox 3101 5742 3374 5799; x_wconf 87' lang='lat' dir='ltr'><strong>Arnobius</strong></span> 
     </span>
    </p>
   </div>
   <div class='ocr_carea' id='block_1_132' title="bbox 1793 5809 3047 5885">
    <p class='ocr_par' dir='ltr' id='par_1_132' title="bbox 1793 5809 3047 5885">
     <span class='ocr_line' id='line_1_132' title="bbox 1793 5809 3047 5885; baseline 0.006 -22"><span class='ocrx_word' id='word_1_963' title='bbox 1793 5811 1887 5865; x_wconf 85' lang='lat' dir='ltr'><strong>lib.</strong></span> <span class='ocrx_word' id='word_1_964' title='bbox 1923 5809 2159 5867; x_wconf 77' lang='lat' dir='ltr'><strong>iContra</strong></span> <span class='ocrx_word' id='word_1_965' title='bbox 2182 5824 2377 5884; x_wconf 80' lang='lat' dir='ltr'><strong>gentes,</strong></span> <span class='ocrx_word' id='word_1_966' title='bbox 2408 5830 2568 5885; x_wconf 86' lang='lat' dir='ltr'><strong>quem</strong></span> <span class='ocrx_word' id='word_1_967' title='bbox 2604 5815 2746 5871; x_wconf 86' lang='lat' dir='ltr'><strong>vide.</strong></span> <span class='ocrx_word' id='word_1_968' title='bbox 2783 5809 3047 5872; x_wconf 65' lang='lat' dir='ltr'><strong>Sermoni.</strong></span> 
     </span>
    </p>
   </div>
   <div class='ocr_carea' id='block_1_133' title="bbox 2982 5911 3059 5968">
    <p class='ocr_par' dir='ltr' id='par_1_133' title="bbox 2982 5911 3059 5968">
     <span class='ocr_line' id='line_1_133' title="bbox 2982 5911 3059 5968; baseline 0 0"><span class='ocrx_word' id='word_1_969' title='bbox 2982 5911 3059 5968; x_wconf 88' lang='lat'><strong>30</strong></span> 
     </span>
    </p>
   </div>
  </div>
