4002 6520
169 375 252 435 9H
1299 357 1576 413 CONTRA
1621 352 1900 412 CELSUM
1963 353 2092 409 LIB.
2127 349 2215 407 111.

3287 347 3395 404 942

166 495 215 548 τὸ
260 489 505 557 ἀνάλογον
537 484 610 556 τῷ
636 498 938 556 προσκυνου
947 480 1094 551 μένῳ
1135 478 1315 548 ἀλόγῳ
1367 476 1526 546 (duo;
1577 474 1713 526 ’Λλλ’

1846 471 2096 526 :hristum
2127 479 2307 524 autem
2343 468 2490 524 cruci
2523 465 2747 521 affixum
2776 464 3054 535 quidpiam
3085 479 3204 520 csse
3249 468 3391 534 quod

166 586 246 638 ἐὰν
265 582 413 635 τοῦτο
439 579 570 648 λέγῃ
606 576 686 646 (οὐ
709 575 818 647 γὰρ
850 574 977 627 ἄλλο
1015 591 1067 625 τι
1093 567 1246 642 οἶμαι
1276 573 1470 642 φήσειν
1504 569 1711 637 αὑτὸν),

167 675 522 746 ἀπαντήσομεν
551 669 656 742 (91)
688 670 769 722 ὅτι
801 668 1020 721 πλείονα
1055 668 1112 719 ὲν
1146 669 1259 728 τοῖς
1301 663 1560 733 ἀνωτέρω
1587 663 1716 732 ήμῖν

167 772 232 832 εἰς
282 762 612 833 κατασκευὴν
649 761 758 813 τῶν
802 759 942 813 κατά
974 759 1064 811 τὸν
1109 755 1317 828 Ἰησοῦν
1351 755 1606 825 εἴρηται,
1637 752 1717 805 ὅτι

168 863 244 914 καὶ
270 859 331 911 τὰ
363 856 616 910 δοκοῦντα
655 854 776 908 κατ’
809 851 1096 924 ἄνθρωπον
1135 849 1284 920 αὐτῷ
1315 847 1718 918 συμϐεϐηκέναι

166 952 419 1025 χρησίμως
449 949 670 1017 γέγονεν
704 948 762 999 ὲν
803 945 881 1016 τῷ
915 944 1075 999 παντὶ
1123 942 1232 1014 (92)
1265 983 1278 1005 ,
1313 943 1406 994 καὶ
1437 939 1720 1011 σωτηρίως

166 1045 229 1114 τῷ
254 1043 350 1114 ὅλῳ
375 1043 584 1113 κόσμῳ.

225 1217 342 1273 Εἶτα
364 1219 430 1273 τὰ
465 1219 565 1290 μὲν
607 1218 717 1272 τῶν
742 1219 1078 1288 Αἰγυπτίων,
1129 1216 1594 1289 σεμνολογούντων
1628 1216 1721 1266 καὶ

165 1311 221 1365 τὰ
245 1311 485 1381 περὶτῶν
522 1311 731 1380 ἀλόγων
757 1311 865 1380 (95)
897 1308 1072 1374 ζώων,
1109 1309 1203 1373 καὶ
1237 1309 1553 1378 φασκόντων
1586 1302 1721 1358 εἷναί

166 1423 268 1458 τινα
304 1404 436 1457 αὑτά
483 1403 622 1456 Θεοῦ
659 1403 937 1474 σύμόολα,
992 1402 1026 1472 ἢ
1062 1402 1208 1464 ὅπως
1257 1399 1407 1469 φίλον
1439 1398 1723 1469 ὀνομάζειν

166 1500 260 1561 τοῖς
298 1497 721 1568 χρηματίζουσιν
765 1494 944 1548 αὐτῶν
989 1493 1312 1564 προφήταις,
1347 1492 1480 1562 φησι
1532 1509 1549 1540 t
1587 1507 1722 1560 φαν-

166 1590 332 1644 τασίαν
383 1588 791 1654 ἐξαποστέλλειν
824 1590 936 1650 τοῖς
968 1586 1140 1640 ταῦτα
1201 1584 1596 1656 μεμαθηκόσιν,
1643 1584 1724 1637 ὅτι

171 1683 232 1754 μὴ
261 1683 424 1754 μάτην
462 1681 774 1754 μεμύηνται
800 1697 813 1710 ο
860 1700 876 1731 ι
909 1681 978 1733 τὰ
1009 1679 1055 1732 δ’
1094 1681 1151 1730 ὲν
1184 1682 1294 1742 τοῖς
1326 1679 1611 1750 ἡμετέροις
1637 1677 1725 1731 λό-

169 1793 267 1845 γοις
294 1776 393 1829 ἀπὸ
415 1774 508 1828 τοῦ
532 1774 866 1846 καλουμένου
897 1776 1048 1844 παρά
1077 1772 1153 1844 τῷ
1173 1772 1369 1843 Παύλῳ
1391 1772 1728 1842 χαρίσματος

169 1873 217 1922 ὲν
238 1869 306 1940 τῷ
326 1869 408 1922 διὰ
434 1867 529 1921 τοῦ
590 1869 906 1937 Πνεῦματος
960 1866 1102 1936 λόγῳ
1137 1864 1328 1934 σοφίας
1355 1905 1367 1927 ,
1417 1866 1512 1918 καὶ
1565 1866 1622 1917 ὲν
1648 1864 1728 1935 τῷ

171 1961 290 2014 κατά
311 1961 368 2013 τὺ
393 1960 622 2031 Πνεῦμα
657 1961 801 2031 λόγῳ
827 1958 1080 2029 γνώσεως
1106 1960 1489 2029 παριστάμενα
1509 1959 1620 2020 τοῖς
1670 1959 1727 2010 ὲν

171 2053 552 2124 Χριστιανισμῷ
583 2051 976 2124 πολυμαθέσιν,
1001 2051 1122 2105 οὐδὲ
1156 2050 1530 2119 πεφαντάσοαι
1565 2068 1655 2121 μοι
1701 2053 1729 2103 ό

173 2145 350 2209 Κέλσος
395 2146 563 2200 δοκεῖ·
622 2147 680 2199 οὐ
726 2146 886 2216 μόνον
920 2146 1030 2199 ἀπὸ
1078 2145 1306 2208 τούτων,
1365 2143 1500 2198 ἀλλά
1528 2143 1620 2197 καὶ
1671 2145 1731 2208 ἐξ

174 2232 235 2291 ὧν
257 2242 306 2291 ὲν
334 2242 437 2303 τοῖς
467 2238 598 2310 ἑξῆς
624 2236 945 2310 κατηγορῶν
979 2237 1072 2290 τοῦ
1107 2238 1449 2308 συστήματος
1481 2237 1733 2307 Χριστια-

175 2329 262 2384 νῶν
282 2331 448 2400 λέγει·
485 2332 562 2395 ώς
600 2351 618 2382 ‹
657 2331 834 2384 πάντα
867 2331 966 2402 μὲν
1002 2329 1163 2398 σοφὸν
1194 2329 1603 2382 ἀπελαυνόντων
1635 2328 1730 2382 τοῦ

175 2424 309 2491 λόγου
342 2425 446 2494 (94)
480 2424 585 2495 τῆς
635 2425 872 2487 πίστεως
907 2423 1106 2488 αὐτῶν,
1162 2423 1356 2494 μόνους
1389 2423 1446 2476 δὲ
1474 2423 1733 2495 ἀνοήτους

177 2517 253 2570 καὶ
281 2519 393 2582 τοὺς
424 2516 862 2588 ἀνδραποδώδεις
885 2515 1220 2569 καλούντων·
1263 2534 1281 2566 ι
1334 2517 1462 2588 περὶ
1491 2510 1566 2571 ὧν
1594 2516 1734 2570 κατὰ

179 2611 339 2681 καιρὸν
365 2611 645 2683 εἰσόμεοα,
681 2609 960 2680 γενόμενοι
989 2608 1129 2662 κατά
1154 2609 1246 2662 τὸν
1283 2609 1465 2662 τόπον.

237 2787 468 2866 Καίφῃσί
486 2808 550 2859 γε
575 2810 595 2841 ι
623 2789 770 2859 ἡμᾶς
800 2787 907 2840 τῶν
939 2788 1034 2859 μὲν
1059 2788 1372 2857 Αἰγυπτίων
1406 2787 1732 2859 καταγελᾷν,

182 2878 328 2932 καίτοι
357 2880 517 2934 πολλά
547 2881 648 2934 καὶ
681 2883 741 2935 οὐ
797 2882 976 2951 φαῦλα
1013 2882 1360 2953 παρεχόντων
1416 2881 1735 2952 αἰνίγματα,

183 2973 295 3025 ἐπὰν
335 2973 499 3027 ἰδεῶν
530 2975 741 3038 ἀϊδίων,
775 2977 869 3029 καὶ
895 2976 991 3046 οὐχ
1024 2977 1134 3046 (ὡς
1177 2974 1424 3029 δοκοῦσιν
1456 2976 1505 3028 οἰ
1535 2974 1736 3046 πολλοὶ)

183 3065 310 3127 ζώων
341 3068 654 3139 ἐφημερίων
682 3067 846 3138 τιμὰς
871 3064 1091 3121 εἶναιτὰ
1123 3064 1344 3120 τοιαῦτα
1375 3066 1734 3121 διδάσκουσιν·

1822 580 1944 618 cum
1964 563 2185 617 adorata
2209 562 2364 616 bruta
2393 561 2667 614 animante
2692 557 2886 612 merito
2904 557 3253 612 conferatur?
3271 559 3324 612 ιιι
3350 560 3395 613 si

1821 654 1992 719 dicat,
2027 668 2202 723 neque
2231 653 2379 707 enim
2417 651 2566 706 aliud
2593 651 2866 705 dicturum
2900 659 3050 720 puto,
3093 651 3396 720 responde-

1821 747 2000 800 bimus
2051 744 2216 799 multa
2256 744 2368 813 jam
2421 744 2477 797 in
2528 743 2906 811 superioribus
2939 758 2968 796 a
3021 743 3177 797 nobis
3230 743 3401 800 fuisse

1823 837 2057 892 adducta
2123 837 2189 889 ad
2231 834 2662 890 confirmandum
2711 850 3048 905 quaecunque
3101 837 3169 889 ad
3214 833 3398 888 Jesum

1821 929 2126 999 pertinent,
2159 926 2665 995 ostendendumth
2697 927 2850 980 utilia
2898 928 3026 982 huic
3056 927 3398 981 universitati

1822 1022 2194 1091 salutariaquc
2223 1017 2391 1092 458
2425 1020 2518 1073 toti
2555 1021 2754 1073 mundo
2808 1018 2981 1075 fuisse
3008 1061 3023 1087 ,
3059 1036 3178 1091 qua:
3208 1021 3280 1075 illi
3318 1037 3403 1076 se-

1824 1114 2061 1168 cundum
2105 1112 2382 1165 hominem
2412 1109 2660 1164 accidere
2692 1111 2808 1165 visa
2842 1119 2987 1165 sunt.

1895 1202 1987 1258 18.
2016 1201 2150 1268 Quia
2194 1216 2322 1255 vero
2349 1200 2588 1273 Egyptii
2646 1201 2937 1270 magnifica
2971 1201 3038 1255 de
3067 1202 3243 1258 brutis
3286 1204 3407 1258 ani-

1825 1295 2101 1347 mantibus
2147 1292 2464 1361 loquuntur,
2512 1291 2811 1360 dicuntque
2861 1292 2953 1346 illa
2999 1307 3121 1348 esse
3155 1296 3408 1364 quaedam

1829 1386 1922 1440 Dei
1949 1382 2200 1456 symbola
2238 1392 2329 1437 aut
2358 1395 2685 1452 quocunque
2720 1382 2827 1436 alio
2867 1383 3089 1437 nomine
3128 1397 3192 1438 ea
3225 1387 3411 1454 appel-

1826 1479 1940 1533 lare
1970 1478 2146 1532 visum
2172 1486 2255 1531 est
2284 1475 2499 1532 illorum
2529 1475 2830 1545 prophetis,
2862 1474 3118 1541 alIirniat,
3152 1495 3171 1528 ‹
3204 1478 3294 1546 qui
3323 1493 3411 1531 rc-

1830 1585 1946 1624 rnm
1974 1569 2190 1624 illarum
2229 1578 2356 1623 sunt
2381 1568 2567 1637 periti,
2605 1581 2703 1623 eos
2731 1566 2936 1634 induci,
2973 1576 3031 1621 ut
3059 1582 3120 1622 se
3148 1583 3256 1623 non
3297 1568 3414 1624 fru-

1831 1671 1942 1718 stra
2001 1663 2109 1717 illis
2163 1662 2408 1716 initiatos
2455 1675 2574 1716 esse
2619 1660 2884 1730 cogitent.
2937 1679 2955 1712 ι
3017 1663 3087 1716 At
3117 1676 3247 1717 vero
3291 1677 3414 1732 quae

1831 1757 2029 1826 gratia,
2086 1765 2143 1808 ut
2174 1755 2374 1811 Paulus
2404 1763 2566 1810 vocat
2605 1753 2673 1820 °‘,
2727 1756 2779 1808 in
2829 1769 3086 1810 sermone
3135 1757 3415 1825 sapientia:

1831 1865 1927 1917 per
1983 1848 2249 1917 Spiritum
2293 1858 2349 1904 et
2406 1849 2457 1901 in
2513 1862 2767 1903 sermone
2822 1849 3067 1904 scientia:
3109 1852 3411 1906 secundum

1831 1941 2092 2010 Spiritum
2122 1980 2138 2007 ,
2191 1941 2246 1995 in
2282 1951 2469 1994 nostra
2521 1941 2806 2011 disciplina
2853 1943 3051 2011 retegit
3095 1942 3163 1998 iis
3213 1945 3305 2012 qui
3361 1945 3413 1998 in

1829 2033 2252 2090 Christianismo
2283 2043 2413 2088 sunt
2443 2035 2664 2100 eruditi,
2702 2035 2766 2090 de
2800 2035 2866 2088 iis
2915 2050 2980 2088 ne
3015 2035 3231 2104 quidem
3263 2038 3415 2106 cogi-

1833 2136 1977 2183 tasse
2008 2126 2225 2182 Celsum
2275 2127 2536 2182 arbitror.
2569 2127 2907 2198 Argumento
2947 2139 3073 2183 sunt
3121 2143 3228 2182 non
3257 2131 3418 2186 modo

1832 2238 1951 2290 quae
1992 2236 2116 2277 mox
2147 2220 2308 2286 dixit,
2345 2220 2440 2275 sed
2489 2220 2654 2275 etiam
2701 2236 2822 2290 quae
2851 2215 2936 2276 ad
2989 2221 3418 2293 redarguendatn

1834 2315 2269 2391 Christianorum
2303 2312 2624 2367 societatem
2659 2313 2870 2383 profert
2922 2315 2977 2368 in
3011 2317 3366 2384 sequentibus
3399 2335 3412 2383 ;

1835 2409 2096 2463 nimirum
2146 2425 2164 2458 ‹
2206 2407 2458 2462 doctrina
2485 2405 2607 2460 fidei
2660 2405 2779 2461 illos
2817 2406 3144 2463 interdicere
3202 2409 3420 2477 sapien-

1838 2503 1982 2557 tibus
2012 2502 2292 2566 omnibus,
2319 2498 2610 2554 admittere
2637 2499 2783 2554 solos
2817 2499 3094 2568 stupidos,
3127 2501 3310 2556 servili
3341 2503 3422 2555 in-

1837 2595 1994 2665 genio
2018 2593 2289 2647 homines.
2324 2610 2343 2643 ι
2373 2592 2448 2645 De
2474 2590 2675 2661 quibus
2702 2604 2803 2644 suo
2831 2599 3071 2661 tempore
3096 2591 3422 2656 videbimus,

1838 2703 1962 2742 cum
2004 2690 2068 2740 ad
2099 2687 2243 2740 hunc
2272 2685 2450 2739 locum
2489 2692 2707 2738 ventum
2751 2684 2876 2738 erit.

1911 2780 2000 2836 19.
2029 2779 2212 2842 Addit,
2245 2795 2262 2827 ι
2302 2778 2461 2832 nobis
2497 2775 2786 2847 Egyptios
2837 2793 2956 2832 esse
2990 2777 3218 2832 ridiculo
3244 2820 3256 2840 ,
3292 2794 3422 2848 pro-

1841 2886 2042 2943 ponere
2085 2882 2266 2925 tamen
2329 2869 2501 2924 multa
2565 2884 2674 2922 non
2728 2869 3034 2938 spernenda
3090 2869 3422 2940 mnigmata;

1841 2962 2278 3034 quandoquidem
2314 2963 2462 3016 ideas
2487 2969 2748 3028 πίοι-ηοξ,
2773 2977 2881 3016 non
2911 2969 3116 3026 autem,
3140 2963 3284 3031 quod
3310 2963 3427 3016 vulv

1840 3071 1940 3127 gus
1969 3064 2144 3125 putat,
2178 3069 2301 3106 mox
2350 3053 2637 3109 interitura
2701 3053 2978 3121 animalia,
3016 3053 3274 3110 colendas
3305 3070 3429 3111 esse

184 3158 366 3228 εὐήθεις
390 3159 430 3212 δ’
449 3155 614 3224 εἶναι,
646 3159 809 3230 μηδὲν
840 3161 1161 3230 σεμνότερον
1184 3161 1401 3231 τράγων
1426 3159 1516 3211 καὶ
1538 3157 1733 3220 κυνῶν,

1846 3153 2111 3214 doceant;
2145 3161 2244 3201 nos
2274 3161 2402 3202 vero
2449 3148 2644 3203 stultos
2672 3163 2815 3212 esse,
2858 3149 2949 3217 qui
2997 3148 3047 3200 in
3086 3147 3172 3212 iis,
3206 3162 3326 3216 qua:
3361 3149 3430 3201 de

185 3249 410 3321 τῶνπαρ⁸
441 3251 796 3321 Αἰγυπτίοις,
834 3253 1151 3320 εἰσάγοντας
1202 3254 1258 3304 ἐν
1288 3255 1408 3316 ταῖς
1467 3254 1596 3324 περὶ
1647 3251 1735 3305 τοῦ

196 3342 339 3412 Ἰησοῦ
355 3344 657 3415 διηγήσεσι.
683 3363 700 3394 ι
721 3344 830 3396 Καὶ
848 3344 983 3416 πρὸς
1016 3343 1174 3397 τοῦτο
1201 3344 1256 3397 δὲ
1279 3345 1524 3416 φήσομεν
1544 3360 1557 3375 ο
1581 3345 1648 3395 Ἀ
1659 3345 1736 3416 ρ’,

186 3425 220 3482 ὦ
246 3439 450 3500 γενναῖε,
481 3435 541 3488 τὸ
569 3435 674 3506 μὲν
708 3436 1042 3502 Αἰγυπτίους
1091 3435 1261 3488 πολλά
1308 3437 1403 3489 καὶ
1452 3435 1512 3488 οὑ
1559 3434 1739 3503 φαῦλα

187 3525 482 3595 παρέχεσθαι
523 3525 863 3596 αἰνίγματα,
913 3527 1007 3578 καὶ
1058 3526 1289 3594 ἀσαφεῖς
1305 3525 1585 3597 διηγήσεις
1615 3527 1742 3596 περὶ

188 3617 272 3669 τῶν
293 3621 409 3689 παρ’
438 3621 625 3683 αὐτοῖς
642 3617 816 3683 ζώων,
847 3617 1082 3687 εὐλόγως
1100 3618 1344 3692 ἐπαίρεις
1376 3619 1453 3689 τῷ
1480 3617 1650 3689 λόγῳ·
1679 3619 1740 3671 οὐ

188 3707 378 3776 δεόντως
405 3711 459 3765 δὲ
495 3715 675 3776 ποιεῖς
705 3710 861 3783 ἡμῶν
897 3710 1216 3782 κατηγορῶν
1242 3751 1255 3773 ,
1303 3710 1378 3774 ώς
1423 3709 1742 3781 πειθόμενος

194 3800 328 3869 μηδὲν
355 3804 494 3873 ἡμᾶς
544 3803 728 3872 λέγειν
751 3842 766 3866 ,
799 3801 935 3856 ἀλλὰ
987 3804 1163 3856 πάντα
1194 3802 1408 3863 οὐδενὸς
1463 3801 1620 3870 λόγου
1649 3804 1743 3854 καὶ

192 3891 368 3958 φαῦλω
398 3895 530 3948 ὲπάν
561 3896 631 3949 τὰ
662 3895 790 3966 περί
821 3895 913 3948 τοῦ
957 3893 1130 3965 Ἰησοῦ
1164 3893 1308 3947 κατά
1334 3893 1432 3964 τὴν
1463 3893 1556 3946 τοῦ
1583 3893 1740 3962 λόγου

193 3985 352 4052 σοφίαν
367 3986 746 4059 διεξοδεύωμεν
766 3990 877 4052 τοῖς
894 3988 969 4052 ὡς
993 3990 1050 4040 ὲν
1067 3982 1478 4060 Χριστιανισμῷ
1498 3987 1739 4049 τελείοις·

193 4076 297 4143 περὶ
318 4070 404 4140 ὧν,
425 4078 498 4142 ὡς
530 4079 734 4133 ἱκανῶν
763 4079 1110 4149 ἀκοῦσαιτῆς
1139 4081 1198 4133 ὲν
1218 4077 1628 4150 Χριστιανισμῷ
1659 4095 1745 4130 σο-

195 4167 316 4232 φίας,
345 4169 603 4226 διδάσκων
628 4173 658 4225 ό
691 4169 904 4234 Παῦλός
933 4188 1064 4241 φησι
1086 4189 1098 4201 ·
1138 4190 1156 4219 ‹
1190 4171 1390 4239 Σοφίαν
1406 4171 1462 4224 δὲ
1480 4169 1745 4241 λαλοῦμεν

195 4261 242 4311 ὲν
261 4265 360 4325 τοῖς
386 4264 606 4328 τελείοις
627 4281 641 4294 ·
681 4264 872 4333 σοφίαν
897 4263 954 4315 δὲ
980 4263 1042 4316 οὐ
1063 4262 1156 4316 τοῦ
1178 4263 1372 4325 αἰῶνος
1391 4263 1604 4324 τούτου,
1627 4261 1748 4315 οὐδὲ

194 4349 283 4402 τῶν
296 4354 553 4426 ἀρχόντων
575 4353 672 4408 τοῦ
695 4355 888 4418 αίῶνος
913 4354 1102 4408 τούτου
1129 4353 1236 4407 τῶν
1262 4354 1742 4425 καταργουμένωνο

195 4443 308 4498 ἀλλὰ
333 4445 587 4520 λαλοῦμεν
616 4448 752 4500 Θεοῦ
788 4448 978 4517 σοφίαν
1009 4450 1067 4500 ὲν
1099 4446 1381 4517 μυστηρίῳ
1411 4447 1510 4516 τὴν
1543 4446 1746 4498 ἀποκε-

1844 3241 1972 3297 .Iesu
1997 3258 2026 3295 a
2057 3243 2212 3297 nobis
2235 3243 2509 3306 dicuntur,
2536 3240 2672 3294 nihil
2707 3242 2874 3295 hircis
2901 3240 3234 3308 canibusque
3258 3238 3428 3308 [Egy-

1846 3335 2046 3402 ptiacis
2098 3335 2333 3389 nobilius
2378 3331 2694 3387 aﬂ'erantus.
2737 3351 2756 3384 ι
2808 3333 2889 3386 Ad
2935 3348 3056 3401 quae
3091 3348 3190 3386 nos
3223 3349 3235 3384 :
3274 3332 3428 3396 Esto,

1846 3429 1931 3480 vir
1979 3427 2262 3497 praeclare,
2318 3423 2528 3481 meritis
2577 3421 2830 3479 laudibus
2886 3422 3120 3479 extollas
3159 3422 3328 3477 multa
3376 3432 3431 3476 et

1847 3539 1952 3577 non
1982 3521 2401 3586 contemnenda,
2454 3533 2573 3588 qua}
2617 3516 2854 3588 {Egyptii
2911 3525 3240 3586 proponunt,
3298 3517 3433 3570 aeni-

1847 3625 2027 3686 gtnala
2063 3613 2445 3681 involutasque
2489 3611 2557 3665 de
2599 3613 2712 3665 suis
2742 3610 3072 3664 animalibus
3110 3608 3432 3677 explicatio-

1849 3726 1982 3764 nes:
2022 3718 2080 3762 at
2113 3723 2219 3761 non
2269 3714 2418 3761 recte
2447 3705 2604 3771 facis,
2655 3720 2779 3759 cum
2828 3704 2893 3757 ad
2927 3717 3026 3758 nos
3071 3703 3432 3756 traducendus

1850 3802 1942 3856 tibi
1979 3801 2294 3854 inanimum
2330 3797 2568 3862 inducis,
2600 3797 2734 3851 nihil
2771 3811 2868 3850 nos
2899 3796 3103 3860 dicere,
3137 3803 3434 3864 nostraque

1847 3896 2028 3950 omnia
2055 3893 2229 3948 futilia
2255 3907 2394 3958 esse,
2425 3895 2627 3948 nullius
2657 3891 2841 3961 pretii,
2875 3891 3096 3958 quando
3124 3888 3209 3954 iis,
3248 3889 3338 3957 qui
3374 3888 3428 3940 in

1851 3987 2271 4043 Cltrislianisuto
2297 3997 2424 4043 sunt
2447 3984 2696 4056 perfecti,
2729 3984 2796 4038 de
2813 3981 2944 4038 Jcsu
2971 3981 3290 4037 disserimus
3313 3995 3436 4048 qua:

1851 4091 2050 4135 nostrae
2079 4081 2343 4135 doctrinae
2370 4077 2637 4150 sapientia
2673 4075 2830 4130 credi
2862 4072 3036 4142 jubet.
3073 4072 3146 4126 De
3177 4072 3338 4126 bisut
3367 4072 3434 4125 ad

1853 4173 2263 4244 intelligendam
2318 4173 2466 4228 illam
2500 4167 2911 4224 Christianismi
2954 4165 3278 4236 sapientiam
3318 4163 3434 4216 ido-

1852 4267 1968 4320 neis
1990 4265 2190 4320 Paulus
2211 4267 2328 4320 ait:
2357 4283 2376 4318 ι
2409 4261 2744 4334 Sapientiam
2778 4267 2962 4314 autem
2988 4257 3260 4326 loquimur
3293 4257 3435 4311 inter

1851 4358 2121 4429 perfectos
2147 4374 2163 4422 ;
2194 4357 2519 4428 sapientiam
2553 4368 2684 4410 vero
2713 4367 2819 4407 non
2839 4351 2999 4422 hujus
3025 4350 3231 4414 saeculi,
3259 4364 3436 4418 neque

1853 4451 2160 4522 principum
2210 4449 2370 4519 hujus
2398 4448 2581 4504 saeculi
2606 4447 2700 4517 qui
2729 4446 3114 4510 destruantur;
3146 4443 3238 4498 sed
3265 4443 3440 4510 loqui-

197 4539 500 4608 κρυμμένην,
530 4542 597 4610 ἣν
629 4537 938 4611 προώρισεν
957 4541 984 4591 ὁ
1008 4538 1139 4600 Θεὸς
1165 4536 1269 4610 πρὸ
1297 4536 1403 4588 τῶν
1440 4535 1648 4588 αἰώνων
1665 4537 1733 4598 εἰς

1855 4559 1978 4600 mur
2046 4541 2142 4596 Dei
2200 4540 2524 4612 sapientiam
2580 4538 2634 4591 in
2696 4535 2960 4606 mysterio
3019 4534 3432 4600 absconditam,

197 4625 325 4692 δόξαν
345 4632 512 4701 ἡμῶν,
535 4633 601 4704 ἢν
633 4632 813 4698 οὐδεὶς
835 4629 942 4683 τῶν
970 4629 1244 4700 ἀρχόντων
1276 4628 1368 4680 τοῦ
1399 4627 1595 4689 αίῶνος
1624 4628 1745 4680 τού-

198 4733 273 4769 του
297 4719 505 4788 ἔγνωκε.
541 4743 559 4774 ι

257 4907 351 4960 Καί
376 4925 548 4979 φαμεν
581 4911 693 4969 τοῖς
724 4903 1112 4976 ὁμονοοῦσιτῷ
1138 4903 1348 4971 Κέλσῳ,
1379 4903 1459 4956 ὅτι
1492 4903 1746 4972 οὐδεμίαν

200 4995 288 5067 ἄρα
312 4998 705 5069 φανταζόμενος
756 4997 951 5066 σοφίαν
995 4998 1022 5048 ό
1067 4995 1277 5058 Παῦλος
1326 4994 1702 5068 ὑπερέχουσαν
1731 5035 1745 5059 ,

199 5089 533 5160 ἐπηγγέλλετο
567 5093 760 5160 σοφίαν
803 5089 984 5144 λαλεῖν
1014 5091 1071 5142 ὲν
1098 5091 1211 5150 τοῖς
1241 5087 1494 5150 τελείοις·
1529 5088 1750 5142 ἐπειδὰν

199 5176 245 5229 δὲ
270 5183 394 5234 κατά
425 5184 482 5236 τὸ
510 5182 700 5236 ἑαυτοῦ
733 5181 906 5252 θρασὺ
935 5182 1105 5254 φήσῃ,
1131 5181 1212 5232 ὅτι
1239 5179 1390 5232 οὐδὲν
1415 5179 1552 5250 ἔχων
1586 5180 1748 5248 σοφὸν

263 5345 302 5375 ⁶⁰
334 5345 348 5399 l
378 5344 503 5400 Cor.
534 5362 634 5410 xu,
663 5346 716 5400 8.
797 5348 839 5377 “
876 5346 890 5399 Ι
926 5344 1052 5400 Cor.
1094 5361 1152 5408 ll,
1187 5344 1219 5398 6
1245 5361 1398 5414 seqq.

258 5505 361 5574 (ΘΙ)
397 5505 868 5573 Ἀπαντήσομεν.
902 5503 1069 5557 [lecte
1099 5505 1266 5556 codex
1301 5500 1569 5565 Julianus,
1609 5503 1748 5557 male

202 5589 309 5626 vero
342 5577 460 5629 libb.
492 5587 648 5629 antea
673 5578 880 5637 excusi,
923 5575 1389 5644 ἀπαντησόμενον.

254 5645 354 5714 (92)
394 5648 492 5700 Ἐν
521 5646 599 5711 τῷ
633 5645 830 5698 παντί.
883 5642 1138 5698 Βειοιιάιι
1168 5642 1378 5699 videtur
1414 5642 1631 5707 vocula,
1661 5644 1738 5706 ὲν,

204 5727 309 5767 nata
331 5733 358 5768 e
385 5720 698 5785 prarcedcnti
726 5715 966 5785 γέγονεν.

264 5782 668 5856 (95)”Α.1.ὀγων.
702 5782 1039 5840 ilteschelius
1065 5784 1118 5838 in
1156 5795 1300 5838 textu
1337 5783 1523 5856 habet,
1545 5782 1736 5850 ἄλλων,

207 5853 369 5924 sicque
397 5853 556 5912 codex
585 5856 846 5922 Julianus,
880 5860 972 5911 sed
1007 5857 1196 5927 reliqui
1239 5872 1393 5919 mss.,
1431 5853 1659 5922 ἀλόγων.

1851 4651 2016 4708 quam
2059 4632 2467 4706 praedestinavit
2514 4631 2654 4684 Deus
2703 4638 2829 4683 ante
2885 4627 3078 4682 szecula
3123 4627 3176 4680 in
3205 4626 3435 4696 gloriam

1855 4738 2119 4789 nostram,
2153 4742 2320 4796 quam
2364 4740 2526 4781 nemo
2577 4724 2885 4796 principum
2932 4719 3092 4789 hujus
3129 4720 3309 4776 saeculi
3341 4735 3436 4774 co-

1853 4822 2039 4894 gnovit
2073 4823 2138 4874 ⁶¹.
2170 4839 2187 4871 ι

1918 4915 2007 4969 20.
2044 4915 2144 4969 Hic
2179 4912 2318 4968 Celsi
2369 4914 2608 4966 asseclas
2645 4911 2946 4978 interrogo,
3002 4922 3068 4960 an
3107 4904 3334 4968 Paulus,
3387 4905 3432 4958 si

1851 5009 2050 5062 nullam
2091 5009 2274 5061 animo
2310 5004 2658 5059 informatum
2687 5001 2972 5056 habuisset
2994 4999 3320 5054 excellentis
3349 5013 3438 5052 sa-

1855 5100 2075 5172 pientiae
2125 5099 2426 5161 notionem,
2457 5097 2802 5166 promisisset
2834 5108 2891 5146 se
2923 5092 3245 5162 sapientiam
3289 5090 3433 5142 locu-

1861 5203 2039 5247 turum
2063 5205 2185 5244 esse
2217 5190 2358 5242 inter
2387 5187 2694 5257 perfectos?
2723 5185 2992 5252 Quoniam
3020 5196 3168 5251 vero,
3195 5195 3312 5249 quae
3339 5195 3435 5232 sua

1933 5504 2045 5575 (94)
2079 5505 2190 5559 Τοῦ
2218 5506 2425 5574 λόγου.
2449 5503 2650 5559 Omnes
2683 5518 2814 5556 mss.
2841 5499 3218 5575 italtent,tob;
3243 5497 3436 5575 λόγους

1858 5570 2089 5644 excepto
2125 5570 2598 5632 veteri'Vaticann
2649 5575 2738 5640 qui
2782 5573 2999 5642 quidem
3061 5570 3434 5644 hab_et_prim;t

1858 5638 2044 5709 manu,
2081 5647 2208 5710 τοὺς
2237 5645 2448 5714 λόγους,
2483 5647 2576 5698 sed
2631 5638 2864 5698 secunda
2899 5657 3055 5714 manu
3093 5638 3391 5714 τοῦῌλόγου
3418 5679 3433 5702 ,

1858 5727 2025 5771 recte.
2055 5709 2196 5770 Mox
2221 5709 2358 5770 idem
2393 5717 2558 5770 codex
2603 5714 2922 5773 Vaticanus,
2963 5712 3157 5781 μόνους
3185 5709 3241 5761 δὲ
3270 5709 3434 5778 ἀνοή-

1851 5804 1995 5851 τους.
2031 5786 2086 5842 ln
2117 5799 2274 5842 antea
2303 5789 2520 5843 excusis
2548 5786 2696 5842 deest
2724 5783 2988 5855 particula
3021 5781 3100 5834 δέ.
