3902 6414
532 347 639 405 943

1976 333 2090 391 ORI

2197 331 2302 387 NlS
3681 326 3760 383 ll“

532 468 618 516 est
673 456 998 515 conﬁdentia
1025 494 1041 521 ,
1079 455 1226 510 dicet
1256 455 1405 510 lllum
1429 496 1443 522 ,
1484 455 1606 510 licet
1665 451 1800 508 nihil
1835 449 2090 521 sapientia

2214 445 2383 499 ταῦτα
2409 445 2773 516 ἐπηγγέλλετο
2792 461 2804 474 ⁸
2845 440 3386 515 ἀνταποκρινούμεθα
3425 440 3580 512 αὐτῷ
3610 440 3764 509 λέγον⁵

535 549 853 610 habentem,
894 546 1008 600 haec
1047 555 1226 600 tamen
1278 545 1594 615 promisisse
1628 584 1642 607 ,
1678 551 1867 597 contra
1903 554 2105 609 repono

531 643 614 699 sic
642 664 652 696 :
685 638 763 694 Tu
799 639 1032 708 primum
1083 639 1326 693 edissere
1355 635 1471 705 ejus
1500 636 1592 705 qui
1643 635 1758 688 haec
1787 633 1920 688 dicit
1977 632 2106 702 Epi-

531 732 730 798 stolas;
756 740 811 786 et
833 731 1070 800 inspecta
1096 739 1277 784 mente
1306 729 1642 798 singularum
1668 728 1960 782 dictionum
1989 740 2109 794 quae

531 829 604 884 ibi
639 827 889 896 leguntur
906 864 922 890 ,
953 825 1007 877 in
1037 822 1103 877 iis
1128 822 1360 892 exempli
1385 837 1549 877 causa
1572 835 1710 889 quas
1731 819 1796 874 ad
1819 817 2105 889 Ephesios,

530 922 597 976 ad
628 920 1004 979 Colosscnses.
1043 916 1110 970 ad
1143 913 1765 976 Thessalonicenses,ad
1798 912 2106 980 Philippeu-

529 1030 641 1080 ses,
674 1015 741 1068 ad
775 1011 1056 1067 Romanos
1079 1008 1338 1078 scripsit;
1369 1007 1473 1062 hoc
1504 1015 1794 1074 utrumque
1823 1003 1988 1076 459
2014 1005 2106 1059 de-

530 1115 799 1168 monstra,
831 1113 886 1158 et
909 1115 961 1156 te
990 1115 1276 1157 sermones
1304 1099 1457 1153 Pauli
1489 1099 1842 1165 intellexisse,
1869 1109 1920 1152 et
1943 1112 2106 1166 quos-

529 1199 656 1253 dam
693 1197 909 1251 illorum
945 1194 1198 1250 inventos
1230 1208 1258 1245 a
1303 1201 1355 1247 te
1387 1189 1560 1246 fuisse
1595 1190 1786 1246 stultos
1813 1204 1877 1244 ac
1905 1189 2102 1244 fatuos.

527 1288 585 1343 Si
619 1289 765 1342 enim
793 1285 1052 1357 praesenti
1085 1293 1402 1354 attentoque
1435 1284 1618 1338 animo
1639 1283 1758 1337 illas
1781 1282 2102 1348 versaverit,

527 1381 828 1436 mirabitur
861 1389 945 1434 sat
975 1379 1089 1433 scio
1122 1378 1397 1447 ingenium
1433 1376 1671 1431 hominis
1702 1391 1893 1444 magna
1925 1376 2103 1429 verbis

529 1473 852 1545 vulgaribus
887 1470 1280 1542 exprimentis;
1323 1479 1416 1524 aut
1447 1470 1491 1524 si
1521 1483 1628 1522 non
1663 1468 1962 1523 admiratus
1989 1467 2104 1522 fue-

529 1567 626 1632 rit,
664 1567 779 1637 ipse
809 1564 1175 1635 perridiculus
1228 1563 1544 1627 videbitur;
1581 1561 1694 1616 sive
1719 1568 1951 1615 mentem
2001 1559 2102 1614 viri

526 1668 830 1722 assecutus,
869 1658 1015 1711 illam
1051 1664 1434 1726 reprmsentet;
1466 1654 1581 1709 sive
1609 1652 1742 1708 velit
1783 1654 2102 1723 impugnare

528 1763 581 1807 et
635 1759 881 1808 evertere
913 1765 1034 1820 quae
1067 1749 1169 1803 sibi
1196 1749 1343 1803 visus
1377 1746 1540 1801 luerit
1569 1743 1920 1801 intellexisse.

593 1847 684 1901 2-1.
719 1842 1034 1913 Nequedum
1097 1841 1288 1910 loquor
1311 1839 1376 1894 de
1407 1837 1660 1894 omnibus
1691 1850 1810 1906 quae
1843 1836 1894 1889 in
1923 1833 2101 1888 Evan-

523 1939 678 2010 geliis
701 1936 906 2004 scripta
933 1933 1097 2003 digna
1155 1940 1282 1986 sunt
1311 1945 1432 1999 qua:
1457 1929 1838 1986 observentur.
1894 1925 2098 1980 Horum

522 2029 947 2101 unumquodque
986 2026 1255 2079 rationem
1292 2023 1452 2078 habet
1483 2022 1708 2075 multam
1760 2018 2101 2073 animadver-

520 2140 693 2196 suque
727 2123 1002 2179 difﬁcilem
1064 2134 1171 2173 non
1230 2117 1388 2187 vulgo
1418 2117 1591 2170 solum
1613 2152 1628 2178 ,
1664 2112 1756 2168 sed
1787 2120 1841 2166 et
1880 2109 2099 2180 quibus-

519 2221 646 2274 dam
686 2233 753 2273 ex
789 2215 1203 2289 intelligentiam
1238 2224 1483 2265 numero.
1541 2206 1766 2262 Accedit
1834 2202 2099 2272 expositio

521 2308 898 2381 parabolarum
931 2306 1219 2368 altissima,
1247 2317 1384 2372 quas
1419 2299 1574 2354 Jesus
1602 2297 1876 2352 extraneis
1901 2309 2097 2348 narra-

517 2408 631 2467 bat,
657 2412 868 2458 servata
892 2397 1258 2467 explicatione
1293 2395 1379 2457 iis,
1405 2391 1497 2462 qui
1537 2389 1760 2444 meliore
1809 2401 1971 2456 quam
1999 2401 2097 2441 ex-

520 2496 694 2553 tranei
721 2493 913 2549 auditu
970 2499 1188 2556 esseut,
1221 2497 1276 2543 et
1310 2485 1399 2556 qui
1440 2483 1510 2539 ad
1561 2483 1735 2552 ipsum
1791 2494 1911 2534 sese
1947 2478 2093 2534 domi

521 2591 773 2664 privatim
808 2588 1185 2658 adiungerent.
1235 2578 1613 2638 Admirabitur
1651 2575 1813 2632 etiam
1850 2571 2095 2643 cogitans

514 2701 623 2757 qua
659 2684 873 2738 ratione
935 2679 1152 2750 quidam
1216 2673 1487 2738 extranei,
1550 2670 1772 2742 quidam
1809 2665 2090 2722 domestici

513 2787 801 2834 vocentur.
832 2774 994 2830 Eccui
1040 2785 1190 2837 vero,
1222 2769 1380 2824 modo
1411 2779 1606 2835 capere
1639 2770 1823 2830 queat,
1852 2758 2094 2812 admira-

516 2873 648 2928 tioni
672 2886 778 2926 non
807 2877 970 2924 erunt
1001 2865 1127 2921 Jesu
1163 2862 1538 2933 migrationcs,
1568 2856 1730 2910 modo
1790 2851 2093 2909 ascenden-

514 2968 585 3021 tis
610 2966 663 3021 in
697 2971 935 3019 montem
990 2971 1051 3016 ut
1109 2956 1353 3029 quaedam
1406 2951 1557 3007 dicat
1603 2948 1834 3003 faciatve
1890 2955 1983 3001 aut
2035 2959 2096 3001 se

512 3055 906 3128 transﬁguret;
964 3051 1124 3108 modo
1184 3045 1326 3102 infra
1380 3043 1622 3098 curantis
1687 3040 1930 3095 inﬁrmos
1993 3053 2093 3094 nec

508 3151 759 3206 valentes
788 3146 1085 3202 ascendere
1142 3154 1248 3211 quo
1288 3135 1438 3191 illum
1507 3132 1754 3203 discipuli
1789 3133 2095 3202 sequeban-
2121 3167 2163 3224 ο

511 3240 639 3296 tur?
670 3238 777 3294 Sed
805 3235 896 3291 hic
927 3249 1036 3289 non
1069 3233 1219 3286 locus
1255 3237 1338 3283 est
1369 3224 1659 3280 enarrandi
1691 3237 1812 3292 qua:
1843 3237 1968 3278 vere
1997 3238 2094 3277 au-

511 3341 671 3404 gusta
737 3339 866 3385 sunt
897 3337 952 3382 et
979 3324 1161 3380 divina
1202 3321 1256 3374 in
1283 3317 1597 3388 Evangeliis
1621 3323 1674 3370 et
1706 3314 1935 3378 Christi,
1993 3315 2096 3370 hoc

510 3433 598 3480 est
630 3419 913 3492 sapientiae
935 3426 989 3471 et
1019 3412 1184 3469 Verbi
1213 3413 1268 3467 in
1298 3408 1467 3465 Paulo
1501 3407 1766 3477 loquentis
1785 3448 1800 3473 ,
1835 3415 2090 3460 mentem.

512 3513 660 3570 Satis
711 3510 914 3566 fuerint
956 3519 1078 3576 qua:
1109 3501 1218 3558 dixi
1259 3503 1325 3557 ad
1363 3499 1765 3572 reprimendam
1814 3497 2091 3566 indignam

511 3604 835 3677 philosopho
857 3601 1003 3657 Celsi
1036 3599 1371 3661 irrisionem,
1388 3593 1503 3649 ausi
1525 3592 1887 3648 reconditiora
1906 3589 2092 3646 Eccle-

509 3701 604 3755 sia:
623 3700 717 3754 Dei
743 3697 996 3769 mysteria
1015 3709 1138 3748 cum
1155 3689 1535 3761 Egyptiorum
1551 3686 1878 3751 felibus,aut
1893 3683 2088 3747 simiis,

509 3803 606 3849 aut
626 3791 937 3855 crocodilis,
975 3799 1070 3843 aut
1101 3784 1289 3847 hircis,
1321 3790 1417 3836 aut
1442 3779 1670 3836 canibus
1701 3791 2040 3847 comparare.

582 3885 676 3939 22.
709 3883 848 3951 Quin
880 3891 935 3938 et
963 3891 1022 3934 ut
1046 3877 1250 3934 nullam
1276 3873 1515 3946 speciem
1551 3870 1964 3927 obtrectationis
2019 3871 2092 3924 ir-

509 3978 844 4047 risionisque
901 3973 1164 4042 reliquam
1202 3969 1405 4023 faceret
1446 3979 1641 4021 scurra
1676 3963 1798 4028 ille,
1845 3963 2089 4018 nominat

508 4073 563 4129 in
586 4085 684 4126 suo
718 4078 908 4124 contra
957 4080 1057 4122 nos
1089 4062 1292 4132 scripto
1339 4058 1478 4115 libro
1509 4057 1819 4120 Dloscuros,
1876 4055 2086 4112 Hercu-

507 4165 640 4229 lem,
675 4159 1065 4230 Esculapium,
1106 4155 1404 4214 Bacchum,
1438 4150 1530 4220 qui
1561 4149 1702 4220 apud
1755 4147 1970 4204 Graecos
2020 4161 2086 4202 ex

505 4253 820 4312 hominibus
846 4253 899 4306 in
935 4251 1159 4306 deorum
1190 4258 1475 4301 numerum
1507 4241 1663 4298 relati
1696 4240 2082 4305 credebantur,

503 4357 560 4403 et
589 4347 711 4402 aitc
751 4360 850 4401 nos
877 4357 985 4398 non
1019 4340 1186 4406 ferre,
1219 4340 1265 4394 si
1314 4352 1412 4409 pro
1452 4335 1556 4390 diis
1613 4333 1694 4409 illi
1759 4332 2082 4396 habeantur,

499 4442 649 4510 quia,
678 4435 1034 4508 quantumvis
1061 4431 1228 4486 multa
1265 4408 1480 4485 fortiter
1522 4408 1621 4498 pro
1647 4425 1956 4504 hominibus
2007 4422 2085 4477 fe-

499 4534 700 4599 cerint,
748 4530 1000 4586 homines
1035 4536 1218 4582 tamen

496 4641 628 4681 vero
657 4623 840 4680 Jesum
880 4629 1153 4677 mortuum
1181 4632 1212 4672 a
1243 4615 1358 4671 suis
1423 4612 1695 4670 sodalibus
1729 4617 2080 4678 conspectum

495 4717 696 4782 fuisse;
730 4736 749 4770 ι
783 4715 1042 4785 additque
1071 4706 1481 4770 criminationi,
1535 4718 1654 4769 nos,
1689 4717 1812 4758 cum
1851 4699 2080 4755 dicimus

499 4827 519 4860 ε
561 4808 714 4862 illum
774 4813 1126 4877 conSpectum
1184 4815 1327 4866 esse,
1387 4798 1443 4853 id
1491 4795 1562 4852 de
1614 4795 1804 4849 umbra
1852 4787 2080 4859 intelligi

495 4899 658 4955 velle.
701 4917 719 4951 ι
757 4898 1176 4968 Respondemus
1222 4896 1288 4948 ad
1332 4893 1468 4960 haec,
1523 4888 1717 4945 callide
1748 4885 1836 4938 hic
1858 4881 2076 4938 Celsum

495 5003 674 5059 neque
703 4987 862 5058 plane
911 4988 1249 5058 expressisse
1282 4999 1341 5040 se
1375 4997 1481 5037 non
1535 4979 1715 5035 colere
1766 4972 2073 5046 hujusmodi

495 5085 646 5147 deos,
679 5082 878 5150 quippe
904 5081 1138 5136 veritum
1170 5091 1238 5133 ue
1267 5077 1358 5147 qui
1395 5076 1447 5129 in
1471 5073 1589 5144 ejus
1633 5069 1832 5124 librum
1863 5066 2073 5123 incide-

567 5292 684 5362 (95)
712 5288 1128 5362 Παραστήσαι.
1159 5286 1532 5362 Hanc_vocem_
1553 5283 1697 5362 delet
1721 5283 1984 5362 Gelenius
2023 5290 2079 5336 et

493 5354 958 5428 setittentia'legit
986 5354 1039 5413 in
1089 5365 1259 5413 recto.
1310 5357 1442 5428 Ego
1468 5355 1667 5409 addere
1719 5354 1917 5428 malim
1949 5365 2074 5428 cum

492 5420 778 5487 Boherello
809 5420 1063 5495 δύνασαι,
1116 5428 1262 5496 quod
1320 5420 1477 5480 facile
1525 5434 1745 5495 propter
1783 5423 1844 5476 τὸ
1895 5420 2080 5492 ὁμοιό-

492 5518 706 5558 πτωτον
725 5502 1008 5557 exciderit.

563 5572 677 5644 (96)
708 5569 1091 5644 Πειρώμεγος.
1121 5567 1223 5644 _Sic-
1244 5578 1434 5644 omnes
1451 5573 1832 5644 insenescepto
1862 5561 2076 5644 Joliano

489 5631 583 5711 qui
617 5631 670 5697 in
712 5631 859 5697 textu
888 5631 1080 5711 habet,
1115 5636 1454 5711 βουλόμενος.
1480 5633 1712 5711 ‘lbidem,
1742 5631 2072 5711 ’ἐφαντάσθη

489 5702 1012 5784 ἀύτὸνννενοηκέναι.
1055 5702 1207 5784 Loco
1238 5702 1768 5784 _ait’r:6v,_legem_l_mn_
1814 5703 1952 5756 forte
1980 5702 2068 5784 ἄν,

491 5793 587 5840 aut
605 5783 770 5838 αὐτόν
797 5773 1018 5845 όιιιιιὶιιο
1058 5779 1381 5842 delendum,
1415 5773 1516 5831 nisi
1539 5773 1709 5830 malis
1754 5774 1935 5840 legere
1967 5773 2066 5826 αὐ-

2210 555 2300 602 τες
2319 554 2331 567 ·
2361 537 2583 610 Πρῶτον
2604 537 2898 607 σαφήνισον
2922 534 3016 589 τοῦ
3039 535 3208 588 ταῦτα
3229 535 3485 602 λέγοντος
3515 533 3612 596 τὰς
3645 533 3763 588 Ἐπι-

2210 628 2435 692 στολάς·
2473 627 2567 679 καὶ
2610 627 2921 690 ένατενίσας
2972 625 3051 696 τῷ
3090 624 3389 696 βουλήματι
3447 625 3683 695 ἑκάστης
3719 626 3764 678 ὲν

2208 721 2401 784 αὐταῖς
2426 718 2623 783 λέξεως
2667 720 2685 790 (
2716 718 2835 790 φέρ’
2865 721 3039 772 εἰπεῖν
3083 720 3146 789 τῇ
3178 718 3315 788 πρὸς
3350 717 3666 786 Ἐφεσίους,
3692 717 3765 769 καὶ

2209 809 2346 882 πρὸς
2365 809 2719 872 Κολασσαεῖς,
2745 809 2843 862 καὶ
2870 812 2936 880 τῇ
2965 809 3100 880 πρὸς
3119 807 3555 870 Θεσσαλονικεῖς,
3585 806 3677 859 καὶ
3695 807 3764 859 Φι-

2207 901 2534 973 λιππησίους
2553 942 2566 966 ,
2596 903 2690 955 καὶ
2717 902 2852 974 πρὸς
2896 901 3239 972 Ῥωμαίους),
3276 899 3570 971 ἀμφότερα
3599 899 3761 963 δεῖξον,

2197 994 2301 1047 καὶ
2328 995 2410 1047 ὅτι
2439 995 2700 1066 νενόηκας
2728 996 2853 1057 τοὺς
2887 993 3100 1047 Παύλου
3123 993 3336 1061 λόγους,
3372 992 3470 1044 καὶ
3503 993 3584 1044 ὅτι
3614 1006 3762 1062 παρα-

2207 1086 2400 1156 στῆσαι
2421 1086 2532 1158 (95)
2563 1086 2778 1157 εὐήθεις
2800 1085 2950 1150 τινὰς
2979 1085 3012 1157 ἢ
3037 1085 3294 1156 ἠλιθίους.
3334 1082 3466 1138 Ἐὰν
3493 1085 3602 1153 γὰρ
3626 1081 3765 1150 ἐπιδῷ

2205 1176 2396 1230 ἑαυτὸν
2426 1179 2491 1247 τῇ
2521 1173 2660 1247 μετὰ
2683 1175 2777 1229 τοῦ
2807 1174 3092 1245 προσέχειν
3124 1171 3430 1241 ἀναγνώσει
3452 1213 3468 1238 ,
3504 1167 3563 1225 εὖ
3590 1167 3680 1223 οἷδ’
3701 1171 3764 1222 ὃτι

2205 1267 2238 1339 ἢ
2269 1267 2602 1338 θαυμάσεται
2630 1266 2722 1320 τὸν
2750 1264 2872 1318 νοῦν
2897 1265 2990 1318 τοῦ
3018 1264 3208 1335 ἀνδρὸς
3230 1303 3246 1329 ,
3279 1265 3339 1316 ὲν
3377 1263 3619 1332 ἰδιωτικῇ
3649 1259 3764 1324 λέξει

2209 1359 2418 1430 μεγάλα
2444 1356 2838 1431 περινοοῦντος,
2869 1356 2904 1425 ἢ
2933 1354 3007 1426 μὴ
3035 1353 3340 1425 Θαυμάσας,
3367 1353 3536 1414 αὐτὸς
3562 1351 3765 1420 καταγέ-

2206 1450 2400 1514 λαστος
2429 1454 2710 1522 φανεῖται·
2771 1449 2882 1501 εἴτε
2909 1447 3258 1518 διηγούμενος
3297 1446 3375 1510 ὼς
3430 1444 3694 1515 νενοηκὼς
3719 1442 3767 1495 τὸ

2208 1544 2451 1614 βούλημα
2480 1542 2573 1596 τοῦ
2606 1541 2825 1615 ἀνδρὸς,
2856 1542 2890 1613 ἢ
2919 1541 3013 1595 καὶ
3033 1538 3332 1608 ἀντιλέγειν
3354 1539 3450 1591 καὶ
3470 1534 3766 1608 ἀνατρέπειν

2205 1631 2543 1704 πειρώμενος
2575 1633 2682 1704 (96)
2713 1633 2750 1686 ἃ
2779 1630 3090 1702 ὲφαντάσθη
3125 1630 3291 1684 αὐτὸν
3314 1628 3649 1700 νενοηκέναι.

2129 1802 2173 1857 Β
2273 1811 2382 1866 Καὶ
2411 1809 2563 1864 οὔπω
2590 1809 2732 1879 λέγω
2775 1809 2902 1882 περὶ
2934 1811 3030 1882 τῆς
3059 1813 3115 1863 ὲν
3148 1812 3260 1873 τοῖς
3297 1809 3654 1879 Εύαγγελίοις
3691 1825 3766 1877 τη-

2205 1905 2415 1976 ρήσεως
2448 1903 2664 1956 πάντων
2704 1902 2810 1955 τῶν
2852 1902 3255 1974 γεγραμμένων
3275 1918 3290 1932 ο
3317 1896 3393 1954 ὧν
3425 1902 3653 1954 ἕκαστον
3685 1916 3762 1951 πο-

2199 1995 2292 2050 λὺν
2321 1995 2414 2048 καὶ
2437 1994 2810 2065 δυσθεώρητον
2843 1995 2904 2047 ού
2941 1995 3098 2064 μόνον
3132 1996 3244 2057 τοῖς
3271 1992 3509 2058 πολλοῖς,
3536 1991 3664 2046 ἀλλὰ
3692 1990 3764 2043 καί

2197 2105 2306 2140 τισι
2350 2086 2458 2139 τῶν
2505 2085 2740 2138 συνετῶν
2784 2087 3027 2158 περιέχει
3079 2085 3267 2154 λόγον,
3309 2084 3505 2156 ἔχοντα
3547 2084 3764 2154 διήγησιν

2200 2179 2505 2251 βαθυτάτην
2556 2178 2897 2250 παραϐολῶν,
2942 2173 3016 2233 ῶν
3046 2182 3157 2242 τοῖς
3187 2177 3292 2244 ἔξω
3333 2177 3598 2250 ἐλάλησεν
3629 2178 3654 2228 ὁ
3682 2176 3763 2246 Ἰη-

2201 2269 2346 2333 σοῦς,
2380 2270 2559 2344 τηρῶν
2599 2271 2778 2324 αὐτῶν
2820 2271 2919 2342 τὴν
2965 2274 3259 2342 σαφήνειαν
3315 2273 3430 2333 τοῖς
3484 2268 3762 2341 ὑπερϐεϐη-

2197 2365 2317 2420 κόσι
2347 2363 2446 2428 τὰς
2475 2363 2804 2435 ὲξωτερικὰς
2835 2363 3006 2426 ἀκοὰς
3025 2402 3038 2425 ,
3075 2363 3167 2415 καὶ
3199 2362 3318 2415 κατ’
3363 2361 3499 2414 ἰδίαν
3545 2359 3682 2429 αὐτῷ
3716 2360 3763 2410 ἐν

2195 2463 2261 2532 τῇ
2289 2461 2436 2529 οἰκίᾳ
2466 2457 2942 2530 προσερχομένοις.
2972 2453 3320 2524 Θαυμάσεται
3353 2451 3412 2504 δὲ
3449 2452 3643 2521 νοήσας
3662 2451 3764 2502 τίνα

2195 2555 2350 2625 λόγον
2381 2553 2516 2623 ἔχει,
2546 2550 2606 2603 τὸ
2632 2549 2736 2614 ἔξω
2766 2547 2916 2610 τινὰς
2949 2543 3312 2616 ὀνομάζεσθαι
3338 2582 3352 2606 ,
3383 2543 3480 2596 καὶ
3518 2541 3694 2602 ἄλλους
3715 2543 3762 2592 ἐν

2195 2650 2262 2719 τῇ
2312 2645 2478 2715 οἰκίᾳ.
2519 2643 2630 2696 Καὶ
2680 2641 2841 2693 πάλιν
2892 2639 2973 2701 τίς
3014 2638 3114 2690 οὐκ
3144 2635 3208 2689 ἂν
3243 2633 3620 2704 καταπλαγείη
3672 2633 3762 2684 τῶν

2194 2736 2506 2808 δυναμένων
2558 2732 2776 2804 βλέπειν
2817 2729 2914 2793 τὰς
2969 2729 3141 2800 Ἰησοῦ
3191 2729 3539 2799 μεταϐάσεις,
3568 2726 3762 2780 ἀναϐαί-

2195 2848 2375 2894 νοντος
2405 2830 2502 2900 μὲν
2532 2830 2610 2890 είς
2633 2826 2756 2899 ὅρος
2781 2826 2871 2876 ἐπὶ
2899 2823 3121 2876 τοιοῖσδε
3166 2821 3346 2890 λόγοις
3375 2821 3409 2892 ἢ
3443 2817 3761 2890 πράξεσινλ

2195 2923 2261 2992 τῇ
2291 2917 2483 2974 ἑαυτοῦ
2524 2911 2964 2988 μεταμορφώσει,
2991 2911 3140 2964 κάτω
3163 2910 3218 2963 δὲ
3242 2909 3635 2982 θεραπεύοντος
3657 2910 3760 2969 τοὺς

2195 3009 2574 3075 ἀσθενοῦντας,
2627 3005 2723 3060 καὶ
2773 3003 2847 3075 μὴ
2906 3002 3237 3072 δυναμένους
3283 3001 3596 3056 ἀναϐαίνειν
3647 3001 3760 3053 ὅπου

2197 3103 2415 3155 ἕπονται
2449 3099 2599 3170 αὐτῷ
2627 3099 2678 3151 οἱ
2727 3096 2964 3169 μαθηταὶ
3007 3093 3210 3159 αὐτοῦ;
3243 3094 3560 3166 Διηγεῖσθαι
3589 3093 3642 3147 δὲ
3680 3091 3760 3143 νῦν

2196 3195 2264 3248 τὰ
2303 3193 2516 3266 ἀληθῶς
2544 3191 2715 3263 σεμνὰ
2747 3189 2839 3243 καὶ
2870 3189 2987 3243 θεῖα
3017 3186 3124 3240 τῶν
3152 3185 3521 3255 Εὐαγγελίων,
3554 3185 3587 3256 ἥ
3615 3184 3693 3237 τὸν
3711 3186 3760 3236 ἐν

2197 3283 2275 3355 τῷ
2299 3283 2496 3354 Παύλῳ
2518 3280 2774 3354 Χριστοῦ,
2801 3280 3044 3334 τουτέστι
3076 3279 3174 3349 τῆς
3203 3278 3398 3347 σοφίας
3431 3277 3524 3330 καὶ
3550 3277 3637 3329 τοῦ
3669 3275 3758 3327 Λό-

2195 3395 2292 3448 γου
2323 3376 2466 3441 νοῦν,
2495 3377 2595 3430 οὐκ
2617 3373 2869 3445 εὔκαιρον
2891 3372 3024 3442 (97).
3065 3370 3202 3423 Ἀλλ’
3229 3369 3478 3443 αὐτάρκη
3497 3365 3759 3424 καὶταῦτα

2195 3471 2332 3544 πρὸς
2355 3471 2454 3542 τὴν
2478 3467 2804 3537 ἀφιλόσοφον
2830 3463 3028 3535 χλεύην
3053 3461 3144 3516 τοῦ
3184 3462 3418 3526 Κέλσου,
3473 3459 3756 3532 ὁμοιοῦντος

2193 3564 2260 3618 τὰ
2287 3563 2432 3616 ἔνδον
2461 3561 2551 3615 καὶ
2585 3556 2822 3631 μυστικὰ
2850 3557 2949 3626 τῆς
2999 3554 3327 3625 Ἑκκλησίας
3359 3553 3456 3607 τοῦ
3498 3552 3628 3606 Θεοῦ
3660 3553 3756 3612 τοῖς

2192 3653 2504 3723 Αἰγυπτίων
2569 3650 2868 3724 αἰλούροις,
2901 3648 2934 3720 ἢ
2961 3647 3234 3719 πιθήκοις,
3263 3645 3296 3716 ἦ
3329 3643 3694 3717 κροκοδείλοις,
3722 3641 3754 3710 ἢ

2191 3745 2433 3818 τράγοις,
2464 3741 2496 3813 ἢ
2524 3739 2700 3795 κυσίν.

2259 3855 2427 3913 Οὐδὲν
2452 3854 2509 3908 δὲ
2537 3850 2675 3917 εἶδος
2698 3852 2790 3906 τοῦ
2821 3850 2948 3922 περὶ
2971 3851 3003 3919 ἡ
3012 3850 3126 3920 μῶν
3157 3845 3461 3920 διασυρμοῦ
3486 3846 3576 3900 καὶ
3598 3857 3750 3897 κατα-

2189 3949 2422 4018 γέλωτος
2460 3944 2774 4000 καταλιπὼν
2801 3946 2829 3997 ὁ
2861 3943 3168 4015 βωμολόχος
3212 3940 3443 4003 Κέλσος,
3470 3941 3525 3992 ὲν
3548 3936 3621 4007 τῷ
3642 3934 3750 3989 καθ’

2189 4042 2344 4114 ἡμῶν
2370 4041 2513 4111 λόγῳ
2537 4038 2912 4108 Διοσκούρους,
2945 4037 3039 4091 καὶ
3077 4024 3372 4106 Ἡρακλέα,
3409 4033 3502 4086 καὶ
3540 4028 3747 4094 Ἀσκλη-

2190 4133 2332 4197 πιὸν,
2377 4130 2471 4186 καὶ
2498 4130 2748 4183 Διόνυσον
2775 4127 3027 4198 ὀνομάζει
3050 4166 3066 4192 ,
3094 4126 3221 4189 τοῦς
3248 4124 3308 4191 ἐξ
3341 4121 3630 4194 ἀνθρώπων
3661 4133 3748 4170 πε-

2189 4223 2582 4294 πιστευμένους
2627 4221 2758 4292 παρ’
2805 4218 3059 4289 Ἕλλησιν
3101 4217 3386 4286 γεγονέναι
3443 4214 3623 4277 θεοὺς,
3662 4209 3745 4262 καί

2187 4334 2349 4389 φησιν
2387 4335 2405 4367 ι
2455 4315 2556 4368 οὐκ
2605 4310 2892 4383 ἀνέχεσθαι
2941 4312 3039 4382 μὲν
3076 4311 3224 4381 ἡμᾶς
3266 4307 3486 4371 τούτους
3528 4305 3745 4376 νομίζειν

2187 4407 2362 4472 θεοὺς,
2401 4407 2484 4459 ὅτι
2533 4403 2809 4475 ἄνθρωποι
2856 4398 2996 4474 ἦσαν
3046 4402 3140 4455 καὶ
3185 4400 3394 4473 πρῶτοι
3429 4399 3558 4466 (98),
3587 4396 3742 4450 καίτοι

1265 4523 1499 4587 primum
1554 4501 1746 4582 erant;
1788 4517 2081 4577 afﬁrmare

2197 4497 2354 4553 πολλὰ
2395 4494 2830 4567 ἐπιδειξαμένους
2865 4493 2960 4548 καὶ¹
2999 4495 3218 4562 γενναῖα
3250 4492 3389 4563 ὑπὲρ
3420 4489 3698 4564 ἀνθρώπων
3723 4502 3735 4514 ·

2182 4593 2274 4646 τὸν
2304 4591 2362 4644 δὲ
2406 4589 2610 4662 Ἰησοῦν
2637 4587 2975 4644 ἀποθανόντα
3023 4585 3128 4639 ὑπὸ
3155 4585 3264 4639 τῶν
3307 4585 3452 4639 ἰδίων
3487 4579 3740 4636 θιαεωτῶν

2182 4679 2360 4754 ῶιρθαί
2389 4699 2598 4754 φαμεν
2639 4702 2657 4732 ι
2693 4679 3130 4752 προσκατηγορεί
3169 4678 3214 4730 δ’
3255 4679 3414 4750 ήμῶν
3451 4676 3542 4730 καὶ
3566 4675 3634 4736 ὡς
3661 4672 3739 4724 λε-

2179 4775 2384 4845 γόντων
2422 4793 2440 4826 ι
2477 4773 2638 4827 αὐτὸν
2670 4765 2870 4841 ὦφθαι,
2899 4771 2993 4824 καὶ
3029 4769 3202 4823 ταῦτα
3232 4771 3410 4823 σκιάν.
3447 4789 3466 4822 ι
3489 4769 3589 4821 Καὶ
3616 4762 3735 4836 πρὸς

2179 4865 2355 4920 ταῦτα
2375 4867 2432 4919 δὲ
2456 4865 2720 4935 φήσομεν,
2767 4864 2849 4918 ὅτι
2893 4862 3080 4926 δεινῶς
3106 4864 3134 4916 ὁ
3157 4863 3366 4927 Κέλσος
3411 4861 3528 4915 οὔτε
3572 4854 3734 4926 eaq};

2181 4957 2493 5030 παρέστησε
2550 4954 2624 5027 μὴ
2667 4955 2847 5011 σέϐειν
2895 4954 3116 5018 τούτους
3144 4955 3221 5018 ὡς
3261 4953 3445 5019 θεούς·
3485 4949 3736 5005 εὐλαϐεῖτο

2180 5047 2289 5119 γὰρ
2320 5048 2418 5120 τὴν
2463 5045 2618 5111 δόξαν
2667 5048 2772 5101 τῶν
2816 5044 3210 5116 ἐντευξομένων
3248 5043 3412 5100 αὐτοῦ
3445 5047 3509 5116 τῇ
3545 5041 3734 5114 γραφῇ.

2192 5279 2293 5343 τός,
2324 5278 2466 5360 quod
2495 5276 2676 5359 minus
2705 5276 2898 5358 placet.
3005 5344 3029 5354 -
3191 5343 3217 5356 η
3684 5335 3707 5346 _

2253 5349 2365 5428 (9?)
2397 5347 2549 5428 leb.
2581 5362 2850 5428 ttnpresSI,
2939 5363 3032 5424 τοι)
3062 5345 3121 5428 έν
3150 5363 3227 5415 τῳ
3259 5345 3727 5428 ΠςύλωΧριστφ-ξν

2179 5410 2422 5472 τουτέστι
2451 5418 2550 5488 τῆς
2591 5410 2778 5486 σοξρίας
2803 5410 3018 5488 κη’τοῦ
3048 5410 3222 5488 Λόγου
3245 5455 3261 5480 ,
3300 5416 3394 5469 νῦν
3430 5410 3730 5488 οὐκέλῦκαιτ

2181 5507 2295 5560 ρον,
2324 5491 2419 5544 sed
2444 5483 2576 5543 mas.
2615 5483 2834 5556 Regius,
2865 5486 3195 5560 Basilccnsis
3241 5499 3298 5542 et
3333 5488 3438 5542 duo
3467 5483 3726 5552 Anglican!

2182 5559 2240 5612 ut
2272 5561 2325 5613 in
2353 5567 2538 5613 nostro
2568 5568 2740 5620 textu,
2774 5559 2995 5611 rectius.
3301 5603 3304 5605 ,

2253 5629 2365 5701 (98)
2392 5627 2507 5701 Καὶ
2534 5625 3074 5701 πρῶτοι.-ΒοΙιθιαρΙΙ‹›
3090 5627 3468 5701 _scribendum
3510 5623 3727 5680 τωρωι.

2181 5695 2274 5756 και
2302 5695 2539 5771 πρῶτον,
2573 5695 2653 5754 vel
2677 5697 2876 5767 potius,
2909 5698 2971 5750 τὸ
3001 5695 3235 5768 πρῶτον.
