3902 6414
156 403 236 457 945
1278 384 1557 443 CONTRA
1577 377 1856 439 CELSUM
1916 375 2044 431 LIB.
2088 374 2175 429 III.

3258 358 3366 415 916

153 512 515 583 ὑποληψομένων
566 510 732 564 αὐτὸν
780 510 968 575 ἄθεον,
1018 508 1071 561 εἴ
1111 524 1170 561 τε
1212 508 1311 579 τῆς
1356 504 1676 576 φαινομένης

1793 506 1937 563 rent,
1967 510 2087 550 eum
2133 493 2327 546 atheon
2368 500 2489 543 esse
2525 483 2950 545 arbitrarentur,
2978 477 3022 534 si
3056 475 3201 546 quod
3261 474 3366 528 sihi

152 606 266 676 αὐτῷ
294 603 529 674 ἀληθείας
578 601 941 675 ἐπρέσϐευσεν
960 619 973 632 ·
1004 599 1104 654 οὐκ
1130 598 1194 653 ἂν
1223 598 1332 669 (99)
1360 597 1681 668 προσεποιή-

153 718 250 753 σατο
270 699 350 752 καὶ
370 696 524 759 αὐτὸς
550 696 753 760 αὐτοὺς
782 696 934 759 θεοὺς
968 692 1228 764 νομίζειν.
1256 692 1401 764 Πρὸς
1426 690 1681 761 ἐκάτερον

149 792 229 861 γὰρ
251 790 306 843 ἂν
332 788 497 841 αὐτῶν
528 788 968 859 ἀπεκρινάμεθα.
989 786 1124 857 Φέρε
1150 781 1244 839 οὖν
1273 784 1409 855 πρὸς
1439 783 1537 854 μὲν
1556 783 1682 846 τοὺς

150 883 206 953 μὴ
226 879 513 951 νομίζοντας
561 881 764 943 αὐτοὺς
806 876 939 933 εἶναι
987 877 1164 942 θεοὺς,
1216 877 1367 930 ταῦτ’
1415 876 1676 945 εῖπωμε-ν.

150 971 241 1041 Ἆρ’
264 970 367 1022 οὐδὲ
396 969 489 1040 τὴν
516 971 698 1041 ἀρχήν
737 973 872 1024 εἰσιν
897 964 1041 1025 οὗτοι
1065 986 1078 1000 ·
1108 969 1242 1033 ἀλλ’,
1269 968 1458 1038 ὥσπερ
1480 966 1681 1020 οἴονταί

142 1079 251 1125 τινες
277 1062 391 1133 περὶ
414 1063 509 1131 τῆς
537 1062 650 1115 τῶν
698 1063 996 1135 ἀνθρώπων
1027 1061 1203 1132 ψυχῆς
1232 1060 1307 1124 ὼς
1341 1060 1683 1132 παραχρῆμα

142 1150 568 1222 διαφθειρομένης,
616 1150 884 1223 διεφθάρη
934 1153 1027 1205 καὶ
1083 1150 1287 1205 τούτων
1337 1151 1370 1219 ἡ
1418 1150 1561 1222 ψυχή
1587 1167 1602 1182 ⁸
1644 1151 1678 1221 ἢ

142 1245 248 1297 κατά
270 1245 357 1315 τὴν
382 1244 536 1311 δόξαν
568 1246 681 1300 τῶν
706 1246 970 1317 λεγόντων
1011 1246 1379 1318 ἐπιδιαμένειν
1407 1245 1441 1316 ἢ
1474 1244 1678 1299 ἀθάνα-

139 1349 206 1385 τον
233 1334 381 1405 αὐτὴν
428 1330 591 1403 εἶναι,
656 1336 1086 1408 ἐπιδιαμένουσιν
1131 1330 1313 1402 οὗτοι,
1353 1338 1385 1408 ἦ
1421 1336 1678 1391 ἀθάνατοί

136 1424 237 1474 είσι·
265 1424 347 1476 καὶ
372 1424 480 1477 θεοὶ
515 1427 620 1496 μὲν
638 1425 740 1480 οὖκ
758 1427 911 1491 εἰσιν,
940 1427 1119 1498 ἦρωες
1147 1426 1204 1480 δέ
1226 1441 1240 1457 °
1269 1428 1302 1497 ἦ
1334 1427 1453 1481 οὐδὲ
1478 1429 1675 1499 ἥρωες,

135 1514 220 1566 ἀλλ’
239 1514 554 1581 ἁπαξαπλῶς
582 1517 774 1588 ψυχαί.
806 1520 868 1572 Εἰ
900 1519 995 1588 μὲν
1021 1514 1115 1572 οὖν
1137 1520 1238 1573 οὐκ
1265 1515 1403 1574 εἶναι
1435 1519 1679 1592 ὑπολαμ-

130 1606 279 1660 ϐάνετε
306 1610 512 1674 αὐτοὺς,
545 1611 641 1664 τὸν
677 1613 1084 1684 προηγούμενον
1121 1614 1253 1684 ἡμῖν
1280 1611 1357 1684 (1)
1408 1613 1536 1685 περὶ
1572 1614 1675 1683 ψυ-

130 1701 204 1768 χῆς
240 1704 699 1758 κατασκευαστέον
726 1705 882 1773 λόγον
904 1723 919 1737 ’
956 1707 1005 1758 εί
1032 1704 1088 1759 δέ
1114 1706 1219 1760 είσι
1245 1747 1259 1771 ,
1294 1706 1390 1759 καὶ
1419 1705 1558 1761 οὕτω
1586 1708 1676 1762 τὸν

129 1792 223 1862 περὶ
249 1793 530 1859 ἀθανασίας
562 1797 895 1851 ἀποδεκτέον
923 1797 1019 1868 (2),
1053 1798 1114 1853 οὐ
1154 1799 1313 1870 μόνον
1348 1800 1412 1852 ἐκ
1442 1799 1550 1853 τῶν
1578 1814 1677 1854 κα-

1785 603 1971 645 verum
2008 584 2323 647 videbatur,
2356 576 2682 649 aperuisset,
2713 586 2891 643 neque
2923 571 3086 625 etiam
3112 565 3367 623 simulas—

1783 690 1868 736 set
1896 693 1955 734 se
1987 675 2108 731 illos
2153 674 2375 729 deorum
2425 667 2590 742 460
2635 665 2753 721 loco
2802 663 3029 719 habere.
3088 658 3368 716 Utrumvis

1782 770 1926 825 enim
1957 766 2203 830 dixisset,
2241 771 2429 833 parata
2463 760 2621 816 nobis
2657 758 2851 813 fuisset
2918 750 3224 823 responsio.
3255 750 3370 818 Age

1783 863 1968 934 igitur,
2006 874 2133 915 cum
2164 858 2233 913 iis
2269 855 2362 927 qui
2393 854 2516 909 illos
2543 868 2649 907 non
2700 852 2832 906 deos
2880 860 3002 903 esse
3027 843 3360 903 existimant,

1782 953 1862 1009 sic
1893 965 2152 1024 agamus;
2182 962 2311 1019 ergo
2340 961 2447 1001 non
2478 951 2603 1000 sunt
2634 941 2855 997 omnino
2892 956 2906 992 :
2942 936 3060 1001 sed,
3103 928 3364 1003 quemad-

1782 1044 1997 1100 modum
2055 1043 2271 1112 quidam
2325 1039 2394 1093 de
2454 1036 2634 1091 anima
2704 1036 2938 1087 humana
2996 1032 3190 1097 putant
3242 1035 3361 1077 eam

1781 1134 2063 1195 confestim
2100 1133 2344 1197 interire,
2379 1130 2559 1183 anima
2601 1125 2823 1180 illorum
2861 1120 3097 1185 interiit;
3152 1124 3246 1170 aut
3294 1125 3362 1165 ex

1780 1245 1968 1286 eorum
2000 1226 2268 1284 sententia
2296 1223 2387 1293 qui
2406 1232 2729 1292 permanere
2753 1230 2871 1271 eam
2891 1228 2981 1269 seu
3002 1206 3361 1265 immortalem

1780 1336 1902 1378 esse
1944 1318 2153 1384 volunt,
2202 1321 2522 1388 permanent
2550 1309 2647 1376 illi,
2680 1323 2773 1363 seu
2804 1314 2928 1361 sunt
2980 1298 3315 1358 immortales
3348 1312 3361 1350 :

1781 1428 1845 1468 ac
1876 1411 1950 1468 dii
2001 1408 2220 1480 quidem
2264 1422 2370 1461 non
2422 1409 2567 1465 sunt,
2597 1402 2691 1455 sed
2723 1401 2951 1462 heroes;
2999 1401 3094 1446 aut
3147 1405 3214 1444 ne
3267 1389 3363 1442 he-

1780 1518 1905 1561 roes
1938 1502 2177 1573 quidem,
2235 1498 2328 1554 sed
2383 1493 2705 1565 simpliciter
2758 1488 2974 1543 animae.
3020 1482 3079 1539 Si
3108 1480 3225 1535 illos
3258 1492 3362 1531 non

1778 1612 1901 1655 esse
1929 1570 2189 1654 censetis.
2243 1586 2630 1644 immortalitas
2661 1582 2884 1641 animae,
2924 1577 2975 1631 id
3016 1573 3160 1645 quod
3195 1570 3367 1639 ,nobis

1778 1699 1864 1747 est
1891 1688 2262 1759 praecipuum,
2320 1676 2729 1751 comprobanda
2782 1673 2939 1727 nobis
2995 1670 3139 1733 erit;
3178 1673 3270 1721 aut
3321 1664 3365 1720 si

1778 1791 1927 1842 sunt.
1973 1778 2328 1835 nihilominus
2374 1772 2754 1830 disserendum
2802 1769 3000 1824 eritde
3040 1760 3368 1820 immortali-

125 1884 205 1947 λῶς
225 1887 333 1956 mp).
358 1888 524 1959 αὐτῆς
553 1889 822 1944 εἰπόντων
860 1848 1130 1965 Ἐλλιηνων
1148 1848 1667 1957 ,r

1788 1882 1909 1936 tate.
1947 1887 2054 1926 non
2102 1868 2276 1924 solum
2308 1884 2374 1922 ex
2409 1867 2474 1921 iis
2517 1879 2637 1935 qua:
2664 1864 2728 1918 de
2754 1862 2847 1916 illa
2899 1858 3158 1931 praeclare
3214 1855 3369 1909 dixe-

123 1974 167 2028 τὸ
193 1976 400 2048 ἀρέσκον
432 1984 549 2045 τοῖς
576 1982 748 2048 θείοις
781 1985 1082 2057 μαθήμασι.
1120 1986 1229 2041 Καὶ
1254 1986 1531 2057 δείξομεν,
1582 1987 1663 2041 ὄτι

122 2067 195 2138 οὐχ
217 2063 311 2121 οἷόν
334 2088 389 2124 τε
416 2071 668 2137 τούτους,
694 2075 993 2141 ,πολυθέους
1022 2078 1346 2150 γενομένους
1372 2119 1386 2142 ,
1422 2079 1479 2132 ἐν
1510 2076 1663 2150 χώρᾳ

123 2160 191 2212 καὶ
228 2162 386 2234 μερίδι
436 2166 717 2236 κρείττονι
781 2169 1056 2238 γεγονέναι
1098 2171 1235 2242 μετά
1274 2173 1373 2244 τὴν
1418 2171 1665 2226 ἐντεῦθεν

122 2249 409 2326 ἀπαλλαγὴν,
439 2258 713 2329 φέροντες
738 2260 839 2325 τάς
868 2264 996 2333 περὶ
1016 2263 1193 2317 αὐτῶν
1219 2263 1475 2336 ἱστορίας,
1499 2265 1556 2317 ἐν
1581 2257 1668 2328 αἷς

121 2340 480 2416 ἀναγέγραπται
547 2350 727 2423 πολλὴ
770 2353 1097 2423 Ἡρακλέους
1148 2354 1410 2409 ἀκολασία
1432 2396 1447 2421 ,
1492 2356 1586 2408 καὶ
1635 2356 1669 2426 ἡ

120 2434 224 2502 πρὸς
244 2436 329 2507 τὴν
371 2439 662 2513 Ὀμφάλην
712 2446 1036 2511 γυναικείως
1077 2447 1155 2515 (5)
1193 2447 1436 2511 δουλεία,
1479 2449 1575 2501 καὶ
1600 2448 1669 2502 τά

120 2524 213 2594 περὶ
243 2526 581 2599 Ἀσκληπιοῦ,
612 2533 693 2596 ὡς
718 2535 967 2607 κεραυνῷ
989 2536 1276 2606 βληθέντος
1304 2536 1409 2591 ὑπὸ
1437 2537 1528 2590 τοῦ
1546 2539 1669 2602 Διὸς

118 2617 271 2671 αὐτῶν.
298 2620 590 2689 Λελέξεται
620 2623 681 2677 δὲ
709 2625 802 2677 καὶ
833 2625 903 2679 τὰ
935 2627 1061 2698 περὶ
1088 2626 1195 2680 τῶν
1208 2627 1570 2699 Διοσκούρων,
1595 2627 1671 2693 ὡς

119 2794 316 2875 ε
334 2797 453 2865 μὲν
471 2798 693 2875 ζ’ῴουᾳζ
719 2802 1075 2875 ὑπερήμεροι
1100 2804 1195 2875 (4),
1225 2806 1444 2860 ἄλλοτε
1459 2805 1510 2858 δ’
1527 2800 1674 2861 αὖτε

122 2864 374 2932 noram,
402 2870 593 2940 τιμὴν
625 2870 701 2928 δὲ
728 2864 1235 2943 λελόιχῆιάσινἿᾶα
1260 2877 1508 2941 θεοῖσιν,

114 2980 150 3029 οἱ
170 2980 395 3048 πολλάκις
420 2986 894 3058 ἀποθνήσκοντες.
931 2989 1056 3053 Πῶς
1082 2985 1175 3045 οὖν
1213 2993 1411 3048 οἴονται
1443 2995 1583 3049 κατά
1611 2993 1674 3047 τὸ

116 3068 287 3140 εὔλογον
304 3074 506 3131 τούτων
530 3078 863 3149 νομισθῆναί
893 3098 1011 3134 τινα
1040 3082 1178 3149 θεὸν,
1212 3083 1245 3156 ἢ
1273 3086 1431 3157 ἦρωα
1455 3103 1469 3151 ;

176 3160 338 3234 Ἡμεῖς
362 3166 416 3221 δὲ
454 3168 525 3222 τὰ
575 3168 713 3241 περὶ
750 3167 844 3222 τοῦ
887 3172 1153 3243 ἡμετέρου
1209 3175 1383 3246 Ἰησοῦ
1430 3176 1539 3231 ἀπὸ
1566 3178 1676 3231 τῶν

116 3257 413 3347 προφητικῶν
446 3259 528 3329 (5)
560 3260 898 3326 δεικνύντες,
926 3263 1020 3316 καὶ
1051 3266 1190 3335 μετά
1212 3267 1371 3321 τοῦτο
1393 3269 1678 3341 παραϐάλ-

116 3345 240 3410 λομεν
279 3345 371 3418 τὴν
415 3352 551 3420 περὶ
603 3351 773 3404 αὐτοῦ
816 3355 1053 3426 ἱστορίαν
1104 3358 1226 3421 ταῖς
1269 3359 1398 3430 περὶ
1454 3362 1677 3416 ἐκείνων

116 3432 348 3508 ἱστορίαις,
374 3443 456 3494 ὅτι
482 3444 727 3514 οὐδεμία
758 3445 947 3499 τούτου
976 3448 1198 3520 φέρεται
1224 3432 1504 3506 ἀκολασία.
1540 3455 1677 3509 Οὐδὲ

112 3526 192 3597 γὰρ
226 3531 362 3585 αὐτοὶ
390 3534 440 3587 oi
493 3535 949 3603 ἐπιϐουλεύοντες
991 3540 1159 3610 αὐτῷ,
1200 3544 1294 3596 καὶ
1346 3544 1678 3618 ζητήσαντες

114 3619 203 3711 κατ’
242 3624 393 3677 αὑτοῦ
442 3626 969 3700 ψευδομαρτυρίαν,
1006 3630 1109 3684 κᾶν
1154 3633 1484 3705 πιθανότητα
1520 3630 1678 3711 εὗρον

110 3710 171 3815 fi;
206 3713 291 3785 τὴν
330 3721 451 3771 κατ’
497 3717 678 3771 αὑτοῦ
726 3719 1230 3795 ψευδομαρτυρίαν,
1278 3727 1340 3780 ἶν’
1388 3710 1679 3798 ἀκολασίας

113 3810 257 3907 traxe-‘1
280 3810 459 3907 ⁵αὐτοῦ
512 3814 982 3884 κατηγορήσωσιν
1008 3833 1024 3848 ’
1072 3816 1208 3870 ἀλλά
1256 3819 1351 3873 καὶ
1389 3823 1417 3873 ὁ
1450 3822 1678 3887 θάνατος

111 3898 240 3949 αὑτοῦ
276 3898 331 3965 ἐξ
381 3902 694 3973 ἐπιϐουλῆς
758 3904 1059 3972 ἀνθρώπων
1111 3908 1334 3977 γέγονε,
1384 3913 1477 3966 καὶ
1529 3914 1680 3969 οὐδὲν

111 3987 256 4053 ὅμοιον
276 3992 394 4062 ἔσχε
424 3994 508 4065 τῷ
544 3994 693 4066 πρὸς
725 3994 817 4047 τὸν
873 3997 1196 4070 Ἀσκληπιὸν
1233 4004 1502 4075 κεραυνῷ.
1534 4006 1599 4058 Τί
1626 4007 1681 4062 δὲ

112 4082 269 4149 σεμνὸν
311 4085 421 4157 ἔχει
454 4090 485 4140 ὁ
522 4087 796 4159 μαινόλας
834 4090 908 4161 (6)
951 4092 1201 4157 Διόνυσος
1253 4097 1346 4149 καὶ
1400 4103 1683 4167 γυναικεῖα

111 4173 577 4248 περιϐεϐλημένος,
626 4180 695 4231 ἵν’
737 4180 815 4243 ὼς
861 4180 980 4245 θεὸς
1019 4186 1409 4257 προσκυνηθῇ;
1470 4190 1594 4243 Ἐἀν
1624 4193 1681 4246 δὲ

112 4264 245 4319 mlo!
290 4272 412 4341 περὶ
448 4271 692 4359 ’τούτων
742 4271 1168 4343 ἀπολογούμενοι
1210 4277 1302 4329 ἐπὶ
1353 4278 1683 4353 ἀλληγορίας

110 4361 509 4431 καταφεύγωσιν,
569 4362 683 4434 ἰδίᾳ
715 4362 814 4434 μὲν
852 4363 1163 4431 ἐξεταστέον
1194 4367 1293 4433 τάς
1331 4369 1680 4446 ἀλληγορίας,

109 4450 145 4500 εἰ
168 4451 216 4503 τὸ
237 4453 376 4519 ὑγιὲς
409 4456 641 4527 ἔχουσιν
665 4471 679 4483 ·
728 4455 834 4523 ἰδίᾳ
870 4456 957 4521 δὲ,
996 4459 1043 4510 εί
1082 4458 1333 4513 δύνανται
1383 4463 1683 4521 ὑπόστασιν

1778 1974 1902 2019 runt
1925 1962 2099 2019 Graeci
2122 2006 2136 2029 ,
2172 1962 2268 2017 sed
2298 1960 2460 2014 etiam
2486 1972 2553 2013 ex
2586 1958 2651 2012 iis
2680 1971 2802 2027 quae
2831 1971 2858 2008 a
2892 1952 3003 2007 Deo
3046 1947 3364 2004 didicimus.

1770 2062 1848 2115 Ac
1874 2057 2228 2130 probabimus
2264 2054 2508 2123 quidem,
2540 2051 2787 2106 adductis
2821 2047 3036 2103 illorum
3099 2041 3366 2107 historiis,

1772 2151 1892 2206 fieri
1928 2164 2034 2204 non
2069 2146 2333 2218 potuisse,
2363 2152 2421 2197 ut
2454 2142 2547 2212 qui
2584 2142 2768 2211 plures
2799 2141 2930 2196 deos
2985 2137 3297 2200 coluerant,
3327 2133 3365 2187 ii

1774 2251 1896 2312 post
1924 2240 2065 2296 hanc
2091 2238 2255 2293 vitam
2290 2236 2357 2289 ad
2400 2234 2638 2305 potiores
2685 2233 2842 2289 sedes
2886 2240 2940 2287 et
2967 2230 3033 2285 ad
3066 2227 3362 2284 feliciorem

1776 2334 2144 2391 conditionem
2216 2329 2676 2398 transmigrarint.
2734 2327 2847 2381 Illic
2900 2324 3045 2382 enim
3104 2327 3363 2374 narratur

1779 2427 1948 2482 multa
1989 2422 2240 2481 Herculis
2288 2422 2707 2492 intemperantia
2736 2461 2751 2487 ,
2782 2430 2835 2474 et
2879 2415 3160 2471 muliebris
3217 2411 3366 2481 apud

1777 2516 2093 2589 Omphaletn
2152 2517 2407 2583 servitus,
2438 2529 2649 2569 necnon
2702 2526 2792 2567 res
2839 2519 3008 2581 gestae
3062 2504 3369 2573 ASsculapii

1781 2613 1849 2668 ab
1878 2626 2067 2668 eorum
2111 2608 2242 2665 Jove
2272 2608 2498 2663 fulmine
2529 2608 2799 2678 percussi.
2832 2603 3166 2675 Objiciemus
3199 2598 3366 2655 etiam

1781 2706 1895 2759 haec
1925 2705 1990 2758 de
2027 2701 2322 2769 Dioscuris,
2356 2701 2447 2769 qui

1849 2797 2078 2852 Alternis
2111 2798 2268 2852 vitam
2298 2795 2564 2860 accipiunt
2596 2790 2924 2860 perduntque
2948 2787 3152 2851 diebus,

1850 2868 1945 2923 Dis
1979 2878 2152 2922 tamen
2184 2852 2438 2936 aequalem
2466 2852 2664 2917 cultum
2691 2852 2908 2914 sortiius
2960 2869 3178 2927 uterque
3200 2864 3273 2911 εει
3294 2852 3364 2922 ⁸³,

1773 2983 2025 3055 quamvis
2048 2995 2193 3050 saepe
2216 2980 2538 3036 moriantur.
2557 2977 2806 3044 Quanam
2828 2973 2994 3044 igitur
3015 2972 3162 3042 justa
3192 2987 3250 3025 ra
3267 2972 3369 3025 tio-

1776 3091 1843 3131 ne
1867 3081 2062 3145 putant
2085 3074 2277 3128 borum
2296 3071 2602 3142 quempiam
2623 3068 2805 3131 deum,
2826 3073 2919 3119 aut
2948 3064 3112 3118 heroa
3139 3060 3369 3118 haberi?

1703 3156 1745 3213 C
1849 3167 1941 3222 2'5.
1978 3165 2089 3223 Nos
2116 3179 2246 3219 vero
2275 3179 2394 3233 quae
2419 3161 2486 3218 de
2512 3168 2701 3217 nostro
2755 3157 2883 3215 Jesu
2913 3156 3240 3220 creduntur,
3299 3172 3369 3211 ex

1780 3259 2113 3330 prapheticis
2168 3257 2390 3325 scriptis
2430 3254 2751 3318 astruimus,
2786 3250 3040 3321 factaque
3080 3250 3223 3304 illius
3279 3250 3366 3303 bi-

1779 3355 1961 3408 sloriue
1988 3366 2113 3405 cum
2138 3348 2354 3405 illorum
2411 3346 2659 3402 historiis
2691 3345 3107 3411 comparatione
3139 3339 3365 3396 demon-

1780 3455 2017 3499 stramus
2043 3441 2246 3495 nullam
2278 3439 2395 3509 ejus
2423 3434 2896 3507 intemperantiam
2955 3430 3140 3489 fuisse.
3183 3430 3371 3500 Neque

1780 3536 1945 3602 enim,
1976 3533 2068 3603 qui
2099 3532 2176 3587 illi
2209 3531 2578 3587 moliebantur
2636 3526 2867 3582 insidias
2894 3523 3144 3593 falsaque
3174 3530 3364 3578 contra

1780 3628 1931 3684 illum
1967 3624 2277 3680 testimonia
2306 3622 2668 3694 quaesieram,
2709 3619 3007 3690 quidquam
3040 3617 3371 3671 invenerunt

1781 3721 1925 3791 quod
1960 3718 2043 3773 vel
2077 3716 2410 3788 probabilem
2454 3729 2673 3770 causam
2704 3714 2861 3767 daret
2890 3712 3039 3766 illum
3103 3710 3371 3777 intempe-

1782 3812 1975 3866 rantiae
2013 3807 2327 3864 accusandi.
2359 3807 2467 3862 Sed
2493 3815 2550 3861 et
2582 3818 2729 3860 mors
2758 3801 2876 3871 ejus
2905 3818 2973 3858 ex
3003 3801 3215 3857 insidiis
3270 3800 3370 3855 ho-

1782 3904 1989 3958 minum
2015 3901 2234 3964 accidit,
2261 3913 2361 3953 nec
2393 3897 2689 3966 quidquam
2713 3895 2906 3951 habuit
2932 3894 3109 3949 simile
3133 3886 3366 3953 fulmini,

1781 3995 2003 4066 quodin
2032 3991 2406 4060 Esculapium
2445 3988 2718 4044 vibratum
2762 3997 2866 4043 est.
2896 3987 2962 4041 Et
2984 3986 3230 4043 Bacchus
3284 3984 3369 4039 fu-

1783 4093 1959 4147 riosus
1991 4090 2078 4144 ille
2102 4100 2419 4156 vestemque
2450 4084 2766 4140 muliebrem
2804 4083 3028 4137 indutus
3088 4079 3215 4151 quid
3248 4079 3367 4134 exi-

1783 4187 1953 4241 mium
1991 4184 2153 4240 habet
2184 4192 2241 4236 ut
2272 4197 2372 4251 pro
2427 4180 2529 4235 deo
2563 4176 2856 4234 adoretur?
2884 4177 3039 4243 Quod
3069 4177 3136 4240 si,
3167 4185 3226 4229 ut
3252 4175 3370 4229 illos

1783 4286 2066 4343 excusent,
2097 4275 2161 4330 ad
2204 4271 2492 4342 allegorias
2542 4269 2919 4340 confugerint;
2974 4262 3103 4322 hinc
3147 4268 3369 4337 quidem

1782 4366 2204 4422 examinandum
2239 4364 2376 4429 erit,
2405 4379 2472 4417 an
2498 4363 2627 4432 quid
2653 4361 2770 4417 sani
2811 4360 3049 4414 habeant
3076 4361 3192 4413 ista:
3238 4358 3373 4412 alle-

1785 4459 1990 4529 gorias;
2020 4455 2165 4511 illinc
2198 4469 2328 4509 vero
2362 4469 2430 4508 an
2454 4454 2546 4523 qui
2582 4453 2870 4508 dilacerati
2908 4461 3038 4508 sunt
3060 4460 3115 4507 et
3143 4452 3208 4505 de
3232 4449 3372 4506 cmlo

110 4541 239 4610 ἔχειν,
274 4549 362 4601 καὶ
405 4550 555 4615 ἄξιοι
591 4545 737 4603 εἶναι
788 4551 1076 4623 σεϐασμῶν
1126 4553 1220 4606 καὶ
1258 4560 1676 4631 προσκυνήσεως

1788 4551 1979 4620 dejeeti
2014 4566 2042 4603 a
2074 4547 2378 4611 Titanibus,
2415 4560 2603 4601 revera
2639 4549 2925 4611 exsistant,
2978 4544 3237 4614 dignique
3262 4545 3375 4599 sint

111 4640 508 4711 σπαραττόμενοι
549 4641 629 4711 (7)
660 4640 770 4693 ὑπὸ
798 4640 1059 4708 Τιτάνων,
1088 4642 1183 4695 καὶ
1213 4645 1681 4719 καταϐαλλόμενοι

108 4725 192 4777 ἀπὸ
224 4731 306 4783 τοῦ
350 4734 617 4805 οὐρανίου
673 4731 885 4804 θρόνου.
944 4733 1003 4786 '0
1051 4732 1107 4786 δὲ
1138 4735 1408 4807 ἡμέτερος
1455 4740 1679 4810 Ἰησοῦς,

107 4815 254 4884 ὀφθεὶς
284 4828 396 4887 τοῖς
429 4825 593 4888 ἰδίοις
620 4822 915 4886 θιασώταις
941 4824 1236 4896 (χρήσομαι
1279 4832 1385 4902 γὰρ
1415 4830 1491 4901 τῷ
1532 4833 1682 4906 παρά

106 4909 162 4978 τῷ
186 4914 360 4989 Κέλσῳ
386 4916 677 4989 ὀνόματι),
718 4914 874 4987 ὤφθη
908 4918 1004 4987 μὲν
1040 4919 1157 4972 κατ’
1186 4921 1438 4994 ἀλήθειαν
1459 4942 1470 4953 ⁸
1524 4942 1685 4979 συκο-

160 5029 197 5059 ⁶²
215 5030 398 5105 Odyss.
427 5046 589 5090 cant.
638 5049 702 5099 tt,
739 5049 794 5087 v.
838 5035 961 5091 502.

158 5148 436 5227 (99)_E2'ts
517 5152 639 5227 τῆς
708 5154 1085 5227 φαινομέῖης
1160 5157 1319 5224 αὐτῷ
1390 5159 1677 5227 ἀληθείας

104 5215 509 5286 ἐπρέσϐευσεν,
540 5215 661 5276 οὔκ
693 5215 791 5285 ἄν,
824 5215 927 5277 eté.
959 5215 1152 5279 Guieto
1195 5215 1542 5282 scribendum
1590 5215 1674 5284 vi:

102 5288 263 5355 detur,
296 5296 344 5346 εί
390 5294 449 5347 δὲ
497 5294 605 5364 τὴν
650 5295 981 5415 φαινομένην
1024 5296 1170 5367 αὐτῷ
1208 5298 1466 5370 ἀλήθειαν
1508 5301 1674 5374 ἐπρέ-

104 5358 316 5415 σεευςεν.
341 5365 443 5415 οὐκ
487 5365 583 5415 ἄν.
639 5374 752 5415 etc.
852 5366 1088 5415 oherello
1118 5378 1318 5415 autem-
1343 5371 1390 5415 εἰ
1420 5370 1520 5415 τῆς
1549 5389 1674 5415 ωηι-

104 5358 316 5441 σϐευσεν,
341 5365 473 5441 ούκ-
487 5358 583 5441 ἄν,
639 5358 752 5441 etc.
810 5358 1088 5441 Bphérello
1118 5358 1390 5441 a'utctn',_si
1420 5370 1520 5439 τῆς
1549 5358 1677 5441 φάι..

101 5429 301 5507 χομένης
326 5434 485 5507 αὐτῷ
519 5433 790 5507 ἀληθείας
839 5436 1231 5507 ἐπρέσϐευσεν,
1272 5429 1384 5491 οὔτ’
1430 5429 1517 5503 ἄν,
1561 5429 1674 5497 ἒιε.

102 5497 671 5595 ξέολὶέιοίὶιιιίεί-
705 5504 806 5572 τῆς
847 5497 1173 5595 φαινομένης
1217 5497 1364 5580 αὐτῷ
1399 5497 1677 5595 ’ἀληθείας

102 5571 473 5651 ἐπρέσϐευσεν*
500 5646 514 5651 _
541 5573 675 5651 ούτε
731 5571 1183 5651 προσεποιήσατο,
1225 5571 1346 5634 etc:
1397 5580 1452 5634 In
1489 5571 1675 5637 codice

105 5635 374 5722 Basileensi
400 5654 458 5722 et
481 5646 705 5699 duobus
731 5635 1027 5713 vaticanis;
1051 5660 1147 5718 pro
1169 5635 1675 5722 ἐπρέσϐευσενξιὸέ

100 5714 223 5784 εηξὶτ
246 5714 608 5784 ἐπρέσϐευεν.

267 5780 459 5859 Ἡμῖν)
490 5784 991 5859 Gel_eniu_s_legebat
1022 5789 1170 5859 ὑμῖν.

160 5851 231 5921 (ἳ)
274 5851 699 5911 Ἀ’ποδεκτέον.
724 5851 919 5914 Mavult
939 5851 1269 5930 Bolterellus,
1299 5860 1669 5917 ἀποδεικτέον.

1786 4646 1877 4716 qui
1901 4644 2149 4699 colantur
2171 4652 2225 4697 et
2253 4641 2569 4696 adorentur.
2600 4641 2669 4694 At
2700 4650 2885 4695 noster
2903 4637 3063 4694 Jesus
3090 4638 3206 4693 suis
3240 4653 3372 4691 con-

1786 4748 2003 4810 spectus
2039 4736 2339 4799 sodalibus,
2369 4744 2422 4789 ut
2452 4750 2576 4789 cum
2604 4733 2763 4788 Celso
2791 4733 3004 4802 loquar,
3036 4746 3227 4786 revera
3266 4731 3374 4791 illis

1788 4830 2058 4901 apparuit.
2085 4828 2229 4883 Mera
2257 4827 2401 4883 enim
2440 4836 2524 4881 est
2555 4826 2699 4881 Celsi
2759 4825 3054 4892 calumnia,
3120 4825 3371 4879 umbram

1787 4924 2052 4978 duntaxat
2086 4931 2429 4992 conspectam
2461 4934 2603 4976 esse.
2652 4917 2772 4973 Jam
2800 4916 3152 4973 conferantur
3210 4916 3374 4972 simul

1879 5160 1933 5223 ὅ)
1962 5148 2344 5223 Γλύναικείως.
2378 5155 2543 5211 Forte
2594 5153 2940 5210 scribendum
2959 5195 2974 5220 ,
3004 5158 3333 5221 γυναικεῖος.

1879 5225 1930 5297 4)
1970 5227 2361 5297 Ὑπερήμεροι.
2387 5225 2618 5297 Omnino
2639 5226 3005 5297 scribendum,
3025 5226 3371 5297 ἑτερήμεροι.

1857 5242 1930 5302 (4)
1972 5242 2361 5297 ’1’περημεροι.
2387 5242 2618 5282 Utnnttto
2639 5242 3005 5287 scribendum,
3025 5242 3259 5296 ετερημε
3332 5244 3371 5280 t.

1857 5302 1933 5373 (5)
1962 5299 2362 5373 Οοόᾳιίζεεὶυε
2400 5307 2456 5373 et
2491 5295 2839 5373 Basileensis,
2898 5293 3215 5373 npogaq-cé‘w:
3250 5242 3373 5373 153x

1787 5364 1886 5442 pro
1916 5364 2689 5442 παραϐάλλομενηιοεθηύυιη
2738 5366 2975 5442 videt_ur_,
3024 5364 3374 5442 παραϐαλοῦτ

1790 5434 1907 5511 μεν.
1953 5434 2154 5495 Ibidem
2210 5434 2549 5494 liteschelius
2585 5437 2639 5491 in
2686 5446 2835 5490 textu
2882 5435 3079 5501 habet,
3110 5434 3218 5506 τὴν
3246 5437 3376 5506 περὶ

1785 5510 1981 5575 αὐτοὺς
2014 5510 2273 5581 ἱστορίαν,
2304 5513 2464 5563 male.

1858 5583 1934 5652 (6)
1972 5575 2295 5642 Μαινόλας.
2325 5579 2619 5652 Μαινόλης.
2646 5576 2904 5652 Ηεξεγίῖιι.Δ
2928 5576 3260 5652 Παράκοπος
3292 5575 3377 5628 έν-

1784 5647 1923 5715 θεοςζ
1951 5654 2122 5706 Clem.
2151 5652 2306 5705 Alex.
2342 5651 2392 5703 in
2432 5647 2701 5718 Protrept.
2734 5647 2934 5720 βᾶθί),
2958 5647 3208 5701 Διόνυσον
3243 5664 3374 5718 μαι-

1782 5723 1941 5794 νόλην
1969 5720 2284 5794 ὀργιάζουσι
2319 5720 2534 5794 βάκχοι.

1854 5788 1930 5860 (7)
1976 5788 2471 5860 Σεὲαριιττόμενοιζ
2510 5792 2620 5845 Duo
2668 5792 2826 5845 codd.
2874 5789 3117 5845 Vaticani
3174 5798 3229 5844 ct
3270 5788 3378 5841 duo

1782 5863 2091 5934 Anglicani,
2122 5866 2617 5933 παραταττόμενοι,
2648 5863 2807 5918 male.
