3902 6414
568 359 672 419 947

2019 368 2338 425 ORIGENIS
3105 423 3108 426 .
3708 379 3786 435 958

572 480 789 534 illorum
820 487 876 532 et
905 475 1030 531 Jesu
1092 451 1351 531 historian
1377 476 1457 530 An
1485 475 1644 547 461
1695 477 1838 533 volet
1863 479 2052 536 Celsus
2080 483 2134 536 il-

2246 484 2436 549 φαντεῖ
2457 482 2513 534 δὲ
2540 482 2628 535 τδν
2681 482 2840 551 λόγον
2877 483 2904 535 ὁ
2942 485 3167 549 Κέλσος,
3215 484 3388 554 λέγων
3441 486 3598 541 αὐτὸν
3647 479 3785 560 ὦφθαι

570 573 742 628 lorum
767 583 949 626 veram
981 583 1102 623 esse
1122 608 1137 633 ,
1173 569 1330 638 hujus
1390 578 1566 624 autem
1620 570 1907 626 conﬁctam
1931 615 1946 640 ,
1977 589 2137 644 quam

568 663 904 731 scripserunt
946 661 980 714 ii
1034 661 1125 729 qui
1188 674 1370 714 rerum
1419 660 1663 714 omnium
1726 664 1925 718 oculati
1976 674 2138 722 ιυειοε

563 761 740 815 erant,
775 752 864 820 qui
900 765 958 806 re
999 750 1354 805 ostenderunt
1411 751 1512 806 sibi
1546 753 1825 824 explorata
1873 770 1991 813 esse
2021 773 2138 826 quae

563 843 832 908 viderant,
861 842 952 911 qui
980 842 1213 911 denique
1236 857 1343 911 quo
1389 843 1574 898 animo
1599 860 1806 917 essent,
1862 849 2138 918 perferen-

563 934 644 986 dis
673 932 932 987 alacriter
968 934 1086 1002 ejus
1126 933 1384 991 doctrina:
1424 953 1588 994 causa
1629 939 1906 1009 suppliciis
1950 942 2140 997 testiﬁ-

563 1023 666 1076 cati
693 1025 866 1077 sunt?
902 1024 1100 1093 Ecquis
1129 1024 1316 1081 volens
1365 1024 1518 1082 recte
1574 1029 1755 1084 facere
1806 1031 2021 1100 omnia,
2055 1041 2138 1088 te-

563 1127 711 1167 mere
742 1113 1073 1168 assentiatur
1104 1113 1170 1168 iis
1202 1128 1322 1182 quae
1361 1117 1427 1168 de
1466 1116 1570 1171 illis
1621 1117 1815 1171 tradita
1855 1114 2015 1180 sunt;
2075 1133 2136 1173 ea

557 1219 707 1268 vero,
735 1220 857 1276 qua:
891 1208 956 1263 de
983 1206 1108 1264 Jesu
1160 1207 1427 1275 feruntur,
1481 1209 1687 1279 absque
1727 1209 1838 1267 ullo
1890 1211 2138 1267 examine

561 1297 803 1367 rejiciat?

631 1569 722 1624 24.
759 1569 968 1624 Rursus
1008 1587 1129 1626 cum
1171 1571 1237 1625 de
1283 1570 1599 1644 .Esculapio
1642 1575 1849 1631 dicitur
1879 1593 2134 1651 magnam

560 1664 840 1718 hominum
877 1664 1284 1720 multitudinem
1332 1665 1646 1721 Graecorum
1687 1676 1739 1722 et
1776 1669 2135 1728 barbarorum

560 1757 763 1810 vidisse
788 1765 844 1809 et
870 1756 1049 1810 adhuc
1078 1756 1286 1820 videre,
1318 1772 1431 1811 non:
1473 1765 1752 1826 spectrum
1815 1761 2020 1831 ipsum,
2040 1765 2133 1818 sed

2243 571 2419 627 σκιάν.
2451 575 2561 626 Καὶ
2585 574 3019 639 συνεξεταζέσθω
3044 595 3106 646 γε
3130 576 3198 630 τὰ
3217 576 3328 630 τῶν
3355 579 3480 650 περὶ
3512 581 3703 634 ἐκείνου
3730 585 3785 657 (8)

2243 664 2489 736 ἱστοριῶν
2521 669 2586 737 τῇ
2621 667 2748 737 περὶ
2779 666 2875 719 τοῦ
2916 668 3112 738 Ἰησοῦ.
3146 671 3214 721 Ἢ
3237 671 3421 722 ὲκεῖνα
3454 671 3550 740 μὲν
3584 671 3787 742 βούλεται

2239 754 2267 804 ὁ
2313 751 2518 816 Κέλσος
2578 749 2715 808 εἶναι
2750 754 2954 826 ἀληθῆ,
2987 757 3157 810 ταῦτα
3199 758 3255 811 δὲ
3291 759 3665 831 ἀναγραφέντα
3707 765 3788 816 ὑπὸ

2240 842 2345 896 τῶν
2385 843 2752 914 τεθεαμένων,
2782 846 2876 898 καὶ
2901 846 2980 916 τῷ
3017 847 3160 919 ἔργῳ
3203 850 3493 918 δειξάντων
3527 852 3620 922 τὴν
3658 856 3788 926 ἐνάρ-

2238 949 2393 1002 γειαν
2415 935 2514 1005 τῆς
2551 935 2906 1005 καταλήψεως
2950 939 3078 1008 περὶ
3116 937 3206 991 τοῦ
3253 941 3673 1012 τεθεωρημένον,
3717 948 3788 997 καὶ

2240 1025 2703 1097 παραστησάντων
2730 1026 2828 1098 τὴν
2857 1026 3097 1083 διάθεσιν
3129 1032 3185 1084 ὲν
3218 1027 3302 1094 οἷς
3345 1032 3633 1104 προθύμως
3675 1036 3788 1108 ὑπὲρ

2239 1115 2331 1168 τοῦ
2356 1115 2514 1184 λόγου
2559 1117 2724 1170 αὑτοῦ
2765 1119 3129 1183 πεπόνθασιν,
3171 1118 3312 1176 εἶναι
3357 1124 3788 1194 πλάσματα;Καὶ

2237 1210 2322 1272 τίς
2354 1209 2438 1274 ἂν,
2472 1209 2613 1264 κατά
2646 1210 2706 1264 τὸ
2729 1209 2950 1280 εῦλογον
2981 1212 3155 1266 πάντα
3189 1215 3450 1286 πράττειν
3488 1215 3666 1280 θέλων,
3685 1219 3791 1271 ἀπο-

2240 1305 2591 1376 κληρωτικῶς
2645 1307 3039 1376 συγκατάθοιτο
3066 1306 3138 1377 (9)
3167 1303 3268 1374 μὲν
3305 1305 3436 1376 περὶ
3463 1305 3671 1359 ἐκείνων
3692 1324 3704 1337 ·
3729 1310 3790 1371 είς

2239 1397 2294 1450 δὲ
2321 1399 2388 1451 τὰ
2415 1400 2542 1470 περὶ
2573 1399 2760 1454 τούτου
2789 1399 3160 1466 ἀνεξετάστως
3188 1397 3375 1470 ὁρμῶν
3397 1398 3683 1470 ἀπιστήσαι
3704 1403 3789 1463 ni;

2241 1507 2307 1542 πε
2317 1490 2370 1561 pi.
2403 1489 2567 1544 αὑτοῦ
2589 1508 2603 1557 ;

2309 1582 2418 1633 Καὶ
2448 1580 2607 1634 πάλιν
2637 1579 2771 1634 ὲπάν
2800 1581 2897 1652 μὲν
2933 1579 3176 1652 περὶτοῦ
3216 1577 3547 1652 Ἀσκληπιοῦ
3575 1580 3788 1652 λέγηται,

2238 1671 2317 1724 ὅτι
2344 1671 2478 1724 πολὺ
2505 1670 2806 1741 ἀνθρώπων
2843 1670 3048 1740 πλῆθος
3084 1671 3350 1742 Ἑλλήνων
3399 1689 3459 1724 τε
3503 1673 3593 1726 καὶ
3619 1673 3790 1744 βαρϐά-

2243 1781 2352 1836 ρων
2391 1763 2642 1834 ὁμολογεῖ
2667 1764 2926 1829 πολλάκις
2957 1765 3102 1828 ἰδεῖν,
3129 1765 3224 1817 καὶ
3255 1763 3337 1816 ἔτι
3373 1765 3527 1836 ὁρᾷν,
3553 1765 3608 1816 ού
3633 1766 3789 1835 φάσμα

559 1848 857 1916 ipsummet
908 1859 1225 1914 sanantem,
1281 1849 1544 1905 beneﬁcia
1601 1850 2007 1924 conferentem,
2047 1871 2134 1911 res

2245 1855 2371 1909 αὐτὸ
2399 1854 2577 1920 τοῦτο,
2605 1855 2739 1908 ἀλλὰ
2774 1855 3143 1927 θεραπεύοντα
3171 1855 3265 1908 καὶ
3296 1855 3694 1926 εὐεργετοῦντα,
3716 1860 3790 1910 καὶ

561 1938 776 1993 futuras
809 1938 1214 2007 praedicentem,
1243 1940 1482 2010 postulat
1507 1942 1694 1999 Celsus
1726 1950 1783 1996 ut
1821 1957 1919 1997 nos
1950 1946 2139 2000 creda-

559 2045 725 2096 mus;
766 2045 939 2099 neque
1000 2030 1066 2084 iis
1101 2031 1191 2099 qui
1232 2032 1284 2086 in
1335 2031 1518 2087 Jesum
1569 2038 1798 2091 credunt
1840 2039 2136 2106 exprobrat

555 2122 700 2192 quod
726 2121 832 2176 illis
863 2123 1028 2176 rebus
1074 2123 1312 2177 tribuant
1343 2124 1508 2178 iidem
1548 2141 1563 2180 :
1593 2128 1815 2196 quando
1840 2137 2020 2182 autem
2054 2129 2138 2182 di-

556 2213 802 2282 scipulis,
829 2215 922 2284 qui
954 2213 1215 2269 miracula
1260 2212 1387 2269 Jesu
1426 2218 1678 2272 viderunt
1727 2220 1920 2288 suique
1967 2220 2134 2272 animi

555 2307 928 2361 sinceritatem
980 2310 1431 2378 comprobarunt,
1479 2310 1846 2375 assentimur;
1877 2325 1978 2365 nos
2012 2311 2132 2366 Cel-

556 2416 650 2455 sus
674 2401 902 2470 appellat
934 2400 1137 2464 fatuos,
1169 2403 1418 2471 quamvis
1443 2415 1634 2455 eorum
1687 2403 2016 2472 probitatem
2048 2403 2134 2456 in-

555 2496 1002 2566 genuitatemque
1025 2498 1336 2562 videamus,
1368 2505 1632 2568 quantum
1662 2511 1729 2550 ex
1763 2495 1981 2564 scriptis
2014 2496 2136 2548 ani-

556 2601 706 2640 mum
733 2587 918 2642 videre
940 2588 1106 2655 licet;
1138 2603 1319 2658 neque
1353 2597 1531 2644 tamen
1561 2587 1850 2642 ostendere
1897 2587 2136 2656 potuerit

554 2679 1034 2748 innumerabilem,
1067 2692 1126 2736 ut
1179 2679 1452 2750 loquitur,
1503 2679 1908 2733 multitudinem
1959 2678 2138 2732 homi-

553 2783 680 2820 num
711 2765 1025 2824 Graecorum
1051 2779 1107 2824 et
1148 2771 1532 2835 barbarorum,
1561 2769 1655 2839 qui
1685 2767 2004 2838 IEsculapio
2041 2783 2132 2821 as-

553 2861 1020 2917 sentiantur..Nos
1063 2870 1280 2929 contra,
1317 2863 1421 2917 hoc
1453 2863 1497 2918 si
1550 2877 1808 2930 magnum
1852 2862 1981 2930 quid
2013 2876 2134 2914 esse

553 2960 725 3020 putat.
774 2951 923 3008 clare
954 2955 1294 3008 ostendimus
1330 2953 1787 3009 innumerabilem
1839 2952 2131 3023 quamdam

554 3043 956 3099 multitudinem
993 3043 1308 3100 Grzccorum
1340 3053 1394 3098 et
1443 3045 1808 3100 barbarorum
1839 3048 1930 3116 qui
1964 3046 2134 3102 conti-

557 3143 738 3188 tentur
765 3134 950 3190 Jesum
983 3155 995 3189 :
1023 3151 1258 3206 quorum
1293 3137 1512 3205 quidam
1559 3138 1612 3192 in
1643 3138 1706 3192 iis
1744 3153 1882 3207 quos
1917 3147 2130 3203 curant,
2160 3169 2203 3224 ε

551 3224 864 3292 signiﬁcant.
889 3241 948 3281 se
977 3241 1071 3296 per
1110 3229 1249 3282 hanc
1295 3228 1452 3281 (idem
1502 3228 1797 3282 miriﬁcum
1850 3229 2130 3298 quidpiam

554 3318 870 3387 accepisse;
910 3321 1111 3392 quippe
1153 3323 1293 3376 nihil
1322 3323 1467 3377 aliud
1502 3324 1554 3378 in
1583 3337 1680 3377 eos
1716 3323 1806 3391 qui
1855 3325 2137 3380 curatione

555 3423 696 3478 opus
725 3409 945 3476 habent,
975 3413 1252 3478 invocant,
1278 3427 1442 3484 quam
1501 3430 1815 3485 supremum
1847 3416 2012 3470 Deum
2047 3416 2135 3472 Je-

555 3515 728 3569 suque
779 3515 1001 3566 nomen,
1037 3503 1293 3574 adjuncta
1317 3506 1384 3560 de
1416 3505 1522 3560 isto
1548 3506 1797 3561 historia.
1825 3506 1920 3562 His
1953 3518 2007 3563 et
2039 3525 2136 3564 nos

557 3592 794 3646 vidimus
851 3593 1050 3648 multos
1125 3596 1380 3666 gravibus
1439 3597 1801 3652 incommodis
1848 3599 2132 3665 liberatos,

556 3681 890 3737 alienatione
921 3685 1142 3750 mentis,
1178 3686 1410 3753 insania,
1433 3687 1662 3757 aliisque
1691 3689 1986 3752 sexcentis,
2017 3705 2137 3760 qua:

557 3788 731 3844 neque
771 3775 1039 3841 homines,
1076 3791 1254 3846 neque
1290 3778 1553 3833 daemonia
1581 3791 1933 3836 sanaverunt.

626 3953 717 4010 25.
752 3955 860 4011 Sed
887 3955 993 4012 etsi
1037 3956 1260 4012 daretur
1295 3957 1562 4012 medicum
1605 3959 1891 4025 quemdam
1931 3962 2134 4018 dazmoo

557 4059 685 4099 nem
707 4046 1086 4116 Esculapium
1119 4047 1358 4114 nomine,
1383 4048 1583 4104 mederi
1612 4051 1958 4119 corporibus,
1985 4054 2133 4110 dice-

557 4151 673 4192 rem
719 4138 788 4192 ad
842 4137 964 4193 illos
993 4139 1086 4208 qui
1139 4139 1281 4192 istud
1324 4137 1688 4204 admirantur,
1740 4150 1834 4195 aut
1871 4144 2135 4212 Apollinis

555 4229 945 4285 divinationem
983 4245 998 4283 :
1032 4229 1088 4285 Si
1121 4230 1488 4286 curandorttm
1519 4244 1809 4300 corporum
1828 4218 1925 4290 ars
1961 4251 2135 4305 neque

555 4319 758 4375 bonum
785 4322 916 4392 quid
941 4336 1118 4389 neque
1156 4320 1358 4375 malum
1397 4330 1504 4387 est,
1528 4329 1582 4376 et
1615 4321 1665 4374 in
1695 4321 1865 4378 bonos
1889 4339 2042 4394 aeque
2072 4342 2136 4380 ac

551 4413 834 4481 improbos
869 4412 1052 4475 cadat,
1079 4421 1134 4468 et
1153 4412 1336 4467 futura
1361 4415 1732 4483 praenoscendi
1768 4416 1850 4471 vis
1872 4417 1945 4472 sit
1968 4419 2133 4474 etiam

2238 1945 2307 1999 τά
2344 1946 2604 2016 μέλλοντα
2638 1948 2991 2019 προλέγοντα,
3042 1950 3316 2000 πιστεύειν
3363 1949 3512 2018 ἡμᾶς
3554 1948 3581 1999 ὁ
3619 1949 3790 2010 Κέλσος

2239 2037 2399 2102 ἀξιοῖ,
2433 2038 2526 2090 καὶ
2557 2038 2658 2090 οὐκ
2693 2037 2914 2106 ἐγκαλεῖ
2945 2040 3057 2101 τοῖς
3097 2040 3176 2101 είς
3207 2037 3298 2090 τὸν
3342 2037 3546 2108 Ἰησοῦν
3593 2040 3786 2100 πιστοῖς,

2239 2129 2374 2182 ἐπὰν
2410 2129 2618 2194 τούτοις
2653 2131 2995 2200 πιστεύωμεν
3022 2131 3152 2200 (10)·
3190 2129 3331 2182 ἐπὰν
3373 2129 3432 2182 δὲ
3483 2132 3591 2192 τοῖς
3639 2129 3787 2200 μαθη-

2236 2223 2356 2283 ταῖς
2410 2220 2503 2272 κα“ι
2547 2219 2894 2290 τεθεαμένοις
2945 2219 3012 2271 τά
3056 2219 3317 2290 τεράστια
3366 2218 3460 2271 τοῦ
3499 2217 3682 2289 Ἰησοῦ,
3716 2218 3792 2270 καὶ

2238 2314 2565 2383 παριστᾶσιν
2604 2311 2848 2383 ἐναργῶς
2881 2312 2942 2363 τὸ
2975 2311 3254 2380 εὔγνωμον
3275 2311 3374 2381 τῆς
3405 2310 3606 2364 ἑαυτῶν
3645 2326 3791 2362 συνει-

2235 2403 2443 2474 δήσεως
2472 2401 2967 2473 συγκαταθώμεθα,
2997 2402 3228 2473 ὁρῶντες
3253 2401 3316 2455 τὸ
3353 2401 3684 2472 ἀπάνουργον
3715 2402 3792 2453 αὑ-

2234 2493 2361 2558 τῶν,
2394 2494 2516 2546 ὅσον
2568 2495 2714 2547 ἐστὶν
2770 2494 2897 2548 ίδεῖν
2945 2493 3246 2563 συνείδησιν
3292 2493 3403 2546 ἀπὸ
3447 2493 3789 2564 γραμμάτωνο

2235 2585 2448 2657 εὐήθεις
2479 2587 2622 2649 τινὲς
2653 2581 2790 2639 εἶναι
2843 2585 2958 2656 (ll)
2995 2584 3144 2655 παρά
3193 2584 3271 2656 τῷ
3321 2585 3514 2656 Κέλσῳ
3563 2583 3791 2655 ὀνομαζό-

2243 2678 2402 2747 μεθα,
2451 2679 2551 2732 ούκ
2583 2677 2758 2748 ἔχοντι
2799 2677 3146 2748 παραστῆσαι
3197 2676 3476 2747 ἀμύθητον
3525 2677 3615 2747 (ὥς
3659 2677 3789 2746 φησι)

2237 2770 2440 2841 πλῆθος
2488 2766 2788 2842 ἀνθρώπων
2830 2769 3093 2842 Ἐλλήνων
3149 2770 3242 2822 καὶ
3294 2769 3582 2840 βαρϐάρων
3626 2767 3790 2838 ὁμολο-

2234 2863 2476 2932 γούντων
2519 2863 2852 2933 Ἀσκληπιῷ,
2890 2863 3080 2933 Ἡμεῖς
3103 2861 3232 2933 γάρ,
3260 2863 3308 2913 εί
3335 2861 3491 2914 τοῦτο
3513 2860 3696 2932 σεμνὸν
3722 2855 3765 2912 εἰ

2234 2973 2323 3009 ναι
2351 2954 2582 3026 νομίζει,
2624 2953 2868 3025 ἐναργῶς
2907 2954 3194 3024 δείκνυμεν
3227 2953 3506 3025 ἀμύθητόν
3535 2970 3585 3005 τι
3616 2949 3787 3023 πλῆθος

2245 3047 2510 3118 Ἐλλήνων
2533 3065 2593 3100 τε
2622 3047 2716 3100 καὶ
2747 3045 3036 3116 βαρϐάρων
3058 3044 3463 3114 ὁμολογούντων
3493 3041 3568 3112 τῷ
3604 3040 3786 3113 Ἰησοῦ·

2236 3140 2379 3203 τινὲς
2399 3139 2453 3192 δὲ
2488 3141 2687 3209 σημεῖα
2714 3137 2807 3190 τοῦ
2844 3135 3121 3205 εἰληφέναι
3155 3153 3206 3188 τι
3235 3135 3324 3189 διὰ
3353 3135 3456 3206 τὴν
3487 3136 3656 3188 πίστιν
3681 3131 3790 3184 ταύ-

2239 3248 2338 3301 την
2363 3229 2788 3300 παραδοξότερον
2831 3227 3231 3281 ἐπιδείκνυνται
3274 3227 3332 3277 ὲν
3365 3221 3446 3289 οἷς
3489 3224 3790 3296 θεραπεύου-

2242 3338 2354 3373 σιν·
2395 3320 2543 3373 οὐδὲν
2572 3319 2698 3374 ἄλλο
2720 3317 3010 3379 καλοῦντες
3042 3317 3138 3370 ἐπὶ
3170 3317 3296 3378 τοὺς
3336 3315 3613 3386 δεομένους
3651 3314 3790 3382 θερα-

2241 3413 2397 3476 πείας
2430 3413 2461 3482 ἢ
2496 3412 2587 3464 τὸν
2610 3412 2700 3463 ἐπὶ
2733 3413 2865 3463 πᾶσι
2899 3408 3052 3472 Θεὸν,
3090 3411 3185 3462 καὶ
3216 3409 3276 3462 τὸ
3309 3407 3405 3461 τοῦ
3446 3407 3610 3477 Ἰησοῦ
3644 3406 3793 3474 ὄνομα

2242 3503 2380 3576 μετὰ
2404 3505 2501 3575 τῆς
2523 3505 2650 3574 περί
2681 3502 2846 3556 αὐτοῦ
2881 3501 3138 3574 ἱστορίας.
3167 3500 3392 3564 Τούτοις
3408 3499 3515 3570 γὰρ
3544 3501 3632 3553 καὶ
3653 3499 3791 3567 ἡμεῖς

2239 3597 2563 3670 ἑωράκαμεν
2589 3595 2815 3659 πολλοὺς
2840 3593 3252 3662 ἀπαλλαγέντας
3281 3593 3532 3664 χαλεπῶν
3563 3605 3795 3661 συμπτω-

2243 3691 2447 3762 μάτων,
2502 3691 2596 3743 καὶ
2636 3689 2944 3741 ἐκστάσεων
2979 3685 3074 3740 καὶ
3111 3685 3340 3756 μανιῶν,
3383 3687 3478 3740 καὶ
3510 3685 3671 3740 ἄλλων
3704 3698 3792 3751 μυ-

2243 3781 2392 3851 ρίων,
2427 3780 2570 3854 ἅπερ
2605 3778 2716 3833 οὔτ’
2761 3779 3036 3851 ἄνθρωποι
3067 3776 3190 3831 οὕτε
3217 3776 3472 3847 δαίμονες
3515 3774 3790 3848 ἐθεράπευο

2240 3891 2359 3927 σαν.

2311 3965 2430 4017 Ἵνα
2470 3963 2524 4015 δὲ
2572 3962 2667 4016 καὶ
2708 3963 2783 4016 δῶ
2816 3963 2950 4032 (12),
2997 3964 3177 4035 ἰατρόν
3228 3980 3350 4017 τινα
3389 3962 3606 4032 δαίμονα
3651 3957 3792 4026 θερα-

2240 4053 2425 4107 πεύειν
2472 4051 2700 4123 σώματα
2743 4052 2836 4105 τὸν
2867 4051 3197 4122 καλούμενον
3237 4051 3580 4122 Ἀσκληπιὸν,
3611 4043 3794 4112 εἴποιμ’

2237 4145 2302 4198 ἂν
2329 4143 2465 4215 πρὸς
2506 4145 2631 4207 τοὺς
2669 4141 3046 4213 θαυμάζοντας
3076 4141 3137 4194 τὸ
3176 4141 3408 4203 τοιοῦτο,
3437 4142 3469 4213 ἢ
3501 4141 3594 4210 τὴν
3622 4134 3795 4190 Ἀπόλ-

2238 4237 2404 4300 λωνος
2435 4235 2712 4308 μαντείαν,
2748 4236 2829 4288 ὃτι
2859 4234 3029 4304 Εἴπερ
3063 4233 3224 4303 μέσον
3253 4234 3458 4324 ὲστξνή
3486 4231 3586 4284 τῶν
3627 4226 3794 4296 σωμά-

2238 4347 2345 4383 των
2390 4329 2628 4400 ίατρικὴ,
2664 4329 2759 4381 καὶ
2803 4331 3033 4401 πρᾶγμα
3073 4332 3274 4383 πῖπτον
3305 4322 3405 4379 οῦκ
3450 4327 3525 4388 εἰς
3570 4322 3792 4378 ἀστείους

2245 4422 2425 4494 μόνον,
2451 4420 2587 4474 ἀλλὰ
2631 4422 2724 4473 καὶ
2769 4421 3024 4491 φαύλους,
3056 4419 3219 4489 μέσον
3254 4419 3312 4472 δὲ
3354 4419 3506 4488 καὶὴ
3549 4414 3669 4486 περὶ
3698 4410 3792 4462 τῶν

552 4504 682 4572 quid
716 4504 1032 4560 indifferens
1052 4504 1175 4576 (nec
1197 4506 1342 4561 enim
1383 4507 1567 4562 statim
1595 4505 1687 4574 qui
1712 4506 1893 4564 futura
1923 4526 2134 4580 praeno-

2248 4514 2548 4584 μελλόντων
2601 4513 2908 4585 πρόγνωσις
2949 4515 3026 4581 (οὖ
3058 4513 3168 4583 γάρ
3204 4512 3423 4576 πάντως
3459 4509 3700 4581 ἐμφαίνει
3745 4503 3794 4554 τὺ

552 4596 684 4664 scit,
707 4598 871 4652 etiam
906 4599 990 4653 vir
1023 4600 1202 4655 bonus
1229 4599 1356 4672 est),
1399 4601 1623 4670 probate
1657 4601 1828 4658 malos
1859 4616 1966 4657 non
2011 4619 2131 4659 esse

550 4689 646 4758 qui
675 4700 868 4744 sanant
893 4700 988 4745 aut
1019 4702 1396 4762 praenoscunt;
1432 4695 1693 4762 quosdam
1727 4703 1876 4747 certo
1910 4695 2138 4750 demon-

552 4782 718 4834 strari
748 4783 944 4848 bonos,
973 4792 1030 4839 et
1070 4800 1262 4854 parum
1315 4786 1508 4842 abesse
1534 4796 1591 4840 ut
1621 4785 1692 4839 dii
1731 4786 2131 4842 existimentur.

554 4866 663 4923 Sed
691 4887 801 4926 non
841 4884 1098 4942 poterunt
1129 4875 1298 4931 bonos
1328 4879 1562 4948 probare
1596 4895 1688 4936 eos
1714 4897 1855 4948 esse,
1903 4883 1993 4950 qui
2046 4896 2136 4936 sa-

556 4970 692 5013 nant
716 4971 809 5015 aut
837 4964 930 5031 qui
967 4975 1339 5032 praenoscunt.
1369 4967 1520 5023 Multi
1559 4971 1703 5026 enim
1745 4970 2001 5026 dicuntur
2043 4986 2132 5026 sa-

555 5051 688 5118 nati,
715 5056 806 5123 qui
843 5057 950 5110 vita
986 5057 1191 5128 indigni
1217 5067 1400 5125 erant,
1439 5068 1494 5113 et
1529 5058 1728 5128 quibus
1760 5060 1978 5142 sapiens
2017 5077 2128 5116 me-

639 5263 709 5332 (8)
740 5262 893 5335 Mss,
926 5263 996 5316 τὰ
1039 5264 1145 5318 τῶν
1191 5264 1319 5335 περὶ
1365 5264 1597 5318 ἐκείνου.
1631 5264 1789 5319 Lihb.
1823 5268 2032 5330 exclusi,
2079 5266 2146 5319 τὰ

557 5336 686 5405 περὶ
714 5333 820 5387 τῶν
853 5336 1082 5408 ἐκείνου,
1103 5338 1212 5408 sed
1240 5333 1568 5408 legendum,
1603 5334 1670 5388 τὰ
1699 5335 1805 5388 τῶν
1835 5337 1966 5408 πεῷ⁵
1997 5338 2144 5390 ἐκεί-

558 5425 686 5467 νων,
717 5418 771 5455 ιιι
802 5417 985 5458 monet
1022 5405 1360 5460 liolierellus.

629 5476 700 5546 (9)
734 5475 1190 5546 Συγκατάθοιτο.
1243 5486 1350 5529 etc.
1382 5474 1532 5531 Haud
1574 5479 1690 5530 scio
1737 5495 1804 5530 an
1841 5477 2126 5546 legendum

555 5545 1094 5620 δικ-συγκατάθοιτο
1159 5547 1255 5615 μὲν
1314 5550 1429 5620 τοῖς
1485 5549 1610 5620 περὶ
1646 5545 1917 5620 γὲκείνωνξ
1975 5549 2135 5620 Certe

555 5617 721 5688 paulo
752 5626 872 5683 post
908 5617 958 5688 in
985 5617 1442 5688 alteroﬂmembro
1472 5617 1604 5675 mss.
1644 5619 1861 5679 habent,
1899 5619 2133 5688 ἀπιστήο

557 5684 647 5742 σαι
683 5688 792 5749 τοῖς
847 5685 972 5757 περὶ¹
1017 5684 1203 5739 αὑτοῦ.
1245 5685 1300 5738 lu
1353 5687 1504 5741 Lbris
1554 5700 1712 5742 antea
1764 5689 1926 5741 editis
1978 5684 2128 5741 deos]

554 5774 683 5819 τοις.

629 5828 736 5899 (10)
767 5826 872 5881 Καὶ
911 5829 1020 5881 οὐκ
1053 5825 1300 5895 ἐγκαλεῖ
1331 5826 1452 5892 τοῖς
1491 5830 1576 5892 εἰς
1621 5827 1724 5880 τὸν
1766 5827 2006 5894 Ἰησοῦν
2036 5843 2128 5880 πι-

2240 4607 2451 4659 ἀστεῖον
2494 4608 2522 4659 ὁ
2568 4604 2988 4677 προγινώσκων)
3015 4623 3028 4635 ο
3068 4605 3456 4676 παραστήσατε
3498 4601 3606 4663 πῶς
3654 4597 3796 4651 0'36:-

2245 4697 2360 4767 μῶς
2406 4697 2505 4768 μέν
2549 4699 2654 4750 εἱσι
2688 4698 2881 4766 φαῦλοι
2920 4699 2967 4751 οἱ
3013 4696 3429 4770 θεραπεύοντες,
3465 4695 3495 4765 ἢ
3535 4695 3581 4747 οί
3620 4706 3796 4761 προτι-

2239 4786 2594 4855 γνώσκοντες,
2647 4789 2810 4840 παντὶ
2847 4788 2902 4841 δὲ
2942 4788 3128 4858 τρόπῳ
3170 4787 3575 4840 ἀποδείκνυνται
3605 4776 3795 4834 ἀστεῖοί

2238 4896 2401 4942 τινες,
2448 4881 2541 4932 καὶ
2569 4880 2629 4932 οὐ
2678 4880 2894 4952 μακρὰν
2941 4878 3033 4931 τοῦ
3074 4877 3447 4948 ὑποληφθῆναι
3497 4870 3626 4928 εἶναι
3674 4867 3794 4921 θεοί.

2251 4970 2390 5023 Ἀλλ’
2429 4973 2489 5024 ού
2529 4972 2846 5043 δυνήσονται
2881 4973 3126 5034 ἀστείους
3170 4968 3451 5033 ἀποδεῖξαι
3491 4967 3609 5028 τοὺς
3648 4962 3799 5030 θερα-

2239 5064 2522 5128 πεύοντας,
2556 5064 2590 5133 ἢ
2616 5067 2742 5128 τοὺς
2761 5064 3289 5137 προγιγνώσκοντας,
3325 5060 3529 5117 πολλῶν
3557 5057 3648 5113 καὶ
3681 5055 3798 5106 ἀνα·

2248 5270 2437 5336 στοῖς,
2481 5271 2637 5324 ἐπὰν
2663 5273 2891 5336 τούτοις
2931 5271 3325 5340 πιστεύωμεν.
3382 5269 3499 5323 [lac
3529 5282 3556 5320 a
3582 5262 3796 5320 Gelenio

2246 5355 2351 5391 non
2385 5352 2774 5406 agnoscuntur.
2806 5352 2861 5394 et
2895 5341 3091 5395 Guieto
3126 5342 3373 5394 addititia
3402 5341 3666 5393 videntur.

2313 5410 2426 5490 in)
2455 5407 2652 5490 Εἷνλιιἶ
2699 5411 2984 5490 Abuqdare
3017 5411 3255 5490 videtur,
3317 5421 3371 5466 et
3420 5414 3598 5464 abesse
3648 5414 3795 5490 posse

2240 5471 2520 5552 existimat
2551 5481 2797 5552 Gttietus.
2835 5481 2997 5552 Forte
3026 5471 3313 5552 legendum
3351 5491 3550 5550 postea,
3579 5471 3791 5544 νομιζό-

2239 5549 2417 5633 μεφμε.
2440 5567 2536 5633 Pr?
2561 5551 2958 5633 ἀνρεαξάμεεθσι·

2310 5612 2571 5690 (12)’Δῶ’
2607 5612 2813 5692 κλῶμεν
2846 5622 3040 5692 legisse
3085 5620 3301 5692 videtur
3348 5619 3615 5692 Gelenius.
3675 5612 3788 5692 Mox

2237 5680 2429 5746 omnes
2490 5708 2648 5755 Inss.,
2697 5680 2924 5762 ’ἱατρόνυ
2943 5709 3084 5746 τινα.
3139 5681 3301 5748 Libb.
3348 5692 3508 5753 editi,
3560 5680 3795 5757 ἰατρικόν

2236 5778 2373 5815 τινα.
