3902 6414
459 273 562 336 951

1905 270 2229 328 ORIGENIS

3607 276 3712 332 952

467 390 611 446 Nihil
649 399 829 446 autem
855 387 1030 444 simile
1055 402 1154 441 nos
1181 387 1248 442 de
1271 385 1400 442 Iesu
1431 386 1654 456 ejusque
1677 385 1876 440 virtute
1909 399 2011 438 sent

2148 383 2419 439 Ἀπόλλων
2450 383 2509 439 τὸ
2535 385 2775 458 καθαρὸν
2796 386 2904 440 ἀπὸ
2924 388 3110 458 γηῒνου
3145 389 3414 460 σώματος.
3451 390 3618 444 Οὐδὲν
3658 393 3712 446 δὲ

462 489 651 541 timus.
692 484 844 552 Quod
873 482 1016 538 enim
1043 495 1108 533 ex
1137 478 1359 548 Virgine
1387 486 1569 532 natum
1603 486 1707 542 est,
1750 477 1802 530 id
1830 490 2030 545 corpus

2132 476 2372 530 τοιοῦτον
2398 479 2557 547 ἡμεῖς
2584 477 2714 549 περὶ
2740 477 2832 530 τοῦ
2867 477 3041 548 Ἰησοῦ
3071 479 3163 534 καὶ
3185 480 3285 550 τῆς
3313 480 3600 551 δυνάμεως
3621 484 3711 536 αὐ-

459 585 582 632 crat
607 591 674 630 ex
711 576 943 628 humana
995 569 1224 623 materia
1261 577 1542 631 constans,
1565 575 1620 620 et
1654 564 1798 634 quod
1838 563 2011 618 huma-

2131 567 2226 620 τοῦ
2267 568 2579 638 δοξάζομεν.
2616 567 2693 620 Τὸ
2717 567 2826 639 γάρ
2849 571 3245 641 γεγεννημένον
3275 571 3386 624 ἀπὸ
3423 571 3527 641 τῆς
3562 573 3710 646 Παρ-

459 674 544 728 nis
568 671 881 725 vulneribus
918 676 1062 722 esset
1099 665 1370 734 mortique
1405 663 1728 718 obnoxium.

524 956 614 1010 26.
671 954 821 1009 Nunc
879 953 1157 1006 videamus
1219 965 1339 1019 quzc
1392 958 1514 1018 post
1566 947 1660 1002 illa
1708 948 1856 1002 dicat
1905 944 2028 1001 Cel-

453 1063 588 1112 sus,
639 1061 704 1101 ex
749 1045 994 1100 historiis
1051 1042 1280 1096 mirifica
1321 1041 1644 1110 proferens,
1703 1054 1824 1109 quae
1898 1038 2028 1093 licet

454 1139 507 1194 in
563 1153 624 1193 se
679 1135 1023 1192 incredibilia

454 1231 632 1284 minus
685 1229 754 1283 ah
817 1228 932 1294 illo,
969 1227 1013 1281 si
1049 1224 1232 1279 verbis
1268 1225 1385 1293 ejus
1431 1226 1566 1282 fides
1617 1234 1702 1281 est
1751 1225 2022 1281 habenda.

451 1320 766 1387 llujusmodi
795 1330 944 1382 sunt,
969 1332 1092 1388 quae
1133 1319 1369 1386 primum
1405 1318 1476 1373 de
1516 1319 1730 1373 Aristea
1782 1317 2022 1373 Procon-

447 1414 600 1468 nesio
665 1412 871 1479 refert,
937 1412 1004 1466 de
1066 1427 1176 1481 quo
1235 1411 1314 1466 sic
1372 1409 1618 1480 loqu-itur
1669 1427 1682 1462 :
1733 1427 1754 1460 ι
1821 1409 2024 1465 Deinde

443 1506 718 1560 Aristeam
768 1505 1220 1569 Proconnesium,
1271 1503 1384 1572 qui,
1433 1518 1557 1557 cum
1607 1502 1690 1557 sic
1729 1502 1911 1556 divine
1958 1516 2022 1554 ex

443 1595 607 1670 463
639 1596 813 1652 oculis
848 1595 1126 1650 hominum
1177 1595 1513 1656 evanuisset,
1560 1609 1754 1648 rursus
1795 1593 2014 1662 conspi-

1099 1135 1388 1198 videntur,
1457 1136 1762 1189 creduntur
1829 1134 2028 1188 nihilo-

2134 658 2287 712 θένου
2323 659 2482 729 σῶμα
2515 654 2582 730 ἧν
2625 659 2737 713 ἀπὸ
2769 662 2864 730 τῆς
2905 660 3250 733 ἀνθρωπίνης
3283 659 3421 732 ὕλης
3453 679 3712 735 συνεπη-

2134 749 2248 816 κὸς,
2277 749 2530 804 δεκτικὸν
2551 751 2659 806 τῶν
2681 751 3033 823 ἀνθρωπίνων
3059 754 3392 824 τραυμάτων
3419 755 3517 808 καὶ
3547 755 3710 810 θανά-

2128 857 2243 894 του.

2202 953 2430 1025 Ἴδωμεν
2459 954 2515 1008 δὲ
2543 955 2638 1010 καὶ
2665 953 2702 1008 ἃ
2719 954 2856 1026 μετά
2876 954 3048 1009 ταῦτα
3076 954 3223 1024 λέγει
3254 957 3283 1007 ὁ
3307 955 3519 1020 Κέλσος
3539 974 3710 1029 παρα-

2127 1048 2407 1120 τιθέμενος
2436 1048 2544 1119 (18)
2576 1048 2686 1103 ἀπὸ
2708 1048 2957 1120 ἱστοριῶν
2983 1047 3282 1119 παράδοξα,
3307 1049 3404 1102 καὶ
3428 1037 3708 1104 καθἀὑτά

2132 1139 2231 1208 μέν
2262 1139 2512 1202 ἀπίστοις
2539 1139 2776 1203 ἐοικότα,
2799 1139 2893 1192 ὑπ’
2919 1139 3080 1192 αὐτοῦ
3106 1138 3162 1191 δὲ
3182 1138 3282 1196 οὐκ
3308 1139 3706 1213 ἀπιστούμενα,

2126 1232 2250 1285 ὅσον
2263 1249 2324 1300 γε
2347 1232 2440 1284 ἐπὶ
2452 1235 2518 1302 τῇ
2543 1230 2685 1297 λέξει
2713 1230 2896 1286 αὐτοῦ.
2920 1232 3028 1285 Καὶ
3056 1232 3271 1305 πρῶτόν
3292 1251 3356 1302 γε
3379 1232 3448 1286 τά
3478 1234 3606 1305 περὶ
3620 1234 3708 1286 τὸν

2127 1323 2521 1394 Προκοννήσιον
2535 1321 2838 1393 Ἀριστέαν,
2871 1323 2999 1396 περὶ
3027 1319 3087 1378 οὗ
3118 1325 3293 1379 ταῦτά
3325 1343 3523 1398 φησιν·
3555 1345 3575 1378 ι
3597 1322 3708 1379 Εἶτ’

2140 1415 2196 1466 Ἀ
2206 1414 2418 1486 ριστέαν
2443 1415 2540 1485 μὲν
2556 1414 2951 1485 Προκοννήσιον
2971 1414 3332 1483 ἀφανισθέντα
3347 1433 3409 1468 τε
3433 1414 3580 1468 οὕτω
3597 1415 3709 1468 δαι-

2130 1506 2326 1577 μονίως
2362 1503 2422 1570 ὲξ
2459 1501 2784 1574 ἀνθρώπων,
2816 1501 2910 1554 καὶ
2959 1498 3113 1566 αὖθις
3144 1502 3393 1574 ἐναργῶς
3441 1501 3704 1572 φανέντα,

2127 1598 2220 1651 καὶ
2258 1596 2470 1659 πολλοῖς
2500 1594 2729 1664 ὕστερον
2755 1593 2968 1664 χρόνοις
2997 1592 3265 1664 πολλαχοῦ
3311 1594 3414 1664 τῆς
3457 1592 3708 1664 οἰκουμέο

446 1702 609 1742 cuum
646 1702 705 1740 se
745 1686 994 1754 prmhuit,
1031 1693 1086 1740 et
1109 1683 1296 1738 multis
1323 1693 1512 1752 postea
1542 1685 1880 1753 temporibus
1901 1697 2011 1752 per-

2129 1706 2222 1759 νης
2254 1687 2687 1758 ἐπιδημήσαντα,
2711 1686 2806 1738 καὶ
2833 1684 3121 1756 θαυμαστά
3139 1683 3249 1756 (l9)
3280 1684 3704 1753 ἀναγγείλαντα,

447 1778 614 1832 multa
659 1778 813 1834 orbis
854 1776 971 1834 loca
1014 1776 1196 1832 invisit
1258 1776 1622 1843 mirandaque
1662 1774 2018 1838 renuntiavit,

445 1872 574 1926 licet
606 1871 799 1940 Apollo
837 1867 1220 1938 Metapontinis
1254 1867 1578 1936 prazteeperit
1611 1876 1671 1923 ut
1712 1866 1860 1920 illum
1891 1868 2022 1921 deos

447 1978 564 2018 rum
621 1977 853 2016 numero
909 1960 1198 2024 haberent,
1241 1973 1402 2012 nemo
1459 1959 1723 2014 hactenus
1775 1959 1880 2014 fuit
1925 1960 2016 2030 qni

443 2055 720 2108 Aristeam
763 2053 922 2107 deum
968 2066 1091 2108 esse
1153 2053 1560 2108 existimaret.)
1614 2053 1789 2118 Quam
1847 2052 2021 2106 histo-

445 2146 582 2200 riam
653 2144 904 2215 hausisse
953 2159 1018 2198 ex
1079 2143 1318 2199 Pindaro
1366 2151 1422 2197 et
1471 2142 1744 2199 Herodoto
1781 2144 2016 2198 videtur.

445 2237 600 2292 Nunc
633 2237 768 2292 satis
796 2235 958 2290 fuerit
987 2235 1241 2291 Herodoti
1284 2239 1452 2293 verba
1493 2239 1702 2291 referre
1733 2251 1797 2289 ex
1824 2247 2020 2305 quarto

445 2330 836 2394 Historiarum,
873 2329 963 2384 ubi
996 2330 1109 2383 haec
1150 2330 1216 2384 de
1243 2330 1458 2387 Aristea
1491 2332 1786 2402 leguntur:
1817 2348 1836 2382 ι
1864 2329 2019 2386 Unde

443 2422 609 2477 fuerit
643 2424 709 2488 is,
750 2421 843 2491 qui
881 2421 995 2476 haec
1037 2421 1248 2486 retulit,
1292 2422 1405 2492 jam
1455 2423 1590 2477 dixi.
1628 2421 1782 2477 Nunc
1833 2432 2015 2476 autem

441 2529 566 2585 quae
598 2514 665 2568 de
688 2513 783 2567 illo
813 2514 995 2568 audivi
1027 2513 1079 2567 in
1117 2513 1473 2571 Proconneso
1499 2525 1552 2571 et
1575 2515 1793 2587 Cyzico,
1833 2532 2020 2570 narra-

440 2605 530 2659 bo.
571 2602 779 2658 Ferunt
832 2603 1133 2667 Aristeam,
1172 2619 1296 2659 cum
1359 2605 1491 2660 nulli
1546 2621 1770 2660 suorum
1815 2606 2015 2660 civium

439 2696 730 2753 nobilitate
798 2698 1056 2764 cederet,
1106 2697 1412 2769 ingressum
1469 2699 1521 2754 in
1570 2699 1920 2755 Proconneso
1963 2702 2015 2755 in

440 2787 788 2854 fullonicam,
821 2789 893 2843 ibi
941 2800 1172 2843 mortem
1221 2789 1459 2856 obiisse;
1509 2790 1806 2859 statimque
1850 2789 2013 2843 fullo-

438 2891 586 2942 nem,
641 2876 858 2932 occlusa
898 2877 1134 2946 ofﬁcina,
1184 2880 1410 2945 abiisse,
1447 2888 1506 2934 ut
1549 2895 1658 2933 rem
1694 2879 2017 2950 propinquis

438 2967 690 3022 defuncti
724 2969 1032 3024 nuntiaret.
1084 2967 1292 3039 Sparso
1345 2978 1526 3024 autem
1580 2984 1674 3038 per
1703 2971 1890 3024 urbem
1924 2985 2016 3024 ru-

2124 1780 2216 1833 xai
2247 1777 2340 1831 τοῦ
2381 1776 2713 1838 Ἀπόλλωνος
2743 1773 3145 1846 ἐπισκήψαντος
3183 1772 3621 1834 Μεταποντίνοις
3649 1773 3705 1823 ὲν

2124 1872 2258 1925 θεῶν
2297 1871 2460 1942 μοίρᾳ
2485 1869 2670 1938 νέμειν
2702 1866 2812 1937 (20)
2836 1865 2929 1918 τὸν
2974 1866 3281 1938 Ἀριστέαν,
3314 1865 3511 1918 τοῦτον
3537 1863 3706 1926 οὐδεὶς

2122 1963 2202 2016 ἔτι
2249 1961 2458 2033 νομίζει
2503 1960 2646 2016 θεόν.
2673 1978 2692 2009 ›
2725 1960 2906 2011 Ἔοικε
2943 1958 2988 2010 δ’
3010 1956 3287 2028 εἰληφέναι
3314 1955 3416 2026 τὴν
3467 1953 3707 2025 ἱστορίαν

2123 2053 2230 2106 ἀπὸ
2260 2052 2523 2121 Πινδάρου
2551 2050 2645 2104 καὶ⁹
2683 2049 2970 2120 Ἡροδότου
2998 2047 3132 2118 (21).
3179 2048 3370 2118 Ἀρκεῖ
3396 2046 3456 2100 δὲ
3488 2046 3585 2099 νῦν
3607 2047 3709 2117 τὴν

2134 2144 2416 2217 Ἡροδότου
2457 2140 2804 2213 παραθέσθαι
2834 2139 2978 2206 λέξιν
3009 2140 3117 2192 ἀπὸ
3155 2140 3255 2210 τῆς
3291 2138 3569 2208 τετάρτης
3598 2137 3708 2191 τῶν

2133 2235 2400 2307 Ἱστοριῶν
2432 2233 2575 2288 οὕτω
2604 2233 2735 2304 περὶ
2769 2230 2932 2285 αὑτοῦ
2964 2231 3222 2303 ἔχουσαν-ο
3268 2249 3288 2282 σ
3307 2231 3421 2284 Καὶ
3447 2230 3572 2284 ὅθεν
3606 2229 3704 2300 μὲν

2119 2324 2187 2399 ἦν
2231 2328 2512 2400 Ἀριστέης
2537 2328 2565 2379 ό
2591 2322 2769 2380 ταῦτα
2791 2322 2970 2388 εἴπας,
3005 2323 3233 2394 εἴρηκαο
3255 2323 3314 2376 δν
3339 2322 3398 2376 δὲ
3428 2322 3542 2393 (29.)
3577 2323 3704 2394 περὶ

2121 2420 2286 2476 αὐτοῦ
2314 2421 2470 2490 λόγον
2502 2421 2698 2493 ἢκουον
2728 2421 2788 2472 ὲν
2819 2417 3182 2490 Προκοννήσῳ
3213 2415 3311 2470 καὶ
3341 2415 3591 2487 Κυζίκῳ,
3615 2415 3701 2467 λέ-

2121 2513 2215 2580 ξω.
2262 2515 2544 2584 Ἀριστέην
2584 2512 2694 2584 γάρ
2727 2513 2977 2580 λέγουσιν
3009 2509 3165 2563 ἐόντα
3195 2509 3306 2562 τῶν
3336 2508 3523 2563 ἀστῶν
3563 2508 3703 2562 οὐδε-

2120 2607 2208 2669 νὸς
2265 2605 2451 2674 γένεος
2503 2604 2613 2675 (2'5)
2651 2603 3060 2675 ὑποδεέστερον,
3098 2600 3414 2654 εἰσελθόντα
3468 2604 3529 2664 ἐς
3582 2616 3703 2654 κνα-

2120 2699 2275 2770 φήῖον
2309 2700 2367 2750 ὲν
2399 2698 2788 2769 Προκοννήσῳ,
2841 2696 3162 2751 ἀποθανεῖν·
3212 2697 3308 2750 καὶ
3331 2696 3429 2750 τὸν
3471 2696 3701 2759 κναφέα»

2119 2788 2557 2860 κατακληῖσαντα
2583 2788 2643 2841 τὸ
2677 2789 3055 2860 ἐργαστήριον,
3074 2785 3315 2858 οἴχεσθαι
3367 2787 3703 2855 ἀγγελέοντα

2117 2880 2230 2942 τοῖς
2280 2879 2618 2949 προσήκουσι
2660 2877 2740 2948 τῷ
2785 2878 2965 2950 νεκρῷ
3000 2876 3135 2948 (24).
3172 2876 3611 2947 Ἐσκεδασμένου
3645 2876 3699 2929 δὲ

2119 2969 2219 3041 ήδη
2267 2968 2364 3022 τοῦ
2405 2969 2566 3038 λόγου
2615 2969 2722 3023 ἀνά
2764 2971 2864 3040 τὴν
2904 2969 3080 3033 πόλιν,
3124 2968 3200 3032 ὡς
3249 2967 3495 3032 τεθνεὼς
3547 2969 3628 3039 εἴη
3672 2970 3700 3021 ό

437 3071 592 3112 more
641 3057 945 3117 decessisse
979 3059 1284 3129 Aristeam,
1326 3060 1455 3115 dum
1507 3061 1656 3116 varie
1705 3061 1806 3116 hac
1854 3065 1922 3118 de
1959 3077 2011 3118 re

2132 3061 2445 3132 Ἀριστέης·
2483 3063 2540 3125 ἐς
2576 3061 2952 3133 ἀμφισϐασίας
2983 3064 3095 3124 τοῖς
3122 3059 3375 3129 λέγουσιν
3408 3059 3700 3129 ἀφικέσθαι

439 3149 771 3218 disputatur,
799 3151 1089 3206 advenisse
1132 3165 1200 3206 ex
1245 3152 1448 3205 Artace
1501 3153 1635 3206 urbe
1682 3151 2012 3223 Cyzicenum

438 3241 751 3308 quemdam,
789 3243 881 3312 qui
937 3243 1142 3298 diceret
1188 3258 1272 3309 se,
1305 3259 1427 3296 cum
1466 3242 1726 3311 Cyzicum
1781 3255 2012 3316 peteret,

435 3333 746 3387 occurrisse
772 3334 1004 3389 Aristeas
1025 3344 1079 3388 et
1111 3351 1235 3390 eum
1257 3351 1323 3388 eo
1353 3335 1685 3404 colloquium
1727 3340 2009 3396 habuisse.

437 3423 592 3488 Quod
632 3439 755 3479 cum
794 3426 896 3481 iste
955 3436 1278 3482 constanter
1322 3427 1641 3493 afﬁrmaret,
1676 3433 2015 3503 propinquos

437 3513 679 3569 defuncti
720 3518 786 3570 ad
813 3516 1126 3573 fullonicam
1157 3519 1402 3576 adfuisse
1422 3520 1490 3574 iis
1518 3523 1684 3577 rebus
1716 3523 2014 3582 instructos

435 3605 636 3676 quibus
669 3609 738 3662 ad
786 3623 910 3662 eum
939 3607 1273 3665 efferendum
1313 3627 1450 3683 opus
1481 3621 1660 3681 esset;
1694 3624 1888 3683 aperta
1918 3632 2018 3672 au-

435 3706 546 3752 tem
592 3697 775 3765 domo,
822 3699 1093 3756 Aristeam
1133 3716 1236 3757 nec
1273 3703 1458 3758 vivum
1503 3707 1882 3773 comparuisse
1911 3725 2014 3766 nec

435 3799 717 3845 mortuum
742 3809 764 3856 ;ς
791 3801 996 3860 septem
1029 3804 1147 3864 post
1174 3797 1338 3851 annis
1367 3797 1541 3852 visum
1572 3798 1626 3852 in
1659 3795 2014 3858 Proconneso

436 3881 632 3949 fuisse,
677 3885 747 3938 ibi
789 3901 988 3942 versus
1031 3886 1228 3944 fecisse
1267 3891 1361 3960 qui
1405 3907 1547 3946 nunc
1577 3907 1607 3946 a
1645 3891 1851 3950 Graecis
1890 3896 2013 3952 Ari-

434 3975 643 4045 maspei
671 3988 972 4045 vocantur;
1002 3990 1188 4049 postea
1222 3983 1462 4037 secundo
1483 3985 1797 4040 evanuisse.
1832 3988 2013 4058 Atque

433 4066 554 4122 haec
597 4069 818 4139 quidem
887 4073 1054 4128 urbes
1093 4073 1230 4130 istae.
1278 4072 1404 4129 Hac
1445 4087 1577 4130 vero
1617 4074 2011 4146 Metapontinis

433 4161 533 4231 qui.
563 4169 692 4216 sunt
739 4165 792 4218 in
829 4163 985 4220 Italia
1025 4165 1320 4236 contigisse
1348 4165 1462 4221 scio
1507 4167 1769 4224 trecentis
1794 4178 1849 4225 et
1875 4186 2010 4239 quae

433 4251 684 4321 draginta
741 4255 902 4310 annis
966 4265 1256 4326 postquam
1316 4257 1564 4312 Aristeas
1609 4255 2013 4317 Proconnesius

428 4345 674 4400 secundo
705 4358 1025 4414 evanuerat,
1065 4357 1125 4403 ut
1171 4363 1275 4418 ego
1319 4365 1442 4419 qua
1483 4351 1537 4404 in
1576 4349 1930 4410 Proconneso
1957 4365 2012 4410 et

2122 3154 2290 3225 ἄνδρα
2311 3152 2638 3224 Κυζικηνὸν,
2661 3155 2864 3224 ἥκοντα
2891 3153 2948 3220 ἐξ
2977 3152 3246 3224 Ἀρτάκης
3266 3152 3499 3217 πόλεως,
3531 3152 3700 3222 φάντα

2124 3249 2407 3318 συντυχεῖν
2448 3246 2508 3299 τέ
2550 3247 2600 3300 οί
2651 3247 2782 3300 ίόντι
2829 3247 2922 3300 ἐπὶ
2965 3243 3230 3308 Κυζίκου,
3259 3245 3356 3298 καὶ
3407 3247 3467 3308 ἐς
3516 3245 3700 3312 λόγους

2122 3339 2435 3410 ἀφικέσθαι.
2468 3340 2578 3393 Καὶ
2608 3338 2799 3392 τοῦτον
2832 3339 2929 3410 μὲν
2949 3338 3320 3409 ἐντεταμένως
3352 3337 3467 3408 (25)
3497 3338 3699 3409 ἀμφισ-

2123 3433 2364 3486 6ατέειν·
2392 3433 2518 3495 τοὺς
2549 3431 2606 3484 δὲ
2652 3432 3028 3502 προσήκοντας
3049 3429 3128 3500 τῷ
3155 3429 3333 3492 νέκυϊ,
3364 3431 3461 3482 ἐπὶ
3491 3428 3554 3482 τὸ
3579 3446 3702 3482 κνα-

2124 3527 2282 3597 φήῖον
2318 3529 2594 3596 παρεῖναι,
2629 3523 2851 3596 ἔχοντας
2882 3523 2950 3576 τὰ
2983 3523 3271 3595 πρόσφορα
3308 3523 3388 3587 ὼς
3414 3523 3700 3594 ἀναιρησο-

2123 3620 2352 3692 μένους’
2389 3599 2729 3688 ἀνοιχθέντος
2753 3616 2810 3669 δὲ
2852 3613 2947 3668 τοῦ
2995 3616 3318 3686 οἰκήματος,
3361 3613 3488 3668 οὔτε
3529 3614 3698 3679 ζῶντα

2116 3711 2241 3766 οὔτε
2269 3710 2540 3765 τεθνεῶτα
2567 3708 2850 3778 φαίνεσθαι
2879 3707 3184 3779 Ἀριστέην.
3217 3708 3376 3760 Μετά
3405 3707 3463 3760 δὲ
3491 3707 3700 3776 ἑϐδόμῳ

2119 3804 2228 3858 ἔτει
2279 3803 2516 3874 φανέντα
2554 3801 2717 3855 αὐτὸν
2761 3802 2840 3863 είς
2890 3799 3303 3870 Προκόννησον,
3355 3799 3582 3870 ποιῆσαι
3629 3798 3698 3850 τά

2115 3897 2251 3950 ἔπεα
2295 3895 2495 3958 ταῦτα,
2535 3893 2570 3947 ἀ
2604 3891 2672 3964 δὴ
2711 3892 2807 3946 νῦν
2858 3892 2963 3946 ὑπὸ
3012 3891 3281 3962 Ἐλλήνων
3323 3891 3693 3963 Ἀριμάσπεια

2117 3988 2388 4051 καλέεται,
2445 3986 2746 4057 ποιήσαντα
2802 3984 2858 4038 δὲ
2906 3982 3274 4054 ἀφανισθῆναι
3319 3981 3381 4034 τὸ
3428 3982 3694 4052 δεύτερον.

2116 4081 2303 4134 Ταῦτα
2357 4080 2453 4150 μὲν
2503 4075 2599 4131 οὖν
2647 4079 2704 4130 αἱ
2757 4077 2944 4140 πόλιες
2995 4071 3154 4130 αὗται
3204 4074 3455 4143 λέγουσι·
3486 4073 3608 4127 τάδε
3638 4072 3694 4126 δὲ

2113 4173 2230 4228 οἶδα
2282 4170 2710 4234 Μεταποντίνοις
2748 4172 2862 4232 τοῖς
2899 4169 2957 4223 ὲν
3021 4168 3222 4240 Ἰταλίᾳ
3278 4167 3694 4238 συγκυρήσαντα

2117 4265 2257 4337 μετὰ
2315 4265 2413 4336 τὴν
2458 4262 2714 4332 ἀφάνισιν
2770 4261 2870 4332 τὴν
2919 4261 3176 4330 δευτέραν
3214 4258 3512 4329 Ἀριστέως
3554 4257 3696 4308 ἔτεσι

2115 4359 2523 4430 τεσσαράκοντα
2554 4355 2649 4410 καὶ
2677 4373 2704 4408 τ
2714 4353 3012 4427 ριηκοσίοις
3041 4350 3172 4428 (Ξθ),
3203 4351 3280 4416 ὡς
3311 4350 3424 4420 ἐγὼ
3455 4349 3696 4422 συμὸαλ⁶

432 4439 576 4509 apud
608 4437 1014 4509 Metapontinos
1042 4442 1225 4498 audivi
1251 4457 1576 4513 comparans
1597 4441 1823 4512 inveni;
1859 4447 2011 4501 aiunt

2129 4451 2338 4522 ldusvoc
2364 4451 2420 4503 ὲν
2450 4449 2814 4520 Προκοννήσῳ
2844 4446 2938 4500 καὶ
2969 4445 3398 4509 Μεταποντίνοις
3417 4445 3681 4517 εὕρισκον.

427 4531 588 4584 enim.
615 4530 966 4603 Metapontini
996 4533 1291 4601 Aristeam,
1318 4551 1441 4590 cum
1477 4539 1621 4608 apud
1656 4539 1805 4609 ipsos
1833 4555 2004 4610 appa-

430 4624 660 4687 ruisset,
689 4622 927 4693 jussisse
984 4641 1141 4682 aram
1194 4627 1433 4697 Apollini
1486 4631 1722 4698 exstrui,
1754 4641 1810 4687 et
1847 4631 2007 4700 juxta

427 4729 548 4768 eam
603 4716 740 4785 erigi
790 4726 1056 4784 statuam,
1086 4736 1208 4791 qua:
1257 4721 1488 4775 Aristeae
1527 4721 1880 4779 Proconttesii
1914 4740 2009 4782 co-

430 4940 564 5015 ρίων
597 4944 968 5015 μαντευομένη
1005 4945 1198 5000 Πυθία.
1235 4946 1403 5001 Paulo
1441 4948 1578 5002 infra
1616 4948 1898 5013 legendum
1929 4951 2010 5003 vi-

432 5012 609 5089 detur,
641 5012 702 5089 τὸ
737 5012 1456 5089 μαντικδνλτοῦξᾼπόλλωνος
1493 5019 1554 5071 τὸ
1582 5012 1840 5089 καθαρόν,
1875 5030 2007 5083 elc.,

435 5081 949 5158 ni_si_vclis_illud,_6
975 5086 1286 5158 _’A7:6i.).mv,
1313 5081 1444 5142 esse
1473 5104 1571 5158 per
1603 5081 2004 5158 appositiOuem

2115 4545 2509 4610 Μεταποντῖνοι
2543 4541 2651 4611 γάρ
2697 4556 2881 4608 φασιν,
2918 4537 3078 4590 αὑτὸν
3123 4538 3432 4609 Ἀριστέην,
3462 4537 3693 4608 φανέντα

2119 4655 2244 4706 σφιν
2273 4637 2331 4700 ἐς
2359 4635 2458 4708 τὴν
2487 4634 2692 4706 χώρην,
2730 4631 2980 4687 κελεῦσαι
3008 4629 3189 4700 βωμὸν
3227 4631 3521 4686 Ἀπόλλωνι
3548 4629 3692 4701 ἱδρύ-

2120 4728 2314 4782 σασθαι
2349 4727 2456 4799 (27)
2491 4726 2585 4780 καὶ
2626 4725 2889 4796 ’Δριστέω
2919 4727 3014 4782 τοῦ
3046 4727 3449 4799 Προκοννησίου
3487 4726 3699 4778 ἐπωνυ-

2114 4947 2306 5020 είπῲν,
2336 4950 2578 5020 εἴρηται·
2608 4945 2703 5020 τὸν
2727 4946 2806 5001 δέ.

2194 5018 2307 5090 (25)
2343 5015 2655 5088 spencerus
2693 5019 2748 5090 in
2789 5016 3052 5090 margine,
3076 5015 3243 5083 γένει.

2197 5084 2312 5159 (εις)
2367 5084 2687 5159 Speucerus
2731 5088 2785 5140 in
2834 5084 3100 5159 margine,
3145 5086 3362 5159 γναφέα
3390 5084 3692 5159 κατακλεί-

431 5150 1078 5240 ⁸τιίνεῦμοιε.Αξξιιίοιο
1098 5227 1108 5240 1
1128 5150 1305 5240 autem
1362 5150 1497 5226 haec,
1537 5161 1566 5211 ὁ
1597 5150 1866 5213 ’Ᾱπόλλων
1894 5199 1917 5223 ,.
1951 5159 2011 5212 τὸ

2129 5150 2304 5240 satu-cat
2351 5150 2420 5211 τπδ’
2459 5157 2845 5240 ἐργαστήριον,
2893 5150 3107 5210 ἱκέσθαι
3158 5150 3526 5226 ἀγγελλέοντα
3576 5160 3690 5218 τοῖς

436 5221 703 5293 καθαρόν.
739 5221 986 5276 ιίιιόίιὶιὶθ
1023 5227 1296 5280 videntur.

506 5293 616 5372 (is)
663 5293 1159 5372 Παρατιθέμενος.
1215 5297 1542 5372 S_ic_omnes
1588 5314 1743 5372 mss.,
1777 5310 2007 5367 excepto

431 5359 645 5439 loliario
659 5359 1019 5439 quisecuuda
1057 5359 1434 5439 ui'anu'habet,
1471 5359 1904 5439 περιτιθέμενος.

657 5429 815 5510 lti‘bb.
849 5433 1096 5510 impressi
1133 5437 1200 5490 ad
1231 5429 1558 5510 marginem;
1587 5429 1860 5510 Θαύματα.

523 5499 613 5569 20)
645 5500 881 5582 Ιὶξέμειντ
929 5499 1005 5582 lla
1040 5515 1210 5582 _recte
1257 5499 1428 5562 code:
1478 5499 1734 5582 Iulianus
1762 5510 2000 5582 secunda

430 5585 618 5634 manu,
652 5573 837 5639 sicque
867 5573 1004 5626 infra
1040 5575 1244 5643 legitur
1296 5593 1525 5633 numero
1561 5578 1652 5633 26.
1687 5579 1824 5633 Male
1873 5595 2001 5634 vero

429 5638 532 5694 hoc
560 5640 678 5695 loco
714 5639 835 5694 libri
863 5645 1070 5698 excusi.
1110 5647 1312 5698 μένειν.

953 5661 1050 5698 :IISI
1061 5690 1070 5700 .
1110 5661 1233 5700 μένε
1243 5666 1312 5700 ιν.

519 5661 532 5693 :
560 5661 678 5695 iam
714 5661 835 5694 unrt
863 5661 1070 5703 cxcusx.
1110 5661 1312 5716 μενειν.

637 5710 964 5794 ῌροδότορ.
985 5713 1240 5794 llerodo‘t.
1274 5719 1326 5771 in
1346 5718 1700 5794 Melponten.,
1720 5733 1845 5794 pag.
1866 5717 1994 5770 260.

517 5779 607 5854 εἰ)
661 5781 1002 5839 Ηυειεοιιθιὶιιε
1065 5794 1119 5840 et
1177 5779 1486 5856 Spcucerus
1539 5790 1605 5843 ad
1669 5779 1994 5858 marginem,

2118 5230 2455 5300 προσήκουσι
2484 5227 2561 5299 τῷ
2589 5227 2765 5300 νέκυϊ.

2188 5297 2300 5369 (Ξρ)
2331 5297 2754 5369 Hcescheliusiu
2795 5309 2966 5361 textu,
3000 5297 3292 5369 φάντασμα
3323 5300 3597 5369 συντυχεῖν
3623 5297 3685 5369 τέ

2115 5366 2345 5441 autem
2376 5368 2495 5441 isti
2546 5366 2787 5441 Κυζίκου
2822 5369 2915 5420 καὶ
2954 5369 3012 5433 ἐς
3057 5368 3186 5441 ᾅδου
3220 5366 3544 5437 ἀφικέσθαι.
3579 5368 3684 5422 Καὶ

2111 5436 2302 5510 τοῦτον
2334 5439 2432 5510 μὲν
2464 5439 2898 5510 ὲντεταγμένωςτ

2183 5508 2297 5579 (ἓϐ)
2336 5506 2495 5564 Ἰόειη
2537 5509 2602 5580 in
2662 5506 2840 5573 textu,
2881 5506 3198 5573 διακοσίοις,
3242 5519 3298 5564 et
3351 5511 3510 5580 paulo
3543 5519 3682 5580 post,

2105 5579 2504 5632 Μεταποντῖνοι
2529 5578 2585 5631 δέ
2619 5596 2800 5646 φασιν.

2177 5647 2464 5718 (27)]dem
2493 5649 2547 5701 in
2577 5649 2845 5717 margine.
2873 5648 3047 5712 πόλιν,
3101 5660 3155 5704 et
3207 5665 3334 5703 mox
3385 5651 3436 5705 in
3483 5661 3656 5706 tem.

2102 5717 2293 5791 βωμὸν
2337 5717 2670 5791 ’Λπόλλωνος
2728 5719 3068 5789 ἱδρύσασθαι.
3135 5720 3267 5776 ltcm
3331 5721 3490 5790 paulo
3543 5730 3682 5791 post,

2109 5788 2399 5858 ἀνδριάντα
2425 5788 2794 5861 παραστῆναιζ
