4002 6532
207 373 301 429 9Γ5

1343 370 1634 428 CONTRA
1667 367 1955 425 CELSUM
1995 368 2124 424 LIB.
2167 367 2255 424 ill.

3338 366 3448 424 954

208 486 324 556 μίην
365 482 574 556 ἔχοντα,
619 483 911 557 ἀνδριάντα
955 487 1085 558 παρ’
1121 485 1281 540 αὑτὸν
1313 487 1558 540 ἱστάναι·
1594 487 1757 555 φάναι

1863 499 2093 555 gnnmen
2129 483 2356 538 haberet
2385 498 2397 534 :
2431 478 2637 535 dixisse
2675 480 2821 535 enim
2855 479 2980 543 sibi,
3014 480 3162 552 ipsos
3203 495 3328 537 esse
3355 499 3446 538 sn-

204 577 302 650 γάρ
347 594 468 647 σφιν
508 578 596 631 τὸν
639 579 968 646 Ἀπόλλωνα,
1016 580 1362 635 Ἰταλιωτέων
1420 580 1662 652 μούνοισι
1693 579 1758 651 δὴ

202 669 476 724 ἀπικέσθαι
505 672 562 733 ές
587 670 682 743 τὴν
707 670 911 745 χώρην,
945 673 1040 726 καὶ
1079 673 1242 737 αὐτός
1272 675 1324 726 οί
1353 673 1583 727 ἕπεσθαι
1608 675 1636 726 ό
1663 672 1758 726 νῦν

203 757 296 812 ἐὼν
342 759 648 830 Ἀριστέης*
682 763 807 815 τότε
855 762 933 827 δὲ,
967 763 1057 815 ὅτε
1104 763 1291 815 εἵπετο
1322 762 1401 833 τῷ
1455 762 1583 834 θεῷ,
1616 758 1758 817 εἶναι

201 851 369 923 κόραξ.
405 852 515 904 Καὶ
563 854 653 906 τὸν
709 855 809 925 μὲν
862 856 1084 909 εἰπόντα
1131 854 1328 920 ταῦτα,
1358 855 1756 926 άφανισθῆναι’

201 943 352 1012 σφέας
382 942 438 995 δὲ
464 945 857 998 Μεταποντῖνοι
877 945 1126 1016 λέγουσιν
1157 948 1216 1010 ὲς
1236 945 1472 1016 Δελφοὺς
1507 945 1758 1018 πέμψαν-

197 1050 301 1096 τας,
331 1032 574 1087 τὸνοθεὸν
602 1038 906 1107 ἐπερωτᾷν,
940 1036 969 1089 ὃ
997 1053 1050 1091 τι
1083 1037 1144 1090 τὸ
1191 1038 1384 1108 φάσμα
1420 1036 1514 1090 τοῦ
1546 1036 1759 1109 ἀνθρώ-

199 1141 285 1176 που
316 1124 425 1196 εἴη·
452 1127 554 1197 τήν
581 1143 639 1178 τε
669 1127 783 1198 (9.8)
823 1126 1031 1200 Πυθίην
1067 1129 1237 1198 σφέας
1267 1129 1524 1184 κελεῦσαι
1571 1129 1758 1182 πείθε-

198 1216 306 1268 σθαι
333 1216 412 1288 τῷ
459 1218 731 1290 φάσματι,
766 1220 1137 1292 πειθομένοισί
1161 1237 1222 1274 τε
1251 1222 1474 1293 ἄμεινον
1516 1221 1759 1275 συνοίσε-

195 1308 334 1362 σθαι·
370 1309 461 1363 καὶ
494 1311 666 1380 σφέας
719 1312 1047 1384 δεξαμένους
1099 1313 1272 1368 ταῦτα
1328 1316 1550 1386 ποιῆσαι
1579 1316 1760 1367 ἐπιτε-

192 1403 276 1458 λέα
306 1404 433 1475 (29).
465 1406 577 1458 Καὶ
608 1404 702 1459 νῦν
735 1407 968 1479 ἕστηκεν
997 1409 1220 1481 ἀνδριὰς
1266 1409 1584 1479 ἐπωνυμίην
1617 1407 1760 1478 ἔχων

203 1495 448 1566 Ἀριστέω
481 1499 616 1568 παρ’
647 1498 797 1570 αύτῷ
828 1499 912 1570 τῷ
956 1501 1234 1572 ἀγάλματι
1263 1499 1359 1553 τοῦ
1405 1500 1756 1564 Ἀπόλλωνος.

190 1587 310 1659 Περὶ
333 1587 388 1641 δὲ
417 1589 584 1642 αὐτὸν
613 1591 808 1660 δάφναι
859 1594 1068 1646 ἑστᾶσι.
1125 1593 1198 1645 Τδ
1245 1593 1304 1646 δὲ
1337 1593 1563 1665 ἄγαλμα
1597 1595 1657 1646 ὲν
1689 1595 1756 1666 τῇ

188 1679 340 1749 ἀγορῇ
371 1678 603 1752 ἵδρυται.
649 1683 910 1756 Ἀριστέω
945 1687 1043 1756 μὲν
1087 1683 1182 1738 νῦν
1227 1685 1358 1757 πέρι
1409 1685 1650 1740 τοσαῦτα
1684 1687 1761 1738 εί-

193 1771 375 1843 ρήσθω.
406 1792 425 1825 ι

1861 577 1945 631 los
1969 590 2035 628 ex
2067 573 2322 638 ltaliotis,
2355 573 2410 628 in
2441 587 2676 642 quorum
2704 581 2907 627 terram
2938 573 3132 643 Apollo
3160 575 3441 637 venisset;

1863 666 2040 736 ipsum
2095 680 2241 720 nunc
2282 677 2404 720 esse
2448 679 2510 719 se
2545 664 2844 728 Aristeam,
2889 665 2980 733 qui
3027 664 3179 720 illum
3225 675 3445 720 secutus

1863 758 2078 822 fuerat;
2133 772 2362 813 corvum
2410 766 2596 811 autem
2644 753 2816 810 fuisse
2872 773 2998 813 cum
3070 760 3229 815 deum
3289 760 3442 814 illum

1861 859 2218 919 sequeretur;
2261 863 2516 918 eumque,
2541 848 2626 903 his
2667 849 2850 915 dictis,
2875 847 3190 911 evanuisse.
3224 857 3444 915 Addunt

1865 941 2217 1012 Metapontini
2274 957 2334 998 se
2379 944 2448 998 ad
2491 943 2650 998 deum
2708 942 2761 996 in
2803 941 3051 1013 Delphos
3085 948 3298 1004 misisse
3349 953 3439 1021 qui

1864 1034 2278 1102 interrogarent
2315 1035 2592 1104 quodnam
2625 1044 2770 1089 esset
2814 1044 3090 1105 spectrum
3136 1039 3300 1109 hujus
3342 1043 3443 1097 ho-

1814 1120 1816 1124 ’
1864 1125 2058 1192 minis;
2091 1126 2346 1198 Pythiam
2380 1127 2678 1196 imperasse
2719 1136 2777 1181 ut
2805 1138 3025 1198 spectro
3051 1141 3331 1199 parerent,
3363 1134 3444 1188 sic

1865 1214 2059 1271 melius
2092 1232 2215 1272 cum
2265 1216 2401 1287 ipsis
2444 1227 2625 1273 actum
2665 1219 2730 1273 iri
2759 1237 2774 1272 :
2804 1218 2892 1272 his
2926 1233 2986 1274 se
3015 1234 3274 1278 assensos
3321 1239 3444 1279 esse

1857 1317 1917 1364 et
1948 1307 2145 1362 ell'ecta
2187 1309 2519 1365 reddidisse.
2552 1310 2620 1364 Et
2646 1327 2791 1365 nunc
2817 1320 2995 1365 statua
3027 1323 3211 1368 exstat
3237 1329 3444 1385 cogno-

1865 1401 2018 1455 mine
2063 1400 2298 1456 Aristete
2336 1411 2562 1471 propter
2593 1416 2744 1455 aram
2776 1403 2944 1472 ipsam
2977 1403 3144 1476 464
3176 1406 3444 1476 Apollinis

1862 1492 2034 1547 lauris
2066 1492 2428 1548 circumdata.
2463 1493 2660 1549 Erecta
2700 1506 2784 1550 est
2811 1502 2994 1550 autem
3047 1498 3099 1550 in
3137 1497 3277 1553 I‘oro.
3321 1497 3446 1554 Haec

1864 1587 1931 1644 de
1960 1585 2180 1642 Aristea
2205 1587 2491 1643 hactenus.
2515 1606 2534 1641 ο

247 1837 467 1919 Λεκτέον
495 1865 560 1938 δὴ
596 1868 734 1939 πρὸς
761 1867 858 1940 τὴν
888 1870 1017 1940 περὶ
1047 1869 1140 1923 τοῦ
1175 1871 1454 1944 Ἀριστέου
1492 1872 1754 1943 ἱστορίαν,

1929 1858 2022 1914 27.
2052 1857 2134 1912 Ad
2161 1857 2303 1913 hanc
2331 1859 2397 1912 de
2420 1857 2636 1911 Aristea
2664 1856 2957 1911 historiam
2981 1856 3276 1912 dicendum
3305 1857 3450 1914 futu-

187 1956 278 2019 ὅτι,
307 1959 352 2010 εί
387 1961 485 2029 μὲν
517 1962 547 2012 ὁ
584 1960 791 2024 Κέλσος
831 1961 906 2024 ὡς
957 1962 1199 2033 ἱστορίαν
1242 1963 1413 2035 αὐτὴν
1465 1962 1754 2028 ἐξετίθετο,

191 2051 254 2119 μὴ
281 2050 366 2103 καὶ
395 2049 492 2121 τὴν
527 2051 724 2104 ἑαυτοῦ
758 2052 1155 2121 συγκατάθεσιν
1185 2054 1486 2124 ἐμφαίνων,
1515 2055 1758 2126 παραδε-

189 2139 395 2210 ξαμένου
427 2142 606 2213 αὐτὴν
649 2142 725 2206 ὡς
779 2141 974 2215 ἀληθῆ,
1005 2143 1179 2208 ἄλλως
1228 2144 1292 2198 ἂν
1315 2145 1452 2217 πρὸς
1477 2145 1568 2200 τὸν
1599 2145 1759 2215 λόγον

188 2231 329 2284 αὑτοῦ
354 2234 784 2305 ἀπηντήσαμεν·
819 2236 943 2289 ἐπεὶ
985 2237 1041 2290 δὲ
1093 2237 1386 2308 δαιμονίως
1420 2239 1584 2293 αὐτὸν
1616 2241 1758 2310 ἠφα-

187 2324 362 2389 νίσθαι,
396 2326 648 2398 ἐναργῶς
677 2328 722 2381 δ’
745 2325 901 2392 αὖθις
939 2330 1196 2402 φανῆναι,
1227 2331 1322 2385 καὶ
1358 2331 1626 2403 πολλαχοῦ
1658 2333 1759 2404 τῆς

188 2419 485 2491 οἰκουμένης
529 2421 990 2493 ἐπιδεδημηκέναι
1024 2424 1178 2496 φησὶ,
1220 2425 1312 2479 καὶ
1339 2425 1629 2497 θαυμαστὰ
1654 2429 1756 2498 ὴγα

186 2511 412 2581 γελκέναι
431 2531 445 2543 ·
467 2512 548 2567 ἔτι
579 2514 639 2566 δὲ
660 2515 751 2567 καὶ
770 2515 1018 2587 χρησμὸν
1038 2517 1133 2570 τοῦ
1163 2517 1514 2584 Ἀπόλλωνος,
1531 2521 1761 2593 ἐπισκή-

188 2603 361 2672 ψαντος
386 2605 817 2671 Μεταποντίνοις
840 2611 896 2660 ἐν
910 2608 1048 2662 θεῶν
1075 2609 1240 2682 μοίρᾳ
1263 2611 1448 2682 νέμειν
1475 2613 1566 2666 τὸν
1607 2614 1756 2686 Ἀρι-

190 2697 344 2761 στέαν,
393 2698 468 2762 ὡς
526 2699 626 2768 ἀφ’
659 2699 853 2753 ἑαυτοῦ
901 2701 1038 2773 (50),
1081 2704 1176 2756 καὶ
1219 2705 1758 2777 συγκατατιθέμενος

189 2788 431 2844 ἐκτίθεται
477 2791 642 2860 λόγον
671 2792 765 2846 τὸν
809 2794 947 2865 πρὸς
980 2796 1175 2849 αὐτόν·
1216 2797 1310 2850 καὶ
1354 2798 1492 2862 πῶς,
1528 2797 1665 2862 ὅλως
1695 2816 1756 2853 τε

189 2882 455 2954 πλάσματα
481 2883 892 2956 ὑπολαμϐάνων
921 2886 991 2940 τὰ
1043 2888 1148 2940 ὑπὸ
1194 2888 1304 2943 τῶν
1342 2889 1518 2961 Ἰησοῦ
1574 2889 1752 2962 μαθη-

189 2974 280 3027 τῶν
303 2977 580 3048 παράδοξα
609 2979 735 3051 περὶ
761 2979 928 3032 αὑτοῦ
963 2981 1456 3052 ἀναγεγραμμένα,
1487 2982 1582 3036 καὶ
1615 2999 1678 3052 με
1689 3000 1754 3053 μ-

191 3065 392 3136 φόμενος
423 3072 535 3134 τοῖς
565 3070 916 3124 πιστεύουσιν
943 3073 1148 3135 αὐτοῖς,
1178 3071 1350 3126 ταῦτα
1376 3073 1434 3125 ού
1467 3074 1755 3144 τερατείαν

189 3158 290 3212 οὔτε
315 3161 611 3233 πλάσματα
644 3159 782 3217 εἶναι
811 3163 1080 3236 νομίζειςς
1124 3163 1250 3227 Πῶς
1290 3163 1347 3217 δὲ
1380 3165 1474 3219 καὶ
1511 3168 1540 3219 ὁ
1573 3165 1753 3230 ἄλλοις
1781 3191 1823 3250 c

191 3253 428 3319 ἐγκαλῶν,
460 3256 536 3319 ὡς
573 3255 789 3326 ἀλόγως
832 3255 1145 3311 πιστεύουσι
1193 3259 1307 3320 τοῖς
1337 3259 1465 3330 περὶ
1515 3258 1610 3312 τοῦ
1650 3259 1756 3329 Ἰη-

193 3345 270 3398 σοῦ
299 3348 644 3419 παραδόξοις,
678 3351 742 3404 σὺ
777 3349 1054 3414 τοσούτοις
1092 3350 1333 3423 ὲμφαίνῃ
1386 3352 1754 3408 πεπιστευκέ-

190 3453 280 3501 ναι,
320 3438 570 3511 οὐδεμίαν
624 3440 897 3505 ἀπόδειξιν
950 3441 1079 3514 περὶ
1116 3442 1296 3496 αὐτῶν
1335 3442 1366 3514 ἢ
1404 3444 1750 3517 κατασκευὴν

191 3530 300 3600 περὶ
337 3529 427 3584 τοῦ
460 3533 611 3586 αὐτὰ
648 3534 928 3602 γεγονέναι
969 3534 1186 3605 φέρων;
1225 3535 1297 3587 Ἦ
1339 3535 1627 3606 Ἡρόδοτος
1656 3537 1756 3608 μὲν

191 3620 268 3671 καί
309 3620 565 3693 Πίνδαρος
604 3621 854 3691 ἀψευδεῖν
910 3623 1062 3696 παρὰ
1114 3625 1198 3678 σοὶ
1235 3624 1580 3695 νομίζονται·
1615 3628 1665 3680 οἱ
1711 3627 1754 3681 δ’

189 3708 520 3784 ἀποθνήσκειν
589 3714 985 3785 μελετήσαντες
1041 3717 1181 3790 ὑπὲρ
1223 3719 1330 3771 τῶν
1379 3719 1551 3791 Ἰησοῦ
1588 3720 1758 3793 μαθη-

194 3802 370 3871 μάτων,
418 3807 513 3860 καὶ
563 3807 793 3861 τοιαῦτα
821 3809 930 3879 (51)
968 3809 1097 3882 περὶ
1142 3803 1217 3864 ὧν
1274 3810 1606 3883 ἐπείσθησαν
1645 3816 1757 3878 τοῖς

191 3895 299 3967 ἑξῆς
347 3900 740 3964 καταλιπόντες
816 3901 1144 3972 γράμματα,
1210 3905 1339 3973 περὶ
1417 3903 1754 3975 πλασμάτων

192 3987 271 4057 (ὡς
308 3991 444 4062 οῐει,)
487 3995 586 4047 καὶ
627 3993 811 4064 μύθων
865 3995 960 4048 καὶ
993 3995 1289 4066 τερατειῶν
1331 3996 1585 4050 τοσοῦτον
1619 3999 1758 4066 άγω-

190 4082 415 4152 νίζονται,
450 4087 526 4152 ὡς
571 4089 669 4140 καὶ
719 4088 818 4159 ζῇν
868 4087 1270 4159 περιστατικῶς
1318 4088 1385 4141 δι’
1445 4087 1608 4152 αὐτὰ,
1659 4090 1754 4143 καὶ

191 4177 524 4250 ἀποθνήσκειν
575 4179 803 4251 βιαίως;
837 4181 1020 4234 Μέσον
1069 4182 1251 4234 τοίνυν
1304 4182 1506 4236 σαυτὸν
1553 4183 1755 4254 στήσας

189 4267 281 4322 τῶν
308 4287 362 4324 τε
394 4274 521 4344 περὶ
559 4271 658 4326 τοῦ
689 4272 968 4342 Ἀριστέου
1020 4273 1427 4344 γεγραμμένων
1485 4273 1622 4345 (52),
1662 4278 1755 4328 καὶ

191 4362 282 4414 τῶν
305 4367 423 4437 περὶ
447 4364 542 4419 τοῦ
584 4363 761 4436 Ἰησοῦ
798 4365 1220 4436 ἱστορουμένων,
1259 4364 1333 4417 ίδε
1368 4366 1416 4417 εί
1460 4366 1534 4435 μὴ
1567 4366 1630 4419 ἐκ
1661 4364 1753 4418 τοῦ

190 4452 484 4522 ἀποϐάντος,
518 4458 619 4512 καὶ
646 4457 754 4510 τῶν
792 4456 1192 4528 ὠφελουμένων
1220 4459 1301 4521 είς
1334 4457 1481 4528 ἠθῶν
1515 4458 1753 4530 ἐπανόρ-

1860 1968 1981 2006 rum
2015 1951 2186 2007 fuisse
2231 1962 2311 2018 ut,
2343 1951 2387 2006 si
2427 1951 2622 2006 Celsus
2671 1949 2821 2004 illam
2877 1957 2937 2004 ut
2970 1950 3258 2005 historiam
3306 1952 3445 2007 alle-

1860 2061 2023 2116 gans,
2055 2059 2161 2100 non
2203 2045 2541 2116 signiﬁcaret
2567 2045 2645 2100 illi
2681 2059 2741 2101 se
2771 2044 3031 2098 assentiri
3072 2053 3128 2099 ct
3160 2054 3219 2099 ut
3256 2061 3442 2101 veram

1860 2138 2134 2208 accipere,
2182 2139 2286 2192 alia
2349 2139 2566 2193 ratione
2623 2138 2769 2208 quod
2823 2137 3016 2206 objicit
3061 2139 3443 2194 solveremus:

1859 2229 2120 2302 quoniam
2179 2245 2311 2285 vero
2361 2232 2546 2287 divine
2578 2233 2730 2288 illum
2767 2236 3084 2303 evanuisse,
3118 2249 3311 2290 rursus
3347 2250 3446 2305 pa-

1858 2319 1969 2374 lam
2012 2321 2424 2390 comparuisse,
2473 2321 2640 2375 multa
2710 2322 2863 2378 orbis
2905 2323 3024 2378 loca
3077 2322 3332 2376 invisisse
3389 2332 3444 2375 et

1860 2414 2108 2469 miranda
2148 2415 2496 2470 renuntiasse
2535 2415 2687 2482 dicit,
2717 2424 2773 2471 et
2802 2425 3068 2487 praeterea
3107 2417 3276 2471 refert
3306 2431 3440 2470 ora-

1859 2503 2039 2560 culum
2071 2505 2378 2576 Apollinis,
2424 2505 2518 2575 qui
2573 2506 2962 2576 Metapontinis
3003 2508 3229 2561 mandat
3287 2515 3345 2560 ut
3390 2506 3441 2558 in

1857 2597 2088 2651 deorum
2132 2611 2362 2651 numero
2396 2597 2679 2653 Aristeam
2731 2597 2990 2666 habeant,
3036 2608 3093 2654 et
3149 2598 3265 2652 haec
3299 2597 3448 2652 velut

1856 2703 1925 2742 ex
1975 2687 2157 2758 seipse
2209 2696 2264 2743 et
2315 2690 2624 2746 assentiens
2651 2691 2719 2746 de
2748 2691 2966 2746 Aristea
3004 2699 3442 2754 commemorat;

1857 2794 2085 2851 quaaro:
2120 2778 2199 2835 Tu
2247 2783 2341 2850 qui
2385 2783 2608 2838 omnino
2654 2783 2914 2854 ﬁgmenta
2964 2798 3086 2838 esse
3119 2793 3281 2852 putas
3324 2797 3446 2852 qua:

1858 2873 1923 2928 de
1953 2871 2079 2928 Jesu
2144 2874 2425 2929 miraculis
2483 2875 2737 2945 discipuli
2784 2875 2980 2932 litteris
3027 2876 3443 2947 consignatum,

1856 2975 1910 3019 et
1934 2966 2152 3021 incusas
2181 2980 2276 3020 eos
2311 2966 2402 3036 qui
2437 2967 2545 3022 illis
2579 2968 2886 3038 adiungunt
2924 2968 3128 3030 Iidem;
3163 2968 3446 3038 quomodo

1857 3072 1946 3112 res
1980 3057 2291 3128 bujusmodi
2324 3060 2632 3131 prodigiose
2654 3059 2921 3116 conﬁctas
2954 3060 3281 3131 tabulasque
3319 3074 3442 3114 esse

1857 3166 1966 3206 non
1991 3151 2244 3220 iudicas?
2272 3151 2558 3218 Quomodo
2611 3162 2665 3205 tu
2691 3151 2784 3222 qui
2819 3150 2942 3206 aliis
2981 3153 3118 3207 vitio
3147 3155 3267 3213 das.
3298 3152 3442 3220 quod

1857 3241 1982 3298 Jesu
2014 3243 2270 3298 miracula
2302 3245 2448 3298 nulla
2482 3245 2694 3300 ratione
2725 3246 3050 3310 admittant,
3076 3245 3204 3298 talia
3236 3244 3445 3298 videris

1855 3337 2166 3400 admittere,
2209 3335 2355 3390 nulla
2391 3336 2556 3390 allata
2603 3338 2930 3407 probatione
2977 3336 3236 3406 nulloque
3282 3351 3446 3405 argu-

1857 3438 2063 3496 mento,
2097 3443 2183 3483 res
2215 3427 2334 3482 illas
2365 3429 2705 3500 contigisse?
2734 3429 2815 3485 An
2849 3429 3188 3484 Herodotum
3223 3439 3277 3482 et
3317 3429 3445 3482 Pin-

1858 3521 2050 3576 darum
2082 3530 2243 3591 putas
2271 3522 2573 3577 mendaciis
2602 3537 2714 3578 non
2751 3521 2972 3587 lallere;
3004 3523 3095 3592 qui
3139 3535 3272 3576 vero
3302 3521 3444 3574 mori

1856 3623 2047 3684 optant
2099 3628 2199 3684 pro
2248 3612 2378 3669 Jesu
2415 3612 2760 3668 documentis
2810 3622 2866 3668 et
2915 3613 3122 3682 scripta
3159 3612 3230 3666 de
3281 3611 3446 3666 rebus

1857 3721 1992 3776 quas
2019 3715 2339 3776 perspectas
2388 3705 2683 3773 habebant,
2737 3705 2806 3760 ad
2853 3715 3111 3775 posteros
3157 3703 3445 3757 transmit-

1859 3799 2020 3851 tenda
2059 3799 2420 3867 reliquerunt,
2464 3813 2559 3854 eos
2607 3813 2706 3868 pro
2752 3796 3053 3867 ﬁgmentis,
3104 3811 3204 3865 pro
3246 3795 3444 3849 fabulis

1858 3891 2108 3960 ﬁctisque
2141 3892 2401 3963 prodigiis
2432 3905 2606 3959 usque
2626 3891 2764 3945 adeo
2786 3890 3120 3954 decertasse,
3160 3899 3220 3943 ut
3242 3889 3445 3943 misere

1856 3983 2040 4038 vivere
2078 3993 2133 4038 et
2173 3974 2222 4037 vi
2269 3998 2300 4037 e
2337 3984 2517 4036 medio
2557 3983 2672 4037 tolli
2725 3983 2962 4039 vellenti
3000 3981 3078 4036 Te
3117 3985 3232 4051 ipse
3263 3981 3446 4052 potius

1857 4077 2124 4130 arbitrum
2179 4074 2521 4130 constituens
2584 4074 2730 4129 inter
2788 4089 2850 4129 ea
2920 4089 3044 4144 qua:
3095 4075 3164 4128 de
3224 4073 3441 4128 Aristea

1856 4170 2061 4238 scripta
2086 4177 2233 4234 sunt,
2268 4177 2324 4222 et
2346 4183 2409 4222 ea
2437 4182 2560 4236 qua:
2603 4168 2669 4222 de
2699 4164 2828 4222 Jesu
2859 4175 3179 4230 narrantur,
3212 4165 3340 4219 vide
3373 4179 3442 4219 ex

1858 4270 2052 4330 eventu
2080 4270 2135 4316 et
2166 4275 2234 4316 ex
2264 4261 2329 4315 iis
2355 4274 2474 4329 qua:
2504 4260 2570 4313 ad
2603 4275 2815 4315 morum
2842 4259 3287 4314 emendationem
3323 4256 3442 4326 pie-

1860 4362 2133 4420 talemque
2171 4363 2304 4421 erga
2345 4365 2621 4408 summum
2667 4348 2834 4403 Deum
2877 4347 3247 4403 inducendam
3296 4356 3444 4399 uter-

1858 4459 1963 4513 que
1997 4444 2152 4510 fecit,
2188 4457 2370 4499 annon
2413 4443 2520 4498 hoc
2569 4441 2836 4510 judicium
2899 4438 3032 4494 ferri
3083 4439 3301 4503 debeat,
3321 4451 3443 4492 cre-

192 4544 332 4601 θωσιν
374 4552 464 4604 καὶ
490 4550 786 4605 εὐλάϐειαν
840 4553 940 4621 τῆν
988 4549 1124 4623 πρὸς
1150 4552 1241 4605 τὸν
1289 4553 1382 4605 ἐπὶ
1426 4555 1562 4606 πᾶσι
1595 4552 1751 4617 Θεὸν,

1862 4537 2094 4593 dendum
2144 4552 2267 4592 esse
2306 4551 2413 4592 non
2459 4536 2579 4590 sine
2629 4533 2740 4588 Deo
2787 4533 2934 4588 facta
2984 4532 3156 4587 fuisse
3207 4545 3328 4602 quae
3374 4531 3442 4587 de
3530 4545 3534 4549 '

190 4637 314 4694 ἐστὶν
337 4643 526 4706 εἰπεῖν,
562 4644 647 4696 ὅτι
682 4644 996 4698 πιστευτέον
1033 4644 1132 4716 μὲν
1161 4644 1234 4708 ὡς
1262 4645 1363 4698 οὐκ
1408 4644 1560 4699 ἀθεεὶ
1593 4662 1751 4714 γενο-

193 4729 348 4797 μένοις
371 4739 481 4799 τοίς
525 4737 659 4807 περὶ
699 4735 872 4808 Ἰησοῦ
922 4736 1350 4808 ἱστορουμένοις,
1384 4737 1506 4807 οὐχ).
1543 4737 1605 4790 δὲ
1641 4740 1755 4802 τοῖς

192 4825 298 4896 περὶ
322 4829 408 4881 τοῦ
443 4828 848 4901 Προκοννησίου
892 4829 1189 4902 Ἀριστέου.

246 4916 304 4969 Ti
356 4921 452 4991 μὲν
510 4921 622 4993 γάρ
680 4920 978 4993 βουλομένη
1011 4923 1045 4993 ὴ
1105 4921 1342 4992 Πρόνοια
1376 4920 1446 4975 τά
1500 4922 1628 4993 περὶ
1660 4921 1752 4974 τὸν

1860 4628 1984 4684 ,Ιιιειι
2019 4630 2251 4684 historia
2277 4629 2554 4700 prodidit;
2594 4643 2701 4686 non
2734 4639 2914 4686 autem
2957 4641 3078 4698 quae
3113 4628 3180 4682 de
3220 4626 3434 4682 Aristea

1859 4721 2253 4777 Proconnesio.

1932 4911 2024 4968 28.
2063 4912 2128 4966 Et
2160 4927 2295 4967 vero
2327 4925 2436 4981 quo
2482 4909 2714 4964 consilio
2745 4906 3098 4962 Providentia
3145 4903 3318 4962 voluit
3375 4910 3442 4958 ut

200 5004 460 5079 Ἀριστέαν
490 5012 775 5086 παράδοξα
815 5012 1314 5084 sumamus-£0370;
1347 5014 1458 5066 Καὶ
1509 5013 1561 5066 τί
1611 5012 1756 5084 ὠφε-

1869 5008 2100 5063 Aristeae
2147 5020 2312 5062 causa
2371 5004 2618 5075 prodigia
2667 5001 2900 5058 ﬁerent?
2956 5002 3135 5068 Quam
3203 4999 3454 5053 humano

191 5097 328 5169 λῆσαι
352 5104 411 5158 τὺ
433 5105 542 5159 τῶν
562 5105 660 5161 ἀνθ
671 5106 867 5179 ρώπων
887 5107 1042 5175 γένος
1071 5105 1181 5177 (55)
1206 5105 1534 5177 βουλομένη,
1562 5105 1634 5159 τὰ
1659 5122 1757 5176 τη-

1863 5099 2050 5170 generi
2086 5099 2376 5153 utilitatem
2426 5094 2629 5152 aﬁ'erre
2654 5092 2826 5148 voluit
2858 5093 2926 5148 iis
2949 5107 3134 5149 rerum
3162 5088 3451 5147 miraculis

191 5191 396 5250 λικαῦτα
445 5198 542 5272 (ὡς
584 5201 728 5272 οτει),
764 5199 1146 5264 ὲπεδείκνυτο;
1195 5199 1311 5252 Οὐκ
1354 5199 1500 5270 ἔχεις
1549 5199 1757 5269 λέγειν..

1865 5208 1986 5263 quae
2023 5205 2084 5247 ut
2120 5201 2287 5262 putas
2337 5190 2563 5248 eﬁ‘ecit?
2606 5190 2751 5246 Nihil
2787 5191 2956 5245 habes
3007 5185 3152 5257 quod
3211 5197 3445 5254 respono

275 5418 359 5494 ἓξ)
396 5421 731 5479 “mschelius
774 5426 827 5478 in
863 5431 1038 5489 textu,
1071 5424 1154 5478 ὅτι
1200 5439 1262 5475 τε
1318 5420 1614 5491 φάντασμα
1655 5417 1751 5473 τοῦ

1859 5421 1949 5486 tia,
1984 5419 2078 5474 καὶ
2130 5415 2662 5494 συγκατατιθέμενος
2697 5402 2973 5494 ἐκτίθέται
3005 5405 3278 5494 λόγονκτοδν
3305 5403 3446 5476 πρὶς

191 5477 460 5567 ἀνθλρῷπου
484 5477 731 5567 εἴης-
757 5496 835 5558 δέ,
1330 5477 1342 5491 ⁸
1501 5561 1512 5567 -
1537 5477 1549 5491 ³

1859 5477 2035 5567 αὐτόν.
2093 5477 2293 5567 ibidem
2338 5477 2618 5567 [ορθβκαὶ
2645 5483 2786 5567 ,πῶης
2840 5481 2977 5567 ἥλως
3025 5495 3084 5532 τε
3125 5477 3444 5567 πλάσματα,

255 5547 358 5632 (9-9)
395 5547 1221 5628 Ιιιειιι’ἶιιίίειιιίιίξέπιτέλειον,
1280 5573 1333 5619 et
1391 5561 1550 5632 paulo
1606 5569 1749 5630 post,

1859 5562 2201 5632 scribendum
2233 5561 2282 5613 ei
2312 5547 2551 5632 videtur,
2574 5555 2672 5632 κα)ἶ
2694 5553 2830 5616 πῶς,
2849 5547 3101 5632 ᾧλῷστε,
3121 5548 3444 5616 πλάσματα.

194 5623 316 5708 ἔχων
341 5623 640 5708 "Apis-cer};
672 5638 803 5708 παρ’
833 5623 984 5708 αὐτῷ
1015 5634 1093 5706 τῷ
1117 5623 1402 5708 ,ἀγάλματί
1419 5632 1514 5686 τοῦ
1552 5623 1749 5685 Ἀ’πόλέ

2061 5629 2218 5708 [:ibb.
2253 5628 2382 5682 editi
2417 5629 2469 5681 in
2507 5627 2772 5708 margine,
2797 5624 2889 5676 ml.
2914 5623 3185 5708 ofﬁceret,

195 5653 316 5700 ιχων
371 5653 640 5756 Αῐριστεης
672 5653 802 5708 παρ⁷
833 5653 984 5706 αυτῳ
1015 5653 1093 5706 τῳ
1121 5653 1398 5707 αγαΑματι
1419 5653 1514 5686 του
1557 5653 1749 5685 Ἀπολ-

195 5696 361 5776 λωνρς.
443 5705 560 5776 έριξ
579 5706 632 5759 δὲ
665 5707 822 5759 αὐτὸν
855 5707 1051 5774 δάφναι
1081 5707 1206 5760 εἰσί.
1468 5774 1475 5776 _
1623 5772 1670 5776 __

1945 5653 2034 5696 0|)
2061 5653 2218 5685 hil)".
2253 5653 2382 5682 cum
2417 5653 2469 5681 Ill
2508 5653 2769 5694 Itlall'glltc,
2798 5653 2889 5676 ιω.
2914 5653 2962 5674 vs
3002 5653 3185 5673 υυιυνυι.

1920 5653 2031 5776 ὶδε)
2059 5701 2260 5776 Omnes
2291 5713 2448 5776 mssa
2481 5691 3096 5776 γεγραμμένων..ΑΙίιιε,
3116 5686 3436 5758 γινομένων.

257 5762 360 5850 (βθ)
400 5762 491 5841 ’οξ
518 5762 617 5845 ἆρ’
647 5777 883 5831 ἑαυτοῦ.
923 5762 1147 5850 Videtur
1171 5779 1382 5850 deesse,
1413 5774 1590 5844 φέρει.
1623 5772 1745 5828 Mox

1920 5762 2034 5846 (55)
2065 5773 2238 5836 Alias,
2270 5769 2348 5841 τῷ
2381 5762 2504 5822 τῶν
2524 5762 2828 5839 ἀνθρώπων
2866 5762 3034 5832 γένει.

199 5836 372 5899 (ἶιιίειὸ
399 5836 649 5917 suspecta
686 5859 811 5904 sunt
845 5859 898 5904 et
929 5846 1177 5902 addititia
1213 5836 1743 5916 videntur'scquen-
