3902 6414
569 332 638 388 εδ
1972 317 2292 375 ORIGBNlS

3661 321 3744 379 956

533 447 686 498 deas.
723 441 828 496 Nos
865 447 1077 503 contra,
1110 451 1232 492 cum
1277 435 1402 490 Jesu
1446 448 1532 487 res
1566 440 1748 500 gestas
1781 447 2092 494 narramus,

2210 430 2394 500 Ἡμεῖς
2429 429 2506 492 δὲ,
2540 427 2678 482 ὲπάν
2724 428 2798 482 τὰ
2853 430 2979 501 περὶ
3025 429 3116 482 τοῦ
3155 429 3328 500 Ἰησοῦ
3355 429 3674 502 διηγώμεθα,
3695 437 3742 487 οὐ

533 551 634 588 cur
670 531 971 586 acciderint
994 527 1321 582 solidissima
1339 525 1457 579 haec
1489 540 1518 578 a
1555 524 1712 579 nobis
1744 523 1884 577 ratio
1915 523 2096 589 datur,

534 630 698 682 Deum
753 638 848 690 per
893 621 1076 676 Jesum
1120 620 1361 674 voluisse
1433 616 1727 671 salutarem
1790 615 2101 670 hominibus

531 715 860 770 constituere
912 712 1240 774 doctrinam,
1292 711 1560 762 ﬁrmatam
1600 707 1816 774 quidem
1870 706 1922 759 in
1973 721 2102 775 apo-

533 806 685 859 stolis
720 812 978 871 tanquam
1011 799 1382 854 fundamentis
1422 800 1474 851 in
1507 798 1708 868 quibus
1743 805 1914 851 totum
1943 796 2102 852 Cbri-

531 892 797 949 stianismi
841 891 1128 946 tediftcium
1187 899 1584 954 exstrueretur,
1640 888 1939 958 augendam
1973 902 2102 942 vero

530 981 992 1050 consequentibus
1037 981 1408 1050 temporibus;
1455 979 1544 1033 ubi
1586 993 1692 1032 non
1735 992 1924 1046 paucae
1966 978 2102 1030 fiunt

527 1071 653 1127 Jesu
685 1074 906 1126 nomine
952 1072 1290 1134 sanationes,
1321 1069 1537 1138 aliaque
1584 1068 1844 1122 miracula
1881 1068 2104 1121 minime

527 1165 952 1218 contemnenda.
1003 1161 1069 1215 Et
1133 1161 1386 1229 quisnam
1448 1169 1570 1214 erat
1623 1159 1814 1227 Apollo
1873 1158 1985 1223 ille,
2045 1165 2104 1211 ut

521 1252 741 1320 juberet
773 1254 1048 1308 Aristeam
1102 1267 1132 1305 a
1186 1252 1576 1321 Metapontinis
1621 1251 1674 1304 in
1729 1250 1954 1305 deorum
2003 1266 2101 1304 nu-

528 1357 681 1397 mero
735 1343 1036 1397 collocari?
1089 1343 1204 1409 Qua
1271 1352 1452 1395 mente
1513 1341 1656 1395 istud
1710 1340 1881 1394 facit?
1931 1339 2101 1406 Quam

525 1431 688 1503 ᾗ,θὸ
721 1431 1011 1486 utilitatem
1041 1441 1196 1502 parat
1230 1431 1614 1499 Metapontinis
1638 1447 1706 1485 ex
1745 1431 1889 1485 cultu
1916 1432 1988 1485 illi
2019 1432 2105 1484 ad-

529 1521 704 1576 hibito
758 1531 1012 1592 tanquam
1065 1523 1185 1586 deo,
1234 1523 1278 1575 si
1313 1525 1472 1576 deum
1517 1535 1638 1574 esse
1701 1531 1964 1576 censeant
2013 1521 2102 1590 qui

2201 521 2298 591 τήν
2337 520 2604 590 τυχοῦσαν
2651 520 2898 591 φέρομεν
2940 521 3234 590 ἀπολογίαν
3289 522 3416 592 περὶ
3471 522 3560 574 τοῦ
3603 524 3744 577 ταῦτα

2201 613 2500 682 γεγονέναι,
2525 614 2584 666 τὸ
2601 613 2690 665 τὸν
2711 613 2850 665 Θεὸν
2897 613 3252 683 βεϐουλῆσθαι
3283 614 3544 684 συστῆσαι
3574 615 3742 670 τὸνδιὰ

2215 705 2386 776 Ἰησοῦ
2433 706 2508 769 ὡς
2533 707 2801 777 σωτήριον
2846 709 2956 768 τοῖς
2988 706 3294 777 ἀνθρώποις
3335 705 3509 773 λόγον,
3539 706 3746 776 βεϐαιούδ

2207 815 2364 868 μενον
2409 797 2505 868 μὲν
2525 799 2638 860 τοῖς
2685 797 3011 860 ἀποστόλοις
3056 797 3296 868 ὡσπερεὶ
3360 795 3618 866 Θεμελίοις
3663 799 3745 868 τῆς

2203 888 2680 959 καταϐαλλομένης
2709 887 3000 959 οἰκοδομῆς
3048 888 3141 941 τοῦ
3181 889 3619 959 Χριστιανισμοῦ,
3646 890 3744 943 ἐπι-

2201 979 2407 1034 διδόντα
2447 981 2501 1033 δὲ
2522 981 2614 1032 καὶ
2658 979 2804 1034 κατά
2850 981 2977 1043 τοὺς
3015 980 3140 1049 ἑξῆς
3191 980 3449 1051 χρόνους·
3475 983 3532 1034 ἐν
3566 975 3638 1044 οἷς
3662 983 3742 1035 οὐκ

2202 1071 2378 1139 ὀλίγαι
2408 1070 2694 1142 θεραπεῖαι
2733 1071 2816 1142 τῷ
2862 1071 3033 1142 Ἰησοῦ
3071 1071 3297 1137 ὀνόματι
3331 1071 3427 1124 καὶ
3465 1071 3610 1126 ἄλλαι
3627 1073 3744 1137 τινὲς

2204 1161 2513 1229 ἐπιφάνειαι
2571 1162 2671 1214 οὐκ
2717 1161 3184 1232 εὐκαταφρόνητοι
3230 1159 3595 1214 ἐπιτελοῦνται

2205 1250 2452 1316 ΙΙοταπὸς
2499 1251 2555 1304 δέ
2604 1251 2698 1305 καὶ
2739 1252 3036 1317 Ἀπόλλων,
3097 1251 3452 1322 ἐπισκήπτων
3499 1253 3746 1304 Μεταπον-

2204 1343 2368 1406 τίνοις
2407 1344 2464 1395 ἐν
2500 1341 2637 1395 θεῶν
2681 1343 2852 1414 μοίρᾳ
2897 1328 3104 1412 νέμειν
3136 1342 3230 1395 τὸν
3292 1341 3607 1413 Ἀριστέαν;
3654 1343 3741 1396 Καὶ

2205 1435 2258 1487 τί
2303 1434 2623 1504 βουλόμενος
2668 1434 2830 1487 τοῦτο
2874 1438 3048 1499 ποιεῖ;
3084 1435 3252 1488 Ποίαν
3306 1452 3365 1488 τε
3416 1435 3662 1504 ὠφέλειαν
3693 1438 3743 1488 ἐκ

2205 1525 2305 1595 τῆς
2336 1525 2412 1590 ὡς
2443 1525 2578 1597 πρὸς
2604 1525 2734 1578 Θεὸν
2767 1526 2879 1596 (55)
2913 1527 3074 1596 τιμῆς
3120 1525 3422 1596 οἰκονομῶν
3452 1529 3561 1589 τοῖς
3591 1527 3739 1580 Μετα·

531 1612 693 1668 modo
717 1613 878 1668 homo
909 1612 1122 1667 fuerat?
1153 1613 1350 1666 Verum
1380 1612 1667 1682 Apollinis,
1699 1612 1791 1681 qui
1843 1610 1998 1666 nobis
2023 1621 2098 1666 est

2207 1615 2472 1678 ποντίνοις
2516 1615 2790 1684 γενέσθαι,
2837 1617 2883 1669 εί
2928 1617 3018 1669 τὸν
3093 1616 3200 1687 πρὸ
3263 1616 3444 1684 ὀλίγου
3500 1617 3744 1687 ἄνθρωπον

531 1705 736 1759 daemon
765 1706 969 1759 nidoris
1006 1715 1059 1758 et
1088 1704 1360 1759 libaminis
1389 1705 1529 1757 dona
1570 1703 1822 1769 sortitus,
1873 1703 1939 1758 de
1979 1703 2098 1756 Ari-

2207 1704 2301 1757 νῦν
2349 1705 2479 1759 Θεὸν
2521 1705 2858 1774 λογίζοιντος
2921 1707 3056 1760 Ἀλλ’
3135 1707 3467 1772 ’Λπόλλωνος
3517 1707 3607 1778 μὲν
3648 1708 3744 1775 (τοῦ

530 1805 642 1851 stea
677 1798 979 1851 testimonia
1017 1797 1112 1851 tibi
1146 1797 1304 1866 digna
1327 1795 1600 1860 videntur,
1649 1798 1880 1864 quorum
1907 1795 2098 1849 habea«

2208 1795 2326 1848 καθ’
2347 1797 2493 1867 ἡμᾶς
2523 1797 2795 1867 δαίμονος,
2839 1797 3091 1867 λαχόντος
3122 1799 3292 1870 γέρας
3320 1799 3504 1869 λοιϐῆς
3537 1817 3591 1852 τε
3623 1800 3744 1852 κνίσ-

532 1897 621 1941 ιιιι·
663 1889 834 1953 ratio;
881 1887 1078 1942 summi
1133 1887 1223 1940 Dei
1281 1895 1462 1940 autem
1515 1894 1570 1940 et
1619 1894 1935 1940 sanctorum
1989 1885 2098 1956 ejus

2209 1903 2308 1956 σης
2335 1904 2395 1940 τε
2415 1885 2454 1957 ,)
2488 1889 2545 1939 αἱ
2579 1889 2707 1959 περὶ
2739 1888 2837 1942 τοῦ
2891 1890 3167 1961 Ἀριστέου
3211 1891 3496 1961 συστάσεις
3521 1892 3745 1960 ἀξιόλογοί

530 1978 842 2048 angelorum
901 1977 1229 2039 testimonia,
1283 1991 1388 2030 non
1445 1984 1566 2046 post
1592 1975 1719 2030 .Icsu
1755 1984 1959 2038 ortum,
2010 1977 2098 2030 sed

2209 1992 2288 2028 σοι
2316 1977 2592 2045 φαίνονται
2618 1973 2776 2031 εἶναι·
2809 1981 2863 2031 αἱ
2890 1979 2945 2032 δέ
2973 1978 3066 2032 τοῦ
3101 1981 3192 2033 ἐπὶ
3231 1983 3366 2034 πᾶσι
3395 1981 3525 2036 Θεοῦ
3554 1983 3636 2036 καὶ
3661 1983 3745 2035 τῶν

533 2082 817 2140 antequam
848 2070 914 2125 ad
940 2084 1107 2140 genus
1137 2069 1428 2122 humanum
1456 2067 1834 2131 descenderet,
1865 2067 2014 2121 edita
2045 2079 2095 2122 te

2205 2068 2375 2136 ἁγίων
2407 2069 2652 2137 ἀγγέλων
2685 2070 2852 2124 αὐτοῦ
2880 2071 2968 2124 διὰ
3007 2073 3325 2143 προφητῶν,
3350 2075 3410 2127 οὐ
3441 2075 3568 2145 μετά
3593 2076 3646 2128 τὸ
3672 2092 3745 2143 γε-

532 2162 808 2216 adducere
855 2175 959 2215 non
1000 2170 1246 2230 possunt,
1308 2158 1674 2213 utadmireris
1723 2167 1776 2213 et
1810 2160 2098 2228 prophetas

2205 2161 2417 2230 γονέναι
2474 2161 2564 2215 τὸν
2618 2163 2867 2234 Ἰησοῦν,
2914 2163 3050 2218 ἀλλά
3105 2167 3234 2237 πρὶν
3313 2168 3634 2238 ἐπιδημῆσαι
3685 2169 3748 2238 τῷ

529 2253 626 2320 qui
655 2252 838 2307 divino
869 2252 1072 2323 Spiritu
1108 2251 1299 2322 repleti
1332 2260 1478 2314 sunt,
1510 2259 1564 2305 et
1597 2267 1720 2306 eum
1758 2251 1851 2321 qui
1887 2251 1955 2305 ab
1997 2251 2098 2306 illis

2209 2249 2306 2322 βίῳ
2345 2250 2454 2322 (56)
2496 2251 2605 2304 τῶν
2656 2252 2996 2324 ἀνθρώπων,
3052 2257 3548 2328 προαγορευόμεναι
3590 2259 3642 2312 οὐ
3682 2277 3749 2311 κι-

533 2346 923 2414 praanuntiatus
962 2354 1067 2401 est.
1116 2343 1285 2413 Hujus
1343 2353 1524 2398 tamen
1572 2345 1864 2398 adventum
1921 2343 2098 2399 multis

2207 2342 2354 2397 νοῦσί
2396 2363 2454 2398 σε
2494 2345 2631 2417 πρὸς
2672 2346 2732 2399 τὸ
2779 2347 3052 2418 Θαυμάσαι
3099 2349 3191 2401 καὶ
3251 2351 3380 2410 τοὺς
3435 2352 3748 2423 χωρήσαντας

531 2445 659 2489 ante
689 2436 848 2490 annis
878 2435 949 2488 ita
981 2451 1010 2488 a
1057 2435 1244 2489 multis
1307 2434 1683 2488 annuntiatum
1744 2448 1866 2488 esse
1915 2448 2098 2487 verum

2207 2437 2346 2490 θεῖον
2379 2437 2603 2509 Πνεῦμα
2634 2442 2938 2511 προφήτας,
2983 2442 3076 2494 καὶ
3110 2441 3200 2494 τὸν
3235 2442 3328 2494 ὑπ’
3362 2442 3535 2495 αὐτῶν
3570 2460 3748 2512 προφηο

529 2535 633 2590 est,
664 2535 723 2582 ut
756 2525 1066 2598 Judteorum
1105 2542 1237 2598 gens
1292 2535 1430 2592 tota,
1482 2542 1600 2594 quae
1649 2541 1714 2580 ex
1766 2528 1883 2597 ejus
1941 2541 2098 2596 quem

2205 2529 2526 2600 τευόμενον;
2582 2525 2643 2584 οῦ
2692 2531 2791 2602 τὴν
2839 2533 2918 2594 εἰς
2950 2532 3039 2585 τὸν
3068 2532 3181 2602 βίον
3227 2533 3516 2605 ἐπιδημίαν
3571 2532 3749 2594 πολλοῖς

529 2619 786 2688 sperabat
829 2630 1119 2674 venturum
1158 2634 1299 2684 esse,
1348 2620 1759 2688 exspectatione
1813 2620 2098 2688 pendebat,

2209 2622 2466 2694 πρότερον
2495 2622 2669 2675 ἐτεσιν
2699 2623 2845 2676 οῦτω
2865 2623 2952 2676 διά
2972 2623 3235 2678 πλειόνων
3257 2625 3589 2697 κεκηρῦχθαι
3638 2642 3748 2695 συμ-

530 2719 660 2764 nato
683 2709 832 2775 Jesu,
869 2713 1004 2767 duas
1027 2714 1079 2766 in
1113 2713 1398 2782 opiniones
1422 2713 1592 2766 scissa
1626 2711 1812 2766 fuerit.
1842 2712 2098 2768 Permulti

2208 2714 2458 2785 ϐέϐηκεν,
2505 2714 2645 2767 ὥστε
2669 2715 2728 2768 τὸ
2794 2715 3060 2769 Ἰουδαίων
3096 2716 3214 2768 ὅλον
3259 2716 3430 2780 ἔθνος,
3481 2717 3747 2788 ἠρτημένον

529 2805 672 2857 enim
699 2802 973 2859 Christum
1005 2804 1244 2860 confessi
1281 2813 1432 2870 sunt,
1486 2813 1541 2858 et
1585 2820 1710 2859 eum
1750 2820 1872 2860 esse
1927 2804 2098 2860 credi-

2205 2802 2306 2872 τῆς
2339 2803 2466 2873 περὶ
2499 2802 2591 2854 τοῦ
2621 2802 2974 2874 ἐλπιζομένου
3028 2804 3390 2876 ἐπιδημήσειν
3439 2805 3745 2877 προσδοκίας,

532 2901 726 2950 derunt
765 2937 780 2959 ,
813 2911 973 2966 quem
1006 2897 1282 2967 prophetae
1307 2897 1710 2966 praedixerant;
1745 2897 1830 2952 alii
1864 2913 1991 2950 vero
2021 2897 2098 2950 in-

2207 2898 2286 2960 εἱς
2313 2895 2411 2968 τὴν
2434 2896 2575 2967 πρὸς
2604 2895 2866 2967 ἀλλήλους
2895 2895 3122 2967 ζήτησιν
3168 2895 3514 2967 ἐληλυθέναι,
3543 2895 3626 2948 τοῦ
3665 2896 3748 2964 Ἰη-

531 2987 760 3051 creduli,
790 3000 969 3056 spreta
1021 2990 1233 3044 illorum
1283 2990 1700 3046 mansuetudine
1733 2991 1823 3060 qui
1881 2985 2098 3061 prOpler

2209 2986 2303 3041 σοῦ
2354 2987 2825 3058 ἐπιδημήσαντος’
2881 2987 2976 3042 καὶ
3029 2989 3162 3042 πολὺ
3206 2989 3306 3058 μὲν
3363 2987 3556 3060 πλῆθος
3598 2986 3748 3040 αὐτῶν

527 3075 655 3134 Jesu
711 3081 1014 3135 doctrinam
1075 3097 1142 3137 ne
1187 3082 1463 3136 minimam
1505 3084 1723 3152 quidem
1778 3083 2098 3137 seditionem

2209 3078 2617 3150 ὡμολογηκέναι
2677 3079 2941 3153 Χριστὸν,
2999 3081 3092 3134 καὶ
3154 3080 3570 3134 πεπιστευκέναι
3613 3078 3748 3134 αὑτὸν

530 3175 771 3230 excitare
820 3175 1124 3240 voluerunt,
1179 3178 1424 3232 facinora
1483 3179 1574 3232 illa
1640 3178 1693 3230 in
1747 3175 1930 3232 Jesum
1981 3177 2098 3231 ausi

2207 3144 2342 3224 εἶναι
2540 3144 3032 3242 προφητευόμενονο
3093 3173 3221 3235 τοὺς
3261 3172 3318 3225 δὲ
3379 3173 3452 3244 μὴ
3512 3169 3750 3226 πιστεύον-

532 3274 678 3330 sunt,
708 3282 826 3334 quae
857 3270 972 3335 ejus
997 3267 1237 3337 discipuli
1274 3284 1469 3339 magno
1518 3269 1766 3323 veritatis
1830 3285 2017 3324 amore
2045 3279 2098 3325 et

2205 3280 2303 3328 τας
2337 3263 2484 3333 (57),
2531 3264 3049 3335 καταφρονήσαντας
3082 3265 3182 3336 τῆς
3223 3265 3525 3336 πραότητος
3559 3263 3652 3316 τῶν
3676 3261 3749 3314 διὰ

532 3355 698 3409 animi
730 3358 968 3425 candore
999 3359 1468 3427 conscripserunt,
1521 3375 1588 3414 ne
1629 3359 1928 3414 subtractis
1975 3362 2098 3429 qui-

2204 3355 2272 3408 τά
2309 3354 2482 3426 Ἰησοῦ
2531 3353 2829 3426 μαθήματα
2864 3355 2984 3408 ούδέ
3030 3355 3192 3427 μέχρι
3229 3356 3326 3410 τοῦ
3367 3357 3614 3427 τυχόντος
3647 3371 3750 3407 στα-

532 3449 654 3502 dem
675 3463 741 3502 ex
768 3449 909 3505 illius
951 3452 1211 3518 stupenda
1266 3451 1494 3513 bis-toria
1545 3453 1728 3515 rebus,
1771 3466 1890 3520 qua:
1936 3451 2098 3507 Chri-

2207 3446 2412 3510 σιάζειν
2469 3445 2873 3516 βουληθέντων,
2936 3447 3206 3518 τολμῆσαι
3276 3448 3420 3502 κατά
3476 3448 3572 3511 τοῦ,
3604 3444 3748 3517 Ἰησοῦ

533 3539 832 3594 stianorum
862 3541 1120 3595 doctrina:
1145 3543 1346 3610 probro
1389 3540 1524 3594 verti
1573 3555 1731 3609 posse
1766 3541 2098 3596 viderentur.

2204 3539 2454 3603 τοιαῦτα,
2490 3541 2644 3593 ἆτινα
2700 3537 3016 3610 φιλαληθῶς
3041 3541 3134 3593 καὶ
3161 3540 3515 3610 εὐγνωμόνως
3552 3538 3748 3607 ἀνέγρα-

535 3629 716 3683 Voluit
741 3632 884 3685 enim
906 3630 1062 3686 Jesus
1095 3632 1206 3702 ipse
1243 3643 1295 3686 et
1328 3633 1446 3699 ejus
1471 3631 1742 3699 discipuli,
1786 3634 1956 3704 utqui
2009 3649 2098 3688 ac-

2204 3631 2310 3700 ψαν
2343 3631 2391 3683 οἱ
2425 3630 2661 3702 μαθηταὶ
2690 3629 2878 3695 αὑτοῦ,
2905 3632 3002 3701 οὐχ
3034 3631 3476 3702 ὑπεκκλέψαντες
3519 3631 3609 3701 τῆς
3644 3631 3749 3700 περὶ

531 3721 818 3783 cedebant,
847 3737 952 3776 non
982 3724 1052 3776 ita
1083 3725 1198 3794 ejus
1229 3724 1505 3778 divinitati
1536 3732 1588 3776 et
1617 3723 1896 3779 miraculis
1926 3727 2098 3781 habe-

2205 3723 2367 3778 αὑτοῦ
2421 3721 2720 3794 παραδόξου
2786 3724 3025 3794 ἱστορίας
3070 3724 3131 3776 τὸ
3182 3725 3374 3778 δοκοῦν
3420 3727 3529 3788 τοῖς
3568 3723 3748 3784 πολλοῖς

534 3823 654 3868 rent
691 3815 874 3876 fidem,
896 3830 958 3870 ac
985 3815 1028 3870 si
1051 3833 1158 3872 non
1190 3819 1556 3872 consiaciasset
1581 3814 1686 3870 sibi
1717 3826 1972 3872 naturam
2003 3818 2098 3872 hu-

2206 3815 2464 3886 αἰσχύνην
2492 3814 2568 3884 τῷ
2587 3814 2730 3884 λόγῳ
2752 3814 3092 3885 Χριστιανῶν
3127 3817 3334 3888 φέρειν.
3367 3818 3475 3870 Καὶ
3501 3816 3647 3878 αὐτὸς
3662 3815 3746 3885 γὰρ

533 3923 772 3973 manant,
803 3919 857 3964 et
896 3924 1138 3973 carnem,
1166 3926 1284 3978 quae
1316 3911 1370 3964 in
1407 3891 1715 3966 ltominibus
1758 3912 2098 3982 concupiscit

2204 3911 2232 3962 ὁ
2281 3907 2484 3980 Ἰησοῦς
2513 3907 2761 3960 ἐϐούλετο
2801 3907 2893 3961 καί⁹
2932 3910 2979 3960 οἱ
3007 3907 3244 3979 μαθηταὶ
3292 3909 3481 3975 αὐτοῦ,
3520 3910 3587 3980 μὴ
3616 3908 3748 3978 μόνον

531 4001 794 4056 adversus
825 4003 1075 4070 spiritum
1099 4045 1114 4064 ,
1147 4018 1250 4058 non
1278 4005 1624 4073 suscepisset.
1655 4005 1926 4060 Noverant
1955 4005 2102 4060 enim

533 4090 781 4146 conferre
805 4094 870 4146 ad
905 4094 1142 4148 fidelium
1174 4095 1425 4159 salutem,
1467 4096 1538 4158 si,
1564 4103 1620 4148 ut
1671 4111 1757 4151 res
1784 4097 2101 4162 diviniores,

531 4186 608 4240 sic
635 4186 800 4240 etiam
833 4190 1395 4245 crederentvirtutem
1457 4203 1515 4244 se
1552 4191 1621 4246 ad
1659 4189 1956 4250 humanam
1993 4207 2099 4251 na-

530 4285 705 4332 turam
742 4280 1117 4352 humanasque
1148 4283 1398 4339 miserias
1421 4283 1724 4348 demisisse,
1774 4295 1830 4340 et
1862 4287 2098 4342 animam

2208 4279 2385 4350 σάρκα
2416 4277 2787 4348 ἐπιθυμοῦσαν
2813 4277 2952 4330 κατά
2991 4278 3085 4332 τοῦ
3135 4278 3466 4349 πνεύματος·
3508 4277 3628 4332 ἀλλά
3660 4274 3744 4345 γὰρ

529 4370 938 4443 humanumque
970 4389 1166 4444 corpus
1189 4377 1567 4445 assumpsisse.
1605 4379 1814 4449 Quippe
1846 4380 1934 4448 qui
1970 4380 2098 4435 hinc

2208 4373 2298 4424 xui.
2326 4371 2420 4442 τήν
2454 4369 2768 4424 καταϐᾶσαν
2798 4372 2877 4434 εἰς
2902 4371 3248 4443 ἀνθρωπίνην
3279 4372 3440 4440 φύσιν
3471 4373 3558 4425 καὶ
3585 4373 3651 4432 είς
3679 4369 3746 4420 ἀν-

527 4465 737 4520 discunl
767 4467 833 4522 ab
858 4467 948 4522 illo
971 4469 1262 4540 incmpisse
1282 4470 1473 4526 divinte
1497 4481 1707 4528 natura:
1729 4488 1850 4529 cum
1871 4475 2098 4528 humana

2213 4464 2487 4535 θρωπίνας
2523 4463 2876 4535 περιστάσεις
2913 4463 3178 4534 δύναμιν,
3245 4468 3340 4520 καὶ
3416 4462 3745 4520 ἀναλαϐοῦσαν

2204 4005 2271 4074 τῇ
2323 4001 2558 4072 θειότητι
2597 4002 2692 4054 καὶ
2744 4004 2856 4065 τοῖς
2910 4000 3236 4073 παραδόξοις
3289 4003 3455 4056 αὑτοῦ
3513 3999 3746 4054 πιστεύειν

2205 4095 2329 4157 τοὺς
2369 4093 2714 4164 προσιόντας,
2755 4093 2830 4157 ὡς
2871 4093 2934 4146 ού
2980 4097 3411 4167 κοινωνήσαντος
3464 4098 3526 4165 τῇ
3573 4091 3747 4161 ἀνθρω-

2207 4185 2334 4257 πίνῃ
2397 4184 2576 4254 φύσει,
2629 4185 2738 4238 οὐδ’
2801 4185 3160 4250 ἀναλαϐόντος
3213 4188 3315 4259 τὴν
3370 4189 3428 4241 ἐν
3484 4183 3746 4258 ἀνθρώποις

525 4558 958 4625 conjunctiouem
997 4578 1012 4623 ;
1045 4571 1101 4614 ut
1129 4562 1361 4616 humana
1417 4577 1515 4616 sua
1563 4579 1686 4618 cum
1743 4581 1803 4620 re
1834 4565 2087 4619 diviniori

524 4649 782 4704 societate
811 4649 967 4706 fieret
995 4652 1173 4706 divina
1201 4668 1306 4706 non
1346 4653 1398 4707 in
1431 4653 1548 4709 solo
1593 4653 1741 4721 Jesu,
1790 4654 1884 4710 sed
1934 4665 1991 4709 et
2043 4656 2096 4709 in

521 4739 792 4803 omnibus,
832 4743 1077 4810 quicum
1121 4744 1224 4798 fide
1265 4745 1428 4800 vitam
1484 4745 1891 4815 amplectuntur
1933 4762 2096 4816 quam

523 4825 679 4882 Jesus
705 4831 942 4900 edocuit,
986 4845 1040 4890 et
1081 4852 1202 4908 quae
1243 4837 1310 4890 ad
1367 4839 1664 4894 amicitiam
1731 4839 1824 4892 Dei
1870 4837 2096 4908 ejusque

523 4924 959 4978 communionem
991 4928 1235 4995 perducit
1278 4929 1588 4998 quicunque
1637 4944 1763 4984 suos
1823 4945 1998 4986 mores
2029 4945 2095 4984 ex

521 5003 650 5061 Jesu
675 5018 958 5083 prazceptis
979 5023 1407 5086 composuerint.

2195 4557 2370 4628 ψυχὴν
2425 4558 2517 4611 καὶ
2575 4556 2738 4627 σῶμα
2789 4555 3152 4627 ἀνθρώπινον,
3215 4557 3406 4629 ἐώρων
3451 4560 3512 4611 ἐκ
3557 4555 3639 4610 τοῦ
3671 4570 3748 4605 πι-

2203 4649 2484 4702 στεύεσθαι
2541 4648 2678 4719 μετά
2729 4647 2837 4701 τῶν
2883 4648 3168 4720 θειοτέρων
3214 4650 3640 4720 συμϐαλλομένην
3679 4647 3749 4704 εἷς

2205 4741 2476 4812 σωτηρίαν
2511 4743 2622 4802 τοῖς
2652 4739 3018 4793 πιστεύουσιν·
3063 4740 3286 4812 ὁρῶσιν,
3317 4743 3401 4795 ὅτι
3442 4743 3530 4796 ἀπ’
3567 4739 3746 4794 ἐκείνου

2201 4833 2404 4904 ἤρξατο
2419 4831 2538 4885 θεία
2569 4833 2662 4884 καὶ
2685 4833 3004 4904 ἀνθρωπίνη
3029 4834 3450 4902 συνυφαίνεσθαι
3470 4834 3569 4904 (58)
3591 4831 3741 4900 φύσις·

2192 4928 2258 4980 ἶν’
2291 4928 2324 4998 ὴ
2361 4925 2672 4996 ἀνθρωπίνη
2715 4928 2779 4996 τῇ
2821 4925 2958 4996 πρὸς
2981 4927 3042 4978 τὸ
3073 4925 3351 4998 θειότερον
3398 4926 3634 4996 κοινωνίᾳ
3664 4920 3748 4989 γέ·

2197 5036 2353 5090 νηται
2375 5017 2494 5071 θεία
2529 5018 2631 5069 οὐκ
2657 5017 2714 5069 ἐν
2742 5016 2885 5087 μόνῳ
2906 5017 2983 5087 τῷ
3017 5017 3214 5088 Ἰησοῦ,
3245 5020 3379 5073 ἀλλά
3403 5020 3493 5073 καὶ
3510 5020 3628 5072 πᾶσι
3649 5013 3746 5072 τοῖς

523 5102 662 5169 μετά
683 5106 777 5158 τοῦ
800 5110 1070 5164 πιστεύειν
1094 5111 1529 5184 ἀναλαμϐάνουσι
1563 5113 1696 5184 βίον,
1724 5113 1782 5166 ὃν
1812 5114 2017 5185 Ἰησοῦς
2058 5112 2312 5178 ἐδίδαξεν,
2353 5113 2623 5181 ἀνάγοντα
2648 5110 2740 5164 ἐπὶ
2774 5111 2869 5179 τὴν
2905 5111 3040 5183 πρὸς
3062 5110 3153 5164 τὸν
3186 5114 3319 5166 Θεὸν
3343 5114 3518 5183 φιλίαν
3549 5111 3629 5165 καὶ
3647 5107 3730 5175 τὴν

524 5192 658 5262 πρὸς
691 5197 894 5252 ἐκεῖνον
928 5203 1207 5255 κοινωνίαν
1243 5205 1417 5257 πάντα
1437 5204 1525 5255 τὸν
1547 5204 1686 5257 κατά
1719 5203 1817 5267 τάς
1849 5205 2023 5276 Ἰησοῦ
2059 5205 2338 5276 ὑποθήκας
2369 5203 2568 5269 ζῶντα.

617 5400 708 5470 547)
740 5401 910 5455 Codd.
946 5403 1145 5467 Regius
1173 5414 1226 5458 et
1258 5405 1606 5470 Basileensis,
1640 5407 1938 5460 τελοῦνται.

740 5471 1156 5548 lA-lmsclteliusin
1180 5483 1351 5539 textu,
1377 5477 1511 5548 πρὸς
1533 5469 1608 5541 ὡς
1643 5477 1782 5530 θεόν.

613 5539 701 5676 36;
742 5542 909 5604 Alias,
931 5542 1009 5612 τῷ
1041 5543 1206 5610 γένει.

613 5609 677 5661 37
736 5612 900 5675 Alias,
933 5613 1206 5666 mandem

613 5609 704 5689 372
736 5612 900 5689 Alias,
933 5609 1342 5689 πιστεύσαντας.
1378 5617 1578 5689 Ibidem
1627 5635 1726 5689 pro
1770 5619 1878 5674 τῶν
1907 5620 1995 5674 διὰ
2023 5618 2092 5673 τά

531 5678 706 5761 Ἰησοῦ
735 5681 1273 5761 μαθήματα,-Ουίυιο
1294 5678 1653 5761 scribendum
1696 5690 1930 5760 videtur,
1983 5690 2091 5744 τῶν

517 5749 612 5799 τοῦ
659 5749 831 5822 Ἰησοῦ
860 5749 1133 5825 μαθητῶν,
1173 5767 1228 5810 οι
1263 5758 1334 5812 ita
1366 5758 1626 5814 Gelenius
1646 5760 1875 5830 legebat.

2260 5406 2374 5477 (58)
2409 5406 2933 5477 Evrvgpalreaoqt.
2960 5403 3055 5477 Sic_
3076 5419 3163 5459 om
3177 5421 3274 5477 n_es
3306 5421 3438 5462 mss.
3469 5402 3604 5461 Libri
3627 5410 3744 5453 vero

2189 5475 2378 5547 excusi
2410 5478 2462 5547 in
2499 5486 2679 5547 textu,
2728 5475 3144 5547 συμϐαίνεσθαι.
3200 5475 3376 5532 Paulo
3431 5477 3561 5547 infra
3605 5483 3744 5547 Iussa

2235 5545 2330 5598 ετά
2356 5545 2450 5600 τοῦ
2493 5545 2806 5618 πιστεύειν,
2831 5546 3237 5618 rectiusquam
3273 5548 3517 5618 impressi
3548 5545 3592 5598 in
3629 5545 3742 5606 qui-

2235 5565 2330 5598 ετα
2356 5565 2450 5600 του
2493 5565 2790 5608 πιστεύειν,
2831 5565 3037 5599 recuus
3070 5565 3237 5615 quam
3273 5565 3517 5618 Impresm
3548 5565 3592 5598 ιιι
3629 5565 3738 5606 ψη-

2189 5565 2534 5687 tuslegitur,
2575 5617 2713 5687 μετά
2761 5615 2837 5687 τὸΔ
2858 5613 3158 5687 πιστεύειν.
3214 5617 3382 5674 Paulo
3415 5618 3542 5674 infra
3597 5621 3738 5687 iussu

2187 5687 2287 5759 τὴν
2314 5676 2452 5759 πρδς
2479 5676 2726 5759 τὺν’Θεὸν
2766 5684 2969 5759 φιλίαν.
3024 5687 3174 5744 Libri
3219 5690 3434 5755 excusi,
3486 5687 3574 5756 τὴν
3615 5676 3737 5748 πρὸς

2187 5755 2276 5812 τὸν
2307 5755 2438 5811 Θεὸν
2473 5755 2906 5830 φιλανθρωπίαν.
