3902 6414
243 349 333 406 957

1395 343 1681 400 CONTRA
1719 339 1999 400 CELSUM
2052 340 2180 398 LIB.
2216 341 2302 396 ill.

3367 347 3474 403 958

307 459 360 512 Ὀ
385 456 478 529 μὲν
504 447 597 510 οῦν
641 457 784 511 κατὰ
824 457 912 511 τὸν
956 457 1164 512 Κέλσον
1221 459 1492 513 Ἀπόλλων
1536 460 1770 530 βούλεται

1961 459 2050 514 29.
2081 462 2156 514 Ac
2183 458 2377 528 Apollo
2425 458 2642 528 quidem
2705 457 2998 514 secundum
3047 457 3264 514 Celsum
3315 457 3474 528 jubet

237 549 638 612 Μεταποιτίνους
674 553 737 603 ἐν
774 551 909 604 θεῶν
940 552 1103 624 μοίρᾳ
1132 552 1317 623 νέμειν
1346 553 1437 606 τὸν
1483 554 1784 626 Ἀριστέαν.

248 642 376 696 Ἐπεὶ
398 643 450 695 δὲ
476 643 523 694 oi
553 642 948 696 Μεταποντῖνοι
967 644 1065 715 τὴν
1087 645 1215 716 περ)⁵
1239 644 1331 698 τοῦ
1376 646 1653 716 Ἀριστέου
1691 647 1783 700 ἁν-

236 732 441 804 θρώπου,
475 734 566 785 καὶ
607 734 754 804 τάχα
799 734 859 786 οὐ
910 735 1220 802 σπουδαίου,
1269 737 1556 809 ἐνάργειαν
1608 739 1790 810 κρείτ-

232 842 343 878 τονα
358 823 591 895 ὲνόμιξον
616 821 762 878 εἶναι
789 825 881 879 τοῦ
914 827 1038 900 περὶ
1065 828 1230 882 αὐτοῦ
1260 830 1512 901 χρησμοῦ
1544 829 1619 893 ὡς
1663 829 1786 884 θεοῦ

232 915 424 985 ῆθείων
453 915 626 985 τιμῶν
667 916 842 981 ἀξίου*
878 915 964 971 διὰ
1009 919 1166 972 τοῦτο
1213 920 1314 974 οὐκ
1358 920 1638 974 ἐϐούλοντο
1679 922 1788 974 resl-

231 1003 389 1058 θεσθαι
421 1005 493 1076 τῷ
548 1007 870 1071 Ἀπόλλωνι,
907 1011 1000 1063 καὶ
1048 1009 1192 1063 οῦτω
1234 1009 1323 1063 τὸν
1374 1011 1658 1083 Ἀριστέαν
1694 1014 1785 1066 οὐ-

227 1096 316 1159 δεὶς
342 1096 543 1168 ἐνόμιζε
575 1100 688 1169 (59)
710 1099 847 1154 θεόν’
874 1103 999 1173 περ)⁹
1013 1101 1070 1156 δὲ
1084 1101 1178 1155 τοῦ
1209 1102 1382 1174 Ἰησοῦ
1409 1105 1656 1174 εἴποιμεν
1697 1104 1782 1167 ἂν,

226 1188 326 1240 ἐπεὶ
350 1188 617 1260 συμφέρον
643 1186 717 1261 ἦν
751 1190 831 1261 τῷ
857 1191 964 1245 τῶν
999 1192 1302 1265 ἀνθρώπων
1342 1193 1489 1262 γένει
1545 1193 1783 1266 παραδέ-

225 1279 390 1344 ξασθαι
422 1282 581 1334 αὐτὸν
611 1281 692 1346 ὡς
720 1283 848 1336 Υίὺν
879 1284 1034 1355 Θεοῦ,
1069 1285 1202 1338 Θεὸν
1250 1285 1549 1356 ἐληλυθότα
1593 1288 1649 1338 ἐν
1688 1289 1781 1340 ἀν-

224 1372 435 1443 θρωπίνῃ
467 1373 615 1446 ψυχῇ
658 1377 757 1429 καὶ
791 1375 1019 1447 σώματιο
1053 1377 1146 1431 καὶ
1176 1379 1276 1431 οὐκ
1308 1379 1480 1432 ἐδόκει
1525 1378 1681 1432 τοῦτο
1710 1383 1776 1452 τῇ

221 1465 397 1536 λιχνείᾳ
421 1467 527 1519 τῶν
560 1468 964 1540 φιλοσωμάτων
1011 1470 1302 1542 δαιμόνων,
1351 1471 1444 1525 καὶ
1482 1471 1591 1524 τῶν
1625 1490 1780 1542 νομι-

218 1556 390 1620 ζόντων
423 1558 620 1623 αὐτοὺς
661 1559 820 1624 θεοὺς
851 1558 1004 1625 εἶναι,
1054 1562 1360 1627 λυσιτελές·
1409 1563 1496 1617 διὰ
1540 1564 1684 1617 τοῦθ’
1730 1567 1778 1620 οί

220 1650 299 1717 μὲν
327 1651 410 1702 ἐπὶ
439 1652 540 1721 γῆς
569 1651 853 1721 δαίμονες,
881 1655 1031 1726 παρὰ
1055 1657 1167 1718 τοῖς
1194 1656 1268 1726 μὴ
1300 1655 1631 1709 παιδευθεῖσι
1653 1657 1780 1728 περὶ

214 1738 448 1809 δαιμόνων
481 1743 836 1814 νομιζόμενοι
869 1741 1006 1798 εἷναι
1061 1745 1194 1809 θεοὶ,
1224 1745 1358 1800 ἀλλὰ
1405 1749 1500 1800 καὶ
1527 1751 1574 1802 οἱ
1617 1748 1779 1820 θερα-

213 1830 438 1897 πεύοντες
466 1835 694 1898 αὐτοὺς,
744 1835 1113 1908 ἐϐουλήθησαν
1173 1837 1417 1892 κωλῦσαι
1461 1840 1561 1910 τὴν
1609 1841 1781 1912 νομὴν

209 1923 290 1993 τῆς
330 1925 497 1996 Ἰησοῦ
521 1927 902 1991 διδασκαλίας.
945 1929 1161 2002 Ἐώρων
1191 1930 1302 2003 γὰρ
1342 1931 1440 1996 τὰς
1473 1933 1658 1996 λοιϐὰς
1688 1936 1781 1987 καὶ

206 2013 288 2077 τὰς
312 2016 542 2083 κνίσσας,
580 2019 672 2087 ἐφ’
727 2016 814 2083 αἷς
845 2019 1042 2090 λίχνως
1089 2022 1299 2092 ἥδοντο,
1340 2024 1781 2096 καθαιρουμένας

206 2105 257 2157 ἐκ
280 2106 361 2160 τοῦ
401 2113 628 2181 κρατεῖν
673 2111 745 2163 τὰ
803 2111 975 2182 Ἰησοῦ
1013 2113 1328 2185 μαθήματα.
1377 2117 1435 2168 Ὁ
1467 2117 1522 2170 δέ
1558 2117 1780 2188 πέμψας

203 2199 275 2251 τὸν
321 2201 520 2270 Ἰησοῦν
571 2201 735 2266 Θεὸς,
802 2203 1033 2268 ἐκλύσας
1080 2208 1262 2259 πᾶσαν
1302 2207 1400 2278 τὴν
1445 2208 1553 2262 τῶν
1592 2209 1779 2280 δαιμό-

203 2309 289 2343 νων
319 2293 632 2366 ἐπιϐουλὴν,
697 2295 918 2365 ἐποίησε
968 2299 1246 2368 πανταχοῦ
1301 2301 1402 2370 τῆς
1451 2302 1779 2372 οἰκουμένης

202 2380 319 2454 ὑπὲρ
341 2384 436 2454 τῆς
465 2385 577 2438 τῶν
633 2384 939 2456 ἀνθρώπων
993 2389 1328 2461 ἐπιστροφῆς
1354 2390 1465 2460 (40)
1499 2393 1592 2445 καὶ
1633 2393 1778 2464 διορ-

202 2471 390 2538 θώσεως
429 2477 718 2548 κρατῆσαι
751 2477 812 2530 τὸ
845 2479 1171 2548 Εὐαγγέλιω
1233 2483 1429 2550 Ἰησοῦ,
1483 2485 1576 2538 καὶ
1631 2484 1778 2552 γενέ-

200 2566 300 2619 σθαι
321 2569 598 2639 πανταχοῦ
647 2570 974 2642 Ἐκκλησίας
1005 2573 1552 2645 ἀντιπολιτευομένας
1575 2576 1772 2647 ἐκκλη-

200 2657 318 2720 alat;
359 2659 784 2731 δεισιδαιμόνων
840 2662 935 2714 καὶ
998 2663 1311 2718 ἀκολάστων
1390 2666 1486 2719 καὶ
1547 2666 1768 2720 ἀδίκων.

197 2749 406 2806 Τοιαῦτα
437 2752 552 2825 γὰρ
582 2754 655 2806 τὰ
686 2754 964 2825 πανταχοῦ
1000 2756 1396 2828 πολιτευόμενα
1435 2760 1492 2812 ἐν
1525 2763 1643 2823 ταῖς
1683 2763 1775 2813 ὲκ-

195 2839 417 2911 ιλησίαις
442 2845 558 2896 τῶν
583 2845 800 2898 πόλεων
816 2845 1014 2917 πλήθη.
1049 2847 1114 2898 Αἱ
1147 2846 1202 2899 δὲ
1236 2847 1330 2900 τοῦ
1365 2847 1502 2900 θεοῦ
1551 2850 1594 2901 Χ
1604 2849 1772 2920 ριστῷ

197 2933 603 3004 μθητευθεῖσαι
650 2936 993 3008 Ἐκκλησίαι,
1023 2936 1504 3010 συνεξεταζόμεναι
1541 2945 1662 3004 ταῖς
1695 2936 1771 2996 ὧν

193 3028 490 3093 παροικοῦσι
525 3030 724 3101 δήμων
743 3029 1077 3101 ἐκκλησίαις,
1111 3029 1186 3093 ὡς
1219 3031 1507 3102 φωστῆρές
1540 3034 1676 3084 εἰσιν
1713 3035 1770 3086 ἐν

190 3122 374 3193 κόσμῳ.
407 3124 512 3187 Τίς
541 3124 654 3195 γὰρ
691 3125 793 3178 οὐκ
836 3124 901 3178 ἂν
949 3123 1300 3196 ὁμολογήσαι,
1353 3121 1447 3179 κάι
1493 3127 1619 3190 τούς
1660 3127 1770 3196 χεί-
1796 3163 1839 3221 C

193 3229 298 3282 ρους
322 3215 425 3267 τῶν
461 3216 577 3269 ἀπὸ
606 3215 716 3286 τῆς
756 3215 1100 3288 Ἐκκλησίας,
1123 3219 1216 3270 καὶ
1248 3219 1534 3290 συγκρίσει
1565 3218 1769 3290 sane-

187 3321 275 3358 νων
313 3307 601 3371 ἐλάττους,
647 3307 863 3361 πολλῶν
896 3310 1176 3382 κρείττους
1213 3311 1506 3381 τυγχάνειν
1544 3311 1654 3365 τῶν
1711 3313 1769 3364 ἐν

186 3399 280 3460 τοῖς
309 3399 503 3470 δήμοις
536 3399 854 3468 ἐκκλησιῶν
869 3418 882 3466 ;

255 3489 547 3563 Ἐκκλησία
612 3490 716 3562 μὲν
781 3492 886 3564 γὰρ
947 3493 1041 3546 τοῦ
1095 3493 1254 3557 Θεοῦ,
1307 3495 1426 3566 φέρ’
1487 3495 1685 3559 εἰπεῖν,
1733 3497 1766 3566 ἡ

195 3578 430 3652 Ἀθήνῃσι
464 3582 683 3654 πραεῖὰ
723 3600 808 3647 τις
849 3584 941 3638 καὶ
998 3585 1294 3656 εὐσταθὴς,
1354 3585 1448 3639 ἆτε
1484 3585 1603 3657 Θεῷ
1634 3586 1766 3658 ἀρέ-

185 3686 318 3725 σκειν
354 3674 431 3744 τῷ
476 3676 574 3727 ἐπὶ
627 3676 767 3728 πᾶσι
818 3674 1137 3747 βουλομένη⁵
1186 3679 1219 3748 ἡ
1258 3677 1302 3728 δ’
1347 3677 1643 3746 ’Λθηναίων
1677 3680 1768 3732 ἐκ·

185 3763 360 3834 κλησία
404 3765 725 3836 στασιώδης
767 3768 859 3820 καὶ
903 3768 1156 3838 οὐδαμῶς
1203 3768 1659 3842 παραϐαλλομένη
1697 3774 1764 3843 τῇ

183 3855 283 3909 ἐκεῖ
318 3859 623 3930 Ἐκκλησία
641 3857 738 3911 τοῦ
764 3859 924 3912 Θεοῦ.
971 3860 1044 3914 Τὸ
1063 3861 1107 3913 δ’
1141 3861 1272 3912 αὐτὸ
1301 3862 1446 3932 ἐρεῖς
1474 3862 1602 3933 περὶ
1643 3863 1766 3915 Ἐκ-

182 3946 391 4018 κλησίας
421 3950 521 4004 τοῦ
545 3950 690 4004 Θεοῦ
719 3950 820 4020 τῆς
850 3954 906 4004 ἐν
936 3951 1188 4023 Κορίνθῳ
1224 3953 1318 4006 καὶ
1346 3953 1446 4024 τῆς
1469 3953 1766 4025 ἐκκλησίας

180 4038 260 4092 τοῦ
288 4040 460 4113 δήμου
490 4041 821 4114 Κορινθίωνο
869 4045 982 4107 καὶ,
1020 4044 1142 4114 φέρ’
1195 4047 1394 4110 εἰπεῖν,
1443 4049 1574 4117 περ).
1642 4047 1766 4100 Ἐκ-

179 4131 389 4202 κλησίας
413 4131 511 4187 τοῦ
538 4133 682 4186 Θεοῦ
705 4134 802 4202 τῆς
833 4137 891 4187 ἐν
931 4133 1309 4208 Ἀλεξανδρεία
1341 4138 1437 4190 καὶ
1472 4138 1766 4209 ἐκκλησίας

179 4223 260 4274 τοῦ
323 4225 731 4299 Ἀλεξανδρέων
782 4226 975 4298 δήμου.
1025 4228 1134 4280 Καὶ
1177 4229 1270 4281 ἐὰν
1310 4229 1609 4301 εὐγνώμων
1735 4233 1764 4284 ὁ

175 4314 350 4369 τούτου
380 4317 601 4371 ἀκούων
632 4319 731 4370 καὶ
759 4318 1065 4390 φιλαληθῶς
1090 4319 1322 4393 ἐξετάζῃ
1347 4322 1416 4375 τὰ
1440 4323 1758 4393 πράγματα,

178 4405 501 4477 θαυμάσεται
535 4411 631 4463 τὸν
661 4410 758 4463 καὶ
782 4410 1227 4484 βουλευσάμενον,
1257 4415 1350 4468 καὶ
1381 4415 1578 4469 ἀνῦσαι
1609 4417 1763 4489 δυνη-

1893 550 2162 604 Aristeam
2215 565 2244 604 a
2293 549 2674 619 Metapontinis
2713 550 2899 605 haberi
2951 550 3132 606 deum.
3187 552 3293 606 Sed
3343 552 3470 620 quia

1895 639 2249 710 Metapontini
2299 651 2648 712 argumenta,
2719 657 2839 711 quae
2872 642 3145 699 Aristeam
3196 643 3468 698 hominem

1890 744 2124 800 eumque
2151 729 2386 785 fortasse
2414 744 2520 784 non
2577 731 2779 785 bonum
2809 745 2936 785 esse
2969 731 3298 799 probabant,
3353 746 3470 786 cer-

1893 823 2030 876 tiora
2089 829 2351 891 putarunt
2397 836 2521 877 esse
2573 836 2737 891 quam
2793 821 3072 876 oraculum
3123 823 3266 892 quod
3317 823 3466 876 illum

1891 918 2050 972 deum
2083 917 2402 971 autdivinis
2438 915 2736 970 honoribus
2781 915 3000 985 dignum
3051 916 3465 984 pronuntiabat,

1888 1010 1957 1063 ob
1993 1008 2136 1063 hanc
2189 1021 2302 1062 rem
2357 1007 2592 1078 Apollini
2657 1021 2852 1076 parere
2901 1007 3214 1074 noluerunt,
3277 1007 3468 1077 sicque

1887 1115 2050 1154 nemo
2078 1100 2226 1154 illum
2271 1100 2542 1160 Aristeam
2595 1101 2755 1155 deum
2813 1114 2936 1156 esse
2981 1100 3338 1156 existimavit.
3391 1101 3468 1154 De

1886 1191 2013 1248 Jesu
2041 1200 2222 1246 autem
2253 1193 2509 1256 dicimus,
2533 1193 2658 1261 quia
2687 1192 2819 1246 utile
2841 1201 2960 1246 erat
2995 1192 3238 1246 humano
3282 1191 3468 1261 generi

1888 1281 2054 1354 466
2090 1281 2242 1336 illum
2279 1283 2450 1352 accipi
2487 1293 2543 1334 ut
2571 1283 2663 1336 Dei
2698 1282 2922 1342 Filium.
2964 1292 3021 1336 ut
3071 1285 3237 1337 Deum
3287 1283 3378 1352 qui
3412 1283 3465 1336 in

1890 1374 2124 1426 humana
2161 1374 2342 1427 anima
2378 1381 2432 1427 et
2456 1388 2688 1442 corpore
2713 1374 2900 1441 venit;
2926 1374 2978 1428 id
3019 1390 3147 1428 vero
3178 1389 3282 1428 non
3316 1389 3467 1427 com-

1888 1466 2106 1521 modum
2130 1467 2422 1522 videbatur
2452 1466 2754 1536 liguritioni
2787 1468 3093 1522 daemonum
3145 1468 3234 1536 qui
3271 1481 3468 1534 corpo-

1887 1571 2006 1612 rum
2053 1557 2232 1626 cupidi
2299 1566 2456 1621 sunt,
2507 1571 2809 1628 eorumque
2869 1557 2961 1625 qui
3000 1557 3123 1610 illos
3165 1557 3297 1611 deos
3343 1569 3466 1609 esse

1884 1658 2110 1706 censent
2139 1667 2152 1702 :
2185 1649 2308 1704 ideo
2346 1648 2617 1704 daemones
2647 1649 2739 1718 qui
2792 1649 2843 1702 in
2885 1658 3026 1703 terra
3060 1655 3204 1712 sunt,
3261 1647 3462 1716 quique

1881 1741 1950 1795 ab
2001 1740 2219 1796 illorum
2279 1739 2479 1808 ignaris
2532 1739 2586 1793 in
2635 1739 2767 1793 deos
2811 1737 3144 1804 referuntur,
3184 1747 3239 1792 et
3271 1752 3460 1790 eorum

1818 1822 1859 1876 Β
1885 1834 2125 1890 cultores
2154 1832 2390 1888 voluisse
2421 1833 2734 1903 prohibere,
2769 1847 2841 1887 ne
2866 1832 3114 1886 doctrina
3157 1829 3282 1884 Jesu
3343 1845 3466 1898 per-

1881 1928 2219 1998 vulgaretur.
2267 1925 2534 1980 Videbant
2589 1926 2756 1992 enim,
2817 1923 3276 1979 invalesccntihus
3331 1921 3461 1977 Jesu

1883 2019 2245 2082 documentis,
2281 2017 2540 2072 libamina
2569 2017 2898 2086 nidoresque
2951 2016 3087 2080 tolli,
3128 2015 3328 2082 quibus
3377 2015 3465 2069 in-

1881 2112 2157 2182 gurgitare
2211 2127 2269 2166 se
2320 2112 2592 2166 solebant.
2625 2109 2693 2163 At
2725 2109 2890 2174 Deus,
2931 2109 3023 2179 qui
3067 2109 3211 2188 misit
3253 2107 3462 2176 Jesum,

1881 2202 2158 2272 dissipatis
2196 2202 2501 2257 daemonum
2527 2202 2762 2268 insidiis,
2796 2199 2980 2256 effecit
3021 2209 3079 2254 ut
3112 2201 3316 2270 ubique
3349 2212 3465 2254 ter-

1883 2307 2068 2346 rarum
2108 2293 2174 2347 ad
2232 2293 2636 2348 convertendos
2689 2292 3162 2364 corrigendosque
3208 2292 3461 2346 homines

1878 2381 2232 2450 Evangelium
2265 2381 2394 2436 Jesu
2424 2381 2788 2452 praepolleret,
2826 2392 2880 2437 et
2901 2390 3086 2437 essent
3115 2382 3320 2451 ubique
3351 2381 3456 2437 Ec-

1877 2473 2056 2528 clesia:
2078 2473 2236 2542 longe
2263 2473 2387 2529 aliis
2412 2475 2621 2544 legibus
2647 2483 2811 2528 rectre
2849 2490 2911 2528 ac
2934 2474 3458 2543 superstitiosorum,

1877 2565 2354 2634 iutemperantium
2419 2565 2859 2633 injustorumque
2910 2573 3108 2619 coetus.
3163 2562 3258 2618 His
3314 2565 3459 2618 enim

1876 2655 1992 2710 fere
2015 2666 2144 2710 sunt
2169 2657 2411 2711 moribus
2443 2657 2534 2727 qui
2565 2657 2616 2710 iu
2659 2655 2897 2713 cmtibus
2963 2657 3179 2713 urbium
3231 2657 3456 2723 degunt.

1877 2748 1984 2803 Sed
2009 2747 2265 2803 Ecclesize
2290 2750 2382 2804 Dei
2415 2765 2444 2804 a
2469 2749 2692 2805 Christo
2723 2750 2954 2815 edoctae,
3001 2751 3048 2805 si
3075 2766 3198 2804 cum
3236 2751 3463 2820 populo-

1875 2855 1994 2894 rum
2025 2841 2294 2906 conciliis,
2337 2841 2663 2910 quibuscum
2721 2842 2994 2910 habitant,
3045 2852 3456 2912 comparentur,

1874 2931 1928 2984 in
1969 2934 2172 2986 mundo
2205 2944 2462 3003 tanquam
2491 2934 2696 2988 lumina
2732 2943 2880 2989 sunt.
2910 2936 3113 3005 Ecquis
3161 2935 3306 2990 enim
3349 2951 3456 2990 non

1874 3022 2108 3093 fateatur
2135 3040 2248 3090 eos,
2277 3026 2366 3095 qui
2404 3026 2455 3080 in
2486 3024 2729 3082 Ecclesia
2781 3028 3088 3083 deteriores
3140 3035 3266 3081 sunt
3313 3036 3367 3082 et
3399 3028 3454 3081 in

1875 3117 2160 3172 meliorum
2229 3120 2643 3189 comparatione
2716 3122 2964 3190 pejores,
3043 3119 3456 3190 praestantiores

1871 3225 1994 3265 esse
2023 3210 2208 3266 multis
2231 3226 2419 3266 eorum
2457 3213 2548 3284 qui
2595 3213 2649 3268 in
2691 3215 3050 3284 popularibus
3104 3215 3335 3270 cmtibus
3376 3216 3458 3270 vi-

1873 3303 2042 3358 vuttt?

1940 3479 2028 3536 50.
2058 3479 2234 3551 Atque
2282 3491 2338 3536 ut
2386 3482 2634 3552 exempla
2683 3483 2986 3550 conferam,
3051 3485 3294 3542 Ecclesia
3359 3485 3455 3542 Dei

1869 3587 1990 3642 qua:
2011 3581 2095 3628 est
2124 3574 2372 3638 Athenis,
2407 3584 2691 3628 mansueta
2719 3583 2802 3628 est
2833 3583 2888 3629 et
2916 3585 3198 3643 constans,
3249 3586 3304 3632 ut
3333 3594 3455 3647 qua:

1869 3676 2025 3736 grata
2061 3681 2274 3722 summo
2306 3667 2417 3721 Deo
2456 3675 2514 3722 et
2541 3676 2768 3733 accepta
2809 3682 2933 3722 esse
2981 3670 3164 3725 studet
3199 3687 3214 3729 :
3262 3682 3454 3728 contra

1869 3768 2046 3814 coetus
2074 3759 2491 3814 Atheniensium
2551 3759 2897 3816 turbulentus
2943 3773 3026 3818 est
3073 3778 3176 3817 nec
3229 3763 3334 3817 ulla
3383 3779 3454 3819 ex

1869 3859 2024 3919 parte
2068 3852 2135 3904 ad
2195 3851 2495 3907 Ecclesiam
2549 3853 2791 3922 ejusdem
2858 3856 2965 3911 loci
3021 3859 3451 3927 comparandus,

1869 3941 2012 3998 Idem
2038 3945 2243 3998 dixeris
2279 3945 2345 4000 de
2381 3945 2627 4002 Ecclesia
2691 3949 2784 4003 Dei
2845 3965 2967 4019 qua:
3019 3961 3103 4004 est
3170 3950 3449 4013 Corinthi,

1869 4044 1923 4087 et
1955 4034 2021 4089 de
2042 4034 2452 4091 Corinthiorum
2487 4049 2664 4107 cmtu;
2697 4041 2838 4095 idem
2869 4058 3085 4111 quoque
3112 4043 3178 4098 de
3202 4043 3451 4098 Ecclesia

1869 4125 1961 4180 Dei
1987 4141 2108 4196 qua:
2131 4139 2216 4182 est
2243 4129 2610 4197 Alexandria),
2635 4142 2689 4187 et
2714 4135 2783 4189 de
2801 4135 3298 4189 Alexandrinorum
3323 4151 3454 4188 coa-

1865 4218 2012 4272 cilio.
2045 4220 2111 4274 Et
2145 4221 2188 4275 si
2216 4225 2339 4290 quis
2369 4225 2482 4277 lucc
2503 4225 2736 4278 candido
2769 4227 2952 4279 animo
3007 4227 3240 4280 audierit
3299 4236 3352 4279 et
3395 4227 3447 4280 in

1867 4311 2032 4366 rebus
2074 4312 2488 4369 considerandis
2531 4318 2817 4373 veritatem
2881 4317 3180 4387 quaesierit.
3229 4317 3276 4370 is
3325 4331 3448 4371 eum

1865 4404 2246 4468 admirabitur,
2293 4407 2384 4474 qui
2424 4407 2714 4463 consilium
2765 4412 2909 4480 cepit
2957 4419 3009 4464 et
3061 4412 3324 4480 perﬁcere
3354 4428 3451 4481 po-

175 4497 321 4554 θέντα
347 4503 631 4574 πανταχοῦ
661 4505 1029 4575 συστήσασθαι
1087 4506 1418 4578 Ἐκκλησίας
1459 4507 1554 4560 τοῦ
1601 4505 1761 4573 Θεοῦ,

1876 4499 1974 4552 luit
2016 4507 2071 4552 ut
2097 4497 2356 4552 Ecclesiae
2383 4498 2474 4552 Dei
2521 4504 2724 4571 ubique
2785 4513 2969 4558 essent
3001 4505 3054 4558 in
3091 4503 3318 4573 singulis
3369 4521 3452 4559 ur-

177 4595 534 4664 παροικοῦσας
586 4595 910 4666 ἐκκλησίαις
961 4597 1070 4652 τῶν
1125 4599 1246 4654 καθ’
1314 4600 1554 4672 ἑκάστην
1604 4600 1759 4656 πόλιν

171 4685 536 4754 όήμων.οῦτω
567 4686 626 4739 δὲ
666 4687 762 4740 καὶ
791 4686 983 4760 βουλὴν
1047 4690 1372 4762 Ἐκκλησίας
1412 4690 1539 4744 θεοῦ
1593 4690 1757 4763 βουλῇ

170 4779 230 4846 τῇ
265 4779 387 4832 καθ’
410 4780 654 4850 ἑκάστην
691 4780 842 4832 πόλιν
865 4781 1250 4847 συνεξετάζων,
1285 4783 1468 4854 εῦροις
1515 4784 1580 4838 ἂν
1615 4783 1760 4848 τίνες

173 4869 262 4938 μὲν
281 4871 384 4940 τῆς
417 4872 753 4943 Ἐκκλησίας
781 4871 1065 4942 βουλευταὶ
1093 4875 1202 4946 (41)
1230 4875 1368 4942 ἄξιοί
1403 4879 1560 4939 εἰσιν,
1595 4877 1648 4928 εἴ
1675 4893 1760 4940 τις

235 5050 350 5127 _(_39)
411 5052 696 5127 Ἐνόμζζε.
763 5051 842 5108 lta
898 5055 1055 5114 codd.
1107 5053 1237 5127 Reg.
1296 5062 1353 5110 et
1402 5055 1756 5110 Basileensis.

169 5121 282 5193 Alii
300 5138 451 5181 vq-ro.
477 5123 720 5193 νομίζει.

239 5190 351 5261 (50)
390 5190 824 5264 Ἐπιάτροςρῆς.
864 5195 1029 5250 [lecte
1061 5197 1184 5250 cod.
1223 5195 1357 5264 Reg.
1402 5205 1458 5250 et
1487 5195 1761 5250 Rasilcen-

169 5261 600 5337 sis,‘t_1_tale_4vero
641 5261 1006 5337 libripexcusi,
1052 5261 1436 5337 érrtatjaacpiag.

238 5331 603 5405 (Ηγεῦροις
633 5332 711 5386 ἂν
737 5335 895 5402 τίνες
916 5336 1032 5405 μὲν
1068 5335 1178 5403 τῆς
1212 5331 1575 5404 Ἑλέκλησιάς
1606 5335 1759 5399 βου-

168 5400 390 5479 λευταί.
435 5400 806 5479 βετίὺθιιιιιιιη
855 5400 1088 5479 videtur,
1128 5400 1433 5479 εῦροιςλότι
1472 5400 1616 5470 τινὲς
1660 5406 1758 5477 μὲν

167 5472 268 5548 τῇς
307 5472 968 5548 Ἐκκλησίας-βουλευταί.
1008 5472 1276 5532 Particula
1321 5477 1402 5532 ὅτι
1458 5478 1614 5531 facile
1659 5472 1754 5530 ex-

167 5541 351 5614 Citlerc
379 5541 584 5612 potuit,
636 5541 811 5612 inquit
854 5546 1193 5612 Bolterellus,
1242 5564 1365 5602 cum
1405 5549 1594 5601 ultima
1639 5549 1758 5614 ejus

171 5611 602 5686 syllabaeadem
643 5611 723 5686 sit
753 5631 816 5668 ac
864 5618 1035 5686 prima
1087 5611 1233 5673 vocis
1289 5619 1589 5686 sequentis.
1623 5611 1754 5670 Βου-

165 5678 372 5759 leoni,
409 5687 460 5739 id
492 5697 603 5759 est,
631 5678 892 5759 episcopi,
922 5688 1225 5759 presbyteri
1257 5678 1586 5759 elid'iacoui.
1626 5687 1754 5742 Vide

168 5746 496 5828 gestienteru
531 5746 830 5828 Constitul:
873 5746 964 5828 lib.
1012 5746 1239 5828 It,'cap.
1277 5758 1368 5821 49,
1394 5759 1487 5820 50,
1526 5757 1613 5822 51,
1657 5759 1749 5822 52.

167 5816 261 5885 55,
291 5820 372 5892 δι,
403 5826 494 5892 55,
530 5825 618 5888 56,
650 5823 716 5877 57
757 5844 768 5878 :
818 5847 834 5878 ι
873 5816 1088 5887 Judicia
1155 5816 1515 5886 v'cstt'avliatit
1565 5816 1615 5883 ἱιι
1664 5816 1748 5885 sei

1868 4590 2026 4645 bibus
2053 4592 2376 4661 populorum
2425 4596 2662 4650 cmtihus
2717 4595 3126 4673 immistm..Sic
3171 4605 3352 4650 autem
3395 4608 3450 4653 et

1868 4685 2079 4740 curiam
2115 4685 2375 4742 Ecclesia:
2399 4685 2492 4742 Dei
2526 4704 2647 4742 cum
2674 4688 2825 4742 curia
2855 4689 3193 4760 singularum
3234 4691 3449 4746 urbium

1871 4777 2176 4844 conferens,
2231 4779 2475 4835 invenias
2533 4781 2797 4850 quosdam
2853 4782 3109 4837 Ecclesiae
3141 4794 3450 4851 senatores,

1868 4869 2057 4939 dignos
2089 4869 2178 4937 qui
2217 4867 2307 4924 Dei
2333 4869 2688 4925 moderentur
2744 4871 3044 4937 civitatem,
3099 4874 3144 4929 si
3195 4889 3301 4945 qua
3351 4877 3450 4932 bu-

1872 5050 2050 5124 cunda
2079 5051 2468 5124 Sabbatorum,
2509 5063 2587 5119 ut,
2614 5053 2658 5108 si
2692 5070 2798 5124 qua
2829 5063 3198 5112 controversia
3230 5074 3295 5112 ex
3325 5073 3454 5113 sen-

1877 5120 2042 5192 tentia
2079 5131 2261 5192 yestra
2289 5123 2520 5188 oriatur,
2552 5120 2723 5192 usque
2754 5129 2818 5180 ad
2855 5128 3150 5182 Sahbatum
3187 5130 3354 5184 libera
3379 5133 3454 5188 sit

1871 5191 2026 5244 vobis
2069 5189 2325 5254 facultas,
2384 5209 2490 5262 qua
2548 5189 2766 5262 possitis
2813 5197 2958 5250 illam
3013 5200 3448 5258 controversiam

1869 5274 2221 5338 componere.
2256 5276 2312 5316 et
2337 5277 2524 5338 pacein
2552 5266 2850 5338 conciliare
2892 5268 3034 5322 inter
3058 5286 3151 5322 eos
3206 5271 3296 5338 qui
3335 5271 3447 5326 liti-

1866 5339 2014 5409 gant.
2048 5331 2248 5409 Adsint
2281 5343 2464 5409 autem
2493 5335 2698 5409 judicio
2739 5339 2975 5400 diaconi,
3017 5350 3069 5394 et
3113 5331 3440 5408 presbyteri,

1866 5401 2076 5480 integre
2105 5401 2433 5468 judicaturi,
2471 5401 2634 5458 veluti
2676 5406 2765 5460 Dei
2807 5410 3078 5470 homines.
3113 5401 3442 5480 'cumjusti;

1866 5472 1967 5550 tia._
1997 5472 2134 5550 Cum
2161 5484 2392 5550 utraque
2431 5489 2660 5540 persona
2693 5481 2920 5545 venerit,
2947 5493 3107 5547 prout
3136 5481 3216 5534 lex
3246 5472 3434 5550 jubet,

1861 5542 2387 5621 atuboquilitigant
2439 5556 2753 5621 statuantur
2812 5551 2865 5603 iu
2908 5542 3102 5606 'tnedio
3156 5542 3430 5621 tribunali,

1862 5611 2035 5692 iisque
2069 5611 2298 5678 auditis,
2350 5626 2539 5692 sancte
2587 5616 2850 5692 judicium
2884 5625 3251 5692 pronuntiato,
3308 5611 3428 5676 stu;

1857 5682 2047 5735 dentes
2079 5693 2210 5737 ante
2235 5686 2564 5739 sententiam
2591 5682 2838 5759 episcopi
2884 5682 2988 5746 'eos
3037 5682 3426 5759 reconciliare;

1855 5767 1920 5802 ne
1952 5762 2113 5830 exeat
2162 5768 2324 5830 supra
2355 5764 2579 5830 Διειιυιιιιι
2625 5759 2888 5824 judicium
2944 5763 2994 5815 in
3041 5772 3422 5830 pecv-atorem,

1852 5831 2010 5890 prout
2041 5824 2094 5878 iu
2131 5825 2388 5882 tribunali
2421 5837 2728 5885 consortem
2779 5824 3210 5904 participe-mque
3240 5824 3424 5888 cantate
