3902 6414
437 292 543 349 959

432 409 666 473 jusmodi
709 421 852 468 esset
902 413 954 467 in
1006 415 1106 471 hac
1166 429 1344 470 rerum
1418 415 1772 470 universitate
1823 435 1834 469 :

435 504 747 555 eeontrario
779 503 867 572 qui
900 513 1200 559 cernuntur
1229 505 1428 575 passim
1457 515 1768 568 senatores,
1816 520 2008 559 eorum

441 610 622 653 mores
680 599 811 652 nihil
866 615 975 669 pra:
1023 616 1082 655 se
1141 600 1319 655 {erant
1373 602 1594 672 dignum
1657 602 1857 655 tributa
1905 602 2012 656 illis

438 687 701 758 dignitate
728 706 832 758 qua
870 692 1125 746 videntur
1157 708 1269 762 prze
1303 693 1515 749 civibus
1530 695 1797 754 eminere.
1829 696 2011 764 Atque

438 778 483 832 si
519 781 705 836 eodem
742 785 901 838 modo
942 785 1201 841 Ecclesiae
1236 788 1542 843 antistitem
1595 802 1720 842 cum
1769 789 2014 857 singula-

436 886 556 924 rum
591 874 801 929 urbium
862 878 1187 948 praesidibus
1225 881 1655 951 comparaveris,
1715 880 2010 949 intelliges,

437 961 582 1016 inter
615 976 898 1022 senatores
924 978 978 1024 et
1010 972 1385 1026 moderatores
1413 971 1578 1042 467
1609 970 1867 1026 Ecclesia:
1892 971 2011 1035 Dei,

434 1058 601 1111 etiam
631 1073 745 1124 eos,
777 1061 869 1129 qui
915 1076 945 1114 a
1008 1064 1225 1119 caeteris
1272 1072 1603 1132 superantur
1658 1072 1708 1119 et
1759 1066 1901 1134 apud
1932 1064 2014 1118 of-

433 1143 679 1202 ﬁciorum
730 1151 1169 1207 observantiores
1219 1154 1407 1210 haberi
1452 1165 1683 1224 possunt
1729 1155 2011 1221 desidiosi,

434 1235 488 1288 in
540 1241 919 1307 progressione
970 1243 1039 1296 ad
1082 1242 1315 1298 virtutes
1358 1244 1676 1313 praaeellere
1709 1246 1795 1308 iis,
1822 1248 1918 1315 qui
1954 1248 2008 1301 in

433 1330 659 1385 urbibus
690 1343 1002 1389 senatorum
1038 1346 1090 1390 et
1119 1337 1408 1406 prmsidum
1451 1336 1807 1407 dignitatibus
1871 1357 2011 1409 prsc-

432 1419 665 1490 fulgent.

501 1511 592 1567 51.
629 1512 760 1579 Quae
785 1530 908 1570 cum
943 1516 1017 1571 ita
1048 1532 1110 1571 se
1157 1518 1413 1580 habeant,
1462 1532 1646 1572 annon
1683 1533 1893 1588 aequum
1928 1530 2012 1575 est

433 1601 488 1656 in
523 1601 671 1669 Jesu,
706 1606 797 1675 qui
833 1609 948 1662 hzec
984 1617 1131 1662 tanta
1159 1612 1497 1667 constituere
1526 1612 1724 1680 potuit,
1758 1627 1862 1666 non
1901 1611 2013 1664 vul-

1883 293 2208 353 ORlGENlS

1886 429 2009 467 eum
2040 417 2091 473 Α
2117 410 2260 463 ἐστὶν
2290 412 2348 462 ὲν
2378 408 2457 480 τῷ
2490 408 2650 462 παντὶ
2683 408 2833 471 πόλις
2892 404 2987 460 τοῦ
3030 406 3189 470 Θεοῦ,
3225 407 3285 459 ὲν
3315 406 3509 478 ἐκείνῃ
3559 410 3705 461 πολι-

3603 292 3703 347 960

2116 498 2387 563 τεύεσθαι,
2412 500 2461 553 οί
2487 499 2544 553 δὲ
2573 497 2846 575 πανταχοῦ
2879 497 3157 569 βουλευταὶ
3200 496 3357 550 οὐδὲν
3415 496 3569 561 ἄξιον
3609 499 3705 568 τῆς

2116 594 2180 645 ὲκ
2209 590 2553 657 κατατάξεως
2582 590 2878 663 ὑπεροχῆς,
2904 591 2970 660 ἢν
2999 588 3291 661 ὑπερέχειν
3342 588 3566 642 δοκοῦσι
3598 591 3706 644 τῶν

2116 684 2366 748 πολιτῶν,
2401 684 2657 754 φέρουσιν
2693 684 2750 735 ὲν
2788 685 2901 746 τοῖς
2941 681 3147 734 ἑαυτῶν
3192 680 3410 751 ήθεσιν.
3456 680 3616 734 Οῦτω
3652 682 3703 736 δὲ

2116 776 2211 828 καὶ
2253 776 2488 847 ἄρχοντα
2552 773 2875 844 Ἐκκλησίας
2930 771 3169 843 ἑκάστης
3229 772 3447 836 πόλεως
3488 773 3706 843 ἄρχοντι

2114 867 2221 920 τῶν
2251 867 2309 918 ὲν
2340 868 2405 937 τῇ
2438 866 2588 919 πόλει
2617 865 2955 937 συγκριτέον,
2985 864 3072 918 ἵνα
3102 865 3478 936 κατανοήσῃς,
3503 866 3585 918 ὅτι
3618 866 3703 918 καὶ

2116 959 2207 1012 ἐπὶ
2247 957 2355 1011 τῶν
2406 958 2606 1030 σφόδρα
2665 959 3194 1030 ἀποτυγχανομένων
3251 959 3562 1030 βουλευτῶν
3613 959 3703 1011 καὶ

2116 1048 2387 1120 ἀρχόντων
2447 1049 2769 1120 Ἐκκλησίας
2808 1049 2978 1115 Θεοῦ,
3029 1052 3123 1104 καὶ
3174 1052 3558 1123 ῥᾳθυμότερον
3596 1049 3701 1119 (42)

2116 1140 2266 1212 παρὰ
2292 1143 2419 1205 τοὺς
2448 1141 2826 1214 εὐτονωτέρως
2867 1142 3135 1213 βιοῦντας,
3166 1144 3320 1197 οὐδὲν
3363 1140 3530 1216 ἧττόν
3559 1145 3702 1197 ἐστιν

2115 1233 2291 1304 εὑρεῖν
2312 1233 2388 1297 ὡς
2417 1234 2619 1287 ἐπίπαν
2649 1234 2942 1307 ὑπεροχὴν,
2973 1236 3071 1306 τὴν
3103 1236 3160 1288 ὲν
3188 1239 3255 1307 τῇ
3294 1237 3390 1289 ἐπὶ
3431 1236 3533 1299 τὰς
3575 1236 3701 1307 ἀρε-

2114 1325 2213 1389 τὰς
2251 1328 2525 1397 προκοπῇ,
2572 1326 2724 1397 παρὰ
2754 1326 2821 1380 τὰ
2848 1326 2951 1397 ἢθη
2982 1328 3090 1380 τῶν
3122 1328 3180 1381 ἐν
3208 1329 3332 1391 ταῖς
3359 1328 3552 1381 πόλεσι
3580 1328 3699 1397 βου-

2114 1415 2320 1469 λευτῶν
2346 1416 2459 1487 (45)
2491 1418 2584 1471 καὶ
2605 1418 2899 1488 ἀρχόντων.

2186 1507 2248 1558 Et
2288 1507 2345 1560 δὲ
2377 1506 2530 1559 ταῦθ’
2563 1506 2738 1571 οὕτως
2780 1508 2912 1578 ἔχει,
2946 1508 3061 1571 πῶς
3088 1509 3189 1562 οὐκ
3220 1507 3449 1578 εὔλογον
3490 1511 3591 1580 μὲν
3621 1528 3700 1564 vo-

2118 1598 2295 1669 μίζειν
2328 1599 2457 1669 περὶ
2489 1598 2582 1651 τοῦ
2640 1599 2841 1669 Ἰησοῦ,
2890 1600 3126 1654 τοσαῦτα
3167 1603 3437 1672 συστῆσαι
3486 1602 3698 1674 δεδυνη-

433 1710 617 1761 garem
641 1711 937 1765 agnoscere
958 1702 1299 1759 divinitatem
1322 1725 1336 1772 ;
1369 1723 1473 1762 non
1496 1716 1678 1761 autem
1710 1706 1762 1760 in
1789 1705 2005 1759 Aristea

2126 1690 2299 1760 μένου,
2334 1691 2416 1743 ὃτι
2454 1691 2553 1761 οὐχ
2576 1693 2611 1761 ἡ
2642 1691 2882 1762 τυχοῦσα
2912 1692 3125 1764 θειότης
3161 1689 3231 1765 ἧν
3262 1695 3322 1745 ὲν
3364 1693 3519 1764 αὐτῷ
3539 1713 3552 1725 ο
3583 1696 3702 1747 οὐκ·

434 1786 819 1853 l'roconnesio,
858 1793 1072 1847 tametsi
1110 1794 1261 1849 illum
1309 1797 1500 1866 Apollo
1553 1797 1695 1851 inter
1740 1798 1867 1852 deos
1923 1813 2011 1852 re-

2126 1782 2197 1834 ἑτι
2251 1781 2309 1834 δὲ
2359 1781 2483 1835 οὔτε
2536 1785 2594 1836 έν
2646 1784 2725 1854 τῷ
2772 1783 3152 1855 Προκοννησίῳ
3214 1785 3495 1857 Ἀριστέᾳ,
3533 1785 3634 1839 κᾶν
3675 1790 3699 1840 ὀ

432 1881 645 1934 censeri
688 1881 938 1951 jusserit,
974 1900 1151 1954 neque
1186 1887 1239 1941 in
1286 1891 1365 1944 eis
1397 1904 1532 1957 quos
1567 1899 1850 1943 enumerat
1882 1890 2005 1944 Cel-

432 1983 553 2034 sus,
587 1985 710 2025 cum
746 1974 859 2026 ait:
902 1992 921 2024 ι
962 1976 1166 2031 Abarin
1204 1977 1605 2049 Hyperboreum
1656 1995 1815 2035 nemo
1849 1982 2007 2034 deum

431 2073 557 2113 esse
585 2059 814 2133 judicat,
851 2062 1002 2131 cujus
1039 2076 1216 2119 tamen
1249 2083 1312 2123 ea
1341 2070 1440 2123 fuit
1474 2080 1736 2139 potestas,
1766 2080 1825 2124 ut
1846 2086 2008 2125 cursu

432 2149 599 2204 telum
640 2156 1062 2222 assequerctur?
1110 2176 1129 2209 ι
1185 2157 1468 2225 Quodnam
1504 2162 1646 2215 enim
1701 2161 2008 2218 divinitatis

431 2244 722 2299 consilium
775 2248 895 2311 fuit,
926 2264 1048 2303 eum
1086 2252 1309 2306 Abaridi
1360 2252 1708 2323 Hyperboreo
1746 2256 1914 2320 dedit,
1953 2265 2014 2310 ut

432 2335 718 2392 celeritate
749 2338 913 2393 telum
948 2343 1228 2410 aequaret?
1260 2343 1334 2397 Ex
1366 2354 1514 2399 tanto
1559 2346 1632 2399 illi
1663 2346 1865 2402 collato
1898 2363 2013 2400 inu-

433 2442 566 2484 nere
596 2430 726 2499 quid
780 2432 1032 2488 utilitatis
1071 2436 1369 2490 rediturum
1425 2447 1544 2491 erat
1596 2438 1661 2491 ad
1714 2438 2010 2492 humanum

434 2522 649 2585 genus?
682 2521 822 2590 Quid
850 2524 925 2579 illi
962 2526 1166 2596 profuit
1203 2527 1316 2583 hac
1342 2545 1438 2597 par
1471 2529 1575 2582 telo
1610 2529 1912 2585 velocitas?
1944 2528 2015 2584 Ut

430 2613 553 2667 dem
581 2615 694 2670 haec
725 2620 983 2687 ﬁgmenta
1018 2636 1123 2674 non
1163 2635 1304 2685 esse,
1331 2622 1482 2688 sed.a
1517 2624 1749 2692 quodam
1782 2622 2013 2678 numine

433 2701 601 2758 fuisse
630 2707 899 2775 profecta.
949 2709 1018 2763 At
1060 2724 1189 2765 vero
1218 2710 1377 2766 Jesus
1403 2712 1448 2765 si
1483 2712 1698 2767 dicatur
1742 2730 1761 2765 ι
1798 2714 1852 2767 in
1898 2714 2015 2783 glo-

431 2792 513 2847 ria
548 2807 859 2866 assumptus
894 2799 962 2866 ⁸³,
1010 2818 1031 2852 ι
1084 2801 1249 2856 video
1298 2802 1455 2871 hujus
1511 2804 1589 2859 rei
1634 2820 1880 2860 causam.
1918 2804 2012 2859 Sic

433 2901 628 2956 nempe
664 2887 826 2953 Deus,
862 2907 970 2961 quo
1018 2904 1212 2963 agente
1267 2894 1319 2947 id
1357 2896 1581 2962 accidit,
1632 2898 2012 2966 spectantibus

432 2979 722 3035 doctorem
754 2984 1080 3052 assignavit,
1118 2994 1174 3037 ut
1214 3000 1318 3039 non
1359 2985 1721 3040 humanarqu
1767 2988 2011 3058 discipli-

2123 1873 2394 1927 Ἀπόλλων
2424 1875 2586 1928 αὑτὸν
2607 1874 2863 1945 βούληται
2894 1877 2950 1928 ὲν
2980 1874 3117 1929 θεῶν
3152 1877 3319 1947 μοίρᾳ
3352 1877 3561 1948 νέμειν,
3591 1878 3697 1931 οὔτ’

2109 1966 2166 2018 ἐν
2210 1961 2290 2028 οἷς
2334 1965 2709 2043 ἐξαριθμεῖται
2747 1970 2775 2021 ὁ
2811 1967 3038 2033 Κέλσος,
3080 1967 3289 2036 λέγων·
3330 1971 3415 2024 ὃτι
3463 1990 3483 2023 ι
3522 1972 3699 2036 Οὐδεὶς

2109 2057 2317 2128 νομίζει
2364 2058 2485 2110 θεὸν
2522 2059 2754 2132 Ἀὁαριν
2785 2061 2876 2114 τὸν
2927 2062 3338 2135 ’Υπερϐόρειον,
3369 2065 3430 2127 ὃς
3477 2064 3696 2135 δύναμιν

2109 2146 2222 2219 εἶχε
2251 2149 2494 2220 τοσήνδε,
2525 2149 2668 2204 ὥστε
2701 2152 2866 2223 ὀϊστῷ
2921 2153 3063 2224 βέλει
3094 2155 3205 2225 (44)
3238 2155 3618 2227 συμφέρεσθαι
3640 2173 3653 2221 ;
3676 2176 3692 2208 ι

2111 2243 2175 2295 Τί
2202 2242 2310 2314 γὰρ
2345 2243 2640 2316 βουλομένη
2685 2249 2717 2317 ή
2759 2250 3098 2322 χαρισαμένη
3133 2250 3347 2323 θειότης
3383 2249 3465 2321 τῷ
3507 2251 3693 2321 ’Υπερ-

2110 2333 2308 2405 ϐορείῳ
2352 2336 2594 2407 Ἀϐάριδι
2626 2339 2789 2409 ὀϊστῷ
2834 2341 3229 2413 συμφέρεσθαι,
3273 2344 3336 2396 τὸ
3383 2342 3695 2413 τηλικοῦτον

2110 2425 2262 2495 αὐτῷ
2300 2426 2579 2496 ἐδωρεῖτο,
2615 2430 2702 2482 ἵνα
2734 2447 2785 2482 τι
2816 2430 2931 2502 (45)
2962 2432 3217 2504 ὠφεληθῇ
3260 2434 3322 2486 τὸ
3348 2434 3460 2487 τῶν
3500 2433 3701 2505 ἀνθρὼ-

2113 2532 2231 2569 πων
2259 2517 2449 2585 γένος;
2498 2519 2530 2589 ἢ
2578 2521 2741 2584 αὐτὸς
2766 2522 2975 2587 ἐκεῖνος
3003 2525 3055 2577 τί
3085 2523 3262 2578 ὦνατο
3292 2525 3465 2595 ὀϊστῷ
3500 2525 3695 2595 συμφέ-

2116 2607 2339 2678 ρεσθαι;
2372 2610 2460 2662 ϊνα
2510 2611 2608 2666 καὶ
2653 2615 2977 2685 συγχωρηθῇ
3030 2615 3203 2669 ταῦτα
3253 2616 3525 2687 μηδαμῶς
3572 2612 3695 2669 εἶναι

2114 2699 2428 2770 πλάσματα,
2474 2701 2612 2754 ἀλλὰ
2640 2704 2782 2757 κατά
2804 2722 2928 2759 τινα
2959 2707 3236 2777 δαιμονίου
3283 2708 3578 2779 συνεργίαν
3606 2724 3691 2776 γε-

2114 2791 2349 2860 γονέναι.
2397 2792 2522 2846 Ἐὰν
2555 2792 2612 2845 δὲ
2642 2794 2671 2845 ὁ
2702 2794 2832 2866 ἐμὸς
2886 2797 3619 2870 Ἰησοῦςιὰναλαμὸἀνεσθαι
3644 2802 3695 2849 ἐν

2112 2888 2237 2960 δόξῃ
2260 2884 2530 2956 ιλέγηται,
2545 2882 2657 2954 ὁρῶ
2669 2881 2765 2953 τὴν
2788 2887 3118 2959 οίκονομίαν,
3142 2891 3223 2943 ὅτι
3252 2894 3367 2954 τοῖς
3398 2890 3695 2962 θεωρήσασι

2116 2976 2336 3047 συνίστη
2367 2976 2458 3029 τὸν
2504 2976 2822 3031 διδάσκαλον
2867 2981 2896 3032 ὁ
2939 2980 3081 3033 τοῦτ’
3123 2980 3233 3052 (46)
3278 2984 3587 3054 ἐνεργήσας
3612 2998 3693 3049 γε·

435 3082 654 3134 narum,
689 3073 785 3126 sed
830 3073 1092 3127 doctrinae
1139 3074 1334 3129 divina:
1379 3091 1544 3131 causa
1595 3088 1869 3134 certantes
1917 3095 2014 3151 pro

2126 3068 2302 3122 νέσθαι
2328 3065 2460 3132 Θεός
2486 3086 2499 3098 ·
2540 3069 2607 3122 ἵν’
2645 3070 2722 3132 ὠς
2767 3070 2865 3139 οὐχ
2898 3071 3037 3142 ὑπὲρ
3068 3072 3427 3143 ἀνθρωπίνων
3456 3073 3695 3144 μαθημά-

435 3159 663 3224 viribus.
696 3178 911 3217 summo
940 3179 998 3218 se
1035 3164 1143 3219 Deo
1173 3166 1476 3223 devoveant
1506 3178 1559 3222 et
1590 3183 1649 3222 se
1676 3170 1728 3224 in
1759 3170 2015 3226 omnibus

438 3252 505 3305 ad
554 3251 670 3319 ejus
707 3254 1044 3309 voluntatem
1081 3261 1528 3325 accommodent;
1581 3261 1816 3315 donandi
1870 3276 2015 3317 mer-

437 3345 569 3397 cede
600 3356 690 3399 aut
718 3362 906 3415 paenae
931 3348 1113 3402 daturi
1145 3364 1244 3418 pro
1277 3351 1487 3405 meritis
1521 3362 1649 3407 ante
1696 3351 1792 3406 Dei
1843 3355 2015 3409 tribu-

438 3436 549 3498 nal.
578 3450 737 3507 prout
764 3440 815 3493 in
846 3440 949 3496 hac
974 3442 1084 3496 vita
1128 3442 1266 3498 bene
1299 3443 1383 3498 vel
1419 3443 1559 3499 male
1586 3443 1839 3502 fecerint.

510 3613 603 3669 32.
652 3613 900 3672 Posthmc
955 3618 1026 3673 de
1075 3619 1166 3674 illo
1227 3620 1579 3676 Clazomenio
1636 3622 1914 3691 loquitur,
1962 3634 2018 3680 et

439 3708 671 3764 adducta
702 3710 817 3778 ejus
851 3712 1103 3777 historia,
1152 3714 1232 3768 sic
1284 3712 1509 3783 pergit:
1555 3734 1575 3767 ι
1635 3717 1823 3774 Nonne
1870 3721 2019 3774 aiunt

441 3800 589 3855 illius
640 3802 881 3856 animam
934 3805 1154 3873 saepius,
1192 3792 1384 3860 relicto
1431 3822 1683 3877 corpore,
1716 3810 2021 3865 circumva-

438 3900 623 3962 gatam
658 3890 826 3947 fuisse
852 3893 972 3948 sine
1005 3894 1277 3962 corpore?
1308 3910 1408 3949 nee
1437 3896 1588 3950 illum
1632 3906 1813 3952 tamen
1844 3898 2022 3953 homi-

443 3998 540 4037 nes
592 3984 645 4038 in
699 3986 927 4039 deorum
962 4000 1190 4041 numero
1245 3988 1576 4042 habuerunt.
1617 4009 1636 4040 ι
1698 3987 2020 4059 Respondee

444 4076 677 4131 fortasse
712 4077 884 4131 malos
907 4077 1182 4132 daemones
1210 4078 1312 4131 ista
1349 4095 1573 4136 curasse
1600 4082 1860 4150 perscribi
1898 4084 2022 4151 (nec

440 4168 588 4223 enim
623 4168 862 4223 arbitror
892 4184 1113 4223 curasse
1170 4171 1334 4239 fieri),
1370 4180 1426 4223 ut
1458 4187 1579 4241 qua:
1610 4173 1676 4227 de
1726 4171 1855 4227 Jesu
1886 4190 2023 4244 prae-

442 4257 587 4312 dicta
637 4257 859 4313 fuerunt
910 4270 963 4314 et
1000 4264 1068 4313 ab
1104 4261 1197 4315 illo
1232 4263 1376 4316 dicta
1412 4270 1558 4329 sunt,
1610 4273 1703 4318 aut
1731 4267 1881 4320 velut
1925 4266 2022 4335 tig-

442 4356 625 4402 menta
655 4348 852 4403 similia
899 4349 1006 4404 illis
1048 4351 1491 4419 cxploderentur,
1528 4364 1624 4408 aut
1657 4356 1813 4423 quasi
1848 4356 2018 4411 nihilo

2117 3176 2249 3223 των,
2282 3159 2417 3213 ἀλλά
2451 3159 2600 3224 θείας
2630 3161 2996 3225 διδασκαλίας,
3032 3161 3444 3235 ἀγωνιζόμενοι,
3489 3165 3588 3235 ὅση
3616 3163 3693 3216 δύ-

2119 3268 2301 3321 ναμις,
2353 3252 2577 3314 ἑαυτοὺς
2633 3250 2874 3305 ἀναθῶσι
2928 3253 3006 3323 τῷ
3050 3252 3143 3305 ἐπὶ
3205 3256 3341 3307 πᾶσι
3403 3254 3556 3325 Θεῷ,
3609 3254 3718 3330 καὶ,

2119 3341 2297 3394 πάντα
2329 3343 2638 3414 πράττωσιν
2664 3346 2802 3415 ὑπὲρ
2836 3345 2935 3414 τῆς
2960 3344 3094 3415 πρὸς
3120 3346 3329 3397 ἐκεῖνον
3373 3346 3657 3415 ἀρεσκείας
3676 3359 3689 3373 ·

2119 3432 2195 3496 ὡς
2249 3433 2650 3505 ἀποληψόμενοι.
2705 3437 2826 3488 κατ’
2877 3435 3035 3499 ἀξίαν
3086 3436 3143 3486 ὲν
3191 3434 3324 3505 θείῳ
3375 3434 3691 3506 δικαστηρίῳ

2119 3524 2263 3595 ἅπερ
2290 3526 2348 3576 ἐν
2378 3525 2455 3595 τῷ
2487 3524 2587 3596 βίῳ
2616 3523 2793 3595 τούτῳ
2816 3520 2874 3578 εὖ
2904 3524 2936 3595 ἢ
2973 3522 3159 3585 κακῶς
3194 3523 3577 3593 πεποιήκασιν.

2204 3619 2356 3671 Ἐπεὶ
2385 3618 2441 3672 δὲ
2488 3619 2624 3689 μετὰ
2649 3618 2821 3671 ταῦτα
2872 3618 2967 3673 κα).
3011 3618 3141 3688 περὶ
3189 3616 3286 3670 τοῦ
3333 3614 3691 3685 Κλαζομενίου

2121 3710 2233 3780 (47)
2265 3713 2294 3765 ὁ
2342 3711 2548 3773 Κέλσος
2602 3705 2743 3775 εἷπε,
2792 3709 3049 3781 προσθεὶς
3102 3711 3198 3761 ἐπὶ
3232 3708 3333 3778 τῆς
3375 3708 3494 3761 κατ’
3547 3705 3694 3758 αὑτὸν

2123 3804 2393 3874 ίστορίας⁶
2436 3821 2455 3855 ι
2495 3801 2629 3857 Μῶν
2680 3801 2740 3854 οὐ
2788 3801 2944 3854 τοῦτό
2983 3818 3169 3871 φασιν,
3215 3802 3292 3866 ὡς
3332 3803 3440 3874 ἄρα
3483 3802 3515 3871 ή
3559 3799 3693 3869 ψυχὴ

2122 3896 2288 3950 αὑτοῦ
2346 3895 2609 3959 πολλάκις
2666 3892 3011 3948 ἀπολιποῦσα
3063 3894 3125 3946 τὸ
3180 3893 3339 3964 σῶμα
3396 3890 3693 3963 περιεπόλει

2121 3988 2444 4059 ἁσώματος;
2475 3987 2567 4040 κα)⁸
2595 3987 2715 4040 οὐδὲ
2753 3984 2941 4039 τοῦτον
2970 3986 3227 4055 ἐνόμισαν
3246 3985 3380 4038 Θεὸν
3412 3987 3460 4037 ot
3492 3983 3691 4052 ἄνθρω-

2122 4099 2237 4137 ποι.
2290 4102 2308 4133 ι
2348 4082 2457 4133 Καὶ
2509 4080 2647 4152 πρὸς
2680 4078 2837 4133 τοῦτο
2872 4081 3140 4151 φήσομεν,
3176 4080 3257 4131 ὅτι
3292 4079 3431 4148 τάχα
3484 4075 3692 4146 πονηροί

2121 4191 2267 4237 τινες
2314 4173 2563 4243 δαίμονες
2591 4171 2815 4225 τοιαῦτα
2838 4172 3197 4242 ῷκονόμησαν
3219 4169 3590 4241 ἀναγραφῆναι
3613 4167 3687 4237 (οῦ

2124 4264 2233 4336 γὰρ
2260 4265 2520 4326 πιστεύω,
2554 4265 2635 4317 ὅτι
2665 4264 2763 4317 καί⁵
2804 4262 3056 4331 γενέσθαι
3089 4262 3485 4333 ᾡκονόμησαν),
3519 4260 3598 4312 ῖνα
3629 4257 3691 4310 τὰ

2127 4356 2569 4429 προφητευθέντα
2589 4357 2716 4427 περ).
2744 4355 2839 4407 τοῦ
2872 4352 3065 4421 Ἰησοῦ,
3100 4355 3195 4407 καὶ
3226 4354 3296 4406 τὰ
3330 4352 3571 4423 λεχθέντα
3604 4349 3689 4401 ὑπ’

442 4439 646 4510 majora
673 4442 1020 4498 admirationi
1056 4460 1162 4499 non
1198 4456 1398 4501 essent.
1448 4449 1519 4503 At
1566 4462 1718 4503 meus
1760 4446 1920 4503 Jesus
1952 4452 2014 4503 de

2126 4450 2313 4513 αὑτοῦ,
2341 4450 2459 4520 ἤτοι
2482 4447 2558 4512 ὡς
2578 4447 2875 4517 πλάσματα
2896 4447 3055 4517 ὃμοια
3076 4446 3308 4509 ἐκείνοις
3336 4443 3688 4535 διαϐάλλητα-ι,

443 4546 540 4586 sua
577 4532 745 4603 ipsius
778 4536 979 4602 anima,
1015 4552 1135 4606 qua:
1179 4554 1283 4592 non
1338 4540 1579 4595 humano
1614 4539 1726 4594 fato
1759 4549 2012 4609 separata

2126 4544 2158 4613 ἢ
2187 4542 2263 4606 ὡς
2290 4542 2443 4595 οὐδὲν
2475 4540 2660 4593 πλεῖον
2690 4537 2896 4609 ἑτέρων
2941 4536 3152 4607 ἔχοντα,
3207 4538 3281 4608 μὴ
3328 4536 3463 4589 πάνυ
3494 4530 3691 4601 θαυμάο

441 4635 527 4678 est
562 4640 592 4679 a
646 4640 893 4695 corpore.
929 4631 1026 4685 sed
1072 4630 1194 4685 data
1249 4631 1321 4685 illi
1359 4632 1523 4686 etiam
1563 4634 1665 4686 hae
1707 4632 1774 4688 de
1807 4648 1865 4687 re
1914 4632 2018 4685 tui-

444 4716 610 4770 randa
665 4727 931 4786 potestate
968 4745 979 4777 :
1016 4739 1034 4773 ι
1076 4721 1279 4788 Nemo,
1332 4724 1531 4795 inquit,
1582 4724 1724 4780 tollit
1777 4740 2014 4780 annnam

540 4903 585 4934 ⁸³
624 4904 640 4957 l
672 4904 812 4957 Tim.
844 4921 927 4973 ιιι,
954 4907 1041 4962 16.

448 5131 613 5209 habet
639 5130 918 5209 Christum
960 5133 1051 5209 Dei
1098 5133 1316 5209 Filium.
1369 5156 1388 5188 ι
1437 5137 1575 5192 Vide
1625 5136 2017 5209 Augustinum,

444 5202 527 5255 De
552 5204 790 5266 operibus
827 5204 1225 5258 monachorum.
1259 5207 1526 5263 Spencsn.

521 5270 632 5340 (42)
675 5273 1122 5351 ξξᾳθυίιότεροῇ.
1172 5275 1372 5351 Mavult
1406 5277 1741 5351 Boherellus,
1784 5279 2025 5351 ῥᾳθυμο-

2125 4633 2306 4705 ζηται.
2352 4633 2546 4701 Ἔλεγε
2589 4632 2646 4685 δὲ
2688 4634 2717 4684 ὁ
2747 4629 2879 4700 ἐμὸς
2926 4628 3136 4701 Ἰησοῦς
3184 4630 3316 4700 περὶ
3363 4629 3458 4697 τῆς
3509 4621 3687 4678 ἑαυτοῦ

2122 4725 2302 4796 ψυχῆς
2343 4725 2425 4797 (οὐ
2462 4723 2604 4779 κατὰ
2628 4724 2690 4777 τὸ
2736 4722 3079 4793 ἀνθρώπινον
3128 4722 3307 4794 χρεὼν
3337 4717 3688 4794 χωριζομένης

2125 5133 2232 5189 Lil.
2265 5134 2559 5206 Gyraldus,
2595 5133 2699 5206 lib.
2736 5149 2805 5188 ιιι
2830 5131 2905 5206 [λε
2935 5140 3118 5206 paen;
3156 5126 3309 5182 Suid.
3356 5126 3406 5206 in
3446 5121 3688 5206 :AGaprg,

2128 5194 2376 5276 Apollo'n.
2413 5194 2652 5276 Dyseol..
2685 5220 2808 5271 cap.
2856 5202 2889 5256 tt
2926 5194 3069 5252 Hist.
3127 5205 3405 5276 comment.
3444 5194 3687 5276 Syenen.

2200 5276 2312 5347 (45)
2365 5263 2689 5345 Ἐδὶορεῒτο,
2730 5263 2834 5347 ira
2885 5288 2961 5335 τι,
2991 5268 3330 5347 οιεκϐιιϊειο
3360 5263 3687 5347 scribendum

448 5328 642 5421 τέρων.
674 5328 796 5421 Mox
820 5328 1172 5421 IIGBSC'IIGHUS
1192 5328 1278 5415 Vin
1299 5328 1389 5402 te):
1399 5328 2014 5421 ἴυζέῑτειβᾶῖέοεξξὲὺᾯξμ

2130 5328 2743 5421 νίιῖεῖιιιδλδωρεῖτοιῆ
2777 5345 2866 5397 ἵνα
2896 5328 2959 5394 τί
2994 5337 3246 5408 ὠφεληθῇ
3277 5338 3337 5390 τὸ
3367 5335 3471 5389 τῶν
3498 5328 3691 5400 ἀνθρώ-

452 5409 702 5481 νωτέρως
734 5412 997 5481 βιοῦντας.

525 5480 635 5560 (όᾷ)
673 5482 1335 5560 Βυυλευτῶνᾼιιιῃεοιίό.
1365 5488 1565 5560 Regius
1591 5498 1647 5544 et
1675 5488 2022 5545 Basileensis.

453 5546 786 5624 Libriiantea
823 5556 1028 5619 excusi,
1057 5555 1436 5624 βουλευόντων.

526 5620 636 5698 (44)
682 5621 876 5678 Βέλει.
915 5620 1206 5680 Delendum
1253 5638 1383 5697 puto
1428 5638 1684 5695 tauquam
1733 5629 2021 5698 glossema,

2134 5415 2519 5493 ποιητέκιοςρῆ
2550 5415 2921 5493 αὑτόςέεις-..
3040 5478 3057 5493 ,
3186 5479 3208 5493 .

2205 5470 2315 5559 (ιϐ)
2362 5470 2519 5541 ιῖιῖυῖ
2551 5470 2767 5559 excusi,
2813 5478 3151 5543 διδάσκαλον,
3182 5479 3265 5531 ὅτι
3293 5480 3339 5541 ὁ,
3381 5487 3485 5534 etc.
3517 5470 3618 5528 Sed
3655 5484 3683 5522 a

2136 5557 3069 5629 ma‘un’scriptisabestéet,recte."
3306 5618 3318 5629 .
3428 5615 3464 5629 η

2202 5628 2311 5699 (47)
2360 5615 2782 5699 Κλαζομενίου.
2814 5615 2865 5699 is
2892 5633 2979 5699 est
3012 5618 3387 5699 Clazomenius
3428 5615 3681 5699 lle'rnioti:

457 5682 543 5769 uti
564 5682 804 5769 paleam;
836 5710 957 5769 mox
983 5682 1335 5769 sequentibus
1359 5700 1446 5752 ubi
1476 5682 1620 5769 βέλει
1651 5682 2024 5769 ιιοιΪῙιιιιεζίιιιιί
2132 5682 2252 5752 nius
2286 5682 2354 5752 ille
2380 5682 2786 5769 quo'Lft-ieianus
2814 5695 2867 5747 in
2897 5691 3098 5769 Musca:
3124 5689 3359 5769 encomio
3396 5696 3455 5768 ,ει
3488 5682 3679 5769 Plinius

453 5758 639 5832 ὀϊστῷ.
693 5762 1015 5821 Consulcndi
1061 5758 1332 5824 'ﬂerodot.
1388 5770 1441 5825 in
1476 5758 1669 5840 'Mclp.,
1709 5758 1830 5840 pair.
1879 5758 2020 5836 ἔϐη

2130 5748 2351 5834 lib—.‘vu,
2388 5748 2659 5837 capia.
2685 5748 2814 5821 Vide
2857 5778 3044 5834 snpra,
3086 5759 3245 5828 hujus
3290 5758 3407 5814 libri
3447 5766 3577 5809 num.
3627 5748 3669 5798 ι.
