3902 6414
184 363 260 421 95]
1335 345 1621 402 CONTRA
1655 344 1936 402 CELSUM
1973 343 2103 401 LIB.
2140 342 2229 400 111.

3288 338 3396 395 962

180 480 252 534 τοῦ
281 477 530 547 σώματος,
556 472 693 526 ἀλλὰ
719 469 857 525 κατὰ
883 467 979 540 τὴν
1002 465 1245 521 δοθεῖσαν
1276 465 1426 536 αὐτῷ
1460 464 1554 519 καί⁸
1585 464 1709 537 περὶ

1821 479 1992 520 meam
2025 479 2052 517 a
2076 476 2185 526 me,
2221 460 2315 517 sed
2341 474 2441 532 ego
2467 474 2610 532 pono
2639 457 2787 515 illam
2817 472 2847 512 a
2889 457 3116 527 meipso.
3146 455 3398 511 Potesta-

181 567 335 619 τούτου
366 560 657 633 παράδοξον
697 557 939 623 ἐξουσίαν
959 556 1000 627 ·)
1034 555 1115 619 τὸ,
1158 574 1175 607 ι
1216 553 1405 617 Οὐδεὶς
1436 555 1580 624 αἴρει
1610 554 1711 625 τὴν

177 658 320 728 ψυχήν
360 672 454 726 μου
484 654 578 707 ἀπ’
627 651 785 722 ἐμοῦ,
830 648 963 702 ἀλλὰ
996 648 1107 716 ἐγὼ
1150 646 1343 717 τίθημι
1390 646 1563 717 αὐτὴν
1614 646 1711 698 ἀπ»

178 748 396 821 ἐμαυτοῦ.
458 746 735 812 Ἐξουσίαν
784 743 891 813 έχω
940 739 1111 795 θεῖναι
1166 739 1355 811 αὐτὴν,
1402 738 1495 791 καὶ
1552 738 1714 791 πάλιν

175 841 383 906 ἐξουσίαν
429 837 534 909 ἔχω
579 838 763 891 λαϐεῖν
795 836 984 906 αὑτήν.
1040 853 1060 887 ι
1114 832 1268 886 Ἐπεὶ
1312 831 1419 904 γὰρ
1465 832 1712 898 ἐξουσίαν

175 928 262 1001 εἶχε
301 931 458 983 θεῖναι
497 930 687 1001 αὐτὴν,
737 929 895 1000 ἔθηκε
930 927 1049 999 μὲν,
1084 926 1245 997 ἡνίκα
1283 921 1421 987 εἷπε,
1453 943 1471 975 ι
1506 924 1711 996 Πάτερ,

176 1028 243 1078 ἵνα
271 1025 315 1077 τί
341 1041 404 1095 με
445 1024 834 1093 ὲγκατέλιπες;
888 1022 998 1075 Καὶ
1030 1014 1236 1091 κράξας
1284 1021 1432 1089 φωνῇ
1480 1016 1711 1088 μεγάλῃ,

171 1118 317 1187 ἀφῆκε
355 1117 412 1170 τὸ
444 1116 696 1187 πνεῦμα·
751 1135 770 1169 ι
810 1112 1094 1187 προλαϐὼν
1141 1115 1265 1177 τοὺς
1298 1112 1390 1165 ἐπὶ
1429 1109 1537 1163 τῶν
1587 1110 1713 1163 ἁνε-

170 1209 564 1280 σκολοπισμένων
584 1208 694 1279 (48)
726 1207 976 1279 δημίους,
1008 1206 1411 1275 ὑποτέμνοντας
1441 1203 1510 1255 τὰ
1544 1200 1710 1272 σκέλη

168 1302 251 1355 τῶν
280 1302 702 1373 σταυρουμένων,
734 1302 829 1355 καὶ
870 1300 957 1353 διὰ
1000 1298 1143 1352 τοῦθ’
1178 1298 1597 1367 ὑποτέμνοντας,
1626 1294 1713 1347 ἵνα

168 1394 227 1465 μὴ
252 1394 485 1447 ὲπιπλέον
508 1394 777 1465 τιμωρίαν
801 1393 1042 1446 τίσωσιν.
1068 1388 1267 1442 Ἔλαϐε
1300 1389 1356 1442 δὲ
1387 1388 1484 1460 τὴν
1511 1388 1709 1461 ψυχὴν,

165 1489 234 1539 ὅτε
260 1486 432 1540 ἑαυτὸν
467 1487 755 1555 ἐνεφάνισε
805 1488 917 1550 τοῖς
969 1486 1258 1556 μαθηταῖς,
1292 1481 1571 1555 προειπὼν
1623 1482 1711 1534 ἐπ’

164 1579 309 1635 αὐτῶν
337 1582 443 1644 τοῖς
484 1578 811 1633 ἀπιστοῦσιν
858 1578 1005 1649 αὐτῷ
1052 1577 1362 1640 Ἰουδαίοις’
1420 1592 1440 1627 ι
1497 1574 1711 1629 Λύσατε

172 1669 241 1719 τὸν
285 1669 398 1723 ναὸν
453 1669 643 1723 τοῦτον
667 1710 682 1732 ,
724 1667 879 1737 κάγὼ
926 1668 983 1720 ἐν
1031 1669 1207 1739 τρισὶν
1255 1668 1490 1740 ἡμέραις
1526 1670 1703 1742 ἐγερῶ

170 1757 316 1811 αὐτόν.
345 1778 362 1810 ι
403 1759 511 1812 Καὶ
553 1777 574 1812 ι
614 1760 769 1827 ἔλεγε
807 1756 963 1811 τοῦτο
1000 1760 1128 1828 περὶ
1163 1758 1256 1811 τοῦ
1296 1760 1424 1812 ναοῦ
1462 1763 1554 1815 τοῦ
1597 1762 1700 1817 σώ-

1814 565 1920 609 tem
1956 554 2133 609 habeo
2158 554 2390 624 ponendi
2418 567 2561 617 eam,
2605 560 2659 607 et
2703 560 3030 621 potestatem
3081 550 3255 605 habeo
3288 550 3397 605 ite-

1814 661 1937 700 rum
1968 646 2214 700 sumendi
2263 660 2382 698 eain
2413 644 2480 696 ⁸⁸.
2527 662 2548 697 ι
2591 645 2658 698 Ει
2695 644 2950 711 quoniam
2991 657 3111 697 eam
3160 642 3396 711 ponendi

1814 744 2137 804 potestatem
2185 732 2395 797 hahuit,
2443 732 2620 804 posuit
2651 734 2871 803 quando
2918 732 3101 786 dixit:
3142 750 3160 782 ι
3210 731 3394 798 Pater,

1815 829 2001 895 utquid
2048 828 2385 898 dereliquisti
2423 826 2548 879 me?
2576 826 2643 879 Et
2688 826 2997 880 exclamans
3028 839 3163 879 voce
3205 839 3394 893 magna

1814 922 1995 976 emisit
2029 920 2277 989 spiritum
2310 921 2391 983 ⁶⁵;
2430 938 2448 970 ι
2489 932 2767 987 occupans
2795 915 3104 981 carnifices,
3136 915 3227 984 qui
3270 931 3396 971 cru—

1817 1013 2101 1067 cilixorum
2130 1010 2298 1082 468
2330 1010 2655 1081 frangebant
2701 1023 2882 1069 crura,
2929 1017 2984 1060 et
3032 1008 3152 1061 ideo
3182 1007 3398 1075 frange-

1814 1106 1962 1167 bant,
1996 1113 2053 1157 ut
2102 1115 2170 1157 ne
2212 1103 2416 1158 diutius
2463 1107 2869 1156 cruciarentur.
2928 1098 3175 1167 Sumpsit
3209 1108 3395 1155 autem

1814 1197 2080 1262 animam,
2104 1198 2323 1265 quando
2352 1195 2630 1265 discipulis
2658 1193 2932 1264 apparuit,
2962 1200 3020 1246 ut
3051 1206 3234 1247 coram
3264 1191 3396 1259 ipsis

1813 1289 2140 1358 praedixerat
2166 1287 2231 1341 iis
2257 1303 2321 1341 ex
2346 1286 2568 1352 Jinlaeis,
2593 1284 2687 1355 qui
2717 1285 2817 1354 ipsi
2848 1284 3075 1338 credere
3104 1281 3391 1335 nolebant:

1820 1405 1838 1438 ι
1878 1387 2084 1442 Solvite
2112 1384 2369 1451 templum
2395 1381 2516 1441 hoc,
2546 1385 2602 1431 et
2632 1378 2684 1431 in
2716 1376 2889 1429 tribus
2924 1373 3116 1427 diehus
3142 1371 3395 1424 excitabo

1815 1479 1945 1534 illud
1993 1478 2058 1530 ⁸⁸.
2122 1494 2140 1527 ι
2194 1474 2345 1542 Quod
2406 1489 2425 1521 ι
2486 1468 2699 1523 dicebat
2763 1468 2832 1519 de
2886 1464 3089 1533 templo
3145 1462 3396 1532 corporis

1814 1572 1896 1627 sui
1933 1570 2002 1623 ".
2039 1588 2058 1621 ι
2097 1567 2243 1622 Idem
2273 1574 2327 1619 et
2363 1562 2640 1633 propheta:
2682 1557 3237 1629 praesignificarerant
3267 1571 3391 1611 cum

1816 1660 2000 1717 multis
2033 1659 2086 1713 in
2118 1657 2271 1719 locis,
2306 1664 2417 1709 tum
2448 1654 2717 1723 praecipue
2746 1650 2851 1704 isto
2878 1666 2893 1703 :
2931 1666 2950 1699 ι
2990 1648 3131 1703 Caro
3158 1662 3275 1700 mea
3309 1661 3396 1699 rc-

1813 1753 2058 1824 quiescet
2102 1750 2156 1804 in
2199 1762 2327 1817 spe;
2353 1748 2611 1816 quoniam
2645 1758 2751 1797 non
2779 1739 3127 1809 de'relinques
3154 1738 3391 1792 animam

172 1867 308 1917 ματος
340 1850 530 1914 αὐτοῦ,
583 1870 603 1903 ι
634 1850 729 1905 καὶ
766 1849 873 1903 τῶν
910 1849 1207 1921 προφητῶν
1244 1852 1701 1923 προκηρυξάντων

1821 1823 1995 1897 meam
2040 1839 2093 1893 in
2128 1837 2360 1901 inferno,
2396 1850 2494 1890 nec
2526 1833 2683 1889 dabis
2716 1839 2967 1887 sanctum
3014 1840 3165 1884 tuum
3209 1828 3396 1882 videre

160 1937 207 1989 τὸ
230 1939 416 1994 τοιοῦτο
447 1940 537 1994 διὰ
563 1940 830 1995 πλειόνων
851 1958 863 1971 ·
900 1942 992 1994 καὶ
1017 1942 1104 1996 διὰ
1138 1942 1253 2006 τοῦ,
1291 1960 1309 1992 ι
1358 1941 1481 1995 Ἔτι
1513 1939 1570 1993 δὲ
1614 1940 1711 1994 καὶ

1817 1934 2224 2003 corruptionem
2254 1929 2319 1983 ⁸⁸.
2357 1946 2377 1980 ι

161 2033 322 2105 ac:an
354 2052 451 2105 μου
486 2033 912 2105 κατασκηνώσει
969 2035 1054 2087 ἐπ’
1081 2035 1289 2089 ἐλπίδι*
1318 2036 1399 2090 ὅτι
1436 2035 1537 2087 οὐκ
1579 2027 1994 2102 ἐγκαταλείψεις
2037 2024 2137 2095 τὴν
2165 2023 2346 2095 ψυχήν
2392 2036 2495 2091 μου
2531 2020 2611 2083 είς
2657 2018 2749 2071 τὸν
2807 2016 2940 2089 ᾅδην
2969 2056 2984 2083 ,
3027 2015 3150 2069 οὐδὲ
3202 2014 3395 2076 δώσεις

160 2128 228 2180 τὸν
253 2128 384 2181 ὅσιόν
415 2145 508 2182 σου
539 2130 683 2182 ίδείν-
702 2126 1018 2199 διαφθοράν.
1068 2146 1086 2178 ι

215 2220 394 2287 Ἔδειξε
429 2220 473 2274 δ’
506 2223 537 2275 ό
569 2220 803 2284 Κέλσος,
836 2220 917 2273 ὅτι
948 2219 1200 2282 πλείονας
1223 2218 1434 2287 ἀνέγνω
1464 2217 1705 2291 ἱστορίας

168 2314 463 2383 Ἑλληνικὰς,
499 2312 889 2385 παραθέμενος
916 2312 1010 2366 καὶ
1039 2312 1108 2365 τὰ
1135 2310 1262 2382 περὶ
1293 2310 1386 2363 τοῦ
1437 2311 1708 2364 Ἀστυπα-

157 2406 317 2468 λαιέως
355 2406 705 2478 Κλεομήδους
734 2421 751 2437 ⁸
808 2428 827 2461 ι
888 2415 946 2468 ὃν
1024 2410 1297 2480 ίστρησεν,
1349 2404 1431 2465 είς
1474 2403 1705 2457 κιϐωτὸν

158 2498 437 2563 καταδύντα,
483 2499 586 2552 καὶ
635 2496 848 2552 ἔνδοθεν
892 2496 1061 2568 αὐτῆς
1110 2495 1443 2568 εἰλημμένον
1489 2494 1563 2567 μὴ
1618 2496 1707 2548 εὐ-

161 2591 323 2661 ρῆσθαι
366 2591 516 2645 ἔνδον
542 2608 556 2622 ’
600 2591 718 2644 ἀλλ’
752 2589 932 2644 ἔκτοθι
973 2587 1224 2660 δαιμονίᾳ
1253 2588 1361 2641 τινὶ
1401 2586 1565 2658 μοίρᾳ
1594 2585 1710 2639 δια-

158 2684 335 2753 πτῆναι,
366 2684 526 2754 ἡνίκα
562 2683 711 2755 ὑπὲρ
738 2681 832 2735 τοῦ
864 2681 1024 2735 αὐτὸν
1045 2680 1327 2734 συλλαϐεῖν
1351 2678 1608 2748 διέκοψάν
1627 2695 1710 2732 τι-

154 2791 223 2838 νες
246 2775 332 2847 τὴν
354 2776 615 2831 κιϐωτόν.
659 2794 681 2827 ι
717 2775 827 2827 Καὶ
850 2773 1007 2827 τοῦτο
1037 2774 1093 2826 δὲ
1127 2774 1175 2825 εί
1212 2773 1309 2843 μὲν
1342 2771 1451 2843 (49)
1483 2771 1708 2841 πλάσμα

154 2867 289 2932 ἐστὶν,
318 2868 503 2939 ὥσπερ
528 2867 713 2920 ἔοικεν
742 2862 881 2919 εἶναι
919 2864 1164 2935 πλάσμα,
1195 2864 1255 2916 οὐ
1298 2861 1707 2935 παραϐάλλεται

152 2963 239 3023 τοῖς
270 2961 385 3033 περὶ
417 2960 511 3016 τοῦ
576 2959 779 3031 Ἰησοῦ.
820 2956 970 3011 Ἐπεί
1020 2974 1124 3029 περ
1153 2956 1377 3009 ἐκείνων
1422 2956 1522 3027 μὲν
1554 2954 1706 3008 οὐδὲν

1885 2210 1972 2265 '55.
2018 2205 2142 2261 Haec
2171 2202 2361 2257 Celsus
2392 2200 2459 2254 de
2481 2196 2871 2269 Astypalzeensi
2911 2195 3200 2252 Cleomede
3238 2195 3395 2251 addi-

1815 2304 1915 2367 dit,
1957 2307 2018 2353 ut
2064 2295 2330 2352 sciremus
2358 2291 2552 2346 multas
2580 2290 2683 2344 sibi
2718 2289 2887 2344 lectas
2914 2288 3083 2343 fuisse
3110 2286 3393 2354 Graecani-

1814 2408 1906 2447 cas
1936 2386 2215 2445 historias.
2254 2403 2274 2436 ι
2309 2383 2381 2448 ls,
2411 2391 2469 2436 ut
2502 2381 2693 2446 refert,
2720 2396 2843 2436 cum
2874 2381 2928 2434 in
2958 2395 3143 2435 arcam
3177 2380 3393 2451 ingres-

1815 2498 1908 2540 sus
1928 2489 2091 2547 esset,
2118 2487 2172 2533 et
2198 2477 2343 2531 intus
2368 2489 2489 2528 eam
2522 2472 2757 2527 clausam
2785 2481 3012 2536 teneret,
3041 2470 3182 2525 intus
3210 2480 3393 2525 tamen

1817 2577 2072 2632 inventus
2101 2585 2210 2625 non
2248 2576 2365 2632 est;
2399 2566 2492 2620 sed
2527 2564 2779 2618 evolasse
2803 2563 2989 2617 divino
3016 2563 3249 2632 quodam
3276 2560 3395 2615 fato

1815 2663 2312 2738 deprehenderunt,
2341 2658 2434 2728 qui
2484 2656 2629 2711 illius
2679 2654 3179 2725 coinprebendendi
3226 2669 3390 2708 causa

1814 2775 2003 2818 arcam
2031 2755 2316 2826 eﬂ'regere.
2362 2770 2380 2802 ι
2419 2749 2534 2804 Hoc
2578 2748 2682 2804 etsi
2729 2748 2887 2802 nobis
2937 2746 3248 2817 figmentum
3283 2761 3393 2800 non

1814 2860 1981 2918 esset,
2010 2858 2072 2904 ut
2111 2860 2233 2903 esse
2276 2844 2589 2914 figmentum
2621 2840 2861 2903 videtur,
2893 2847 3074 2892 tamen
3104 2852 3229 2892 cum
3259 2834 3391 2891 Jesu

1817 2947 1982 3002 rebus
2008 2938 2315 3011 comparari
2351 2950 2456 2990 non
2487 2933 2666 2989 debet.
2704 2932 2837 2985 Nam
2884 2932 2938 2985 in
2983 2930 3177 2985 horum
3222 2928 3394 2993 hami-.-

152 3021 655 3120 ἱστορουμένης,
682 3046 957 3117 θειότητος
987 3046 1045 3098 ἐν
1207 3044 1307 3115 βίῳ
1351 3021 1460 3097 τιῖιν
1502 3042 1709 3116 ἀνθρώτ

1821 3052 1948 3093 num
1983 3036 2094 3089 vita
2132 3030 2337 3087 nullum
2370 3027 2477 3082 illis
2506 3024 2785 3079 attributae
2827 3022 3127 3076 divinitatis
3174 3021 3393 3092 signum

152 3157 244 3193 πων
286 3142 547 3214 σύμϐολον
604 3140 954 3211 εὑρίσκεται’
1010 3136 1104 3192 τοῦ
1153 3137 1209 3190 δὲ
1277 3135 1451 3208 Ἰησοῦ
1498 3139 1555 3189 αἱ
1600 3134 1710 3189 τῶν

152 3233 499 3306 ὠφελουμένων
557 3233 878 3305 ἐκκλησίαι,
925 3233 1019 3286 καὶ
1060 3232 1117 3284 αί
1162 3232 1291 3302 περὶ
1326 3230 1491 3284 αὐτοῦ
1522 3228 1708 3299 λελεγ-

153 3325 276 3395 pm:
302 3331 657 3401 προφητεῖαι,
699 3327 796 3380 καὶ
830 3327 886 3379 αἱ
917 3327 975 3378 ὲν
1020 3324 1246 3395 ὀνόματι
1276 3324 1444 3378 αὐτοῦ
1491 3326 1714 3395 γινόμε-

150 3435 217 3471 ναι
240 3421 533 3492 θεραπεῖαι,
570 3419 673 3473 καὶ
704 3419 739 3489 ὴ
773 3420 894 3472 κατ’
935 3417 1098 3470 αὐτὸν
1152 3416 1290 3487 μετὰ
1332 3419 1524 3485 σοφίας
1568 3415 1710 3485 γνῶ-

152 3524 231 3573 σις,
266 3512 352 3564 καὶ
390 3513 417 3563 ὁ
444 3511 616 3579 λόγος
655 3506 1048 3580 εὑρισκόμενος
1091 3504 1245 3577 παρὰ
1275 3507 1390 3568 τοῖς
1422 3503 1712 3575 φροντίσα-

152 3602 480 3674 σινοάναϐἦναι
512 3603 620 3674 μὲν
651 3599 765 3654 ἀπὸ
793 3599 893 3669 τῆς
922 3598 1086 3669 ψιλῆς
1125 3597 1381 3661 πίστεως,
1418 3595 1711 3668 ἐρευνῆσαι

148 3692 190 3745 δὲ
229 3694 308 3747 τὸν
336 3698 393 3749 ὲν
418 3698 542 3758 ταῖς
583 3692 761 3755 θείαις
802 3692 1047 3764 Γραφαῖς
1097 3689 1223 3744 νοῦν
1277 3688 1418 3743 κατά
1463 3688 1563 3751 τὰς
1617 3688 1709 3741 τοῦ

157 3784 298 3855 Ἰησοῦ
339 3786 653 3857 ὑποθήκας,
688 3782 967 3846 είπόντος’
1030 3800 1049 3832 ι
1115 3782 1404 3851 Ἐρευνᾶτε
1443 3779 1542 3843 τὰς
1572 3779 1715 3851 Γρα-

149 3877 258 3945 φὰς·
296 3898 314 3931 ι
350 3879 443 3933 καὶ
475 3876 629 3931 κατὰ
657 3874 719 3929 τὸ
763 3873 1011 3945 βούλημα
1039 3871 1135 3926 τοῦ
1159 3872 1468 3937 διδάξαντος
1495 3871 1711 3925 Παύλου

146 3970 233 4022 δεῖν
254 3972 440 4025 εἰδέναι
472 3972 631 4043 ἡμᾶς
674 3968 893 4038 ἑκάστῳ
939 3966 1082 4020 κατὰ
1143 3965 1206 4019 τὸ
1250 3965 1368 4019 δέον
1411 3964 1713 4037 ἀποκρίνα-

150 4062 287 4116 σθαι·
329 4065 467 4119 ἀλλὰ
498 4064 605 4120 κα)⁵
637 4062 733 4116 τοῦ
773 4063 1047 4124 εἰπόντος·
1086 4078 1104 4112 ι
1142 4061 1389 4130 Ἕτοιμοι
1441 4059 1528 4111 ἀεὶ
1579 4057 1713 4129 πρὸς

146 4156 404 4226 ἀπολογίαν
440 4155 618 4210 παντὶ
652 4152 733 4225 τῷ
772 4136 1011 4207 αίτοῦντι
1055 4153 1201 4223 ὑμᾶς
1246 4152 1402 4221 λόγον
1446 4150 1573 4222 περὶ
1613 4151 1714 4222 τῆς

146 4247 191 4298 ὲν
211 4250 322 4321 ὑμῖν
347 4252 617 4313 πίστεως.
660 4269 677 4301 ι
717 4248 783 4300 Ei
822 4246 882 4301 δὲ
918 4245 1165 4317 βούλεται
1217 4245 1379 4309 αὐτὸς
1418 4246 1714 4315 συγχωρεῖ-

1816 3130 2111 3185 invenitur.
2140 3123 2323 3180 Jesum
2359 3129 2540 3175 autem
2570 3120 2737 3173 Deum
2764 3130 2885 3172 esse
2921 3115 3071 3185 signa
3107 3123 3255 3181 sunt,
3283 3130 3394 3170 coe-

1816 3231 1903 3278 lus
1938 3221 2217 3276 hominum
2243 3215 2441 3285 quibus
2472 3210 2703 3281 profuit,
2727 3208 2981 3262 vaticinia
3011 3206 3078 3262 de
3103 3207 3196 3262 illo
3223 3207 3392 3274 edita,

1813 3312 2126 3370 sanationes
2172 3312 2226 3364 in
2269 3310 2413 3364 illius
2469 3304 2691 3363 nomine
2742 3300 2916 3366 factae,
2970 3299 3232 3368 sapientis
3276 3297 3396 3367 ejus

1814 3405 2078 3460 doctrina
2109 3402 2371 3473 cognitio,
2418 3401 2558 3456 ratio
2589 3396 2994 3469 mysteriorum,
3032 3405 3195 3464 quam
3241 3390 3395 3448 inve-

1814 3499 1969 3553 niunt
1998 3498 2057 3565 ii,
2099 3497 2190 3567 qui
2240 3495 2474 3565 simplici
2526 3493 2631 3547 fide
2663 3506 2769 3546 non
2801 3487 3039 3544 contenti
3068 3484 3385 3554 Scriptura-

1817 3606 1934 3645 rum
1981 3605 2203 3645 sensum
2244 3586 2481 3643 scrutari
2529 3584 2770 3640 student.
2803 3580 2860 3635 id
2912 3579 3051 3650 quod
3086 3576 3245 3632 Jesus
3277 3575 3395 3645 ipse

1813 3683 2094 3754 pracipit:
2129 3678 2518 3742 cScrutamini,
2564 3675 2762 3746 inquit,
2796 3672 3113 3742 Scripturas
3139 3668 3220 3733 ⁶⁹;
3271 3685 3292 3721 ι
3338 3676 3395 3722 et

1813 3778 2014 3834 Paulus
2036 3776 2170 3842 vult,
2198 3775 2468 3845 siquidem
2495 3773 2671 3837 docet,
2701 3776 2954 3840 oportere
2981 3780 3078 3818 nos
3094 3762 3238 3819 scire
3254 3776 3393 3831 quo-

1817 3871 1977 3927 modo
2025 3869 2317 3940 unicuique
2362 3860 2892 3937 respondeamus°".
2924 3855 3392 3926 Quemadmodum

1815 3971 1871 4017 et
1914 3962 2009 4029 qui
2063 3960 2199 4015 dicit
2229 3978 2242 4014 :
2278 3978 2297 4010 ι
2351 3958 2532 4013 Parati
2582 3970 2798 4025 semper
2849 3952 2917 4007 ad
2966 3948 3394 4005 satisfactionem

1814 4055 1962 4109 omni
1996 4054 2241 4124 poscenti
2273 4066 2370 4106 vos
2404 4050 2672 4104 rationem
2705 4048 2771 4101 de
2806 4059 2871 4099 ea
2904 4058 3027 4113 quae
3052 4042 3104 4096 in
3134 4039 3284 4094 vobis
3312 4048 3399 4093 est

1819 4148 1923 4201 fide
1951 4147 2020 4200 ⁷ο.
2053 4165 2073 4199 ι
2101 4145 2258 4213 Quod
2285 4144 2330 4199 si
2360 4144 2461 4198 sibi
2485 4139 2713 4198 concedi
2745 4137 2987 4206 postulat
3014 4135 3116 4190 hoc
3142 4147 3247 4187 non
3270 4144 3398 4185 esse

1818 4238 2055 4293 fabulam
2078 4278 2094 4304 ,
2131 4236 2280 4291 dicat
2300 4251 2407 4304 qua
2440 4241 2618 4289 mente
2642 4232 2779 4294 luce,
2812 4243 2934 4299 quae
2961 4240 3123 4295 supra
3151 4222 3399 4279 homines

147 4317 335 4410 σθαιμὴ
355 4335 499 4393 εἶναι
544 4336 800 4407 πλάσμα,
828 4333 1054 4404 λεγέτω,
1087 4334 1139 4387 τί
1172 4334 1468 4405 βουλομένη
1508 4336 1541 4404 ἡ
1572 4333 1709 4406 ὑπὲρ

1821 4341 1924 4396 est,
1969 4339 2209 4398 potestas
2240 4328 2496 4391 voluerit,
2544 4336 2604 4381 ut
2651 4325 2839 4380 divino
2884 4321 3117 4391 quodam
3164 4317 3279 4369 fato
3327 4327 3398 4367 ex

145 4391 394 4499 ἄνθρωπον
434 4391 553 4502 (ϐθ)
587 4391 823 4498 δύναμις
849 4391 1150 4497 πεποίηκεν
1172 4391 1368 4480 ’ἔκτοθι
1407 4391 1506 4497 της
1530 4391 1709 4478 ’κιϐωί

1821 4439 1942 4479 arca
1977 4423 2124 4478 foras
2154 4420 2419 4477 evolaret.
2455 4419 2513 4473 Si
2536 4418 2663 4482 quid
2688 4416 2832 4471 enim
2865 4412 3099 4481 alicujus
3137 4407 3396 4463 momenti

142 4519 218 4572 τοῦ
253 4501 502 4595 δαιμονίᾳ
531 4501 643 4575 τινὶ
674 4520 842 4591 μοίρᾳ
863 4518 1153 4589 διαπτῆναι
1181 4534 1195 4584 ;
1226 4518 1289 4572 Ei
1315 4518 1412 4589 μὲν
1441 4516 1551 4587 γὰρ
1572 4514 1709 4583 ἀξιό-

1821 4521 2150 4593 dignumque
2185 4516 2295 4571 Deo
2348 4516 2403 4568 in
2453 4510 2784 4567 conferendo
2828 4507 2922 4563 illo
2966 4501 3239 4561 Cleomedi
3272 4514 3399 4554 mu-

144 4610 274 4678 λογόν
314 4592 363 4668 τι
416 4592 808 4687 παραστήσει,
854 4611 949 4665 καὶ
998 4609 1244 4681 βούλημα
1287 4608 1424 4661 Θεοῦ
1460 4607 1610 4672 ἄξιον
1655 4606 1709 4659 τὲ

1821 4592 1949 4669 nere
1980 4607 2266 4665 consilium
2296 4604 2561 4670 attulerit,
2588 4601 2893 4657 videbimus
2935 4596 3067 4667 quid
3110 4592 3185 4646 illi
3231 4602 3403 4657 Oppo-

143 4681 518 4778 summm;
549 4705 614 4758 τὸ
656 4681 901 4757 τοιοῦτον
945 4701 1025 4773 τῷ
1065 4701 1390 4774 Κλεομήδει,
1424 4699 1709 4773 κρινοῦμεν

1821 4703 2054 4761 nendum
2083 4701 2191 4757 erit
2219 4718 2232 4753 :
2262 4699 2344 4755 sin
2376 4704 2558 4752 autem
2588 4694 2724 4749 nihil
2750 4692 2948 4747 habeat
2978 4687 3063 4742 vel
3091 4681 3399 4756 probabile,

142 4794 184 4843 τί
207 4773 308 4868 χρὴ
337 4773 541 4867 λέγειν
592 4795 734 4867 πρὸς
769 4793 965 4848 αὐτόν·
998 4796 1047 4847 εἰ
1093 4794 1138 4847 δ’
1170 4795 1439 4865 ἀπορήσει
1487 4793 1590 4847 κᾶν
1636 4809 1709 4846 πι-

1821 4796 1965 4869 quod
1997 4795 2102 4850 hoc
2128 4793 2252 4848 loco
2295 4790 2463 4857 dicat,
2492 4790 2597 4844 hoc
2646 4787 2766 4856 ipso
2803 4781 2949 4855 quod
2980 4778 3180 4834 nullam
3232 4773 3402 4869 ratio-

143 4866 355 4942 θανόντι
378 4866 464 4952 εἰς
490 4890 589 4943 τὸν
613 4866 781 4941 τόπον
801 4884 1256 4955 λέγειν,δηλονότι
1269 4884 1456 4956 (5ί1)τὸ
1476 4886 1600 4939 ὅσον
1618 4885 1709 4937 ἐπὶ

1821 4866 1947 4947 nem
2000 4886 2245 4959 reperire
2290 4893 2488 4956 potest,
2527 4879 2815 4936 historiam
2871 4875 3023 4930 illam
3071 4882 3256 4927 coram
3310 4866 3401 4930 iis,

142 4977 206 5046 τῷ
233 4982 301 5053 μὴ
326 4980 691 5054 εὑρίσκεσθαι
715 4979 895 5049 λόγον,
930 4981 1048 5051 ἦτοι
1074 4978 1435 5050 διαϐαλοῦμεν
1460 4981 1573 5042 τοῖς
1614 4978 1709 5031 αὐ-

1821 4984 1915 5056 qui
1945 4995 2068 5037 eam
2117 4980 2356 5035 nondum
2403 4983 2750 5048 receperunt,
2780 4965 3215 5040 vituperabimus
3245 4969 3303 5016 et
3342 4967 3403 5056 ut

142 5049 316 5144 τὴνμῆ
342 5049 842 5145 παραδεξαμένοις,
875 5049 968 5124 καί
1004 5070 1369 5141 ὲγκαλέσομεν
1400 5073 1466 5142 τῇ
1505 5068 1709 5141 ἱστορίᾳ

1822 5049 2016 5135 falsam
2050 5074 2474 5144 redarguemus;
2508 5079 2602 5123 aut
2629 5065 2840 5120 dicetur
2884 5049 3406 5145 daemonium-quod.

140 5159 203 5223 ὡς
338 5141 554 5238 ἀληθεῖ,
585 5167 619 5236 ἦ
642 5141 933 5236 δαιμόνιόν
963 5181 1017 5217 τι
1056 5165 1303 5236 φήσομεν
1332 5141 1709 5235 παραπλήσιον

1827 5173 1951 5226 dam
1979 5141 2402 5238 magicaswartes
2438 5161 2724 5223 imitatum,
2774 5153 2949 5211 oculis
2985 5149 3166 5204 fucum
3206 5141 3406 5199 fecisse

3165 5347 3210 5381 ε’
3240 5346 3402 5402 Joan.

2186 5365 2229 5395 ⁸⁷
2265 5361 2435 5426 lbid.,
2463 5360 2554 5415 21.
2632 5358 2676 5390 ⁸⁸
2704 5355 2848 5412 Psal.
2879 5370 2971 5418 xv,
3007 5352 3062 5407 9.

203 5372 243 5403 “
268 5371 426 5427 Joan.
457 5388 514 5433 χ,
552 5371 639 5424 l8.
751 5370 794 5401 ⁸⁸
856 5368 1042 5422 Matth.
1077 5384 1249 5430 xxvn,
1280 5366 1351 5420 46
1375 5407 1388 5425 .
1435 5366 1527 5420 50.
1629 5364 1709 5419 ⁵⁸.

1821 5384 1865 5422 ι.
1900 5381 1960 5430 ιι,
1993 5365 2083 5421 l9.

141 5453 188 5506 ν,
215 5442 306 5498 39.
382 5443 454 5474 "'
492 5441 705 5497 Coloss.
735 5456 809 5499 tv.
842 5441 895 5493 6.
970 5439 1016 5469 "°
1048 5440 1061 5492 Ι
1093 5440 1208 5493 Pet.
1242 5453 1299 5492 ιιι
1329 5477 1344 5502 ,
1372 5437 1462 5493 15.

1895 5608 2008 5678 (50)
2038 5604 2378 5678 ilmsclieli_us
2398 5612 2455 5659 et
2484 5602 2812 5678 Spencerus,
2845 5604 2878 5674 ἡ
2910 5600 3053 5674 ὑπὲρ
3083 5594 3412 5670 ἀνθρώπων.

1826 5673 2037 5750 Μδἐ.,’ἡ
2066 5676 2210 5747 ὑπὲρ
2232 5675 2543 5750 ἄνθρωπον,
2576 5673 2800 5750 rectilis.

1897 5738 2469 5819 (5l)'An.1'ordn'._lta
2508 5738 2681 5801 eode!
2728 5742 3092 5805 Basilecnsis;
3126 5738 3261 5791 alias
3286 5749 3418 5790 vero

1826 5816 1984 5894 δῆλον
2018 5820 2121 5885 ὃτι,
2152 5818 2334 5873 minus
2365 5816 2526 5872 bene.

206 5621 307 5691 (i8)
362 5619 1040 5691 Areaxolomo'yérwr._
1078 5617 1185 5691 Sict
1212 5615 1372 5691 codd.
1412 5614 1622 5684 Regius
1658 5620 1711 5666 et

144 5685 484 5759 BnSiléensis,
505 5696 645 5747 alias
674 5685 1423 5756 verovavaexolomCopévwv.

207 5762 315 5831 (49)
356 5753 704 5819 Ηωέοιιυιίυε
740 5760 791 5813 in
829 5753 1473 5831 texluet_0mnes_uts_s.,
1504 5754 1561 5831 ei
1590 5753 1708 5822 μέν,

146 5824 440 5901 Speiicerus
480 5843 662 5890 autem
702 5831 855 5903 ἡμῖν,
890 5828 1049 5889 male.
1076 5828 1241 5899 Lego,
1270 5826 1318 5878 εἰ
1352 5825 1427 5897 μὴ
1461 5824 1709 5894 πλάσμα.
