3852 6418
443 307 550 365 965

1895 297 2215 354 ORIGENIS

3609 290 3694 346 964

445 436 574 492 erga
617 420 764 474 illum
795 418 1254 491 Astypalaeensem
1287 435 1300 471 :
1333 415 1548 470 tametsi
1584 415 1773 470 Celsus
1803 413 2021 468 videtur

2153 415 2234 477 οῖς
2283 412 2746 481 ἐπιδεικνυμένοις
2789 409 2980 481 γόησιν
3033 409 3216 479 ἀπάτῃ
3421 405 3699 476 ὀφθαλμῶν

445 513 553 568 sibi
602 523 858 580 tanquam
887 528 918 563 e
964 509 1171 579 tripode
1201 507 1604 577 pronuntiasse,
1641 507 1786 559 illmn
1838 506 2021 560 divino

447 604 679 673 quodam
710 601 820 656 fato
847 603 1094 654 evolasse
1123 600 1268 654 foras
1291 613 1357 654 ex
1387 613 1534 652 arca.

515 779 604 831 5-4.
671 775 849 831 Credo
904 775 1158 843 equidem
1230 773 1379 828 solos
1446 771 1566 826 illos
1635 770 1804 824 fuisse
1868 769 2026 824 Celso

447 867 614 938 469
643 865 910 935 cognitos,
945 881 1045 918 nec
1071 865 1275 919 dixisse
1306 880 1328 914 ι
1365 862 1504 917 alios
1545 861 1853 931 liujnsmodi
1896 875 2026 914 eos-

448 976 556 1026 que
586 959 785 1012 multos
817 958 1015 1010 adduci
1062 972 1242 1027 posse,
1284 974 1303 1007 ι
1356 955 1459 1009 nisi
1511 965 1569 1008 ut
1598 955 1787 1008 volens
1829 952 2027 1006 similia

447 1050 697 1118 exempla
746 1049 1031 1117 reliquisse
1081 1051 1380 1102 videretur.
1418 1046 1617 1101 Verum
1671 1056 1812 1109 esto,
1874 1046 2031 1098 detur

450 1143 523 1196 illi
551 1143 734 1211 plures
773 1141 824 1194 id
857 1156 1026 1209 genus
1063 1140 1231 1195 fuisse.
1268 1141 1360 1209 qui
1403 1139 1540 1194 nihil
1581 1136 1890 1205 adjuvarint
1930 1137 2028 1190 hu-

450 1236 651 1296 mines,
681 1233 810 1301 quid
839 1234 1033 1288 horum
1055 1234 1274 1303 quidvis
1297 1235 1364 1285 ad
1398 1247 1482 1286 res
1509 1230 1635 1285 Jesu
1665 1239 1850 1300 gestas
1882 1228 2030 1298 ejus-

451 1343 556 1393 que
593 1324 884 1390 miracula,
912 1329 976 1379 de
1007 1326 1203 1394 quibus
1225 1326 1346 1378 l'use
1378 1323 1544 1377 locuti
1581 1321 1808 1376 smnus?
1829 1320 2032 1375 Deinde

453 1419 581 1486 quia
637 1419 1096 1486 comprehensum
1159 1425 1548 1483 mortuumque
1601 1414 1851 1478 colimus,
1899 1413 2032 1468 ait:

459 1529 479 1560 ι
529 1509 716 1563 Simile
747 1523 847 1562 nos
887 1508 1171 1577 quidpiam
1197 1508 1380 1561 facere
1408 1505 1567 1561 Getis
1596 1506 1686 1574 qui
1728 1504 2030 1572 Zamolxin,

453 1601 713 1655 Cilicibus
741 1599 834 1669 qui
861 1599 1131 1669 Mopsum,
1151 1598 1453 1653 Acarnanis
1483 1597 2032 1665 quiAmphiloclmm,

455 1691 729 1746 Thebanis
754 1692 844 1760 qui
876 1691 1295 1758 Amphiaraum,
1325 1689 1759 1744 chadiensibus
1779 1690 1871 1757 qui
1900 1687 2034 1744 Tro-

2128 507 2488 578 πεποιηκέναι
2531 505 2625 558 καὶ
2669 503 2801 575 περὶ
2849 501 2939 555 τὴν
2994 499 3435 555 Ἀστυπαλαιέαο
3482 499 3611 569 περὶ
3650 494 3700 553 οὗ

2124 599 2296 652 οἴεται
2327 599 2355 651 ὁ
2383 598 2590 660 Κέλσος
2617 598 2699 650 ὅτι
2732 595 3066 668 θεοπρόπιόν
3101 612 3152 646 τι
3180 593 3492 655 ἐθέσπισεν,
3518 590 3593 652 ῶς
3613 592 3706 663 ἄρα

2131 690 2295 761 μοίρᾳ
2319 688 2424 741 τινὶ
2457 687 2709 758 δαιμονίᾳ
2739 687 2934 757 διέπτη
2966 685 3076 738 ἀπὸ
3101 685 3201 755 τῆς
3229 679 3492 737 κιϐωτοῦ.

2213 780 2354 849 Ἐγὼ
2369 781 2465 852 μὲν
2481 777 2574 833 οῦν
2593 777 2726 849 ἡγοῦ
2736 796 2856 849 μαι,
2869 777 2950 830 ὅτι
2965 777 3187 839 τούτους
3207 775 3402 845 μόνους
3416 771 3702 844 ἡπίστατοὸ

2128 872 2353 936 Κέλσος·
2387 873 2483 926 καὶ
2512 873 2600 926 ἵνα
2635 871 2766 942 δοκῇ
2800 871 2942 924 ἑκὼν
2976 869 3306 941 παραλιπεῖν
3330 866 3399 918 τὰ
3427 863 3702 934 παραπλή-

2130 982 2242 1027 σια,
2274 959 2394 1017 εἷπε
2409 965 2490 1018 τό’
2521 983 2540 1016 ι
2575 965 2684 1018 Καὶ
2708 964 2900 1026 ἄλλους
2920 962 3034 1033 ἔχοι
3063 979 3147 1024 τις
3181 961 3248 1014 ἂν
3276 962 3454 1013 εἰπεῖν
3482 957 3701 1010 τοιούσδε

2131 1057 2401 1121 πλείονας.
2447 1080 2466 1109 ι
2514 1059 2694 1111 Ἔστω
2721 1057 2766 1110 δ’
2801 1053 2895 1110 οὖν
2922 1057 3016 1109 καὶ
3043 1054 3301 1116 δεδόσθω,
3339 1051 3579 1105 τοιούσδε
3610 1051 3703 1121 (55)

2131 1149 2412 1218 γεγονέναι
2429 1148 2700 1212 πλείονας,
2727 1148 2893 1219 μηδὲν
2918 1146 3269 1216 ὠφεληκότας
3290 1144 3354 1197 τὸ
3380 1143 3490 1196 τῶν
3514 1141 3701 1214 ἀνθρώ-

2133 1259 2250 1293 πων
2292 1240 2466 1309 γένος·
2498 1240 2550 1293 τί
2602 1239 2808 1292 τούτων
2838 1239 3068 1292 ἕκαστον
3105 1235 3352 1308 εὑρεθείη
3395 1234 3464 1288 ἂν
3496 1234 3630 1306 πρὸς
3659 1233 3706 1286 τὸ

2133 1331 2226 1385 τοῦ
2264 1331 2437 1402 Ἰησοῦ
2460 1331 2617 1403 ἔργον
2653 1331 2748 1384 καὶ
2777 1331 2845 1384 τὰ
2868 1332 2996 1403 περὶ
3019 1330 3185 1384 αὐτοῦ
3232 1328 3519 1401 παράδοξα
3544 1367 3560 1387 ,
3596 1327 3706 1397 περὶ

2135 1419 2210 1478 ὧν
2241 1425 2333 1477 ἐπὶ
2377 1424 2557 1477 πλεῖον
2598 1424 2933 1495 εἰρήκαμεν;
2970 1424 3124 1478 Μετὰ
3156 1422 3332 1477 ταῦτα
3361 1441 3380 1473 ι
3430 1419 3708 1492 παραπλή-

2138 1533 2252 1570 σιον
2282 1518 2428 1586 ἡμᾶς
2457 1537 2474 1566 ι
2513 1515 2685 1569 οἴεται
2723 1533 2740 1566 ι
2785 1517 3166 1586 πεποιηκέναι,
3211 1535 3229 1566 ι
3272 1515 3367 1568 τὸν
3399 1517 3415 1584 (
3449 1513 3526 1576 ὥς
3561 1529 3706 1584 φησιν

2137 1611 2164 1660 ὁ
2198 1608 2404 1672 Κέλσος
2425 1607 2464 1679 ,)
2511 1608 2710 1662 ἁλόντα
2759 1608 2852 1660 καὶ
2895 1607 3238 1662 ἀποθανόντα
3277 1604 3703 1678 θρησκεύοντας,

2147 1719 2165 1751 ι
2201 1703 2312 1764 τοῖς
2348 1699 2534 1763 Γέταις
2566 1699 2783 1752 σέϐουσι
2821 1699 2911 1752 τὸν
2939 1698 3207 1769 Ζάμολξιν
3233 1740 3246 1765 ,
3282 1698 3378 1751 καὶ
3424 1695 3603 1761 Κίλιξι
3633 1696 3706 1748 τὸν

454 1788 714 1855 phonium
745 1786 895 1840 cultu
929 1795 1357 1855 prosequuntur.
1399 1805 1417 1837 ι
1445 1785 1540 1840 His
1570 1801 1788 1855 quoque
1819 1801 1918 1842 nos
1946 1786 2038 1839 ab-

2153 1794 2343 1864 ιίόψον,
2369 1795 2464 1848 καὶ
2509 1794 2806 1864 Ἀκαρνᾶσι
2833 1792 2923 1844 τὸν
2965 1792 3313 1862 Ἀμφίλοχον,
3346 1791 3442 1842 καὶ
3468 1787 3707 1858 θηϐαίοις

457 1882 620 1934 surde
677 1896 705 1934 a
755 1880 912 1936 Celso
963 1881 1256 1935 assimilari
1311 1881 1390 1935 sic
1436 1881 1774 1935 demonstro.
1811 1879 1850 1934 li
1888 1880 2034 1935 enim

460 1972 660 2042 templa
695 1983 750 2028 et
781 1983 991 2028 statuas
1018 1974 1238 2042 erigunt
1273 1972 1379 2027 illis
1410 1988 1547 2042 quos
1584 1973 1885 2028 recensuit.
1917 1972 2035 2028 Nos

461 2075 642 2120 autem
677 2081 706 2118 a
743 2076 928 2120 nostro
963 2081 1091 2136 erga
1120 2066 1469 2120 Divinitatem
1499 2065 1645 2120 cultu
1675 2080 1764 2120 res
1791 2065 1908 2120 illas
1952 2080 2037 2119 re-

453 2158 680 2230 jicimus
739 2167 797 2211 ut
838 2159 1016 2226 magis
1073 2158 1462 2212 convenientes
1518 2159 1803 2212 daemoniis
1853 2159 2038 2213 nescio

460 2252 734 2320 quomodo
764 2250 1098 2306 consecratis
1123 2252 1358 2318 quodam
1394 2251 1446 2304 in
1483 2249 1638 2317 loco,
1686 2265 1846 2319 quem
1886 2261 2042 2306 canes

461 2343 538 2397 ris
574 2341 950 2411 przetulerunt,
983 2351 1076 2394 aut
1108 2343 1162 2395 in
1197 2356 1304 2410 quo
1337 2342 1780 2396 tixeruntsedem
1810 2344 2040 2412 quibus-

461 2433 586 2486 dam
620 2433 896 2504 mysteriis
936 2433 1118 2486 allecti
1143 2443 1197 2486 et
1228 2432 1458 2501 magicis
1493 2432 1704 2488 artibus
1728 2435 1993 2488 incantati
2022 2451 2037 2488 :

461 2532 516 2578 et
535 2522 717 2578 Jt-sum
754 2523 1114 2584 admiramur.
1139 2524 1230 2593 qui
1257 2533 1492 2578 mentem
1531 2534 1772 2580 nostram
1795 2525 1864 2578 ab
1892 2527 2039 2580 omni

463 2632 543 2679 re,
569 2631 691 2684 quae
714 2617 813 2671 sub
844 2631 1040 2670 sensus
1073 2616 1242 2682 cadit,
1279 2625 1337 2670 ut
1363 2631 1467 2671 non
1496 2617 1675 2672 solum
1699 2619 2041 2686 corruptioni

463 2707 722 2770 obnoxia,
754 2708 847 2762 sed
872 2708 1036 2761 etiam
1059 2709 1484 2777 corrumpenda,
1517 2719 1810 2764 avocatam
1859 2709 2046 2764 tradu-

465 2799 630 2854 xitad
660 2799 866 2853 cultum
901 2798 1012 2852 Deo
1058 2797 1406 2854 tribuendum
1454 2799 1605 2868 puris
1649 2799 1894 2853 moribus
1921 2815 2045 2867 pre-

466 2884 750 2960 cibusque,
788 2906 924 2961 quas
946 2892 1022 2945 illi
1055 2890 1280 2946 ferimus
1312 2905 1408 2960 per
1442 2906 1591 2957 eum,
1623 2892 1711 2961 qui
1743 2891 2040 2960 ingenitam

464 2983 608 3039 inter
657 2992 712 3039 et
761 2985 998 3054 genitam
1036 2993 1287 3038 naturam
1337 2983 1505 3039 veluti
1541 2985 1750 3038 medius
1777 3022 1793 3049 ,
1835 2983 1902 3037 ad
1947 2997 2045 3037 nos

466 3074 641 3131 defert
672 3075 850 3131 Patris
877 3074 1173 3142 beneficia,
1215 3087 1270 3131 et
1305 3076 1611 3131 sacerdotis
1645 3091 1796 3132 more
1831 3085 2044 3131 nostras

469 3173 536 3226 ad
568 3187 840 3225 summum
869 3171 1035 3225 Deum
1077 3171 1280 3239 perfert
1313 3185 1529 3240 preces.

2138 1888 2228 1940 τὸν
2288 1887 2652 1957 Ἀμφιάρεων,
2713 1885 2810 1938 καὶ
2848 1884 3133 1948 Λεϐαδίοις
3175 1885 3267 1938 τὸν
3317 1882 3644 1955 Τροφώνιον.
3686 1902 3701 1932 i

2140 1981 2251 2034 Καὶ
2280 1983 2338 2032 ἐν
2367 1979 2576 2042 τούτοις
2603 1978 2658 2031 δὲ
2679 1977 2972 2048 ἐλέγξομεν
3002 1977 3164 2031 αὐτὸν
3191 1978 3293 2030 οὐκ
3324 1976 3560 2045 εὐλόγως
3579 1977 3707 2045 ἡμᾶς

2140 2071 2482 2143 ὁμοιώσαντα
2532 2074 2646 2134 τοῖς
2710 2070 3153 2142 προειρημένοις.
3192 2070 3256 2122 Οἱ
3303 2070 3402 2139 μὲν
3446 2068 3554 2139 γὰρ
3589 2066 3709 2128 νεὼς

2142 2165 2237 2217 καὶ
2281 2163 2574 2234 ἀγάλματα
2624 2162 3038 2216 κατεσκεύασαν
3085 2164 3200 2223 τοῖς
3258 2159 3705 2230 κατειλεγμένοις·

2143 2257 2304 2327 ἡμεῖς
2328 2255 2404 2318 δέ,
2435 2255 2534 2325 τὴν
2561 2255 2648 2308 διὰ
2675 2255 2784 2308 τῶν
2821 2253 3076 2308 τοιούτων
3109 2253 3276 2323 τιμὴν
3306 2252 3587 2314 ἀνελόντες
3612 2248 3706 2303 ἀπὺ

2142 2347 2237 2400 τοῦ
2268 2347 2433 2410 θείου,
2468 2347 2564 2417 (ὡς
2611 2345 2957 2418 ἁρμοζόντων
2991 2345 3101 2414 (54)
3150 2343 3352 2414 μᾶλλον
3396 2341 3704 2412 δαιμονίοις,

2144 2439 2244 2492 οὐκ
2267 2433 2361 2491 οἶδ’
2380 2438 2527 2501 ὅπως
2555 2437 2858 2508 ἱδρυμένοις
2884 2435 2940 2488 ἐν
2960 2452 3065 2488 τινι
3093 2435 3265 2504 τόπῳ,
3299 2433 3358 2486 ὃν
3380 2433 3496 2502 ἦτοι
3529 2447 3709 2501 προκα-

2143 2529 2612 2600 ταλαμϐάνουσιν,
2659 2528 2692 2598 ἢ
2731 2527 2820 2581 διά
2861 2543 3020 2579 τινων
3063 2523 3292 2577 τελετῶν
3329 2524 3579 2594 ἀχθέντες
3629 2521 3708 2575 καὶ

2150 2618 2497 2690 μαγγανειῶν
2531 2618 2721 2689 ῶσπερ
2753 2617 3008 2687 οἰκοῦσι·)
3041 2617 3356 2688 τεθήπαμεν
3381 2617 3472 2668 τὸν
3497 2611 3707 2685 Ἰησοῦν.

2147 2711 2237 2763 τὸν
2271 2709 2394 2763 νοῦν
2414 2709 2573 2781 ἡμῶν
2611 2709 2913 2780 μεταθέντα
2945 2708 3054 2762 ἀπὸ
3083 2707 3286 2770 παντὸς
3322 2703 3578 2774 αἰσθητοῦ
3599 2745 3612 2767 ,
3645 2702 3708 2765 ὡς

2145 2801 2206 2854 οὐ
2237 2802 2396 2872 μόνον
2421 2800 2684 2873 φθαρτοῦ,
2709 2801 2846 2854 ἀλλὰ
2878 2802 2972 2856 καὶ
2997 2799 3416 2872 φθαρησομένου
3437 2839 3451 2862 ,
3482 2799 3570 2850 καί
3593 2796 3709 2850 ἀνά-

2146 2911 2310 2963 γοντα
2350 2895 2441 2947 ἐπὶ
2483 2893 2580 2965 τὴν
2640 2893 2778 2964 μετὰ
2819 2893 2980 2965 ὀρθοῦ
3025 2893 3141 2964 βίου
3176 2892 3313 2964 πρὸς
3339 2893 3432 2944 τὸν
3469 2892 3558 2943 ἐπὶ
3594 2890 3709 2942 πᾶσι

2147 2986 2279 3039 Θεὸν
2311 2985 2476 3056 τιμὴν
2529 2988 2644 3054 μετ’
2680 2984 2888 3056 εὐχῶν,
2939 2985 3004 3049 ἃς
3040 2984 3394 3056 προσάγομεν
3435 2983 3606 3053 αύτῷ,
3645 2981 3709 3043 ὡς

2147 3078 2235 3132 διὰ
2263 3077 2464 3150 μεταξὺ
2489 3077 2642 3142 ὄντος
2667 3077 2780 3149 (55)
2811 3079 2911 3150 τῆς
2943 3077 3036 3131 τοῦ
3079 3078 3345 3148 άγενήτου
3381 3077 3586 3147 καὶτῆς
3616 3074 3710 3127 τῶν

2149 3169 2391 3240 γενητῶν
2431 3170 2648 3224 πάντων
2706 3168 2922 3238 φύσεως
2945 3209 2960 3232 ,
3002 3170 3098 3223 καὶ
3152 3170 3411 3242 φέροντος
3455 3168 3546 3239 μὲν
3593 3169 3711 3237 ἡμῖν

464 3264 565 3327 τὰς
591 3262 804 3316 ἀπὸτοῦ
832 3263 1042 3332 Πατρὺς
1065 3263 1411 3334 εὐεργεσίας,
1435 3263 1840 3334 διακομίζοντος
1862 3263 1905 3316 δ’
1928 3263 2083 3334 ἡμῶν
2108 3262 2310 3335 τρόπον
2344 3263 2646 3334 ἀρχιερέως
2670 3262 2769 3325 τὰς
2792 3262 2958 3333 εὐχὰς
2991 3263 3129 3335 πρὸς
3161 3263 3253 3316 τὸν
3281 3263 3375 3315 ἐπὶ
3412 3264 3540 3316 πᾶσι
3571 3261 3705 3314 Θεόν.

539 3356 626 3411 55.
662 3356 769 3408 Sed
803 3355 1065 3408 adversus
1090 3369 1212 3408 cum
1240 3395 1255 3421 ,
1291 3356 1383 3424 qui
1427 3356 1612 3410 nescio
1639 3371 1744 3424 qua
1780 3356 1847 3409 de
1883 3371 2046 3410 causa

469 3450 585 3503 ιιωο
649 3447 804 3507 dicit,
863 3445 1055 3499 lubens
1109 3447 1215 3501 hoc
1271 3447 1432 3503 modo
1489 3446 1882 3515 nugarerzAn
1915 3447 2050 3501 nihil

471 3547 598 3594 sunt
629 3539 708 3592 illi
741 3553 879 3607 quos
913 3539 1293 3594 enumerasti?
1334 3537 1552 3592 Nihilne
1591 3538 1870 3608 egregium
1919 3537 2050 3592 facit

472 3635 527 3688 in
561 3633 796 3688 Lebadia
830 3632 1203 3704 Trophonius,
1240 3631 1447 3686 Thebis
1472 3632 1524 3685 in
1551 3647 1652 3686 suo
1689 3632 1886 3702 templo
1915 3633 2046 3686 Am-

470 3727 755 3795 phiaraus,
813 3728 866 3781 in
928 3727 1242 3781 Acarnania
1289 3723 1706 3794 Amphilochus,
1755 3724 1806 3777 in
1857 3723 2049 3778 Cilicia

472 3815 730 3886 Mopsus?
755 3815 861 3872 Aul
887 3827 1046 3872 estne
1078 3816 1189 3872 illis
1222 3817 1419 3887 aliquis
1460 3817 1542 3870 vel
1584 3817 1814 3880 daemon,
1838 3815 1922 3870 vel
1954 3815 2052 3870 he-

472 3924 589 3972 ros,
621 3909 704 3965 vel
727 3911 884 3973 deus,
916 3911 1008 3979 qui
1041 3910 1337 3978 quidquam
1360 3952 1374 3972 ,
1427 3907 1573 3977 quod
1608 3907 1750 3960 vires
1785 3907 2051 3961 humanas

475 4014 718 4072 superet,
750 4002 996 4057 efﬁciat?
1028 4000 1086 4057 Si
1112 4003 1260 4056 enim
1285 4002 1486 4056 dixerit
1518 3999 1652 4055 nihil
1680 4013 1804 4054 esse
1829 4039 1843 4064 ,
1873 4015 2050 4069 neque

473 4101 773 4152 daunonem
799 4141 813 4164 ,
866 4112 1048 4166 neque
1085 4097 1253 4149 ullum
1290 4085 1535 4159 numen;
1572 4093 1786 4163 aperiat
1833 4094 2050 4148 tandem

472 4206 595 4260 qua:
627 4205 728 4245 sua
763 4189 1135 4245 sit-sententia
1163 4227 1176 4251 ,
1213 4186 1541 4256 Epicureum
1575 4199 1634 4240 se
1663 4183 1919 4250 fateatur,
1954 4183 2050 4255 qui

473 4297 653 4353 neque
675 4297 798 4336 cum
835 4279 1046 4336 Graecis
1073 4279 1261 4334 eadem
1311 4277 1532 4343 sentiat,
1572 4291 1747 4346 neque
1779 4276 2052 4332 daemones

471 4383 760 4445 agnoscat,
787 4388 970 4444 neque
1007 4373 1227 4428 eosdem
1254 4386 1320 4425 ac
1352 4370 1426 4425 illi
1461 4370 1592 4425 deos
1625 4378 1917 4424 veneretur
1948 4386 1963 4423 :
1997 4377 2054 4424 et

470 4470 651 4540 palam
689 4469 785 4523 ﬁat
818 4481 961 4521 vana
996 4481 1116 4521 esse
1139 4479 1258 4534 quae
1282 4463 1394 4533 jam
1423 4462 1562 4517 dixit
1583 4471 1638 4518 et
1667 4473 1852 4532 postea
1876 4462 2053 4517 dictu-

470 4577 566 4617 rus
592 4571 675 4616 est
707 4559 862 4632 quasi
901 4573 1029 4614 vera
1062 4554 1412 4611 credidisset.
1461 4553 1516 4608 Si
1564 4553 1709 4608 dicet
1748 4563 1931 4607 autem
1960 4562 2054 4607 aut

2238 3355 2567 3427 Ἐϐουλόμην
2608 3355 2664 3409 δὲ
2698 3354 2835 3426 πρὸς
2869 3355 2994 3419 τὸν,
3032 3356 3133 3409 οὐκ
3175 3348 3274 3407 οἷδ’
3309 3355 3457 3418 ὅπως
3509 3352 3710 3407 τοιαῦτα

2151 3449 2377 3518 λέγοντα
2404 3448 2632 3502 τοιαῦτά
2667 3467 2787 3502 τινα
2816 3448 3134 3520 πρεπόντως
3166 3448 3318 3519 αὐτῷ
3351 3447 3705 3518 ἀδολεσχῆσαι·

2151 3538 2288 3612 ’Ἆρ’
2310 3538 2401 3596 οὖν
2434 3541 2586 3594 οὐδέν
2619 3542 2756 3594 εἰσιν
2789 3535 2934 3595 οὗτοι
2958 3541 3051 3605 οὓς
3097 3541 3428 3607 κατέλεξας,
3463 3542 3550 3594 καὶ
3577 3539 3711 3593 οὐδε-

2156 3633 2254 3704 μία
2277 3631 2502 3703 δύναμίς
2530 3634 2678 3686 ἐστιν
2715 3634 2772 3685 ἐν
2812 3632 3050 3704 Λεϐαδίᾳ
3084 3632 3228 3686 κατά
3265 3633 3359 3685 τὸν
3404 3629 3706 3702 Τροφώνιον,

2151 3725 2259 3777 οὐδ’
2284 3726 2341 3777 ἐν
2372 3723 2576 3795 Θήϐαις
2613 3725 2740 3795 περὶ
2772 3723 2862 3776 τὸν
2888 3722 2982 3776 τοῦ
3025 3723 3351 3794 Ἀμφιάρεω
3378 3720 3530 3785 νεὼν,
3550 3719 3642 3773 οὐδ’
3657 3718 3709 3768 ἐν

2166 3817 2493 3888 Ἀκαρνανίᾳ
2513 3818 2640 3888 περὶ
2655 3817 2745 3870 τὸν
2777 3817 3116 3888 Ἀμφίλοχον,
3141 3816 3248 3870 οὐδ’
3277 3818 3334 3868 ἐν
3353 3814 3565 3885 Κιλικίᾳ
3595 3811 3710 3881 περὶ

2151 3907 2243 3960 τὸν
2276 3905 2488 3975 Mod/0v;
2512 3906 2587 3958 ’Ἠ
2613 3907 2728 3958 ἐστί
2747 3923 2830 3969 τις
2847 3908 2902 3959 ἐν
2919 3909 3030 3970 τοῖς
3062 3905 3325 3970 τοιούτοις
3361 3905 3470 3958 εἴτε
3501 3902 3706 3972 δαίμων.

2155 4001 2266 4053 εἴτε
2290 4001 2458 4071 ἥρως,
2483 3997 2596 4052 εἴτε
2612 3998 2705 4052 καὶ
2729 3997 2870 4062 θεὸς,
2895 3998 3133 4068 ἐνεργῶν
3158 4015 3282 4051 τινα
3309 3990 3710 4068 μείζοναῆκατὰ

2153 4091 2467 4162 ἄνθρωπον;
2493 4091 2555 4143 Εἰ
2582 4092 2678 4162 μὲν
2703 4090 2812 4161 γάρ
2836 4107 2968 4162 φησι
3007 4091 3174 4162 μηδὲν
3197 4092 3383 4162 ἕτερον
3412 4085 3560 4150 εἶναι,
3589 4089 3707 4156 μήτε

2153 4183 2446 4254 δαιμόνιον,
2477 4185 2612 4255 μήτε
2640 4183 2781 4236 θεῖον
2800 4185 2926 4253 περὶ
2955 4183 3203 4250 τούτους,
3231 4183 3336 4238 κᾶν
3358 4182 3451 4237 νῦν
3475 4180 3710 4253 ὁμολογη-

2157 4278 2302 4331 σάτω
2319 4277 2417 4348 τὴν
2442 4276 2638 4330 ἐαυτοῦ
2664 4277 2912 4348 γνώμην,
2945 4275 3320 4348 Ἐπικούρειος
3341 4276 3435 4341 ῶν,
3452 4277 3538 4329 καὶ
3563 4271 3626 4344 μὴ
3647 4268 3708 4321 τὰ

2154 4369 2294 4422 αὐτὰ
2319 4372 2433 4433 τοῖς
2468 4370 2693 4440 Ἕλλησι
2743 4368 2979 4440 φρονῶν,
3035 4369 3130 4423 καὶ
3169 4371 3307 4441 μήτε
3353 4368 3597 4440 δαίμονας
3634 4377 3708 4430 γι-

2155 4460 2416 4530 γνώσκων
2438 4506 2452 4525 ,
2485 4463 2624 4534 μήτε
2655 4462 2756 4515 κᾶν
2804 4463 2880 4526 ὡς
2922 4462 3181 4533 Ἕλληνες
3217 4462 3375 4526 θεοὺς
3409 4460 3587 4514 σέϐωνο
3625 4455 3706 4508 καὶ

2158 4553 2484 4625 ἐλεγχέσθω,
2508 4555 2593 4606 ὃτι
2615 4555 2788 4626 μάτην
2815 4557 2910 4608 καὶ
2943 4555 3012 4609 τά
3045 4557 3440 4627 προειρημένα,
3462 4555 3530 4617 ὡς
3549 4567 3704 4621 παρα-

471 4657 766 4718 daamoucs,
817 4662 913 4706 aut
960 4653 1180 4715 heroas,
1225 4658 1320 4701 aut
1365 4647 1495 4700 deos
1528 4660 1652 4700 esse
1675 4659 1794 4708 eos,
1828 4659 1966 4712 quos
1997 4645 2043 4698 in

2158 4620 2448 4716 δεξάμενος
2485 4620 2626 4699 αὐτά
2651 4620 2790 4698 εἶναι
2819 4645 3013 4717 ἀληθῆ,
3049 4620 3297 4717 ἐκόμισε,
3327 4646 3421 4699 καὶ
3451 4644 3514 4697 τὰ
3547 4620 3704 4700 ἐντοῖς

472 4746 709 4800 medium
746 4742 1013 4814 protulit;
1069 4747 1262 4796 caveat
1312 4750 1383 4790 ne
1435 4735 1560 4790 hinc
1593 4734 1878 4802 probetur,
1908 4732 2053 4800 quod

473 4842 698 4895 minime
740 4840 873 4903 vult,
909 4837 1019 4892 tale
1045 4833 1327 4905 quidpiam
1356 4828 1526 4885 fuisse
1559 4828 1744 4886 Jesum
1773 4843 1788 4894 ;
1826 4827 2054 4897 proinde

473 4932 718 5001 potuisse
745 4929 936 4983 multis
962 4928 1280 4984 hominibus
1308 4921 1642 4997 persuadere
1681 4935 1742 4977 se
1787 4920 2054 4975 divinitus

546 5130 659 5200 (ὕῖ)
713 5127 950 5196 Ἀπάτη.
991 5127 1068 5182 Ita
1120 5123 1576 5200 codd._‘Joli_an_us
1629 5132 1686 5177 et
1734 5119 2061 5200 Basileensis

474 5205 526 5256 in
555 5194 754 5263 'teitlu,
788 5194 976 5267 sicque
1006 5199 1114 5250 duo
1162 5195 1450 5267 Anglicani
1497 5197 1548 5267 in
1571 5194 1843 5267 Amargine
1883 5201 2056 5267 recte.

473 5274 620 5327 Ordo
665 5261 776 5332 est,
802 5261 1078 5340 δαιμόνιόν
1116 5285 1169 5340 τι
1203 5261 1387 5340 ἀπάτῃ
1430 5261 1734 5340 ὀφθαλμῶν
1762 5261 2059 5333 πεποιηκέ-

474 5360 563 5396 ναι
598 5333 979 5412 παραπλησὶον
1007 5341 1117 5412 τοῖς
1146 5333 1619 5412 ἐπιδεικνυμένοις
1640 5333 1852 5402 γόησιν.

549 5402 822 5482 (53)'Mss.
893 5403 1159 5482 τοιούσδε.
1193 5402 1444 5482 Impressi
1481 5409 1735 5482 iiitextu,
1759 5402 2054 5465 τοιούτους.

695 5481 1038 5534 litesclielius
1068 5481 1118 5532 in
1157 5489 1328 5549 testu,
1362 5475 1733 5549 ἁρμοζόντως.

549 5542 662 5615 (5ὅὶ
701 5554 792 5616 Ὠς
817 5550 914 5603 διὰ
945 5549 1173 5619 μεταξὺ
1203 5542 2054 5619 ὄντοςίέΠ-ωεοιιιεῖἱιιεμευεριίςατ

477 5613 644 5679 batur
669 5613 991 5691 legenduni,
1032 5620 1106 5682 ὼς
1143 5618 1208 5688 δὴ
1242 5615 1443 5691 μεταξὺ
1473 5616 1659 5691 ὄντος,
1707 5616 1866 5691 male.
1889 5613 2048 5667 ,Nihil

483 5697 680 5748 mutari
712 5687 936 5747 necesse
961 5700 1066 5744 est.
1103 5687 1296 5758 Agitur
1318 5688 1516 5756 quippe
1549 5687 1615 5758 de
1636 5689 1891 5758 precibus
1919 5698 2052 5754 quas

478 5763 759 5821 oﬂ'eriinus
799 5761 908 5817 Deo
967 5781 984 5814 ι
1030 5776 1128 5831 per
1153 5755 1286 5813 cum
1335 5755 1433 5826 qui
1492 5755 1658 5810 veluti
1705 5757 1913 5810 medius
1967 5762 2050 5808 est

2161 4738 2290 4808 ἑξῆς
2329 4738 2721 4809 ἐπιφερόμεναο
2775 4740 2823 4790 εἰ
2857 4738 2914 4791 δὲ
2948 4740 3110 4809 φήσει
3147 4739 3257 4792 εἴτε
3306 4737 3572 4809 δαίμονας,
3611 4733 3701 4785 εἴτε

2159 4829 2378 4900 ἥρωας,
2407 4829 2516 4880 εἴτε
2550 4830 2645 4882 καὶ
2692 4828 2849 4892 θεοὺς
2882 4828 2994 4900 (56)
3038 4824 3176 4882 εἶναι
3226 4830 3356 4893 τοὺς
3392 4822 3704 4893 κατειλεγμέ-

2161 4938 2284 4984 νους
2304 4961 2318 4985 ,
2354 4921 2567 4993 ὁράτω,
2597 4923 2678 4974 ὅτι
2703 4960 2718 4985 ,
2765 4922 2905 4993 ὅπερ
2927 4921 2988 4974 οὑ
3019 4921 3268 4992 βούλεται
3294 4963 3310 4987 ,
3347 4918 3703 4976 κατασκευάσει

2171 5121 2311 5194 inter
2337 5123 2639 5194 incrcatam
2675 5131 2922 5194 naturam
2955 5132 3011 5177 et
3043 5133 3288 5178 creatam
3317 5139 3331 5178 :
3366 5122 3478 5194 id);
3503 5117 3581 5171 διὰ
3618 5130 3698 5194 με·

2167 5191 2300 5264 ταξὺ
2323 5193 2613 5264 6v10g_1ﬁg
2637 5193 2732 5246 τοῦ
2765 5196 3029 5264 άγενήτου
3061 5196 3153 5248 καὶ
3203 5194 3303 5263 τῆς
3349 5192 3452 5245 τῶν
3495 5191 3700 5264 γενητῴν

2168 5262 2385 5317 πάντων
2421 5257 2658 5333 φύσεως.
2687 5265 2788 5319 Pro
2813 5257 3078 5334 ἆγενήτου
3127 5274 3180 5319 et
3225 5257 3463 5332 γενητῶν
3491 5257 3629 5334 quod
3643 5257 3701 5305 le-

2167 5339 2316 5401 gitur
2353 5336 2405 5387 in
2431 5328 2593 5388 codd.
2637 5335 2806 5402 Hegio
2852 5328 2906 5389 et
2939 5328 3272 5400 B'asileensi',
3313 5328 3440 5390 libb.
3470 5329 3587 5384 editi
3618 5328 3699 5377 ha-

2170 5408 2298 5476 bent
2331 5425 2343 5457 :
2371 5405 2672 5476 άγεννήτου
2705 5418 2754 5458 et
2779 5403 3077 5475 γεννητῶν.
3125 5406 3326 5459 Ibidem
3357 5415 3535 5476 omnes
3563 5410 3696 5476 Ill-55::

2165 5474 2262 5539 τὰς
2301 5467 2532 5529 ἀπὸτοῦ
2565 5467 3156 5547 Πατρὸςεὺεργεσίας.
3197 5476 3280 5530 Ab
3323 5471 3532 5530 excusis
3572 5467 3696 5520 libris

2164 5549 2315 5600 abest
2334 5547 2462 5601 ἀπό.
3663 5607 3671 5616 1

2237 5619 2346 5688 (56)
2380 5620 2584 5677 Omnes
2608 5635 2737 5678 mss.
2768 5619 2923 5683 θεούς
2947 5661 2962 5685 ,
3011 5618 3140 5675 libb.
3177 5623 3361 5676 excusi
3391 5617 3586 5679 θείους,
3615 5624 3696 5663 ιω*

2164 5704 2266 5744 nus
2296 5693 2453 5746 bene.
