3898 6600
176 426 304 484 963

1443 437 1724 494 CONTRA
1762 438 2048 496 CELSUM
2112 440 2240 497 LIB.
2283 441 2365 497 Ill.

3368 442 3474 498 966

173 550 251 602 δι’
277 544 361 606 ῶν
394 551 637 625 εἴρηκεν,
673 554 748 619 ὡς
784 555 879 610 καὶ
911 557 940 611 ό
984 555 1190 628 Ἰησοῦς
1235 556 1473 612 τοιοῦτόν
1505 576 1558 612 τι
1589 553 1677 628 ἦν·
1714 559 1762 612 δι

1899 561 1965 613 ad
1995 558 2161 630 ἀπο
2185 575 2356 632 genus
2379 560 2679 614 humanum
2703 557 3008 619 advenisse.
3041 557 3194 627 Quod
3223 559 3265 618 si
3300 563 3470 618 semel

176 640 287 692 καὶ
336 640 618 712 δεδύνηται
657 644 848 698 ἑαυτὸν
898 647 1249 718 παραστῆσαι
1311 647 1412 700 ούκ
1439 647 1641 716 ὀλίγοις
1677 649 1787 702 τῶν

175 731 499 804 ἀνθρώπων
525 735 640 806 (57)
669 737 853 792 θεόθεν
889 738 1353 809 ἐπιδεδημηκέναι
1384 739 1464 810 τῷ
1503 741 1651 810 γένει
1675 740 1785 794 τῶν

175 824 523 896 ἀνθρώπων.
564 828 748 894 ’Ἀπαξ
779 831 835 884 δέ
862 831 1009 884 τοῦτ’
1040 831 1134 884 ἐάν
1161 831 1568 903 παραδέξηται,
1597 834 1700 906 δρα
1733 835 1782 886 εἰ

175 915 259 986 μὴ
305 917 792 992 ἀναγκασθήσεται
845 923 1195 995 ἰσχυρότερον
1233 924 1397 978 αὑτὸν
1445 925 1611 995 φῆσαι
1657 924 1783 978 τού-

169 1024 326 1073 των,
366 1005 448 1074 οἶς
490 1012 656 1066 αὑτὸν
693 1015 1234 1086 συγκατηρίθμησεν·
1266 1018 1388 1071 ἐπεὶ
1422 1018 1646 1072 ἐκείνων
1684 1018 1782 1089 μέν

169 1116 238 1167 γε
277 1101 462 1166 οὐδεὶς
490 1104 689 1158 κωλύει
721 1106 822 1170 τὰς
851 1107 988 1177 πρὸς
1008 1109 1136 1172 τοὺς
1159 1108 1382 1179 ἐτέρους
1409 1111 1595 1180 τιμάςο
1629 1106 1783 1175 οὗτος

166 1194 251 1258 δὲ,
283 1195 471 1266 ἐαυτῷ
494 1197 715 1270 θαρρῶν
735 1239 749 1262 ,
780 1199 856 1265 ὡς
891 1202 1109 1254 πάντων
1138 1203 1362 1256 ἐκείνων
1380 1203 1778 1275 δυνατώτερος,

168 1287 522 1360 ἀπαγορεύει
556 1290 656 1354 τὰς
686 1292 892 1348 τούτων
925 1293 1216 1364 ἀποδοχάς,
1249 1294 1324 1359 ὡς
1357 1295 1645 1368 μοχθηρῶν
1667 1297 1784 1350 δαι-

170 1378 394 1447 μόνων,
429 1381 524 1434 καὶ
543 1382 743 1448 τόπους
787 1385 880 1438 ἐπὶ
919 1387 1025 1456 γῆς
1069 1386 1584 1458 προκατειληφότων
1608 1429 1622 1454 ,
1659 1390 1782 1441 ἐπεὶ

163 1470 274 1541 τῆς
313 1471 713 1546 καθαρωτέρας
746 1475 808 1529 οὐ
838 1477 1092 1532 δύνανται
1118 1479 1434 1549 ἐφάψασθαι
1469 1478 1656 1550 χώρας
1682 1481 1778 1534 καὶ

1891 651 2168 716 admittat,
2208 651 2330 706 vide
2363 667 2548 706 annon
2582 666 2804 706 necesse
2830 653 2982 706 situt
3009 652 3247 708 fateatur
3295 654 3462 720 major

1889 758 2004 798 rem
2033 741 2160 797 Jesu
2191 743 2380 810 fuisse,
2415 758 2581 812 quam
2605 758 2854 807 corum..
2877 745 3077 814 quibus
3116 747 3264 800 illum
3289 748 3470 802 adnu-

1891 834 2143 899 meravit,
2183 842 2533 902 potestatem.
2568 833 2706 888 Nam
2754 835 2938 890 nullus
2982 851 3170 890 eorum
3215 847 3365 893 vetat
3398 853 3470 895 ne

1887 926 1977 980 alii
2010 926 2299 990 colantur;
2332 926 2422 981 hic
2446 941 2576 982 vero
2615 927 2720 980 sibi
2754 927 2855 996 ipsi
2891 927 3102 992 ﬁdens,
3136 939 3326 999 utpote
3357 931 3466 988 illis

1885 1019 2143 1075 omnibus
2171 1021 2466 1088 potentior,
2498 1019 2751 1088 prohibet
2788 1022 3082 1090 quominus
3115 1023 3189 1077 illi
3235 1025 3289 1078 in
3334 1025 3463 1080 deo-

1886 1126 2007 1165 rum
2036 1126 2269 1165 numero
2304 1119 2619 1179 ponantur;
2655 1112 2853 1181 quippe
2890 1113 2983 1180 qui
3018 1115 3143 1169 mali
3186 1119 3465 1175 daemones

1885 1204 1990 1258 sint
2012 1241 2029 1266 ,
2061 1203 2154 1272 qui
2187 1203 2393 1258 idcirco
2428 1204 2481 1256 in
2515 1212 2658 1258 terra
2691 1204 2796 1259 sibi
2831 1204 2948 1260 loca
2984 1206 3302 1277 elegerunt,
3334 1213 3463 1280 quia

1885 1295 2132 1363 puriores
2165 1296 2435 1364 attingere
2463 1311 2567 1348 non
2587 1308 2816 1364 possunt
2847 1297 3256 1370 divinioresque
3281 1303 3464 1368 sedes,

1883 1401 1991 1455 quo
2021 1386 2154 1440 nihil
2178 1401 2428 1441 crassum
2453 1403 2484 1442 e
2532 1397 2679 1442 terra
2712 1388 2983 1460 malisque
3011 1405 3132 1460 quae
3168 1392 3223 1446 in
3253 1407 3316 1448 ea
3335 1405 3464 1448 sunt

1884 1478 2185 1533 innumeris
2215 1479 2500 1551 pertingit.

164 1562 497 1635 θειοτέρας,
548 1567 676 1620 ἔνθα
717 1568 792 1640 μὴ
845 1569 1135 1639 φθάνουσιν
1172 1573 1227 1624 αἱ
1256 1571 1362 1625 ἀπὸ
1391 1571 1492 1643 τῆς
1527 1572 1632 1642 γῆς
1668 1570 1897 1626 καὶτῶν
1929 1573 1986 1624 ἐν
2015 1571 2153 1641 αὐτῇ
2190 1571 2397 1642 μυρίων
2420 1572 2604 1625 κακῶν
2637 1573 2962 1646 παχύτητες.

255 1656 423 1710 Ἐπεὶ
463 1657 518 1710 δὲ
564 1659 704 1730 μετά
734 1660 911 1715 ταῦτα
940 1662 1035 1715 καὶ
1086 1662 1156 1716 τὰ
1183 1664 1312 1735 περὶ
1360 1663 1469 1717 τῶν
1505 1663 1774 1718 παιδικῶν

177 1749 476 1820 Ἀδριανοῦ
511 1751 677 1821 (λέγω
708 1753 765 1806 δὲ
789 1754 859 1808 τὰ
893 1758 1022 1829 περὶ
1060 1758 1330 1812 Ἀντινόου
1345 1757 1440 1812 τοῦ
1465 1757 1772 1830 μειρακίου,

165 1841 268 1894 καὶ⁹
285 1841 395 1906 τὰς
427 1843 507 1906 εἰς
537 1844 700 1898 αὐτὸν
749 1847 859 1901 τῶν
893 1850 952 1901 ἐν
995 1850 1264 1905 Ἀντινόου
1308 1851 1461 1904 πόλει
1494 1852 1594 1922 τῆς
1618 1849 1778 1918 Αἰγύ-

166 1949 316 1986 πτου
348 1934 459 2005 (58)
484 1936 692 2006 τιμά;)·
731 1939 882 1991 οὐδὲν
906 1941 1078 1994 οἴεται
1120 1942 1339 1995 ἀποδεῖν
1366 1943 1466 2013 τῆς
1499 1942 1775 2013 ἡμετέρας

165 2025 318 2097 πρὸς
354 2027 447 2080 τὸν
476 2028 686 2099 Ἰησοῦν
712 2029 899 2101 τιμῆς·
930 2032 1062 2104 φέρε
1085 2035 1180 2086 καὶ
1201 2033 1360 2087 τοῦτο
1379 2034 1453 2097 ῶς
1475 2033 1776 2104 φιλέχθρως

164 2115 476 2188 λεγόμενον
520 2120 906 2192 διελέγξωμεν.
944 2123 1008 2176 Τί
1048 2122 1157 2194 γὰρ
1191 2125 1370 2178 κοινὸν
1405 2126 1517 2196 ἔχει
1563 2126 1590 2176 ό
1616 2126 1774 2193 γενόε-

170 2229 343 2283 μενος
373 2215 431 2267 ἐν
463 2217 578 2278 τοῖς
624 2216 903 2288 Ἀδριανοῦ
946 2217 1213 2284 παιδικοῖς
1247 2219 1379 2290 βίος,
1407 2219 1526 2273 οὐδὲ
1553 2219 1645 2274 τὸν
1677 2222 1775 2293 ἀρ-

167 2309 312 2377 ρενα
351 2308 540 2380 ἀπαθῆ
570 2309 886 2378 γυναικείας
910 2311 1065 2364 νόσου
1103 2311 1437 2381 φυλάξαντος
1471 2311 1604 2383 (59),
1637 2312 1773 2384 πρὸς

166 2403 260 2455 τὸν
291 2404 497 2476 σεμνὸν
519 2404 680 2476 ἡμῶν
731 2403 963 2477 Ἰησοῦν,
1000 2401 1061 2458 οὗ
1089 2407 1223 2479 μηδέ
1256 2408 1304 2460 οἱ
1340 2408 1509 2478 μυρία
1535 2423 1774 2478 κατηγο-

169 2497 473 2568 ρήσαντες,
507 2497 602 2550 καὶ
627 2495 800 2567 ψευδῆ
830 2497 930 2549 ὅσα
958 2498 1088 2569 περὶ
1121 2497 1284 2550 αὐτοῦ
1320 2497 1590 2566 λέγοντες,
1622 2497 1773 2552 δεδύ-

167 2603 368 2655 νηνται
405 2590 711 2649 κατειπεῖν,
736 2587 811 2650 ὡς
839 2586 942 2640 κᾶν
961 2588 1023 2640 τὸ
1046 2587 1208 2658 τυχὸν
1234 2588 1530 2653 ἀκολασίας
1556 2589 1658 2642 κᾶν
1683 2591 1769 2643 ἐπ’

165 2678 355 2747 ὀλίγον
389 2680 732 2750 γευσαμένου
759 2696 773 2745 ;
821 2679 980 2733 Ἀλλὰ
1015 2681 1127 2745 καὶ,
1150 2683 1308 2753 εἰπερ
1333 2681 1644 2754 φιλαληθῶς
1675 2683 1771 2736 καὶ

166 2769 492 2834 ἁδεκάστως
523 2771 591 2823 τὰ
628 2769 754 2841 περί
786 2769 879 2823 τὸν
923 2770 1194 2824 Ἀντίνουν
1229 2772 1471 2839 ἐξετάζοι
1497 2790 1601 2838 τις,
1636 2790 1773 2844 μαγ-

167 2863 403 2929 γανείας
434 2861 500 2915 ἂν
524 2861 842 2931 Αἰγυπτίων
871 2863 966 2915 καὶ
1001 2862 1224 2928 τελετὰς
1257 2863 1407 2935 εῦροι
1445 2863 1545 2927 τὰς
1585 2864 1770 2928 αἰτίας

163 2951 261 3008 τοῦ
290 2954 475 3007 δοκεῖν
511 2971 564 3008 τι
595 2953 759 3008 αὐτὸν
793 2956 967 3007 ποιεῖν
1005 2955 1062 3009 ἐν
1120 2955 1389 3008 Ἀντινόου
1437 2955 1630 3021 πόλει,
1673 2957 1770 3012 καὶ

168 3045 317 3114 μετὰ
329 3044 431 3116 τὴν
444 3046 702 3117 τελευτὴν
714 3044 902 3100 αὐτοῦ’
917 3047 1053 3116 ὅπερ
1071 3047 1165 3101 καὶ
1186 3047 1272 3100 ἐπ’
1291 3046 1464 3100 ἄλλων
1476 3046 1612 3100 νεῶν
1627 3049 1769 3100 ἰστο-

169 3141 352 3210 ρεῖται
369 3138 477 3191 ὑπὸ
499 3138 612 3209 (60)
641 3137 957 3206 Αἰγυπτίων
989 3140 1082 3192 καὶ
1108 3138 1217 3192 τῶν
1234 3137 1304 3191 τὰ
1323 3138 1545 3192 τοιαῦτα
1577 3137 1767 3191 δεινῶν

1950 1661 2040 1716 56.
2072 1662 2322 1717 Posthaac
2374 1666 2440 1717 ad
2496 1664 2739 1719 amasios
2787 1664 3009 1720 Adriani
3052 1666 3199 1722 venit
3243 1666 3462 1739 (loquor

1880 1764 2064 1808 autem
2088 1756 2156 1810 de
2193 1755 2547 1810 adolescente
2575 1756 2837 1822 Antinoo,
2874 1757 3134 1826 cultuque
3169 1761 3259 1829 qui
3294 1761 3367 1835 illi
3401 1761 3458 1816 in

1880 1844 2100 1917 Egypti
2134 1847 2266 1902 urbe
2290 1847 2641 1915 Antinoopoli
2676 1848 2992 1920 exhibetur)
3020 1890 3036 1916 ,
3059 1853 3458 1923 contenditque

1878 1937 2083 1992 cultum
2111 1938 2262 1994 illum
2285 1955 2314 1993 a
2340 1949 2531 1994 nostro
2565 1939 2618 1993 in
2649 1939 2835 1995 Jesum
2887 1942 3037 1996 cultu
3079 1944 3214 1998 nihil
3243 1945 3461 2002 discre-

1875 2043 2026 2098 pare.
2053 2031 2166 2099 Age
2193 2040 2247 2086 et
2279 2031 2420 2086 istud
2453 2046 2482 2084 a
2513 2046 2612 2087 suo
2642 2031 2698 2086 in
2735 2047 2836 2088 nos
2863 2034 2989 2089 odio
3005 2035 3306 2104 profectum
3334 2052 3460 2094 esse

1875 2121 2218 2178 evincamus.
2256 2122 2396 2190 Quid
2443 2126 2589 2178 enim
2626 2123 2821 2178 horum
2852 2123 3080 2180 Adriani
3115 2129 3454 2184 amasiorum

1873 2212 1984 2266 vita
2035 2213 2104 2267 ad
2158 2229 2349 2270 omnes
2388 2213 2682 2283 spurcitias
2723 2214 2890 2271 etiam
2940 2226 3131 2272 contra
3203 2231 3454 2276 naturam

1872 2307 2117 2376 projecta
2158 2320 2448 2362 commune
2475 2309 2638 2363 habet
2663 2324 2785 2364 cum
2818 2309 2925 2364 vita
2962 2308 3089 2365 Jesu
3127 2327 3289 2382 quem
3315 2314 3454 2369 coli-

1874 2415 2015 2464 ntus,
2047 2415 2207 2469 quem
2247 2399 2332 2455 vel
2377 2401 2600 2455 minima
2655 2401 3090 2476 intemperantiae
3121 2407 3334 2460 macula
3367 2423 3456 2462 as-

1872 2506 2101 2561 pergere
2135 2508 2204 2547 ne
2229 2492 2447 2561 quidem
2482 2493 2518 2545 ii
2547 2494 2665 2548 ausi
2694 2505 2842 2556 sunt,
2868 2495 2961 2564 qui
2987 2506 3275 2552 scxcentas
3300 2499 3452 2553 calu-

1875 2584 2049 2638 mnias
2079 2585 2476 2653 mendaciaque
2499 2595 2689 2639 contra
2717 2585 2868 2640 illum
2910 2591 3306 2645 evomuerunt?
3344 2591 3452 2646 Sed

1871 2680 1925 2728 et
1941 2672 2115 2743 siquis
2151 2674 2402 2728 veritatis
2423 2689 2612 2728 amans
2637 2689 2722 2728 res
2742 2676 2960 2730 Antinoi
2993 2677 3307 2750 incorrupto
3329 2695 3453 2750 per-

1872 2766 2141 2834 penderit,
2179 2765 2422 2820 inveniet
2452 2766 2792 2836 praestigioso
2821 2765 3205 2839 Egyptiorum
3251 2781 3452 2843 myste-

1872 2857 1952 2908 ria
2004 2859 2059 2910 in
2093 2871 2257 2911 causa
2291 2871 2434 2921 esse,
2476 2870 2576 2912 cur
2607 2857 2698 2912 ille
2750 2858 3098 2930 Autinoopoli
3133 2862 3295 2916 etiam
3328 2873 3451 2932 post

1871 2955 2104 3002 mortem
2161 2948 2292 3018 quid
2351 2947 2536 3004 lacere
2570 2948 2816 3004 videatur
2850 2968 2863 3004 :
2905 2953 3049 3021 quod
3100 2951 3274 3007 fertur
3303 2963 3356 3011 et
3393 2958 3445 3009 in

1869 3041 1992 3095 aliis
2023 3041 2242 3109 templis
2274 3040 2393 3096 ﬁeri
2442 3043 2510 3096 ab
2538 3041 2814 3115 Egyptiis
2854 3043 3091 3114 aliisque
3128 3047 3446 3102 earumdem

1870 3133 2068 3185 artium
2100 3133 2313 3202 peritis.
2351 3131 2418 3186 Hi
2452 3133 2601 3188 enim
2632 3136 2958 3205 quibusdam
2991 3136 3044 3190 in
3075 3135 3208 3191 locis
3248 3139 3450 3192 daemo—

165 3230 478 3298 γεγονέναι,
515 3229 572 3282 ἐν
608 3246 718 3282 τισι
746 3229 933 3293 τόποις
966 3230 1252 3302 ἱδρυόντων
1287 3229 1546 3300 δαίμονας
1577 3247 1762 3300 μαντι-

1874 3238 1966 3277 nes
1990 3232 2238 3278 statuunt
2268 3223 2482 3279 divinos
2515 3234 2612 3279 aut
2649 3228 2891 3283 medicos
2916 3268 2931 3292 ,
2977 3229 3067 3298 qui
3109 3244 3251 3299 sa’pe
3278 3232 3446 3286 etiam

165 3324 300 3384 κοὺς
334 3322 368 3393 ἢ
396 3322 694 3394 ἰατρικοὺς,
728 3322 991 3385 πολλάκις
1009 3323 1067 3376 δὲ
1095 3323 1192 3376 καὶ
1227 3321 1613 3393 βασανίζοντας
1636 3323 1762 3387 τοὺς

164 3413 465 3478 δοκοῦντάς
490 3431 543 3466 τι
571 3413 1019 3485 παραῦεϐηκέναι
1043 3415 1172 3486 περ).
1192 3414 1302 3467 τῶν
1322 3413 1594 3483 τυχόντων
1622 3413 1764 3486 βρω-

169 3504 383 3574 μάτων,
424 3504 456 3576 ﬁ
489 3505 616 3578 περὶ
636 3502 730 3557 τοῦ
766 3502 940 3572 θίγειν
975 3489 1173 3576 νεκροῦ
1204 3502 1453 3574 σώματος
1485 3503 1762 3575 ἀνθρωπί-

166 3615 285 3660 νου,
321 3599 412 3651 ἵνα
446 3597 653 3651 δοκοῖεν
686 3595 1018 3652 δεδίττεσθαι
1047 3595 1138 3648 τὸν
1167 3595 1334 3649 πολὺν
1365 3594 1490 3648 λαὸν
1522 3594 1634 3666 (61)
1669 3595 1765 3648 καὶ

165 3690 522 3743 ἀπαίδευτον.
551 3689 806 3753 Τοιοῦτος
837 3688 893 3742 δέ
924 3690 1042 3742 ἐστι
1082 3689 1178 3742 καὶ
1211 3689 1270 3740 ἐν
1309 3689 1580 3742 Ἀντινόου
1611 3685 1762 3740 πόλει

164 3783 266 3852 τῆς
304 3782 581 3851 Αἰγύπτου
607 3783 883 3856 νομισθεὶς
915 3780 1059 3838 εἶναι
1091 3785 1232 3850 θεὸς,
1267 3779 1327 3840 οὗ
1359 3785 1560 3856 ἀρετὰς
1592 3787 1640 3838 οἰ
1664 3785 1762 3856 μέν

163 3890 314 3937 τινες
345 3875 818 3948 κυδευτικώτερον
857 3875 1059 3940 ζῶντες
1092 3876 1552 3947 καταψεύδονται,
1585 3877 1762 3949 ἕτεροι

165 3967 243 4030 δὲ,
275 3967 384 4020 ὑπὸ
411 3967 510 4021 τοῦ
542 3971 660 4021 ἐκεῖ
685 3969 968 4040 ἱδρυμένου
993 3968 1248 4038 δαίμονος
1271 3967 1643 4040 ἀπατώμενοι,
1667 3968 1762 4021 καὶ

166 4058 319 4112 ἄλλοι
353 4059 466 4112 ἀπὸ
490 4059 751 4123 ἀσθενοῦς
774 4059 868 4112 τοῦ
901 4059 1204 4123 συνειδότος
1234 4060 1599 4131 ἐλεγχόμενοι,
1621 4059 1762 4112 οἰονο

167 4171 261 4205 ται
295 4155 465 4205 τίνειν
498 4151 758 4225 θεήλατον
793 4153 902 4206 ἀπὸ
934 4151 1029 4206 τοῦ
1088 4153 1360 4206 Ἀντινόου
1401 4153 1593 4224 ποινήν
1623 4151 1757 4223 (62).

169 4245 410 4298 Τοιαῦτα
432 4244 490 4298 δέ
517 4248 632 4300 ἐστι
662 4247 756 4300 καὶ
782 4246 851 4299 τὰ
881 4244 1134 4318 δρώμενα
1159 4244 1338 4298 αὐτῶν
1372 4246 1646 4316 μυστήρια
1667 4243 1762 4298 καὶ

167 4338 225 4390 αἰ
255 4335 511 4389 δοκοῦσαι
553 4338 833 4408 μαντεῖαι,
864 4328 939 4388 ῶν
973 4336 1118 4390 πάνυ
1161 4335 1380 4406 μακράν
1417 4337 1535 4388 ἐστι
1564 4333 1634 4388 τὰ
1665 4331 1758 4386 τοῦ

182 4429 385 4500 Ἰησοῦ-
431 4429 493 4482 οὐ
539 4429 647 4500 γὰρ
693 4428 1047 4490 συνελθόντες
1071 4426 1303 4497 γόητες,
1329 4427 1488 4499 χάριν
1525 4416 1761 4490 τίνοντες

171 4523 387 4594 βασιλεῖ
410 4540 519 4576 τινι
552 4522 826 4576 κελεύοντι
860 4522 894 4594 ἦ
929 4523 1159 4593 ἡγεμόνι
1203 4520 1627 4592 προστάσσοντι,
1659 4535 1758 4572 πε-

1868 3313 2308 3370 auimadvertant
2340 3317 2394 3371 in
2427 3332 2522 3372 eos
2545 3318 2639 3389 qui
2676 3319 2914 3388 ipsorum
2946 3320 3092 3390 leges
3120 3321 3185 3374 de
3211 3320 3453 3392 vulgari-

1867 3406 1970 3463 bus
1998 3408 2138 3464 cibis
2171 3419 2267 3465 aut
2318 3411 2384 3466 de
2415 3425 2524 3466 non
2579 3412 2851 3481 tangendo
2892 3412 3132 3467 humano
3179 3415 3448 3470 cadavere

1867 3502 2092 3565 violant,
2139 3503 2302 3573 idque
2343 3515 2401 3559 ut
2457 3504 2651 3575 vulgus
2702 3505 3017 3575 imperitum
3072 3506 3443 3562 terrelaciaut.

1865 3593 2043 3664 Atque
2071 3594 2380 3665 hujusmodi
2416 3604 2500 3651 est
2533 3597 2627 3665 qui
2669 3595 3026 3666 AntinoOpoli
3060 3600 3126 3653 ab
3169 3599 3447 3672 Egyptiis

1867 3685 2002 3742 deus
2047 3685 2437 3751 existimatur,
2485 3686 2639 3756 cujus
2686 3687 2916 3742 virtutes
2959 3689 3179 3758 quidam
3213 3694 3443 3750 commi-

1867 3778 2155 3833 niscuntur
2199 3779 2399 3848 quibus
2441 3778 2567 3833 inde
2611 3789 2857 3848 quaestus
2887 3790 3006 3846 est;
3043 3782 3170 3836 dum
3199 3783 3293 3837 alii
3321 3786 3446 3852 qui-

1865 3871 1988 3924 dem
2023 3885 2052 3924 a
2083 3869 2332 3926 daemone
2366 3869 2441 3924 ibi
2475 3869 2745 3925 collocato
2778 3871 3154 3942 decipiuntur,
3192 3873 3281 3928 alii
3309 3890 3443 3930 vero

1866 3960 2100 4014 inﬁrmae
2128 3961 2480 4016 conscientiae
2512 3961 2749 4018 stimulis
2779 3963 2970 4034 agitati
3003 3979 3220 4034 pinnam
3267 3967 3373 4022 sibi
3411 3985 3440 4020 a

1863 4051 1968 4107 deo
2007 4052 2247 4108 Antinoo
2283 4052 2541 4108 inﬂictam
2572 4053 2683 4122 pati
2715 4067 2776 4109 se
2807 4065 3020 4125 putant.
3057 4057 3183 4112 [hec
3211 4067 3338 4112 sunt
3372 4058 3441 4112 ilo

1865 4146 2037 4200 lorum
2087 4145 2349 4217 mysteria
2385 4155 2444 4200 et
2492 4160 2614 4215 qua:
2643 4145 2902 4200 videntur
2953 4147 3117 4203 edere
3161 4149 3438 4205 vaticinia.

1863 4237 1947 4293 Ab
1981 4237 2066 4292 his
2097 4236 2334 4292 immane
2363 4247 2626 4306 quantum
2652 4237 2910 4293 dilferunt
2947 4253 3033 4294 res
3057 4239 3210 4295 Jesu.
3251 4240 3440 4312 Neque

1863 4331 2008 4383 enim
2068 4330 2434 4399 impostorum
2485 4332 2642 4384 turba
2693 4330 2838 4400 regis
2885 4331 3162 4400 cujusdam
3193 4332 3440 4402 jubentis

1865 4433 1959 4477 aut
2012 4424 2262 4493 prmsidis
2314 4432 2601 4492 captantes
2635 4425 2903 4492 gratiam,
2935 4424 3084 4479 illum
3127 4425 3180 4480 in
3211 4427 3437 4480 deorum

1863 4529 2154 4569 numerum
2207 4515 2621 4584 ascripserunt;
2663 4515 2757 4569 sed
2810 4515 2926 4584 ipse
2978 4531 3160 4571 rerum
3193 4517 3435 4572 omnium

171 4619 462 4686 ποιηκέναι
514 4617 696 4684 ἔδοξαν
741 4617 905 4671 αὐτὸν
955 4612 1095 4670 εἶναι
1147 4616 1298 4670 Θεόν·
1353 4614 1467 4669 ἀλλ’
1526 4613 1684 4676 αὐτὸς
1728 4615 1756 4666 ό

1874 4607 2139 4671 conditor,
2176 4605 2406 4660 mirifica
2449 4607 2539 4660 illa
2573 4622 2678 4676 qua
2709 4606 2873 4674 pollet
2894 4609 3258 4678 persuadendi
3289 4609 3342 4662 vi
3381 4620 3437 4662 et

167 4711 277 4764 τῶν
307 4711 448 4764 ὅλων
490 4709 822 4783 δημιουργὸς
870 4707 1180 4773 ἀκολούθως
1232 4711 1298 4780 τῇ
1344 4709 1402 4762 ἐν
1453 4708 1531 4781 τῷ
1577 4706 1753 4776 λέγειν

239 4952 356 5022 (57)
389 4951 676 5007 Boherello
707 4951 996 5007 delendum
1029 4951 1245 5022 videtur
1277 4948 1386 5002 τῶν
1425 4945 1751 5019 ἀνθρώπων,

173 5021 396 5093 propter
433 5024 626 5093 eailem
653 5025 815 5075 verba
859 5035 980 5089 qua!
1008 5021 1168 5093 patilo
1191 5030 1313 5093 post
1339 5029 1676 5093 repetuntur.

239 5087 354 5161 (58)
397 5091 520 5145 Τῶν
544 5093 614 5144 ἐν
645 5087 943 5146 Ἀντινόου
977 5087 1149 5143 πόλει
1178 5087 1288 5158 τῆς
1313 5091 1639 5161 Αἰγύπτου.
1677 5087 1750 5142 lta

172 5175 318 5216 recte
337 5158 575 5216 omnino
601 5167 770 5218 codex
804 5163 1022 5227 Regius.
1057 5161 1208 5214 Alias
1240 5158 1518 5224 mendose,
1546 5158 1653 5212 τῶν
1693 5161 1750 5213 ἐν

182 5232 449 5286 Ἀντινόου
481 5233 574 5286 τοῦ
607 5233 704 5303 τῆς
757 5231 1052 5303 Αἰγύπτου,
1100 5230 1368 5303 (Steterunt
1407 5231 1471 5284 de
1508 5229 1747 5303 Antinoo

171 5303 282 5359 ίΕΙ.
313 5303 504 5370 Spart.
551 5305 603 5357 in
632 5300 872 5358 Adriano
909 5326 919 5356 ;
961 5322 978 5354 ι
1031 5301 1331 5355 Antinoum
1370 5315 1562 5370 suum,
1618 5300 1744 5370 dum

171 5390 266 5444 per
296 5367 477 5429 Nilum
511 5374 750 5439 navigat,
778 5373 1052 5442 perdidit;
1078 5385 1238 5444 quem
1273 5369 1610 5444 muliebriter
1645 5367 1739 5422 ﬂe-

171 5441 253 5499 vit
279 5447 382 5499 :dc
404 5459 510 5512 quo
545 5446 694 5496 varia
730 5441 870 5496 latina
898 5453 1016 5509 est;
1048 5441 1169 5495 aliis
1203 5456 1324 5495 eum
1358 5441 1612 5512 devotum
1640 5453 1738 5512 pro

169 5509 434 5569 Adriano'
471 5515 891 5579 asserentihus;
937 5513 1080 5573 aliis.
1109 5512 1251 5580 quod
1294 5517 1353 5565 et
1401 5509 1574 5580 (arma
1620 5511 1739 5580 ejus

169 5595 411 5640 ostentat
443 5595 496 5638 et
532 5584 695 5637 nimia
719 5585 968 5654 voluptas
996 5579 1262 5645 Adriani;
1307 5589 1362 5634 et
1396 5579 1569 5634 Gra'ci
1612 5579 1737 5654 qui-

173 5661 320 5722 dem,
338 5655 554 5709 volente
577 5654 656 5706 Ad
668 5650 984 5718 riano,'eum
1009 5660 1492 5722 consecraverunt,
1517 5650 1738 5704 oracula

173 5742 267 5797 per
285 5721 411 5797 eum
435 5725 550 5778 dari
583 5734 889 5797 asserentes
908 5741 923 5788 ;
939 5736 1085 5797 quae
1109 5721 1512 5797 Adrianusipsc
1525 5735 1741 5797 compa:

173 5791 654 5864 suissejactathrn
675 5793 950 5849 lnnumeri
981 5792 1276 5863 Striptores
1311 5791 1467 5864 hujus
1495 5791 1741 5864 catamiti

175 5855 555 5939 meminerunt.
579 5865 799 5939 Verum.
820 5875 878 5939 ut
897 5855 1408 5939 telnpusocompendi
1425 5855 1613 5939 facias,
1628 5859 1744 5928 lege

175 5936 511 6005 Scaligerum
546 5937 597 5991 in
623 5931 1177 5992 Animadversiduibus
1223 5934 1276 5986 in
1316 5931 1648 5997 Eusebium,
1687 5941 1742 5984 ct

1865 4712 2160 4775 potestate.
2194 4702 2346 4757 illum
2383 4699 2544 4773 47],
2591 4699 2892 4758 declaravit
2921 4701 3138 4770 dignum
3174 4702 3264 4771 qui
3299 4702 3439 4756 cole-

1863 4945 2223 5015 Salmasium,
2258 4957 2314 5003 ct
2345 4947 2746 5013 Casaubonum,
2785 4949 2837 5003 in
2869 4949 3010 5005 notis
3048 4948 3098 5002 in
3132 4947 3237 5003 IEI.
3273 4946 3435 5017 Spar-

1860 5020 2092 5074 tianum.
2124 5018 2315 5074 Scene.

1929 5087 2039 5160 (59)
2072 5089 2480 5155 Φυλάξαντος.
2517 5088 2662 5158 Lego
2693 5104 2814 5143 cum
2851 5087 3427 5160 Βοίιθτείιοίφυλάξας.

1855 5156 1975 5212 Mox
2020 5156 2361 5215 llmschelius
2405 5161 2457 5213 in
2514 5156 2662 5213 textu
2717 5160 2911 5224 habet,
2946 5159 3084 5231 πρὸς
3110 5156 3200 5212 τὸν
3233 5158 3432 5229 σεμνὸν

1851 5229 1982 5282 ἡμῖν
2021 5229 2250 5282 Ἰησοῦν.

1935 5247 1982 5284 ιν
2026 5246 2094 5284 ἰη
2103 5246 2250 5282 σουν.

1871 5247 1982 5298 λμιν
2026 5247 2250 5300 νιησουν.

1926 5298 2036 5370 (60)
2098 5299 2268 5370 Major
2326 5313 2450 5366 pars
2506 5300 3047 5370 manuscriptorum,
3106 5301 3424 5370 ἰστορεῖται.

1847 5371 2020 5430 Alius.
2055 5369 2358 5439 ἱστόρηται.

1920 5439 2031 5512 (61)
2086 5435 2269 5493 Audin
2309 5439 2458 5494 Ilanc
2501 5453 2690 5494 vocem
2723 5453 2844 5508 quae
2897 5439 3201 5504 exciderat,
3229 5457 3231 5459 ί
3260 5435 3426 5492 rcsti-

1848 5518 2005 5565 luunt
2038 5525 2171 5563 mss.

1918 5577 2031 5650 (62)
2074 5581 2265 5650 Τίνειν
2301 5579 2596 5647 θεήλατον
2635 5578 2756 5650 ἀπὸ
2797 5577 2904 5632 τοῦ
2956 5578 3265 5650 Ἀντινόου
3298 5593 3428 5632 ποι-

1844 5649 1982 5716 νήν.
2014 5648 2299 5719 scaliger,
2332 5663 2387 5704 ut
2417 5652 2674 5703 observat
2704 5648 3042 5714 Boherellus,
3079 5649 3133 5702 in
3163 5648 3424 5719 Animad-

1845 5737 1982 5774 νει-ε.
2031 5718 2252 5782 Euseb.,
2304 5735 2432 5774 ann.
2493 5719 2886 5786 MMCXLV,ICgil
2921 5723 3072 5773 πνεῖν
3097 5718 3322 5788 ποινήν,
3369 5727 3426 5771 et

1854 5790 2156 5860 Salmasius
2182 5791 2248 5843 ad
2283 5789 2633 5858 Spartianum
2659 5831 2672 5855 ,
2721 5792 2874 5842 πνεῖν
2909 5791 3077 5860 πνοὴν
3101 5829 3117 5860 ,
3152 5789 3424 5860 quomodo

1850 5869 1904 5916 et
1933 5861 2074 5930 apud
2111 5859 2445 5930 Scaligerum
2475 5860 2760 5929 legendum
2811 5859 3046 5930 videtur.
3093 5859 3200 5930 sed
3246 5859 3424 5930 placet

1853 5925 2069 6001 vulgata
2105 5925 2285 5998 lectio;
2309 5925 2554 6001 propter"
2576 5930 2706 5986 illud
2730 5969 2744 5997 ,
2779 5927 3038 5992 ἀσθενοῦς
3065 5927 3159 5981 τοῦ
3187 5925 3420 5981 συνειδό·
