3852 6418
507 339 609 395 967

1963 335 2125 394 OBiG
2136 337 2290 393 ΕΝιὸ
3655 338 3733 392 θῑδ

507 465 663 517 retur
695 472 802 513 nou
838 458 904 511 ab
936 455 1002 510 iis
1032 455 1195 510 modo
1219 456 1313 526 qui
1365 458 1528 511 vitam
1582 456 1879 513 emendare
1932 472 2078 514 Suam

2193 456 2495 530 τεραστίως
2546 459 2770 527 πιστικῇ
2832 456 3057 529 δυνάμει
3086 456 3198 527 (65)
3230 456 3556 527 συνέστησεν
3588 457 3731 522 αὑτὸν,

508 551 715 605 Vellent
743 589 759 613 ,
790 549 883 603 sed
908 549 1073 601 etiam
1098 562 1129 600 a
1164 546 1504 603 daemonibus
1536 548 1767 620 aliisque
1799 554 2083 618 potestati-

508 647 613 702 bus
661 658 782 712 quze
839 641 943 697 sub
994 656 1192 695 sensus
1225 656 1334 695 non
1369 641 1589 696 eadunt.
1626 642 1744 709 Quo
1784 643 1845 698 lit
1881 652 1941 696 ut
1986 644 2091 699 illa;

507 737 687 791 adhuc
712 735 998 789 videantur
1020 745 1111 788 aut
1140 733 1436 790 formidare
1456 733 1584 791 Jesu
1610 751 1805 791 nomen
1829 747 2088 806 tanquam

510 843 571 881 se
612 826 955 895 potentioris,
1011 836 1105 879 aut
1160 826 1370 897 legibus
1407 827 1527 897 ejus
1569 839 1824 897 tanquam
1876 830 2091 884 Domini

508 925 827 972 reverenter
853 919 1261 988 obtemperare.
1293 918 1407 973 Nisi
1436 922 1585 973 enim
1624 923 1701 976 sic
1748 938 1777 975 a
1823 922 1934 976 Deo
1961 938 2093 976 con-

508 1011 734 1064 stitutus
770 1009 981 1076 fuisset,
1009 1012 1308 1076 daemones,
1342 1012 1455 1066 solo
1478 1012 1595 1081 ejus
1624 1014 1973 1081 pronuntiato
1995 1030 2093 1068 no-

511 1103 682 1167 mine,
722 1118 830 1158 non
865 1104 1082 1157 exirent
1105 1119 1136 1159 e
1165 1104 1490 1174 corporibus
1518 1121 1637 1175 qua:
1671 1105 2015 1162 Obsidebant.

578 1396 667 1451 57.
703 1395 973 1450 Creternm
1009 1393 1245 1465 Egyptii
1292 1393 1440 1449 docti
1484 1396 1782 1450 Antinoum
1814 1398 2090 1462 venerari,

507 1486 687 1540 ferent
741 1486 890 1539 illum
932 1502 1054 1539 cum
1110 1487 1358 1554 Apolline
1406 1498 1497 1541 aut
1545 1486 1678 1542 Jove
1732 1490 2091 1558 comparari,

506 1579 706 1648 quippe
742 1580 832 1648 qui
865 1579 986 1634 ideo
1020 1580 1170 1633 illum
1198 1580 1404 1645 colant,
1430 1582 1555 1649 quia
1590 1583 1640 1635 in
1672 1583 1860 1636 eodem
1885 1598 1948 1637 ac
1974 1583 2092 1638 illos

509 1686 742 1724 numero
785 1670 1007 1726 habent.
1052 1669 1188 1725 Nam
1224 1684 1373 1726 certe
1404 1672 1594 1728 Celsus
1648 1675 1930 1740 mentitur,
1968 1691 2089 1729 cum

507 1764 623 1815 aitr
648 1778 752 1816 non
770 1778 1029 1831 passuros
1052 1763 1362 1834 Egyptios,
1400 1765 1571 1834 siqnis
1609 1766 1754 1819 illum
1777 1780 1899 1821 cum
1924 1766 2089 1835 Apol-

506 1857 620 1909 line
668 1866 761 1909 aut
799 1855 932 1910 Jove
982 1859 1407 1925 comparaverit.
1453 1878 1470 1911 ι
1504 1858 1573 1912 At
1614 1858 1951 1921 Christiani,
1997 1860 2086 1929 qui

505 1949 1086 2002 didiceruntazternam
1108 1964 1165 2003 se
1192 1964 1414 2003 manere
1439 1950 1602 2003 vitam
1633 1950 1685 2003 in
1711 1950 2087 2019 cognoscendo

506 2040 621 2093 solo
653 2056 838 2095 rerum
865 2042 1111 2095 omnium
1140 2057 1272 2095 vero
1300 2039 1411 2095 Deo
1444 2042 1512 2105 ⁷³,
1544 2052 1687 2096 eteo
1725 2058 1885 2111 quem
1918 2042 2084 2108 misit,

504 2132 632 2186 Jesu
663 2132 883 2187 Christo
912 2136 1145 2203 positam
1173 2150 1185 2194 ;
1226 2133 1317 2201 qui
1347 2144 1545 2186 norunt
1575 2149 1768 2188 omnes
1801 2134 1931 2188 deos
1954 2148 2086 2202 gen-

508 2226 641 2277 tium
679 2226 837 2278 avida
871 2241 990 2281 esse
1017 2226 1285 2280 diemouia
1319 2225 1530 2277 circum
1565 2226 1838 2289 victimas,
1868 2227 2087 2294 sangui-

506 2332 650 2377 nem,
710 2316 955 2386 aliasque
1006 2319 1402 2373 sacriﬁciorum
1458 2326 1641 2385 partes
1690 2319 1970 2373 volitantia
2014 2320 2081 2385 τ’,

507 2409 669 2479 idque
702 2419 760 2463 ut
788 2424 882 2464 cos
910 2411 1185 2480 decipiant
1217 2411 1306 2479 qui
1336 2412 1404 2464 ad
1428 2409 1593 2463 Deum
1631 2426 1811 2465 rerum
1843 2413 2084 2466 omnium

507 2515 613 2553 non
643 2498 992 2569 confugiunt;
1025 2501 1115 2569 qui
1162 2501 1341 2555 sciunt
1372 2502 1587 2555 divinos
1635 2511 1960 2572 sanctosque
1991 2504 2085 2560 Dei

505 2592 733 2659 angelos
759 2593 985 2647 alterius
1024 2602 1234 2648 naturae
1279 2603 1334 2647 et
1380 2594 1678 2647 voluntatis
1709 2609 1850 2657 esse,
1882 2609 1945 2648 ac
1974 2596 2085 2648 daa-

503 2699 695 2738 moues
729 2700 947 2749 omnes,
988 2686 1082 2755 qui
1114 2685 1166 2738 in
1202 2695 1347 2738 terra
1376 2696 1523 2747 sunt,
1559 2686 1764 2755 hosque
1797 2689 2085 2756 perpaucis

501 2784 665 2829 notos
700 2788 849 2839 esse,
884 2775 951 2829 iis
985 2776 1247 2828 nimirum
1279 2776 1369 2845 qui
1406 2778 1708 2845 prudenter
1744 2788 1798 2832 et
1829 2788 2085 2833 accurate

504 2867 609 2921 illis
634 2868 1030 2938 cognoscendis
1060 2870 1190 2923 dant
1211 2884 1435 2938 operam
1459 2886 1471 2934 ;
1493 2870 1812 2935 Christiani,
1842 2872 2081 2941 inquam,

502 2973 609 3012 non
634 2960 984 3014 sustinebunt
1013 2960 1320 3029 comparari
1350 2962 1654 3030 Apollinem
1682 2971 1733 3016 et
1754 2960 1965 3030 Jovem,
1992 2975 2086 3018 aut

500 3049 751 3118 quemvis
800 3065 1024 3115 eorum,
1070 3051 1161 3120 qui
1209 3052 1406 3121 adipe,
1451 3055 1714 3123 sanguine
1747 3061 1801 3109 et
1849 3055 2085 3111 victimis

501 3145 808 3214 placantur.
842 3145 1004 3215 Cujus
1026 3146 1101 3199 rei
1132 3146 1357 3214 quidam
1387 3157 1548 3201 erant
1575 3146 1814 3216 quidem,
1839 3148 1930 3217 qui
1959 3162 2085 3202 cau-
2111 3187 2153 3243 ε

502 3252 616 3289 sam
641 3235 839 3291 atl‘erre
863 3251 974 3305 pra:
1008 3252 1106 3291 sua
1140 3238 1490 3309 simplicitate
1522 3255 1625 3293 non
1655 3250 1932 3309 poterunt,
1957 3256 2084 3294 rou-

502 3329 636 3380 tenti
672 3331 919 3383 studiose
950 3345 1174 3385 scrvare
1208 3346 1329 3398 qua:
1363 3330 1673 3400 acceperint
1705 3346 1718 3383 :
1754 3332 1848 3386 sed
1879 3330 1968 3384 alii
1996 3348 2085 3384 ra-

504 3419 677 3472 tiones
714 3421 939 3476 rcdilcnt
983 3422 1219 3487 solidas,
1264 3422 1590 3493 profundas,
1638 3433 1709 3487 et,
1757 3434 1816 3478 ut
1861 3422 2084 3481 Graacus

501 3508 734 3575 diceret,
770 3512 1076 3575 interiores
1108 3523 1273 3582 atque
1312 3531 1379 3567 ex
1414 3513 1718 3569 visceribus
1756 3516 1833 3569 rei
1868 3517 2081 3571 ductas.

504 3599 719 3656 Etenim
774 3603 939 3657 tnulta
990 3606 1173 3659 dicent
1219 3606 1285 3660 de
1324 3607 1433 3659 Deo
1470 3606 1662 3674 iisque,
1710 3607 1909 3675 quibus
1944 3609 2082 3663 Deus

503 3703 712 3746 tantum
767 3695 993 3749 honoris
1027 3695 1243 3760 habuit,
1283 3706 1341 3750 ut
1390 3713 1488 3767 per
1539 3698 1875 3768 unigenitum
1914 3699 2079 3754 Deum

499 3782 737 3839 Verbum
771 3785 892 3840 illos
923 3785 1238 3841 divinitatis
1272 3791 1519 3859 adeoque
1550 3800 1606 3844 et
1648 3791 1885 3846 nominis
1914 3794 2082 3860 parti-

497 3875 648 3944 cipes
680 3875 903 3931 faceret.
944 3876 1112 3931 Multa
1153 3880 1320 3933 etiam
1365 3881 1471 3933 dici
1519 3891 1746 3948 possunt
1776 3882 1842 3935 de
1883 3883 2081 3938 divinis

495 3967 710 4036 angelis
731 3970 955 4045 “nulla
981 3972 1049 4025 de
1088 3970 1157 4023 iis
1179 3970 1273 4040 qui
1304 3971 1521 4024 veritati
1550 3971 1745 4026 infensi
1778 3983 1925 4038 sunt,
1958 3976 2080 4044 qui-

496 4073 604 4125 que
629 4060 866 4127 primum
920 4062 1163 4131 decepti,
1196 4076 1263 4115 ex
1313 4075 1505 4115 errore
1542 4062 1732 4117 haberi
1764 4064 1954 4118 volunt
1987 4077 2081 4121 aut

496 4166 598 4221 pro
633 4150 761 4216 diis,
794 4163 889 4205 aut
923 4168 1021 4222 pro
1052 4153 1143 4207 Dei
1176 4153 1406 4223 angelis,
1430 4164 1523 4208 aut
1551 4170 1651 4224 pro
1682 4154 1837 4210 bonis
1876 4156 2074 4212 dmmo-

494 4245 678 4312 nibus,
733 4256 828 4300 aut
886 4262 985 4316 pro
1033 4246 1319 4311 heroibus,
1363 4249 1414 4301 in
1458 4264 1595 4317 quos
1626 4249 1861 4304 humana
1897 4252 2077 4306 anima

497 4341 636 4392 bona
697 4354 967 4394 conversa
1030 4340 1247 4394 fuisset.
1306 4339 1574 4396 Prwterea
1634 4343 1941 4412 probabunt
2000 4344 2075 4399 illi

492 4431 822 4498 Christiani,
850 4434 1308 4502 quemadmodum
1340 4436 1392 4489 in
1415 4435 1761 4506 philosophia
1790 4434 1944 4490 multi
1972 4437 2075 4491 sibi

2191 552 2268 615 ὼς
2320 551 2487 622 τιμῆς
2538 550 2709 617 ἀξιον,
2744 551 2806 603 ού
2859 554 2973 613 τοῖς
3019 551 3302 621 εύφῳνεῖν
3348 550 3583 605 ἐθέλουσι
3612 553 3734 622 μόνον

2192 643 2530 716 ἀνθρώποις,
2566 644 2702 698 ἀλλά
2754 644 2848 696 xui
2878 642 3118 714 δαίμοσι,
3162 644 3257 697 xui
3300 642 3489 707 ἄλλαις
3527 644 3736 715 ἀοράτοις

2191 740 2508 811 δυνάμεσιν·
2543 740 2749 803 αἵτινες
2773 738 2933 810 μέχρι
2965 738 3059 791 τοῦ
3088 738 3246 809 δεῦρο
3274 739 3615 810 ἐμφαίνουσιν
3644 740 3735 809 ἦτοι

2193 834 2525 904 φοϐούμεναι
2577 834 2639 886 τὸ
2669 833 2841 902 ὄνομα
2887 831 2981 885 τοῦ
3028 831 3202 903 Ἰησοῦ
3256 832 3333 894 ὡς
3384 833 3736 904 κρείττονος,ἢ

2195 926 2506 998 σεϐασμίως
2534 926 2925 996 ἀποδεχόμεναι
2958 924 3033 988 ὼς
3063 924 3205 978 κατά
3236 924 3439 994 νόμους
3469 924 3631 978 αὐτῶν
3659 926 3735 997 ἀρ-

2195 1034 2401 1088 χοντος.
2434 1018 2496 1070 Εἰ
2528 1016 2636 1088 γάρ
2668 1017 2743 1087 μὴ
2770 1015 2952 1068 θεόθεν
2974 1010 3042 1085 ἦν
3071 1014 3222 1084 αὐτῷ
3253 1014 3471 1069 δοθεῖσα
3497 1014 3733 1079 σύστασις,

2192 1110 2293 1163 οὐκ
2316 1109 2382 1163 ἂν
2428 1109 2521 1162 xui
2549 1108 2802 1179 δαίμονες
2852 1106 2929 1177 τῷ
2958 1106 3181 1176 ὀνόματι
3230 1106 3397 1160 αὑτοῦ
3446 1108 3738 1177 ἀπαγγελλο-

2198 1201 2345 1270 μένῳ
2378 1199 2534 1268 μόνον
2563 1195 2801 1261 εἴκοντες
2831 1195 3135 1267 ἀνεχώρουν
3179 1196 3289 1249 ἀπὸ
3323 1196 3433 1251 τῶν
3468 1198 3555 1250 ὑπ’
3594 1199 3736 1252 αὐτῶν

2195 1293 2323 1346 πολε
2332 1308 2432 1363 μου
2441 1292 2635 1362 μένων.
3742 1294 3743 1297 ‘

2264 1385 2550 1453 Αἰγύπτιοι
2597 1383 2695 1454 μὲν
2727 1378 2819 1436 οὖν
2869 1382 3209 1452 διδαχθέντες
3236 1382 3330 1436 τὸν
3372 1382 3624 1435 Ἀντίνοον
3664 1383 3735 1435 σέο

2196 1478 2332 1539 ϐειν,
2378 1475 2472 1529 ἐὰν
2519 1473 2670 1545 αύτῷ
2717 1473 3042 1545 παραϐάλῃς
3082 1473 3192 1543 (64)
3230 1473 3540 1526 Ἀπόλλωνα
3575 1474 3604 1545 ἦ
3640 1475 3734 1537 Δία,

2194 1567 2491 1633 ἀνέξονται,
2524 1566 2882 1635 σεμνύνοντες
2897 1565 2986 1618 τὸν
3030 1565 3299 1617 Ἀντίνοον
3317 1564 3407 1617 διά
3434 1564 3522 1617 τοῦ
3548 1566 3736 1628 ἐκείνοις

2194 1660 2356 1713 αὑτὸν
2380 1657 2749 1729 συναριθμεῖν.
2778 1658 2888 1710 Καὶ
2919 1658 2977 1710 ὲν
3007 1657 3219 1720 τούτοις
3242 1656 3353 1727 γὰρ
3384 1659 3413 1709 ὁ
3446 1657 3635 1721 Κέλσος
3657 1675 3734 1711 σαο

2194 1751 2309 1819 φῶς
2355 1751 2637 1821 ψεύδεται,
2672 1750 2846 1819 λέγων
2871 1767 2883 1781 ·
2920 1769 2937 1800 ι
2976 1749 3093 1803 Κάν
3132 1748 3457 1821 παραϐάλῃς
3503 1750 3636 1819 αὐτῷ
3664 1750 3737 1803 τὸν

2122 1837 2162 1891 Β
2205 1843 2514 1897 Ἀπόλλωνα
2534 1844 2566 1915 ἢ
2587 1843 2677 1895 τὸν
2712 1841 2832 1906 Δία,
2862 1842 2962 1894 οῦκ
2988 1841 3289 1904 ἀνέξονται.
3314 1860 3332 1891 ι
3353 1842 3670 1912 Χριστιανοίς
3692 1843 3736 1894 δὲ

2195 1935 2539 2007 μεμαθηκόσι
2562 1935 2661 2006 τὴν
2686 1933 2904 1987 αἰώνιον
2927 1934 3111 1996 αὐτοῖς
3152 1929 3292 1987 εἶναι
3320 1932 3467 2005 ζωὴν
3499 1936 3553 1988 ὲν
3576 1933 3643 2003 τῷ
3667 1951 3736 2002 γι-

2190 2028 2457 2097 γνώσκειν
2472 2028 2563 2080 τὸν
2597 2027 2757 2099 μόνον
2792 2025 2886 2079 ἐπὶ
2910 2027 3073 2079 πᾶσιν
3108 2024 3363 2095 ἀληθινὸν
3394 2026 3525 2079 Θεὸν
3543 2067 3557 2090 ,
3587 2028 3665 2079 xui
3690 2027 3736 2079 ὃν

2190 2124 2398 2184 ἐκεῖνος
2426 2119 2746 2174 ἀπέστειλεν
2777 2118 2984 2189 Ἰησοῦν
3013 2120 3249 2190 Χριστόν
3276 2136 3288 2149 ο
3331 2119 3561 2190 μαθοῦσι
3583 2119 3632 2172 δὲ
3660 2119 3737 2171 xui.

2188 2218 2270 2269 ὅτι
2300 2216 2495 2277 πάντες
2518 2214 2615 2285 μὲν
2643 2215 2692 2266 οἱ
2727 2212 2839 2265 θεοὶ
2856 2214 2964 2267 τῶν
2989 2213 3158 2267 ἐθνῶν
3184 2215 3291 2267 εἰσι
3324 2214 3570 2284 δαιμόνια
3590 2212 3737 2282 λιχνά,

2188 2309 2284 2361 xui
2318 2306 2449 2378 περὶ
2495 2306 2593 2369 τάς
2632 2305 2825 2369 θυσίας
2862 2306 3011 2377 (65),
3047 2308 3142 2359 xui
3172 2306 3241 2360 τὰ
3272 2308 3514 2377 αἵματα,
3548 2306 3738 2369 καὶτὰς

2186 2398 2295 2450 ἀπὸ
2327 2397 2434 2450 τῶν
2486 2395 2683 2449 θυσιῶν
2718 2396 3001 2467 ἀποφοράς
3038 2397 3435 2468 καλινδούμενα
3465 2398 3555 2450 ἐπὶ
3584 2397 3739 2466 ἀπάτῃ

2186 2490 2294 2542 τῶν
2332 2490 2406 2561 μὴ
2433 2490 2929 2561 προσπεφευγότων
2962 2489 3039 2560 τῷ
3068 2492 3161 2543 ἐπὶ
3196 2493 3331 2544 πᾶσι
3357 2490 3492 2561 Θεῷ
3523 2492 3569 2544 οἱ
3591 2490 3640 2544 δὲ
3658 2487 3737 2542 τοῦ

2187 2583 2319 2637 θεοῦ
2352 2583 2482 2636 θεῖοι
2524 2585 2617 2637 xui
2651 2583 2795 2653 ἅγιοι
2824 2583 3043 2653 ἄγγελοι
3074 2583 3241 2654 ἄλλης
3268 2584 3378 2636 εἰσὶ
3412 2585 3611 2653 φύσεως
3644 2582 3737 2652 (66)

2188 2678 2282 2730 xui
2316 2679 2694 2749 προαιρέσεως
2740 2676 2893 2747 παρὰ
2925 2677 3050 2732 τοὺς
3089 2675 3179 2729 ἐπὶ
3208 2676 3313 2747 γῆς
3346 2678 3549 2740 πάντας
3580 2676 3738 2745 δαίμο-

2186 2787 2302 2835 νας-⁸
2330 2772 2427 2825 xui
2465 2772 2547 2823 ὅτι
2584 2765 2729 2824 οῦτοι
2764 2770 2965 2841 σφόδρα
3004 2770 3205 2838 ὀλίγοις
3236 2770 3618 2839 γιγνώσκονται
3644 2772 3737 2833 tot;

2186 2862 2317 2933 περὶ
2366 2862 2573 2916 τούτων
2605 2862 2839 2925 συνετῶς
2873 2863 2964 2914 xui
3009 2862 3287 2932 ἐπιμελῶς
3318 2862 3621 2933 ζητήσασιν,
3657 2862 3737 2913 ἐὰν

2187 2953 2515 3026 παραϐάλῃς
2556 2953 2871 3007 Ἀπόλλωνα
2920 2952 3015 3005 xui
3059 2954 3255 3025 Δία,ἦ
3295 2971 3415 3007 τινα
3468 2954 3569 3006 τῶν
3622 2952 3737 3023 μετά

2186 3047 2436 3117 κνίσσης,
2464 3048 2558 3100 xui
2579 3047 2830 3118 αἵματος,
2866 3046 2959 3101 xui
2993 3045 3227 3112 θυσιῶν,
3259 3049 3735 3119 προσκυνουμένων,

2186 3139 2286 3192 οὐκ
2321 3139 2634 3207 ἀνέξονται·
2673 3141 2817 3204 τινὲς
2859 3140 2956 3210 μὲν
2992 3140 3079 3194 διὰ
3110 3140 3208 3211 τὴν
3234 3141 3435 3212 πολλὴν
3477 3141 3735 3210 ἁπλότητα,

2189 3228 2264 3300 μὴ
2292 3231 2491 3294 εἰδότες
2526 3232 2622 3302 μὲν
2642 3230 3003 3300 δοῦναιολόγον
3037 3235 3164 3303 περὶ
3194 3226 3268 3287 ὧν
3291 3234 3549 3299 ποιοῦσιν,
3570 3234 3739 3301 εὐγνω-

2188 3321 2367 3391 μόνως
2392 3321 2451 3374 δὲ
2483 3321 2776 3392 τηροῦντες
2795 3322 2830 3376 ἃ
2857 3323 3258 3395 παρειλήφασιν
3288 3342 3302 3355 ⁸
3353 3326 3527 3396 ἕτεροι
3557 3326 3606 3378 δὲ
3635 3324 3735 3395 μετ’

2184 3410 2284 3462 οὐκ
2312 3412 2804 3482 εῦκαταφρονήτων
2828 3411 3020 3480 λόγων,
3047 3413 3182 3467 ἁλλά
3206 3414 3301 3468 xui
3327 3413 3638 3485 βαθυτέρων,
3658 3414 3737 3465 xui

2186 3506 2281 3575 (ὡς
2314 3505 2378 3560 ἄν
2402 3506 2545 3558 εἴποι
2569 3522 2652 3569 τις
2679 3506 2924 3578 Ἕλλην,)
2955 3509 3300 3578 ἐσωτερικῶν
3320 3510 3412 3561 xui
3434 3507 3733 3567 ἐποπτικῶν,

2184 3601 2241 3651 ὲν
2261 3595 2341 3662 οἷς
2376 3598 2542 3661 πολύς
2565 3600 2679 3650 ἐστι
2712 3598 2871 3666 λόγος
2898 3601 3025 3670 περὶ
3058 3600 3192 3653 Θεοῦ
3226 3602 3322 3653 xui
3349 3600 3455 3653 τῶν
3474 3598 3736 3670 τετιμημέ-

2182 3707 2289 3743 νων
2321 3689 2431 3742 ἀπὸ
2459 3689 2594 3741 Θεοῦ
2624 3688 2712 3741 διά
2731 3690 2825 3741 τοῦ
2849 3691 3176 3761 μονογενοῦς
3205 3692 3341 3745 Θεοῦ
3358 3693 3527 3760 Λόγου
3558 3691 3730 3763 μετοχῇ

2184 3782 2436 3853 θεότητος
2473 3783 2609 3853 (67),
2644 3782 2733 3836 διὰ
2774 3782 2935 3836 τοῦτο
2960 3783 3015 3836 δὲ
3054 3784 3145 3836 καὶ
3172 3784 3419 3861 ὀνόματι.
3455 3785 3612 3845 Πολὺς
3635 3782 3732 3835 δὲὸ

2181 3876 2337 3943 λόγος
2363 3875 2457 3927 xui
2483 3876 2513 3928 ὁ
2539 3876 2668 3945 περί⁹
2691 3875 2801 3929 τῶν
2830 3876 2989 3930 θείων
3010 3877 3277 3945 ἀγγέλων,
3320 3879 3415 3932 xui
3445 3880 3472 3931 ὁ
3503 3896 3561 3930 πε
3570 3877 3620 3949 pi
3642 3876 3732 3929 τῶν

2190 3968 2456 4020 ἐναντίων
2509 3967 2609 4038 μὲν
2653 3970 2717 4039 τῇ
2768 3968 3017 4040 ἀληθείᾳ,
3052 3970 3423 4041 ἠπατημένων
3460 3971 3533 4034 δὲ,
3571 3969 3653 4022 xui
3682 3964 3733 4030 ἐξ

2183 4061 2400 4133 ἀπάτης
2458 4063 2653 4124 αὐτοὺς
2698 4063 3138 4133 ἀναγορευόντων
3188 4062 3367 4128 θεοὺς,
3413 4065 3444 4135 ἦ
3497 4062 3730 4131 ἀγγέλους

2181 4154 2338 4217 Θεοῦ,
2374 4154 2407 4225 ἦ
2442 4154 2699 4226 δαίμονας
2740 4155 2999 4223 ἀγαθοὺς,
3049 4156 3082 4226 ἢ
3124 4156 3314 4226 ἥρωας
3357 4159 3421 4209 ἐκ
3462 4153 3729 4227 μεταϐολῆς

2182 4249 2482 4312 συστάντας
2514 4247 2727 4317 ἀγαθῆς
2759 4247 3107 4321 ἀνθρωπίνης
3138 4248 3337 4319 ψυχῆς.
3375 4251 3438 4303 Ui
3460 4249 3511 4302 δὲ
3532 4246 3727 4301 τοιοῦτοι

2181 4342 2501 4413 Χριστιανοὶ
2530 4341 2625 4395 xui
2652 4340 3173 4405 κατασκευάσουσιν,
3203 4343 3286 4395 ὅτι
3308 4383 3321 4405 ,
3358 4343 3539 4413 ὥσπερ
3573 4338 3725 4393 πολλοὶ

2178 4436 2235 4488 ὲν
2257 4435 2543 4505 φιλοσοφία
2565 4433 2812 4487 δοκοῦσιν
2840 4429 2975 4486 εἶναι
3008 4435 3068 4486 ὲν
3096 4433 3325 4507 ἀληθείᾳ
3346 4475 3360 4499 ,
3389 4437 3501 4506 ἦτοι
3532 4432 3725 4493 ἑαυτοὺς

493 4527 751 4581 videnlur
786 4528 1081 4582 veritatem
1115 4538 1321 4593 tenere,
1358 4531 1451 4600 qui
1481 4541 1657 4585 tamen
1690 4539 1783 4585 aut
1804 4531 1965 4601 seipsi
1998 4531 2072 4585 si-

2192 4526 2677 4597 κατασοφισάμενοι
2715 4524 2895 4595 λόγοις
2932 4526 3197 4590 πιθανοῖς,
3229 4528 3262 4598 ἢ
3291 4531 3401 4590 τοῖς
3433 4529 3518 4596 ὑφ’
3553 4526 3722 4595 ἐτέρωύ

493 4619 714 4674 milibus
747 4620 861 4674 veri
896 4621 1201 4676 rationibus
1238 4620 1581 4688 fefellerunt,
1622 4632 1714 4676 aut
1742 4626 1976 4677 inventis
2005 4623 2070 4677 ab

488 4710 613 4765 aliis
655 4712 1017 4783 adductisque
1068 4723 1274 4768 temere
1321 4730 1654 4770 consensum
1686 4718 2067 4786 praebuerunt;

486 4803 569 4857 sic
603 4804 746 4858 inter
779 4806 993 4860 animas
1015 4822 1045 4861 e
1070 4807 1394 4877 corporibus
1423 4823 1690 4878 egressas,
1729 4809 1869 4862 inter
1901 4822 2064 4876 auge-

488 4887 571 4945 los
596 4900 650 4944 et
679 4893 976 4959 daemones,
1001 4910 1123 4951 esse
1153 4897 1443 4965 quosdam,
1477 4898 1568 4966 qui
1596 4898 1917 4967 quibusdam
1945 4912 2070 4966 pro—

578 5004 622 5035 '”
659 5004 817 5063 Joan.
847 5023 980 5075 xvn,
1014 5008 1067 5064 '5.

485 5116 598 5163 τος,
628 5112 682 5153 ct
710 5100 988 5172 θεήλατον.

556 5172 667 5239 (65)
707 5172 1183 5250 ᾉίιολούθωςητῇ
1240 5177 1310 5232 ἐν
1365 5176 1446 5244 τῷ
1496 5176 1700 5249 λέγειν
1746 5180 2065 5246 τεραστίως

483 5242 731 5313 mortem]
755 5242 1022 5313 δυνάμει.
1052 5242 1248 5301 Guteto
1276 5242 1626 5303 scribendum
1668 5242 1904 5310 videtur.
1931 5242 2064 5303 ἀκοὲ

484 5310 688 5375 λούθως
716 5315 780 5383 τῇ
808 5316 883 5392 ⁵ὲν
907 5310 1000 5385 ⁷τῷ
1036 5316 1197 5392 λόγῳΔ
1230 5319 1532 5392 τεραστίως
1589 5322 1846 5392 ποιητικῇ
1904 5320 2066 5373 δυνά-

486 5398 600 5453 μει,
628 5385 1424 5459 υιιεητὸ,ποιητικῇδυνάμει,
1457 5385 1741 5457 requirere
1775 5385 2065 5459 efvidetur

483 5455 798 5528 praecedens
821 5456 971 5519 illud,
990 5455 1351 5528 πεποιηκέναι
1370 5455 1553 5524 ἔδοξαν
1573 5460 1734 5513 αὐτὸν
1751 5457 1888 5513 εἶναι
1906 5461 2058 5515 Θεόν.

556 5522 690 5601 (64).
713 5522 875 5601 Libb.
916 5530 1109 5601 excusi
1140 5522 1192 5582 ili
1228 5522 1494 5601 margine,
1517 5530 1801 5601 Αἰγυπτίῳ
1836 5532 1936 5601 μὲν
1968 5529 2061 5586 οὖν

556 5549 647 5592 (υιι
713 5549 869 5581 ιιιυυ.
916 5549 1098 5581 excusi
1140 5549 1192 5582 Ill
1228 5549 1801 5598 margtne,myumuo
1877 5549 1936 5584 εν
1968 5549 2058 5586 ουν

479 5549 782 5677 διδαχόέντι
831 5597 919 5650 τὸν
967 5598 1232 5653 Ἀντίνοον
1280 5599 1476 5665 σέϐειν,
1530 5600 1641 5677 ἐάν
1671 5549 2058 5677 παραὲάλλῃς,

481 5675 588 5741 etc.
626 5667 831 5734 Sicque
860 5683 1051 5723 mnnes
1100 5687 1230 5723 mss.
1278 5684 1506 5740 excepto
1540 5667 1763 5727 Joliano'
1790 5667 2057 5741 cujus'ieé

479 5737 719 5819 ctionem
759 5756 807 5790 Ill
847 5746 998 5794 textu
1034 5744 1318 5808 scquimur
1362 5737 1433 5797 ob
1460 5746 1740 5810 sequentia
1780 5737 2061 5808 ἀνέξονται

480 5821 538 5856 σε
544 5823 849 5876 μνυνοντες.

1170 5011 1215 5044 ⁷²
1243 5011 1389 5067 Psal.
1427 5026 1551 5079 xcv,
1578 5012 1633 5067 5.

2179 4618 2611 4691 προσαγομένοις
2634 4618 2726 4689 καὶ
2756 4617 3026 4689 εὑρεθεῖσι
3058 4619 3520 4691 συγκαταθέμενοι
3552 4632 3726 4689 προπε-

2176 4713 2304 4777 τῶς·
2324 4712 2496 4775 οὖτως
2512 4714 2619 4764 εἰσὶ
2640 4711 2733 4763 καὶ
2755 4711 2813 4764 ὲν
2836 4714 2954 4773 ταῖς
2981 4709 3083 4775 ἔξω
3113 4712 3385 4781 σωμάτων
3414 4712 3518 4783 (68)
3533 4711 3721 4780 ψυχαῖς,

2176 4807 2271 4860 καὶ
2292 4805 2551 4875 ἀγγέλοις
2576 4806 2668 4858 xui
2694 4803 2914 4875 δαίμοσί
2940 4820 3104 4869 τινες,
3141 4805 3246 4857 ὑπὸ
3260 4805 3367 4859 τῶν
3390 4804 3723 4874 πιθανοτήτων

2179 4900 2531 4961 ὲλκυσθέντες
2564 4898 2700 4968 πρὸς
2714 4897 2776 4951 τὸ
2801 4896 3025 4960 ἑαυτοὺς
3049 4898 3413 4969 ἀναγορεῦσαι
3447 4899 3608 4960 θεούς.
3633 4893 3723 4947 Καὶ

2242 5106 2357 5179 (65)
2398 5102 2783 5179 Καὶπερὶ-τᾲς
2800 5102 3031 5179 θυσίας,
3062 5104 3319 5179 ete._Vide
3336 5120 3453 5175 qum
3482 5101 3723 5179 abilui-Iin

2169 5172 2444 5247 disputata
2479 5189 2609 5230 sunt
2645 5172 3093 5244 ()rigeuianorum
3133 5174 3231 5227 lib.
3269 5190 3328 5240 ιι,
3353 5172 3642 5244 ἶιυωειὶοηθ
3674 5172 3718 5233 5,

2170 5246 2321 5302 Itum.
2348 5246 2436 5300 58.

2242 5318 2355 5387 (66)
2394 5312 2943 5387 Φύσεωςτᾼ-(ἒοηειιΙο
2978 5330 3113 5387 qiue
3150 5315 3463 5371 observavit
3520 5313 3718 5370 lluetius

2172 5385 2617 5457 Origeuianorum
2646 5385 2738 5457 lib.
2768 5400 2828 5449 ll,
2865 5398 3055 5457 qtttnst.
3086 5386 3142 5447 5.
3181 5403 3330 5444 num.
3366 5387 3397 5437 7
3420 5399 3473 5441 et
3506 5389 3555 5441 8.

2245 5449 2355 5529 (67)
2400 5454 2852 5529 ΜδΒἿ-θεὸτητος.
2883 5449 3048 5529 Libl).
3084 5459 3272 5529 excusi
3307 5459 3360 5511 in
3403 5468 3571 5529 textu,
3599 5449 3718 5529 θειρς

2170 5518 2369 5600 τητοςξλ
2406 5518 2697 5581 Moxlorte
2728 5518 3095 5580 'scribendum
3147 5525 3340 5593 fuerit,
3380 5528 3465 5581 διά
3491 5525 3635 5581 τοῦτο
3670 5518 3717 5570 δὲ

2171 5598 2265 5653 καὶ
2286 5598 2565 5669 ὀνόματος.

2245 5671 2355 5739 (68)
2381 5663 2591 5732 οὕτως
2620 5666 2737 5721 εἰσὶ
2771 5666 2867 5719 καὶ
2898 5665 2968 5739 ἐν
2996 5666 3125 5734 ταῖς
3167 5668 3286 5734 ἔξω
3333 5668 3621 5739 σωμάτων.
3653 5663 3712 5713 lta

2176 5750 2324 5793 recte
2356 5742 2526 5793 codex
2560 5740 2828 5796 Julianus,
2865 5738 3003 5791 male
3054 5756 3183 5791 vero
3205 5741 3293 5791 alii
3342 5752 3395 5794 et
3424 5738 3573 5792 libb.
3622 5739 3711 5786 in;-

2173 5807 2557 5879 pressi,o%-.w;
2587 5810 2691 5860 είσὶ
2725 5809 2818 5862 xui
2850 5810 2901 5862 ui
2936 5810 2991 5861 ἐν
3025 5812 3143 5872 ταῖς
3177 5810 3281 5877 ἔξω
3307 5810 3577 5881 σωμάτων.
