3852 6418
155 366 244 424 969
1359 363 1637 418 CONTRA
1677 364 1952 420 CELSUM
1985 363 2115 417 LIB.
2155 364 2239 418 Ill.

3255 371 3366 427 970

152 483 224 536 διὰ
256 482 374 542 τοὺς
413 481 687 543 τοιούτους
720 496 782 547 γε
825 479 1012 547 λόγους
1045 477 1156 548 (69)
1197 478 1337 532 κατὰ
1377 481 1437 531 τὸ
1471 481 1675 552 ἀκριδὲ.

1799 481 2171 536 babilitatibus
2223 480 2426 535 inducti
2462 480 2626 552 572
2661 491 2809 547 sunt,
2850 491 2908 536 ut
2957 499 3016 537 se
3059 485 3187 539 deos
3242 502 3365 542 esse

150 573 343 634 τελείως
388 574 447 626 ὲν
497 572 806 642 ἀνθρώποις
863 573 936 642 μὴ
987 572 1319 640 δυναμένους
1378 574 1691 646 εὑρεθῆναι,

148 667 360 733 ἀσςαλὲς
383 665 643 736 ἐνομίσθη
671 666 731 718 τὸ
769 665 956 735 μηδενὶ
987 665 1190 718 ἑαυτὸν
1209 664 1567 736 ἐμπιστεῦσαι
1604 666 1694 718 ἄν·

148 759 340 829 θρωπον
377 758 506 810 ὄντα
539 757 621 820 ὡς
653 756 790 826 Θεῷ,
825 755 962 826 πλὴν
985 756 1142 826 μόνου
1172 756 1264 810 τοῦ
1303 756 1394 808 ἐπὶ
1426 759 1587 809 πᾶσιν
1619 757 1695 818 ὼς

144 848 408 918 διαιτητοῦ,
440 847 510 901 τὰ
546 848 824 918 βαθύτατα
861 847 1031 900 ταῦτα
1061 849 1154 901 καὶ
1181 847 1550 919 θεωρήσαντες
1597 849 1693 901 καὶ

143 939 317 1006 ὀλίγοις
348 938 687 1009 παραδόντος
727 938 899 1009 Ἰησοῦ
917 938 1168 1011 Χριστοῦ.

201 1029 322 1100 Περὶ
347 1028 444 1098 μὲν
475 1025 576 1082 οὖν
609 1029 705 1082 τοῦ
749 1029 1034 1096 ’Δντινόου,
1077 1030 1111 1100 ἡ
1143 1047 1284 1093 τινος
1317 1029 1474 1083 ἄλλου
1517 1028 1691 1082 τοιού-

141 1137 237 1181 του,
268 1119 368 1171 εἴτε
403 1122 536 1190 παρ’
565 1119 905 1188 Αἰγυπτίοις,
929 1121 1038 1174 εἴτε
1072 1121 1199 1191 παρ’
1234 1121 1475 1190 Ἕλλησι,
1511 1122 1690 1184 πίστις

142 1213 268 1265 ἐστὶν
300 1212 383 1282 (ἶν’
406 1210 586 1276 οὕτως
611 1213 887 1284 ὀνομάσω)
946 1214 1150 1284 ἀτυχής
1171 1231 1184 1243 ·
1220 1215 1345 1284 περὶ
1367 1214 1422 1266 δὲ
1451 1214 1542 1267 τοῦ
1583 1217 1689 1286 Ἰη-

143 1303 218 1357 σοῦ
249 1304 358 1374 ῆτοι
384 1303 686 1368 sesama»
734 1301 871 1358 εἶναι
901 1305 1147 1376 εὐτυχὴς,
1184 1306 1216 1376 ἢ
1251 1308 1342 1359 καὶ
1404 1307 1688 1376 βεϐασανι-

149 1397 334 1467 σμένως
361 1396 736 1468 ἐξητασμένη,
757 1398 986 1452 δοκοῦσα
1006 1400 1104 1469 μὲν
1132 1399 1358 1470 εὐτυχὴς
1395 1401 1540 1470 παρὰ
1578 1403 1688 1463 τοῖς

139 1488 342 1552 πολλοῖς,
380 1489 866 1560 βεϐασανισμένως
891 1492 947 1545 δὲ
982 1493 1321 1563 ἐξητασμένη
1363 1493 1512 1562 παρὰ
1543 1493 1684 1546 πάνυ

137 1581 474 1650 ὁλιγωτάτοιςέ
497 1583 620 1638 Κᾶν
653 1584 796 1652 λέγω
819 1584 929 1656 (70)
961 1586 1018 1638 δέ
1048 1603 1169 1639 τινα
1203 1587 1382 1638 πίστιν
1413 1583 1577 1648 εἶναι,
1612 1587 1687 1649 ὡς

138 1675 189 1728 ἂν
220 1677 263 1728 ei
304 1674 487 1730 πολλοὶ
530 1675 882 1745 ὀνομάσαιεν,
917 1678 1116 1748 εὐτυχῆ
1145 1696 1156 1707 ·
1195 1679 1288 1732 καὶ¹
1332 1679 1458 1747 περὶ
1485 1680 1686 1749 ταύτης

137 1766 360 1839 ἀναφέρω
382 1767 473 1819 τὸν
501 1766 666 1835 λόγον
692 1768 782 1820 ἐπὶ
798 1768 888 1821 τὸν
909 1769 1083 1822 εἰδότα
1099 1770 1233 1823 Θεὸν
1259 1770 1357 1833 τὰς
1387 1772 1560 1834 αἰτίας
1581 1772 1686 1824 τῶν

137 1857 320 1928 ἑκάστῳ
367 1860 794 1932 μεμερισμένων
830 1860 1177 1931 ἐπιδημοῦντι
1212 1861 1287 1931 τῷ
1329 1861 1425 1932 βίῳ
1453 1863 1558 1915 τῶν
1592 1864 1684 1916 άν-

139 1948 357 2018 θρὼπων.
387 1951 500 2004 Καὶ
533 1951 797 2021 ’Έλληνες
828 1952 884 2004 δὲ
923 1955 1149 2024 φήσουσι
1183 1955 1272 2007 καὶ
1304 1957 1360 2006 ἐν
1395 1958 1508 2017 τοῖς
1545 1973 1685 2026 νομι-

138 2039 350 2111 ζομένοις
379 2039 519 2097 εἶναι
555 2047 908 2113 σοφωτάτοις,
940 2047 1078 2100 κατὰ
1111 2047 1279 2100 πολλὰ
1301 2047 1400 2118 τὴν
1432 2048 1682 2119 εὐτυχίαν

137 2128 258 2187 εἶναι
283 2135 475 2198 αἰτίαν,
508 2131 624 2190 οἷον
655 2139 782 2208 περὶ
815 2138 1144 2193 διδασκάλων
1176 2139 1393 2193 τοιῶνδε
1417 2181 1431 2203 ,
1464 2141 1557 2194 καὶ
1587 2140 1681 2192 τοῦ

133 2228 421 2293 περιπεσεῖν
451 2229 565 2289 τοῖς
591 2227 898 2297 κρείττοσιν
925 2227 1112 2298 (ὄντων
1145 2229 1237 2282 καὶ
1271 2227 1382 2280 τῶν
1403 2227 1500 2292 τὰς
1539 2231 1683 2282 ένανο

130 2316 242 2377 τίεις
258 2318 477 2387 αἱρέσεις
503 2317 910 2385 διδασκόντων),
951 2321 1044 2372 κα)⁸
1087 2321 1214 2392 περ)⁸
1243 2320 1548 2392 ἀνατροφῆς
1581 2320 1683 2390 τῆς

130 2410 175 2460 ὲν
217 2407 447 2478 βελτίοσι.
487 2411 714 2475 Πολλοῖς
759 2412 864 2484 γὰρ
895 2413 986 2465 καὶ
1025 2413 1093 2466 τὰ
1133 2415 1230 2484 τῆς
1284 2413 1592 2485 ἀνατροφῆς
1625 2415 1682 2466 ὲν

134 2503 364 2566 τοιούτοις
393 2504 689 2574 γεγένηται
715 2503 848 2575 (7i),
878 2505 953 2568 ὡς
981 2506 1114 2576 μηδὲ
1137 2506 1432 2575 φαντασίαν
1454 2506 1681 2574 ἑπιτραυ

136 2594 278 2662 πῆναι
309 2594 408 2647 τῶν
442 2596 771 2666 κρειττόνων
804 2595 1008 2649 λαϐεῖν’
1043 2597 1160 2650 ἀλλ’
1199 2598 1287 2650 ἀεὶ
1328 2597 1422 2650 καὶ
1443 2599 1508 2650 ὲκ
1539 2596 1683 2666 πρώ-

133 2701 212 2753 της
235 2686 444 2758 ἡλικίας
483 2690 604 2758 ἦτοι
649 2691 708 2742 ὲν
751 2690 1016 2754 παιδικοῖς
1057 2687 1194 2745 εἶναι
1243 2691 1554 2746 ἀκολάστων
1583 2691 1679 2745 ἀν-

132 2775 268 2847 δρῶν,
300 2779 328 2849 ἢ
362 2780 670 2845 δεσποτῶν,
713 2780 744 2849 ἢ
777 2783 836 2834 ἐν
863 2783 996 2857 ἄλλῃ
1025 2785 1128 2837 τιν)¹
1158 2784 1437 2856 κωλυούση
1463 2785 1560 2855 τὴν
1587 2784 1681 2853 qiu-

133 2870 214 2941 χὴν
241 2873 558 2927 ἀναϐλέπειν
608 2875 1018 2946 κακοδαιμονίᾳ.
1057 2877 1166 2940 Τάς
1203 2876 1260 2928 δὲ
1311 2875 1439 2946 περὶ
1477 2877 1680 2928 τούτων

133 2965 284 3027 αἰτίας
318 2966 532 3030 πάντως
583 2968 686 3036 μὲν
736 2967 880 3029 εἰκὸς
936 2962 1072 3020 εἶναι
1128 2968 1185 3019 ἐν
1234 2969 1342 3029 τοῖς
1397 2966 1496 3037 τῆς
1541 2960 1680 3039 Προ-

131 3056 252 3120 νοίας
283 3058 487 3125 λόγοις·
523 3059 749 3112 πίπτειν
796 3060 850 3113 δὲ
883 3061 1050 3123 αὑτὰς
1083 3062 1160 3122 εἰς
1187 3059 1503 3131 ἀνθρώπους
1523 3100 1536 3122 ,
1579 3061 1678 3112 οὐκ

1798 573 2179 641 praedicarent.
2214 573 2480 638 Quoniam
2529 589 2665 627 vero
2697 574 2939 628 rationes
2978 574 3094 630 ista:
3127 576 3359 632 inveniri

1796 665 1864 718 ab
1889 646 2199 720 hominibus
2227 680 2334 720 non
2363 677 2589 735 possunt
2619 675 2896 732 accurate,
2939 678 3221 738 propterea
3259 671 3360 724 lio-

1797 759 1929 812 mini
1963 767 2136 813 tutum
2191 771 2309 813 esse
2342 760 2519 813 visum
2553 768 2656 824 cst,
2713 759 2845 814 nulli
2886 771 2943 813 ut
2974 760 3086 815 Deo
3113 765 3359 830 credere,

1799 859 2162 918 praeterquam
2200 850 2298 904 soli
2328 847 2454 904 Jesu
2490 850 2728 916 Christo,
2773 852 2866 921 qui
2893 855 3135 907 omnium
3167 858 3356 910 mode-

1795 951 1945 996 rator
1971 957 2173 995 arcana
2204 942 2292 996 illa
2319 942 2583 1011 perspicit
2609 952 2660 998 et
2683 946 2870 1011 paucis
2902 947 3128 1002 indicat.

1863 1034 1952 1089 58.
2005 1034 2176 1103 igitur
2229 1037 2296 1088 de
2346 1035 2608 1101 Antinoo,
2657 1045 2747 1088 aut
2787 1036 3029 1105 quolibet
3081 1038 3188 1092 alio
3227 1038 3345 1092 sive

1791 1128 1932 1193 apud
1962 1123 2265 1196 Egyptios,
2293 1127 2416 1180 sive
2445 1129 2587 1195 apud
2631 1126 2852 1182 Graecos
2892 1127 2943 1181 in
2992 1129 3215 1183 deorum
3252 1147 3354 1182 Im-

1789 1233 2000 1272 merum
2032 1220 2230 1280 relato,
2265 1219 2401 1271 tides
2421 1230 2526 1280 est.
2561 1231 2618 1272 ut
2641 1220 2712 1272 ita
2741 1220 2957 1288 loquar,
2989 1219 3356 1286 infortunata;

1788 1305 1854 1360 de
1887 1305 2013 1360 Jesu
2060 1318 2271 1372 autem,
2320 1319 2414 1361 aut
2458 1307 2736 1362 fortunata
2772 1319 2886 1375 est,
2935 1321 3029 1364 aut
3071 1311 3359 1379 diligenter

1787 1394 2115 1448 examinata.
2151 1395 2446 1450 Fortunata
2478 1397 2692 1464 quidem
2738 1399 2953 1453 videtur
2999 1415 3124 1468 erga
3169 1401 3358 1472 vulgus

1787 1484 2109 1550 hominum,
2162 1489 2449 1556 perpaucis
2497 1503 2626 1542 vero
2677 1489 2971 1561 diligenter
3019 1494 3353 1546 examinata.

1786 1574 1934 1640 Quod
1977 1577 2100 1630 dico
2137 1576 2294 1630 ﬁdem
2355 1580 2642 1647 quamdam
2687 1594 2828 1644 esse,
2870 1590 2930 1635 ut
2967 1597 3162 1637 vocare
3205 1585 3352 1648 licet,

1787 1667 2147 1734 fortunatam,
2187 1670 2236 1723 id
2278 1685 2385 1724 non
2430 1671 2652 1740 impedit
2677 1675 2968 1742 quominus
3004 1674 3150 1728 illam
3192 1691 3352 1735 acce-

1784 1770 1927 1830 ptam
1953 1762 2062 1816 Deo
2094 1762 2574 1833 referantgquippe
2603 1767 2690 1819 cui
2723 1767 3015 1834 explorata:
3041 1779 3357 1822 suntcausai

1717 1833 1756 1886 Β
1788 1869 1991 1917 rerum,
2029 1869 2165 1922 quas
2192 1856 2420 1925 quisque
2445 1859 2496 1910 in
2531 1860 2670 1910 hanc
2703 1859 3008 1926 ingrediens
3039 1859 3204 1911 vitam
3230 1873 3353 1913 sor-

1791 1946 1923 1999 titus
1950 1957 2052 2001 est.
2089 1945 2277 2014 Neque
2311 1946 2483 2001 Graeci
2525 1950 2802 2017 negabunt
2843 1949 3008 2002 etiam
3047 1951 3102 2002 in
3140 1951 3226 2014 iis,
3261 1951 3353 2018 qui

1782 2036 2163 2106 sapientissimi
2197 2038 2480 2104 habentur,
2515 2042 2832 2109 plerumque
2852 2039 3050 2094 bonam
3080 2041 3351 2094 fortunam

1786 2143 1904 2184 esse
1933 2143 2174 2190 causam.
2211 2143 2310 2183 cur
2345 2145 2468 2184 cum
2512 2134 2755 2201 magistri
2785 2133 2894 2186 sint
2921 2133 3014 2202 qui
3045 2135 3354 2186 contrarias

1781 2220 2064 2290 opiniones
2080 2221 2330 2284 doceant,
2347 2222 2401 2276 in
2421 2223 2674 2278 meliores
2693 2225 2981 2279 inciderint
2999 2234 3052 2280 et
3071 2225 3354 2280 liberalius

1783 2310 1986 2367 fuerint
2005 2313 2245 2367 educati.
2264 2312 2338 2367 Ea
2363 2316 2505 2369 enim
2531 2317 2758 2386 contigit
2780 2317 2962 2371 multis
2988 2317 3277 2382 institutio,
3294 2328 3353 2372 ut

1783 2422 1849 2459 ne
1871 2405 2075 2475 ﬁngere
2092 2408 2308 2476 quidem
2330 2409 2510 2462 animo
2530 2408 2750 2464 meliora
2769 2411 3042 2478 potuerint
3062 2451 3077 2473 ,
3095 2412 3186 2466 sed
3209 2426 3352 2465 seni-

1780 2511 1876 2566 per
1907 2499 2120 2567 aprima
2144 2501 2504 2555 aetateamasii
2532 2500 2750 2555 fuerunt
2775 2513 2868 2553 aut
2893 2504 3130 2556 virorum
3153 2503 3350 2557 intent-

1781 2589 2107 2656 perantium,
2129 2601 2221 2645 aut
2242 2591 2605 2658 dominorum,
2627 2603 2715 2647 aut
2736 2594 2788 2648 in
2809 2594 2912 2648 alia
2932 2595 3129 2648 misera
3149 2593 3348 2650 fuerint

1781 2681 2112 2745 conditione,
2133 2697 2230 2752 per
2256 2699 2417 2754 quam
2448 2688 2642 2740 animae
2664 2700 2723 2740 se
2745 2685 2993 2739 attollere
3027 2702 3134 2740 non
3172 2686 3345 2742 licuit.

1781 2772 1896 2828 Non
1913 2775 2132 2830 dubium
2149 2787 2232 2832 est
2249 2780 2380 2846 quin
2398 2779 2592 2834 habeat
2609 2783 2845 2836 rationes
2864 2779 3232 2850 Providentia,
3249 2796 3347 2836 cur

1784 2866 1899 2920 haec
1928 2867 2112 2922 omnia
2147 2868 2228 2924 sic
2250 2871 2534 2936 accidant,
2561 2875 2653 2926 sed
2690 2872 2807 2925 illas
2837 2884 3152 2942 perspectas
3174 2876 3347 2930 habe-

1783 2972 1865 3022 re,
1901 2958 1955 3013 id
1994 2974 2121 3014 vero
2166 2962 2474 3017 hominibus
2511 2979 2614 3017 non
2658 2964 2894 3032 proclive
2938 2975 3040 3019 est.
3071 2966 3249 3034 Atque
3283 2966 3340 3021 in

1791 3050 1908 3103 haec
1938 3050 2116 3106 obiter
2147 3052 2350 3120 digredi
2381 3056 2552 3108 visum
2583 3065 2697 3121 est,
2727 3064 2786 3108 ut
2815 3056 3129 3125 repellerem
3160 3058 3347 3113 crimi-

133 3145 336 3216 εὐχερές.
367 3149 559 3214 Ἔδοξε
589 3150 648 3202 δέ
683 3167 772 3220 μοι
803 3150 974 3203 ταῦτα
1005 3149 1090 3202 διὰ
1131 3151 1290 3220 μέσου
1316 3152 1372 3202 ὲν
1402 3149 1675 3220 παρεκϐά-

1788 3143 2053 3198 nationem
2097 3143 2276 3199 hanc:
2314 3164 2333 3196 ι
2375 3143 2545 3199 Tanta
2573 3147 2654 3201 vis
2686 3158 2771 3201 est
2814 3148 2959 3212 ﬁdei,
2997 3164 3137 3218 quae,
3169 3151 3345 3220 quod-

135 3251 200 3286 σει
225 3240 512 3310 εἰρηκέναι,
551 3241 641 3294 διὰ
683 3240 764 3293 τό·
802 3260 820 3292 i
853 3241 1113 3294 Τοσοῦτον
1152 3244 1293 3294 ποιεῖ
1327 3240 1436 3311 (72)
1469 3241 1670 3307 πίστις,

125 3326 259 3382 ὁποία
377 3330 864 3406 προκατασχοῦσα.
897 3352 915 3384 ι
953 3334 1148 3404 Ἐχρῆν
1181 3332 1292 3404 γὰρ
1321 3332 1408 3386 διά
1434 3333 1534 3396 τὰς
1560 3333 1675 3388 δια-

128 3416 295 3488 φόρους
321 3422 644 3494 ἀνατροφὰς
667 3423 842 3476 εἰπεῖν
870 3423 1129 3494 διαφορὰς
1154 3423 1262 3476 τῶν
1293 3427 1350 3476 ὲν
1369 3423 1674 3494 ἀνθρώποις

125 3508 348 3575 πίστεων,
376 3514 769 3586 εὐτυχέστερον
788 3515 823 3585 ἢ
849 3515 1201 3586 ἀτυχέστερον
1228 3515 1555 3568 πιστεύουσι·
1581 3514 1674 3568 καὶ

124 3604 175 3655 ὲκ
197 3607 374 3661 τούτου
400 3608 700 3679 ἀναϐῆναι,
739 3608 820 3660 ὅτι
856 3606 999 3670 δόξαι
1040 3606 1103 3660 ἂν
1143 3608 1235 3660 καὶ
1262 3609 1318 3659 ὲν
1351 3610 1462 3668 τοῖς
1495 3608 1676 3675 ἐντρε-

124 3699 368 3770 χεστέροις
402 3703 485 3763 εἰς
511 3699 649 3752 αὐτὸ
674 3699 736 3751 τὸ
763 3697 936 3752 δοκεῖν
969 3694 1106 3751 εἶναι
1137 3697 1547 3769 λογικωτέροις,
1581 3699 1674 3751 καὶ

120 3784 452 3862 λογικώτερον
484 3787 877 3862 προστίθεσθαι
911 3787 978 3840 τὰ
1009 3788 1178 3841 πολλὰ
1196 3788 1479 3857 δόγμασιν,
1510 3787 1674 3857 ήόνο-

121 3880 371 3952 μαζομένη
403 3881 641 3952 εὐτυχία
666 3882 759 3933 καὶ
787 3883 820 3950 ἡ
853 3879 1120 3951 λεγομένη
1151 3880 1344 3950 ἀτυχία
1370 3883 1669 3951 συνεργεῖν.

127 3969 264 4026 Ἀλλὰ
287 3975 396 4045 γάρ
427 3975 559 4045 περὶ
586 3971 795 4026 τούτων
822 3971 956 4034 ἃλις.

173 4063 244 4116 Τά
285 4066 329 4118 δ’
352 4065 484 4136 ἑξῆς
512 4064 610 4118 τοῦ
662 4064 871 4117 Κέλσου
921 4064 1309 4134 κατανοητέον,
1355 4064 1412 4117 ὲν
1458 4057 1540 4126 οἷς
1579 4065 1672 4117 καὶ

119 4155 226 4218 ἡμῖν
241 4175 370 4229 φησι
389 4178 407 4209 ι
429 4156 620 4210 πίστιν
651 4158 826 4208 ποιεῖν
855 4154 1367 4225 προκαταλαϐοῦσαν
1395 4153 1543 4226 ἡμῶν
1561 4154 1668 4225 (75)

116 4239 195 4309 τὴν
218 4245 418 4320 ψυχὴν,
457 4249 563 4320 τὴν
605 4247 737 4318 περὶ
779 4245 872 4298 τοῦ
916 4245 1090 4317 Ἰησοῦ
1137 4245 1343 4299 τοιάνδε
1399 4245 1670 4313 συγκατά-

117 4329 256 4392 θεσιν.
297 4361 317 4392 ι
370 4338 621 4409 ’Δληθῶς
658 4337 769 4408 γὰρ
805 4337 986 4400 πίστις
1026 4339 1154 4408 ἡμῖν
1194 4340 1337 4392 ποιεῖ
1372 4338 1469 4407 τὴν
1491 4336 1671 4390 τοιαύ-

113 4439 193 4494 την
216 4433 641 4500 συγκατάθεσιν.
679 4430 820 4500 Ὅρα
867 4429 923 4481 δὲ
960 4429 1008 4480 εί
1051 4429 1123 4500 μὴ
1163 4429 1385 4482 αὐτόθεν
1417 4430 1450 4499 ἡ
1485 4429 1667 4490 πίστις

1777 3251 1989 3305 cunque
2023 3238 2257 3306 primum
2281 3240 2541 3304 occurrit,
2572 3249 2856 3308 occupat.»
2878 3238 3177 3298 Ostendere
3195 3243 3344 3298 enim

1775 3325 2015 3394 oportuit
2041 3326 2202 3381 aliam
2231 3341 2350 3383 esse
2378 3328 2653 3381 hominum
2684 3327 2866 3393 fidem,
2895 3328 3106 3386 felicem
3143 3341 3241 3386 aut
3261 3334 3347 3386 in-

1775 3413 2013 3481 telicem,
2050 3431 2146 3484 pro
2193 3417 2404 3477 diversa
2447 3421 2812 3484 educatione;
2848 3420 2990 3476 unde
3033 3421 3345 3478 confectum

1775 3516 1877 3569 est,
1910 3508 2106 3563 bonam
2141 3509 2511 3575 fortunam,ut
2537 3523 2750 3576 vocant,
2776 3513 3043 3568 etmalam
3070 3515 3344 3570 fortunam

1777 3599 2105 3664 conducere,
2142 3611 2222 3666 ut,
2268 3603 2359 3672 qui
2393 3603 2610 3670 ingenio
2653 3613 2931 3671 pnestant,
2983 3608 3344 3676 sapientiores

1775 3702 1898 3742 esse
1921 3700 1977 3744 et
1999 3692 2298 3760 sapientius
2323 3693 2593 3763 dogmatis
2641 3693 2960 3768 plerumque
2983 3697 3230 3754 assentiri
3261 3700 3341 3751 vi-
3416 3697 3423 3703 ’

1777 3777 2031 3836 deantur.
2066 3783 2262 3840 Verum
2296 3785 2363 3838 de
2392 3784 2479 3838 his
2503 3784 2654 3838 satis.

1843 4059 1930 4114 39.
1955 4059 2109 4116 Nunc
2128 4077 2354 4132 ea,quae
2383 4077 2688 4136 sequuntur
2721 4070 2860 4138 apud
2890 4035 3126 4136 Celsum,
3153 4077 3340 4130 consi-

1775 4150 2008 4204 deranda
2037 4163 2183 4208 sunt.
2213 4153 2288 4207 lbi
2317 4155 2394 4209 ait
2426 4174 2445 4206 ι
2487 4157 2672 4221 iidem,
2699 4173 2816 4228 qua:
2835 4172 3070 4216 nostram
3101 4164 3339 4218 animam

1772 4245 2196 4311 praeoccupavit,
2225 4247 2278 4299 in
2315 4261 2478 4301 causa
2524 4249 2695 4304 fuisse
2741 4267 2840 4305 cur
2884 4252 3013 4308 Jesu
3046 4258 3340 4311 assentire-

1774 4346 1948 4386 ntur.)
1973 4331 2168 4388 Verum
2199 4336 2415 4403 quidem
2442 4348 2526 4393 est
2556 4339 2715 4394 ﬁdem
2743 4342 2904 4411 hujus
2933 4356 3130 4400 nostra:
3150 4361 3341 4401 assen-

1774 4422 1914 4477 sioni
1963 4423 2290 4480 effectricem
2305 4425 2496 4481 fuisse.
2513 4428 2582 4480 At
2597 4429 2716 4484 vide
2728 4445 2905 4485 annon
2920 4432 3024 4487 hoc
3041 4436 3155 4502 ipso
3171 4437 3338 4505 digna

111 4517 225 4592 αὖτὴ
255 4523 314 4578 τὸ
351 4523 648 4578 ἐπαινετὸν
686 4520 1012 4591 παρίστησιν
1069 4519 1199 4589 (74),
1227 4520 1308 4572 ὅτι
1345 4519 1669 4590 πιστεύομεν

1793 4517 1930 4572 aude
1941 4518 2011 4572 sit
2031 4518 2135 4573 ista
2155 4518 2305 4581 lides,
2321 4521 2459 4589 quod
2482 4535 2582 4574 nos
2598 4522 2698 4590 ipsi
2720 4525 3005 4581 credamus
3025 4543 3202 4582 rerum
3223 4545 3339 4582 om-

112 4605 309 4674 ἑαυτοὺς
335 4618 418 4686 τῷ
445 4619 542 4671 ἐπὶ
568 4617 709 4669 πᾶσι
736 4613 873 4684 Θεῷ,
908 4613 1062 4683 χάριν
1085 4612 1466 4681 ὁμολογοῦντες
1487 4610 1564 4681 τῷ
1587 4613 1667 4672 είς

110 4701 337 4773 τοιαύτην
369 4705 557 4759 πίστιν
586 4705 788 4777 ὁδηγῷ,
819 4706 912 4758 καὶ
943 4705 1189 4773 λέγοντες
1221 4703 1378 4757 αὑτὸν
1398 4704 1496 4756 οὐκ
1517 4702 1665 4757 ἀθεεὶ

107 4790 158 4842 τὸ
180 4795 412 4851 τοιοῦτον
455 4799 855 4870 τετολμηκέναι
896 4799 988 4851 καὶ
1019 4797 1301 4867 ὴνυκέναιο
1340 4797 1662 4867 πιστεύομεν

104 4880 150 4935 δὲ
175 4888 259 4941 καί
286 4892 407 4953 ταῖς
438 4891 795 4963 προαιρέσεσι
827 4888 935 4942 τῶν
971 4888 1293 4958 γραψάντων
1319 4887 1386 4940 τὰ
1417 4887 1664 4956 Εὐαγγέ-

104 4971 196 5042 lu,
225 4983 767 5054 καταστοχαζόμενοι
799 4980 899 5051 τῆς
934 4979 1214 5042 εὐλαϐείας
1238 4977 1414 5032 αὐτῶν
1446 4979 1539 5032 καὶ
1569 4976 1662 5032 τοῦ

160 5179 260 5251 (69)
292 5182 408 5238 Καὶ
430 5183 534 5238 διὰ
551 5185 700 5249 τοὺς
727 5185 1034 5251 τοιούτους
1063 5201 1128 5254 γε
1154 5187 1392 5254 λόγους,
1418 5195 1522 5240 etc.
1554 5182 1658 5254 Te-

102 5262 250 5325 mere,
277 5256 500 5322 Opinor,
531 5257 680 5325 hunc
706 5255 879 5306 locum
915 5252 1079 5325 quem
1109 5271 1213 5308 nun
1240 5252 1413 5324 cepit.
1460 5252 1664 5325 sollici-

107 5328 170 5394 tat
190 5320 438 5389 Guietus,
471 5323 567 5394 qui
593 5325 675 5377 sic
697 5320 1040 5379 scribendum
1081 5335 1266 5379 censet
1294 5320 1446 5378 ε’Καὶ
1481 5324 1571 5378 διὰ
1600 5323 1662 5375 τὸ

99 5391 507 5467 τοὺς-τοιούτους
542 5395 592 5446 id
609 5405 722 5467 est,
740 5394 1022 5467 ῥιγγέλους)
1038 5396 1254 5459 τελείως
1275 5395 1331 5450 ὲν
1355 5394 1662 5467 ᾁνθρώποις

201 5459 881 5546 δύνασθαιοδιακριθῆναι,
928 5459 1166 5548 ἀσφαλὲς
1215 5459 1495 5538 ἐνομίσθη,
1546 5475 1660 5517 etc.

139 5534 248 5580 aulo
281 5536 421 5580 Infra
455 5535 584 5580 lthn
619 5551 806 5580 excusi
839 5537 903 5580 ml
937 5551 1233 5580 nim-mnam
1272 5538 1489 5580 ImhanL
1518 5534 1660 5580 «HN

139 5534 248 5606 aulo
281 5536 422 5606 intra
455 5534 584 5606 libri
618 5537 806 5606 excusi
839 5537 903 5588 ad
937 5534 1233 5606 marginem
1272 5534 1493 5606 habent,
1518 5534 1661 5606 πλὴν

105 5600 239 5660 μόνον
283 5604 376 5656 τοῦ
417 5604 719 5676 ἐπὶ-πᾶσιν
756 5605 831 5667 ὡς
861 5600 1129 5676 δίιαιτήτου
1155 5606 1225 5659 τὰ
1273 5600 1566 5676 βαθύτατα,
1599 5600 1650 5656 in

105 5675 232 5745 ιεξιυ
263 5690 407 5745 ξατο,
446 5673 592 5745 πλὴν
627 5674 791 5744 μόνου
819 5675 910 5728 τοῦ
946 5673 1212 5730 ἐν’πᾶσιν
1239 5673 1315 5738 ὥς
1358 5675 1651 5745 διαιτήτου,

105 5737 182 5786 τοῦ
205 5737 712 5812 βαθύτατα.ιι3ιι[ειυ
745 5745 798 5796 in
827 5755 970 5800 textu
1006 5748 1223 5808 habent,
1259 5747 1349 5798 καὶ
1381 5750 1439 5799 ὲν
1459 5737 1658 5812 ὀλίγοις

108 5809 436 5880 παραδόντος,
477 5809 577 5861 sed
611 5806 752 5865 bene
779 5818 933 5867 abest
971 5833 998 5870 a
1035 5806 1417 5887 rivatiuSCt'iptis
1454 5806 1654 5873 codici-

365 5903 644 5964 Ριτιιοι..
687 5901 798 5963 Ge.
839 5906 945 5980 XL

1777 4609 1926 4661 nium
1947 4608 2080 4672 Deo,
2097 4609 2308 4678 gratias
2323 4612 2658 4680 agentesilli,
2676 4614 2768 4682 qui
2808 4631 2906 4670 nos
2924 4618 2990 4670 ad
3021 4619 3160 4673 hanc
3179 4619 3337 4673 ﬁdem

1774 4699 1944 4771 473
1978 4701 2250 4769 perduxit,
2293 4703 2722 4773 conﬁtentesque
2765 4706 2912 4760 illum
2950 4723 3052 4762 non
3095 4712 3341 4778 patuisse

1773 4795 1890 4848 sine
1927 4796 2034 4849 Deo
2082 4810 2196 4849 rem
2230 4806 2435 4850 tantam
2472 4801 2750 4868 suscipere
2783 4809 2838 4855 et
2861 4802 3122 4870 perlicere
3151 4843 3166 4856 .
3194 4806 3340 4873 quod

1775 4890 1996 4957 insuper
2039 4890 2398 4959 adjnngamus
2446 4893 2606 4948 ﬁdem
2640 4895 2706 4949 iis
2748 4896 2840 4965 qui
2880 4897 3170 4968 Evangelia
3200 4900 3345 4953 seri.-

1773 4991 2018 5051 pserunt,
2072 4984 2218 5038 ducti
2270 4985 2479 5040 scilicet
2523 4987 2725 5056 pietate
2771 4997 2828 5043 et
2861 4990 3026 5044 animi
3077 4994 3334 5057 candore,

1766 5186 2084 5259 busjocnla
2108 5190 2186 5251 ἐν,
2213 5203 2375 5258 quam
2416 5204 2515 5244 nos
2543 5192 2928 5259 expunximus.
2962 5234 2966 5238 .

1991 5256 2139 5332 Libri
2165 5256 2352 5332 excusi
2381 5263 2448 5332 ad
2483 5256 2810 5332 marginem,
2845 5264 2942 5316 καὶ
2963 5265 3124 5332 λέγω.

1994 5328 2158 5406 Iidem
2179 5327 2885 5406 adptargjnemfmtoticui;
2914 5327 3220 5406 γεγένηται.

1841 5397 1954 5476 (72)
1993 5397 2095 5476 ᾼιὰ
2125 5399 2212 5450 τόο
2250 5397 2549 5476 Τοσοῦτον
2577 5397 2752 5456 ποιεῖ.
2787 5397 3076 5476 εἱεεοόεχ
3097 5397 3337 5476 Ἰιεςίυε.

1768 5465 2109 5521 ΠωεοΙιεΙίυε
2135 5479 2314 5521 autem
2352 5486 2416 5524 ac
2444 5471 2774 5537 Speucerus,
2812 5473 2912 5527 Διὰ
2949 5476 3008 5528 τὸ
3033 5465 3301 5530 τοσούτων
3322 5491 3339 5508 ο

1769 5537 1820 5591 τί
1853 5540 2014 5602 ποιεῖ,
2047 5537 2362 5602 Philocalia,
2387 5540 2476 5594 διὰ
2493 5543 2764 5596 τοσοῦτον*
2796 5545 2850 5598 τί
2876 5549 3042 5600 ποιεῖ.

1986 5607 2318 5684 ῌωεειιειὶυε
2347 5611 2400 5664 ἱη
2431 5623 2601 5684 textu,
2622 5616 2777 5684 ἡμῖν.
2939 5677 2941 5679 ,
3345 5675 3349 5679 ,

1836 5679 1948 5748 (74)
1989 5680 2387 5748 Παρίστησιν.
2446 5683 2522 5736 Ita
2577 5679 2721 5738 recte
2781 5684 3102 5739 Philocalia.
3161 5687 3336 5744 Alias,

1766 5750 2130 5828 περιίστησιν.
2159 5749 2281 5828 Μοχ
2314 5750 2605 5828 ιεὺικμευίιί
2634 5755 2704 5828 ild
2736 5756 3058 5828 marginem,
3104 5755 3192 5828 (ὅτε
3245 5766 3337 5804 περ

1767 5820 2026 5890 στεύομεν
2054 5820 2290 5884 ἑαυτούς.
2329 5822 2370 5874 Α
2409 5823 2696 5878 Philocalia
2730 5820 2904 5888 abest,
2932 5823 3175 5884 ἑαυτούς.

3002 5915 3075 5978 31
