3852 6418
208 370 296 427 επ

1363 381 1640 441 CONTRA
1672 382 1947 442 CELSUM
1984 385 2115 442 LIB.
2150 387 2242 444 ΠΙ.

3319 395 3422 454 9n

207 491 348 562 χῆθεν
373 486 509 544 εἶναι
529 491 662 546 Θεὸν
678 495 767 548 καὶ
783 495 905 550 Υίδν
923 494 1081 559 Θεοῦ,
1105 490 1256 561 οὗτος
1271 501 1299 552 ὁ
1315 500 1610 572 Αὐτολόγος
1633 504 1738 557 ἐστῖ

1854 503 2058 574 Deique
2095 505 2292 560 Filium
2335 519 2457 562 esse
2505 506 2783 564 credimus
2814 518 2870 564 et
2910 525 3012 580 pro
3053 522 3204 567 certo
3250 513 3422 570 habe-

207 582 287 634 καὶ
329 581 359 651 ἡ
405 582 699 654 αύτοσοφία
729 587 820 638 καὶ
861 589 893 658 ὴ
928 587 1317 659 αὑτοαλήθεια⁸
1351 594 1413 644 τὸ
1461 593 1524 664 δὴ
1566 593 1756 665 θνητὸν

205 670 349 725 αὑτοῦ
401 672 579 744 σῶμα,
609 677 702 729 καὶ
745 677 842 749 τὴν
892 680 1342 758 ἁνθρωπίνηνέν
1394 685 1542 756 αὐτῷ
1577 685 1755 757 ψυχὴν

203 763 259 832 τῇ
304 761 431 833 πρὸς
467 764 675 819 ἐκεῖνον
715 766 822 838 (82)
868 770 929 823 οὺ
983 771 1142 840 μόνον
1187 773 1456 845 κοινωνίᾳ,
1490 775 1623 828 ἀλλά
1660 775 1756 828 καὶ

203 851 367 905 ἐνώσει
394 855 488 908 καὶ
521 858 816 929 ἀνακράσει
837 861 903 914 τὰ
935 862 1166 932 μέγιστά
1188 882 1366 936 φαμεν
1397 867 1754 938 προσειληφέ-

201 959 294 1005 ναι,
318 945 522 1017 καὶτῆς
542 949 748 1003 ἐκείνου
765 949 1035 1023 θειότητος
1060 958 1492 1028 κεκοινωνηκότα
1517 961 1596 1022 εἰς
1621 958 1752 1014 Θεὸν

201 1035 628 1107 μεταϐεϐηκέναι.
693 1040 815 1094 Ἐάν
873 1043 931 1095 δέ
970 1061 1055 1108 τις
1108 1051 1424 1121 προσκόπτη
1475 1053 1570 1105 καὶ
1621 1052 1751 1123 περὶ

199 1126 276 1178 τοῦ
320 1127 564 1199 σώματος
606 1133 770 1186 αὑτοῦ
815 1135 967 1189 ταῦθ’
1011 1139 1168 1210 ἡμῶν
1207 1141 1492 1210 λεγόντων,
1525 1146 1749 1217 ἐπιστη-

198 1218 458 1309 σάτωτοίς
486 1223 590 1276 ὑπὸ
617 1225 724 1278 τῶν
755 1226 1018 1300 Ἑλλήνων
1045 1231 1353 1302 λεγομένοις
1388 1237 1516 1306 περὶ
1546 1238 1642 1308 τῆς
1670 1238 1748 1309 τῷ

198 1307 298 1399 ίδίω
335 1308 476 1381 λόγῳ
510 1313 703 1368 ἀποίου
753 1316 905 1389 ὕλης,
961 1321 1251 1392 ποιότητας
1294 1307 1742 1399 ἀμφισχομένηςή,

196 1395 360 1461 ὁποίας
389 1401 417 1452 ὁ
455 1399 782 1474 δημιουργὸς
811 1407 1054 1477 βούλεται
1081 1412 1215 1483 αὐτῇ
1249 1395 1600 1484 περιτιθέναι,
1652 1395 1746 1471 καὶ

196 1488 430 1554 πολλάκις
450 1491 551 1555 τὰς
577 1496 675 1565 μὲν
699 1499 968 1570 προτέρας
1000 1503 1219 1556 ἀποτιθε
1228 1505 1411 1575 μένης,
1434 1508 1744 1580 κρείττονας

195 1578 241 1631 δὲ
400 1583 692 1657 διαφόρους
727 1591 1244 1666 ἀναλαμϐανούσης·
1293 1599 1341 1650 εί
1373 1578 1483 1670 γὰρ*
1519 1600 1643 1671 ὑγιῆ
1673 1601 1742 1654 τὰ

195 1670 413 1735 τοιαῦτα,
461 1674 514 1726 τί
574 1675 903 1748 θαυμαστὸν,
959 1685 1057 1754 τὴν
1111 1685 1370 1757 ποιότητα
1401 1687 1494 1740 τοῦ
1545 1687 1739 1760 θνητοῦ

195 1762 312 1817 κατά
341 1764 433 1818 τὸν
478 1767 684 1839 Ἰησοῦν
706 1771 953 1842 σώματος
987 1775 1101 1844 (85)
1134 1779 1356 1849 προνοίᾳ.
1387 1779 1518 1832 Θεοῦ
1552 1780 1738 1854 βουλη-

1859 609 2005 660 mus,
2036 611 2159 650 eum
2193 610 2315 652 esse
2363 597 2825 669 Verbum‘ipsum,
2872 602 3196 671 sapientiam
3225 603 3420 672 ipsam,

1833 677 2032 751 ipsam
2083 684 2369 739 veritatem
2409 703 2424 738 :
2459 687 2689 741 mortale
2715 698 2917 763 autem
2977 691 3094 757 ejus
3139 707 3336 763 corpus
3367 703 3424 748 et

1853 771 2146 827 humanam
2200 790 2320 844 qum
2378 777 2429 830 in
2479 779 2595 847 ipso
2626 761 2721 833 est.
2753 779 2990 834 animam
3026 783 3092 836 ad
3127 786 3418 839 maximam

1853 863 2172 932 dignitatem
2199 877 2382 922 evecta
2415 867 2605 934 fuisse,
2635 885 2742 924 non
2767 871 3026 928 societate
3059 882 3265 930 tantum
3297 892 3420 931 cum

1853 955 1966 1019 illo,
1997 959 2089 1011 sed
2144 959 2306 1012 etiam
2356 961 2408 1014 in
2455 978 2618 1015 unum
2647 977 2912 1018 concursu
2941 975 2993 1018 et
3028 969 3420 1035 permistione,

1852 1048 2012 1102 ambo
2068 1050 2119 1102 in
2175 1061 2390 1120 partem
2438 1064 2628 1106 vocata
2683 1053 2852 1108 fuisse
2899 1055 3230 1124 divinitatis,
3264 1070 3318 1115 et
3363 1062 3418 1116 in

1847 1139 2187 1194 divinitatem
2215 1141 2380 1197 fuisse
2406 1157 2688 1199 conversa.
2715 1145 2771 1198 Si
2805 1161 2965 1214 qut-tn
2995 1148 3108 1203 bare
3143 1151 3422 1210 offendant

1848 1244 1970 1298 qua:
1996 1232 2062 1286 de
2095 1231 2219 1286 Jesu
2264 1250 2494 1316 corpore
2529 1236 2780 1302 dicimus,
2823 1237 2864 1290 is
2917 1238 3134 1298 Graecos
3169 1246 3421 1300 consulat

1847 1321 1915 1376 de
1960 1325 2215 1389 materia,
2265 1341 2426 1394 quam
2467 1327 2663 1382 docent
2695 1345 2792 1398 per
2819 1345 2878 1386 se
2910 1335 3088 1387 omnis
3137 1347 3416 1404 expertem

1855 1428 1977 1468 esse
2004 1416 2310 1483 qualitatis;
2335 1418 2624 1486 qualitates
2663 1422 2809 1477 indui
2834 1425 3242 1496 qualescunque
3269 1429 3417 1483 Deus

1850 1502 1930 1556 illi
1984 1505 2320 1561 circumdare
2369 1507 2510 1575 vult;
2555 1520 2610 1565 et
2665 1527 2826 1583 saepe,
2876 1516 3150 1583 prioribus
3197 1520 3415 1587 positis,

1845 1594 2086 1663 potiores
2117 1605 2172 1650 et
2201 1597 2442 1656 diversas
2468 1614 2766 1658 assumere.
2801 1603 2927 1670 Quae
2957 1607 3175 1675 quidem
3205 1612 3414 1678 Opinio,

1848 1687 1893 1739 si
1938 1701 2066 1741 sana
2113 1698 2216 1752 est,
2275 1691 2403 1758 qutd
2452 1693 2647 1746 mirum
2683 1696 3028 1765 qualitatem,
3067 1715 3170 1768 qua
3215 1718 3416 1773 corpus

1840 1774 1965 1831 Jesu
2012 1780 2240 1834 mortale
2284 1782 2532 1836 indutum
2561 1795 2697 1851 erat,
2734 1788 2823 1841 Dei
2858 1791 3090 1845 volentis
3124 1795 3416 1862 providen-

195 1850 369 1919 θέντος,
401 1859 726 1926 μεταϐαλεῖν
773 1866 852 1928 εἰς
885 1865 1121 1938 αἰθέριον
1150 1845 1243 1922 καὶ
1273 1845 1420 1924 θείαν
1448 1845 1710 1946 ποιότητα
1725 1893 1738 1942 ;

1851 1869 1944 1930 tia.
1984 1871 2037 1924 in
2066 1875 2356 1927 aetheream
2393 1875 2744 1948 divinatnque
2778 1891 3036 1936 mutatam
3073 1885 3275 1941 fuisse?

249 1947 346 2018 Οὐχ
373 1949 451 2013 ὡς
481 1951 818 2020 διαλεκτικὸς
843 1958 938 2028 μὲν
967 1956 1058 2013 οὖν
1091 1957 1243 2014 εἶπεν
1266 1964 1294 2015 ό
1317 1963 1542 2028 Κέλσος,
1573 1981 1750 2038 παρα-

191 2033 372 2092 ϐάλλων
403 2041 505 2105 τὰς
538 2045 883 2117 ἀνθρωπίνας
931 2051 1024 2104 τοῦ
1078 2053 1251 2124 Ἰησοῦ
1291 2055 1504 2126 σάρκας
1540 2058 1744 2129 χρυσῷ,

193 2128 268 2179 καὶ
287 2130 530 2204 ἀργύρῳ,
562 2136 658 2188 καὶ
705 2137 854 2210 λίθῳ,
888 2142 968 2194 ὅτι
1003 2136 1158 2197 αὗται
1191 2145 1414 2200 ἐκείνων
1455 2128 1749 2220 φθαρτότε-

190 2235 280 2287 ραι.
307 2222 447 2294 Πρὸς
463 2225 576 2299 γάρ
596 2227 688 2283 τὸν
709 2231 906 2305 ἀκριϐῆ
925 2233 1101 2304 λόγον,
1116 2235 1225 2289 οὔτ’
1246 2237 1518 2308 ἄφθαρτον
1539 2239 1750 2312 ἀφθάρ-

189 2327 263 2363 τον
283 2314 708 2391 ἀφθαρτότερον,
741 2322 863 2377 οὔτε
913 2325 1153 2398 φθαρτὸν
1191 2329 1429 2400 φθαρτοῦ
1453 2330 1746 2402 φθαρτότε-

189 2416 280 2469 ρον.
317 2406 454 2459 Ἀλλ’
499 2411 551 2462 εἰ
598 2409 708 2482 ἄρα
762 2414 1146 2489 φθαρτότερον,
1188 2421 1336 2491 ὅμως
1384 2421 1442 2474 δὲ
1485 2424 1576 2475 καὶ
1610 2423 1745 2493 πρὸς

186 2493 317 2549 τοῦτο
347 2502 618 2572 φήσομεν,
652 2506 733 2557 ὅτι
759 2506 914 2579 εἴπερ
936 2509 1154 2565 δυνατὸν
1184 2513 1428 2583 ἀμείϐειν
1456 2515 1744 2587 ποιότητας

182 2585 266 2657 τὴν
312 2591 682 2669 ὑποκειμένην
728 2599 929 2665 πάσαις
982 2604 1260 2675 ποιότησιν
1315 2605 1475 2678 ὓληνο
1517 2609 1633 2672 πῶς
1680 2609 1740 2663 οὐ

183 2674 376 2734 δυνατὸν
403 2684 500 2736 καὶ
529 2685 632 2757 τὴν
660 2687 838 2760 σάρκα
858 2691 950 2745 τοῦ
990 2674 1165 2763 Ἰησοῦγ
1185 2674 1493 2766 ἀμείψασαν
1524 2700 1742 2769 ποιότη-

181 2784 264 2834 τας
308 2777 591 2842 γεγονέναι
639 2781 910 2852 τοιαύτην,
941 2785 1132 2837 ὁποίαν
1186 2787 1354 2858 ἐχρῆν
1395 2786 1654 2862 εἶναιτὴν
1684 2793 1742 2845 ὲν

183 2861 339 2936 αἰθέρι
366 2870 586 2934 καὶτοῖς
615 2873 870 2946 ἀνωτέρω
899 2876 1010 2946 (84)
1039 2877 1202 2931 αὐτοῦ
1230 2880 1414 2944 τόποις
1459 2881 1739 2936 πολιτευο-

186 2954 348 3028 μένην,
405 2961 601 3016 ούκέτι
649 2963 875 3035 ἔχουσαν
920 2967 989 3020 τὰ
1030 2968 1129 3036 τῆς
1163 2973 1427 3042 σαρκικῆς
1459 2973 1739 3038 ἀσθενείας

184 3042 289 3108 ἴδια,
313 3049 403 3100 καὶ
441 3050 603 3104 ἅτινα
643 3053 955 3127 μιαρώτερα
988 3055 1266 3128 ὠνόμασεν
1294 3060 1322 3111 ὁ
1347 3061 1584 3127 Κέλσος;
1615 3063 1738 3116 οὐδὲ

1916 1962 2008 2017 42.
2059 1965 2240 2031 Quare
2276 1964 2474 2022 Celsus
2504 1968 2804 2026 dialecticas
2834 1988 2939 2027 non
2972 1977 3106 2031 satis
3146 1977 3416 2057 meminit,

1849 2065 1972 2106 cum
2007 2055 2272 2112 humanas
2316 2057 2443 2113 Jesu
2490 2075 2687 2116 carnes
2730 2079 2852 2116 cum
2899 2080 3057 2132 attro,
3101 2079 3328 2138 argento
3358 2055 3418 2126 et

1849 2143 2028 2213 lapide
2055 2162 2404 2216 comparans,
2424 2150 2500 2203 ait
2523 2165 2717 2206 carnes
2739 2153 2863 2208 illas
2893 2155 3040 2211 hisce
3065 2159 3226 2212 rebus
3247 2158 3414 2216 fuisse

1848 2239 2021 2308 magis
2076 2241 2126 2294 in
2184 2244 2591 2311 corruptionem
2639 2262 2962 2317 prope-usas.
3003 2248 3138 2303 Nam
3173 2250 3218 2305 si
3267 2251 3415 2323 loqui

1847 2340 2108 2386 accurate
2163 2333 2433 2399 volumus,
2495 2337 2630 2391 nihil
2685 2340 3101 2409 incorruptibile
3135 2354 3220 2398 est
3267 2345 3414 2413 quod

1844 2421 1919 2474 sit
1950 2425 2346 2492 incorruptibili
2386 2427 2882 2497 incorruptibilius:
2921 2447 3095 2502 neque
3137 2436 3415 2505 corrupti-

1848 2512 1954 2568 bile
1984 2517 2394 2585 corruptibilius
2426 2520 2791 2586 corruptibili.
2827 2521 2971 2576 Sane
3007 2539 3133 2579 vero
3163 2526 3234 2580 sit
3261 2527 3414 2595 quid-

1845 2605 1988 2673 piam
2044 2607 2097 2659 in
2155 2610 2558 2679 corruptionem
2606 2612 2852 2681 pronius,
2890 2614 3135 2670 dicemus
3181 2625 3410 2674 tamen:

1850 2696 1905 2750 Si
1957 2700 2198 2752 materim
2246 2701 2600 2768 qualitatibus
2628 2705 2883 2758 omnibus
2911 2706 3166 2773 subjecta:
3208 2710 3412 2766 mutari

1841 2789 2050 2856 possint
2092 2790 2386 2857 qualitates
2427 2811 2441 2848 :
2480 2809 2578 2848 cur
2629 2794 2747 2850 ﬁeri
2806 2813 2912 2852 non
2964 2800 3139 2868 potuit
3171 2809 3232 2855 ut
3281 2817 3413 2859 caro

1843 2875 1996 2940 Jesu,
2045 2879 2270 2935 mutatis
2309 2883 2700 2961 qualitatibus,
2736 2885 2858 2941 talis
2885 2890 3145 2955 evaserit,
3194 2894 3412 2961 qualem

1854 2969 2097 3037 oportuit
2119 2985 2262 3035 esse,
2294 2987 2415 3043 quae
2446 2975 2500 3029 in
2534 2958 2735 3032 tetltere
2761 2994 2825 3032 ac
2861 2979 2993 3036 locis
3021 2982 3226 3038 atthere
3255 2999 3414 3054 supe-

1839 3062 2078 3119 rioribus
2124 3076 2457 3132 versaretur,
2494 3068 2739 3138 nihilque
2796 3070 3019 3126 haberet
3063 3088 3252 3128 eorum
3291 3091 3415 3142 qua:

185 3138 314 3193 τοῦτο
353 3141 658 3214 φιλοσόφως
701 3148 887 3200 ποιῶν.
920 3150 992 3202 Τὸ
1022 3150 1130 3223 γάρ
1169 3153 1372 3223 κυρίως
1401 3153 1594 3226 μιαρὸν
1627 3154 1736 3209 ἀπὸ

1846 3154 2066 3210 inﬁrma:
2095 3158 2274 3212 carnis
2301 3159 2521 3228 propria
2551 3169 2698 3229 sunt,
2732 3171 2785 3216 et
2818 3179 2934 3233 qua:
2969 3164 3159 3220 Celsus
3201 3166 3414 3237 impura

187 3232 352 3298 κακίας
378 3237 622 3291 τοιοῦτόν
648 3241 783 3293 ἐστι.
803 3239 967 3305 Φύσις
987 3241 1043 3296 δὲ
1073 3243 1321 3315 σώματος
1355 3246 1414 3298 ού
1446 3247 1646 3317 μιαράο
1673 3247 1733 3300 οὐ

183 3321 325 3400 γάρῇ
369 3329 531 3398 φύσις
583 3331 835 3403 σώματός
887 3336 1003 3388 ἐστι
1031 3335 1162 3406 (85),
1196 3337 1255 3389 τὸ
1293 3338 1606 3407 γεννητικὸν
1643 3341 1741 3410 τῆς

184 3420 483 3493 μιαρότητος
510 3422 628 3496 ἔχει
678 3425 776 3498 τὴν
819 3427 1034 3482 κακίαν.
1069 3426 1180 3482 Εἶτ’
1213 3431 1354 3495 ἐπεὶ,
1392 3431 1740 3502 ὑπειδόμενος

180 3506 263 3578 τὴν
287 3517 408 3585 παρ’
440 3516 600 3589 ἡμῶν
631 3517 942 3587 ἀπολογίαν,
967 3520 1115 3588 λέγει
1148 3521 1400 3593 περὶτῆς
1437 3523 1740 3595 μεταϐολῆς

179 3599 261 3652 τοῦ
274 3602 514 3674 σώματος
541 3608 728 3673 αὑτοῦ,
745 3611 828 3663 ὅτι
849 3630 867 3662 ι
891 3611 949 3666 Ἀ
957 3611 1032 3664 DS
1048 3613 1380 3684 ἀποθέμενος
1392 3615 1612 3680 ταύτας,
1627 3617 1738 3688 ἀρα

179 3686 479 3762 εσταιθεόςο
506 3699 560 3752 τί
584 3695 678 3752 οὖν
707 3702 827 3772 οὐχὶ
861 3702 1060 3772 μᾶλλον
1078 3704 1106 3756 ό
1146 3705 1470 3778 Ἀσκληπιὸς
1493 3708 1586 3761 καὶ
1615 3686 1737 3763 Διό-

179 3799 337 3852 νυσος,
355 3791 446 3844 καὶ
474 3791 751 3865 Ἡρακλῆς
769 3810 782 3859 ;
799 3796 1089 3866 ιφήσομεν·
1105 3796 1169 3849 Τί
1191 3797 1502 3868 τηλικοῦτον
1517 3800 1740 3872 Ἀσκλη-

180 3879 358 3953 πιὺς,ῆ
388 3884 660 3948 Διόνυσος,
694 3885 726 3957 ἢ
768 3887 1042 3961 Ἡρακλῆς
1062 3889 1384 3960 εἰργάσαντο
1407 3905 1420 3953 ;
1446 3891 1555 3943 Καὶ
1583 3892 1737 3956 τίνας

179 3969 366 4034 ἕξουσιν
389 3976 666 4042 ἀποδεῖξαι
700 3976 1086 4046 βελτιωθέντας
1110 3981 1177 4034 τὰ
1199 3981 1303 4052 ’ήθη
1331 3983 1426 4036 καὶ
1453 3982 1734 4056 κρείττους

179 4068 475 4139 γενομένους
511 4071 622 4125 ἀπὸ
664 4071 772 4124 τῶν
798 4073 972 4141 λόγων
999 4074 1094 4126 καὶ
1136 4074 1229 4128 τοῦ
1267 4074 1378 4145 βίου
1413 4075 1610 4140 αὐτῶν,
1648 4078 1734 4131 ἵνα

180 4155 414 4217 γένωνται
433 4161 586 4226 Θεοί;
631 4161 838 4226 Πολλὰς
866 4163 974 4235 γὰρ
1005 4168 1102 4228 τάς
1138 4166 1264 4236 περὶ
1291 4165 1469 4218 αὐτῶν
1495 4167 1734 4238 ἱστορίας

183 4243 492 4317 ἀναγνόντες,
519 4253 721 4324 ἴδωμεν
748 4257 797 4308 εἰ
821 4255 1189 4326 ὲκαθάρευσαν
1227 4257 1334 4310 ἀπὸ
1363 4257 1728 4328 ἀκολασίας,ἢ

181 4333 389 4405 ἀδικίας,
421 4345 455 4416 ἦ
487 4345 821 4416 ἀφροσύνης,
846 4346 879 4416 ἦ
909 4347 1126 4410 δειλίας.
1173 4347 1284 4400 Καὶ
1334 4350 1382 4401 εξ
1432 4349 1530 4419 μὲν
1567 4348 1732 4420 μηδὲν

182 4426 401 4502 εὑρεθείη
445 4432 701 4486 τοσοῦτον
742 4433 851 4504 (86)
883 4436 940 4486 ὲν
990 4435 1193 4499 αὐτοῖς,
1226 4435 1442 4506 ἰσχυρὸς
1474 4436 1541 4490 ἂν
1572 4435 1655 4506 εἴη
1703 4437 1732 4488 ὁ

1841 3247 2043 3302 vocat?
2067 3248 2183 3314 Qua
2211 3250 2374 3304 etiam
2403 3251 2455 3306 in
2485 3266 2543 3308 re
2565 3263 2756 3323 peccat
2787 3255 2837 3308 in
2865 3257 3218 3328 pltiloSOphiae
3242 3261 3410 3331 leges.

1840 3337 1976 3393 Nam
2010 3343 2230 3411 proprie
2272 3343 2412 3413 quod
2446 3344 2719 3415 impurum
2748 3357 2851 3416 est,
2885 3349 2935 3402 id
2963 3350 3142 3404 oritur
3186 3366 3214 3404 a
3253 3353 3409 3409 vitio.

1839 3431 2054 3502 lmpnra
2083 3444 2264 3489 autem
2303 3451 2408 3490 non
2438 3445 2524 3491 est
2568 3446 2763 3492 natura
2795 3440 3062 3508 corporis.
3096 3440 3215 3496 Non
3243 3444 3410 3512 enim,

1840 3539 1945 3593 qua
1999 3533 2192 3578 natura
2247 3540 2506 3594 corporea
2543 3535 2650 3592 est,
2683 3542 2744 3580 ca
2789 3526 3056 3583 malitiam
3083 3531 3413 3600 impuritatis

1839 3613 2156 3684 genitricem
2207 3616 2550 3683 conjunctam
2586 3617 2770 3672 habet.
2802 3617 2940 3685 Quia
2994 3635 3125 3676 vero
3159 3633 3412 3678 nostrum

1838 3705 1945 3760 hoc
2000 3720 2319 3776 responsum
2370 3706 2474 3762 sibi
2526 3707 2710 3762 datum
2757 3708 2822 3763 iri
2855 3711 3182 3778 suspicatus,
3227 3713 3301 3768 ita
3341 3713 3413 3770 de

1840 3794 1930 3850 illa
1971 3797 2214 3863 corporis
2249 3798 2553 3854 mutatione
2609 3797 2851 3868 loquitur
2889 3816 2905 3854 ε
2941 3799 3091 3883 tSed
3155 3801 3410 3872 fortasse,

1843 3886 2029 3942 exutis
2051 3886 2158 3938 illis
2191 3885 2564 3954 qualitatibus,
2593 3887 2730 3942 Deus
2762 3889 2992 3954 evadet;
3022 3889 3207 3956 quidni
3247 3889 3414 3960 igitur

1835 3978 2015 4046 potius
2039 3975 2411 4046 disculapius,
2442 3977 2708 4045 Bacchus,
2733 3978 3041 4035 Hercules?
3078 3997 3096 4031 ›
3123 3968 3308 4050 quer
3343 3981 3412 4036 ab

1838 4071 1930 4123 illo
1975 4069 2105 4139 quid
2157 4079 2362 4124 tantum
2423 4069 2658 4124 fecerint
2717 4071 3088 4141 jEsculaplus,
3143 4073 3410 4139 Bacchus,

1834 4159 2114 4216 l‘lercules.
2167 4161 2380 4229 Ecquos
2447 4160 2653 4216 referre
2707 4174 2958 4229 possunt,
3018 4179 3160 4233 quos
3217 4179 3410 4219 eorum

1835 4267 2120 4306 sermones
2169 4260 2224 4306 et
2267 4255 2374 4308 vita
2404 4255 2749 4309 correxerint
2781 4265 2837 4308 ct
2874 4254 3129 4310 meliores
3158 4256 3410 4309 reddide-

1832 4344 1968 4408 rint,
1999 4355 2058 4397 ut
2095 4345 2147 4398 in
2179 4345 2409 4399 deorum
2449 4361 2675 4401 numero
2713 4347 2837 4400 duci
2870 4345 3137 4401 debeant?
3179 4346 3410 4400 Evolva-

1833 4450 1952 4488 mus
1987 4436 2151 4505 igitur
2186 4435 2402 4502 multas,
2436 4452 2554 4506 quae
2577 4439 2643 4492 de
2666 4438 2772 4492 illis
2805 4438 3024 4506 scripta:
3054 4443 3204 4499 sunt,
3231 4434 3407 4489 histo-

180 4514 264 4566 τοῦ
287 4520 480 4575 Κέλσου
513 4522 692 4591 λόγος,
737 4523 928 4588 ὲξισῶν
951 4523 1028 4595 τῷ
1087 4525 1260 4594 Ἰησοῦ
1305 4526 1432 4590 τοὺς
1475 4543 1735 4596 προειρη-

1846 4528 1952 4582 rias
1973 4569 1988 4593 ,
2025 4537 2080 4583 et
2113 4529 2398 4586 videamus
2427 4547 2494 4585 an
2525 4532 2594 4584 ab
2629 4528 3071 4600 intemperantia,
3098 4529 3166 4583 ab
3190 4527 3406 4595 injusti-

189 4605 352 4673 μένως
370 4629 382 4641 ·
413 4615 540 4668 εἰδὲ
566 4615 725 4686 δῆλόν
749 4617 884 4681 ἐστι,
909 4617 1008 4670 κάν
1041 4635 1163 4671 τινα
1207 4618 1438 4690 φέρηται
1479 4618 1610 4689 περὶ
1635 4619 1731 4670 αὐ-

183 4692 280 4746 τῶν
304 4697 371 4762 ὡς
405 4705 765 4776 χρηστότερα,
801 4707 882 4760 ὃτι
937 4707 1103 4778 μυρία
1146 4709 1246 4761 ὅσα
1281 4707 1431 4780 παρὰ
1454 4707 1544 4760 τὸν
1572 4706 1730 4778 ὀρθὸν

184 4780 318 4852 λόγον
343 4794 692 4863 πεποιηκέναι
715 4796 1190 4867 ἀναγεγραμμένοι
1231 4797 1335 4849 εἰσί
1353 4813 1368 4827 ο
1400 4797 1517 4860 πῶς
1541 4797 1621 4850 ἐτι
1643 4799 1733 4850 εύ-

186 4871 336 4942 λᾶγως
356 4883 548 4950 μᾶλλον
583 4885 678 4939 τοῦ
727 4887 900 4958 Ἰησοῦ
932 4889 1122 4958 φήσεις
1149 4888 1344 4952 αὐτοὺς
1364 4887 1731 4960 ἀποθεμένους

184 4965 239 5017 τὺ
259 4968 429 5042 θνητὸν
454 4977 616 5048 σῶμα
639 4978 915 5047 γεγονέναι
945 4977 1100 5042 θεούς
1120 4997 1134 5045 ;

1837 4621 1932 4683 tia,
1961 4635 1990 4673 a
2045 4621 2294 4687 stultitia,
2332 4637 2361 4675 a
2395 4623 2684 4676 timiditate
2719 4621 2838 4692 puri
2873 4629 2927 4674 et
2959 4621 3228 4674 immunes
3255 4621 3406 4674 vixe-

1834 4711 1964 4764 rint.
2002 4710 2057 4764 Si
2101 4712 2232 4766 nihil
2270 4715 2462 4766 horum
2511 4713 2766 4767 vitiorum
2792 4712 2846 4768 in
2875 4711 2982 4766 illis
3030 4711 3274 4765 invenire
3297 4721 3404 4776 est,

1837 4805 2036 4858 merito
2098 4805 2288 4860 Celsus
2346 4805 2466 4860 illos
2505 4821 2629 4861 cum
2673 4805 2804 4860 Jesu
2847 4804 3141 4861 contulerit
3185 4822 3201 4858 :
3241 4803 3404 4876 475

1837 4895 1922 4948 sin
1968 4895 2147 4964 palam
2183 4907 2268 4950 est
2293 4911 2408 4962 eos,
2444 4897 2653 4951 etiamsi
2686 4896 2932 4967 quaedam
2962 4897 3028 4951 de
3075 4896 3208 4965 ipsis
3242 4897 3399 4966 quasi

1836 4987 2063 5041 meliora
2112 4988 2378 5058 ferantur,
2412 4991 2698 5044 innumera
2750 4999 2930 5043 tamen
2969 4997 3164 5042 contra
3198 4999 3402 5043 rectam

188 5063 422 5121 rationem
441 5069 643 5128 fecisse
669 5074 959 5129 memorari
983 5090 997 5140 ;
1029 5074 1206 5129 eritne
1230 5087 1330 5128 cur
1359 5074 1538 5129 adhuc
1567 5075 1720 5131 dicas
1753 5076 1874 5133 illos
1906 5083 2106 5151 potius,
2131 5101 2292 5156 quam
2315 5084 2520 5150 Jesum,
2549 5084 2728 5155 posito
2747 5083 2960 5140 mortali
2993 5096 3246 5154 corpore,
3277 5098 3405 5139 eva-

186 5152 304 5210 sisse
331 5160 488 5218 deos?

249 5270 341 5355 (ξε)
383 5270 722 5355 ῌαξεριιριίιιε
763 5291 816 5335 et
865 5272 1193 5355 Spencerus,
1226 5283 1361 5355 πρὸς
1389 5283 1595 5355 ἐκεῖνο,
1625 5286 1718 5340 sed

187 5333 473 5422 Philocalia,
496 5333 636 5420 προς
1151 5333 1293 5422 p'ustr
1309 5333 1494 5407 eadem
1532 5333 1718 5409 Philo-

191 5410 334 5494 calia,
373 5410 630 5494 είςθεὸν
684 5410 1165 5494 μεταϐεϐληκέναιί
1213 5424 1342 5491 Qum
1397 5424 1559 5494 lectio?
1611 5442 1716 5478 non

191 5488 481 5564 spernenda,
499 5506 621 5544 cum
648 5488 948 5564 praesertim
976 5488 1115 5547 infra
1138 5488 1366 5563 legatur,
1394 5493 1718 5564 μεταὸαλεῖν

191 5548 502 5633 είςωεὶθέριον
535 5548 823 5633 ποιότητα.

228 5620 344 5696 ,(8⁵)
373 5620 794 5706 Πῳεςιιειὶυεξει
817 5634 1143 5706 δρέπει-ηε,
1167 5633 1308 5688 κατά
1339 5633 1399 5686 τὸ
1430 5633 1522 5687 τοῦ
1547 5635 1720 5706 Ἰησοῦ

196 5697 456 5759 Mummi
489 5700 782 5755 Philocalia
816 5697 874 5756 ut
918 5705 969 5756 in
1022 5697 1209 5758 nostro
1238 5715 1410 5759 textu.
1452 5697 1720 5759 Infra'ea-

195 5754 294 5847 dent
333 5754 649 5847 Philocalia,‘
662 5754 1006 5847 ἀνθρωπίνας
1655 5776 1723 5837 Et

196 5827 328 5888 paulo
361 5847 489 5903 post,
521 5838 662 5892 κατά
689 5827 799 5912 τάξ)
834 5843 922 5896 τὸν
953 5827 1155 5916 eripiet;
1181 5845 1357 5915 λόγον.

1900 5289 2008 5364 (84)
2043 5288 2361 5364 Philocalia,
2402 5291 2677 5364 ἀνωτέρω.
2712 5290 3048 5348 Ηωεοὴθιίιιε
3071 5300 3128 5346 et
3160 5290 3406 5364 Spence-

1828 5360 1942 5424 rus,
1972 5360 2249 5414 ἀνωτάτω.
2298 5362 2502 5417 Ibidem
2545 5360 2887 5418 lliesehelius
2929 5363 2981 5415 in
3017 5372 3168 5416 textu
3203 5360 3400 5429 habet,

1825 5431 1894 5484 τὰ
1919 5431 2016 5502 τῆς
2050 5429 2269 5502 σαρκὸς
2287 5432 2589 5495 ἀσθενείας.

1899 5497 2010 5570 (85)
2048 5497 2217 5577 Recte
2245 5501 2559 5568 Philocalia,
2652 5503 2811 5577 φύσις
2830 5501 3080 5577 σώματός
3101 5501 3238 5566 ἐστι,
3263 5502 3403 5577 male

1831 5569 2011 5623 autem
2057 5569 2191 5624 alias
2233 5581 2350 5639 post
2394 5569 2882 5644 νοοθιιΓσὼματος
2914 5569 3159 5627 ἰιιΜὶιιιΓ
3213 5573 3404 5645 μιαρό-

1827 5656 2088 5719 caeso.-.
2518 5716 2541 5719 -
2847 5714 2858 5719 -
3090 5712 3101 5719 -
3337 5707 3365 5719 -

2046 5708 2383 5770 Hmicltelius
2419 5723 2474 5771 et
2511 5716 2817 5786 Spcnccrus
2847 5714 2900 5770 in
2933 5712 3196 5783 margine,
3221 5707 3397 5764 τοιοῦο

1828 5796 1916 5834 τον
1923 5822 1934 5835 .

3411 5160 3424 5260 ς

3579 371 3591 384 Ι

3553 387 3584 402 μδ
