3852 6418
499 343 606 403 975

1935 340 2255 399 ORlGENlS
3605 354 3689 412 976

572 464 665 520 63.
707 464 901 521 Postea
952 464 1085 518 dicit
1139 480 1159 515 ι
1222 462 1346 518 illos
1394 477 1423 515 a
1481 463 1639 518 nobis
1688 463 1907 519 irrideri
1965 466 2057 534 qui

2230 464 2384 519 Μετά
2411 464 2581 519 ταῦτα
2616 465 2768 535 λέγει
2812 466 2940 538 περὶ
2968 465 3146 538 ἡμῶν,
3179 485 3198 518 ι
3235 466 3317 519 ὅτι
3351 467 3692 540 καταγελῶμεν

498 553 688 613 Jovem
711 558 917 623 colunt,
946 557 1073 625 quia
1105 556 1224 625 ejus
1258 557 1314 610 in
1342 556 1508 611 Creta
1538 554 1843 625 sepulcrum
1875 565 2061 611 osten-

500 648 679 715 ditur;
711 647 1060 704 nihilominus
1115 656 1294 701 tamen
1350 646 1530 702 colere
1568 662 1666 702 nos
1706 661 1829 702 eum
1858 648 1949 717 qui
1983 660 2062 702 se-

499 737 686 807 pultus
730 748 831 803 est,
856 737 1066 792 nescios
1090 738 1363 806 quomodo
1399 748 1455 792 et
1484 751 1593 807 qua
1633 739 1697 792 de
1723 752 1885 792 causa
1925 738 2059 793 Cre-

501 839 685 885 tenses
750 829 802 883 id
851 828 1077 883 faciant.
1113 847 1131 881 ι
1169 828 1272 884 Ubi
1312 828 1464 882 vides
1510 828 1660 882 illum
1698 826 2059 893 Cretensium,

497 918 674 989 Jovis,
707 919 935 991 ejusque
965 920 1197 989 sepulcri
1254 920 1531 988 suscipere
1582 919 1963 989 patrOcinium,
2007 928 2062 975 et

498 1010 727 1067 innuere
785 1012 1109 1081 allegoricas
1161 1012 1425 1081 quasdam
1479 1012 1741 1075 rationes,
1798 1011 1867 1065 ad
1923 1026 2060 1080 quas

498 1101 692 1156 referri
747 1100 940 1155 debeat
991 1100 1218 1154 conﬁcta
1248 1099 1314 1155 de
1344 1099 1475 1155 Jove
1499 1098 1677 1152 fabula
1709 1098 1877 1157 :dum
1910 1099 2052 1154 inle-

460 1217 468 1225 -
497 1194 601 1248 rim
631 1192 791 1248 nobis
821 1192 956 1247 vitio
979 1192 1090 1257 dat,
1117 1192 1262 1260 quod
1291 1201 1531 1245 nostrum
1566 1190 1747 1245 Jesum
1789 1190 1845 1245 in
1884 1189 2061 1258 sepul-

495 1295 592 1335 cro
622 1282 857 1350 positum
916 1292 1036 1335 esse
1086 1277 1437 1342 conﬁtentes,
1473 1278 1721 1331 eumdem
1748 1292 1779 1331 e
1815 1276 2062 1344 sepulcro

494 1373 790 1427 excitatum
823 1383 1128 1424 asseramus
1164 1387 1178 1422 :
1211 1368 1352 1437 quod
1407 1367 1641 1421 nondum
1684 1369 1749 1421 de
1792 1383 1888 1421 suo
1930 1366 2061 1421 Jove

496 1465 686 1518 dicunt
733 1462 1051 1517 Cretenses.
1108 1462 1373 1526 Quoniam
1439 1471 1621 1512 autem
1682 1458 1893 1513 videtur
1952 1474 2059 1513 non

496 1553 709 1610 dilliteri
734 1553 921 1609 Jovem
966 1553 1019 1607 in
1062 1552 1220 1606 Creta
1254 1551 1521 1620 sepultum
1557 1550 1760 1616 fuisse;
1789 1550 2057 1620 siquidem

496 1645 650 1711 dicit,
682 1645 896 1699 nescire
922 1657 1020 1696 nos
1058 1643 1330 1711 quomodo
1375 1655 1591 1711 quaque
1622 1641 1688 1694 de
1717 1656 1879 1695 causa
1924 1639 2056 1693 Cre-

495 1745 677 1792 tenses
720 1735 774 1790 id
808 1734 1037 1800 faciant,
1070 1736 1191 1788 dico
1230 1750 1353 1803 ego,
1392 1748 1566 1803 neque
1605 1732 1905 1802 Cyrenensi
1935 1731 2057 1785 Cal-

2162 556 2271 611 τῶν
2325 557 2769 628 προσκυνούντων
2821 557 2912 612 τὸν
2938 559 3056 623 Δία,
3107 558 3231 611 ἐπεὶ
3274 557 3442 626 τάφος
3480 557 3621 612 αὑτοῦ
3646 563 3692 614 ἐν

2161 649 2359 721 Κρήτῃ
2402 648 2669 702 δείκνυται
2692 667 2705 680 ·
2740 648 2836 703 καὶ
2871 648 3025 702 οὐδὲν
3062 643 3225 721 ἦττον
3255 648 3481 718 σέϐομεν
3504 647 3585 702 τὸν
3607 651 3694 705 ἀπὸ

2161 741 2255 795 τοῦ
2303 740 2493 810 τάφου,
2529 742 2628 794 οὐκ
2669 741 2894 805 εἰδότες,
2928 740 3043 804 πῶς
3094 741 3189 794 καὶ
3236 739 3370 794 καθὸ
3420 740 3613 811 Κρῆτες
3646 744 3694 797 τὸ

2160 832 2367 886 τοιοῦτο
2388 832 2498 903 (87)
2522 831 2781 884 ποιοῦσιν.
2820 850 2839 883 ι
2876 833 3015 902 Ὅρα
3038 825 3149 895 οὖν,
3178 831 3258 883 ὅτι
3282 831 3337 883 ὲν
3362 831 3561 893 τούτοις
3586 831 3696 885 ἀπο-

2161 924 2393 992 λογεῖται
2423 924 2519 993 μὲν
2554 924 2679 993 περὶ
2706 922 2963 994 Κρητῶν,
2990 922 3200 977 καὶτοῦ
3233 923 3375 986 Διὸς,
3407 921 3500 975 καὶ
3518 922 3600 975 τοῦ
3622 926 3699 978 τά·

2163 1035 2261 1087 φου
2301 1018 2486 1081 αὐτοῦ,
2516 1017 2884 1087 αἰνιττόμενος
2907 1016 3172 1087 τροπικὰς
3204 1015 3479 1079 ὑπονοίας,
3512 1014 3617 1068 καθ’
3645 1017 3695 1079 ἃς

2163 1107 2467 1160 πεπλάσθαι
2510 1106 2723 1174 λέγεται
2756 1106 2785 1158 6
2834 1107 2961 1177 περὶ
2996 1105 3087 1159 τοῦ
3107 1106 3228 1169 Διὸς
3265 1104 3461 1177 μῦθος·
3489 1106 3625 1175 ἡμῶν
3653 1104 3696 1157 δὲ

2162 1202 2472 1271 κατηγορεῖ,
2503 1197 2906 1269 ὁμολογούντων
2939 1197 3037 1267 μὲν
3063 1197 3325 1265 τετάφθαι
3352 1198 3443 1249 τὸν
3467 1196 3695 1267 ἡμέτερον

2172 1289 2395 1361 Ἰησοῦν,
2435 1288 2749 1356 φασκόντων
2779 1287 2837 1339 δὲ
2866 1289 2959 1340 καὶ
2986 1287 3278 1357 έγηγέρθαι
3298 1287 3458 1341 αὑτὸν
3489 1286 3588 1338 ἀπὸ
3619 1284 3695 1338 τοῦ

2160 1384 2351 1451 τάφου,
2377 1384 2512 1452 ὅπερ
2535 1376 2751 1452 Κρῆτες
2780 1380 2962 1433 ούκέτι
2990 1382 3117 1452 περὶ
3142 1379 3235 1433 τοῦ
3260 1380 3380 1443 Διὸς
3408 1378 3693 1451 ἱστοροῦσιν.

2174 1470 2325 1526 Ἐπεὶ
2350 1472 2404 1525 δὲ
2432 1472 2577 1524 δοκεῖ
2609 1469 2719 1542 (88)
2749 1469 3128 1540 συναγορεύειν
3155 1470 3232 1540 τῷ
3261 1470 3318 1521 ὲν
3360 1470 3549 1539 Κρήτῃ
3573 1470 3700 1538 τάφῳ

2160 1564 2253 1615 τοῦ
2308 1564 2447 1625 Διὸς,
2503 1563 2709 1631 λέγων*
2766 1562 2953 1625 Ὅπως
3003 1563 3102 1633 μὲν
3140 1564 3235 1615 καὶ
3280 1563 3466 1615 καθότι
3515 1563 3701 1631 Κρῆτες

2159 1654 2313 1707 τοῦτο
2353 1653 2593 1706 ποιοῦσιν
2629 1654 2728 1705 οὐκ
2780 1654 3010 1716 εἰδότες·
3049 1655 3314 1725 φήσομεν,
3348 1655 3428 1707 ὅτι
3454 1654 3544 1707 καὶ
3571 1658 3595 1707 6
3616 1657 3701 1707 Κυ-

2166 1747 2373 1816 ρηναῖος
2394 1744 2752 1815 Καλλίμαχος,
2773 1744 2998 1798 πλεῖστα
3012 1745 3111 1798 ὃσα
3138 1747 3403 1815 ἀναγνοὺς
3430 1750 3699 1816 ποιήματα,

494 1828 753 1892 ίίίηδθίιον
785 1827 879 1897 (ιιιί
904 1826 1194 1896 Plerosque
1249 1835 1437 1893 Ροοῑίιε
1486 1824 1719 1879 canebat
1784 1832 2059 1891 ιοιειιηίιυε
2089 1812 2131 1867 Β
2162 1812 2253 1889 καὶ
2285 1838 2520 1907 ἱστορίαν
2552 1812 2733 1907 σχεδὸν
2768 1838 2947 1890 πᾶσαν
2976 1812 3372 1909 ἀναλεξάμενος
3396 1812 3697 1907 Ἑλληνικὴν,

491 1919 610 1975 fere
643 1919 1020 1975 Graacanicam
1051 1918 1329 1973 evolverat
1355 1917 1662 1978 historiam,
1690 1924 1871 1968 notam
1897 1914 2058 1968 ullam

491 2013 665 2069 fuisse
706 2011 950 2066 historiae
991 2008 1143 2066 Jovis
1181 2008 1409 2078 ejusque
1443 2008 1677 2076 sepulcri
1710 2007 2057 2076 allegoricam

491 2104 1023 2174 interpretationem.
1099 2102 1440 2172 Quapropter
1513 2101 1568 2154 in
1627 2101 1829 2169 hymno
1898 2112 2059 2167 quem

495 2196 617 2253 Jovi
650 2206 947 2266 nuncupat,
968 2194 1256 2250 Cretenses
1294 2193 1508 2247 incusat
1534 2192 1620 2246 his
1646 2191 1831 2245 verbis
1866 2209 1877 2243 :

562 2309 781 2377 Semper
811 2309 1084 2361 mendaces
1113 2306 1301 2365 Crelrr,
1330 2321 1420 2357 rex
1454 2320 1661 2377 magne,
1686 2302 2032 2377 sepulcrum“
2064 2300 2067 2301 ⁷

569 2370 892 2433 Exsiruxere
926 2380 1018 2431 tibi
1038 2419 1054 2443 ,
1078 2380 1161 2430 cui
1190 2392 1327 2429 mors
1367 2392 1469 2428 non
1499 2370 1694 2427 accidet
1730 2388 1955 2441 unquam
1984 2370 2053 2424 ⁷³.

492 2492 701 2549 Tamen
749 2506 872 2546 cum
905 2489 1243 2545 dicitJovem
1286 2502 1392 2541 non
1433 2486 1631 2541 obiisse
1659 2495 1912 2551 mortem,
1936 2499 2056 2539 cum

492 2597 710 2654 semper
738 2583 829 2647 sit,
866 2581 940 2635 ita
978 2590 1140 2649 negat
1165 2579 1283 2648 ejus
1312 2578 1365 2631 in
1394 2577 1550 2631 Creta
1584 2575 1889 2643 sepulcrum
1915 2589 2054 2637 esse,

490 2687 553 2731 ut
592 2686 771 2731 tamen
826 2684 1090 2729 memoret
1141 2672 1195 2726 in
1246 2670 1339 2724 il‘lo
1371 2668 1537 2724 fuisse
1584 2667 1777 2720 mortis
1816 2667 2055 2720 initium.

493 2769 655 2824 Nasci
694 2770 864 2835 enim,
898 2766 1139 2835 incipere
1174 2772 1261 2819 est
1297 2761 1457 2817 mori.
1492 2760 1651 2830 Atqui
1679 2758 1823 2813 illius
1850 2766 1934 2812 est
1971 2758 2057 2812 hic

490 2877 557 2917 VC
566 2875 684 2915 I'SUS
714 2878 728 2914 ε

739 2973 812 3030 Te
848 2973 991 3042 apud
1025 2970 1346 3025 Parrhasios
1375 2967 1517 3022 Rhea
1543 2968 1757 3036 peperit.

493 3066 961 3136 Quemadmodum
1015 3073 1196 3118 autem
1238 3061 1386 3116 Jovis
1422 3063 1473 3115 in
1501 3061 1658 3116 Creta
1687 3071 1863 3115 ortum
1893 3076 2059 3131 nega-

2160 1929 2277 1982 ούδε
2286 1930 2411 1999 μίαν
2436 1926 2541 1982 οἷόε
2572 1929 2927 1999 τροπολογίαν
2955 1930 3014 1983 ὲν
3042 1933 3155 1993 τοῖς
3183 1930 3312 2001 περὶ
3334 1930 3455 1993 Διὸς
3500 1928 3587 1981 καὶ
3626 1926 3699 1979 τοῦ

2158 2024 2327 2091 τάφου
2378 2022 2559 2075 αὑτοῦ.
2590 2023 2680 2074 Διὸ
2707 2023 2801 2075 καὶ
2827 2022 3049 2090 ἐγκαλεῖ
3074 2024 3187 2085 τοῖς
3216 2023 3426 2095 Κρησὶν
3451 2023 3507 2074 ὲν
3540 2020 3611 2091 τῷ
3638 2022 3700 2083 εἱς

2158 2114 2248 2168 τὸν
2272 2113 2368 2166 Δία
2396 2113 2655 2182 γραφέντι
2676 2112 2842 2167 αὐτοῦ
2888 2113 3061 2185 ὕμνῳ,
3082 2113 3255 2183 λέγων
3272 2129 3288 2145 ’

2159 2315 2384 2383 Κρῆτες
2412 2316 2500 2368 ἀεὶ
2530 2314 2821 2383 ψεῦσται*
2854 2315 2953 2367 καὶ
2988 2313 3097 2383 γὰρ
3127 2312 3335 2383 τάφον,
3366 2308 3413 2367 ὦ
3440 2313 3572 2375 ἄνα,
3594 2312 3697 2367 σεῖο

2157 2387 2376 2455 Κρῆτες
2390 2382 2801 2450 ἐτεκτήναντοο
2828 2385 2909 2438 σὺ
2933 2382 3066 2439 δ’ῠύ
3088 2382 3285 2451 θάνεςο
3304 2385 3443 2439 ἐσσὶ
3460 2385 3564 2454 γὰρ
3588 2383 3696 2437 αἰεί.

2162 2499 2265 2552 Καὶ
2291 2502 2319 2552 6
2348 2498 2533 2563 είπὼν,
2564 2500 2635 2551 Σὺ
2663 2498 2705 2551 δ’
2734 2498 2795 2551 ού
2822 2498 3009 2560 θάνες·
3043 2498 3160 2549 ἐσσὶ
3181 2495 3290 2568 γάρ
3318 2497 3447 2561 αἰεὶ,
3487 2496 3697 2568 ἀρνησά-

2159 2606 2318 2661 μενος
2350 2589 2449 2659 τὴν
2496 2589 2553 2640 ὲν
2586 2589 2781 2664 Κρήτῃ
2812 2589 2986 2659 ταφὴν
3005 2588 3098 2640 τοῦ
3124 2587 3267 2651 Διὸς,
3300 2587 3399 2658 τὴν
3428 2588 3591 2658 ἀρχὴν
3622 2586 3697 2638 τοῦ

2159 2682 2388 2735 Θανάτου
2434 2681 2631 2749 ιστορεί
2672 2679 2953 2745 γεγονέναι
2997 2680 3125 2751 περὶ
3172 2679 3266 2733 τὸν
3302 2680 3421 2733 Δία.
3467 2678 3620 2751 Ἀρχὴ
3653 2677 3697 2729 δὲ

2159 2774 2387 2827 θανάτου
2417 2774 2450 2843 ἡ
2477 2774 2568 2825 ἐπὶ
2596 2772 2697 2843 γῆς
2724 2772 2934 2839 γένεσις
2954 2788 2967 2801 ·
2996 2772 3143 2840 λέγει
3168 2772 3213 2826 δ’
3242 2772 3445 2836 οὕτως’

2171 2972 2266 3025 Ἐν
2290 2972 2354 3025 δέ
2374 2987 2446 3026 σε
2469 2973 2829 3040 Παρῤασίοις
2854 2972 2963 3043 (89)
3002 2972 3155 3039 Ῥείη
3184 2970 3359 3025 τέκεν
3385 2967 3695 3037 εὐνηθεῖσα.

2172 3066 2370 3136 Ἐχρῆν
2400 3064 2443 3117 6‘
2472 3065 2653 3128 αὑτὸν,
2682 3064 2757 3127 ὡς
2796 3065 3071 3137 ἠρνήσατο
3090 3063 3188 3134 τὴν
3208 3065 3266 3116 ὲν
3295 3064 3486 3136 Κρήτῃ
3511 3062 3697 3129 γένεσιν

493 3167 648 3213 verat
698 3166 921 3227 propter
966 3154 1271 3222 sepulcrum
1322 3152 1473 3220 ejus,
1508 3163 1585 3207 ita
1636 3153 1817 3207 videre
1875 3152 2057 3208 debuit

2164 3156 2251 3209 τοῦ
2298 3156 2416 3220 Διὸς
2445 3155 2533 3209 διὰ
2561 3155 2652 3208 τὸν
2702 3156 2868 3224 τάφον
2911 3155 3097 3220 αὐτοῦ,
3130 3156 3282 3226 ὁρᾷν,
3320 3156 3402 3208 ὅτι
3447 3149 3695 3223 ἠκολούθει

492 3263 831 3318 consequens
875 3262 997 3301 esse
1030 3256 1087 3299 ut
1135 3246 1180 3300 si
1227 3254 1387 3298 natus
1417 3253 1502 3297 est
1540 3244 1595 3297 in
1635 3244 1886 3305 Arcadia,
1915 3259 2059 3297 mor-

493 3351 619 3396 tuus
648 3340 813 3395 fuerit
843 3340 934 3410 qui
959 3349 1118 3393 natus
1160 3347 1298 3392 erat.
1326 3338 1396 3392 At
1429 3336 1509 3389 sic
1550 3337 1615 3390 de
1647 3334 1731 3389 his
1763 3336 1909 3390 canit
1933 3335 2058 3389 Cal-

492 3433 757 3488 limachus
790 3450 806 3485 :

561 3528 795 3595 Jupiter,
826 3524 985 3577 Ida’is
1015 3533 1201 3595 natum,
1222 3534 1271 3576 te
1302 3523 1355 3575 in
1385 3520 1656 3595 montibus,
1679 3520 1868 3595 aiunt;

560 3590 854 3650 Arcadibus
889 3604 939 3647 te
970 3600 1098 3647 dant
1130 3594 1226 3646 alii
1262 3612 1282 3647 :
1309 3595 1414 3645 utri
1441 3592 1593 3645 verba
1625 3592 1873 3644 dederunt
1893 3590 1919 3643 .’

560 3731 780 3801 Semper
806 3728 1078 3784 mendaces
1103 3725 1295 3793 (ἔνεισι,
1329 3735 1436 3783 etc.

488 3846 667 3915 Atque
705 3843 812 3899 huc
856 3857 956 3899 nos
996 3842 1173 3910 coegit
1216 3840 1424 3909 Celsus,
1478 3839 1569 3910 qui
1616 3853 1809 3910 parum
1868 3854 2055 3909 aequus

489 3939 543 3991 in
573 3936 778 4003 .lesum,
807 3936 981 3991 credit
1003 3934 1220 4004 quidem
1252 3947 1441 3988 verum
1469 3947 1590 3986 esse
1624 3934 1767 4001 quod
1794 3932 2056 4001 scriptum

488 4041 593 4095 est,
651 4029 801 4085 illum
854 4038 909 4082 et
970 4038 1241 4083 mortuum
1291 4034 1346 4079 et
1394 4023 1662 4093 sepultum
1734 4040 1893 4090 esse,
1958 4039 2058 4094 pro

488 4125 748 4191 ligmento
793 4129 973 4173 autem
1017 4119 1181 4172 habet
1226 4115 1472 4171 eumdem
1522 4130 1553 4169 e
1610 4116 1838 4169 mortuis
1890 4113 2059 4170 fuisse

487 4214 786 4270 excitatum
824 4212 1113 4281 :-quamvis
1144 4218 1220 4264 tot
1246 4210 1522 4279 prophetae
1555 4207 1670 4275 ejus
1705 4208 2060 4264 resurrectio-

488 4326 612 4365 nem
645 4311 1018 4381 prazdixerint,
1041 4307 1335 4377 multisque
1357 4306 1531 4375 signis
1563 4306 1714 4361 illum
1756 4304 2057 4361 redivivum

487 4399 802 4469 apparuisse
837 4408 1069 4453 constet.

2157 3255 2224 3323 τῇ
2271 3254 2328 3305 ὲν
2368 3251 2623 3323 Ἀρκαδία
2657 3251 2865 3319 γενέσει
2894 3248 3054 3303 αὑτοῦ
3075 3248 3134 3302 τὸ
3167 3249 3261 3302 καὶ
3314 3248 3589 3303 ἀποθανεῖν
3622 3243 3697 3296 τὸν

2158 3344 2567 3414 γεγεννημένον.
2600 3342 2837 3397 Τοιαῦτα
2886 3342 2942 3395 δὲ
2985 3341 3079 3395 καὶ
3126 3340 3255 3411 περὶ
3299 3339 3497 3393 τούτων
3523 3337 3696 3406 λέγειὸ

2157 3435 2505 3506 Καλλίμαχος
2520 3452 2534 3465 °

2158 3526 2293 3603 get},
2330 3526 2545 3603 cepe;
2583 3525 2905 3603 fidelem”:
3021 3522 3225 3603 ο-τξρεσι
3262 3522 3412 3603 φασξ
3433 3519 3693 3603 γενέσθαί.

2158 3596 2295 3661 Ζεῦ,
2351 3592 2439 3649 σέ
2480 3596 2532 3648 δ’
2570 3596 2642 3649 ἐν
2692 3594 3008 3662 Ἀρκαδίῃ.
3032 3594 3297 3663 Πότεροι,
3332 3592 3695 3663 stringere-et)-

3496 3674 3659 3714 σαντο
3676 3672 3691 3717 ἶ

2158 3736 2382 3806 Κρῆτες
2408 3736 2496 3791 ἀεὶ
2532 3735 2811 3804 ψεῦσται,
2836 3735 2932 3788 καὶ
2959 3732 3027 3787 τὰ
3058 3732 3207 3804 ἑξῆς.

2158 3853 2253 3914 Εἰς
2277 3850 2451 3904 ταῦτα
2498 3849 2541 3901 δ’
2582 3850 2729 3919 ἡμᾶς
2774 3850 2982 3919 ἢγαγεν
3029 3850 3059 3901 6
3112 3846 3355 3911 Κέλσος,
3402 3838 3695 3914 ἀγνωμονῶν

2160 3943 2289 4014 περὶ
2324 3941 2417 3995 τοῦ
2470 3939 2666 4011 Ἰησοῦ,
2698 3939 2794 3994 καὶ
2826 3938 3354 4008 συγκατατιθέμενος
3387 3938 3480 4009 μὲν
3500 3936 3593 3996 τοῖς
3614 3946 3693 3998 γε·

2159 4032 2515 4105 γραμμένοις,
2570 4032 2652 4085 ὅτι
2697 4031 2936 4086 ἀπέθανε
2996 4030 3091 4083 καὶ
3149 4028 3346 4100 ἐτάφη,
3405 4027 3611 4094 πλάσμα
3644 4020 3694 4073 δὲ

2160 4125 2459 4196 ἡγούμενος
2505 4112 2667 4185 εἶναι,
2700 4124 2781 4177 ὅτι
2833 4123 2927 4176 καὶ
2968 4122 3167 4192 ἀνέστη
3218 4120 3328 4176 ἀπὸ
3354 4120 3459 4174 τῶν
3482 4112 3691 4188 νεκρῶν·

2160 4218 2256 4271 καὶ
2303 4217 2476 4271 ταῦτα
2523 4217 2731 4287 μυρίων
2770 4214 3062 4288 προφητῶν
3103 4212 3380 4267 καὶτοῦτο
3410 4202 3695 4283 προειρηκόα

2160 4327 2287 4373 των,
2321 4308 2416 4362 καὶ
2461 4307 2669 4359 πολλῶν
2719 4307 2888 4361 ὄντων
2945 4305 3185 4377 σημείων
3212 4304 3309 4377 τῆς
3337 4303 3469 4375 μετὰ
3498 4301 3693 4355 θάνατον

2160 4399 2477 4468 ἐπιφανείας
2506 4398 2688 4450 αὐτοῦ.

555 4492 646 4546 44.
699 4492 904 4546 Deinde
961 4491 1195 4555 Celsus,
1248 4504 1368 4559 quae
1419 4486 1580 4558 pauci
1618 4485 1840 4541 omnino
1874 4499 1943 4540 ex
1988 4484 2054 4539 iis

2232 4483 2345 4539 Εἶθ’
2386 4486 2511 4556 ἑξῆς
2542 4488 2651 4556 (90)
2679 4487 2886 4551 τούτοις
2936 4488 2965 4539 6
3017 4486 3223 4550 Κέλσος
3267 4486 3337 4540 τά
3389 4484 3488 4538 ὑπὸ
3525 4478 3692 4575 ὀλίγιυν

485 4588 578 4654 qui
630 4584 901 4640 habentur
946 4584 1275 4646 Christiani,
1331 4583 1480 4651 iique
1530 4596 1640 4636 non
1698 4579 2049 4640 eruditiores,

485 4690 544 4731 ut
606 4688 782 4747 putat,
855 4679 949 4733 sed
999 4676 1397 4746 imperitissimi
1484 4683 1679 4729 contra
1747 4672 2054 4726 doctrinam

485 4768 614 4824 Jesu
680 4771 948 4840 garriunt,
997 4768 1229 4824 al'l'erens
1283 4786 1298 4822 :
1356 4786 1377 4820 ι
1428 4766 1556 4822 llaec
1630 4776 1779 4827 sunt,
1854 4763 2052 4830 inquit,

487 4875 674 4916 eorum
738 4862 981 4917 instituta
1042 4880 1058 4915 :
1106 4861 1275 4915 Nemo
1332 4860 1603 4922 eruditus,
1660 4872 1820 4911 nemo
1890 4855 2057 4926 [‘76

490 4951 727 5019 sapiens,
791 4966 951 5006 nemo
1015 4954 1255 5021 prudens
1303 4953 1371 5006 ad
1424 4965 1523 5005 nos
1580 4949 1803 5003 accedat
1865 4966 1879 5003 :
1941 4950 2056 5001 inec

489 5055 636 5094 enim
693 5039 835 5093 mala
906 5041 1046 5109 apud
1145 5056 1244 5096 nos
1325 5040 1735 5095 existimantur.
1826 5036 1935 5091 Sed
2009 5036 2055 5090 si

489 5133 611 5201 quis
649 5141 735 5186 est
771 5132 1018 5202 ignarus,
1056 5132 1103 5187 si
1156 5133 1277 5202 quis
1323 5132 1610 5201 insipiens,
1651 5132 1696 5184 si
1741 5130 1866 5196 quis
1923 5128 2057 5183 stul-

556 5253 605 5285 "
634 5251 955 5306 Callimach.
982 5252 1166 5323 hymn.
1194 5253 1248 5316 l,
1278 5253 1331 5306 in
1363 5251 1575 5307 Jovem.

703 5364 1008 5435 Spencerus
1038 5366 1093 5419 in
1129 5374 1304 5431 textu,
1326 5365 1509 5421 τοῦτο.

562 5434 676 5504 (88)
716 5434 1020 5504 Speucerus
1059 5436 1111 5488 in
1149 5446 1320 5499 textu,
1357 5436 1550 5498 δοκεῖς.

559 5504 672 5576 (89)
721 5504 849 5576 Mss.
906 5505 1258 5575 Παρρασίοις.
1298 5506 1632 5560 llcesclietius
1669 5517 1723 5561 et
1752 5505 2059 5573 Speucerus

488 5576 543 5629 in
595 5574 745 5649 textu
780 5574 1124 5644 Παρνασίοις.
1163 5577 1317 5631 Libb.
1371 5578 1502 5630 editi
1538 5577 1860 5631 Callimachi
1911 5577 2059 5649 Ποιρο

492 5649 674 5785 ραῗδθ)
714 5711 1027 5785 Εἶθ’γᾷξῆς.
1083 5713 1173 5785 Sic
1228 5730 1355 5769 mss.
1386 5724 1441 5768 et
1487 5715 1808 5775 Philocalia,
1857 5718 2058 5772 rectius

491 5784 623 5840 sane
655 5799 817 5855 quam
844 5784 1186 5841 Huaschelius
1216 5794 1268 5840 et
1296 5785 1625 5855 Speucerus,
1654 5784 1761 5837 Εἱδ⁹
1786 5785 1931 5854 ἑξῆς.

2162 4581 2299 4633 πάνυ
2330 4579 2481 4648 παρά
2522 4578 2618 4649 τὴν
2641 4582 2987 4637 διδασκαλίαν
3014 4578 3188 4649 Ἰησοῦ
3221 4578 3479 4648 λεγόμενα
3511 4566 3694 4637 νομιζο-

2163 4672 2336 4741 μένων
2384 4670 2763 4743 Χριστιανῶν,
2810 4672 2870 4725 ού
2916 4669 3335 4741 φρονιμωτέρων
3370 4668 3458 4737 (ὡς
3500 4658 3687 4719 οἴεται).

2158 4765 2271 4818 ἀλλ’
2306 4764 2697 4836 ἀμαθεστέρων
2726 4765 2857 4835 (91),
2900 4764 3103 4835 φέρων,
3131 4763 3265 4834 φησὶ
3318 4782 3335 4813 ι
3376 4756 3573 4813 τοιαῦτα
3606 4750 3689 4803 ὑπ’

2158 4854 2338 4908 αὐτῶν
2392 4855 2857 4927 προστάσσεσθαι·
2907 4854 3111 4925 Μηδεὶς
3159 4853 3398 4924 προσίτω
3445 4839 3691 4899 πεπαιδευ-

2164 4947 2343 5015 μένοςν
2400 4947 2586 5018 μηδεὶς
2647 4947 2830 5017 σοφὸς,
2858 4946 3042 5019 μηδεὶς
3090 4947 3348 5016 φρόνιμος
3399 4935 3549 5010 (κακά
3592 4928 3691 4998 γὰρ

2164 5036 2334 5089 ταῦτα
2362 5038 2641 5109 νομίζεται
2673 5043 2803 5111 παρ’
2821 5039 2993 5110 ἡμῖν),
3011 5038 3124 5091 ἀλλ’
3140 5038 3191 5088 εἶ
3215 5054 3297 5099 τις
3320 5030 3536 5104 ἀμαθὴςν
3558 5022 3691 5111 erit;

2166 5130 2387 5200 ἀνόητος
2412 5108 2578 5200 ,εῐτις
2595 5108 2912 5195 ἀπαίδευτος
2942 5108 3072 5203 (92),
3094 5129 3249 5192 εἴτις
3278 5128 3481 5196 νήπιος,
3500 5108 3687 5186 θαρἷδῶν

2228 5364 2340 5433 (91)
2370 5364 2830 5433 ’Λμαθεστέρων.
2857 5361 3120 5433 Ιιοίοοάλιι.
3152 5358 3351 5433 Regius
3374 5345 3687 5433 et

2156 5418 2455 5499 sis‘JA'lias',
2489 5418 2915 5505 ἀμαθεστάτων.Δ
2938 5431 3106 5505 Paulo
3137 5418 3263 5505 p_os't'
3308 5418 3607 5505 liteschelius
3634 5418 3685 5461 et

2157 5506 2417 5574 Spencer.
2442 5493 2505 5558 in
2531 5493 2796 5571 margine.
2823 5502 2928 5574 καὶ
2958 5502 3067 5571 γάρ
3090 5493 3650 5574 ταῦτα.νομίζεταιχ,Μ

2228 5552 3048 5643 (gerem;355.525.:
3073 5552 3214 5643 jtaec
3265 5569 3323 5643 in
3347 5552 3683 5643 'anihlealfﬂijjf

2231 5621 2338 5643 ν’-Ι
2395 5621 2459 5627 —'
2523 5621 2600 5640 ’⁷)
2660 5621 3038 5637 """""""
3097 5621 3132 5623 *ί
3164 5621 3177 5623 ⁷
3313 5638 3323 5647 _
3646 5631 3652 5636 .

2156 5646 2357 5713 omissa
2390 5646 2649 5713 sunt,'sed
2674 5643 2990 5713 supplentur
3017 5658 3047 5694 e
3072 5637 3386 5713 Pli_ilocalia._
3405 5621 3681 5713 Paqunfgff

2156 5686 3046 5780 βἰῖίιςεῖ.εἷς’·ἰ;ι;“η“υ;ξῑί·ίίι;·,·“δτῖ
3072 5686 3431 5781 ’,λέξετε-τως
3471 5686 3675 5762 ηλιοίους

2157 5784 2251 5836 καὶ
2287 5783 2530 5849 ἀσθενεῖς
2558 5785 2649 5839 καὶ
2678 5781 3052 5853 ἀναισθήτους.
