3852 6418
195 371 280 429 977
1336 368 1614 424 CONTRA
1648 368 1923 425 CELSUM
1962 370 2087 425 LlB.
2126 369 2211 425 Ill.

196 490 361 561 ἡκέτω.
393 486 624 550 τούτους
654 487 762 559 γὰρ
793 487 972 553 ἀξίους
995 486 1087 539 τοῦ
1113 486 1375 556 σφετέρου
1406 488 1538 540 Θεοῦ
1569 487 1728 541 αὐτό-

1841 499 1934 550 ius,
1971 490 2016 543 is
2052 489 2279 543 ﬁdenter
2306 490 2507 543 veniat.
2542 488 2686 556 Quos
2716 488 2961 545 homines
2986 506 3106 545 cum
3145 507 3242 546 suo
3273 493 3383 547 Deo

193 584 268 637 θεν
290 577 679 650 ὁμολογοῦντες,
712 578 858 647 δῆλοί
899 580 1034 632 εἰσιν
1055 618 1069 641 ,
1111 580 1193 631 ὃτι
1231 579 1422 648 μόνους
1458 580 1580 642 τοὺς
1609 578 1725 647 ηλι-

1841 581 2018 651 lignos
2062 595 2182 635 esse
2216 582 2315 648 ipsi
2351 579 2639 646 fateantur,
2669 592 2853 651 aperte
2880 582 3160 638 declarant
3192 600 3251 638 se
3283 600 3384 639 nec

192 673 313 736 θίους
340 670 429 723 καὶ
452 671 697 737 ἀγεννεῖς
728 671 819 721 καὶ
858 669 1235 739 ἀναισθήτους,
1267 669 1361 721 καὶ
1398 670 1724 740 ἀνδράποδα,

1841 672 1981 731 velle,
2010 687 2110 726 nec
2135 686 2291 740 posse
2320 672 2419 726 sibi
2450 673 2739 728 conciliare
2765 674 2919 739 alios,
2941 689 3099 744 quam
3134 676 3380 744 stolidos,

196 763 274 816 καὶ
332 759 545 827 γύναια,
600 760 692 813 καὶ
756 760 1035 832 παιδάρια,
1107 760 1311 813 πείθειν
1360 760 1599 813 ὲθέλουσί
1666 777 1725 813 τε

1848 756 2113 825 gnohiles,
2146 759 2409 826 stupidos,
2439 760 2731 829 mancipia,
2778 762 3123 819 mulierculas
3171 775 3227 820 et
3253 782 3385 835 pue-

191 855 269 908 καὶ
313 852 587 906 δύνανται’
628 871 647 905 ι
676 853 787 905 Καὶ
846 854 979 925 πρὸς
1033 853 1208 906 ταῦτα
1264 853 1322 905 δέ.
1372 870 1570 921 φαμεν,
1620 853 1723 915 ὅτι,

1841 849 1993 903 rulos.
2030 869 2049 902 ι
2088 850 2168 903 Ad
2203 866 2321 919 qua:
2352 851 2429 906 sic
2464 854 2784 921 respondeo.
2818 853 2941 909 llaec
2974 852 3131 911 Jesus
3157 858 3223 911 de
3254 873 3385 913 con-

190 946 349 1014 ὦσπερ
375 943 427 997 εί
445 943 657 1011 τις(τοῦ
689 944 860 1014 Ἰησοῦ
887 944 1231 1007 διδάσκοντος
1272 944 1340 995 τὰ
1363 944 1489 1014 περὶ
1520 956 1727 1014 σωφρο-

1841 942 2053 998 .inentia
2104 948 2257 997 docet
2296 962 2309 996 :
2344 963 2363 995 ι
2410 944 2510 1011 Qui
2544 947 2738 1000 viderit
2769 947 3049 1001 mulierem
3083 948 3149 1002 ad
3182 964 3385 1004 concu-

194 1035 350 1105 σύνης,
378 1035 468 1088 καὶ
496 1035 769 1104 λέγοντος·
800 1040 895 1101 ⁸ος
938 1037 1031 1091 ἐὰν
1064 1036 1304 1108 ἐμϐλέψῃ
1331 1036 1547 1104 γυναικὶ
1592 1036 1727 1105 πρὸς

1841 1036 2143 1101 piscendum
2184 1051 2325 1100 eam,
2359 1037 2471 1105 jam
2517 1038 2820 1092 moechatus
2849 1049 2929 1093 est
2954 1054 3072 1094 eam
3124 1040 3175 1094 in
3220 1044 3385 1098 corde

196 1128 238 1183 τὸ
275 1129 617 1199 ἐπιθυμῆσαι,
659 1130 756 1201 ἤδη
790 1131 1105 1202 ἐμοίχευσεν
1130 1132 1299 1201 αὐτὴν
1339 1132 1395 1183 ὲν
1433 1134 1497 1201 τῇ
1534 1132 1728 1201 καρδίᾳ

1841 1127 2005 1179 suo“.
2045 1148 2063 1179 ι
2099 1129 2168 1181 At
2201 1129 2244 1182 si
2278 1129 2395 1196 quis
2427 1129 2632 1183 videret
2658 1144 2857 1197 paucos
2878 1145 2943 1183 ex
2978 1130 3082 1183 illis
3112 1131 3203 1199 qui
3228 1132 3388 1186 (ιιιτὶ-

192 1220 329 1273 αὑτοῦ
350 1238 363 1252 σ
389 1215 584 1289 »)ὲώρα
612 1222 823 1291 ὀλίγους
842 1223 948 1276 ἀπὸ
966 1223 1073 1276 τῶν
1092 1223 1355 1277 τοσούτων
1375 1226 1727 1295 Χριστιανοὺς

1841 1218 1992 1271 stiani
2053 1227 2331 1286 putantur,
2382 1218 2666 1273 libidinose
2712 1220 2918 1285 vivere,
2952 1222 3147 1275 merito
3168 1223 3387 1290 quidem

191 1306 306 1365 εἶναι
342 1312 717 1383 νομιζομένους
759 1314 1070 1379 ἀκολάστως
1120 1314 1344 1379 ζῶντας,
1390 1313 1727 1382 εὐλογώτατα

1841 1308 1937 1363 illis
1980 1308 2194 1362 crimini
2227 1320 2403 1363 vertat
2451 1310 2592 1378 quod
2637 1309 2792 1364 aliter
2830 1312 3013 1365 vivant
3048 1322 3210 1380 atque
3233 1312 3388 1368 Jcsus

195 1402 274 1471 μὲν
313 1402 375 1455 ἀν
404 1403 583 1465 αὐτοῖς
606 1403 848 1457 ἐνεκάλει
872 1405 1022 1475 παρά
1055 1404 1151 1475 τὴν
1184 1404 1356 1475 Ἰησοῦ
1391 1403 1561 1473 βιοῦσι
1588 1403 1729 1456 διδα-

1841 1402 2087 1468 prrecepit
2126 1420 2137 1454 :
2174 1401 2269 1455 sed
2305 1400 2650 1471 iniquissime
2680 1401 2865 1466 faciat,
2890 1404 2935 1457 si
2967 1404 3172 1458 crimen
3200 1418 3389 1481 eorum

3274 370 3381 427 $78

198 1492 426 1547 ιτκιιλίαν⁵
457 1494 772 1561 ἀλογώτατα
809 1495 852 1548 δ’
886 1496 951 1550 ἂν
972 1497 1243 1565 ἐποίησεν,
1279 1498 1326 1549 εἰ
1353 1496 1411 1547 τὸ
1442 1495 1561 1548 κατ’
1592 1495 1732 1547 ὲκεί-

200 1602 287 1636 νων
331 1584 573 1654 ἔγκλημα
616 1584 694 1654 τῷ
734 1584 874 1655 λόγῳ
902 1586 1211 1657 προσῆπτεν
1229 1602 1245 1618 ο
1266 1586 1434 1648 οὕτως
1466 1586 1558 1638 ἐὰν
1581 1585 1729 1655 εὑρί-

197 1689 361 1743 σκηται
381 1673 591 1737 οὐδενὸς
614 1671 774 1747 ἦττον
808 1677 836 1728 ὁ
866 1676 1203 1747 Χριστιανῶν
1242 1676 1394 1744 λόγος
1422 1676 1514 1727 ἐπὶ
1544 1677 1730 1747 σοφίαν

195 1764 618 1835 προκαλούμενος,
643 1767 928 1836 ὲγκλητέον
962 1770 1058 1839 μὲν
1083 1768 1233 1821 ἔσται
1269 1772 1377 1831 τοῖς
1408 1768 1729 1840 συναγορεύ-

195 1873 290 1908 ουσι
311 1858 368 1926 τῇ
397 1856 544 1925 σφῶν
562 1856 790 1928 ἀμαθία,
808 1861 901 1913 καὶ
922 1860 1170 1927 λέγουσιν
1190 1861 1250 1913 ού
1272 1860 1440 1913 ταῦτα
1470 1861 1565 1930 μὲν
1592 1863 1732 1933 ἅπερ

197 1944 427 2007 ὀΚέλσος
472 1946 781 2016 ἀνέγραψεν
807 1947 945 2018 (οὐδὲ
991 1950 1098 2019 γὰρ
1148 1949 1317 2013 οὕτως
1345 1951 1730 2020 ἀναισχύντως,

202 2036 283 2089 κᾶν
314 2037 510 2090 ίδιῶταί
532 2056 677 2102 τινες
703 2033 803 2093 ὦσι
852 2042 944 2093 καὶ
968 2041 1217 2112 ἀμαθεῖς,
1244 2042 1487 2109 λέγουσιν
1506 2047 1543 2112 ·)
1575 2044 1734 2115 ἕτερα

198 2128 245 2180 δὲ
277 2128 439 2201 πολλῷ
483 2129 741 2185 ἐλάττονα
786 2133 878 2185 καὶ
907 2134 1279 2205 ἀποτρεπτικὰ
1311 2134 1403 2187 τοῦ
1432 2136 1615 2188 ἀσκεῖν
1642 2153 1732 2188 σο-

200 2222 322 2290 φίαν.

255 2315 361 2367 Ὀτι
386 2314 441 2367 δὲ
476 2314 721 2383 βούλεται
754 2318 900 2387 ἡμᾶς
937 2311 1075 2370 εἶναι
1123 2318 1318 2386 σοφοὺς
1358 2322 1385 2373 ὁ
1418 2319 1592 2388 λόγος,
1628 2321 1735 2374 δει-

198 2400 328 2453 κτέον
348 2404 434 2456 καὶ
461 2404 569 2457 ἀπὸ
591 2405 697 2457 τῶν
723 2406 965 2459 παλαιῶν
994 2408 1087 2461 καὶ
1126 2408 1428 2462 Ἰουδαϊκῶν
1472 2412 1733 2482 γραμμά-

196 2508 305 2553 των,
330 2491 404 2556 οἷς
436 2496 527 2547 καὶ
563 2498 724 2566 ἡμεῖς
762 2496 1040 2567 χρώμεθα,
1067 2499 1168 2569 οὐχ
1199 2495 1358 2571 ἦττον
1401 2502 1457 2554 δὲ
1496 2504 1585 2554 καὶ
1626 2503 1735 2555 ἀπὸ

197 2584 289 2635 τῶν
316 2587 441 2656 μετὰ
472 2588 565 2640 τὸν
608 2590 812 2660 Ἰησοῦν
847 2590 1184 2661 γραφέντων,
1216 2594 1310 2645 καὶ
1362 2596 1416 2645 ὲν
1460 2599 1576 2658 ταῖς
1612 2596 1734 2647 Ἐκ·

197 2677 413 2747 κλησίαις
461 2680 621 2734 θείων
660 2678 797 2735 εἶναι
826 2685 1287 2754 πεπιστευμένων.
1308 2686 1734 2758 Ἀναγέγραπται

196 2765 249 2835 δὴ
270 2770 317 2819 ἐν
344 2770 687 2841 πεντηκοστῷ
708 2771 905 2845 ψαλμῷ
924 2776 1084 2828 Δαυὶδ
1114 2778 1170 2829 ἐν
1191 2779 1256 2847 τῇ
1290 2778 1425 2849 πρὸς
1449 2779 1578 2832 Θεὸν
1605 2781 1734 2851 εὐχῇ

196 2855 369 2924 λέγων’
395 2861 474 2915 Τὰ
512 2862 682 2933 ἄδηλα
716 2866 808 2918 καὶ
836 2867 902 2920 τὰ
928 2867 1132 2937 κρύφια
1157 2870 1251 2939 τῆς
1284 2870 1469 2939 σοφίας
1505 2889 1595 2924 σου
1617 2874 1737 2943 ἐδή-

196 2948 347 3015 λωσάς
368 2971 473 3024 μοι.
508 2974 526 3005 ι
559 2958 669 3010 Καὶ
702 2958 754 3010 εἴ
777 2959 860 3020 τίς
885 2976 947 3025 γε
974 2960 1182 3031 ἐντύχοι
1213 2966 1321 3026 τοῖς
1349 2964 1614 3034 Ψαλμοῖς,
1649 2965 1738 3019 εῦ-

201 3058 267 3109 ροι
295 3043 351 3095 ἂν
382 3045 590 3100 πολλῶν
640 3049 815 3117 σοφῶν
855 3050 1139 3121 δογμάτων
1184 3052 1362 3124 πλήρη
1402 3055 1496 3126 τὴν
1536 3057 1732 3125 βίϐλον.

1834 1492 1884 1544 in
1927 1492 2225 1546 doctrinam
2277 1493 2636 1547 transtulerit.
2667 1491 2952 1558 Similiter,
2979 1509 3101 1548 cum
3144 1497 3391 1551 doctrina

1832 1580 2268 1636 Christianorum
2302 1593 2561 1651 provocet
2590 1584 2653 1637 ad
2690 1584 3041 1653 sapientiam,
3077 1587 3391 1654 increpandi

1833 1688 1963 1727 sane
1998 1684 2125 1727 sunt
2160 1675 2216 1738 ii,
2246 1676 2337 1743 qui
2371 1676 2425 1729 in
2462 1692 2557 1729 sua
2590 1679 2891 1747 ignorantia
2920 1681 3271 1749 acquiescunt
3312 1680 3394 1733 di-

1833 1773 2095 1835 cuntque,
2127 1777 2233 1817 non
2284 1764 2498 1834 quidem
2530 1782 2648 1835 qua:
2683 1767 2874 1823 Celsus
2900 1770 3003 1823 illis
3034 1768 3220 1823 tribuit
3244 1770 3391 1834 (nam

1832 1852 2241 1919 quantumlibet
2294 1854 2564 1921 simplices
2617 1866 2673 1909 et
2736 1858 2906 1927 ignari
2972 1868 3120 1922 sunt,
3168 1876 3274 1913 non
3326 1873 3393 1913 eo

1837 1952 2015 1997 tamen
2056 1945 2404 2011 impudentia:
2437 1949 2875 2016 suntprogressi,
2914 1958 2974 2003 ut
3005 1965 3067 2003 ea
3096 1952 3393 2019 dicerent);

1834 2034 1927 2087 sed
1964 2050 2085 2103 qua:
2110 2036 2236 2091 licet
2261 2037 2487 2104 leviora,
2518 2050 2746 2096 avocant
2777 2042 3129 2097 nihilominus
3160 2057 3191 2095 a
3215 2042 3394 2097 studio

1833 2126 2129 2194 sapientia.

1904 2301 1993 2354 45.
2029 2299 2147 2355 Jam
2180 2318 2311 2357 vero
2344 2305 2603 2358 doctrinae
2634 2315 2833 2360 nostrae
2881 2316 3119 2363 mentem
3164 2322 3304 2369 esse,
3337 2315 3399 2362 ut

1833 2394 2114 2462 sapientiae
2145 2410 2406 2449 navemus
2431 2410 2676 2464 operam,
2701 2397 3041 2465 probandum
3065 2408 3150 2453 est
3178 2413 3304 2454 cum
3329 2412 3397 2452 ex

1833 2484 2106 2538 veteribus
2155 2483 2463 2539 Judworuni
2524 2487 2805 2554 scripturis
2854 2487 3050 2556 quibus
3074 2498 3128 2542 et
3156 2504 3251 2544 nos
3292 2490 3400 2543 uti-

1834 2590 1970 2635 mur,
2023 2586 2132 2630 tum
2176 2592 2240 2630 ex
2292 2578 2359 2631 iis
2388 2593 2507 2646 quae
2561 2590 2683 2650 post
2734 2580 2915 2635 Jesum
2973 2582 3191 2649 scripta:
3246 2590 3433 2657 sunt,_

1834 2680 2073 2736 quasque
2106 2668 2317 2726 divinas
2340 2686 2457 2726 esse
2496 2671 2721 2725 credunt
2748 2672 3020 2726 Ecclesiaz.
3049 2671 3127 2726 Ac
3163 2672 3395 2741 primum

1836 2757 2003 2813 David
2034 2760 2087 2813 in
2120 2761 2326 2829 psalmo
2362 2762 2816 2832 quinquagesimo
2866 2762 3099 2817 fundens
3134 2765 3199 2818 ad
3228 2763 3396 2817 Deum

1834 2865 2021 2921 preces
2057 2868 2070 2905 :
2106 2870 2124 2903 ι
2164 2850 2395 2917 Incerta,
2424 2855 2617 2924 inquit,
2647 2866 2700 2910 et
2732 2855 2943 2910 occulta
2986 2857 3267 2925 sapientiae
3292 2868 3399 2911 tuae

1837 2944 2195 3001 manifestasti
2235 2948 2366 3001 mihi
2384 2948 2451 3002 ⁷⁸.
2486 2968 2505 3001 ι
2539 2950 2613 3003 Ac
2639 2949 2681 3003 si
2726 2951 2848 3017 quis
2880 2950 3117 3019 psalmos
3147 2965 3399 3005 versave-

1837 3038 1931 3103 rit,
1965 3037 2163 3092 librum
2200 3039 2346 3094 hunc
2375 3040 2788 3108 quamplurimis
2821 3042 3159 3109 sapientibus
3193 3059 3398 3113 praece-

201 3131 287 3184 Kal.
310 3136 547 3209 Σολομὼν
585 3139 696 3209 (95)
722 3142 801 3195 δὲ.
826 3143 947 3195 ἐπεὶ
978 3144 1169 3211 σοφίαν
1196 3146 1410 3217 ᾔτησεν,
1440 3148 1726 3221 ἀπεδέχθη.

1841 3131 1943 3197 ptis
1989 3128 2253 3184 refertum
2305 3145 2427 3185 esse
2479 3131 2865 3199 deprehendet.
2895 3131 3150 3186 Salomon
3182 3148 3401 3202 quoque

204 3224 289 3277 Καὶ
329 3228 421 3296 τῆς
471 3232 667 3300 σοφίας
724 3233 887 3287 αὑτοῦ
927 3235 995 3288 τὰ
1044 3236 1165 3307 ἴχνη
1213 3239 1358 3290 ἐστὶν
1386 3241 1442 3293 ἐν
1466 3245 1577 3303 τοῖς
1606 3260 1733 3310 συγ-

200 3320 449 3390 γράμμασι
474 3324 771 3397 θεωρῆσαι,
819 3327 1057 3397 μεγάλην
1090 3328 1277 3397 ἔχοντα
1313 3332 1369 3381 ὲν
1408 3331 1735 3403 βραχυλογίᾳ

201 3408 465 3476 περένοιαν·
496 3415 554 3466 ὲν
588 3409 668 3477 οἷς
696 3415 761 3469 ἂν
790 3415 967 3486 εὕροις
990 3418 1155 3470 πολλά
1185 3419 1431 3489 ἐγκώμια
1462 3423 1555 3491 τῆς
1588 3424 1735 3490 σοφί-

198 3517 267 3563 ας,
292 3504 373 3557 καὶ
395 3508 763 3579 προτρεπτικά
803 3510 929 3580 περὶ
968 3510 1059 3562 τοῦ
1090 3510 1277 3580 σοφίαν
1300 3512 1408 3564 δεῖν
1429 3514 1730 3567 ἀναλαϐεῖν.

197 3591 290 3645 Καὶ
324 3596 453 3650 οὕτω
481 3615 543 3666 γε
577 3599 737 3667 σοφὸς
782 3595 850 3670 ἦν
874 3600 1141 3671 Σολομὼν,
1162 3602 1300 3655 ῶστε
1330 3624 1345 3654 ι
1375 3604 1470 3674 τὴν
1496 3605 1736 3673 βασιλίδα

200 3684 343 3747 Σαϐὰ.
385 3691 717 3753 ἀκούσασαν,
764 3690 927 3745 αὐτοῦ
976 3694 1035 3747 τὸ
1086 3694 1253 3765 ὁνομα
1313 3697 1405 3749 καὶ
1455 3698 1515 3749 τὸ
1566 3698 1735 3768 ὄνομα

200 3774 396 3846 Κυρίου,
424 3782 599 3835 ἐλθεῖν
626 3786 885 3854 πειρᾶσαι
920 3785 1080 3837 αὑτὸν
1128 3788 1185 3838 ὲν
1222 3788 1569 3857 αἰνίγμασιν*
1616 3791 1736 3859 ἥτις

200 3869 278 3919 καὶ
316 3870 562 3943 ἐλάληφεν
616 3876 762 3945 αύτῷ
788 3876 961 3929 πάντα
992 3877 1092 3929 ὃσα
1140 3874 1204 3949 ἦν
1232 3880 1286 3930 ὲν
1326 3883 1391 3950 τῇ
1421 3880 1615 3951 καρδίᾳ
1641 3883 1737 3935 αύ-

197 3958 297 4025 τῆς.
341 3964 439 4016 Καὶ
486 3967 822 4037 ἀπήγγειλεν
876 3969 1009 4040 αὐτῇ
1056 3970 1302 4041 Σολομὼν
1360 3972 1566 4036 πάντας
1608 3974 1734 4038 τοὺς

197 4046 359 4115 λόγους
383 4057 580 4126 αὐτῆς·
609 4060 709 4111 οὐκ
742 4056 811 4129 ἦν
844 4059 1023 4127 λόγος..
1043 4065 1466 4136 παρεωραμένος
1502 4065 1603 4117 ὑπὸ
1643 4066 1734 4117 τοῦ

199 4137 449 4209 βασιλέως,
482 4148 543 4200 ὃν
586 4150 685 4201 οὐκ
715 4152 1046 4220 ἀπήγγειλεν
1078 4156 1235 4223 αὐτῇ.
1276 4156 1383 4206 Καὶ
1430 4152 1534 4207 εἶδε
1590 4156 1737 4225 βασί-

197 4230 333 4287 λιεσα
374 4239 516 4292 Σαϐὰ
559 4242 741 4295 πᾶσαν
783 4243 880 4314 τὴν
924 4245 1179 4317 φρόνησιν
1226 4246 1490 4315 Σολομὼν,
1539 4249 1629 4300 καὶ
1669 4250 1737 4301 τὰ

197 4326 301 4376 κατ’
342 4330 526 4382 αὐτόν’
582 4334 677 4385 καὶ
724 4333 780 4399 ἐξ
829 4335 995 4405 αὐτῆς
1042 4337 1255 4403 ἐγένετο
1302 4340 1393 4391 καὶ
1439 4335 1558 4391 εἷπε
1600 4340 1733 4409 πρὸς

192 4416 277 4469 τὸν
312 4419 557 4489 βασιλέα·
628 4426 855 4497 Ἀληθὴς
912 4430 941 4480 ὁ
992 4429 1148 4497 λόγος
1201 4430 1258 4483 ὃν
1307 4431 1513 4499 ηκουσα
1570 4433 1626 4483 ἐν
1666 4436 1731 4503 τῇ

192 4511 253 4577 τῇ
289 4529 375 4579 μου
425 4518 551 4588 περὶ
603 4519 695 4570 σοῦ
745 4520 836 4572 καὶ
879 4521 1142 4591 περὶτῆς
1212 4522 1524 4593 φρονήσεώς
1603 4499 1730 4577 σουῖ
1769 4499 1810 4553 θ

193 4602 276 4652 καὶ
290 4604 377 4657 οὐκ
396 4608 687 4662 ἐπίστευσα
733 4614 839 4673 τοῖς
864 4610 1080 4664 λαλοῦσί
1120 4630 1228 4681 μοι,
1260 4614 1363 4676 ἕως
1391 4614 1479 4666 ὅτε
1509 4631 1741 4684 παρεγε-

192 4692 363 4764 νόμην,
396 4701 482 4751 καὶ
517 4702 826 4769 ἑωράκασιν
851 4706 898 4756 οἱ
934 4703 1200 4773 ὀφθαλμοί
1225 4706 1472 4774 μου.1(αὶ
1507 4706 1613 4758 [Boii
1644 4708 1740 4759 ούκ

190 4782 297 4836 ἐστι
328 4790 495 4855 καθὼς
532 4795 873 4865 ἀπήγγειλαν
905 4814 993 4865 μοι
1027 4796 1089 4849 τὸ
1115 4798 1304 4867 ἥμισυ.
1348 4798 1741 4867 Προστέθεικας

190 4878 364 4944 σῡςξίαν
433 4886 524 4937 καὶ
591 4886 772 4954 ἀγαθά
841 4888 976 4959 πρὸς
1041 4889 1179 4940 αὐτὰ
1246 4890 1337 4940 ἐπὶ
1398 4891 1574 4942 πᾶσαν
1644 4890 1740 4960 τὴν

186 4966 345 5039 ἀκοὴν
368 4974 427 5043 ῆν
449 4977 672 5045 ἤκουσα.
725 4996 744 5030 ι
801 4979 1109 5052 Γέγραπται
1138 4980 1201 5050 δὴ
1253 4982 1378 5052 περὶ
1426 4982 1607 5048 αὑτοῦ,
1654 4984 1738 5035 ὅτι

192 5076 207 5105 ι
245 5061 349 5115 Καὶ
374 5066 528 5120 ἔδωκε
553 5069 755 5139 Κύριος
772 5071 1029 5141 φρόνησιν
1058 5071 1133 5141 τῷ
1155 5073 1402 5143 Σολομὼν
1433 5075 1525 5126 καὶ
1546 5074 1737 5142 σοφίαν

185 5152 372 5225 πολλὴν
415 5160 635 5231 σφόδρα,
689 5161 782 5215 καὶ
830 5162 978 5234 χύμα
1026 5165 1250 5234 καρδίας
1279 5165 1354 5229 ὡς
1399 5166 1432 5235 ἡ
1474 5167 1655 5236 ἄμμος
1699 5168 1732 5238 ἦ

184 5246 327 5314 παρὰ
349 5249 435 5320 τὴν
452 5251 741 5308 θάλασσαν’
768 5257 860 5309 καὶ
884 5257 1191 5328 ἐπληθύνθη
1216 5258 1375 5327 σοφία
1396 5260 1453 5312 ἐν
1478 5257 1736 5329 Σαλομὼν

185 5337 375 5408 σφόδρα
415 5343 551 5415 ὑπὲρ
599 5345 697 5417 τὴν
741 5346 996 5418 φρόνησιν
1042 5347 1257 5402 πάντων
1292 5346 1590 5421 ἀνθρώπων
1635 5350 1735 5418 ἀρ-

186 5429 367 5494 χαίων.
412 5437 499 5487 καί
528 5435 668 5508 ὑπὲρ
716 5438 923 5501 πάντας
970 5440 1263 5511 φρονίμους
1294 5440 1589 5510 Αἰγύπτου,
1645 5442 1737 5493 καὶ

183 5516 453 5589 ὲςοφίσατο
484 5528 592 5599 (96)
641 5530 781 5602 ὑπὲρ
812 5530 1389 5614 πάνταςάνθρωπους,
1419 5534 1512 5589 καὶ
1549 5536 1733 5605 €30sz-

1837 3221 2100 3292 ﬂagitavit
2137 3222 2460 3293 sapientiam
2498 3231 2551 3276 et
2574 3221 2826 3286 obtinuit,
2867 3222 3093 3292 ejusque
3122 3224 3403 3291 sapientiae

1838 3316 2063 3384 vestigia
2118 3314 2171 3368 in
2224 3314 2340 3383 ejus
2392 3314 2611 3384 scriptis
2666 3314 2849 3368 videre
2900 3326 3002 3379 est,
3031 3324 3084 3369 et
3113 3330 3401 3385 expressas

1840 3406 2029 3475 paucis
2063 3406 2244 3460 verbis
2295 3406 2553 3460 sublimes
2581 3406 2899 3460 sententias.
2929 3405 3043 3461 Illic
3070 3408 3252 3461 multis
3285 3406 3402 3460 latt-

1844 3498 1997 3551 dibus
2044 3498 2451 3553 animadvertas
2510 3497 2768 3551 celebrari
2824 3500 3169 3569 sapientiam,
3225 3509 3280 3555 et
3331 3502 3399 3554 ad

1838 3602 1957 3643 eam
1986 3592 2373 3659 acquirendam
2404 3592 2652 3645 homines
2681 3593 2915 3647 incitari.
2939 3595 3113 3664 Atque
3139 3594 3301 3649 etiam
3326 3596 3404 3650 sic

1837 3683 2049 3750 sapiens
2075 3694 2196 3737 erat
2219 3684 2500 3751 Salomon,
2530 3698 2589 3741 ut
2615 3706 2634 3739 ι
2660 3687 2863 3759 Regina
2893 3686 3053 3751 Saba,
3080 3688 3266 3741 audita
3284 3687 3401 3756 ejus

1840 3772 1980 3827 fama
2025 3785 2078 3829 et
2109 3777 2249 3830 fama
2282 3778 2515 3845 Domini,
2540 3781 2748 3835 venerit
2775 3791 2988 3837 tentare
3029 3798 3153 3837 eum
3186 3784 3239 3836 in
3272 3781 3401 3837 reni-

1839 3868 2129 3935 gmatibus.
2158 3869 2224 3922 Et
2255 3871 2431 3925 locuta
2465 3884 2547 3928 est
2575 3877 2623 3927 ei
2652 3875 2902 3930 universa
2932 3890 3053 3943 qua:
3086 3876 3321 3930 habebat
3349 3877 3400 3929 in

1840 3961 2004 4014 corde
2040 3978 2160 4016 suo.
2191 3964 2257 4017 Et
2305 3964 2632 4019 doeuiteam
2689 3968 2941 4022 Salomon
2997 3969 3179 4022 omnia
3239 3969 3402 4022 verba

1839 4069 1956 4121 quin
1986 4068 2340 4125 proposuerat
2367 4078 2380 4111 :
2414 4058 2640 4113 nonfuit
2667 4076 2865 4121 sermo,
2890 4061 2979 4129 qui
3016 4076 3195 4128 regem
3224 4069 3405 4129 posset

1840 4146 2009 4200 latere
2037 4159 2089 4201 et
2124 4166 2228 4203 non
2263 4152 2613 4218 responderet
2645 4153 2715 4206 ei.
2751 4153 2815 4205 Et
2846 4154 2980 4205 vidit
3028 4153 3215 4221 regina
3264 4151 3406 4205 Saba

1839 4252 2051 4292 omnem
2100 4241 2421 4310 sapientiam
2459 4243 2785 4307 Salomonis,
2818 4259 3114 4312 omnesque
3161 4243 3280 4311 ejus
3324 4242 3406 4296 fa-

1838 4332 2066 4385 cultates
2102 4352 2113 4385 :
2164 4344 2219 4387 et
2256 4349 2361 4388 non
2394 4338 2626 4391 habebat
2658 4337 2795 4390 ultra
2856 4337 3131 4407 spiritum,
3166 4336 3408 4404 dixitque

1838 4425 1904 4477 ad
1947 4441 2124 4493 regem
2162 4444 2175 4479 :
2212 4428 2384 4483 Verus
2417 4440 2501 4483 est
2530 4444 2727 4493 sermo,
2754 4444 2915 4497 quem
2946 4430 3125 4482 audivi
3157 4429 3210 4481 in
3259 4438 3406 4482 terra

1840 4513 2065 4571 iuea'.de
2111 4528 2161 4571 te
2192 4530 2246 4573 et
2286 4522 2550 4587 sapientia
2581 4532 2701 4587 tua;
2736 4533 2789 4576 et
2822 4535 2924 4574 non
2958 4519 3243 4574 credebam
3281 4536 3408 4573 nar-

1840 4611 2085 4664 rantibus
2134 4612 2288 4677 mihi,
2314 4613 2486 4668 donec
2520 4616 2635 4683 ipsa
2667 4614 2785 4669 veni
2814 4624 2869 4667 et
2914 4614 3019 4667 vidi
3050 4613 3222 4667 oculis
3250 4613 3405 4668 meis.

1839 4701 1902 4754 Et
1951 4716 2076 4754 ecce
2108 4702 2283 4757 media
2336 4720 2463 4773 pars
2495 4705 2627 4758 mihi
2663 4706 2906 4759 nuntiata
2950 4720 3052 4758 non
3084 4703 3204 4759 fuit.
3238 4702 3411 4771 Major

1839 4801 1923 4846 est
1967 4795 2231 4861 sapientia
2261 4804 2314 4848 et
2338 4811 2503 4866 opera
2546 4807 2655 4859 tua,
2692 4811 2852 4865 quam
2904 4811 3086 4849 rumor
3113 4811 3274 4865 quem
3313 4810 3411 4847 au-

1841 4886 2007 4939 divi”
2042 4908 2051 4937 ς
2099 4906 2117 4937 ι
2152 4887 2225 4940 De
2255 4888 2443 4942 eodem
2476 4887 2638 4958 477
2679 4902 2804 4955 rege
2847 4888 3049 4954 scripta
3093 4896 3220 4941 sunt
3251 4888 3404 4942 lizec:

1848 4995 1865 5027 ι
1920 4977 2070 5031 Dedit
2100 4993 2311 5047 quoque
2358 4978 2496 5032 Deus
2528 4980 2843 5046 sapientiam
2889 4978 3162 5034 Salumoni
3191 4989 3245 5032 ct
3280 4996 3409 5050 pru-

1844 5071 2079 5123 dentiam
2108 5070 2331 5124 multam
2373 5070 2557 5135 nimis,
2588 5081 2641 5123 et
2672 5070 3009 5124 latitudinem
3039 5071 3223 5125 cordis
3254 5072 3411 5140 quasi

1844 5174 2061 5214 arenam
2093 5176 2211 5230 quae
2251 5169 2333 5216 est
2356 5162 2408 5215 in
2434 5161 2616 5215 littore
2657 5162 2855 5216 maris:
2886 5172 2941 5216 et
2963 5164 3302 5229 praecedebat
3326 5180 3413 5218 sa-

1843 5254 2044 5322 pientia
2103 5252 2408 5307 Salomonis
2455 5254 2775 5321 sapientiam
2836 5258 3080 5309 omnium
3129 5255 3410 5310 hominum

1843 5344 2165 5413 priscorum,
2207 5350 2260 5395 et
2287 5340 2665 5412 Egyptiorum
2701 5343 3176 5410 prudentissimos,
3220 5358 3429 5399 omnes

1844 5435 2073 5504 denique
2127 5434 2393 5499 homines,
2440 5435 2736 5503 sapientior
2792 5434 3002 5489 Gethan
3077 5436 3313 5501 Ezarita,
3358 5446 3416 5490 et

1842 5524 2030 5586 Emad.
2078 5533 2134 5579 ct
2172 5524 2433 5592 Clialcad,
2476 5536 2530 5580 et
2560 5528 2797 5593 Aradab,
2829 5528 2952 5581 liliis
2990 5526 3152 5592 Madi,
3186 5538 3241 5582 et
3294 5539 3415 5584 crat

247 5650 296 5685 ⁷⁸
327 5644 577 5722 Μειιιίι.ν,
610 5660 703 5715 28.
778 5662 823 5693 ⁷⁵
844 5660 984 5719 Psal.
1013 5679 1069 5730 ι,
1091 5665 1143 5721 8.
1219 5666 1266 5698 ⁷⁸
1290 5665 1353 5721 ιιι
1377 5666 1509 5738 Reg.
1536 5682 1591 5730 χ,
1627 5667 1648 5720 1
1688 5680 1838 5735 seqq.

256 5764 365 5850 (9⁸5)
395 5767 676 5850 Pliil0£alia
729 5774 947 5850 ubique,
992 5777 1258 5850 Σολομὼν,
1318 5780 1655 5837 llmschclius
1679 5790 1729 5835 et

190 5831 498 5905 Spencerus,
531 5841 803 5912 Σαλομών.

1910 5776 2019 5845 (9.1)
2074 5775 2406 5827 ilmschclius
2457 5782 2509 5826 et
2561 5773 2888 5840 Spencerus,
2941 5777 3034 5827 καὶ
3089 5775 3177 5825 ἐττί
3209 5772 3409 5831 πάντας

1835 5848 2125 5919 φρονίμους
2156 5846 2448 5913 Αἰγύπτου,
2476 5846 2567 5897 καὶ
2584 5845 2871 5913 ἐσοφίσατο
2897 5846 3035 5915 ὑπὲρ
3052 5845 3254 5904 πάντας
3278 5858 3412 5912 φρο-
