3898 6526
423 385 536 440 979
1673 383 1676 384 ⁷
1875 383 1991 442 0R1

2099 383 2198 442 NlS
3572 385 3674 443 980

427 505 741 562 nominatus
761 503 817 560 in
856 503 1124 560 universis
1156 504 1409 576 gentibus
1439 520 1536 577 per
1566 505 1870 562 circuitum.
1903 508 1992 564 ιο·

2103 525 2240 569 ,σατο
2270 508 2409 579 ὑπὲρ
2437 505 2607 560 Γεθάν
2647 507 2740 560 τὸν
2785 507 3090 578 Ἐζαρίτην,
3126 507 3218 561 καὶ
3239 506 3331 561 τὸν
3370 507 3557 578 Ἐμὲιδ,
3587 510 3674 561 καὶ

422 606 587 652 cutus
623 610 839 666 quoque
873 603 956 650 est
987 595 1243 652 Salomon
1272 597 1370 651 tria
1404 597 1574 652 m-illia
1604 598 1921 668 parabolas:
1952 612 1992 653 el

2105 600 2196 653 τὸν
2218 599 2478 662 Χαλκαδῒ,
2507 601 2598 652 καὶ
2630 598 2864 670 Ἀραδάδ
2894 600 3042 663 υἱοὺς
3079 599 3241 653 Μαδί·
3272 599 3365 653 καὶ
3388 595 3454 670 ἦν
3482 600 3677 669 ὀνομα-

423 687 648 742 fuerunt
685 687 928 742 carmina
956 687 1072 755 ejus
1114 688 1355 757 quinque
1387 689 1575 743 millia.
1604 691 1671 744 Et
1709 689 1992 758 disputavi!

2107 692 2232 756 στδς
2276 693 2334 745 ἐν
2369 693 2502 744 πᾶσι
2529 693 2640 754 τοῖς
2677 690 2854 744 ἔθνεσι
2885 690 3086 762 κύκλῳ.
3124 690 3234 744 Καὶ
3259 691 3483 762 ἐλάλησε
3524 691 3678 743 Σολο-

420 793 588 848 super
621 777 776 847 lignis
807 795 836 832 a
875 780 1039 835 cedro
1079 795 1200 849 quae
1239 789 1322 834 est
1359 780 1413 833 in
1458 779 1690 845 Libano,
1721 796 1890 850 usque
1936 782 2002 835 ad

422 870 714 940 hyssopum
750 887 870 940 qure
891 872 1168 942 egreditur
1188 873 1256 926 de
1290 871 1526 941 pariete;
1559 881 1614 926 et
1647 871 1903 926 disseruit
1937 874 2004 928 de

421 961 686 1032 piscibus,
718 971 773 1016 et
793 962 1078 1031 jumentis.
1126 961 1193 1016 Et
1226 962 1518 1017 veniebant
1550 961 1617 1016 de
1647 962 1859 1017 cunctis
1910 977 2000 1032 ρος

421 1053 564 1122 palis
593 1053 659 1106 ad
700 1053 1021 1107 audiendam
1071 1053 1394 1122 sapientiam
1437 1051 1762 1118 Salomonis,
1826 1063 1882 1107 et
1934 1053 2004 1109 ab

418 1144 692 1199 universis
718 1145 940 1214 regibus
987 1152 1169 1206 teme,
1220 1144 1310 1212 qui
1343 1144 1636 1200 audiebant
1681 1145 2003 1214 sapientiam

414 1236 626 1304 ejus".
653 1255 674 1290 ι
715 1234 804 1292 Sic
838 1246 1016 1290 autem
1052 1237 1296 1290 doctrina
1327 1236 1440 1290 vult
1473 1237 1744 1306 sapientes
1767 1251 1887 1290 esse
1917 1237 2002 1291 in-

415 1340 510 1386 te'r
555 1331 765 1390 ﬁdeles.
798 1339 856 1384 ut
884 1329 1132 1398 quaedam
1175 1329 1391 1398 quidem
1424 1330 1524 1383 sub
1560 1329 1866 1400 mnigmatis
1908 1343 2006 1383 oc»

414 1420 606 1486 enitet,
634 1421 878 1489 quaedam
908 1421 1154 1474 obscuris
1176 1420 1356 1474 verbis
1387 1421 1652 1485 involvat,
1686 1420 2003 1476 exercenda:

419 1514 730 1568 auditorum
767 1511 1134 1582 intelligentiae
1157 1527 1358 1580 causa;
1393 1511 1496 1566 alia
1530 1513 1696 1566 etiam
1725 1526 1821 1581 per
1845 1512 2001 1566 simi-

420 1603 701 1669 litudines,
735 1603 842 1657 alia
869 1618 967 1672 per
1010 1603 1343 1672 problemata
1387 1601 1676 1671 signiﬁcet.
1729 1601 2002 1668 Quocirca

421 1694 564 1751 Osee
595 1712 737 1752 unus
770 1711 835 1750 ex
866 1695 1146 1765 prophetis
1169 1696 1268 1749 sub
1301 1695 1500 1749 linem:
1541 1713 1562 1746 ι
1599 1693 1730 1760 Quis
1763 1693 2000 1762 sapiens.

418 1783 624 1854 inquit,
645 1795 700 1839 et
722 1784 998 1855 intelliget
1023 1784 1124 1838 ista
1140 1783 1164 1837 ?
1178 1783 1508 1852 intelligens,
1526 1791 1579 1838 et
1603 1783 1737 1837 sciet
1755 1783 1868 1836 haec
1880 1782 1928 1814 ’⁸
1944 1782 1996 1835 ⁸2»

2107 783 2226 855 μὼν
2271 783 2572 855 τρισχιλίας
2632 783 2970 854 παραϐολάς·
3014 782 3108 836 καὶ
3153 779 3294 853 ἦσαν
3333 781 3466 853 ᾠδαὶ
3516 781 3676 836 αὑτοῦ

2104 875 2560 944 πεντακισχίλιαι·
2591 875 2684 928 καὶ
2707 873 2933 945 ἐλάλησε
2954 873 3084 945 περὶ
3109 873 3220 943 (95)
3249 874 3358 926 τῶν
3383 873 3556 937 ξύλων
3575 873 3677 926 ἀπὺ

2101 968 2202 1038 τῆς
2234 968 2424 1038 κέδρου
2446 967 2547 1038 τῆς
2572 969 2630 1020 ἐν
2660 967 2738 1038 τῷ
2764 966 3000 1038 Λιϐάνῳ,
3037 967 3131 1020 καὶ
3157 965 3263 1028 ἕως
3297 966 3398 1034 τῆς
3427 965 3676 1018 ὑσσώπου

2101 1058 2204 1128 τῆς
2231 1059 2665 1130 ὲκπορευομένης
2698 1057 2785 1111 διὰ
2814 1058 2908 1111 τοῦ
2940 1056 3141 1128 τοίχου·
3179 1058 3272 1110 καὶ
3303 1057 3533 1129 ἐλάλησε

2102 1149 2208 1202 τῶν
2229 1149 2424 1220 ἰχθύων
2449 1151 2542 1203 καὶ
2572 1150 2682 1204 τῶν
2707 1151 2935 1220 κτηνῶν.
2962 1150 3072 1204 Καὶ
3096 1150 3452 1220 παρεγίνοντο
3485 1150 3679 1215 πάντες

2102 1244 2151 1296 οἰ
2176 1242 2293 1296 λαοὶ
2325 1243 2551 1296 ἀκοῦσαι
2575 1242 2672 1310 τῆς
2697 1243 2886 1312 σοφίας
2906 1243 3265 1313 Σολομῶντος·
3289 1244 3383 1296 καὶ
3410 1243 3542 1316 περὶ
3574 1244 3676 1314 (96)

2103 1333 2318 1386 πάντων
2341 1333 2448 1386 τῶν
2479 1332 2738 1402 βασιλέων
2771 1335 2868 1404 τῆς
2896 1335 3017 1404 γῆς,
3047 1335 3096 1386 οἳ
3129 1335 3324 1405 ἤκουον
3351 1335 3451 1404 τῆς
3495 1334 3679 1403 σοφίας

2101 1422 2287 1476 αὑτοῦ.
2330 1442 2347 1474 ι
2401 1423 2554 1476 Οὕτω
2576 1424 2632 1475 δὲ
2690 1423 2932 1493 βούλεται
2955 1427 3150 1494 σοφοὺς
3178 1419 3314 1478 εἶναι
3343 1427 3402 1477 ἐν
3443 1426 3561 1486 τοῖς
3596 1439 3680 1475 πι-

2105 1515 2382 1568 στεύουσιν
2410 1517 2438 1570 ὁ
2460 1515 2636 1584 λόγος,
2672 1515 2812 1569 ὥστε
2843 1517 2979 1589 ὑπὲρ
3007 1517 3099 1570 τού
3126 1518 3400 1588 γυμνάσαι
3430 1518 3536 1588 τὴν
3569 1516 3680 1569 σύν-

2101 1623 2215 1659 εσιν
2255 1606 2363 1659 τῶν
2407 1607 2709 1660 ἀκουόντων
2750 1608 2818 1661 τά
2866 1609 2963 1680 μὲν
2999 1608 3281 1679 αἰνίγμασι
3327 1608 3463 1678 (97),
3503 1608 3572 1661 τά
3625 1607 3678 1660 δέ

2101 1697 2158 1748 ἐν
2189 1699 2299 1760 τοῖς
2327 1696 2677 1767 καλουμένοις
2701 1701 2992 1762 σκοτεινοῖς
3015 1698 3193 1767 λόγοις
3215 1699 3592 1770 λελαληκέναι,
3615 1698 3679 1751 τὰ

2103 1787 2157 1841 δὲ
2189 1788 2275 1842 διὰ
2307 1789 2650 1862 παραϐολῶν,
2685 1791 2778 1844 καὶ
2815 1790 2947 1846 ἄλλα
2979 1791 3066 1844 διὰ
3118 1791 3547 1862 προϐλημάτων.
3574 1790 3678 1843 Καί

416 1875 488 1930 Et
512 1876 700 1932 Daniel
737 1877 881 1946 iique
916 1876 1151 1946 quicum
1177 1875 1271 1929 illo
1303 1875 1511 1929 redacti
1546 1875 1765 1928 fuerant
1789 1875 1842 1927 in
1882 1888 1992 1927 ser-

2104 1879 2236 1949 φησί
2269 1879 2333 1948 γέ
2367 1897 2448 1943 τις
2489 1880 2596 1934 τῶν
2645 1881 3000 1952 προφητῶν,ὁ
3045 1882 3220 1952 Ὠσηὲ,
3262 1882 3353 1934 ἐπὶ
3391 1881 3544 1933 τέλει
3576 1880 3677 1932 τῶν

417 1968 668 2033 vitutem,
693 1978 900 2023 tantum
928 1969 980 2022 in
1007 1967 1331 2037 disciplinis,
1355 1981 1489 2034 quas
1517 1965 1656 2035 apud
1685 1979 1865 2034 regem
1893 1964 1996 2017 Ba-

419 2057 730 2128 bylonicum
773 2058 1046 2128 sapientes
1077 2059 1492 2128 profitebantur,
1535 2057 1900 2127 profecerant,
1933 2065 1994 2109 ut

417 2150 647 2220 decuplo
683 2161 1004 2222 superarent
1031 2161 1257 2208 caeteros
1286 2153 1353 2205 τ’.
1383 2151 1534 2207 Unde
1565 2153 1704 2220 apud
1733 2151 1994 2208 Ezechie-

411 2239 526 2298 lem
576 2243 827 2314 princeps
876 2243 1029 2315 Tyri,
1087 2244 1177 2314 qui
1212 2245 1276 2299 de
1318 2244 1585 2313 sapientia
1632 2243 1991 2310 gloriabatur,

418 2333 574 2387 audit
604 2351 621 2390 :
661 2353 680 2386 ε
714 2337 795 2388 An
829 2344 882 2389 tu
909 2335 1207 2404 sapientior
1230 2351 1289 2388 es
1317 2334 1570 2390 Daniele?
1598 2333 1770 2390 Omne
1805 2350 1988 2390 secre-

413 2432 534 2477 tum
559 2441 666 2480 non
696 2435 976 2481 ostensum
1005 2435 1088 2481 est
1118 2427 1296 2482 tibi”.
1334 2446 1352 2480 ι

2099 1969 2269 2037 λόγων
2315 1969 2525 2022 ἐαυτοῦ·
2568 1988 2586 2021 ι
2645 1971 2741 2035 Τίς
2791 1971 2970 2040 σοφὸς,
3014 1971 3108 2023 καὶ
3161 1972 3379 2041 συνήσει
3407 1970 3607 2034 ταῦτα,
3644 1969 3676 2040 ἢ

2100 2062 2316 2124 συνετὸς
2367 2062 2497 2133 (98),
2538 2064 2632 2116 καὶ
2656 2063 3013 2130 ἐπιγνώσεται
3037 2064 3203 2126 αὑτάς
3235 2063 3471 2134 »Δανιὴλ
3503 2064 3558 2117 δὲ
3591 2064 3678 2118 καὶ

2096 2154 2145 2206 οἰ
2180 2155 2296 2223 μετ’
2323 2155 2486 2207 αὑτοῦ
2525 2156 3050 2226 αἰχμαλωτισθέντες
3080 2157 3333 2210 τοσοῦτον
3363 2156 3675 2228 προέκοψαν

2096 2245 2191 2298 καὶ
2221 2247 2276 2298 ἐν
2298 2248 2410 2310 τοῖς
2435 2247 2771 2319 μαθήμασιν,
2808 2249 2962 2302 διτινα
2986 2249 3185 2318 ἤσκουν
3209 2251 3266 2302 ἐν
3304 2249 3591 2302 Βαϐυλῶνι
3627 2249 3674 2303 οἰ

2096 2339 2224 2408 περὶ
2244 2339 2334 2391 τὸν
2368 2339 2589 2409 βασιλέα
2645 2343 2818 2411 σοφοὶ,
2849 2341 2924 2406 ὡς
2946 2343 3158 2396 πάντων
3178 2341 3359 2396 αὐτῶν
3391 2342 3675 2413 διαφέρονο

2094 2445 2192 2493 τας
2227 2431 2609 2503 ἀποδειχθῆναι
2650 2434 2872 2498 τούτους
2912 2435 3303 2500 δεκαπλασίως.
3341 2438 3580 2506 Λέγεται
3621 2435 3673 2491 δι

411 2522 480 2573 ἓν
531 2517 610 2589 τῷ
679 2519 935 2593 Ἰεζεκιὴλ
993 2522 1131 2594 πρὸς
1217 2523 1306 2577 τὸν
1354 2523 1528 2596 Τύρου
1591 2523 1847 2594 ἄρχοντα,
1925 2521 2066 2593 μέγα
2114 2523 2413 2595 φρονοῦντα
2458 2527 2550 2580 ἐπὶ
2601 2527 2796 2599 σοφίᾳ·
2837 2547 2855 2579 ι
2887 2527 2978 2600 Μὴ
3026 2529 3090 2582 σὺ
3146 2529 3454 2601 σοφώτερος
3496 2523 3553 2584 εἴ
3585 2526 3674 2583 τοῦ

409 2613 649 2685 Δανιήλ;
680 2615 786 2667 πᾶν
805 2613 1034 2685 κρύφιον
1067 2616 1167 2668 οὐκ
1195 2615 1477 2687 ἐπεδείχθη
1505 2616 1617 2686 (99)
1647 2633 1749 2671 σοι.
1791 2636 1808 2668 ι

485 2707 574 2762 46.
606 2707 760 2764 Nunc
797 2709 841 2764 si
889 2711 1186 2779 sumpseris
1229 2711 1280 2764 in
1317 2727 1509 2765 manus
1538 2710 1710 2767 libros
1745 2719 1864 2782 post
1889 2710 1988 2766 ad-

413 2807 634 2853 ventum
656 2799 782 2855 .lesu
809 2801 1042 2871 scriptos
1075 2801 1142 2866 ⁸⁸,
1174 2801 1245 2856 ibi
1267 2801 1446 2856 turbis
1473 2801 1711 2856 ﬁdelium
1758 2803 1992 2872 parabo-

416 2889 499 2944 las
531 2892 747 2947 narrari
777 2892 1044 2957 invenias,
1071 2893 1224 2962 quasi
1243 2902 1398 2948 extra
1427 2904 1609 2948 essent
1633 2904 1686 2949 et
1713 2894 1795 2949 his
1815 2894 1988 2949 solum

410 2985 695 3038 extraneis
723 2985 1070 3041 sermonibus
1099 2986 1307 3058 dignae;
1333 2985 1615 3055 discipulis
1646 2997 1826 3041 autem
1874 2987 1990 3056 pri-

413 3074 577 3128 vatim
605 3077 892 3143 parabolas
919 3076 1201 3145 explicari.
1225 3077 1486 3132 Privatim
1518 3078 1660 3132 enim
1693 3078 1805 3132 suis
1830 3077 1992 3134 disci-

2175 2711 2298 2765 Ἐὰν
2327 2711 2382 2765 δὲ
2421 2712 2513 2765 καὶ
2546 2711 2638 2765 ἐπὶ
2671 2710 2740 2765 τά
2773 2710 2912 2782 μετά
2948 2711 3040 2765 τὸν
3075 2709 3282 2782 Ἰησοῦν
3312 2708 3672 2781 γεγραμμένα

2092 2803 2250 2877 ἔλθῃς
2277 2802 2474 2874 βιϐλία,
2500 2803 2675 2875 εὕροις
2698 2802 2762 2856 ἂν
2787 2805 2912 2867 τοὺς
2945 2792 3042 2874 μὲν
3071 2802 3259 2874 ὄχλους
3271 2801 3378 2854 τῶν
3399 2801 3675 2853 πιστεώνο

2090 2914 2197 2950 των
2230 2895 2304 2966 (l)
2337 2895 2444 2948 τῶν
2473 2893 2792 2966 παραϐολῶν
2837 2893 3149 2957 ἀκούοντας,
3199 2894 3276 2958 ὡς
3317 2892 3425 2958 ἔξω
3468 2889 3673 2959 τυγχά-

2093 3003 2300 3049 νοντας,
2354 2985 2448 3039 καὶ
2490 2985 2676 3052 ἀξίους
2734 2986 2891 3056 μόνον
2942 2985 3050 3038 τῶν
3101 2983 3443 3056 ἐξωτερικῶν
3473 2983 3668 3051 λόγων·

2092 3080 2219 3142 τοὺς
2251 3078 2307 3132 δέ
2342 3078 2586 3149 μαθητὰς
2619 3080 2737 3131 κατ’
2775 3078 2910 3130 ἰδίαν
2935 3077 3045 3129 τῶν
3087 3075 3413 3148 παραϐολῶν
3463 3072 3669 3146 μανθά-

414 3167 559 3235 pnlis
607 3167 764 3224 Jesus
791 3169 1128 3224 edisserebat
1171 3171 1375 3236 omnia,
1424 3171 1600 3226 turbis
1649 3181 1988 3242 anteponens

2099 3187 2278 3234 νοντας
2303 3170 2402 3233 τὰς
2429 3171 2726 3241 διηγήσεις.
2766 3172 2901 3223 Κατ’
2941 3169 3073 3223 ἰδίαν
3103 3169 3211 3239 γὰρ
3243 3171 3356 3232 τοῖς
3392 3167 3548 3230 ἰδίοις
3571 3183 3671 3238 μα-

406 3270 530 3322 eos,
569 3257 962 3326 qnisapientiaa
998 3258 1112 3326 ejus
1159 3259 1430 3314 desiderio
1484 3260 1829 3315 tenebantur.
1863 3260 1988 3316 Pol-

408 3347 609 3404 licetur
629 3351 791 3406 etiam
832 3366 890 3407 se
922 3353 989 3406 ad
1017 3366 1130 3418 eos,
1165 3351 1254 3420 qui
1288 3353 1339 3406 in
1362 3367 1485 3406 eum
1516 3352 1819 3417 crederent,
1854 3353 1987 3408 mis-

410 3456 602 3494 surum
654 3444 928 3511 sapientes
977 3454 1031 3500 et
1081 3447 1318 3499 scribas:
1365 3461 1385 3496 t
1426 3444 1566 3498 Ecce
1607 3460 1732 3513 ego,
1789 3447 1986 3515 inquit,

411 3530 572 3588 mitto
599 3535 664 3587 ad
693 3550 790 3589 vos
810 3535 1082 3603 sapientes
1103 3547 1156 3590 et
1178 3536 1412 3599 scribas,
1436 3545 1488 3589 et
1509 3550 1574 3590 ex
1606 3536 1712 3592 illis
1740 3537 1991 3591 occident

411 3632 470 3676 et
524 3624 838 3695 3ruciﬂgent
886 3626 952 3678 “.
1007 3647 1025 3680 ι
1081 3626 1147 3680 Et
1179 3625 1381 3681 Paulus
1411 3627 1615 3697 gratias
1662 3642 1989 3683 enumerans

411 3732 534 3784 qua:
565 3715 730 3771 Deum
766 3728 1040 3774 auctorem
1081 3719 1303 3784 habent,
1349 3721 1400 3774 in
1437 3721 1611 3790 primo
1656 3721 1776 3776 loco
1823 3739 1842 3772 ι
1876 3736 1991 3776 ser-

412 3825 630 3864 monem
675 3810 978 3879 sapientite,
1034 3829 1052 3863 ι
1106 3812 1158 3865 in
1216 3813 1474 3876 secundo,
1527 3822 1585 3866 ut
1648 3813 1987 3877 inferiorem,

413 3919 438 3952 4
476 3916 781 3957 sermonem
824 3904 1067 3959 scientiae
1108 3923 1126 3956 ι
1182 3905 1394 3974 reponit
1424 3904 1509 3971 ⁸³;
1542 3905 1678 3960 infra
1721 3920 1878 3976 quem
1935 3906 1988 3958 in

411 3995 575 4048 tertio
618 3994 786 4066 478
826 4013 845 4046 σ
883 3996 1041 4049 tidem
1097 4015 1116 4048 ι
1157 3996 1430 4051 collocat:
1461 4008 1516 4052 et
1559 3997 1686 4067 quia
1719 4016 1737 4048 ‹
1783 4011 1990 4051 sermo-

411 4099 537 4139 nem
575 4105 593 4136 ι
628 4086 802 4155 pluris
834 4102 994 4156 quam
1041 4087 1415 4158 prodigiorum
1452 4090 1794 4158 operationcs
1823 4089 1990 4143 facie-

413 4178 522 4240 bat,
556 4177 626 4232 oh
655 4178 794 4233 hanc
822 4193 936 4233 rem
969 4197 989 4229 ι
1035 4181 1375 4248 Operationes
1396 4181 1657 4234 virtutum
1695 4201 1714 4233 ι
1744 4192 1800 4235 et
1826 4198 1844 4232 ‹
1866 4197 1990 4250 gra-

412 4269 518 4323 tias
555 4270 846 4325 sanitatum
892 4289 912 4324 ι
965 4272 1185 4327 ultimas
1222 4281 1468 4327 recenset
1498 4273 1989 4342 spiritualibusque

413 4363 570 4417 donis
593 4362 883 4419 inferiores
908 4365 1080 4420 ducit.
1120 4367 1248 4421 Item
1279 4366 1594 4435 Stephanus
1632 4366 1987 4436 multiplicem

2093 3262 2281 3335 θηταῖς
2335 3261 2558 3314 ἐπέλυεν
2608 3263 2825 3316 ἅπαντα
2872 3265 2902 3316 ό
2953 3262 3177 3334 Ἰησοῦς,
3212 3260 3498 3332 προτιμῶν
3527 3258 3668 3329 παρά

2089 3355 2215 3418 τοὺς
2245 3354 2434 3424 ὄχλους
2453 3355 2578 3418 τοὺς
2595 3355 2694 3425 τῆς
2729 3354 2919 3424 σοφίας
2949 3353 3112 3407 αὑτοῦ
3148 3352 3554 3423 ἐπιθυμοῦντας
3574 3350 3666 3420 (2).

2089 3448 2516 3518 Ἐπαγγέλλεται
2549 3448 2606 3500 δὲ
2637 3449 2761 3510 ἐτοῖς
2791 3449 2870 3510 εἰς
2911 3444 3072 3498 αὑτὸν
3103 3444 3418 3498 πιστεύουσι
3458 3441 3667 3513 πέμψαι

2093 3543 2287 3611 σοφοὺς
2313 3542 2404 3594 καὶ
2424 3541 2790 3611 γραμματεῖς,
2811 3537 3003 3606 λέγων·
3042 3554 3061 3588 ι
3095 3537 3226 3589 ’ἰδοὺ
3257 3534 3367 3604 ἐγὼ
3385 3529 3668 3587 ἀποστελῶ

2091 3633 2170 3694 εἰς
2189 3632 2332 3702 ὑμᾶς
2362 3631 2558 3698 σοφοὺς
2585 3628 2679 3680 καὶ
2711 3627 3076 3699 γραμματεῖς,
3112 3625 3205 3678 καὶ
3239 3624 3296 3690 ἐξ
3326 3622 3512 3676 αὐτῶν
3540 3621 3668 3674 ἀπο-

2092 3719 2341 3774 κτενοῦσί
2384 3720 2477 3772 καὶ
2504 3717 2894 3787 σταυρώσουσι.
2935 3735 2952 3768 ι
2987 3715 3098 3769 Καὶ
3129 3717 3158 3767 ὁ
3192 3712 3404 3776 Παῦλος
3441 3713 3489 3765 δ’
3515 3713 3573 3764 ἐν
3593 3707 3669 3779 τῷ

2092 3812 2379 3883 καταλόγῳ
2417 3812 2526 3864 τῶν
2563 3810 2667 3866 ὑπὸ
2700 3807 2794 3862 τοῦ
2832 3806 2966 3860 Θεοῦ
2997 3806 3288 3878 διδομένων
3313 3803 3666 3876 χαρισμάτων

2091 3905 2304 3976 πρῶτον
2347 3903 2501 3970 ἔταξε
2538 3922 2556 3953 ι
2589 3903 2679 3957 τὸν
2720 3903 2874 3972 λόγον
2917 3903 3015 3972 τῆς
3046 3899 3256 3969 σοφίας,
3298 3917 3316 3949 ›
3349 3898 3448 3949 καὶ
3489 3894 3666 3948 δεύτε-

2092 4015 2185 4068 ρον
2231 3997 2330 4065 (5),
2379 3995 2454 4059 ὡς
2498 3995 2878 4067 ύποϐεδηκότα
2919 3993 3050 4064 παρ’
3081 3995 3304 4052 ἐκεῖνον,
3341 4007 3360 4041 ε
3394 3989 3491 4041 τὸν
3514 3987 3665 4054 λόγον

2089 4088 2186 4159 τῆς
2228 4086 2500 4157 γνώσεως,
2549 4105 2568 4138 ι
2600 4087 2780 4157 τρίτον
2819 4086 2876 4138 δέ
2911 4102 3012 4138 που
3052 4085 3146 4138 xui.
3177 4082 3473 4153 κατωτέρω
3511 4099 3531 4132 ι
3571 4078 3666 4150 τὴν

2091 4179 2290 4232 πίστιν·
2327 4197 2346 4229 ι
2384 4179 2477 4230 καὶ
2507 4177 2628 4229 ἐπεὶ
2661 4197 2678 4228 ‹
2713 4178 2804 4229 τὸν
2828 4177 2984 4246 λόγον
3017 4195 3035 4227 ι
3080 4175 3346 4246 προετίμα
3379 4172 3489 4226 τῶν
3511 4188 3666 4244 τερα-

2092 4272 2255 4325 στίων
2291 4269 2601 4342 ἐνεργειῶν,
2642 4269 2728 4322 διὰ
2759 4269 2900 4323 τοῦτ’
2945 4288 2964 4320 ‹
3011 4269 3360 4339 ἐνεργήματα
3386 4267 3664 4336 δυνάμεων

2091 4366 2185 4420 καὶ
2224 4364 2537 4436 χαρίσματα
2591 4363 2832 4433 ἰαμάτων
2873 4379 2891 4412 ι
2935 4363 2992 4414 ἐν
3023 4364 3088 4431 τῇ
3147 4358 3438 4430 κατωτέρω
3485 4356 3662 4426 τίθησι

408 4449 608 4523 Moysis
644 4455 1010 4510 eruditionem
1051 4465 1285 4510 testatur
1331 4456 1384 4510 in
1414 4455 1565 4510 Actis
1596 4457 1984 4556 apostolutlnu,

2099 4455 2245 4527 χώρᾳ
2271 4456 2421 4528 παρά
2464 4455 2532 4508 τὰ
2580 4454 2774 4523 λογικὰ
2813 4453 3142 4526 χαρίσματα.
3184 4451 3470 4523 Μαρτυρεῖ
3515 4449 3571 4502 δέ
3600 4449 3662 4517 τῇ

411 4545 462 4598 id
495 4548 635 4613 quod
664 4563 728 4601 ex
762 4553 1040 4607 veteribus
1068 4564 1168 4604 nec
1205 4548 1366 4619 vulgo
1407 4549 1640 4618 cognitis
1671 4548 1824 4604 libris
1850 4526 1987 4602 Kan-

2099 4526 2368 4614 Μωῦσέως
2391 4549 2731 4621 πολυμαθείᾳ
2757 4551 2784 4602 ό
2812 4551 2866 4601 ἐν
2896 4551 3015 4610 ταῖς
3035 4545 3271 4618 Πράξεσι
3293 4545 3404 4597 τῶν
3435 4541 3666 4596 ἀποστόο

409 4644 600 4690 serat:
636 4657 654 4690 ε
684 4639 946 4696 Eruditus
981 4652 1064 4697 est
1102 4640 1315 4709 Moyses
1340 4640 1485 4694 omni
1520 4639 1782 4708 sapientia
1819 4637 1985 4708 Egr-

409 4726 647 4797 ptiorum
683 4729 750 4785 ⁸⁸.
791 4750 810 4783 ι
841 4731 956 4799 Qua
983 4734 1048 4788 dc
1072 4747 1240 4788 causa
1271 4730 1509 4800 suspicio
1544 4729 1668 4794 fuit,
1695 4744 1792 4783 sua
1820 4729 1984 4781 mira-

483 4843 532 4916 ’ξῖ
566 4843 626 4896 111
652 4845 797 4916 'Reg.
836 4863 908 4907 IV.
945 4847 1015 4904 29
1063 4863 1214 4916 seqq.
1315 4847 1362 4878 "
1385 4846 1521 4901 Osee
1549 4861 1662 4911 xlv,
1689 4845 1778 4916 10.

402 4911 455 4942 ⁸⁹
485 4913 672 4968 Matth.
704 4911 860 4980 xit",
887 4919 978 4972 54.
1082 4911 1326 4972 ⁸³ῙὈΟΓ.
1362 4935 1459 4983 xn,
1491 4918 1546 4982 8,
1590 4918 1643 4970 9.

407 5003 600 5073 νίμους
626 5007 898 5074 Αἰγύπτου
927 5010 1020 5062 καὶ
1052 5008 1364 5078 ἐσοφίσατο,
1407 5019 1512 5062 etc.
1545 5007 1650 5061 Sed
1690 5005 1983 5078 Philocalia

410 5085 561 5150 recte
590 5079 813 5150 omittit,
854 5079 949 5131 xu).
973 5076 1262 5150 ἐσοφίσατο
1293 5080 1438 5150 ὑπὲρ
1465 5079 1670 5140 πάντας
1692 5076 1986 5150 φρονίμους

406 5144 710 5216 ᾼίγύπτου.
759 5148 930 5203 Paulo
969 5144 1091 5216 post
1140 5144 1480 5204 Ilmscheli'ns
1526 5151 1575 5201 in
1621 5144 1767 5199 textu
1804 5144 1986 5212 habet,

407 5213 550 5290 ὺπέρ
600 5218 769 5272 Γεθάν
802 5219 890 5272 τὸν
927 5213 1248 5290 Ναζαρίτην
1267 5261 1280 5273 .
1297 5258 1309 5271 .
1327 5259 1342 5272 .
1366 5260 1378 5272 .
1401 5260 1413 5272 .
1451 5220 1544 5272 καὶ
1582 5216 1839 5290 ’Δραδᾶιίξ⁵
1857 5216 1990 5290 Ἰουο

411 5285 560 5359 μάδι,
611 5303 709 5342 nos
749 5306 878 5342 vero
926 5285 1216 5359 lectioneni
1263 5290 1547 5359 sequimur
1574 5285 1782 5359 codicis
1807 5287 1988 5359 Regii,

405 5358 676 5430 qui‘recte
699 5375 796 5427 pro
820 5359 1057 5430 Ἰουμάδι
1084 5358 1244 5430 habet
1270 5361 1417 5422 υἱοὺς
1441 5357 1602 5414 Μαδί.

627 5427 848 5500 Υιιιςοιιι
872 5426 1078 5494 ΒιῦΙίου
1098 5428 1259 5500 ὑπέρ.

476 5494 588 5637 $96)
625 5494 818 5552 EadI-m
856 5499 1048 5561 Bilulia,
1079 5494 1251 5568 παρᾶ,
1273 5499 1492 5552 reetius.

485 5568 562 5635 χ97
622 5568 696 5620 Τὰ
730 5569 847 5635 μὲν
887 5569 1214 5637 αἰνίγμασι.
1246 5568 1492 5623 Scribent

485 5568 588 5637 (97)
622 5568 696 5620 Τὰ
730 5569 847 5635 μὲν
887 5569 1214 5639 αἰνίγμασι.
1246 5568 1602 5624 Scribendum
1631 5569 1865 5635 videtur,
1919 5569 1988 5624 τὰ

409 5632 519 5708 μὲν
539 5632 595 5689 ἐν
628 5632 932 5708 αἰνίγμασι.

439 5707 588 5814 I198)
649 5707 976 5773 l’hilocalia,
1041 5709 1075 5779 ἢ
1136 5709 1384 5773 συνετός.
1448 5707 1612 5776 alias,
1675 5711 1769 5764 καὶ
1837 5728 1989 5764 συνε-

405 5790 516 5838 τος.

479 5846 591 5916 (99)
645 5852 764 5904 Οὐκ
800 5851 1137 5922 ἐπεδείχθη.
1179 5849 1269 5905 Sic
1305 5850 1624 5907 Philocalia.
1672 5850 1839 5915 Alias,
1890 5850 1989 5921 οὐχ

2092 4641 2196 4694 λων
2232 4641 2522 4710 Στέφανος,
2566 4641 2781 4702 πάντως
2811 4639 2918 4692 ἀπὸ
2947 4637 3053 4690 τῶν
3091 4634 3334 4690 παλαιῶν
3367 4634 3460 4685 καὶ
3489 4632 3562 4703 μὴ
3587 4631 3662 4691 εἰς

2075 4728 2318 4796 ’πολλοὺς
2363 4732 2675 4802 ἐφθακότων
2717 4730 3056 4801 γραμμάτων
3109 4725 3304 4781 λαϐὼν.
3353 4727 3492 4796 Φησὶ
3535 4722 3658 4792 γάρ·

1872 4847 1918 4878 ⁷⁹
1948 4846 2081 4900 Dan.
2115 4864 2154 4910 ι,
2201 4846 2288 4901 20.

1736 4915 1786 4948 “
1815 4915 1930 4969 Act.
1959 4932 2052 4982 vn,
2081 4919 2173 4972 ἥ.

2396 4847 2440 4880 ⁸⁸
2470 4847 2667 4902 Ezech.
2693 4860 2887 4926 xxvnt,
2917 4846 2972 4900 ὅ.
3073 4841 3116 4874 ⁸⁸
3147 4839 3314 4896 Marc.
3358 4853 3442 4904 tv,
3489 4836 3545 4902 2,
3572 4834 3656 4890 54.

2090 5008 2402 5062 ὑπεδείγθη.

2169 5026 2275 5062 εοει
2315 5026 2402 5062 ur.

2166 5081 2239 5150 (1)
2282 5026 2597 5152 ἴξιιίιοοοιίε,
2627 5077 3050 5152 πιστευσάντων,
3100 5081 3154 5152 et
3181 5064 3656 5152 npanlonpostﬂbv

2093 5139 2414 5221 παραϐολῶν
2435 5139 2953 5220 παραλαμϐάνοντας
2980 5145 3077 5209 τὰς
3108 5139 3339 5216 δεήσεις.
3363 5141 3499 5193 Κατ’
3530 5139 3656 5191 ἰδίαν

2132 5221 2220 5280 ἀρ,
2256 5231 2360 5274 etc.

2093 5237 2451 5362 yaféfécudd.
2506 5290 2705 5362 Regius
2758 5296 2812 5341 et
2849 5284 3193 5362 Basileensis,
3224 5277 3650 5362 inid-apoivsgg.

2097 5348 2262 5423 Alias,
2310 5348 2807 5430 ἐπιδικαζομένους,
2857 5374 2962 5430 non
3008 5354 3170 5430 male.
3224 5348 3655 5430 Ἐπιδικάζεσθαι

2091 5417 2261 5494 enim,
2303 5441 2498 5501 pra-ter
2535 5417 2869 5501 emtam-cst
2909 5426 3278 5501 hereditatem
3326 5433 3529 5501 petere.
3563 5417 3658 5470 De-

2093 5490 2332 5556 mosthf:
2361 5500 2486 5554 Ἐὰν
2513 5501 2568 5554 δέ
2600 5499 2672 5570 μὴ
2701 5499 2767 5570 ζῇ
2791 5501 2818 5553 ό
2848 5493 3308 5570 ἐπιδικασάμενος
3323 5490 3416 5570 τοῦ
3440 5490 3653 5560 κλήρου.

2093 5571 2258 5624 Paulo
2296 5581 2416 5638 post
2444 5564 2766 5630 Philo'calia,
2791 5567 3028 5638 πέμψειν
3057 5564 3254 5634 σοφοὺς
3279 5565 3374 5616 καὶ
3405 5574 3654 5632 γραμμα-

2089 5645 2200 5704 τεῖς
2227 5636 2415 5707 λέγων·
2441 5641 2572 5694 ’ἰδοὺ
2603 5638 2712 5707 ἐγὼ
2741 5636 3068 5692 ἀποστέλλω.

2163 5694 2616 5784 (:5)_ll(escltelitts
2643 5694 2732 5784 ’ίηΔ
2769 5720 2936 5784 textu,
2987 5703 3444 5784 Bsusépqz,_ntale.
3497 5694 3648 5754 Ραυίο

2091 5773 2542 5850 νοὲιῬΙιὶΙορθίἰει
2562 5821 2575 5848 ,
2612 5779 2867 5851 κεκίνηκέ
2898 5793 3044 5842 τινας
3075 5773 3158 5839 ὡς’
3180 5773 3272 5828 τοῦ
3306 5773 3483 5840 λόγου.
