3898 6528
249 373 356 432 38!

1429 371 1709 428 CONTRA
1743 372 2020 428 CELSUM
2062 373 2170 428 LIB
2232 372 2319 426 lll.

3385 376 3493 432 982
3545 455 3555 468 '

254 509 274 541 α
309 493 424 545 Kal
440 492 724 564 ἐπαιδεύθη
753 493 990 562 Μωῦσῆς
1011 493 1068 546 ἐν
1095 493 1242 564 πάσῃ
1262 494 1421 565 σοφίᾳ
1447 495 1778 562 Αἰγυπτίων.
1802 539 1803 544 η

1929 495 2052 550 cula
2096 511 2200 548 non
2237 493 2504 563 proficisci
2535 507 2563 546 a
2608 493 2741 560 Deo,
2787 502 2848 550 ut
2875 493 3200 565 prmdicabat
3225 539 3239 562 ,
3278 495 3369 550 sed
3403 513 3497 565 pa-

246 583 348 636 Διά
378 583 534 636 τοῦτο
569 584 626 636 δὲ
672 585 765 639 καὶ
813 587 872 638 ἐν
902 588 1014 648 τοῖς
1060 585 1360 656 τεραστίοις
1399 585 1691 651 ὑπενοεῖτο,
1749 587 1820 659 μή

247 691 380 726 ποτε
412 676 472 727 ού
509 675 645 728 κατά
675 675 771 747 τὴν
794 675 1122 745 ἐπαγγελίαν
1146 677 1238 729 τοῦ
1268 675 1449 730 θεόθεν
1477 678 1632 748 ἥκειν
1653 679 1822 732 ἐποίει

244 765 410 829 αύτά,
474 766 610 818 ἀλλὰ
641 769 780 820 κατά
815 767 885 819 τὰ
916 768 1226 836 Αἰγυπτίων
1288 767 1604 838 μαθήματα,
1661 771 1824 838 σοφὸς

242 854 317 906 ῶν
349 857 409 906 ἐν
438 857 638 918 αὐτοῖς.
671 856 905 909 Τοιαῦτα
926 858 1034 928 γὰρ
1058 856 1299 910 ὑπονοῶν
1325 857 1454 928 περὶ
1481 857 1644 912 αὑτοῦ
1671 861 1699 911 ὁ
1729 857 1823 928 βα·

240 945 446 1010 σιλεὸς,
490 949 714 1001 ἐκάλεσε
749 950 878 1012 τοὺς
913 949 1192 1012 ἐπαοιδοὸς
1224 947 1332 1001 τῶν
1362 950 1693 1016 Αἰγυπτίων.
1727 950 1823 1002 καὶ

246 1056 264 1087 ο
297 1039 428 1101 τοὺς
465 1039 718 1108 σοφιστὰς
763 1042 1005 1105 καὶτοὺς
1036 1043 1362 1113 φαρμακεῖς,
1393 1059 1415 1093 ι
1444 1042 1637 1103 οἵτινες
1663 1040 1823 1110 ἠλέγ-

237 1129 453 1202 χθησαν
488 1132 548 1184 τὸ
574 1132 726 1186 οὐδὲν
755 1133 905 1198 ὄντες
930 1135 1004 1198 ὡς
1031 1135 1166 1206 πρὸς
1188 1133 1285 1206 τὴν
1314 1136 1371 1187 ἐν
1400 1135 1608 1205 Μωῦσῇ
1627 1131 1820 1204 σοφίαν

237 1224 379 1294 ὑπὲρ
420 1226 597 1277 πᾶσαν
627 1225 935 1294 Αἰγυπτίων
965 1226 1176 1296 σοφίαν.

305 1313 455 1366 Ἀλλ’
485 1315 630 1380 εἰκὸς
663 1315 731 1369 τὰ
759 1317 1118 1388 γεγραμμένα
1149 1318 1209 1370 ὲν
1235 1318 1302 1387 τῇ
1333 1316 1469 1388 πρὸς
1502 1315 1822 1387 Κορινθίους

236 1407 488 1479 προτέρα
512 1407 588 1479 τῷ
615 1407 827 1479 Παύλῳ,
859 1409 934 1474 ὡς
965 1410 1100 1482 πρὸς
1122 1409 1385 1481 Ἕλληνας
1411 1409 1505 1462 καὶ
1558 1408 1696 1479 μέγα
1719 1425 1819 1476 φυ-

236 1500 453 1562 σῶντας
492 1501 584 1553 ἐπὶ
615 1503 678 1572 τῇ
711 1501 994 1572 Ἑλληνικῇ
1047 1503 1228 1574 σοφίᾳ,
1271 1501 1616 1573 κεκινηκέναι
1642 1499 1814 1564 τινάς,

234 1592 308 1654 ὡς
349 1591 451 1644 τοῦ
483 1592 642 1661 λόγου
675 1592 748 1664 μὴ
781 1592 1104 1665 βουλομένου
1149 1595 1363 1664 σοφούς.
1397 1595 1535 1647 Ἀλλ’
1574 1593 1818 1648 ἀκουέτω

229 1685 259 1736 ό
284 1683 353 1736 ca
383 1684 613 1738 τοιαῦτα
639 1685 894 1756 νομίζων,
933 1688 1036 1750 ὅτι,
1072 1687 1257 1759 ῶσπερ
1284 1686 1580 1740 διαϐάλλων
1609 1683 1816 1756 ἀνθρώ·

232 1792 367 1838 πούς
423 1775 654 1844 φαύλους
695 1779 723 1829 ὁ
761 1776 916 1845 λόγος
961 1779 1122 1848 φησὶν
1166 1779 1362 1841 αὐτοὺς
1393 1773 1535 1832 εἶναι
1578 1778 1638 1830 ού
1687 1777 1816 1847 περὶ

1929 588 2060 640 trari
2090 585 2494 654 disciplinarum
2521 583 2970 655 Egyptiacarum
3016 602 3140 655 ope,
3173 586 3367 654 quibus
3397 603 3494 654 apo

1924 683 2096 751 prime
2122 683 2366 737 eruditus
2398 690 2532 736 eral.
2564 680 2676 748 Qua
2715 681 3020 750 suspicione
3043 690 3218 735 motus
3247 695 3362 747 rex,
3398 695 3494 733 ac-

1923 774 2147 828 cersivit
2180 775 2549 828 incantatores
2581 772 2888 844 Egyptios,
2926 790 2945 823 ι
2979 774 3252 840 sapientes
3287 781 3343 826 et
3375 786 3492 824 ma-

1922 867 2105 922 leﬁcos
2132 866 2200 930 ⁸⁸,
2241 885 2260 918 ι
2295 882 2430 934 quos
2460 866 2608 920 brevi
2639 865 2816 935 patuit
2845 863 2980 918 nihil
3003 879 3121 917 esse
3150 879 3260 934 pra:
3285 861 3488 931 Moyse,

1921 957 2075 1024 cujus
2132 957 2402 1026 sapientia
2455 970 2670 1011 omnem
2727 953 3110 1026 Egyptiorttm
3169 953 3490 1024 sapientiam
3574 1029 3576 1031 γ

1921 1049 2238 1120 superabat.
3549 1043 3556 1053 ’

1990 1320 2079 1374 47.
2110 1317 2416 1374 Verisimile
2440 1325 2544 1382 est,
2577 1329 2697 1386 qua:
2735 1315 2930 1369 Paulus
2965 1314 3016 1367 in
3051 1312 3240 1382 priore
3289 1326 3384 1366 sua
3419 1312 3486 1366 ad

1919 1407 2236 1464 Corinthios
2267 1407 2334 1470 ".
2363 1407 2581 1462 Gracos
2619 1405 2826 1460 scilicet
2866 1402 3178 1459 Graecanica
3217 1401 3485 1472 sapientia

1919 1497 2156 1563 inllatos,
2199 1499 2436 1568 scripsit,
2473 1513 2538 1552 ea
2573 1497 2812 1552 movisse
2844 1495 3131 1565 quosdam,
3168 1502 3226 1550 ut
3260 1494 3485 1564 sapien-

1919 1597 2001 1642 tes
2037 1603 2066 1641 a
2101 1598 2285 1643 nostra
2322 1587 2582 1657 religione
2633 1585 2848 1641 excludi
2883 1587 3186 1640 crederent.
3240 1583 3342 1650 Qui
3378 1585 3482 1638 sibi

1920 1679 2023 1734 hoc
2052 1681 2263 1734 induxit
2291 1681 2342 1734 in
2377 1681 2640 1744 animum,
2677 1680 2846 1734 discat
2883 1679 3334 1749 quemadmodum
3375 1678 3486 1732 illic

1920 1773 2316 1842 reprehendens
2349 1771 2625 1841 improbos
2660 1772 2929 1836 homines,
2959 1786 3055 1827 eos
3092 1771 3169 1825 ait
3195 1769 3487 1840 Apostolus

229 1867 336 1919 τῶν
369 1867 581 1937 νοητῶν
619 1870 710 1922 καὶ
749 1869 994 1939 ἀοράτων
1029 1871 1123 1924 καὶ
1150 1870 1384 1924 αἰωνίων
1424 1870 1644 1938 σοφοὺς,
1679 1869 1803 1922 ἀλλά

1915 1881 2021 1920 non
2058 1865 2113 1919 in
2143 1865 2230 1920 his
2259 1879 2381 1919 esse
2428 1864 2700 1933 sapientes
2747 1879 2867 1932 qua:
2900 1864 3068 1918 solius
3117 1861 3486 1932 intelligentia!

231 1960 358 2032 περὶ
387 1961 566 2030 μόνων
606 1962 712 2015 τῶν
754 1962 1025 2032 αἰσθητῶν
1059 1963 1672 2034 πραγματευσαμένους,
1721 1963 1812 2015 καὶ

226 2051 283 2103 ἐν
326 2051 546 2115 τούτοις
583 2053 650 2106 τά
700 2053 878 2108 πάντα
917 2053 1249 2125 τιθεμένους,
1297 2050 1432 2107 εἶναι
1467 2055 1662 2123 σοφοὺς
1717 2053 1812 2108 τοῦ

227 2141 463 2212 κόσμου·
491 2141 632 2196 οὓτω
647 2145 742 2197 καὶ
764 2143 973 2198 πολλῶν
989 2145 1157 2199 ὄντων
1186 2145 1469 2215 δογμάτων
1498 2145 1596 2217 (4),
1627 2145 1695 2198 τά
1713 2145 1811 2215 μὲν

227 2233 665 2306 συναγορεύοντα
697 2235 797 2307 ὕλῃ
841 2237 936 2290 καὶ
975 2235 1209 2308 σώμασι,
1239 2238 1333 2290 καὶ
1363 2237 1538 2290 πάντα
1581 2237 1812 2306 φασκόν-

225 2341 330 2377 των
353 2320 502 2378 εἶναι
539 2324 766 2398 σώματα
793 2327 861 2380 τά
890 2329 1312 2399 προηγουμένως
1333 2330 1432 2398 ὑφε
1443 2330 1692 2408 στηκότα,
1714 2329 1808 2382 καὶ

226 2415 401 2485 μηδὲν
441 2417 594 2488 παρὰ
628 2418 798 2471 ταῦτα
837 2413 973 2471 εἶναι
1006 2418 1151 2482 ἀλλο,
1183 2421 1290 2472 εἴτε
1323 2418 1609 2490 λεγόμενον
1639 2419 1806 2491 ἀόρα-

224 2523 312 2558 τον
347 2507 452 2561 εἴτ’
486 2509 878 2582 ὀνομαζόμενον
910 2510 1218 2582 ἀσώματον,
1256 2511 1419 2583 φησὶν
1452 2507 1586 2564 εἶναι
1618 2511 1808 2580 σοφίαν

224 2597 314 2650 τοῦ
332 2600 545 2670 κόσμου
563 2603 1030 2674 καταργουμένην,
1055 2603 1148 2656 καὶ
1171 2603 1578 2675 μωραινομένην
1594 2603 1690 2672 (5),
1714 2604 1808 2657 καὶ

223 2690 420 2758 σοφίαν
446 2691 540 2744 τοῦ
576 2693 765 2758 αἰῶνος
785 2695 994 2748 τούτου·
1020 2693 1089 2748 τά
1115 2695 1171 2748 δὲ
1199 2695 1551 2766 μετατιθέντα
1578 2695 1676 2767 τὴν
1702 2695 1801 2765 ψυ-

223 2780 317 2851 χὴν
344 2782 456 2835 ἀπὸ
485 2783 589 2837 τῶν
611 2786 736 2856 τῇδε
772 2785 1109 2857 πραγμάτων
1141 2787 1234 2838 ἐπὶ
1258 2786 1355 2857 τὴν
1385 2786 1536 2858 παρὰ
1558 2786 1676 2857 Θεῷ
1707 2805 1806 2858 μα-

222 2875 527 2944 καριότητα
555 2878 648 2928 καὶ
677 2877 772 2948 τήν
806 2878 1141 2948 καλουμένην
1173 2877 1334 2936 αὑτοῦ
1365 2877 1655 2948 βασιλείαν,
1709 2883 1804 2934 καὶ

222 2963 544 3018 διδάσκοντα
585 2972 938 3039 καταφρονεῖν
971 2971 1068 3040 μὲν
1099 2969 1174 3033 ὡς
1209 2970 1556 3042 προσκαίρων
1589 2972 1802 3026 πάντων

217 3057 326 3110 τῶν
373 3060 648 3130 αἰσθητῶν
696 3064 788 3114 καὶ
834 3062 1200 3134 βλεπομένων,
1234 3063 1482 3116 σπεύδειν
1520 3064 1577 3117 δὲ
1604 3066 1695 3118 ἐπὶ
1734 3067 1802 3119 τὰ

219 3149 451 3221 ἀόρατα,
487 3153 580 3205 καὶ
612 3157 832 3206 σκοπεῖν
871 3155 938 3207 τὰ
981 3155 1054 3226 μὴ
1079 3155 1402 3225 βλεπόμενα,
1435 3155 1606 3211 ταῦτά
1661 3175 1791 3228 φησι
1818 3196 1860 3252 C

222 3244 420 3312 σοφίαν
449 3241 585 3298 εἶναι
624 3246 779 3301 Θεοῦ.
813 3247 1111 3319 Φιλαλήθης
1153 3247 1198 3300 δ’
1231 3247 1305 3301 ῶν
1339 3251 1367 3302 ὁ
1401 3248 1608 3312 Παύλός
1661 3267 1793 3320 φησι

220 3331 350 3403 περί
376 3351 539 3387 τινων
566 3336 621 3388 ἐν
650 3335 874 3408 Ἕλλησι
909 3337 1088 3406 σοφῶν
1117 3339 1173 3390 ἐν
1210 3331 1290 3400 οἷς
1321 3337 1691 3408 ἀληθεύουσιν·
1722 3340 1801 3392 ὅτι

225 3443 243 3475 ι
283 3425 514 3489 Γνόντες
555 3427 646 3480 τὸν
674 3427 826 3491 Θεὸν,
858 3429 954 3499 οὐχ
985 3430 1060 3492 ὡς
1091 3429 1220 3482 Θεὸν
1259 3429 1536 3496 ἐδόξασαν,
1575 3430 1607 3501 ἢ
1634 3431 1802 3501 ηύχα-

221 3517 509 3586 ρίστησαν.
547 3537 565 3570 ι
601 3518 709 3571 Καὶ
736 3524 1001 3590 μαρτυρεῖ
1015 3522 1210 3584 αὐτοὺς
1237 3521 1309 3592 (6)
1335 3521 1796 3590 ἐγνωκέναιΘεόν·

218 3607 370 3675 λέγει
400 3609 458 3662 δὲ
498 3613 595 3665 καὶ
621 3611 763 3665 τοῦτ’
787 3613 886 3665 οὑκ
917 3612 1064 3665 ἀθεεί
1089 3613 1271 3676 αὐτοῖς
1311 3612 1610 3681 γεγονέναι,
1641 3615 1698 3668 ἐν
1721 3609 1802 3679 οἷς

218 3701 422 3770 γράφει
455 3701 536 3755 τό·
577 3722 594 3754 ι
635 3704 692 3756 '0
721 3704 852 3767 Θεὸς
890 3705 998 3773 γὰρ
1047 3705 1228 3768 αὐτοῖς
1261 3707 1621 3776 ἐφανέρωσεν·
1665 3724 1682 3757 ι
1719 3709 1802 3760 αἰ-

218 3792 555 3862 νισσόμενος,
583 3789 756 3864 οἶμαι,
779 3795 907 3857 τοὺς
933 3794 1316 3858 ἀναϐαίνοντας
1335 3795 1440 3847 ἀπὸ
1461 3795 1568 3848 τῶν
1592 3796 1799 3866 ὁρατῶν

221 3877 313 3936 ιτξι
340 3883 409 3936 τὰ
431 3885 616 3956 νοητὰ,
650 3887 738 3938 ὅτε
770 3887 989 3956 γράφει·
1022 3888 1103 3939 ὅτι
1140 3906 1158 3938 ι
1197 3885 1267 3939 τά
1295 3888 1499 3958 ἀόρατα
1529 3887 1621 3940 τοῦ
1663 3888 1798 3941 Θεοῦ

219 3958 575 4035 ἀπὸκκτίσεως
600 3975 803 4044 κόσμου
838 3978 949 4038 τοῖς
981 3977 1245 4046 ποιήμασι
1277 3977 1538 4046 νοούμενα
1571 3976 1801 4048 καθορᾶ.

219 4080 331 4125 ται,
370 4065 404 4134 ἦ
436 4082 493 4116 τε
529 4065 697 4128 ἀΐδιος
727 4066 894 4120 αὑτοῦ
943 4067 1170 4138 δύναμις
1204 4069 1297 4122 καὶ
1331 4068 1558 4140 θειότης·
1610 4071 1689 4133 εἰς
1739 4069 1800 4123 τὸ

222 4149 361 4208 εἶναι
387 4157 583 4220 αὐτοὺς
609 4159 1068 4229 ἀναπολογήτους·
1107 4160 1238 4212 διότι
1266 4161 1484 4228 γνόντες
1529 4161 1618 4214 τὸν
1644 4161 1796 4225 Θεὸν,

221 4249 320 4320 οὐχ
343 4250 418 4314 ὠς
446 4250 574 4304 Θεὸν
601 4251 876 4318 ἐδόξασαν,
907 4253 939 4324 ἢ
966 4251 1390 4324 ηὐχαρίστησαν.
1421 4271 1442 4303 ι

291 4431 445 4500 Τάχα
468 4431 524 4483 δέ
541 4430 634 4484 καὶ
670 4431 734 4484 ἐκ
755 4429 870 4491 τοῦ,
889 4451 906 4482 ι
927 4427 1159 4486 Βλέπετε
1184 4432 1237 4484 δὲ
1267 4432 1364 4501 τὴν
1401 4431 1588 4502 κλῆσιν
1619 4432 1792 4504 ὑμῶν,

1913 1968 2061 2023 sunt,
2085 1972 2204 2026 qua:
2227 1958 2326 2012 sub
2359 1971 2551 2010 sensus
2574 1971 2680 2010 non
2711 1955 2932 2018 cadunt,
2957 1969 3077 2025 qua:
3101 1965 3302 2009 aeterna
3333 1962 3484 2018 sunt,

1911 2050 2005 2105 sed
2043 2065 2168 2103 cum
2195 2050 2247 2103 in
2295 2048 2428 2102 solis
2459 2049 2808 2102 sensibilibus
2832 2056 3185 2115 occupentur,
3224 2047 3279 2100 in
3311 2045 3486 2113 iisque

1911 2151 2175 2210 reponant
2202 2140 2408 2202 omnia,
2457 2140 2732 2207 sapientes
2769 2153 2889 2192 esse
2919 2138 3078 2205 hujus
3121 2136 3339 2202 mundi;
3403 2137 3485 2190 sic

1907 2232 2058 2288 inter
2096 2230 2263 2285 multa
2317 2232 2588 2301 dogmata,
2627 2247 2713 2294 ea,
2745 2245 2864 2300 quae
2892 2231 3132 2284 materiae
3173 2237 3230 2282 et
3267 2229 3484 2296 corpori

1908 2323 2342 2390 patrocinantur,
2393 2339 2620 2394 qumque
2672 2339 2780 2388 res,
2830 2324 2994 2378 etiam
3037 2338 3156 2391 quae
3210 2321 3483 2392 praecipue

1907 2410 2229 2476 subsistunt,
2255 2429 2551 2482 corporeas
2593 2427 2713 2467 esse
2740 2421 3009 2476 statuunt,
3044 2426 3255 2466 necnon
3285 2420 3484 2482 printer

1908 2503 1997 2555 illa
2031 2503 2166 2557 nihil
2193 2505 2338 2573 quod
2371 2504 2557 2558 oculos
2595 2504 2789 2574 fugiat,
2819 2503 2952 2557 nihil
2982 2504 3365 2575 incorporeum
3387 2504 3482 2556 ad-

1906 2598 2151 2660 mittunt,
2180 2596 2248 2649 ab
2272 2597 2390 2666 ipso
2413 2596 2518 2652 dici
2543 2612 2664 2652 esse
2692 2597 2876 2650 u'mndi
2917 2595 3234 2665 sapientiam
3266 2596 3478 2650 irritam

1904 2685 2127 2750 factam,
2149 2688 2457 2753 evanidam,
2483 2689 2724 2755 stultam,
2750 2700 2806 2745 et
2830 2689 3152 2759 sapientiam
3185 2689 3347 2758 hujus
3380 2702 3484 2743 sm-

1905 2777 2048 2842 culi;
2097 2793 2159 2831 ea
2195 2793 2323 2832 vero
2369 2795 2489 2848 qua:
2535 2782 2770 2835 animam
2802 2782 2871 2835 ab
2904 2781 3052 2837 hisce
3086 2781 3246 2834 rebus
3273 2779 3338 2833 ad
3385 2779 3479 2834 Dei

1902 2867 2291 2924 beatitudinem
2315 2869 2538 2938 ejusque
2565 2887 2788 2941 regnum
2823 2874 3085 2940 evehunt,
3115 2887 3235 2942 qua:
3282 2871 3482 2927 docent

1902 2958 2084 3012 Omnia
2105 2961 2356 3018 sensibus
2386 2961 2544 3015 obvia
2569 2973 2923 3018 contemnere
2948 2973 3006 3017 ut
3037 2963 3277 3032 peritura
3307 2972 3362 3016 et
3387 2977 3478 3016 ca-

1901 3048 2072 3112 duca;
2118 3051 2448 3105 contendere
2491 3066 2620 3106 vero
2645 3055 2712 3106 ad
2737 3068 2822 3117 ca,
2851 3069 2970 3123 quae
3005 3053 3104 3107 sub
3132 3052 3318 3108 oculos
3371 3066 3477 3106 non

1902 3140 2120 3204 cadunt,
2154 3149 2208 3194 et
2239 3143 2597 3211 contemplari
2629 3159 2750 3212 qua:
2791 3160 2896 3199 non
2941 3146 3209 3211 videntur,
3260 3145 3477 3215 sapien-

1907 3233 2032 3284 tiam
2073 3233 2164 3287 Dei
2221 3233 2426 3287 vocari.
2459 3235 2592 3288 Cum
2625 3245 2804 3291 autem
2854 3237 3102 3292 veritatis
3139 3247 3352 3291 amator
3403 3237 3472 3291 sit

1904 3324 2122 3388 Paulus,
2157 3327 2224 3382 de
2267 3330 2593 3397 quibusdam
2638 3329 2954 3386 Grmcorum
2992 3329 3335 3400 sapientibus
3387 3330 3477 3384 ubi

1899 3435 2025 3474 vera
2049 3421 2308 3485 sentiunt.
2342 3424 2418 3476 ait
2459 3441 2472 3478 :
2503 3443 2520 3475 ι
2552 3423 2686 3478 Cum
2725 3425 3109 3496 cognovissent
3141 3424 3332 3488 Deum,
3368 3437 3477 3476 non

1899 3513 2040 3568 sicut
2067 3513 2238 3569 Deum
2273 3515 2732 3584 gloriﬁcaverunt,
2761 3526 2855 3570 aut
2883 3519 3085 3587 gratias
3115 3527 3342 3587 egerunt
3370 3517 3470 3572 ⁸⁷.»

1901 3602 1967 3656 Et
1998 3613 2225 3658 testatur
2254 3615 2438 3660 notum
2473 3604 2582 3660 illis
2620 3605 2789 3662 fuisse
2820 3607 3026 3663 Deum:
3054 3609 3196 3676 quod
3229 3623 3328 3663 nec
3357 3608 3479 3663 sine

1899 3693 2010 3748 Deo
2033 3695 2138 3750 illis
2173 3697 2466 3768 contigisse
2499 3699 2632 3754 dicit
2675 3701 2759 3754 his
2792 3699 3018 3754 verbis:
3066 3717 3086 3752 ι
3137 3699 3276 3754 Deus
3325 3701 3472 3755 enim

1899 3787 2007 3841 illis
2038 3789 2404 3844 manifestavit
2447 3792 2524 3857 ‘3;
2587 3811 2606 3845 ι
2641 3792 2994 3847 subindicans
3023 3808 3137 3858 eos,
3187 3794 3240 3847 ni
3296 3794 3473 3858 fallor,

1897 3877 1990 3944 qui
2022 3893 2051 3931 a
2077 3879 2236 3934 rebus
2260 3883 2541 3950 corporeis
2566 3883 2632 3936 ad
2661 3882 2960 3952 spiritualia
2981 3891 3214 3937 mentem
3233 3883 3471 3953 erigunt.

1899 3969 1990 4021 ubi
2017 3971 2208 4024 scribit
2239 3989 2252 4024 :
2296 3991 2313 4024 ι
2349 3973 2643 4027 lnvisibilia
2682 3973 2772 4027 Dei
2798 3990 2826 4026 a
2851 3984 3103 4029 creatura
3145 3975 3352 4038 mumli,
3377 3989 3474 4044 per

1897 4075 1958 4114 ea
1998 4077 2118 4131 qua:
2150 4063 2291 4118 facta
2325 4075 2472 4130 sunt,
2499 4067 2769 4130 intellecta
2805 4068 3242 4136 conspiciuntur;
3277 4067 3468 4136 sempi-

1900 4162 2049 4207 terna
2079 4169 2294 4223 quoque
2337 4155 2455 4223 ejus
2487 4158 2658 4214 virtus
2705 4170 2760 4214 et.
2801 4161 3092 4216 divinitas:
3148 4161 3220 4214 ita
3257 4169 3315 4213 ut
3364 4161 3471 4215 sint

1898 4245 2312 4306 inexcusabiles.
2367 4249 2505 4320 Quia
2547 4265 2668 4303 cum
2731 4251 3112 4320 cognovissent
3139 4251 3329 4319 Deum,
3363 4265 3473 4306 non

1895 4337 2035 4392 sicut
2073 4337 2239 4390 Deum
2273 4339 2717 4407 gloriﬁcaverunt
2741 4353 2832 4396 aut
2858 4344 3060 4412 gratias
3085 4350 3313 4412 egerunt
3342 4341 3406 4394 ⁸⁹.
3443 4359 3463 4392 ι

1968 4426 2055 4480 48.
2141 4426 2396 4482 Fortasse
2470 4433 2634 4484 etiam
2723 4432 2962 4499 opinioni
3051 4447 3237 4489 eorum
3272 4469 3288 4496 ,
3377 4429 3470 4498 qui

221 4521 458 4590 ἀδελφοὶ,
488 4523 569 4575 ὅτι
597 4523 657 4574 ού
684 4522 866 4576 πολλοὶ
897 4523 1048 4592 σοφοὶ
1078 4523 1215 4576 κατά
1264 4523 1468 4596 σάρκα,
1514 4525 1574 4576 οὐ
1609 4524 1792 4578 πολλοὶ

1906 4517 2061 4589 ᾔ79
2093 4520 2383 4582 eruditum.
2416 4531 2508 4574 aut
2542 4522 2868 4591 sapientem,
2904 4531 2997 4576 aut
3031 4524 3355 4592 prudentem
3381 4537 3473 4575 ar-

220 4611 454 4675 δυνατοὶ,
491 4613 550 4665 ού
583 4612 765 4666 πολλοί
794 4614 1031 4681 εὐγενεῖς
1053 4631 1065 4642 ·
1103 4613 1237 4667 ἀλλὰ
1267 4614 1334 4666 τά
1374 4614 1532 4686 μωρά
1565 4615 1659 4669 τοῦ
1698 4617 1791 4670 κό-

221 4719 356 4772 σμου
388 4703 666 4769 ἐξελέξατο
697 4707 724 4758 ό
755 4705 905 4768 Θεὸς,
937 4705 1024 4758 ἵνα
1066 4705 1400 4778 καταισχύνῃ
1443 4707 1568 4769 τοὺς
1599 4708 1792 4776 σοφούς

220 4793 315 4862 (7)·
345 4794 440 4846 καὶ
469 4795 535 4847 τὰ
575 4795 738 4865 ἀγενῆ
773 4795 867 4848 καὶ
903 4794 969 4848 τά
1017 4794 1411 4867 ἐξουθενημένα
1448 4795 1725 4863 ἐξελέξατο
1760 4799 1790 4850 ὁ

217 4884 367 4948 Θεὸς,
402 4885 496 4938 καὶ
520 4885 586 4938 τά
615 4887 688 4957 μὴ
713 4887 858 4949 ὄντα,
889 4887 976 4939 ἵνα
1000 4886 1065 4945 τὰ
1092 4885 1218 4940 ὄντα
1242 4888 1582 4960 καταργήσῃ·
1606 4887 1693 4941 ἵνα
1713 4887 1788 4960 μὴ

218 4977 557 5048 καυχήσηται
589 4979 735 5031 πᾶσα
764 4975 900 5048 σὰρξ
926 4976 1151 5031 ἐνώπιον
1179 4978 1364 5031 αὑτοῦ·
1403 4998 1423 5031 ι
1461 4977 1790 5050 ἐκινήθησαν

217 5083 356 5130 τινες
383 5067 518 5138 πρὸς
545 5068 606 5120 τὸ
637 5068 837 5122 οἴεσθαι
869 5069 949 5122 ὃτι
975 5067 1148 5132 οὐδεὶς
1173 5069 1598 5141 πεπαιδευμένος
1622 5070 1656 5138 ἦ
1697 5087 1788 5124 σο-

283 5201 330 5234 ⁶⁸
363 5202 531 5257 Exod.
563 5219 656 5268 vtt,
690 5204 776 5258 10.
847 5203 894 5236 ⁸⁸
922 5205 941 5258 l
965 5205 1090 5260 Cor.
1121 5221 1162 5270 ι,
1198 5206 1263 5259 18
1294 5221 1411 5274 seq.

287 5318 362 5387 (ι)
394 5319 521 5395 Mss.
555 5333 609 5373 et
630 5319 949 5395 Pliiloealia,
973 5323 1140 5377 ὅντων
1170 5324 1473 5395 δογμάτων,
1506 5327 1661 5387 alias,
1695 5328 1769 5381 ὃν·

220 5403 323 5440 των
350 5389 973 5464 καζαδογμάτωνξΡηιιΙο
997 5406 1116 5460 post
1145 5389 1486 5449 lite-schelius
1519 5408 1571 5449 et
1613 5398 1786 5464 Spen-

222 5472 394 5535 certts,
428 5459 526 5531 ὕλῃ
565 5459 658 5535 καὶ
694 5460 923 5535 σώματι.
967 5459 1166 5518 Ibidem
1211 5483 1309 5534 pro
1341 5459 1786 5535 πάνταφασκόν-

219 5541 344 5600 των,
366 5531 478 5600 lego
509 5531 683 5583 πάντα
712 5533 1009 5600 φάσκοντα.

290 5598 361 5676 ᾧ)
394 5598 518 5655 Mss.
558 5615 612 5654 et
637 5598 955 5676 Philoealia,
985 5604 1415 5676 μωραινομένην.
1443 5605 1782 5662 llceschelius

221 5673 275 5719 ει
295 5668 636 5743 ,ξρειῐεετυει
659 5668 1080 5743 μαραινομένήνὲ

285 5735 360 5809 (ᾗ)
391 5735 699 5809 i’ltilocalia,
726 5735 941 5804 αύτούς,
978 5735 1130 5802 alias,
1157 5743 1359 5809 αὐτοῖς.

289 5805 368 5880 (7)
397 5807 524 5866 Post
557 5826 742 5866 vocem
774 5812 989 5882 σοφούς,
1020 5813 1072 5867 in
1113 5805 1402 5872 llmschclii
1436 5826 1488 5872 et
1516 5815 1776 5888 Spenceri

1516 5208 1559 5238 ⁸⁷
1591 5207 1748 5265 Rom.
1779 5225 1817 5275 ι,
1850 5209 1940 5264 21.

1896 4610 2168 4664 bitrantur
2201 4611 2252 4664 in
2291 4622 2531 4675 nostram
2563 4615 2881 4668 societatem
2924 4631 3028 4669 non
3062 4616 3254 4684 recipi,
3289 4617 3468 4669 locum

1895 4701 2107 4756 dederit
2138 4701 2228 4756 hic
2255 4703 2394 4758 alius
2423 4703 2573 4762 Pauli
2609 4705 2762 4762 locus
2795 4725 2810 4761 :
2854 4726 2873 4759 ι
2911 4707 3102 4760 Videte
3141 4717 3323 4760 autem
3367 4722 3468 4759 vo-

1893 4793 2166 4848 cationem
2200 4804 2460 4860 vestram,
2487 4795 2711 4870 fratres,
2745 4801 2874 4868 quia
2905 4815 3013 4853 non
3054 4800 3211 4854 multi
3248 4801 3468 4870 sapien-

1895 4895 1978 4941 tes
2013 4887 2310 4942 secundum
2362 4868 2769 4955 carnemfnon
2823 4891 2976 4946 multi
3023 4901 3304 4962 potentes,
3358 4907 3463 4945 non

1897 4978 2050 5042 multi
2085 4980 2327 5045 nobiles;
2373 4983 2466 5038 sed
2521 4999 2640 5051 quae.
2697 4985 2860 5041 stulta
2897 4993 3029 5050 sunt
3073 4984 3259 5039 mundi
3303 4983 3467 5054 elegit

1898 5069 2066 5134 Deus,
2092 5082 2148 5125 ut
2173 5073 2466 5128 confundat
2501 5077 2799 5146 sapientes;
2834 5086 2891 5133 et
2918 5076 3173 5148 ignobilia
3204 5077 3386 5131 mundi
3409 5086 3470 5131 et

2016 5211 2062 5243 ⁸⁸
2088 5210 2246 5279 lbid.,
2277 5211 2366 5266 19.
2441 5213 2487 5246 ⁸⁹
2517 5215 2676 5282 lbid.,
2703 5217 2794 5272 30.

1889 5331 2222 5408 editionihns
2246 5335 2659 5408 ελάιίιιηῑυιςὴωο
2673 5338 2834 5392 verba
2869 5352 2991 5408 quae
3016 5337 3257 5394 nncinuli
3289 5339 3466 5394 inclu-

1890 5403 2022 5479 Slunt
2056 5420 2069 5455 :
2105 5405 2198 5456 καὶ
2229 5403 2296 5479 τὰ
2327 5405 2526 5479 ἀσθενῆ
2570 5405 2663 5479 τοῦ
2698 5403 2902 5479 κόσμου
2927 5408 3206 5474 ἐξελέξατο
3240 5413 3269 5464 ὁ
3312 5409 3464 5473 Θεὸς,

1889 5472 2328 5548 ἴναικαταισχύνῃ
2340 5476 2407 5527 τά
2435 5472 2649 5548 ἰσχυρά,
2664 5478 2755 5531 sed
2772 5472 3223 5534 a'mssfomnibus
3247 5472 3464 5543 absunt,

1887 5552 1943 5618 et
1969 5543 2094 5618 ideo
2122 5560 2154 5596 e
2183 5543 2330 5618 textu
2370 5543 2686 5618 recidimus,
2721 5552 2972 5616 quamvis
3012 5550 3064 5602 in
3101 5551 3335 5618 vulgatis
3372 5549 3465 5602 Bi~

1886 5611 2012 5692 bilis
2030 5615 2390 5692 reperiantur.
2421 5615 2541 5692 Mox
2565 5611 2904 5692 llmsehclins
2925 5632 2982 5673 et
3015 5611 3344 5692 Spencerus,
3371 5618 3466 5692 καὶ

1883 5681 1952 5758 τᾷ
1973 5683 2141 5758 ἀγενῇ
2166 5684 2393 5758 κόσμον,
2412 5687 2504 5758 sed
2524 5703 2624 5741 vox
2649 5688 2875 5758 κόσμου,
2901 5706 2928 5743 a
2956 5681 3085 5748 mss:
3103 5697 3154 5746 et
3175 5681 3463 5743 Phildcalia

1885 5754 2074 5833 abest.“
2090 5752 2410 5833 Paulopost
2439 5752 2776 5833 llmscliclius
2813 5752 2867 5820 et
2892 5761 3200 5833 Spencerus
3237 5761 3290 5813 in
3315 5773 3460 5822 mar-

1883 5821 2025 5893 gine,
2049 5823 2194 5888 ὅπως
2229 5821 2303 5904 μὴ
2332 5827 2686 5908 καυχήσηται.
