3852 6418
549 365 656 422 987

1993 363 2317 422 ORlGENIS
3653 412 3660 419 .
3676 358 3759 416 988

573 484 714 540 Ἀλλ’
740 486 863 541 οὔτε
911 484 1134 547 Κέλσος,
1190 483 1312 537 οὔτε
1349 502 1430 548 τις
1477 483 1585 537 τῶν
1625 482 1692 536 τὰ
1729 481 1868 536 αὐτὰ
1911 481 2022 554 (16)
2056 479 2398 553 φρονούντων
2457 475 2753 547 ἐγκαλοῦσι
2795 478 2943 540 τοῖς,
2997 474 3136 529 κατὰ
3180 473 3240 528 τδ
3273 472 3585 546 φαινόμενον
3610 475 3760 538 αὐτοῖς

561 577 957 647 φιλάνθρωπον,
986 576 1191 630 κινοῦσι
1217 577 1426 644 λόγους·
1451 577 1544 629 καὶ
1584 576 1721 649 πρὸς
1757 576 1882 638 τοὺς
1925 576 2222 638 ἰδιωτικοὺς
2242 574 2465 644 δήμους.

630 667 720 720 51.
754 670 822 720 At
853 666 900 718 si
955 667 1178 719 minime
1210 665 1460 734 culpandi
1513 675 1642 720 sunt
1690 665 1769 719 illi
1820 666 1913 734 qui
1958 665 2012 718 id
2045 664 2113 718 fa-

2293 663 2359 716 Εἰ
2403 661 2448 714 δ’
2507 661 2706 715 ἐκεῖνοι
2753 659 2854 714 οὐκ
2913 659 3167 730 ἔγκλητοι
3221 657 3381 712 τοῦτο
3432 658 3758 730 πράττοντες,

557 759 740 822 ciunt;
770 758 1053 811 videmnus
1105 773 1285 810 annon
1325 756 1497 824 magis
1553 766 1610 810 et
1658 756 1768 810 illis
1820 755 2016 810 melius
2055 755 2122 809 ad

559 852 899 906 honestatem
935 859 1230 918 provocent
1256 847 1575 903 Christiani.
1608 848 1691 901 llli
1730 847 1876 903 enim
1909 845 2124 916 publice

557 942 726 995 verba
760 940 1027 994 facientes
1056 939 1390 1008 philosophi,
1413 953 1516 992 non
1548 937 1784 1007 seligunt
1811 937 2122 1001 auditores,

556 1035 653 1088 sed
707 1041 849 1086 astat
899 1031 1150 1100 quisquis
1182 1029 1298 1084 vult
1342 1039 1398 1084 et
1430 1030 1601 1084 audit.
1658 1028 1960 1084 Christiani
1993 1043 2124 1083 vero

553 1134 682 1178 ante
730 1123 915 1178 omnia
944 1132 1255 1192 pertentant
1288 1123 1464 1190 quoad
1497 1121 1627 1175 licet
1671 1122 1883 1174 animas
1933 1134 2121 1175 eorum

555 1220 646 1288 qui
681 1216 827 1284 ipsos
880 1214 1070 1268 audire
1107 1215 1354 1282 cupiunt,
1395 1223 1449 1267 et
1485 1214 1735 1282 privatim
1795 1212 1916 1268 illas
1953 1210 2125 1266 infor-

553 1316 739 1372 mant;
771 1315 934 1374 atque
964 1320 1086 1359 cum
1134 1306 1412 1359 auditores
1450 1304 1548 1368 illi,
1583 1315 1880 1375 antequam
1913 1305 1968 1358 in
2001 1317 2121 1358 cte-

553 1407 667 1452 tum
700 1399 1082 1461 admittuntur,
1121 1398 1254 1452 satis
1287 1399 1339 1450 in
1368 1397 1641 1452 voluntate
1673 1400 1902 1452 honeste
1928 1397 2124 1450 viven-

552 1491 608 1546 di
633 1490 931 1560 prol‘ecisse
959 1492 1236 1554 videntur,
1271 1501 1401 1544 tunc
1434 1491 1652 1544 tandem
1679 1490 1800 1544 illos
1831 1491 2128 1559 recipiunt,

554 1583 830 1638 distinctis
877 1583 1185 1647 ordinibus,
1243 1583 1413 1636 altero
1453 1597 1641 1636 eorum
1689 1583 1780 1652 qui
1817 1597 2009 1637 recens
2039 1582 2126 1637 in~

554 1684 843 1744 cceperunt
875 1690 1154 1743 nuperque
1189 1674 1416 1728 admissi
1469 1684 1617 1740 sunt,
1643 1675 1869 1729 necdum
1906 1675 2124 1746 symbo-

552 1765 666 1821 lum
710 1767 1111 1834 purilicatiouis
1150 1776 1519 1834 acceperunt;
1557 1767 1730 1822 altero
1775 1782 1986 1830 eorum,
2017 1768 2110 1836 qui

552 1873 650 1928 pro
676 1859 886 1912 viribus
913 1874 972 1913 se
1000 1859 1426 1928 comprobarunt
1459 1860 1511 1913 id
1536 1859 1740 1914 habere
1764 1860 2122 1929 propositum,

551 1959 614 2003 ut
643 1950 776 2004 nihil
813 1949 1016 2013 velint,
1051 1950 1158 2003 nisi
1191 1967 1310 2018 quae
1354 1950 1684 2005 Christianis
1714 1951 1983 2020 placeant.
2016 1951 2122 2004 llos

2228 754 2421 825 ἴδωμεν
2451 754 2499 806 εί
2548 753 2622 824 μὴ
2669 754 2987 825 Χριστιανοὶ
3015 752 3214 823 μᾶλλον
3243 753 3335 805 καὶ
3362 751 3560 804 τούτων
3587 751 3759 821 βέλτιον

2228 845 2407 917 πλήθη
2442 845 2537 898 ἐπὶ
2576 845 2981 913 καλοκάγαθίαν
3013 842 3428 914 προκαλοῦνται.
3468 843 3530 894 Oi
3561 844 3645 913 μὲν
3673 844 3759 915 γὰρ

2225 935 2459 1006 δημοσίᾳ
2483 935 2854 1006 διαλεγόμενοι
2881 935 3158 1005 φιλόσοφοι
3191 936 3250 987 οὐ
3284 933 3636 1005 φιλοκρινοῦσι
3659 938 3758 1000 τοὺς

2224 1027 2552 1092 ἀκούοντας,
2600 1028 2714 1082 ἀλλ’
2761 1029 2790 1081 ὁ
2837 1027 3155 1099 βουλόμενος
3200 1028 3398 1099 ἕστηκε
3445 1027 3538 1080 καὶ
3583 1027 3754 1083 ἀκούει.

2225 1118 2671 1190 ΧριστιανοὶῌἹ)
2698 1120 2776 1182 δὲ,
2813 1119 2957 1174 κατά
2995 1120 3056 1173 τὸ
3096 1119 3318 1173 δυνατὸν
3366 1119 3564 1182 αὐτοῖς,
3597 1119 3760 1189 προδαο

2226 1213 2541 1276 σανίσαντες
2582 1215 2690 1266 τῶν
2736 1213 2952 1266 ἀκούειν
2983 1213 3130 1282 σφῶν
3175 1213 3514 1283 βουλομένων
3553 1212 3640 1274 τὰς
3679 1213 3756 1280 ψυ-

2225 1302 2344 1374 χάς,
2364 1304 2458 1357 καὶ
2486 1306 2603 1357 κατ’
2636 1304 2770 1358 ίδίαν
2802 1303 2982 1367 αὐτοῖς
3009 1305 3441 1376 προεπᾲσαντες,
3473 1305 3603 1357 ἐπὰν
3623 1303 3752 1357 δοκῶ-

2228 1409 2310 1444 σιν
2338 1393 2624 1464 αὐτάρκως
2658 1396 2709 1447 οί
2739 1395 3024 1466 ἀκροαταὶ,
3054 1394 3181 1466 πρὶν
3210 1397 3289 1458 εἰς
3320 1393 3381 1447 τὸ
3414 1394 3585 1447 κοινὸν
3618 1395 3749 1447 εἰσελ-

2226 1483 2358 1546 θεῖν,
2398 1485 2781 1539 ἐπιδεδωκέναι
2826 1486 2961 1558 πρὸς
3002 1485 3064 1538 τὸ
3109 1485 3287 1539 θέλειν
3314 1485 3495 1548 καλῶς
3525 1484 3743 1555 βιοῦνοςδ

2223 1575 2472 1644 τηνικάδε
2493 1576 2602 1646 (18)
2629 1578 2825 1640 αὐτοὺς
2856 1577 3182 1645 εἰσάγουσιν,
3218 1578 3323 1647 ἰδία
3346 1577 3442 1648 μὲν
3478 1581 3742 1649 ποιήσαντες

2224 1667 2408 1735 τάγμα
2437 1667 2544 1720 τῶν
2576 1667 2702 1738 ἄρτι
2743 1669 3081 1740 ἀρχομένων,
3128 1670 3222 1722 καὶ
3262 1671 3641 1740 εἰσαγομένων,
3682 1674 3745 1724 καὶ

2224 1757 2438 1810 οὐδέπω
2470 1757 2530 1811 τὸ
2563 1757 2829 1828 σύμϐολον
2873 1759 2965 1813 τοῦ
3015 1761 3466 1833 ἀποκεκαθάρθαι
3515 1764 3750 1834 ἀνειληφό-

2221 1867 2329 1905 των
2349 1867 2362 1881 ·
2396 1851 2579 1920 ἕτερον
2603 1850 2658 1902 δὲ
2690 1851 2753 1904 τὸ
2775 1851 2882 1905 τῶν
2908 1852 3050 1906 κατά
3070 1853 3131 1905 τὸ
3153 1853 3378 1907 δυνατὸν
3407 1873 3481 1908 πα
3490 1857 3756 1927 ραστησάνοί

2223 1959 2329 1994 των
2355 1942 2565 1995 ἑαυτῶν
2602 1942 2702 2013 τὴν
2741 1944 3078 2015 προαίρεσιν,
3115 1945 3214 1998 οὐκ
3256 1945 3385 2000 ἀλλο
3408 1964 3460 1999 τι
3493 1946 3747 2016 βούλεσθαι,

552 2043 698 2096 inter
724 2041 948 2110 quidam
979 2043 1267 2096 constituti
1319 2051 1465 2105 sunt,
1499 2043 1589 2112 qui
1620 2043 1673 2096 in
1713 2044 1878 2096 vitam
1919 2052 1972 2097 et
2005 2057 2113 2096 mo-

2226 2031 2257 2103 ἢ
2302 2032 2370 2086 τὰ
2410 2033 2760 2105 Χριστιανοῖς
2802 2035 3095 2091 δοκοῦντα’
3126 2039 3256 2108 παρ’
3290 2033 3373 2101 οἷς
3410 2039 3515 2091 εἰσί
3537 2056 3664 2102 τινες
3683 2057 3749 2091 τε·

551 2147 643 2188 res
695 2149 910 2198 eorum,
957 2134 1049 2203 qui
1102 2134 1487 2200 admittuntur,
1526 2134 1829 2204 inquirant,
1860 2145 1918 2189 ut
1949 2135 2121 2190 scele-

551 2240 670 2280 rum
696 2227 806 2281 reis
836 2227 1178 2280 interdieant‘
1202 2227 1350 2280 aditu
1396 2227 1449 2280 in
1483 2244 1638 2283 suum
1679 2242 1968 2282 commune
1993 2243 2124 2282 con-

549 2316 772 2384 cilium;
834 2317 1050 2372 illorum
1104 2329 1284 2373 autem
1345 2320 1639 2374 dissimiles
1671 2336 1734 2374 ex
1771 2319 1954 2373 animo
2007 2335 2122 2372 am-

547 2407 716 2478 plexi,
763 2410 1019 2464 meliores
1051 2411 1104 2463 in
1139 2409 1382 2478 singulos
1426 2411 1544 2466 dies
1591 2411 1849 2466 ellieiant.
1882 2410 1956 2464 Ea
1989 2423 2120 2464 vero

547 2509 633 2556 est
661 2503 855 2572 agendi
895 2503 1034 2555 ratio
1076 2502 1130 2556 in
1167 2517 1263 2556 eos
1291 2503 1380 2571 qui
1420 2513 1649 2572 peccant
1683 2514 1736 2558 et
1764 2505 2000 2558 maxime
2027 2504 2120 2572 qui

545 2589 756 2647 libidini
793 2608 852 2648 se
885 2593 1112 2658 dedunt,
1155 2604 1212 2647 ut
1249 2593 1373 2648 illos
1404 2609 1433 2647 a
1475 2609 1574 2648 suo
1597 2605 1738 2649 cmtu
1772 2594 2119 2663 prohibeant.

543 2685 720 2752 Atque
767 2685 821 2738 hi
856 2694 1005 2751 sunt,
1043 2700 1179 2753 quos
1211 2685 1289 2739 ait
1319 2684 1507 2740 Celsus
1543 2701 1662 2741 esse
1693 2687 1906 2742 similes
1937 2690 2119 2743 circ-u-

545 2777 816 2831 iatoribus
855 2778 1035 2843 inepte
1079 2778 1134 2830 in
1189 2775 1311 2830 foro
1341 2778 1689 2848 nugautibus.
1725 2778 1804 2834 Ac
1835 2779 2114 2850 Pythago-

543 2883 762 2923 reorum
805 2867 1021 2937 quidem
1060 2868 1369 2921 veneranda
1429 2871 1639 2934 schola,
1669 2881 1915 2926 mortuos
1951 2888 2115 2942 repu-

545 2971 665 3014 tans
731 2976 844 3014 sua:
905 2961 1173 3015 doctrinae
1224 2962 1554 3029 desertores,
1602 2963 1708 3018 illis
1761 2967 2117 3019 construebat

541 3053 872 3120 cenotaphia
901 3070 914 3105 :
943 3053 1199 3107 similiter
1225 3051 1524 3108 Christiani
1571 3066 1630 3108 ut
1653 3058 1894 3124 perditos
1912 3065 1968 3110 et
2006 3058 2116 3111 Deo

543 3153 787 3198 mortuos
834 3143 1020 3212 lugent
1075 3159 1168 3197 eos
1215 3145 1305 3213 qui
1359 3144 1588 3200 libidine
1635 3156 1729 3198 aut
1778 3147 1972 3214 quovis
2007 3147 2115 3201 alio

541 3235 774 3290 crimine
803 3234 992 3302 dejecti
1029 3244 1190 3296 sunt;
1229 3237 1447 3289 eosdem
1479 3251 1610 3290 vero
1648 3236 1803 3302 quasi
1829 3251 1860 3290 e
1884 3237 2114 3291 mortuis

543 3322 814 3376 excitatos
843 3323 1072 3384 ducunt,
1106 3323 1150 3376 si
1182 3338 1302 3376 eam
1336 3339 1547 3377 mormn
1577 3325 1930 3378 mutationem
1967 3324 2109 3380 fece-

542 3411 671 3471 rint,
699 3411 854 3480 cnjns
888 3412 1028 3466 ratio
1057 3413 1242 3466 haberi
1291 3413 1524 3477 debeat;
1555 3413 1763 3467 tardius
1802 3424 1986 3467 tamen
2013 3414 2111 3468 ad-

545 3502 845 3556 mittuntur
876 3519 1037 3573 quam
1093 3505 1182 3572 qui
1227 3504 1404 3572 primo
1456 3503 1829 3573 recipiuntur:
1865 3514 1920 3558 et
1948 3504 2112 3577 482

547 3595 678 3663 quia
718 3607 839 3664 post
873 3595 1170 3665 professam
1196 3596 1511 3662 religionem
1542 3596 1674 3664 lapsi
1701 3607 1846 3656 sunt,
1872 3599 1940 3651 ab
1965 3597 2111 3651 onmi

540 3687 769 3755 posthac
827 3689 1091 3760 dignitate
1141 3700 1197 3743 et
1245 3690 1576 3759 praefectura
1627 3688 1684 3743 in
1737 3689 1976 3746 Ecclesia
2014 3688 2108 3745 Dei

536 3792 758 3835 :II‘CCIIlll
771 3797 814 3834 Γ.

609 3993 718 4066 (16)
776 3995 1090 4062 Philocalia,
1130 3997 1200 4051 τὰ
1246 3997 1406 4062 αὑτά,
1461 4007 1628 4053 recte.
1685 3997 1855 4062 Alias,
1909 3999 2099 4056 ταῦτα.

534 4063 738 4120 Ibidem
796 4067 1027 4141 Philae,
1067 4069 1422 4139 ὲγκαλέσουσι
1472 4073 1606 4133 τοῖς,
1663 4080 1792 4133 etc.,
1849 4079 1904 4124 et
1947 4073 2106 4141 paulo

534 4141 679 4203 puSt.
712 4136 921 4190 κινοῦσι
951 4136 1126 4206 λόγον,

607 4207 716 4277 (17)
752 4210 1089 4274 Χριστιανοὶ
1122 4210 1208 4270 δέ,
1241 4220 1348 4266 etc.
1380 4210 1506 4263 Ilaec
1542 4210 1872 4264 articulatim
1920 4213 2112 4268 distin-

533 4285 731 4350 cteque
756 4281 896 4350 dij-Ia
931 4292 1058 4333 sunt
1088 4284 1156 4335 ab
1182 4281 1415 4350 Origene
1446 4299 1458 4334 :
1488 4291 1544 4333 at
1573 4282 1780 4346 plenius
1811 4284 2110 4348 intelliges,

532 4345 580 4398 si
601 4347 764 4421 legas
794 4348 1067 4404 Justinum
1102 4355 1153 4405 in
1186 4345 1584 4418 liue'ApoIogite
1606 4353 1877 4421 secundae,
1903 4363 1957 4408 et
1983 4345 2115 4408 Ter?-

533 4417 846 4488 tulliunum,
888 4437 1007 4488 cap.
1039 4424 1108 4478 '59
1140 4421 1358 4488 Apolog.
1396 4424 1662 4478 Spsscsu.

749 4487 1064 4562 Philocalia,
1093 4487 1483 4562 τατηνικαῦτα.

2222 2126 2492 2196 ταγμέμοι
2523 2125 2657 2196 πρὸς
2693 2127 2756 2178 τὸ
2789 2127 3166 2194 φιλοπευστεῖν
3203 2131 3330 2192 τοὺς
3377 2128 3542 2199 βίους,
3572 2131 3656 2184 καὶ
3678 2133 3752 2193 τὰς

2223 2216 2444 2285 ἀγωγάς
2485 2217 2590 2272 τῶν
2629 2219 2981 2290 προσιόντων,
3018 2220 3104 2272 ἵνα
3130 2221 3256 2284 τοὺς
3306 2221 3406 2291 μὲν
3436 2223 3503 2276 τὰ
3528 2223 3752 2296 ὲπὶῥρητα

2222 2312 2558 2382 πράττοντας
2599 2311 3025 2366 ἀποκωλύσωσιν
3057 2313 3214 2380 ἥκειν
3260 2312 3356 2368 ἐπὶ
3381 2313 3472 2368 τὸν
3497 2315 3657 2368 κοινὸν
3680 2317 3752 2368 aii”-

2220 2404 2328 2458 τῶν
2363 2404 2635 2472 σύλλογον,
2663 2405 2790 2466 τοὺς
2814 2404 2869 2456 δὲ
2896 2404 2969 2476 μὴ
2999 2403 3273 2468 τοιούτους
3305 2404 3404 2478 ὅλῃ
3438 2406 3577 2478 ψυχῇ
3599 2406 3753 2459 ἀποδε-

2220 2497 2458 2568 χόμενοι,
2500 2495 2739 2567 βελτίους
2767 2496 3038 2569 ὁσημέραι
3086 2499 3586 2563 κατασκευάζωσιν.
3611 2499 3694 2552 Οἴα
3719 2499 3752 2550 δ’

2220 2589 2364 2641 ἐστὶν
2396 2589 2579 2652 αὐτοῖς
2612 2588 2802 2659 ἀγωγὴ
2828 2589 2922 2641 καὶ
2952 2588 3079 2660 περὶ
3103 2589 3543 2660 ἁμαρτανόντων,
3569 2591 3651 2644 καὶ
3676 2593 3753 2662 μά-

2218 2681 2373 2734 λιστα
2413 2680 2522 2734 τῶν
2562 2681 3059 2735 ἀκολασταινόντων
3105 2683 3254 2753 (19),
3298 2683 3394 2746 οὒς
3434 2683 3752 2738 ἀπελαύνουσι

2216 2775 2310 2827 τοῦ
2351 2771 2532 2826 κοινοῦ
2580 2774 2628 2825 οἱ
2660 2771 2803 2825 κατὰ
2846 2773 2937 2825 τὸν
2965 2772 3170 2826 Κέλσον
3197 2767 3568 2845 παραπλήσιοι
3596 2778 3690 2837 τοῖς
3711 2777 3753 2826 ἐν

2217 2869 2335 2930 ταῖς
2360 2867 2582 2936 ἀγοραῖς
2624 2863 2690 2916 τά
2731 2865 3138 2936 ἐπιρῤητότατα
3179 2866 3650 2937 ἐπιδεικνυμένοις.
3670 2867 3752 2920 Καὶ

2216 2958 2277 3010 τὸ
2315 2957 2413 3027 μὲν
2456 2957 2564 3010 τῶν
2614 2956 3002 3027 Πυθαγορείων
3054 2957 3251 3027 σεμνὸν
3279 2957 3641 3012 διδασκαλεῖον
3667 2956 3752 3025 (ΞΟ)

2215 3048 2507 3117 κενοτάφια
2555 3047 2663 3101 τῶν
2721 3046 3076 3103 ἀποστάντων
3123 3049 3228 3119 τῆς
3285 3049 3439 3118 σφῶν
3487 3048 3753 3118 φιλοσοφίας

2213 3139 2962 3211 κατεσκεύαζε,λογιζόμενον
2993 3143 3222 3212 νεκροὺς
3253 3141 3455 3205 αὐτοὺς
3483 3140 3750 3211 γεγονέναιο

2213 3228 2356 3285 οὗτοι
2389 3232 2445 3285 δὲ
2464 3233 2538 3296 ὠς
2573 3233 2917 3295 ἀπολωλότας
2946 3233 3038 3286 καὶ
3067 3233 3401 3304 τεθνηκότας
3422 3234 3498 3304 τῷ
3521 3233 3630 3304 Θεῷ
3655 3234 3752 3292 τοὺς

2214 3325 2303 3377 ὑπ’
2341 3323 2627 3392 ἀσελγείας
2665 3325 2699 3396 ἦ
2731 3342 2875 3388 τινος
2907 3325 3109 3378 ἀτόπου
3141 3327 3546 3396 νενικημένους,
3590 3325 3658 3388 ὡς
3683 3341 3751 3377 νι-

2220 3417 2386 3488 κροὺς
2423 3416 2709 3470 πενθοῦσι·
2743 3419 2836 3470 καὶ
2869 3417 2944 3481 ὡς
2976 3419 3040 3470 ὲκ
3071 3418 3283 3489 νεκρῶν
3312 3421 3654 3481 ἀναστάντας,
3679 3417 3752 3468 ἐὰν

2219 3509 2494 3575 ἀξιόλογον
2519 3510 2856 3576 ὲνδείξωνται
2891 3510 3002 3582 (21)
3049 3511 3371 3584 μεταϐολὴν,
3393 3513 3565 3583 χρόνῳ
3588 3510 3751 3564 πλείονι

2214 3600 2321 3654 τῶν
2358 3602 2477 3654 κατ’
2507 3602 2682 3670 ἀρχὰς
2710 3603 3078 3672 εἰσαγομένων
3131 3603 3358 3674 ὕστερόν
3385 3622 3514 3657 ποτε
3540 3603 3751 3675 προσίεν-

2211 3709 2329 3746 ται·
2361 3695 2437 3756 είς
2463 3693 2715 3763 οὐδεμίαν
2741 3695 2914 3765 ἀρχὴν
2954 3694 3065 3765 (€22)
3092 3697 3185 3748 καὶ
3229 3699 3559 3767 προστασίαν
3581 3697 3666 3766 τῆς
3687 3694 3752 3746 λε.

2210 3785 2782 3855 γομένηςἘκκλησξας
2803 3787 2895 3839 τοῦ
2915 3787 3049 3839 Θεοῦ
3078 3787 3471 3856 καταλέγοντες
3503 3790 3618 3852 τοὺς
3643 3785 3750 3856 φθά-

2222 3901 2437 3950 σαντας,
2471 3886 2606 3957 μετὰ
2626 3887 2686 3939 τὸ
2700 3886 3154 3960 προσεληλυθέναι
3183 3888 3434 3960 τῷλόγῳ,
3460 3885 3749 3940 ἐπταικέναι.

2211 4006 2441 4062 accedit.
2475 4025 2492 4056 ι
2520 4006 2659 4059 Idem
2699 4009 2856 4074 epist.
2882 4010 2970 4072 ($2,
3004 4009 3068 4063 ad
3109 4010 3490 4076 Pomponium,
3519 4009 3580 4060 ale
3603 4003 3743 4076 virgi-

2216 4075 2374 4147 nibus
2407 4093 2420 4128 :
2455 4095 2472 4147 ι
2501 4077 2562 4129 Ει
2597 4077 2801 4132 idcirco
2839 4079 3084 4132 consulte
3114 4090 3163 4132 et
3192 4074 3314 4131 cum
3357 4081 3539 4147 vigore
3570 4074 3740 4133 fecisti.

2217 4146 2386 4198 frater
2415 4146 2762 4210 charissime,
2799 4148 3120 4202 abstinendo
3166 4146 3480 4211 diaconum,
3515 4147 3598 4215 qui
3644 4157 3746 4215 cum

2219 4215 2428 4282 virgine
2465 4231 2605 4283 srepe
2654 4221 2846 4270 mansit
2871 4237 2884 4273 :
2912 4220 3003 4272 sed
3029 4230 3083 4272 et
3114 4230 3364 4279 caeteros,
3391 4219 3481 4286 qui
3509 4213 3742 4286 cumvir-

2222 4286 2437 4355 giuibus
2471 4287 2705 4339 dormire
2735 4296 3158 4341 consueverunt.
3209 4288 3364 4354 Quod
3413 4285 3462 4342 isi
3516 4285 3748 4355 paeniten-

2222 4357 2354 4427 tiam
2386 4355 2544 4422 hujus
2579 4355 2749 4427 illiciti
2803 4359 3125 4412 concubitus
3159 4359 3240 4412 sui
3273 4359 3503 4427 egerint,
3542 4368 3591 4427 et
3638 4368 3663 4427 ει
3703 4364 3748 4403 se

2224 4425 2457 4479 invicem
2493 4426 2852 4480 recesserint:
2893 4429 3253 4494 inspiciuntur
3291 4423 3507 4481 interim
3546 4423 3748 4492 virgines

2226 4497 2295 4567 ab
2325 4496 2710 4550 obstetricibus
2742 4497 3064 4566 diligenter;
3095 4509 3170 4563 et,
3200 4498 3244 4550 si
3283 4499 3520 4567 virgines
3551 4497 3743 4567 inventa:

601 4487 714 4629 (18)
749 4487 1064 4554 Philocalia,
1093 4487 1483 4562 τατηνικαῦτα.

629 4559 875 4633 19)__Kai__
897 4560 1164 4628 μάλιστα
1214 4561 1332 4614 τῶν
1379 4563 1968 4628 ἀκολάστων-όντων,
1999 4573 2108 4621 etc.

2226 4497 2295 4548 ab
2325 4496 2710 4550 obstetricibus
2742 4487 3064 4566 diligenter;
3095 4509 3170 4563 et,
3200 4498 3244 4550 si
3283 4499 3520 4567 virgines
3551 4487 3743 4547 inv'euta:

2224 4566 2444 4626 fuerint,
2474 4576 2694 4633 accepta
2729 4568 3230 4622 communicatione
3260 4569 3328 4621 ad
3363 4567 3643 4621 Ecclesium
3670 4565 3747 4612 ad-

531 4628 786 4701 Tertull.,
845 4631 941 4683 lib.
994 4647 1032 4685 ιι
1087 4636 1168 4686 Ad
1238 4647 1476 4696 uxorem,
1511 4649 1631 4701 cap.
1667 4635 1739 4687 ὃς
1779 4655 1796 4685 ι
1827 4636 1951 4690 Haec
1983 4652 2105 4691 eum

530 4700 606 4754 ita
656 4700 784 4773 sint,
825 4701 1034 4763 fideles,
1069 4702 1354 4773 gentilium
1389 4700 1738 4757 matrimonia
1781 4708 2102 4770 subeuntes,

531 4769 705 4837 stupri
738 4787 858 4824 reos
891 4785 1014 4826 esse
1042 4769 1279 4834 constat,
1314 4783 1367 4826 et
1399 4776 1664 4828 arcendus
1689 4777 1756 4826 ab
1784 4777 1928 4828 omni
1955 4769 2105 4828 eum;

531 4839 906 4913 municatione
935 4843 1316 4900 fraternitatis.
1342 4859 1407 4896 ex
1433 4843 1631 4896 litteris
1656 4845 1896 4913 Apostoli
1924 4846 2110 4899 dicen-

532 4909 627 4982 tis,
656 4911 1078 4982 cumgejusmodi
1113 4929 1212 4965 nec
1248 4915 1426 4964 cibum
1457 4914 1673 4982 quidem
1705 4909 2050 4969 sumendum.
2081 4935 2101 4969 ι

531 4975 685 5054 Idem
709 4980 759 5030 in
794 4980 932 5032 libro
963 4981 1035 5033 De
1056 4983 1337 5054 pudicitia,
1363 4975 1488 5050 cap:
1517 4982 1548 5036 4
1586 5000 1600 5037 :
1632 5002 1648 5034 ι
1674 4983 1799 5037 Ideo
1822 5001 1987 5054 penes
2011 5001 2108 5040 nos

531 5046 760 5124 occultae
815 5046 1524 5124 quoqueconiunctiones,
1558 5054 1608 5106 id
1667 5064 1768 5117 cst,
1803 5046 1905 5107 non
1955 5056 2108 5124 prius

531 5118 672 5195 apud
706 5118 1002 5195 Ecclesium
1034 5120 1313 5195 professe,
1346 5121 1502 5187 juxta
1535 5125 1824 5195 iitmcltiatn
1855 5135 1909 5178 et
1937 5118 2107 5178 furni-

531 5188 808 5259 catiuuetn
830 5188 1064 5255 judicari
1099 5193 1502 5259 periclitantur.
1536 5192 1647 5246 Nec
1677 5196 1800 5247 inde
1838 5206 2106 5250 consertae

531 5257 1126 5334 obtentumatrimonii
1175 5263 1382 5334 crimen
1429 5263 1672 5315 cludant.
1719 5264 1976 5334 lleliquas
2003 5282 2100 5317 au-

533 5333 641 5377 tem
694 5327 979 5400 libidinum
1021 5331 1191 5383 furias
1240 5332 1437 5400 impias
1487 5335 1625 5386 etin
1675 5327 1902 5399 corpora
1953 5347 2007 5388 et
2053 5335 2102 5387 in

531 5410 718 5463 sexus,
750 5398 888 5449 ultra
918 5399 1039 5464 jura
1069 5413 1292 5456 naturae.
1321 5398 1427 5453 non
1466 5405 1625 5456 modo
1666 5398 1875 5467 limine,
1913 5420 2100 5458 vermn

533 5467 682 5543 enini
737 5467 1000 5543 Ecclesiae
1049 5480 1191 5523 tecto
1228 5471 1794 5543 submovemus;quia
1840 5489 1945 5528 nou
1977 5486 2106 5529 sunt

535 5533 754 5612 delicta,
785 5539 1193 5612 sedimonstra.
1225 5540 1438 5612 iidem,
1475 5542 1526 5594 in
1562 5533 1805 5610 Apol-0g”
1833 5560 1956 5612 cap.
1993 5545 2059 5598 '59
2087 5561 2102 5610 ;

530 5602 791 5682 Cyprium
822 5611 983 5682 epist.
1013 5610 1102 5682 578,
1132 5612 1196 5663 ad
1232 5602 1574 5682 Caldonium,
1609 5602 2001 5682 Herculani-nn,
2039 5602 2106 5668 de

532 5671 874 5753 Felicissimo
905 5671 1238 5753 abstinendo
1269 5697 1282 5734 :
1316 5696 1334 5729 ι
1364 5679 1430 5753 [lt
1459 5671 1766 5735 abstentmn
1799 5701 1857 5738 se
1887 5701 1914 5736 a
1949 5671 2104 5739 nobis

533 5750 705 5824 sciat;
735 5750 955 5824 quando
989 5752 1054 5803 ad
1086 5751 1303 5824 fraudes
1349 5751 1469 5824 ejus
1507 5760 1560 5824 et
1591 5753 1834 5824 rapinas,
1862 5771 1996 5824 quas
2023 5757 2105 5809 di-

534 5811 715 5872 lucida
742 5811 971 5876 veritate
999 5811 1853 5895 cognovimus,'adulterii'etiam
1881 5811 2098 5882 'crimeu

2209 4637 2516 4689 mittantur.
2558 4635 2668 4689 Hac
2709 4647 2886 4690 tamen
2917 4638 3380 4700 interminatioue,
3406 4648 3462 4691 nt
3483 4638 3524 4690 si
3560 4634 3619 4686 ad
3647 4645 3744 4686 e05-

2210 4706 2330 4760 dem
2388 4706 2656 4758 masculos
2705 4709 3051 4775 postmodum
3113 4723 3350 4762 reversa
3400 4707 3621 4765 fuerint,
3668 4709 3746 4751 aut

2209 4778 2254 4828 si
2299 4791 2420 4828 cum
2472 4776 2660 4829 iisdem
2718 4778 2770 4830 in
2825 4793 2930 4829 una
2965 4778 3146 4840 domo,
3176 4788 3230 4830 et
3259 4778 3359 4830 sub
3388 4778 3570 4831 eodem
3605 4783 3740 4828 tecto.

2208 4847 2370 4916 simul
2402 4846 2788 4916 habitaverint,
2812 4846 3061 4914 graviore
3091 4863 3319 4901 censura
3354 4847 3743 4916 ejiciuntujﬁtﬂec

2213 4915 2267 4968 in
2303 4911 2966 4983 Ecclesiampostmodum
2998 4916 3162 4970 facile
3193 4911 3542 4983 recipiantur.
3585 4911 3634 4965 Si
3665 4925 3743 4963 au-

2210 4995 2315 5038 tem
2352 4987 2417 5039 de
2455 4986 2533 5038 eis
2559 4988 2736 5055 aliqua
2763 4998 3017 5054 corrupta
3051 4988 3217 5040 fuerit
3256 4989 3605 5056 deprehensa,
3636 4987 3743 5056 agal

2208 5056 2586 5124 pmnilentiam
2625 5053 2838 5123 plenam
2867 5053 3029 5124 :quia
3079 5075 3199 5125 qure
3232 5053 3342 5111 hoc“
3363 5059 3564 5111 crimen
3595 5053 3741 5125 admi-

2209 5123 2305 5189 Sit,
2335 5142 2442 5181 non
2473 5125 2676 5191 mariti,
2727 5127 2820 5180 sed
2878 5123 3109 5191 Christi,
3137 5128 3377 5180 adultera
3406 5138 3521 5190 est;
3547 5133 3598 5178 et
3625 5123 3741 5191 ide-0.

2207 5189 2955 5266 aestimatojustovtempore,
2995 5189 3206 5266 postea,
3254 5189 3636 5266 evhemologesi
3673 5189 3741 5266 [ac

2211 5275 2319 5326 cla,
2351 5267 2414 5319 ad
2465 5258 2764 5319 Ecclesiam
2801 5258 3011 5326 redeat:
3043 5289 3061 5320 ι
3101 5258 3204 5324 etc.
3240 5268 3509 5321 Speueen.
3533 5258 3738 5316 -ῖνιιιῐτει

2207 5333 2526 5408 Pliilocali:t_,
2560 5337 2608 5388 οἱ
2641 5336 2782 5408 κατά
2810 5336 2880 5389 τὰ
2904 5336 3114 5408 Κέλσου
3146 5338 3555 5408 παραπλήσιυιη
3653 5399 3678 5408 Η

2278 5405 2390 5475 (20)
2421 5405 2872 5461 Διδασχαὶεῖον.
2901 5407 2992 5461 Sic
3025 5419 3170 5462 recte
3199 5399 3424 5460 oinninu
3451 5399 3743 5459 l’bilocnl‘w‘t;

2207 5475 2342 5528 alias
2378 5480 2514 5528 male
2559 5477 2918 5539 διδασκάλιον,
2954 5495 3076 5530 natu
3121 5477 3461 5529 διδασκάλων
3520 5475 3640 5527 idem
3668 5477 3738 5518 est

2207 5544 2695 5618 quodrﬁiaotzrpov,
2755 5549 3035 5616 przemium
3086 5563 3281 5616 nempe
3329 5549 3487 5618 quod
3515 5541 3737 5618 magis"?

2206 5609 2466 5669 doctrina:
2517 5609 2768 5669 no'mine'
2796 5619 3062 5671 redditur.
3116 5609 3262 5682 Illos,
3302 5609 3738 5684 κενοτάφιαιὶίιιε

2206 5687 2594 5740 adnotationes
2616 5689 2679 5741 ad
2716 5687 2810 5741 lib.
2844 5704 2901 5749 ll,
2940 5704 3087 5742 num.
3123 5689 3210 5740 1⁸2.

2279 5755 2553 5820 (‘21)Cod.
2587 5757 2788 5825 Regius
2814 5768 2868 5810 ct
2900 5757 3242 5817 Basileensis.
3279 5755 3643 5825 ἐπιδείξωνται.

2301 5811 2388 5897 ~22;
2417 5829 2520 5898 Εες
2549 5811 3064 5902 οὺδὲικάνάρχηιὶν,
3082 5838 3189 5885 etc.
3217 5811 3383 5899 Cypr.
3412 5811 3563 5896 epist.
3581 5821 3656 5885 lii,
3684 5811 3736 5870 ιιι
