3898 6526
87 360 200 417 993

1287 363 1559 420 CONTRA
1597 363 1873 422 CELSUM
1910 364 2040 421 LIB.
2075 363 2164 420 Ill.

3233 363 3336 417 994

181 439 346 530 iam
383 477 431 530 δ’
463 478 777 550 ὲνηδόμενος
817 477 895 550 τῷ
923 478 1032 532 τῶν
1075 479 1195 534 καθ’
1216 480 1370 551 ἡμῶν
1398 481 1670 552 λοιδοριῶν

1842 482 1932 538 55.
1963 481 2070 536 Sed
2098 481 2228 553 quia
2255 479 2357 534 hoc
2382 477 2792 534 maledictorum
2823 492 3020 549 genere
3049 478 3336 533 admodum

95 565 247 635 λόγῳ
279 565 588 638 προσέθηκε
615 569 706 623 καὶ
743 568 922 638 ἕτερα,
949 569 1104 640 φέρε,
1138 570 1230 625 καὶ
1262 571 1432 625 ταῦτα
1452 572 1674 643 ἐκθέμε-

96 674 200 720 νοι,
233 656 442 728 ἴδωμεν
465 658 687 728 πότερον
715 659 1027 730 Χριστιανοὶ
1060 660 1452 732 ἀσχημονοῦσιν
1478 663 1511 732 ἦ
1535 663 1672 716 Κέλ-

102 763 195 811 σος
225 747 326 800 ἐπὶ
352 749 466 811 τοῖς
491 746 816 816 λεγομένοις,
851 749 912 811 ὃς
940 765 1122 821 φησιν·
1154 768 1171 800 ι
1214 749 1458 821 Ὀρῶμεν
1485 749 1550 821 δὴ
1583 757 1677 806 καὶ

104 840 250 894 κατὰ
282 841 385 904 τὰς
411 839 544 903 ἰδίας
563 839 738 904 οἰκίας
775 842 1118 912 ὲριουργοὺς,
1152 841 1247 894 καὶ
1280 843 1673 913 σκυτοτόμους,

103 935 198 988 καὶ
229 937 478 1001 κναφεῖς,
507 934 600 987 καὶ
628 936 753 997 τοὺς
802 933 1288 998 άπαιδευτοτάτους
1317 935 1441 1013 βθ)
1487 953 1545 988 τε
1585 937 1677 989 καὶ

103 1027 565 1097 άγροικοτάτους,
609 1027 849 1099 ἐναντίον
894 1027 991 1096 μὲν
1028 1027 1136 1081 τῶν
1171 1028 1552 1100 πρεσϐυτέρων
1585 1029 1676 1080 καὶ

104 1120 532 1193 φρονιμωτέρων
546 1118 816 1172 δεσποτῶν
834 1118 983 1172 οὐδὲν
1002 1118 1330 1187 φθέγγεσθαι
1344 1119 1673 1191 τολμῶντας-

109 1211 336 1264 ἐπειδὰν
369 1212 427 1265 δὲ
467 1211 576 1265 τῶν
617 1210 818 1264 παίδων
865 1209 970 1278 ἰδίᾳ
1004 1210 1269 1264 λάϐωνται
1319 1212 1414 1264 καὶ
1444 1212 1678 1280 γυναίων

109 1301 276 1355 τινῶν
310 1301 407 1354 σὺν
434 1303 613 1364 αὐτοῖς
641 1301 901 1370 ἀνοήτων,
930 1299 1183 1371 θαυμάσι’
1200 1301 1333 1354 ἄττα
1365 1301 1675 1368 διεξιόντας,

108 1393 188 1456 ὡς
219 1395 284 1446 οὐ
320 1394 425 1465 χρὴ
448 1393 729 1464 προσέχειν
757 1391 834 1462 τῷ
858 1394 1022 1464 πατρὶ
1052 1393 1144 1446 καὶ
1177 1396 1288 1457 τοῖς
1318 1393 1674 1457 διδασκάλοις,

116 1487 272 1555 σφίσι
295 1487 349 1540 δὲ
373 1484 670 1540 πείθεσθαι·
707 1485 799 1538 κα).
827 1485 952 1546 τοὺς
979 1485 1074 1554 μέν
1102 1503 1165 1553 γε
1199 1486 1382 1555 ληρεῖν
1409 1486 1498 1538 καὶ
1541 1486 1677 1537 άπο-

117 1580 393 1648 πλήκτους
417 1574 576 1640 εἶναι,
606 1578 697 1630 καὶ
721 1578 884 1648 μηδὲν
913 1576 990 1647 τῷ
1018 1577 1130 1630 όντι
1157 1577 1317 1632 καλὸν
1353 1578 1485 1648 μήτε
1521 1576 1680 1629 ἰδέναι

120 1669 259 1737 μήτε
289 1666 544 1721 δύνασθαι
559 1669 750 1728 ποιεῖν,
769 1666 943 1730 ῦθλοις
965 1671 1139 1730 κενοῖς
1161 1669 1270 1735 (57)
1291 1667 1614 1737 προκατειλη
1623 1685 1683 1736 μ-

121 1753 334 1822 μένους
361 1755 500 1822 σφᾶς
530 1753 587 1806 δὲ
619 1753 806 1823 μόνους
838 1754 983 1816 ὅπως
1003 1755 1083 1807 δεῖ
1103 1755 1197 1826 ζῇν
1229 1755 1566 1810 ἐπίστασθαι·
1592 1756 1683 1809 καὶ

115 1845 184 1897 ἂν
217 1846 405 1908 αὐτοῖς
450 1845 500 1898 οἱ
547 1847 733 1908 παῖδες
765 1845 1083 1908 πείθωνται,

117 1935 355 1996 ἔσεσθαι,
392 1938 484 1990 καὶ
508 1937 597 1990 τὸν
615 1933 759 1990 οἶκον
783 1938 1096 2007 ἀποφαίνειν
1122 1939 1426 2009 εὐδαίμονα.
1451 1941 1557 1993 Καὶ
1573 1939 1686 2009 ἅμα

117 2028 390 2096 λέγοντες,
418 2028 512 2082 ἐὰν
537 2028 682 2081 ἱδωσί
706 2046 824 2082 τινα
853 2028 1113 2098 παριόντα
1141 2029 1247 2080 τῶν
1281 2029 1523 2092 παιδείας
1539 2031 1685 2082 διδα-

122 2119 335 2173 σκάλων
369 2119 461 2173 καὶ
491 2121 907 2190 φρονιμωτέρων
942 2121 973 2190 ἦ
1003 2121 1096 2172 κα).
1127 2120 1289 2173 αὑτὸν
1322 2121 1411 2174 τὸν
1441 2121 1648 2192 πατέρα
1667 2160 1681 2183 ,

120 2213 172 2264 ot
201 2211 299 2281 μὲν
331 2211 706 2282 εὐλαϐέστεροι
743 2213 920 2264 αὐτῶν
953 2213 1228 2283 διέτρεσαν
1259 2212 1389 2283 (53)·
1432 2214 1480 2266 οἱ
1503 2213 1544 2264 δ’
1580 2215 1684 2265 ίταρ

126 2303 357 2372 μώτεροι
392 2305 517 2367 τοὺς
544 2304 738 2367 παῖδας
780 2304 1094 2376 ἀφηνιάζειν
1126 2305 1426 2376 ἐπαίρουσι,
1457 2304 1681 2358 τοιαῦτα

122 2392 517 2465 ψιθυρίζοντες,
561 2395 636 2459 ὡς
673 2396 933 2467 παρόντος
980 2396 1077 2466 μὲν
1106 2395 1196 2449 τοῦ
1227 2397 1428 2467 πατρὸς
1457 2397 1549 2448 καὶ
1578 2395 1684 2447 τῶν

123 2485 458 2542 διδασκάλων
489 2487 640 2540 οὐδὲν
677 2488 830 2542 αὐτοὶ
858 2488 1201 2558 ἐθελήσουσιν
1231 2490 1362 2557 (59),
1389 2487 1507 2540 οὐδὲ
1537 2487 1688 2557 δυνή-

127 2593 307 2629 σονται
334 2580 450 2642 τοῖς
492 2579 675 2632 παισὶν
714 2579 1034 2650 ἑρμηνεύειν
1077 2579 1295 2648 ἀγαθόν·
1333 2576 1688 2651 ἐκτρέπεσθαι

122 2668 229 2736 γὰρ
247 2669 345 2741 τὴν
365 2672 592 2724 ἐκείνων
608 2670 927 2741 ἀϐελτηρίαν
949 2672 1041 2724 καὶ
1063 2671 1373 2740 σκαιότητα,
1394 2669 1567 2737 πάντη
1587 2668 1692 2721 διε-

124 2759 483 2830 φθαρμένων,
525 2762 617 2814 καὶ
655 2761 843 2830 πόρρω
883 2761 1077 2824 κακίας
1115 2761 1375 2831 ἡκόντων,
1413 2760 1506 2812 κα)⁹
1547 2760 1686 2827 σφᾶς

123 2849 484 2914 κολαζόντων·
515 2855 564 2906 εί
597 2851 654 2906 δὲ
684 2853 904 2915 θέλοιεν,
942 2853 1134 2923 χρῆναι
1164 2852 1357 2914 αὐτοὺς
1389 2850 1689 2920 ἀφεμένους

122 2941 216 2993 τοῦ
243 2942 451 3014 πατρός
475 2960 534 2996 τε
568 2943 660 2995 καὶ
690 2941 797 2994 τῶν
847 2941 1197 3005 διδασκάλων,
1254 2943 1388 2997 ἰέναι
1437 2943 1533 2994 σὺν
1583 2941 1693 3001 τοῖς

1773 572 2094 636 delectatus,
2125 571 2328 624 addidit
2352 577 2407 624 et
2429 568 2571 634 alia;
2603 582 2702 638 age
2733 576 2793 621 et
2822 567 2904 620 his
2941 566 3107 639 484
3135 583 3340 623 memo-

1775 665 1938 728 ratis,
1972 663 2248 717 videamus
2279 662 2384 714 utri
2425 659 2544 728 plus
2579 659 2859 714 dedecoris
2891 658 3141 723 aﬂerant,
3177 659 3340 714 Chri-

1773 754 2074 809 stianorum
2099 755 2370 819 societati,
2405 767 2470 806 an
2499 751 2679 808 Celso.
2717 749 2807 805 Sic
2850 751 3026 805 istezr
3054 749 3116 804 Et
3151 749 3202 804 in
3229 751 3339 818 pri-

1774 846 1915 900 vatis
1945 847 2150 899 :edibus
2177 846 2361 899 videre
2397 852 2479 898 est
2518 843 2780 908 lanifices,
2821 849 3056 905 sutores,
3089 840 3341 907 fullones,

1775 935 2238 1001 imperitissimum
2273 948 2539 1004 quemque
2587 932 3104 987 et-rusticissimum
3141 946 3332 985 coram

1777 1024 2083 1080 senioribus
2111 1033 2167 1078 et
2191 1023 2632 1093 prudentioribus
2689 1021 3173 1090 patribusfamilias
3207 1021 3342 1074 nihil

1777 1105 1977 1172 audere
2024 1115 2269 1185 proloqui
2304 1133 2318 1167 :
2349 1115 2439 1167 ubi
2485 1128 2615 1168 vero
2659 1129 2907 1168 seorsum
2954 1115 3094 1167 nacti
3140 1113 3343 1166 fuerint

1778 1223 1974 1277 pueros
1995 1217 2054 1262 et
2085 1207 2427 1262 mulierculas
2459 1221 2609 1276 atque
2637 1221 2699 1260 ac
2723 1205 2823 1274 ipsi
2858 1205 3138 1273 imperitas
3159 1244 3174 1270 ,
3205 1206 3342 1258 mira

1777 1302 2020 1370 qumdam
2049 1300 2358 1364 disserunt;
2405 1314 2510 1353 non
2546 1297 2842 1352 audiendos
2880 1311 3002 1351 esse
3039 1306 3247 1366 patrem
3289 1306 3344 1350 et

1779 1401 2156 1463 praeceptores,
2191 1393 2293 1448 sibi
2324 1409 2443 1450 esse
2475 1394 2837 1455 credendum;
2883 1393 3003 1446 illos
3034 1391 3267 1447 delirare
3291 1403 3346 1446 et

1781 1495 1960 1538 mente
1988 1500 2109 1540 esse
2130 1495 2336 1555 captos,
2369 1487 2503 1540 nihil
2534 1502 2658 1539 vere
2690 1485 2902 1538 honesti
2933 1495 3023 1538 aut
3047 1485 3230 1538 videre
3251 1497 3346 1538 aut

1783 1578 1966 1631 facere
1994 1591 2153 1645 posse
2189 1578 2346 1646 nugis
2378 1577 2627 1632 inanibus
2657 1587 3082 1648 prwoccupatos,
3115 1593 3173 1630 se
3201 1576 3346 1630 solos

1784 1671 1924 1723 scire
1956 1671 2226 1737 quomodo
2259 1670 2439 1723 vivere
2461 1681 2749 1736 Oporteal;
2792 1671 2834 1724 si
2875 1671 3032 1724 dictis
3056 1669 3348 1736 adjungant

1783 1760 1962 1827 fidem,
1990 1761 2171 1815 felices
2208 1760 2323 1815 fore
2360 1772 2631 1829 totamque
2663 1761 2946 1816 familiam.
2985 1761 3196 1814 Interea
3221 1760 3346 1813 dum

1138 1847 1436 1918 μακαρίους
1486 1849 1678 1913 αὐτοὺς

1803 1866 1895 1906 nec
1919 1851 2231 1918 loquuntur,
2270 1851 2316 1906 si
2337 1853 2518 1906 vident
2551 1852 2784 1922 aliquem
2813 1867 2878 1906 ex
2903 1848 3346 1920 praiccptoribus,

1793 1958 1857 1996 ex
1899 1942 2337 2011 prudentioribus
2363 1951 2451 1996 aut
2499 1952 2704 2009 patrem
2735 1942 2905 2011 ipsum
2932 1942 3214 2004 accedere,
3256 1938 3348 2006 qui

1790 2034 2088 2088 timidiores
2121 2043 2267 2098 sunt,
2291 2035 2323 2087 ii
2355 2033 2655 2087 tremefacii
2695 2034 2893 2096 silent;
2936 2033 3028 2086 sed
3060 2031 3353 2085 ferociores

1786 2123 1969 2191 pueris
1999 2134 2253 2176 auctores
2280 2135 2428 2188 sunt,
2471 2133 2527 2177 ut
2569 2124 2812 2177 habenas
2859 2122 3158 2186 excutiant,
3201 2122 3352 2174 insu-

1767 2222 2106 2282 -surrantque
2141 2214 2206 2268 ad
2251 2229 2410 2268 aures
2451 2229 2510 2268 se
2553 2229 2651 2267 nec
2687 2228 2845 2282 posse
2899 2228 2995 2266 nec
3045 2211 3182 2265 velle
3227 2211 3350 2271 illis,

1785 2307 2134 2372 praesentibus
2165 2316 2318 2373 patre
2356 2316 2409 2360 et
2434 2305 2876 2376 przcceptoribus,
2901 2304 3194 2372 quidquam
3226 2302 3352 2355 boni

1785 2396 2080 2464 explicare;
2115 2400 2351 2451 aversari
2388 2413 2446 2452 se
2473 2397 2758 2452 stultitiam
2784 2409 2836 2450 et
2864 2397 3128 2449 smvitiarn
3162 2397 3354 2449 horum

1788 2487 2061 2542 hominum
2100 2492 2429 2557 perditurum
2462 2502 2515 2545 et
2545 2501 2787 2545 extrema
2833 2491 3072 2558 nequitia
3105 2491 3359 2558 pnedito-

1790 2593 1930 2644 rtnn,
1962 2581 2049 2646 qui
2081 2581 2223 2649 ipsos
2256 2582 2545 2648 punirent;
2579 2583 2671 2636 sed
2702 2583 2746 2635 si
2774 2583 2902 2650 quid
2932 2583 3146 2636 discere
3170 2582 3356 2646 velint,

1790 2679 2058 2738 Oportere,
2102 2680 2178 2737 ut,
2235 2673 2436 2728 relictis
2484 2684 2634 2742 patre
2660 2684 2714 2727 et
2745 2676 3192 2743 praeceptoribus,
3229 2681 3361 2726 eant

1791 2775 1910 2814 cum
1943 2765 2276 2820 mulierculis
2313 2777 2368 2819 et
2389 2767 2662 2820 sodalibus
2687 2767 2738 2819 in
2767 2768 3023 2820 emnclave
3050 2768 3359 2830 mulierum,

1794 2862 1886 2906 aut
1907 2853 1958 2906 in
1985 2858 2244 2910 sutoriam
2273 2859 2669 2923 ollieiuam,aut
2698 2859 2750 2912 in
2779 2858 3081 2924 fulloniam,
3117 2860 3186 2912 ibi
3214 2859 3358 2926 quod

1798 2944 2096 3011 perfectum
2135 2957 2216 3001 est
2244 2951 2504 3004 edocendi
2541 2969 2554 3002 :
2590 2958 2751 3018 atque
2775 2950 2852 3003 sic
2883 2949 3229 3020 persuadent.
3264 2968 3284 3001 ι

123 3034 389 3100 γυναίοις,
413 3035 628 3098 καὶτοῖς
650 3034 1012 3106 συμπαίζουσι
1037 3033 1362 3105 παιδαρίοις,
1389 3035 1468 3096 είς
1495 3031 1590 3103 τὴν
1614 3042 2012 3104 γυναικωνῖτιν,
2047 3041 2080 3111 ἢ
2115 3043 2174 3095 τὸ
2203 3045 2472 3106 σκυτεῖον,
2503 3042 2535 3113 ἦ
2568 3042 2628 3095 τὸ
2659 3045 2934 3112 κναφεῖον,
2968 3043 3053 3096 ῖνα
3086 3042 3144 3094 τὸ
3164 3040 3364 3096 τέλειον

124 3126 348 3182 λάϐωσι·
384 3128 476 3181 καὶ
499 3127 669 3182 ταῦτα
696 3127 941 3195 λέγοντες
964 3127 1236 3180 πείθουσιν
1267 3127 1396 3196 (40).
1425 3145 1445 3178 ι

201 3275 340 3345 Ὅρα
364 3273 428 3344 δὴ
457 3274 552 3326 καὶ
581 3275 638 3326 ἐν
668 3273 874 3337 τούτοις
903 3272 1023 3326 τίνα
1054 3273 1250 3346 τρόπον
1273 3271 1542 3344 διασύρων
1564 3272 1688 3335 τοὺς

1862 3272 1950 3327 56.
1990 3273 2054 3327 Et
2083 3274 2171 3329 bic
2201 3274 2325 3328 vide
2353 3273 2549 3343 quibus
2580 3274 2831 3329 doctores
2869 3285 3092 3330 nostros
3129 3273 3365 3330 lacessat

127 3369 259 3438 παρ’
285 3369 417 3438 ἡμῖν
458 3366 800 3430 διδάσκοντας
838 3367 928 3422 τὸν
968 3367 1123 3433 λόγον
1145 3406 1160 3431 ,
1202 3365 1309 3432 καὶ⁸
1332 3365 1422 3416 ἐπὶ
1459 3364 1547 3416 τὸν
1588 3363 1696 3416 τῶν

126 3460 261 3512 δλων
292 3459 622 3532 δημιουργὸν
643 3459 805 3511 παντὶ
827 3459 1009 3530 τρόπῳ
1034 3458 1131 3527 τὴν
1153 3456 1325 3528 ψυχὴν
1357 3455 1696 3519 ἀναϐιϐάζειν

128 3551 524 3622 πειρωμένους,
567 3551 932 3624 παριστάντας
967 3551 1022 3603 δὲ
1055 3550 1147 3602 καὶ
1187 3549 1262 3612 ὡς
1310 3549 1414 3620 χρὴ
1450 3549 1546 3619 μὲν
1590 3547 1698 3602 τῶν

126 3639 404 3712 αἰσθητῶν
443 3643 535 3693 καὶ
570 3641 914 3712 προσκαίρων
960 3640 1051 3692 καὶ
1092 3639 1435 3710 βλεπομένων
1483 3639 1698 3692 πάντων

127 3732 513 3800 καταφρονεῖν,
534 3731 707 3783 πάντα
739 3729 793 3782 δὲ
823 3729 1080 3799 πράττειν
1111 3729 1244 3799 ὑπὲρ
1281 3727 1371 3780 τοῦ
1394 3731 1572 3798 τυχεῖν
1599 3727 1702 3796 τῆς

126 3819 220 3872 τοῦ
259 3817 399 3872 Θεοῦ
429 3820 731 3882 κοινωνίας,
773 3819 868 3871 κα)⁹
892 3819 990 3891 τῆς
1033 3819 1140 3872 τῶν
1175 3819 1378 3888 νοητῶν
1407 3820 1498 3872 καὶ
1531 3820 1697 3890 ἀορά-

128 3931 237 3966 των
264 3911 516 3981 θεωρίας,
538 3911 630 3964 καὶ
650 3912 919 3982 μακαρίας
949 3910 1081 3982 μετὰ
1104 3910 1235 3963 Θεοῦ
1253 3911 1347 3963 καὶ
1368 3910 1473 3964 τῶν
1489 3910 1700 3964 οίκείων

127 4002 222 4055 τοῦ
262 4001 397 4054 Θεοῦ
423 4000 759 4070 διεξαγωγῆς
787 4001 919 4072 (41),
959 4003 1289 4074 παραϐάλλει
1333 4003 1526 4066 αὐτοὺς
1563 4003 1702 4056 κατὰ

129 4093 229 4157 τὰς
254 4093 432 4156 οίκίας
462 4095 780 4162 ὲριουργοῖς,
821 4095 1044 4157 καὶτοῖς
1086 4091 1452 4163 σκυτοτόμοις,
1475 4094 1566 4145 καὶ
1591 4095 1702 4156 τοῖς

131 4182 420 4252 κνατεῦσι,
453 4183 672 4245 καὶτοῖς
706 4183 1111 4254 ἁγροικοτάτοις
1133 4183 1242 4236 τῶν
1273 4182 1702 4254 ἀνθρώπων,ὲπὶ

130 4276 200 4328 τά
221 4273 405 4343 φαῦλα
426 4275 883 4345 προκαλουμένοις
908 4275 1098 4340 παῖδας
1123 4277 1318 4347 κομιδη
1343 4277 1588 4347 νηπίους,
1610 4277 1703 4331 καὶ

133 4368 354 4435 γύναια,
379 4367 444 4418 ἵν’
467 4367 738 4420 ἀποστῶσι
775 4368 872 4438 μὲν
897 4367 1099 4439 πατρὸς
1124 4369 1216 4420 καὶ
1238 4368 1588 4430 διδασκάλων,
1612 4369 1704 4422 αὑ-

129 4464 245 4522 τοῖς
275 4458 333 4511 δὲ
365 4458 619 4511 ἕπωνται.
647 4459 802 4522 Τίνος
822 4459 931 4530 γὰρ
962 4459 1167 4529 πατρὸς
1201 4460 1599 4530 σωφρονοῦντος
1621 4501 1633 4523 ,
1668 4461 1701 4532 ἢ

131 4551 294 4604 τίνων
309 4549 641 4602 διδασκάλων
673 4550 970 4622 σεμνότερα
985 4551 1358 4613 διδασκόντων,
1392 4551 1600 4619 ἀφιστῶ
1607 4566 1704 4620 μεν

131 4644 259 4704 τοὺς
276 4642 472 4706 παῖδας
489 4643 581 4695 καὶ
595 4641 662 4707 τὰ
677 4642 871 4711 γύναια
891 4644 1292 4718 παραστησάτω
1318 4644 1345 4696 ό
1375 4643 1596 4706 Κέλσος,
1615 4643 1706 4694 καὶ

132 4733 625 4805 άντιπαραϐαλέτω
657 4735 747 4787 ἐπὶ
779 4735 886 4789 τῶν
915 4736 1244 4806 προσιόντων
1277 4735 1355 4804 τῷ
1383 4735 1524 4804 λόγῳ
1550 4734 1705 4805 ἡμῶν

132 4826 342 4880 παίδων
409 4826 504 4879 καὶ
532 4827 788 4896 γυναίων,
831 4827 1034 4896 πότερα
1072 4827 1224 4889 τίνας
1264 4827 1374 4897 (42)
1410 4820 1484 4880 ὧν
1509 4828 1705 4897 ἤκουον

207 5034 324 5106 (36)
360 5036 453 5092 Sic
492 5050 621 5090 mss.
668 5045 722 5089 et
748 5032 1064 5096 Philocalia,
1093 5033 1228 5086 alias
1263 5049 1411 5098 vero,
1441 5029 1700 5086 ἀπαιδεύ-

131 5122 279 5170 τους.

207 5197 326 5268 (37)
364 5197 544 5268 Codex
571 5195 1130 5268 Basileensismsvoic.
1161 5194 1330 5268 Alias,
1359 5197 1584 5258 καινοῖς,
1612 5195 1706 5248 nti-

136 5285 240 5321 nns
269 5265 431 5322 bene.
457 5266 622 5320 Paulo
657 5275 777 5336 post
806 5265 1118 5322 Boherellus
1147 5265 1493 5321 scribendum
1524 5274 1700 5335 putat,

133 5340 436 5406 ἀτσιφανεῖν
456 5337 765 5409 εὐδαίμονα.

208 5431 326 5498 (38)
358 5429 696 5498 Διέτρεσαν.
747 5429 823 5484 Ita
869 5427 1029 5498 codd.
1064 5427 1336 5498 Vaticani,
1375 5426 1609 5497 Regius,
1652 5435 1708 5480 et

137 5497 714 5570 Anglicanus’primus
737 5538 753 5564 ,
799 5499 988 5570 sicque
1010 5497 1160 5570 libb;
1198 5499 1445 5570 impressi
1478 5500 1529 5570 i_n
1561 5511 1706 5548 mar-

139 5565 287 5635 gine,
335 5586 391 5624 et
419 5565 522 5642 est
537 5571 775 5642 genuina
796 5565 978 5642 lectio.
1004 5565 1402 5642 Sic_llomerus,
1426 5567 1705 5642 διέτρεσαν

139 5642 356 5780 gaius?
382 5636 565 5704 ἄλλοςῖ
602 5639 940 5696 Ηωεοὴειὶιιε
982 5648 1039 5693 et
1087 5636 1395 5709 Spencerus
1445 5638 1500 5691 in
1535 5647 1703 5701 textu,

173 5729 315 5780 ιετρε
359 5728 444 5764 αν.

173 5728 444 5780 ιετρεφαν.

212 5805 326 5878 (59)
374 5804 828 5873 Ἐθελήσουσιν.
858 5803 1052 5861 Guieto
1095 5802 1307 5858 videtur
1335 5799 1698 5863 scribendum,

1799 3364 2010 3435 injuriis
2039 3381 2054 3420 :
2087 3366 2177 3435 qui
2225 3376 2403 3423 tamen
2447 3369 2620 3422 modis
2647 3369 2902 3424 omnibus
2937 3378 3205 3423 conantur
3243 3371 3364 3422 ani-

1800 3472 1940 3509 mam
1977 3459 2042 3510 ad
2094 3474 2273 3513 rerum
2322 3459 2564 3513 omnium
2599 3461 2934 3514 conditorem
2984 3462 3236 3524 evehere,
3272 3460 3363 3528 qui

1800 3549 1995 3601 docent
2025 3551 2454 3605 contemnendas
2491 3565 2612 3605 esse
2651 3565 2736 3604 res
2785 3549 3031 3604 sensibus
3071 3551 3368 3618 subjeclas,

1799 3639 2034 3692 caducas
2065 3649 2119 3692 et
2157 3655 2278 3707 quae
2305 3640 2596 3704 videntur;
2631 3639 2868 3708 nihilque
2909 3653 3013 3693 non
3038 3638 3366 3700 faciendum,

1800 3737 1858 3782 ut
1903 3739 2247 3800 comparetur
2274 3730 2374 3792 illa
2415 3747 2538 3784 cum
2590 3730 2701 3784 Deo
2732 3731 2988 3793 societas,
3024 3732 3076 3783 in
3109 3746 3218 3799 qua
3249 3739 3376 3798 quae

1800 3836 1995 3877 sensus
2040 3831 2300 3890 superant
2349 3838 2501 3878 mens
2557 3832 2742 3877 nostra
2796 3822 3278 3890 contemplabitur,
3315 3803 3410 3874 ρι’

1801 3915 1956 3970 beata
1988 3931 2107 3969 cum
2143 3915 2252 3970 Deo
2275 3917 2573 3986 amicisque
2611 3916 2727 3986 ejus
2762 3915 2868 3970 vita
2911 3914 3276 3984 perfruentur.
3305 3913 3366 3966 lli

1801 4016 1925 4062 sunt
1951 4007 2180 4070 scilicet,
2213 4022 2348 4076 quos
2371 4007 2655 4062 aitCelsus
2686 4006 2893 4061 similes
2937 4006 3187 4069 lanificis,
3221 4015 3372 4058 suto-

1802 4101 1972 4163 ribus,
2003 4099 2299 4154 fullonibus
2329 4112 2384 4153 et
2424 4100 2700 4154 hominum
2732 4099 3127 4160 rusticissimis,
3171 4097 3264 4164 qui
3303 4096 3370 4147 ad

1803 4191 1939 4244 mala
1972 4189 2229 4256 puerulos
2271 4198 2325 4242 et
2379 4188 2726 4242 mulierculas
2755 4187 3012 4256 instigant
3047 4197 3368 4253 urgentque,

1804 4290 1882 4343 ut,
1915 4289 2067 4348 patre
2093 4289 2147 4332 et
2174 4279 2596 4347 praeceptoribus
2620 4277 2886 4341 dimissis,
2919 4293 2977 4331 se
3010 4277 3075 4328 ad
3111 4277 3256 4343 ipsos
3283 4289 3375 4341 ap-

1805 4369 2005 4438 plicent
2026 4376 2080 4421 et
2107 4367 2423 4447 adiungant.
2451 4367 2657 4422 lndicet
2679 4381 2807 4434 ergo
2833 4366 3087 4436 quisnam
3124 4364 3196 4418 sit
3221 4373 3374 4430 pater

1805 4459 1894 4513 ille
1930 4458 2165 4526 sapiens,
2199 4469 2292 4512 aut
2317 4459 2533 4526 quinam
2563 4460 2671 4512 sint
2710 4458 2787 4513 illi
2830 4457 3075 4528 magistri
3116 4457 3332 4509 virtutis
3356 4496 3371 4518 ,

1809 4567 1836 4605 a
1881 4550 2077 4619 quibus
2127 4564 2323 4617 pueros
2370 4558 2426 4604 et
2476 4549 2824 4605 mulierculas
2857 4547 3284 4609 abduxerimus;
3319 4554 3375 4598 et

1741 4622 1780 4677 θ
1810 4640 2095 4696 conferens
2124 4654 2244 4708 qua:
2293 4641 2548 4696 docemus
2580 4654 2775 4709 pueros
2821 4647 2875 4692 et
2911 4635 3252 4690 mulierculas
3282 4649 3376 4688 no—

1809 4743 1980 4786 stram
2009 4733 2314 4787 doctrinam
2345 4731 2622 4800 amplexos
2663 4745 2785 4785 cum
2832 4730 2897 4782 iis
2924 4744 3044 4797 qua:
3078 4735 3204 4780 ante
3235 4725 3373 4779 didi-

1812 4832 2020 4889 cerant,
2070 4822 2233 4896 485
2265 4823 2520 4878 ostendat
2564 4837 2660 4878 eos
2704 4821 2771 4874 ab
2805 4820 3048 4874 honestis
3080 4818 3372 4886 probisque

1807 5031 2178 5106 ὲκθλήσουσιν.
2207 5031 2318 5102 Ego
2341 5029 2477 5084 nihil
2503 5027 2698 5083 mutari
2726 5025 2910 5081 velint.

1882 5145 1992 5267 (£30)
2029 5144 2155 5198 Mss.
2191 5144 2505 5208 Πείθωσιν,
2557 5139 2896 5194 ΙίωεοιιεΙίυε
2945 5147 2998 5194 et
3050 5138 3371 5208 Spencerus,

1937 5232 2106 5267 ουσιν.
3355 5233 3357 5236 ⁴

1809 5231 2106 5268 πειυουσιν.
3355 5233 3357 5236 ⁴

1882 5327 1992 5399 (41)
2029 5323 2415 5399 Διεξαγωγῆς.
2450 5322 2756 5378 Boherellus
2780 5329 2966 5378 censet
2996 5320 3188 5375 melius
3239 5316 3378 5371 forte

1811 5394 1912 5470 legi
1947 5394 2102 5466 posse
2125 5394 2416 5465 διαγωγῆς.

1887 5511 2000 5583 (42)
2041 5512 2267 5583 Πότερα
2296 5509 2484 5583 τίνας,
2515 5518 2622 5583 etc.
2655 5506 2798 5583 Lego
2821 5520 2943 5559 cum
2971 5504 3158 5583 eodem
3204 5501 3381 5583 Bohe-

1815 5573 1993 5644 rello,'
2023 5573 2227 5650 πότερα
2258 5581 2400 5640 τίνα,
2437 5591 2541 5632 etc.
2570 5573 2771 5650 Quieto
2817 5587 2995 5650 autem
3029 5573 3374 5650 scribendum

1813 5641 2114 5719 videbatur,
2155 5641 2357 5719 πότερα
2385 5650 2534 5719 τίνας
2559 5646 2886 5719 -ἀιριστῶμεν
2921 5645 3030 5719 τῶν
3064 5641 3375 5719 ἡμετέρων,

1813 5664 2114 5715 videbatur,
2155 5664 2357 5719 ποτερα
2385 5664 2534 5712 τινας
2569 5664 2781 5714 αφιστω
2829 5664 2886 5697 εν
2923 5664 3030 5699 των
3064 5664 3375 5714 ημετερων,

1811 5718 1885 5776 ῶν
1914 5722 2129 5792 ἢκουον.
2154 5720 2354 5792 Ibidem
2386 5734 2482 5792 pro
2498 5717 2740 5792 βελτίονα
2758 5664 3094 5792 ξίέξδριιειίυδ
3124 5723 3177 5767 et
3206 5711 3379 5779 Spen-

1813 5786 1970 5850 ceru's
2001 5791 2198 5846 habent
2223 5791 2273 5844 iu
2303 5786 2568 5858 margine,
2602 5786 2906 5857 βελτιόνων.
