3852 6418
584 345 691 404 995

2050 337 2374 396 ORIGENIS
3684 345 3766 403 996

585 463 924 521 documentis
947 464 1011 518 ad
1046 464 1228 534 pejora
1254 461 1422 518 fuisse
1449 476 1478 516 a
1507 461 1665 517 nobis
1708 470 1988 518 avocatos.
2039 461 2128 517 Set

2251 461 2495 532 βελτίονα
2523 459 2630 513 τῶν
2656 460 2688 531 ἡ
2699 457 2962 531 μετέρων,
2989 460 3083 514 καὶ
3096 460 3214 514 τίνα
3229 461 3425 534 τρόπον
3452 459 3620 514 καλῶν
3637 480 3767 520 τινων

582 559 875 627 quidquam
913 557 1087 611 simile
1132 573 1407 627 nunquam
1454 556 1523 611 de
1574 554 1732 610 nobis
1769 554 2144 610 demonstrare

581 649 802 718 poterit.
835 646 946 702 lmo
975 649 1319 704 mulierculas
1364 649 1660 704 avertimus
1691 647 1757 702 ab
1783 647 2140 716 impudicitia,

581 737 649 792 ab
666 737 981 793 exercendis
995 753 1115 793 cum
1135 739 1343 794 maritis
1360 739 1741 805 simultatibus,
1763 753 1790 792 a
1811 738 2142 792 theatrorum

578 828 1036 900 saltationumque
1067 831 1275 885 insania
1295 849 1364 895 ,xa
1390 831 1808 902 superstitione;
1848 831 2144 899 puberibus

579 929 755 973 autem
786 919 968 988 pueris
996 921 1402 977 lascivientibus
1433 931 1487 976 et
1519 923 1570 975 in
1605 922 1865 976 Venerem
1896 921 2143 990 prurien-

577 1009 719 1063 tibus
741 1009 924 1066 frenos
949 1011 1242 1082 injicimus,
1277 1010 1572 1066 admonitis
1598 1027 1703 1066 non
1732 1011 1902 1066 solum
1936 1021 2139 1080 quanta

575 1099 814 1156 libidinis
843 1102 1062 1156 infamia
1087 1104 1178 1166 sit,
1207 1103 1298 1156 sed
1322 1103 1485 1156 etiam
1517 1113 1775 1171 quantum
1801 1103 1926 1157 inde
1948 1104 2143 1156 anima:

579 1195 951 1264 improborum
980 1195 1261 1250 immineat
1308 1195 1631 1264 periculum,
1661 1212 1797 1264 quas
1822 1209 2012 1266 pwnas
2038 1194 2143 1250 lui-

576 1295 696 1341 tura
724 1288 825 1356 sit,
851 1302 970 1358 qua:
998 1287 1143 1342 illam
1167 1288 1427 1360 supplicia
1458 1296 1733 1345 maneant.

644 1555 732 1611 57.
776 1553 839 1610 Et
868 1555 958 1624 qui
991 1566 1116 1610 sunt
1149 1554 1226 1610 illi
1257 1563 1639 1626 prreceplores,
1685 1567 1946 1624 quorum,
1981 1551 2137 1622 quasi

572 1643 797 1696 meliora
823 1643 1098 1709 docerent,
1131 1644 1487 1711 patrocinium
1515 1643 1743 1710 suscipit
1768 1642 1973 1704 Celsus,
2005 1656 2140 1712 quos

572 1732 806 1787 delirare
841 1743 898 1786 et
928 1743 1110 1786 mente
1154 1741 1346 1802 captos
1390 1745 1513 1785 esse
1542 1729 1812 1784 dicimus?
1842 1729 1955 1784 Nisi
2000 1726 2138 1782 forte

2247 551 2568 622 καὶσεμνῶν
2591 551 2926 622 μαθημάτων
2949 551 3270 620 ἀφιστάντες
3292 551 3481 615 παῖδας
3502 552 3588 605 καὶ
3611 553 3768 620 γύναια

2245 647 2338 698 ἐπὶ
2372 645 2438 699 τὰ
2481 645 2697 716 χείρονα
2733 643 3169 716 προκαλούμεθα.
3215 643 3351 698 Ἀλλ’
3386 645 3480 714 οὐχ
3506 643 3608 710 ’ἐξει
3633 663 3769 716 παρα-

2247 740 2442 809 στῆσαι
2471 738 2531 790 τὸ
2553 737 2761 790 τοιοῦτο
2790 735 2909 789 καθ’
2936 735 3111 806 ἠμῶψ
3147 733 3454 787 τούναντίον
3483 733 3583 804 γὰρ
3609 733 3669 786 τὰ
3694 735 3769 805 μὲν

2243 828 2440 897 γύναια
2473 827 2764 890 ἀκολασίας
2804 826 2896 879 καὶ
2916 826 3242 896 διαστροφῆς
3278 825 3378 894 τῆς
3417 824 3521 876 ἀπὸ
3545 824 3640 877 τῶν
3679 841 3771 876 συν-

2243 921 2408 976 όντων
2465 920 2790 1000 ἀφίσιαμεν,
2830 919 2923 971 καὶ
2960 917 3137 988 πάσης
3176 916 3578 988 θεατρομανίας,
3604 917 3684 969 καὶ
3703 917 3768 987 ὀρ-

2243 1013 2664 1084 χηστρομανίας,
2684 1012 2776 1064 καὶ
2796 1010 3214 1081 δεισιδαιμονίας
3241 1011 3374 1079 (45),
3396 1011 3517 1072 τοὺς
3536 1010 3588 1061 δὲ
3608 1010 3762 1073 παῖδας

2243 1105 2368 1176 ἄρτι
2395 1104 2639 1175 ἡϐῶντας
2660 1104 2750 1157 καὶ
2773 1103 3114 1175 σφριγῶντας
3139 1106 3257 1165 ταῖς
3282 1102 3408 1175 περὶ
3435 1103 3504 1154 τά
3522 1103 3762 1174 ἀφροδίσια

2243 1197 2453 1268 ὀρέξεσι
2494 1195 2930 1268 σωφρονίζομεν,
2979 1194 3370 1267 παρατιθέντες
3397 1194 3458 1246 ού
3492 1194 3636 1264 μόνον
3659 1195 3766 1246 τὸέν

2241 1291 2354 1351 τοῖς
2396 1287 2869 1360 ἁμαρτανομένοις
2901 1287 3144 1357 αἰσχρὸν,
3182 1285 3315 1339 ἀλλά
3351 1287 3442 1340 καὶ
3474 1289 3528 1339 ὲν
3561 1281 3632 1348 οἷς
3650 1286 3764 1338 ἔσται

2240 1379 2329 1433 διὰ
2358 1380 2426 1434 τα
2461 1381 2686 1434 τοιαῦτα
2727 1382 2760 1451 ὴ
2797 1379 2906 1432 τῶν
2937 1379 3154 1448 φαύλων
3191 1379 3358 1450 ψυχὴ,
3398 1379 3495 1431 καὶ
3534 1379 3638 1441 οἵας
3662 1379 3760 1432 τίσει

2239 1471 2416 1535 δίκας,
2449 1473 2544 1526 καὶ
2573 1471 2648 1535 ὡς
2669 1471 3084 1542 κολασθήσεται.

2310 1564 2472 1627 Τίνας
2500 1563 2554 1617 δὲ
2580 1563 2926 1626 διδασκάλους
2965 1561 3195 1632 λέγομεν
3226 1559 3414 1632 ληρεῖν
3457 1562 3548 1614 καὶ
3573 1560 3751 1629 ἀποτλή-

2241 1671 2400 1718 κτους
2429 1652 2588 1719 εἶναι,
2625 1657 2763 1728 ὑπὲρ
2792 1650 2866 1710 ὧν
2895 1657 2922 1708 ὁ
2951 1654 3155 1718 Κέλσος
3185 1655 3416 1717 ἵσταται,
3441 1653 3515 1717 ὡς
3545 1653 3752 1706 διδασκόν-

2240 1761 2348 1799 των
2377 1744 2446 1799 τά
2476 1747 2790 1817 κρείττονα;
2819 1748 2866 1799 εἰ
2895 1749 2968 1820 μὴ
3004 1748 3110 1819 ἄρα
3150 1745 3346 1808 καλοὺς
3379 1745 3546 1797 οἴεται
3569 1744 3754 1796 διδασκὰ-

572 1824 771 1894 probos
798 1835 851 1880 et
883 1840 990 1878 non
1026 1835 1204 1879 mente
1245 1835 1432 1894 captos
1479 1830 1836 1892 praeceptores
1870 1820 2129 1875 existimet

2239 1836 2362 1900 λους
2385 1815 2620 1906 γυναίων
2645 1838 2735 1889 καὶ
2777 1837 2850 1909 μὴ
2876 1815 3174 1910 ληροῦντας
3211 1838 3338 1900 τοὺς
3372 1837 3464 1888 ἐπὶ
3491 1835 3757 1904 δεισιδαιμο-

571 1930 684 1978 eos,
716 1916 807 1985 qui
842 1916 1100 1970 mulieres
1132 1915 1198 1969 ad
1230 1915 1672 1984 superstitionem
1699 1924 1754 1967 et
1786 1914 1994 1981 impura
2023 1925 2141 1980 spe-

569 2012 782 2061 etacula
835 2007 1191 2076 compellunt;
1252 2009 1354 2061 nisi
1404 2024 1536 2064 sano
1582 2009 1762 2076 capite
1799 2005 1915 2059 illos
1953 2013 2134 2072 putet,

567 2100 661 2168 qui
721 2100 1097 2156 adolescentes
1149 2099 1367 2155 trahunt
1417 2102 1741 2170 rapiuntque
1794 2099 1860 2152 ad
1910 2097 2134 2151 crimina

569 2191 658 2244 illa
710 2194 919 2256 omnia,
970 2193 1330 2262 qumscimus
1383 2193 1449 2245 ab
1488 2193 1595 2246 illis
1630 2189 1896 2245 committi
1948 2188 2136 2256 saepis-

568 2285 727 2338 sime.
769 2284 874 2338 Eos
907 2285 1093 2350 etiam,
1123 2286 1212 2352 qui
1259 2284 1611 2355 philosophia:
1639 2284 1770 2337 dant
1797 2296 2036 2350 operam,
2068 2279 2135 2334 ad

569 2385 808 2428 nostram
855 2377 1169 2448 religionem
1218 2391 1542 2429 revocamus
1584 2389 1682 2444 pro
1729 2373 1958 2436 viribus,
2003 2371 2136 2424 illis-

566 2481 672 2534 que
711 2466 830 2536 ejus
878 2478 932 2522 et
980 2467 1348 2522 sinceritatem
1386 2465 1829 2520 commendamus
1867 2473 1920 2518 et
1951 2463 2132 2517 excel—

565 2555 814 2615 lentiam.
847 2559 903 2613 Id
933 2575 960 2612 a
991 2559 1144 2613 nobis
1173 2557 1290 2611 ﬁeri
1342 2566 1502 2628 negat
1541 2557 1747 2618 Celsus,
1781 2566 1836 2610 et
1875 2555 2018 2610 solos
2053 2554 2135 2607 fa-

565 2658 688 2705 tuos
730 2651 914 2705 vocari
952 2652 1210 2721 disputat.
1240 2651 1344 2704 Sed
1387 2665 1482 2720 ego
1516 2649 1586 2702 illi
1622 2649 1850 2704 dixerim
1886 2670 1896 2702 :
1942 2647 1998 2701 Si
2037 2661 2131 2700 ac-

562 2757 783 2798 cusares
814 2745 956 2813 quod
995 2752 1301 2800 avertamus
1336 2761 1431 2801 eos
1456 2761 1485 2798 a
1521 2743 1861 2814 philosotthia
1890 2743 1978 2812 qui
2019 2742 2129 2810 jam

562 2835 651 2892 illa
683 2837 870 2892 imbuti
901 2849 1045 2904 sunt,
1074 2854 1180 2892 non
1216 2854 1338 2893 vera
1382 2839 1622 2909 quidem,
1651 2839 1745 2891 sed
1787 2846 1966 2889 tamen
2003 2851 2135 2903 pru-

559 2924 756 2981 babilis
785 2937 930 2982 esset
969 2928 1312 2990 criminatio;
1347 2943 1469 2982 cum
1502 2941 1632 2981 vero
1660 2925 1796 2981 dicis
1840 2940 2036 2994 pueros
2066 2923 2130 2978 ad

558 3025 804 3072 nostram
865 3020 1181 3089 religionem
1255 3002 1575 3074 accedentes
1631 3018 1785 3072 bouis
1856 3016 2131 3086 magistris

559 3111 832 3174 subtrahi,
859 3113 1084 3166 ostende
1122 3111 1258 3166 alios
1292 3128 1409 3166 esse
1440 3112 1726 3182 magistros
1769 3119 1967 3178 praeter
2011 3108 2128 3177 phi-

2239 1925 2358 1979 νίαν
2383 1926 2477 1979 καὶ
2503 1925 2597 1989 τὰς
2642 1926 2975 1991 ἀκολάστους
3001 1927 3127 1991 θέας
3177 1925 3669 1998 προκαλουμένους·
3706 1925 3759 1975 ἔτι

2237 2017 2294 2071 δὲ
2319 2017 2412 2071 καὶ
2442 2017 2517 2087 μὴ
2555 2017 2938 2090 ἀποπλήκτους
2969 2017 3105 2072 εἶναι
3142 2021 3268 2082 τοὺς
3307 2019 3537 2086 ἄγοντας
3576 2018 3659 2069 καὶ
3695 2015 3760 2082 φέ-

2239 2122 2429 2178 ροντας
2462 2106 2588 2168 τοὺς
2619 2105 2773 2170 νέους
2798 2107 2892 2159 ἐπὶ
2925 2109 3122 2175 πάντα,
3145 2107 3243 2160 ὅσα
3272 2106 3430 2177 ἴσμεν
3455 2106 3681 2168 ἀτάκτως
3698 2103 3761 2156 ὑπ’

2236 2197 2413 2250 αὐτῶν
2438 2195 2701 2266 πολλαχοῦ
2723 2199 3037 2270 γιγνόμενα.
3076 2199 3264 2269 Ἡμεῖς
3297 2198 3395 2269 μὲν
3421 2195 3516 2250 οὖν
3548 2197 3634 2250 καὶ
3664 2198 3761 2260 τοὺς

2237 2286 2344 2339 ἀπὸ
2385 2285 2687 2355 φιλοσόφων
2723 2285 3028 2356 δογμάτων,
3077 2287 3173 2357 ὅση
3211 2285 3470 2358 δύναμις,
3513 2285 3764 2358 προκαλού-

2240 2378 2377 2449 μεθα
2420 2379 2511 2430 ἐπὶ
2556 2377 2653 2449 τὴν
2707 2378 2828 2430 καθ’
2861 2381 3008 2450 ἡμᾶς
3055 2379 3378 2443 θεοσέϐειαν,
3425 2379 3487 2432 τὸ
3535 2379 3762 2450 ἐξαίρετον

2236 2469 2330 2522 καὶ
2361 2467 2422 2520 τὸ
2451 2468 2734 2538 εἰλικρινὲς
2770 2469 2937 2540 αὐτῆς
2968 2470 3354 2541 παριστάντες·
3396 2471 3517 2522 ἐπεὶ
3549 2469 3601 2522 δὲ
3624 2471 3678 2522 δι’
3707 2463 3762 2521 ὧν

2235 2561 2417 2629 ἔλεγεν
2459 2563 2488 2613 ὁ
2532 2561 2738 2624 Κέλσος
2782 2561 3123 2633 παρέστησε,
3169 2562 3326 2615 τοῦτο
3387 2563 3486 2634 μὲν
3529 2565 3661 2633 ἡμᾶς
3709 2562 3764 2632 μὴ

2236 2656 2426 2717 ποιεῖν,
2459 2654 2648 2724 μόνους
2685 2655 2741 2706 δὲ
2764 2656 2887 2718 τοὺς
2927 2656 3182 2726 ἀνοήτους
3213 2656 3430 2709 καλεῖν⁶
3462 2657 3690 2727 εἴποιμεν
3719 2655 3765 2706 ἂν

2235 2746 2371 2816 πρὸς
2395 2745 2579 2798 αὐτόν·
2610 2747 2672 2799 Ei
2710 2747 2809 2817 μὲν
2837 2747 3107 2811 ἐνεκάλεις
3131 2748 3260 2819 ἡμῖν
3284 2747 3360 2811 ὡς
3406 2747 3662 2818 ἀφιστῶσι
3683 2746 3765 2816 (Η)

2235 2837 2547 2907 φιλοσοφίας
2591 2839 2717 2902 τοὺς
2766 2839 2866 2909 ἤδη
2921 2839 3495 2910 προκατειλημμένους
3537 2841 3591 2891 ἐν
3632 2839 3766 2905 αὐτῇ,

2232 2926 2487 2998 ἀλήθειαν
2517 2928 2614 2998 μὲν
2648 2927 2748 2980 οὐκ
2783 2927 2848 2980 ἂν
2875 2928 3128 2997 ἔφασκες,
3159 2927 3492 2999 πιθανότητα
3524 2930 3565 2982 δ’
3587 2929 3646 2982 ἂν
3678 2923 3762 2995 εἶχὲ

2234 3035 2325 3070 σου
2351 3021 2379 3072 ὁ
2404 3019 2588 3087 λόγος·
2632 3019 2747 3072 νυνὶ
2785 3019 2839 3072 δὲ
2879 3020 3072 3087 λέγων,
3115 3022 3260 3090 ἡμᾶς
3302 3021 3532 3091 ἀφιστᾷν
3562 3019 3763 3074 aream-

2232 3109 2338 3163 λων
2373 3113 2499 3174 τοὺς
2539 3111 2858 3182 προσιόντας
2903 3111 3141 3180 ἀγαθῶν,
3172 3113 3526 3183 παράστησον
3571 3113 3684 3174 τοὺς
3705 3111 3761 3162 δι-

557 3199 820 3270 losophite
868 3202 1139 3266 doctores,
1169 3211 1260 3255 aut
1303 3216 1396 3256 eos
1425 3181 1683 3271 quiquid
1725 3200 1857 3254 utile
1909 3200 2124 3253 docent.

2237 3199 2531 3265 δασκάλους
2577 3181 2774 3265 ἄλλους
2817 3201 2966 3272 παρὰ
3009 3201 3133 3265 τοὺς
3169 3181 3482 3271 φιλοσοφίας
3511 3203 3616 3273 (45)
3656 3201 3764 3253 6:61-

557 3291 631 3346 At
668 3292 800 3346 nihil
829 3293 1005 3346 simile
1041 3295 1272 3361 probare
1304 3303 1502 3362 potest.
1535 3292 1740 3346 Deinde
1788 3293 1976 3346 beatos
2016 3291 2132 3345 fore

558 3383 874 3452 pollicemur
924 3385 1086 3454 idque
1138 3386 1396 3439 audacter
1435 3393 1490 3436 et
1525 3394 1745 3453 aperte,
1790 3384 1879 3452 qui
1919 3397 1986 3436 ex
2039 3380 2131 3434 Dei

557 3474 767 3546 legibus
794 3477 958 3528 vitam
999 3485 1184 3544 agunt,
1231 3477 1320 3544 qui
1353 3474 1535 3530 omnia
1564 3475 1630 3528 ad
1675 3474 1820 3528 illum
1855 3474 2126 3535 referunt,

555 3567 760 3636 quique
784 3568 963 3620 omnia
991 3567 1214 3631 faciunt,
1238 3567 1391 3637 quasi
1421 3567 1573 3620 testis
1601 3577 1654 3620 et
1680 3574 1950 3635 spectator
1966 3573 2126 3619 esset.

554 3660 638 3712 An
665 3659 776 3712 haec
796 3666 922 3712 sunt
945 3658 1298 3724 laniiicorum,
1317 3665 1583 3722 sutorum,
1604 3655 1884 3718 fullonum,
1904 3657 2131 3709 rustico-

559 3767 681 3804 rum
731 3752 1213 3821 imperitorumque
1261 3751 1539 3805 hominum
1589 3748 1894 3819 praecepta?
1940 3746 2126 3816 Neque

555 3844 700 3899 istud
735 3844 1022 3900 ostendere
1060 3846 1282 3913 poterit.

555 3942 651 3996 καὶ
725 3942 999 4011 κναφέων,
1052 3940 1146 3994 καὶ
1205 3937 1674 3994 ἀπαιδευτοτάτων
1737 3936 2007 4009 ἀγροίκων
2058 3934 2168 4007 (47)
2202 3933 2332 4004 ,ἐστὶ
2415 3933 2742 4005 μαθήματα;

556 4056 728 4094 σεται.

625 4135 716 4192 58.
757 4134 876 4190 1am
918 4135 1010 4205 qui
1047 4135 1186 4206 apud
1223 4134 1434 4190 Celsum
1461 4141 1590 4186 sunt
1619 4132 1823 4189 similes
1866 4131 2120 4196 laniﬁcis,

551 4229 762 4284 similes
813 4245 1030 4299 quoque
1079 4233 1379 4299 sutoribus,
1433 4229 1756 4291 fullonibus,
1812 4225 2033 4280 rusticis
2067 4234 2123 4280 et

551 4319 860 4389 imperitis,
914 4321 989 4375 illi
1043 4331 1313 4391 praesente
1360 4329 1513 4390 patre
1559 4326 1612 4371 et
1664 4315 2120 4388 praeceptoribus,

551 4413 688 4467 nihil
718 4413 940 4474 bonum,
982 4413 1180 4482 inquit,
1220 4411 1402 4466 volent
1431 4421 1522 4464 aut
1562 4417 1816 4479 poterunt
1847 4406 2122 4477 explicare

2233 3292 2548 3363 σκάλους,ῆ
2589 3295 2716 3356 τοὺς
2765 3294 2908 3346 κατά
2938 3311 2989 3346 τι
3023 3293 3129 3346 τῶν
3178 3291 3465 3366 χρησίμων
3507 3293 3768 3363 πεποιημέ-

2229 3403 2372 3449 νους.
2426 3385 2562 3438 Ἀλλ’
2599 3385 2750 3440 οὐδὲν
2801 3385 2910 3450 ἕξει
2968 3386 3202 3439 τοιοῦτον
3264 3387 3555 3440 δεικνύναι.
3613 3389 3766 3440 Μακα-

2230 3474 2376 3544 ρίους
2422 3473 2478 3526 δὲ
2522 3473 2740 3526 ἔσεσθαι
2787 3473 3230 3545 ἐπαγγελλόμεθα
3282 3475 3420 3546 μετά
3466 3476 3767 3550 παρρησίας,

2228 3567 2322 3616 καὶ
2370 3565 2429 3617 ού
2472 3561 2730 3636 κρύϐδην,
2782 3566 2908 3629 τοὺς
2960 3565 3169 3630 ζῶντας
3222 3565 3367 3620 κατά
3403 3568 3492 3621 τὸν
3533 3568 3619 3622 τοῦ
3661 3565 3767 3618 Θεοῦ

2233 3653 2406 3723 λόγον,
2443 3656 2535 3708 καὶ
2581 3655 2757 3708 πάντα
2806 3658 2886 3719 εἰς
2933 3655 3136 3709 ἐκεῖνον
3175 3657 3495 3728 ἀφορῶντας
3533 3659 3664 3730 (46),
3698 3659 3770 3710 καὶ

2233 3749 2307 3812 ὡς
2340 3748 2430 3800 ἐπὶ
2476 3746 2609 3800 Θεοῦ
2649 3748 2838 3801 θεατοῦ
2883 3751 2989 3802 πᾶν
3033 3749 3060 3802 ὅ
3103 3767 3154 3802 τι
3200 3753 3316 3803 ποτ’
3359 3748 3453 3805 οὖν
3499 3749 3767 3804 ὲπιτελοῦν-

2228 3855 2347 3901 τας.
2381 3833 2508 3910 ’Ἆρ’
2547 3834 2639 3891 οὗν
2690 3839 2862 3892 ταῦτα
2912 3840 3243 3910 ἐριουργῶν,
3298 3842 3392 3894 καὶ
3445 3843 3766 3911 σκυτοτόμων,

2821 3934 2981 3986 Ἀλλὰ
3027 3934 3183 3986 τοῦτο
3232 3935 3505 3989 δεικνύναι
3546 3937 3602 3990 οὐ
3643 3937 3770 4004 δυνή-

2307 4121 2371 4174 θὶ
2411 4119 2467 4172 δὲ
2507 4115 2659 4188 παρέι
2693 4116 2773 4187 τῷ
2814 4114 3004 4188 Κέλσῳ
3050 4119 3420 4192 παραπλήσιοι
3461 4123 3568 4185 τοῖς
3603 4122 3652 4173 ἐν
3679 4120 3767 4178 ταῖς

2229 4214 2427 4274 οἰκίαις
2477 4211 2806 4282 ὲριουργοῖς,
2853 4209 3026 4279 ὃμοιοι
3068 4210 3124 4262 δὲ
3174 4211 3414 4276 καὶτοῖς
3465 4214 3769 4282 σκυτοτόμοις

2228 4305 2321 4358 καὶ
2355 4301 2647 4376 κναφεῦσι,
2687 4302 2779 4353 καὶ
2824 4301 3294 4367 ἀπαιδευτοτάτοις
3349 4307 3620 4376 ἀγροίκοις
3644 4346 3658 4368 ,
3691 4320 3767 4354 :1-

2231 4397 2414 4468 ρόντος
2468 4394 2566 4464 μὲν
2628 4393 2833 4464 πατρὸς
2885 4395 2979 4447 καὶ
3015 4395 3368 4463 διδασκάλων,
3409 4400 3529 4452 οὐδὲ
3573 4396 3767 4470 (φησ“ι,)

550 4505 752 4573 pueris.
782 4506 852 4558 At
900 4505 1048 4558 illum
1099 4520 1274 4575 rogo:
1315 4505 1523 4570 Quem,
1571 4517 1602 4556 ο
1651 4503 1820 4565 bone,
1877 4509 2118 4568 patrem,

2237 4486 2404 4554 λέγειν
2434 4483 2540 4553 (48)
2566 4483 2928 4554 ἐθελήσουσιν,
2965 4484 3083 4537 οὐδὲ
3126 4485 3449 4557 δυνήσονται
3476 4492 3584 4552 τοῖς
3621 4487 3768 4540 παισὶν

551 4611 708 4666 quem
741 4605 1125 4665 praeceptorem
1169 4596 1340 4650 dicis?
1383 4595 1438 4648 Si
1481 4611 1626 4658 eum,
1655 4592 1746 4661 qui
1781 4589 1966 4643 virtuti
2009 4599 2123 4643 stu-

549 4691 698 4750 deat,
727 4689 818 4757 qui
851 4688 1148 4757 nequitiam
1183 4687 1423 4749 horreat,
1449 4687 1542 4755 qui
1576 4684 1798 4738 meliora
1834 4688 2118 4749 capessat;

550 4781 688 4834 scito
719 4795 816 4834 nos
858 4795 1040 4834 coram
1085 4779 1174 4832 illo
1209 4778 1480 4845 intrepide
1522 4784 1706 4828 nostra
1760 4773 1942 4842 pueris
1979 4783 2120 4825 rete-

553 4882 758 4935 cturos,
805 4883 984 4925 certos
1033 4870 1284 4922 nimirmn
1331 4868 1422 4922 tali
1472 4865 1643 4935 judici
1695 4861 1979 4932 probatum
2028 4859 2116 4913 iri.

553 4959 817 5013 Tucemus
857 4971 1036 5014 autem
1077 4974 1260 5014 coram
1304 4957 1471 5030 ωε
1503 4966 1654 5026 patre
1705 4955 1795 5022 qui
1846 4952 2029 5006 virtuti
2063 4959 2119 5006 et

553 5049 821 5104 honestati
854 5059 937 5104 est
986 5049 1268 5111 inimicus,
1315 5061 1500 5100 coram
1555 5041 1977 5114 praeceptoribus
2027 5041 2117 5108 qui

553 5142 826 5196 contraria
863 5156 1009 5196 same
1050 5141 1312 5196 doctrina:
1359 5138 1604 5193 tradunt.
1651 5136 1836 5203 Neque
1871 5135 1922 5188 id
1967 5134 2122 5187 nobis

773 5375 929 5451 Libb.
963 5377 1234 5451 impressi,
1261 5374 1708 5451 δυσειδαιμονίας,
1741 5371 1903 5451 male.
1961 5440 1979 5451 _
2007 5442 2015 5451 .

627 5439 736 5519 (44)
775 5449 945 5502 Codd.
978 5439 1178 5517 Regius
1205 5439 1260 5502 et
1288 5439 1631 5508 Basileensis,
1653 5441 1941 5512 ἀφιστῶσι.
1961 5439 2112 5494 Libb.

555 5530 722 5587 antea
751 5519 904 5580 editi,
939 5519 1218 5587 ἀφιστᾶσι.

774 5587 931 5660 Libb'
960 5581 1144 5660 είλειιεί
1181 5589 1532 5660 itIAmargine.
1562 5581 1866 5660 φιλοσοφίᾳ.
1901 5648 1934 5660 ﬁ
1985 5649 1996 5660 ⁸

625 5648 737 5724 (46)
790 5657 1169 5726 Ἀφορῶντας.
1231 5648 1585 5713 δειοὼῖεηύιιιιί
1640 5648 1849 5709 videtur
1896 5648 2111 5716 Guieto,

553 5726 938 5799 ἀναφέροντας.

623 5793 744 5870 (47)
788 5798 1115 5868 Ἀγροίκων.
1159 5798 1319 5854 Forte
1351 5795 1658 5868 legendum,
1695 5793 1788 5848 καὶ
1815 5793 2108 5864 ἀγροίκων,

2229 4579 2547 4652 ἑρμηνεύειν
2599 4577 2821 4645 ἀγαθόν.
2871 4579 2980 4631 Καὶ
3049 4579 3182 4650 πρὸς
3235 4579 3398 4632 τοῦτο
3449 4580 3495 4632 δ’
3538 4579 3766 4653 ἐροῦμεν·

2229 4673 2389 4724 Ποίου
2425 4672 2548 4740 φῂς,
2580 4662 2624 4721 ὦ
2654 4662 2835 4733 οὗτος,
2876 4669 3102 4741 πατρὸς,
3145 4671 3237 4722 καὶ
3273 4671 3429 4724 ποίου
3457 4670 3767 4724 διδασκάλω-αξ

2227 4766 2292 4818 Εἰ
2321 4764 2417 4833 μὲν
2461 4761 2554 4814 τοῦ
2594 4760 2792 4832 ἀρετὴν
2839 4760 3256 4830 ἀποδεχομένου,
3301 4764 3397 4814 καὶ
3443 4763 3632 4815 κακίαν
3668 4762 3768 4812 ἁπο-

2230 4855 2618 4928 στρεφομένου,
2643 4856 2736 4906 καὶ
2764 4854 3142 4924 ἀσπαζομένου
3170 4853 3238 4905 τὰ
3279 4855 3581 4924 κρείττονα,
3619 4855 3768 4907 ἄκουε.

2228 4949 2309 5002 ὅτι
2349 4948 2440 5000 καὶ
2479 4945 2622 5016 μάλα
2667 4944 3027 5017 θαρροῦντες,
3077 4945 3153 5008 ὡς
3201 4945 3613 5016 εὐδοκιμοῦντες
3650 4938 3770 5011 παρὰ

2227 5041 2306 5112 τῷ
2331 5039 2554 5108 τοιούτῳ
2587 5041 2766 5109 κριτῇ,
2809 5037 3037 5108 ἐροῦμεν
3068 5041 3179 5100 τοῖς
3219 5039 3376 5091 παισὶ
3415 5039 3485 5092 τὰ
3526 5041 3771 5109 ἡμέτερα³

2229 5133 2277 5185 εἰ
2310 5131 2353 5184 δ’
2379 5129 2608 5183 ἐνώπιον
2657 5129 2860 5197 πατρὸς
2888 5128 3314 5200 διαϐεϐλημένου
3344 5132 3456 5204 (49)
3498 5132 3628 5203 πρὸς
3668 5130 3769 5198 ἀρε·

2223 5379 2280 5423 et
2307 5366 2468 5437 paulo
2495 5374 2616 5432 post
2641 5363 3118 5437 ἀπαιδευτοτάτοις
3146 5383 3240 5418 κα.
3267 5366 3568 5437 ἀγροίκοις,

2299 5430 2410 5505 (48)
2457 5430 2649 5490 Vocem
2696 5435 2877 5502 λέγειν
2935 5436 3218 5488 delendam
3281 5430 3470 5491 censet
3542 5430 3770 5505 Boherel-

2222 5502 2330 5568 lus,
2361 5502 2413 5558 et
2443 5517 2590 5560 certe
2621 5509 2775 5561 abest
2804 5519 2962 5571 supra
2990 5521 3138 5558 num.
3163 5506 3251 5560 54.
3278 5508 3479 5562 Ibidem
3515 5508 3647 5568 loco,
3681 5502 3770 5554 ἐθε·

2220 5575 2504 5648 λήσουσιν,
2559 5577 2753 5632 Guieto
2811 5574 3158 5630 scribendum
3229 5578 3443 5633 videtur
3505 5578 3770 5646 ἐκθλῂσονο

2221 5664 2326 5701 σιν.

2222 5716 2784 5842 6°$9!)ngoeschelius
2815 5730 2866 5779 et
2898 5719 3208 5793 Spencerus
3243 5721 3296 5777 iu
3330 5719 3589 5793 margine,
3611 5712 3768 5770 διαεί-

2371 5819 2393 5842 .
2494 5826 2509 5842 .

2257 5804 2320 5860 οη
2329 5804 2509 5859 μενον.
