3852 6418
145 274 238 333 997

1294 273 1575 332 CONTRA
1613 273 1895 332 CELSUM
1929 272 2060 330 LIB.
2100 271 2191 329 Ill.

3251 275 3354 330 998

141 394 228 462 τὴν
256 390 344 443 καὶ
376 389 793 459 καλοκάγαθίαν,
829 390 1136 462 σιωπῶμεν,
1161 392 1255 445 καὶ
1284 393 1393 447 τῶν
1429 396 1499 450 τὰ
1526 397 1666 450 ἐναν-

1788 395 1919 449 vitio
1960 404 2150 460 verte;
2182 400 2427 448 verteres
2459 393 2603 448 enim
2659 389 2878 461 injuste.
2929 391 3007 448 Tu
3043 394 3184 449 enim
3236 395 3353 461 ipse
3418 433 3422 440 .

140 483 213 535 τία
233 482 303 550 τῷ
335 482 473 548 ὑγιεῖ
501 482 643 552 λόγῳ
677 482 1051 546 διδασκόντων,
1075 483 1232 536 τοῦτο
1265 486 1384 556 μηδ’
1416 489 1547 557 ἡμῖν
1589 488 1680 556 ἐγ·-

140 577 296 630 κάλει·
332 575 388 628 οὐ
438 575 547 647 γάρ
591 575 822 644 εὐλόγως
866 577 1135 644 ἐγκαλεῖς.
1181 577 1290 630 Kal
1335 577 1400 630 σὺ
1447 578 1576 646 γοῦν
1609 579 1680 633 τὰ

139 665 419 738 φιλοσοφίας
439 668 600 738 ὄργια
625 672 735 732 τοῖς
763 667 900 732 νέοις
925 669 1020 721 καὶ
1047 670 1202 732 υἱοῖς,
1231 670 1480 740 πατέρων
1507 671 1676 742 ἀργὸν

138 760 334 831 πρᾶγμα
360 758 450 810 καὶ
478 760 752 829 ἀνωφελὲς
784 760 1129 829 νομιζόντων,
1157 760 1467 831 φιλοσοφίαν
1498 779 1676 832 παρα-

132 853 278 914 διδοὺς
316 855 424 915 τοῖς
471 855 682 915 παισὶν,
729 853 827 906 οὐκ
867 853 1107 906 ἐπὶτῶν
1155 851 1370 924 φαύλων
1420 855 1674 926 πατέρων

130 947 277 1016 ἐρεῖς*
320 944 449 997 ἀλλὰ
506 944 824 1016 βουλόμενος
881 946 1200 1018 χωρίζεσθαι
1251 947 1378 1010 τοὺς
1432 964 1674 1018 προτρα-

132 1036 301 1100 πέντας
339 1037 429 1089 ἐπὶ
476 1038 794 1106 φιλοσοφίαν
829 1038 979 1101 υἱοὺς
1028 1038 1133 1091 τῶν
1181 1039 1466 1110 μοχθηρῶν
1507 1039 1675 1092 πατέω

134 1144 238 1197 ρων,
272 1128 619 1198 ὲπιτηρήσεις
659 1129 908 1199 καιροὺς,
937 1128 1024 1181 ἴνα
1070 1128 1399 1183 καθίκωνται
1432 1131 1482 1181 οἱ
1523 1129 1672 1198 φιλο-

134 1218 290 1287 σοφίας
313 1218 458 1286 λόγοι
491 1217 604 1270 τῶν
638 1218 790 1270 νέων.
825 1220 934 1272 Kal
961 1219 1087 1290 περὶ
1116 1219 1224 1272 τῶν
1248 1219 1578 1273 διδασκάλων
1615 1219 1672 1272 δὲ

131 1309 187 1360 τὰ
207 1308 328 1362 αὐτὰ
360 1309 638 1380 φήσομενο
669 1311 717 1362 εί
753 1312 847 1382 μὲν
879 1309 986 1382 γὰρ
1013 1311 1396 1383 ἀποτρέπομεν
1422 1311 1674 1364 διδασκά-

133 1398 217 1451 λων
239 1399 590 1453 διδασκόντων
613 1401 681 1454 τὰ
707 1403 914 1472 ἄσεμνα
938 1402 1038 1471 τῆς
1071 1403 1382 1474 κωμῳδίας,
1423 1404 1517 1456 καὶ
1545 1405 1673 1466 τοὺς

134 1491 421 1555 ἀκολάστους
446 1492 560 1546 τῶν
605 1493 834 1563 ἰάμϐων,
880 1495 971 1546 καὶ
999 1495 1096 1546 ὅσα
1128 1494 1283 1559 ἄλλα,
1322 1494 1357 1548 ἃ
1401 1496 1537 1565 μήτε
1582 1494 1672 1548 τὸν

133 1581 315 1650 λέγοντα
337 1583 682 1655 ἐπιστρέφει,
717 1587 848 1656 μήτε
875 1586 998 1649 τοὺς
1019 1585 1311 1650 ἀκούοντας
1331 1587 1548 1655 ὠφελεῖ,
1578 1588 1672 1640 καὶ

135 1674 190 1743 μὴ
219 1675 406 1738 εἰδότας
442 1675 753 1744 φιλοσόφως
787 1676 1001 1730 ἀκούειν
1037 1678 1378 1748 ποιημάτων,
1417 1678 1511 1730 καὶ
1552 1680 1672 1731 ὲπι-

1780 501 1885 539 non
1934 487 2173 554 aperires
2230 488 2662 542 adolescentibus
2704 494 2758 537 et
2810 487 2939 563 liliis
2988 486 3350 558 philosophias

1778 589 1973 628 arcana
2000 591 2182 630 coram
2233 578 2473 646 patrihus
2520 577 2656 630 male
2704 575 2942 643 affectis,
2991 576 3196 644 quique
3230 591 3347 629 rem

1779 665 1996 738 inanem
2034 666 2386 738 inutilemque
2420 668 2730 737 iudicarent
2756 683 2876 722 esse
2907 667 3342 737 philosophiam;
3396 718 3398 721 .

1775 759 1870 812 sed
1900 759 2064 814 velles
2096 776 2191 814 eos
2222 760 2384 827 filios,
2428 777 2565 831 quos
2599 762 2666 815 ad
2711 761 3110 830 philosophiam
3142 762 3348 817 adhor-

1776 849 1968 903 tandos
1999 851 2270 916 duxisses,
2308 852 2588 906 discedere
2636 851 2704 905 ab
2750 851 3011 921 improbis
3063 852 3345 920 patribus;

1776 953 2023 1011 captares
2051 945 2430 1006 occasionem,
2479 945 2568 998 ubi
2601 942 2676 997 tui
2725 943 2790 997 de
2838 943 3177 1013 philosophia
3230 959 3349 1000 ser-

1777 1053 1964 1092 mones
2023 1046 2240 1094 teneros
2285 1040 2542 1110 juvenum
2589 1040 2800 1093 animos
2863 1039 3147 1110 attingant.
3191 1038 3342 1106 Quod

1777 1128 1918 1184 idem
1948 1130 2070 1184 dico
2114 1131 2182 1185 de
2212 1132 2654 1200 praeceptoribus.
2709 1132 2767 1186 Si
2805 1133 2946 1186 enim
2978 1147 3006 1184 a
3044 1141 3346 1201 prwcepto-
3415 1200 3417 1204 ι

1773 1222 1923 1276 ribus
1977 1223 2319 1286 abducimus,
2373 1222 2464 1291 qui
2517 1223 2804 1278 obscoenas
2853 1225 3188 1287 comoedias,
3239 1224 3342 1276 im—

1772 1329 1936 1383 puros
1983 1315 2191 1368 iambos
2221 1314 2414 1369 docent
2439 1323 2492 1368 et
2524 1315 2649 1378 alia,
2695 1330 2816 1383 qua:
2850 1330 2948 1370 nec
2978 1325 3339 1383 exponentem

1771 1403 2052 1470 corrigunt
2087 1418 2188 1458 nec
2221 1405 2373 1457 utilia
2417 1411 2542 1458 sunt
2584 1402 2948 1466 audientibus,
2974 1405 3097 1472 quia
3130 1420 3226 1458 nec
3252 1403 3341 1457 isti

1771 1496 2145 1565 philosophico
2194 1498 2378 1550 animo
2428 1497 2669 1552 carmina
2724 1497 2910 1550 audire
2946 1505 3206 1565 possunt,
3241 1510 3341 1550 nec

1773 1588 1847 1642 illi
1895 1588 2119 1656 singulis
2162 1588 2446 1655 juvenibus
2493 1587 2838 1654 interpretari
2883 1602 3004 1656 qua:
3049 1589 3116 1640 a'd
3151 1601 3340 1640 eorum

1771 1680 2054 1734 utilitatem
2087 1681 2342 1746 tendunt;
2380 1681 2432 1734 id
2465 1695 2594 1734 vero
2623 1679 2779 1732 fateri
2805 1694 2911 1731 non
2941 1679 3340 1734 erubescimus.

131 1764 272 1832 λέγειν
304 1767 556 1830 ἑκάστοις
599 1768 669 1819 τὰ
731 1768 1065 1822 συντείνοντα
1111 1772 1191 1832 εἰς
1247 1769 1511 1837 ὠφέλειαν
1565 1770 1666 1824 τῶν

1777 1769 1871 1824 Sin
1919 1771 2034 1838 agis
2075 1770 2142 1825 de
2171 1770 2615 1840 praeceptoribus,
2662 1769 2752 1837 qui
2789 1769 3186 1838 philosophiam
3238 1771 3341 1822 do-

132 1857 260 1908 νέων·
301 1857 455 1910 τοῦτο
494 1857 810 1923 ποιοῦντες,
848 1859 946 1912 ούκ
986 1859 1347 1930 αἰσχυνόμεθα
1389 1859 1668 1930 ὁμολογεῖν

129 1945 180 1999 τὸ
203 1946 584 2018 πραττόμενονο
620 1950 667 2001 εί
701 1949 755 2001 δὲ
795 1951 1161 2020 παραστήσεις
1199 1967 1286 2019 μοι
1320 1949 1670 2013 διδασκάλους

130 2038 238 2108 πρκ
277 2040 590 2109 φιλοσοφίαν
635 2041 1092 2111 προπαιδεύοντας
1130 2043 1224 2095 καὶ
1267 2043 1324 2095 ὲν
1377 2042 1666 2113 φιλοσοφίᾳ

131 2128 485 2198 γυμνάζοντας,
540 2132 647 2183 οὐκ
690 2132 979 2203 ἀποτρέψω
1029 2133 1124 2202 μὲν
1165 2133 1274 2203 (50)
1320 2134 1426 2187 ἀπὸ
1463 2135 1667 2187 τούτων

267 2222 438 2286 νέους,
490 2225 831 2294 πειράσομαι
869 2225 925 2277 δὲ
971 2226 1526 2296 προγυμνασαμένους
1578 2228 1668 2279 αὐ-

130 2310 224 2373 τοὺς
253 2311 319 2375 ὡς
356 2315 415 2365 ὲν
452 2314 774 2381 ἐγκυκλίοις
823 2314 1103 2386 μαθήμασι
1151 2315 1242 2368 καὶ
1291 2319 1401 2378 τοῖς
1449 2317 1664 2384 φιλοσο-

133 2405 368 2474 φουμένοις
404 2407 745 2461 ἀναϐιϐάσαι
773 2408 862 2460 ἐπὶ
889 2407 948 2460 τὸ
982 2407 1172 2478 σεμνὸν
1211 2408 1305 2460 κα)⁸
1334 2409 1534 2478 ὑψηλὸν
1566 2410 1666 2479 τῆς

131 2489 362 2564 ὴληθυίας
389 2497 520 2560 τοὺς
553 2495 787 2559 πολλοὺς
829 2496 1165 2567 Χριστιανῶν
1223 2498 1629 2567 μεγαλοφωνίας
1649 2538 1663 2562 ,

129 2585 226 2654 περὶ
267 2587 366 2639 τῶν
417 2588 702 2658 μεγίστων
747 2588 840 2640 καὶ
884 2589 1320 2656 ἀναγκαιοτάτων
1365 2589 1665 2660 διαλαμϐα-

1775 1870 1936 1916 ceant
1963 1870 2018 1914 et
2046 1862 2100 1915 in
2133 1862 2473 1930 philosophia
2501 1872 2819 1924 exerceant,
2845 1861 2912 1914 ab
2942 1861 3025 1914 his
3055 1875 3156 1913 non
3187 1875 3342 1913 aver-

1774 1961 1883 2007 tam
1915 1953 2136 2022 quidem
2179 1953 2586 2019 adolescentes;
2632 1955 2728 2009 sed
2778 1953 3020 2008 conabor
3072 1950 3191 2006 illos
3228 1951 3340 2018 jam

1774 2052 1896 2098 ante
1939 2045 2287 2108 exercitatos,
2318 2055 2372 2099 et
2425 2046 2478 2099 in
2529 2047 2940 2116 disciplinarum
2994 2043 3160 2098 veluti
3211 2043 3342 2098 orbe

1773 2143 2019 2188 versatos
2068 2144 2229 2204 atque
2278 2136 2618 2207 philosophia
2674 2147 3004 2208 prmparatos
3056 2139 3123 2191 ad
3176 2151 3343 2190 vene—

1774 2226 1999 2280 randam
2027 2227 2420 2297 sublimemque
2457 2239 2512 2283 et
2556 2230 2712 2298 vulgo
2757 2230 2994 2302 ignotam
3042 2229 3343 2283 subvehere

1769 2318 2326 2388 grandiloqueutiam,
2381 2338 2486 2392 qua
2543 2323 2840 2377 Christiani
2882 2323 2947 2377 de
3006 2323 3168 2377 rebus
3222 2336 3340 2374 ma-

1769 2409 1931 2463 ximis
1977 2412 2316 2479 maximeque
2351 2415 2675 2468 necessariis
2725 2415 3039 2477 disserunt,
3083 2421 3138 2465 et
3181 2427 3337 2465 suam

1769 2500 2188 2569 philosophiam,
2222 2503 2338 2566 Dei,
2386 2505 2796 2573 prephetarum,
2837 2505 3074 2576 Jesuque
3120 2516 3340 2577 aposto-

1771 2591 1946 2645 lorum
1977 2593 2371 2662 philosolihiam
2405 2610 2523 2649 esse
2555 2597 2951 2651 demonstrant.

129 2679 302 2744 νὸντων,
343 2685 436 2736 καὶ
466 2682 912 2737 ἀποδεικνύντων
941 2685 1034 2736 καὶ
1072 2685 1448 2756 παριστάντων
1479 2685 1616 2737 αὐτὰ
1671 2685 2131 2757 πεφιλοσοφῆσθαι
2162 2687 2311 2758 παρὰ
2346 2692 2459 2752 τοῖς
2488 2689 2580 2742 τοῦ
2627 2690 2759 2744 Θεοῦ
2793 2692 3094 2763 προφήταις
3119 2692 3344 2754 καὶτοῖς

127 2773 197 2824 τοῦ
221 2775 377 2846 Ἰησοῦ
408 2777 760 2840 ἀποστόλοις.

180 2860 287 2918 Εἶτα
313 2867 446 2937 μετὰ
469 2867 677 2930 ταῦτα,
707 2867 1022 2938 αἰσθόμενος
1051 2867 1242 2921 ἑαυτοῦ
1273 2869 1300 2921 ὁ
1333 2866 1542 2932 Κέλσος
1577 2887 1667 2921 πι-

128 2957 334 3029 κρότερον
360 2961 495 3031 ἡμῖν
543 2961 1031 3032 λοιδορησαμένου,
1077 2962 1318 3034 ὡσπερεὶ
1371 2962 1666 3031 ἀπολογού-

135 3067 266 3118 μενος,
297 3053 520 3107 τοιαῦτά
587 3068 788 3124 φησιν’
841 3073 859 3105 ι
891 3056 1011 3107 ’Ότι
1055 3055 1111 3108 δὲ
1157 3056 1308 3109 οὐδὲν
1348 3057 1668 3128 πικρότερον

1840 2868 1929 2924 59.
1971 2868 2160 2923 Celsus
2190 2878 2374 2938 postea
2417 2869 2670 2926 conscius
2715 2885 2773 2925 se
2804 2873 2869 2926 de
2916 2871 3070 2926 nobis
3119 2885 3340 2924 amaru-

1770 2960 1966 3016 leutius
1994 2961 2362 3027 maledixisse,
2383 2965 2532 3032 quasi
2557 2963 2621 3016 ad
2653 2964 3017 3018 excusandum
3050 2962 3127 3016 sic
3159 2976 3340 3033 prose-

1769 3052 1992 3121 quitur:
2032 3070 2050 3102 ι
2078 3052 2232 3118 Quod
2260 3067 2361 3122 ego
2398 3069 2501 3108 non
2533 3055 2812 3109 acerbiora
2842 3054 3134 3121 objecerint
3173 3068 3338 3121 quant

107 3141 404 3215 ’ἐπαιτιῶμαι
435 3147 469 3218 ἢ
503 3145 596 3215 ἐφ’
625 3147 750 3198 ὅσον
787 3147 820 3216 ἡ
861 3146 1082 3213 ἀλήθεια
1127 3146 1395 3217 βιάζεται,
1437 3165 1666 3218 τεκμαι-

1771 3159 1890 3212 qua:
1931 3143 2134 3198 veritas
2163 3146 2372 3214 coegit,
2418 3145 2503 3199 vel
2544 3146 2670 3200 hinc
2712 3146 2904 3212 conjici
2956 3154 3154 3212 potest.
3201 3144 3338 3197 Nam

135 3233 266 3302 ρέσθω
286 3239 371 3290 καὶ
393 3238 594 3291 τούσδε
634 3255 717 3301 τις
745 3237 876 3309 (51).
904 3237 965 3290 OE
1006 3238 1101 3308 μὲν
1135 3239 1243 3310 γὰρ
1267 3243 1346 3303 είς
1376 3240 1472 3304 τὰς
1501 3240 1662 3304 ἄλλας

131 3323 307 3390 τελετὰς
337 3328 646 3390 καλοῦντες
685 3327 1114 3398 προκηρύττουσι
1144 3328 1297 3381 τάδε·
1336 3329 1522 3394 Ὅστις
1553 3333 1664 3400 χεῖ-

131 3430 202 3482 μις
227 3418 446 3490 καθαρὸς
484 3420 588 3472 καὶ
635 3417 816 3489 φωνὴν
855 3417 1102 3479 συνετόςθ
1134 3419 1224 3470 καὶ
1265 3413 1421 3492 αὖθις
1458 3419 1660 3490 ἕτεροιο

130 3504 276 3571 Ὅστις
308 3511 466 3578 ἁγνὸς
519 3509 640 3564 ἀπὸ
697 3509 896 3573 παντὸς
949 3510 1148 3580 μύσους
1185 3508 1316 3581 (52),
1365 3511 1458 3563 καὶ
1490 3510 1595 3580 ὅτῳ
1629 3511 1663 3581 ἡ

128 3592 236 3667 ψυχὴ
267 3599 406 3653 οὐδὲν
452 3599 674 3653 σύνοιδε
715 3599 900 3661 κακὸν,
935 3599 1032 3651 καὶ
1069 3600 1174 3669 ὅτῳ
1208 3593 1267 3651 εὖ
1310 3600 1403 3652 καὶ
1443 3598 1664 3662 δικαίως

127 3683 352 3750 βεϐίωται.
386 3692 500 3743 Kal
556 3688 741 3742 ταῦτα
793 3689 1258 3762 προκηρύττουσιν
1304 3691 1352 3742 οἱ
1394 3690 1664 3763 καθάρσια

127 3776 486 3851 ἁμαρτημάτων
506 3781 958 3853 ὑπισχνούμενοι.
976 3782 1399 3854 ’Υπακούσωμεν
1429 3783 1485 3836 δὲ
1515 3783 1664 3847 τίνας

127 3871 224 3922 ποτὲ
246 3867 379 3927 οὗτοι
429 3875 734 3928 καλοῦσιν·
774 3876 964 3938 Ὅστις
995 3873 1181 3947 [φησὶν
1216 3873 1360 3945 (⁵5)]
1403 3875 1662 3945 ἁμαρτω·

125 3958 371 4029 λδςςόστις
414 3967 718 4029 ἀσύνετος,
764 3965 911 4028 ὅστις
964 3968 1185 4030 νήπιος,
1224 3967 1317 4018 καὶ
1357 3966 1431 4029 ὡς
1479 3965 1662 4029 ἁπλῶς

127 4054 273 4118 εἰπεῖν,
325 4058 470 4122 ὅστις
531 4057 908 4127 κακοδαίμων,
955 4057 1140 4110 τοῦτον
1195 4061 1229 4128 ἡ
1281 4056 1524 4128 βασιλεία
1567 4055 1661 4109 τοῦ

125 4143 223 4198 Θεοῦ
248 4149 463 4214 δέξεται.
506 4152 623 4204 Τὸν
656 4150 980 4221 ἁμαρτωλὸν
1012 4147 1120 4222 ἆρα
1155 4150 1213 4202 ού
1245 4149 1432 4202 τοῦτον
1476 4147 1662 4217 λέγετε

124 4233 190 4285 τὸν
226 4238 409 4306 ἄδικον,
447 4243 548 4294 καὶ
585 4241 847 4310 κλέπτην,
882 4243 974 4294 καὶ
1015 4242 1364 4313 τοιχωρύχον,
1395 4241 1489 4294 καὶ
1525 4257 1663 4310 φαρ-

127 4328 282 4395 μεικέα,
322 4335 415 4385 καὶ
461 4332 769 4404 ἱερόσυλον,
817 4333 910 4385 καὶ
952 4334 1338 4404 τυμϐωρύχον;
1385 4333 1545 4395 Τίνας
1595 4331 1662 4384 ἂν

124 4415 274 4485 ἄλλους
329 4425 734 4496 προκηρύττων
782 4424 982 4496 λῃστὰς
1026 4425 1133 4494 (54)
1187 4423 1447 4487 ὲκάλεσε;
1479 4442 1498 4473 ι
1550 4422 1660 4474 Kal

1769 3234 1859 3303 qui
1890 3233 1955 3286 ad
1989 3233 2094 3286 alia
2140 3235 2396 3302 mysteria
2426 3245 2640 3298 vocant,
2684 3234 2799 3290 hate
2833 3235 3187 3305 pronuntiant
3226 3233 3334 3286 alta

1767 3338 1937 3380 voce:
1969 3323 2220 3393 Quisquis
2251 3314 2400 3393 puris
2437 3335 2522 3379 est
2551 3324 2800 3378 manibus
2838 3333 2892 3377 et
2918 3339 3049 3378 voce
3079 3322 3330 3392 sapiens;

1765 3423 1820 3469 et
1863 3431 2048 3471 rursus
2078 3417 2168 3469 alii
2209 3431 2224 3467 :
2261 3415 2514 3486 Quisquis
2563 3431 2731 3485 purus
2783 3418 2850 3471 ab
2896 3415 3043 3471 omni
3095 3414 3330 3479 scelere,

1767 3506 1920 3574 cujus
1950 3505 2338 3560 conscientiam
2385 3505 2517 3560 nihil
2558 3507 2686 3560 mali
2724 3507 3026 3573 remordet,
3076 3507 3162 3559 cui
3199 3505 3338 3560 bene

1765 3606 1818 3651 et
1854 3595 1998 3664 juste
2043 3604 2258 3665 peracta
2290 3595 2396 3649 vita
2445 3606 2545 3650 est.
2590 3594 2773 3664 Atque
2819 3597 2933 3650 hare
2974 3596 3216 3664 quidem,
3245 3595 3339 3664 qui

1763 3697 2108 3759 peccatorum
2158 3687 2532 3757 purgationem
2595 3686 2945 3755 promittunt.
2996 3683 3150 3738 Nunc
3197 3697 3330 3737 vero

1763 3785 2051 3838 audiamus
2080 3798 2338 3853 quosnam
2367 3782 2634 3836 advocent
2665 3777 2965 3834 Christiani
2998 3793 3013 3830 :
3044 3776 3327 3845 Quisquis,

1765 3875 2042 3944 inquiunt,
2090 3887 2364 3943 peccator,
2419 3872 2668 3940 quisquis
2730 3870 3028 3939 insipiens,
3086 3867 3335 3937 quisquis

1763 3983 1921 4038 puer,
1951 3975 2026 4031 ct,
2055 3977 2115 4021 ut
2142 3966 2308 4021 verbo
2344 3967 2542 4029 dicam,
2572 3964 2821 4033 quisquis
2843 3962 3026 4016 infelix
3057 3972 3160 4027 est,
3192 3961 3336 4013 hunc

1767 4060 1860 4114 Dei
1896 4074 2121 4129 regnum
2148 4059 2398 4126 accipiet.
2439 4056 2502 4110 Et
2538 4070 2696 4124 quem
2735 4063 3078 4124 peccatorem
3111 4052 3336 4106 dicitis?

1763 4150 1952 4206 Nonne
1980 4150 2259 4219 injustum,
2292 4149 2488 4213 furem,
2525 4162 2805 4201 murorum
2845 4144 3213 4204 eﬂ‘ractorem,
3245 4158 3338 4196 ve-

1765 4245 2034 4308 neficum,
2100 4242 2462 4310 saerilegum,
2522 4248 2861 4293 mortuorum
2939 4234 3337 4305 Spoliatorcm?

1766 4335 1975 4401 Ecquos
2021 4333 2155 4388 alios
2185 4340 2444 4395 vocaret,
2495 4332 2586 4398 qui
2621 4330 2888 4383 latronum
2935 4325 3193 4381 conflaret
3243 4339 3334 4378 so-

1765 4425 2062 4478 cietatem?
2097 4441 2116 4476 ι
2175 4424 2256 4476 Ad
2303 4425 2420 4476 haec
2469 4421 2733 4482 dicimus,
2785 4417 2931 4472 aliud
2991 4431 3111 4470 esse
3161 4430 3335 4484 :cgras

124 4510 228 4578 πρὸς
250 4517 415 4571 ταῦτα
442 4518 500 4570 δέ
551 4533 757 4587 φαμεν,
796 4517 876 4569 ὅτι
899 4517 958 4568 οὐ
1003 4516 1195 4570 ταυτὸν
1235 4518 1352 4568 ἐστι
1380 4511 1666 4576 νοσοῦντας

1771 4516 1978 4568 animas
2003 4514 2068 4569 ad
2099 4511 2470 4575 curationem;
2508 4511 2656 4563 aliud
2709 4523 2872 4562 sanas
2920 4507 2987 4561 ad
3030 4520 3212 4560 rerum
3250 4506 3334 4557 di-

124 4601 194 4672 τὴν
222 4606 386 4678 ψυχὴν
412 4611 508 4663 ἐπὶ
534 4608 832 4678 θεραπείαν
858 4609 1057 4666 καλεῖν,
1082 4609 1173 4660 καὶ
1202 4607 1539 4675 ὑγιαίνοντας
1566 4603 1660 4656 ἐπὶ

120 4692 192 4760 τὴν
237 4699 334 4750 τῶν
387 4700 687 4772 θειοτέρων
755 4699 951 4767 γνῶσιν
1017 4700 1110 4751 καὶ
1165 4699 1492 4768 ἐπιστήμην.
1549 4696 1660 4748 Καὶ

121 4782 245 4850 ἡμεῖς
268 4789 338 4854 δὲ,
378 4792 677 4862 ἀμφότερα
717 4788 887 4842 ταῦτα
932 4787 1358 4858 γιγνώσκοντες,
1400 4786 1519 4839 κατ’
1562 4787 1662 4856 ἀρ-

119 4875 194 4942 κάς
231 4881 318 4948 μὲν
351 4883 794 4955 προκαλούμενοι
841 4882 932 4935 ἐπὶ
980 4879 1045 4932 τὸ
1091 4878 1488 4950 θεραπευθῆναι
1533 4876 1659 4939 τοὺς

117 4966 420 5041 ἀνθρώπους,
473 4977 863 5047 προτρέπομεν
925 4977 1052 5038 τοὺς
1107 4970 1463 5045 ἁμαρτωλοὺς
1501 4969 1657 5038 ἥκειν

119 5061 190 5111 ἐπὶ
231 5067 345 5128 τοὺς
398 5066 757 5130 διδάσκοντας
807 5066 999 5134 λόγους
1054 5064 1124 5136 μὴ
1174 5060 1528 5132 ἁμαρτάνειν,
1565 5059 1660 5111 καὶ

119 5149 217 5215 τεὺς
255 5155 543 5220 ἀσυνέτους
594 5155 688 5209 ἐπὶ
719 5157 843 5219 τοὺς
886 5155 1244 5226 ἐμποιοῦντας
1282 5148 1515 5210 σύνεσιν,
1565 5147 1660 5199 καὶ

119 5242 218 5304 τοὺς
246 5247 466 5318 νηπίους
511 5248 599 5311 εἰς
644 5245 707 5299 τὸ
738 5245 1048 5300 ἀναϐαίνειν
1103 5243 1410 5315 φρονήματι
1444 5236 1538 5288 ἐπὶ
1569 5236 1661 5289 τὸν

307 5449 912 5522 Αιῖσε,ίάποτρέψομεν,
940 5448 1102 5522 male.

129 5515 273 5596 ’1⁸51)
314 5521 541 5596 Τούςδσ
583 5515 694 5586 τιςί.
732 5515 1386 5596 Bohcrelloscribcndum
1413 5519 1648 5588 videtur,

121 5584 182 5646 ὥς
209 5584 267 5651 γέ
290 5605 390 5652 τις,
424 5591 623 5646 Guielo
649 5584 835 5644 autem
862 5587 1033 5641 τοῖσδέ
1066 5606 1166 5653 τις.

182 5656 280 5729 (ᾖ)
317 5659 654 5715 Ηωδςιιειίυδ
683 5661 734 5713 ἱιι
763 5669 931 5721 textu,
965 5659 1172 5729 μίσους.

183 5724 281 5796 (55)
316 5731 528 5798 Φησιν.
567 5730 868 5803 tegendum
902 5724 1126 5797 videtur,
1157 5731 1335 5800 φασίν.

1767 4604 2036 4659 viniorum
2077 4602 2444 4674 cognitionem
2483 4610 2538 4654 et
2589 4599 2872 4654 scientiam
2913 4611 3127 4650 vocare.
3190 4593 3334 4658 Nos,

1767 4697 1859 4765 qui
1909 4696 2194 4764 utriusque
2240 4695 2533 4748 discrimen
2574 4691 2798 4755 scimus,
2854 4688 3120 4758 principio
3169 4685 3334 4757 487

1766 4787 1980 4856 quidem
2037 4787 2282 4840 homines
2340 4787 2622 4839 hortamur
2667 4793 2726 4836 ut
2773 4780 2955 4836 curari
3015 4794 3072 4833 se
3126 4781 3332 4843 velint;

1765 4879 2049 4933 hortamur
2105 4886 2456 4946 peccatores,
2489 4883 2550 4927 ut
2595 4873 2842 4928 doctores
2894 4871 3122 4924 audiant
3175 4869 3333 4936 quia

1764 4974 2040 5043 peccando
2072 4974 2376 5037 deterrent;
2425 4972 2767 5042 insipientes,
2799 4979 2857 5024 ut
2890 4970 3210 5025 acuentibus
3243 4971 3337 5022 ad-

1760 5065 2184 5134 juvantibusque
2213 5065 2278 5118 ad
2312 5064 2720 5134 intelligendum
2768 5062 2973 5117 dociles
3003 5078 3166 5116 aures
3198 5077 3336 5130 prae-

1767 5157 1957 5222 beant;
1991 5169 2215 5226 pueros,
2242 5163 2303 5208 ut
2335 5169 2534 5208 sensus
2567 5154 2917 5222 auirnumque
2955 5153 3165 5206 virilem
3207 5169 3336 5206 cou-

1769 5247 2005 5316 cipiaut;
2041 5246 2286 5302 infelices
2327 5247 2561 5316 denique
2610 5247 2677 5301 ad
2709 5249 2875 5300 vitam
2925 5243 3168 5309 felicem,
3215 5259 3331 5307 seu,

1832 5451 1945 5524 (54)
1983 5450 2242 5522 Λῃστάς.
2283 5451 2592 5524 Legendum
2634 5453 2846 5506 videtur
2893 5450 3116 5524 )cqmjg.
3169 5448 3334 5524 Paulo

1760 5519 1883 5588 posit
1927 5519 2090 5580 codd.
2144 5523 2341 5590 Regius
2377 5519 2452 5576 ret
2508 5523 2856 5584 Basileensis,
2909 5519 3199 5583 νοσοῦντας
3232 5519 3332 5590 τὴν

1761 5593 1958 5664 ψυχήν.
2021 5589 2360 5650 ilmschelius
2418 5601 2472 5648 et
2528 5595 2855 5664 Spencerus,
2910 5590 3167 5644 νοσοῦντα
3233 5589 3326 5656 τὴν

1759 5647 1952 5734 defuit
