3852 6418
554 327 660 387 999

2026 316 2348 372 ORIGENIS

3626 285 3735 368 tam

556 459 616 504 ut
665 448 835 516 magis
874 447 1092 517 proprie
1128 446 1338 516 loquar,
1371 443 1438 498 ad
1485 441 1872 498 beatitudinem
1907 439 2101 494 excita-

2211 438 2399 507 ἄνδρα,
2439 433 2532 488 καὶ
2579 432 2704 495 τοὺς
2759 429 2944 492 ἁπλῶς
2981 427 3370 498 κακοδαίμονας
3412 424 3500 479 ἐπὶ
3537 425 3736 498 εὐδαιμο

552 554 698 595 mus.
722 537 828 592 Sed
855 545 1139 608 postquam
1168 535 1227 598 ii,
1267 550 1398 604 quos
1423 533 1624 588 hortati
1646 546 1854 596 sumus,
1877 545 2118 600 progres-

552 627 762 685 sionem
789 627 856 681 ad
893 628 1149 681 virtutem
1177 624 1442 689 fecerunt,
1472 623 1545 678 ita
1573 632 1628 676 ut
1664 621 1782 676 illos
1810 637 1839 674 a
1869 621 2113 674 doctrina

551 719 868 774 emendatos
901 717 1069 772 fuisse
1117 717 1454 781 innotescat,
1495 724 1608 768 tum
1653 714 1866 768 demum
1913 712 2116 766 nostris

552 812 826 883 mysteriis
872 811 1176 866 initiantur.
1227 829 1247 863 ι
1279 808 1615 880 Sapientiam
1655 805 1798 861 enim
1842 804 2114 876 loquimur

551 905 696 960 inter
732 902 1002 974 perfectos
1021 903 1088 958 θ’.
1112 921 1132 955 ι

618 1106 710 1162 60.
748 1105 1015 1173 Quoniam
1045 1121 1174 1162 vero
1203 1107 1480 1169 docemus,
1517 1121 1538 1155 ι
1562 1101 1880 1171 sapientiam
1912 1101 1962 1153 in
1997 1092 2114 1152 ma-

477 1219 480 1226 ·
545 1197 775 1254 levolam
813 1199 1048 1254 animam
1081 1214 1187 1253 non
1217 1196 1583 1258 introituram,
1623 1207 1724 1248 nec
1748 1191 2111 1246 habitaturam
2155 1245 2158 1250 ,

545 1291 602 1346 in
634 1304 863 1360 corpore
899 1290 1113 1343 subdito
1141 1287 1382 1358 peccatis
1407 1285 1449 1353 ί,
1479 1304 1498 1337 ι
1545 1282 1774 1338 dicimus
1809 1300 1824 1336 :
1858 1280 2114 1350 Quisquis

546 1389 632 1437 est
661 1381 808 1449 puris
833 1379 1082 1434 manibus
1107 1391 1160 1431 et
1187 1379 1276 1447 qui
1311 1385 1591 1445 propterea
1627 1387 1816 1426 manus
1843 1373 1908 1425 ad
1945 1371 2111 1425 Deum

545 1488 713 1545 puras
743 1470 907 1535 levat,
938 1471 1062 1539 quia
1095 1467 1345 1524 sublimia
1391 1465 1742 1533 cmlestiaque
1776 1472 1996 1526 tractat,
2039 1460 2112 1514 ita

550 1570 610 1615 ut
639 1561 819 1615 dicere
868 1559 1040 1630 possit
1079 1574 1092 1610 :
1135 1575 1153 1609 ι
1176 1557 1416 1611 Elevatio
1465 1571 1720 1610 manuum
1751 1567 1989 1607 mearum
2023 1566 2114 1605 sa-

547 1652 810 1708 criﬁcium
864 1650 1292 1720 vespertinum’,
1345 1667 1364 1702 ›
1416 1647 1462 1703 is
1489 1649 1555 1702 ad
1602 1662 1700 1701 nos
1740 1646 1938 1699 veniat.
1969 1643 2106 1698 Dici-

546 1764 670 1806 mus
715 1751 878 1805 etiam
934 1767 950 1803 :
1002 1749 1261 1817 Quisquis
1306 1757 1389 1800 est
1435 1759 1569 1799 voce
1603 1745 1836 1812 sapiens.
1871 1741 2009 1810 quod
2057 1739 2109 1792 in

547 1839 668 1909 lege
699 1839 906 1894 Domini
940 1839 1228 1892 meditetur
1257 1839 1342 1890 die
1375 1851 1437 1891 ac
1465 1844 1644 1900 nocte,
1674 1844 1727 1888 et
1759 1848 1854 1901 pro
1881 1845 2110 1885 consue-

549 1931 736 1984 tudine
781 1930 1110 1985 exercitatos
1147 1909 1344 1982 habeat
1395 1939 1584 1980 sensus
1616 1924 1680 1977 ad
1733 1921 2110 1976 discretionem

547 2020 673 2076 δοιιί
705 2036 769 2074 ac
817 2019 1018 2084 mali';
1071 2019 1118 2073 is
1168 2034 1236 2073 ne
1282 2026 1537 2086 gravetur
1585 2014 1648 2066 ad
1681 2013 1882 2066 solidos
1913 2023 2113 2076 eosque

548 2111 822 2180 spiritales
850 2113 1002 2165 cibos
1043 2110 1322 2172 accedere,
1359 2107 1449 2177 qui
1487 2105 1722 2176 pietatis,
1774 2103 2112 2170 aliarumque

545 2205 807 2258 virtutum
839 2203 1082 2258 omnium
1116 2201 1338 2256 athletis
1365 2198 1712 2254 conveniunt.
1764 2195 1830 2249 Et
1857 2195 1980 2263 quia
2020 2192 2110 2246 Dei

547 2293 719 2364 gratia
747 2303 828 2349 est
860 2307 982 2348 cum
1010 2293 1262 2347 omnibus
1296 2290 1385 2360 qui
1422 2292 1734 2356 incorrupto
1774 2300 1960 2340 amore
1987 2299 2108 2337 eum

547 2392 752 2449 amant,
784 2399 814 2438 a
862 2399 969 2453 quo
999 2385 1064 2438 de
1097 2381 1501 2438 itnmortalitate
1535 2382 1851 2434 documenta
1895 2377 2108 2437 dantur,

545 2472 779 2528 dicimus
811 2489 826 2525 :
857 2471 1112 2542 Quisquis
1161 2486 1326 2542 purus
1363 2480 1446 2526 est
1482 2486 1586 2524 non
1638 2468 1706 2523 ab
1734 2468 1876 2522 omni
1907 2466 2110 2520 scelere

544 2573 786 2628 tantum,
835 2564 928 2617 sed
959 2564 1118 2618 etiam
1151 2565 1219 2616 ab
1248 2562 1314 2616 iis
1346 2561 1586 2632 peccatis
1615 2574 1733 2628 qua:
1763 2573 1861 2627 pro
1893 2555 2110 2612 leviori-

544 2652 648 2708 bus
696 2655 985 2717 habentur,
1041 2654 1267 2708 ﬁdenter
1315 2655 1537 2707 accedat
1568 2651 1861 2706 initiandus
1889 2649 2107 2720 religio-

546 2743 633 2799 nis
661 2742 785 2799 Jesu
836 2746 1124 2816 mysteriis,
1162 2760 1282 2814 quas
1331 2744 1542 2799 nonnisi
1577 2758 1673 2812 pro
1705 2744 1853 2812 puris
1896 2752 1948 2794 ct
1977 2757 2106 2796 san-

546 2835 651 2888 ctis
693 2834 936 2890 instituta
987 2844 1130 2890 sunt.
1183 2834 1249 2890 Et
1302 2846 1468 2907 mysta
1528 2835 1744 2904 quidem
1795 2833 1934 2887 Celsi
1983 2834 2102 2887 ait:

549 2943 571 2978 ι
595 2925 754 2993 Cujus
779 2927 1164 2984 conscientiam
1189 2927 1319 2982 nihil
1349 2928 1472 2981 mali
1504 2927 1802 2989 remordet,
1833 2927 2045 2991 veniat;
2081 2946 2100 2978 ι

510 3016 638 3072 sed
667 3017 756 3085 qui
805 3018 1096 3072 secundum
1140 3015 1267 3072 Iesu
1319 3018 1654 3086 disciplinam
1685 3016 1776 3072 Dei
1835 3019 2104 3086 mysteriis

542 3106 744 3172 initiat,
792 3109 925 3164 dicit
972 3111 1060 3176 iis,
1108 3124 1334 3177 quorum
1363 3109 1473 3176 jam
1505 3112 1682 3163 anima
1715 3120 1938 3178 purgata
1966 3120 2046 3163 est
2085 3126 2099 3163 :
2133 3125 2175 3183 ε

541 3199 796 3269 Quisquis
844 3199 1163 3269 jamdudum
1214 3200 1347 3255 nihil
1385 3201 1509 3254 mali
1559 3200 1822 3256 conscivit
1872 3199 1996 3264 sibi,
2051 3210 2105 3254 et

539 3291 930 3360 prrsertimex
977 3306 1080 3360 quo
1113 3293 1370 3346 doctrina:
1423 3289 1690 3346 medicina
1737 3300 1962 3344 sanatus
1995 3299 2100 3353 est,

539 3379 632 3435 ille
661 3383 843 3436 audiat
891 3399 1010 3452 qua:
1040 3381 1200 3438 Jesus
1228 3383 1456 3438 seorsim
1489 3383 1606 3436 suis
1655 3381 1934 3451 discipulis
1961 3381 2104 3435 edis-

538 3470 729 3524 seruit.
795 3471 872 3525 lix
923 3487 1028 3540 quo
1079 3472 1312 3528 efﬁcitur
1361 3470 1600 3536 Celsum,
1653 3473 1778 3525 dum
1827 3468 2102 3540 religionis

537 3563 865 3619 Graecanica:
928 3567 1208 3621 ministros
1261 3565 1540 3633 religionis
1605 3562 1733 3618 Jesu
1793 3562 2102 3616 doctoribus

534 3657 804 3726 opposuit,
841 3671 947 3710 non
984 3656 1322 3712 intellexisse
1373 3657 1499 3726 quid
1553 3657 1668 3709 haec
1693 3655 1800 3709 duo
1828 3655 2102 3723 discrepa-

537 3755 684 3810 rent,
716 3761 909 3802 vncare
940 3747 1113 3801 malos
1155 3747 1224 3801 ad
1253 3747 1513 3801 sumenda
1547 3748 1804 3812 remedia,
1848 3755 1900 3800 et
1934 3759 2100 3814 puros

535 3835 604 3888 ad
635 3851 813 3889 rerum
841 3836 1265 3914 reconditiorum
1299 3837 1684 3904 cognitionem.

606 3929 694 3982 (il.
737 3927 846 3984 Nec
898 3927 1158 3997 injustum
1189 3928 1372 3996 igitur,
1419 3943 1521 3981 nec
1567 3927 1758 3988 iurem,
1795 3941 1891 3983 nec
1919 3941 2099 3981 muro-

535 4019 1046 4087 rumell‘raclorem,
1100 4033 1199 4073 nec
1223 4020 1546 4085 veneﬁcum,
1603 4035 1703 4073 nec
1755 4018 2097 4085 sacrilegum,

533 4128 636 4167 nec
687 4121 1023 4167 mortuorum
1079 4109 1454 4180 spoliatorem,
1508 4126 1607 4164 nec
1643 4110 1781 4164 alios
1823 4125 2096 4178 quoscun-

529 4219 636 4274 que
679 4203 868 4259 Celsus
895 4205 1274 4274 exaggerando
1317 4217 1606 4257 numerare
1637 4210 1839 4269 posset,
1869 4201 1935 4255 ad
1981 4217 2096 4271 my-

527 4297 823 4352 Steriorum
878 4296 1127 4349 notitiam
1177 4310 1457 4356 vocamus,
1511 4302 1604 4346 aut
1637 4292 1930 4362 participes
1958 4291 2094 4348 laci-

527 4403 647 4443 mus
696 4389 998 4457 sapientiae,
1053 4406 1072 4440 ι
1096 4403 1216 4456 qua:
1265 4384 1579 4442 abscondita
1617 4396 1725 4450 est,
1763 4399 1920 4453 quam
1955 4399 2093 4453 pra:—

2218 527 2354 589 νίαν,
2396 524 2452 594 ἢ,
2494 521 2650 593 (ὅπερ
2682 518 3007 592 κυριώτερόν
3041 520 3186 572 ἐστιν
3224 516 3439 586 εἰπεῖν,)
3473 517 3561 570 ἐπὶ
3593 535 3736 587 μακα-

2221 616 2441 686 ριότητα
2459 630 2473 643 ·
2507 611 2644 666 ὲπάν
2675 610 2720 664 δ’
2741 613 2789 664 οί
2811 609 3206 681 προκόπτοντες
3231 605 3340 659 τῶν
3366 607 3738 678 προτραπέντων

2216 705 2607 778 παραστήσωσι
2634 701 2694 755 τὸ
2722 699 3058 770 κεκαθάρθαι
3086 697 3190 751 ὑπὸ
3214 696 3308 749 τοῦ
3338 696 3512 764 λόγου,
3539 697 3640 761 καὶ,
3661 698 3737 769 ὅση

2215 794 2461 866 δύναμις,
2505 791 2711 864 βέλτιον
2753 789 3094 862 βεϐιωκέναι,
3135 787 3199 842 τὺ
3228 785 3480 856 τηνικάδε
3512 784 3739 856 καλοῦμεν

2214 887 2410 949 αὐτοὺς
2457 885 2550 938 ἐπὶ
2597 882 2696 947 τὰς
2752 884 2881 955 παρ’
2925 882 3054 953 ἡμῖν
3092 878 3332 943 τελετάς.
3381 897 3399 930 ι
3432 877 3614 946 Σοφίαν
3655 877 3738 947 γὰρ

2211 975 2480 1047 λαλοῦμεν
2510 977 2568 1028 ἐν
2596 977 2709 1038 τοῖς
2738 973 2982 1037 τελείοις.
3007 991 3026 1024 ι

2284 1067 2394 1120 Καὶ
2423 1067 2782 1129 διδάσκοντες,
2810 1064 2893 1117 ὅτι
2951 1083 2969 1114 ι
2999 1063 3092 1128 Ei;
3134 1060 3458 1131 κακότεχνον
3483 1056 3641 1128 ψυχὴν
3662 1057 3736 1109 οῦκ

2213 1157 2574 1214 εἰσελεύσεται
2609 1157 2787 1228 σοφία,
2839 1156 2958 1210 οὐδὲ
2991 1155 3303 1227 κατοικήσει
3349 1153 3407 1204 ὲν
3442 1149 3634 1222 σώματι
3659 1165 3733 1200 κα-

2210 1249 2425 1319 τάχρεῳ
2462 1247 2753 1320 ἁμαρτίας,
2780 1267 2799 1298 ι
2850 1245 3063 1318 φαμέν·
3097 1244 3281 1308 Ὅστις
3312 1244 3496 1314 χεῖρας
3523 1238 3732 1309 καθαρὸς,

2213 1339 2309 1392 καὶ
2339 1337 2426 1391 διὰ
2467 1337 2612 1391 τοῦτ’
2639 1337 2881 1410 ἐπαίρων
2927 1339 3110 1407 χεῖρας
3164 1333 3318 1398 ὁσίας
3371 1331 3450 1402 τῷ
3501 1329 3628 1400 Θεῷ,
3667 1328 3732 1380 καὶ

2213 1432 2365 1504 παρά
2387 1433 2447 1485 τὸ
2473 1431 2735 1504 διηρμένα
2758 1430 2852 1484 καὶ
2871 1428 3095 1500 οὐράνια
3121 1425 3406 1489 ἐπιτελεῖν,
3433 1422 3634 1476 δύναται
3651 1420 3725 1491 (55')

2213 1527 2410 1595 λέγειν,
2471 1525 2771 1592 «Ἔπαρσις
2815 1521 2922 1574 τῶν
2967 1519 3162 1592 χειρῶν
3214 1534 3317 1590 μου
3363 1515 3519 1568 θυσία
3563 1513 3723 1581 ἑσπερι-

2211 1618 2274 1688 νή
2297 1634 2309 1646 ο
2337 1637 2354 1670 ι
2384 1617 2565 1688 ἡκέτω
2599 1614 2732 1685 πρὸς
2765 1615 2940 1685 ἡμᾶς·
2977 1611 3091 1665 καίο
3125 1611 3310 1671 Ὅστις
3334 1607 3514 1678 φωνὴν
3545 1603 3722 1664 συνετὸς,

2211 1709 2289 1780 τῷ
2323 1709 2547 1780 μελετᾷν
2601 1706 2689 1760 τὸν
2735 1706 2895 1775 νόμον
2925 1703 3126 1774 Κυρίου
3173 1700 3383 1771 ἡμέρας
3434 1697 3527 1750 καὶ
3563 1695 3724 1755 νυκτὸς,

2214 1801 2308 1854 καὶ
2350 1798 2428 1869 τῷ
2478 1798 2564 1851 διὰ
2610 1798 2707 1868 τὴν
2752 1795 2864 1862 ἕξιν
2892 1795 2959 1848 τά
2992 1792 3316 1864 αἰσθητήρια
3357 1787 3728 1857 γεγυμνασμένα

2205 1891 2501 1966 ,ἐσχηκέναι
2553 1887 2689 1960 πρὸς
2721 1887 2989 1958 διάκρισιν
3039 1883 3204 1937 καλοῦ
3230 1899 3289 1934 τε
3337 1880 3433 1934 καὶ
3479 1874 3650 1938 κακοῦ,
3676 1875 3728 1943 μὴ

2213 1983 2436 2036 όκνείτω
2489 1980 2765 2051 προσιέναι
2816 1977 3058 2047 στερεαῖς
3112 1969 3355 2040 λογικαῖς
3398 1970 3609 2038 τροφαῖς
3647 1964 3728 2033 (56}

2213 2077 2306 2130 καὶ
2333 2073 2694 2144 ἁρμοζούσαις
2723 2070 2975 2141 ἀθληταῖς
3000 2065 3275 2126 εὐσεϐείας
3311 2063 3402 2115 καὶ
3441 2061 3606 2128 πάσης
3634 2056 3730 2124 ἀρε-

2211 2167 2330 2237 τῆς.
2371 2167 2522 2218 Ἐπεὶ
2553 2164 2610 2216 δὲ
2636 2164 2728 2216 καὶ
2773 2162 2806 2231 ὴ
2834 2161 2990 2232 χάρις
3029 2157 3122 2211 τοῦ
3153 2154 3286 2209 Θεοῦ
3331 2155 3445 2206 ἐστι
3477 2149 3602 2221 μετά
3631 2147 3733 2199 πάν-

2212 2276 2318 2312 των
2367 2256 2474 2310 τῶν
2521 2257 2577 2309 ὲν
2625 2253 2900 2324 ἀφθαρσίᾳ.
2945 2246 3279 2319 ἀγαπώντων
3324 2245 3416 2298 τὸν
3465 2237 3734 2295 διδάσκαλον

2209 2348 2318 2400 τῶν
2347 2349 2442 2418 τῆς
2475 2345 2771 2404 ἀθανασίας
2799 2340 3157 2412 μαθημάτων·
3189 2338 3375 2398 ’Ὀστις
3403 2331 3556 2402 ἁγνὸς
3578 2329 3630 2381 οὐ
3660 2327 3725 2398 μά

2211 2456 2298 2493 νον
2336 2439 2442 2492 ἀπὸ
2469 2436 2668 2500 παντὸς
2699 2436 2898 2506 μύσους
2923 2431 3054 2504 (57),
3104 2429 3240 2484 ἀλλά
3285 2428 3378 2481 καὶ
3408 2423 3514 2478 τῶν
3558 2419 3735 2474 ἐλαττὸ-

2209 2548 2314 2584 νων
2343 2526 2477 2583 εἶναι
2503 2527 2868 2600 νομιζομένων
2894 2523 3325 2595 ἁμαρτημάτων,
3379 2514 3585 2587 θαρρῶν
3611 2510 3733 2583 μνεί-

2213 2621 2321 2674 σθω
2362 2620 2429 2673 τὰ
2457 2620 2640 2691 μόνοις
2680 2618 2852 2685 ἁγίοις
2879 2615 2972 2669 καὶ
2997 2613 3252 2684 καθαροῖς
3285 2608 3516 2677 εὐλόγως
3548 2600 3736 2691 παραδι-

2207 2713 2408 2783 δόμενα
2455 2713 2727 2782 μυστήρια
2775 2709 2873 2779 τῆς
2905 2706 3045 2761 κατὰ
3084 2701 3287 2773 Ἰησοῦν
3337 2693 3644 2756 θεοσεύείας.
3688 2690 3732 2740 '0

2211 2781 2309 2874 μέν
2353 2781 2683 2856 οὖννΚέλσου
2722 2801 2929 2870 μύστης
2977 2797 3159 2866 φησὶν,
3223 2811 3241 2845 t
3268 2793 3415 2861 Ὅτῳ
3443 2787 3582 2841 οὐδὲν
3609 2781 3736 2874 ἡψυ-

2208 2895 2275 2966 χὴ
2311 2891 2515 2946 σύνοιδε
2559 2891 2746 2954 κακὸν,
2796 2890 3004 2961 ἡκέτω*
3030 2907 3049 2938 ›
3092 2889 3122 2939 ὁ
3154 2884 3210 2937 δὲ
3261 2881 3401 2937 κατά
3439 2879 3528 2931 τὸν
3563 2871 3733 2946 Ἰησοῦν

2211 2984 2583 3058 μυσταγωγῶν
2633 2981 2710 3052 τῷ
2741 2980 2860 3050 Θεῷ
2888 2983 2996 3042 τοῖς
3023 2975 3448 3046 κεκαθαρμένοις
3476 2971 3569 3043 τὴν
3590 2966 3734 3038 ψυχὴν

2207 3081 2346 3152 ἐρεῖ·
2388 3080 2529 3147 Ὅτῳ
2558 3074 2734 3146 πολλῷ
2770 3073 2941 3145 χρόνῳ
3182 3068 3333 3121 οὐδὲν
3356 3062 3553 3118 σύνοιδε
3578 3058 3732 3121 κακὸν,

2207 3149 2298 3224 καὶ
2333 3168 2564 3239 μάλιστα
2592 3167 2682 3233 ἀφ’
2711 3158 2770 3215 οῦ
2812 3157 3172 3232 προσελήλυθε
3203 3158 3268 3226 τῇ
3297 3153 3392 3207 τοῦ
3429 3152 3578 3221 λόγου
3605 3149 3737 3217 θερα-

2111 3283 2114 3291 '
2207 3261 2353 3332 πείᾳ,
2398 3255 2549 3322 οὗτος
2579 3258 2671 3310 καὶ
2699 3255 2806 3308 τῶν
2841 3254 2956 3306 κατ’
2991 3251 3125 3304 ἰδίαν
3150 3246 3343 3318 λελοιλη
3355 3245 3525 3316 μένων
3550 3241 3641 3296 ὑπὸ
3660 3237 3732 3290 τοῦ

2216 3352 2390 3423 Ἰησοῦ
2424 3353 2535 3413 τοῖς
2568 3348 2807 3418 γνησίοις
2843 3343 3106 3416 μαθηταῖς
3133 3340 3394 3394 ἀκουέτω.
3444 3334 3634 3391 Οὐκοῦν
3658 3328 3731 3384 καὶ

2202 3448 2260 3500 ἐν
2289 3442 2370 3508 οἷς
2400 3441 2847 3513 ἀντιπαρατίθησι
2894 3437 2962 3491 τὰ
2989 3435 3096 3490 τῶν
3141 3433 3418 3505 μυούντων
3461 3429 3518 3482 ἐν
3549 3425 3734 3492 Ἕλλησι

2200 3539 2311 3600 τοῖς
2339 3535 2646 3587 διδάσκουσι
2673 3531 2743 3583 τά
2775 3529 2868 3582 τοῦ
2912 3524 3083 3597 Ἰησοῦ
3117 3525 3218 3578 οὐκ
3249 3518 3356 3575 οἶδε
3390 3517 3635 3590 διαφορὰν
3653 3531 3732 3566 κα-

2199 3628 2470 3699 λουμένων
2519 3625 2612 3678 ἐπὶ
2641 3624 2738 3694 μὲν
2767 3620 3057 3692 θεραπείαν
3085 3617 3325 3686 φαύλων,
3370 3615 3462 3668 ἐπὶ
3485 3613 3540 3667 δὲ
3564 3610 3623 3663 τὰ
3653 3624 3732 3678 μυ-

2202 3719 2505 3790 στικώτερα
2538 3716 2646 3770 τῶν
2669 3715 2768 3786 ἤδη
2799 3711 3219 3784 καθαρωτάτων.

2269 3925 2381 3976 Οὐκ
2401 3924 2492 3976 ἐπὶ
2522 3922 2790 3993 μυστήρια
2815 3914 2908 3974 οῦν
2938 3917 3030 3972 καὶ
3058 3916 3341 3971 κοινωνίαν
3373 3916 3558 3985 σοφίας
3581 3915 3630 3967 ἐν
3658 3928 3731 3982 μυ·

2199 4017 2402 4089 στηρίῳ
2433 4037 2450 4068 ι
2476 4013 2986 4086 άποκεκρυμμένης,
3017 4009 3090 4078 ἣν
3116 4009 3419 4080 προώρισεν
3455 4011 3484 4061 ὁ
3504 4008 3621 4070 Θεὸς
3645 4003 3729 4072 πρὸ

2195 4111 2304 4163 τῶν
2340 4109 2550 4162 αἰώνων
2593 4110 2670 4169 εἰς
2697 4105 2852 4169 δόξαν
2881 4123 2899 4154 ι
2937 4103 3044 4157 τῶν
3069 4101 3291 4156 δικαίων
3325 4100 3538 4163 ἑαυτοῦ,
3566 4095 3730 4152 καλοῦο

2200 4217 2299 4272 μεν
2329 4201 2421 4254 τὸν
2449 4200 2652 4262 ἄδικον,
2706 4197 2798 4250 καί¹
2848 4194 3107 4263 κλέπτην,
3156 4194 3252 4247 καὶ
3285 4191 3621 4264 τοιχωρύχον,
3658 4188 3731 4241 καὶ

2195 4294 2509 4364 φαρμακέα,
2571 4292 2664 4344 καὶ
2717 4289 3007 4361 ἱερόσυλον,
3068 4286 3163 4340 καὶ
3237 4285 3605 4358 τυμϐωρύχον,
3657 4280 3731 4333 καὶ

2194 4387 2349 4449 ὅσους
2381 4387 2445 4440 ἂν
2489 4384 2678 4447 ἄλλους
2704 4379 3012 4435 δεινοποιῶν
3038 4380 3068 4431 ό
3098 4377 3303 4440 Κέλσος
3335 4378 3606 4449 ὀνομάσαι,
3635 4372 3727 4426 ἀλλ’

526 4479 822 4534 deStinavit
857 4480 998 4536 Deus
1048 4489 1174 4534 ante
1223 4477 1419 4534 sarcula
1467 4479 1518 4531 in
1563 4476 1872 4547 gloriam‘i
1922 4475 2090 4542 justo-

2207 4479 2286 4531 ἐπὶ
2327 4478 2634 4550 θεραπείαν.
2690 4476 2842 4527 Ἐστι
2872 4471 2978 4544 γὰρ
3009 4471 3067 4524 ὲν
3107 4473 3175 4541 τῇ
3205 4469 3298 4524 τοῦ
3329 4470 3489 4539 λόγου
3533 4468 3728 4534 θειότητι

526 4587 645 4627 rum
673 4572 823 4640 ejus;
871 4574 963 4627 sed
1011 4573 1077 4626 ad
1107 4574 1441 4626 sanationem
1469 4571 1814 4624 advocemus.
1870 4567 2004 4622 Nam
2035 4569 2084 4622 in

525 4667 703 4719 divina
751 4675 934 4720 nostra
969 4666 1218 4720 doctrina
1256 4665 1360 4718 alia
1413 4672 1540 4719 sunt
1582 4671 1892 4733 comparata
1945 4661 2086 4714 male

523 4758 866 4823 habentibus,
897 4759 964 4813 de
988 4759 1184 4828 quibus
1215 4760 1292 4811 ait
1326 4777 1339 4812 :
1381 4774 1399 4808 ι
1423 4757 1539 4811 Non
1570 4764 1652 4810 est
1693 4770 1826 4824 opus
1852 4752 2083 4806 valenti-

522 4849 622 4904 bus
669 4852 930 4912 medicus,
979 4851 1074 4904 sed
1106 4850 1245 4905 male
1278 4848 1724 4910 habentibus’p
1779 4845 1885 4898 alia
1931 4857 2080 4906 vero,

521 4953 643 5008 qua:
699 4953 894 5008 corpus
939 4937 1106 5008 488
1169 4940 1518 5006 animamque
1569 4950 1702 5004 pura
1764 4933 2082 4987 habentibus

417 5068 428 5072 κ
520 5033 820 5086 ostendunt.
841 5049 860 5082 ι
887 5033 1270 5092 revelationem
1303 5029 1544 5101 mysterii
1580 5026 1912 5096 temporibus
1931 5035 2086 5078 teter-

519 5122 608 5178 nis
653 5125 826 5189 taciti,
861 5123 1117 5188 patefacti
1149 5140 1292 5179 nunc
1321 5139 1420 5194 per
1442 5122 1757 5190 Scripturas
1789 5118 2080 5187 propheta-

520 5228 639 5266 rum
665 5214 705 5280 ⁶,
742 5223 795 5268 et
845 5229 942 5282 per
976 5215 1264 5270 adventum
1302 5215 1511 5269 Domini
1563 5211 1728 5266 nostri
1771 5209 1896 5268 Jesu
1924 5209 2081 5263 Chri-

519 5304 591 5356 sti
614 5303 704 5368 ⁷,»
771 5304 861 5372 qui
912 5293 1176 5358 a'dventus
1224 5304 1478 5372 perfectis
1527 5303 1778 5357 omnibus
1828 5299 2078 5370 patescit,

519 5403 866 5464 mentemque
893 5397 957 5448 ad
990 5409 1076 5450 res
1106 5395 1248 5450 nulla
1272 5395 1536 5449 mendacii
1565 5393 1853 5448 formidine
1883 5406 2080 5456 cogno-

588 5508 635 5541 "
660 5507 683 5562 ι
712 5507 837 5565 Cor.
872 5524 936 5579 tr.
961 5511 1012 5562 6.
1091 5511 1110 5543 ί
1141 5510 1266 5579 Sap.
1295 5525 1334 5575 ι,
1366 5511 1417 5565 4.

517 5579 540 5612 ⁸
569 5579 730 5633 Rom.
763 5594 874 5643 xw,
905 5577 994 5633 25.
1089 5581 1110 5612 ⁷
1164 5577 1378 5635 ll‘Tim.
1406 5596 1447 5647 ι,
1479 5579 1565 5634 10.

586 5695 700 5768 (55)
728 5697 1000 5768 Δύναται.
1044 5695 1352 5768 Boherellus
1388 5695 1535 5766 legit.
1569 5694 1807 5758 δυνατός.

586 5771 699 5840 (56)
729 5767 1064 5824 Ησὲδςιιθιίιιε
1097 5767 1150 5820 in
1183 5776 1354 5833 textu,
1383 5769 1623 5838 τροχαῖς,
1658 5768 1811 5820 male.

1525 5501 1546 5539 θ
1576 5509 1721 5564 Psal.
1745 5522 1867 5572 cn,
1893 5504 1949 5559 2.
2027 5503 2048 5537 ³
2083 5501 2226 5558 Psal.
2267 5519 2305 5567 ι,
2336 5505 2404 5568 2;
2437 5504 2570 5558 llcb.
2594 5503 2748 5568 v,4l.

2194 4571 2328 4624 ἄλλα
2355 4570 2453 4640 μὲν
2479 4568 2545 4621 τὰ
2573 4565 2936 4639 θεραπευτικά
2961 4562 3070 4618 τῶν
3099 4561 3285 4626 κακῶς
3316 4562 3544 4634 ἐχόντων
3569 4557 3730 4631 βοηθή-

2197 4678 2358 4732 ματα,
2391 4661 2518 4725 περὶ
2561 4653 2634 4712 ὧν
2664 4654 2814 4711 εἶπεν
2840 4659 2868 4711 ό
2889 4655 3044 4726 λόγος
3065 4661 3154 4722 τὸ,
3187 4673 3206 4707 ι
3236 4655 3311 4710 Οὐ
3337 4654 3524 4728 χρείαν
3549 4654 3730 4724 ἔχουσιν

2190 4755 2237 4806 οῖ
2276 4752 2546 4823 ἰσχύοντες
2577 4748 2782 4820 ἰατροῦ,
2829 4749 2943 4804 ἀλλ’
2967 4749 3017 4801 οί
3052 4747 3238 4810 κακῶς
3282 4747 3498 4818 ἔχοντες
3519 4763 3531 4776 ·
3557 4764 3574 4796 ι
3615 4740 3730 4796 ἄλλα

2189 4845 2246 4897 δὲ
2277 4845 2344 4898 τὰ
2371 4846 2479 4908 τοῖς
2507 4842 2764 4913 καθαροῖς
2805 4839 2980 4911 ψυχὴν
3009 4839 3102 4893 καὶ
3147 4838 3307 4910 σῶμα
3332 4832 3729 4910 παραδεικνύντα

2197 4956 2216 4989 ι
2243 4935 2577 5004 ἀποκάλυψιν
2607 4933 2925 5006 μυστηρίου,
2972 4931 3178 5003 χρόνοις
3204 4931 3447 4994 αἰωνίοις
3477 4925 3732 4997 σεσιγημέ-

2189 5049 2301 5095 νου,
2345 5031 2742 5103 φανερωθέντος
2775 5030 2832 5083 δὲ
2874 5027 2969 5082 νῦν
3011 5027 3099 5082 διά
3121 5045 3179 5081 τε
3219 5026 3453 5100 Γραφῶν
3496 5039 3730 5099 προφητι-

2189 5122 2321 5187 κῶν,
2363 5123 2455 5174 καὶ
2499 5121 2597 5190 τῆς
2641 5117 2957 5190 ἐπιφανείας
3005 5115 3097 5170 τοῦ
3138 5116 3346 5187 Κυρίου
3389 5114 3541 5187 ἡμῶν
3576 5105 3727 5181 Ἰησοῦ

2188 5213 2444 5284 Χριστοῦ,
2471 5232 2489 5265 ι
2533 5212 2745 5282 ἑκάστῳ
2787 5210 2894 5262 τῶν
2938 5207 3155 5263 τελείων
3193 5206 3605 5278 ὲπιφαινομένης
3642 5197 3725 5254 καὶ

2185 5302 2523 5373 φωτιξούσης
2567 5303 2646 5364 εἰς
2690 5299 2892 5371 ἀψευδῆ
2928 5300 3122 5366 γνῶσίν
3168 5298 3277 5353 τῶν
3321 5296 3640 5371 πραγμάτων
3665 5287 3725 5341 τὸ

2182 5394 2521 5464 ἡγεμονικόν.
2564 5393 2715 5446 Ἐπεὶ
2760 5392 2816 5445 δὲ
2861 5390 3169 5444 δειωποιῶν
3200 5390 3270 5444 τὰ
3312 5389 3433 5444 καθ’
3462 5386 3604 5460 ἡμῶν
3641 5382 3726 5448 ἐγω

2826 5501 2879 5556 ‘l
2905 5502 3027 5558 Cor.
3057 5517 3119 5567 ιι,
3153 5500 3203 5553 7.
3280 5503 3300 5533 ⁵
3338 5500 3522 5556 Matth.
3548 5512 3615 5562 ις,
3638 5490 3720 5548 19-

2263 5683 2374 5757 (57)
2413 5686 2745 5744 ίιωεείιείίυε
2770 5688 2822 5743 in
2859 5697 3026 5755 textu,
3055 5685 3262 5758 μίσους·
