3852 6418
124 376 233 432 ιοοι

1288 373 1564 428 CONTRA
1604 371 1876 428 CELSUM
1917 373 2044 428 ΗΒ.
2087 373 2174 429 llI.

3199 361 3351 430 tuos

120 489 368 560 κλήματα,
399 489 654 560 ἐπιφέρει
675 484 754 550 οἷς
774 488 1049 560 ὠνόμασεν
1069 489 1373 561 ἀνθρώποις
1403 491 1651 562 μιαρωτά

1773 492 2003 545 sccndas
2043 492 2332 547 illuminat.
2387 493 2538 559 Quod
2567 493 2664 558 ait,
2698 503 2755 548 ut
2785 493 3190 548 accusationem
3222 509 3338 547 arn-

119 597 209 637 τοις
249 579 332 640 τὸ,
387 600 407 631 ι
437 581 603 644 Τίνας
647 580 835 643 ἄλλους
875 580 1264 651 προκηρύττων
1313 581 1512 652 λῃστὴς
1537 583 1664 635 ὲκά-

120 677 246 735 λεσες
271 690 289 722 ι
333 672 431 726 καὶ
468 673 607 744 πρὸς
630 673 784 726 τοῦτο
810 675 1069 744 φήσομεν,
1095 674 1175 726 ὅτι
1203 672 1402 746 λῃστὴς
1429 674 1540 744 (58)
1569 674 1666 744 μὲν

117 763 218 826 τοὺς
262 761 543 825 τοιούτους
577 763 749 827 καλεῖ,
808 763 1082 834 χρώμενος
1113 762 1290 816 αὐτῶν
1323 766 1386 834 τῇ
1435 764 1667 835 πονηρίᾳ

119 854 214 907 κατ’
244 851 554 924 ἀνθρώπων
599 854 693 917 οὓς
742 852 978 923 φονεύειν
1031 856 1122 908 καὶ
1171 853 1332 926 συλᾷν
1391 853 1665 924 βούλονται

118 944 236 1015 (59)·
285 945 621 1014 Χριστιανὸς
642 945 718 1008 δὲ,
767 945 864 999 κᾶν
901 945 1037 1016 καλῇ
1071 944 1163 1008 οὓς
1193 947 1222 998 ὁ
1254 945 1452 1017 λῃστὴς
1491 946 1662 1010 καλεῖ,

114 1035 339 1106 διάφορον
373 1036 571 1105 κλῆσιν
605 1037 798 1100 αὐτοὺς
845 1037 1032 1090 καλεῖ’
1077 1036 1141 1089 ἵν’
1174 1036 1352 1090 αὐτῶν
1391 1037 1664 1111 καταδήσῃ

117 1126 168 1178 τὰ
186 1125 470 1196 τραύματα
511 1127 589 1197 τῷ
635 1127 793 1198 λόγῳ,
824 1130 913 1182 καὶ
940 1129 1132 1202 ἐπιχέῃ
1158 1132 1223 1200 τῇ
1259 1129 1662 1204 φλεγμαινούσῃ

116 1219 158 1268 ἐν
180 1221 358 1280 κακοῖς
384 1218 532 1290 ψυχῇ
566 1218 636 1270 τὰ
655 1219 761 1272 ἀπὸ
781 1220 873 1273 τοῦ
900 1220 1057 1289 λόγου
1091 1221 1373 1292 φάρμακα,
1405 1222 1663 1303 ἀνάλογον

115 1311 234 1378 οἴνῳ,
285 1310 379 1360 καὶ
414 1309 600 1380 ἐλαίῳ,
637 1311 727 1364 καὶ
777 1311 1110 1382 μαλάγματι,
1164 1312 1255 1365 καὶ
1304 1317 1414 1377 τοῖς
1463 1314 1664 1380 λοιποῖς

115 1402 199 1454 ἀπὸ
229 1402 484 1472 ἰατρικῆς
515 1402 693 1474 ψυχῆς
722 1403 830 1475 (60)
860 1403 1212 1475 βοηθήμασιν.

167 1490 284 1546 Εἶτα
335 1496 696 1564 συκοφαντῶν
742 1495 807 1549 τὰ
850 1498 1161 1569 προτροπῆς
1192 1499 1350 1552 ἕνεκα
1398 1499 1663 1570 εἰρημένα

116 1588 188 1638 καὶ
213 1589 576 1659 γεγραμμένα
626 1590 724 1661 τῆς
756 1590 890 1662 πρὸς
925 1593 1053 1655 τοὺς
1082 1592 1266 1656 κακῶς
1316 1592 1660 1663 βεϐιωκότας,

115 1683 187 1734 καὶ
221 1682 487 1736 καλοῦντα
538 1682 737 1746 αὐτοὺς
783 1685 875 1736 ἐπὶ
923 1684 1207 1754 μετάνοιαν
1251 1686 1345 1738 καὶ
1383 1685 1662 1756 διόρθωσιν

113 1778 189 1847 τῆς
210 1778 380 1848 ψυχῆς
432 1777 635 1845 αὐτῶν,
705 1779 867 1849 φησὶν
912 1781 1060 1850 ἡμᾶς
1097 1778 1293 1846 λέγειν,
1339 1781 1450 1842 τοῖς
1483 1780 1660 1849 ἁμαρ-

1772 583 1975 650 pliiicet
2015 602 2038 637 ιν
2076 602 2094 634 ι
2121 584 2334 654 Ecquos
2379 585 2515 640 alios
2545 596 2765 641 vocaret
2803 585 2982 640 latro?
3013 605 3032 638 ι
3093 585 3340 654 Respon-

1771 674 1960 729 demus
1986 690 2016 728 a
2048 674 2259 730 latrone
2290 678 2472 731 vocari
2503 677 2765 740 latrones,
2817 678 2959 747 quod
2995 677 3210 732 illorum
3241 695 3335 732 ne-

1770 762 1941 830 quitia
1977 774 2157 819 utatur
2188 775 2376 821 contra
2429 768 2675 822 homines
2706 785 2842 839 quos
2874 771 3184 824 interﬁcere
3225 771 3338 824 vult

1768 860 1823 907 et
1849 854 2118 923 spoliare;
2165 857 2502 913 Christianos
2547 875 2695 922 vero,
2743 862 2842 915 etsi
2878 863 3093 916 eosdem
3140 871 3333 916 vocent

1769 957 1833 997 ac
1862 943 2023 1006 latro,
2079 946 2187 1001 alio
2216 956 2395 1002 tamen
2428 964 2620 1003 vocare
2673 950 2934 1013 consilio;
2986 951 3240 1006 nimirum
3276 960 3335 1004 ut

1769 1035 2014 1089 doctrina
2069 1037 2292 1092 vulnera
2343 1054 2533 1092 eorum
2577 1041 2834 1111 obligeut,
2886 1051 2940 1095 ct
2994 1042 3044 1096 in
3094 1042 3333 1096 animam

1768 1125 2116 1194 cupiditatum
2165 1129 2428 1183 incendiis
2475 1130 2856 1187 inﬂammatam
2914 1133 3198 1188 infundant
3238 1149 3328 1188 re-

1770 1216 1967 1280 media,
1998 1233 2118 1287 quae
2167 1219 2318 1281 vino,
2367 1220 2511 1285 oleo,
2543 1222 2771 1291 aliisque
2804 1225 3166 1293 reSpondcant
3199 1223 3332 1278 leni-

1769 1307 1966 1362 mentis
1995 1321 2115 1376 qua:
2140 1310 2332 1364 medici
2362 1312 2680 1380 corporibus
2713 1312 3020 1367 admovent.

1837 1478 1926 1534 62.
1957 1479 2094 1534 Tum
2125 1481 2332 1547 Celsus,
2381 1499 2499 1552 qua:
2549 1485 2692 1538 dicta
2724 1495 2779 1536 et
2808 1485 3009 1554 scripta
3038 1494 3163 1540 sunt
3205 1484 3332 1540 hor-

1767 1570 1947 1626 tanais
1988 1571 2129 1626 male
2175 1574 2479 1628 viventibus
2531 1573 2896 1643 vocandisque
2947 1575 3010 1628 ad
3063 1577 3335 1644 paeniten-

1768 1663 1903 1716 tiam
1933 1673 1987 1719 et
2019 1667 2213 1721 animae
2243 1680 2353 1720 suae
2379 1667 2837 1730 emendationem,
2872 1668 3090 1733 indigne
3123 1671 3324 1724 calum-

1765 1757 1941 1825 nians,
1964 1756 2040 1812 ait
2065 1760 2248 1816 dicere
2281 1775 2402 1825 nos,
2438 1783 2456 1812 ι
2482 1761 2704 1816 missum
2733 1763 2797 1814 ad
2828 1774 3138 1830 peccatores
3163 1765 3332 1820 fuisse

112 1869 268 1932 τωλοῖς
299 1889 317 1921 ι
348 1869 676 1940 πεπέμφθαι
703 1871 793 1923 τὸν
822 1871 971 1924 Θεόν.
1000 1890 1017 1921 ι
1054 1872 1273 1941 Ὅμοιον
1302 1871 1357 1923 δὲ
1387 1871 1480 1924 καὶ
1509 1871 1651 1923 τοῦτ(

1768 1847 1999 1902 Deum.»
2046 1850 2198 1917 Quod
2233 1851 2454 1921 perinde
2487 1851 2618 1907 facit
2664 1869 2729 1908 ac
2766 1856 2810 1909 si
2859 1855 3180 1924 quibusdam
3223 1858 3330 1910 cri-

113 1965 246 2024 ποιεῖ,
296 1963 372 2026 ὡς
422 1964 474 2014 εί
525 1962 769 2016 ἐνεκάλει
797 1965 926 2026 τισὶ,
966 1961 1182 2031 λέγουσι
1210 1962 1297 2015 διὰ
1323 1965 1447 2026 τοὺς
1480 1963 1665 2027 κακῶς

113 2049 358 2119 διάγοντας
388 2056 448 2106 ἐν
478 2056 544 2124 τῇ
577 2053 732 2106 πόλει
781 2053 1095 2124 πεπέμφθαι
1143 2053 1247 2106 ὑπὸ
1294 2053 1665 2125 φιλανθρωπο-

111 2145 242 2196 circa
274 2145 540 2214 βασιλέως
587 2145 679 2198 τὸν
721 2145 920 2216 ἰατρόν.
963 2143 1246 2214 Ἐπέμφθη
1278 2140 1369 2198 οῦν
1399 2145 1529 2208 Θεὸς
1559 2145 1663 2197 Λό-

113 2252 206 2301 γος,
231 2236 358 2290 καθὸ
406 2238 509 2307 μὲν
542 2237 747 2309 ἰατρὸς,
793 2239 906 2299 τοῖς
933 2235 1296 2307 ἁμαρτωλοῖς,
1346 2236 1478 2290 καθὸ
1504 2236 1562 2289 δὲ
1589 2236 1665 2288 δι-

115 2325 336 2392 δάσκαλος
377 2329 543 2382 θείων
581 2330 914 2401 μυστηρίων,
967 2331 1080 2391 τοῖς
1129 2329 1229 2400 ἤδη
1283 2328 1540 2401 καθαροῖς
1571 2331 1664 2382 καλ⁵

115 2419 277 2488 μηκέτι
323 2422 758 2493 ἁμαρτάνουσιν.
802 2423 860 2475 '0
910 2421 966 2475 δὲ
1011 2421 1236 2485 Κέλσος,
1265 2421 1435 2474 ταῦτα
1469 2421 1542 2494 μὴ
1568 2422 1659 2475 δυ-

113 2511 258 2579 νηθεὶς
292 2514 589 2586 διακρῖναι,
636 2515 717 2583 (ού
746 2514 852 2585 γὰρ
905 2513 1174 2585 ἠϐουλήθη
1232 2514 1596 2585 φιλομαθῆσαι
1620 2514 1660 2567 'l

113 2605 247 2672 φησί·
293 2624 311 2656 ι
335 2605 398 2656 Τί
447 2606 526 2669 δὲ,
558 2609 674 2668 τοῖς
703 2607 1104 2704 ἀναμαρτήτοις
1131 2605 1229 2658 οὐκ
1273 2605 1561 2676 ὲπέμφθη;
1594 2605 1659 2658 Τί

111 2695 247 2748 κακόν
290 2699 403 2750 ἐστι
435 2698 500 2751 τὸ
536 2698 612 2769 μὴ
644 2678 1217 2768 ἡμαρτηκέναιξλΚαλ⁹
1245 2696 1379 2769 πρὸς
1411 2696 1567 2750 τοῦτο
1599 2697 1657 2751 δέ

112 2801 276 2854 φαμεν,
322 2788 426 2851 ὅτι,
479 2789 547 2840 Et
600 2787 700 2858 μὲν
732 2789 1144 2860 ἀναμαρτήτους
1177 2787 1323 2855 λέγει
1371 2789 1498 2850 τοὺς
1553 2805 1657 2860 μη-

111 2874 204 2928 κέτι
230 2879 664 2950 ἁμαρτάνοντας,
713 2879 969 2950 ἐπέμφθη
1021 2881 1116 2932 κα)⁸
1146 2879 1354 2942 τούτοις
1393 2880 1420 2931 ὁ
1465 2879 1656 2951 Σωτὴρ

110 2965 235 3032 ἡμῶν
272 2969 495 3040 Ἰησοῦς,
549 2969 668 3022 ἀλλ’
702 2969 801 3022 οὐκ
837 2969 1019 3041 ίατρός
1041 2987 1054 3000 ⁸
1085 2972 1132 3022 εί
1178 2971 1234 3023 δὲ
1259 2971 1656 3044 ἀναμαρτήτοις

111 3059 198 3119 τοῖς
226 3059 345 3130 μηδὲ
381 3059 608 3113 πώποτε
656 3060 1049 3132 ἡμαρτηκόσιν,
1084 3060 1162 3131 (ού
1188 3060 1294 3132 γὰρ
1329 3061 1654 3115 διεστείλατο

113 3146 161 3196 ὲν
183 3151 235 3217 τῇ
257 3149 442 3203 ἑαυτοῦ
475 3149 624 3214 λέξει
643 3151 682 3218 ·)
711 3151 963 3220 ἐροῦμεν,
993 3151 1075 3204 ὅτι
1106 3151 1363 3203 ἀδύνατον
1399 3147 1534 3204 εἶναι
1562 3151 1653 3205 οὖν

115 3240 482 3313 τωςίινθρωπον
517 3241 923 3312 ἀναμάρτητον.
975 3241 1144 3295 Τοῦτο
1176 3243 1233 3296 δέ
1259 3261 1458 3314 φαμεν,
1490 3243 1655 3308 ὑπεξ-

117 3335 383 3404 αιρουμένου
417 3334 512 3387 τοῦ
568 3333 712 3387 κατὰ
757 3335 846 3386 τὸν
882 3333 1089 3404 Ἰησοῦν
1135 3335 1421 3404 νοουμένου
1449 3334 1654 3404 ἀνθρώ-

113 3436 209 3485 που,
248 3424 300 3487 ὃς
333 3445 351 3476 r
375 3425 660 3496 ἁμαρτίαν
710 3425 811 3477 οὐκ
865 3425 1104 3495 εποίησε.
1139 3444 1157 3476 ι
1211 3425 1547 3496 Κακούργως
1587 3427 1650 3498 δή

113 3519 287 3581 φησινό
315 3517 527 3580 Κέλσος
577 3517 706 3588 περὶ
747 3516 921 3587 ημῶν,
968 3517 1050 3579 ὡς
1075 3516 1138 3588 δὴ
1184 3517 1517 3584 φασκόντων,
1571 3519 1651 3571 ὅτι

115 3620 131 3651 ι
153 3603 234 3656 Τὸν
277 3607 369 3676 μὲν
402 3608 612 3669 ἄδικον,
662 3605 756 3658 ἐὰν
807 3606 967 3660 αὑτὸν
996 3606 1101 3660 ὐπὸ
1133 3607 1433 3679 μοχθηρίας
1458 3626 1650 3663 ταπει-

112 3692 242 3766 νώσῃ,
267 3696 470 3762 δέξεται
517 3699 547 3750 ό
574 3697 709 3760 Θεός
731 3714 745 3727 '
777 3698 868 3750 τὸν
899 3697 955 3750 δὲ
995 3698 1221 3761 δίκαιον,
1257 3699 1349 3751 ἐὰν
1382 3702 1495 3769 μετ’
1524 3701 1650 3771 ἀρε-

110 3782 186 3853 τῆς
209 3789 287 3840 ἀπ’
315 3792 491 3862 ἀρχῆς
530 3790 648 3844 ἄνω
676 3791 813 3862 πρὸς
843 3791 1005 3844 αὑτὸν
1040 3791 1230 3863 βλέπῃ,
1266 3791 1452 3846 τοῦτον
1487 3795 1544 3846 οὐ
1574 3794 1650 3847 δέ-

115 3873 283 3938 ξεται.»
325 3872 614 3935 Ἀδύνατον
649 3881 761 3953 γάρ
805 3899 982 3953 φαμεν
1031 3877 1167 3935 εἶναι
1201 3882 1482 3954 ἄνθρωπον
1531 3887 1647 3954 μετ’

114 3967 270 4041 ἀρετῆς
295 3975 383 4026 ἀπ’
417 3975 600 4046 ἀρχῆς
631 3974 768 4045 πρὸς
799 3975 888 4027 τὸν
919 3973 1048 4027 Θεὸν
1090 3974 1201 4028 ἄνω
1235 3974 1470 4044 βλέπειν.
1528 3977 1646 4030 Κα-

114 4058 208 4112 κίαν
241 4064 338 4136 γὰρ
371 4065 708 4134 ὑφίστασθαι
740 4067 1030 4135 ἀναγκαῖον
1076 4065 1288 4136 πρῶτον
1338 4067 1396 4118 ἐν
1440 4065 1647 4138 ἀνθρώ-

116 4164 207 4213 ποις
230 4153 346 4226 (61).
393 4157 549 4210 Καθὸ
578 4159 674 4210 καὶ
703 4159 732 4209 ὁ
760 4158 970 4222 Παῦλος
1002 4157 1178 4226 λέγει·
1223 4177 1240 4210 ι
1277 4157 1565 4229 Ἐλθούσης
1589 4158 1647 4212 δὲ

115 4240 186 4309 τῆς
207 4246 421 4319 ἐντολῆς,
447 4251 483 4320 ή
507 4251 751 4321 ἁμαρτία
773 4250 879 4321 (62)
901 4249 1179 4322 ἀνέζησεν,
1210 4250 1319 4320 ἐγὼ
1349 4253 1405 4305 δὲ
1439 4252 1645 4305 ἀπέθα-

115 4345 226 4386 νεν.»
267 4338 415 4393 Ἀλλὰ
443 4341 542 4394 καὶ
589 4341 650 4393 οὐ
682 4340 1001 4413 διδάσκομεν
1031 4343 1159 4413 περὶ
1196 4341 1290 4394 τοῦ
1324 4342 1531 4405 ἀδίκου,
1562 4343 1644 4395 ὃτι

117 4423 329 4498 αὔταρκες
367 4432 518 4503 αὐτῷ
562 4433 625 4485 τὸ
653 4433 742 4487 διὰ
773 4434 871 4505 τὴν
904 4434 1198 4506 μοχθηρίαν
1237 4434 1426 4488 ἑαυτὸν
1453 4451 1645 4487 ταπει-

1679 3200 1722 3256 C

1768 1939 1896 1992 mini
1926 1940 2170 2006 duceret,
2204 1942 2342 2012 quod
2381 1945 2648 1998 medicum
2679 1948 2747 2000 ab
2778 1947 3170 2004 humanissimo
3203 1965 3330 2018 rege

1765 2033 1831 2083 ad
1867 2033 2052 2086 urbem
2081 2044 2300 2102 propter
2321 2049 2436 2098 eos,
2467 2035 2558 2103 qui
2595 2036 2798 2093 morbis
2826 2038 3158 2106 laborabant,
3193 2043 3328 2098 mis-

1763 2137 1879 2174 sum
1909 2138 2030 2177 esse
2081 2124 2431 2179 adiuuarent.
2488 2126 2680 2185 Missus
2711 2131 2876 2200 igitur
2907 2144 2990 2187 est
3021 2132 3163 2189 Deus
3193 2131 3329 2188 Verv-

1764 2211 1888 2264 bum
1934 2213 2002 2267 ad
2049 2225 2365 2283 peccatores
2418 2229 2674 2288 tanquam
2727 2224 3006 2290 medicus;
3062 2226 3156 2281 sed
3210 2235 3326 2279 tan-

1761 2320 1924 2373 quam
1975 2307 2276 2362 divinorum
2327 2311 2708 2379 mysteriorum
2761 2313 2948 2368 doctor
2978 2315 3042 2368 ad
3077 2331 3193 2381 eos,
3232 2317 3324 2387 qui

1760 2397 1921 2451 elutis
1956 2398 2200 2466 pristinis
2251 2400 2503 2468 peccatis,
2537 2401 2590 2455 in
2619 2418 2680 2456 ea
2722 2404 2834 2471 jam
2864 2421 2968 2459 non
3008 2408 3330 2462 relabuntut‘

1760 2488 2012 2557 amplius.
2042 2492 2112 2544 At
2144 2489 2358 2558 Celsus,
2404 2492 2563 2560 hujus
2603 2497 2931 2553 discriminis
2965 2499 3204 2568 ignarus,
3239 2510 3326 2555 ut-

1758 2589 1884 2647 pete
1916 2583 2056 2649 quod
2081 2583 2370 2652 exquirere
2395 2584 2588 2648 noluit,
2637 2597 2792 2656 rogat
2821 2605 2835 2642 :
2873 2608 2891 2640 ι
2911 2589 3020 2644 Cur
3049 2607 3151 2644 non
3190 2593 3324 2645 Inis-

1760 2685 1853 2724 sus
1887 2681 1971 2727 est
2005 2675 2072 2727 ad
2119 2673 2384 2729 immunes
2437 2691 2466 2728 a
2500 2679 2772 2746 peccatis?
2821 2679 2957 2746 Quid
3012 2681 3210 2737 malum
3241 2690 3323 2738 est

1756 2777 1864 2816 non
1903 2766 2234 2833 peccassc‘h
2284 2769 2364 2820 Ad
2405 2768 2507 2823 hoc
2560 2770 2792 2825 dicimus
2835 2789 2848 2824 :
2887 2772 2942 2825 Si
2988 2786 3086 2841 per
3122 2775 3319 2826 immu-

1755 2869 1854 2909 ιιι-ε
1879 2870 1908 2908 a
1937 2859 2177 2926 peccatis
2212 2858 2495 2929 intelligat
2519 2862 2610 2929 qui
2661 2876 2766 2916 non
2806 2863 3034 2932 amplius
3071 2871 3318 2933 peccant,

1755 2947 2006 3004 Salvator
2031 2961 2215 3006 uoster
2259 2954 2326 3006 ad
2348 2966 2440 3007 eos
2473 2955 2669 3019 missus
2701 2965 2805 3021 est,
2844 2958 2937 3010 sed
2971 2973 3076 3012 non
3107 2969 3165 3011 ut
3203 2974 3318 3013 meo

1754 3042 1935 3108 dicus;
1987 3043 2068 3097 sin
2118 3051 2298 3098 autem
2356 3059 2451 3100 eos
2496 3045 2587 3115 qui
2640 3061 2911 3116 nunquam
2961 3061 3320 3118 peccaverunt

1754 3133 1950 3204 (neque
1985 3136 2128 3190 enim
2182 3136 2298 3190 haec
2343 3136 2460 3205 ejus
2507 3137 2670 3192 verba
2711 3151 2895 3209 aperte
2935 3142 3316 3212 distinguunt),

1759 3227 2090 3296 impossibile
2113 3236 2196 3284 est
2230 3231 2500 3285 hominem
2527 3247 2648 3287 esse
2681 3237 2773 3304 qui
2827 3249 3100 3304 nunquam
3129 3250 3320 3305 pecca-

1755 3321 1915 3385 verit,
1943 3330 2171 3390 excepto
2214 3331 2393 3376 tamen
2427 3324 2648 3380 homine
2675 3340 2705 3378 a
2735 3324 2863 3381 Jesu
2893 3339 3190 3397 assumpto,
3227 3332 3316 3400 qui

1752 3412 1914 3465 homo
1966 3428 1985 3462 ι
2007 3422 2285 3481 peccatum
2322 3429 2428 3468 non
2465 3414 2593 3469 fecit
2615 3416 2656 3469 ⁸.
2683 3427 2707 3470 r
2735 3416 2981 3488 Improbe
3011 3421 3174 3475 etiam
3222 3438 3319 3476 no—

1750 3504 1833 3558 bis
1860 3506 2001 3559 hanc
2028 3493 2270 3574 assignat
2298 3509 2624 3563 sententiam
2652 3528 2668 3564 :
2697 3528 2716 3562 ι
2738 3509 2994 3578 lnjustum
3036 3527 3066 3566 a
3096 3513 3202 3569 Deo
3231 3530 3320 3571 re-

1748 3603 1963 3664 ceptum
2003 3596 2089 3662 iri,
2126 3596 2170 3651 si
2197 3611 2258 3651 se
2283 3599 2351 3652 de
2378 3597 2618 3667 nequitia
2655 3613 2754 3654 sua
2791 3599 3192 3669 humiliaverit.;
3223 3607 3321 3660 mi-

1749 3686 1895 3740 nime
1930 3699 2109 3742 autem
2136 3688 2364 3757 justum,
2395 3691 2438 3743 si
2471 3689 2762 3746 virtutibus
2785 3699 3011 3747 ornatus
3039 3693 3106 3747 ab
3138 3694 3314 3761 initio,

1748 3779 1812 3832 ad
1838 3780 1984 3833 illum
2031 3780 2216 3836 oculos
2266 3781 2573 3836 tetenderit.
2603 3802 2623 3836 ι
2679 3783 2980 3842 Censemus
3017 3789 3163 3844 enim
3198 3789 3312 3844 ﬁeri

1747 3887 1853 3925 non
1907 3887 2083 3940 posse,
2137 3882 2196 3925 ut
2242 3872 2404 3926 homo
2446 3874 2736 3930 virtutibus
2782 3888 3011 3933 ornatus
3061 3881 3129 3935 ab
3158 3881 3312 3935 initio

1746 3959 1813 4012 ad
1841 3961 2007 4014 Deum
2036 3961 2222 4016 oculos
2249 3962 2439 4032 erigat.
2466 3961 2706 4018 Primum
2731 3968 2874 4022 enim
2911 3969 2962 4022 in
3003 3971 3313 4027 hominibus

1745 4063 2024 4118 peccatum
2073 4051 2196 4120 puni
2234 4066 2456 4107 necesse
2498 4063 2601 4119 est,
2635 4055 2848 4112 dicente
2882 4058 3050 4114 Paulo
3082 4078 3097 4116 :
3134 4081 3153 4114 ι
3176 4061 3310 4117 Cum

1744 4144 1982 4198 venisset
2030 4145 2366 4209 mandatum,
2414 4157 2699 4214 peceatum
2735 4149 2965 4216 revixit;
2994 4168 3093 4222 ego
3132 4164 3310 4209 autem

1745 4248 1994 4291 mortuus
2038 4252 2154 4291 sum
2178 4236 2221 4292 ’.
2251 4255 2270 4289 ι
2325 4236 2511 4307 Neque
2542 4239 2707 4294 etiam
2754 4244 3030 4308 docemus,
3079 4255 3136 4299 ut
3170 4245 3310 4312 iniu-

1744 4337 1861 4382 stus
1893 4343 1922 4380 a
1954 4328 2060 4382 Deo
2087 4327 2398 4396 recipiatur,
2431 4329 2564 4383 satis
2589 4345 2728 4396 esse,
2768 4332 2813 4386 si
2867 4343 3087 4403 propter
3120 4337 3310 4404 nequi-

1747 4421 1877 4474 tiam
1931 4435 1988 4476 se
2024 4420 2423 4485 humiliaverit;
2472 4420 2643 4492 489
2693 4425 2786 4479 sed
2816 4425 2963 4479 illum
2997 4442 3025 4478 a
3076 4427 3189 4481 Deo
3225 4445 3308 4483 re-

117 4514 206 4569 νοῦν
226 4523 345 4602 πρὸς
375 4525 436 4576 τὸ
467 4524 726 4594 δεχθῆναι
757 4525 861 4578 ὑπὸ
887 4525 981 4578 τοῦ
1027 4525 1160 4578 Θεοῦ
1180 4542 1195 4556 ο
1229 4525 1363 4589 ἀλλ’,
1414 4525 1508 4579 ἐὰν
1542 4527 1639 4597 μὲν

1758 4522 1959 4580 :eptum
1993 4511 2059 4565 iri
2090 4511 2206 4582 qui,
2237 4511 2521 4580 pristinam
2552 4514 2723 4568 vitam.
2751 4516 3141 4581 condemnatis,
3180 4533 3279 4588 pro

118 4603 292 4674 ἐπὶτοῖς
315 4614 603 4686 προτέροις
631 4603 821 4669 ἑαυτοῦ
857 4617 1175 4685 καταγνοὺς,
1221 4616 1518 4687 πορεύηται
1545 4635 1638 4674 κα-

117 4700 252 4764 me;
280 4705 357 4758 ἐπ’
385 4707 634 4771 ἐκείνοις,
682 4709 776 4761 καὶ
801 4709 1208 4780 κεκοσμημένος
1237 4709 1332 4762 ἐπὶ
1372 4711 1485 4774 τοῖς
1509 4710 1632 4764 δευ-

113 4787 264 4859 τέῳις,
289 4799 467 4853 τοῦτον
494 4799 861 4872 παραδέξεται
889 4803 918 4854 ὁ
939 4802 1090 4866 Θεός’

164 4878 285 4946 Εἶτα,
316 4891 384 4960 μὴ
410 4891 547 4944 νοῶν
565 4891 684 4955 πῶς
710 4892 920 4963 εἴρηται
948 4893 1030 4957 τὸ,
1068 4913 1087 4947 ι
1126 4895 1244 4960 Πᾶς
1273 4897 1301 4950 ό
1326 4895 1476 4965 ὑψῶν
1505 4895 1631 4950 ἐαυ-

111 4968 180 5020 τδν
199 4983 639 5054 ταπεινωθήσεται
661 5001 675 5014 ·
719 5002 738 5037 ι
779 4985 912 5057 μηδὲ
946 4987 1050 5039 κᾶν
1083 4986 1192 5041 ἀπὸ
1220 4987 1314 5041 τοῦ
1346 4987 1631 5051 Πλάτωνος

109 5055 342 5134 διδαχθεὶς,
384 5072 466 5125 ὃτι
516 5093 535 5122 ι
583 5075 643 5127 '0
676 5055 849 5139 καλὸς
863 5078 956 5129 καὶ
984 5077 1187 5146 ἀγαθὸς
1217 5077 1510 5150 πορεύεται
1535 5093 1631 5129 τα-

164 5177 181 5207 ⁸
203 5179 217 5232 1
237 5179 340 5236 Pet.
366 5201 425 5251 ιι,
445 5185 539 5240 2‘2.
616 5186 638 5218 ’
669 5186 827 5242 Rom.
853 5204 950 5254 vn,
975 5189 1029 5244 9.
1106 5191 1150 5222 ¹⁰
1180 5190 1368 5250 Matth.
1404 5207 1553 5252 nm,
1591 5187 1684 5244 12.

167 5311 604 5409 ξδξλιίωδρὶιειίιξε
639 5331 695 5376 et
737 5325 1076 5409 Spenc‘enns.’
1112 5323 1618 5409 Inmenéaﬂeqe;

110 5389 315 5462 καὶπρὸς
333 5391 481 5445 τοῦτο
510 5389 791 5463 φήσομεν,
810 5395 891 5447 ὅτι
916 5389 1268 5468 ληστόιςίὲιο.
1310 5395 1418 5451 Sed
1455 5389 1620 5453 εοιίοκ

114 5444 382 5530 Basili-ensis
411 5471 468 5516 ut
496 5465 548 5515 in
579 5473 766 5530 nostro
797 5474 962 5518 textu.

109 5521 259 5641 Ἔαξεὶθ)
300 5532 631 5586 Romanas.
694 5527 876 5588 Malim
927 5551 1046 5589 cum
1094 5532 1396 5599 Boherello,
1442 5533 1622 5605 βούλε-

112 5662 510 5788 ὖλξδθζὲυχῆξ.
549 5672 815 5788 .inpnino
861 5675 1227 5740 scribendum,
1277 5673 1490 5744 τέχνης,
1535 5675 1616 5730 vel

182 5747 236 5788 ις.
361 5759 462 5788 mm
517 5760 639 5788 sum
690 5781 718 5788 .-

515 5742 834 5882 ξηὲἓιιιξέοίστ
847 5818 1019 5870 ασθαι
1045 5816 1368 5885 ἀναγκαῖον
1388 5815 1618 5886 πρῶτον

375 5899 638 5964 Ριτιιοι..
687 5903 807 5964 Gn.
854 5904 969 5964 XI.

1743 4613 1862 4674 pter
1895 4603 2041 4656 illam
2090 4604 2334 4659 modeste
2383 4613 2439 4658 et
2481 4607 2550 4660 ob
2602 4606 2962 4662 recentiorem
3010 4613 3306 4680 composite

1741 4695 2046 4751 incesserit.

1807 4891 1893 4948 65.
1915 4891 2044 4948 Post
2066 4893 2181 4948 haec
2203 4908 2307 4948 non
2337 4893 2643 4965 intelligens
2669 4895 2803 4966 quid
2827 4897 2933 4953 sibi
2958 4898 3123 4954 velint
3147 4901 3296 4958 hate:

1743 5003 1762 5037 ‹
1784 4984 1976 5041 Omnis
1995 4985 2086 5056 qui
2109 5000 2168 5040 se
2188 4986 2414 5052 exaltat,
2434 4988 2816 5045 humiliabitur
2835 4991 2910 5058 ¹⁰;
2943 5010 2963 5043 ι
2989 4991 3300 5063 oblitusque

1736 5076 1864 5148 quid
1900 5075 2056 5130 Plato
2089 5078 2280 5131 doceat
2304 5115 2321 5143 ,
2360 5094 2380 5128 ι
2420 5077 2596 5132 virum
2639 5081 2869 5148 probum
2922 5090 2977 5136 et
3007 5081 3298 5139 honestum

1728 5321 1798 5375 ἐν
1825 5319 2176 5388 ἀνθρώποις.
2221 5317 2299 5392 De
2336 5329 2570 5392 peccato
2614 5321 2861 5392 originali
2897 5323 3026 5391 quid
3065 5327 3300 5380 senserit

1729 5387 2028 5463 Origenes,_
2065 5392 2188 5463 vide
2253 5387 2724 5463 Qrigenignorumf
2750 5392 2846 5447 lib.
2887 5387 2950 5457 ii,
3005 5403 3197 5463 quaest.
3240 5396 3292 5456 7,

1730 5477 1786 5514 η.
1825 5457 1916 5514 ⁸24.
1990 5457 2241 5529 Consule
2279 5459 2406 5513 item
2455 5461 2715 5529 Spenceri
2766 5457 3176 5518 adnatationem
3229 5467 3295 5519 ad

1728 5529 1826 5585 lib.
1859 5545 1910 5582 ιν
1940 5537 2123 5582 contra
2153 5527 2382 5593 Celsum,
2411 5527 2558 5583 nunt.
2583 5531 2674 5584 40.

1801 5599 1912 5669 (62)
1957 5599 2026 5652 Ἦ
2048 5597 2321 5669 ἁμαρτία,
2348 5608 2455 5652 etc.
2515 5599 2605 5654 Sic
2633 5615 2822 5655 omnes
2870 5617 3002 5656 mss.
3027 5603 3290 5656 Htesche-

1728 5667 1832 5744 l_ius
1864 5667 2042 5744 autem
2069 5677 2124 5744 et
2157 5667 2458 5744 Speiicerus
2495 5668 2546 5723 in
2598 5680 2768 5737 textu,
2801 5673 2835 5742 ἡ
2876 5673 3118 5744 ἁμαρτία
3153 5673 3279 5726 ἁπέ-
3316 5703 3320 5708 -

1726 5740 1902 5804 θανεν,
1937 5735 2044 5808 ἐγὼ
2068 5735 2123 5789 δὲ
2151 5736 2401 5807 ἀνέζησα.

2928 5897 3007 5958 33
