3898 6576
499 379 650 436 κοι-

1970 371 2293 430 οιιιιιειηιε

3597 369 3712 421 ίιυδ
3737 333 3751 386 ε

493 502 734 545 moueste
781 499 834 545 et
869 490 1170 559 composite
1216 489 1488 555 incedere,
1531 509 1550 543 ι
1605 500 1765 561 atque
1799 491 2056 562 ignorans

2159 493 2340 556 πεινδς
2372 493 2463 545 καὶ
2489 490 2897 562 κεκοσμημένος
2919 507 2932 521 ο
2975 509 2992 542 ι
3025 491 3098 562 μὴ
3125 489 3272 554 εἰδὼς
3301 489 3358 543 δέ
3388 489 3501 549 καὶ,
3530 486 3601 550 ὥς
3629 503 3716 555 φα-

495 583 546 636 id
577 587 716 651 quod
745 585 1019 638 dicimus:
1056 601 1074 634 ι
1113 580 1486 637 Humiliamini
1521 583 1690 651 igitur
1721 584 1822 638 sub
1849 585 2058 654 potenti

493 691 654 728 manu
690 676 804 737 Dei,
835 684 895 726 ιιι
920 673 1118 727 exaltct
1142 689 1238 728 vos
1267 675 1318 727 itt
1352 683 1592 743 tempore
1616 674 1656 706 ¹¹
1683 689 1700 740 ;
1733 692 1752 727 ι
1787 674 1862 728 ait
1891 693 1904 728 :
1939 693 1958 726 ‹
1985 676 2062 730 Ac

498 770 743 820 homines
772 767 989 836 quidem
1023 768 1112 834 qui
1151 776 1297 820 recte
1337 765 1578 834 judicum
1617 765 1792 820 ofﬁcio
1830 765 2062 835 fungun-

494 867 602 919 tur,
638 872 760 912 reos
795 866 981 909 vetant
1017 857 1090 908 uti
1138 871 1322 909 coram
1352 871 1409 909 se
1446 856 1739 926 gemitibus
1765 867 1819 909 et
1849 857 2061 910 lamen-

494 949 585 1008 tis.
617 957 674 999 ut
710 962 775 1000 ne
824 946 876 1000 in
907 944 1204 1014 jndieando
1255 948 1628 1000 misericordia
1674 948 1855 1015 potius
1901 963 2059 1013 quam

493 1040 727 1094 veritate
761 1049 1121 1100 moveantur;
1153 1049 1207 1090 at
1235 1039 1376 1092 Deus
1403 1037 1544 1092 inter
1571 1036 1922 1106 judicandttut
1955 1052 2059 1091 non

493 1130 766 1190 veritatis.
818 1129 911 1182 sed
959 1128 1291 1181 adulationis
1337 1129 1605 1182 rationem
1660 1129 1841 1181 habet.
1884 1147 1903 1180 ι
1955 1127 2060 1182 Sed

495 1237 740 1293 quaenam
771 1220 1028 1281 adulatio,
1060 1223 1150 1288 qtti
1184 1221 1414 1290 gemitus
1446 1221 1496 1273 itt
1517 1221 1812 1288 Scripturis
1841 1235 2063 1288 compa-

495 1324 639 1374 rent,
669 1326 788 1364 cum
821 1312 910 1380 qui
956 1310 1200 1378 peccavit
1231 1311 1374 1364 dicat
1403 1311 1454 1364 in
1498 1312 1610 1364 suis
1643 1312 1708 1364 ad
1741 1311 1906 1364 Deum
1940 1326 2063 1378 pre-

495 1407 688 1461 cibus:
727 1423 745 1455 ι
788 1403 1048 1458 Delictttm
1080 1417 1257 1457 meum
1287 1404 1558 1472 cognitum
1593 1403 1686 1456 tibi
1730 1401 1855 1467 feci,
1893 1414 1946 1456 et
1974 1405 2059 1456 in-

491 1497 760 1567 iustitiam
794 1510 966 1550 meam
1003 1510 1108 1549 non
1142 1493 1422 1549 abscondi.
1457 1494 1596 1556 Dixi,
1629 1493 1933 1548 confitebor
1965 1494 2061 1547 ad-

495 1606 714 1646 versum
750 1605 834 1644 me
890 1587 1212 1657 iniustitiam
1251 1602 1426 1640 meam
1481 1586 1742 1650 Domino,
1773 1598 1880 1642 etc.
1911 1587 1997 1639 "i
2035 1606 2054 1638 ι

493 1686 577 1739 An
605 1683 916 1751 probaverit
947 1681 1254 1748 huiusmodi
1288 1679 1684 1736 confessionem
1727 1695 1935 1743 eorum,
1967 1680 2059 1748 qui

495 1790 554 1832 se
587 1784 709 1845 post
737 1775 1088 1828 commissum
1141 1781 1425 1842 peccatum
1473 1773 1761 1826 humiliant
1787 1772 1886 1826 sub
1929 1771 2056 1836 Deo,

497 1868 565 1920 ad
601 1867 814 1920 illorum
847 1867 1244 1920 correctionem
1281 1880 1387 1919 non
1426 1865 1779 1919 conducere?
1815 1865 1919 1919 Sed
1944 1862 2059 1932 ejus

494 1957 836 2010 obtrectandi
865 1956 1035 2008 libido
1063 1954 1216 2016 facit,
1251 1964 1308 2006 ut
1351 1955 1450 2008 sibi
1481 1955 1734 2023 loquatur
1764 1955 2056 2008 contraria.

497 2046 649 2102 Nunc
679 2047 818 2099 enim
851 2061 1181 2115 cognoscere
1210 2046 1422 2099 videtur
1455 2044 1766 2110 hominem,
1806 2046 1896 2114 qui
1942 2044 2059 2098 sine

497 2149 762 2206 peccato,
812 2137 992 2208 justus
1040 2145 1094 2188 et
1140 2139 1340 2188 virtute
1387 2135 1642 2204 prteditus
1682 2140 1749 2189 ab
1795 2135 1948 2188 ittitio
1992 2134 2059 2186 ad

499 2230 662 2282 Deum
692 2229 880 2282 oculos
904 2209 1220 2291 sustulerit;
1251 2242 1393 2279 nttnc
1418 2228 1685 2294 approbat
1717 2227 1767 2280 id
1796 2227 1937 2296 quod
1962 2241 2059 2281 nos

495 2321 726 2374 dicimus
771 2337 784 2372 ε
840 2339 859 2369 ι
908 2319 1039 2384 Quis
1070 2319 1230 2371 homo
1261 2317 1502 2385 perfecte
1544 2317 1760 2384 justus?
1804 2329 1898 2373 aut
1937 2319 2060 2387 quis

494 2414 613 2467 sine
641 2423 864 2482 peccato
889 2411 976 2464 "?
1015 2431 1034 2464 ›
1063 2412 1153 2484 Ait
1180 2413 1324 2465 enim
1359 2411 1473 2478 ipse
1502 2429 1515 2464 :
1553 2428 1572 2461 ι
1617 2411 1812 2466 Verum
1850 2419 1934 2464 est
1960 2426 2057 2464 na-

497 2512 616 2556 tura
647 2502 884 2571 pr0clive
913 2516 1035 2556 esse
1063 2502 1128 2553 ad
1153 2503 1484 2570 peccandum
1519 2517 1688 2568 genus
1709 2503 2007 2556 hominum.
2033 2521 2052 2555 ι

499 2593 720 2656 Deinde,
760 2593 915 2662 quasi
967 2607 1074 2646 non
1124 2607 1312 2646 omnes
1357 2593 1422 2644 ad
1472 2602 1711 2646 nostram
1746 2593 2056 2662 religionem

496 2699 830 2744 vocarentur
857 2706 872 2740 :
909 2704 928 2737 ι
967 2685 1240 2754 Oportuit,
1270 2687 1462 2754 inquit,
1493 2686 1714 2740 omnino
1743 2701 1934 2741 omnes
1964 2701 2059 2741 vo-

497 2782 633 2844 cari,
663 2782 707 2835 si
741 2780 962 2850 quidem
995 2793 1185 2833 omnes
1234 2778 1603 2846 peccaverint.
1646 2797 1664 2830 ι
1697 2779 1764 2834 Ει
1789 2788 1968 2833 tamen
2004 2781 2055 2833 in

494 2872 872 2940 superioribus
900 2869 1118 2923 allatum
1154 2887 1183 2922 a
1217 2870 1374 2923 nobis
1402 2879 1484 2923 est
1515 2870 1655 2924 istud
1679 2869 1809 2924 Jesu
1841 2889 1854 2924 :
1895 2889 1914 2922 ι
1954 2869 2058 2925 Ve-

494 2963 610 3018 nite
636 2963 701 3016 ad
737 2978 842 3026 me,
871 2977 1061 3016 omnes
1090 2961 1178 3028 qui
1209 2960 1470 3015 laboratis
1509 2971 1565 3016 et
1594 2965 1800 3016 onerati
1828 2963 1978 3025 estis,
2003 2970 2058 3015 et

493 3069 592 3123 ego
643 3054 879 3108 reficiam
931 3069 1027 3107 vos
1069 3053 1134 3106 ”.
1173 3073 1191 3106 ι
1229 3052 1431 3108 Omnes
1475 3053 1636 3122 igitur
1676 3055 1923 3109 homines
1956 3055 2059 3108 hac

2165 603 2284 656 μεν,
2317 605 2335 636 ι
2374 583 2740 655 ταπεινώθητε
2774 580 2868 638 οὖν
2898 584 3004 636 ὑπὸ
3030 586 3128 655 τὴν
3162 583 3430 656 κραταιάν
3462 583 3610 654 χεῖρα
3634 579 3716 632 τοῦ

2160 677 2315 741 Θεοῦ,
2347 677 2434 730 ἵνα
2466 677 2610 748 ὑμᾶς
2638 675 2830 748 ὑψώσῃ
2858 677 2916 728 ἐν
2945 675 3123 747 καιρῷ
3141 693 3155 706 ο
3194 695 3212 727 ι
3241 675 3428 747 φησιν,
3458 675 3538 726 ὅτι
3564 692 3580 722 ι
3606 674 3712 726 ’Δνν

2161 768 2370 839 Θρωποι
2403 769 2498 839 μέν
2525 767 2702 839 ὀρθῶς
2729 765 2885 838 δίκης
2923 767 3311 839 προϊστάμενοι
3346 766 3475 827 τοὺς
3505 765 3591 816 ἐπὶ
3619 767 3714 828 τοῖς

2161 862 2487 932 ἀδικήμασιν
2532 861 2959 932 ὀλοφυρομένους
3001 860 3343 913 ἀποπαῦουσι
3390 858 3500 911 τῶν
3530 860 3710 928 οἰκτρο-

2159 955 2322 1023 γοῶν,
2355 955 2440 1007 ἴνα
2480 954 2552 1024 μὴ
2582 953 2718 1024 πρὸς
2745 953 2892 1006 ἔλεον
2929 954 3128 1024 μᾶλλον
3157 953 3189 1023 ἢ
3225 953 3358 1024 πρὸς
3384 951 3628 1022 ἀλήθειαν
3650 951 3713 1004 δι-

2161 1042 2468 1096 κασίὶώσιν⁸
2514 1043 2542 1094 6
2583 1041 2713 1104 Θεὸς
2753 1041 2798 1094 δ’
2845 1041 2954 1112 ἄρα
2999 1043 3060 1094 οὐ
3103 1041 3241 1112 πρὸς
3285 1040 3569 1111 ἀλήθειαν,
3597 1040 3710 1094 ἀλλὰ

2161 1135 2298 1206 πρὸς
2341 1134 2628 1187 κολακείαν
2675 1133 2904 1196 δικάζει.
2947 1153 2965 1184 ι
3007 1133 3142 1186 Ποία
3174 1133 3279 1205 γάρ
3314 1130 3601 1194 κολακεία,
3637 1134 3714 1186 καὶ

2162 1230 2311 1289 ποῖος
2352 1227 2506 1294 λόγος
2551 1226 2876 1296 οίκτρογοῶν
2914 1226 3054 1278 κατὰ
3085 1225 3184 1288 τὰς
3231 1224 3383 1287 Θείας
3429 1225 3713 1294 γιγνόμενος

2165 1318 2408 1389 Γραφάς,
2441 1317 2578 1370 ἐπὰν
2615 1319 2643 1369 6
2683 1317 3009 1389 ἁμαρτάνων
3047 1316 3180 1389 λέγῃ
3213 1318 3268 1368 ἐν
3295 1317 3420 1377 ταῖς
3451 1314 3584 1386 πρὸς
3605 1315 3713 1367 Θεδν

2161 1409 2365 1477 εὐχαῖς,
2403 1426 2420 1458 ι
2461 1406 2573 1478 Τὴν
2604 1406 2872 1478 ἁμαρτίαν
2909 1423 3008 1476 μου
3039 1406 3307 1476 ἐγνώρισα
3328 1444 3344 1468 ,
3377 1403 3474 1457 καὶ
3498 1402 3590 1472 τὴν
3616 1403 3714 1454 ἀνο-

2165 1499 2292 1569 μίαν
2345 1515 2445 1569 μου
2479 1499 2578 1551 οῦκ
2613 1497 2856 1566 ἐκάλυψα
2877 1513 2891 1526 ο
2933 1517 2951 1548 ι
2987 1493 3112 1549 εἶπα
3136 1536 3150 1558 ,
3185 1516 3202 1547 ι
3243 1493 3588 1565 ἐξαγορεῦσαι
3616 1495 3713 1545 κατ’

2161 1590 2294 1660 ἐμοῦ
2331 1591 2428 1660 τὴν
2477 1591 2706 1659 ἀνομίαν
2746 1607 2845 1660 μου
2889 1587 2968 1658 τῷ
3008 1589 3226 1660 Κυρίῳ,
3277 1607 3294 1638 ι
3331 1588 3428 1639 καὶ
3477 1585 3545 1637 τὰ
3572 1583 3712 1654 ἑξῆς

2173 1683 2332 1735 Ἀλλά
2377 1683 2596 1736 δύναται
2629 1682 2738 1752 (65)
2773 1681 3140 1753 παραστῆσαι,
3185 1681 3266 1733 ὅτι
3300 1679 3407 1732 οὐκ
3449 1677 3589 1730 ἔστιν
3615 1679 3713 1728 ἐπι-

2165 1775 2484 1844 στρεπτικὸν
2525 1774 2586 1827 τὸ
2613 1773 2849 1826 τοιοῦτον
2893 1773 3003 1825 τῶν
3035 1772 3477 1843 ἁμαρτανόντων,
3512 1770 3608 1822 ὑπὸ
3642 1769 3712 1821 τὸν

2089 1851 2130 1905 Β
2159 1867 2290 1919 Θεὸν
2351 1868 2576 1930 ἑαυτοὺς
2628 1865 3018 1919 ταπεινούντων
3071 1866 3128 1916 ἐν
3185 1866 3306 1926 ταῖς
3358 1863 3582 1932 εὐχαῖςς
3625 1861 3714 1913 Καὶ

2163 1959 2562 2030 συγκεχυμένος
2605 1959 2650 2011 δ’
2695 1958 2802 2010 ἀπὸ
2849 1957 2947 2026 τῆς
2975 1956 3069 2008 ἐπὶ
3099 1956 3159 2008 τὸ
3188 1956 3516 2024 κατηγορεῖν
3545 1953 3710 2022 ὁρμῆς,

2161 2049 2342 2119 ἐαυτῷ
2390 2049 2608 2101 ἐναντία
2653 2048 2829 2115 λέγει’
2883 2048 3014 2100 ὅπου
3063 2047 3159 2116 μὲν
3211 2045 3496 2115 ἐμφαίνων
3545 2043 3714 2094 εἰδέναι

2159 2142 2537 2212 ἀναμάρτητον
2566 2140 2848 2211 ἄνθρωπον
2882 2141 2974 2193 καὶ⁹
3015 2139 3220 2192 δίκαιον
3254 2137 3372 2208 μετ’
3407 2135 3603 2208 ἀρετῆς
3636 2133 3712 2186 ἀπ’

2160 2234 2332 2304 ἀρχῆς
2363 2232 2496 2304 πρὸς
2525 2232 2683 2285 αὑτὸν
2706 2231 2812 2302 (64)
2834 2231 2946 2284 ἀνω
2976 2230 3240 2306 βλέποντα
3260 2247 3273 2258 ·
3307 2230 3446 2281 ὅπου
3478 2227 3520 2280 δ’
3545 2225 3712 2278 ἀποξε-

2161 2325 2387 2395 χόμενος
2414 2325 2474 2377 τὸ
2503 2323 2802 2395 λεγόμενον
2837 2324 2925 2392 ὑφ’
2954 2322 3127 2394 ἡμῶν,
3154 2323 3235 2375 ὃτι
3271 2341 3289 2372 ι
3327 2321 3426 2382 Τίς
3459 2318 3711 2389 ἄνθρωπος

2158 2418 2354 2480 τελέως
2377 2417 2580 2480 δίκαιος
2617 2433 2630 2479 ;
2660 2417 2692 2487 ἢ
2725 2416 2808 2479 τίς
2835 2417 3211 2485 ἀναμάρτητος
3243 2429 3258 2477 ;
3299 2431 3318 2463 ι
3368 2411 3457 2474 Ὠς
3483 2409 3707 2478 ἀποδελδ·

2163 2525 2321 2578 μενος
2355 2507 2461 2579 γάρ
2490 2507 2654 2572 αὐτὸ,
2690 2506 2854 2578 φησί’
2901 2506 3057 2559 τοῦτο
3101 2505 3196 2576 μὲν
3234 2504 3496 2564 ἐπιεικῶς
3521 2499 3706 2570 ἀληθὲς,

2159 2604 2240 2655 ὅτι
2271 2601 2478 2670 πέφυκέ
2511 2618 2625 2662 πως
2653 2600 2713 2652 τὸ
2745 2597 3081 2670 ἀνθρώπινον
3112 2596 3275 2665 φῦλον
3316 2594 3654 2665 ἁμαρτάνειν.
3687 2610 3701 2639 ι

2160 2690 2322 2757 Εἶτα,
2369 2695 2444 2756 ὡς
2504 2693 2578 2764 μὴ
2621 2694 2840 2747 πάντων
2873 2691 3221 2761 καλουμένων
3267 2688 3377 2741 ὑπὸ
3420 2687 3514 2740 τοῦ
3555 2684 3705 2751 λόγον,

2159 2786 2321 2858 φησίν
2347 2803 2360 2816 ο
2399 2806 2416 2835 ι
2468 2785 2658 2855 Ἐχρῆν
2698 2781 2788 2837 οὖν
2838 2783 3023 2846 ἁπλῶς
3062 2782 3270 2844 πάντας
3312 2780 3533 2838 καλεῖν,
3568 2776 3615 2828 εί
3655 2792 3705 2841 γε

2159 2878 2357 2938 πάντες
2386 2874 2775 2945 ἁμαρτάνουσι.
2803 2893 2822 2924 ι
2853 2873 2960 2926 Καὶ
2984 2873 3040 2923 ἐν
3067 2873 3178 2932 τοῖς
3208 2867 3468 2938 ἀνωτέρω
3490 2864 3543 2916 δὲ
3563 2877 3705 2930 παρε·

2157 2967 2438 3036 δείκνυμεν
2474 2965 2561 3018 τὸν
2604 2963 2808 3031 Ἰησοῦν
2837 2961 3142 3033 εἰρηκέναι,
3181 2977 3199 3010 ι
3245 2958 3418 3012 Δεῦτε
3449 2955 3632 3014 πάντες
3665 2952 3703 3002 οἱ

2159 3058 2454 3118 κοπιῶντες
2471 3057 2564 3108 καὶ
2583 3052 3020 3125 πεφορτισμένοι,
3043 3049 3194 3118 κάγὼ
3214 3047 3515 3102 ἀναπαύσω
3531 3045 3700 3114 ὑμᾶς.»

494 3146 560 3198 ad
593 3146 942 3214 peccandum
990 3144 1331 3212 proclivitale
1397 3145 1710 3200 laborantes
1745 3156 1799 3200 et
1849 3145 2055 3198 onerati

2160 3150 2364 3212 Πάντες
2411 3145 2502 3201 οὖν
2543 3147 2814 3218 ἅνθρωποι
2839 3184 2854 3208 ,
2900 3145 2988 3197 διὰ
3026 3144 3124 3214 τὴν
3165 3144 3262 3214 τῆς
3311 3140 3581 3213 ἁμαρτίας
3619 3136 3698 3205 (ἰὼ

493 3245 760 3291 vocantur
792 3237 857 3289 ad
887 3236 1032 3288 illaut
1081 3234 1171 3287 Dei
1206 3235 1521 3302 requietcttt,
1553 3251 1715 3304 quam
1748 3248 1932 3289 nostra
1960 3237 2057 3290 do-

497 3331 668 3383 ctrina
695 3329 979 3398 promittit.
1005 3344 1023 3377 ι
1050 3325 1194 3379 Misit
1223 3346 1242 3378 ι
1275 3329 1416 3381 enim
1443 3327 1583 3383 Deus
1610 3328 1875 3382 «Verbum
1899 3344 2053 3383 suum

494 3431 547 3475 et
575 3422 785 3474 sanavit
818 3437 930 3486 eos,
959 3431 1014 3475 et
1041 3421 1242 3491 eripuit
1272 3436 1368 3476 eos
1402 3426 1467 3478 de
1495 3423 1938 3492 corruptionibus
1965 3437 2058 3478 eo-

494 3527 616 3566 rum
641 3512 704 3567 ".
743 3531 760 3563 ι

561 3693 650 3748 64.
681 3692 896 3764 Pergit:
937 3711 956 3744 ι
989 3691 1101 3759 Qua
1134 3695 1298 3761 igitur
1346 3709 1508 3749 causa
1561 3700 1878 3762 peccatores
1913 3707 2054 3761 pra:-

491 3784 783 3839 tcruntur?
821 3805 839 3836 »
873 3785 1141 3854 Additque
1183 3785 1334 3854 plura
1364 3786 1413 3838 id
1443 3786 2055 3855 genusﬂespondemus

490 3885 832 3944 peccatorem
883 3876 1200 3944 simpliciter
1250 3892 1354 3930 non
1385 3877 1638 3943 anteponi
1673 3877 1783 3940 illi,
1811 3876 1902 3946 qui
1947 3891 2053 3930 non

491 3979 574 4023 est
605 3978 899 4038 peccator;
936 3969 1030 4022 sed
1061 3968 1332 4022 interdum
1376 3969 1573 4022 accidit
1601 3978 1662 4022 ιιι
1687 3979 1941 4038 peccator
1970 3968 2055 4022 sui

490 4059 701 4125 peccati
729 4057 1061 4112 conscientia
1089 4068 1264 4112 tactus
1293 4069 1346 4112 et
1372 4058 1574 4112 idcirco
1597 4059 1873 4126 pcenitens
1891 4061 2056 4126 atque

488 4160 712 4217 propter
746 4164 842 4202 sua
895 4160 1116 4218 peccata
1167 4149 1386 4203 humilis
1431 4148 1767 4202 anteferatur
1813 4147 1912 4212 illi,
1960 4147 2054 4216 qui

490 4243 672 4296 minus
701 4243 918 4311 quidem
952 4242 1042 4296 illo
1065 4242 1299 4297 habetur
1321 4250 1593 4312 peccator,
1623 4243 1716 4295 sed
1748 4256 1806 4296 se
1836 4241 2055 4295 minime

486 4344 828 4401 peccatorem
860 4349 978 4390 esse
1004 4337 1314 4406 existimat,
1349 4335 1456 4390 imo
1483 4335 1744 4405 gloriatur
1778 4334 2056 4404 turgescit-

485 4442 593 4497 que
623 4431 945 4498 quibusdam
984 4430 1138 4485 bonis
1160 4471 1175 4493 ,
1207 4431 1401 4500 quibus
1431 4429 1531 4483 sibi
1569 4430 1682 4498 ipse
1723 4439 1948 4484 ornatus
1977 4428 2056 4481 vi-

2162 3258 2245 3293 σιν
2297 3239 2402 3309 (65)
2453 3237 2750 3299 κοπιῶντες
2799 3237 2890 3290 καὶ
2938 3233 3401 3306 πεφορτισμένοι,
3448 3229 3702 3286 καλοῦνται

2159 3333 2250 3385 ἐπὶ
2281 3331 2375 3402 τὴν
2407 3329 2557 3401 παρά
2587 3329 2664 3400 τῷ
2693 3328 2834 3398 λόγῳ
2865 3327 2956 3380 τοῦ
2978 3327 3111 3380 Θεοῦ
3144 3327 3452 3380 ἀνάπαυσιν
3471 3341 3482 3354 ·
3521 3343 3538 3372 ι
3575 3319 3698 3384 Ἐξαο

2158 3422 2400 3477 πέστειλε
2464 3422 2571 3492 γὰρ
2631 3421 2660 3472 6
2717 3420 2846 3483 Θεὸς
2909 3419 2999 3472 τὸν
3071 3419 3240 3486 Λόγον
3280 3416 3473 3480 αὑτοῦ,
3506 3415 3592 3468 καὶ
3634 3411 3699 3462 ἰὰ·

2160 3531 2288 3568 σατο
2321 3515 2533 3576 αὐτοὺς,
2556 3515 2648 3568 καί
2676 3512 2941 3584 ἐρρύσατο
2973 3512 3169 3573 αὐτοὺς
3195 3511 3260 3562 ἐκ
3288 3508 3401 3562 τῶν
3429 3502 3696 3574 διατθορῶν

2157 3606 2355 3660 αὐτῶν.
2398 3623 2416 3656 ι

2239 3699 2391 3751 Ἐπεὶ
2421 3696 2476 3748 δέ
2504 3713 2632 3766 φησι
2665 3695 2758 3748 καὶ
2785 3696 2880 3760 τὸ,
2924 3712 2942 3744 ι
2983 3693 3078 3756 Τίς
3105 3689 3197 3746 οὖν
3229 3691 3368 3763 αῦτη
3410 3689 3585 3756 ποτὲή
3613 3683 3696 3737 τῶν

2155 3789 2492 3862 ἁμαρτωλῶν
2517 3788 2843 3859 προτίμησις
2877 3804 2892 3851 ;
2928 3807 2946 3839 ι
2980 3788 3073 3840 καὶ
3099 3788 3260 3856 ὅμοια
3296 3785 3505 3846 τούτοις
3536 3776 3695 3846 ἐπιφέ-

2159 3899 2278 3954 ρει·
2321 3879 2758 3952 ἀποκρινούμεθα
2783 3919 2797 3942 ,
2848 3879 2930 3930 ὅτι
2971 3875 3225 3941 καθάπαξ
3278 3877 3378 3946 μὲν
3411 3867 3694 3945 ἁμαρτωλὸς

2155 3975 2216 4026 οὐ
2249 3975 2578 4044 προτιμᾶται
2603 3971 2696 4023 τοῦ
2725 3971 2798 4041 μὴ
2827 3969 3149 4041 ἁμαρτωλοῦ
3174 3987 3186 3998 ’
3220 3967 3336 4020 ἔστι
3364 3968 3410 4020 δ’
3433 3967 3518 4020 ὅτε
3546 3964 3694 4030 ἀμαρ-

2154 4066 2322 4135 τωλὸς
2342 4107 2356 4129 ,
2389 4063 2801 4132 συναισθόμενος
2832 4062 2930 4131 τῆς
2977 4060 3112 4123 ίδίας
3156 4060 3431 4130 ἁμαρτίας
3453 4097 3469 4120 ,
3517 4054 3600 4108 καὶ
3623 4048 3693 4102 διὰ

2155 4159 2312 4212 τοῦτο
2342 4157 2478 4228 πρὸς
2499 4157 2560 4208 τὸ
2585 4157 2860 4228 μετανοεῖν
2883 4153 3259 4225 πορευόμενος,
3295 4153 3390 4204 ἐπί
3416 4152 3525 4212 τοῖς
3545 4149 3694 4216 ἦμαρ·

2155 4251 2408 4324 τημένοις
2440 4249 2711 4311 ταπεινὸς,
2748 4247 3079 4317 προτιμᾶται
3123 4244 3218 4297 τοῦ
3259 4243 3483 4296 ἔλαττον
3509 4241 3595 4309 μὲν
3620 4252 3689 4286 νο·

2159 4343 2449 4414 μιζομένου
2496 4337 2634 4394 εἶναι
2675 4337 2997 4411 ἁμαρτωλοῦ
3025 4377 3039 4397 ,
3068 4337 3168 4390 οὐκ
3213 4337 3460 4406 οἰομένου
3486 4334 3528 4386 δ’
3558 4328 3690 4384 αὑτὸν

2157 4435 2474 4506 ἁμαρτωλὸν
2495 4473 2508 4496 ,
2544 4432 2656 4486 ἀλλ’
2701 4430 3058 4503 ἐπαιρομένου
3113 4429 3206 4482 ἐπί
3259 4444 3402 4480 τισιν
3422 4465 3436 4487 ,
3465 4419 3540 4486 οἷς
3573 4418 3690 4474 δοκεῖ

489 4520 666 4576 detur.
693 4520 858 4592 5,90
882 4523 939 4576 ld
971 4523 1111 4592 quod
1157 4523 1404 4576 candidis
1439 4520 1854 4590 Evangeliorum
1888 4520 2052 4574 lecto-

2161 4527 2453 4580 συνειδέναι
2482 4524 2590 4594 (66)
2625 4523 2802 4594 ἐαυτῴ
2831 4524 3099 4594 κρείττοσι
3127 4561 3140 4585 ,
3183 4521 3276 4574 καὶ
3311 4512 3686 4588 πεφυσιωμένου

486 4611 638 4666 ribus
686 4614 894 4668 iudicat
943 4616 1009 4668 de
1044 4615 1336 4684 publicano
1365 4623 1419 4668 et
1475 4613 1744 4665 l‘harismo
1770 4611 2052 4681 parabola,

485 4716 714 4768 quorum
749 4702 840 4756 ille
871 4704 1126 4759 dicebat:
1168 4723 1186 4755 ι
1236 4703 1507 4773 Propitius
1533 4712 1652 4756 esto
1685 4702 1812 4753 mihi
1858 4715 2054 4768 pecca-

488 4792 588 4842 tori
615 4807 630 4856 ;
666 4810 684 4841 ι
729 4790 816 4846 hic
862 4803 1041 4847 autem
1103 4809 1294 4863 magna
1345 4795 1412 4846 de
1437 4809 1494 4846 se
1524 4790 1776 4860 Opinione
1806 4791 1940 4843 male
1971 4799 2054 4843 lu-

485 4881 702 4934 midus:
741 4899 759 4931 ι
797 4880 1043 4945 Gratias,
1093 4884 1412 4952 inquiebat,
1464 4899 1566 4953 ago
1605 4883 1722 4947 tibi,
1769 4883 1896 4950 quia
1944 4897 2052 4935 non

483 4985 602 5024 sum
639 4973 781 5025 sicut
805 4975 986 5027 caeteri
1020 4976 1321 5042 hominum,
1352 4986 1618 5045 raptores,
1665 4976 1870 5043 iujttsti,
1903 4973 2054 5027 adul-

485 5064 612 5125 teri,
639 5064 780 5118 velut
814 5066 976 5120 etiam
1011 5068 1098 5121 hic
1132 5068 1472 5136 publicanus.
1511 5088 1530 5121 ι
1561 5067 1775 5124 Etenim
1803 5065 1962 5122 Jesus
1987 5067 2055 5122 de

485 5157 767 5226 utriusque
795 5159 1042 5212 oratione
1067 5158 1146 5213 sic
1185 5159 1392 5224 judicat
1419 5177 1431 5213 :
1473 5178 1492 5212 ι
1528 5161 1818 5216 Descendit
1848 5162 1938 5215 hic
1967 5161 2055 5231 ju-

479 5248 748 5302 stificatus
777 5248 832 5301 itt
859 5249 1078 5302 domum
1109 5263 1259 5303 suam
1291 5251 1360 5305 ab
1399 5250 1535 5317 illo;
1573 5253 1698 5318 quia
1750 5255 1929 5307 omnis
1959 5253 2052 5320 qui

478 5351 542 5394 ac
575 5338 804 5404 exaltat,
843 5339 1222 5395 Itutniliabitur
1247 5341 1268 5406 ;'
1292 5352 1346 5396 et
1373 5343 1467 5412 qui
1511 5358 1571 5398 se
1602 5343 1870 5410 hutniliat,
1903 5342 2053 5397 exal~

553 5473 598 5506 ¹¹
627 5475 642 5527 l
678 5473 828 5528 Petr.
864 5490 915 5540 ν,
947 5475 999 5540 6,
1033 5475 1083 5529 7.

475 5612 891 5737 “522‘:A.21d
919 5615 1183 5671 δύναται.
1228 5617 1488 5674 Gelenius
1528 5619 1777 5688 legebat,
1827 5620 1940 5674 ἀλλ’
1989 5620 2050 5672 οὐ

475 5754 842 5893 ω
879 5759 1086 5814 αὐτόν.
1127 5759 1413 5825 Gelenius,
1446 5759 1591 5834 πρὸς.
1606 5761 1867 5841 αὐξανόγρ
1892 5762 2050 5818 .γίάο-

1166 5476 1211 5509 ¹²
1244 5475 1392 5532 Psal.
1431 5492 1584 5542 xui,
1611 5478 1667 5534 5.

1749 5479 1793 5511 ¹⁸
1817 5477 1919 5534 Job
1951 5493 2038 5542 xv,
2078 5477 2164 5532 ιι.

2157 4619 2244 4672 ἐπ’
2277 4619 2476 4680 αὐτοῖς.
2507 4617 2612 4668 Καὶ
2641 4615 2796 4668 τοῦτο
2835 4614 2983 4684 δηλοῖ
3011 4617 3122 4676 τοῖς
3158 4610 3495 4682 βουλομένοις
3516 4607 3685 4671 εὐγνωο

2156 4710 2328 4781 μόνως
2372 4708 2716 4777 ἐντυγχάνειν
2751 4710 2863 4768 τοῖς
2909 4705 3260 4774 Εὑαγγελίοις
3297 4704 3331 4773 ή
3361 4702 3486 4772 περὶ
3515 4695 3596 4749 τοῦ
3629 4694 3687 4744 εί-

2151 4801 2342 4863 πὸντος
2365 4799 2594 4853 τελώνου
2625 4797 2924 4869 παραϐολή·
2967 4817 2985 4848 ι
3021 4795 3286 4866 Ἰλάσῦητί
3319 4812 3410 4864 μοι
3437 4791 3511 4860 τῷ
3538 4789 3685 4856 ἁμαρ·

2150 4892 2304 4962 τωλῷ
2340 4909 2354 4922 ο
2403 4911 2421 4943 ι
2469 4891 2565 4944 καὶ
2609 4892 2740 4962 περὶ
2782 4888 2876 4942 τοῦ
2920 4887 3338 4959 καυχησαμένου
3396 4883 3528 4956 μετά
3569 4887 3684 4935 τινος

2157 4983 2428 5056 μοχθηροῦ
2462 4984 2720 5053 οἰήματος
2750 4982 3066 5052 Φαρισαίου,
3096 4981 3188 5033 καὶ
3221 4979 3518 5050 φήσαντοςο
3549 4990 3566 5022 ι
3601 4965 3683 5020 Εὐ·

2152 5072 2392 5146 χαριστῶ
2424 5073 2618 5135 σοι,ὃτι
2641 5073 2740 5124 οὐκ
2767 5073 2882 5142 εἰμὶ
2906 5073 2982 5136 ώς
3000 5074 3048 5125 οἱ
3075 5071 3250 5126 λοιποὶ
3276 5071 3384 5124 τῶν
3402 5063 3678 5138 ἀνθρώπων.

2153 5169 2418 5237 ἅρπαγες,
2441 5165 2632 5225 ἄδικοι,
2667 5165 2918 5236 μοιχοὶ,ῆ
2951 5167 3043 5219 καὶ
3066 5165 3141 5229 ώς
3172 5160 3324 5226 οὗτος
3354 5165 3384 5215 ὁ
3416 5160 3638 5224 τελώνης.
3663 5169 3677 5199 ι

2165 5256 2442 5326 Ἐπιφέρει
2475 5252 2582 5324 γὰρ
2610 5255 2638 5306 6
2675 5253 2880 5324 Ἰησοῦς
2928 5255 3006 5324 τῷ
3052 5256 3180 5326 περὶ
3215 5255 3527 5324 ἀμφοτέρων
3566 5245 3679 5310 λόγῳ

2151 5347 2233 5410 τὸ,
2267 5366 2284 5398 ι
2323 5346 2543 5415 Κατέϐη
2581 5339 2732 5408 οὗτος
2766 5347 2844 5408 είς
2881 5347 2971 5399 τὸν
3001 5343 3146 5401 οἷκον
3177 5345 3342 5400 αὑτοῦ
3371 5332 3678 5405 δεδικαιωμέ-

2243 5478 2291 5509 ¹¹⁵
2324 5477 2530 5530 Matth.
2567 5494 2643 5545 ιιι,
2675 5477 2763 5532 28.
2847 5475 2981 5530 “Ps.
3014 5491 3121 5542 cvr,
3145 5476 3237 5531 20.

2233 5616 2347 5686 (65’)
2393 5615 2707 5684 Ἀμαρτίας
2730 5615 2937 5683 φύσιν.
2974 5612 3110 5670 Vide
3137 5612 3502 5667 adnotationcs
3519 5605 3575 5660 ad
3600 5597 3674 5653 libo

2156 5705 2233 5748 tv,
2261 5703 2404 5738 tttttn.
2429 5689 2518 5739 40.

2228 5760 2338 5823 (66)
2370 5756 2640 5812 llmschcl.
2673 5765 2723 5808 et
2753 5755 3014 5824 Spumea
3044 5756 3094 5809 iv.
3130 5765 3299 5820 textu,
3331 5749 3576 5810 Wo
3601 5734 3672 5792 κδ

2154 5843 2343 5884 Omnes
2375 5842 2527 5894 tttss.,
2564 5823 2889 5880 συνειδέναι.-
