3898 6524
147 386 274 447 1005

1327 381 1609 440 CONTRA
1643 382 1925 443 CELSUH
1964 383 2093 440 LIB.
2126 384 2216 440 Ill.

3248 392 3387 451 {008

137 527 242 575 νος,
276 509 406 579 παρ’
435 506 641 560 ἐκεῖνον
664 502 773 577 (67)
793 520 806 534 ·
839 502 922 557 δτι
964 504 1074 568 πᾶς
1117 503 1148 556 ό
1194 502 1345 574 ὑψῶν
1384 503 1577 558 ἑαυτὸν
1618 520 1715 557 τα-

1823 504 2020 559 labitur
2041 505 2104 557 “.
2144 522 2164 557 ι
2200 501 2311 559 Nec
2340 501 2507 575 igitur
2537 502 2651 560 Deo
2678 503 2911 561 facimus
2944 503 3200 575 Iniuriam
3223 550 3240 577 ,
3287 523 3389 566 nec

139 600 557 671 πεινωθήσεται,
589 598 683 652 καὶ
717 597 827 660 πᾶς
867 596 895 649 ὁ
924 595 1194 649 ταπεινῶν
1222 596 1412 651 ἑαυτὸν
1440 596 1712 669 ὑψωθήσε-

140 710 238 748 ται.
281 712 300 744 ι
338 693 412 745 Οὐ
467 688 895 762 βλασφημοῦμεν
936 682 1029 743 ὀῦν
1076 688 1168 742 τὸν
1196 688 1350 754 Θεὸν,
1392 689 1511 743 οὐδὲ
1537 706 1711 743 κατα-

138 784 453 857 ψευδόμεθα,
485 784 830 845 διδάσκοντες
862 781 1020 836 πάνθ’
1054 780 1292 835 ὁντινοῦν
1326 782 1710 836 συναισθέσθαι

141 880 232 949 τῆς
272 876 621 947 ἀνθρωπίνης
656 873 1025 945 βραχύτητος,
1055 873 1130 938 ὼς
1160 874 1299 946 πρὸς
1325 873 1423 945 τὴν
1452 872 1546 926 τοῦ
1574 874 1710 928 θεοῦ

144 970 559 1044 μεγαλειότητα·
595 969 688 1022 καὶ
741 970 827 1021 ἀεὶ
862 968 1032 1020 αἰτεῖν
1058 969 1152 1021 ἀπ’
1184 968 1394 1020 ἐκείνου
1432 968 1493 1021 τὸ
1533 967 1711 1021 ἐνδέον

138 1068 197 1136 τῇ
243 1064 398 1133 φύσει
445 1062 559 1135 (68)
611 1062 791 1132 ἡμῶν,
834 1059 927 1113 τοῦ
960 1059 1120 1131 μόνου
1147 1059 1496 1132 ἀναπληροῦν
1525 1058 1595 1113 τὰ
1625 1058 1712 1111 ἐλ-

138 1156 257 1226 λιπῆ
290 1156 421 1225 ἡμῖν
450 1155 773 1225 δυναμένου.

204 1246 381 1301 Οἰεται
408 1248 455 1300 δ’
483 1248 564 1300 ὅτι
595 1247 817 1301 τοιαῦτα
858 1246 938 1309 εἰς
963 1245 1278 1318 προτροπὴν
1312 1243 1419 1297 τῶν
1465 1243 1712 1315 ἁμαρτα-

140 1341 324 1394 νόντων
352 1340 555 1410 φαμὲν,
580 1339 654 1402 ὡς
690 1339 892 1410 μηδένα
919 1339 1086 1409 ἄνδρα
1115 1337 1193 1408 τῷ
1225 1337 1337 1390 ὄντι
1361 1336 1595 1408 χρηστὸν
1618 1335 1711 1389 καὶ

139 1433 329 1486 δίκαιον
356 1430 729 1504 προσάγεσθαι
754 1431 1039 1500 δυνάμενοι
1064 1446 1077 1459 '
1107 1431 1199 1483 καὶ
1221 1430 1304 1482 ὅτι
1319 1428 1405 1481 διὰ
1426 1428 1582 1482 τοῦτο
1601 1429 1713 1490 τοῖς

140 1522 511 1585 ἀνοσιωτάτοις
542 1522 635 1575 καὶ
668 1520 1050 1585 ἐξωλεστάτοις
1074 1520 1174 1583 τὰς
1197 1519 1371 1583 πύλας
1399 1520 1707 1589 ἀνοίγομεν.

154 1616 327 1686 Ἡμεῖς
356 1616 433 1681 δὲ,
487 1616 546 1668 εἴ
578 1633 663 1679 τις
706 1616 1034 1687 κατανοῆσαι
1063 1614 1217 1686 ήμῶν
1262 1614 1617 1685 εὐγνωμόνως
1651 1617 1715 1669 τὸ

142 1708 417 1779 ἄθροισμα,
448 1707 702 1770 πλείονας
726 1707 919 1779 ἔχομεν
944 1707 1294 1779 παραστῆσαι
1318 1707 1445 1769 τοὺς
1471 1707 1571 1759 οὐκ
1602 1707 1713 1761 ἀπὸ

143 1799 357 1870 χαλεποῦ
410 1799 555 1851 πάνυ
607 1799 721 1869 βίου
785 1800 928 1870 ἤπερ
995 1800 1121 1862 τοὺς
1183 1797 1291 1852 ἀπὸ
1334 1796 1712 1864 ἐξωλεστάτων

1813 596 2127 662 mentimur,
2162 611 2287 651 cum
2326 596 2584 653 docemus
2613 598 2885 653 neminem
2930 615 3051 659 esse
3101 602 3233 670 quin
3278 602 3386 659 sibi

1812 689 2067 743 conscius
2115 690 2187 744 sit
2217 688 2470 742 humanae
2504 688 2794 758 parvitatis
2816 728 2832 753 ,
2869 705 2991 745 cum
3023 691 3141 746 hrec
3172 694 3237 747 ad
3270 709 3392 749 ma-

1811 779 2145 849 gnitudinem
2198 780 2293 834 Dei
2332 788 2682 851 comparatur
2720 797 2736 846 ;
2790 791 2845 836 et
2893 794 3152 852 perpetuo
3196 793 3388 854 postu-

1813 868 2033 924 landum
2084 872 2152 925 ab
2185 872 2279 926 illo
2323 886 2447 927 esse
2481 871 2627 941 quod
2672 883 2882 929 naturae
2931 886 3130 931 nostra:
3160 874 3387 943 deﬁcit;

1812 962 2013 1034 quippe
2039 966 2135 1037 qui
2164 967 2315 1023 solus
2344 975 2527 1037 potest
2559 970 2907 1038 suppeditare
2949 986 3069 1041 quae
3103 972 3259 1027 nobis
3296 972 3391 1026 de-

1813 1064 1962 1110 sunt.

1886 1232 1976 1289 65.
2002 1232 2271 1292 Cancrum
2304 1246 2464 1306 putat
2494 1239 2584 1295 ille
2614 1255 2675 1295 ea
2704 1254 2868 1295 causa
2898 1239 2980 1294 sic
3007 1253 3036 1293 a
3069 1238 3226 1293 nobis
3260 1253 3392 1307 pec-

1813 1332 2028 1381 eatores
2056 1328 2353 1391 advocari,
2388 1332 2533 1400 quod
2578 1333 2851 1385 nemiuem
2891 1331 3068 1399 reipsa
3102 1330 3391 1385 honestum

1807 1415 2127 1487 justumque
2193 1420 2351 1474 nobis
2419 1423 2713 1477 conciliare
2776 1437 3093 1491 queamus;
3155 1430 3211 1475 et
3265 1421 3393 1476 hinc

1815 1503 1929 1555 ﬁeri
1963 1512 2021 1556 ut
2066 1504 2486 1574 improbissimis
2518 1510 3011 1579 perditissituisque
3053 1520 3237 1578 portas
3266 1526 3395 1577 ape-

1814 1593 2038 1649 riamus.
2075 1593 2493 1662 Verumtamen,
2524 1602 2566 1654 si
2603 1617 2707 1670 qua
2739 1616 2837 1669 par
2869 1612 2953 1656 est
2999 1602 3256 1671 (equitate
3281 1617 3397 1659 ca:-

1815 1692 1902 1739 tus
1948 1695 2133 1741 noster
2167 1689 2563 1753 consideretur,
2602 1691 2785 1760 plures
2835 1692 2907 1746 ibi
2946 1692 3128 1747 videre
3157 1702 3269 1754 est,
3300 1693 3393 1761 qui

1816 1792 1846 1831 a
1874 1778 1985 1832 vita
2016 1795 2121 1833 non
2148 1782 2438 1835 admodum
2477 1782 2786 1839 inordinata
2810 1824 2826 1849 ,
2854 1801 3014 1855 quam
3047 1786 3137 1855 qui
3185 1801 3214 1839 a
3242 1784 3396 1855 ﬂagi-

142 1866 537 1963 άμαρτημάτων
601 1866 1051 1961 ἐπιστρέψαντας.
1096 1890 1206 1943 Καὶ
1253 1888 1361 1961 γὰρ
1403 1890 1709 1959 πεφύκασιν

1823 1866 1950 1922 tiosa
1970 1871 2220 1925 conversi
2246 1870 2467 1926 fuerint.
2500 1872 2589 1926 Sic
2616 1875 2761 1928 enim
2793 1887 2985 1929 natura
3013 1888 3392 1945 comparatum

148 1984 192 2035 οί
232 1983 294 2035 τὰ
329 1982 616 2052 κρείττονα
671 1984 882 2045 ἑαυτοῖς
938 1981 1337 2050 συνεγνωκότες
1363 2022 1377 2045 ,
1427 1982 1712 2052 εὐχόμενοι

142 2072 299 2143 ἀληθῆ
333 2068 478 2125 εἶναι
508 2072 581 2125 τὰ
605 2072 985 2144 κηρυσσόμενα
1016 2072 1142 2142 περὶ
1169 2070 1270 2142 τῆς
1305 2071 1410 2124 ὑπὸ
1442 2070 1573 2124 Θεοῦ
1599 2075 1713 2135 τοῖς

143 2166 421 2237 κρείττοσιν
447 2164 706 2236 ἀμοιϐῆς,
726 2165 1066 2236 ἑτοιμότερον
1092 2163 1580 2232 συγκατατίθεσθαι
1600 2167 1713 2227 τοῖς

144 2257 433 2327 λεγομένοις
472 2258 627 2329 παρὰ
674 2258 801 2320 τοὺς
844 2256 985 2309 πάνυ
1022 2254 1309 2326 μοχθηρῶς
1355 2254 1709 2326 βεϐιωκότας,

144 2350 225 2402 ἀπ’
246 2349 401 2403 αὑτοῦ
426 2349 522 2402 τοῦ
562 2349 857 2411 συνειδότος
875 2348 1253 2418 κωλυομένους
1281 2348 1708 2420 παραδέξασθαι,

146 2439 215 2491 ὅτι
248 2439 671 2511 κολασθήσονται
715 2440 818 2491 ὑπὸ
864 2437 958 2491 τοῦ
1000 2438 1094 2491 ἐπὶ
1142 2440 1274 2491 πᾶσι
1313 2437 1569 2491 δικαστοῦ
1616 2455 1709 2491 κο-

146 2529 298 2593 λάσει,
345 2532 466 2601 ἥτις
524 2530 727 2601 πρέποι
772 2530 839 2583 ἂν
871 2529 949 2599 τῷ
973 2528 1043 2581 τὰ
1073 2528 1310 2582 τοσαῦτα
1345 2528 1708 2600 ἡμαρτηκότι,

148 2623 227 2674 καὶ
260 2623 315 2674 οὐ
351 2622 502 2695 παρὰ
552 2623 646 2675 τὸν
694 2622 853 2693 ὀρθὸν
892 2621 1047 2690 λόγον
1097 2620 1427 2691 προσάγοιτο
1458 2620 1566 2691 (69)
1607 2620 1713 2673 ὑπὸ

148 2712 227 2766 τοῦ
268 2714 351 2765 ἐπὶ
384 2716 519 2767 πᾶσι
573 2712 849 2767 δικαστοῦ,
890 2712 1042 2765 Ἔσθ’
1071 2713 1161 2765 ὅτε
1190 2712 1246 2765 δὲ
1274 2711 1375 2766 κᾶν
1405 2711 1544 2764 πάνυ
1582 2710 1713 2775 ἐξώ-

150 2802 244 2869 λεις
272 2805 673 2877 παραδέξασθαι
704 2804 999 2877 βούλωνται
1028 2805 1119 2857 τὸν
1158 2804 1314 2873 λόγον
1340 2803 1431 2857 τὸν
1462 2803 1590 2874 περὶ
1622 2820 1713 2855 κο-

150 2898 357 2965 λάσεως,
408 2901 496 2953 διὰ
549 2900 650 2972 τὴν
687 2900 779 2952 ἐπὶ
826 2901 892 2969 τῇ
926 2898 1187 2969 μετανοίᾳ
1218 2898 1409 2950 ἐλπίδα
1439 2896 1712 2967 ἐπιμόνως

155 2994 478 3066 βιϐαμμένοι,
522 2996 827 3050 κωλύονται
856 2995 964 3047 ἀπὸ
990 2994 1086 3065 τῆς
1121 2992 1259 3065 πρὸς
1283 2992 1345 3045 τὸ
1379 2991 1713 3063 ἁμαρτάνειν

156 3089 431 3158 συνηθείας,
455 3088 701 3158 ὡσπερεὶ
726 3086 1195 3158 δευσοποιηθέντες
1224 3085 1331 3138 ἀπὸ
1357 3086 1455 3156 τῆς
1488 3084 1709 3148 κακίας,

155 3183 234 3234 καὶ
274 3183 460 3253 μηκέτι
512 3181 805 3252 δυνάμενοι
852 3181 945 3233 ἀπ’
989 3178 1162 3249 αὐτῆς
1211 3179 1510 3249 ἀποστῆναι
1556 3177 1711 3247 εὐχε-

159 3273 248 3344 ρῶς
286 3276 373 3328 ἐπὶ
418 3276 510 3328 τὸν
559 3272 937 3344 καθεστηκότα
977 3272 1073 3325 καὶ
1115 3271 1207 3324 τὸν
1246 3269 1388 3323 κατὰ
1432 3268 1522 3323 τὸν
1557 3269 1713 3340 ὀρθὸν

157 3364 290 3433 λόγον
330 3368 458 3438 βίον.
488 3366 664 3419 Τοῦτο
687 3366 743 3419 δὲ
774 3365 866 3418 καὶ
895 3366 923 3416 ό
955 3363 1161 3428 Κέλσος
1190 3364 1465 3435 ἐννοήσας,
1501 3362 1600 3415 οὐκ
1622 3357 1716 3413 οἷδ’

158 3458 283 3522 ὅπως
311 3460 452 3528 λέγει
495 3461 557 3512 ἐν
607 3460 720 3521 τοῖς
752 3458 878 3527 ἑξῆς
906 3455 1163 3510 τοιαῦτα·
1201 3473 1220 3506 ι
1262 3454 1372 3507 Καὶ
1405 3454 1511 3524 μὴν
1554 3450 1717 3505 παντί

162 3568 245 3604 που
285 3553 451 3623 δῆλον,
485 3555 574 3606 ὅτι
604 3555 730 3616 τοὺς
780 3549 1113 3622 ἁμαρτάνειν
1158 3547 1469 3617 πεφυκότας
1514 3563 1573 3597 τε
1623 3544 1717 3597 καὶ

162 3643 469 3716 εἰθισμένους
520 3646 699 3708 οὐδεὶς
744 3645 812 3698 ἂν
862 3643 981 3697 οὐδὲ
1025 3642 1268 3705 κολάζων
1323 3638 1502 3708 πάντη
1555 3654 1720 3708 μετα-

163 3734 321 3799 ϐάλοι,
366 3741 493 3811 μήτι
540 3756 607 3807 γε
653 3736 851 3791 ἐλεῶν
890 3735 1051 3805 φύσιν
1093 3733 1203 3803 γὰρ
1241 3731 1470 3803 ἀμεῖψαι
1519 3729 1719 3791 τελέως

162 3830 498 3899 παγχάλεπον.
547 3832 612 3884 Oi
653 3830 696 3882 δ⁹
748 3828 1125 3898 ἀναμάρτητοι
1184 3821 1425 3893 βελτίους
1473 3821 1719 3875 κοινωνοὶ

167 3918 283 3991 βίου.
306 3943 324 3976 ι

223 4044 319 4097 Καὶ
355 4046 411 4097 ἐν
450 4045 662 4106 τούτοις
702 4041 745 4095 δ’
798 4041 827 4093 ὁ
889 4037 1097 4100 Κέλσος
1130 4035 1271 4088 πάνυ
1325 4049 1413 4102 μοι
1454 4026 1718 4097 ἐσφάλθαι

167 4131 316 4199 δοκεῖ,
368 4137 439 4208 μὴ
502 4136 683 4197 διδοὺς
735 4134 848 4195 τοῖς
908 4127 1241 4200 ἁμαρτάνειν
1304 4120 1571 4190 πεφυκόσι
1625 4118 1719 4171 καὶ

167 4225 302 4280 τοῦτο
362 4227 620 4298 πράττειν
687 4223 1015 4293 εἰθισμένοις
1088 4219 1186 4290 τὴν
1252 4214 1489 4283 παντελῆ
1554 4227 1719 4281 μετα-

170 4315 305 4388 ϐολήν
327 4336 339 4348 ο
370 4322 512 4384 ὅστις
537 4318 646 4373 οὐδ’
675 4316 782 4371 ἀπὸ
813 4314 1087 4369 κολάσεων
1121 4310 1318 4372 αὐτοὺς
1349 4306 1522 4360 οἴεται
1560 4304 1720 4375 θερα-

171 4408 395 4464 πεύεσθαι
416 4428 430 4441 ⁸
460 4410 649 4479 σαφῶς
681 4409 788 4480 γὰρ
819 4406 1087 4477 φαίνεται,
1126 4404 1207 4455 ὄτι
1241 4401 1440 4461 πάντες
1480 4397 1579 4467 μὲν
1625 4396 1719 4448 ἄν·

172 4498 345 4569 optumi.
382 4504 512 4575 πρὸς
542 4503 603 4555 τὸ
633 4500 964 4571 ἁμαρτάνειν
996 4495 1317 4565 πεφύκαμεν
1343 4491 1475 4561 (70),
1507 4488 1636 4539 ἔνιοι
1664 4486 1719 4537 δὲ

1811 1967 1917 2021 est,
1951 1968 2030 2023 ut,
2061 1960 2153 2026 qui
2185 1961 2311 2015 vita:
2337 1961 2533 2016 melius
2564 1974 2699 2017 actze
2726 1965 2826 2018 sibi
2860 1966 3065 2018 conscii
3094 1974 3241 2028 sunt,
3270 1982 3393 2018 cum

1811 2050 2035 2116 cupiant
2062 2066 2192 2105 vera
2228 2066 2348 2105 esse
2378 2068 2499 2121 quae
2528 2054 2595 2106 de
2629 2054 2879 2108 mercede
2904 2070 2932 2107 a
2968 2055 3080 2109 Deo
3111 2056 3269 2110 bouis
3297 2058 3396 2107 tri-

1811 2145 2024 2201 buenda
2060 2147 2460 2217 praedicantur,
2513 2150 2817 2218 promptius
2861 2164 3191 2204 consensum
3239 2151 3396 2203 dictis

1813 2239 2108 2307 prmbeant,
2160 2254 2325 2309 quam
2377 2240 2471 2309 qui
2520 2240 2744 2295 omnino
2790 2241 2931 2295 male
2983 2242 3259 2296 vixerint:
3294 2242 3395 2295 hos

1812 2343 2047 2397 namque
2078 2330 2415 2383 conscientia
2464 2329 2723 2393 deterret,
2759 2330 3054 2399 quominus
3105 2330 3399 2383 admittant

1812 2432 1872 2472 se
1900 2420 1967 2473 ab
2000 2420 2241 2473 omnium
2281 2419 2466 2487 judice
2519 2420 2771 2474 affectum
2824 2421 2888 2474 iri
2938 2420 3242 2489 suppliciis,
3276 2435 3399 2489 qum

1815 2509 2005 2561 talium
2037 2508 2307 2563 scelerqu
2353 2509 2461 2562 reis
2500 2510 2667 2579 inﬂigi
2698 2510 2874 2574 decet,
2905 2519 2958 2564 et
2990 2526 3111 2579 qua!
3150 2510 3295 2577 iusta
3327 2511 3397 2562 de

1781 2603 1977 2658 'causa
2023 2603 2255 2656 intentat
2293 2618 2584 2672 supremus
2615 2602 2805 2671 judex.
2839 2602 2980 2668 Quin
3016 2612 3070 2656 et
3101 2604 3399 2672 aliquando

1814 2695 2083 2765 contingit
2114 2703 2170 2747 ut
2208 2697 2357 2764 pravi
2393 2695 2644 2749 homines
2666 2735 2680 2756 ,
2714 2694 2928 2748 etiamsi
2963 2710 3061 2763 spe
3088 2696 3257 2748 veniae
3287 2710 3402 2764 pa:-

1818 2789 2041 2843 nitentia
2081 2789 2392 2843 obtinenda:
2423 2789 2624 2842 vellent
2666 2788 2733 2842 iis
2763 2802 2882 2857 qua:
2918 2792 2982 2842 de
3009 2789 3184 2857 ptenis
3209 2789 3399 2842 dicuno

1818 2890 1904 2935 tur
1933 2882 2214 2946 assentiri,
2252 2890 2431 2935 tamen
2480 2880 2742 2949 peccandi
2791 2880 3187 2934 consuetudine
3213 2889 3267 2934 et
3300 2895 3398 2933 ne-

1814 2974 1987 3043 quitia
2016 2974 2173 3030 tincti
2202 2975 2422 3043 penitus
2456 2984 2510 3028 et
2541 2972 2755 3036 imbuti,
2802 2973 2866 3026 ad
2895 2972 3060 3025 vitam
3095 2972 3399 3041 sapientem

1816 3076 2087 3136 rectaeque
2137 3067 2335 3120 rationi
2374 3074 2797 3120 consentaneam
2843 3065 2976 3118 eniti
3023 3064 3127 3117 nisi
3182 3063 3399 3118 diﬂicile

1816 3174 1925 3214 non
1972 3158 2203 3230 possint.
2234 3157 2387 3224 Quod
2434 3158 2653 3227 quidem
2687 3156 2875 3211 Celsus
2923 3156 3039 3225 ipse
3082 3157 3237 3210 vidit.
3272 3156 3401 3211 Haec

1739 3227 1786 3287 (ἶ
1819 3252 1962 3305 enim
2018 3251 2091 3305 illi
2144 3251 2330 3304 nescio
2384 3250 2655 3319 quomodo
2702 3250 3025 3303 exciderunt
3078 3249 3128 3302 in
3167 3263 3398 3317 sequen-

1825 3345 1968 3399 tibus
2014 3361 2028 3398 :
2086 3361 2106 3395 ι
2162 3344 2386 3414 Ignorat
2430 3356 2625 3408 nemo,
2676 3343 2771 3411 qui
2824 3341 3026 3395 innatae
3066 3341 3402 3408 proclivitati

1822 3437 1890 3490 ad
1922 3437 2261 3506 peccandum
2297 3436 2596 3503 adjunxere
2622 3432 3111 3496 consuetudinem,
3142 3430 3265 3485 illos
3296 3446 3404 3484 non

1820 3531 1997 3600 prenis
2031 3529 2253 3584 omnino
2285 3528 2487 3581 mutari
2516 3566 2531 3591 ,
2566 3526 2737 3580 multo
2780 3526 2965 3579 minus
3005 3524 3404 3579 misericordia.

1823 3623 1957 3677 Nam
1992 3637 2079 3677 res
2110 3632 2195 3676 est
2226 3618 2582 3691 perdiﬂicilis,
2620 3616 2863 3687 perfecta
2906 3625 3118 3670 natura:
3148 3615 3403 3669 mutatio.

1824 3716 1929 3770 Sed
1970 3716 2060 3783 qui
2100 3716 2217 3769 sine
2251 3721 2474 3784 peccato
2506 3721 2655 3776 sunt,
2688 3710 2723 3764 ii
2757 3719 2882 3765 sunt
2908 3710 3132 3764 meliore
3170 3708 3283 3762 vita
3311 3708 3407 3761 do-

1822 3809 2008 3867 nandi.
2046 3828 2064 3859 ι

1893 4014 1984 4069 66.
2036 4012 2143 4067 Sed
2196 4020 2250 4066 et
2300 4012 2353 4064 iu
2404 4010 2490 4065 his
2544 4009 2678 4063 mihi
2733 4006 2921 4063 Celsus
2960 4007 3177 4060 videtur
3221 4006 3403 4060 hallu-

1823 4105 2033 4160 cinatus
2091 4119 2251 4166 esse,
2308 4118 2429 4157 cum
2500 4110 2695 4155 natura
2770 4108 2825 4154 et
2878 4097 3272 4153 consuetudine
3337 4099 3407 4150 ad

1822 4199 2161 4269 peccandum
2225 4195 2497 4267 proclives
2557 4203 2721 4263 negat
2787 4193 3013 4247 omnino
3084 4190 3285 4243 mutari
3351 4200 3410 4245 et

1822 4293 1907 4346 vel
1964 4291 2140 4361 pomis
2192 4289 2376 4343 sanari
2433 4302 2615 4357 posse.
2676 4286 2751 4348 Ut
2809 4285 2954 4339 enim
2999 4298 3184 4336 verum
3227 4282 3301 4336 sit
3339 4282 3407 4334 ad

1822 4382 1980 4455 49],
2013 4391 2290 4453 peccatum
2321 4395 2508 4434 omnes
2539 4379 2785 4433 homines
2814 4386 3002 4429 natura
3036 4374 3406 4445 propendere,
3444 4422 3445 4425 η

1825 4487 1879 4532 et
1931 4475 2191 4545 quosdam
2246 4490 2354 4529 non
2404 4481 2596 4526 natura
2645 4470 3038 4531 tantummodo,
3095 4467 3189 4521 sed
3242 4467 3406 4520 etiam

171 4557 221 4645 ού
247 4596 386 4665 μόνον
416 4557 909 4667 έπφύκασίνίὰλλὰ
943 4592 1035 4644 καὶ
1063 4557 1361 4657 εἰθισμένοι
1383 4584 1520 4635 εἰσιν
1545 4581 1715 4650 ἁμαρ-

1829 4564 2225 4622 consuetudine
2252 4563 2318 4614 ad
2352 4569 2630 4630 peccatum
2668 4557 2830 4621 ferri,
2868 4571 2973 4609 non
3005 4568 3195 4607 omnes
3229 4562 3407 4603 tamen

173 4686 355 4741 τάνειν·
385 4691 491 4743 ἁλλ’
530 4690 592 4742 ού
640 4689 838 4749 πάντες
884 4683 1159 4754 ἄνθρωποι
1205 4672 1572 4748 ἁπαράδεκτοί
1617 4672 1723 4722 εἰσι

177 4777 257 4847 τῆς
279 4783 556 4846 παντελοῦς
582 4778 883 4852 μεταϐολῆς
902 4794 917 4807 ο
949 4777 1054 4828 εἰσὶ
1086 4772 1195 4846 γὰρ
1239 4771 1333 4824 καὶ
1373 4766 1514 4822 κατὰ
1544 4767 1723 4817 πᾶσαν

179 4870 452 4943 θιλησοφίας
503 4875 733 4945 αἵρεσιν,
782 4870 877 4924 καὶ
921 4866 1062 4921 κατὰ
1111 4865 1201 4918 τὸν
1263 4863 1402 4916 θεῖον
1456 4860 1633 4926 λόγον,
1676 4856 1725 4908 οἱ

179 4963 395 5018 τοσοῦτον
428 4964 884 5037 μεταϐεϐληκέναι
930 4958 1317 5031 ἱστορούμενοι,
1347 4954 1487 5007 ὥστε
1530 4951 1727 5011 αὐτοὺς

182 5051 421 5120 ἐγκεῖσθαι
448 5058 792 5129 παράδειγμα
817 5052 911 5107 τοῦ
943 5053 1164 5123 ἀρίστου
1196 5050 1329 5119 βίου.
1364 5046 1474 5098 Καὶ
1503 5040 1727 5113 φέρουσί

183 5158 298 5207 τινες
322 5150 504 5219 ἡρώων
541 5152 635 5222 μὲν
665 5149 752 5202 τὸν
779 5144 1054 5218 Ἠρακλέα
1081 5142 1173 5195 καὶ
1202 5139 1292 5193 τὸν
1320 5134 1595 5196 Ὀδυσσέα,
1619 5131 1725 5183 τῶν

184 5231 219 5283 δ’
244 5234 443 5306 ὕστερον
471 5241 557 5293 τὸν
586 5238 902 5310 Σωκράτην,
929 5233 1037 5287 τῶν
1065 5232 1121 5285 δὲ
1141 5230 1266 5302 χθὲς
1296 5227 1389 5281 καί
1419 5222 1608 5295 πρώην
1636 5238 1729 5289 γε-

248 5355 284 5383 ¹⁸
308 5353 428 5412 Luc.
471 5374 624 5421 xvnt,
664 5355 697 5410 9
726 5364 780 5410 et
808 5368 924 5421 seq.

251 5469 345 5540 (67)
391 5473 690 5538 Spencerus
743 5471 798 5524 in
848 5478 1032 5527 textu,
1058 5464 1094 5537 ἢ
1127 5464 1356 5540 ἐκεῖνος.
1383 5461 1548 5540 _Mss..
1588 5458 1723 5522 παρ’

191 5530 382 5612 ἐκεῖνον.
426 5530 581 5598 i’uulo
618 5551 739 5612 post
775 5554 964 5612 omnes
1013 5530 1176 5612 tntis”
1206 5532 1301 5586 καὶ
1335 5531 1442 5591 πᾶς
1469 5530 1499 5581 ὁ
1530 5540 1722 5579 ταπει-

192 5610 294 5664 iw.
322 5613 463 5667 Lihli.
500 5604 706 5675 excusi,
730 5613 760 5664 ὁ
789 5610 844 5662 δὲ
872 5604 1189 5679 ταπεινῶν.-
1525 5667 1551 5679 _,
1674 5664 1687 5675 .

253 5683 349 5750 (6⁸)
388 5684 717 5739 Haeschelius
747 5691 800 5735 et
829 5680 1137 5750 Spencerus
1179 5675 1231 5750 in
1272 5680 1419 5750 textu
1446 5709 1460 5731 ,
1490 5675 1589 5750 τῆς
1621 5683 1721 5750 φυ-

196 5740 344 5815 σιὼςξ
372 5758 457 5807 sed
484 5757 632 5809 codd.
682 5740 904 5823 Regius,
938 5745 1264 5803 Basileensis
1297 5753 1355 5797 et
1385 5741 1491 5796 duo
1535 5740 1722 5807 Angli-

196 5834 315 5880 εεηιι.
345 5827 403 5880 τῆ
432 5826 600 5880 φύσει.
1590 5855 1593 5857 ε

286 5840 296 5870 ι
432 5827 492 5864 m'
536 5844 555 5855 ο·
1590 5855 1593 5857 ί

257 5827 641 5970 adfligi
652 5912 713 5961 us
727 5906 781 5952 et
802 5887 1128 5949 Basileensis
1140 5889 1278 5944 bene
1295 5883 1541 5947 omnino,
1560 5895 1722 5949 προσ-

1829 4659 2078 4715 homines
2110 4658 2148 4711 ii
2192 4663 2340 4718 sunt,
2379 4655 2471 4722 qui
2523 4651 2759 4722 perfecte
2799 4647 2995 4703 mutari
3034 4662 3137 4699 non
3179 4642 3409 4711 possint.

1828 4754 1965 4808 Nam
2003 4761 2059 4806 et
2087 4752 2139 4804 in
2172 4748 2424 4803 omnibus
2454 4742 2810 4815 philosophiae
2841 4740 3005 4794 sectis
3047 4746 3102 4790 et
3138 4734 3278 4803 apud
3313 4748 3411 4785 nus

1831 4852 2204 4901 memorantur
2231 4840 2451 4909 quidam
2484 4851 2654 4905 usque
2686 4834 2822 4887 adeo
2852 4828 3145 4889 immutati,
3179 4834 3235 4878 ut
3263 4823 3411 4890 digni

1827 4938 2034 4991 fuerim
2065 4935 2155 5001 qui
2187 4948 2286 5003 pro
2316 4930 2561 4997 exemplo
2608 4928 2824 4996 Optimae
2872 4924 2995 4977 vita:
3040 4930 3409 4989 proponeren-

1833 5040 1941 5084 tur.
2000 5027 2160 5081 Tales
2210 5027 2347 5079 inter
2396 5024 2592 5076 heroas
2634 5019 2802 5073 fuisse
2844 5014 3096 5070 dicuntur
3154 5006 3413 5063 Hercules

1832 5130 1888 5176 et
1925 5118 2179 5187 Ulysses;
2230 5116 2373 5170 inter
2423 5113 2752 5183 posteriores
2782 5118 2959 5167 aetate,
2990 5105 3278 5163 Socrates;
3334 5097 3413 5150 in-
3484 5176 3489 5179 1

1837 5225 1921 5270 ter
1953 5211 2297 5275 novissimos,
2327 5207 2620 5262 Musonius.
2661 5203 2776 5257 Non
2822 5202 2984 5271 igitur
3017 5212 3114 5252 nos
3151 5192 3251 5248 soli
3283 5205 3413 5245 con-

1826 5449 2034 5517 ἀγοιτο.
2075 5442 2412 5517 liceschelius
2446 5427 2501 5495 et
2545 5436 2886 5517 Spencerus,
2911 5425 3206 5517 προσάγει,
3485 5397 3495 5439 ⁸

1828 5493 2629 5585 minaturac}{tumeant.
2657 5505 2826 5585 Itegio
2841 5493 2895 5585 et
2912 5493 3413 5585 Bitsileeustahgsl.

2126 5563 2686 5658 bséap—psvo’t,_qttoi|
2734 5563 2789 5628 ἔι
2820 5563 3415 5658 “abesse

2428 5632 2627 5725 Quieto
2672 5660 2769 5715 pro
2820 5632 3154 5713 βεϐαμμένοι
3201 5632 3415 5684 videtur

1828 5718 2196 5790 scribendum,
2228 5718 2590 5795 κεκαμμέχοι.
2717 5787 2728 5795 _
2814 5792 2823 5795 Α
2872 5783 2903 5795 Α,
2994 5793 3033 5795 Η
3093 5773 3155 5795 Δ)
3201 5771 3273 5795 m

1899 5771 2610 5868 lib”)"irél:lé{s£c2jk3?f'Viue
2663 5783 3043 5843 adnotationes
3090 5773 3158 5830 ad
3200 5771 3299 5828 lib.
3342 5785 3413 5831 ιν,

1829 5887 1977 5926 nunt.
2012 5870 2101 5924 ίιυ.
