3852 6418
219 347 242 396 1
253 343 342 398 009

1385 329 1662 389 CONTRA
1701 327 1978 384 (ΙΕιὸοΜ
2013 326 2140 385 LIB.
2172 326 2260 382 111.

3301 320 3436 376 1010

213 449 337 506 εἶναι
363 450 683 522 ἀνθρώπων;
714 441 854 504 Ἀλλ’
873 452 1016 522 ὅμως
1038 451 1222 520 ἴσχυσε
1248 447 1404 517 λόγος
1435 449 1527 502 καὶ
1549 447 1711 500 τούτο

1821 456 1836 506 ι
1872 449 2080 501 ratione
2125 443 2452 499 audiebant?
2491 440 2804 512 Hujusmodi
2840 440 3086 498 homines
3134 447 3312 492 tamen
3344 451 3438 489 us-

209 543 512 615 ἐπιστρέψας
561 543 781 613 ποιῆσαι
835 543 925 595 ἐπὶ
973 541 1222 594 τοσοῦτον
1280 540 1657 611 διαϐεϐηκέναι
1702 541 1759 591 ὲν

205 635 485 706 φιλοσοφίᾳ,
535 634 674 687 ὥστε
729 635 818 688 τὸν
867 635 962 705 μὲν
1017 634 1121 688 ὑπὸ
1167 632 1450 696 Πλάτωνος
1505 630 1756 702 κριθῆναι

1861 556 1964 607 que
1988 541 2122 594 adeo
2143 540 2432 594 emendare
2465 539 2605 592 ratio
2627 546 2681 592 et
2706 539 2772 592 ad
2800 545 2976 590 tantos
3010 535 3061 586 in
3093 531 3435 603 phiIOSOphia

1857 645 2173 702 progressus
2198 631 2496 702 perducere
2529 634 2725 700 putuit,
2762 639 2818 683 ut
2846 629 2995 683 illum
3031 629 3186 681 Plato
3212 628 3431 697 dignum

201 727 333 793 ὂξιον
362 725 449 779 τοῦ
488 726 576 779 τὸν
617 727 746 797 περὶ
791 726 890 795 τῆς
940 724 1236 788 ἀθανασίας
1283 722 1611 788 διεξοδεῦσαι
1645 723 1711 773 Σο

1851 722 2199 791 judicaverit,
2228 723 2322 793 qui
2369 723 2615 778 Socratis
2661 723 2727 777 de
2771 720 3181 777 immortalitate
3224 735 3435 773 serum-

200 817 411 889 κράτονς
447 815 624 886 λόγον,
668 816 763 871 καὶ
793 816 890 888 τὴν
919 817 987 886 ,ὲν
1018 816 1095 888 τῷ
1132 814 1484 886 δεσμωτηρίῳ
1514 813 1754 866 εὐτονίαν

194 911 343 965 αὐτοῦ
364 915 726 983 παραστῆσαι,
760 915 821 967 οὐ
844 912 1222 985 φροντίσαντος
1244 909 1338 963 τοῦ
1364 909 1612 968 κωνείου,
1636 905 1748 960 ἀλλ’

191 1000 345 1067 ἀδεῶς
368 1005 456 1057 καὶ
486 1005 625 1078 μετά
664 1007 846 1078 πάσης
874 1005 1114 1077 γαλήνης
1142 1005 1238 1076 τῆς
1268 1005 1326 1056 ἐν
1350 1005 1415 1075 τῇ
1444 1002 1588 1073 ψυχῇ
1611 1000 1749 1066 διεξ-

190 1095 477 1160 οδεύσαντος
508 1098 744 1152 τοσαῦτα
784 1099 874 1152 καί
898 1097 1216 1170 τηλικαῦτα,
1234 1090 1312 1159 οἷς
1340 1097 1495 1167 μόγις
1514 1113 1748 1166 παρακο-

189 1187 374 1240 λουθεῖν
415 1188 506 1241 καὶ
533 1189 585 1242 οἱ
626 1191 764 1242 πάνυ
804 1183 1197 1261 καθεστηκότες
1226 1189 1318 1242 καὶ
1345 1189 1447 1241 ὑπὸ
1481 1187 1744 1258 μηδεμιᾶς

185 1277 534 1348 ἐνοχλούμενοι
578 1281 951 1351 περιστάσεως
1003 1281 1283 1336 δύνανται·
1340 1283 1455 1343 τὸν,
1483 1283 1538 1336 δὲ
1587 1282 1743 1335 Πολέ-

189 1389 324 1440 μωνα
347 1370 469 1441 (74),
492 1369 550 1436 ἐξ
578 1371 787 1426 ἀσώτου
827 1373 1112 1444 γενόμενον
1158 1374 1612 1446 σωφρονέστατον,
1634 1376 1742 1427 δια-

182 1461 410 1526 δέξασθαι
428 1463 526 1534 τὴν
546 1463 640 1516 τοῦ
655 1464 935 1536 διαϐοήτου
952 1467 1044 1520 ἐπὶ
1075 1466 1358 1537 σεμνότητι
1379 1464 1738 1538 Ξενοκράτους

179 1553 449 1625 διατριϐήν.
506 1556 619 1608 Ούκ
664 1556 772 1626 ἄρα
827 1557 1076 1628 ἀληθεύει
1125 1557 1328 1621 Κέλσος
1375 1557 1572 1626 λέγων,
1611 1557 1736 1621 τοὺς

178 1644 465 1713 πεφυκότας
497 1646 829 1718 ἁμαρτάνειν
849 1649 944 1701 καὶ
962 1647 1302 1719 εἰθισμένους
1332 1649 1500 1712 οὐδεὶς
1523 1647 1589 1703 ἂν
1613 1648 1732 1702 οὐδὲ

176 1733 395 1798 κολάζων
432 1735 608 1805 πάντη
645 1737 957 1806 μεταϐάλοι.

251 1826 393 1878 Ἀλλὰ
415 1827 511 1897 τὴν
543 1827 642 1898 μὲν
667 1828 819 1895 τάξιν
855 1831 948 1883 καὶ
984 1829 1230 1884 σύνθεσιν
1260 1829 1353 1883 καὶ
1389 1831 1587 1902 φράσιν
1624 1831 1730 1883 τῶν

169 1916 269 1969 ἀπὸ
290 1917 592 1986 φιλοσοφίας
612 1919 784 1988 λόγων
805 1921 1030 1975 τοιαῦτα
1057 1923 1135 1985 εἰς
1156 1922 1282 1985 τοὺς
1307 1924 1730 1995 προειρημένους

168 2010 518 2078 πεποιηκέναι,
551 2012 646 2065 καὶ
687 2012 864 2078 ἄλλως
893 2013 1004 2084 (75)
1049 2014 1233 2077 κακῶς
1283 2013 1628 2084 βεϐιωκότας,
1668 2016 1728 2068 οὐ

168 2101 294 2154 πάνυ
322 2119 370 2154 τι
402 2102 712 2174 θαυμαστόν
731 2125 744 2136 ·
780 2106 916 2162 ἐπὰν
948 2107 1004 2160 δὲ
1035 2105 1128 2170 οὓς
1162 2123 1324 2175 φησιν
1363 2102 1497 2159 εἶναι
1536 2106 1728 2159 ἰδιωτι-

168 2195 282 2257 κοὺς
326 2195 509 2264 λόγους
554 2201 584 2252 ὀ
627 2199 834 2263 Κέλσος
878 2201 1321 2271 κατανοήσωμεν,
1354 2199 1589 2272 ὡσπερεὶ
1634 2200 1726 2252 καὶ

167 2286 373 2355 ἐπῳδὰς,
407 2289 1200 2365 δυνάμεωςοπεπληρωμένους,
1250 2293 1344 2346 καὶ
1381 2293 1508 2356 τοὺς
1535 2292 1725 2360 λόγους

167 2378 448 2451 θεωρῶμεν,
490 2383 705 2455 ἀθρόως
743 2386 1144 2457 προτρέποντας
1187 2385 1362 2458 πλήθη
1411 2387 1503 2440 ἐπὶ
1538 2386 1627 2440 τὸν
1666 2388 1722 2452 ἐξ

163 2469 444 2525 ἀκολάστων
485 2476 568 2538 εἰς
609 2475 699 2528 τὸν
740 2477 1162 2532 εὐπαθέστατον
1211 2478 1346 2550 βίον,
1393 2480 1487 2533 καὶ
1531 2479 1620 2532 τὸν
1664 2479 1722 2546 ἐξ

163 2561 334 2617 ἀδίκων
361 2566 438 2629 εἰς
460 2565 554 2618 τὸν
582 2569 962 2639 χρηστότερον,
1000 2571 1092 2623 καὶ
1124 2571 1214 2623 τὸν
1255 2571 1320 2623 ὲκ
1347 2570 1535 2623 δειλῶν
1565 2570 1597 2642 ἢ
1624 2572 1718 2624 ἀν-

162 2653 343 2726 άνδρων
366 2658 443 2720 εἰς
469 2658 563 2711 τὸν
595 2657 688 2711 ἐπὶ
711 2660 961 2713 τοσοῦτον
992 2659 1228 2724 εὔτονον,
1257 2661 1332 2724 ὼς
1359 2663 1453 2715 καὶ
1488 2662 1716 2716 θανάτου

160 2745 232 2799 διὰ
245 2750 332 2818 τὴν
347 2753 602 2817 φανεῖσαν
620 2754 678 2805 ὲν
698 2753 878 2816 αὐτοῖς
897 2754 1175 2808 εὐσέϐειαν
1194 2759 1552 2826 καταφρονεῖν
1573 2776 1580 2781 ·
1599 2755 1718 2818 πῶς

158 2837 261 2907 οΰχὶ
288 2840 501 2906 δικαίως
547 2843 901 2915 θαυμάσομεν
952 2846 1049 2917 τὴν
1081 2849 1138 2900 ἐν
1175 2846 1322 2919 αὐτῷ
1353 2849 1611 2918 δύναμιν;
1656 2849 1715 2902 Ὀ

158 2927 250 2998 γὰρ
277 2929 423 2998 λόγος
451 2931 563 2986 τῶν
597 2934 771 2988 ταῦτα
800 2936 899 3008 τὴν
929 2937 1105 3008 ἀρχὴν
1131 2937 1581 3007 πρεσϐευσάντων
1619 2937 1715 2990 καὶ

157 3019 428 3088 καμόντων,
474 3023 563 3075 ἵνα
615 3026 952 3097 συστήσωσιν
998 3027 1317 3099 Ἐκκλησίας
1349 3028 1520 3082 Θεοῦ·
1574 3029 1711 3084 ἀλλά

157 3111 235 3161 καὶ
267 3111 326 3164 τὸ
360 3115 620 3186 κήρυγμα
666 3117 844 3171 αὐτῶν
889 3120 946 3172 ὲν
992 3119 1167 3173 πειθοῖ
1210 3121 1308 3190 μὲν
1356 3121 1608 3190 γέγονεν,
1647 3126 1708 3178 οὐ
1738 3152 1781 3210 ο

156 3203 345 3276 τοιαύτῃ
371 3206 444 3270 δὲ,
474 3208 642 3262 ὁποία
670 3211 786 3262 ἐστὶ
819 3209 988 3264 πειθὼ
1024 3214 1082 3266 ἐν
1110 3215 1222 3276 τοῖς
1270 3213 1460 3282 σοφίαν
1491 3215 1711 3268 Πλάτω-

156 3306 228 3356 νος
262 3285 770 3370 ἐπαγγελλομένοις,
813 3303 844 3373 ἦ
891 3319 1035 3366 τινος
1083 3302 1189 3355 τῶν
1233 3303 1710 3376 φιλοσοφησάντων

153 3382 294 3439 ὄντων
317 3388 636 3460 ἀνθρώπων,
670 3393 766 3446 καὶ
802 3394 952 3447 οὐδὲν
981 3393 1110 3450 ἄλλο
1154 3396 1293 3467 πλὴν
1329 3388 1429 3466 τῆς
1476 3397 1586 3468 (76)
1617 3400 1710 3452 ἀν-

154 3471 394 3548 θρωπίνης
435 3481 654 3548 φύσεως
702 3483 951 3552 ἐχόντων.
992 3485 1055 3538 Ἥ
1087 3486 1131 3539 δ’
1181 3486 1454 3553 ἀπόδειξις
1497 3489 1555 3540 ὲν
1596 3491 1708 3552 τοῖς

162 3562 310 3635 ’1ησοῦ
340 3571 660 3636 ἀποστόλοις
691 3571 872 3627 θεόθεν
903 3575 1134 3640 δοθεῖσα,
1157 3577 1380 3649 πιστικὴ
1405 3579 1512 3633 ἀπὸ
1540 3579 1708 3632 Πνεύ-

155 3669 294 3721 ματος
331 3662 420 3714 καὶ
470 3663 777 3736 δυνάμεως.
821 3667 1019 3740 Διόπερ
1060 3669 1289 3740 τάχιστα
1335 3673 1428 3725 καὶ
1472 3671 1705 3737 ὀξύτατα

152 3745 348 3821 ἔδραμεν
366 3754 392 3806 ό
418 3755 578 3825 λόγος
607 3758 815 3812 αὐτῶνθ
844 3761 1041 3832 μᾶλλον
1069 3763 1123 3816 δὲ
1150 3765 1178 3817 ό
1205 3763 1298 3816 τοῦ
1319 3764 1476 3827 Θεοῦ,
1505 3765 1572 3818 δι’
1603 3766 1702 3819 αὐ-

150 3841 234 3894 τῶν
266 3849 607 3915 μεταϐάλλων
632 3853 860 3918 πολλοὺς
882 3855 988 3908 τῶν
1017 3858 1350 3930 ἁμαρτάνειν
1384 3861 1703 3930 πεφυκότων

150 3934 222 3986 ml
249 3938 588 4010 εἰθισμένωνο
611 3945 707 4010 οὒς
734 3947 852 4000 οὐδὲ
884 3949 1126 4015 κολάζων
1159 3951 1257 4022 μὲν
1282 3953 1348 4006 ἄν
1377 3970 1464 4016 τις
1489 3952 1699 4024 ἀνθρω-

151 4038 228 4084 πθς
257 4025 358 4097 (77)
389 4033 708 4101 μετέϐαλεν,
741 4038 769 4088 ὁ
805 4036 861 4088 δὲ
894 4037 1051 4106 λόγος
1097 4027 1443 4110 μετεποίησε,
1476 4038 1696 4111 μορφω-

151 4131 226 4179 σας
253 4122 335 4174 καὶ
363 4123 626 4189 τυπώσας
664 4128 860 4192 αὐτοὺς
893 4129 1033 4182 κατὰ
1063 4131 1122 4183 τὸ
1155 4132 1318 4184 αὑτοῦ
1355 4131 1624 4204 βούλημα.

199 4289 291 4344 Καὶ
316 4294 342 4346 ό
376 4294 472 4364 μὲν
508 4295 718 4360 Κέλσος
750 4299 903 4370 φησὶ,
951 4299 1019 4354 τά
1057 4302 1322 4358 ἀκόλουθα
1356 4306 1534 4379 ἐαυτῷ
1577 4310 1695 4363 ἐπι-

147 4381 308 4473 φέρων,
337 4388 415 4440 ὃτι
450 4389 616 4457 φύσιν
648 4390 875 4460 ἀμεῖψαι
906 4394 1103 4459 τελέως
1133 4398 1506 4468 παγχάλεπον⁹
1532 4404 1693 4473 ἡμεῖς

1762 1796 1804 1849 Β

1855 832 1975 872 nem
2007 817 2230 887 ejusque
2274 818 2329 870 in
2373 830 2595 871 carcere
2639 816 3005 872 constantiam
3039 814 3308 870 referret:
3339 812 3431 881 qui

1855 918 2032 964 tamen
2071 907 2325 964 Socrates
2363 909 2494 962 nihil
2516 909 2583 962 de
2607 909 2784 963 cicuta
2816 907 3104 969 sollicitus,
3134 905 3282 960 nulla
3316 905 3431 958 for-

1851 1001 2077 1065 midiue,
2117 1001 2354 1072 perfecta
2394 1002 2560 1054 animi
2610 999 3006 1068 tranquillitate
3048 1008 3127 1054 tot
3172 1014 3236 1052 ac
3280 1007 3425 1051 tanta

1849 1094 2124 1157 disseruit,
2155 1103 2216 1147 ut
2241 1093 2332 1148 illa
2359 1093 2448 1146 vix
2478 1092 2692 1160 assequi
2728 1093 2935 1161 possint
2958 1096 3041 1146 vel
3068 1091 3157 1159 qui
3190 1091 3427 1145 maxime

1845 1184 2134 1241 attendunt
2175 1200 2281 1240 nec
2327 1185 2436 1239 ulla
2479 1199 2607 1239 cura
2658 1183 3071 1248 distrahuntur;
3124 1183 3226 1236 iste
3273 1197 3422 1247 vero,

1843 1276 2062 1333 Polemo
2099 1277 2375 1340 videlicet,
2418 1292 2486 1332 ex
2535 1277 2934 1346 intemperante
2989 1276 3422 1346 temperantissi-

1843 1384 1962 1424 mus
2013 1369 2209 1436 factus,
2259 1369 2456 1425 schola:
2503 1368 2828 1424 Xenocratis
2863 1369 3127 1438 gravitate
3173 1367 3420 1423 celeber-

1840 1464 1960 1518 rimi
2007 1475 2132 1533 postv
2176 1467 2356 1536 ipsum
2391 1464 2692 1534 praefuerit.
2736 1464 2974 1519 Aberrat
3023 1463 3183 1531 igitur
3225 1477 3253 1514 a
3291 1476 3420 1515 vero

1837 1555 2025 1610 Celsus
2055 1573 2180 1612 cum
2225 1557 2320 1621 ait,
2348 1573 2486 1626 quos
2514 1566 2704 1612 natura
2741 1567 2796 1612 et
2830 1554 3166 1612 consuetudo
3195 1554 3260 1607 ad
3293 1569 3422 1622 pec-

1834 1647 2066 1702 candum
2102 1649 2316 1720 abripit,
2341 1665 2436 1704 eos
2483 1663 2550 1702 ne
2597 1649 2772 1718 ptenis
2801 1649 3017 1718 quidem
3051 1646 3272 1702 omnino
3302 1662 3422 1700 mu-

1837 1737 1935 1790 tari
1971 1753 2148 1805 posse.

1907 1829 1995 1884 68.
2023 1827 2211 1898 Neque
2251 1844 2382 1884 vero
2426 1829 2622 1883 mirum
2671 1827 2959 1882 admodum
3005 1837 3089 1881 est
3135 1841 3416 1882 sermones

1834 1923 2237 1993 philosophicas
2267 1932 2376 1976 tam
2413 1932 2553 1990 apte.
2585 1931 2695 1975 tam
2723 1920 3045 1988 composite,
3076 1929 3183 1973 tam
3223 1931 3418 1975 ornate

1828 2016 2138 2072 elaboratus
2187 2024 2396 2069 tantum
2438 2017 2694 2071 habuisse
2734 1997 2991 2065 momeati
3035 2011 3102 2065 ad
3135 2012 3418 2080 corrigen-

1830 2110 1928 2164 dos
1962 2108 2085 2163 illos
2111 2108 2399 2177 qui‘supra
2431 2107 2718 2163 memorati
2763 2119 2908 2167 sunt,
2946 2105 3188 2173 aliosque
3237 2103 3412 2170 pessi-

1829 2215 1927 2253 mze
1955 2201 2080 2254 vita:
2133 2199 2402 2253 homines.
2440 2199 2548 2253 Sed
2601 2213 2722 2254 cum
2759 2198 3008 2253 videmus
3043 2211 3324 2251 sermones
3349 2195 3411 2248 il-

1827 2289 1926 2352 los,
1959 2305 2095 2359 quos
2119 2289 2388 2344 demissos
2429 2299 2482 2344 et
2528 2288 2762 2344 humiles
2797 2297 2955 2342 vocat
2986 2287 3200 2350 Celsus,
3239 2288 3413 2340 instar

1826 2382 2274 2446 incantationum,
2304 2390 2452 2435 tanta
2483 2383 2532 2434 vi
2565 2393 2620 2440 et
2662 2382 2901 2437 ellicacia
2948 2381 3206 2449 praeditos
3233 2396 3248 2433 :
3283 2396 3408 2435 cum

1826 2473 2090 2537 videmus,
2132 2473 2375 2542 inquam,
2401 2473 2742 2528 sermonibus
2786 2472 2893 2527 illis
2925 2487 2954 2527 a
3002 2471 3290 2526 libidinosa
3339 2473 3408 2526 ad

1823 2576 2211 2635 temperantem
2241 2567 2427 2632 vitam,
2461 2566 2529 2622 ab
2560 2568 2744 2634 iniqua
2775 2566 2839 2620 ad
2866 2567 3094 2636 justam,
3135 2583 3166 2621 a
3203 2567 3408 2622 timidi—

1822 2670 1932 2714 tate
1971 2660 2036 2713 ad
2063 2669 2272 2714 tantam
2295 2661 2664 2716 constantiam
2700 2661 2943 2716 revocari
2977 2660 3401 2722 multitudinem,

1819 2760 1879 2804 ut
1909 2750 2122 2818 pietatis
2147 2765 2338 2816 causa,
2369 2766 2532 2821 quam
2559 2750 2992 2807 commendatam
3022 2751 3128 2808 illis
3156 2751 3402 2806 animad-

1818 2843 2012 2907 vertit,
2064 2851 2294 2898 mortem
2353 2858 2451 2913 pro
2510 2843 2681 2899 nihilo
2729 2854 2914 2914 putet;
2970 2845 3240 2915 quomodo
3293 2859 3397 2898 non

1819 2935 2014 2989 merito
2083 2943 2289 2990 tantam
2366 2945 2689 3004 potestatem
2754 2935 3188 2991 admirabimur?
3259 2935 3396 2990 Nam

1815 3040 1995 3079 sermo
2025 3040 2236 3090 eorum,
2263 3025 2460 3095 quibus
2485 3027 2554 3079 ab
2579 3027 2734 3082 initio
2767 3026 3045 3097 vulgandze
3071 3035 3272 3082 nostra!
3300 3028 3398 3082 do-

1816 3118 2004 3171 ctrinae
2063 3127 2248 3188 partes
2286 3118 2426 3173 datae
2479 3128 2604 3174 sunt
2646 3119 2846 3189 quique
2896 3119 2949 3172 in
3000 3119 3398 3175 constituendis

1816 3211 1904 3266 Dei
1943 3211 2203 3267 Ecclesiis
2230 3211 2572 3277 laborarunt,
2607 3221 2662 3266 et
2699 3227 2885 3268 eorum
2920 3213 3237 3285 prredicatio
3267 3228 3395 3280 per-

1811 3305 1977 3358 suasit
2018 3306 2264 3375 quidem,
2298 3306 2391 3361 sed
2431 3322 2538 3362 non
2588 3321 2653 3360 ea
2703 3306 2916 3361 ratione
2959 3322 3064 3376 qua
3107 3306 3398 3362 Platonicae

1809 3401 2094 3468 sapientia:
2135 3400 2388 3456 doctores
2421 3411 2514 3455 aut
2555 3400 2784 3470 quilibet
2816 3400 2906 3455 alii
2943 3401 3270 3472 pbilosolihi,
3304 3403 3396 3469 qui

1810 3492 1940 3546 nihil
1989 3508 2148 3564 supra
2201 3494 2454 3549 humana:
2515 3503 2722 3549 natura:
2769 3494 2915 3549 vires
2970 3503 3244 3562 poterant.
3289 3492 3396 3548 Sed

1807 3593 2124 3653 argumenta
2172 3584 2372 3654 quibus
2415 3585 2712 3641 utebantur
2754 3585 3006 3656 apostoli,
3039 3587 3162 3640 data
3203 3585 3309 3640 illis
3362 3601 3396 3640 a

1806 3673 1917 3727 Deo
1952 3671 2189 3740 fuerant,
2216 3675 2436 3746 vimque
2481 3678 2842 3744 persuadendi
2890 3693 2920 3732 a
2963 3677 3164 3745 Spiritu
3200 3688 3256 3734 et
3280 3679 3393 3733 vir-

1805 3772 1920 3819 tute
1969 3765 2266 3825 habebant.
2298 3769 2640 3840 Quapmpter
2689 3769 3089 3839 promptissime
3121 3780 3174 3826 et
3213 3771 3391 3826 celer-

1804 3855 1941 3910 rime
1967 3870 2146 3910 sermo
2176 3874 2363 3912 eorum
2397 3876 2725 3930 quocunque
2756 3860 3024 3929 pervasit;
3062 3861 3172 3915 imo
3210 3877 3392 3917 sermo

1805 3947 1921 4008 Dei.
1951 3949 2040 4018 qui
2075 3965 2171 4019 per
2206 3951 2325 4006 illos
2361 3955 2606 4008 mutabat
2650 3969 2787 4023 quos
2827 3964 3026 4010 natura
3065 3965 3120 4011 et
3158 3971 3392 4010 consue-

1804 4042 1931 4095 tudo
1977 4043 2041 4096 ad
2081 4055 2362 4113 peccatum
2417 4047 2746 4115 trahebant;
2798 4059 2855 4106 et
2898 4066 3036 4121 quos
3091 4065 3161 4104 ne
3214 4048 3393 4118 panis

1803 4134 2020 4200 quidem
2055 4137 2343 4204 quisquam
2389 4138 2668 4194 hominum
2719 4143 3068 4208 correxisset,
3118 4143 3217 4196 hos
3265 4157 3389 4196 cor-

1798 4226 1958 4289 rexit,
1989 4226 2314 4293 eﬂ‘ormavit,
2352 4231 2419 4284 ad
2453 4245 2608 4284 suam
2642 4231 2976 4288 voluntatem
3013 4235 3303 4288 convertit.

1867 4317 1956 4372 69.
1998 4319 2162 4372 Addit
2199 4320 2388 4374 Celsus
2446 4323 2510 4374 ad
2562 4338 2714 4376 suam
2755 4326 3021 4379 rationem
3070 4340 3386 4382 accommo-

1796 4412 1919 4464 date
1952 4430 1964 4464 :
1997 4431 2015 4463 ι
2053 4411 2160 4465 Res
2204 4422 2287 4467 est
2341 4414 2694 4482 perdillicilis,
2725 4415 2965 4486 perfecta
3017 4429 3223 4475 natura:
3259 4438 3387 4474 mn-

146 4471 350 4576 ﬁlﬂtfav
387 4481 551 4550 φύσιν
602 4485 956 4555 ἐπιστάμενοι
1003 4489 1181 4562 πάσης
1221 4490 1444 4564 λογικῆς
1489 4471 1686 4570 ψύλῆςν

1821 4504 1951 4560 atio.
1984 4523 2002 4555 ι
2036 4505 2144 4559 Nos
2178 4521 2328 4572 vero,
2367 4509 2459 4576 qui
2496 4509 2700 4564 scimus
2734 4527 2897 4566 unam
2935 4526 3056 4566 esse
3097 4513 3386 4571 rationalis

150 4567 214 4618 ταὶ
237 4571 488 4642 μηδεμίαν
525 4574 828 4642 φάσκοντες
862 4581 1100 4651 πονηρὰν
1134 4582 1239 4636 ὑπὸ
1273 4583 1367 4637 τοῦ
1407 4587 1691 4654 κτίσαντος

142 4656 192 4708 τὰ
213 4660 293 4714 ὅλα
314 4663 830 4738 δεδημιουργῆσθαι,
859 4673 1134 4738 γεγονέναι
1156 4675 1212 4729 δὲ
1237 4676 1463 4741 πολλοὺς
1483 4683 1686 4744 κακοὺς

142 4752 260 4820 παρὰ
287 4756 378 4820 τὰς
418 4759 757 4829 ἀνατροφὰς,
809 4765 903 4817 καὶ
943 4765 1042 4830 τὰς
1077 4767 1424 4840 διαστροφάς,
1461 4773 1554 4824 καὶ
1584 4773 1684 4837 τὰς

143 4848 467 4918 περιηχήσεις,
520 4851 664 4904 ὥστε
698 4856 791 4908 καὶ
824 4858 1158 4928 φυσιωθῆναι
1199 4860 1256 4912 ἐν
1297 4879 1402 4916 τισι
1447 4863 1543 4934 τὴν
1580 4882 1680 4918 κα-

142 4931 251 5003 κίαν)
307 4941 624 5014 πειθόμεθα,
655 4947 736 4999 ὅτι
769 4948 844 5018 τῷ
875 4948 1009 5019 θείῳ
1041 4950 1180 5024 λόγῳ
1209 4955 1433 5025 ἀμεῖψαι
1477 4959 1675 5010 κακίαν

142 5029 442 5090 φυσιώσασάν
476 5039 630 5090 ἐστιν
677 5040 738 5092 οὐ
779 5041 935 5111 μόνον
968 5044 1066 5098 οὐκ
1097 5046 1374 5112 ἀδύνατον,
1411 5049 1544 5104 ἀλλά
1586 5052 1679 5104 καὶ

139 5115 183 5166 0'5
208 5121 327 5174 πάνυ
357 5127 626 5197 χαλεπόν’
667 5130 801 5183 ἐπὰν
837 5133 996 5202 μόνον
1037 5138 1402 5210 παραδέξηταί
1445 5158 1550 5204 τις,
1598 5143 1679 5196 ὅτι

143 5214 367 5270 πιστεύειν
390 5217 472 5272 δεῖ
525 5221 724 5274 ἑαυτὸν
756 5223 833 5294 τῷ
886 5227 977 5279 ἐπὶ
1017 5231 1149 5281 πᾶσι
1193 5231 1331 5302 Θεῷ,
1366 5234 1460 5287 καὶ
1507 5234 1681 5287 πάντα

143 5451 480 5537 ξξζῗλφφεδςεωέος
515 5458 831 5537 ἱστορεῖται.
858 5460 991 5517 Vide
1020 5465 1292 5537 Laertium
1317 5470 1369 5522 in
1396 5470 1679 5525 Pltmdonis

143 5511 307 5605 “liget
323 5511 621 5605 Erigenctli
641 5511 747 5605 'lib.

140 5650 149 5669 ξ
190 5589 286 5669 (λι)
321 5589 528 5669 Ῑὸίδὲ
560 5599 904 5668 Πολέμωνα.
936 5603 1064 5658 Vide
1106 5589 1678 5664 ειιιιιιίθιῆ-Ϊέοέιίι-ἰιιιιι

141 5656 656 5744 ξ’ξᾼνίιξιιυυίοιηοιῄε,
709 5656 766 5722 et
816 5656 1077 5744 Valerium
1112 5656 1679 5744 VMasii‘ii-urrim-libihl,

138 5735 228 5844 ab.
259 5732 348 5786 ll:
387 5736 516 5791 item
553 5736 806 5808 Origcn.,
839 5741 927 5796 lib.
972 5762 987 5798 ι
1035 5759 1216 5801 contra
1254 5732 1678 5815 Celsumfliuln:

1792 4593 1986 4646 anima:
2029 4603 2306 4659 naturam,
2345 4611 2444 4650 nec
2483 4597 2647 4651 ullam
2678 4614 2707 4652 a
2745 4612 2926 4652 rerqu
2954 4601 3193 4654 omnium
3234 4601 3381 4656 Con-

1789 4684 1965 4739 ditore
2014 4685 2214 4740 malam
2263 4685 2431 4743 fuisse
2465 4699 2747 4755 creatam;
2783 4689 3060 4760 plerisque
3091 4691 3255 4764 493
3286 4709 3384 4748 au-

1787 4787 1892 4829 tem
1943 4777 2201 4847 nequitiae
2252 4793 2447 4835 causas
2488 4794 2610 4834 esse
2665 4781 3062 4849 educationem,
3104 4785 3376 4854 exempla,

1783 4867 1925 4922 mala
1960 4869 2210 4935 consilia,
2257 4872 2328 4926 ita
2367 4875 2511 4927 utin
2556 4873 2881 4942 quibusdam
2925 4877 3165 4945 nequitia
3210 4879 3376 4932 veluti

1785 4973 1941 5013 versa
1986 4960 2055 5013 sit
2104 4961 2154 5014 iu
2200 4971 2485 5030 naturam;
2522 4966 2576 5019 id
2609 4966 2870 5022 habemus
2905 4983 3001 5036 pro
3031 4979 3180 5024 certo
3226 4970 3379 5025 mali-

1788 5051 1920 5105 tiam
1956 5053 2039 5106 vel
2074 5053 2217 5108 illam
2247 5057 2401 5124 quasi
2451 5060 2756 5115 naturalem
2802 5077 2909 5116 non
2944 5062 3115 5115 solum
3158 5078 3314 5131 posse
3345 5080 3376 5116 a

1789 5143 1972 5198 divino
2005 5145 2169 5199 verbo
2202 5149 2422 5215 mutari,
2452 5151 2548 5204 sed
2594 5155 2758 5207 etiam
2791 5156 2844 5210 id
2887 5156 2961 5210 illi
3005 5157 3230 5210 omnino
3267 5173 3371 5210 non

1789 5251 1910 5289 esse
1937 5237 2180 5304 diﬂicile;
2218 5242 2376 5294 modo
2419 5241 2470 5295 id
2513 5259 2678 5298 untun
2724 5248 3071 5316 admittatur,
3117 5261 3375 5320 oportere

2003 5477 2840 5558 11.];waLegendgmyidclur
2896 5487 3108 5550 ἄλλους.

1848 5545 1962 5629 φῦ)
1997 5546 2170 5629 tum
2201 5547 2328 5629 τῆς.
2360 5545 2466 5607 etc.
2502 5552 2716 5620 Optime
2754 5571 2887 5611 mss.
2929 5545 3100 5620 Alias,
3132 5559 3163 5629 ἢ
3209 5560 3372 5615 πλέον

1781 5614 2128 5686 ἀνθρωπίνης
2155 5614 2388 5686 φύσεως.

1851 5685 1962 5771 (77)
1997 5685 2490 5771 Μετέίη⁷ε¹ιὶνθρωποςζ
2531 5692 2910 5771 Libh._excusi
2961 5699 3016 5771 in
3064 5701 3368 5771 ιθκυινάν-

1782 5753 2034 5838 θρώπων.
2069 5757 2232 5838 Ιζτιιιιρ
2263 5753 2385 5838 post
2422 5753 2581 5819 iidem
2626 5764 2756 5821 libb.
2787 5771 2972 5824 excusi
3003 5770 3057 5825 iu
3092 5753 3360 5838 margine,

1784 5826 1922 5880 κατὰ
1950 5827 2010 5880 τὺ
2039 5829 2168 5884 αὐτὸ
2203 5829 2470 5904 βούλημα.
