3852 6418
499 373 636 436 ιῡιι

1938 366 2260 425 ORiGENlS

3586 357 3693 412 10!!

491 493 728 559 seipsum
755 489 862 543 Deo
888 488 1107 542 credere
1127 496 1181 542 et
1207 486 1386 541 omnia
1410 500 1472 540 ea
1505 493 1680 538 mente
1706 483 1882 539 facere
1904 494 1960 539 ut
1983 483 2054 538 illi

2167 482 2416 552 πράττειν
2439 479 2558 532 κατ’
2587 475 2862 548 ἀναφορὰν
2893 471 2984 529 τοῦ
3012 473 3263 545 ἀρέσκειν
3295 469 3502 541 ὶκείνῳ,
3529 473 3641 544 παρ’
3661 464 3694 538 ᾧ

490 583 761 653 placeant,
786 579 923 647 apud
953 592 1110 648 quem
1152 589 1160 596 '

561 673 844 742 Improbus
904 647 1056 742 atque
1116 673 1307 742 probus
1365 671 1526 726 simili
1574 671 1720 725 haud
1767 647 2069 742 dignantur.

1790 740 2015 814 [honore
2036 755 2055 802 ;

487 833 556 888 Ει

557 923 792 996 Impiger
825 934 982 996 atque
1020 926 1165 996 piger
1201 925 1496 997 {unguntur
1525 926 1726 994 dispari
1754 925 1864 994 fato
1886 925 1950 978 ".

490 1083 641 1149 Quod
688 1083 730 1138 si
774 1084 1098 1152 quihusdam
1155 1082 1487 1153 pcrdiﬂicilis
1544 1090 1628 1137 est
1677 1085 1758 1138 sui
1808 1083 2052 1144 mutatio,

491 1188 707 1226 causam
733 1173 1019 1226 dicendum
1055 1184 1134 1226 est
1161 1188 1347 1225 eorum
1391 1188 1511 1227 esse
1550 1174 1907 1233 voluntatem,
1939 1189 2058 1242 quae

490 1265 741 1318 assentiri
777 1265 956 1317 renuit
995 1264 1120 1318 huic
1179 1264 1422 1330 veritati,
1455 1279 1720 1317 sumnmm
1769 1265 1933 1317 Deum
1972 1264 2056 1330 ju-

490 1367 632 1408 stum
663 1355 775 1408 iure
804 1354 1040 1422 judicem
1066 1357 1331 1421 ninnium,
1356 1370 1476 1423 qua:
1501 1357 1554 1408 in
1584 1357 1684 1409 hac
1704 1357 1808 1409 vita
1830 1357 2058 1425 quisque

491 1445 701 1502 fecerit.
740 1446 872 1500 Nam
916 1448 980 1500 ad
1034 1447 1308 1501 eiIicienda
1357 1463 1479 1517 qua:
1529 1448 1837 1502 dillicillima
1877 1449 2052 1512 nobis,

489 1546 565 1602 et,
598 1547 657 1590 ut
687 1553 844 1606 quam
877 1539 1122 1592 maxime
1176 1556 1288 1594 rem
1344 1541 1696 1609 amplilicem,
1741 1555 1906 1608 prope
1959 1541 2058 1593 im-

489 1627 767 1695 possibilia
808 1630 1086 1696 videntur,
1151 1633 1330 1700 magni
1367 1643 1453 1686 est
1490 1633 1752 1686 momenti
1809 1633 2057 1686 voluntas

491 1733 612 1772 cum
652 1721 1044 1775 exercitatione
1065 1721 1374 1788 conjuncta.
1432 1723 1514 1776 An
1571 1725 1760 1788 homo,
1808 1739 1930 1778 cum
1961 1738 2058 1776 vo—

2189 574 2208 608 ι’

2189 574 2208 608 ι’

2157 571 2433 715 “illi?
2459 658 2520 729 ίῇ
2553 657 2692 728 τιμῇ
2718 656 2872 728 ἠμὲν
2894 653 3078 722 κακὸς
3107 653 3217 724 ἠδὲ
3265 654 3362 709 καί
3416 653 3639 722 ἐσθλός-ο

2157 818 2278 871 οὐδὲ

2226 908 2476 965 Κάτθαν’
2509 905 2664 978 ὁμῶς
2709 905 2744 959 6
2781 906 2832 959 τ’
2878 904 3088 976 ἀεργὸς
3129 905 3287 973 ἀνὴρ
3343 903 3379 958 ὅ
3419 903 3696 1044 τῗὲέἒᾘό

2157 1072 2221 1124 Εἰ
2252 1070 2308 1122 δὲ
2355 1069 2449 1122 καί
2481 1085 2587 1119 τισι
2630 1065 2770 1119 πάνυ
2809 1066 3042 1137 χαλεπόν
3072 1068 3186 1118 ἐστι
3231 1064 3292 1117 τὸ
3353 1063 3693 1134 μεταϐάλλειν,

2157 1162 2255 1234 τὴν
2284 1161 2459 1215 αἰτίαν
2489 1159 2705 1213 λεκτέον
2734 1155 2871 1212 εἶναι
2909 1158 3037 1240 περί
3067 1159 3164 1228 τὴν
3206 1156 3592 1224 συγκατάθεσιν
3618 1156 3698 1208 αὑ-

2157 1255 2286 1317 τῶν,
2342 1251 2602 1306 ὀκνοῦσαν
2644 1249 3065 1322 παραδέξασθαι,
3119 1249 3209 1302 τὸν
3266 1250 3359 1301 ἐπὶ
3407 1251 3535 1301 πᾶσι
3587 1247 3696 1301 Θεὸν

2158 1344 2295 1400 εἶναι
2324 1347 2537 1415 ἑκάστῳ
2565 1345 2771 1397 δίκαιον
2803 1342 2995 1413 κριτὴν
3027 1358 3092 1393 πε
3102 1341 3156 1412 ρὶ
3185 1342 3402 1394 πάντων
3430 1341 3533 1392 τῶν
3556 1342 3605 1392 ἐν
3632 1338 3696 1408 τῷ

2161 1439 2262 1509 βίῳ
2294 1435 2711 1508 πεπραγμένων.
2763 1435 2923 1502 Μέγα
2961 1434 3066 1505 γὰρ
3115 1433 3333 1486 δύναται
3365 1433 3460 1487 καὶ
3499 1431 3620 1503 πρὸς
3642 1432 3699 1484 τὰ

2159 1530 2416 1584 δοκοῦντα
2462 1525 2597 1581 εἶναι
2637 1527 3016 1598 χαλεπώτατα,
3049 1527 3142 1580 καὶ
3189 1526 3300 1596 (ἵνα
3341 1525 3462 1579 καθ’
3499 1523 3698 1595 ὑπερσο-

2158 1622 2253 1694 λὴν
2307 1621 2576 1692 ὀνομάσω)
2632 1619 2796 1688 ἐγγύς
2853 1635 2953 1670 που
2978 1618 3234 1681 ἀδύνατα,
3266 1617 3578 1689 προαίρεσις
3620 1617 3697 1668 καὶ

2160 1717 2412 1786 ἄσκησις.
2435 1710 2512 1766 Ἦ
2553 1711 2872 1784 βουληθεῖσα
2908 1711 3221 1784 ἀνθρωπίνη
3251 1709 3412 1778 φύσις
3443 1709 3531 1760 ἐπὶ
3559 1706 3696 1762 κάλον

489 1808 677 1874 luerit,
703 1811 844 1864 hanc
872 1811 978 1866 sibi
1017 1813 1213 1879 poterit
1238 1829 1336 1866 usu
1369 1823 1426 1867 et
1457 1815 1641 1868 studio
1675 1830 1866 1882 parare
1887 1813 2057 1868 facul-

2167 1807 2384 1877 βαίνειν,
2437 1803 2731 1874 τεταμένου
2775 1801 2863 1856 διὰ
2917 1802 3082 1873 μέσου
3132 1799 3223 1852 τοῦ
3254 1799 3482 1870 θεάτρου
3531 1799 3582 1849 ὲν
3618 1813 3698 1866 με·

488 1909 678 1964 tatem,
709 1911 767 1956 ut
791 1917 885 1970 per
923 1904 1105 1960 lintrem
1153 1904 1220 1956 ab
1273 1906 1442 1960 altera
1485 1907 1555 1960 ad
1579 1906 1800 1959 alteram
1863 1906 2058 1961 theatri

489 2003 701 2064 partem
729 1997 956 2050 sublime
981 2010 1289 2066 porrectura
1311 2036 1318 2042 -
1341 2000 1554 2054 incedat
1583 1999 1841 2070 gravibus
1895 1998 2056 2053 etiam

489 2087 751 2140 oneribus
801 2098 1063 2154 onustus;
1122 2101 1178 2144 et
1228 2091 1453 2154 vincere
1500 2106 1652 2144 suam
1705 2089 2059 2161 pravitatem,

489 2178 834 2248 quantalibet
875 2190 1036 2234 antea
1075 2181 1262 2246 fuerit,
1306 2193 1362 2235 et
1400 2182 1655 2235 virtutem
1719 2181 1775 2235 in
1827 2181 2059 2235 vivendo

489 2268 823 2332 consectari,
853 2283 977 2322 cum
1013 2268 1176 2333 volet,
1206 2284 1310 2323 non
1342 2266 1578 2322 valebit?
1610 2267 1743 2321 Vide
1770 2281 1952 2320 annon
1979 2267 2057 2319 illi

487 2360 689 2427 potius,
717 2359 810 2428 qui
835 2360 1033 2413 animal
1068 2361 1296 2414 rationis
1323 2361 1594 2430 particeps
1637 2360 1869 2422 creavit,
1897 2374 2058 2428 quam

489 2450 708 2505 animali
753 2453 877 2520 ipsi,
917 2452 1176 2522 injurium
1217 2447 1381 2519 esset,
1421 2454 1694 2508 hominem
1753 2453 1829 2506 ita
1871 2451 2061 2507 condi-

489 2550 606 2595 tum
637 2541 823 2608 fuisse,
873 2555 933 2598 ut
971 2553 1078 2598 tam
1111 2543 1346 2598 dﬁicilia
1400 2563 1497 2600 nec
1535 2561 1598 2600 ea
1642 2546 1859 2616 quidem
1906 2543 2058 2597 utilia

488 2634 756 2703 perlicere
790 2647 991 2705 posset,
1032 2639 1163 2692 nihil
1189 2647 1371 2707 posset
1401 2654 1525 2691 vero
1565 2640 1631 2692 ad
1686 2653 1840 2690 suam
1890 2635 2059 2704 ipsius

489 2726 829 2781 felicitatem.
863 2730 1040 2798 Atque
1068 2729 1181 2782 inec
1204 2729 1474 2782 sulliciant
1503 2731 1570 2781 de
1619 2729 1728 2783 isto
1761 2728 1902 2782 Celsi
1928 2725 2058 2780 effa-

489 2828 572 2885 to,
608 2823 957 2875 mutationem
989 2821 1285 2890 perfectam
1336 2831 1568 2884 naturae,
1630 2837 1742 2875 rem
1785 2834 1905 2874 esse
1936 2834 2062 2888 per-

489 2911 780 2967 difficilem.
836 2911 1163 2984 Subjnugitt
1198 2930 1289 2970 eos
1341 2917 1430 2984 qui
1475 2914 1592 2969 sine
1633 2923 1856 2982 peccato
1906 2923 2056 2976 sunt,

489 3003 714 3059 meliore
729 3006 838 3059 vita
870 3022 991 3061 esse
1017 3008 1321 3061 donandos.
1371 3027 1389 3059 ι
1426 3007 1532 3062 Sed
1567 3023 1671 3061 non
1723 3005 1896 3074 aperit
1920 3019 2058 3075 quos

494 3098 641 3166 dicat
672 3112 794 3154 esse
827 3101 944 3154 sine
971 3111 1214 3168 peccato.
1238 3116 1402 3155 eosne
1433 3102 1523 3168 qui
1554 3116 1621 3153 ne
1643 3101 1709 3153 ab
1738 3099 1894 3152 initio
1937 3097 2058 3165 qni-

2161 1898 2368 1970 τεώρῳ,
2403 1899 2495 1950 καλ⁸
2537 1896 2673 1967 μετὰ
2692 1896 2784 1948 τοῦ
2815 1896 2998 1966 φέρειν
3031 1891 3267 1946 τοσαῦτα
3299 1892 3394 1944 καὶ
3431 1887 3698 1960 τηλικαῦτα

2163 1991 2300 2062 βάρη
2327 1976 2602 2058 δεδύνηται
2630 1991 2696 2058 τῇ
2717 1989 2947 2058 ἀσκήσει
2968 1987 3061 2039 καὶ
3076 1988 3140 2056 τῇ
3168 1986 3407 2056 προσοχῇ
3438 1983 3500 2034 τὸ
3521 1981 3698 2035 τοιοῦτο

2161 2083 2404 2152 ποιῆσαν
2441 2079 2760 2151 βουληθεῖσα
2790 2079 2846 2130 δὲ
2883 2079 3000 2131 κατ’
3044 2076 3242 2148 ἀρετὴν
3286 2075 3497 2145 βιῶσαι,
3535 2072 3700 2127 ἀδυνά-

2159 2192 2265 2237 τως
2307 2173 2436 2243 ἓχει,
2480 2171 2576 2227 κᾶν
2621 2167 2946 2242 ᾗπρότερον
2993 2167 3308 2237 φαυλοτάτη
3359 2161 3698 2233 γεγενημένη;

2173 2266 2310 2318 Ἀλλ’
2333 2267 2433 2336 ὅρα
2464 2265 2673 2334 μήποτε
2703 2265 2731 2316 6
2761 2261 2831 2314 τά
2863 2259 3086 2314 τοιαῦτα
3113 2259 3287 2326 λέγων
3315 2259 3382 2326 τῇ
3421 2252 3700 2325 δημιουργῷ

2160 2359 2251 2413 τοῦ
2280 2357 2496 2427 λογικοῦ
2528 2356 2664 2420 ζὼου
2685 2355 2842 2424 φύσει
2873 2353 3093 2422 ἐγκαλεῖ
3115 2351 3313 2422 μᾶλλον
3343 2349 3376 2420 ἢ
3407 2349 3480 2419 τῷ
3507 2362 3699 2415 γεγενη-

2164 2452 2326 2523 μένῳο
2368 2453 2416 2503 εί
2458 2448 2596 2520 πρὸς
2641 2449 2737 2520 μὲν
2763 2447 2831 2500 τὰ
2867 2445 3006 2499 οὕτω
3041 2443 3274 2514 χαλεπὰ,
3321 2439 3565 2510 οὐδαμῶς
3591 2437 3698 2489 ὄντα

2161 2545 2424 2612 χρήσιμα,
2453 2540 2716 2609 πεποίηκε
2740 2536 2965 2606 δυνατὴν
2985 2536 3082 2606 τὴν
3113 2534 3208 2587 τοῦ
3240 2531 3522 2604 ἀνθρώπου
3543 2526 3696 2596 φύσιν,

2161 2635 2417 2688 ἀδύνατον
2444 2613 2505 2685 δὲ⁶
2528 2632 2664 2703 πρὸς
2694 2630 2791 2701 τὴν
2821 2630 2955 2683 ἰδίαν
2992 2627 3386 2700 μακαριότητα.
3435 2620 3580 2674 Ἀλλά
3607 2618 3695 2691 γὰρ

2161 2729 2321 2798 ἀρκεῖ
2349 2723 2631 2778 καὶταῦτα
2671 2723 2806 2796 πρὸς
2836 2722 2917 2785 τὸ,
2947 2721 3110 2774 Φύσιν
3137 2720 3246 2792 γὰρ
3276 2717 3499 2789 ἀμεῖψαι
3531 2712 3695 2772 τελέως

2161 2817 2529 2888 παγχάλεπον.
2566 2816 2722 2886 Ἑξῆς
2755 2814 2810 2866 δέ
2851 2831 3034 2883 φησιν,
3072 2814 3153 2865 ὅτι
3208 2830 3226 2860 ι
3268 2811 3330 2863 0i
3367 2805 3711 2877 ἀναμάρτητοι-

2163 2909 2403 2981 βελτίους
2427 2906 2668 2959 κοινωνοὶ
2704 2905 2836 2973 βίου·
2878 2921 2897 2954 ι
2933 2903 3006 2973 μὴ
3051 2899 3385 2971 σαφηνίσας,
3418 2897 3559 2957 τίνας
3587 2891 3697 2961 φησὶ

2160 3003 2284 3064 τοὺς
2321 2997 2754 3068 ἀναμαρτήτους,
2807 2995 3037 3066 πότερον
3086 2994 3214 3055 τοὺς
3252 2987 3506 3061 ἀρῄθεν,
3532 2985 3562 3056 ἦ
3593 2983 3697 3043 τοὺς

2160 3093 2224 3145 ὲκ
2255 3088 2573 3163 μεταϐολῆς·
2608 3088 2658 3140 οἱ
2697 3086 2795 3156 μὲν
2835 3080 2928 3138 οὖν
2968 3082 3228 3155 ἀρχῆθεν,
3285 3079 3547 3133 ἀδύνατοιο
3589 3072 3630 3125 οί
3656 3070 3695 3124 6'

488 3189 610 3245 dem
640 3202 959 3259 peccarunt,
994 3209 1062 3247 an
1092 3195 1182 3263 qui
1221 3195 1412 3248 mutati
1439 3209 1541 3247 non
1574 3201 1820 3261 peccant.
1851 3189 2055 3244 Tamen

2167 3185 2226 3236 ὲκ
2257 3160 2577 3253 μεταϐολῆς,
2629 3177 2869 3241 σπανίως
2915 3177 3048 3228 είσὶν
3104 3171 3493 3244 εὑρισκόμενοι,
3535 3166 3697 3224 οἵτινες

489 3282 579 3350 qui
611 3283 678 3336 ab
711 3283 868 3336 initio
898 3299 1000 3338 non
1051 3285 1397 3352 peccaverint
1450 3285 1578 3337 nulli
1625 3298 1749 3339 esse
1796 3292 2058 3353 possunt;

489 3372 581 3440 qui
612 3387 741 3426 vero
764 3375 953 3427 mutati
984 3389 1091 3427 non
1120 3383 1370 3443 peccent,
1393 3389 1636 3445 quosque
1659 3374 1794 3428 tales
1817 3374 2059 3428 admissa

494 3473 682 3518 nostra
717 3465 972 3520 salutaris
995 3467 1242 3521 doctrina
1273 3467 1588 3532 reddiderit,
1629 3467 1680 3519 hi
1723 3469 1832 3520 rari
1865 3467 2059 3520 admo-

492 3554 618 3608 dum
654 3566 798 3610 sunt.
831 3556 1018 3625 Neque
1041 3559 1207 3613 etiam
1260 3558 1394 3612 tales
1441 3560 1507 3612 ad
1544 3559 1844 3612 doctrinam
1902 3573 2061 3613 acce-

492 3644 651 3699 dunt.
690 3645 825 3700 Nam
853 3647 972 3702 sine
1000 3648 1088 3702 illa
1115 3664 1286 3719 eaque
1306 3648 1545 3719 perfecta
1590 3664 1750 3705 nemo
1793 3664 1916 3705 esse
1965 3666 2063 3720 po—

491 3743 598 3790 test
617 3737 736 3791 sine
759 3749 1002 3807 peccato.

564 3824 652 3879 70.
675 3825 867 3882 Postea
896 3828 1084 3895 objicit
1108 3830 1252 3884 istud
1271 3829 1426 3899 quasi
1463 3831 1602 3900 apud
1638 3831 2016 3898 nosjactatum
2044 3850 2059 3886 :

499 3934 527 3966 ι
564 3918 707 3974 Deus
738 3921 918 3975 omnia
949 3923 1168 3989 poterit.
1205 3941 1224 3972 ι
1252 3923 1525 3990 Αιήοίμιε
1556 3939 1664 3992 quo
1703 3939 1866 3977 sensu
1899 3923 1951 3977 id
1980 3924 2064 3978 di-

491 4020 670 4078 catur,
713 4029 885 4082 neque
907 4029 1026 4083 quae
1060 4014 1168 4067 sint
1201 4014 1290 4067 illa
1321 4032 1341 4066 ι
1375 4016 1579 4079 omnia,
1625 4034 1644 4067 ι
1697 4032 1873 4084 neque
1923 4032 2062 4084 quo-

491 4104 652 4159 modo
681 4108 869 4174 possit,
902 4106 1174 4176 intelligit.
1210 4106 1288 4159 De
1339 4106 1405 4160 iis
1453 4118 1632 4161 tamen
1664 4108 1796 4162 nihil
1845 4123 2066 4164 necesse

490 4207 575 4252 est
629 4199 1118 4267 impraesentiarum
1189 4200 1394 4254 dicere.
1456 4186 1654 4269 'Neque
1720 4201 1864 4254 enim
1925 4201 2059 4270 ipse,

490 4295 742 4360 quamvis
787 4296 1146 4363 probabiliter
1178 4305 1382 4365 posset,
1431 4295 1499 4348 de
1563 4295 1661 4349 ista
1707 4308 1766 4347 re
1822 4296 2063 4349 institit:

489 4385 608 4441 sive
635 4388 891 4442 nescierit
916 4388 1042 4457 quid
1080 4388 1360 4459 probabile
1391 4397 1584 4441 contra
1622 4386 1805 4441 afferri
1833 4399 2019 4458 posset
2045 4406 2060 4454 ;

2162 3277 2227 3328 ἐκ
2248 3273 2340 3328 τοῦ
2364 3270 2815 3343 προσεληλυθέναι
2830 3269 2970 3338 λόγῳ
2997 3265 3239 3329 σώζοντι,
3273 3261 3497 3316 τοιοῦτοι
3518 3257 3696 3328 γίγνον-

2159 3385 2269 3420 ται.
2303 3366 2438 3436 Οὐχὶ
2463 3365 2519 3418 δὲ
2555 3363 2785 3416 τοιοῦτοι
2827 3361 2976 3424 ὄντες
3019 3359 3096 3430 τῷ
3135 3358 3277 3428 λόγῳ
3323 3353 3692 3427 προσέρχονται.

2162 3461 2345 3530 Χωρὶς
2371 3457 2479 3528 γὰρ
2499 3455 2676 3525 λόγου,
2713 3457 2806 3510 καὶ
2829 3454 3000 3506 ταῦτα
3029 3452 3257 3515 τελείου,
3299 3448 3566 3522 ἀμήχανον
3590 3443 3695 3496 ἁνα-

2165 3551 2437 3623 μάρτητον
2464 3549 2714 3618 γενέσθαι
2735 3547 3035 3619 ἄνθρωπον.

2232 3842 2344 3900 Εἶτ’
2366 3839 2728 3910 ἀνθυποφέρει
2768 3835 3005 3906 ὡσπερεὶ
3041 3832 3329 3902 λεγόμενον
3361 3827 3448 3898 ὑφ’
3472 3821 3609 3895 ἡμῶν
3626 3819 3690 3910 τὸ.

2170 3959 2188 3990 ι
2223 3927 2516 4007 Δυνῆσεται
2550 3909 2726 3984 πάντα
2767 3930 2796 3980 6
2831 3928 2983 3989 Θεός·
3031 3944 3050 3976 ι
3097 3924 3215 3976 οὐδὲ
3251 3920 3394 3974 τοῦθ’
3435 3916 3563 3989 ὁρῶν
3601 3909 3693 3969 πῶς

2163 4005 2432 4089 λέλεκται,
2463 4025 2558 4078 καὶ
2584 4023 2707 4076 τίνα
2737 4021 2913 4073 πάντα
2939 4021 2996 4071 ὲν
3023 4015 3197 4084 τούτῳ
3227 4005 3690 4084 παραλαμϐάνεται.

2165 4122 2259 4174 καὶ
2290 4118 2406 4180 πῶς
2437 4116 2674 4169 δύναται·
2717 4111 2844 4182 περὶ
2867 4103 2940 4162 ὧν
2967 4109 3066 4162 οὐκ
3094 4108 3386 4173 ἀναγκαῖον
3415 4101 3503 4155 νῦν
3529 4097 3690 4164 λέγειν·

2165 4212 2286 4265 οὐδὲ
2322 4210 2431 4280 γὰρ
2455 4207 2637 4270 αὐτὸς,
2672 4204 2910 4270 καίτοιγε
2945 4200 3242 4270 δυνάμενος
3279 4197 3412 4267 πρὸς
3445 4191 3565 4245 αὐτὸ
3594 4200 3694 4280 στηῖ

2167 4321 2256 4357 ναι
2303 4299 2563 4361 πιθανῶς,
2612 4296 2761 4366 ἔστη·
2817 4293 2956 4362 τάχα
3000 4290 3133 4362 μηδὲ
3188 4280 3593 4356 παρακολουθῶν
3640 4275 3690 4341 τῇ

2167 4391 2538 4463 λεχθησομένῃ
2563 4387 2626 4441 ἂν
2657 4386 2795 4440 κατὰ
2825 4383 3015 4436 τούτου
3063 4380 3391 4448 πιθανότητιο
3425 4375 3456 4447 ἦ
3487 4383 3691 4443 παρακο-

489 4477 606 4532 sive
655 4480 842 4534 scierit
871 4482 1111 4550 quidem,
1153 4483 1247 4535 sed
1309 4481 1439 4550 quid
1475 4482 1576 4550 ipsi
1637 4485 2060 4551 responderetur

2168 4485 2372 4540 λουθῶν
2415 4483 2532 4553 μὲν.
2569 4477 2788 4550 θεωρῶν
2819 4478 2875 4530 δὲ
2913 4477 3005 4530 καὶ
3043 4474 3138 4546 τὴν
3179 4475 3314 4545 πρὸς
3355 4472 3414 4526 τὸ
3449 4467 3692 4536 λεγόμενον

487 4572 824 4639 previderit.
853 4571 1010 4628 Certe
1060 4573 1228 4627 Deum
1272 4575 1452 4628 omnia
1498 4591 1656 4643 posse
1715 4575 2057 4644 proﬁtemur,

491 4663 586 4717 sed
615 4678 732 4731 qtae
765 4675 963 4733 potest,
1001 4666 1149 4720 ιιιιΙΙο
1183 4683 1292 4720 sua:
1338 4666 1661 4730 divinitatis,
1707 4666 1970 4722 bonitatis
2009 4678 2064 4723 et

489 4757 771 4822 sapientia:
789 4758 1130 4812 detrimento.
1155 4757 1356 4812 Contra
1386 4758 1598 4821 Celsus,
1637 4769 1695 4810 ut
1726 4760 1818 4828 qui
1855 4760 2065 4814 nescie-

489 4846 586 4900 bat
607 4863 714 4915 quo
739 4864 897 4902 sensu
928 4850 1070 4904 Deus
1097 4851 1308 4904 dicatur
1352 4851 1535 4904 omnia
1589 4866 1772 4919 posse,
1831 4851 1908 4904 ait
1953 4869 2063 4906 non

491 4949 613 4990 esse
634 4937 799 5009 494
832 4939 1094 5003 futurum,
1130 4959 1148 4991 ι
1188 4950 1247 4994 ut
1285 4942 1426 4995 Deus
1461 4943 1758 5011 quidquam
1800 4941 2064 5008 injustum

491 5029 656 5094 velit;
702 5047 720 5080 ι
755 5031 909 5097 quasi
934 5045 999 5084 ex
1038 5031 1129 5084 illo
1165 5042 1353 5101 posset
1385 5035 1603 5103 quidem
1644 5033 1902 5102 injusmm
1935 5035 2064 5102 quid

491 5120 712 5186 facere,
768 5121 861 5176 sed
915 5123 1081 5177 nollet
1123 5132 1328 5180 tamen.
1387 5125 1628 5179 Dicimus
1684 5136 1862 5178 autem
1927 5141 2061 5193 nos,

493 5215 950 5282 quemadmodum
984 5217 1058 5280 id,
1085 5218 1237 5285 cujus
1281 5219 1462 5272 nativa
1494 5218 1783 5272 dulcedine
1835 5232 1923 5272 res
1944 5219 2066 5272 alia:

494 5304 832 5374 dulcescunt,
869 5306 986 5361 illas
1023 5324 1130 5361 non
1167 5318 1341 5377 potest
1393 5323 1608 5362 amaras
1665 5307 1867 5370 facere,
1920 5306 2064 5376 quod

495 5406 683 5449 contra
705 5411 856 5450 suam
897 5405 1146 5452 naturam
1179 5410 1358 5464 esset;
1393 5413 1570 5467 neque
1601 5399 1652 5452 id
1673 5407 1851 5468 potest
1869 5397 2067 5453 obscu-

496 5498 623 5538 rare
651 5486 790 5553 quod
823 5497 1006 5541 natum
1031 5500 1113 5544 est
1140 5491 1207 5545 ad
1235 5489 1644 5555 illustrandum;
1677 5490 1748 5542 ita
1773 5503 1872 5543 nec
1896 5490 2061 5542 Deum

497 5577 698 5646 injuste
722 5578 900 5635 facere
933 5598 1110 5651 posse.
1146 5582 1269 5638 lla-c
1296 5583 1440 5635 enim
1471 5589 1711 5650 potestas
1754 5583 1870 5654 ejus
1918 5581 2059 5638 divi-

602 5685 644 5716 ¹⁷
669 5690 819 5746 iliad.
847 5707 925 5754 Ix,
950 5692 1053 5746 519
1076 5702 1130 5746 et
1156 5689 1284 5745 3‘20.

2167 4582 2486 4650 ἀπάντησιν.
2518 4575 2745 4629 Δύναται
2774 4573 2828 4626 δὲ
2860 4571 2978 4625 καθ’
3010 4571 3155 4641 ἡμᾶς
3177 4569 3352 4622 πάντα
3371 4569 3399 4620 6
3417 4563 3555 4626 Θεός·
3581 4561 3692 4650 ἅπερ

2171 4673 2484 4742 δυνάμενος,
2504 4665 2597 4721 τοῦ
2637 4665 2769 4728 Θεὸς
2800 4659 2958 4727 εἶναι,
2989 4663 3081 4714 καὶ
3111 4659 3202 4713 τοῦ
3229 4659 3428 4729 ἀγαθὸς
3456 4653 3595 4715 εἶναι,
3620 4646 3691 4702 καὶ

2175 4738 2336 4834 σοφὸς
2363 4759 2498 4816 εἶναι
2520 4761 2618 4812 οὐκ
2652 4757 2944 4821 ἐξίσταται.
3000 4755 3057 4806 'U
3094 4753 3149 4807 δὲ
3185 4753 3386 4813 Κέλσος
3417 4747 3582 4818 φησιν,
3618 4738 3692 4834 (fit;

2179 4832 2264 4929 Pii
2289 4856 2486 4926 νοήσας
2513 4850 2629 4913 πῶς
2649 4849 2860 4916 λέγεται
2893 4849 2922 4901 6
2951 4845 3082 4908 Θεὸς
3108 4844 3286 4900 πάντα
3331 4837 3604 4929 δύνασθαι),
3631 4832 3691 4883 ὅτι

2183 4927 2348 5001 ibi»:
2380 4943 2622 5010 ἐθελήσει
2647 4939 2798 4992 οὐδὲν
2831 4938 3031 4996 ἄδικον,
3083 4954 3101 4986 ι
3148 4934 3340 4996 διδοὺς,
3388 4934 3461 4986 ὅτι
3510 4927 3691 4982 δύναται

2177 5039 2272 5110 μὲν
2304 5037 2396 5091 καὶ
2427 5035 2488 5087 τὸ
2515 5033 2714 5095 ἄδικον,
2743 5031 2804 5083 οὐ
2839 5029 2979 5082 θέλει
3007 5028 3082 5081 δέ.
3123 5028 3310 5098 Ἡμεῖς
3333 5025 3387 5079 δέ
3407 5038 3587 5094 φαμεν,
3609 5018 3688 5110 ὄτξν

2172 5130 2359 5202 ὥσπερ
2387 5128 2447 5180 οὐ
2473 5124 2690 5179 δύναται
2725 5123 2786 5175 τὸ
2825 5120 3064 5190 πεφυκὸς
3100 5119 3406 5188 γλυκαίνειν
3443 5114 3514 5184 τῷ
3549 5105 3688 5178 γλυκὺ

2172 5201 2457 5292 τυγχάνειν
2491 5215 2774 5288 πικράζειν
2804 5213 2953 5286 παρὰ
2993 5211 3090 5284 τὴν
3135 5209 3295 5264 αὑτοῦ
3335 5208 3488 5279 μόνην
3521 5201 3684 5256 αἰτίαν.

2171 5313 2293 5364 οὐδὲ
2329 5311 2389 5364 τὸ
2427 5305 2666 5377 πεφυκὸς
2709 5304 2959 5374 φωτίζειν
2994 5303 3071 5374 τῷ
3111 5300 3249 5356 εἶναι
3288 5299 3397 5371 φῶς
3441 5295 3684 5357 σκοτίζειν·

2173 5401 2346 5466 οὕτως
2373 5402 2492 5454 οὐδὲ
2513 5401 2541 5452 ὁ
2566 5398 2698 5461 Θεὸς
2723 5396 2943 5450 δύναται
2966 5396 3185 5450 ἀδικεῖνο
3205 5394 3434 5448 ἐναντίον
3454 5390 3548 5459 γάρ
3568 5388 3685 5438 ἐστιν

2172 5495 2337 5548 αὑτοῦ
2370 5497 2436 5565 τῇ
2478 5491 2711 5562 θειότητι
2753 5491 2846 5544 καλ¹
2874 5494 2940 5561 τῇ
2972 5491 3092 5543 κατ’
3121 5490 3288 5558 αὐτὴν
3333 5487 3468 5556 πάσῃ
3497 5479 3684 5544 δυνάμει

2169 5589 2202 5658 ἠ
2234 5586 2329 5640 τοῦ
2359 5586 2561 5640 ἀδικεῖν
2589 5582 2832 5653 δύναμις.
2865 5583 2927 5636 Ei
2958 5581 3014 5634 δέ
3042 5580 3218 5654 τι(78)
3248 5579 3350 5632 τῶν
3381 5578 3530 5631 ὄντων
3552 5567 3683 5624 δύνειν

569 5833 680 5908 (78)
733 5833 1070 5893 ilmscbelius
1129 5847 1184 5893 et
1256 5836 1594 5907 Spencerus,
1634 5839 1682 5892 εξ
1738 5837 1780 5889 δ’
1835 5838 1888 5891 εἰ
1939 5857 2026 5911 τι,
2059 5839 2216 5898 male.
