3852 6418
187 321 310 381 Ιίῗίδ

1360 315 1643 373 CONTRA
1682 313 1969 371 CELSUM.
2001 313 2126 369 LIB.
2159 309 2246 368 Ill.

2893 253 3039 282 ’Ἡ

3277 313 3418 372 ιθιι

183 458 262 497 ται
282 441 473 493 ἀδικεῖν
501 438 578 509 τῷ
604 438 700 494 καὶ
724 439 860 511 πρὸς
885 437 944 492 τδ
977 437 1199 492 ἀδικεῖν
1220 436 1538 505 πεφυκέναι,
1578 436 1726 490 δύνα-

1842 435 1999 489 nitati
2040 432 2312 487 Contraria
2341 439 2446 494 est,
2474 417 2529 484 et
2559 428 2639 485 illi
2681 429 3128 500 omnipotentla‘,
3167 447 3328 500 quam
3363 440 3422 486 ut

184 551 258 588 ται
283 532 472 586 ἀδικεῖν
495 532 596 585 οὐκ
632 531 755 603 ἕχον
787 533 843 584 ἐν
873 534 939 602 τῇ
974 529 1131 599 φύσει
1168 529 1229 581 τὸ
1275 529 1538 600 μηδαμῶς
1575 528 1734 581 δύνα-

184 625 290 677 σθαι
315 622 530 674 ἀδικεῖν.

237 902 378 958 Μετά
421 902 593 954 ταῦτα
643 901 688 954 δ’
731 901 905 972 ἑαυτῷ
956 901 1221 972 λαμϐάνει
1254 901 1315 954 τὸ
1351 900 1423 972 μὴ
1463 901 1732 970 διδόμενον

181 995 268 1048 ὑπὸ
293 994 391 1046 τῶν
411 994 777 1064 λογικώτερον
809 993 915 1065 (79)
945 993 1321 1057 πιστευόντων,
1349 993 1487 1064 τάχα
1516 993 1620 1045 ὑπό
1653 1012 1732 1046 τι·-

181 1105 268 1140 νων
302 1088 534 1156 ἀνοήτων
575 1085 930 1156 νομιζόμενον
968 1085 1114 1155 (80),
1157 1085 1232 1147 ὼς
1290 1085 1397 1155 ἄρα
1434 1103 1452 1136 t
1505 1085 1734 1154 Ὀμοίως

179 1183 271 1243 τοῖς
295 1180 447 1247 οἴκτῳ
476 1177 792 1230 δουλεύουσι
825 1177 1132 1240 δουλεύσας,
1167 1179 1331 1248 οἴκτῳ
1358 1177 1466 1230 τῶν
1502 1177 1732 1241 οἰκτιζο-

183 1265 331 1334 μένων
350 1267 376 1318 6
403 1264 534 1327 Θεὸς
557 1268 685 1328 τοὺς
711 1267 912 1328 κακοὺς
936 1264 1196 1334 κουφίζειο
1230 1267 1322 1318 καὶ
1343 1266 1506 1336 μηδὲν
1527 1266 1734 1320 τοιοῦτο

181 1357 392 1430 δρῶντας
424 1360 550 1421 τοὺς
584 1357 826 1426 ἀγαθοὺς
865 1359 1210 1429 ἀπορρίπτεν
1259 1361 1395 1430 ὅπερ
1433 1359 1581 1411 ἐστὶν
1621 1359 1735 1411 ἀδι-

179 1448 409 1503 κώτατον.
441 1469 458 1500 ι
494 1449 634 1502 Καθ’
669 1451 816 1519 ἡμᾶς
845 1451 950 1521 γὰρ
971 1450 1048 1502 ἔτι
1076 1451 1262 1503 οὐδένα
1289 1451 1361 1522 μὴ
1391 1467 1734 1521 προτετραμ-

181 1540 315 1609 μένον
341 1542 424 1592 ἐπ’
457 1539 660 1611 ἀρετὴν
691 1541 859 1593 κακὸν
901 1541 1146 1610 κουφίζει
1176 1542 1204 1593 6
1234 1541 1386 1605 Θεὸς,
1418 1542 1510 1594 καὶ
1543 1542 1732 1594 οὐδένα

177 1631 261 1700 ἤδη
288 1631 480 1699 ἀγαθὸν
523 1632 879 1706 ἀπορρίπτει·
943 1632 1077 1685 ἀλλὰ
1130 1635 1222 1686 καὶ
1265 1634 1453 1687 οὐδένα
1495 1635 1730 1698 οἰκτιζό-

179 1738 311 1790 μενον
339 1723 482 1794 παρὰ
511 1723 572 1775 τὸ
597 1723 932 1786 οἰκτίζεσθαι
963 1723 1209 1792 κουφίζει
1244 1724 1276 1794 ἢ
1305 1725 1464 1787 ἐλεεῖ,
1497 1725 1582 1777 ἵνα
1618 1743 1731 1777 κοι-

175 1813 362 1884 νότερον
390 1814 466 1884 τῲ
492 1813 635 1866 ἐλέει
666 1816 977 1885 χρήσωμαι’
1031 1814 1167 1867 ἀλλά
1210 1815 1336 1878 τοὺς
1379 1815 1582 1886 σφόδρα
1608 1817 1733 1868 ὲαυ-
1765 1796 1804 1851 Β

173 1904 264 1957 τῶν
306 1906 392 1958 ἐπὶ
431 1909 542 1970 τοῖς
578 1906 989 1976 ἡμαρτημένοις
1040 1907 1470 1975 κατεγνωκότας,
1517 1909 1590 1972 ὡς
1641 1909 1733 1960 ἐπ)⁵

173 1996 319 2065 τούτῳ
347 1998 505 2049 οἱονεὶ
545 1999 786 2062 πενθεῖν,
837 1999 928 2051 καὶ
965 1998 1180 2070 θρηνεῖν
1223 2001 1448 2064 ἑαυτοὺς
1483 2000 1557 2063 ὡς
1599 2002 1734 2054 ἀπο-

173 2089 396 2152 )οιιὶότας,
421 2091 543 2143 ὅσον
565 2091 661 2144 ἐπὶ
685 2093 798 2154 τοῖς
840 2092 1375 2163 προπεπραγμένοις,
1411 2095 1504 2146 καὶ
1527 2095 1734 2160 ἀξιόλο-

173 2196 250 2231 νῡν
277 2181 751 2253 ἐπιδεικνυμένους
799 2182 1120 2254 μεταϐολὴν,
1171 2184 1454 2255 προσίεται
1493 2185 1594 2256 τῆς
1640 2204 1734 2256 με-

173 2273 358 2336 τανοίας
388 2273 546 2345 χάριν
578 2276 608 2326 6
643 2274 797 2338 Θεὸς,
828 2276 920 2328 καὶ
947 2276 1074 2338 τοὺς
1113 2276 1177 2328 ἐκ
1219 2276 1523 2347 μεταϐολῆς
1569 2279 1728 2331 κακί-

177 2382 278 2418 στου
323 2367 453 2438 βίου.
517 2368 858 2438 Ἀμνηστίαν
896 2368 1004 2439 γάρ
1048 2372 1160 2432 τοῖς
1189 2363 1461 2434 ’τοιούτοις
1517 2372 1730 2426 δίδωσιν

173 2457 330 2527 ἀρετὴ,
383 2459 729 2529 ἐπιδημοῦσα
785 2458 963 2512 αὐτῶν
1008 2464 1126 2523 ταῖς
1179 2461 1398 2532 ψυχαῖς,
1441 2463 1533 2515 καὶ
1571 2463 1729 2517 ἐκδε-

173 2546 370 2616 6ληκυῖα
387 2549 482 2620 τὴν
515 2550 1037 2621 προκαταλαϐοὖσαν
1083 2553 1298 2606 κακίαν.
1335 2554 1396 2606 El
1426 2555 1482 2607 δὲ
1517 2555 1610 2608 καὶ
1653 2556 1727 2627 μὴ

173 2639 332 2709 ἀρετὴ,
378 2641 658 2710 ἀξιόλογος
711 2641 768 2694 δὲ
817 2642 1066 2714 προκοπὴ
1126 2643 1399 2713 ἐγγένοιτο
1443 2649 1507 2718 τῇ
1555 2647 1724 2720 ψυχῇ,

174 2731 416 2802 ίκανὴθια).
442 2733 606 2803 αὕτη,
645 2734 788 2788 κατά
826 2734 922 2806 τὴν
963 2737 1252 2807 ἀναλογίαν
1293 2741 1386 2794 τοῦ
1427 2741 1544 2804 πῶς
1591 2737 1728 2794 εἶναι

173 2825 441 2894 προκοπῆς,
477 2827 733 2880 ἐκϐαλεῖν
753 2808 872 2881 ’καὶ
899 2827 1216 2898 ἐξαφανίσαι
1257 2834 1352 2905 τὴν
1390 2835 1488 2904 τῆς
1514 2837 1729 2908 ,κακίας

173 2914 323 2983 χύσιν,
357 2916 481 2969 ὥστ’
521 2918 696 2990 αὐτὴν
740 2921 905 2988 ἐγγὺς
937 2921 1032 2974 τοῦ
1064 2925 1258 2994 μηκέτι
1291 2927 1577 2997 τυγχάνειν
1615 2927 1725 2999 (8i)

171 3007 217 3059 ἐν
240 3011 302 3078 τῇ
327 3009 484 3081 ψυχῇ.

225 3180 382 3248 Εἶτα,
414 3187 487 3250 ὡς
524 3191 590 3242 ἐκ
629 3187 921 3259 προσώπου
964 3189 1056 3242 τοῦ
1104 3190 1444 3255 διδάσκοντος
1472 3191 1563 3244 τὸν
1589 3192 1726 3264 ἡμέ-

169 3287 305 3346 τερον
333 3277 500 3344 λόγον,
533 3280 761 3333 τοιαῦτα
793 3298 972 3349 φησιν·
1011 3300 1028 3332 ι
1069 3283 1130 3334 Οἱ
1174 3284 1324 3352 σοφοὶ
1353 3283 1461 3354 γὰρ
1493 3285 1726 3356 ἀποτρέ-

171 3381 338 3420 πονται
367 3369 428 3422 τὰ
463 3371 552 3438 ὑφ’
581 3372 743 3442 ἡμῶν
772 3372 1054 3444 λεγόμενα,
1090 3375 1192 3428 61:6
1237 3377 1334 3446 τῆς
1376 3377 1564 3447 σοφίας
1594 3379 1726 3432 πλα-

168 3456 370 3528 νώμενοι
430 3462 521 3514 καὶ
572 3463 1087 3534 παραποδιζόμενοι.
1145 3486 1162 3516 ι
1200 3468 1445 3537 Φήσομεν
1498 3465 1590 3523 οὖν
1633 3472 1727 3524 καὶ

170 3543 284 3619 πρὸς
307 3553 471 3616 τοῦτο,
507 3554 610 3618 ὅτι,
649 3555 864 3626 εἶπερὴ
901 3558 1058 3626 σοφία
1100 3559 1374 3631 ἐπιστήμη
1418 3560 1578 3612 θείων
1609 3562 1726 3615 ἐστὶ

171 3642 245 3694 καὶ
269 3644 620 3715 ἀνθρωπίνων
653 3648 1014 3716 πραγμάτων,
1041 3650 1132 3703 καὶ
1150 3653 1256 3702 τῶν
1284 3653 1488 3705 τούτων
1515 3653 1721 3718 αἰτίων,

171 3730 213 3799 ἢ,
253 3733 320 3798 ὡς
368 3739 395 3789 ὁ
434 3735 576 3802 Θεῖος
623 3739 782 3807 λόγος
841 3742 1101 3810 ὁρίζεται,
1154 3762 1172 3793 t
1245 3744 1434 3815 Ἀτμὶς
1487 3745 1584 3815 τῆς
1628 3747 1722 3799 τοῦ

170 3821 277 3878 Θεοῦ
302 3827 407 3898 (82)
433 3829 742 3902 δυνάμεως,
796 3833 888 3887 καὶ
935 3835 1203 3906 ἀπόρροια
1243 3837 1342 3906 τῆς
1385 3836 1479 3889 τοῦ
1523 3855 1722 3891 παντο-

171 3917 400 3992 κράτορος
433 3922 592 3992 δόξης
645 3924 976 3997 εἰλικρινὴς,
1024 3930 1120 3982 καὶ
1165 3929 1506 4001 ἀπαύγασμα
1544 3933 1722 4000 φωτὸς

169 4007 326 4077 ἀϊδίου,
357 4015 445 4066 καὶ
475 4016 748 4087 ἔσοπτρον
781 4019 1108 4089 ἀκηλίδωτον
1147 4023 1245 4094 τῆς
1277 4023 1372 4076 τοῦ
1404 4023 1538 4076 θεοῦ
1568 4025 1721 4096 ἐνερ-

171 4100 308 4168 γείας,
337 4107 425 4159 καὶ
452 4106 618 4159 εἰκὼν
642 4109 742 4178 τῆς
771 4109 1099 4183 ἀγαθότητος
1125 4114 1306 4167 αὐτοῦ’
1353 4137 1370 4167 ι
1403 4115 1502 4168 οὐκ
1533 4115 1597 4168 ἄν
1639 4134 1723 4181 τις

170 4188 230 4242 ὢν
257 4197 402 4264 σοφὸς
429 4199 800 4270 ἀποτρέποιτο
836 4201 901 4255 τὰ
939 4203 1042 4256 ὑπὸ
1071 4205 1393 4275 Χριστιανοῦ
1421 4208 1721 4279 ἐπιστήμοέ

171 4297 239 4346 νος
266 4287 392 4360 ὑπὲρ
416 4290 524 4361 (85)
552 4291 647 4343 τοῦ
666 4293 1094 4365 Χριστιανισμοῦ
1120 4297 1407 4369 λεγόμενα,
1430 4301 1552 4353 οὐδέ
1587 4301 1722 4353 πλα-

171 4373 327 4447 νηθείη
358 4379 421 4431 ἂν
456 4381 488 4451 ἢ
521 4381 949 4451 παραποδίζοιτο
985 4385 1073 4436 ὑπ’
1096 4385 1282 4456 αὐτῆς.
1334 4387 1396 4439 'H
1437 4386 1545 4459 γὰρ
1584 4387 1717 4460 ἀλη-

1839 527 1984 581 Deus
2019 527 2200 580 habet.
2242 522 2298 578 Si
2331 523 2458 591 quid
2493 532 2675 578 autem
2715 539 2782 578 ex
2814 525 2976 579 rebus
3002 524 3202 578 creatis
3231 537 3418 578 natum

1837 619 1904 672 ad
1937 617 2134 682 injuste
2157 618 2460 690 faciendum
2524 615 2721 684 injuste
2753 616 2935 671 facere
2960 627 3159 684 potest,
3188 618 3305 671 haec
3339 617 3416 671 illi

1838 712 1966 766 inde
1994 720 2230 780 potestas
2267 714 2462 776 oritur,
2490 712 2633 782 quod
2675 709 2790 778 ejus
2825 719 3015 765 nattn-a
3045 726 3148 764 non
3193 713 3265 764 sit
3309 725 3416 765 non

1837 819 1996 874 posse
2042 804 2240 872 injuste
2273 804 2474 858 facere.

1908 897 2001 951 7i.
2034 897 2236 950 Deinde
2268 897 2368 951 sibi
2399 897 2568 950 sumit
2602 896 2743 966 quod
2799 895 2898 948 etsi
2933 894 3168 948 fortasse
3205 894 3419 962 simpli-

1837 988 1994 1043 cibus
2025 990 2354 1059 quibusdam
2392 989 2654 1042 creditum
2711 987 2896 1049 luerit,
2948 987 3129 1040 nullus
3173 997 3351 1039 tznnen
3387 1003 3418 1042 ο

1837 1083 2262 1150 sapientioribus
2345 1081 2673 1136 Christianis
2733 1082 3065 1135 concederet
3135 1098 3149 1133 :
3221 1093 3417 1145 nempe

1842 1192 1859 1224 ι
1900 1172 2091 1236 Deum,
2123 1173 2355 1226 similem
2393 1171 2499 1227 illis
2546 1173 2638 1240 qui
2678 1173 3029 1227 miseratione
3059 1171 3414 1241 franguntur,

1837 1266 2190 1320 miseratione
2218 1266 2421 1318 victum
2454 1262 2738 1318 sublevare
2765 1263 2959 1327 malos,
3009 1265 3098 1332 qui
3133 1265 3304 1333 ipsum
3346 1263 3414 1316 ad

1837 1356 1977 1410 hanc
2007 1355 2349 1409 alTeclionem
2379 1359 2658 1420 excitant;
2707 1356 2875 1410 bonos
2933 1365 3114 1409 autem
3166 1356 3444 1423 rejicere.~

1835 1449 1960 1516 quia
1992 1449 2123 1502 nihil
2157 1447 2469 1516 hujusutodi
2496 1449 2739 1514 faciunt;
2791 1449 2931 1516 quod
2982 1460 3066 1503 est
3125 1447 3419 1514 iniustissi-

1839 1555 2004 1591 mum.
2047 1557 2064 1590 ι
2096 1537 2229 1592 Nam
2255 1555 2318 1592 ex
2351 1540 2508 1592 nobis
2535 1541 2804 1593 neminem
2840 1539 3038 1592 malum
3065 1539 3208 1594 Deus
3232 1540 3418 1594 suble-

1836 1641 1946 1694 vat,
1977 1631 2104 1699 qnin
2127 1629 2192 1684 ad
2220 1631 2474 1684 virtutem
2505 1646 2800 1685 conversus
2826 1631 3022 1698 fuerit;
3055 1649 3151 1686 nec
3181 1633 3414 1700 aliquem

1839 1725 2011 1790 rejieit
2033 1724 2123 1791 qui
2150 1723 2261 1790 jam
2295 1723 2472 1778 bonus
2496 1723 2598 1787 sit;
2631 1737 2804 1791 neque
2855 1724 3206 1778 miseratione
3237 1725 3415 1775 addu-

1835 1816 1994 1877 citur,
2031 1827 2089 1869 ut
2121 1832 2242 1871 eum
2275 1818 2524 1872 sublevet
2551 1827 2608 1871 et
2635 1817 2930 1870 miseretur
2957 1817 3080 1885 (hac
3121 1832 3254 1868 voce
3287 1831 3412 1870 cum

1837 1907 1994 1976 vulgo
2027 1906 2168 1978 utor)
2201 1910 2292 1979 qui
2323 1910 2389 1964 ad
2416 1910 2824 1965 miserationem
2855 1911 3075 1962 excitat.
3113 1909 3216 1962 Sed
3243 1911 3330 1978 qui
3356 1923 3418 1964 se

1834 2010 2055 2069 propter
2110 2017 2205 2056 sua
2232 2012 2454 2070 peccata
2521 2017 2709 2057 severe
2763 2003 3147 2067 condemnant,
3207 2004 3277 2055 ita
3335 2014 3415 2069 ut,

1833 2099 2054 2157 propter
2083 2103 2147 2142 ea
2179 2104 2298 2158 quae
2332 2090 2582 2155 fecerint,
2626 2091 2791 2144 veluti
2840 2092 3058 2160 lugeant
3109 2105 3164 2146 et
3209 2093 3418 2147 lamen-

1834 2188 2016 2232 tentur
2050 2195 2109 2233 se
2135 2181 2279 2249 ipsos
2303 2183 2455 2250 quasi
2499 2184 2758 2252 perditos,
2807 2194 2862 2237 et
2921 2184 3142 2254 dignam
3201 2199 3414 2240 morum

1834 2273 2184 2327 mutationem
2238 2272 2435 2327 fecisse
2505 2290 2564 2329 se
2605 2277 3004 2343 comprobant,
3068 2276 3167 2330 bus
3220 2276 3416 2345 recipit

1833 2364 1974 2417 Deus
2008 2375 2227 2432 propter
2250 2365 2489 2434 ipsorum
2525 2368 2923 2433 paenitentiam,
2954 2369 3412 2437 quemadmodum

1831 2466 1885 2511 et
1916 2471 2010 2512 eos
2041 2459 2130 2525 qui
2166 2459 2456 2526 pessimam
2508 2459 2673 2512 vitam
2721 2469 3020 2514 ntutarnnt.
3051 2461 3234 2514 Virtus
3267 2463 3413 2515 enim

1829 2548 1884 2604 in
1914 2564 2101 2603 eorum
2156 2551 2370 2604 animas
2403 2550 2700 2604 adveniens
2755 2559 2810 2604 et
2842 2567 2910 2604 ex
2956 2551 3061 2606 illis
3105 2553 3412 2619 nequitiam

1827 2657 1935 2713 qua
1971 2651 2098 2696 ante
2129 2640 2533 2710 occupabantur
2563 2641 2814 2711 ejiciens,
2838 2642 3166 2696 oblivionem
3181 2651 3407 2711 praeter-

1832 2732 2030 2787 itorum
2112 2736 2384 2803 impetrat.
2426 2734 2530 2789 Sed
2573 2735 2676 2790 etsi
2709 2735 2885 2788 virtus
2939 2736 3181 2788 nondum
3243 2745 3412 2798 esset,

1829 2827 2282 2898 modoinsignem
2329 2827 2507 2880 anima
2565 2842 2914 2898 progressum
2965 2829 3174 2891 fet-erit,
3209 2829 3257 2882 is
3295 2829 3412 2895 ipse

1827 2933 2172 2988 progressus,
2205 2929 2364 2989 prout
2392 2919 2581 2985 fuerit,
2638 2919 2871 2974 suiliciet
2916 2920 2981 2972 ad
3029 2920 3408 2989 cxpellendam

1830 3011 2085 3079 nequitiaa
2125 3012 2257 3074 vim,
2302 3026 2533 3081 eamque
2575 3012 2650 3065 ita
2685 3013 3110 3080 extenuandam,
3157 3023 3214 3066 ut
3259 3013 3404 3066 nulla

1831 3102 2215 3172 propemodum
2251 3102 2304 3156 iu
2339 3102 2519 3156 anima
2555 3104 2648 3156 sit.

1901 3192 1992 3247 7'2.
2025 3193 2226 3248 Deinde
2267 3195 2420 3264 quasi
2467 3211 2756 3264 personam
2808 3197 3086 3252 sustinens
3145 3199 3302 3251 unius
3337 3212 3406 3251 ει

1829 3283 2034 3337 nostris
2066 3283 2406 3350 doctoribus,
2447 3302 2466 3336 t
2504 3285 2807 3354 sapientes,
2848 3285 3048 3350 inquit,
3100 3299 3220 3353 quae
3246 3283 3408 3338 doce-

1829 3390 1952 3428 mus
1976 3386 2322 3438 aversantur,
2366 3377 2473 3430 acti
2509 3375 2561 3428 in
2605 3390 2852 3430 errorem
2913 3387 2965 3430 et
3007 3377 3251 3445 impediti
3307 3391 3404 3432 sua

1829 3467 2124 3535 sapientia.
2159 3485 2178 3518 ι
2217 3466 2560 3536 Respondeo,
2583 3469 2627 3522 si
2664 3470 2928 3538 sapientia
2962 3480 3046 3524 est
3094 3485 3281 3524 rerum
3320 3472 3406 3524 di»

1828 3560 2073 3613 vinarum
2111 3569 2164 3614 et
2194 3560 2581 3625 humanarum,
2627 3577 3030 3632 causarumque
3095 3562 3407 3631 quibushae

1827 3666 1916 3705 res
1953 3653 2321 3718 cominentur,
2357 3653 2616 3720 scientia;
2676 3662 2787 3717 aut,
2827 3655 3100 3722 quomodo
3147 3654 3300 3707 illam
3324 3655 3405 3706 di-

1833 3744 1955 3797 vina
1993 3741 2277 3811 Scriptura
2316 3744 2527 3809 deﬁnit,
2586 3762 2606 3796 t
2657 3759 2828 3814 vapor
2857 3745 3052 3798 divina:
3099 3747 3404 3815 potestatis,

1825 3835 2044 3906 limpida
2073 3836 2462 3906 omnipotentis
2491 3837 2608 3906 ejus
2631 3837 2818 3906 gloria:
2858 3837 3156 3903 eminentia,
3221 3843 3408 3908 splen-

1824 3927 1928 3980 dor
1979 3926 2118 3980 lucis
2176 3936 2430 3990 aeternae,
2506 3927 2788 3997 Speculum
2855 3930 2973 3982 sine
3047 3931 3260 3982 macula
3312 3929 3406 3984 Dei

1825 4015 2146 4082 maiestatis,
2188 4024 2243 4070 et
2291 4015 2470 4084 imago
2527 4016 2791 4072 bonitatis
2839 4017 3075 4083 illius",
3115 4039 3134 4071 ι
3185 4035 3407 4088 respon-

1824 4107 1948 4172 deo,
1994 4108 2240 4178 inquam,
2282 4109 2559 4162 neminem
2623 4109 2924 4178 sapientem
3027 4122 3404 4166 aversaturum

1823 4218 1944 4272 quae
1975 4203 2167 4257 doctus
2193 4201 2540 4257 Christianus
2589 4203 2656 4256 de
2688 4219 2784 4257 sua
2839 4203 3104 4272 religione
3134 4205 3406 4258 di'sserneo

1824 4294 1918 4359 rit,
1948 4309 2121 4362 neque
2159 4293 2250 4348 illa
2280 4293 2546 4362 sapientia
2597 4294 2888 4363 deceptum
2949 4308 3041 4348 aut
3081 4295 3403 4361 impeditum

1824 4388 1910 4443 iri.
1942 4387 2059 4443 Non
2082 4390 2227 4442 enim
2254 4402 2380 4440 vera
2409 4387 2700 4454 sapientia,
2749 4389 2842 4441 sed
2881 4388 3187 4458 ignorantia
3232 4389 3282 4442 in
3316 4403 3409 4442 er-

171 4461 249 4535 θὴς
277 4472 422 4541 σοφία
446 4474 506 4526 o6
540 4473 746 4543 πλανᾷ,
779 4472 891 4526 ἀλλ’
926 4475 958 4544 ὴ
998 4475 1228 4545 ἀμαθίαο
1283 4477 1376 4530 καὶ
1413 4479 1572 4550 μόνον
1613 4479 1722 4532 τῶν

1835 4495 2016 4536 rorem
2056 4481 2189 4550 agit,
2225 4488 2279 4534 et
2321 4496 2386 4532 ex
2437 4480 2600 4532 rebus
2643 4479 2894 4534 omnibus
2925 4480 3035 4533 sola
3069 4481 3278 4534 stabilis
3325 4491 3411 4535 est

169 4553 307 4612 ὄντων
332 4563 543 4632 βέϐαιον
574 4553 854 4636 ἐπιστήμη
888 4566 981 4618 καὶ
1014 4567 1047 4637 ἡ
1090 4567 1335 4638 ἀλήθεια,
1376 4569 1519 4641 ἆπερ
1545 4571 1610 4623 ἐκ
1641 4586 1723 4622 σο-

173 4649 274 4716 φίας
325 4658 703 4728 παραγίνεται.
769 4657 894 4710 Ἐὰν
947 4659 1024 4722 δὲ,
1070 4660 1221 4730 παρά
1265 4662 1354 4714 τὸν
1395 4661 1495 4731 τῆς
1527 4662 1722 4729 σοφίας

171 4738 268 4811 ὅρον
291 4747 373 4800 τὸν
394 4750 421 4802 ὃ
444 4769 495 4803 τι
523 4749 726 4802 ποτοῦν
774 4749 1163 4820 δογματίζοντα
1196 4753 1334 4823 μετά
1375 4771 1537 4806 τινων
1578 4770 1722 4820 6°?"

174 4835 358 4900 σμάτων
383 4839 514 4914 λέγῃ
533 4841 647 4911 (84)
669 4841 852 4910 σοφὸν,
879 4843 1139 4914 φήσομεν,
1171 4845 1250 4898 ὅτι
1283 4843 1499 4915 ἀληθῶς
1524 4847 1552 4897 6
1578 4843 1722 4898 κατὰ

170 4924 248 4992 τὴν
272 4928 364 4982 61:6
396 4949 485 4984 σου
535 4933 841 5003 λεγομένην
901 4933 1091 5002 σοφίαν
1147 4937 1296 4999 ποιὸς
1348 4937 1718 5007 ἀποτρέπεται

171 5017 272 5081 τοὺς
296 5019 477 5090 λόγους
509 5025 605 5078 τοῦ
643 5025 802 5088 Θεοῦ,
834 5024 1184 5097 πλανώμενος
1217 5029 1323 5082 ὑπὸ
1352 5027 1460 5082 τῶν
1499 5028 1719 5081 πιθανο-

171 5103 318 5173 τήτων
363 5113 453 5165 καὶ
497 5115 854 5185 σοφισμάτων
896 5115 1026 5185 (85),
1075 5120 1169 5171 καὶ
1212 5117 1716 5189 παραποδιζόμενος

172 5193 445 5258 ὑπἀὒτῶν.
482 5208 596 5260 Καὶ
629 5209 754 5260 ἐπεὶ
799 5208 938 5262 κατά
980 5212 1070 5264 τὸν
1106 5212 1372 5283 ἡμέτερον
1422 5211 1578 5279 λόγον
1616 5212 1717 5264 οὐκ

173 5285 266 5343 ἔστι
289 5299 435 5364 σοφία
467 5301 739 5372 πονηρίας
773 5303 1073 5376 ἐπιστήμη,
1121 5305 1382 5376 πονηρίας
1421 5306 1478 5358 δὲ
1507 5306 1608 5375 (ἶν’
1633 5303 1717 5357 οὗ·

177 5384 552 5462 τωςὸνομάσω),
606 5395 886 5466 ἐπιστήμη
923 5397 1066 5450 ἐστὶν
1097 5397 1155 5449 ἐν
1188 5400 1299 5461 τοῖς
1343 5396 1714 5467 ψευδοδοξοῦσι

231 5500 266 5531 ⁸⁸
291 5504 409 5574 sap.
442 5525 534 5575 vn,
568 5511 664 5575 25,
690 5511 780 5567 26.

349 5604 699 5688 ,Ιζωερίιριὶιιε
725 5610 777 5662 in
815 5619 962 5688 textu
985 5655 1000 5678 ,
1031 5613 1435 5688 λογικωτέρων.

349 5671 482 5754 idem
513 5681 564 5731 in
601 5690 776 5754 textu,

231 5734 329 5881 (81)
356 5743 502 5800 Libb.
529 5754 720 5803 excusi
753 5734 803 5803 in
834 5734 1326 5825 ιιῖιιιῗκίιιοίτυχείν.

235 5803 310 5874 (εἳ
355 5812 686 5876 Ηωεοιιθιίυε
721 5821 775 5875 in
808 5827 1071 5881 margine.
1107 5825 1270 5881 θείου.

235 5803 329 5881 (εἳ)
355 5812 686 5876 Ηωεειιθιὶυε
721 5821 775 5875 in
808 5803 1270 5894 nisiiiiiéj'oéigjl

1826 4571 2051 4628 scientia
2090 4581 2145 4625 et
2187 4572 2415 4634 veritas;
2455 4568 2619 4642 495
2664 4585 2896 4638 quarum
2929 4579 3164 4640 utraque
3205 4587 3271 4624 ex
3312 4587 3405 4624 sa-

1826 4659 2030 4728 pientia
2076 4661 2269 4714 oritur.
2325 4659 2477 4726 Quod
2501 4661 2746 4713 sicontra
2804 4660 3083 4729 sapientia:
3132 4660 3408 4716 deﬁnitio-

1827 4766 1950 4805 nem
1979 4766 2142 4806 vocas
2202 4751 2528 4819 sapientem,
2586 4752 2840 4819 quisquis
2873 4754 3133 4820 captiosis
3183 4755 3409 4823 quibus-

1826 4843 1950 4896 dam
1992 4843 2335 4912 argumentis
2364 4842 2666 4896 instructus
2697 4857 2793 4896 sua
2831 4845 3180 4912 opinamenta
3218 4849 3407 4900 obtru-

1824 4934 1923 4996 dit.
1959 4932 2154 4998 fateor,
2197 4943 2318 4988 tuus
2366 4932 2456 4986 ille
2511 4934 2728 5002 sapiens
2780 4934 3098 4990 abhorrebit
3143 4956 3171 4990 a
3223 4939 3405 4993 divina

1823 5027 2074 5080 doctrina
2123 5025 2604 5095 probabilitatibus
2662 5036 2716 5080 et
2762 5028 3028 5098 captiosis
3066 5032 3298 5101 argutiis
3351 5033 3407 5087 in

1823 5133 2066 5173 errorem
2095 5130 2250 5174 actus
2279 5128 2442 5188 atque
2491 5118 2806 5186 impeditus.
2853 5125 2945 5185 At,
2989 5123 3033 5175 si
3082 5139 3181 5179 nos
3224 5125 3406 5192 audis,

1821 5212 2059 5281 cognitio
2093 5212 2216 5266 mali
2246 5227 2352 5265 non
2382 5220 2468 5267 est
2491 5212 2760 5280 sapientia
2789 5229 2801 5276 ;
2847 5213 2955 5268 imo
2980 5217 3104 5270 mali
3152 5220 3408 5283 scientia,

1820 5303 1979 5358 utita
2009 5304 2209 5366 dicam,
2262 5315 2452 5356 eorum
2514 5312 2600 5357 est
2645 5305 2736 5372 qui
2787 5303 2922 5358 falsa
2975 5308 3172 5361 docent
3220 5320 3275 5362 et
3319 5325 3408 5363 so-

1823 5396 2116 5466 phismatis
2169 5395 2378 5462 decepti
2429 5405 2579 5448 sunt.
2627 5397 2895 5460 Quocirca
2960 5399 3272 5469 hujusmodi
3314 5415 3406 5456 sa-

1897 5616 2005 5689 (85)
2042 5616 2433 5689 ’Υπέρε-Αὺοεῑ
2480 5632 2508 5669 a
2565 5617 2696 5671 libb.
2739 5621 2978 5686 excusis,
3029 5621 3123 5676 sed
3159 5625 3213 5677 in
3266 5634 3402 5677 In“.

1822 5687 1994 5753 Regio
2025 5700 2080 5742 et
2119 5687 2416 5742 Basileeusi
2447 5690 2738 5756 reperitur.

1891 5759 2002 5832 (δέ)
2043 5757 2216 5832 ᾼέγῃ.
2252 5756 2606 5832 scribendum
2639 5761 2849 5816 videtur
2872 5762 3054 5832 λέγῃς.

1889 5822 2009 5900 (85)
2051 5822 2364 5898 Philocalia,
2413 5831 2805 5902 σοφισματίων,
2841 5822 3399 5901 ΜΝΞ-σοφισμάτων.
