3852 6418
518 334 655 389 5015

515 455 637 521 pieu
672 451 774 502 iam
804 449 1106 503 vocaverim
1132 446 1312 516 potius
1342 444 1717 515 ignorantiam.

582 719 670 770 73.
720 716 845 769 Post
898 714 1027 769 litec'
1066 728 1255 768 rursus
1302 714 1540 782 exagitat
1589 710 1865 779 religionis
1915 710 2070 765 Chri-

508 812 699 865 ειίιιιιω
741 812 1039 876 doctorem,
1086 818 1420 875 accusatque
1457 807 1597 874 quod
1631 825 1649 855 ι
1681 805 1907 859 ridicula
1942 824 1961 856 ι
1997 804 2073 858 lo-

509 912 739 971 quatur;
775 902 871 954 sed
895 916 1015 969 qum
1049 918 1070 952 ι
1108 900 1334 954 ridicula
1375 919 1392 950 ι
1446 898 1536 952 illa
1580 900 1725 959 sint,
1762 914 1861 952 nec
1900 898 2073 964 aperit

506 1011 607 1050 nec
640 995 854 1063 probat.
875 993 941 1046 Et
964 1008 1228 1047 accusare
1262 1007 1529 1061 pergens:
1568 1010 1585 1041 ι
1618 990 1785 1044 Nemo
1813 990 2067 1057 prudens,

506 1087 701 1155 inquit,
738 1087 865 1140 huic
909 1085 1169 1139 doctrinae
1200 1084 1520 1147 assentitur,
1558 1083 1797 1136 deterret
1843 1083 2071 1151 ipsamet

506 1178 653 1232 illam
718 1180 1068 1247 sequentium
1121 1176 1427 1230 multitudo.
1471 1194 1490 1226 ι
1524 1175 1635 1239 Qua
1680 1176 1733 1227 in
1782 1189 1839 1228 re
1894 1173 2066 1228 simile

500 1271 627 1336 quid
656 1271 802 1330 facit.
835 1286 897 1325 ac
924 1271 1096 1339 siquis
1123 1272 1329 1324 diceret
1363 1268 1635 1322 neminem
1668 1280 1789 1321 esse
1834 1268 2065 1336 pruden-

501 1371 631 1424 tem,
666 1362 758 1428 qui
798 1361 1034 1427 Solonis,
1076 1360 1333 1431 Lycurgi,
1364 1358 1581 1413 Zaleuci
1618 1366 1709 1411 aut
1752 1359 2063 1427 quorumvis

500 1451 730 1505 aliorum
782 1452 1154 1517 legislatorum
1213 1450 1424 1519 legibus
1480 1447 1858 1516 obtemperare
1911 1449 2060 1511 velit,

496 1542 624 1610 quia
661 1542 1017 1611 simplicium,
1048 1542 1141 1612 qui
1167 1542 1246 1613 eis
1275 1548 1524 1611 pareant,
1559 1554 1747 1607 magna
1776 1539 2060 1592 multitudo

496 1642 581 1685 est
606 1650 620 1696 ;
648 1635 882 1687 maxime
910 1634 954 1687 si
991 1634 1307 1702 prudentem
1354 1629 1583 1699 appellet
1619 1645 1763 1693 eum,
1808 1632 1897 1698 qui
1937 1630 2059 1683 talis

493 1727 698 1777 virtute
733 1725 992 1779 evaserit.
1033 1724 1186 1778 Sicut
1226 1724 1368 1778 enim
1409 1722 1747 1791 legislatorcs
1776 1722 1894 1775 istis
1929 1722 2058 1775 sim-

493 1816 746 1884 plicibus,
780 1825 841 1868 ut
872 1814 971 1870 sibi
1001 1816 1177 1869 visum
1217 1823 1301 1868 est
1330 1813 1485 1878 utile,
1518 1812 1665 1881 leges
1703 1812 1969 1866 dederunt
1998 1824 2053 1866 ut

494 1910 616 1962 illos
646 1917 933 1978 regerent;
988 1908 1067 1961 sic
1110 1916 1165 1962 et
1207 1906 1350 1961 Deus
1394 1905 1447 1959 in
1497 1902 1623 1959 Jesu
1660 1902 1807 1974 leges
1852 1904 2054 1971 ferens,

494 2000 661 2054 etiam
701 2014 808 2052 non
839 1999 1133 2066 prudentes
1160 1984 1319 2067 regit,
1348 2007 1611 2066 quatenus
1642 1998 1707 2051 ad
1732 1996 1919 2051 melius
1950 1997 2053 2050 hu-

490 2092 725 2159 iusmodi
764 2092 1017 2147 homines
1052 2092 1136 2160 agi
1183 2101 1410 2160 queunt.
1464 2092 1616 2158 Quod
1669 2092 1849 2145 sciens
1892 2089 2050 2155 Deus,

489 2183 632 2251 apud
656 2182 893 2253 Moysem
941 2182 1018 2236 ait
1064 2196 1183 2250 qua:
1203 2181 1315 2251 jam
1341 2194 1503 2247 supra
1528 2179 1854 2234 retulimus:
1894 2202 1911 2231 ι
1946 2180 2048 2249 Ipsi

489 2290 576 2329 me
622 2285 1052 2343 provocaverunt
1105 2275 1156 2328 in
1192 2289 1256 2329 eo
1321 2270 1412 2341 qui
1460 2288 1565 2325 non
1634 2281 1751 2327 erat
1792 2273 1935 2327 Deus
1997 2282 2051 2327 et

486 2365 839 2421 irritaverant
868 2382 953 2421 me
1002 2368 1056 2420 in
1096 2364 1405 2421 simulacris
1443 2363 1598 2418 suis:
1632 2372 1687 2419 et
1712 2379 1811 2433 ego
1852 2380 2047 2434 provo-

492 2457 627 2512 cabo
675 2474 770 2513 eos
815 2459 866 2512 in
901 2472 967 2513 eo
996 2458 1087 2527 qui
1126 2472 1231 2513 non
1277 2466 1359 2510 est
1399 2457 1647 2527 populus,
1693 2467 1745 2511 et
1788 2458 1839 2511 in
1890 2468 2047 2525 gente

414 2562 417 2563 '
483 2551 644 2602 stulta
678 2550 901 2605 irritabo
933 2550 1054 2605 illos
1086 2550 1150 2602 ¹⁹.
1194 2568 1211 2601 ι
1250 2546 1361 2602 Hoc
1411 2549 1591 2603 sciens
1621 2548 1819 2603 Paulus
1869 2548 2042 2602 dixit:

490 2660 508 2691 ι
541 2641 673 2708 Quae
704 2642 867 2697 stulta
901 2652 1023 2697 sunt
1057 2642 1238 2697 mundi
1272 2641 1436 2711 elegit
1472 2640 1632 2705 Deus,
1665 2651 1721 2694 ut
1747 2640 2045 2695 confundat

480 2734 755 2801 sapientes
780 2735 865 2799 ’°;
898 2753 915 2785 ι
956 2736 1043 2787 ubi
1077 2733 1348 2802 sapientes
1382 2741 1538 2785 vocat
1569 2731 1662 2800 qui
1700 2730 1862 2801 vulgo
1902 2732 2041 2786 mul-

484 2831 595 2874 tum
630 2822 683 2875 in
733 2822 1038 2890 disciplinis
1070 2824 1369 2893 profecisse
1409 2822 1681 2884 videntur,
1720 2822 1812 2876 sed
1847 2822 1900 2876 in
1936 2822 2042 2874 im-

480 2911 625 2978 pium
650 2913 883 2981 plurium
928 2914 1149 2969 deorum
1182 2918 1387 2971 cultum
1423 2918 1559 2986 lapsi
1599 2925 1744 2968 sunt.
1783 2934 1801 2965 ι
1846 2913 2039 2967 Dicen-

483 3013 565 3056 tes
610 3003 753 3057 enim
788 3020 848 3059 se
886 3019 1009 3059 esse
1065 3008 1360 3075 sapientes,
1420 3006 1571 3062 stulti
1621 3006 1748 3059 facti
1794 3016 1939 3059 sunt.
1976 3003 2039 3057 Et

1961 322 2284 381 ORIGENIS

2108 448 2149 501 Α
2184 442 2275 491 καὶ
2350 439 2453 491 ὑπὸ
2524 436 2870 509 σοφισμάτων
2949 436 3344 509 ἠπατημένοις·

3597 319 3705 378 1016

3427 438 3512 493 διὰ
3580 443 3708 499 τοῦτο

2182 531 2420 600 ἀμαθίαν
2471 529 2678 600 εἴποιμι
2734 529 2929 600 μᾶλλον
2980 530 3012 601 ἢ
3070 531 3258 600 σοφίαν
3303 534 3357 585 ὲν
3403 536 3511 598 τοῖς
3564 535 3707 589 τοιού-

2176 640 2304 684 τοις.

2248 713 2400 767 Μετά
2422 712 2594 765 ταῦτα
2617 713 2775 766 πάλιν
2798 712 3204 786 λοιδορεῖταιτῷ
3229 718 3573 788 πρεσϐεύοντι
3597 721 3705 791 Χρι-

2177 806 2515 875 στιανισμὸν·
2578 808 2669 859 καὶ
2721 808 3078 876 ἀποφαίνεται
3133 809 3231 880 μὲν
3276 811 3403 880 περὶ
3446 811 3600 865 αὑτοῦ
3642 814 3703 879 ὡς

2177 914 2195 944 ‹
2230 895 2640 964 καταγέλαστα
2690 915 2707 947 ι
2771 896 3072 962 διεξιόντος,
3116 900 3215 953 οὐκ
3258 901 3594 954 ἀποδείκνυσι
3635 903 3701 968 δὲ,

2169 988 2286 1040 οὐδὲ
2318 988 2561 1060 ἐναργῶς
2592 986 2914 1059 παρίστησιν
2949 990 2985 1044 ἆ
3018 1009 3178 1063 φησιν
3230 989 3370 1045 εἶναι
3426 1012 3444 1045 ι
3492 996 3701 1065 καταγέ-

2166 1084 2381 1133 λαστα.
2423 1100 2441 1131 ι
2484 1082 2593 1134 Καὶ
2633 1082 3051 1155 λοιδορούμενος,
3102 1104 3121 1135 ι
3172 1086 3373 1139 Οὐδένα
3407 1087 3695 1158 φρόνιμον»

2168 1174 2302 1243 φησὶ
2347 1191 2365 1223 ι
2401 1173 2676 1227 πείθεσθαι
2714 1175 2792 1245 τῷ
2833 1176 2992 1246 λόγῳ,
3030 1176 3442 1248 περισπώμενος
3479 1178 3585 1251 (86)
3614 1180 3700 1234 ὑπὸ

2164 1263 2256 1316 τοῦ
2292 1263 2525 1336 πλήθους
2554 1265 2659 1318 τῶν
2682 1267 3126 1338 προσερχομένων
3155 1268 3321 1337 αὐτῷ.
3362 1288 3379 1319 ι
3416 1270 3625 1341 Ὅμοιον
3650 1273 3696 1325 δὲ

2167 1355 2260 1407 καὶ
2288 1356 2345 1405 ὲν
2372 1354 2542 1426 τούτῳ
2572 1358 2713 1409 ποιεῖ
2738 1357 2994 1425 φάσκοντι
3018 1357 3106 1410 διά
3133 1359 3192 1411 τὸ
3222 1359 3423 1431 πλῆθος
3445 1362 3552 1414 τῶν
3579 1364 3697 1417 κατά

2160 1444 2284 1506 τοὺς
2315 1444 2509 1514 νόμους
2542 1445 2819 1516 ἀγομένων
2852 1446 3089 1510 ἰδιωτῶν,
3124 1448 3203 1500 ὅτι
3232 1449 3489 1520 φρόνιμος
3525 1452 3693 1518 οὐδεὶς,

2161 1536 2280 1606 φέρ’
2329 1536 2521 1595 εἰπεῖν,
2559 1536 2774 1600 Σόλωνι,
2815 1538 2847 1609 ἢ
2894 1538 3189 1609 Λυκούργῳ
3234 1540 3498 1607 πείθεται,
3544 1541 3695 1611 ἢΖα-

2160 1626 2352 1698 λεύκῳ,
2396 1629 2429 1699 ἦ
2471 1646 2574 1681 τινι
2615 1629 2721 1681 τῶν
2752 1629 2984 1683 λοιπῶν·
3019 1632 3111 1684 καὶ
3144 1632 3374 1702 μάλιστα
3406 1632 3500 1685 ὲάν
3532 1635 3693 1706 φρόνι-
3732 1640 3733 1643 “

2161 1735 2258 1787 μον
2297 1718 2545 1793 λαμϐάνῃ
2580 1720 2672 1774 τὸν
2716 1723 2835 1773 κατ’
2878 1722 3074 1793 ἀρετὴν
3115 1723 3283 1777 ποιόν.
3348 1724 3435 1787 Ὠς
3476 1725 3578 1795 γάρ
3614 1726 3691 1779 ὲπί

2155 1810 2377 1874 τούτων,
2405 1812 2545 1865 κατά
2566 1814 2626 1865 τὸ
2657 1814 2819 1882 φανὲν
2845 1814 3025 1877 αὐτοῖς
3047 1816 3335 1885 χρήσιμον,
3360 1818 3407 1868 οἰ
3432 1816 3688 1886 νομοθέται

2159 1905 2482 1975 πεποιήκασι
2504 1907 2563 1959 τὸ
2586 1905 2804 1979 τοιαύτῃ
2827 1905 3016 1977 ἀγωγῇ
3046 1906 3153 1977 (87)
3185 1908 3379 1971 αὐτοὺς
3407 1908 3689 1979 περιόαλεῖν

2154 1993 2248 2045 καὶ
2275 1994 2475 2064 νόμοις,
2505 1994 2643 2047 οὕτω
2670 1994 2969 2064 νομοθετῶν
2996 1996 3053 2047 ἐν
3084 1996 3160 2067 τῷ
3196 1997 3369 2068 Ἰησοῦ
3398 1999 3426 2050 ὁ
3449 1999 3573 2063 Θεὸς
3591 2003 3687 2064 τοίς

2154 2086 2421 2155 πανταχοῦ
2459 2086 2778 2158 ἀνθρώποις,
2820 2087 2911 2139 καὶ
2951 2088 3077 2152 τοὺς
3127 2089 3199 2160 μὴ
3240 2092 3531 2162 φρονίμους
3562 2093 3682 2160 ἄγει,

2151 2176 2226 2239 ὠς
2257 2173 2366 2229 οἷόν
2398 2177 2455 2229 τέ
2482 2180 2625 2230 ἐστιν
2668 2178 2892 2246 ἄγεσθαι
2920 2179 3044 2242 τοὺς
3078 2181 3351 2245 τοιούτους
3384 2184 3474 2235 ἐπὶ
3504 2184 3560 2235 τὸ
3584 2183 3684 2252 βέλ-

2148 2283 2281 2321 τιον.
2314 2270 2508 2341 Ὅπερ,
2539 2270 2612 2334 ὡς
2634 2271 2726 2323 καὶ
2752 2273 2808 2322 ὲν
2830 2274 2939 2335 τοῖς
2964 2272 3215 2342 ἀνωτέρω
3242 2276 3557 2347 εἰρήκαμεν,
3584 2279 3684 2331 ἐπι-

2150 2361 2410 2430 στάμενος
2436 2362 2463 2413 ὁ
2493 2362 2549 2415 ὲν
2579 2363 2799 2415 Μωῦσεῑ
2823 2362 2972 2427 Θεὸς,
3006 2363 3149 2432 λέγει
3182 2365 3264 2427 τὸ,
3299 2385 3317 2416 ι
3351 2367 3511 2419 Αὐτοὶ
3540 2384 3681 2438 παρε-

2148 2451 2392 2521 ζήλωσάν
2425 2469 2489 2521 με
2520 2452 2604 2503 ἐπ’
2628 2452 2685 2504 οὐ
2719 2452 2855 2523 Θεῷ,
2898 2454 3251 2526 παρώργισάν
3288 2474 3355 2527 με
3400 2460 3456 2510 ὲν
3485 2463 3587 2521 τοῖς
3614 2462 3679 2510 εἰη

2144 2542 2331 2605 δώλοις
2369 2543 2577 2595 αὐτῶν
2625 2542 2779 2611 κάγὼ
2816 2545 3192 2617 παραζηλώσω
3240 2546 3439 2613 αὐτοὺς
3481 2550 3561 2602 ἐπ’
3596 2552 3679 2601 οὐκ

2146 2634 2305 2699 ἔθνει,
2332 2636 2419 2686 ἐπ’
2450 2634 2591 2687 ἔθνει
2627 2635 2869 2706 ἀσυνέτῳ
2912 2638 3192 2708 παροργιῶ
3232 2639 3445 2703 αύτούς.
3488 2660 3506 2691 ι
3536 2641 3677 2705 Εἰδὼς

2143 2726 2201 2778 δὲ
2234 2726 2326 2777 καὶ
2352 2726 2378 2777 ὁ
2412 2724 2621 2787 Παῦλος
2654 2719 2793 2777 εἷπε·
2833 2743 2851 2775 «ι
2880 2725 2959 2777 Τὰ
2990 2726 3144 2797 μωρά
3171 2728 3264 2780 τοῦ
3293 2729 3493 2799 κόσμου
3524 2728 3675 2794 ἐξελέ-

2144 2815 2270 2882 ξατο
2300 2818 2328 2869 ὁ
2356 2816 2485 2879 Θεὸς
2516 2816 2645 2886 (88),
2678 2817 2763 2869 ἵνα
2784 2818 3112 2891 καταισχύνῃ
3144 2821 3268 2883 τοὺς
3292 2822 3483 2888 σοφούς
3504 2837 3516 2851 ⁸
3555 2840 3572 2872 ι
3605 2838 3675 2873 σο-

2144 2908 2276 2976 φοὺς
2318 2907 2620 2978 κοινότερον
2659 2906 2829 2974 λέγων
2859 2908 3063 2971 πάντας
3090 2910 3214 2972 τοὺς
3247 2910 3532 2974 δοκοῦντας
3562 2928 3675 2981 προ-

2142 3000 2431 3069 6ε6ηκέναι
2461 3000 2559 3070 μὲν
2587 3001 2644 3051 ἐν
2684 3000 3016 3071 μαθήμασιν,
3050 3002 3513 3066 ἀποπεπτωκότας
3536 3002 3586 3055 δὲ
3608 3004 3673 3064 εἰς

481 3100 829 3147 mutaverunt
859 3093 1084 3164 gloriam
1114 3096 1545 3166 iucorruptibilis
1575 3096 1667 3150 Dei
1702 3095 1755 3149 in
1792 3095 2039 3149 similitu-

2148 3093 2237 3163 τὴν
2270 3092 2425 3147 ἄθεον
2458 3091 2820 3161 πολυθεὸτητα
2839 3108 2851 3121 θ
2885 3093 3005 3144 ἐπε)¹
3031 3093 3328 3161 φάσκοντες
3356 3091 3493 3147 εἶναι
3523 3094 3670 3162 σοφοὶ,

477 3184 656 3239 dinem
687 3183 938 3257 imaginis
958 3187 1331 3257 corruptibilis
1352 3189 1611 3256 hominis,
1649 3196 1703 3243 et
1732 3187 2031 3250 volucrum.

476 3288 531 3332 et
560 3278 994 3347 quadrupedum,
1022 3289 1076 3333 et
1110 3283 1438 3350 serpentium
1466 3283 1536 3335 ¹¹.
1565 3299 1585 3333 ι

544 3451 636 3508 74.
693 3453 959 3508 Prmterca
1022 3455 1347 3509 criminatur
1408 3466 1656 3512 nostrum
1718 3458 2034 3528 doctorem,

480 3561 499 3595 ι
537 3544 682 3612 quod
719 3544 937 3599 insanos
983 3556 1210 3614 quaerat.
1251 3564 1269 3598 ι
1304 3547 1384 3601 Ad
1433 3547 1585 3600 illum
1618 3563 1719 3619 ego
1754 3550 1985 3605 dixerim
2017 3572 2030 3607 :

470 3635 747 3703 Quosnam
777 3639 993 3691 tandem
1025 3638 1243 3692 insanos
1272 3639 1479 3693 vocas?
1511 3638 1646 3694 Nam
1682 3640 1726 3695 si
1760 3657 1875 3695 rem
1910 3643 2034 3697 dili-

474 3731 668 3787 genter
707 3724 1006 3789 scrutaris;
1053 3739 1211 3779 nemo
1261 3725 1457 3790 malus,
1493 3728 1623 3795 quin
1668 3729 1891 3785 insanus
1936 3733 2029 3786 sit.

468 3808 635 3881 Igitur
663 3812 709 3866 si
742 3812 840 3865 tibi
874 3814 1048 3867 insani
1080 3826 1207 3868 sunt
1242 3814 1415 3879 mali,
1474 3826 1528 3870 tu
1559 3818 1676 3886 ipse
1704 3836 1825 3874 cum
1854 3822 2031 3876 homi-

469 3916 569 3956 nes
597 3905 663 3957 ad
685 3904 1077 3973 philosophiam
1103 3905 1339 3969 adducis,
1364 3916 1517 3962 utros
1536 3911 1803 3969 adducere
1824 3917 2027 3979 studes,

469 3994 642 4049 malos
669 4011 735 4048 an
775 3996 971 4064 probos
999 3997 1024 4050 ἲ
1053 3997 1170 4052 Non
1218 3999 1352 4054 istos
1380 4010 1528 4055 certe
1562 4013 1753 4071 potes:
1798 4005 2029 4076 jampri-

466 4086 589 4141 dem
624 4087 768 4140 euim
813 4094 937 4140 sunt
979 4088 1329 4159 philosophi;
1355 4106 1484 4162 ergo
1515 4094 1703 4149 malos.
1748 4096 1802 4151 Si
1836 4100 2026 4167 malos,

464 4177 741 4245 improbos
796 4178 981 4248 igitur.
1012 4179 1176 4247 Atqui
1219 4182 1419 4237 multos
1463 4183 1726 4252 ejusmodi
1754 4189 1819 4242 ad
1850 4191 2026 4261 philo-

462 4270 708 4337 sophiam
739 4270 940 4339 quaeris
970 4272 1314 4328 adducendos
1341 4291 1355 4328 :
1386 4281 1586 4345 quzeris
1623 4294 1752 4350 ergo
1782 4282 2023 4337 insanos.

457 4359 571 4429 Ego
596 4377 747 4425 vero,
782 4366 997 4418 tametsi
1023 4365 1208 4437 τως
1253 4367 1470 4424 insanos
1516 4370 1617 4425 hoc
1665 4388 1825 4428 sensu
1873 4390 2023 4446 quae-

2139 3183 2529 3255 ὲμωράνθησαν
2572 3184 2666 3235 καὶ
2696 3181 2931 3252 ἦλλαξαν
2965 3181 3060 3252 τὴν
3094 3182 3249 3247 δόξαν
3290 3183 3385 3236 τοῦ
3424 3183 3671 3253 ἀφθάρτου

2139 3274 2271 3327 Θεοῦ
2312 3273 2421 3343 (89)
2463 3274 2520 3325 ὲν
2553 3272 2851 3343 ὁμοιώματι
2888 3272 3089 3336 εἰκόνος
3124 3273 3358 3344 φθαρτοῦ
3392 3273 3669 3347 ἀνθρώπου,

2139 3366 2233 3419 καὶ
2268 3364 2545 3426 πετεινῶν,
2574 3366 2666 3417 καὶ
2694 3364 3054 3434 τετραπόδων,
3084 3365 3177 3417 καὶ
3203 3365 3464 3437 ἑρπετῶν.
3498 3386 3514 3416 ι

2220 3457 2467 3525 Ἐγκαλεῖ
2496 3458 2551 3509 δὲ
2579 3456 2655 3527 τῷ
2686 3457 3003 3519 διδάσκοντι,
3027 3459 3119 3511 καὶ
3152 3477 3171 3509 ι
3209 3459 3284 3521 ὡς
3318 3460 3566 3528 ἀνοήτως
3589 3456 3668 3525 ζη-

2136 3549 2334 3603 τοῦντι.
2386 3568 2402 3601 ι
2452 3549 2593 3621 Ηρὸς
2636 3549 2693 3601 ὃν
2730 3548 2972 3618 εἴποιμεν
3009 3549 3108 3603 ἀν·
3158 3550 3320 3613 Τίνας
3351 3550 3523 3617 λέγεις
3561 3548 3666 3611 τοὺς

2137 3646 2425 3715 ἀνοήτους;
2455 3642 2611 3696 Κατά
2644 3642 2752 3713 γὰρ
2777 3643 2837 3695 τὸ
2873 3643 3115 3714 ἀκριϐὲς,
3155 3646 3263 3707 πᾶς
3298 3644 3495 3711 φαῦλος
3532 3640 3668 3711 ἀνόη-

2134 3736 2224 3798 τός
2250 3737 2413 3786 ἐστιν.
2438 3733 2499 3785 Εἰ
2522 3732 2695 3785 τοίνυν
2711 3731 2887 3798 λέγεις
2903 3732 3153 3801 ἀνοήτους
3168 3733 3293 3794 τοὺς
3314 3731 3558 3800 φαύλους,
3576 3725 3665 3797 ἆρα

2136 3825 2222 3888 σὺ,
2266 3822 2552 3894 προσάγων
2584 3818 2895 3890 ἀνθρώπους
2935 3818 3237 3888 φιλοσοφίᾳ,
3261 3818 3491 3885 φαύλους
3510 3814 3663 3883 ζητεῖς

2134 3915 2426 3987 προσάγειν
2473 3913 2506 3981 ἢ
2539 3912 2814 3975 ἀστείους;
2863 3909 2997 3962 Ἀλλ’
3044 3910 3142 3979 οὐχ
3173 3905 3283 3962 οἶόν
3333 3925 3393 3960 τε
3422 3906 3660 3966 ἀστείους,

2133 4009 2233 4079 ἤδη
2272 4006 2379 4077 γὰρ
2421 4003 2881 4074 πεφιλοσοφήκασι
2902 4020 2915 4033 ·
2951 4001 3182 4071 φαύλους
3216 4002 3357 4073 ἄρα’
3387 4003 3433 4052 εἰ
3457 3999 3511 4052 δὲ
3541 3996 3658 4065 φαύ-

2130 4095 2275 4157 λους,
2307 4092 2583 4163 ἀνοήτους.
2610 4092 2721 4144 Καὶ
2748 4089 2930 4160 ζητεῖς
2956 4090 3180 4151 πολλοὺς
3201 4091 3490 4160 προσάγειν
3514 4084 3662 4140 πιού-

2126 4202 2254 4247 τους
2277 4182 2576 4252 φιλοσοφίαν
2592 4181 2685 4234 καὶ
2703 4181 2764 4232 σὺ
2782 4182 2887 4251 ἄρα
2903 4180 3025 4242 τοὺς
3041 4180 3299 4249 ἀνοήτους
3317 4180 3511 4248 ζητεῖς.
3541 4174 3661 4243 Ἐγὼ

2126 4277 2183 4330 δὲ
2214 4276 2314 4329 κᾶν
2342 4278 2465 4338 τοὺς
2493 4273 2633 4327 οῦτω
2670 4272 2992 4343 λεγομένους
3021 4272 3275 4341 ἀνοήτους
3309 4270 3472 4340 ζητῶ,
3502 4270 3659 4338 ὅμοιον

2128 4368 2285 4432 ποιῶ,
2338 4368 2411 4431 ὡς
2454 4368 2502 4419 εἰ
2546 4365 2639 4419 καὶ
2686 4364 3057 4435 φιλάνθρωπος
3107 4362 3287 4432 ἰατρὸς
3340 4363 3511 4435 ἐζήτει
3552 4359 3657 4419 τοὺς

460 4468 602 4518 ram,
646 4464 756 4509 tum
789 4465 965 4511 tamen
1001 4461 1210 4513 medico
1237 4475 1353 4513 sum
1399 4461 1595 4516 similis
1635 4465 1724 4533 qui
1768 4480 1878 4534 pra:
1921 4483 2019 4520 sua

2148 4463 2451 4532 ιάμνοντας,
2476 4459 2539 4511 ἵν’
2568 4460 2746 4521 αὐτοῖς
2766 4456 3096 4528 προσαγάγοι
3115 4456 3221 4524 (90)
3247 4455 3317 4508 τά
3345 4456 3654 4526 βοηθήματα,

454 4544 794 4603 humanitate
816 4563 990 4619 aegros
1023 4554 1373 4621 conquireret
1402 4554 1598 4622 quibus
1625 4556 1902 4610 adhiberet
1933 4574 2020 4611 re-

455 4639 657 4701 media,
697 4641 893 4709 quibus
923 4645 1066 4697 vires
1116 4644 1445 4700 restitueret.
1480 4646 1573 4699 Sin
1621 4647 1842 4702 insanos
1871 4649 2020 4703 dicas

455 4730 641 4783 tardos
680 4741 736 4786 et
778 4732 1057 4786 hominum
1080 4734 1480 4803 stupidissimos
1500 4775 1516 4799 ,
1564 4736 1763 4801 fateor,
1791 4738 1872 4791 vel
1903 4738 2021 4793 illos

454 4822 669 4883 studeo,
700 4823 877 4890 quoad
915 4838 1164 4891 possum,
1197 4826 1425 4880 reddere
1453 4825 1725 4890 meliores,
1759 4830 1853 4881 sed
1896 4828 2019 4882 nolo

452 4923 517 4960 ex
558 4910 665 4962 illis
708 4911 1144 4967 Christianorum
1199 4928 1453 4971 constare
1491 4918 1825 4972 societatem.
1856 4918 2016 4986 Qua:-

451 5001 595 5056 siero
626 5003 805 5070 potius
830 5004 1282 5073 intelligentiores
1310 5010 1711 5078 acutioresque,
1735 5010 1824 5079 qui
1849 5011 2013 5082 aenig-

454 5100 655 5145 matum
703 5092 1206 5163 interpretationem
1261 5114 1479 5167 capere,
1521 5110 1575 5155 et
1627 5115 1746 5169 qua:
1790 5101 1842 5154 in
1878 5101 2017 5172 lege.

2127 4555 2220 4607 καὶ
2250 4554 2395 4623 ρώσῃ
2424 4551 2635 4615 αὐτούς.
2671 4551 2733 4602 Εἰ
2772 4550 2817 4603 δ’
2851 4551 3105 4620 ἀνοήτους
3135 4548 3311 4617 λέγεις
3335 4550 3456 4612 τοὺς
3497 4546 3563 4617 μὴ
3585 4546 3655 4597 ὲν-

2123 4647 2356 4717 τρεχεῖς,
2399 4642 2534 4697 ἀλλά
2556 4640 3048 4713 τερατωδεστέρους
3077 4639 3183 4712 (91)
3223 4640 3331 4693 τῶν
3363 4639 3648 4712 ἀνθρώπων,

2127 4734 2522 4808 ἀποκρινοῦμαί
2564 4752 2666 4799 σοι,
2706 4735 2785 4786 ὅτι
2815 4733 2909 4786 κα)⁸
2952 4732 3159 4796 τούτοις
3201 4734 3298 4804 μὲν
3336 4732 3469 4786 κατά
3498 4733 3552 4783 τὸ
3575 4731 3651 4782 δυ-

2124 4829 2282 4883 νατὸν
2329 4826 2567 4898 βελτιοῦν
2600 4825 2897 4895 πειρῶμαι,
2928 4824 2987 4877 οὐ
3027 4824 3130 4895 μὴν
3167 4826 3231 4877 ὲκ
3259 4824 3460 4878 τούτων
3496 4820 3653 4892 βούλου

2125 4940 2224 4993 μαι
2272 4919 2535 4989 συστῆσαι
2571 4916 2633 4970 τὸ
2666 4915 3005 4989 Χριστιανῶν
3050 4916 3341 4987 ἄθροισμα.
3386 4914 3531 4986 Ζητῶ
3560 4911 3649 4981 γὰρ

2123 5011 2322 5083 μᾶλλον
2368 5012 2493 5075 τοὺς
2537 5010 2981 5080 ὲντρεχεστέρους
3012 5008 3104 5061 καὶ
3143 5007 3444 5080 ὀξυτέρους,
3475 5006 3543 5069 ὡς
3575 5003 3652 5055 δυ-

2121 5121 2184 5155 να
2192 5103 2385 5173 μένους
2416 5100 2889 5174 παρακολουθῆσαι
2913 5102 2978 5172 τῇ
3006 5102 3271 5174 σαφηνείᾳ
3292 5101 3398 5155 τῶν
3419 5094 3648 5168 αἰνιγμάο

522 5189 564 5219 ¹⁹
589 5190 801 5245 Deuler.
841 5192 1128 5257 xxxnﬁi.
1204 5195 1248 5225 '°
1280 5184 1444 5250 ltior.
1471 5195 1626 5261 1,27.
1704 5197 1747 5227 ¹¹
1778 5196 1933 5250 Rom.
1962 5213 2004 5261 1,
2027 5196 2115 5251 22.

519 5282 631 5366 (86)
670 5284 1141 5356 Περισπώμενος.
1176 5290 1528 5345 Scribe-udum
1578 5291 1808 5355 videtur,
1861 5310 2013 5364 περι-

448 5368 567 5421 σπω
574 5370 749 5421 μενον.

498 5418 626 5500 ea
668 5423 979 5500 Phi'qcalia.
1005 5426 1267 5500 διαγωγῇ-

519 5494 630 5568 (88)
670 5495 821 5568 Apud
841 5494 1245 5568 _ll(_escbelium"
1273 5509 1327 5551 et
1389 5499 1721 5568 Spencerum
1776 5501 1927 5558 deest
1975 5502 2006 5554 δ

446 5560 733 5640 0365,50»th
752 5564 804 5640 in
841 5564 1128 5640 Philocalia
1156 5579 1208 5622 cl
1242 5584 1370 5625 mss.
1400 5560 1684 5640 reperitur.

512 5635 629 5703 (89)
650 5634 964 5716 ⁸Ρςιίἰξιςιιηιι
995 5646 1054 5716 et
1082 5634 1492 5716 ὀρθ-γηραιοί,
1525 5640 1757 5716 ἢλλαξαν
1793 5642 1890 5716 τῂν
1920 5642 2004 5696 δό-

447 5712 540 5782 ξαν
584 5701 679 5782 τοῦ
706 5703 985 5782 ἀφθάρτου
1004 5706 1170 5782 seps.
1197 5707 1252 5762 In
1290 5710 1454 5782 Regio
1480 5701 1870 5777 a'Basi'leensi'.
1907 5728 2006 5782 pro

444 5771 698 5845 ἠλλαξαν,
736 5771 928 5846 legitur
968 5776 1281 5847 ἠλλάξαντο.
1333 5780 1386 5834 In
1424 5780 1571 5835 libris
1605 5793 1780 5837 autem
1850 5771 2005 5839 antea

2120 5289 2281 5345 editis
2313 5286 2462 5341 deest
2487 5284 2780 5355 ἀφθάρτου.

2194 5360 2305 5429 (90)
2346 5346 2657 5429 Philocalia',
2690 5353 2934 5425 ἐπιζητεῖ
2972 5354 3096 5416 τοὺς
3128 5353 3444 5425 κάμνοντας,
3476 5350 3537 5405 ἵν’
3561 5346 3644 5403 αὖ·

2118 5433 2231 5504 τοῖε
2251 5428 2599 5504 ,πρρσσξιέξγῖι
2766 5495 2789 5504 -
2915 5493 2927 5504 .
3124 5494 3215 5504 Α.
3421 5493 3430 5504 -

2182 5489 2316 5567 (91)¹
2341 5489 3089 5567 Ἀᾅλὰτὲρατωδεοήτέρουᾳ
3118 5494 3309 5550 Guieto
3332 5489 3638 5567 scribendum

2113 5565 2339 5627 videtur,
2368 5565 2503 5621 ἀλλά
2549 5565 3017 5637 καταδεεστέρους.
3052 5568 3116 5618 Et
3144 5581 3272 5637 sane
3314 5566 3393 5627 τὸ,
3428 5573 3639 5637 τερατω-

2110 5638 2410 5709 δεστέρους,
2441 5639 2525 5709 ltic
2554 5637 2754 5709 nullum
2780 5629 3154 5709 habet-locum.
3184 5629 3503 5709 Pauloiufra
3532 5629 3638 5709 Phi:

2114 5696 2322 5773 localia,
2347 5696 2411 5760 ὲκ
2436 5696 2543 5759 τῶν
2574 5704 2827 5776 τοιούτων
2860 5703 3137 5776 βούλομαι,
3172 5718 3221 5761 et
3252 5706 3409 5776 paulo
3445 5709 3549 5772 post
3570 5696 3633 5766 τῇ

2116 5777 2383 5849 ἀσφαλείᾳ
2416 5776 2521 5830 τῶν
2552 5774 2905 5842 αἰνιγμάτων.
