  <div class='ocr_page' id='page_1' title='image "/cluster/home/n/w/nwhite01/storage/ocr_20150623/11/hvd.32044024345175/515.png"; bbox 0 0 3852 6418; ppageno 0'>
   <div class='ocr_carea' id='block_1_1' title="bbox 490 333 627 389">
    <p class='ocr_par' dir='ltr' id='par_1_1' title="bbox 490 333 627 389">
     <span class='ocr_line' id='line_1_1' title="bbox 490 333 627 389; baseline 0 -1"><span class='ocrx_word' id='word_1_1' title='bbox 490 333 627 389; x_wconf 68' lang='grc'><strong>1019</strong></span> 
     </span>
    </p>
   </div>
   <div class='ocr_carea' id='block_1_2' title="bbox 1933 329 2256 388">
    <p class='ocr_par' dir='ltr' id='par_1_2' title="bbox 1933 329 2256 388">
     <span class='ocr_line' id='line_1_2' title="bbox 1933 329 2256 388; baseline -0.006 0"><span class='ocrx_word' id='word_1_2' title='bbox 1933 331 2092 388; x_wconf 79' lang='grc' dir='ltr'><strong>οῐιιο</strong></span> <span class='ocrx_word' id='word_1_3' title='bbox 2100 329 2256 386; x_wconf 70' lang='lat' dir='ltr'><strong>ENIS</strong></span> 
     </span>
    </p>
   </div>
   <div class='ocr_carea' id='block_1_3' title="bbox 3580 319 3699 376">
    <p class='ocr_par' dir='ltr' id='par_1_3' title="bbox 3580 319 3699 376">
     <span class='ocr_line' id='line_1_3' title="bbox 3580 319 3699 376; baseline 0.034 -4"><span class='ocrx_word' id='word_1_4' title='bbox 3580 319 3699 376; x_wconf 65' lang='grc' dir='ltr'><strong>ιοοο</strong></span> 
     </span>
    </p>
   </div>
   <div class='ocr_carea' id='block_1_4' title="bbox 491 439 2059 523">
    <p class='ocr_par' dir='ltr' id='par_1_4' title="bbox 491 448 2059 523">
     <span class='ocr_line' id='line_1_4' title="bbox 491 448 2059 523; baseline 0.003 -21"><span class='ocrx_word' id='word_1_5' title='bbox 491 448 699 503; x_wconf 81' lang='lat' dir='ltr'><strong>inioum</strong></span> <span class='ocrx_word' id='word_1_6' title='bbox 731 465 904 522; x_wconf 79' lang='lat' dir='ltr'><strong>genus</strong></span> <span class='ocrx_word' id='word_1_7' title='bbox 950 466 1112 506; x_wconf 90' lang='lat' dir='ltr'><strong>omne</strong></span> <span class='ocrx_word' id='word_1_8' title='bbox 1141 453 1468 508; x_wconf 85' lang='lat' dir='ltr'><strong>documenta</strong></span> <span class='ocrx_word' id='word_1_9' title='bbox 1500 456 1908 523; x_wconf 74' lang='lat' dir='ltr'><strong>spargerentur.</strong></span> <span class='ocrx_word' id='word_1_10' title='bbox 1947 451 2059 507; x_wconf 80' lang='lat' dir='ltr'><strong>Etsi</strong></span> 
     </span>
    </p>
   </div>
   <div class='ocr_carea' id='block_1_5' title="bbox 2165 439 3698 523">
    <p class='ocr_par' dir='ltr' id='par_1_5' title="bbox 2166 439 3698 518">
     <span class='ocr_line' id='line_1_5' title="bbox 2166 439 3698 518; baseline -0.006 -14"><span class='ocrx_word' id='word_1_11' title='bbox 2166 450 2260 504; x_wconf 76' lang='grc' dir='ltr'><strong>καὶ</strong></span> <span class='ocrx_word' id='word_1_12' title='bbox 2305 445 2490 518; x_wconf 74' lang='grc' dir='ltr'><strong>ψυχῶν</strong></span> <span class='ocrx_word' id='word_1_13' title='bbox 2538 445 2831 517; x_wconf 86' lang='grc' dir='ltr'><strong>μαθήματα</strong></span> <span class='ocrx_word' id='word_1_14' title='bbox 2874 441 2984 513; x_wconf 87' lang='lat'><strong>(99)</strong></span> <span class='ocrx_word' id='word_1_15' title='bbox 3033 441 3460 513; x_wconf 73' lang='grc' dir='ltr'><strong>οἰκονομήσαντα</strong></span> <span class='ocrx_word' id='word_1_16' title='bbox 3497 439 3698 495; x_wconf 77' lang='grc' dir='ltr'><strong>ἐπισπο-</strong></span> 
     </span>
    </p>
   </div>
   <div class='ocr_carea' id='block_1_6' title="bbox 486 541 2059 614">
    <p class='ocr_par' dir='ltr' id='par_1_6' title="bbox 486 541 2059 614">
     <span class='ocr_line' id='line_1_6' title="bbox 486 541 2059 614; baseline 0.004 -23"><span class='ocrx_word' id='word_1_17' title='bbox 486 553 747 610; x_wconf 62' lang='grc' dir='ltr'><strong>ιιγωιρωο</strong></span> <span class='ocrx_word' id='word_1_18' title='bbox 786 541 1051 596; x_wconf 78' lang='lat' dir='ltr'><strong>medicam</strong></span> <span class='ocrx_word' id='word_1_19' title='bbox 1093 543 1201 598; x_wconf 88' lang='lat' dir='ltr'><strong>illis</strong></span> <span class='ocrx_word' id='word_1_20' title='bbox 1229 559 1385 614; x_wconf 86' lang='lat' dir='ltr'><strong>opem</strong></span> <span class='ocrx_word' id='word_1_21' title='bbox 1421 541 1710 599; x_wconf 62' lang='lat' dir='ltr'><strong>aderamus</strong></span> <span class='ocrx_word' id='word_1_22' title='bbox 1742 544 1831 613; x_wconf 91' lang='lat' dir='ltr'><strong>qui</strong></span> <span class='ocrx_word' id='word_1_23' title='bbox 1877 559 1908 596; x_wconf 90' lang='lat' dir='ltr'><strong>a</strong></span> <span class='ocrx_word' id='word_1_24' title='bbox 1943 559 2059 598; x_wconf 87' lang='lat' dir='ltr'><strong>me-</strong></span> 
     </span>
    </p>
   </div>
   <div class='ocr_carea' id='block_1_7' title="bbox 486 633 2062 704">
    <p class='ocr_par' dir='ltr' id='par_1_7' title="bbox 486 633 2062 704">
     <span class='ocr_line' id='line_1_7' title="bbox 486 633 2062 704; baseline 0.004 -22"><span class='ocrx_word' id='word_1_25' title='bbox 486 633 627 686; x_wconf 84' lang='lat' dir='ltr'><strong>dicis</strong></span> <span class='ocrx_word' id='word_1_26' title='bbox 656 642 904 685; x_wconf 90' lang='lat' dir='ltr'><strong>naturam</strong></span> <span class='ocrx_word' id='word_1_27' title='bbox 939 633 1167 688; x_wconf 92' lang='lat' dir='ltr'><strong>rationis</strong></span> <span class='ocrx_word' id='word_1_28' title='bbox 1197 644 1539 704; x_wconf 91' lang='lat' dir='ltr'><strong>compotem,</strong></span> <span class='ocrx_word' id='word_1_29' title='bbox 1564 635 1724 689; x_wconf 91' lang='lat' dir='ltr'><strong>modo</strong></span> <span class='ocrx_word' id='word_1_30' title='bbox 1763 635 1816 687; x_wconf 93' lang='lat' dir='ltr'><strong>in</strong></span> <span class='ocrx_word' id='word_1_31' title='bbox 1849 636 2062 689; x_wconf 91' lang='lat' dir='ltr'><strong>ratione</strong></span> 
     </span>
    </p>
   </div>
   <div class='ocr_carea' id='block_1_8' title="bbox 493 725 2061 794">
    <p class='ocr_par' dir='ltr' id='par_1_8' title="bbox 493 725 2061 794">
     <span class='ocr_line' id='line_1_8' title="bbox 493 725 2061 794; baseline 0.003 -19"><span class='ocrx_word' id='word_1_32' title='bbox 493 737 733 789; x_wconf 79' lang='lat' dir='ltr'><strong>cassam,</strong></span> <span class='ocrx_word' id='word_1_33' title='bbox 777 725 938 777; x_wconf 86' lang='lat' dir='ltr'><strong>modo</strong></span> <span class='ocrx_word' id='word_1_34' title='bbox 986 725 1038 777; x_wconf 91' lang='lat' dir='ltr'><strong>in</strong></span> <span class='ocrx_word' id='word_1_35' title='bbox 1082 726 1376 794; x_wconf 82' lang='lat' dir='ltr'><strong>imaginum</strong></span> <span class='ocrx_word' id='word_1_36' title='bbox 1417 725 1631 780; x_wconf 74' lang='lat' dir='ltr'><strong>artifice</strong></span> <span class='ocrx_word' id='word_1_37' title='bbox 1676 725 1936 780; x_wconf 82' lang='lat' dir='ltr'><strong>facultate</strong></span> <span class='ocrx_word' id='word_1_38' title='bbox 1965 742 2061 780; x_wconf 88' lang='lat' dir='ltr'><strong>ca-</strong></span> 
     </span>
    </p>
   </div>
   <div class='ocr_carea' id='block_1_9' title="bbox 485 817 2058 887">
    <p class='ocr_par' dir='ltr' id='par_1_9' title="bbox 485 817 2058 887">
     <span class='ocr_line' id='line_1_9' title="bbox 485 817 2058 887; baseline 0.003 -18"><span class='ocrx_word' id='word_1_39' title='bbox 485 824 692 869; x_wconf 87' lang='lat' dir='ltr'><strong>rentem</strong></span> <span class='ocrx_word' id='word_1_40' title='bbox 731 817 1120 887; x_wconf 82' lang='lat' dir='ltr'><strong>relegantibus,</strong></span> <span class='ocrx_word' id='word_1_41' title='bbox 1145 818 1336 872; x_wconf 84' lang='lat' dir='ltr'><strong>insana</strong></span> <span class='ocrx_word' id='word_1_42' title='bbox 1370 819 1462 872; x_wconf 87' lang='lat' dir='ltr'><strong>illa</strong></span> <span class='ocrx_word' id='word_1_43' title='bbox 1495 821 1796 874; x_wconf 88' lang='lat' dir='ltr'><strong>animarum</strong></span> <span class='ocrx_word' id='word_1_44' title='bbox 1833 821 1882 873; x_wconf 92' lang='lat' dir='ltr'><strong>in</strong></span> <span class='ocrx_word' id='word_1_45' title='bbox 1911 820 2058 873; x_wconf 87' lang='lat' dir='ltr'><strong>varia</strong></span> 
     </span>
    </p>
   </div>
   <div class='ocr_carea' id='block_1_10' title="bbox 485 908 2058 977">
    <p class='ocr_par' dir='ltr' id='par_1_10' title="bbox 485 908 2058 977">
     <span class='ocr_line' id='line_1_10' title="bbox 485 908 2058 977; baseline 0.004 -21"><span class='ocrx_word' id='word_1_46' title='bbox 485 918 714 972; x_wconf 86' lang='lat' dir='ltr'><strong>corpora</strong></span> <span class='ocrx_word' id='word_1_47' title='bbox 755 908 1262 976; x_wconf 77' lang='lat' dir='ltr'><strong>transmigrationis</strong></span> <span class='ocrx_word' id='word_1_48' title='bbox 1307 909 1564 977; x_wconf 86' lang='lat' dir='ltr'><strong>opinione</strong></span> <span class='ocrx_word' id='word_1_49' title='bbox 1610 909 1856 963; x_wconf 76' lang='lat' dir='ltr'><strong>infatuati</strong></span> <span class='ocrx_word' id='word_1_50' title='bbox 1890 919 2058 974; x_wconf 89' lang='lat' dir='ltr'><strong>sunt;</strong></span> 
     </span>
    </p>
   </div>
   <div class='ocr_carea' id='block_1_11' title="bbox 494 998 2063 1066">
    <p class='ocr_par' dir='ltr' id='par_1_11' title="bbox 494 998 2063 1066">
     <span class='ocr_line' id='line_1_11' title="bbox 494 998 2063 1066; baseline 0.004 -17"><span class='ocrx_word' id='word_1_51' title='bbox 494 1011 674 1050; x_wconf 88' lang='lat' dir='ltr'><strong>annon</strong></span> <span class='ocrx_word' id='word_1_52' title='bbox 706 998 904 1052; x_wconf 68' lang='lat' dir='ltr'><strong>animae</strong></span> <span class='ocrx_word' id='word_1_53' title='bbox 933 1014 1124 1054; x_wconf 90' lang='lat' dir='ltr'><strong>eorum</strong></span> <span class='ocrx_word' id='word_1_54' title='bbox 1171 1000 1472 1056; x_wconf 88' lang='lat' dir='ltr'><strong>redduntur</strong></span> <span class='ocrx_word' id='word_1_55' title='bbox 1506 1001 1782 1066; x_wconf 83' lang='lat' dir='ltr'><strong>meliores,</strong></span> <span class='ocrx_word' id='word_1_56' title='bbox 1825 1017 1947 1054; x_wconf 89' lang='lat' dir='ltr'><strong>cum</strong></span> <span class='ocrx_word' id='word_1_57' title='bbox 1980 1002 2063 1056; x_wconf 91' lang='lat' dir='ltr'><strong>eis</strong></span> 
     </span>
    </p>
   </div>
   <div class='ocr_carea' id='block_1_12' title="bbox 487 1090 2064 1162">
    <p class='ocr_par' dir='ltr' id='par_1_12' title="bbox 487 1090 2064 1162">
     <span class='ocr_line' id='line_1_12' title="bbox 487 1090 2064 1162; baseline 0.005 -24"><span class='ocrx_word' id='word_1_58' title='bbox 487 1090 903 1155; x_wconf 79' lang='lat' dir='ltr'><strong>persuademus,</strong></span> <span class='ocrx_word' id='word_1_59' title='bbox 938 1106 1045 1146; x_wconf 93' lang='lat' dir='ltr'><strong>non</strong></span> <span class='ocrx_word' id='word_1_60' title='bbox 1083 1108 1248 1146; x_wconf 83' lang='lat' dir='ltr'><strong>sensu</strong></span> <span class='ocrx_word' id='word_1_61' title='bbox 1280 1103 1332 1148; x_wconf 91' lang='lat' dir='ltr'><strong>et</strong></span> <span class='ocrx_word' id='word_1_62' title='bbox 1379 1095 1591 1149; x_wconf 92' lang='lat' dir='ltr'><strong>ratione</strong></span> <span class='ocrx_word' id='word_1_63' title='bbox 1629 1093 1826 1162; x_wconf 83' lang='lat' dir='ltr'><strong>privari</strong></span> <span class='ocrx_word' id='word_1_64' title='bbox 1864 1093 2064 1160; x_wconf 88' lang='lat' dir='ltr'><strong>impro-</strong></span> 
     </span>
    </p>
   </div>
   <div class='ocr_carea' id='block_1_13' title="bbox 483 1179 2058 1254">
    <p class='ocr_par' dir='ltr' id='par_1_13' title="bbox 483 1179 2058 1254">
     <span class='ocr_line' id='line_1_13' title="bbox 483 1179 2058 1254; baseline 0.003 -19"><span class='ocrx_word' id='word_1_65' title='bbox 483 1179 611 1235; x_wconf 86' lang='lat' dir='ltr'><strong>bum</strong></span> <span class='ocrx_word' id='word_1_66' title='bbox 638 1197 760 1233; x_wconf 68' lang='lat' dir='ltr'><strong>cum</strong></span> <span class='ocrx_word' id='word_1_67' title='bbox 788 1184 1050 1250; x_wconf 87' lang='lat' dir='ltr'><strong>punitur;</strong></span> <span class='ocrx_word' id='word_1_68' title='bbox 1089 1185 1182 1238; x_wconf 91' lang='lat' dir='ltr'><strong>sed</strong></span> <span class='ocrx_word' id='word_1_69' title='bbox 1207 1186 1387 1254; x_wconf 82' lang='lat' dir='ltr'><strong>potius</strong></span> <span class='ocrx_word' id='word_1_70' title='bbox 1412 1185 1623 1240; x_wconf 87' lang='lat' dir='ltr'><strong>labores</strong></span> <span class='ocrx_word' id='word_1_71' title='bbox 1657 1203 1688 1240; x_wconf 88' lang='lat' dir='ltr'><strong>a</strong></span> <span class='ocrx_word' id='word_1_72' title='bbox 1720 1187 1827 1240; x_wconf 88' lang='lat' dir='ltr'><strong>Deo</strong></span> <span class='ocrx_word' id='word_1_73' title='bbox 1879 1187 2058 1252; x_wconf 74' lang='lat' dir='ltr'><strong>injun-</strong></span> 
     </span>
    </p>
   </div>
   <div class='ocr_carea' id='block_1_14' title="bbox 482 1274 2062 1346">
    <p class='ocr_par' dir='ltr' id='par_1_14' title="bbox 482 1274 2062 1346">
     <span class='ocr_line' id='line_1_14' title="bbox 482 1274 2062 1346; baseline 0.003 -21"><span class='ocrx_word' id='word_1_74' title='bbox 482 1285 602 1326; x_wconf 79' lang='lat' dir='ltr'><strong>t-tos</strong></span> <span class='ocrx_word' id='word_1_75' title='bbox 636 1288 934 1342; x_wconf 68' lang='lat' dir='ltr'><strong>pmnasque</strong></span> <span class='ocrx_word' id='word_1_76' title='bbox 963 1274 1198 1330; x_wconf 45' lang='lat' dir='ltr'><strong>inﬂictas</strong></span> <span class='ocrx_word' id='word_1_77' title='bbox 1230 1278 1511 1346; x_wconf 85' lang='lat' dir='ltr'><strong>improbis,</strong></span> <span class='ocrx_word' id='word_1_78' title='bbox 1536 1292 1654 1330; x_wconf 86' lang='lat' dir='ltr'><strong>esse</strong></span> <span class='ocrx_word' id='word_1_79' title='bbox 1686 1277 1920 1331; x_wconf 85' lang='lat' dir='ltr'><strong>remedia</strong></span> <span class='ocrx_word' id='word_1_80' title='bbox 1941 1276 2062 1345; x_wconf 92' lang='lat' dir='ltr'><strong>qui-</strong></span> 
     </span>
    </p>
   </div>
   <div class='ocr_carea' id='block_1_15' title="bbox 482 1362 2060 1420">
    <p class='ocr_par' dir='ltr' id='par_1_15' title="bbox 482 1362 2060 1420">
     <span class='ocr_line' id='line_1_15' title="bbox 482 1362 2060 1420; baseline 0.002 -3"><span class='ocrx_word' id='word_1_81' title='bbox 482 1362 585 1418; x_wconf 84' lang='lat' dir='ltr'><strong>bus</strong></span> <span class='ocrx_word' id='word_1_82' title='bbox 643 1365 710 1417; x_wconf 83' lang='lat' dir='ltr'><strong>ad</strong></span> <span class='ocrx_word' id='word_1_83' title='bbox 771 1364 921 1418; x_wconf 86' lang='lat' dir='ltr'><strong>illum</strong></span> <span class='ocrx_word' id='word_1_84' title='bbox 981 1366 1252 1419; x_wconf 76' lang='lat' dir='ltr'><strong>emendati</strong></span> <span class='ocrx_word' id='word_1_85' title='bbox 1306 1366 1695 1420; x_wconf 78' lang='lat' dir='ltr'><strong>revertantur?</strong></span> <span class='ocrx_word' id='word_1_86' title='bbox 1743 1367 1864 1420; x_wconf 71' lang='lat' dir='ltr'><strong>Ilzcc</strong></span> <span class='ocrx_word' id='word_1_87' title='bbox 1915 1367 2060 1420; x_wconf 88' lang='lat' dir='ltr'><strong>enim</strong></span> 
     </span>
    </p>
   </div>
   <div class='ocr_carea' id='block_1_16' title="bbox 483 1455 2062 1526">
    <p class='ocr_par' dir='ltr' id='par_1_16' title="bbox 483 1455 2062 1526">
     <span class='ocr_line' id='line_1_16' title="bbox 483 1455 2062 1526; baseline 0.003 -19"><span class='ocrx_word' id='word_1_88' title='bbox 483 1455 783 1522; x_wconf 81' lang='lat' dir='ltr'><strong>prudentes</strong></span> <span class='ocrx_word' id='word_1_89' title='bbox 815 1455 1108 1510; x_wconf 81' lang='lat' dir='ltr'><strong>Christiani</strong></span> <span class='ocrx_word' id='word_1_90' title='bbox 1149 1458 1430 1526; x_wconf 80' lang='lat' dir='ltr'><strong>cogitant;</strong></span> <span class='ocrx_word' id='word_1_91' title='bbox 1469 1458 1554 1513; x_wconf 89' lang='lat' dir='ltr'><strong>his</strong></span> <span class='ocrx_word' id='word_1_92' title='bbox 1584 1458 1966 1526; x_wconf 83' lang='lat' dir='ltr'><strong>simpliciores,</strong></span> <span class='ocrx_word' id='word_1_93' title='bbox 2003 1466 2062 1512; x_wconf 92' lang='lat' dir='ltr'><strong>ut</strong></span> 
     </span>
    </p>
   </div>
   <div class='ocr_carea' id='block_1_17' title="bbox 485 1546 2060 1619">
    <p class='ocr_par' dir='ltr' id='par_1_17' title="bbox 485 1546 2060 1619">
     <span class='ocr_line' id='line_1_17' title="bbox 485 1546 2060 1619; baseline 0.001 -19"><span class='ocrx_word' id='word_1_94' title='bbox 485 1559 668 1614; x_wconf 69' lang='lat' dir='ltr'><strong>patres</strong></span> <span class='ocrx_word' id='word_1_95' title='bbox 693 1546 972 1615; x_wconf 88' lang='lat' dir='ltr'><strong>parvulos,</strong></span> <span class='ocrx_word' id='word_1_96' title='bbox 1008 1547 1287 1603; x_wconf 80' lang='lat' dir='ltr'><strong>erudiunt.</strong></span> <span class='ocrx_word' id='word_1_97' title='bbox 1322 1547 1435 1602; x_wconf 83' lang='lat' dir='ltr'><strong>Non</strong></span> <span class='ocrx_word' id='word_1_98' title='bbox 1470 1551 1636 1619; x_wconf 82' lang='lat' dir='ltr'><strong>igitur</strong></span> <span class='ocrx_word' id='word_1_99' title='bbox 1665 1549 1925 1618; x_wconf 85' lang='lat' dir='ltr'><strong>parvulis,</strong></span> <span class='ocrx_word' id='word_1_100' title='bbox 1956 1564 2060 1604; x_wconf 87' lang='lat' dir='ltr'><strong>non</strong></span> 
     </span>
    </p>
   </div>
   <div class='ocr_carea' id='block_1_18' title="bbox 486 1637 2063 1704">
    <p class='ocr_par' dir='ltr' id='par_1_18' title="bbox 486 1637 2063 1704">
     <span class='ocr_line' id='line_1_18' title="bbox 486 1637 2063 1704; baseline 0.003 -14"><span class='ocrx_word' id='word_1_101' title='bbox 486 1637 728 1704; x_wconf 84' lang='lat' dir='ltr'><strong>rusticis,</strong></span> <span class='ocrx_word' id='word_1_102' title='bbox 759 1654 861 1692; x_wconf 92' lang='lat' dir='ltr'><strong>non</strong></span> <span class='ocrx_word' id='word_1_103' title='bbox 897 1638 1062 1693; x_wconf 77' lang='lat' dir='ltr'><strong>fatuis</strong></span> <span class='ocrx_word' id='word_1_104' title='bbox 1095 1652 1344 1694; x_wconf 83' lang='lat' dir='ltr'><strong>auctores</strong></span> <span class='ocrx_word' id='word_1_105' title='bbox 1374 1655 1584 1704; x_wconf 88' lang='lat' dir='ltr'><strong>smnus,</strong></span> <span class='ocrx_word' id='word_1_106' title='bbox 1623 1650 1681 1694; x_wconf 90' lang='lat' dir='ltr'><strong>ut</strong></span> <span class='ocrx_word' id='word_1_107' title='bbox 1710 1643 1948 1696; x_wconf 88' lang='lat' dir='ltr'><strong>medicos</strong></span> <span class='ocrx_word' id='word_1_108' title='bbox 1980 1642 2063 1694; x_wconf 84' lang='lat' dir='ltr'><strong>fu-</strong></span> 
     </span>
    </p>
   </div>
   <div class='ocr_carea' id='block_1_19' title="bbox 486 1731 2058 1801">
    <p class='ocr_par' dir='ltr' id='par_1_19' title="bbox 486 1731 2058 1801">
     <span class='ocr_line' id='line_1_19' title="bbox 486 1731 2058 1801; baseline 0.003 -19"><span class='ocrx_word' id='word_1_109' title='bbox 486 1732 642 1800; x_wconf 75' lang='lat' dir='ltr'><strong>giant</strong></span> <span class='ocrx_word' id='word_1_110' title='bbox 672 1748 686 1784; x_wconf 88' lang='lat'><strong>:</strong></span> <span class='ocrx_word' id='word_1_111' title='bbox 713 1746 820 1785; x_wconf 90' lang='lat' dir='ltr'><strong>non</strong></span> <span class='ocrx_word' id='word_1_112' title='bbox 861 1731 966 1786; x_wconf 87' lang='lat' dir='ltr'><strong>illis</strong></span> <span class='ocrx_word' id='word_1_113' title='bbox 993 1731 1262 1786; x_wconf 85' lang='lat' dir='ltr'><strong>dicimus:</strong></span> <span class='ocrx_word' id='word_1_114' title='bbox 1300 1751 1318 1783; x_wconf 77' lang='grc' dir='ltr'><strong>ι</strong></span> <span class='ocrx_word' id='word_1_115' title='bbox 1356 1733 1555 1787; x_wconf 83' lang='lat' dir='ltr'><strong>Cavete</strong></span> <span class='ocrx_word' id='word_1_116' title='bbox 1575 1749 1642 1786; x_wconf 88' lang='lat' dir='ltr'><strong>ne</strong></span> <span class='ocrx_word' id='word_1_117' title='bbox 1673 1734 1794 1801; x_wconf 91' lang='lat' dir='ltr'><strong>quis</strong></span> <span class='ocrx_word' id='word_1_118' title='bbox 1823 1745 2058 1788; x_wconf 89' lang='lat' dir='ltr'><strong>vestrum</strong></span> 
     </span>
    </p>
   </div>
   <div class='ocr_carea' id='block_1_20' title="bbox 2165 531 3700 612">
    <p class='ocr_par' dir='ltr' id='par_1_20' title="bbox 2165 531 3700 612">
     <span class='ocr_line' id='line_1_20' title="bbox 2165 531 3700 612; baseline -0.007 -17"><span class='ocrx_word' id='word_1_119' title='bbox 2165 541 2321 612; x_wconf 86' lang='grc' dir='ltr'><strong>ρῆναι</strong></span> <span class='ocrx_word' id='word_1_120' title='bbox 2354 539 2460 610; x_wconf 83' lang='grc' dir='ltr'><strong>ὅλῳ</strong></span> <span class='ocrx_word' id='word_1_121' title='bbox 2487 537 2564 608; x_wconf 82' lang='grc' dir='ltr'><strong>τῷ</strong></span> <span class='ocrx_word' id='word_1_122' title='bbox 2585 537 2693 590; x_wconf 84' lang='grc' dir='ltr'><strong>τῶν</strong></span> <span class='ocrx_word' id='word_1_123' title='bbox 2726 535 3025 606; x_wconf 82' lang='grc' dir='ltr'><strong>ἀνθρώπων</strong></span> <span class='ocrx_word' id='word_1_124' title='bbox 3052 533 3235 603; x_wconf 83' lang='grc' dir='ltr'><strong>γένει;</strong></span> <span class='ocrx_word' id='word_1_125' title='bbox 3287 531 3442 584; x_wconf 83' lang='grc' dir='ltr'><strong>Ἀλλά</strong></span> <span class='ocrx_word' id='word_1_126' title='bbox 3469 531 3562 584; x_wconf 78' lang='grc' dir='ltr'><strong>κᾶν</strong></span> <span class='ocrx_word' id='word_1_127' title='bbox 3591 533 3700 600; x_wconf 77' lang='grc' dir='ltr'><strong>τοὺς</strong></span> 
     </span>
    </p>
   </div>
   <div class='ocr_carea' id='block_1_21' title="bbox 2162 622 3700 699">
    <p class='ocr_par' dir='ltr' id='par_1_21' title="bbox 2162 622 3700 699">
     <span class='ocr_line' id='line_1_21' title="bbox 2162 622 3700 699; baseline -0.004 -14"><span class='ocrx_word' id='word_1_128' title='bbox 2162 630 2499 693; x_wconf 83' lang='grc' dir='ltr'><strong>πεπονθότας</strong></span> <span class='ocrx_word' id='word_1_129' title='bbox 2531 628 2629 699; x_wconf 84' lang='grc' dir='ltr'><strong>τὴν</strong></span> <span class='ocrx_word' id='word_1_130' title='bbox 2664 628 2789 698; x_wconf 73' lang='grc' dir='ltr'><strong>περὶ</strong></span> <span class='ocrx_word' id='word_1_131' title='bbox 2830 627 2929 697; x_wconf 82' lang='grc' dir='ltr'><strong>τῆς</strong></span> <span class='ocrx_word' id='word_1_132' title='bbox 2975 622 3508 696; x_wconf 85' lang='grc' dir='ltr'><strong>μετενσωματώσεως</strong></span> <span class='ocrx_word' id='word_1_133' title='bbox 3543 624 3700 680; x_wconf 76' lang='grc' dir='ltr'><strong>ἄνοιαν</strong></span> 
     </span>
    </p>
   </div>
   <div class='ocr_carea' id='block_1_22' title="bbox 2161 714 3698 792">
    <p class='ocr_par' dir='ltr' id='par_1_22' title="bbox 2161 714 3698 792">
     <span class='ocr_line' id='line_1_22' title="bbox 2161 714 3698 792; baseline -0.006 -16"><span class='ocrx_word' id='word_1_134' title='bbox 2161 723 2268 777; x_wconf 84' lang='grc' dir='ltr'><strong>ἀπὸ</strong></span> <span class='ocrx_word' id='word_1_135' title='bbox 2313 721 2530 792; x_wconf 83' lang='grc' dir='ltr'><strong>ἰατρῶν,</strong></span> <span class='ocrx_word' id='word_1_136' title='bbox 2563 721 2669 773; x_wconf 76' lang='grc' dir='ltr'><strong>τῶν</strong></span> <span class='ocrx_word' id='word_1_137' title='bbox 2704 717 3175 781; x_wconf 77' lang='grc' dir='ltr'><strong>καταὸιὸαζόντων</strong></span> <span class='ocrx_word' id='word_1_138' title='bbox 3205 716 3304 785; x_wconf 73' lang='grc' dir='ltr'><strong>τὴν</strong></span> <span class='ocrx_word' id='word_1_139' title='bbox 3327 714 3537 784; x_wconf 79' lang='grc' dir='ltr'><strong>λογικὴν</strong></span> <span class='ocrx_word' id='word_1_140' title='bbox 3562 715 3698 782; x_wconf 86' lang='grc' dir='ltr'><strong>φύσιν</strong></span> 
     </span>
    </p>
   </div>
   <div class='ocr_carea' id='block_1_23' title="bbox 2161 806 3696 886">
    <p class='ocr_par' dir='ltr' id='par_1_23' title="bbox 2161 806 3696 886">
     <span class='ocr_line' id='line_1_23' title="bbox 2161 806 3696 886; baseline -0.005 -19"><span class='ocrx_word' id='word_1_141' title='bbox 2161 815 2251 867; x_wconf 85' lang='grc' dir='ltr'><strong>ότέ</strong></span> <span class='ocrx_word' id='word_1_142' title='bbox 2284 815 2382 886; x_wconf 84' lang='grc' dir='ltr'><strong>μὲν</strong></span> <span class='ocrx_word' id='word_1_143' title='bbox 2416 815 2509 866; x_wconf 70' lang='grc' dir='ltr'><strong>ἐπὶ</strong></span> <span class='ocrx_word' id='word_1_144' title='bbox 2545 813 2645 884; x_wconf 83' lang='grc' dir='ltr'><strong>τὴν</strong></span> <span class='ocrx_word' id='word_1_145' title='bbox 2681 811 2870 879; x_wconf 77' lang='grc' dir='ltr'><strong>ἄλογον</strong></span> <span class='ocrx_word' id='word_1_146' title='bbox 2907 811 3106 873; x_wconf 79' lang='grc' dir='ltr'><strong>πᾶσαν,</strong></span> <span class='ocrx_word' id='word_1_147' title='bbox 3150 808 3238 860; x_wconf 82' lang='grc' dir='ltr'><strong>ὁτὲ</strong></span> <span class='ocrx_word' id='word_1_148' title='bbox 3281 807 3337 860; x_wconf 84' lang='grc' dir='ltr'><strong>δέ</strong></span> <span class='ocrx_word' id='word_1_149' title='bbox 3368 808 3459 859; x_wconf 68' lang='grc' dir='ltr'><strong>καλ⁵</strong></span> <span class='ocrx_word' id='word_1_150' title='bbox 3498 806 3580 858; x_wconf 74' lang='grc' dir='ltr'><strong>ἐπὶ</strong></span> <span class='ocrx_word' id='word_1_151' title='bbox 3615 807 3696 878; x_wconf 75' lang='grc' dir='ltr'><strong>τὴν</strong></span> 
     </span>
    </p>
   </div>
   <div class='ocr_carea' id='block_1_24' title="bbox 2160 898 3698 975">
    <p class='ocr_par' dir='ltr' id='par_1_24' title="bbox 2160 898 3698 975">
     <span class='ocr_line' id='line_1_24' title="bbox 2160 898 3698 975; baseline -0.006 -15"><span class='ocrx_word' id='word_1_152' title='bbox 2160 907 2519 975; x_wconf 85' lang='grc' dir='ltr'><strong>ἀφάνταστον,</strong></span> <span class='ocrx_word' id='word_1_153' title='bbox 2542 901 2928 974; x_wconf 88' lang='grc' dir='ltr'><strong>θεραπεύωμεν</strong></span> <span class='ocrx_word' id='word_1_154' title='bbox 2959 901 3056 973; x_wconf 78' lang='lat' dir='ltr'><strong>(l)&#39;</strong></span> <span class='ocrx_word' id='word_1_155' title='bbox 3087 900 3204 964; x_wconf 85' lang='grc' dir='ltr'><strong>πῶς</strong></span> <span class='ocrx_word' id='word_1_156' title='bbox 3234 900 3293 952; x_wconf 79' lang='grc' dir='ltr'><strong>οὐ</strong></span> <span class='ocrx_word' id='word_1_157' title='bbox 3322 898 3580 969; x_wconf 75' lang='grc' dir='ltr'><strong>βελτίονας</strong></span> <span class='ocrx_word' id='word_1_158' title='bbox 3601 904 3698 964; x_wconf 85' lang='grc' dir='ltr'><strong>ταῖς</strong></span> 
     </span>
    </p>
   </div>
   <div class='ocr_carea' id='block_1_25' title="bbox 2160 991 3698 1067">
    <p class='ocr_par' dir='ltr' id='par_1_25' title="bbox 2160 991 3698 1067">
     <span class='ocr_line' id='line_1_25' title="bbox 2160 991 3698 1067; baseline -0.003 -18"><span class='ocrx_word' id='word_1_159' title='bbox 2160 997 2358 1067; x_wconf 70' lang='grc' dir='ltr'><strong>ψυχαῖς</strong></span> <span class='ocrx_word' id='word_1_160' title='bbox 2392 995 2866 1065; x_wconf 89' lang='grc' dir='ltr'><strong>κατασκευάσομεν</strong></span> <span class='ocrx_word' id='word_1_161' title='bbox 2896 993 3022 1056; x_wconf 79' lang='grc' dir='ltr'><strong>τοὺς</strong></span> <span class='ocrx_word' id='word_1_162' title='bbox 3068 991 3422 1063; x_wconf 77' lang='grc' dir='ltr'><strong>πειθομένους</strong></span> <span class='ocrx_word' id='word_1_163' title='bbox 3463 991 3610 1062; x_wconf 84' lang='grc' dir='ltr'><strong>λόγῳ,</strong></span> <span class='ocrx_word' id='word_1_164' title='bbox 3647 992 3698 1044; x_wconf 77' lang='grc' dir='ltr'><strong>οὗ</strong></span> 
     </span>
    </p>
   </div>
   <div class='ocr_carea' id='block_1_26' title="bbox 2159 1083 3699 1159">
    <p class='ocr_par' dir='ltr' id='par_1_26' title="bbox 2159 1083 3699 1159">
     <span class='ocr_line' id='line_1_26' title="bbox 2159 1083 3699 1159; baseline -0.004 -17"><span class='ocrx_word' id='word_1_165' title='bbox 2159 1089 2461 1142; x_wconf 83' lang='grc' dir='ltr'><strong>διδάσκοντι</strong></span> <span class='ocrx_word' id='word_1_166' title='bbox 2495 1088 2592 1159; x_wconf 86' lang='grc' dir='ltr'><strong>μὲν</strong></span> <span class='ocrx_word' id='word_1_167' title='bbox 2616 1089 2673 1141; x_wconf 85' lang='grc' dir='ltr'><strong>ἐν</strong></span> <span class='ocrx_word' id='word_1_168' title='bbox 2713 1087 2986 1150; x_wconf 77' lang='grc' dir='ltr'><strong>κολάσεως</strong></span> <span class='ocrx_word' id='word_1_169' title='bbox 3020 1086 3184 1158; x_wconf 73' lang='grc' dir='ltr'><strong>μοίρᾳ.</strong></span> <span class='ocrx_word' id='word_1_170' title='bbox 3212 1085 3291 1156; x_wconf 79' lang='grc' dir='ltr'><strong>τῷ</strong></span> <span class='ocrx_word' id='word_1_171' title='bbox 3333 1083 3514 1154; x_wconf 80' lang='grc' dir='ltr'>φαύλῳ</span> <span class='ocrx_word' id='word_1_172' title='bbox 3543 1085 3699 1137; x_wconf 84' lang='grc' dir='ltr'><strong>ἀποδι-</strong></span> 
     </span>
    </p>
   </div>
   <div class='ocr_carea' id='block_1_27' title="bbox 2160 1173 3698 1251">
    <p class='ocr_par' dir='ltr' id='par_1_27' title="bbox 2160 1173 3698 1251">
     <span class='ocr_line' id='line_1_27' title="bbox 2160 1173 3698 1251; baseline -0.001 -18"><span class='ocrx_word' id='word_1_173' title='bbox 2160 1180 2345 1234; x_wconf 88' lang='grc' dir='ltr'><strong>δοσθαι</strong></span> <span class='ocrx_word' id='word_1_174' title='bbox 2389 1180 2740 1251; x_wconf 74' lang='grc' dir='ltr'><strong>ἀναισθησίαν</strong></span> <span class='ocrx_word' id='word_1_175' title='bbox 2780 1179 2814 1250; x_wconf 84' lang='grc' dir='ltr'>ἢ</span> <span class='ocrx_word' id='word_1_176' title='bbox 2858 1179 3099 1246; x_wconf 77' lang='grc' dir='ltr'><strong>ἀλογίαν,</strong></span> <span class='ocrx_word' id='word_1_177' title='bbox 3145 1177 3465 1248; x_wconf 87' lang='grc' dir='ltr'><strong>παριστάντι</strong></span> <span class='ocrx_word' id='word_1_178' title='bbox 3497 1177 3548 1228; x_wconf 80' lang='grc' dir='ltr'><strong>δὲ</strong></span> <span class='ocrx_word' id='word_1_179' title='bbox 3585 1173 3698 1232; x_wconf 80' lang='grc' dir='ltr'><strong>εἶναί</strong></span> 
     </span>
    </p>
   </div>
   <div class='ocr_carea' id='block_1_28' title="bbox 2159 1265 3698 1342">
    <p class='ocr_par' dir='ltr' id='par_1_28' title="bbox 2159 1265 3698 1342">
     <span class='ocr_line' id='line_1_28' title="bbox 2159 1265 3698 1342; baseline -0.003 -18"><span class='ocrx_word' id='word_1_180' title='bbox 2159 1288 2280 1324; x_wconf 90' lang='grc' dir='ltr'><strong>τινα</strong></span> <span class='ocrx_word' id='word_1_181' title='bbox 2308 1271 2572 1342; x_wconf 87' lang='grc' dir='ltr'><strong>φάρμακα</strong></span> <span class='ocrx_word' id='word_1_182' title='bbox 2607 1269 3002 1342; x_wconf 81' lang='grc' dir='ltr'><strong>ἐπιστρεπτικά</strong></span> <span class='ocrx_word' id='word_1_183' title='bbox 3025 1269 3149 1330; x_wconf 76' lang='grc' dir='ltr'><strong>τοὺς</strong></span> <span class='ocrx_word' id='word_1_184' title='bbox 3178 1267 3285 1320; x_wconf 82' lang='grc' dir='ltr'><strong>ἀπὸ</strong></span> <span class='ocrx_word' id='word_1_185' title='bbox 3309 1267 3443 1319; x_wconf 88' lang='grc' dir='ltr'><strong>Θεοῦ</strong></span> <span class='ocrx_word' id='word_1_186' title='bbox 3465 1270 3569 1330; x_wconf 84' lang='grc' dir='ltr'><strong>τοῖς</strong></span> <span class='ocrx_word' id='word_1_187' title='bbox 3587 1265 3698 1335; x_wconf 85' lang='grc' dir='ltr'><strong>φαύ-</strong></span> 
     </span>
    </p>
   </div>
   <div class='ocr_carea' id='block_1_29' title="bbox 2159 1357 3697 1433">
    <p class='ocr_par' dir='ltr' id='par_1_29' title="bbox 2159 1357 3697 1433">
     <span class='ocr_line' id='line_1_29' title="bbox 2159 1357 3697 1433; baseline -0.001 -20"><span class='ocrx_word' id='word_1_188' title='bbox 2159 1361 2271 1425; x_wconf 90' lang='grc' dir='ltr'><strong>λοις</strong></span> <span class='ocrx_word' id='word_1_189' title='bbox 2314 1361 2754 1433; x_wconf 83' lang='grc' dir='ltr'><strong>προσαγομένους</strong></span> <span class='ocrx_word' id='word_1_190' title='bbox 2781 1361 2972 1422; x_wconf 82' lang='grc' dir='ltr'><strong>πόνους</strong></span> <span class='ocrx_word' id='word_1_191' title='bbox 3004 1359 3096 1410; x_wconf 68' lang='grc' dir='ltr'><strong>καὶ</strong></span> <span class='ocrx_word' id='word_1_192' title='bbox 3121 1358 3219 1421; x_wconf 78' lang='grc' dir='ltr'><strong>τὰς</strong></span> <span class='ocrx_word' id='word_1_193' title='bbox 3248 1357 3529 1422; x_wconf 85' lang='grc' dir='ltr'><strong>κολάσεις;</strong></span> <span class='ocrx_word' id='word_1_194' title='bbox 3557 1359 3697 1413; x_wconf 76' lang='grc' dir='ltr'><strong>Τοῦτο</strong></span> 
     </span>
    </p>
   </div>
   <div class='ocr_carea' id='block_1_30' title="bbox 2159 1448 3694 1524">
    <p class='ocr_par' dir='ltr' id='par_1_30' title="bbox 2159 1448 3694 1524">
     <span class='ocr_line' id='line_1_30' title="bbox 2159 1448 3694 1524; baseline -0.002 -19"><span class='ocrx_word' id='word_1_195' title='bbox 2159 1453 2268 1522; x_wconf 86' lang='grc' dir='ltr'><strong>γὰρ</strong></span> <span class='ocrx_word' id='word_1_196' title='bbox 2310 1454 2358 1505; x_wconf 86' lang='grc' dir='ltr'><strong>οἱ</strong></span> <span class='ocrx_word' id='word_1_197' title='bbox 2398 1453 2672 1524; x_wconf 82' lang='grc' dir='ltr'><strong>φρονίμως</strong></span> <span class='ocrx_word' id='word_1_198' title='bbox 2706 1451 3019 1522; x_wconf 73' lang='grc' dir='ltr'><strong>Χριστιανοὶ</strong></span> <span class='ocrx_word' id='word_1_199' title='bbox 3059 1448 3259 1514; x_wconf 82' lang='grc' dir='ltr'><strong>ζῶντες</strong></span> <span class='ocrx_word' id='word_1_200' title='bbox 3293 1449 3368 1519; x_wconf 74' lang='lat'><strong>(2)</strong></span> <span class='ocrx_word' id='word_1_201' title='bbox 3414 1449 3694 1519; x_wconf 79' lang='grc' dir='ltr'><strong>φρονοῦντες</strong></span> 
     </span>
    </p>
   </div>
   <div class='ocr_carea' id='block_1_31' title="bbox 2159 1540 3695 1614">
    <p class='ocr_par' dir='ltr' id='par_1_31' title="bbox 2159 1540 3695 1614">
     <span class='ocr_line' id='line_1_31' title="bbox 2159 1540 3695 1614; baseline -0.003 -18"><span class='ocrx_word' id='word_1_202' title='bbox 2159 1544 2501 1614; x_wconf 85' lang='grc' dir='ltr'><strong>οίκονομοῦσι</strong></span> <span class='ocrx_word' id='word_1_203' title='bbox 2536 1545 2662 1607; x_wconf 82' lang='grc' dir='ltr'><strong>τοὺς</strong></span> <span class='ocrx_word' id='word_1_204' title='bbox 2707 1541 3125 1614; x_wconf 81' lang='grc' dir='ltr'><strong>ἁπλουστέρους,</strong></span> <span class='ocrx_word' id='word_1_205' title='bbox 3164 1540 3240 1603; x_wconf 89' lang='grc' dir='ltr'><strong>ώς</strong></span> <span class='ocrx_word' id='word_1_206' title='bbox 3283 1541 3378 1593; x_wconf 71' lang='grc' dir='ltr'><strong>καὶ</strong></span> <span class='ocrx_word' id='word_1_207' title='bbox 3411 1542 3456 1592; x_wconf 86' lang='grc' dir='ltr'><strong>οἱ</strong></span> <span class='ocrx_word' id='word_1_208' title='bbox 3498 1541 3695 1611; x_wconf 78' lang='grc' dir='ltr'><strong>πατέρες</strong></span> 
     </span>
    </p>
   </div>
   <div class='ocr_carea' id='block_1_32' title="bbox 2159 1628 3697 1706">
    <p class='ocr_par' dir='ltr' id='par_1_32' title="bbox 2159 1628 3697 1706">
     <span class='ocr_line' id='line_1_32' title="bbox 2159 1628 3697 1706; baseline -0.002 -17"><span class='ocrx_word' id='word_1_209' title='bbox 2159 1637 2287 1700; x_wconf 78' lang='grc' dir='ltr'><strong>τοὺς</strong></span> <span class='ocrx_word' id='word_1_210' title='bbox 2355 1635 2551 1706; x_wconf 83' lang='grc' dir='ltr'><strong>κομιδῆ</strong></span> <span class='ocrx_word' id='word_1_211' title='bbox 2604 1635 2850 1706; x_wconf 86' lang='grc' dir='ltr'><strong>νηπίους.</strong></span> <span class='ocrx_word' id='word_1_212' title='bbox 2907 1635 2980 1686; x_wconf 75' lang='grc' dir='ltr'><strong>Οὐ</strong></span> <span class='ocrx_word' id='word_1_213' title='bbox 3035 1632 3451 1702; x_wconf 81' lang='grc' dir='ltr'><strong>καταφεύγομεν</strong></span> <span class='ocrx_word' id='word_1_214' title='bbox 3496 1628 3580 1684; x_wconf 81' lang='grc' dir='ltr'><strong>οῦν</strong></span> <span class='ocrx_word' id='word_1_215' title='bbox 3625 1633 3697 1686; x_wconf 79' lang='grc' dir='ltr'><strong>ἐπὶ</strong></span> 
     </span>
    </p>
   </div>
   <div class='ocr_carea' id='block_1_33' title="bbox 2161 1724 3697 1800">
    <p class='ocr_par' dir='ltr' id='par_1_33' title="bbox 2161 1724 3697 1800">
     <span class='ocr_line' id='line_1_33' title="bbox 2161 1724 3697 1800; baseline -0.003 -19"><span class='ocrx_word' id='word_1_216' title='bbox 2161 1729 2386 1800; x_wconf 76' lang='grc' dir='ltr'><strong>νηπίους</strong></span> <span class='ocrx_word' id='word_1_217' title='bbox 2406 1728 2498 1781; x_wconf 74' lang='grc' dir='ltr'><strong>καὶ</strong></span> <span class='ocrx_word' id='word_1_218' title='bbox 2517 1727 2756 1799; x_wconf 71' lang='grc' dir='ltr'><strong>ἠλιθίους</strong></span> <span class='ocrx_word' id='word_1_219' title='bbox 2779 1727 3086 1798; x_wconf 83' lang='grc' dir='ltr'><strong>ἀγροίκους,</strong></span> <span class='ocrx_word' id='word_1_220' title='bbox 3107 1726 3358 1793; x_wconf 84' lang='grc' dir='ltr'><strong>λέγοντες</strong></span> <span class='ocrx_word' id='word_1_221' title='bbox 3380 1726 3570 1788; x_wconf 77' lang='grc' dir='ltr'><strong>αὐτοῖς,</strong></span> <span class='ocrx_word' id='word_1_222' title='bbox 3591 1724 3697 1777; x_wconf 82' lang='grc' dir='ltr'><strong>Φεύ-</strong></span> 
     </span>
    </p>
   </div>
   <div class='ocr_carea' id='block_1_34' title="bbox 486 1807 2059 1890">
    <p class='ocr_par' dir='ltr' id='par_1_34' title="bbox 486 1820 2056 1890">
     <span class='ocr_line' id='line_1_34' title="bbox 486 1820 2056 1890; baseline 0.004 -19"><span class='ocrx_word' id='word_1_223' title='bbox 486 1820 721 1889; x_wconf 80' lang='lat' dir='ltr'><strong>attingat</strong></span> <span class='ocrx_word' id='word_1_224' title='bbox 767 1821 1097 1875; x_wconf 87' lang='lat' dir='ltr'><strong>scientiam:</strong></span> <span class='ocrx_word' id='word_1_225' title='bbox 1141 1839 1162 1873; x_wconf 74' lang='grc' dir='ltr'><strong>ι</strong></span> <span class='ocrx_word' id='word_1_226' title='bbox 1205 1835 1381 1890; x_wconf 88' lang='lat' dir='ltr'><strong>neque</strong></span> <span class='ocrx_word' id='word_1_227' title='bbox 1421 1821 1651 1874; x_wconf 87' lang='lat' dir='ltr'><strong>dicimus</strong></span> <span class='ocrx_word' id='word_1_228' title='bbox 1687 1823 1815 1890; x_wconf 92' lang='lat' dir='ltr'><strong>quid</strong></span> <span class='ocrx_word' id='word_1_229' title='bbox 1856 1823 2056 1878; x_wconf 88' lang='lat' dir='ltr'><strong>malum</strong></span> 
     </span>
    </p>
   </div>
   <div class='ocr_carea' id='block_1_35' title="bbox 2165 1807 3694 1890">
    <p class='ocr_par' dir='ltr' id='par_1_35' title="bbox 2165 1814 3694 1890">
     <span class='ocr_line' id='line_1_35' title="bbox 2165 1814 3694 1890; baseline -0.003 -18"><span class='ocrx_word' id='word_1_230' title='bbox 2165 1837 2283 1888; x_wconf 90' lang='grc' dir='ltr'><strong>γετε</strong></span> <span class='ocrx_word' id='word_1_231' title='bbox 2314 1820 2440 1884; x_wconf 77' lang='grc' dir='ltr'><strong>τοὺς</strong></span> <span class='ocrx_word' id='word_1_232' title='bbox 2482 1819 2716 1890; x_wconf 71' lang='grc' dir='ltr'><strong>ίατρούς⁸</strong></span> <span class='ocrx_word' id='word_1_233' title='bbox 2747 1819 2864 1872; x_wconf 83' lang='grc' dir='ltr'><strong>ούδέ</strong></span> <span class='ocrx_word' id='word_1_234' title='bbox 2891 1818 3143 1888; x_wconf 87' lang='grc' dir='ltr'><strong>λέγομεν,</strong></span> <span class='ocrx_word' id='word_1_235' title='bbox 3191 1835 3208 1868; x_wconf 85' lang='grc' dir='ltr'><strong>ι</strong></span> <span class='ocrx_word' id='word_1_236' title='bbox 3272 1818 3462 1886; x_wconf 80' lang='grc' dir='ltr'><strong>Ὁρᾶτε</strong></span> <span class='ocrx_word' id='word_1_237' title='bbox 3492 1817 3560 1886; x_wconf 82' lang='grc' dir='ltr'><strong>μή</strong></span> <span class='ocrx_word' id='word_1_238' title='bbox 3589 1814 3694 1868; x_wconf 79' lang='grc' dir='ltr'><strong>ποτέ</strong></span> 
     </span>
    </p>
   </div>
   <div class='ocr_carea' id='block_1_36' title="bbox 485 1912 2060 1982">
    <p class='ocr_par' dir='ltr' id='par_1_36' title="bbox 485 1912 2060 1982">
     <span class='ocr_line' id='line_1_36' title="bbox 485 1912 2060 1982; baseline 0.004 -19"><span class='ocrx_word' id='word_1_239' title='bbox 485 1924 608 1965; x_wconf 80' lang='lat' dir='ltr'><strong>esse</strong></span> <span class='ocrx_word' id='word_1_240' title='bbox 634 1912 952 1976; x_wconf 86' lang='lat' dir='ltr'><strong>scientiam;</strong></span> <span class='ocrx_word' id='word_1_241' title='bbox 994 1925 1170 1981; x_wconf 90' lang='lat' dir='ltr'><strong>neque</strong></span> <span class='ocrx_word' id='word_1_242' title='bbox 1215 1928 1281 1966; x_wconf 90' lang='lat' dir='ltr'><strong>eo</strong></span> <span class='ocrx_word' id='word_1_243' title='bbox 1323 1913 1548 1967; x_wconf 73' lang='lat' dir='ltr'><strong>insaniae</strong></span> <span class='ocrx_word' id='word_1_244' title='bbox 1579 1915 1818 1982; x_wconf 83' lang='lat' dir='ltr'><strong>provecti</strong></span> <span class='ocrx_word' id='word_1_245' title='bbox 1852 1929 2060 1981; x_wconf 79' lang='lat' dir='ltr'><strong>smnus,</strong></span> 
     </span>
    </p>
   </div>
   <div class='ocr_carea' id='block_1_37' title="bbox 487 2003 2109 2072">
    <p class='ocr_par' dir='ltr' id='par_1_37' title="bbox 487 2003 2109 2072">
     <span class='ocr_line' id='line_1_37' title="bbox 487 2003 2109 2072; baseline 0.002 -17"><span class='ocrx_word' id='word_1_246' title='bbox 487 2011 548 2055; x_wconf 86' lang='lat' dir='ltr'><strong>ut</strong></span> <span class='ocrx_word' id='word_1_247' title='bbox 581 2003 894 2072; x_wconf 81' lang='lat' dir='ltr'><strong>cognitione</strong></span> <span class='ocrx_word' id='word_1_248' title='bbox 937 2018 1259 2058; x_wconf 87' lang='lat' dir='ltr'><strong>censeamus</strong></span> <span class='ocrx_word' id='word_1_249' title='bbox 1291 2003 1538 2057; x_wconf 85' lang='lat' dir='ltr'><strong>homines</strong></span> <span class='ocrx_word' id='word_1_250' title='bbox 1581 2005 1651 2056; x_wconf 91' lang='lat' dir='ltr'><strong>ab</strong></span> <span class='ocrx_word' id='word_1_251' title='bbox 1685 2006 1880 2059; x_wconf 70' lang='lat' dir='ltr'><strong>animae</strong></span> <span class='ocrx_word' id='word_1_252' title='bbox 1913 2006 2064 2059; x_wconf 89' lang='lat' dir='ltr'><strong>sani-</strong></span> <span class='ocrx_word' id='word_1_253' title='bbox 2101 2016 2109 2032; x_wconf 85' lang='lat'><strong><em>‘</em></strong></span> 
     </span>
    </p>
   </div>
   <div class='ocr_carea' id='block_1_38' title="bbox 486 2095 2062 2166">
    <p class='ocr_par' dir='ltr' id='par_1_38' title="bbox 486 2095 2062 2166">
     <span class='ocr_line' id='line_1_38' title="bbox 486 2095 2062 2166; baseline 0.003 -19"><span class='ocrx_word' id='word_1_254' title='bbox 486 2104 598 2148; x_wconf 87' lang='lat' dir='ltr'><strong>tate</strong></span> <span class='ocrx_word' id='word_1_255' title='bbox 629 2095 892 2148; x_wconf 77' lang='lat' dir='ltr'><strong>removeri</strong></span> <span class='ocrx_word' id='word_1_256' title='bbox 920 2113 935 2162; x_wconf 88' lang='lat'>;</span> <span class='ocrx_word' id='word_1_257' title='bbox 964 2105 1057 2148; x_wconf 89' lang='lat' dir='ltr'><strong>aut</strong></span> <span class='ocrx_word' id='word_1_258' title='bbox 1094 2110 1425 2164; x_wconf 87' lang='lat' dir='ltr'><strong>quemquam</strong></span> <span class='ocrx_word' id='word_1_259' title='bbox 1457 2111 1696 2165; x_wconf 89' lang='lat' dir='ltr'><strong>unquam</strong></span> <span class='ocrx_word' id='word_1_260' title='bbox 1720 2113 1749 2150; x_wconf 89' lang='lat' dir='ltr'><strong>a</strong></span> <span class='ocrx_word' id='word_1_261' title='bbox 1791 2097 2062 2166; x_wconf 80' lang='lat' dir='ltr'><strong>sapientia</strong></span> 
     </span>
    </p>
   </div>
   <div class='ocr_carea' id='block_1_39' title="bbox 487 2184 2062 2255">
    <p class='ocr_par' dir='ltr' id='par_1_39' title="bbox 487 2184 2062 2255">
     <span class='ocr_line' id='line_1_39' title="bbox 487 2184 2062 2255; baseline 0.003 -16"><span class='ocrx_word' id='word_1_262' title='bbox 487 2184 658 2240; x_wconf 80' lang='lat' dir='ltr'><strong>fuisse</strong></span> <span class='ocrx_word' id='word_1_263' title='bbox 681 2187 1056 2255; x_wconf 76' lang='lat' dir='ltr'><strong>depravatum.</strong></span> <span class='ocrx_word' id='word_1_264' title='bbox 1095 2187 1209 2242; x_wconf 77' lang='lat' dir='ltr'><strong>Etsi</strong></span> <span class='ocrx_word' id='word_1_265' title='bbox 1242 2189 1521 2253; x_wconf 86' lang='lat' dir='ltr'><strong>docemus,</strong></span> <span class='ocrx_word' id='word_1_266' title='bbox 1545 2203 1701 2242; x_wconf 82' lang='lat' dir='ltr'><strong>neruo</strong></span> <span class='ocrx_word' id='word_1_267' title='bbox 1732 2197 1910 2243; x_wconf 89' lang='lat' dir='ltr'><strong>tamen</strong></span> <span class='ocrx_word' id='word_1_268' title='bbox 1962 2204 2062 2243; x_wconf 75' lang='lat' dir='ltr'><strong>no-</strong></span> 
     </span>
    </p>
   </div>
   <div class='ocr_carea' id='block_1_40' title="bbox 491 2277 2057 2350">
    <p class='ocr_par' dir='ltr' id='par_1_40' title="bbox 491 2277 2057 2350">
     <span class='ocr_line' id='line_1_40' title="bbox 491 2277 2057 2350; baseline 0.003 -20"><span class='ocrx_word' id='word_1_269' title='bbox 491 2287 670 2330; x_wconf 85' lang='lat' dir='ltr'><strong>strum</strong></span> <span class='ocrx_word' id='word_1_270' title='bbox 743 2278 910 2333; x_wconf 74' lang='lat' dir='ltr'><strong>dixit:</strong></span> <span class='ocrx_word' id='word_1_271' title='bbox 955 2297 975 2330; x_wconf 76' lang='grc' dir='ltr'><strong>ι</strong></span> <span class='ocrx_word' id='word_1_272' title='bbox 1025 2277 1155 2334; x_wconf 83' lang='lat' dir='ltr'><strong>Mihi</strong></span> <span class='ocrx_word' id='word_1_273' title='bbox 1210 2281 1564 2336; x_wconf 78' lang='lat' dir='ltr'><strong>adha-rescite</strong></span> <span class='ocrx_word' id='word_1_274' title='bbox 1606 2295 1673 2333; x_wconf 74' lang='grc' dir='ltr'><strong>ι»</strong></span> <span class='ocrx_word' id='word_1_275' title='bbox 1710 2283 1804 2334; x_wconf 90' lang='lat' dir='ltr'><strong>sed</strong></span> <span class='ocrx_word' id='word_1_276' title='bbox 1856 2281 2057 2350; x_wconf 88' lang='lat' dir='ltr'><strong>potius,</strong></span> 
     </span>
    </p>
   </div>
   <div class='ocr_carea' id='block_1_41' title="bbox 486 2367 2060 2428">
    <p class='ocr_par' dir='ltr' id='par_1_41' title="bbox 486 2367 2060 2428">
     <span class='ocr_line' id='line_1_41' title="bbox 486 2367 2060 2428; baseline 0.005 -8"><span class='ocrx_word' id='word_1_277' title='bbox 486 2367 595 2421; x_wconf 90' lang='lat' dir='ltr'><strong>Deo</strong></span> <span class='ocrx_word' id='word_1_278' title='bbox 627 2383 808 2422; x_wconf 89' lang='lat' dir='ltr'><strong>rerum</strong></span> <span class='ocrx_word' id='word_1_279' title='bbox 835 2370 1077 2424; x_wconf 91' lang='lat' dir='ltr'><strong>omnium</strong></span> <span class='ocrx_word' id='word_1_280' title='bbox 1135 2373 1491 2426; x_wconf 67' lang='lat' dir='ltr'><strong>adhmrescite</strong></span> <span class='ocrx_word' id='word_1_281' title='bbox 1523 2382 1575 2427; x_wconf 88' lang='lat' dir='ltr'><strong>et</strong></span> <span class='ocrx_word' id='word_1_282' title='bbox 1603 2372 1728 2427; x_wconf 87' lang='lat' dir='ltr'><strong>Jesu</strong></span> <span class='ocrx_word' id='word_1_283' title='bbox 1762 2373 1905 2427; x_wconf 90' lang='lat' dir='ltr'><strong>illius</strong></span> <span class='ocrx_word' id='word_1_284' title='bbox 1932 2409 1936 2414; x_wconf 89' lang='lat'><em>-</em></span> <span class='ocrx_word' id='word_1_285' title='bbox 1959 2376 2060 2428; x_wconf 82' lang='lat' dir='ltr'><strong>do-</strong></span> 
     </span>
    </p>
   </div>
   <div class='ocr_carea' id='block_1_42' title="bbox 495 2460 2058 2535">
    <p class='ocr_par' dir='ltr' id='par_1_42' title="bbox 495 2460 2058 2535">
     <span class='ocr_line' id='line_1_42' title="bbox 495 2460 2058 2535; baseline 0.006 -23"><span class='ocrx_word' id='word_1_286' title='bbox 495 2460 692 2514; x_wconf 67' lang='lat' dir='ltr'><strong>ctrina:</strong></span> <span class='ocrx_word' id='word_1_287' title='bbox 720 2461 925 2515; x_wconf 85' lang='lat' dir='ltr'><strong>doctori</strong></span> <span class='ocrx_word' id='word_1_288' title='bbox 953 2480 967 2516; x_wconf 91' lang='lat'><strong>:</strong></span> <span class='ocrx_word' id='word_1_289' title='bbox 1007 2479 1178 2532; x_wconf 88' lang='lat' dir='ltr'><strong>neque</strong></span> <span class='ocrx_word' id='word_1_290' title='bbox 1206 2466 1366 2518; x_wconf 90' lang='lat' dir='ltr'><strong>etiam</strong></span> <span class='ocrx_word' id='word_1_291' title='bbox 1388 2468 1676 2535; x_wconf 87' lang='lat' dir='ltr'><strong>quisquam</strong></span> <span class='ocrx_word' id='word_1_292' title='bbox 1706 2475 1948 2520; x_wconf 81' lang='lat' dir='ltr'><strong>nostrum</strong></span> <span class='ocrx_word' id='word_1_293' title='bbox 1980 2465 2058 2521; x_wconf 85' lang='lat' dir='ltr'><strong>ita</strong></span> 
     </span>
    </p>
   </div>
   <div class='ocr_carea' id='block_1_43' title="bbox 483 2557 2057 2627">
    <p class='ocr_par' dir='ltr' id='par_1_43' title="bbox 483 2557 2057 2627">
     <span class='ocr_line' id='line_1_43' title="bbox 483 2557 2057 2627; baseline 0.004 -20"><span class='ocrx_word' id='word_1_294' title='bbox 483 2562 571 2607; x_wconf 88' lang='lat' dir='ltr'><strong>est</strong></span> <span class='ocrx_word' id='word_1_295' title='bbox 619 2567 909 2622; x_wconf 76' lang='lat' dir='ltr'><strong>arrogans,</strong></span> <span class='ocrx_word' id='word_1_296' title='bbox 949 2565 1004 2609; x_wconf 93' lang='lat' dir='ltr'><strong>ut</strong></span> <span class='ocrx_word' id='word_1_297' title='bbox 1058 2557 1202 2610; x_wconf 85' lang='lat' dir='ltr'><strong>dicat</strong></span> <span class='ocrx_word' id='word_1_298' title='bbox 1239 2558 1428 2624; x_wconf 88' lang='lat' dir='ltr'><strong>sociis,</strong></span> <span class='ocrx_word' id='word_1_299' title='bbox 1465 2560 1608 2627; x_wconf 81' lang='lat' dir='ltr'><strong>quod</strong></span> <span class='ocrx_word' id='word_1_300' title='bbox 1642 2568 1818 2612; x_wconf 88' lang='lat' dir='ltr'><strong>tamen</strong></span> <span class='ocrx_word' id='word_1_301' title='bbox 1859 2559 1950 2612; x_wconf 78' lang='lat' dir='ltr'><strong>ulti</strong></span> <span class='ocrx_word' id='word_1_302' title='bbox 1985 2575 2057 2614; x_wconf 79' lang='lat' dir='ltr'><strong>ex</strong></span> 
     </span>
    </p>
   </div>
   <div class='ocr_carea' id='block_1_44' title="bbox 489 2647 2058 2723">
    <p class='ocr_par' dir='ltr' id='par_1_44' title="bbox 489 2647 2058 2723">
     <span class='ocr_line' id='line_1_44' title="bbox 489 2647 2058 2723; baseline 0.005 -23"><span class='ocrx_word' id='word_1_303' title='bbox 489 2647 695 2703; x_wconf 83' lang='lat' dir='ltr'><strong>nostris</strong></span> <span class='ocrx_word' id='word_1_304' title='bbox 748 2649 1061 2705; x_wconf 85' lang='lat' dir='ltr'><strong>doctoribus</strong></span> <span class='ocrx_word' id='word_1_305' title='bbox 1105 2652 1404 2723; x_wconf 78' lang='lat' dir='ltr'><strong>assignavit</strong></span> <span class='ocrx_word' id='word_1_306' title='bbox 1452 2653 1668 2718; x_wconf 85' lang='lat' dir='ltr'><strong>Celsus,</strong></span> <span class='ocrx_word' id='word_1_307' title='bbox 1713 2671 1731 2705; x_wconf 78' lang='grc' dir='ltr'><strong>ι</strong></span> <span class='ocrx_word' id='word_1_308' title='bbox 1771 2654 1878 2722; x_wconf 85' lang='lat' dir='ltr'><strong>Ego</strong></span> <span class='ocrx_word' id='word_1_309' title='bbox 1907 2654 2058 2708; x_wconf 90' lang='lat' dir='ltr'><strong>solus</strong></span> 
     </span>
    </p>
   </div>
   <div class='ocr_carea' id='block_1_45' title="bbox 482 2739 2056 2813">
    <p class='ocr_par' dir='ltr' id='par_1_45' title="bbox 482 2739 2056 2813">
     <span class='ocr_line' id='line_1_45' title="bbox 482 2739 2056 2813; baseline 0.004 -22"><span class='ocrx_word' id='word_1_310' title='bbox 482 2739 659 2792; x_wconf 87' lang='lat' dir='ltr'><strong>salvos</strong></span> <span class='ocrx_word' id='word_1_311' title='bbox 683 2754 778 2794; x_wconf 90' lang='lat' dir='ltr'><strong>vos</strong></span> <span class='ocrx_word' id='word_1_312' title='bbox 811 2741 1024 2795; x_wconf 75' lang='lat' dir='ltr'><strong>faciam.</strong></span> <span class='ocrx_word' id='word_1_313' title='bbox 1056 2761 1074 2794; x_wconf 85' lang='grc'><strong>›</strong></span> <span class='ocrx_word' id='word_1_314' title='bbox 1115 2743 1246 2797; x_wconf 77' lang='lat' dir='ltr'><strong>Vide</strong></span> <span class='ocrx_word' id='word_1_315' title='bbox 1278 2744 1441 2811; x_wconf 77' lang='lat' dir='ltr'><strong>igitur</strong></span> <span class='ocrx_word' id='word_1_316' title='bbox 1471 2759 1635 2813; x_wconf 88' lang='lat' dir='ltr'><strong>quam</strong></span> <span class='ocrx_word' id='word_1_317' title='bbox 1681 2744 1843 2797; x_wconf 88' lang='lat' dir='ltr'><strong>multa</strong></span> <span class='ocrx_word' id='word_1_318' title='bbox 1867 2752 2056 2797; x_wconf 67' lang='lat' dir='ltr'><strong>contra</strong></span> 
     </span>
    </p>
   </div>
   <div class='ocr_carea' id='block_1_46' title="bbox 485 2833 2053 2904">
    <p class='ocr_par' dir='ltr' id='par_1_46' title="bbox 485 2833 2053 2904">
     <span class='ocr_line' id='line_1_46' title="bbox 485 2833 2053 2904; baseline 0.003 -22"><span class='ocrx_word' id='word_1_319' title='bbox 485 2844 586 2886; x_wconf 78' lang='lat' dir='ltr'><strong>nos</strong></span> <span class='ocrx_word' id='word_1_320' title='bbox 637 2834 951 2886; x_wconf 76' lang='lat' dir='ltr'><strong>mentiatur.</strong></span> <span class='ocrx_word' id='word_1_321' title='bbox 999 2833 1112 2888; x_wconf 87' lang='lat' dir='ltr'><strong>Nec</strong></span> <span class='ocrx_word' id='word_1_322' title='bbox 1151 2850 1387 2904; x_wconf 87' lang='lat' dir='ltr'><strong>unquam</strong></span> <span class='ocrx_word' id='word_1_323' title='bbox 1441 2837 1644 2890; x_wconf 90' lang='lat' dir='ltr'><strong>dictum</strong></span> <span class='ocrx_word' id='word_1_324' title='bbox 1675 2850 1704 2887; x_wconf 89' lang='lat' dir='ltr'><strong>a</strong></span> <span class='ocrx_word' id='word_1_325' title='bbox 1749 2834 1903 2888; x_wconf 75' lang='lat' dir='ltr'><strong>nobis</strong></span> <span class='ocrx_word' id='word_1_326' title='bbox 1947 2842 2053 2900; x_wconf 87' lang='lat' dir='ltr'><strong>est,</strong></span> 
     </span>
    </p>
   </div>
   <div class='ocr_carea' id='block_1_47' title="bbox 487 2925 2056 2996">
    <p class='ocr_par' dir='ltr' id='par_1_47' title="bbox 487 2925 2056 2996">
     <span class='ocr_line' id='line_1_47' title="bbox 487 2925 2056 2996; baseline 0.005 -24"><span class='ocrx_word' id='word_1_327' title='bbox 487 2939 508 2972; x_wconf 75' lang='grc' dir='ltr'><strong>ι</strong></span> <span class='ocrx_word' id='word_1_328' title='bbox 543 2937 572 2974; x_wconf 91' lang='lat' dir='ltr'><strong>a</strong></span> <span class='ocrx_word' id='word_1_329' title='bbox 609 2927 752 2976; x_wconf 73' lang='lat' dir='ltr'><strong>veris</strong></span> <span class='ocrx_word' id='word_1_330' title='bbox 791 2925 1014 2979; x_wconf 82' lang='lat' dir='ltr'><strong>medicis</strong></span> <span class='ocrx_word' id='word_1_331' title='bbox 1064 2926 1296 2981; x_wconf 69' lang='lat' dir='ltr'><strong>intet‘lici</strong></span> <span class='ocrx_word' id='word_1_332' title='bbox 1333 2927 1582 2981; x_wconf 88' lang='lat' dir='ltr'><strong>homines</strong></span> <span class='ocrx_word' id='word_1_333' title='bbox 1621 2926 1816 2996; x_wconf 88' lang='lat' dir='ltr'><strong>quibus</strong></span> <span class='ocrx_word' id='word_1_334' title='bbox 1851 2926 2056 2981; x_wconf 79' lang='lat' dir='ltr'><strong>sanita-</strong></span> 
     </span>
    </p>
   </div>
   <div class='ocr_carea' id='block_1_48' title="bbox 487 3015 1042 3082">
    <p class='ocr_par' dir='ltr' id='par_1_48' title="bbox 487 3015 1042 3082">
     <span class='ocr_line' id='line_1_48' title="bbox 487 3015 1042 3082; baseline 0.005 -17"><span class='ocrx_word' id='word_1_335' title='bbox 487 3024 596 3067; x_wconf 83' lang='lat' dir='ltr'><strong>tem</strong></span> <span class='ocrx_word' id='word_1_336' title='bbox 643 3015 984 3082; x_wconf 85' lang='lat' dir='ltr'><strong>pollicentur.</strong></span> <span class='ocrx_word' id='word_1_337' title='bbox 1022 3035 1042 3068; x_wconf 74' lang='grc' dir='ltr'><strong>ι</strong></span> 
     </span>
    </p>
   </div>
   <div class='ocr_carea' id='block_1_49' title="bbox 557 3103 2050 3179">
    <p class='ocr_par' dir='ltr' id='par_1_49' title="bbox 557 3103 2050 3179">
     <span class='ocr_line' id='line_1_49' title="bbox 557 3103 2050 3179; baseline 0.006 -22"><span class='ocrx_word' id='word_1_338' title='bbox 557 3103 646 3160; x_wconf 83' lang='grc'><strong>76.</strong></span> <span class='ocrx_word' id='word_1_339' title='bbox 674 3108 835 3163; x_wconf 89' lang='lat' dir='ltr'><strong>Aliud</strong></span> <span class='ocrx_word' id='word_1_340' title='bbox 879 3110 1042 3162; x_wconf 89' lang='lat' dir='ltr'><strong>etiam</strong></span> <span class='ocrx_word' id='word_1_341' title='bbox 1090 3118 1278 3164; x_wconf 88' lang='lat' dir='ltr'><strong>contra</strong></span> <span class='ocrx_word' id='word_1_342' title='bbox 1329 3126 1428 3167; x_wconf 90' lang='lat' dir='ltr'><strong>nos</strong></span> <span class='ocrx_word' id='word_1_343' title='bbox 1459 3111 1761 3179; x_wconf 74' lang='lat' dir='ltr'><strong>exemplum</strong></span> <span class='ocrx_word' id='word_1_344' title='bbox 1812 3111 2050 3166; x_wconf 66' lang='lat' dir='ltr'><strong>adhibet.</strong></span> 
     </span>
    </p>
   </div>
   <div class='ocr_carea' id='block_1_50' title="bbox 486 3195 2054 3274">
    <p class='ocr_par' dir='ltr' id='par_1_50' title="bbox 486 3195 2054 3274">
     <span class='ocr_line' id='line_1_50' title="bbox 486 3195 2054 3274; baseline 0.008 -28"><span class='ocrx_word' id='word_1_345' title='bbox 486 3213 510 3246; x_wconf 72' lang='grc' dir='ltr'><strong>«ι</strong></span> <span class='ocrx_word' id='word_1_346' title='bbox 549 3195 695 3252; x_wconf 85' lang='lat' dir='ltr'><strong>ldem</strong></span> <span class='ocrx_word' id='word_1_347' title='bbox 731 3197 884 3265; x_wconf 83' lang='lat' dir='ltr'><strong>facit,</strong></span> <span class='ocrx_word' id='word_1_348' title='bbox 921 3200 1121 3269; x_wconf 91' lang='lat' dir='ltr'><strong>inquit,</strong></span> <span class='ocrx_word' id='word_1_349' title='bbox 1167 3203 1358 3258; x_wconf 85' lang='lat' dir='ltr'><strong>doctor</strong></span> <span class='ocrx_word' id='word_1_350' title='bbox 1388 3203 1528 3258; x_wconf 90' lang='lat' dir='ltr'><strong>inter</strong></span> <span class='ocrx_word' id='word_1_351' title='bbox 1573 3205 1716 3265; x_wconf 90' lang='lat' dir='ltr'><strong>illos,</strong></span> <span class='ocrx_word' id='word_1_352' title='bbox 1756 3220 1819 3258; x_wconf 92' lang='lat' dir='ltr'><strong>ac</strong></span> <span class='ocrx_word' id='word_1_353' title='bbox 1856 3206 1899 3258; x_wconf 90' lang='lat' dir='ltr'><strong>si</strong></span> <span class='ocrx_word' id='word_1_354' title='bbox 1932 3207 2054 3274; x_wconf 83' lang='lat' dir='ltr'><strong>quis</strong></span> 
     </span>
    </p>
   </div>
   <div class='ocr_carea' id='block_1_51' title="bbox 483 3288 2058 3361">
    <p class='ocr_par' dir='ltr' id='par_1_51' title="bbox 483 3288 2058 3361">
     <span class='ocr_line' id='line_1_51' title="bbox 483 3288 2058 3361; baseline 0.007 -20"><span class='ocrx_word' id='word_1_355' title='bbox 483 3288 678 3343; x_wconf 57' lang='lat' dir='ltr'><strong>ebrius</strong></span> <span class='ocrx_word' id='word_1_356' title='bbox 706 3305 959 3346; x_wconf 78' lang='lat' dir='ltr'><strong>verSatus</strong></span> <span class='ocrx_word' id='word_1_357' title='bbox 993 3294 1133 3349; x_wconf 90' lang='lat' dir='ltr'><strong>inter</strong></span> <span class='ocrx_word' id='word_1_358' title='bbox 1178 3297 1379 3361; x_wconf 85' lang='lat' dir='ltr'><strong>ebrios,</strong></span> <span class='ocrx_word' id='word_1_359' title='bbox 1420 3297 1847 3351; x_wconf 86' lang='lat' dir='ltr'><strong>calmnniaretur</strong></span> <span class='ocrx_word' id='word_1_360' title='bbox 1875 3299 2058 3352; x_wconf 83' lang='lat' dir='ltr'><strong>ebrios</strong></span> 
     </span>
    </p>
   </div>
   <div class='ocr_carea' id='block_1_52' title="bbox 482 3382 2060 3459">
    <p class='ocr_par' dir='ltr' id='par_1_52' title="bbox 482 3382 2060 3459">
     <span class='ocr_line' id='line_1_52' title="bbox 482 3382 2060 3459; baseline 0.007 -26"><span class='ocrx_word' id='word_1_361' title='bbox 482 3397 606 3435; x_wconf 77' lang='lat' dir='ltr'><strong>csse</strong></span> <span class='ocrx_word' id='word_1_362' title='bbox 662 3383 752 3451; x_wconf 88' lang='lat' dir='ltr'><strong>qui</strong></span> <span class='ocrx_word' id='word_1_363' title='bbox 808 3382 981 3437; x_wconf 88' lang='lat' dir='ltr'><strong>sobrii</strong></span> <span class='ocrx_word' id='word_1_364' title='bbox 1028 3396 1232 3443; x_wconf 79' lang='lat' dir='ltr'><strong>essent.</strong></span> <span class='ocrx_word' id='word_1_365' title='bbox 1267 3406 1285 3438; x_wconf 74' lang='grc' dir='ltr'><strong>ι</strong></span> <span class='ocrx_word' id='word_1_366' title='bbox 1328 3387 1528 3441; x_wconf 84' lang='lat' dir='ltr'><strong>Probet</strong></span> <span class='ocrx_word' id='word_1_367' title='bbox 1572 3388 1737 3456; x_wconf 81' lang='lat' dir='ltr'><strong>igitur</strong></span> <span class='ocrx_word' id='word_1_368' title='bbox 1775 3406 1805 3441; x_wconf 90' lang='lat' dir='ltr'><strong>e</strong></span> <span class='ocrx_word' id='word_1_369' title='bbox 1841 3390 2060 3459; x_wconf 87' lang='lat' dir='ltr'><strong>scriptis</strong></span> 
     </span>
    </p>
   </div>
   <div class='ocr_carea' id='block_1_53' title="bbox 485 3469 2055 3547">
    <p class='ocr_par' dir='ltr' id='par_1_53' title="bbox 485 3469 2055 3547">
     <span class='ocr_line' id='line_1_53' title="bbox 485 3469 2055 3547; baseline 0.007 -23"><span class='ocrx_word' id='word_1_370' title='bbox 485 3469 660 3534; x_wconf 83' lang='lat' dir='ltr'><strong>Pauli,</strong></span> <span class='ocrx_word' id='word_1_371' title='bbox 713 3474 942 3543; x_wconf 80' lang='lat' dir='ltr'><strong>exempli</strong></span> <span class='ocrx_word' id='word_1_372' title='bbox 1005 3493 1208 3543; x_wconf 87' lang='lat' dir='ltr'><strong>causa,</strong></span> <span class='ocrx_word' id='word_1_373' title='bbox 1258 3479 1405 3532; x_wconf 89' lang='lat' dir='ltr'><strong>hunc</strong></span> <span class='ocrx_word' id='word_1_374' title='bbox 1473 3482 1784 3547; x_wconf 82' lang='lat' dir='ltr'><strong>apostolum</strong></span> <span class='ocrx_word' id='word_1_375' title='bbox 1844 3483 2055 3536; x_wconf 83' lang='lat' dir='ltr'><strong>ebrium</strong></span> 
     </span>
    </p>
   </div>
   <div class='ocr_carea' id='block_1_54' title="bbox 484 3559 2053 3639">
    <p class='ocr_par' dir='ltr' id='par_1_54' title="bbox 484 3559 2053 3639">
     <span class='ocr_line' id='line_1_54' title="bbox 484 3559 2053 3639; baseline 0.008 -26"><span class='ocrx_word' id='word_1_376' title='bbox 484 3559 679 3628; x_wconf 78' lang='lat' dir='ltr'><strong>fuisse,</strong></span> <span class='ocrx_word' id='word_1_377' title='bbox 726 3581 905 3633; x_wconf 88' lang='lat' dir='ltr'><strong>neque</strong></span> <span class='ocrx_word' id='word_1_378' title='bbox 950 3562 1120 3620; x_wconf 88' lang='lat' dir='ltr'><strong>sobrii</strong></span> <span class='ocrx_word' id='word_1_379' title='bbox 1173 3570 1408 3623; x_wconf 87' lang='lat' dir='ltr'><strong>hominis</strong></span> <span class='ocrx_word' id='word_1_380' title='bbox 1453 3569 1621 3623; x_wconf 81' lang='lat' dir='ltr'><strong>fuisse</strong></span> <span class='ocrx_word' id='word_1_381' title='bbox 1667 3586 1787 3639; x_wconf 74' lang='lat' dir='ltr'><strong>quae</strong></span> <span class='ocrx_word' id='word_1_382' title='bbox 1818 3571 2053 3639; x_wconf 77' lang='lat' dir='ltr'><strong>dixerit;</strong></span> 
     </span>
    </p>
   </div>
   <div class='ocr_carea' id='block_1_55' title="bbox 487 3657 2058 3729">
    <p class='ocr_par' dir='ltr' id='par_1_55' title="bbox 487 3657 2058 3729">
     <span class='ocr_line' id='line_1_55' title="bbox 487 3657 2058 3729; baseline 0.01 -24"><span class='ocrx_word' id='word_1_383' title='bbox 487 3664 582 3707; x_wconf 88' lang='lat' dir='ltr'><strong>aut</strong></span> <span class='ocrx_word' id='word_1_384' title='bbox 609 3669 677 3709; x_wconf 84' lang='lat' dir='ltr'><strong>ex</strong></span> <span class='ocrx_word' id='word_1_385' title='bbox 707 3657 774 3710; x_wconf 88' lang='lat' dir='ltr'><strong>iis</strong></span> <span class='ocrx_word' id='word_1_386' title='bbox 795 3673 914 3727; x_wconf 75' lang='lat' dir='ltr'><strong>qua:</strong></span> <span class='ocrx_word' id='word_1_387' title='bbox 935 3659 1158 3727; x_wconf 85' lang='lat' dir='ltr'><strong>scripsit</strong></span> <span class='ocrx_word' id='word_1_388' title='bbox 1181 3659 1438 3725; x_wconf 86' lang='lat' dir='ltr'><strong>Joannes,</strong></span> <span class='ocrx_word' id='word_1_389' title='bbox 1470 3661 1587 3729; x_wconf 80' lang='lat' dir='ltr'><strong>ejus</strong></span> <span class='ocrx_word' id='word_1_390' title='bbox 1620 3665 1924 3717; x_wconf 84' lang='lat' dir='ltr'><strong>sententias</strong></span> <span class='ocrx_word' id='word_1_391' title='bbox 1951 3681 2058 3720; x_wconf 89' lang='lat' dir='ltr'><strong>non</strong></span> 
     </span>
    </p>
   </div>
   <div class='ocr_carea' id='block_1_56' title="bbox 485 3752 2059 3819">
    <p class='ocr_par' dir='ltr' id='par_1_56' title="bbox 485 3752 2059 3819">
     <span class='ocr_line' id='line_1_56' title="bbox 485 3752 2059 3819; baseline 0.01 -20"><span class='ocrx_word' id='word_1_392' title='bbox 485 3761 604 3801; x_wconf 76' lang='lat' dir='ltr'><strong>esse</strong></span> <span class='ocrx_word' id='word_1_393' title='bbox 661 3752 1014 3819; x_wconf 83' lang='lat' dir='ltr'><strong>temperantis</strong></span> <span class='ocrx_word' id='word_1_394' title='bbox 1061 3761 1118 3806; x_wconf 90' lang='lat' dir='ltr'><strong>et</strong></span> <span class='ocrx_word' id='word_1_395' title='bbox 1167 3769 1196 3804; x_wconf 89' lang='lat' dir='ltr'><strong>a</strong></span> <span class='ocrx_word' id='word_1_396' title='bbox 1241 3754 1500 3806; x_wconf 86' lang='lat' dir='ltr'><strong>vitiorum</strong></span> <span class='ocrx_word' id='word_1_397' title='bbox 1555 3756 1824 3809; x_wconf 88' lang='lat' dir='ltr'><strong>ebrietate</strong></span> <span class='ocrx_word' id='word_1_398' title='bbox 1872 3758 2059 3814; x_wconf 90' lang='lat' dir='ltr'><strong>alieni.</strong></span> 
     </span>
    </p>
   </div>
   <div class='ocr_carea' id='block_1_57' title="bbox 491 3837 2059 3916">
    <p class='ocr_par' dir='ltr' id='par_1_57' title="bbox 491 3837 2059 3916">
     <span class='ocr_line' id='line_1_57' title="bbox 491 3837 2059 3916; baseline 0.008 -24"><span class='ocrx_word' id='word_1_399' title='bbox 491 3837 686 3895; x_wconf 83' lang='lat' dir='ltr'><strong>Nullus</strong></span> <span class='ocrx_word' id='word_1_400' title='bbox 720 3843 886 3913; x_wconf 83' lang='lat' dir='ltr'><strong>igitur</strong></span> <span class='ocrx_word' id='word_1_401' title='bbox 914 3843 1242 3899; x_wconf 69' lang='lat' dir='ltr'><strong>Christiana:</strong></span> <span class='ocrx_word' id='word_1_402' title='bbox 1275 3847 1553 3916; x_wconf 80' lang='lat' dir='ltr'><strong>religionis</strong></span> <span class='ocrx_word' id='word_1_403' title='bbox 1589 3848 1784 3901; x_wconf 87' lang='lat' dir='ltr'><strong>doctor</strong></span> <span class='ocrx_word' id='word_1_404' title='bbox 1823 3863 1929 3902; x_wconf 92' lang='lat' dir='ltr'><strong>non</strong></span> <span class='ocrx_word' id='word_1_405' title='bbox 1967 3865 2059 3903; x_wconf 83' lang='lat' dir='ltr'><strong>so-</strong></span> 
     </span>
    </p>
   </div>
   <div class='ocr_carea' id='block_1_58' title="bbox 485 3931 2061 4008">
    <p class='ocr_par' dir='ltr' id='par_1_58' title="bbox 485 3931 2061 4008">
     <span class='ocr_line' id='line_1_58' title="bbox 485 3931 2061 4008; baseline 0.005 -22"><span class='ocrx_word' id='word_1_406' title='bbox 485 3931 640 3986; x_wconf 79' lang='lat' dir='ltr'><strong>brius</strong></span> <span class='ocrx_word' id='word_1_407' title='bbox 669 3946 776 3998; x_wconf 84' lang='lat' dir='ltr'><strong>est,</strong></span> <span class='ocrx_word' id='word_1_408' title='bbox 809 3936 987 3991; x_wconf 90' lang='lat' dir='ltr'><strong>nullus</strong></span> <span class='ocrx_word' id='word_1_409' title='bbox 1025 3939 1308 3993; x_wconf 86' lang='lat' dir='ltr'><strong>ebrietatis</strong></span> <span class='ocrx_word' id='word_1_410' title='bbox 1340 3940 1587 3993; x_wconf 85' lang='lat' dir='ltr'><strong>accusari</strong></span> <span class='ocrx_word' id='word_1_411' title='bbox 1622 3951 1798 4008; x_wconf 80' lang='lat' dir='ltr'><strong>potest</strong></span> <span class='ocrx_word' id='word_1_412' title='bbox 1833 3958 1848 4007; x_wconf 87' lang='lat'><strong>;</strong></span> <span class='ocrx_word' id='word_1_413' title='bbox 1889 3953 1941 3996; x_wconf 91' lang='lat' dir='ltr'><strong>et</strong></span> <span class='ocrx_word' id='word_1_414' title='bbox 1979 3941 2061 3995; x_wconf 90' lang='lat' dir='ltr'><strong>in-</strong></span> 
     </span>
    </p>
   </div>
   <div class='ocr_carea' id='block_1_59' title="bbox 487 4020 2062 4099">
    <p class='ocr_par' dir='ltr' id='par_1_59' title="bbox 487 4020 2062 4099">
     <span class='ocr_line' id='line_1_59' title="bbox 487 4020 2062 4099; baseline 0.008 -23"><span class='ocrx_word' id='word_1_415' title='bbox 487 4020 650 4092; x_wconf 80' lang='lat' dir='ltr'><strong>digna</strong></span> <span class='ocrx_word' id='word_1_416' title='bbox 679 4023 848 4096; x_wconf 70' lang='grc'><strong>498</strong></span> <span class='ocrx_word' id='word_1_417' title='bbox 879 4027 1204 4098; x_wconf 86' lang='lat' dir='ltr'><strong>philosopho</strong></span> <span class='ocrx_word' id='word_1_418' title='bbox 1235 4038 1358 4083; x_wconf 92' lang='lat' dir='ltr'><strong>sunt</strong></span> <span class='ocrx_word' id='word_1_419' title='bbox 1389 4047 1507 4099; x_wconf 76' lang='lat' dir='ltr'><strong>qua:</strong></span> <span class='ocrx_word' id='word_1_420' title='bbox 1536 4030 1723 4085; x_wconf 86' lang='lat' dir='ltr'><strong>Celsus</strong></span> <span class='ocrx_word' id='word_1_421' title='bbox 1755 4033 1805 4086; x_wconf 89' lang='lat' dir='ltr'><strong>in</strong></span> <span class='ocrx_word' id='word_1_422' title='bbox 1839 4048 1935 4087; x_wconf 86' lang='lat' dir='ltr'><strong>nos</strong></span> <span class='ocrx_word' id='word_1_423' title='bbox 1960 4031 2062 4089; x_wconf 85' lang='lat' dir='ltr'><strong>hac</strong></span> 
     </span>
    </p>
   </div>
   <div class='ocr_carea' id='block_1_60' title="bbox 487 4116 2059 4195">
    <p class='ocr_par' dir='ltr' id='par_1_60' title="bbox 487 4116 2059 4195">
     <span class='ocr_line' id='line_1_60' title="bbox 487 4116 2059 4195; baseline 0.008 -27"><span class='ocrx_word' id='word_1_424' title='bbox 487 4116 556 4168; x_wconf 88' lang='lat' dir='ltr'><strong>dc</strong></span> <span class='ocrx_word' id='word_1_425' title='bbox 588 4131 646 4170; x_wconf 87' lang='lat' dir='ltr'><strong>re</strong></span> <span class='ocrx_word' id='word_1_426' title='bbox 666 4118 803 4185; x_wconf 83' lang='lat' dir='ltr'><strong>jacit</strong></span> <span class='ocrx_word' id='word_1_427' title='bbox 842 4120 1108 4173; x_wconf 87' lang='lat' dir='ltr'><strong>convicia.</strong></span> <span class='ocrx_word' id='word_1_428' title='bbox 1157 4120 1362 4176; x_wconf 86' lang='lat' dir='ltr'><strong>indicet</strong></span> <span class='ocrx_word' id='word_1_429' title='bbox 1398 4137 1561 4192; x_wconf 85' lang='lat' dir='ltr'><strong>porro</strong></span> <span class='ocrx_word' id='word_1_430' title='bbox 1603 4124 1793 4179; x_wconf 85' lang='lat' dir='ltr'><strong>Celsus</strong></span> <span class='ocrx_word' id='word_1_431' title='bbox 1839 4129 2059 4195; x_wconf 84' lang='lat' dir='ltr'><strong>quinam</strong></span> 
     </span>
    </p>
   </div>
   <div class='ocr_carea' id='block_1_61' title="bbox 486 4207 2058 4288">
    <p class='ocr_par' dir='ltr' id='par_1_61' title="bbox 486 4207 2058 4288">
     <span class='ocr_line' id='line_1_61' title="bbox 486 4207 2058 4288; baseline 0.006 -25"><span class='ocrx_word' id='word_1_432' title='bbox 486 4207 566 4263; x_wconf 84' lang='lat' dir='ltr'><strong>illi</strong></span> <span class='ocrx_word' id='word_1_433' title='bbox 592 4210 761 4264; x_wconf 86' lang='lat' dir='ltr'><strong>sobrii</strong></span> <span class='ocrx_word' id='word_1_434' title='bbox 782 4211 913 4278; x_wconf 91' lang='lat' dir='ltr'><strong>sint,</strong></span> <span class='ocrx_word' id='word_1_435' title='bbox 943 4229 1081 4281; x_wconf 89' lang='lat' dir='ltr'><strong>quos</strong></span> <span class='ocrx_word' id='word_1_436' title='bbox 1101 4216 1271 4268; x_wconf 90' lang='lat' dir='ltr'><strong>nostri</strong></span> <span class='ocrx_word' id='word_1_437' title='bbox 1291 4217 1546 4271; x_wconf 83' lang='lat' dir='ltr'><strong>doctores</strong></span> <span class='ocrx_word' id='word_1_438' title='bbox 1568 4218 1779 4288; x_wconf 89' lang='lat' dir='ltr'><strong>injuriis</strong></span> <span class='ocrx_word' id='word_1_439' title='bbox 1799 4218 2058 4272; x_wconf 79' lang='lat' dir='ltr'><strong>alliciant.</strong></span> 
     </span>
    </p>
   </div>
   <div class='ocr_carea' id='block_1_62' title="bbox 483 4300 2060 4380">
    <p class='ocr_par' dir='ltr' id='par_1_62' title="bbox 483 4300 2060 4380">
     <span class='ocr_line' id='line_1_62' title="bbox 483 4300 2060 4380; baseline 0.006 -24"><span class='ocrx_word' id='word_1_440' title='bbox 483 4300 594 4357; x_wconf 85' lang='lat' dir='ltr'><strong>Nos</strong></span> <span class='ocrx_word' id='word_1_441' title='bbox 621 4305 766 4356; x_wconf 87' lang='lat' dir='ltr'><strong>enim</strong></span> <span class='ocrx_word' id='word_1_442' title='bbox 816 4303 998 4359; x_wconf 90' lang='lat' dir='ltr'><strong>ebrios</strong></span> <span class='ocrx_word' id='word_1_443' title='bbox 1043 4306 1260 4375; x_wconf 87' lang='lat' dir='ltr'><strong>quidem</strong></span> <span class='ocrx_word' id='word_1_444' title='bbox 1294 4307 1526 4365; x_wconf 90' lang='lat' dir='ltr'><strong>dicimus</strong></span> <span class='ocrx_word' id='word_1_445' title='bbox 1585 4327 1698 4376; x_wconf 89' lang='lat' dir='ltr'><strong>eos,</strong></span> <span class='ocrx_word' id='word_1_446' title='bbox 1747 4314 1840 4380; x_wconf 91' lang='lat' dir='ltr'><strong>qui</strong></span> <span class='ocrx_word' id='word_1_447' title='bbox 1898 4310 2060 4366; x_wconf 88' lang='lat' dir='ltr'><strong>rebus</strong></span> 
     </span>
    </p>
   </div>
   <div class='ocr_carea' id='block_1_63' title="bbox 485 4396 2056 4470">
    <p class='ocr_par' dir='ltr' id='par_1_63' title="bbox 485 4396 2056 4470">
     <span class='ocr_line' id='line_1_63' title="bbox 485 4396 2056 4470; baseline 0.005 -22"><span class='ocrx_word' id='word_1_448' title='bbox 485 4396 808 4451; x_wconf 79' lang='lat' dir='ltr'><strong>inanituatis</strong></span> <span class='ocrx_word' id='word_1_449' title='bbox 859 4397 1015 4466; x_wconf 86' lang='lat' dir='ltr'><strong>quasi</strong></span> <span class='ocrx_word' id='word_1_450' title='bbox 1070 4398 1182 4452; x_wconf 90' lang='lat' dir='ltr'><strong>Deo</strong></span> <span class='ocrx_word' id='word_1_451' title='bbox 1250 4415 1438 4469; x_wconf 85' lang='lat' dir='ltr'><strong>preces</strong></span> <span class='ocrx_word' id='word_1_452' title='bbox 1492 4401 1688 4456; x_wconf 82' lang='lat' dir='ltr'><strong>ferant.</strong></span> <span class='ocrx_word' id='word_1_453' title='bbox 1747 4403 1886 4470; x_wconf 84' lang='lat' dir='ltr'><strong>Quid</strong></span> <span class='ocrx_word' id='word_1_454' title='bbox 1947 4403 2056 4458; x_wconf 72' lang='lat' dir='ltr'><strong>dixi</strong></span> 
     </span>
    </p>
   </div>
   <div class='ocr_carea' id='block_1_64' title="bbox 2161 1908 3693 1982">
    <p class='ocr_par' dir='ltr' id='par_1_64' title="bbox 2161 1908 3693 1982">
     <span class='ocr_line' id='line_1_64' title="bbox 2161 1908 3693 1982; baseline -0.003 -18"><span class='ocrx_word' id='word_1_455' title='bbox 2161 1929 2244 1975; x_wconf 90' lang='grc' dir='ltr'><strong>τις</strong></span> <span class='ocrx_word' id='word_1_456' title='bbox 2278 1911 2431 1982; x_wconf 83' lang='grc' dir='ltr'><strong>ὑμῶν</strong></span> <span class='ocrx_word' id='word_1_457' title='bbox 2475 1911 2781 1982; x_wconf 81' lang='grc' dir='ltr'><strong>ἐπιστήμης</strong></span> <span class='ocrx_word' id='word_1_458' title='bbox 2823 1910 3165 1980; x_wconf 79' lang='grc' dir='ltr'><strong>ἐπιλάϐηται·</strong></span> <span class='ocrx_word' id='word_1_459' title='bbox 3209 1928 3229 1960; x_wconf 69' lang='grc' dir='ltr'><strong>ι</strong></span> <span class='ocrx_word' id='word_1_460' title='bbox 3275 1908 3395 1961; x_wconf 79' lang='grc' dir='ltr'><strong>ούδέ</strong></span> <span class='ocrx_word' id='word_1_461' title='bbox 3433 1909 3693 1976; x_wconf 85' lang='grc' dir='ltr'><strong>φάσκομεν,</strong></span> 
     </span>
    </p>
   </div>
   <div class='ocr_carea' id='block_1_65' title="bbox 2161 1997 3694 2076">
    <p class='ocr_par' dir='ltr' id='par_1_65' title="bbox 2161 1997 3694 2076">
     <span class='ocr_line' id='line_1_65' title="bbox 2161 1997 3694 2076; baseline -0.006 -18"><span class='ocrx_word' id='word_1_462' title='bbox 2161 2004 2439 2059; x_wconf 63' lang='grc' dir='ltr'><strong>ὅτιικακόν</strong></span> <span class='ocrx_word' id='word_1_463' title='bbox 2482 2006 2626 2058; x_wconf 83' lang='grc' dir='ltr'><strong>ἐστιν</strong></span> <span class='ocrx_word' id='word_1_464' title='bbox 2652 2005 2928 2076; x_wconf 79' lang='grc' dir='ltr'><strong>ἐπιστήμη</strong></span> <span class='ocrx_word' id='word_1_465' title='bbox 2951 2021 2964 2034; x_wconf 91' lang='grc'>·</span> <span class='ocrx_word' id='word_1_466' title='bbox 3001 2002 3120 2055; x_wconf 83' lang='grc' dir='ltr'><strong>οὑδὲ</strong></span> <span class='ocrx_word' id='word_1_467' title='bbox 3171 2001 3511 2072; x_wconf 83' lang='grc' dir='ltr'><strong>μεμήναμεν,</strong></span> <span class='ocrx_word' id='word_1_468' title='bbox 3547 1999 3605 2051; x_wconf 85' lang='grc' dir='ltr'><strong>ἵν’</strong></span> <span class='ocrx_word' id='word_1_469' title='bbox 3632 1997 3694 2050; x_wconf 82' lang='grc' dir='ltr'><strong>εί-</strong></span> 
     </span>
    </p>
   </div>
   <div class='ocr_carea' id='block_1_66' title="bbox 2113 2091 3694 2165">
    <p class='ocr_par' dir='ltr' id='par_1_66' title="bbox 2113 2091 3694 2165">
     <span class='ocr_line' id='line_1_66' title="bbox 2113 2091 3694 2165; baseline -0.003 -18"><span class='ocrx_word' id='word_1_470' title='bbox 2113 2136 2115 2138; x_wconf 77' lang='lat'><strong>.</strong></span> <span class='ocrx_word' id='word_1_471' title='bbox 2161 2111 2372 2164; x_wconf 89' lang='grc' dir='ltr'><strong>πωμεν,</strong></span> <span class='ocrx_word' id='word_1_472' title='bbox 2396 2096 2476 2148; x_wconf 85' lang='grc' dir='ltr'><strong>ὅτι</strong></span> <span class='ocrx_word' id='word_1_473' title='bbox 2503 2096 2703 2164; x_wconf 84' lang='grc' dir='ltr'><strong>γνῶσις</strong></span> <span class='ocrx_word' id='word_1_474' title='bbox 2729 2095 2949 2165; x_wconf 79' lang='grc' dir='ltr'><strong>σφάλλει</strong></span> <span class='ocrx_word' id='word_1_475' title='bbox 2982 2094 3108 2156; x_wconf 80' lang='grc' dir='ltr'><strong>τοὺς</strong></span> <span class='ocrx_word' id='word_1_476' title='bbox 3146 2091 3464 2163; x_wconf 84' lang='grc' dir='ltr'><strong>ἀνθρώπους</strong></span> <span class='ocrx_word' id='word_1_477' title='bbox 3505 2091 3599 2144; x_wconf 75' lang='grc' dir='ltr'><strong>ἀπὸ</strong></span> <span class='ocrx_word' id='word_1_478' title='bbox 3617 2092 3694 2161; x_wconf 80' lang='grc' dir='ltr'><strong>τῆς</strong></span> 
     </span>
    </p>
   </div>
   <div class='ocr_carea' id='block_1_67' title="bbox 2162 2178 3693 2255">
    <p class='ocr_par' dir='ltr' id='par_1_67' title="bbox 2162 2178 3693 2255">
     <span class='ocr_line' id='line_1_67' title="bbox 2162 2178 3693 2255; baseline -0.005 -18"><span class='ocrx_word' id='word_1_479' title='bbox 2162 2183 2303 2238; x_wconf 88' lang='grc' dir='ltr'><strong>κατά</strong></span> <span class='ocrx_word' id='word_1_480' title='bbox 2332 2185 2509 2255; x_wconf 72' lang='grc' dir='ltr'><strong>ψυχὴν</strong></span> <span class='ocrx_word' id='word_1_481' title='bbox 2535 2184 2724 2253; x_wconf 82' lang='grc' dir='ltr'><strong>ὑγείας</strong></span> <span class='ocrx_word' id='word_1_482' title='bbox 2742 2201 2755 2213; x_wconf 86' lang='grc'><em>’</em></span> <span class='ocrx_word' id='word_1_483' title='bbox 2785 2183 2898 2236; x_wconf 83' lang='grc' dir='ltr'><strong>ἀλλ’</strong></span> <span class='ocrx_word' id='word_1_484' title='bbox 2923 2183 3028 2237; x_wconf 76' lang='grc' dir='ltr'><strong>οὐδ’</strong></span> <span class='ocrx_word' id='word_1_485' title='bbox 3059 2179 3391 2235; x_wconf 87' lang='grc' dir='ltr'><strong>ἀπόλλυσθαι</strong></span> <span class='ocrx_word' id='word_1_486' title='bbox 3417 2178 3518 2232; x_wconf 80' lang='grc' dir='ltr'><strong>ἀπὸ</strong></span> <span class='ocrx_word' id='word_1_487' title='bbox 3540 2179 3693 2248; x_wconf 82' lang='grc' dir='ltr'><strong>σοφίας</strong></span> 
     </span>
    </p>
   </div>
   <div class='ocr_carea' id='block_1_68' title="bbox 2160 2271 3693 2345">
    <p class='ocr_par' dir='ltr' id='par_1_68' title="bbox 2160 2271 3693 2345">
     <span class='ocr_line' id='line_1_68' title="bbox 2160 2271 3693 2345; baseline -0.004 -18"><span class='ocrx_word' id='word_1_488' title='bbox 2160 2275 2408 2345; x_wconf 72' lang='grc' dir='ltr'><strong>εἴποιμεν</strong></span> <span class='ocrx_word' id='word_1_489' title='bbox 2423 2275 2488 2329; x_wconf 86' lang='grc' dir='ltr'><strong>άν</strong></span> <span class='ocrx_word' id='word_1_490' title='bbox 2507 2291 2629 2328; x_wconf 90' lang='grc' dir='ltr'><strong>τινα</strong></span> <span class='ocrx_word' id='word_1_491' title='bbox 2647 2274 2885 2327; x_wconf 77' lang='grc' dir='ltr'><strong>πώποτεο</strong></span> <span class='ocrx_word' id='word_1_492' title='bbox 2923 2274 3119 2336; x_wconf 79' lang='grc' dir='ltr'><strong>οἵτινες</strong></span> <span class='ocrx_word' id='word_1_493' title='bbox 3141 2272 3260 2325; x_wconf 75' lang='grc' dir='ltr'><strong>οὐδὲ</strong></span> <span class='ocrx_word' id='word_1_494' title='bbox 3279 2271 3340 2323; x_wconf 77' lang='grc' dir='ltr'><strong>τὸ</strong></span> <span class='ocrx_word' id='word_1_495' title='bbox 3353 2311 3368 2336; x_wconf 92' lang='grc'><strong>,</strong></span> <span class='ocrx_word' id='word_1_496' title='bbox 3393 2290 3410 2321; x_wconf 80' lang='grc' dir='ltr'><strong>ι</strong></span> <span class='ocrx_word' id='word_1_497' title='bbox 3437 2271 3550 2340; x_wconf 74' lang='grc' dir='ltr'><strong>ἐμοὶ</strong></span> <span class='ocrx_word' id='word_1_498' title='bbox 3566 2285 3693 2340; x_wconf 76' lang='grc' dir='ltr'><strong>προσ-</strong></span> 
     </span>
    </p>
   </div>
   <div class='ocr_carea' id='block_1_69' title="bbox 2161 2359 3692 2437">
    <p class='ocr_par' dir='ltr' id='par_1_69' title="bbox 2161 2359 3692 2437">
     <span class='ocr_line' id='line_1_69' title="bbox 2161 2359 3692 2437; baseline -0.005 -18"><span class='ocrx_word' id='word_1_499' title='bbox 2161 2366 2335 2437; x_wconf 86' lang='grc' dir='ltr'><strong>έχετε,</strong></span> <span class='ocrx_word' id='word_1_500' title='bbox 2367 2385 2384 2417; x_wconf 78' lang='grc' dir='ltr'><strong>ι</strong></span> <span class='ocrx_word' id='word_1_501' title='bbox 2423 2365 2525 2419; x_wconf 80' lang='grc' dir='ltr'><strong>κᾶν</strong></span> <span class='ocrx_word' id='word_1_502' title='bbox 2549 2365 2906 2437; x_wconf 83' lang='grc' dir='ltr'><strong>διδάσκωμεν,</strong></span> <span class='ocrx_word' id='word_1_503' title='bbox 2940 2363 3120 2436; x_wconf 88' lang='grc' dir='ltr'><strong>φαμέν</strong></span> <span class='ocrx_word' id='word_1_504' title='bbox 3139 2381 3152 2393; x_wconf 78' lang='grc'><strong><em>⁸</em></strong></span> <span class='ocrx_word' id='word_1_505' title='bbox 3187 2363 3343 2425; x_wconf 83' lang='grc' dir='ltr'><strong>ἀλλὰ,</strong></span> <span class='ocrx_word' id='word_1_506' title='bbox 3366 2361 3454 2433; x_wconf 83' lang='grc' dir='ltr'><strong>Τῷ</strong></span> <span class='ocrx_word' id='word_1_507' title='bbox 3477 2361 3584 2432; x_wconf 85' lang='grc' dir='ltr'><strong>Θεῷ</strong></span> <span class='ocrx_word' id='word_1_508' title='bbox 3607 2359 3692 2413; x_wconf 85' lang='grc' dir='ltr'><strong>τῶν</strong></span> 
     </span>
    </p>
   </div>
   <div class='ocr_carea' id='block_1_70' title="bbox 2159 2453 3691 2529">
    <p class='ocr_par' dir='ltr' id='par_1_70' title="bbox 2159 2453 3691 2529">
     <span class='ocr_line' id='line_1_70' title="bbox 2159 2453 3691 2529; baseline -0.005 -17"><span class='ocrx_word' id='word_1_509' title='bbox 2159 2459 2295 2512; x_wconf 85' lang='grc' dir='ltr'><strong>ὅλων</strong></span> <span class='ocrx_word' id='word_1_510' title='bbox 2325 2457 2619 2529; x_wconf 84' lang='grc' dir='ltr'><strong>προσέχετε</strong></span> <span class='ocrx_word' id='word_1_511' title='bbox 2660 2458 2752 2511; x_wconf 78' lang='grc' dir='ltr'><strong>καὶ</strong></span> <span class='ocrx_word' id='word_1_512' title='bbox 2780 2456 3083 2525; x_wconf 87' lang='grc' dir='ltr'><strong>διδασκάλῳ</strong></span> <span class='ocrx_word' id='word_1_513' title='bbox 3120 2456 3228 2510; x_wconf 83' lang='grc' dir='ltr'><strong>τῶν</strong></span> <span class='ocrx_word' id='word_1_514' title='bbox 3267 2455 3396 2523; x_wconf 75' lang='grc' dir='ltr'><strong>περὶ</strong></span> <span class='ocrx_word' id='word_1_515' title='bbox 3421 2453 3573 2506; x_wconf 76' lang='grc' dir='ltr'><strong>αὐτοῦ</strong></span> <span class='ocrx_word' id='word_1_516' title='bbox 3609 2469 3691 2524; x_wconf 82' lang='grc' dir='ltr'><strong>μα-</strong></span> 
     </span>
    </p>
   </div>
   <div class='ocr_carea' id='block_1_71' title="bbox 2159 2543 3690 2621">
    <p class='ocr_par' dir='ltr' id='par_1_71' title="bbox 2159 2543 3690 2621">
     <span class='ocr_line' id='line_1_71' title="bbox 2159 2543 3690 2621; baseline -0.005 -18"><span class='ocrx_word' id='word_1_517' title='bbox 2159 2548 2226 2621; x_wconf 88' lang='grc' dir='ltr'><strong>θη</strong></span> <span class='ocrx_word' id='word_1_518' title='bbox 2236 2548 2418 2620; x_wconf 85' lang='grc' dir='ltr'><strong>μάτων</strong></span> <span class='ocrx_word' id='word_1_519' title='bbox 2447 2546 2522 2618; x_wconf 85' lang='grc' dir='ltr'><strong>τῷ</strong></span> <span class='ocrx_word' id='word_1_520' title='bbox 2560 2547 2752 2618; x_wconf 88' lang='grc' dir='ltr'><strong>Ἰησοῦ.</strong></span> <span class='ocrx_word' id='word_1_521' title='bbox 2781 2547 2966 2610; x_wconf 69' lang='grc' dir='ltr'><strong>Οὐδεὶς</strong></span> <span class='ocrx_word' id='word_1_522' title='bbox 2986 2548 3029 2600; x_wconf 88' lang='grc' dir='ltr'><strong>δ’</strong></span> <span class='ocrx_word' id='word_1_523' title='bbox 3059 2547 3215 2618; x_wconf 82' lang='grc' dir='ltr'><strong>ήμῶν</strong></span> <span class='ocrx_word' id='word_1_524' title='bbox 3234 2546 3404 2608; x_wconf 70' lang='grc' dir='ltr'><strong>οὕτως</strong></span> <span class='ocrx_word' id='word_1_525' title='bbox 3429 2545 3563 2597; x_wconf 78' lang='grc' dir='ltr'><strong>ἐστὶν</strong></span> <span class='ocrx_word' id='word_1_526' title='bbox 3587 2543 3690 2595; x_wconf 81' lang='grc' dir='ltr'><strong>ἀλα-</strong></span> 
     </span>
    </p>
   </div>
   <div class='ocr_carea' id='block_1_72' title="bbox 2158 2635 3693 2711">
    <p class='ocr_par' dir='ltr' id='par_1_72' title="bbox 2158 2635 3693 2711">
     <span class='ocr_line' id='line_1_72' title="bbox 2158 2635 3693 2711; baseline -0.006 -17"><span class='ocrx_word' id='word_1_527' title='bbox 2158 2639 2290 2706; x_wconf 75' lang='grc' dir='ltr'><strong>ζὼν,</strong></span> <span class='ocrx_word' id='word_1_528' title='bbox 2316 2639 2382 2692; x_wconf 80' lang='grc' dir='ltr'><strong>ἵν’</strong></span> <span class='ocrx_word' id='word_1_529' title='bbox 2410 2637 2579 2711; x_wconf 78' lang='grc' dir='ltr'><strong>(ὅπερ</strong></span> <span class='ocrx_word' id='word_1_530' title='bbox 2614 2639 2818 2703; x_wconf 83' lang='grc' dir='ltr'><strong>Κέλσος</strong></span> <span class='ocrx_word' id='word_1_531' title='bbox 2849 2639 3140 2711; x_wconf 85' lang='grc' dir='ltr'><strong>περιέθηκε</strong></span> <span class='ocrx_word' id='word_1_532' title='bbox 3171 2636 3251 2708; x_wconf 83' lang='grc' dir='ltr'><strong>τῷ</strong></span> <span class='ocrx_word' id='word_1_533' title='bbox 3282 2635 3376 2690; x_wconf 88' lang='grc' dir='ltr'><strong>τοῦ</strong></span> <span class='ocrx_word' id='word_1_534' title='bbox 3402 2635 3693 2694; x_wconf 76' lang='grc' dir='ltr'><strong>διδάσκοντος</strong></span> 
     </span>
    </p>
   </div>
   <div class='ocr_carea' id='block_1_73' title="bbox 2158 2727 3693 2808">
    <p class='ocr_par' dir='ltr' id='par_1_73' title="bbox 2158 2727 3693 2808">
     <span class='ocr_line' id='line_1_73' title="bbox 2158 2727 3693 2808; baseline -0.007 -19"><span class='ocrx_word' id='word_1_535' title='bbox 2158 2732 2467 2808; x_wconf 85' lang='grc' dir='ltr'><strong>προσώπῳ)</strong></span> <span class='ocrx_word' id='word_1_536' title='bbox 2495 2731 2636 2785; x_wconf 85' lang='grc' dir='ltr'><strong>εἴποι</strong></span> <span class='ocrx_word' id='word_1_537' title='bbox 2660 2733 2796 2806; x_wconf 83' lang='grc' dir='ltr'><strong>πρὸς</strong></span> <span class='ocrx_word' id='word_1_538' title='bbox 2821 2736 2944 2796; x_wconf 87' lang='grc' dir='ltr'><strong>τοὺς</strong></span> <span class='ocrx_word' id='word_1_539' title='bbox 2971 2731 3279 2804; x_wconf 86' lang='grc' dir='ltr'><strong>γνωρίμους</strong></span> <span class='ocrx_word' id='word_1_540' title='bbox 3294 2732 3378 2792; x_wconf 88' lang='grc' dir='ltr'><strong>τὸ,</strong></span> <span class='ocrx_word' id='word_1_541' title='bbox 3408 2749 3426 2781; x_wconf 79' lang='grc' dir='ltr'><strong>ι</strong></span> <span class='ocrx_word' id='word_1_542' title='bbox 3454 2727 3555 2796; x_wconf 81' lang='grc' dir='ltr'><strong>ἐγὼ</strong></span> <span class='ocrx_word' id='word_1_543' title='bbox 3580 2727 3693 2798; x_wconf 79' lang='grc' dir='ltr'><strong>ὑμᾶς</strong></span> 
     </span>
    </p>
   </div>
   <div class='ocr_carea' id='block_1_74' title="bbox 2160 2821 3691 2899">
    <p class='ocr_par' dir='ltr' id='par_1_74' title="bbox 2160 2821 3691 2899">
     <span class='ocr_line' id='line_1_74' title="bbox 2160 2821 3691 2899; baseline -0.005 -18"><span class='ocrx_word' id='word_1_544' title='bbox 2160 2827 2320 2882; x_wconf 92' lang='grc' dir='ltr'><strong>σώσω</strong></span> <span class='ocrx_word' id='word_1_545' title='bbox 2363 2827 2540 2899; x_wconf 86' lang='grc' dir='ltr'><strong>μόνος.</strong></span> <span class='ocrx_word' id='word_1_546' title='bbox 2580 2845 2598 2879; x_wconf 74' lang='grc' dir='ltr'><strong>ι</strong></span> <span class='ocrx_word' id='word_1_547' title='bbox 2651 2827 2789 2898; x_wconf 85' lang='grc' dir='ltr'><strong>Ὅρα</strong></span> <span class='ocrx_word' id='word_1_548' title='bbox 2821 2823 2914 2879; x_wconf 80' lang='grc' dir='ltr'><strong>οῦν</strong></span> <span class='ocrx_word' id='word_1_549' title='bbox 2944 2825 3085 2878; x_wconf 82' lang='grc' dir='ltr'><strong>πόσα</strong></span> <span class='ocrx_word' id='word_1_550' title='bbox 3113 2823 3266 2895; x_wconf 76' lang='grc' dir='ltr'><strong>ἡμῶν</strong></span> <span class='ocrx_word' id='word_1_551' title='bbox 3322 2821 3691 2892; x_wconf 69' lang='grc' dir='ltr'><strong>καταψεύδεται.</strong></span> 
     </span>
    </p>
   </div>
   <div class='ocr_carea' id='block_1_75' title="bbox 2168 2916 3692 2992">
    <p class='ocr_par' dir='ltr' id='par_1_75' title="bbox 2168 2916 3692 2992">
     <span class='ocr_line' id='line_1_75' title="bbox 2168 2916 3692 2992; baseline -0.007 -17"><span class='ocrx_word' id='word_1_552' title='bbox 2168 2922 2305 2975; x_wconf 85' lang='grc' dir='ltr'><strong>Ἀλλ’</strong></span> <span class='ocrx_word' id='word_1_553' title='bbox 2337 2921 2695 2992; x_wconf 74' lang='grc' dir='ltr'><strong>οὐδέσφαμεν,</strong></span> <span class='ocrx_word' id='word_1_554' title='bbox 2729 2921 2809 2974; x_wconf 81' lang='grc' dir='ltr'><strong>ὅτι</strong></span> <span class='ocrx_word' id='word_1_555' title='bbox 2831 2939 2848 2970; x_wconf 78' lang='grc' dir='ltr'><strong>ι</strong></span> <span class='ocrx_word' id='word_1_556' title='bbox 2873 2921 2922 2972; x_wconf 79' lang='grc' dir='ltr'><strong>οι</strong></span> <span class='ocrx_word' id='word_1_557' title='bbox 2963 2917 3178 2990; x_wconf 82' lang='grc' dir='ltr'><strong>ἀληθῶς</strong></span> <span class='ocrx_word' id='word_1_558' title='bbox 3213 2918 3386 2990; x_wconf 72' lang='grc' dir='ltr'><strong>ἰατροὶ</strong></span> <span class='ocrx_word' id='word_1_559' title='bbox 3429 2916 3692 2987; x_wconf 74' lang='grc' dir='ltr'><strong>φθείρουσιν</strong></span> 
     </span>
    </p>
   </div>
   <div class='ocr_carea' id='block_1_76' title="bbox 2158 3010 3124 3083">
    <p class='ocr_par' dir='ltr' id='par_1_76' title="bbox 2158 3010 3124 3083">
     <span class='ocr_line' id='line_1_76' title="bbox 2158 3010 3124 3083; baseline -0.005 -16"><span class='ocrx_word' id='word_1_560' title='bbox 2158 3012 2247 3078; x_wconf 82' lang='grc' dir='ltr'><strong>οὓς</strong></span> <span class='ocrx_word' id='word_1_561' title='bbox 2273 3012 2696 3082; x_wconf 73' lang='grc' dir='ltr'><strong>ἐπαγγέλλονται</strong></span> <span class='ocrx_word' id='word_1_562' title='bbox 2724 3010 3065 3083; x_wconf 83' lang='grc' dir='ltr'><strong>θεραπεύειν.</strong></span> <span class='ocrx_word' id='word_1_563' title='bbox 3104 3029 3124 3062; x_wconf 76' lang='grc' dir='ltr'><strong>ι</strong></span> 
     </span>
    </p>
   </div>
   <div class='ocr_carea' id='block_1_77' title="bbox 2229 3121 3691 3198">
    <p class='ocr_par' dir='ltr' id='par_1_77' title="bbox 2229 3121 3691 3198">
     <span class='ocr_line' id='line_1_77' title="bbox 2229 3121 3691 3198; baseline -0.008 -17"><span class='ocrx_word' id='word_1_564' title='bbox 2229 3129 2339 3181; x_wconf 80' lang='grc' dir='ltr'><strong>Καὶ</strong></span> <span class='ocrx_word' id='word_1_565' title='bbox 2381 3125 2632 3198; x_wconf 90' lang='grc' dir='ltr'><strong>δεύτερον</strong></span> <span class='ocrx_word' id='word_1_566' title='bbox 2679 3125 2735 3178; x_wconf 84' lang='grc' dir='ltr'><strong>δὲ</strong></span> <span class='ocrx_word' id='word_1_567' title='bbox 2781 3125 2933 3196; x_wconf 82' lang='grc' dir='ltr'><strong>φέρει</strong></span> <span class='ocrx_word' id='word_1_568' title='bbox 2983 3123 3105 3177; x_wconf 79' lang='grc' dir='ltr'><strong>καθ’</strong></span> <span class='ocrx_word' id='word_1_569' title='bbox 3155 3123 3315 3194; x_wconf 81' lang='grc' dir='ltr'><strong>ἡμῶν</strong></span> <span class='ocrx_word' id='word_1_570' title='bbox 3366 3121 3691 3194; x_wconf 83' lang='grc' dir='ltr'><strong>παράδειγμα,</strong></span> 
     </span>
    </p>
   </div>
   <div class='ocr_carea' id='block_1_78' title="bbox 2160 3210 3693 3289">
    <p class='ocr_par' dir='ltr' id='par_1_78' title="bbox 2160 3210 3693 3289">
     <span class='ocr_line' id='line_1_78' title="bbox 2160 3210 3693 3289; baseline -0.007 -16"><span class='ocrx_word' id='word_1_571' title='bbox 2160 3220 2384 3289; x_wconf 83' lang='grc' dir='ltr'><strong>φάσκων</strong></span> <span class='ocrx_word' id='word_1_572' title='bbox 2421 3239 2438 3271; x_wconf 80' lang='grc' dir='ltr'><strong>ι</strong></span> <span class='ocrx_word' id='word_1_573' title='bbox 2472 3220 2693 3289; x_wconf 86' lang='grc' dir='ltr'><strong>Ὅμοιον</strong></span> <span class='ocrx_word' id='word_1_574' title='bbox 2725 3220 2896 3270; x_wconf 85' lang='grc' dir='ltr'><strong>ποιεῖν</strong></span> <span class='ocrx_word' id='word_1_575' title='bbox 2925 3216 3016 3270; x_wconf 79' lang='grc' dir='ltr'><strong>τὸν</strong></span> <span class='ocrx_word' id='word_1_576' title='bbox 3049 3219 3106 3269; x_wconf 90' lang='grc' dir='ltr'><strong>ἐν</strong></span> <span class='ocrx_word' id='word_1_577' title='bbox 3133 3218 3263 3287; x_wconf 82' lang='grc' dir='ltr'><strong>ἡμῖν</strong></span> <span class='ocrx_word' id='word_1_578' title='bbox 3289 3213 3608 3276; x_wconf 81' lang='grc' dir='ltr'><strong>διδάσκαλον,</strong></span> <span class='ocrx_word' id='word_1_579' title='bbox 3635 3210 3693 3272; x_wconf 85' lang='grc' dir='ltr'><strong>ὡς</strong></span> 
     </span>
    </p>
   </div>
   <div class='ocr_carea' id='block_1_79' title="bbox 2159 3304 3693 3381">
    <p class='ocr_par' dir='ltr' id='par_1_79' title="bbox 2159 3304 3693 3381">
     <span class='ocr_line' id='line_1_79' title="bbox 2159 3304 3693 3381; baseline -0.005 -18"><span class='ocrx_word' id='word_1_580' title='bbox 2159 3311 2314 3374; x_wconf 84' lang='grc' dir='ltr'><strong>εἴτις</strong></span> <span class='ocrx_word' id='word_1_581' title='bbox 2345 3309 2557 3381; x_wconf 83' lang='grc' dir='ltr'><strong>μεθύων</strong></span> <span class='ocrx_word' id='word_1_582' title='bbox 2586 3311 2664 3372; x_wconf 83' lang='grc' dir='ltr'><strong>είς</strong></span> <span class='ocrx_word' id='word_1_583' title='bbox 2696 3309 2993 3379; x_wconf 85' lang='grc' dir='ltr'><strong>μεθύοντας</strong></span> <span class='ocrx_word' id='word_1_584' title='bbox 3019 3308 3250 3380; x_wconf 87' lang='grc' dir='ltr'><strong>παριὼν,</strong></span> <span class='ocrx_word' id='word_1_585' title='bbox 3287 3309 3573 3376; x_wconf 82' lang='grc' dir='ltr'><strong>κατηγορεῖ</strong></span> <span class='ocrx_word' id='word_1_586' title='bbox 3595 3304 3693 3364; x_wconf 75' lang='grc' dir='ltr'><strong>τοὺς</strong></span> 
     </span>
    </p>
   </div>
   <div class='ocr_carea' id='block_1_80' title="bbox 2159 3392 3692 3476">
    <p class='ocr_par' dir='ltr' id='par_1_80' title="bbox 2159 3392 3692 3476">
     <span class='ocr_line' id='line_1_80' title="bbox 2159 3392 3692 3476; baseline -0.009 -19"><span class='ocrx_word' id='word_1_587' title='bbox 2159 3405 2426 3476; x_wconf 75' lang='grc' dir='ltr'><strong>νήφοντας</strong></span> <span class='ocrx_word' id='word_1_588' title='bbox 2454 3402 2527 3466; x_wconf 91' lang='grc' dir='ltr'><strong>ώς</strong></span> <span class='ocrx_word' id='word_1_589' title='bbox 2557 3401 2870 3472; x_wconf 82' lang='grc' dir='ltr'><strong>μεθύοντας.</strong></span> <span class='ocrx_word' id='word_1_590' title='bbox 2911 3420 2928 3451; x_wconf 76' lang='grc' dir='ltr'><strong>ι</strong></span> <span class='ocrx_word' id='word_1_591' title='bbox 2959 3399 3374 3471; x_wconf 83' lang='grc' dir='ltr'><strong>Παραστησάτω</strong></span> <span class='ocrx_word' id='word_1_592' title='bbox 3405 3398 3510 3469; x_wconf 79' lang='grc' dir='ltr'><strong>γὰρ</strong></span> <span class='ocrx_word' id='word_1_593' title='bbox 3533 3399 3588 3450; x_wconf 87' lang='grc' dir='ltr'><strong>ἐκ</strong></span> <span class='ocrx_word' id='word_1_594' title='bbox 3609 3392 3692 3447; x_wconf 79' lang='grc' dir='ltr'><strong>τῶν</strong></span> 
     </span>
    </p>
   </div>
   <div class='ocr_carea' id='block_1_81' title="bbox 2159 3482 3692 3566">
    <p class='ocr_par' dir='ltr' id='par_1_81' title="bbox 2159 3482 3692 3566">
     <span class='ocr_line' id='line_1_81' title="bbox 2159 3482 3692 3566; baseline -0.009 -17"><span class='ocrx_word' id='word_1_595' title='bbox 2159 3495 2500 3566; x_wconf 84' lang='grc' dir='ltr'><strong>γραμμάτων</strong></span> <span class='ocrx_word' id='word_1_596' title='bbox 2539 3493 2690 3565; x_wconf 78' lang='grc' dir='ltr'><strong>(φέρ’</strong></span> <span class='ocrx_word' id='word_1_597' title='bbox 2725 3493 2932 3563; x_wconf 74' lang='grc' dir='ltr'><strong>εἰπεῖν)</strong></span> <span class='ocrx_word' id='word_1_598' title='bbox 2962 3491 3195 3554; x_wconf 85' lang='grc' dir='ltr'><strong>Παύλου,</strong></span> <span class='ocrx_word' id='word_1_599' title='bbox 3219 3493 3300 3544; x_wconf 83' lang='grc' dir='ltr'><strong>ὅτι</strong></span> <span class='ocrx_word' id='word_1_600' title='bbox 3325 3489 3543 3560; x_wconf 78' lang='grc' dir='ltr'><strong>ἐμέθυεν</strong></span> <span class='ocrx_word' id='word_1_601' title='bbox 3572 3489 3596 3538; x_wconf 85' lang='grc' dir='ltr'><strong>ό</strong></span> <span class='ocrx_word' id='word_1_602' title='bbox 3621 3482 3692 3537; x_wconf 83' lang='grc' dir='ltr'><strong>τοῦ</strong></span> 
     </span>
    </p>
   </div>
   <div class='ocr_carea' id='block_1_82' title="bbox 2176 3577 3696 3659">
    <p class='ocr_par' dir='ltr' id='par_1_82' title="bbox 2176 3577 3696 3659">
     <span class='ocr_line' id='line_1_82' title="bbox 2176 3577 3696 3659; baseline -0.007 -19"><span class='ocrx_word' id='word_1_603' title='bbox 2176 3587 2350 3659; x_wconf 82' lang='grc' dir='ltr'><strong>Ἰησοῦ</strong></span> <span class='ocrx_word' id='word_1_604' title='bbox 2388 3586 2707 3650; x_wconf 84' lang='grc' dir='ltr'><strong>ἀπόστολος,</strong></span> <span class='ocrx_word' id='word_1_605' title='bbox 2742 3587 2836 3639; x_wconf 75' lang='grc' dir='ltr'><strong>καὶ</strong></span> <span class='ocrx_word' id='word_1_606' title='bbox 2877 3587 2975 3638; x_wconf 84' lang='grc' dir='ltr'><strong>οὐκ</strong></span> <span class='ocrx_word' id='word_1_607' title='bbox 3005 3581 3145 3655; x_wconf 79' lang='grc' dir='ltr'><strong>ἦσαν</strong></span> <span class='ocrx_word' id='word_1_608' title='bbox 3178 3585 3227 3637; x_wconf 89' lang='grc' dir='ltr'><strong>οἱ</strong></span> <span class='ocrx_word' id='word_1_609' title='bbox 3266 3584 3413 3652; x_wconf 88' lang='grc' dir='ltr'><strong>λόγοι</strong></span> <span class='ocrx_word' id='word_1_610' title='bbox 3445 3578 3595 3634; x_wconf 77' lang='grc' dir='ltr'><strong>αὑτοῦ</strong></span> <span class='ocrx_word' id='word_1_611' title='bbox 3623 3577 3696 3647; x_wconf 73' lang='grc' dir='ltr'><strong>νή·</strong></span> 
     </span>
    </p>
   </div>
   <div class='ocr_carea' id='block_1_83' title="bbox 2163 3672 3694 3750">
    <p class='ocr_par' dir='ltr' id='par_1_83' title="bbox 2163 3672 3694 3750">
     <span class='ocr_line' id='line_1_83' title="bbox 2163 3672 3694 3750; baseline -0.007 -17"><span class='ocrx_word' id='word_1_612' title='bbox 2163 3697 2353 3749; x_wconf 89' lang='grc' dir='ltr'><strong>φον-τες</strong></span> <span class='ocrx_word' id='word_1_613' title='bbox 2383 3679 2456 3750; x_wconf 78' lang='grc'><strong>(5)</strong></span> <span class='ocrx_word' id='word_1_614' title='bbox 2479 3697 2491 3710; x_wconf 89' lang='grc'>·</span> <span class='ocrx_word' id='word_1_615' title='bbox 2525 3678 2557 3750; x_wconf 83' lang='grc' dir='ltr'><strong>ἢ</strong></span> <span class='ocrx_word' id='word_1_616' title='bbox 2585 3678 2642 3745; x_wconf 80' lang='grc' dir='ltr'><strong>ἐξ</strong></span> <span class='ocrx_word' id='word_1_617' title='bbox 2674 3672 2748 3732; x_wconf 80' lang='grc' dir='ltr'><strong>ὧν</strong></span> <span class='ocrx_word' id='word_1_618' title='bbox 2778 3678 3013 3748; x_wconf 77' lang='grc' dir='ltr'><strong>ἔγραψεν</strong></span> <span class='ocrx_word' id='word_1_619' title='bbox 3061 3676 3334 3746; x_wconf 82' lang='grc' dir='ltr'><strong>Ἰωάννης,</strong></span> <span class='ocrx_word' id='word_1_620' title='bbox 3364 3677 3443 3728; x_wconf 83' lang='grc' dir='ltr'><strong>ὃτι</strong></span> <span class='ocrx_word' id='word_1_621' title='bbox 3478 3673 3585 3742; x_wconf 70' lang='grc' dir='ltr'><strong>οὐχὶ</strong></span> <span class='ocrx_word' id='word_1_622' title='bbox 3610 3683 3694 3722; x_wconf 83' lang='grc' dir='ltr'><strong>σω-</strong></span> 
     </span>
    </p>
   </div>
   <div class='ocr_carea' id='block_1_84' title="bbox 2162 3758 3694 3841">
    <p class='ocr_par' dir='ltr' id='par_1_84' title="bbox 2162 3758 3694 3841">
     <span class='ocr_line' id='line_1_84' title="bbox 2162 3758 3694 3841; baseline -0.001 -19"><span class='ocrx_word' id='word_1_623' title='bbox 2162 3767 2482 3841; x_wconf 87' lang='grc' dir='ltr'><strong>φρονοῦντος</strong></span> <span class='ocrx_word' id='word_1_624' title='bbox 2504 3770 2594 3822; x_wconf 76' lang='grc' dir='ltr'><strong>καὶ</strong></span> <span class='ocrx_word' id='word_1_625' title='bbox 2625 3768 3040 3840; x_wconf 85' lang='grc' dir='ltr'><strong>ἀπηλλαγμένου</strong></span> <span class='ocrx_word' id='word_1_626' title='bbox 3069 3767 3171 3836; x_wconf 81' lang='grc' dir='ltr'><strong>τῆς</strong></span> <span class='ocrx_word' id='word_1_627' title='bbox 3194 3765 3304 3818; x_wconf 80' lang='grc' dir='ltr'><strong>ἀπὺ</strong></span> <span class='ocrx_word' id='word_1_628' title='bbox 3338 3765 3531 3826; x_wconf 86' lang='grc' dir='ltr'><strong>κακίας</strong></span> <span class='ocrx_word' id='word_1_629' title='bbox 3557 3758 3694 3831; x_wconf 77' lang='grc' dir='ltr'><strong>μέθης</strong></span> 
     </span>
    </p>
   </div>
   <div class='ocr_carea' id='block_1_85' title="bbox 2162 3850 3692 3932">
    <p class='ocr_par' dir='ltr' id='par_1_85' title="bbox 2162 3850 3692 3932">
     <span class='ocr_line' id='line_1_85' title="bbox 2162 3850 3692 3932; baseline -0.008 -17"><span class='ocrx_word' id='word_1_630' title='bbox 2162 3865 2287 3915; x_wconf 88' lang='grc' dir='ltr'><strong>πνεῖ</strong></span> <span class='ocrx_word' id='word_1_631' title='bbox 2322 3860 2486 3915; x_wconf 82' lang='grc' dir='ltr'><strong>αὑτοῦ</strong></span> <span class='ocrx_word' id='word_1_632' title='bbox 2519 3859 2588 3914; x_wconf 85' lang='grc' dir='ltr'><strong>τὰ</strong></span> <span class='ocrx_word' id='word_1_633' title='bbox 2627 3861 2891 3932; x_wconf 84' lang='grc' dir='ltr'><strong>νοήματα.</strong></span> <span class='ocrx_word' id='word_1_634' title='bbox 2930 3859 3116 3922; x_wconf 75' lang='grc' dir='ltr'><strong>Οὐδεὶς</strong></span> <span class='ocrx_word' id='word_1_635' title='bbox 3147 3854 3240 3912; x_wconf 85' lang='grc' dir='ltr'><strong>οῦν</strong></span> <span class='ocrx_word' id='word_1_636' title='bbox 3282 3855 3582 3928; x_wconf 84' lang='grc' dir='ltr'><strong>σωφρονῶν,</strong></span> <span class='ocrx_word' id='word_1_637' title='bbox 3621 3850 3692 3905; x_wconf 80' lang='grc' dir='ltr'><strong>καὶ</strong></span> 
     </span>
    </p>
   </div>
   <div class='ocr_carea' id='block_1_86' title="bbox 2162 3942 3694 4024">
    <p class='ocr_par' dir='ltr' id='par_1_86' title="bbox 2162 3942 3694 4024">
     <span class='ocr_line' id='line_1_86' title="bbox 2162 3942 3694 4024; baseline -0.008 -18"><span class='ocrx_word' id='word_1_638' title='bbox 2162 3953 2424 4007; x_wconf 85' lang='grc' dir='ltr'><strong>διδάσκων</strong></span> <span class='ocrx_word' id='word_1_639' title='bbox 2453 3953 2546 4006; x_wconf 78' lang='grc' dir='ltr'><strong>τὸν</strong></span> <span class='ocrx_word' id='word_1_640' title='bbox 2578 3952 2922 4024; x_wconf 83' lang='grc' dir='ltr'><strong>Χριστιανῶν</strong></span> <span class='ocrx_word' id='word_1_641' title='bbox 2941 3952 3118 4020; x_wconf 89' lang='grc' dir='ltr'><strong>λόγον,</strong></span> <span class='ocrx_word' id='word_1_642' title='bbox 3154 3948 3372 4021; x_wconf 85' lang='grc' dir='ltr'><strong>μεθύει·</strong></span> <span class='ocrx_word' id='word_1_643' title='bbox 3400 3948 3509 4002; x_wconf 80' lang='grc' dir='ltr'><strong>ἀλλ’</strong></span> <span class='ocrx_word' id='word_1_644' title='bbox 3541 3942 3694 4013; x_wconf 80' lang='grc' dir='ltr'><strong>ἀφιλο-</strong></span> 
     </span>
    </p>
   </div>
   <div class='ocr_carea' id='block_1_87' title="bbox 2166 4037 3693 4114">
    <p class='ocr_par' dir='ltr' id='par_1_87' title="bbox 2166 4037 3693 4114">
     <span class='ocr_line' id='line_1_87' title="bbox 2166 4037 3693 4114; baseline -0.007 -17"><span class='ocrx_word' id='word_1_645' title='bbox 2166 4044 2345 4114; x_wconf 87' lang='grc' dir='ltr'><strong>σόφως</strong></span> <span class='ocrx_word' id='word_1_646' title='bbox 2399 4046 2530 4114; x_wconf 77' lang='grc' dir='ltr'><strong>ἡμῖν</strong></span> <span class='ocrx_word' id='word_1_647' title='bbox 2569 4041 2974 4114; x_wconf 88' lang='grc' dir='ltr'><strong>λοιδορούμενος</strong></span> <span class='ocrx_word' id='word_1_648' title='bbox 3022 4040 3197 4095; x_wconf 88' lang='grc' dir='ltr'><strong>ταῦτά</strong></span> <span class='ocrx_word' id='word_1_649' title='bbox 3228 4058 3392 4111; x_wconf 87' lang='grc' dir='ltr'><strong>φησιν</strong></span> <span class='ocrx_word' id='word_1_650' title='bbox 3435 4042 3463 4093; x_wconf 84' lang='grc' dir='ltr'>ὁ</span> <span class='ocrx_word' id='word_1_651' title='bbox 3503 4037 3693 4097; x_wconf 84' lang='grc' dir='ltr'><strong>Κέλσος.</strong></span> 
     </span>
    </p>
   </div>
   <div class='ocr_carea' id='block_1_88' title="bbox 2165 4129 3696 4206">
    <p class='ocr_par' dir='ltr' id='par_1_88' title="bbox 2165 4129 3696 4206">
     <span class='ocr_line' id='line_1_88' title="bbox 2165 4129 3696 4206; baseline -0.006 -16"><span class='ocrx_word' id='word_1_652' title='bbox 2165 4138 2326 4199; x_wconf 87' lang='grc' dir='ltr'><strong>Τίνας</strong></span> <span class='ocrx_word' id='word_1_653' title='bbox 2351 4137 2407 4190; x_wconf 81' lang='grc' dir='ltr'><strong>δὲ</strong></span> <span class='ocrx_word' id='word_1_654' title='bbox 2433 4137 2524 4190; x_wconf 76' lang='grc' dir='ltr'><strong>καὶ</strong></span> <span class='ocrx_word' id='word_1_655' title='bbox 2545 4137 2809 4206; x_wconf 86' lang='grc' dir='ltr'><strong>νήφοντας</strong></span> <span class='ocrx_word' id='word_1_656' title='bbox 2831 4133 3136 4206; x_wconf 88' lang='grc' dir='ltr'><strong>κακηγοροῦ</strong></span> <span class='ocrx_word' id='word_1_657' title='bbox 3145 4151 3245 4204; x_wconf 87' lang='grc' dir='ltr'><strong>μεν</strong></span> <span class='ocrx_word' id='word_1_658' title='bbox 3273 4136 3323 4186; x_wconf 89' lang='grc' dir='ltr'><strong>οἱ</strong></span> <span class='ocrx_word' id='word_1_659' title='bbox 3348 4129 3696 4204; x_wconf 78' lang='grc' dir='ltr'><strong>πρεσϐεύοντες</strong></span> 
     </span>
    </p>
   </div>
   <div class='ocr_carea' id='block_1_89' title="bbox 2162 4221 3696 4299">
    <p class='ocr_par' dir='ltr' id='par_1_89' title="bbox 2162 4221 3696 4299">
     <span class='ocr_line' id='line_1_89' title="bbox 2162 4221 3696 4299; baseline -0.005 -18"><span class='ocrx_word' id='word_1_660' title='bbox 2162 4227 2232 4281; x_wconf 85' lang='grc' dir='ltr'><strong>τὰ</strong></span> <span class='ocrx_word' id='word_1_661' title='bbox 2275 4227 2615 4299; x_wconf 81' lang='grc' dir='ltr'><strong>Χριστιανῶν</strong></span> <span class='ocrx_word' id='word_1_662' title='bbox 2655 4227 2915 4298; x_wconf 85' lang='grc' dir='ltr'><strong>δόγματα,</strong></span> <span class='ocrx_word' id='word_1_663' title='bbox 2953 4227 3158 4295; x_wconf 85' lang='grc' dir='ltr'><strong>λεγέτω</strong></span> <span class='ocrx_word' id='word_1_664' title='bbox 3189 4229 3217 4280; x_wconf 87' lang='grc' dir='ltr'><strong>ό</strong></span> <span class='ocrx_word' id='word_1_665' title='bbox 3259 4225 3481 4286; x_wconf 84' lang='grc' dir='ltr'><strong>Κέλσος.</strong></span> <span class='ocrx_word' id='word_1_666' title='bbox 3524 4221 3696 4280; x_wconf 82' lang='grc' dir='ltr'><strong>Πάντες</strong></span> 
     </span>
    </p>
   </div>
   <div class='ocr_carea' id='block_1_90' title="bbox 2164 4305 3697 4389">
    <p class='ocr_par' dir='ltr' id='par_1_90' title="bbox 2164 4305 3697 4389">
     <span class='ocr_line' id='line_1_90' title="bbox 2164 4305 3697 4389; baseline 0.007 -24"><span class='ocrx_word' id='word_1_667' title='bbox 2164 4316 2272 4389; x_wconf 85' lang='grc' dir='ltr'><strong>γὰρ</strong></span> <span class='ocrx_word' id='word_1_668' title='bbox 2303 4316 2423 4368; x_wconf 83' lang='grc' dir='ltr'><strong>καθ’</strong></span> <span class='ocrx_word' id='word_1_669' title='bbox 2467 4318 2614 4386; x_wconf 78' lang='grc' dir='ltr'><strong>ἡμᾶς</strong></span> <span class='ocrx_word' id='word_1_670' title='bbox 2651 4315 2936 4387; x_wconf 86' lang='grc' dir='ltr'><strong>μεθύουσιν</strong></span> <span class='ocrx_word' id='word_1_671' title='bbox 2982 4316 3032 4368; x_wconf 86' lang='grc' dir='ltr'><strong>οἱ</strong></span> <span class='ocrx_word' id='word_1_672' title='bbox 3078 4319 3189 4378; x_wconf 90' lang='grc' dir='ltr'><strong>τοίς</strong></span> <span class='ocrx_word' id='word_1_673' title='bbox 3228 4314 3456 4386; x_wconf 64' lang='grc' dir='ltr'><strong>ἀψύχοις</strong></span> <span class='ocrx_word' id='word_1_674' title='bbox 3497 4313 3565 4374; x_wconf 83' lang='grc' dir='ltr'><strong>ὡς</strong></span> <span class='ocrx_word' id='word_1_675' title='bbox 3601 4305 3697 4376; x_wconf 74' lang='grc' dir='ltr'><strong>θεῷ</strong></span> 
     </span>
    </p>
   </div>
   <div class='ocr_carea' id='block_1_91' title="bbox 2164 4401 3696 4482">
    <p class='ocr_par' dir='ltr' id='par_1_91' title="bbox 2164 4401 3696 4482">
     <span class='ocr_line' id='line_1_91' title="bbox 2164 4401 3696 4482; baseline -0.005 -21"><span class='ocrx_word' id='word_1_676' title='bbox 2164 4407 2611 4482; x_wconf 82' lang='grc' dir='ltr'><strong>προσλαλοῦντες.</strong></span> <span class='ocrx_word' id='word_1_677' title='bbox 2641 4407 2751 4460; x_wconf 76' lang='grc' dir='ltr'><strong>Καὶ</strong></span> <span class='ocrx_word' id='word_1_678' title='bbox 2782 4407 2834 4460; x_wconf 93' lang='grc' dir='ltr'><strong>τί</strong></span> <span class='ocrx_word' id='word_1_679' title='bbox 2875 4407 3018 4476; x_wconf 89' lang='grc' dir='ltr'><strong>λέγω</strong></span> <span class='ocrx_word' id='word_1_680' title='bbox 3050 4407 3370 4477; x_wconf 88' lang='grc' dir='ltr'><strong>μεθύουσιν;</strong></span> <span class='ocrx_word' id='word_1_681' title='bbox 3405 4405 3588 4476; x_wconf 80' lang='grc' dir='ltr'><strong>μᾶλλον</strong></span> <span class='ocrx_word' id='word_1_682' title='bbox 3610 4401 3696 4471; x_wconf 81' lang='grc' dir='ltr'><strong>γὰρ</strong></span> 
     </span>
    </p>
   </div>
   <div class='ocr_carea' id='block_1_92' title="bbox 482 4489 2059 4573">
    <p class='ocr_par' dir='ltr' id='par_1_92' title="bbox 482 4489 2056 4563">
     <span class='ocr_line' id='line_1_92' title="bbox 482 4489 2056 4563; baseline 0.006 -23"><span class='ocrx_word' id='word_1_683' title='bbox 482 4489 701 4544; x_wconf 86' lang='lat' dir='ltr'><strong>ebrios?</strong></span> <span class='ocrx_word' id='word_1_684' title='bbox 733 4491 844 4543; x_wconf 92' lang='lat' dir='ltr'><strong>lmo</strong></span> <span class='ocrx_word' id='word_1_685' title='bbox 876 4491 1153 4544; x_wconf 89' lang='lat' dir='ltr'><strong>insaniunt</strong></span> <span class='ocrx_word' id='word_1_686' title='bbox 1192 4494 1310 4560; x_wconf 84' lang='lat' dir='ltr'><strong>qui,</strong></span> <span class='ocrx_word' id='word_1_687' title='bbox 1343 4497 1392 4547; x_wconf 92' lang='lat' dir='ltr'><strong>in</strong></span> <span class='ocrx_word' id='word_1_688' title='bbox 1423 4497 1618 4563; x_wconf 87' lang='lat' dir='ltr'><strong>templa</strong></span> <span class='ocrx_word' id='word_1_689' title='bbox 1651 4507 2056 4562; x_wconf 86' lang='lat' dir='ltr'><strong>procurrentes,</strong></span> 
     </span>
    </p>
   </div>
   <div class='ocr_carea' id='block_1_93' title="bbox 2165 4489 3696 4573">
    <p class='ocr_par' dir='ltr' id='par_1_93' title="bbox 2167 4495 3696 4573">
     <span class='ocr_line' id='line_1_93' title="bbox 2167 4495 3696 4573; baseline -0.005 -19"><span class='ocrx_word' id='word_1_690' title='bbox 2167 4503 2495 4573; x_wconf 86' lang='grc' dir='ltr'><strong>μεμήνασιν,</strong></span> <span class='ocrx_word' id='word_1_691' title='bbox 2528 4504 2606 4564; x_wconf 84' lang='grc' dir='ltr'><strong>είς</strong></span> <span class='ocrx_word' id='word_1_692' title='bbox 2631 4502 2757 4563; x_wconf 81' lang='grc' dir='ltr'><strong>τοὺς</strong></span> <span class='ocrx_word' id='word_1_693' title='bbox 2799 4499 2936 4564; x_wconf 89' lang='grc' dir='ltr'><strong>νεὼς</strong></span> <span class='ocrx_word' id='word_1_694' title='bbox 2984 4501 3326 4563; x_wconf 81' lang='grc' dir='ltr'><strong>σπεύδοντες.</strong></span> <span class='ocrx_word' id='word_1_695' title='bbox 3365 4501 3459 4553; x_wconf 77' lang='grc' dir='ltr'><strong>καὶ</strong></span> <span class='ocrx_word' id='word_1_696' title='bbox 3487 4499 3558 4561; x_wconf 83' lang='grc' dir='ltr'><strong>ὡς</strong></span> <span class='ocrx_word' id='word_1_697' title='bbox 3581 4495 3696 4554; x_wconf 82' lang='grc' dir='ltr'><strong>θεοῖς</strong></span> 
     </span>
    </p>
   </div>
   <div class='ocr_carea' id='block_1_94' title="bbox 484 4585 2059 4656">
    <p class='ocr_par' dir='ltr' id='par_1_94' title="bbox 484 4585 2059 4656">
     <span class='ocr_line' id='line_1_94' title="bbox 484 4585 2059 4656; baseline 0.008 -22"><span class='ocrx_word' id='word_1_698' title='bbox 484 4589 704 4637; x_wconf 84' lang='lat' dir='ltr'><strong>statuas</strong></span> <span class='ocrx_word' id='word_1_699' title='bbox 737 4585 970 4637; x_wconf 90' lang='lat' dir='ltr'><strong>adorant</strong></span> <span class='ocrx_word' id='word_1_700' title='bbox 1003 4596 1095 4638; x_wconf 87' lang='lat' dir='ltr'><strong>aut</strong></span> <span class='ocrx_word' id='word_1_701' title='bbox 1119 4585 1379 4640; x_wconf 88' lang='lat' dir='ltr'><strong>auitualia</strong></span> <span class='ocrx_word' id='word_1_702' title='bbox 1412 4590 1565 4656; x_wconf 87' lang='lat' dir='ltr'><strong>quasi</strong></span> <span class='ocrx_word' id='word_1_703' title='bbox 1596 4589 1666 4642; x_wconf 89' lang='lat' dir='ltr'><strong>dii</strong></span> <span class='ocrx_word' id='word_1_704' title='bbox 1706 4599 1910 4643; x_wconf 85' lang='lat' dir='ltr'><strong>essent.</strong></span> <span class='ocrx_word' id='word_1_705' title='bbox 1947 4590 2059 4646; x_wconf 82' lang='lat' dir='ltr'><strong>Nec</strong></span> 
     </span>
    </p>
   </div>
   <div class='ocr_carea' id='block_1_95' title="bbox 484 4662 2061 4747">
    <p class='ocr_par' dir='ltr' id='par_1_95' title="bbox 484 4662 2061 4747">
     <span class='ocr_line' id='line_1_95' title="bbox 484 4662 2061 4747; baseline 0.005 -19"><span class='ocrx_word' id='word_1_706' title='bbox 484 4662 707 4744; x_wconf 87' lang='lat' dir='ltr'><strong>sapiunt</strong></span> <span class='ocrx_word' id='word_1_707' title='bbox 750 4679 922 4747; x_wconf 86' lang='lat' dir='ltr'><strong>magis</strong></span> <span class='ocrx_word' id='word_1_708' title='bbox 969 4679 1068 4742; x_wconf 92' lang='lat' dir='ltr'><strong>illi,</strong></span> <span class='ocrx_word' id='word_1_709' title='bbox 1103 4679 1196 4746; x_wconf 91' lang='lat' dir='ltr'><strong>qui</strong></span> <span class='ocrx_word' id='word_1_710' title='bbox 1247 4683 1298 4731; x_wconf 90' lang='lat' dir='ltr'><strong>in</strong></span> <span class='ocrx_word' id='word_1_711' title='bbox 1335 4684 1595 4734; x_wconf 84' lang='lat' dir='ltr'><strong>hooorem</strong></span> <span class='ocrx_word' id='word_1_712' title='bbox 1641 4693 1891 4734; x_wconf 82' lang='lat' dir='ltr'><strong>verorum</strong></span> <span class='ocrx_word' id='word_1_713' title='bbox 1932 4685 2061 4736; x_wconf 89' lang='lat' dir='ltr'><strong>deo-</strong></span> 
     </span>
    </p>
   </div>
   <div class='ocr_carea' id='block_1_96' title="bbox 487 4770 2057 4839">
    <p class='ocr_par' dir='ltr' id='par_1_96' title="bbox 487 4770 2057 4839">
     <span class='ocr_line' id='line_1_96' title="bbox 487 4770 2057 4839; baseline 0.004 -20"><span class='ocrx_word' id='word_1_714' title='bbox 487 4779 610 4819; x_wconf 83' lang='lat' dir='ltr'><strong>rum</strong></span> <span class='ocrx_word' id='word_1_715' title='bbox 641 4783 762 4822; x_wconf 83' lang='lat' dir='ltr'><strong>csse</strong></span> <span class='ocrx_word' id='word_1_716' title='bbox 791 4779 984 4837; x_wconf 88' lang='lat' dir='ltr'><strong>putant</strong></span> <span class='ocrx_word' id='word_1_717' title='bbox 1009 4770 1305 4824; x_wconf 87' lang='lat' dir='ltr'><strong>simulacra</strong></span> <span class='ocrx_word' id='word_1_718' title='bbox 1337 4787 1367 4825; x_wconf 89' lang='lat' dir='ltr'><strong>a</strong></span> <span class='ocrx_word' id='word_1_719' title='bbox 1393 4771 1509 4839; x_wconf 88' lang='lat' dir='ltr'><strong>vili,</strong></span> <span class='ocrx_word' id='word_1_720' title='bbox 1535 4773 1806 4826; x_wconf 82' lang='lat' dir='ltr'><strong>interdum</strong></span> <span class='ocrx_word' id='word_1_721' title='bbox 1838 4773 2004 4828; x_wconf 85' lang='lat' dir='ltr'><strong>etiam</strong></span> <span class='ocrx_word' id='word_1_722' title='bbox 2027 4789 2057 4826; x_wconf 89' lang='lat' dir='ltr'><strong>a</strong></span> 
     </span>
    </p>
   </div>
   <div class='ocr_carea' id='block_1_97' title="bbox 487 4857 1476 4914">
    <p class='ocr_par' dir='ltr' id='par_1_97' title="bbox 487 4857 1476 4914">
     <span class='ocr_line' id='line_1_97' title="bbox 487 4857 1476 4914; baseline 0.003 -3"><span class='ocrx_word' id='word_1_723' title='bbox 487 4857 917 4912; x_wconf 76' lang='lat' dir='ltr'><strong>sceleratissimo</strong></span> <span class='ocrx_word' id='word_1_724' title='bbox 941 4861 1157 4914; x_wconf 82' lang='lat' dir='ltr'><strong>artilice</strong></span> <span class='ocrx_word' id='word_1_725' title='bbox 1186 4860 1476 4914; x_wconf 76' lang='lat' dir='ltr'><strong>fabricata.</strong></span> 
     </span>
    </p>
   </div>
   <div class='ocr_carea' id='block_1_98' title="bbox 562 4943 2064 5020">
    <p class='ocr_par' dir='ltr' id='par_1_98' title="bbox 562 4943 2064 5020">
     <span class='ocr_line' id='line_1_98' title="bbox 562 4943 2064 5020; baseline 0.002 -19"><span class='ocrx_word' id='word_1_726' title='bbox 562 4943 649 5002; x_wconf 85' lang='lat'><strong>77.</strong></span> <span class='ocrx_word' id='word_1_727' title='bbox 708 4947 901 5004; x_wconf 84' lang='lat' dir='ltr'><strong>Postea</strong></span> <span class='ocrx_word' id='word_1_728' title='bbox 954 4951 1167 5005; x_wconf 82' lang='lat' dir='ltr'><strong>confert</strong></span> <span class='ocrx_word' id='word_1_729' title='bbox 1215 4966 1341 5006; x_wconf 88' lang='lat' dir='ltr'><strong>cum</strong></span> <span class='ocrx_word' id='word_1_730' title='bbox 1397 4950 1656 5020; x_wconf 90' lang='lat' dir='ltr'><strong>lippiente</strong></span> <span class='ocrx_word' id='word_1_731' title='bbox 1691 4949 1972 5005; x_wconf 90' lang='lat' dir='ltr'><strong>doctorem</strong></span> <span class='ocrx_word' id='word_1_732' title='bbox 2007 4960 2064 5006; x_wconf 92' lang='lat' dir='ltr'><strong>et</strong></span> 
     </span>
    </p>
   </div>
   <div class='ocr_carea' id='block_1_99' title="bbox 486 5040 2061 5112">
    <p class='ocr_par' dir='ltr' id='par_1_99' title="bbox 486 5040 2061 5112">
     <span class='ocr_line' id='line_1_99' title="bbox 486 5040 2061 5112; baseline 0.003 -20"><span class='ocrx_word' id='word_1_733' title='bbox 486 5051 614 5092; x_wconf 92' lang='lat' dir='ltr'><strong>cum</strong></span> <span class='ocrx_word' id='word_1_734' title='bbox 679 5040 1032 5110; x_wconf 82' lang='lat' dir='ltr'><strong>lippientibus</strong></span> <span class='ocrx_word' id='word_1_735' title='bbox 1080 5043 1397 5109; x_wconf 90' lang='lat' dir='ltr'><strong>auditores,</strong></span> <span class='ocrx_word' id='word_1_736' title='bbox 1450 5044 1632 5111; x_wconf 77' lang='lat' dir='ltr'><strong>aitque</strong></span> <span class='ocrx_word' id='word_1_737' title='bbox 1685 5061 1703 5094; x_wconf 80' lang='grc' dir='ltr'><strong>ι</strong></span> <span class='ocrx_word' id='word_1_738' title='bbox 1746 5043 2061 5112; x_wconf 89' lang='lat' dir='ltr'><strong>lippientem</strong></span> 
     </span>
    </p>
   </div>
   <div class='ocr_carea' id='block_1_100' title="bbox 489 5130 2066 5203">
    <p class='ocr_par' dir='ltr' id='par_1_100' title="bbox 489 5130 2066 5203">
     <span class='ocr_line' id='line_1_100' title="bbox 489 5130 2066 5203; baseline 0.004 -21"><span class='ocrx_word' id='word_1_739' title='bbox 489 5130 632 5198; x_wconf 86' lang='lat' dir='ltr'><strong>apud</strong></span> <span class='ocrx_word' id='word_1_740' title='bbox 670 5131 754 5184; x_wconf 90' lang='lat' dir='ltr'><strong>sui</strong></span> <span class='ocrx_word' id='word_1_741' title='bbox 787 5132 1018 5196; x_wconf 81' lang='lat' dir='ltr'><strong>similes,</strong></span> <span class='ocrx_word' id='word_1_742' title='bbox 1057 5133 1332 5203; x_wconf 73' lang='lat' dir='ltr'><strong>postulare</strong></span> <span class='ocrx_word' id='word_1_743' title='bbox 1364 5133 1628 5188; x_wconf 69' lang='lat' dir='ltr'><strong>caecitatis</strong></span> <span class='ocrx_word' id='word_1_744' title='bbox 1655 5149 1751 5188; x_wconf 89' lang='lat' dir='ltr'><strong>eos</strong></span> <span class='ocrx_word' id='word_1_745' title='bbox 1789 5133 1880 5202; x_wconf 91' lang='lat' dir='ltr'><strong>qui</strong></span> <span class='ocrx_word' id='word_1_746' title='bbox 1907 5142 2066 5188; x_wconf 89' lang='lat' dir='ltr'><strong>acute</strong></span> 
     </span>
    </p>
   </div>
   <div class='ocr_carea' id='block_1_101' title="bbox 489 5224 2063 5296">
    <p class='ocr_par' dir='ltr' id='par_1_101' title="bbox 489 5224 2063 5296">
     <span class='ocr_line' id='line_1_101' title="bbox 489 5224 2063 5296; baseline 0.001 -18"><span class='ocrx_word' id='word_1_747' title='bbox 489 5235 744 5278; x_wconf 90' lang='lat' dir='ltr'><strong>cernunt.</strong></span> <span class='ocrx_word' id='word_1_748' title='bbox 776 5242 796 5276; x_wconf 72' lang='grc' dir='ltr'><strong>ι</strong></span> <span class='ocrx_word' id='word_1_749' title='bbox 835 5224 1068 5291; x_wconf 86' lang='lat' dir='ltr'><strong>Quinam</strong></span> <span class='ocrx_word' id='word_1_750' title='bbox 1123 5227 1288 5296; x_wconf 87' lang='lat' dir='ltr'><strong>igitur</strong></span> <span class='ocrx_word' id='word_1_751' title='bbox 1334 5227 1428 5280; x_wconf 90' lang='lat' dir='ltr'><strong>alii</strong></span> <span class='ocrx_word' id='word_1_752' title='bbox 1481 5239 1630 5292; x_wconf 90' lang='lat' dir='ltr'><strong>sunt,</strong></span> <span class='ocrx_word' id='word_1_753' title='bbox 1663 5241 1694 5281; x_wconf 91' lang='grc' dir='ltr'><strong>ο</strong></span> <span class='ocrx_word' id='word_1_754' title='bbox 1724 5227 1924 5290; x_wconf 72' lang='lat' dir='ltr'><strong>Graeci,</strong></span> <span class='ocrx_word' id='word_1_755' title='bbox 1970 5226 2063 5296; x_wconf 90' lang='lat' dir='ltr'><strong>qui</strong></span> 
     </span>
    </p>
   </div>
   <div class='ocr_carea' id='block_1_102' title="bbox 488 5316 2063 5389">
    <p class='ocr_par' dir='ltr' id='par_1_102' title="bbox 488 5316 2063 5389">
     <span class='ocr_line' id='line_1_102' title="bbox 488 5316 2063 5389; baseline 0.003 -20"><span class='ocrx_word' id='word_1_756' title='bbox 488 5316 650 5370; x_wconf 86' lang='lat' dir='ltr'><strong>nobis</strong></span> <span class='ocrx_word' id='word_1_757' title='bbox 674 5331 794 5370; x_wconf 87' lang='lat' dir='ltr'><strong>esse</strong></span> <span class='ocrx_word' id='word_1_758' title='bbox 829 5318 956 5371; x_wconf 66' lang='lat' dir='ltr'><strong>caeci</strong></span> <span class='ocrx_word' id='word_1_759' title='bbox 993 5319 1304 5384; x_wconf 88' lang='lat' dir='ltr'><strong>videantur,</strong></span> <span class='ocrx_word' id='word_1_760' title='bbox 1337 5320 1440 5374; x_wconf 88' lang='lat' dir='ltr'><strong>nisi</strong></span> <span class='ocrx_word' id='word_1_761' title='bbox 1477 5319 1570 5389; x_wconf 94' lang='lat' dir='ltr'><strong>qui</strong></span> <span class='ocrx_word' id='word_1_762' title='bbox 1606 5336 1668 5374; x_wconf 84' lang='lat' dir='ltr'><strong>ex</strong></span> <span class='ocrx_word' id='word_1_763' title='bbox 1703 5329 1851 5373; x_wconf 90' lang='lat' dir='ltr'><strong>tanta</strong></span> <span class='ocrx_word' id='word_1_764' title='bbox 1883 5333 2063 5373; x_wconf 91' lang='lat' dir='ltr'><strong>rerum</strong></span> 
     </span>
    </p>
   </div>
   <div class='ocr_carea' id='block_1_103' title="bbox 564 5431 2066 5506">
    <p class='ocr_par' dir='ltr' id='par_1_103' title="bbox 564 5431 2066 5506">
     <span class='ocr_line' id='line_1_103' title="bbox 564 5431 2066 5506; baseline 0.003 -22"><span class='ocrx_word' id='word_1_765' title='bbox 564 5431 675 5502; x_wconf 79' lang='lat'><strong>(99)</strong></span> <span class='ocrx_word' id='word_1_766' title='bbox 721 5431 1000 5506; x_wconf 75' lang='lat' dir='ltr'><strong>Bolierello</strong></span> <span class='ocrx_word' id='word_1_767' title='bbox 1025 5438 1368 5489; x_wconf 87' lang='lat' dir='ltr'><strong>scribendum</strong></span> <span class='ocrx_word' id='word_1_768' title='bbox 1399 5437 1633 5501; x_wconf 85' lang='lat' dir='ltr'><strong>videtur,</strong></span> <span class='ocrx_word' id='word_1_769' title='bbox 1678 5435 2066 5506; x_wconf 85' lang='grc' dir='ltr'><strong>φιλανθρωπό-</strong></span> 
     </span>
    </p>
   </div>
   <div class='ocr_carea' id='block_1_104' title="bbox 492 5503 1707 5578">
    <p class='ocr_par' dir='ltr' id='par_1_104' title="bbox 492 5503 1707 5578">
     <span class='ocr_line' id='line_1_104' title="bbox 492 5503 1707 5578; baseline 0.003 -21"><span class='ocrx_word' id='word_1_770' title='bbox 492 5517 638 5578; x_wconf 23' lang='grc' dir='ltr'><strong>τατα.</strong></span> <span class='ocrx_word' id='word_1_771' title='bbox 653 5503 747 5578; x_wconf 72' lang='grc' dir='ltr'><strong>καὶ</strong></span> <span class='ocrx_word' id='word_1_772' title='bbox 768 5503 950 5578; x_wconf 74' lang='grc' dir='ltr'><strong>ψυχῷν</strong></span> <span class='ocrx_word' id='word_1_773' title='bbox 972 5506 1364 5578; x_wconf 79' lang='grc' dir='ltr'><strong>ἐπιστρεπτικά</strong></span> <span class='ocrx_word' id='word_1_774' title='bbox 1396 5503 1707 5578; x_wconf 80' lang='grc' dir='ltr'><strong>μαθήματαῖ</strong></span> 
     </span>
    </p>
   </div>
   <div class='ocr_carea' id='block_1_105' title="bbox 567 5573 2068 5658">
    <p class='ocr_par' dir='ltr' id='par_1_105' title="bbox 567 5573 2068 5658">
     <span class='ocr_line' id='line_1_105' title="bbox 567 5573 2068 5658; baseline 0.005 -34"><span class='ocrx_word' id='word_1_775' title='bbox 567 5573 646 5658; x_wconf 50' lang='grc'><strong>(1)</strong></span> <span class='ocrx_word' id='word_1_776' title='bbox 686 5573 865 5626; x_wconf 75' lang='lat' dir='ltr'><strong>Codex</strong></span> <span class='ocrx_word' id='word_1_777' title='bbox 899 5573 1244 5643; x_wconf 76' lang='lat' dir='ltr'><strong>Basileetisis,</strong></span> <span class='ocrx_word' id='word_1_778' title='bbox 1272 5573 1685 5650; x_wconf 68' lang='grc' dir='ltr'><strong>θεράπεύωμεν.</strong></span> <span class='ocrx_word' id='word_1_779' title='bbox 1719 5577 1887 5642; x_wconf 76' lang='lat' dir='ltr'><strong>Alias,</strong></span> <span class='ocrx_word' id='word_1_780' title='bbox 1915 5582 2068 5650; x_wconf 82' lang='grc' dir='ltr'><strong>θερα-</strong></span> 
     </span>
    </p>
   </div>
   <div class='ocr_carea' id='block_1_106' title="bbox 492 5659 754 5714">
    <p class='ocr_par' dir='ltr' id='par_1_106' title="bbox 492 5659 754 5714">
     <span class='ocr_line' id='line_1_106' title="bbox 492 5659 754 5714; baseline -0.015 -16"><span class='ocrx_word' id='word_1_781' title='bbox 492 5659 754 5714; x_wconf 81' lang='grc' dir='ltr'><strong>πευομεν.</strong></span> 
     </span>
    </p>
   </div>
   <div class='ocr_carea' id='block_1_107' title="bbox 570 5713 2066 5784">
    <p class='ocr_par' dir='ltr' id='par_1_107' title="bbox 570 5713 2066 5784">
     <span class='ocr_line' id='line_1_107' title="bbox 570 5713 2066 5784; baseline 0.003 -18"><span class='ocrx_word' id='word_1_782' title='bbox 570 5713 668 5784; x_wconf 74' lang='lat'><strong>(&#39;2)</strong></span> <span class='ocrx_word' id='word_1_783' title='bbox 709 5713 1047 5783; x_wconf 79' lang='grc' dir='ltr'><strong>Χριστιανοὶ</strong></span> <span class='ocrx_word' id='word_1_784' title='bbox 1117 5713 1342 5784; x_wconf 77' lang='grc' dir='ltr'><strong>ζῶντες.</strong></span> <span class='ocrx_word' id='word_1_785' title='bbox 1405 5718 1756 5773; x_wconf 87' lang='lat' dir='ltr'><strong>Scribendum</strong></span> <span class='ocrx_word' id='word_1_786' title='bbox 1832 5718 2066 5779; x_wconf 81' lang='lat' dir='ltr'><strong>videtur,</strong></span> 
     </span>
    </p>
   </div>
   <div class='ocr_carea' id='block_1_108' title="bbox 500 5784 2065 5859">
    <p class='ocr_par' dir='ltr' id='par_1_108' title="bbox 500 5784 2065 5859">
     <span class='ocr_line' id='line_1_108' title="bbox 500 5784 2065 5859; baseline -0.001 -17"><span class='ocrx_word' id='word_1_787' title='bbox 500 5784 990 5854; x_wconf 73' lang='grc' dir='ltr'><strong>Χριστιανίςοντες.</strong></span> <span class='ocrx_word' id='word_1_788' title='bbox 1040 5785 1208 5843; x_wconf 84' lang='lat' dir='ltr'><strong>Paulo</strong></span> <span class='ocrx_word' id='word_1_789' title='bbox 1255 5800 1376 5859; x_wconf 85' lang='lat' dir='ltr'><strong>post</strong></span> <span class='ocrx_word' id='word_1_790' title='bbox 1407 5791 1575 5846; x_wconf 77' lang='lat' dir='ltr'><strong>codex</strong></span> <span class='ocrx_word' id='word_1_791' title='bbox 1632 5789 1973 5855; x_wconf 78' lang='lat' dir='ltr'><strong>Basileensis,</strong></span> <span class='ocrx_word' id='word_1_792' title='bbox 2004 5789 2065 5842; x_wconf 80' lang='grc' dir='ltr'><strong>οὺ</strong></span> 
     </span>
    </p>
   </div>
   <div class='ocr_carea' id='block_1_109' title="bbox 2161 4582 3696 4664">
    <p class='ocr_par' dir='ltr' id='par_1_109' title="bbox 2161 4582 3696 4664">
     <span class='ocr_line' id='line_1_109' title="bbox 2161 4582 3696 4664; baseline -0.016 -18"><span class='ocrx_word' id='word_1_793' title='bbox 2161 4598 2272 4658; x_wconf 87' lang='grc' dir='ltr'><strong>τοῖς</strong></span> <span class='ocrx_word' id='word_1_794' title='bbox 2301 4594 2607 4664; x_wconf 86' lang='grc' dir='ltr'><strong>ἀγάλμασιν</strong></span> <span class='ocrx_word' id='word_1_795' title='bbox 2632 4593 2664 4664; x_wconf 87' lang='grc' dir='ltr'>ἢ</span> <span class='ocrx_word' id='word_1_796' title='bbox 2696 4595 2808 4656; x_wconf 88' lang='grc' dir='ltr'><strong>τοῖς</strong></span> <span class='ocrx_word' id='word_1_797' title='bbox 2835 4591 2992 4657; x_wconf 82' lang='grc' dir='ltr'><strong>ζώοις</strong></span> <span class='ocrx_word' id='word_1_798' title='bbox 3016 4590 3466 4664; x_wconf 88' lang='grc' dir='ltr'><strong>προσκυνοῦντες.</strong></span> <span class='ocrx_word' id='word_1_799' title='bbox 3497 4589 3600 4658; x_wconf 79' lang='grc' dir='ltr'><strong>Οὐχ</strong></span> <span class='ocrx_word' id='word_1_800' title='bbox 3622 4582 3696 4656; x_wconf 74' lang='grc' dir='ltr'><strong>ἦτ.</strong></span> 
     </span>
    </p>
   </div>
   <div class='ocr_carea' id='block_1_110' title="bbox 2161 4674 3695 4756">
    <p class='ocr_par' dir='ltr' id='par_1_110' title="bbox 2161 4674 3695 4756">
     <span class='ocr_line' id='line_1_110' title="bbox 2161 4674 3695 4756; baseline -0.006 -19"><span class='ocrx_word' id='word_1_801' title='bbox 2161 4703 2252 4738; x_wconf 89' lang='grc' dir='ltr'><strong>τον</strong></span> <span class='ocrx_word' id='word_1_802' title='bbox 2280 4685 2337 4739; x_wconf 82' lang='grc' dir='ltr'><strong>δὲ</strong></span> <span class='ocrx_word' id='word_1_803' title='bbox 2369 4685 2572 4738; x_wconf 86' lang='grc' dir='ltr'><strong>τούτων</strong></span> <span class='ocrx_word' id='word_1_804' title='bbox 2603 4685 2880 4756; x_wconf 87' lang='grc' dir='ltr'><strong>μαίνονται</strong></span> <span class='ocrx_word' id='word_1_805' title='bbox 2913 4685 3006 4736; x_wconf 80' lang='grc' dir='ltr'><strong>καὶ</strong></span> <span class='ocrx_word' id='word_1_806' title='bbox 3046 4685 3096 4736; x_wconf 77' lang='grc' dir='ltr'><strong>οἱ</strong></span> <span class='ocrx_word' id='word_1_807' title='bbox 3127 4682 3436 4752; x_wconf 76' lang='grc' dir='ltr'><strong>νομίζοντες</strong></span> <span class='ocrx_word' id='word_1_808' title='bbox 3463 4683 3538 4743; x_wconf 88' lang='grc' dir='ltr'><strong>εἰς</strong></span> <span class='ocrx_word' id='word_1_809' title='bbox 3565 4674 3695 4746; x_wconf 77' lang='grc' dir='ltr'><strong>τιμὴν</strong></span> 
     </span>
    </p>
   </div>
   <div class='ocr_carea' id='block_1_111' title="bbox 2163 4764 3697 4846">
    <p class='ocr_par' dir='ltr' id='par_1_111' title="bbox 2163 4764 3697 4846">
     <span class='ocr_line' id='line_1_111' title="bbox 2163 4764 3697 4846; baseline -0.008 -18"><span class='ocrx_word' id='word_1_810' title='bbox 2163 4775 2300 4829; x_wconf 85' lang='grc' dir='ltr'><strong>θεῶν</strong></span> <span class='ocrx_word' id='word_1_811' title='bbox 2327 4775 2592 4846; x_wconf 84' lang='grc' dir='ltr'><strong>ἀληθινῶν</strong></span> <span class='ocrx_word' id='word_1_812' title='bbox 2623 4773 3050 4828; x_wconf 86' lang='grc' dir='ltr'><strong>κατεσκευάσθαι</strong></span> <span class='ocrx_word' id='word_1_813' title='bbox 3076 4772 3146 4826; x_wconf 85' lang='grc' dir='ltr'><strong>τά</strong></span> <span class='ocrx_word' id='word_1_814' title='bbox 3179 4773 3284 4825; x_wconf 79' lang='grc' dir='ltr'><strong>ὑπὸ</strong></span> <span class='ocrx_word' id='word_1_815' title='bbox 3324 4771 3592 4842; x_wconf 85' lang='grc' dir='ltr'><strong>βαναύσων</strong></span> <span class='ocrx_word' id='word_1_816' title='bbox 3622 4764 3697 4818; x_wconf 81' lang='grc' dir='ltr'><strong>καὶ</strong></span> 
     </span>
    </p>
   </div>
   <div class='ocr_carea' id='block_1_112' title="bbox 2162 4863 3550 4938">
    <p class='ocr_par' dir='ltr' id='par_1_112' title="bbox 2162 4863 3550 4938">
     <span class='ocr_line' id='line_1_112' title="bbox 2162 4863 3550 4938; baseline -0.004 -18"><span class='ocrx_word' id='word_1_817' title='bbox 2162 4867 2507 4936; x_wconf 81' lang='grc' dir='ltr'><strong>φαυλοτάτων</strong></span> <span class='ocrx_word' id='word_1_818' title='bbox 2531 4867 2641 4921; x_wconf 76' lang='grc' dir='ltr'><strong>ἔσθ’</strong></span> <span class='ocrx_word' id='word_1_819' title='bbox 2666 4868 2756 4921; x_wconf 84' lang='grc' dir='ltr'><strong>ὅτε</strong></span> <span class='ocrx_word' id='word_1_820' title='bbox 2780 4865 2988 4938; x_wconf 83' lang='grc' dir='ltr'><strong>ἀνδρῶν</strong></span> <span class='ocrx_word' id='word_1_821' title='bbox 3018 4863 3550 4934; x_wconf 73' lang='grc' dir='ltr'><strong>κατασκευαζόμενα.</strong></span> 
     </span>
    </p>
   </div>
   <div class='ocr_carea' id='block_1_113' title="bbox 2232 4943 3695 5029">
    <p class='ocr_par' dir='ltr' id='par_1_113' title="bbox 2232 4943 3695 5029">
     <span class='ocr_line' id='line_1_113' title="bbox 2232 4943 3695 5029; baseline -0.01 -17"><span class='ocrx_word' id='word_1_822' title='bbox 2232 4958 2385 5012; x_wconf 77' lang='grc' dir='ltr'><strong>Μετὰ</strong></span> <span class='ocrx_word' id='word_1_823' title='bbox 2430 4958 2602 5012; x_wconf 89' lang='grc' dir='ltr'><strong>ταῦτα</strong></span> <span class='ocrx_word' id='word_1_824' title='bbox 2644 4957 2878 5029; x_wconf 80' lang='grc' dir='ltr'><strong>ἐξομοιοῖ</strong></span> <span class='ocrx_word' id='word_1_825' title='bbox 2918 4956 3008 5010; x_wconf 85' lang='grc' dir='ltr'><strong>τὸν</strong></span> <span class='ocrx_word' id='word_1_826' title='bbox 3047 4955 3144 5026; x_wconf 81' lang='grc' dir='ltr'><strong>μὲν</strong></span> <span class='ocrx_word' id='word_1_827' title='bbox 3181 4953 3492 5010; x_wconf 84' lang='grc' dir='ltr'><strong>διδάσκοντα</strong></span> <span class='ocrx_word' id='word_1_828' title='bbox 3529 4943 3695 5018; x_wconf 86' lang='grc' dir='ltr'><strong>ὀφθαλ-</strong></span> 
     </span>
    </p>
   </div>
   <div class='ocr_carea' id='block_1_114' title="bbox 2169 5041 3696 5121">
    <p class='ocr_par' dir='ltr' id='par_1_114' title="bbox 2169 5041 3696 5121">
     <span class='ocr_line' id='line_1_114' title="bbox 2169 5041 3696 5121; baseline -0.004 -20"><span class='ocrx_word' id='word_1_829' title='bbox 2169 5049 2381 5120; x_wconf 83' lang='grc' dir='ltr'><strong>μιῶντι,</strong></span> <span class='ocrx_word' id='word_1_830' title='bbox 2410 5051 2534 5114; x_wconf 79' lang='grc' dir='ltr'><strong>τοὺς</strong></span> <span class='ocrx_word' id='word_1_831' title='bbox 2565 5051 2622 5103; x_wconf 80' lang='grc' dir='ltr'><strong>δὲ</strong></span> <span class='ocrx_word' id='word_1_832' title='bbox 2663 5049 3031 5121; x_wconf 88' lang='grc' dir='ltr'><strong>μανθάνοντας</strong></span> <span class='ocrx_word' id='word_1_833' title='bbox 3062 5045 3403 5116; x_wconf 84' lang='grc' dir='ltr'><strong>ὀφθαλμιῶσι</strong></span> <span class='ocrx_word' id='word_1_834' title='bbox 3422 5061 3436 5075; x_wconf 89' lang='grc'><strong>·</strong></span> <span class='ocrx_word' id='word_1_835' title='bbox 3467 5041 3553 5096; x_wconf 89' lang='grc' dir='ltr'><strong>καί</strong></span> <span class='ocrx_word' id='word_1_836' title='bbox 3588 5051 3696 5108; x_wconf 76' lang='grc' dir='ltr'><strong>φησι</strong></span> 
     </span>
    </p>
   </div>
   <div class='ocr_carea' id='block_1_115' title="bbox 2171 5124 3694 5210">
    <p class='ocr_par' dir='ltr' id='par_1_115' title="bbox 2171 5124 3694 5210">
     <span class='ocr_line' id='line_1_115' title="bbox 2171 5124 3694 5210; baseline -0.006 -19"><span class='ocrx_word' id='word_1_837' title='bbox 2171 5159 2190 5191; x_wconf 75' lang='grc' dir='ltr'><strong>ι</strong></span> <span class='ocrx_word' id='word_1_838' title='bbox 2226 5139 2413 5194; x_wconf 86' lang='grc' dir='ltr'><strong>τοῦτον</strong></span> <span class='ocrx_word' id='word_1_839' title='bbox 2438 5141 2530 5193; x_wconf 79' lang='grc' dir='ltr'><strong>ἐπὶ</strong></span> <span class='ocrx_word' id='word_1_840' title='bbox 2560 5140 2663 5193; x_wconf 83' lang='grc' dir='ltr'><strong>τῶν</strong></span> <span class='ocrx_word' id='word_1_841' title='bbox 2703 5137 3124 5210; x_wconf 83' lang='grc' dir='ltr'><strong>ὀφθαλμιώντων</strong></span> <span class='ocrx_word' id='word_1_842' title='bbox 3165 5135 3435 5189; x_wconf 78' lang='grc' dir='ltr'><strong>αἰτιᾶσθαι</strong></span> <span class='ocrx_word' id='word_1_843' title='bbox 3475 5131 3588 5192; x_wconf 81' lang='grc' dir='ltr'><strong>τοὺς</strong></span> <span class='ocrx_word' id='word_1_844' title='bbox 3619 5124 3694 5191; x_wconf 72' lang='grc' dir='ltr'><strong>ὀξὺ</strong></span> 
     </span>
    </p>
   </div>
   <div class='ocr_carea' id='block_1_116' title="bbox 2169 5213 3725 5302">
    <p class='ocr_par' dir='ltr' id='par_1_116' title="bbox 2169 5213 3725 5302">
     <span class='ocr_line' id='line_1_116' title="bbox 2169 5213 3725 5302; baseline -0.004 -19"><span class='ocrx_word' id='word_1_845' title='bbox 2169 5230 2462 5300; x_wconf 83' lang='grc' dir='ltr'><strong>βλέποντας</strong></span> <span class='ocrx_word' id='word_1_846' title='bbox 2478 5233 2553 5295; x_wconf 88' lang='grc' dir='ltr'><strong>ώς</strong></span> <span class='ocrx_word' id='word_1_847' title='bbox 2574 5231 3018 5302; x_wconf 84' lang='grc' dir='ltr'><strong>πεπηρωμένους.</strong></span> <span class='ocrx_word' id='word_1_848' title='bbox 3050 5249 3067 5281; x_wconf 76' lang='grc' dir='ltr'><strong>ι</strong></span> <span class='ocrx_word' id='word_1_849' title='bbox 3089 5229 3244 5292; x_wconf 81' lang='grc' dir='ltr'><strong>Τίνες</strong></span> <span class='ocrx_word' id='word_1_850' title='bbox 3259 5222 3351 5280; x_wconf 77' lang='grc' dir='ltr'><strong>οῦν</strong></span> <span class='ocrx_word' id='word_1_851' title='bbox 3371 5224 3600 5294; x_wconf 73' lang='grc' dir='ltr'><strong>εἴποιμεν</strong></span> <span class='ocrx_word' id='word_1_852' title='bbox 3613 5213 3691 5287; x_wconf 58' lang='grc' dir='ltr'><strong>(ὃ).</strong></span> <span class='ocrx_word' id='word_1_853' title='bbox 3724 5261 3725 5264; x_wconf 60' lang='grc' dir='ltr'><strong>η</strong></span> 
     </span>
    </p>
   </div>
   <div class='ocr_carea' id='block_1_117' title="bbox 2171 5305 3692 5395">
    <p class='ocr_par' dir='ltr' id='par_1_117' title="bbox 2171 5305 3692 5395">
     <span class='ocr_line' id='line_1_117' title="bbox 2171 5305 3692 5395; baseline -0.01 -19"><span class='ocrx_word' id='word_1_854' title='bbox 2171 5324 2446 5395; x_wconf 83' lang='grc' dir='ltr'><strong>Ἕλληνες,</strong></span> <span class='ocrx_word' id='word_1_855' title='bbox 2503 5326 2573 5389; x_wconf 89' lang='grc' dir='ltr'><strong>οἱ,</strong></span> <span class='ocrx_word' id='word_1_856' title='bbox 2614 5324 2732 5378; x_wconf 88' lang='grc' dir='ltr'><strong>καθ’</strong></span> <span class='ocrx_word' id='word_1_857' title='bbox 2775 5327 2920 5395; x_wconf 75' lang='grc' dir='ltr'><strong>ἡμᾶς</strong></span> <span class='ocrx_word' id='word_1_858' title='bbox 2941 5325 2998 5377; x_wconf 83' lang='grc' dir='ltr'><strong>ού</strong></span> <span class='ocrx_word' id='word_1_859' title='bbox 3038 5319 3406 5393; x_wconf 76' lang='grc' dir='ltr'><strong>βλέποντες,ἢ</strong></span> <span class='ocrx_word' id='word_1_860' title='bbox 3449 5320 3495 5370; x_wconf 82' lang='grc' dir='ltr'><strong>οἱ</strong></span> <span class='ocrx_word' id='word_1_861' title='bbox 3533 5317 3589 5367; x_wconf 88' lang='grc' dir='ltr'><strong>ἐκ</strong></span> <span class='ocrx_word' id='word_1_862' title='bbox 3617 5305 3692 5363; x_wconf 83' lang='grc' dir='ltr'><strong>τοῦ</strong></span> 
     </span>
    </p>
   </div>
   <div class='ocr_carea' id='block_1_118' title="bbox 2169 5425 3692 5522">
    <p class='ocr_par' dir='ltr' id='par_1_118' title="bbox 2169 5425 3692 5522">
     <span class='ocr_line' id='line_1_118' title="bbox 2169 5425 3692 5522; baseline -0.005 -33"><span class='ocrx_word' id='word_1_863' title='bbox 2169 5435 2583 5522; x_wconf 63' lang='grc' dir='ltr'><strong>κμταφεύγομεν</strong></span> <span class='ocrx_word' id='word_1_864' title='bbox 2646 5431 2757 5488; x_wconf 83' lang='grc' dir='ltr'><strong>οὖν.</strong></span> <span class='ocrx_word' id='word_1_865' title='bbox 2809 5435 2991 5497; x_wconf 83' lang='lat' dir='ltr'><strong>Alias,</strong></span> <span class='ocrx_word' id='word_1_866' title='bbox 3037 5433 3098 5485; x_wconf 82' lang='grc' dir='ltr'><strong>ού</strong></span> <span class='ocrx_word' id='word_1_867' title='bbox 3150 5431 3260 5501; x_wconf 85' lang='grc' dir='ltr'><strong>γὰρ</strong></span> <span class='ocrx_word' id='word_1_868' title='bbox 3322 5425 3692 5496; x_wconf 81' lang='grc' dir='ltr'><strong>καταφεύγομεν</strong></span> 
     </span>
    </p>
   </div>
   <div class='ocr_carea' id='block_1_119' title="bbox 2168 5524 3692 5644">
    <p class='ocr_par' dir='ltr' id='par_1_119' title="bbox 2168 5524 3692 5644">
     <span class='ocr_line' id='line_1_119' title="bbox 2168 5524 3692 5644; baseline -0.005 -13"><span class='ocrx_word' id='word_1_869' title='bbox 2168 5524 2316 5644; x_wconf 54' lang='lat' dir='ltr'><strong>oui-&#39;5)</strong></span> <span class='ocrx_word' id='word_1_870' title='bbox 2355 5576 2524 5631; x_wconf 89' lang='lat' dir='ltr'><strong>Codd.</strong></span> <span class='ocrx_word' id='word_1_871' title='bbox 2558 5577 2786 5644; x_wconf 79' lang='lat' dir='ltr'><strong>Regius,</strong></span> <span class='ocrx_word' id='word_1_872' title='bbox 2836 5571 3158 5627; x_wconf 85' lang='lat' dir='ltr'><strong>Basileensis</strong></span> <span class='ocrx_word' id='word_1_873' title='bbox 3202 5581 3257 5625; x_wconf 92' lang='lat' dir='ltr'><strong>et</strong></span> <span class='ocrx_word' id='word_1_874' title='bbox 3306 5570 3411 5623; x_wconf 86' lang='lat' dir='ltr'><strong>duo</strong></span> <span class='ocrx_word' id='word_1_875' title='bbox 3448 5559 3692 5623; x_wconf 62' lang='lat' dir='ltr'><strong>Vaticani.</strong></span> 
     </span>
    </p>
   </div>
   <div class='ocr_carea' id='block_1_120' title="bbox 2170 5648 2935 5716">
    <p class='ocr_par' dir='ltr' id='par_1_120' title="bbox 2170 5648 2935 5716">
     <span class='ocr_line' id='line_1_120' title="bbox 2170 5648 2935 5716; baseline -0.005 -17"><span class='ocrx_word' id='word_1_876' title='bbox 2170 5649 2446 5716; x_wconf 81' lang='grc' dir='ltr'><strong>νήφοντες,</strong></span> <span class='ocrx_word' id='word_1_877' title='bbox 2481 5648 2634 5716; x_wconf 73' lang='lat' dir='ltr'><strong>alias,</strong></span> <span class='ocrx_word' id='word_1_878' title='bbox 2661 5648 2935 5715; x_wconf 76' lang='grc' dir='ltr'><strong>νήφοντος.</strong></span> 
     </span>
    </p>
   </div>
   <div class='ocr_carea' id='block_1_121' title="bbox 2240 5703 3693 5786">
    <p class='ocr_par' dir='ltr' id='par_1_121' title="bbox 2240 5703 3693 5786">
     <span class='ocr_line' id='line_1_121' title="bbox 2240 5703 3693 5786; baseline -0.007 -17"><span class='ocrx_word' id='word_1_879' title='bbox 2240 5703 2315 5786; x_wconf 68' lang='grc' dir='ltr'><strong>(Δ)</strong></span> <span class='ocrx_word' id='word_1_880' title='bbox 2362 5703 2526 5782; x_wconf 49' lang='grc' dir='ltr'><strong>Τίνες</strong></span> <span class='ocrx_word' id='word_1_881' title='bbox 2551 5703 2663 5772; x_wconf 58' lang='grc' dir='ltr'><strong>οὖιρ</strong></span> <span class='ocrx_word' id='word_1_882' title='bbox 2686 5703 2973 5786; x_wconf 52' lang='grc' dir='ltr'><strong>εἶὲωιμέν,</strong></span> <span class='ocrx_word' id='word_1_883' title='bbox 3003 5715 3311 5786; x_wconf 56' lang='grc' dir='ltr'><strong>Ἕλληιξες,</strong></span> <span class='ocrx_word' id='word_1_884' title='bbox 3337 5716 3409 5771; x_wconf 81' lang='grc' dir='ltr'><strong>οι,</strong></span> <span class='ocrx_word' id='word_1_885' title='bbox 3439 5703 3693 5786; x_wconf 59' lang='grc' dir='ltr'><strong>οιαῖοηθ</strong></span> 
     </span>
    </p>
   </div>
   <div class='ocr_carea' id='block_1_122' title="bbox 2171 5780 3604 5857">
    <p class='ocr_par' dir='ltr' id='par_1_122' title="bbox 2171 5780 3604 5857">
     <span class='ocr_line' id='line_1_122' title="bbox 2171 5780 3604 5857; baseline -0.01 -15"><span class='ocrx_word' id='word_1_886' title='bbox 2171 5780 2478 5857; x_wconf 58' lang='lat' dir='ltr'><strong>legendum,</strong></span> <span class='ocrx_word' id='word_1_887' title='bbox 2501 5780 2651 5850; x_wconf 45' lang='lat' dir='ltr'><strong>sive;</strong></span> <span class='ocrx_word' id='word_1_888' title='bbox 2681 5782 2774 5839; x_wconf 83' lang='grc' dir='ltr'><strong>οὖν</strong></span> <span class='ocrx_word' id='word_1_889' title='bbox 2796 5780 2941 5840; x_wconf 68' lang='grc' dir='ltr'><strong>ἄλλοι</strong></span> <span class='ocrx_word' id='word_1_890' title='bbox 2971 5786 3089 5857; x_wconf 79' lang='grc' dir='ltr'><strong>μὲν,</strong></span> <span class='ocrx_word' id='word_1_891' title='bbox 3116 5782 3392 5853; x_wconf 84' lang='grc' dir='ltr'><strong>Ἕλληνες,</strong></span> <span class='ocrx_word' id='word_1_892' title='bbox 3414 5780 3482 5842; x_wconf 75' lang='grc' dir='ltr'><strong>οι,</strong></span> <span class='ocrx_word' id='word_1_893' title='bbox 3510 5784 3604 5830; x_wconf 86' lang='lat' dir='ltr'><strong>etc.</strong></span> 
     </span>
    </p>
   </div>
  </div>
