3852 6418
134 377 246 440 1021

1305 367 1586 425 CONTRA
1624 367 1898 424 CELSUM
1935 368 2062 424 LIB.
2098 366 2184 425 ill.

3219 363 3237 414 l
3247 359 3354 414 Οἳ)

132 488 412 564 τηλικούτου
443 486 710 560 μεγέθους
729 484 838 540 τῶν
875 487 932 540 ἐν
963 483 1041 556 τῷ
1074 483 1263 556 κόσμῳ
1301 485 1395 536 καὶ
1422 484 1514 537 τοῦ
1549 484 1670 538 κάλ-

1785 486 1946 556 hujus
1988 483 2175 539 mundi
2227 478 2635 552 magniﬁcentia
2684 489 2739 536 et
2786 478 3194 551 pulchritudine
3245 492 3351 531 non

128 590 232 649 λους
254 583 356 638 τῶν
393 583 454 654 δη
465 581 892 654 μιουργημάτων
936 581 1008 652 μὴ
1048 579 1332 650 δυνάμενοι
1375 576 1674 646 ἀναϐλέψαι

129 679 205 732 καὶ
249 673 535 745 Θεωρῆσαι,
590 675 673 726 ὅτι
719 673 1044 743 προσκυνεῖν
1093 670 1186 724 καὶ
1237 666 1536 740 θαυμάζειν
1581 669 1674 721 καὶ

129 768 278 823 σέῧειν
311 766 412 836 χρὴ
459 765 622 836 μόνον
660 763 751 817 τὸν
788 762 956 816 ταῦτα
993 762 1350 832 πεποιηκότα,
1389 761 1484 813 καὶ
1524 761 1674 813 οὐδὲν

128 858 212 912 τῶν
236 859 353 926 παρ’
374 856 685 928 ἀνθρώποις
710 854 1289 925 κατασκευαζομένων,
1319 853 1412 906 καὶ
1437 855 1516 915 εἰς
1538 851 1676 905 Θεῶν

125 947 262 1019 τιμὴν
288 945 883 1016 παραλαμϐανομένων,
915 941 1260 1014 καθηκόντως
1291 943 1355 996 ἄν
1392 959 1477 1005 τις
1504 942 1671 1006 σέϐοι,

127 1039 212 1092 εἴτε
227 1037 382 1107 χωρὶς
400 1035 495 1087 τοῦ
519 1034 856 1107 δημιουργοῦ
884 1033 1018 1087 Θεοῦ
1043 1034 1151 1087 εἴτε
1173 1033 1266 1085 καὶ
1288 1033 1405 1103 μετ’
1429 1031 1638 1083 ἐκείνου
1659 1047 1673 1095 ;

125 1126 179 1180 τὶ
217 1125 314 1197 γὰρ
357 1124 611 1194 οὐδαμῶς
671 1124 936 1195 συγκριτά
985 1123 1292 1194 συγκρίνειν
1342 1119 1420 1192 τῷ
1463 1121 1678 1191 ἀπείρῳ

127 1220 331 1288 ὐπρεχῇ
369 1216 695 1287 ὑπερέχοντι
733 1217 909 1286 πάσης
937 1215 1167 1284 γενητῆς
1215 1213 1422 1284 φύσεως
1460 1209 1676 1280 τυφλῶν

126 1311 204 1381 τὴν
223 1309 444 1361 διάνοιάν
471 1311 626 1360 ἐστιν
655 1308 835 1380 ἔργον.
864 1308 976 1360 Οὐκ
1002 1305 1414 1376 ὀρθαλμιῶντας
1435 1299 1526 1357 οὖν
1549 1304 1677 1368 τοὺς

126 1405 200 1470 ὀξὺ
227 1402 509 1471 βλέποντας
549 1401 786 1471 λέγομεν
830 1397 964 1454 εἶναι
993 1400 1026 1472 ἢ
1060 1399 1513 1470 πεπηρωμένους,
1539 1395 1677 1451 ἀλλά

125 1496 228 1558 τοὺς
255 1493 710 1564 καλινδουμένους
738 1493 928 1564 ἀγνοίᾳ
953 1491 1088 1545 Θεοῦ
1116 1492 1208 1543 ἐπὶ
1241 1493 1368 1554 τοὺς
1401 1489 1556 1556 νεὼς,
1583 1492 1678 1544 καὶ

125 1588 179 1641 τὰ
201 1585 495 1656 ἀγάλματα,
524 1586 622 1638 καὶ
651 1585 751 1648 τὰς
787 1584 1085 1654 λεγομένας
1110 1583 1446 1656 ἱερομηνίας,
1475 1584 1678 1655 φάσκο-

128 1692 206 1742 μεν
232 1675 606 1746 τετυφλῶσθαι
630 1675 723 1727 τὸν
749 1674 871 1728 νοῦν
892 1691 906 1706 ⁸
935 1676 1028 1728 καὶ
1053 1676 1308 1746 μάλιστα,
1337 1675 1425 1727 ὅτε
1449 1677 1586 1747 πρὸς
1610 1679 1674 1748 τῇ

124 1767 311 1838 ἀσεϐείᾳ
347 1767 441 1821 καὶ
464 1768 524 1820 ἐν
553 1766 816 1838 ἀσελγείᾳ
839 1765 1023 1832 ζῶσιν,
1055 1768 1084 1821 ὃ
1114 1767 1166 1821 τί
1193 1767 1311 1820 ποτ’
1351 1769 1500 1820 ἐστὶν
1534 1768 1676 1822 αἰδέ-

1781 587 2005 646 possunt
2048 577 2114 630 ad
2166 590 2354 629 earum
2391 575 2732 630 conditorem
2775 574 3027 628 attollere
3063 572 3254 627 oculos
3298 585 3354 626 et

1781 667 2090 738 perspicere
2135 667 2310 722 solum
2359 666 2507 720 illum
2550 679 2693 731 esse,
2727 666 2812 720 cui
2843 677 3188 735 prosternere
3218 679 3353 730 nos,

1780 775 1942 830 quem
1993 760 2280 824 admirari,
2334 775 2494 829 quem
2546 761 2728 816 colere
2777 768 3052 830 Oporteat;
3107 767 3165 814 et
3218 757 3354 811 nihil

1780 868 1972 908 eorum
2002 867 2124 922 quae
2148 852 2289 920 apud
2323 852 2569 908 homines
2602 854 2741 907 ﬁunt
2777 864 2835 907 et
2867 853 2932 906 ad
2979 851 3185 905 cultum
3219 852 3352 904 deo-

1781 962 1903 1002 rum
1930 947 2292 1026 adbibentur’,
2313 945 2414 998 rite
2436 961 2594 1013 posse
2625 946 2756 1011 coli,
2786 947 2897 1000 sive
2923 946 3040 999 sine
3068 943 3178 997 Deo
3201 958 3356 997 crea-

1781 1047 1924 1102 tore.
1954 1039 2072 1093 sive
2107 1055 2232 1093 cum
2251 1019 2400 1093 illo?
2432 1037 2569 1093 Nam
2615 1053 2936 1106 comparare
2979 1053 3098 1092 cmn
3135 1037 3225 1090 illo
3259 1034 3354 1098 qui

1782 1141 2034 1185 naturam
2085 1147 2302 1185 omnem
2358 1143 2599 1184 creatam
2651 1132 2972 1184 immensum
3018 1136 3257 1196 superat,
3289 1142 3355 1184 ea

1780 1236 1902 1290 qua:
1935 1233 2206 1289 nequeunt
2232 1223 2564 1292 comparari,
2602 1221 2882 1275 hominum
2915 1228 2997 1274 est
3028 1231 3207 1271 mente
3251 1233 3356 1271 (‘33-

1780 1315 2135 1370 cutientium.
2171 1313 2288 1368 Non
2315 1330 2448 1384 ergo
2477 1315 2836 1369 criminantur
2863 1312 3178 1381 lippitudine
3207 1311 3358 1365 labo—

1782 1419 1908 1458 rare
1935 1413 2030 1457 aut
2065 1419 2239 1458 cazcos
2262 1420 2406 1470 esse,
2435 1406 2527 1474 qui
2561 1416 2720 1458 acute
2751 1405 2961 1467 vident;
2999 1404 3092 1457 sed
3117 1403 3206 1471 qui
3261 1400 3354 1456 Dei

1779 1493 2122 1564 ignoratione
2152 1495 2399 1564 templis,
2433 1493 2771 1559 simulacris,
2805 1495 2954 1547 [esus
2978 1503 3122 1547 stato
3152 1505 3357 1545 mensis

1779 1586 1870 1641 die
1903 1587 2313 1642 recurrentibus
2343 1588 2552 1641 assidui
2591 1595 2740 1650 sunt,
2787 1583 2887 1639 hos
2917 1594 3098 1638 mente
3125 1582 3356 1637 dicimus

1784 1689 2088 1733 occaacatos
2126 1693 2286 1733 esse:
2320 1681 2623 1748 prmsertim
2657 1677 2701 1731 si
2741 1677 2810 1730 ad
2845 1675 3061 1730 illorum
3108 1674 3356 1742 impieta-

1784 1781 1890 1824 tem
1925 1771 2149 1824 accedat
2185 1772 2293 1825 vita
2343 1770 2660 1824 libidinibus
2691 1768 2927 1839 perdita,
2959 1779 3013 1822 et
3055 1767 3204 1821 nulla
3252 1767 3356 1820 ho-

126 1871 252 1924 σιμον
274 1857 427 1926 ἔργον
449 1857 591 1928 μηδὲ
610 1857 921 1929 ζητοῦντες,
943 1857 1076 1912 ἀλλὰ
1098 1858 1175 1912 πά
1185 1859 1254 1912 ,τ’
1275 1857 1536 1931 αἰσχύνης
1552 1859 1670 1924 ἄξια

1785 1859 2006 1918 aestatis
2029 1860 2212 1915 habita
2255 1860 2466 1915 ratione
2496 1860 2674 1931 turpia
2700 1859 2881 1913 omnia
2910 1868 3227 1928 perpetrent

125 1965 439 2022 πραττοντες.

177 2041 310 2095 Μετὰ
332 2041 506 2094 ταῦτα
535 2041 765 2096 τοσαῦθ’
807 2043 952 2114 ἡμᾶς
985 2043 1369 2114 αἰτιασάμενος
1409 2043 1549 2097 θέλει
1577 2045 1676 2114 ἐμ-

125 2133 279 2202 φῆναι,
307 2135 385 2188 ὅτι
413 2135 510 2188 καὶ
542 2134 712 2206 ἕτερα
743 2134 879 2206 ἔχων
913 2136 1109 2205 λέγειν,
1140 2138 1475 2209 παρασιωπᾷ
1517 2137 1674 2190 αὑτά.

128 2226 248 2297 Ἔχει
272 2226 314 2279 δ’
342 2227 518 2291 οὕτως
550 2227 721 2280 αὑτοῦ
751 2231 784 2298 ἠ
803 2228 945 2295 λέξις
979 2229 1072 2300 (5)·
1109 2247 1126 2280 ι
1159 2227 1345 2282 Ταῦτα
1367 2228 1466 2299 μὲν
1489 2227 1677 2282 αἰτιῶ-

128 2336 203 2389 μαι
241 2319 325 2373 καὶ
369 2321 437 2372 τὰ
481 2319 750 2384 τοιαῦτα,
782 2320 868 2373 ἵνα
917 2318 992 2391 μὴ
1032 2319 1188 2372 πάντ’
1229 2318 1545 2390 ἀπαριθμῶ,
1587 2319 1678 2371 καί

126 2428 234 2480 φημι
273 2411 617 2482 πλημμελεῖν
642 2413 838 2474 αὐτοὺς
874 2409 1272 2482 ἐπηρεάζοντας
1298 2413 1375 2474 εἰς
1403 2411 1494 2463 τὸν
1524 2410 1675 2476 Θεὸν,

127 2501 192 2555 ἰνα
240 2504 500 2575 πονηροὺς
563 2501 886 2574 ἀνθρώπους
933 2503 1248 2570 ὑπάγωνται
1303 2503 1534 2573 κούφαις
1589 2504 1676 2557 ἐλ-

126 2595 234 2657 πίσι,
262 2596 346 2648 καὶ
381 2596 778 2666 παραπείσωσι
815 2595 1224 2667 καταφρονῆσαι
1272 2596 1380 2650 τῶν
1432 2598 1667 2669 κρειττόο

126 2701 225 2749 ww,
262 2686 366 2750 ὼς,
425 2687 524 2741 ἐὰν
597 2686 909 2757 ἀπέχωνται
958 2687 1170 2752 αὐτῶν,
1219 2687 1440 2759 ἄμεινον
1495 2691 1678 2754 αὐτοῖς

125 2775 260 2830 ἔσται.
290 2797 306 2828 ι
347 2779 456 2831 Καὶ
495 2779 645 2850 πρδς
671 2779 840 2832 ταῦτα
868 2779 923 2831 δὲ
949 2779 1143 2848 λέγοιτ’
1182 2780 1246 2833 ἂν
1287 2780 1392 2834 ἀπὸ
1423 2782 1523 2852 τῆς
1550 2783 1676 2853 περὶ

127 2867 208 2922 τῶν
234 2870 687 2942 προσερχομένων
716 2869 789 2941 (6)
816 2872 1223 2943 Χριστιανισμῷ
1251 2873 1554 2945 ἐνεργείας,
1593 2875 1676 2928 ὃτι

125 2960 170 3012 οὐ
217 2962 341 3014 πάνυ
385 2981 438 3016 τι
493 2963 734 3033 πονηροὶ
781 2964 1080 3032 ὑπάγονται
1123 2965 1198 3036 τῷ
1241 2965 1403 3036 λόγῳ,
1455 2967 1580 3019 ὅσον
1626 2968 1675 3019 οἰ

127 3049 462 3125 ἁπλούστεροι,
496 3055 599 3109 καὶ
634 3056 649 3112 t
665 3055 741 3119 ὡς
770 3055 834 3108 ἂν
858 3058 907 3108 οί
948 3057 1130 3109 πολλοὶ
1159 3058 1504 3128 όνομάσαιεν)
1543 3076 1678 3129 κομ-

127 3143 210 3210 ψοί.
245 3141 390 3199 Οῦτοι
438 3147 558 3220 γὰρ
617 3148 768 3218 φόϐῳ
802 3147 879 3218 τῷ
924 3151 1050 3220 περὶ
1096 3149 1204 3204 τῶν
1247 3151 1522 3208 κολάσεων
1566 3152 1675 3206 τῶν

1851 2038 1940 2094 78.
1985 2038 2117 2095 Post
2162 2038 2574 2094 criminationes
2628 2049 2737 2092 tam
2788 2049 3028 2103 atroces,
3070 2037 3248 2091 innuit
3299 2049 3364 2090 se

1781 2134 1938 2205 plura
1987 2135 2190 2189 habere
2235 2148 2358 2204 qua:
2389 2132 2545 2187 nobis
2591 2133 2836 2202 obiiciat,
2889 2133 2984 2187 sed
3022 2132 3111 2186 illa
3140 2130 3360 2184 silentio

1781 2230 2223 2301 prtelermittere.
2272 2227 2362 2282 Sic
2397 2237 2580 2281 autem
2616 2226 2900 2295 loquitur:
2954 2245 2974 2278 ι
3023 2227 3205 2296 Atque
3244 2225 3360 2279 hinc

1779 2331 2046 2391 suntquae
2075 2322 2182 2376 illis
2218 2318 2530 2390 objicienda
2566 2318 2719 2374 duxi.
2753 2320 2964 2375 Similia
3007 2320 3203 2374 alicrre
3226 2334 3360 2390 pos:-

1780 2417 1881 2470 sim
1909 2432 1923 2470 :
1955 2415 2046 2469 sed
2088 2425 2146 2468 ut
2175 2430 2242 2469 ne
2271 2417 2455 2471 omnia
2482 2434 2799 2487 persequar,
2832 2415 3041 2469 aliirmo
3077 2415 3204 2468 illos
3256 2413 3361 2466 ini-

1779 2520 1887 2577 que
1916 2505 2097 2560 facere
2142 2516 2199 2560 et
2247 2507 2300 2561 in
2349 2509 2518 2564 Deum
2574 2510 2868 2578 injuriosos
2918 2523 3059 2571 esse,
3105 2522 3250 2572 cum,
3299 2512 3359 2559 ut

1781 2599 1953 2652 malos
1986 2601 2236 2654 homines
2265 2601 2514 2668 illiriant,
2542 2603 2662 2656 illos
2693 2619 2834 2656 vana
2865 2617 2958 2670 spe
2986 2602 3207 2662 lactant,
3239 2613 3359 2668 per-

1780 2693 2120 2759 suadentque
2153 2701 2213 2744 ut
2242 2692 2381 2747 bona
2417 2693 2745 2762 despiciant,
2771 2693 2924 2759 quasi
2961 2691 3069 2744 illis
3117 2689 3361 2744 dimissis

1780 2783 2167 2852 prmstantiora
2219 2783 2590 2837 consecuturi.
2631 2802 2648 2834 ι
2677 2784 2757 2836 Ad
2789 2782 2902 2834 ham
2944 2778 3361 2847 respondebitur

1780 2875 1978 2930 virtute
2011 2875 2120 2943 illa,
2155 2892 2274 2946 qua:
2293 2875 2538 2928 homines
2563 2876 2628 2926 ad
2654 2872 2967 2941 religionem
2993 2869 3361 2924 Christianam

1782 2970 2023 3033 adducit,
2059 2985 2166 3022 non
2203 2967 2428 3022 omnino
2457 2975 2566 3019 tant
2606 2965 2770 3019 facile
2803 2964 3118 3032 persuaderi
3158 2963 3363 3029 impro-

1782 3057 1899 3126 bos,
1931 3073 2096 3126 quam
2123 3056 2485 3124 simpliciores
2516 3063 2590 3118 ct,
2629 3065 2686 3108 ut
2714 3055 2786 3107 ita
2834 3053 3047 3121 loquar,
3091 3052 3362 3106 subrusti-

1780 3164 1893 3203 cos.
1955 3149 2015 3202 Hi
2062 3149 2205 3202 enim
2247 3149 2664 3217 suppliciorum,
2725 3163 2844 3216 qua:
2885 3149 3131 3200 doctrina
3172 3156 3357 3202 nostra

127 3232 606 3310 ἀπαγγελλομένων,
631 3239 867 3293 κινοῦντι
889 3242 1084 3304 αὐτοὺς
1107 3243 1199 3295 καὶ
1217 3244 1577 3314 προτρέποντι
1600 3243 1670 3315 (7)

1785 3243 2087 3305 minitatur,
2146 3251 2288 3295 metu
2337 3253 2588 3294 movente
2648 3241 2797 3308 ipsos
2848 3250 2904 3293 et
2951 3240 3238 3294 inducente
3290 3242 3359 3293 ad

129 3327 199 3381 ἐπὶ
221 3331 275 3382 τὸ
300 3331 606 3402 ἀπέχεσθαι
633 3332 860 3395 τούτων,
899 3334 966 3387 δι’
989 3334 1025 3388 ἃ.
1051 3336 1105 3387 αἰ
1141 3335 1412 3403 κολάσεις,
1445 3337 1680 3408 πειρῶν-

127 3435 194 3471 ται
224 3421 504 3476 ἐπιδιδόναι
549 3425 784 3486 ἑαυτοὺς
815 3427 880 3495 τῇ
914 3425 1054 3476 κατά
1093 3426 1518 3496 Χριστιανισμὸν
1564 3425 1681 3478 θεο-

130 3512 303 3583 σεϐείᾳ·
329 3517 418 3569 ἐπὶ
442 3517 711 3569 τοσοῦτον
744 3518 847 3569 ὑπὸ
867 3518 963 3570 τοῦ
987 3519 1148 3586 λόγου
1191 3519 1572 3591 κρατούμενοι,
1605 3521 1678 3583 ὠς

129 3604 245 3676 φόὁῳ
279 3608 382 3662 τῶν
427 3609 584 3664 κατὰ
637 3610 732 3663 τὸν
778 3610 932 3680 λόγον
976 3613 1390 3683 ὀνομαζομένων
1448 3613 1679 3666 αἰωνίων

128 3696 374 3764 κολάσεων,
423 3703 619 3771 πάσης
657 3701 760 3772 τῆς
801 3704 931 3774 παρ’
978 3702 1282 3774 ἀνθρώποις
1333 3705 1452 3758 κατ’
1499 3706 1677 3758 αὐτῶν

129 3788 470 3865 ἐπινοουμένης
497 3795 579 3866 (8)
636 3794 872 3865 βασάνου
919 3798 1011 3850 καὶ
1060 3797 1196 3868 μετά
1251 3799 1459 3870 μυρίων
1497 3799 1676 3853 πόνων

129 3879 317 3937 θανάτου
347 3889 744 3957 καταφρονεῖν,
799 3889 936 3960 ὅπερ
976 3889 1150 3952 οὐδεὶς
1198 3890 1264 3944 ἂν
1305 3893 1414 3944 τῶν
1455 3888 1511 3946 εῦ
1549 3909 1679 3964 φροο

126 3972 318 4027 νούντων
368 3979 545 4047 φήσαι
595 3976 852 4047 πονηρῶν
893 3980 1265 4050 προαιρέσεων
1305 3980 1466 4051 ἔργον
1517 3977 1673 4034 εἰναι.

129 4061 224 4128 Πῶς
263 4067 305 4120 δ’
351 4069 460 4122 ἀπὺ
509 4069 892 4140 προαιρέσεως
940 4073 1181 4142 πονηρᾶς
1237 4073 1530 4143 ἐγκράτεια
1584 4074 1676 4127 καὶ

131 4159 402 4230 σωφροσύνη
435 4163 721 4223 ἀσκεῖται,
760 4161 793 4232 ἢ
833 4160 894 4213 τὸ
928 4162 1276 4231 μεταδοτικὸν
1311 4163 1406 4216 καὶ⁸
1430 4181 1675 4218 κοινωνι-

129 4244 229 4312 κόν;
279 4249 410 4304 Ἀλλ’
447 4253 569 4305 οὐδ’
600 4254 630 4304 ό
674 4253 809 4322 πρὸς
850 4253 910 4305 τὸ
958 4254 1110 4306 Θεῖον
1151 4254 1332 4322 φόϐος,
1378 4257 1462 4325 ἐφ’
1500 4257 1560 4309 ὃν
1595 4257 1677 4322 ὡς

129 4341 350 4411 χρήσιμον
374 4349 487 4408 τοῖς
532 4344 756 4408 πολλοῖς
785 4346 1100 4416 παρακαλεῖ
1151 4349 1176 4399 ὁ
1220 4347 1373 4416 λόγος
1415 4350 1542 4411 τοὺς
1583 4367 1679 4420 μη-

128 4429 241 4486 δέπω
275 4435 608 4508 δυναμένους
655 4438 716 4492 τὸ
747 4439 815 4492 δι’
854 4440 986 4493 αὐτὸ
1031 4441 1246 4511 αἱρετὸν
1294 4441 1530 4511 βλέπειν’
1583 4443 1677 4495 καὶ

129 4522 350 4592 αἱρεῖσθαι
377 4530 533 4593 αὐτὸ,
561 4530 640 4592 ὡς
670 4529 924 4600 μέγιστον
951 4531 1175 4600 ἀγαθὸν,
1214 4531 1307 4584 καὶ
1330 4532 1471 4603 ὑπὲρ
1497 4535 1674 4586 πᾶσαν

127 4610 444 4686 ἐπαγγελίαν
491 4622 555 4688 ἐξ
595 4614 674 4674 ὧν
712 4623 772 4674 οὐ
814 4622 972 4676 τοῦτο
994 4623 1070 4695 τῷ
1106 4623 1250 4677 κατά
1289 4624 1554 4696 πονηρίαν
1592 4628 1674 4678 αί-

132 4711 332 4782 ρσδμένῳ
359 4713 456 4784 ζῇν
481 4713 808 4782 ἐγγενέσθαι
845 4715 1107 4784 πέφυκεν.

188 4804 294 4857 Ἐὰν
336 4807 390 4859 δέ
431 4825 518 4871 τις
571 4808 630 4859 ἐν
675 4807 883 4871 τούτοις
925 4807 1344 4878 δεισιδαιμονίαν
1395 4807 1593 4879 μᾶλλον
1635 4808 1666 4878 ἢ

129 4899 344 4966 πονηρίαν
372 4901 499 4970 περὶ
524 4900 658 4962 τοὺς
679 4898 902 4963 πολλοὺς
922 4900 1031 4954 τῶν
1052 4901 1408 4954 πιστευόντων
1425 4901 1504 4970 τῷ
1528 4900 1670 4971 λόγῳ

129 4975 236 5037 εἶναι
284 4989 641 5063 φαντὰζηται,
697 4994 791 5045 καὶ
843 4993 1046 5066 ἐγκαλῇ
1130 4995 1205 5059 ὼς
1271 4994 1670 5064 δεισιδαίμονας

129 5079 327 5134 ποιοῦντι
367 5083 444 5154 τῷ
475 5083 624 5155 λόγῳ
669 5083 844 5155 ἡμῶψ
893 5086 1136 5156 φήσομεν
1176 5085 1312 5156 πρὸς
1355 5083 1536 5145 αὑτὸν,
1566 5085 1668 5147 ὅτι,

129 5164 279 5242 ὥσπερ
303 5174 450 5245 ἔλεγέ
486 5195 576 5242 τις
603 5176 713 5230 τῶν
752 5176 1053 5248 νομοθετῶν
1085 5179 1160 5251 (9)
1210 5179 1345 5250 πρὸς
1384 5175 1671 5248 ἐρωτῶντα

185 5418 247 5490 15)
283 5425 473 5493 Λέξις.
520 5427 868 5483 Ηαξςοιιθίἰιισ
919 5428 970 5480 in
1028 5437 1211 5490 textu,
1264 5429 1438 5494 τάξις.
1492 5429 1663 5485 Paulo

133 5496 352 5574 mil-1""?
367 5537 392 5574 _.
420 5499 577 5552 πάντ’
613 5497 1129 5574 ἀπαρ-ιθμῶηᾼιίςις,
1172 5500 1326 5574 πάντ’
1351 5500 1587 5574 ἀριθμῶ,

189 5561 250 5626 (6)
284 5561 468 5643 Quieto
521 5561 867 5643 scribendqu
909 5569 1142 5643 videtur,
1172 5573 1299 5643 περὶ
1329 5561 1456 5635 τοῦς
1484 5561 1661 5643 ’προσ-

131 5633 449 5712 ερχρμένους,
484 5652 545 5712 et
587 5639 750 5712 paulo
788 5649 932 5705 post,
972 5639 1208 5712 ἄκομψοι
1241 5633 1336 5710 pro
1364 5633 1586 5712 κομψόί.

189 5699 252 5758 (7)
291 5699 618 5776 limsChelius
671 5709 724 5762 iu
777 5699 956 5771 textu,
992 5699 1270 5776 κινοῦντος
1325 5699 1523 5774 αὐτοὺς
1570 5713 1663 5764 καὶ

134 5771 524 5850 Ξροῖρέπίῖντος,
584 5796 706 5850 qna:
765 5778 962 5834 Gttieltt
1020 5771 1280 5836 additiiia’
1317 5771 1670 5837 videha'ntura

137 5830 271 5896 P'auté
299 5830 976 5919 ῐίιῐι-αόίηιιέξξηεέ-,ύπὸ
1004 5830 1303 5923 siam,
1328 5830 1660 5928 11523.35;

1785 3337 2169 3389 abstinendum
2222 3336 2308 3400 iis,
2345 3335 2544 3404 quibus
2594 3335 2862 3387 destinata
2905 3333 3164 3401 supplicia
3207 3343 3356 3394 sunt,

1781 3435 2080 3496 prOperant
2131 3443 2190 3481 se
2251 3426 2695 3480 Christianorum
2748 3425 2990 3494 religioni
3047 3426 3360 3491 (lc-vovere;

1783 3535 1952 3588 usque
1983 3519 2118 3574 adeo
2143 3529 2327 3572 nostra
2364 3519 2607 3571 doctrina
2635 3517 2787 3579 victi,
2818 3528 2897 3580 ut,
2939 3531 3134 3585 poenas
3174 3517 3361 3579 veriti,

1780 3626 1918 3680 quas
1940 3623 2174 3664 aeternas
2198 3609 2366 3682 499
2394 3619 2578 3674 vocat,
2609 3610 2792 3662 omnia
2846 3619 3112 3662 tormenta
3159 3611 3226 3660 ab
3259 3608 3358 3662 ho-

1783 3703 2023 3756 tninibus
2063 3713 2251 3756 contra
2307 3704 2454 3770 ipsos
2503 3702 2833 3766 excogitata,
2884 3714 3158 3753 aerumnas
3199 3700 3359 3752 innu-

1779 3811 1978 3859 meras,
2024 3805 2256 3849 mortem
2311 3795 2482 3863 ipsam
2533 3803 2886 3848 contemnere
2943 3808 3046 3846 non
3091 3793 3358 3852 dubitent.

1780 3887 1892 3942 Hoc
1920 3900 2100 3942 autem
2145 3903 2306 3942 nemo
2343 3902 2488 3940 sanat
2525 3888 2723 3940 mentis
2760 3887 2958 3940 dixerit
3000 3887 3050 3939 in
3093 3900 3361 3954 perversa:

1780 3984 2074 4038 voluntatis
2101 3983 2348 4036 homines
2378 3990 2706 4048 competere.
2738 3980 2875 4034 Num
2915 3983 3058 4036 enim
3099 3996 3358 4050 perversa

1779 4075 2034 4128 Voluntas
2071 4075 2252 4128 studet
2305 4074 2699 4142 temperantiae,
2752 4073 3074 4140 sobrietati,
3116 4073 3361 4126 liberali—-

1782 4167 1900 4229 tati,
1938 4165 2357 4222 beneﬁcentia-ii
2408 4163 2463 4217 In
2511 4180 2630 4218 eam
2679 4180 2746 4217 ne
2776 4165 2872 4218 Dei
2928 4166 3091 4219 timor
3139 4166 3357 4230 quidem

1779 4259 1944 4320 cadit,
1969 4259 2036 4310 ad
2065 4274 2226 4325 quem
2255 4258 2507 4309 timorem
2539 4265 2718 4310 tamen
2748 4267 2931 4310 nostra
2964 4259 3205 4311 doctrinm
3232 4259 3359 4312 hor-

1781 4359 1925 4402 tatur
1957 4359 2012 4402 ut
2044 4349 2228 4402 utilem
2263 4349 2468 4413 multis,
2502 4349 2591 4417 qui
2619 4348 2854 4406 nonduin
2924 4347 3002 4413 id,
3040 4350 3185 4418 quod
3230 4365 3359 4418 pro-

1779 4450 1897 4509 pter
1949 4455 2006 4494 se
2032 4443 2393 4510 expetendum
2417 4451 2522 4504 est,
2561 4451 2654 4494 aut
2687 4441 2952 4511 dispicere
2989 4451 3233 4510 possunt,
3263 4453 3357 4495 aut

1779 4533 1978 4599 eligere
2026 4543 2086 4586 ut
2131 4549 2406 4587 summum
2445 4534 2647 4588 bonum
2694 4542 2750 4587 et
2799 4533 2948 4586 omni
2996 4534 3359 4602 promissione

1781 4624 1992 4694 majus;
2047 4627 2190 4695 quod
2254 4628 2444 4680 horum
2497 4627 2696 4681 nemini
2743 4626 2990 4682 accidere
3021 4637 3223 4695 potest,
3263 4627 3357 4697 qui

1781 4719 2039 4785 nequiter
2070 4718 2252 4771 vivere
2277 4718 2643 4789 proposuerit.

1850 4812 1938 4867 79.
1976 4812 2306 4881 Cogitaverit
2342 4813 2575 4866 fortasse
2617 4812 2886 4880 quispiam
2927 4813 2981 4866 in
3020 4813 3106 4867 his
3139 4813 3350 4868 nostris

1780 4903 2043 4958 institutis
2077 4919 2182 4956 nou
2218 4905 2519 4972 nequitiam
2556 4901 2799 4973 quidem,
2829 4903 2922 4957 sed
2951 4914 3128 4958 tamen
3157 4919 3354 4975 super-

1779 4995 2056 5048 stitionem
2079 5009 2223 5055 esse.
2257 4995 2492 5064 hincque
2519 4995 2782 5050 doetrinre
2817 5006 3020 5050 nostra:
3051 4997 3178 5052 vitio
3205 4999 3356 5052 dahit

1779 5085 1921 5155 quod
1973 5086 2383 5155 superstitiosos
2417 5087 2600 5141 faciat.
2640 5088 3135 5157 Respondebimus,
3164 5105 3357 5160 quem-

1777 5178 2068 5232 admodum
2120 5179 2342 5246 quidam
2383 5194 2452 5233 ex
2520 5178 2920 5249 legislatoribus
2968 5183 3351 5253 interroganti,

1770 5454 1871 5491 νοι.
1906 5437 2063 5521 ἰιὶιιὴ.
2106 5440 2300 5521 excusi
2346 5440 2398 5495 in
2445 5447 2595 5495 textu
2631 5440 2864 5506 habent,
2904 5437 3009 5492 ὑπὸ
3049 5436 3144 5492 τοῦ
3191 5436 3352 5506 λόγου

1771 5515 1921 5561 κινού
1930 5515 2113 5578 μενοιέ

1842 5579 1918 5649 (ξ)
1934 5577 2274 5649 Ilii-schelius
2294 5579 2345 5633 in
2369 5589 2540 5644 textu,
2558 5579 2980 5649 ἐπινοουμένοις.
3009 5579 3151 5632 lnlra
3174 5577 3318 5630 idem
3338 5616 3352 5636 .

1767 5648 1826 5716 ἐξ
1852 5645 1932 5703 ὧν
1959 5646 2025 5704 αὖ
2053 5649 2213 5704 τοῦτο
2239 5650 2317 5721 τῷ
2343 5651 2503 5715 κατὰ,
2532 5663 2664 5714 elc.,
2695 5645 2853 5704 male.

1839 5721 1912 5794 (9)
1938 5721 2060 5776 Τῶν
2076 5713 2431 5790 νομοθετῶν.
2463 5713 2537 5776 Ita
2570 5713 2714 5777 recte
2740 5722 2962 5794 omnino
2987 5717 3154 5794 habet
3182 5713 3359 5770 codex

1765 5785 2009 5850 Julianus
2039 5785 2277 5851 secunda
2307 5810 2490 5850 manu.
2520 5793 2691 5864 Alias,
2722 5792 2815 5846 τὸν
2848 5785 3176 5860 νομοθέτην.
