3852 6418
548 339 687 398 10⁸ὶῖ

1991 341 2316 401 οιιιοιιΝιε

3641 357 3749 416 im

540 468 627 512 est
662 454 857 514 Verbo.
898 452 1159 522 sapientia
1189 461 1244 508 et
1277 453 1535 508 universa
1565 455 1791 521 virtute,
1822 453 2100 522 fruituros1

2213 458 2309 512 καὶ
2341 457 2594 531 καθαρῶς
2641 460 2888 532 βιώσασι,
2941 464 3034 517 καὶ
3059 464 3158 538 τὴν
3194 466 3331 538 πρὸς
3372 467 3463 521 τὸν
3505 469 3604 526 τῶν
3641 475 3750 534 ὅλων

540 548 654 622 Deo
694 547 972 616 largiente,
1011 543 1270 598 docemus
1299 557 1418 608 eos,
1446 547 1536 614 qui
1567 561 1757 615 puram
1788 547 2112 602 immunem-

537 654 644 712 que
669 639 872 693 scelere
909 638 1082 691 vitam
1129 639 1495 707 transegerint
1541 647 1590 692 et
1628 641 1796 694 Deum
1830 640 2111 694 universo-

535 746 656 788 rum
686 740 948 799 perpetuo
999 737 1054 785 et
1089 729 1364 782 constanti
1398 747 1584 785 amore
1615 731 1938 793 dilexerint;
1975 747 2108 785 con-

533 822 693 884 ferat,
729 824 950 892 inquam
979 864 994 888 ,
1029 824 1181 879 illum
1222 827 1380 880 finem
1415 840 1536 878 cum
1569 839 1634 876 eo
1665 840 1825 893 quem
1881 824 2108 894 singula:

533 915 982 986 philosophorum
1019 918 1160 985 apud
1192 917 1414 973 Graecos
1446 916 1781 969 barbarosve
1809 927 1992 980 sectte,
2017 927 2111 970 aut

531 1007 774 1075 qua'dam
804 1009 1080 1078 mysteriis
1121 1009 1280 1076 plena
1318 1009 1636 1077 pollicentes
1683 1007 2107 1078 exspectandum

531 1113 652 1152 esse
687 1100 916 1162 dorent;
950 1112 1004 1154 et
1031 1102 1282 1154 ostendat
1312 1101 1458 1153 illum
1490 1116 1612 1154 esse
1672 1111 1729 1154 ut
1776 1115 1959 1154 verum
1983 1138 2000 1162 ,
2030 1101 2109 1155 sic

529 1193 625 1247 Dei
655 1196 974 1265 benignitati
1001 1213 1301 1252 consonum
1333 1201 1599 1267 bonisque
1624 1202 1734 1252 vita
1761 1200 1965 1253 functis
1987 1215 2111 1256 cou-

527 1287 878 1354 venieutent,
915 1300 1162 1343 nostrum
1218 1306 1348 1344 vero
1407 1292 1674 1358 minime;
1708 1301 1802 1345 aut
1856 1294 1969 1346 haec
1999 1307 2106 1346 non

525 1378 700 1433 fuisse
732 1395 760 1432 a
799 1380 984 1436 divino
1013 1383 1223 1452 Spiritu
1262 1397 1428 1451 puras
1471 1383 1861 1451 prophetarum
1894 1384 2107 1436 animas

526 1471 770 1538 replente
811 1475 1032 1528 tradita.
1075 1475 1339 1528 Ostendat
1372 1475 1499 1530 item
1527 1513 1542 1537 ,
1594 1477 1638 1530 si
1691 1475 1904 1545 placet,
1939 1476 2108 1528 docu-

524 1572 856 1632 menta,qute
875 1565 1106 1619 humana
1123 1581 1244 1618 esse
1261 1580 1418 1618 nemo
1438 1564 1712 1626 dillitetur,
1730 1565 2103 1633 anteponenda

523 1670 643 1708 esse
669 1654 734 1708 iis
757 1673 875 1724 qua:
903 1658 1083 1711 divitia
1114 1667 1170 1712 et
1201 1658 1317 1711 Deo
1349 1656 1565 1711 alllante
1591 1658 1714 1710 data
1737 1671 1856 1711 esse
1885 1659 2106 1710 demon-

523 1756 787 1800 stramus.
824 1747 1072 1818 Denique
1102 1764 1353 1818 quamam
1388 1761 1514 1803 sunt
1565 1749 1652 1802 illa
1703 1748 1841 1801 bona
1863 1787 1879 1812 ,
1912 1749 2106 1817 quibus

522 1840 784 1906 dimissis,
831 1845 1213 1912 praeSIautiora
1254 1843 1622 1914 pollicemur?
1676 1841 1913 1904 Etenim,
1947 1849 2104 1896 utne

522 1948 844 2003 arroganter
871 1938 1070 2002 dicant,
1093 1937 1226 1990 nihil
1247 1940 1595 2007 praestantius
1618 1936 1912 2004 excogitari
1944 1947 2105 2000 posse

525 2029 872 2096 perspicuum
903 2040 1007 2093 est,
1038 2047 1202 2100 quam
1240 2047 1299 2085 se
1327 2045 1586 2098 supremo
1617 2031 1725 2082 Deo
1760 2027 2102 2082 committere

526 2127 581 2170 et
624 2118 877 2186 amplecti
912 2123 1237 2182 doctrinam,
1268 2137 1387 2189 qua:
1425 2136 1524 2173 nos
1556 2121 1623 2173 ab
1653 2120 1800 2171 omni
1830 2134 1887 2172 re
1918 2127 2102 2172 creata

523 2209 810 2274 abductos,
831 2213 896 2264 ad
916 2229 1185 2267 summum
1215 2213 1376 2267 Deum
1398 2227 1492 2280 per
1513 2212 1810 2264 animatum
1836 2220 1888 2264 et
1915 2210 2102 2264 vivens

523 2299 788 2368 Verbum,
819 2305 1140 2372 sapientiam
1171 2306 1463 2367 viventem,
1485 2303 1683 2356 Filium
1710 2301 1802 2355 Dei
1829 2300 2100 2371 perducit.

524 2388 632 2444 Sed
658 2391 770 2460 jam
805 2395 940 2448 satis
973 2395 1162 2464 longus
1195 2406 1276 2450 est
1314 2395 1507 2450 tertius
1562 2395 1652 2448 hic
1681 2395 1942 2448 adversus
1971 2391 2098 2448 Cel-

523 2496 642 2534 sum
672 2489 1016 2554 conscriptus
1043 2488 1196 2542 liber.
1219 2486 1403 2553 Quare
1434 2489 1591 2540 linem
1617 2485 1827 2539 dicendi
1854 2483 2012 2547 facio,
2043 2484 2097 2540 in

519 2577 878 2644 sequentibus
906 2589 1122 2643 contra,
1143 2596 1262 2647 qme
1293 2579 1382 2633 ille
1413 2579 1654 2634 seribere
1677 2577 1938 2647 perrexit,
1973 2590 2098 2631 cer-

523 2675 704 2722 tatneu
744 2669 1168 2726 instanralurus.

2217 549 2350 604 Θεὸν
2399 553 2620 624 ἀγάπην
2665 553 2968 626 ἀδιαίρετον
3016 557 3111 609 καὶ
3156 559 3407 630 ἄσχιστον
3462 563 3747 634 ἀνειληφόσι,

2219 640 2650 731 συμϐησόμενον,
2704 644 2797 696 καὶ
2825 643 3001 716 δωρεᾷ
3033 645 3172 701 Θεοῦ
3206 650 3664 722 ἀπαντησόμενον,
3691 658 3751 731 τῷ

2217 730 2592 804 καθ’ἑκάστην
2625 732 2929 804 φιλοσόφων
2983 735 3094 807 (16)
3122 738 3335 808 αἰρεσιν
3388 742 3445 792 ὲν
3477 730 3748 821 Ἕλλησινῆ

2218 821 2607 894 βαρϐάροις,ἢ
2661 825 3005 898 μυστηριώδη
3058 829 3424 898 ἐπαγγελίαν,
3466 835 3631 887 τέλει·
3676 840 3748 892 καὶ

2214 912 2473 968 δεικνύτω
2497 916 2556 968 τὸ
2589 917 2730 969 κατά
2761 934 2884 972 τινα
2907 918 3011 974 τῶν
3045 920 3219 975 ἄλλων
3247 923 3398 987 τέλος
3426 930 3652 997 κρεῖττον
3678 929 3748 982 τοῦ

2215 1005 2336 1058 καθ’
2359 1009 2525 1077 ἡμᾶς,
2557 1010 2648 1060 καὶ
2674 1009 2961 1063 ἀκόλουθον
2997 1012 3094 1082 μὲν
3119 1013 3193 1076 ὡς
3215 1013 3411 1083 ἀληθὲς
3438 1018 3620 1077 ἐκεῖνο,
3642 1020 3691 1071 τι
3715 1021 3746 1072 δ’

2215 1099 2481 1170 ἡμέτερον
2501 1099 2598 1170 οὐχ
2631 1101 2869 1171 ἁρμόζον
2895 1101 3071 1173 δωρεᾷ
3095 1104 3251 1170 Θεοῦ,
3279 1106 3398 1159 οὐδὲ
3424 1110 3530 1171 τοῖς
3571 1105 3623 1162 εὖ
3648 1111 3748 1180 βιώ-

2217 1207 2370 1244 σασιν
2391 1208 2402 1221 ο
2433 1191 2464 1262 ἦ
2495 1192 2592 1262 οὐχ
2619 1192 2723 1245 ὑπὸ
2747 1192 2890 1246 θείου
2920 1195 3255 1266 Πνεύματος,
3284 1198 3652 1268 πληρώσαντος
3672 1204 3746 1269 τὰς

2212 1285 2321 1336 τῶν
2349 1285 2602 1358 καθαρῶν
2629 1288 2922 1359 προφητῶν
2946 1289 3142 1360 ψυχὰς,
3173 1291 3348 1346 ταῦτα
3373 1293 3629 1365 λελέχθαι.
3657 1302 3746 1350 Δει-

2214 1376 2392 1429 κνύτω
2419 1377 2462 1429 δ’
2487 1380 2514 1430 ό
2541 1377 2858 1449 βουλόμενος
2890 1381 3204 1450 κρείττονας
3251 1385 3376 1447 τοὺς
3429 1386 3746 1458 ὁμολογουμέσ

2213 1486 2335 1532 νους
2365 1471 2511 1541 παρά
2538 1472 2702 1523 πᾶσιν
2731 1471 3102 1544 ἀνθρωπίνους
3125 1474 3318 1542 λόγους
3343 1476 3451 1528 τῶν
3479 1479 3747 1532 ἀποδεικνύς

2216 1560 2389 1631 μένων
2424 1560 2579 1614 θείων
2612 1564 2703 1616 καὶ
2737 1565 2800 1615 ὲκ
2827 1563 3110 1636 θεοφορίας
3135 1567 3580 1638 ἀπηγγελμένων.
3609 1572 3744 1625 Ἰίνων

2211 1653 2266 1706 δὲ
2287 1655 2378 1707 καὶ
2393 1656 2715 1725 κρειττόνων
2733 1657 2860 1719 τοὺς
2876 1658 3306 1729 ἀποδεγομένους
3335 1661 3443 1732 (17)
3468 1662 3744 1734 διδάσκομεν

2212 1746 2432 1818 ἄμεινον
2462 1747 2822 1815 άπαλλὰξειν;
2854 1752 2914 1804 Ei
2951 1749 3060 1822 γὰρ
3091 1751 3164 1822 μὴ
3194 1755 3447 1824 φορτικὸν
3475 1757 3649 1816 εἰπεῖν,
3669 1758 3744 1808 αὑ.

2204 1839 2357 1892 τόθεν
2393 1841 2678 1908 φαίνεται,
2713 1844 2796 1894 ὅτι
2845 1843 2998 1895 οὐδὲν
3049 1845 3148 1897 οὐκ
3196 1845 3540 1917 ἐπινοηθῆναι
3573 1847 3664 1915 (18)
3685 1847 3743 1911 ib;

2205 1936 2449 2003 κρεῖττον
2503 1928 2639 1986 εἶναι
2670 1933 2890 1988 δύναται
2929 1935 3022 1987 τοῦ
3078 1937 3442 2006 ἐμπιστεύσαι
3491 1937 3658 1990 ἑαυτὸν
3683 1937 3743 2008 τῷ

2205 2026 2297 2077 ἐπὶ
2343 2027 2475 2077 πᾶσι
2507 2025 2642 2095 Θεῷ,
2678 2027 2772 2079 καὶ
2810 2027 3088 2081 ἀναθεῖναι
3117 2029 3435 2102 διδασκαλίᾳ
3463 2031 3642 2094 παντὸς
3666 2032 3742 2100 μὲν

2205 2115 2480 2187 ἀφιστάσῃ
2509 2116 2735 2186 γενητοῦ
2761 2156 2776 2180 ,
2808 2121 3158 2192 προσαγούσῃ
3208 2122 3263 2175 δὲ
3307 2123 3376 2174 δι’
3416 2123 3640 2194 ἐμψύχου
3669 2125 3743 2178 καὶ

2206 2208 2406 2272 ζῶντος
2432 2209 2626 2277 Λόγου,
2646 2211 2704 2274 ὃς
2729 2212 2956 2265 ἐστικαὶ
2975 2214 3133 2283 σοφία
3158 2213 3326 2280 ζῶσα,
3355 2217 3592 2279 καὶὙίδς
3613 2214 3738 2281 Θεοῦ,

2205 2298 2283 2369 τῷ
2309 2300 2401 2352 ἐπὶ
2436 2303 2566 2354 πᾶσι
2597 2300 2734 2372 Θεῷ.
2770 2302 2929 2356 Ἀλλά
2953 2303 3060 2375 γὰρ
3084 2306 3334 2377 αὐτάρκη
3360 2307 3675 2378 περιγραφὴν
3695 2309 3741 2360 ἐν

2203 2389 2410 2454 τούτοις
2455 2392 2674 2446 καὶτοῦ
2715 2394 2902 2466 τρίτου
2939 2395 3107 2466 τόμου
3147 2399 3254 2451 τῶν
3306 2400 3440 2470 πρὸς
3473 2400 3532 2452 τὸ
3571 2399 3740 2452 Κέλσω

2207 2485 2541 2554 σύγγραμμα
2575 2486 2703 2555 ἡμῖν
2746 2487 3225 2558 ὑπαγορευθέντων
3274 2491 3580 2563 εἰληφότος,
3607 2487 3740 2544 αὑτοῦ

2205 2590 2306 2625 που
2342 2573 2764 2646 καταπαύσομεν
2796 2578 2904 2650 (19)
2927 2579 3018 2632 τὸν
3043 2579 3199 2648 λόγον
3218 2621 3233 2645 ,
3267 2582 3326 2635 ὲν
3352 2585 3462 2646 τοῖς
3493 2581 3609 2651 ἑξῆς
3630 2581 3742 2653 πρὸς

2204 2666 2272 2719 τά
2304 2665 2440 2737 μετά
2467 2666 2623 2720 τοῦτο
2655 2671 3020 2741 γεγραμμένα
3049 2671 3125 2742 τῷ
3151 2673 3345 2745 Κέλσῳ
3370 2674 3736 2746 ἀγωνιούμενοι.

513 2812 3722 2846 ———-———-——-—~_-—_——-————-_—____________

1173 2978 2011 3095 ΩΡΙΓΕΝΟΥΣ
2065 2980 2484 3096 ΚΑΤΑ
2537 2984 3152 3106 ΚΕΛΣΟΥ

1655 3202 2036 3289 ΤοΜΟΣ
2091 3203 2681 3327 ΤΕΤΑΡΤΟΣ.

759 3521 1340 3635 ORIGENIS
1415 3538 1893 3634 CONTRA
1965 3541 2430 3634 CELSUM
2501 3543 2865 3632 LIBER
2938 3545 3528 3649 QUARTUS

591 3919 647 3974 1.
681 3918 931 3973 Diximus
981 3916 1035 3970 in
1068 3915 1246 3969 tribus
1301 3915 1682 3986 superioribus
1720 3917 1898 3980 libris,
1939 3932 2095 3973 sacer
2120 3929 2162 3985 c

513 4011 795 4075 Ambrosi,
821 4025 940 4080 qua:
973 4010 1129 4063 nobis
1155 4018 1348 4063 contra
1383 4007 1526 4062 Celsi
1559 4008 1818 4077 scriptum
1847 4009 1899 4062 iu
1933 4025 2088 4063 men-

521 4117 628 4159 tem
659 4120 890 4168 venere;
925 4119 1070 4157 nttnc
1101 4102 1365 4156 adversus
1412 4115 1473 4154 ea
1503 4114 1623 4169 quae
1650 4109 1968 4168 sequuntur,
2002 4101 2088 4154 in-

517 4207 714 4254 vocato
749 4212 844 4266 per
867 4196 1142 4250 Christum
1174 4194 1303 4257 Deo,
1330 4202 1583 4262 quartum
1605 4191 1968 4262 aggredimur.
1992 4191 2093 4245 At-

515 4305 624 4360 que
658 4291 864 4344 utinam
906 4288 1035 4340 mihi
1093 4287 1295 4340 dentur
1347 4286 1510 4338 verba
1537 4323 1554 4347 ,
1597 4284 1664 4338 de
1706 4283 1904 4352 quibus
1949 4283 2092 4353 apud

514 4381 807 4437 Jeremiatn
841 4380 1102 4435 Dominus
1133 4379 1275 4433 hunc
1315 4379 1635 4448 prOphetam
1661 4378 1950 4448 alloquens
1979 4379 2089 4433 ait:

518 4494 540 4527 ο
578 4475 714 4530 Ecce
741 4475 859 4528 dedi
885 4474 1047 4528 verba
1075 4487 1192 4527 mea
1227 4474 1280 4524 in
1311 4487 1407 4525 ore
1434 4482 1526 4526 tuo
1557 4472 1738 4540 ignem
1765 4486 1780 4536 ;
1811 4486 1940 4525 ecce
1962 4486 2093 4526 con-

513 4569 670 4622 stitui
701 4576 751 4621 te
802 4568 962 4620 hodie
994 4581 1160 4634 super
1208 4576 1398 4636 gentes
1448 4574 1500 4618 et
1535 4578 1698 4633 super
1759 4579 1970 4632 regna,
2027 4572 2089 4616 ut

513 4660 716 4713 evellas
746 4699 760 4722 ,
796 4667 849 4712 et
902 4660 1156 4712 destruas
1181 4697 1198 4722 ,
1231 4667 1287 4710 et
1338 4655 1623 4726 disperdas
1651 4695 1667 4720 ,
1725 4664 1780 4709 et
1819 4656 2051 4723 dissipes
2073 4699 2087 4722 ,

513 4767 568 4808 et
601 4755 840 4808 aedifices
868 4797 882 4821 ,
915 4764 970 4807 et
1012 4754 1226 4823 plantes
1253 4754 1320 4810 η.
1364 4773 1383 4805 ι
1422 4751 1570 4820 Opus
1617 4751 1766 4806 enim
1825 4736 2087 4805 habemus

511 4859 568 4902 et
608 4863 709 4901 nos
757 4847 942 4901 verbis
977 4863 1096 4916 quae
1125 4863 1192 4901 ex
1227 4845 1424 4900 animis
1455 4845 1710 4899 omnibus
1752 4862 1770 4896 ι
1799 4843 2038 4897 evellant
2066 4860 2085 4893 ι

471 4920 835 5002 ἰιιειιιισοίο,
900 4940 1096 5008 quibus
1159 4939 1282 4992 illos
1353 4937 1494 4992 Celsi
1549 4936 1811 5004 scriptum
1880 4933 2095 5002 aliaque

515 5032 590 5085 illi
619 5032 814 5085 similia
843 5035 1078 5102 cogitata
1113 5031 1389 5084 lzeserunt.
1417 5030 1566 5098 Opus
1601 5029 1869 5082 habemus
1897 5037 1951 5081 et
1977 5042 2096 5082 sen-

520 5122 724 5189 ’entiis,
752 5142 870 5195 quae
904 5144 922 5176 ι
948 5125 1231 5178 destruant
1253 5142 1271 5175 ι
1307 5137 1469 5176 onme
1501 5121 1758 5176 falsarum
1781 5119 1941 5190 502
1976 5119 2094 5189 opi-

2111 3731 2180 3752 δ-

2279 3921 2367 3974 Ἐν
2392 3921 2541 3993 τρισὶ
2567 3922 2678 3983 τοῖς
2707 3920 2813 3990 πρὸ
2841 3919 3045 3973 τούτων
3073 3919 3434 3985 διεξελθόντες
3462 3919 3659 3990 βιϐλίοις
3677 3914 3732 3972 τὰ

2197 4013 2334 4086 πρὸς
2352 4012 2411 4066 τδ
2434 4011 2641 4065 Κέλσου
2672 4011 3011 4082 σύγγραμμα
3030 4011 3291 4081 νοηθέντα
3319 4015 3469 4083 ἡμῖν,
3503 4011 3601 4083 ἱερὲ
3630 4011 3733 4079 Ἀμ-

2197 4105 2398 4177 6ρόσιε,
2421 4104 2674 4177 τέταρτον
2695 4103 2831 4175 πρὸς
2855 4104 2923 4157 τὰ
2941 4103 3086 4174 ἑξῆς,
3118 4104 3407 4175 εὐξάμενοι
3431 4105 3514 4158 διὰ
3538 4100 3731 4175 Χριστοῦ

2197 4197 2276 4268 τῷ
2302 4196 2418 4268 Θεῷ
2442 4236 2456 4259 ,
2493 4195 2932 4267 ὑπαγορεύομεν.
2963 4195 3174 4249 Δοθείεν
3201 4197 3257 4249 δὲ
3290 4200 3421 4269 ἡμῖν
3450 4199 3600 4266 λόγοι,
3630 4193 3732 4262 περὶ

2195 4284 2268 4343 ὧν
2302 4291 2358 4342 ὲν
2390 4289 2465 4361 τῷ
2508 4289 2745 4360 Ἱερεμίᾳ
2792 4289 3138 4360 γέγραπται,
3166 4290 3241 4352 ὼς
3259 4290 3353 4342 τοῦ
3387 4288 3580 4362 Κυρίου
3625 4285 3732 4357 πρὸς

2197 4381 2287 4434 τὸν
2320 4384 2600 4454 προφήτην
2630 4382 2873 4445 εἰπόντος
2894 4422 2908 4445 ,
2945 4399 2963 4431 ι
3007 4382 3137 4434 Ἰδοὺ
3185 4381 3395 4436 δέδωκα
3417 4383 3536 4443 τοὺς
3578 4379 3732 4445 λόγους

2201 4492 2300 4544 μου
2327 4476 2406 4538 εἰς
2429 4475 2488 4526 τὸ
2513 4475 2684 4546 στόμα
2712 4491 2805 4527 σου
2835 4474 2966 4547 πῦρ·
2990 4473 3097 4526 ἰδοὺ
3125 4475 3439 4528 καθέστακά
3462 4491 3516 4526 σε
3538 4474 3732 4541 σήμερον

2197 4567 2288 4617 ἐπὶ
2314 4565 2437 4636 ἔθνη
2465 4566 2558 4618 καὶ
2595 4565 2890 4635 βασιλείας,
2921 4564 3191 4637 ὲκριζοῦν,
3222 4568 3317 4619 καὶ
3350 4564 3728 4620 κατασκάπτειν.

2198 4657 2289 4709 καὶ
2316 4657 2601 4710 ἀπολλύειν
2635 4657 2745 4727 (20)
2776 4657 2868 4710 καὶ
2901 4660 3190 4729 κατασπᾷν
3219 4699 3233 4722 ,
3266 4659 3360 4710 καὶ
3392 4653 3728 4724 ἀνοικοδομεῖν,

2197 4751 2289 4803 καὶ
2316 4749 2730 4818 καταφυτεύειν.
2768 4771 2786 4802 ›
2818 4751 2926 4803 Καὶ
2952 4751 3060 4822 γὰρ
3087 4752 3249 4821 ἡμεῖς
3278 4751 3541 4822 χρῄζομεν
3566 4747 3644 4800 νῦν
3667 4742 3729 4794 λύ-

2193 4859 2306 4909 γων
2343 4860 2362 4892 ι
2391 4839 2752 4911 ὲκριζούντων
2787 4861 2803 4892 ι
2847 4842 2918 4895 τὰ
2944 4844 3085 4895 κατά
3112 4843 3212 4912 τῆς
3252 4844 3504 4916 ἀληθείας
3532 4840 3624 4894 ἀπὸ
3644 4836 3729 4888 πά-

2196 4948 2296 5002 σης
2325 4932 2500 5002 ψυχῆς
2525 4931 2908 5005 βεϐλαμμένης
2941 4935 3046 4987 ὑπὸ
3077 4935 3188 5006 (2i)
3223 4935 3316 4989 τοῦ
3352 4934 3726 5006 συγγράμματος

2197 5024 2428 5085 Κέλσου,
2461 5023 2493 5095 ἢ
2521 5024 2628 5078 τῶν
2661 5027 3058 5096 παραπλησίων
3109 5027 3258 5099 αύτῷ
3311 5029 3598 5099 νοημάτων.
3627 5019 3726 5075 Δεό-

2199 5115 2336 5184 μεθα
2393 5117 2449 5169 δὲ
2483 5118 2576 5169 καὶ
2627 5118 2913 5190 νοημάτων
2949 5139 2966 5170 ι
3003 5121 3493 5174 κατασκαπτόντων
3525 5137 3542 5170 ι
3583 5115 3723 5181 πάσης

515 5215 738 5272 ιιίὁηιιιη
767 5218 1081 5281 aedilicium,
1123 5214 1367 5284 adeoque
1398 5214 1451 5268 id
1501 5213 1642 5283 quod
1675 5211 1868 5267 Celsus
1903 5211 1959 5266 in
1991 5225 2089 5266 suo

2210 5207 2540 5278 ίιευδοδοξίας
2578 5211 2900 5283 οἰκοδομὰς,
2932 5212 3026 5266 καὶ
3067 5213 3166 5284 τῆς
3211 5213 3418 5266 Κέλσου
3454 5210 3555 5283 (‘22)
3598 5210 3646 5260 ἐν
3667 5199 3723 5270 τῷ

584 5338 630 5368 ⁸³
653 5336 853 5391 Jerem.
885 5351 925 5401 ι,
953 5333 1012 5389 9.

589 5434 696 5503 (16)
723 5432 906 5487 Codex
933 5431 1183 5486 Julianus
1238 5430 1474 5503 secunda
1502 5445 1662 5503 manu
1691 5470 1723 5503 ,_
1761 5427 2084 5503 φιλοσόφων.

510 5497 715 5628 aegrius
745 5514 798 5557 et
837 5503 1184 5564 Basileensis,
1213 5498 1550 5568 φιλοσοφίαν.
1583 5497 1727 5554 Libri
1761 5497 1969 5566 excusi,
2002 5513 2092 5566 φι-

575 5591 752 5628 σοσον.

575 5591 752 5626 σοιοον.

583 5593 752 5642 σοφόν.

583 5646 697 5714 (17)
739 5641 1266 5714 Ἀποδεχομένους.
1294 5642 1435 5710 Lege
1464 5656 1584 5714 cum
1619 5639 1922 5714 Boherello,
1951 5639 2089 5714 ἀπε-ς

511 5709 771 5785 χομένους
796 5753 810 5777 ,
847 5729 876 5765 e
918 5709 1146 5785 numero
1178 5713 1243 5764 TI
1287 5709 1839 5785 supra.__Pattlo‘_pos_t
1870 5709 2086 5785 loc'o,_ei

642 5787 724 5856 μὴ
756 5781 1008 5856 φορτικδν
1038 5784 1211 5856 είπεζν
1233 5822 1248 5846 ,
1293 5778 1434 5838 idem
1468 5781 1783 5837 Boherellus
1814 5780 1980 5850 legit,
2013 5778 2090 5840 ὡς

757 5851 1010 5924 φορτικὸν
1043 5854 1234 5908 ιίπεῖν.

2401 5490 2408 5492 Α
2433 5418 2624 5492 Οὐδὲν
2651 5421 2763 5492 οὐκ
2791 5417 3202 5492 ἐπινοηθῆναι.
3244 5415 3586 5471 Scribeudum
3609 5405 3718 5460 vide-

2199 5489 2288 5544 tur
2321 5489 2626 5553 BOherello,
2657 5491 2807 5543 οὐδὲν
2852 5491 2918 5544 ἂν
2945 5489 3325 5559 ἐπινοηθῆναι.
3428 5556 3438 5559 _
3602 5547 3632 5559 _
3667 5541 3695 5559 λε

2267 5563 2380 5630 t'l9)
2412 5547 2909 5628 Καταταύσομεν.
2965 5561 3040 5630 Ita
3093 5547 3256 5612 c'od'd.
3312 5556 3505 5627 Regius
3529 5547 3719 5606 etBasi‘

2192 5628 2414 5688 leeusis.
2443 5633 2590 5684 Alias
2617 5647 2765 5694 vero,
2793 5628 3253 5699 καταπαύσωμεν.

2267 5703 2380 5771 (ἂο)
2417 5700 2574 5756 Libb.
2607 5703 2796 5754 excusi
2833 5702 2888 5754 in
2915 5697 3177 5771 margine,
3212 5697 3485 5755 ἀπολύειν.

2271 5774 2385 5843 (21)
2421 5772 2584 5843 [idem
2616 5773 2667 5843 in
2694 5782 2887 5843 textu,
2920 5770 3062 5843 ἀπό.
3147 5838 3156 5843 _
3239 5840 3263 5843 _
3332 5837 3351 5843 _,

2271 5837 2382 5914 (ει)
2427 5841 2584 5912 Legit
2615 5840 2945 5908 Boherelltts,
2980 5841 3075 5894 καὶ
3103 5838 3172 5892 τά
3201 5840 3304 5912 τῆς
3330 5837 3542 5892 Κέλσον.
