3852 6418
110 414 220 471 1029
1149 464 1155 472 ,
1223 405 1498 462 CONTRA
1529 403 1656 461 CEL

1764 399 1971 474 uite.
2002 398 2092 456 tv.
3166 398 3303 453 toso

111 531 459 604 συγγράμματι
499 526 664 580 αὐτοῦ
704 523 984 595 οἰκοδομῆς
1015 522 1370 594 παραπλήσια
1401 524 1466 593 τῇ
1491 522 1635 575 οίκο-

1764 531 1900 588 ιρθιιε
1921 516 2247 581 construxit,
2283 515 2428 571 haud
2454 514 2716 571 dissimile
2741 514 2970 571 aedilicio
2989 529 3176 569 eorum
3201 515 3296 582 qui

110 627 215 694 δομῇ
237 622 337 675 τῶν
358 619 620 673 εἰπόντων
645 634 659 650 ο
691 635 709 668 ι
740 615 925 676 Δεῦτε,
955 615 1396 684 οἰκοδομήσωμεν
1422 614 1633 674 ἑαυτοῖς

1764 607 2022 663 |icebant:
2069 627 2089 660 ι
2126 605 2338 673 Venite,
2399 605 2663 661 faciamus
2717 605 2871 660 nobis
2908 605 3186 660 civitatem
3240 610 3299 659 et

112 693 233 768 πόλιν
262 712 350 767 καὶ
381 709 611 781 πύργον,
637 699 698 761 οῦ
731 709 766 779 ἠ
793 703 1186 776 κεφαλὴ⁶ἕσται
1211 703 1317 766 ἕως
1345 702 1438 755 τοῦ
1465 702 1632 773 οὐρα-

1764 698 1951 764 nrrim,
1977 697 2130 768 cujus
2157 698 2368 753 culmen
2395 697 2662 766 pertingat
2687 697 2752 750 ad
2780 697 2975 750 ccelum
2999 696 3066 750 “.
3099 714 3118 747 ι
3150 693 3298 764 Opus

111 806 205 859 νοῦ’
229 825 245 856 ι
264 802 393 858 ἀλλά
411 802 504 856 καὶ
525 798 796 872 χρῄζομεν
816 797 1004 866 σοφίας
1030 815 1048 847 ι
1076 794 1440 866 κατασπώσης
1461 794 1636 848 πάντα

1764 791 1997 844 tabemus
2025 789 2314 858 sapientia,
2346 805 2463 857 qine
2501 807 2520 840 ι
2561 791 2832 856 disperdat
2866 801 3298 842 »ουιιιιοιηιιεηι

111 898 162 951 τὰ
178 895 489 966 ἐπαιρόμενα
508 891 649 945 κατά
673 891 770 960 τῆς
789 887 1037 958 γνώσεως
1049 887 1142 940 τοῦ
1161 886 1294 939 Θεοῦ
1312 885 1596 956 ὑψώματα,
1611 903 1628 936 ι

1771 881 2074 934 ltitudinem
2135 880 2494 934 extollentem
2559 896 2618 934 se
2679 882 2943 936 adversus
3019 881 3303 935 scientiam

111 988 181 1042 καὶ
203 983 256 1038 ὠ
279 984 478 1038 Κέλσου
503 981 861 1053 ἐπαιρόμενον
882 979 1003 1034 καθ’
1027 978 1182 1048 ἡμῶν
1201 977 1299 1046 τῆς
1319 975 1635 1040 ἀλαζονείας

1764 973 1830 1026 Dei
1858 973 1928 1038 “,
1966 991 1985 1024 ι
2029 981 2141 1025 tum
2172 972 2504 1039 arrogantiae
2534 972 2899 1035 altitudinem,
2933 987 3036 1039 qua
3088 987 3146 1024 se
3179 971 3304 1023 Cel-

111 1077 290 1146 ῦψωμα.
336 1070 448 1127 Εἶτ’
490 1073 612 1126 ἐπεὶ
655 1072 730 1141 μὴ
764 1068 867 1140 χρὴ
912 1067 1235 1136 καταλήγειν
1263 1065 1410 1135 ἡμᾶς
1453 1062 1544 1115 ἐπὶ
1575 1061 1636 1114 τὸ

1767 1081 1828 1119 us
1863 1072 2054 1119 contra
2095 1078 2195 1117 nos
2226 1062 2458 1116 extollit.
2529 1063 2633 1117 Sed
2665 1077 2855 1130 parum
2879 1063 3043 1116 fuerit
3072 1060 3305 1116 evellere

111 1167 317 1240 ὲκριζοῦν
355 1167 446 1218 καὶ
472 1163 872 1217 κατασκάπτειν
903 1159 970 1212 τά
997 1156 1384 1229 προειρημένα,
1416 1153 1530 1208 ἀλλ’
1558 1155 1637 1216 είς

1764 1166 1788 1209 ιι
1818 1157 2144 1218 destruere;
2179 1163 2395 1222 oportet
2429 1154 2548 1209 loco
2577 1169 2764 1207 eorum
2793 1194 2808 1218 ,
2856 1169 2976 1223 qua!
3027 1154 3302 1208 eradicata

114 1260 188 1331 μὲν
208 1258 296 1327 τὴν
325 1255 503 1326 χώραν
535 1252 643 1306 τῶν
691 1248 1090 1322 ὲκριζωθέντων
1117 1245 1508 1315 καταφυτεύειν
1534 1261 1636 1311 φυ-

1765 1249 1965 1308 uerint,
1997 1245 2099 1298 alia
2133 1259 2322 1298 serere
2349 1260 2469 1311 quat
2499 1263 2518 1296 ι
2552 1245 2644 1299 Dei
2679 1245 3019 1315 agriculturte
3052 1262 3071 1296 ι
3101 1259 3304 1298 conve-

111 1350 228 1402 τείαν
256 1365 272 1397 ι
298 1345 385 1398 τοῦ
419 1342 562 1397 κατά
586 1341 717 1394 Θεὸν
747 1339 1035 1411 γεωργίου,
1080 1359 1098 1389 ι
1133 1339 1212 1401 είς
1238 1337 1294 1389 δὲ
1337 1335 1428 1388 τὸν
1473 1335 1637 1387 τόπον

1764 1337 1896 1392 aiant
1941 1339 2009 1401 ",
2043 1349 2098 1392 et
2129 1337 2528 1390 destruetorum
2582 1336 2704 1390 loco
2757 1335 2852 1388 Dei
2906 1334 3195 1389 :cdificiuin
3250 1343 3308 1389 et

111 1439 194 1492 τῶν
224 1435 676 1503 κατασκαφέντων
707 1431 1005 1500 οἰκοδομεῖν
1052 1427 1186 1481 Θεοῦ
1237 1425 1521 1496 οἰκοδομὴν
1546 1424 1638 1477 καὶ

1764 1429 1992 1496 emplum
2019 1428 2205 1498 gloria:
2238 1425 2330 1479 Dei
2359 1436 2701 1480 construere.
2733 1425 2998 1492 Quocirca
3033 1427 3310 1496 rogandus

113 1531 208 1583 ναὸν
224 1529 367 1599 δόξης
387 1526 522 1580 Θεοῦ
539 1545 554 1556 ·
579 1524 666 1577 διὰ
696 1522 873 1585 τοῦτο,
901 1520 993 1574 καὶ
1018 1522 1149 1591 ἡμῖν
1179 1518 1396 1572 εὐκτέον
1421 1517 1537 1570 ἐστὶ
1560 1515 1638 1587 τῷ

1764 1533 1822 1577 :st
1851 1521 2130 1582 Dominus,
2163 1533 2350 1573 eorum
2379 1533 2498 1586 quae
2530 1519 2583 1572 in
2611 1517 2844 1572 Jeremia
2899 1529 3306 1580 memorantur,

112 1621 322 1676 δεδωκότι
345 1619 534 1690 Κυρίῳ
564 1616 636 1670 τά
664 1616 723 1670 ἐν
748 1614 825 1686 τῷ
865 1613 1101 1686 Ἱερεμίᾳ
1129 1610 1486 1682 γεγραμμένα
1507 1649 1523 1672 ,
1552 1609 1638 1662 ἵνα

1764 1615 1982 1684 argitor,
2010 1621 2070 1664 ut
2091 1610 2318 1664 etnobis
2345 1610 2438 1664 det
2460 1623 2521 1664 ea
2548 1609 2714 1678 loqui,
2743 1609 2941 1678 quibus
2962 1624 3081 1678 quae
3107 1609 3305 1662 Clu-isti

113 1715 182 1769 καὶ
209 1715 327 1784 ἡμῖν
356 1710 430 1781 δῷ
476 1709 672 1777 λόγους
711 1709 805 1760 καὶ
831 1706 968 1778 πρὸς
996 1705 1056 1759 τὸ
1097 1704 1398 1774 οἰκοδομεῖν
1443 1702 1513 1756 τὰ
1544 1699 1638 1753 τοῦ

1764 1718 1866 1758 .unt
1889 1703 2181 1767 aedificare,
2213 1699 2623 1770 spiritalemque
2646 1701 2816 1768 legem
2847 1711 2902 1754 et
2931 1698 3211 1754 referenda
3240 1700 3308 1756 ad

111 1803 327 1876 Χριστοῦ,
345 1802 438 1855 καὶ
451 1799 848 1868 καταφυτεύειν
863 1799 952 1853 τὸν
971 1815 1100 1851 πνευ
1110 1795 1332 1868 ματιὶιδν
1347 1794 1528 1865 νόμον,
1546 1792 1641 1845 καὶ

1764 1796 1886 1848 llam
1915 1793 2228 1864 prophetica
2261 1792 2480 1846 oracula
2505 1808 2690 1848 serere
2712 1793 3008 1848 valeamus.
3033 1790 3158 1847 Haec
3180 1808 3309 1847 vero

111 1900 209 1961 τοὺς
223 1895 468 1964 ἀνάλογον
493 1893 642 1964 αὐτῷ
667 1892 1032 1964 προφητικοὺς
1049 1890 1255 1958 λόγους.
1277 1888 1386 1941 Καὶ
1411 1885 1644 1957 μάλιστα

1764 1885 1960 1940 )racula
1998 1900 2142 1938 nunc
2189 1884 2428 1938 maxime
2461 1885 2750 1938 ostendere
2801 1899 2939 1952 opus
2969 1895 3052 1938 est
3082 1885 3308 1953 pulchre

113 1990 236 2059 χρεία
261 1990 381 2059 ἡμῖν
413 1988 553 2059 πρὸς
595 1987 665 2040 τά
710 1985 805 2038 νῦν
832 1984 959 2054 ἑξῆς
985 1985 1097 2046 τοῖς
1122 1980 1534 2052 προειρημένοις
1561 1979 1639 2050 τῷ

1764 1976 1812 2030 le
1843 1975 2058 2031 Christo
2091 1973 2459 2053 edita'fuisse.
2483 1987 2541 2028 ut
2574 1990 2694 2042 qua:
2721 1974 2974 2042 deinceps
3006 1975 3192 2029 Celsus
3214 1975 3313 2028 ob-

114 2081 271 2152 Κέλσῳ
291 2081 556 2151 λεγόμενα
579 2078 1006 2138 κατασκευάσαι,
1019 2076 1099 2127 ὅτι
1115 2073 1291 2135 καλῶς
1312 2073 1381 2126 τὰ
1400 2071 1526 2142 περὶ
1544 2069 1638 2123 τοῦ

1766 2067 1859 2122 icit
1885 2067 2205 2121 refutentur.
2236 2064 2506 2134 Utrosqne
2527 2066 2672 2119 enim
2698 2064 3309 2135 impngnat,et.luda:os,

116 2172 314 2245 Χριστοῦ
351 2171 815 2243 πεπροφήτευται.
849 2168 998 2237 ’Ἅμα
1019 2165 1125 2238 γὰρ
1149 2165 1284 2236 πρὸς
1303 2163 1640 2235 ἀμφοτέρους

116 2265 359 2333 ἱστάμενος
384 2265 411 2315 ὁ
437 2262 667 2324 Κέλσος,
710 2259 994 2321 Ἰουδαίους
1046 2257 1143 2328 μὲν
1174 2255 1529 2327 ἀρνουμένους
1552 2270 1644 2322 γε·

115 2356 288 2422 γονέναι
318 2356 410 2424 τὴν
438 2351 678 2425 Χριστοῦ
703 2351 1014 2422 ἐπιδημίαν,
1065 2347 1378 2411 ἐλπίζοντας
1406 2346 1451 2400 δ’
1476 2344 1644 2415 αὐτὴν

115 2445 326 2508 ἔσεσθαι,
369 2443 727 2516 Χριστιανοὺς
774 2441 829 2495 δὲ
876 2437 1267 2510 ὁμολογοῦντας
1311 2438 1400 2491 τὸν
1441 2435 1644 2507 Ἰησοῦν

117 2534 222 2590 εἶναι
247 2537 338 2589 τὸν
364 2535 810 2610 προφητευθέντα
833 2532 1086 2606 Χριστὸν,
1115 2530 1277 2604 φησίν
1294 2547 1308 2561 ⁸

201 2643 216 2674 ι
253 2626 368 2677 Ὅτι
415 2625 470 2677 δὲ
499 2627 595 2677 καὶ
620 2623 957 2695 Χριστιανῶν
984 2639 1129 2684 τινες
1157 2621 1251 2674 καὶ
1292 2620 1562 2679 Ἰουδαῖοι,
1595 2617 1646 2672 οἱ

119 2715 195 2785 μὲν
216 2717 637 2788 καταϐεϐηκέναι
684 2717 846 2784 φασὶν
876 2714 1026 2785 (25),
1056 2714 1106 2767 οἱ
1136 2713 1190 2766 δὲ
1244 2710 1646 2782 καταϐήσεσθαι

116 2811 177 2871 είς
197 2809 285 2880 τὴν
310 2810 408 2879 γῆν
434 2827 555 2862 τινα
600 2808 732 2862 Θεὸν
756 2809 790 2880 ἢ
821 2805 953 2861 Θεοῦ
1001 2804 1130 2859 Υἱὸν
1159 2805 1266 2858 τῶν
1289 2805 1414 2875 τῇδε
1441 2803 1650 2856 δικαιω-

117 2901 209 2971 τὴν,
232 2902 367 2954 τοῦτ’
395 2902 673 2972 αἴσχιστον
690 2941 704 2963 ,
736 2899 829 2952 καὶ
857 2899 976 2953 οὐδὲ
1000 2899 1167 2951 δεῖται
1201 2895 1410 2968 μακροῦ
1434 2894 1591 2963 λόγου
1620 2895 1650 2947 ὁ

116 2993 320 3065 ἔλεγχος.
359 3014 376 3046 ι
407 2996 517 3048 Καὶ⁸
544 2994 692 3046 δοκεῖ
719 2992 830 3064 (24)
865 3008 928 3061 γε
961 2989 1200 3062 ἀκριϐῶς
1224 2989 1350 3060 περὶ
1383 2986 1478 3058 μὲν
1519 2986 1650 3038 Ἰου-

115 3085 246 3137 δαίων
270 3087 333 3139 οὐ
355 3086 513 3139 τινῶν
532 3124 546 3147 ,
577 3083 714 3138 ἀλλά
745 3085 962 3137 πάντων
983 3082 1179 3150 λέγειν,
1209 3081 1290 3132 ὅτι
1319 3075 1516 3132 οἴονταί
1532 3093 1654 3130 τινα

117 3178 481 3250 καταϐήσεσθαι
507 3177 604 3231 ἐπὶ
633 3177 734 3248 τὴν
763 3177 866 3246 γῆν
887 3193 902 3205 ο
938 3177 1067 3245 περὶ
1092 3173 1148 3225 δὲ
1181 3168 1541 3243 Χριστιανῶν,
1571 3169 1654 3223 ὅτι

1745 2159 1838 2228 qui
1866 2157 2142 2212 Christum
2171 2157 2456 2211 advenisse
2477 2167 2672 2227 negant
2696 2158 3163 2226 adventuromque
3188 2173 3310 2226 spe-

1746 2261 1892 2316 rant,
1918 2263 1972 2306 et
2004 2250 2350 2306 Christianos
2388 2249 2480 2314 qui
2505 2246 2692 2303 Jesum
2725 2263 2844 2304 esse
2873 2249 3147 2303 Christum
3179 2262 3313 2302 eon-

1747 2346 1970 2400 fitentur
2032 2361 2192 2414 quem
2252 2343 2532 2414 prophetae
2584 2342 2973 2411 pmdixeruut.
3022 2340 3112 2395 Sic
3151 2341 3334 2410 igitur.

1749 2439 1838 2494 ille
1861 2456 1876 2492 :

1817 2612 1873 2667 2.
1909 2631 1928 2664 ‹
1963 2611 2190 2680 Quidam
2227 2626 2257 2666 e
2286 2608 2610 2666 ChriStianis
2645 2616 2698 2662 et
2727 2605 2897 2661 Judaei
2930 2606 3224 2674 disputant,
3254 2603 3310 2658 hi

1749 2707 1964 2776 quidem
1991 2705 2042 2758 in
2067 2715 2263 2756 terram
2289 2704 2678 2756 descensurum
2704 2713 2828 2758 esse
2853 2699 3008 2751 deum
3027 2700 3313 2764 qut-nudam

1751 2803 1845 2849 aut
1882 2794 1976 2848 Dei
2007 2792 2200 2846 Filium
2233 2792 2393 2861 hujus
2424 2801 2583 2844 terra:
2619 2788 2829 2842 incolas
2861 2785 3308 2856 justiticaturum;

1754 2887 1831 2942 illi
1864 2900 1992 2939 vero
2015 2884 2126 2954 jam
2183 2884 2553 2938 descendisse.
2599 2880 2781 2950 Turpe
2819 2880 3124 2945 dissidium,
3170 2881 3314 2948 quod

1755 2978 2003 3047 pluribus
2037 2974 2283 3030 refellere
2339 2987 2730 3044 super-Vacuum
2773 2982 2934 3028 esset.
2972 2990 2992 3023 ι
3050 2971 3318 3025 Accurato

1757 3070 1809 3126 id
1842 3071 2060 3140 quidem
2094 3068 2307 3124 .ludteos
2345 3082 2450 3121 non
2478 3065 2765 3135 quosdam,
2795 3064 2887 3118 sed
2922 3079 3108 3118 omnes
3133 3063 3318 3117 existi-

1758 3177 1907 3216 mare
1955 3163 2091 3214 hanc
2131 3161 2184 3215 in
2219 3169 2416 3214 terram
2447 3158 2732 3225 quemdam
2761 3171 2880 3210 esse
2911 3156 3318 3220 descensurum;

115 3272 228 3334 τινὲς
255 3247 426 3326 αὐτῶν
454 3247 894 3341 καταϐεϐηκέναι
926 3267 1193 3336 λέγουσιν.
1236 3263 1516 3335 Ἐμφαίνει
1546 3261 1655 3332 γὰρ

1764 3254 2018 3324 quosdam
2050 3264 2232 3308 autem
2275 3268 2305 3306 e
2331 3250 2657 3306 Christianis
2721 3247 3063 3303 de5cendisse
3114 3247 3316 3300 dicere.

115 3363 215 3426 τοὺς
262 3365 367 3417 ἀπὺ
409 3362 717 3417 Ἰουδαϊκῶν
761 3361 990 3434 Γραφῶν
1021 3358 1525 3422 κατασκευάζοντας
1555 3355 1656 3426 τὴν

117 3455 320 3526 Χριστοῦ
371 3456 480 3528 (25)
529 3454 824 3526 ἐπιδημίαν
857 3453 932 3517 ὡς
974 3451 1071 3524 ἤδη
1101 3449 1506 3522 γεγενημένηνο
1561 3445 1657 3500 καὶ

115 3544 258 3598 ἔοικεν
283 3549 495 3614 εἰδέναι,
522 3548 606 3600 ὅτι
635 3546 739 3599 είσί
759 3561 900 3608 τινες
920 3543 1156 3615 αἱρέσεις
1176 3540 1501 3614 ἀρνούμεναι
1524 3540 1658 3611 Χρι-

116 3638 214 3690 στὸν
252 3640 448 3709 Ἰησοῦν
479 3635 620 3693 εἶναι
659 3638 752 3692 τὸν
805 3635 1337 3708 προπεφητευμένον.
1373 3632 1510 3701 Ἤδη
1558 3631 1657 3702 μὲν

114 3724 188 3781 οὖν
211 3733 293 3785 καὶ
341 3735 396 3785 ἐν
445 3734 559 3795 τοῖς
585 3729 871 3802 προτέροις
895 3729 1022 3799 περὶ
1047 3725 1142 3778 τοῦ
1180 3720 1656 3794 προπεφητεῦσθαι

113 3823 185 3874 τὸν
209 3827 428 3895 Χριστὸν
457 3824 603 3879 κατά
628 3823 854 3893 δύναμιν
873 3820 1222 3890 διειλήφαμεν
1240 3835 1257 3850 ο
1287 3816 1367 3870 διὸ
1395 3815 1462 3868 τά
1488 3813 1658 3868 πολλὰ

113 3913 201 3967 τῶν
239 3917 543 3990 δυναμένων
585 3914 841 3984 λέγεσθαι
868 3915 947 3976 εἰς
994 3912 1085 3964 τὸν
1130 3910 1295 3963 τόπον
1326 3909 1424 3961 οὐκ
1456 3907 1660 3960 ἐπανα-

113 4005 427 4083 λαμϐάνομεν
451 4053 465 4072 .
516 4012 607 4064 ἵνα
637 4009 712 4080 μὴ
746 4005 1172 4074 παλιλλογῶμεν.
1223 4003 1362 4074 Ὅρα
1405 4001 1467 4071 δὴ
1488 4039 1502 4063 ,
1532 4000 1615 4053 δτι
1639 4039 1656 4063 ,

115 4101 244 4175 εἴπερ
272 4105 405 4175 μετά
435 4119 580 4166 τινος
603 4101 708 4154 κᾶν
740 4098 996 4167 δοκούσης
1023 4097 1133 4168 ('26)
1163 4093 1478 4154 ἀκολουθίας
1505 4090 1659 4145 ἐδού-

114 4190 213 4247 λετο
234 4198 554 4269 ἀνατρέπειν
590 4195 690 4266 τὴν
721 4192 852 4264 περὶ
893 4190 999 4243 τῶν
1055 4185 1416 4261 προφητειιῖΝ,
1463 4182 1497 4254 ἦ
1534 4184 1661 4255 περὶ

115 4286 190 4340 τοῦ
207 4290 552 4361 ἐπιδημήσειν
573 4288 606 4358 ἦ
630 4281 1080 4355 ἐπιδεδημηκέναι
1099 4280 1189 4333 τὸν
1204 4278 1436 4351 Χριστὸν
1457 4277 1658 4342 πίστιν,

118 4379 260 4449 ἐχρῆν
289 4383 447 4436 αὐτὸν
473 4379 647 4442 αὐτὰς
678 4376 931 4430 ἐκθέσθαι
957 4375 1054 4437 τὰς
1085 4371 1421 4444 προφητείας
1444 4411 1457 4434 ,
1487 4365 1574 4432 αἷς
1603 4369 1661 4422 ὲν

113 4469 176 4540 τῷ
199 4472 532 4542 διαλέγεσθαι
564 4470 701 4543 πρὸς
730 4467 990 4537 ἀλλήλους
1035 4463 1293 4535 χρώμεθα
1347 4459 1662 4532 Χριστιανοὶ

1757 3345 1848 3400 Sic
1871 3346 2012 3400 enim
2050 3345 2256 3399 indicat
2280 3354 2335 3400 et
2364 3359 2456 3400 eos
2478 3382 2493 3408 ,
2542 3342 2632 3410 qui
2665 3356 2696 3396 e
2740 3340 2981 3395 Judaicis
3026 3338 3320 3406 Scripturis

1755 3447 2002 3493 astruunt
2022 3435 2295 3492 Christum
2309 3436 2421 3506 jam
2437 3435 2741 3498 advenisse,
2762 3443 2820 3488 et
2841 3435 3100 3501 quasdam
3120 3439 3318 3493 sectas,

1756 3545 1880 3600 qua:
1907 3528 2090 3584 .lesum
2123 3536 2325 3598 negant
2356 3540 2477 3580 esse
2507 3524 2786 3580 Christum
2818 3538 2845 3575 a
2877 3522 3159 3592 prophetis
3188 3535 3322 3588 prae-

1758 3622 2088 3678 nuntiatum.
2132 3620 2332 3688 Atjam
2363 3632 2524 3689 supra
2553 3631 2656 3685 pro
2685 3615 2894 3670 viribus
2913 3613 3231 3670 confirmavi
3256 3613 3327 3666 de

1757 3714 1852 3768 illo
1881 3713 2022 3768 edita
2053 3726 2176 3767 esse
2206 3709 2593 3782 prophetarum
2624 3704 2910 3760 vaticinia.
2941 3702 3120 3770 Quare
3172 3711 3230 3755 nt
3258 3715 3324 3754 ne

1759 3806 1948 3862 eadem
1980 3806 2171 3860 iterem
2201 3803 2428 3872 saepius.
2465 3814 2586 3872 qua:
2624 3799 2727 3854 hoc
2765 3799 2884 3853 loco
2921 3796 3026 3852 dici
3066 3805 3320 3864 possent,

1758 3896 2005 3952 consulto
2048 3893 2361 3968 praeteribo.
2407 3891 2519 3946 lloc
2570 3899 2781 3944 tantum
2835 3893 3094 3944 observes
3130 3886 3320 3944 velim.

1761 3987 1976 4044 Celsum
2000 4026 2019 4054 ,
2069 3989 2116 4044 si
2144 3987 2288 4057 quod
2342 3985 2657 4056 prtedictum
2689 3984 2852 4037 fuisse
2881 3980 3107 4035 credunt
3131 3976 3331 4039 Judaei,

1762 4080 2040 4137 Christum
2070 4088 2364 4134 venturum
2393 4091 2537 4140 esse,
2586 4075 2844 4143 autquod
2869 4069 3186 4134 Christiani,
3213 4069 3322 4139 jam

1761 4173 1998 4238 venisse,
2024 4170 2264 4225 refutare
2293 4179 2419 4240 apte
2446 4167 2618 4222 videri
2645 4166 2926 4228 voluisset,
2952 4162 3208 4217 debuisse
3235 4177 3336 4214 va-

1763 4265 1946 4319 ticinia
1984 4276 2286 4317 memorare
2310 4301 2325 4324 ,
2364 4261 2565 4329 quibus
2599 4260 2812 4324 utrique
2861 4256 3001 4308 inter
3047 4253 3331 4320 disputau-

1763 4355 1893 4410 dum
1923 4363 2168 4408 utuntur.
2197 4351 2289 4405 Sic
2311 4352 2458 4404 enim
2488 4363 2624 4418 quos
2652 4354 2803 4416 putat
2834 4341 3214 4414 probabilitate
3242 4342 3332 4393 de-

1764 4459 1970 4521 ceptos,
2001 4464 2031 4502 a
2070 4447 2175 4502 fide
2213 4444 2485 4499 vaticiniis
2516 4442 2855 4510 adjungenda
2903 4453 3177 4501 revocare,
3213 4445 3268 4490 et
3299 4453 3328 4486 a

113 4561 190 4612 καὶ
224 4563 476 4615 Ἰουδαῖοι.
510 4561 667 4613 Οὕτω
693 4557 800 4629 γὰρ
829 4557 894 4611 ἂν
921 4556 1021 4610 κᾶν
1049 4554 1194 4618 ἔδοξε
1229 4553 1356 4616 τοὺς
1387 4568 1656 4622 περισπω-

1768 4543 2036 4600 sententia
2066 4554 2130 4594 ex
2169 4536 2448 4591 vaticiniis
2469 4545 2620 4595 nata,
2673 4531 2857 4586 Jesutn
2883 4545 3006 4584 esse
3031 4529 3324 4592 Christum,

2085 4631 2095 4638 .
2226 4628 2292 4638 -.
2400 4637 2405 4638 κ
2461 4625 2494 4638 ρ.
2576 4632 2586 4638 .
3124 4619 3224 4638 ,με-ς
3272 4619 3324 4638 ,μ

116 4651 283 4718 μένους
308 4655 413 4706 ὑπὸ
442 4655 561 4722 τῆς,
611 4652 687 4715 ὡς
713 4652 913 4711 οἴεται,
964 4647 1315 4718 πιθανότητος
1340 4645 1514 4697 δοκεῖν
1551 4643 1662 4715 (27)

113 4746 410 4816 ἀνατρέπειν
455 4746 564 4800 ἀπὸ
591 4746 691 4814 τῆς
735 4743 869 4813 πρὸς
897 4741 964 4794 τὰ
992 4739 1300 4812 προφητικά
1334 4736 1667 4807 συγκαταθέ-

116 4850 250 4901 σεως.
275 4841 366 4891 καὶ
400 4840 496 4910 τῆς
526 4836 614 4890 διὰ
661 4834 731 4887 τὰ
774 4834 1084 4906 προφητικά
1112 4833 1191 4894 εἰς
1238 4829 1328 4884 τὸν
1361 4829 1566 4900 Ἰησοῦν
1593 4828 1666 4889 ὡς

115 4925 220 4981 ὄντα
247 4932 286 4981 Χ
299 4931 474 5002 ριστὸν
507 4930 766 4989 πίστεως.
805 4925 938 4977 Νυνὶ
970 4924 1023 4976 δέ
1046 4964 1059 4986 ,
1116 4924 1232 4993 ἦτοι
1267 4921 1338 4990 μὴ
1373 4919 1666 4989 δυνάμενος

115 5019 398 5094 ἀπαντῆσαι
449 5024 584 5096 πρὸς
612 5021 712 5084 τὰς
767 5019 894 5089 περ).
938 5015 1170 5088 Χριστοῦ
1203 5013 1573 5086 προφητείας,
1629 5010 1660 5079 ἢ

117 5114 230 5183 μηδὲ
256 5117 364 5186 (‘28)
400 5117 496 5187 τὴν
539 5114 716 5185 ἀρχὴν
761 5110 916 5173 εἰδὼς
943 5110 1063 5163 τίνα
1102 5108 1218 5160 ἐστὶ
1245 5106 1311 5160 τὰ
1338 5105 1465 5175 περ).
1495 5099 1660 5154 αὑτοῦ

115 5197 539 5278 πξοπτευόμενα
559 5246 573 5268 ,
602 5203 856 5274 οὐδεμίαν
888 5202 985 5272 μὲν
1016 5201 1159 5265 λέξιν
1184 5199 1362 5270 τίθησι
1397 5209 1664 5266 προφητι-

173 5322 214 5354 ¹³
243 5324 376 5380 Gcn.
398 5325 550 5390 351,4.
631 5323 676 5354 ’⁸
707 5321 746 5377 ll
772 5321 898 5376 Cor.
935 5335 987 5385 κ,
1014 5319 1066 5374 5.
1144 5318 1189 5349 ’⁸
1224 5318 1238 5370 l
1269 5319 1396 5371 Cor.
1430 5329 1506 5375 ιιι,
1535 5315 1589 5365 υ.

172 5454 279 5526 (23)
308 5457 525 5511 Φασίν.
561 5454 851 5526 Omittitur
901 5454 951 5507 in
980 5452 1133 5506 libris
1165 5460 1320 5506 antea
1351 5449 1535 5517 editis,
1569 5447 1664 5502 sed

118 5530 362 5593 reperitur
389 5532 442 5582 in
496 5532 686 5584 codice
721 5525 954 5580 Iuliano.

177 5584 282 5664 (24)
309 5598 466 5653 Libb.
519 5596 797 5667 impressi,
828 5597 920 5648 καὶ
946 5595 1006 5647 οὐ
1034 5593 1218 5656 δοκεῖ,
1275 5592 1367 5646 sed
1395 5589 1584 5644 vocula
1611 5584 1672 5636 οὐ

119 5664 253 5719 abest
282 5670 348 5721 ab
377 5664 627 5723 omnibus
663 5683 795 5721 mss.

178 5738 284 5809 (25)
310 5739 589 5808 Χριστοῦ.
620 5741 694 5792 lta
720 5735 887 5809 codd.
926 5733 1081 5805 ch.,
1120 5731 1283 5786 Basil.
1326 5741 1380 5784 et
1415 5731 1520 5782 duo
1557 5727 1672 5777 An-

120 5805 321 5880 glicani.
353 5805 526 5871 Alias,
566 5807 764 5880 Ἰησοῦ.

182 5879 289 5951 (ib)
327 5870 668 5936 litescbeliu's
699 5883 751 5933 in
785 5886 933 5932 textu
957 5915 970 5940 ,
1003 5874 1103 5928 οὐκ
1132 5873 1197 5927 ἂν
1226 5870 1507 5938 εοκούσγς.

1769 4644 2014 4690 avertere
2049 4631 2194 4685 visus
2221 4628 2434 4682 fuisset.
2457 4625 2655 4680 Contra
2687 4622 2801 4686 ille,
2831 4620 2946 4676 sive
2975 4619 3233 4672 vaticinia
3266 4619 3333 4671 de

1763 4727 1978 4782 Christo
2001 4722 2160 4793 503
2188 4719 2444 4788 defugere
2469 4732 2574 4770 non
2606 4722 2813 4782 posset,
2841 4715 2952 4767 sive
2985 4725 3088 4766 non
3110 4709 3334 4764 omnino

1763 4787 2150 4888 cognosceretv
2167 4825 2416 4883 quamam
2461 4808 2530 4862 de
2585 4807 2676 4859 illo
2705 4812 2891 4858 essent
2939 4801 3231 4871 praedicta;
3265 4787 3369 4855 ne.
3419 4816 3428 4823 ο

1766 4913 1988 4965 verbum
2024 4908 2242 4974 quidem
2275 4918 2306 4958 e
2331 4899 2603 4954 vaticiniis
2633 4895 2870 4966 profert,
2904 4907 3214 4964 quanquam
3248 4891 3336 4948 in-

1771 5022 1997 5062 numera
2025 5006 2090 5058 de
2115 5001 2336 5057 Christo
2358 4997 2494 5058 sint;
2536 5003 2593 5048 et
2623 4993 2709 5046 illa
2740 4992 2840 5047 sibi
2892 4993 3220 5058 redarguere
3255 4987 3340 5042 vi-

1773 5101 1950 5162 detur,
1986 5109 2054 5149 ne
2097 5089 2341 5160 exposita
2371 5087 2623 5156 quidem,
2653 5099 2815 5150 quam
2849 5081 2956 5135 illis
2988 5083 3170 5134 inesse
3192 5077 3339 5146 judi-

1773 5200 1882 5254 cet,
1916 5186 2316 5257 probabilitate.
2345 5178 2530 5246 Neque
2556 5176 2723 5230 etiam
2749 5174 2908 5230 scivit
2927 5189 3048 5228 eam
3081 5186 3188 5226 non
3220 5183 3343 5224 esse

1845 5439 1956 5509 (27)
1990 5433 2213 5509 Δοκεῖν.
2237 5425 2454 5509 Merito~
2478 5419 2794 5509 Bolterelllus
2845 5419 3134 5509 delepdum
3169 5427 3343 5497 putat.

1774 5492 1912 5580 Quid
1940 5492 2012 5561 sit
2054 5494 2380 5580 eniiti_€60§s
2426 5492 2634 5575 δοκεῖν;
2687 5493 2890 5580 Ibidem
2935 5492 3079 5572 libb:
3119 5492 3348 5550 excusi,

1774 5565 1885 5636 ἀπὸ
1935 5576 2034 5644 τῆς
2058 5576 2135 5636 είς
2169 5571 2238 5624 τὰ
2267 5565 2581 5636 προφητικά
2603 5597 2618 5623 ,
2673 5565 2769 5615 sed
2801 5576 2931 5615 mss.
2980 5569 3038 5614 ut
3067 5565 3122 5615 in
3163 5567 3350 5614 nostro

1776 5663 1960 5791 ῗθῖἓέξ)
2004 5714 2098 5791 Ἦ.
2116 5708 2292 5791 μηδέ.
2344 5703 2514 5791 licet?
2547 5699 2718 5756 codex
2759 5698 3028 5758 Julianus.
3066 5699 3147 5753 Ab
3186 5709 3342 5754 antea

1776 5773 1955 5849 editis,
1983 5773 2198 5842 excidit
2239 5779 2431 5832 vocula
2487 5773 2544 5842 ἦ.
