3852 6418
497 376 633 436 1051

1941 366 2266 423 ORlGENlS

3571 371 3701 422 illa!

494 493 738 548 omnium
768 488 1075 545 Judaeorum
1099 486 1448 548 sententiam,
1479 484 1792 547 Christum,
1814 484 1903 551 qui
1932 499 2045 539 ven-

2157 484 2277 554 κὴν,
2312 482 2553 551 καίτοιγε
2587 481 2773 553 μυρίαι
2802 483 2923 535 ὅσαι
2955 481 3062 535 είσὶ
3105 481 3234 552 περὶ
3260 482 3512 552 Χριστοῦ·
3544 501 3687 556 κατη-

496 597 649 638 turus
688 590 791 644 est,
827 582 992 634 Deum
1020 577 1137 633 fore
1173 588 1266 631 aut
1308 576 1402 630 Dei
1432 573 1651 640 Filium,
1694 584 1753 628 ut
1776 574 1887 641 jam
1926 575 2051 629 alibi

493 677 626 732 dixi.
658 674 860 728 Tamen
891 670 1020 725 satis
1050 682 1169 723 esse
1197 679 1350 740 putat
1374 668 1626 723 retulisse
1655 667 1795 735 quod
1822 666 2053 720 dicimus

492 766 767 822 Christum
800 764 1148 817 descendisse
1171 803 1185 825 ,
1218 772 1273 816 et
1306 762 1449 831 quod
1493 759 1666 814 Judaei
1707 758 1927 823 dicunt,
1961 758 2054 811 de-

494 869 814 911 scensurum
844 868 964 906 esse
988 868 1075 920 qut
1100 851 1387 920 jnstiticet,
1414 860 1473 904 ut
1503 842 1553 904 id
1585 853 1740 919 quasi
1791 860 1946 920 turpe
1974 851 2054 904 vi-

493 955 707 1013 tuperet
744 955 801 998 et
832 944 988 1011 l0ngtt
1038 943 1363 997 refutatione
1401 942 1699 1012 indignum.

2157 578 2338 647 γορεῖν
2384 574 2441 626 δὲ
2483 573 2650 627 οἴεται
2681 573 2786 625 τῶν
2820 572 3189 644 προφητικῶν,
3223 573 3340 643 μηδ’
3366 573 3429 642 ἣν
3479 574 3606 627 εἴποι
3634 578 3687 631 ἂν

2159 670 2360 730 ἐκεῖνος
2391 666 2717 736 πιθανότητα
2749 666 2924 718 αὐτῶν
2964 666 3270 735 ἐκθέμενος.
3323 666 3433 718 Οὐκ
3459 662 3555 718 οἶδε
3583 668 3687 737 μέν·

2159 775 2326 825 τοιγε,
2344 758 2423 810 ὅτι
2454 758 2514 810 οὐ
2546 758 2686 810 πάνυ
2716 775 2768 809 τι
2815 756 3055 809 Ἰουδαῖοι
3078 755 3288 824 λέγουσι
3321 756 3447 809 Θεὸν
3474 758 3590 810 ὄντα
3614 760 3686 813 τὸν

2159 850 2389 921 Χριστὸν
2418 848 2817 917 καταϐήσεσθαι
2847 848 2879 918 ἦ
2916 847 3048 900 Θεοῦ
3088 849 3237 911 Υἰὸν,
3272 847 3346 911 ὡς
3378 851 3467 902 καὶ
3517 852 3567 902 ὲν
3592 854 3684 915 τοῖς

2157 941 2410 1011 ἀνωτέρω
2437 941 2755 1009 εἰρήκαμεν.
2784 940 2893 992 Καὶ
2917 938 3083 991 εἰπὼν
3110 939 3269 990 αὐτὸν
3293 979 3307 1001 ,
3332 940 3418 1007 ὑφ’
3441 939 3583 1009 ἡμῶν
3605 940 3684 1009 μὲν

490 1036 741 1105 λέγεσθαι
767 1034 1194 1107 καταϐεϐηκέναι
1218 1077 1233 1101 ,
1260 1035 1366 1088 ὑπὸ
1407 1035 1669 1089 Ἰουδαίων
1699 1036 1758 1089 δὲ
1788 1034 2191 1107 καταϐήσεσθαι
2220 1034 2528 1103 δικαιωτήν.
2561 1034 2897 1103 Κατηγορεῖν
2921 1031 3145 1084 αὐτόθεν
3173 1030 3342 1084 οἴεται
3370 1030 3460 1083 τοῦ
3490 1030 3684 1101 λεγομέ-

490 1146 603 1194 νου,
634 1129 709 1192 ὼς
752 1129 1025 1199 αἰσχίστου
1057 1133 1150 1184 καὶ
1179 1133 1297 1185 οὐδὲ
1324 1133 1532 1205 μακροῦ
1563 1133 1786 1205 ἐλέγχου
1814 1134 2086 1205 δεομένου.
2160 1124 2165 1135 ί

560 1227 616 1281 5.
657 1223 851 1277 Postea
872 1264 888 1287 ,
928 1244 945 1276 ι
971 1240 1077 1294 quo
1109 1227 1337 1281 consilio
1359 1268 1375 1293 ,
1414 1237 1595 1298 rogat,
1645 1229 1785 1283 Deus
1820 1231 1923 1283 huc
1954 1228 2049 1281 de-

491 1317 828 1373 scendisset?
855 1334 873 1366 ι
898 1315 1097 1387 Nempe
1118 1319 1328 1387 ignorat
1349 1319 1509 1388 hujus
1526 1320 1817 1374 descensus
1846 1335 1875 1372 a
1900 1320 2052 1374 nobis

491 1415 761 1484 assignari
802 1415 1110 1468 consilimu.
1152 1414 1429 1483 Praecipue
1467 1414 1711 1482 quidem,
1749 1422 1809 1466 ut
1843 1428 1963 1481 quae
1996 1413 2047 1465 in

492 1508 787 1577 Evangelio
821 1509 1077 1563 dicuntur
1107 1524 1235 1564 oves
1265 1511 1458 1564 domus
1511 1508 1711 1571 Israel,
1764 1518 2050 1563 converte»

490 1612 721 1668 rentur;
757 1602 976 1665 deinde,
1012 1610 1070 1655 ut
1098 1600 1319 1672 propter
1346 1602 1556 1656 illarum
1620 1599 2049 1654 incredulitatem

491 1695 797 1748 auferretur
825 1696 892 1749 ab
945 1695 1025 1749 eis
1082 1696 1224 1764 quod
1262 1709 1487 1762 regnum
1542 1692 1639 1746 Dei
1669 1701 1922 1751 vocatur,
1956 1706 2050 1744 ex—

2228 1225 2337 1277 Καί
2391 1241 2551 1294 φησι·
2604 1222 2737 1286 (Τίς
2769 1224 2797 1274 ὁ
2840 1221 2962 1285 νοῦς
3009 1221 3108 1291 τῆς
3137 1220 3346 1274 τοιᾶσδε
3384 1219 3592 1273 καθόδου
3619 1221 3681 1291 τῷ

2157 1316 2311 1388 Θεῷ;
2342 1335 2360 1367 ι
2403 1317 2499 1385 οὐχ
2539 1315 2699 1387 ὀρῶν,
2742 1316 2822 1368 ὅτι
2868 1315 2961 1367 καὶ
2991 1313 3110 1366 καθ’
3141 1314 3288 1383 ἡμᾶς
3326 1313 3437 1363 ἐστι
3478 1312 3570 1381 τῆς
3602 1330 3682 1365 κα-

2156 1410 2305 1462 θόδου
2336 1412 2363 1463 ὁ
2400 1409 2523 1473 νοῦς
2544 1449 2558 1473 ,
2590 1408 3011 1480 προηγουμένως
3045 1408 3140 1477 μὲν
3169 1406 3236 1458 τά
3262 1406 3519 1475 λεγόμενα
3544 1406 3595 1458 ἐν
3616 1404 3682 1475 τῷ

2155 1504 2470 1575 Εὐαγγελίῳ
2500 1504 2809 1557 ἀπολωλότα
2841 1500 3087 1573 πρόϐατα
3131 1499 3279 1552 οἴκου
3322 1498 3527 1569 Ἰσραὴλ
3579 1498 3680 1549 ἐπι-

2156 1595 2419 1667 στρέψαι·
2482 1594 2748 1665 δευτέρως
2802 1592 2859 1644 δὲ
2914 1590 2976 1642 τὸ
3031 1588 3119 1642 διά
3153 1590 3253 1659 τὴν
3302 1588 3517 1640 ἐκείνων
3546 1586 3678 1638 ἀπεί-

2155 1685 2303 1738 θειαν
2358 1681 2486 1756 ἆραι
2528 1685 2622 1736 ἀπ’
2656 1681 2831 1735 αὐτῶν
2863 1680 2959 1751 τὴν
2999 1678 3386 1749 ὀνομασθεῖσαν
3439 1676 3678 1747 βασιλείαν

490 1789 761 1857 εΙιιετεψιθ
810 1788 1003 1856 priscis
1053 1788 1287 1853 Judreis,
1337 1789 1562 1841 daretur
1612 1785 1735 1838 aliis
1769 1784 2045 1853 agricolis,

2151 1777 2243 1831 τοῦ
2304 1751 2458 1840 Θεοῦ,
2506 1778 2601 1829 καὶ
2654 1760 2836 1827 δοῦναί
2888 1773 3065 1836 ἄλλοις
3109 1774 3373 1842 γεωργοῖς
3410 1769 3548 1841 παρά
3574 1770 3677 1833 τοὺς

489 1880 816 1935 Christianis
866 1881 1146 1944 nimirum,
1178 1880 1270 1951 qui
1312 1878 1521 1933 fructus
1546 1879 1694 1947 regni
1732 1877 1851 1939 Dei,
1886 1890 2047 1944 opera

489 1975 743 2029 nimirum
805 1976 917 2029 suis
970 1989 1195 2045 quaeque
1252 1972 1581 2042 temporibus
1632 1972 1741 2025 Deo
1787 1968 2046 2021 reddituri

488 2075 664 2119 erant.
726 2066 905 2133 Atque
933 2065 1048 2119 haec
1091 2079 1260 2133 pauca
1302 2063 1366 2116 de
1415 2061 1597 2114 multis
1628 2060 1691 2111 ad
1729 2059 1866 2111 hanc
1907 2056 2045 2111 Celsi

491 2154 992 2226 interrogationem,
1050 2171 1195 2226 «quo
1241 2154 1466 2209 consilio
1516 2152 1657 2205 Deus
1689 2151 1792 2205 huc
1825 2150 2050 2205 descen-

488 2247 676 2303 disset.
716 2268 735 2301 ›
798 2249 913 2301 Alia
949 2248 1050 2302 sibi
1103 2248 1322 2317 quidem
1366 2244 1611 2313 reponit,
1661 2243 1755 2296 sed
1801 2257 1919 2311 quae
1950 2257 2049 2295 nec

490 2339 687 2405 Judaei,
720 2356 820 2394 nec
852 2340 1021 2393 nostri
1053 2339 1324 2404 dicerent;
1357 2357 1374 2388 ι
1401 2354 1525 2389 num
1548 2378 1562 2401 ,
1590 2336 1795 2404 inquit,
1835 2344 1894 2387 ut
1928 2347 2049 2402 quae

491 2433 633 2486 inter
689 2432 935 2486 homines
992 2430 1129 2484 ﬁunt
1188 2427 1510 2483 disceret?»
1581 2425 1749 2479 Nemo
1804 2434 2046 2477 nostrum

488 2522 634 2576 enim
672 2522 871 2576 dixerit
901 2520 1180 2575 Christum
1229 2521 1333 2574 huc
1382 2518 1612 2581 venisse,
1651 2526 1709 2569 ut
1749 2515 1946 2570 certior
1981 2513 2049 2567 de

488 2614 651 2669 rebus
684 2612 931 2667 humanis
964 2613 1141 2666 ﬁeret.
1213 2610 1415 2665 Tamen
1446 2608 1599 2677 quasi
1643 2606 1860 2677 quidam
1897 2606 2046 2659 dice-

487 2715 628 2770 rent,
670 2724 689 2758 ι
715 2718 769 2759 ut
808 2722 893 2759 res
917 2706 1177 2760 humanas
1210 2704 1479 2767 disceret,
1502 2720 1520 2753 ι
1564 2699 1749 2770 objicit
1778 2697 1893 2768 ipse
1921 2696 2044 2762 sibi,

492 2816 511 2849 ε
535 2813 712 2852 annon
745 2798 949 2851 sciebat
969 2796 1194 2850 omnia?
1227 2816 1246 2846 ι
1302 2795 1437 2848 Tum
1473 2792 1634 2848 veluti
1664 2805 1921 2859 responso
1950 2803 2045 2843 ac-

487 2900 699 2959 cepto,c
721 2888 967 2944 sciebat:
1001 2907 1020 2939 ι
1062 2909 1079 2940 ‹
1100 2888 1339 2950 Sciebat,
1364 2904 1382 2938 ι
1410 2896 1563 2953 rogat
1595 2885 1912 2945 illeiterum,
1947 2898 1965 2932 ι
1989 2892 2045 2935 et

486 2998 595 3038 non
635 2984 908 3045 correxit,
965 2997 1064 3036 nec
1111 2980 1385 3048 corrigere
1428 2988 1548 3030 erat
1589 2976 1641 3029 in
1693 2962 1873 3027 divina
1928 2973 2044 3042 ejus

485 3075 794 3143 potestate?
825 3091 844 3125 ι
875 3074 1079 3129 llorutu
1118 3072 1252 3126 nihil
1296 3086 1401 3125 nou
1431 3066 1849 3136 ineptissimum.
1890 3062 2043 3118 Sem-

489 3182 585 3235 per
614 3166 756 3220 enitn
800 3165 941 3219 Deus
967 3172 1020 3217 et
1050 3162 1349 3232 quibusque
1380 3156 1711 3227 temporibus
1748 3154 1919 3210 Verbo
1944 3169 2042 3209 suo

488 3256 543 3309 in
572 3264 787 3310 sanctas
825 3255 1039 3307 animas
1073 3252 1436 3306 descendente
1460 3258 1516 3302 et
1549 3248 1754 3302 amicos
1786 3247 1893 3300 Deo
1920 3261 2044 3317 pro-

487 3349 784 3416 phetasque
807 3354 1157 3414 comparante
1177 3342 1403 3411 corrigit
1425 3339 1739 3410 quicunque
1763 3354 1821 3392 se
1843 3337 2044 3392 dociles

486 3438 751 3508 praebent,
779 3445 833 3491 et
861 3437 930 3490 ab
952 3436 1187 3489 adventu
1221 3432 1421 3487 Christi
1451 3429 1766 3485 Christiana
1798 3428 2041 3483 doctrina

488 3532 659 3584 utitur
688 3532 755 3585 ad
803 3528 1154 3599 corrigendos
1181 3542 1287 3581 non
1314 3526 1406 3594 qui
1457 3523 1663 3586 nolunt,
1693 3522 1787 3576 sed
1811 3522 1900 3591 qui
1934 3537 2045 3577 me-

484 3622 674 3676 liorem
719 3632 1037 3690 gratamque
1086 3619 1195 3675 Deo
1228 3618 1394 3671 vitam
1429 3615 1651 3684 eligunt.
1720 3612 1824 3667 Sed
1859 3613 2045 3668 Celsus

486 3714 671 3768 nescio
718 3713 1018 3783 cuiusmodi
1067 3708 1453 3763 correctionem
1500 3706 1698 3759 laetam
1744 3704 1910 3757 fuisse
1951 3719 2045 3759 vo-

485 3806 600 3861 lens
632 3824 646 3860 :
685 3825 702 3857 ι
729 3806 922 3859 Annon
952 3806 1002 3857 in
1026 3802 1209 3856 divina
1233 3800 1350 3867 ejus
1384 3805 1676 3866 potestate,
1706 3796 1900 3863 inquit,
1928 3806 2046 3849 erat

484 3896 796 3962 corrigere,
862 3893 965 3948 nisi
1016 3892 1137 3960 quis
1188 3890 1255 3943 ad
1311 3889 1413 3941 hoc
1460 3886 1580 3939 data
1639 3899 1801 3954 opera
1853 3884 2046 3939 missus

484 3990 724 4045 fuisset?
762 4007 780 4040 ι
832 3987 913 4041 An
948 3985 1108 4039 vellet
1141 3995 1223 4048 ιιι,
1272 3984 1380 4037 Deo
1413 3980 1705 4049 nequitiam
1735 3977 1914 4030 subito
1944 3976 2042 4028 tol-

484 4082 631 4135 lente
662 4091 717 4135 et
750 4082 1001 4133 virtutem
1036 4079 1332 4137 inserente,
1388 4073 1631 4127 homines
1680 4069 1832 4124 novis
1867 4083 2043 4122 rerum

483 4175 808 4247 imaginibus
837 4172 1111 4240 conceptis
1138 4164 1603 4223 emendarentur?
1661 4162 1715 4216 ld
1772 4162 2045 4230 quiesierit

483 4268 624 4321 alius
663 4283 729 4319 an
759 4275 965 4320 naturae
988 4264 1058 4316 sit
1085 4268 1545 4319 consentaneum,
1576 4270 1643 4308 an
1680 4252 1796 4306 fieri
1834 4250 2041 4321 possit;

482 4376 582 4431 ego
599 4375 744 4423 vero,
759 4358 845 4412 fac
862 4372 1019 4427 posse
1039 4350 1221 4424 ;50&
1236 4352 1326 4405 sed
1343 4350 1469 4417 quid
1491 4348 1661 4402 libero
1676 4346 1900 4400 arbitrio
1919 4342 2044 4397 liet?

2151 1871 2314 1925 πάλαι
2354 1868 2637 1929 Ἰουδαίους
2673 1866 3044 1937 Χριστιανοῖς,
3068 1863 3192 1925 τοὺς
3221 1862 3461 1933 καρποὺς
3490 1861 3578 1931 τῆς
3600 1861 3675 1914 τοῦ

2148 1963 2281 2017 Θεοῦ
2312 1961 2583 2032 βασιλείας
2616 1957 2946 2012 ἀποδώσουσι
2981 1955 3058 2025 τῷ
3081 1954 3220 2025 Θεῷ,
3247 1955 3303 2007 ἐν
3333 1956 3442 2016 τοῖς
3475 1954 3675 2021 ἑκάστης

2149 2055 2395 2127 πράξεως
2409 2052 2572 2123 οὔσης
2595 2050 2833 2121 καρποὺς
2857 2047 2957 2118 τῆς
2982 2046 3256 2117 βασιλείας
3280 2049 3503 2117 καιροῖς.
3518 2046 3673 2115 Ἡμεῖς

2152 2148 2249 2219 μὲν
2270 2142 2360 2199 οὖν
2386 2143 2491 2198 ἀπὸ
2512 2142 2771 2195 πλειόνων
2790 2138 2943 2206 ὀλίγα
2968 2138 3192 2207 εἴπομεν
3216 2137 3353 2207 πρὸς
3379 2134 3473 2205 τὴν
3498 2135 3671 2187 Κέλσου

2148 2236 2340 2290 πεῦσιν
2388 2235 2660 2297 εἰπόντος·
2710 2233 2805 2295 Τίς
2836 2231 2944 2302 γὰρ
2989 2232 3017 2283 ὁ
3070 2229 3191 2293 νοῦς
3222 2229 3321 2299 τῆς
3365 2228 3561 2280 τοιᾶσδε
3587 2243 3670 2279 κα-

2148 2325 2297 2379 θόδου
2326 2324 2405 2394 τῷ
2434 2323 2591 2393 Θεῷς
2631 2322 2835 2384 Κέλσος
2881 2322 2936 2373 δὲ
2980 2320 3046 2373 τὰ
3080 2321 3217 2391 μήτε
3265 2317 3369 2370 ὑπὸ
3420 2317 3667 2379 Ἰουδαίων,

2150 2412 2285 2483 μήτε
2337 2410 2424 2479 ὑφ’
2475 2409 2631 2480 ἡμῶν
2687 2408 2941 2478 λεχθέντα
2991 2407 3061 2460 ἂν
3105 2406 3282 2477 ἑαυτῷ
3331 2405 3665 2474 ἀποφαίνεται,

2146 2503 2337 2571 λέγων,
2403 2520 2419 2552 t
2450 2502 2519 2554 "H
2582 2501 2666 2554 ἵνα
2704 2500 2847 2573 μάθῃ
2890 2498 2960 2552 τὰ
2987 2501 3045 2552 ἐν
3087 2498 3427 2569 ἀνθρώποις;
3458 2516 3474 2547 ι
3515 2497 3668 2558 Οὐδεὶς

2146 2594 2253 2665 γὰρ
2305 2592 2458 2665 ἡμῶν
2497 2610 2680 2664 φησιν,
2711 2592 2824 2653 ὅτι,
2861 2590 2946 2644 ἵνα
2991 2589 3140 2662 μάθῃ
3167 2589 3236 2642 τὰ
3271 2590 3327 2641 ἐν
3373 2586 3665 2658 ἀνθρώποις.

2146 2686 2377 2758 Χριστὸς
2406 2686 2656 2756 ἐπιδημεῖ
2674 2684 2751 2755 τῷ
2775 2683 2891 2754 βίῳ.
2919 2678 3071 2745 Εἶτα,
3091 2681 3166 2745 ώς
3195 2681 3447 2734 εἰπόντων
3467 2680 3524 2732 ἄν
3540 2693 3668 2729 τινων

2145 2788 2193 2832 τ’
2217 2816 2234 2841 ,
2257 2798 2275 2830 ι
2302 2778 2389 2830 ἴνα
2427 2777 2569 2848 μάθῃ
2597 2777 2666 2829 τά
2693 2779 2750 2828 ἐν
2778 2772 3103 2846 ἀνθρώποις,
3136 2793 3155 2825 ι
3181 2772 3359 2842 ἐαυτῷ
3401 2768 3666 2837 ἀνθυποφέο

2148 2889 2229 2945 ρει
2277 2871 2411 2943 πρὸς
2449 2869 2603 2923 τοῦτο
2631 2868 2711 2931 τὺ,
2758 2887 2776 2918 ι
2806 2868 2879 2921 Οὐ
2909 2866 3017 2938 γὰρ
3041 2864 3146 2919 οἶδε
3176 2866 3383 2930 πάντα;
3428 2861 3577 2923 Εἶτα,
3608 2860 3668 2922 ὼς

2144 2964 2635 3035 ἀποκρινουμένων,
2668 2963 2748 3014 ὅτι
2774 2955 2902 3024 οἶδε,
2930 2980 2948 3010 ι
2984 2958 3145 3012 πάλιν
3186 2960 3466 3028 ὲπαπορεῖ,
3487 2956 3663 3023 λέγων·

2145 3060 2227 3111 ὅτι
2261 3076 2279 3108 ι
2305 3053 2451 3127 τΑρα
2476 3052 2579 3108 οἶδε
2612 3055 2728 3123 μὲν,
2760 3054 2859 3106 οὐκ
2893 3050 3182 3122 ἐπανορθοῖ
3212 3050 3318 3119 (29)
3342 3048 3398 3100 δὲ
3416 3088 3429 3111 ,
3456 3046 3551 3099 οὐδ’
3578 3038 3668 3096 οἷόν

2145 3167 2204 3203 τε
2232 3149 2379 3220 αὐτῷ
2418 3147 2535 3219 θείᾳ
2576 3147 2799 3216 δυνάμει
2841 3142 3167 3214 ἐπανορθοῦν
3195 3160 3209 3206 ;
3242 3161 3259 3192 ι
3300 3141 3407 3193 Καὶ
3433 3137 3586 3190 ταῦτα
3622 3134 3668 3186 δὲ

2145 3248 2322 3301 πάντα
2353 3242 2561 3313 εὐήθως
2608 3240 2773 3307 λέγει.
2828 3238 2939 3290 Ἀεὶ
2982 3236 3090 3305 γὰρ
3133 3236 3163 3288 ὁ
3213 3234 3344 3297 Θεὸς
3394 3232 3467 3301 τῷ
3506 3226 3665 3282 ἑαυτοῦ

2143 3336 2285 3405 λόγῳ
2330 3330 2470 3385 κατά
2520 3329 2710 3397 γενεὰς
2762 3327 2841 3389 είς
2884 3326 3059 3396 ψυχὰς
3106 3325 3258 3387 ὁσίας
3311 3320 3663 3392 μεταϐαίνοντι,

2146 3428 2239 3481 καὶ
2294 3424 2477 3493 φίλους
2543 3418 2676 3474 Θεοῦ
2730 3418 2824 3471 καὶ
2887 3417 3169 3488 προφήτας
3228 3409 3663 3472 κατασκευάζοντι,

2145 3514 2432 3586 ἐπανορθοῖ
2469 3513 2593 3574 τοὺς
2637 3508 2928 3569 ἀκούοντας
2983 3505 3089 3557 τῶν
3143 3504 3475 3575 λεγομένων·
3508 3501 3587 3553 καὶ
3619 3498 3665 3547 ἐν

2145 3613 2210 3679 τῇ
2244 3605 2477 3679 Χριστοῦ
2505 3605 2561 3656 δὲ
2589 3602 2851 3672 ἐπιδημίᾳ
2881 3596 3164 3669 ἐπανορθοῖ
3191 3594 3267 3665 τῷ
3290 3594 3427 3647 κατὰ
3444 3594 3666 3662 Χριστια-

2144 3699 2333 3770 νισμὸν
2362 3698 2525 3766 λόγῳ,
2567 3694 2687 3763 οὐχὶ
2722 3692 2848 3754 τοὺς
2884 3691 2958 3762 μὴ
2990 3686 3379 3759 βουλομένους,
3421 3684 3542 3736 ἀλλά
3564 3682 3667 3741 τοὺς

2144 3792 2235 3843 τὸν
2261 3789 2542 3861 κρείττονα
2573 3785 2684 3855 βίον
2713 3784 2805 3837 καλ⁵
2834 3782 3131 3853 ἀρέσκοντα
3159 3778 3237 3848 τῷ
3257 3776 3377 3846 Θεῷ
3398 3773 3661 3843 ἑλομένους.

2147 3885 2260 3935 Οὐκ
2293 3879 2409 3935 οἶδα
2446 3880 2502 3933 δὲ
2534 3880 2625 3933 καὶ
2659 3876 2904 3945 ποταπὴν
2930 3869 3299 3941 ἐπανόρθωσιν
3335 3861 3665 3938 βουλόμενοςὸ

2174 3974 2351 4035 ἱέλσος
2380 3970 2659 4040 γενέσθαι,
2707 3964 3021 4036 ἐπηπόρησε
3054 3960 3225 4029 λέγων
3274 3976 3291 4008 ι
3314 3954 3438 4027 ’Ἆρ’
3465 3956 3552 4023 οὐχ
3577 3945 3664 4003 οἷόν

2146 4084 2204 4119 τε
2234 4064 2379 4134 αὐτῷ
2411 4062 2633 4130 δυνάμει
2663 4057 2780 4127 θείᾳ
2817 4052 3167 4125 ἐπανορθοῦν,
3194 4048 3287 4103 ἐάν
3316 4050 3389 4119 μὴ
3416 4047 3558 4117 φύσει
3577 4040 3663 4112 (50)

2144 4157 2264 4210 τινὰ
2310 4156 2401 4206 ἐπὶ
2446 4151 2602 4205 τοῦτο
2652 4147 2873 4219 sepem;
2900 4166 2917 4196 ι
2954 4141 3101 4212 Ἀρα
3142 4141 3251 4211 γὰρ
3294 4140 3448 4212 ἤθελε
3500 4149 3667 4205 φαντα-

2149 4246 2447 4315 σιουμένοις
2496 4245 2608 4305 τοῖς
2646 4240 2946 4309 ἀνθρώποις
2991 4234 3095 4288 ὑπὸ
3142 4234 3302 4296 Θεοῦ,
3354 4228 3665 4299 ἀπειληφότος

2151 4337 2248 4407 μὲν
2282 4334 2489 4405 ἀθρόως
2518 4332 2615 4402 τὴν
2663 4328 2878 4390 κακίαν,
2918 4325 3213 4396 ἐμᾳύοντος
3262 4324 3318 4375 δὲ
3358 4323 3450 4391 τὴν
3476 4318 3661 4389 ἀρετὴν,

485 4407 579 4431 νον
610 4407 1011 4427 -ν--ι-ητ--η
1041 4407 1221 4424 ,νντ
1360 4407 1378 4417 .

482 4453 764 4519 Quomodo
802 4452 958 4505 laude
990 4451 1150 4519 digna
1179 4448 1285 4503 erit
1310 4446 1433 4498 data
1464 4438 1685 4496 veritati
1720 4433 2044 4493 consensio?

2150 4426 2245 4497 τὴν
2273 4422 2637 4493 ἐπανόρθωσιν
2672 4416 2952 4486 γενέσθαι;
3009 4414 3200 4476 Ἄλλος
3235 4414 3331 4483 μέν
3368 4408 3454 4464 οὖν
3478 4407 3664 4478 ζητήσει

2184 4518 2189 4519 ,
2239 4516 2248 4519 _
2315 4515 2341 4519 __
2429 4513 2447 4519 Α
2569 4511 2590 4519 ..
2663 4511 2672 4519 .
2701 4509 2723 4519 ιι
2871 4509 2882 4519 ι
2948 4507 2959 4519 ο
3120 4508 3146 4519 ι-
3236 4505 3248 4519 ο
3394 4502 3406 4519 \
3474 4518 3481 4519 ε
3516 4496 3659 4519 ,ΓΤ-.-.ιι

480 4546 761 4611 Quomodo
806 4544 1145 4597 mendacium
1184 4538 1423 4593 aversari
1473 4538 1527 4588 in
1580 4533 1737 4587 laude
1774 4528 2046 4599 ponetur?

482 4636 561 4692 Do
606 4650 735 4688 vero
764 4635 815 4688 id
856 4644 909 4686 et
934 4632 1173 4702 potuisse
1208 4640 1264 4683 et
1311 4626 1556 4682 decuisse
1588 4623 1742 4685 ﬁeri;
1795 4629 1849 4673 at
1891 4628 2044 4688 roget

480 4729 748 4798 quispiam
798 4725 1012 4780 Celsum
1066 4721 1331 4783 imitatus,
1372 4714 1616 4783 nunquid
1649 4727 1753 4765 non
1795 4709 1937 4763 Deus
1963 4708 2043 4762 di-

482 4823 608 4876 vina
637 4836 733 4876 sua
762 4819 959 4872 virtute
984 4816 1247 4886 potuisset
1291 4809 1537 4864 homines
1580 4806 1647 4858 ab
1681 4803 1832 4857 initio
1854 4807 2042 4855 creare

484 4912 563 4967 ita
594 4910 782 4964 virtuti
820 4908 1087 4965 addictos.
1136 4905 1209 4958 ita
1265 4900 1551 4971 perfectos,
1599 4905 1661 4948 ut
1718 4890 1861 4946 nulla
1897 4899 2043 4944 esset

484 5001 756 5071 nequitia,
821 5000 1075 5066 nullaque
1126 4996 1261 5050 adeo
1312 4989 1653 5048 correctione
1706 4981 2041 5052 indigerent?

486 5087 612 5145 ﬂare
649 5086 922 5155 simplices
963 5087 1197 5138 fortasse
1220 5098 1284 5137 ac
1333 5079 1517 5135 tardos
1568 5086 1885 5145 permovere
1911 5085 2040 5139 pos-

484 5182 632 5245 sint,
685 5197 790 5235 non
842 5180 969 5234 item
1000 5195 1123 5232 eum
1176 5177 1267 5245 qui
1325 5175 1378 5228 in
1416 5185 1592 5224 rerqu
1634 5175 1829 5220 natura
1872 5164 2045 5217 intro-

486 5274 667 5342 Spicil.
707 5272 864 5326 Novit
891 5271 1034 5325 enim
1068 5271 1316 5322 virtutem
1348 5274 1538 5318 natura
1566 5273 1686 5313 esse
1710 5272 1877 5326 usque
1904 5256 2038 5309 adeo

558 5408 670 5498 (29::
717 5422 1078 5498 ξΕπανορθοῖ.
1138 5420 1229 5475 Sic
1266 5434 1393 5473 mss.
1434 5417 1582 5471 Alias
1610 5424 1741 5467 vero
1772 5412 1827 5464 in
1868 5417 2041 5472 textu,

493 5495 821 5555 ἐπηνώρθου.

742 5514 821 5546 ου.

520 5514 857 5639 πῖίᾰᾝρῖῖοκ,
907 5563 1103 5635 φύσει,
1159 5562 1370 5639 videtur
1425 5549 2044 5639 Bohe_re|lo_commode

486 5626 885 5709 posse'abes;e,
1056 5650 1173 5686 cum
1199 5633 1298 5709 ltac
1321 5632 1435 5709 ipsa
1464 5629 1655 5709 pagina
1686 5626 1769 5709 bis
1792 5632 2039 5709 portatur,

488 5691 643 5763 iacile
674 5706 845 5775 potuit
874 5691 977 5757 huc
1023 5701 1323 5775 irrepsisse.
1343 5691 1564 5751 'lbid'cu't
1599 5696 1773 5775 codex,
1801 5691 2044 5775 Julianus

488 5756 719 5831 secunda
753 5792 909 5827 manu
952 5756 1428 5840 φαντασιουμένοις
1457 5770 1565 5827 τοῖς
1607 5756 2045 5840 ἀνθρώποις-,υπὸ

654 5829 1010 5909 ἀπειληφότος
1032 5882 1045 5905 ,
1101 5829 1291 5894 melius
1319 5829 1448 5893 sane
1480 5850 1637 5900 quam
1679 5830 1878 5884 habent
1912 5829 2040 5879 libb.

2148 4518 2196 4568 εἰ
2228 4513 2535 4575 ἀκόλουθον,
2564 4511 2596 4581 ἢ
2627 4511 2676 4561 εἰ
2696 4509 2916 4560 δυνατόν
2945 4507 3057 4558 ἐστι
3085 4508 3150 4576 τῇ
3183 4505 3338 4573 φύσει
3363 4502 3417 4555 τὸ
3436 4496 3659 4553 τοιοῦτον·

2146 4611 2307 4679 ἡμεῖς
2338 4607 2393 4658 δὲ
2437 4601 2805 4672 εἴποιμεψᾶν,
2836 4602 2915 4653 ὅτι
2962 4600 3119 4661 ἔστω,
3170 4599 3261 4651 καὶ
3305 4592 3511 4648 δυνατὸν
3558 4581 3663 4639 αὐτὸ

2149 4695 2307 4752 εἶναι.
2344 4697 2453 4751 Ποῦ
2487 4692 2578 4749 οὖν
2606 4694 2664 4746 τὸ
2692 4693 2774 4760 ἐφ’
2807 4693 2933 4762 ἡμῖν
2960 4708 2973 4755 ;
3017 4691 3110 4744 καὶ
3140 4688 3241 4742 ποῦ
3284 4682 3524 4750 ἐπαινετὴ
3557 4691 3660 4744 avr-

2147 4793 2437 4853 κατάθεσις
2471 4790 2604 4860 πρὸς
2646 4789 2706 4840 τὸ
2753 4785 2975 4855 ἀληθέςς
3029 4784 3061 4852 ἢ
3110 4779 3373 4847 ἁποδεκτὴ
3422 4776 3662 4829 ἀνάνενσις

2146 4883 2253 4939 ἀπὸ
2301 4883 2395 4936 τοῦ
2439 4881 2700 4951 ψεύδους
2746 4876 2904 4930 Ἀλλὰ
2948 4876 3041 4929 καὶ
3085 4875 3131 4925 εἰ
3166 4870 3310 4936 ἅπαξ
3354 4867 3545 4936 δοθείη,
3588 4860 3662 4913 καὶ

2146 4975 2367 5029 δυνατὸν
2420 4972 2594 5035 τοῦτο,
2649 4970 2742 5023 καὶ
2796 4967 3111 5038 πρεπόντως
3158 4962 3462 5032 γινόμενον·
3506 4954 3580 5008 διὰ
3622 4947 3661 5001 τί

2145 5068 2266 5138 οὐχὶ
2327 5064 2520 5136 μᾶλλον
2575 5062 2795 5133 ζητήσει
2834 5076 2918 5121 τις
2962 5058 3060 5127 τὴν
3109 5055 3302 5125 ἀρχὴν,
3348 5047 3582 5138 ἀνάλογόν
3622 5058 3661 5138 τι

2150 5132 2371 5226 φάσκων
2396 5155 2473 5225 τῷ
2497 5132 2707 5222 Κέλσῳ,
2743 5153 2821 5204 ὅτι
2859 5151 2956 5220 οὺχ
2983 5143 3090 5202 οἷόν
3123 5163 3180 5199 τε
3220 5141 3287 5216 ἦν
3329 5143 3405 5213 τῷ
3435 5139 3541 5209 Θεῷ
3568 5132 3662 5226 θείς.

2146 5248 2370 5319 δυνάμει
2409 5244 2530 5316 μηδ’
2564 5239 2983 5311 ἐπανορθώσεως
3005 5236 3287 5307 δεομένους
3325 5232 3531 5301 ποιῆσαι
3561 5225 3660 5283 τοὺς

2141 5405 2418 5470 impressi,
2437 5415 2729 5470 φαντασιου
2738 5396 2926 5470 μένους
2948 5392 3072 5470 τοὺς
3094 5388 3411 5470 ἀνθρώπους
3440 5383 3531 5439 υπὸ

2142 5462 2851 5543 dvérlqgoéédgyrqquibus
2881 5463 3200 5543 Boltereltus
3224 5462 3429 5543 legebat
3452 5474 3463 5507 ε

2145 5491 2291 5528 ανειΛ
2331 5491 2510 5543 φοτος,
2544 5491 2639 5537 pro
2657 5491 2851 5535 (ιυιυιιδ
2881 5491 3194 5516 υυιυῑιῦιιιιθ
3224 5491 3429 5529 ιιῖδῠυαι
3452 5496 3463 5507 .
3497 5491 3637 5520 γον-

2145 5491 2442 5614 σιουμτένων
2472 5540 2580 5593 τῶν
2626 5535 2947 5614 ἀνθρώπων,
2983 5544 3089 5584 etc.
3111 5529 3275 5614 “Utut
3327 5538 3406 5583 est
3429 5522 3657 5614 ,“vet'bitplt

2140 5590 2646 5685 ἀνειληφότοςνξέιυι
2675 5590 3037 5685 ἀπειληφότος
3057 5600 3335 5685 ,_Gttietus
3368 5595 3551 5685 nullum
3590 5590 3655 5638 hic

2143 5668 2326 5739 locum.
2344 5668 2548 5740 habere
2582 5687 2769 5749 putat.
2795 5668 2976 5744 et'legi
3013 5672 3123 5725 vult
3150 5668 3490 5745 ἀνῃρηκότος-
