3852 6418
160 391 271 447 ἰθᾶἶ
1290 375 1577 433 CONTRA
1607 376 1686 432 (ΣΕ

1799 376 1887 433 UM
1920 378 2050 432 LIB.
2091 375 2180 432 ιν.
3245 372 3382 426 1034

153 503 436 573 ἀνθρώπους
457 542 471 565 ,
515 501 628 554 ἀλλ’
659 498 887 554 αὐτόθεν
934 496 1255 562 σπουδαίους
1303 501 1396 552 καί
1426 499 1686 562 τελείους,

1807 500 2056 563 liberam,
2086 509 2146 563 ut
2174 497 2388 553 sublata
2423 496 2695 561 libertate,
2729 498 2843 567 ipsa
2869 512 2900 552 e
2927 497 3107 552 medio
3135 497 3380 553 tollatur.

158 601 256 654 οὐδὲ
300 599 391 669 τὴν
441 597 611 667 ἀρχὴν
646 592 959 663 ὑποστάσης
1014 593 1112 661 τῆς
1156 593 1392 656 κακίας;
1428 592 1612 646 Ταῦτα
1657 592 1686 644 δ

1809 589 2009 644 Verum
2057 591 2158 646 hac
2193 593 2258 645 de
2309 607 2366 645 re
2427 599 2538 644 toto
2577 602 2809 645 tractatu
2848 605 2982 658 opus
3021 601 3186 646 esset.
3228 589 3383 646 llanc

163 690 346 752 ἰδιώτας
380 689 473 759 μὲν
514 689 607 742 καὶ
632 685 924 748 ἀδυνάτους
946 684 1053 754 (51)
1079 684 1302 738 δύναται
1337 685 1681 756 συναρπάσαι

1807 681 1984 737 Graeci
2041 683 2094 736 in
2141 683 2253 738 suis
2289 685 2354 736 de
2387 683 2737 737 Providentia
2773 682 2924 737 libris
2954 683 3072 737 l‘use
3110 692 3386 739 tractave-

149 781 199 834 ού
221 778 313 849 μὴν
343 776 547 830 καὶτὸν
582 774 854 846 ἐνορῶντα
891 777 956 845 τῇ
998 773 1158 843 φύσει
1193 774 1302 827 τῶν
1327 776 1669 844 πραγμάτιον

1810 784 1957 835 rttnt,
1994 777 2081 828 ubi
2117 776 2341 828 multum
2375 776 2528 830 abest
2558 787 2612 828 ιιι
2641 777 2825 830 dicant
2857 778 3002 846 quod
3040 777 3129 832 Itic
3153 776 3343 832 Celsus
3370 799 3384 832 :

150 873 215 926 ὅτι
236 871 419 942 ἀρετῆς
447 869 544 938 μὲν
575 867 668 920 ἐάν
692 866 884 938 ἀνέλῃς
906 866 965 918 τὸ
995 865 1266 929 ἑκούσιον,
1294 866 1505 929 ἀνεῖλες
1533 865 1686 934 αὐτῆς

1818 883 1836 913 ι
1861 864 2081 920 Sciebat
2132 868 2296 935 igitur
2325 866 2414 920 ille
2441 877 2494 920 et
2545 884 2649 922 non
2678 869 2942 933 correxit,
2974 884 3074 923 nec
3112 868 3165 922 in
3199 869 3385 923 divina

151 964 224 1016 καί
270 961 354 1032 τὴν
403 960 629 1012 οὐσίανο
677 959 806 1028 ὅλης
861 957 906 1011 δ’
957 959 1039 1021 εἰς
1096 958 1272 1011 ταῦτα
1317 958 1686 1029 πραγματείας

1817 959 1937 1028 ejus
1976 969 2250 1028 potestate
2279 970 2396 1014 erat
2436 961 2728 1030 corrigere.
2759 980 2777 1012 ι
2823 961 2960 1027 Quin
2991 971 3045 1015 et
3081 976 3182 1030 ego
3210 975 3386 1029 quan-

148 1053 279 1125 χρεία
301 1068 315 1082 ο
353 1052 480 1122 περί
509 1047 578 1122 ἦς
611 1050 712 1103 οὐκ
742 1049 898 1116 ὀλίγα
925 1051 981 1100 ἐν
1005 1050 1115 1111 τοῖς
1146 1049 1275 1117 περὶ
1305 1049 1567 1118 Προνοίας
1608 1047 1686 1100 κα¹

1813 1059 1923 1103 tum
1978 1054 2124 1120 potui
2171 1052 2236 1104 de
2287 1052 2354 1104 iis
2378 1067 2520 1121 smpe
2566 1068 2876 1108 sermonem
2914 1053 3052 1118 feci,
3103 1063 3160 1107 et
3191 1055 3386 1108 divina:

152 1144 371 1214 Ἕλληνες
427 1143 748 1212 εἰρήκασιν·
818 1141 868 1192 οἰ
920 1139 993 1210 μὴ
1049 1141 1296 1203 εἰπόντες
1349 1139 1448 1203 ἂν,
1485 1138 1626 1208 ὅπερ
1673 1142 1686 1192 ί

1813 1141 2106 1210 Ξειίιιιιιιιο
2155 1144 2340 1196 cadent
2371 1150 2726 1209 coutirmant,
2781 1146 2941 1200 modo
2989 1146 3383 1216 intelligantur.

149 1236 318 1298 Κέλσος
371 1233 582 1298 ἐξέθετο
641 1233 852 1301 λέγων·
907 1255 923 1285 ι
949 1229 1069 1286 Οἷδε
1121 1232 1220 1304 μὲν
1284 1227 1398 1295 οὖν,
1439 1232 1538 1284 οὐκ
1581 1233 1872 1304 ἐπανορθοῖ
1920 1235 1996 1298 δὲ,
2043 1236 2101 1288 ού
2147 1235 2190 1287 δ’
2230 1230 2339 1288 οἷόν
2392 1253 2452 1289 τε
2515 1237 2664 1307 αὐτῷ
2716 1238 2942 1310 δυνάμει
2996 1239 3116 1312 θείᾳ
3153 1243 3385 1312 ἐπανορ-

148 1330 306 1386 θοῦν.ι
346 1331 451 1385 Καὶ
483 1331 645 1400 ἡμεῖς
671 1329 728 1382 δέ
771 1327 1038 1400 πολλαχοῦ
1089 1327 1233 1382 κατά
1275 1326 1338 1379 τὸ
1387 1326 1609 1379 δυνατὸν
1648 1328 1778 1398 ἡμῖν
1813 1332 2111 1400 εἰρήκαμεν
2163 1331 2290 1401 περί
2337 1331 2571 1395 τούτων,
2605 1334 2698 1385 καὶ
2759 1337 2807 1386 οί
2872 1335 3002 1386 θεῖοι
3061 1335 3205 1404 λόγοι
3269 1338 3382 1399 τοῖς

147 1423 330 1479 ἀκούειν
357 1422 674 1492 δυναμένοις
711 1421 891 1475 αὐτῶν
919 1422 1292 1493 παρέστησαν.

205 1516 461 1582 Λελέξεται
492 1510 616 1577 οῦν,
646 1517 785 1587 ὅπερ
819 1517 952 1587 ἡμῖν
981 1517 1075 1569 καὶ
1113 1517 1386 1580 Ἰουδαίοις
1427 1517 1691 1589 προσάγει

147 1606 400 1668 ὁΚέλσος,
435 1608 527 1660 καὶ
560 1607 696 1678 πρὸς
719 1609 902 1671 αὑτὸν,
950 1609 1031 1661 ὅτι
1063 1604 1228 1680 τΛρα,
1261 1603 1306 1662 ὦ
1334 1601 1520 1673 οὗτος,
1553 1606 1692 1663 οἶδεν

1871 1514 1926 1570 4.
1969 1513 2120 1580 Quod
2168 1513 2332 1583 igitur
2368 1515 2526 1567 nobis
2570 1513 2882 1584 Judaeisque
2932 1516 3123 1572 Celsus
3172 1519 3379 1586 objicit,

1805 1606 1945 1660 idem
1981 1613 2170 1659 contra
2213 1605 2390 1674 ipsum
2419 1605 2788 1663 adhibebitur.
2831 1606 2928 1662 Dic
2951 1609 3118 1675 enim,
3147 1625 3180 1664 ο
3220 1611 3382 1677 bone,

147 1699 170 1752 ὀ
214 1699 291 1751 ἐπὶ
335 1701 465 1752 πᾶσι
517 1699 651 1763 Θεὸς
691 1700 761 1752 τὰ
811 1702 869 1756 ἐν
911 1703 1252 1774 ἀνθρώποις,
1306 1702 1336 1773 ἢ
1387 1704 1487 1756 οὐκ
1517 1699 1686 1767 οἷδενς

1804 1697 1946 1750 Deus
1989 1697 2213 1751 novitne
2252 1711 2342 1750 res
2389 1697 2676 1762 lmmanas,
2707 1701 2930 1753 annon?
2983 1701 3026 1754 si
3086 1701 3251 1757 Deum
3288 1705 3382 1758 ad-

160 1789 272 1842 ’Δλλ’
299 1789 449 1860 εἴπερ
500 1792 658 1862 τίθης
691 1789 827 1846 εἶναι
856 1794 986 1847 Θεὸν
1019 1797 1112 1848 καὶ
1157 1795 1442 1866 Πρόνοιαν,
1479 1795 1555 1859 ὡς
1591 1797 1690 1866 ἐμ-

153 1881 298 1948 φαίνει
341 1899 430 1934 σου
471 1882 532 1934 τὸ
563 1881 900 1955 σύγγραμμα
919 1923 933 1947 ,
963 1886 1258 1954 ἀναγκαῖον
1282 1885 1447 1938 αὑτὸν
1475 1885 1688 1938 εἰδέναι.

152 1973 201 2024 ει
230 1972 267 2024 δ’
288 1967 406 2036 οἶδε,
443 1972 532 2024 διὰ
572 1974 624 2026 τί
665 1975 765 2027 οὐκ
822 1977 1146 2048 ἐπανορθοῖ;
1184 1979 1252 2030 Ἢ
1294 1979 1427 2048 ἡμῖν
1462 1977 1556 2047 μὲν
1598 1978 1692 2029 άν-

151 2066 344 2130 αγκαῖον
369 2064 754 2134 ἀπολογεῖσθαι
778 2065 865 2118 διὰ
889 2066 942 2118 τί
961 2066 1113 2130 εἰδὼς
1134 2067 1233 2121 οὐκ
1256 2067 1578 2137 ἐπανορθοῖ·
1611 2068 1694 2120 σο)⁸

149 2155 192 2207 δὲ
213 2195 226 2217 ,
278 2156 343 2226 μὴ
387 2156 526 2208 πάνυ
570 2156 888 2225 ἐμφαίνοντι
920 2158 1110 2214 διάτοῦ
1136 2157 1568 2232 συγγράμματος
1602 2158 1692 2211 τὸν

167 2247 525 2317 Ἐπικούρειον,
584 2247 719 2301 ἀλλὰ
773 2250 1216 2319 προσποιουμένῳ
1250 2249 1511 2320 Πρόνοιαν
1561 2249 1694 2301 εἰδέ-

150 2358 238 2400 ναι,
283 2342 374 2394 οὐκ
416 2341 612 2410 ἐπίσης
645 2340 949 2404 λελέξεται,
997 2341 1083 2393 διὰ
1116 2341 1168 2393 τί
1209 2340 1362 2404 εἰδὼς
1401 2339 1469 2394 τά
1498 2342 1554 2392 ἐν
1601 2343 1694 2393 άν-

147 2431 350 2501 θρὼποις
381 2433 558 2486 πάντα
610 2435 639 2485 ὁ
689 2432 820 2494 Θεὸς
865 2434 964 2485 οὐκ
1029 2433 1356 2503 ἐπανορθοῖ,
1405 2433 1524 2485 οὐδὲ
1571 2434 1692 2505 θείᾳ

147 2524 334 2594 δυνάμει
376 2524 712 2577 ἀπαλλάσσει
749 2524 956 2588 πάντας
1001 2525 1098 2593 τῆς
1135 2525 1367 2588 κακίας;
1427 2523 1564 2577 Ἀλλ’
1591 2527 1690 2578 οὐκ

147 2617 469 2687 αἰσχυνόμεθα
515 2616 698 2684 λέγειν
732 2617 865 2694 (δὲ),
901 2617 984 2668 ὅτι
1025 2617 1112 2668 ἀεὶ
1160 2617 1256 2686 μὲν
1309 2617 1515 2686 πέμπει
1563 2619 1692 2681 τοὺς

148 2706 673 2778 ὲπανορθωσομένους.
735 2709 796 2760 Oi
856 2711 966 2778 γᾶρ
1002 2707 1093 2759 ἐπὶ
1145 2706 1214 2759 τὰ
1262 2707 1516 2777 βέλτιστα
1560 2725 1692 2779 προ-

147 2797 422 2869 καλούμενοι
463 2800 636 2867 λόγοι,
677 2798 814 2850 Θεοῦ
854 2798 1051 2860 αὐτοὺς
1093 2798 1416 2863 δεδωκότος,
1459 2801 1593 2852 εἰσὶν
1635 2802 1690 2854 ἐν

148 2883 430 2955 ἀνθρώποις.
497 2887 640 2958 Ἤδη
704 2886 760 2940 δὲ
806 2886 916 2939 τῶν
966 2877 1399 2959 διακονουμένων
1448 2891 1526 2960 τῲ
1573 2889 1692 2961 Θεῷ

149 2977 304 3030 πολλαί
331 2981 432 3032 εἰσι
463 2979 755 3047 διαφοραὶ,
796 2981 890 3033 καὶ
924 2978 1096 3048 ὀλίγοι
1138 2982 1274 3034 εἰσὶν
1303 2983 1353 3034 οἰ
1382 2981 1556 3054 πάντη
1593 3000 1692 3035 κα-

1807 1788 2022 1842 miseris
2059 1799 2114 1843 et
2140 1786 2569 1852 Providentiam,
2603 1799 2658 1842 ut
2688 1805 2754 1844 ex
2784 1800 2874 1846 tuo
2901 1793 3106 1862 scripto
3132 1792 3384 1862 judicare

1800 1881 1945 1943 licet,
1978 1889 2136 1934 notas
2164 1881 2235 1934 illi
2269 1895 2389 1934 esse
2418 1881 2642 1935 fatearis
2685 1897 2909 1938 necesse
2946 1895 3052 1938 est.
3087 1884 3180 1939 Sin
3208 1887 3382 1952 novit,

1799 1989 1899 2027 cur
1933 1988 2037 2026 non
2074 1973 2343 2042 corrigit?
2382 1975 2464 2027 An
2497 1976 2657 2030 nobis
2683 1977 3054 2030 necessarium
3079 1987 3382 2033 estcausas

1798 2065 2046 2128 reddere,
2076 2080 2174 2118 cur
2224 2066 2489 2122 humanas
2542 2081 2630 2121 res
2688 2082 2793 2121 non
2825 2069 3105 2138 corrigat,
3157 2072 3378 2125 tametsi

1797 2156 2114 2223 cognoscit;
2147 2167 2200 2210 tu
2228 2173 2380 2224 vero,
2404 2159 2496 2229 qui
2529 2159 2580 2212 in
2615 2167 2705 2211 tuo
2730 2160 2938 2228 scripto
2975 2168 3025 2214 te
3052 2160 3378 2230 Epicureum

1797 2259 1904 2299 non
1965 2255 2151 2314 aperte
2206 2249 2412 2316 prodis,
2464 2249 2557 2302 sed
2612 2248 3018 2302 Providentiam
3079 2265 3380 2319 agnoscere

1799 2337 2043 2401 sinmlas,
2071 2339 2254 2394 dicere
2286 2355 2393 2394 non
2436 2342 2660 2405 teneris,
2686 2357 2786 2394 cur
2818 2341 2960 2394 Deus
2991 2341 3260 2396 humanas
3292 2357 3380 2394 res

1800 2441 2116 2499 perspectas
2167 2432 2373 2486 habens
2405 2450 2510 2487 non
2563 2435 2854 2498 emendet,
2907 2448 3009 2488 nec
3056 2449 3244 2488 omnes
3283 2449 3380 2488 ne-

1801 2523 1970 2591 quitia
2016 2523 2209 2577 liberet
2249 2524 2426 2577 divina
2464 2525 2769 2595 potestate?
2814 2525 2884 2578 At
2915 2541 3014 2579 nos
3041 2525 3224 2579 dicere
3269 2543 3374 2579 non

1801 2615 2131 2677 dubitamus,
2168 2632 2194 2667 a
2224 2616 2334 2670 Deo
2361 2632 2576 2685 semper
2602 2617 2742 2670 mitti
2771 2617 2862 2686 qui
2894 2618 3196 2685 corrigant.
3233 2619 3378 2671 Sunt

1797 2705 1942 2760 enim
2001 2704 2144 2758 inter
2199 2706 2448 2760 homines
2478 2707 2801 2760 documenta
2853 2709 2988 2776 ipsis
3020 2724 3047 2760 a
3085 2709 3194 2762 Deo
3227 2710 3372 2773 data,

1797 2797 1995 2866 quibus
2037 2796 2101 2850 ad
2135 2798 2338 2865 optima
2397 2809 2795 2866 provocentur;
2858 2815 3170 2869 quanquam
3235 2803 3378 2858 inter

1797 2889 2094 2953 ministros,
2127 2889 2325 2958 quibus
2361 2891 2532 2942 utitur
2583 2893 2757 2954 Deus,
2805 2895 3028 2948 multum
3063 2895 3136 2950 sit
3174 2897 3376 2952 discri-

1799 2978 1986 3033 minis.
2029 2978 2241 3048 Quippe
2267 2989 2396 3032 suut
2438 2981 2593 3047 pauci
2619 2983 2711 3049 qui
2745 2997 2880 3051 pure
2905 2985 3128 3039 omnino
3167 2987 3375 3041 verita-

148 3067 296 3137 θαρῶς
333 3070 727 3142 πρεσὸεύοντες
751 3071 819 3124 τὰ
846 3071 947 3141 τῆς
981 3073 1240 3143 ἀληθείας
1259 3114 1272 3134 ,
1301 3073 1394 3126 καὶ
1421 3072 1518 3144 τὴν
1549 3091 1686 3128 παν-

1799 3081 1905 3124 tem
1963 3071 2197 3125 doceant
2250 3078 2305 3123 et
2363 3070 2671 3126 hominibus
2738 3075 2978 3142 perfecte
3031 3077 3373 3147 corrigendis

147 3159 248 3230 τελῆ
283 3163 649 3235 ἐπανόρθωσιν
709 3157 1095 3236 ἐργαζόμενοι·
1157 3167 1328 3219 ὁποῖοι
1358 3161 1496 3237 ἦσαν
1523 3167 1688 3220 Μωῦ-

150 3253 227 3322 σῆς
249 3257 330 3310 καὶ
362 3259 410 3310 οἰ
453 3257 754 3328 προφῆται.
818 3258 976 3328 Παρὰ
1004 3258 1060 3310 δέ
1102 3258 1324 3322 τούτους
1354 3260 1559 3322 πάντας
1596 3277 1691 3331 με-

147 3348 257 3417 γάλη
288 3352 318 3420 ἡ
358 3350 442 3403 διὰ
471 3350 568 3402 τοῦ
611 3347 788 3421 Ἰησοῦ
817 3349 1189 3420 ἐπανόρθωσις
1233 3350 1292 3402 ού
1329 3351 1456 3414 τοὺς
1502 3355 1559 3405 ἐν
1592 3355 1689 3424 μιᾷ

145 3441 286 3512 γωνίᾳ
327 3443 420 3513 τῆς
473 3441 803 3513 οἰκουμένης
859 3439 1211 3511 βουληθέντος
1277 3443 1471 3511 μόνους
1529 3442 1691 3515 θερα-

147 3533 390 3598 πεύεσθαι,
446 3533 605 3598 ἀλλὰ,
647 3531 710 3584 τὸ
745 3532 866 3584 ὅσον
893 3533 978 3584 ἐπ’
1015 3531 1184 3603 αὐτῷ,
1223 3533 1316 3585 καί
1344 3533 1474 3595 τοὺς
1494 3550 1690 3586 πάντα⁴

147 3623 223 3692 χοῦ
243 3643 254 3655 ο
286 3626 463 3698 Σωτὴρ
496 3626 608 3696 γὰρ
645 3619 775 3695 ἦλθε
803 3623 1019 3676 πάντων
1047 3623 1367 3696 ἀνθρώπων.

199 3716 332 3768 Μετὰ
356 3717 508 3770 ταῦθ’
537 3719 565 3770 ὁ
585 3715 960 3784 γενναιότατος
987 3716 1220 3778 Κέλσος,
1245 3715 1344 3768 οὐκ
1364 3709 1462 3770 οἷδ’
1492 3714 1686 3768 ὁπόθεν

143 3798 307 3866 λαϐὼν,
330 3809 596 3878 ἐπαπορεϊ
620 3806 756 3877 πρὸς
781 3808 928 3876 ἡμᾶς
948 3804 1022 3869 ὡς
1047 3806 1306 3874 λέγοντας
1322 3849 1336 3870 ,
1367 3808 1450 3861 ὅτι
1484 3826 1503 3857 ‹
1527 3807 1689 3869 αὐτὸς

145 3896 314 3951 κάτεισι
342 3899 472 3969 πρὸς
508 3897 830 3970 ἀνθρώπους
852 3899 880 3949 ὁ
907 3897 1091 3961 Θεὸς.»
1131 3897 1241 3950 Καὶ
1274 3899 1444 3952 οἴεται
1466 3899 1688 3952 ἀκολου-

145 3981 234 4036 θεῖν
255 3987 413 4057 τούτῳ
435 3989 518 4049 τὸ,
541 4005 559 4038 ι
585 3986 684 4058 τὴν
707 3985 899 4039 ἑαυτοῦ
935 3986 1096 4057 ἕδραν
1117 3987 1279 4040 αὑτὸν
1296 3987 1636 4042 καταλιπεῖν.
1663 4006 1681 4039 ι

145 4076 204 4129 υῦ
227 4081 323 4154 γὰρ
345 4077 448 4133 οἵδε
481 4077 715 4148 δύναμιν
743 4076 900 4142 Θεοῦ,
944 4079 1034 4130 καὶ
1067 4079 1150 4131 ὅτι
1185 4097 1202 4130 ι
1223 4079 1449 4150 Πνεῦμα
1480 4079 1685 4149 Κυρίου

146 4167 429 4241 πεπλήρωκε
450 4171 549 4241 τὴν
570 4168 898 4238 οἰκουμένην
916 4185 929 4198 ⁸
955 4168 1048 4220 καὶ
1078 4169 1141 4222 τὸ
1178 4169 1400 4240 συνέχον
1420 4168 1489 4222 τὰ
1508 4171 1686 4225 πάντα

143 4259 305 4324 γνῶσιν
329 4262 433 4331 ἔχει
457 4262 663 4331 φωνῆς.
689 4281 705 4310 ι
737 4260 870 4312 Ούόἐ
894 4263 1126 4314 συνιέναι
1145 4260 1368 4314 δύναται
1396 4265 1466 4317 τὸ
1511 4281 1527 4309 ι
1553 4262 1686 4332 Οὐχὶ

144 4349 215 4402 τὸν
247 4352 456 4424 οὐρανὸν
496 4353 593 4405 καὶ
646 4352 746 4422 τὴν
807 4352 912 4421 γῆν
960 4350 1069 4418 ἐγὼ
1107 4351 1319 4422 πληρῶ,
1368 4351 1519 4420 λέγει
1568 4353 1682 4405 Κύ-

1798 3162 1927 3216 dent
1959 3176 2205 3232 operam.
2248 3161 2566 3233 Hujusmodi
2597 3163 2809 3235 Moyses
2840 3172 2896 3220 et
2939 3170 3218 3238 propheta:
3248 3169 3370 3224 fue-

1795 3261 1968 3306 runt:
2008 3254 2101 3307 sed
2152 3253 2204 3305 in
2262 3253 2365 3307 hoc
2418 3253 2728 3322 corrigendi
2761 3255 2979 3324 negotio
3011 3271 3203 3312 omnes
3250 3257 3371 3312 illos

1795 3343 1950 3414 longe
1998 3345 2275 3413 superavit
2325 3343 2522 3409 Jesus,
2581 3345 2673 3414 qui
2730 3360 2837 3399 non
2894 3348 3055 3401 unius
3101 3359 3368 3403 terrarum

1793 3436 1978 3506 anguli
2013 3436 2248 3500 incolas,
2278 3437 2370 3492 sed
2399 3452 2588 3492 omnes
2625 3439 2864 3508 undique
2911 3453 3174 3508 quantum
3219 3443 3276 3496 in
3309 3458 3371 3498 se

1792 3527 1916 3593 luit,
1950 3537 2170 3583 sanatos
2198 3528 2383 3582 voluit.
2431 3526 2585 3584 Venit
2622 3531 2768 3583 enim
2807 3539 2866 3585 ut
2895 3533 3137 3587 omnium
3194 3533 3371 3589 homi-

1794 3635 1922 3672 num
1957 3620 2207 3675 Salvator
2246 3629 2416 3676 esset.

1873 3711 1929 3764 5.
1975 3712 2178 3766 Deinde
2208 3713 2458 3783 egregius
2489 3712 2578 3768 ille
2607 3712 2693 3766 vir
2718 3713 2904 3769 nescio
2939 3715 3082 3770 unde
3120 3715 3368 3772 occasio-

1792 3815 1915 3855 nem
1977 3813 2169 3856 nactus
2225 3804 2580 3871 quaestionem
2647 3805 2908 3859 adversus
2981 3821 3080 3860 nos
3155 3817 3366 3872 movet,

1795 3893 1951 3961 quasi
2002 3893 2308 3948 diceremus
2379 3894 2588 3950 «Deum
2639 3897 2812 3965 ipsum
2865 3895 2931 3949 ad
2994 3912 3093 3952 nos
3143 3897 3370 3954 descen-

1789 4000 1978 4038 surum
2031 4000 2170 4039 esse.
2205 4003 2224 4037 ι
2297 3985 2449 4041 Unde
2501 3988 2757 4056 consequi
2824 3997 3006 4054 putat,
3055 3997 3155 4041 «ut
3211 4003 3368 4042 suum

1791 4075 1891 4144 ipsi
1938 4075 2130 4129 solium
2165 4075 2524 4132 deserendum
2571 4077 2754 4131 fuerit.
2792 4096 2810 4128 ι
2851 4077 3036 4131 Nescit
3075 4079 3218 4131 enim
3249 4092 3372 4145 quae

1790 4167 1883 4221 Dei
1916 4171 1983 4222 sit
2019 4178 2294 4238 potestas,
2347 4171 2521 4225 nescit
2575 4190 2591 4222 ι
2621 4171 2882 4239 Spiritum
2913 4170 3123 4225 Domini
3158 4169 3369 4238 replere

1789 4263 1976 4312 orbem
2018 4270 2290 4313 terrarmn
2319 4271 2372 4315 et
2403 4262 2505 4314 hoc
2530 4261 2673 4329 quod
2701 4260 2949 4315 continet
2975 4261 3157 4314 omnia
3189 4260 3367 4313 scien-

1791 4351 1921 4402 tiam
1958 4350 2160 4404 habere
2189 4352 2334 4405 vocis
2351 4352 2418 4404 ".
2449 4370 2468 4402 ι
2511 4351 2698 4419 Neque
2725 4366 2920 4419 capere
2954 4359 3136 4418 potest
3179 4349 3364 4404 istud:

147 4458 262 4510 ριοςς
295 4464 313 4496 ι
345 4446 472 4498 Οὑδέ
511 4445 721 4515 βλέπει,
758 4445 838 4496 ὅτι
877 4443 1015 4497 κατὰ
1042 4444 1132 4497 τὸν
1159 4444 1500 4512 Χριστιανῶν
1527 4443 1680 4512 λόγον

1799 4439 1951 4510 505
1995 4457 2011 4490 ι
2053 4438 2306 4508 Nunquid
2341 4457 2445 4494 non
2481 4443 2676 4495 malum
2699 4453 2753 4495 ct
2791 4451 2990 4494 terram
3018 4456 3119 4510 ego
3147 4439 3365 4507 impleo,

144 4533 180 4584 οἱ
205 4537 376 4601 πάντες
407 4541 462 4591 ἐν
487 4536 638 4606 αὐτῷ
674 4535 872 4605 ζῶμεν,
893 4535 985 4588 καὶ
1018 4533 1334 4604 κινούμεθα,
1357 4536 1454 4589 καὶ
1490 4537 1676 4606 ἐσμὲν,

145 4623 202 4686 ὡς
236 4629 316 4681 καί⁵
362 4629 572 4689 Παῦλος
626 4629 684 4679 ἐν
714 4629 779 4696 τῇ
829 4625 964 4695 πρὸς
1008 4625 1323 4695 Ἀθηναίους
1373 4627 1681 4698 δημηγορία

145 4715 326 4784 ἐδίδαξε.
362 4723 478 4774 Κᾶν
508 4723 537 4774 ὁ
568 4720 704 4781 Θεὸς
736 4719 911 4771 τοίνυν
943 4717 1048 4771 τῶν
1080 4719 1218 4771 ὅλων
1250 4722 1315 4789 τῇ
1363 4720 1558 4772 ἑαυτοῦ
1592 4721 1682 4773 δυ-

142 4810 269 4879 νάμει
295 4811 697 4882 συγκαταϐαίνη
733 4811 841 4880 (55)
873 4809 952 4880 τῷ
999 4808 1173 4881 Ἰησοῦ
1205 4811 1285 4872 εἰς
1323 4811 1412 4863 τὸν
1443 4811 1550 4863 τῶν
1590 4813 1683 4865 άν-

146 4899 334 4971 θρὼπων
368 4908 496 4976 βίον,
533 4906 639 4958 κᾶν
676 4903 705 4954 ὁ
753 4906 810 4955 ἐν
849 4903 991 4973 ἀρχῇ
1027 4903 1164 4974 πρὸς
1195 4901 1284 4954 τὸν
1317 4901 1448 4955 Θεὸν
1488 4902 1678 4970 Λόγος,

145 4992 246 5056 Θεὸς
273 4997 356 5049 καὶ
383 4997 543 5059 αὐτὸς
573 4995 669 5058 ῶν,
707 4994 932 5066 ἔρχηται
961 4995 1094 5064 πρὸς
1126 4995 1275 5063 ἡμᾶς
1295 5010 1308 5022 °
1343 4995 1442 5045 οὐκ
1469 4993 1682 5064 ἔξεδρος

145 5081 330 5147 γίνεται.
356 5089 470 5141 ούδέ
498 5086 816 5140 καταλείπει
846 5085 940 5157 τὴν
974 5085 1167 5138 ἐαυτοῦ
1208 5086 1367 5156 έδραν
1387 5102 1401 5116 ο
1446 5086 1522 5148 ὥς
1559 5102 1680 5138 τινα

146 5173 224 5238 μὲν
249 5178 392 5230 τόπον
425 5179 578 5232 κενὸν
619 5177 783 5231 αὑτοῦ
828 5175 985 5239 εἶναι,
1033 5178 1216 5248 ἕτερον
1270 5178 1326 5230 δέ
1374 5177 1574 5248 πλήρη,
1619 5179 1678 5228 οὐ

145 5265 363 5336 πρίτερον
410 5269 572 5322 αὐτὸν
626 5268 836 5337 ἔχοντα.
897 5267 1186 5336 Ἐπιδημεῖ
1229 5267 1285 5318 δέ
1324 5265 1551 5336 δύναμις
1586 5266 1680 5318 καὶ

145 5353 298 5428 θεότης
320 5359 444 5414 Θεοῦ
480 5361 545 5413 δι’
579 5352 641 5412 οὗ
671 5357 938 5428 βούλεται,
971 5359 1065 5410 καὶ
1100 5361 1158 5409 ἐν
1209 5351 1251 5422 ᾧ
1297 5357 1539 5426 εὑρίσκει
1570 5355 1678 5426 χώ-

146 5459 245 5511 Ρανν
272 5449 360 5502 οὐκ
383 5451 702 5520 ἀμείϐοντος
735 5448 919 5508 τόπον,
964 5447 1074 5499 οὐδ’
1117 5444 1456 5507 ἐκλείποντος
1496 5442 1681 5514 χώραν

203 5534 240 5564 ’ί
262 5536 374 5606 Sap.
404 5559 439 5602 ι,
463 5541 518 5596 7.
600 5540 643 5569 ³⁷
671 5537 875 5594 Jeretn.
927 5553 1077 5601 χχιιι,
1105 5535 1194 5588 24.

204 5623 298 5697 (31)
344 5631 724 5698 Ἀδυνὰτους.
789 5629 929 5699 Lege
957 5647 1079 5682 cum
1112 5628 1428 5699 Bohcrello,
1477 5628 1675 5681 ἀσυνέ-

144 5705 273 5769 ἐονς.⁸
303 5700 502 5754 l-eroris
533 5705 654 5755 fons
680 5703 782 5754 luit
817 5697 918 5753 vox
957 5715 1188 5769 sequens
1216 5697 1456 5769 δύναται.

205 5763 300 5874 $32)
335 5771 493 5824 (loud.
520 5772 724 5841 Regius
757 5781 811 5824 et
849 5763 1172 5824 Basilecusis
1195 5807 1210 5831 ,
1262 5768 1376 5820 ἀλλ’
1422 5769 1677 5836 αἰσχυνό-

221 5843 261 5874 in
303 5839 466 5874 τινε...
574 5842 719 5874 ι,.ι·....
785 5842 946 5874 πλη...
1006 5841 1140 5874 .....t.t
1209 5839 1382 5874 περ...
1422 5837 1676 5874 vernantis!

150 5837 264 5899 μεθα
303 5839 466 5907 λέγειν
574 5837 721 5896 lul'ra
785 5842 947 5894 iidem
1006 5841 1162 5895 codd.
1209 5839 1386 5907 πάντη
1422 5837 1676 5908 καθαρῶς

425 5938 692 5998 Parnm.
727 5939 842 5997 (in.
887 5939 993 5996 XI.

1789 4533 1923 4585 dicit
1955 4530 2219 4585 Dominus
2252 4531 2338 4583 '7?
2374 4550 2393 4583 ι
2440 4531 2625 4600 Neque
2659 4532 2804 4584 videt
2831 4547 2897 4585 ex
2932 4530 3366 4584 Christianorum

1788 4623 2036 4675 doctrina
2066 4635 2164 4674 nos
2190 4634 2383 4673 oumes
2416 4621 2470 4674 in
2501 4621 2621 4688 ipso
2657 4621 2860 4684 vivere,
2897 4619 3102 4673 moveri
3137 4627 3192 4671 et
3223 4632 3364 4684 esse,

1790 4725 1848 4766 nt
1874 4712 2071 4766 Paulus
2109 4711 2162 4765 in
2200 4711 2612 4765 Atheniensium
2645 4711 2907 4765 concione
2938 4710 3120 4764 docuit
3151 4710 3214 4763 ³⁸.
3249 4711 3364 4766 Etsi

1793 4803 1962 4871 igitur
1997 4801 2370 4855 universorum
2423 4799 2564 4852 Deus
2603 4813 2702 4852 sua
2754 4798 2924 4867 ipsius
2957 4804 3224 4868 potestate
3267 4798 3364 4852 de-

1791 4897 2019 4950 scendat
2047 4908 2168 4948 cum
2227 4891 2353 4946 Jesu
2403 4890 2456 4944 in
2510 4890 2648 4944 hanc
2681 4890 2962 4944 hominum
3009 4892 3212 4956 vitam;
3261 4890 3364 4944 etsi

1793 4986 1938 5054 quod
1985 4985 2038 5038 in
2078 4981 2350 5050 principio
2389 4982 2530 5050 apud
2571 4981 2737 5034 Deum
2769 4991 2888 5034 erat
2921 4980 3186 5046 Verbum,
3219 4979 3364 5033 Deus

1791 5079 1928 5146 ipse,
1960 5075 2144 5128 veniat
2189 5074 2252 5125 ad
2289 5087 2409 5136 nos,
2441 5085 2546 5124 non
2585 5071 2790 5124 idcirco
2820 5088 2850 5126 e
2898 5072 3036 5126 solio
3063 5071 3363 5142 egreditur,

1790 5178 1883 5222 aut
1929 5167 2059 5221 illud
2115 5163 2401 5232 relinquit;
2461 5164 2534 5217 ita
2589 5172 2671 5226 ut,
2722 5163 2840 5218 loco
2899 5179 3071 5218 vacuo
3121 5163 3362 5227 deserto,

1791 5262 1953 5315 alium
1991 5259 2211 5330 impleat
2238 5258 2326 5310 ubi
2364 5257 2515 5326 prius
2549 5273 2654 5312 non
2681 5267 2819 5312 erat.
2856 5257 2964 5313 Sed
2997 5259 3088 5314 Dei
3121 5265 3364 5326 potestas

1790 5369 1853 5408 ac
1880 5351 2139 5406 divinitas
2158 5365 2263 5417 quo
2287 5349 2401 5402 vult
2437 5349 2802 5418 proﬁciscitur
2833 5360 2887 5404 et
2927 5362 3254 5418 quocunque
3285 5347 3364 5400 lo-

1791 5461 1911 5499 cum
1962 5444 2190 5507 invenit,
2240 5455 2345 5495 non
2379 5442 2556 5495 eloco
2610 5442 2660 5495 in
2712 5441 2887 5494 locum
2937 5441 3362 5512 transutigrans,

1294 5535 1338 5565 ³⁸
1367 5534 1487 5588 Act.
1538 5550 1664 5598 xu],
1703 5534 1795 5588 28.

1787 5627 2198 5711 πρεσϐεύοντες.
2269 5625 2411 5681 Alias
2441 5665 2457 5692 ,
2511 5627 2688 5698 πάντη
2745 5629 2838 5680 καὶ
2905 5626 3158 5699 καθαρῶς
3189 5643 3360 5699 πρετ-

1784 5699 2053 5761 δεύοντες.

1857 5770 1970 5837 (55)
2010 5771 2212 5822 Omnes
2243 5782 2398 5828 mss.,
2423 5765 2856 5838 συγκαταϐαίνῃ,
2885 5778 3052 5833 recte,
3087 5782 3208 5820 cum
3235 5781 3361 5822 ιιιοῖι

1785 5851 2043 5908 sequatur
2073 5839 2320 5910 ἔρχηται.
2355 5840 2521 5904 Alias,
2558 5840 3004 5906 σὀγκαταὸαἰνει.

3001 5934 3081 5990 3ξί
