  <div class='ocr_page' id='page_1' title='image "/cluster/home/n/w/nwhite01/storage/ocr_20150623/11/hvd.32044024345175/523.png"; bbox 0 0 3898 6524; ppageno 0'>
   <div class='ocr_carea' id='block_1_1' title="bbox 459 406 604 467">
    <p class='ocr_par' dir='ltr' id='par_1_1' title="bbox 459 406 604 467">
     <span class='ocr_line' id='line_1_1' title="bbox 459 406 604 467; baseline -0.007 0"><span class='ocrx_word' id='word_1_1' title='bbox 459 411 486 467; x_wconf 74' lang='lat' dir='ltr'><strong>‘l</strong></span> <span class='ocrx_word' id='word_1_2' title='bbox 495 406 604 466; x_wconf 77' lang='lat' dir='ltr'><strong>O35</strong></span> 
     </span>
    </p>
   </div>
   <div class='ocr_carea' id='block_1_2' title="bbox 1912 387 2242 447">
    <p class='ocr_par' dir='ltr' id='par_1_2' title="bbox 1912 387 2242 447">
     <span class='ocr_line' id='line_1_2' title="bbox 1912 387 2242 447; baseline -0.012 0"><span class='ocrx_word' id='word_1_3' title='bbox 1912 387 2242 447; x_wconf 78' lang='lat' dir='ltr'><strong>ORICENIS</strong></span> 
     </span>
    </p>
   </div>
   <div class='ocr_carea' id='block_1_3' title="bbox 3578 375 3720 438">
    <p class='ocr_par' dir='ltr' id='par_1_3' title="bbox 3578 375 3720 438">
     <span class='ocr_line' id='line_1_3' title="bbox 3578 375 3720 438; baseline 0.007 -2"><span class='ocrx_word' id='word_1_4' title='bbox 3578 375 3720 438; x_wconf 52' lang='lat'><strong>103</strong></span> 
     </span>
    </p>
   </div>
   <div class='ocr_carea' id='block_1_4' title="bbox 462 497 2032 584">
    <p class='ocr_par' dir='ltr' id='par_1_4' title="bbox 462 511 2030 584">
     <span class='ocr_line' id='line_1_4' title="bbox 462 511 2030 584; baseline -0.013 -2"><span class='ocrx_word' id='word_1_5' title='bbox 462 541 564 583; x_wconf 88' lang='lat' dir='ltr'><strong>nec</strong></span> <span class='ocrx_word' id='word_1_6' title='bbox 587 536 750 578; x_wconf 91' lang='lat' dir='ltr'><strong>unum</strong></span> <span class='ocrx_word' id='word_1_7' title='bbox 785 533 845 575; x_wconf 91' lang='lat' dir='ltr'><strong>se</strong></span> <span class='ocrx_word' id='word_1_8' title='bbox 869 531 1098 574; x_wconf 88' lang='lat' dir='ltr'><strong>vacuum</strong></span> <span class='ocrx_word' id='word_1_9' title='bbox 1147 516 1459 584; x_wconf 91' lang='lat' dir='ltr'><strong>relinquens</strong></span> <span class='ocrx_word' id='word_1_10' title='bbox 1487 518 1544 568; x_wconf 89' lang='lat' dir='ltr'><strong>ut</strong></span> <span class='ocrx_word' id='word_1_11' title='bbox 1572 511 1739 575; x_wconf 86' lang='lat' dir='ltr'><strong>alium</strong></span> <span class='ocrx_word' id='word_1_12' title='bbox 1779 517 2030 579; x_wconf 77' lang='lat' dir='ltr'><strong>occupet.</strong></span> 
     </span>
    </p>
   </div>
   <div class='ocr_carea' id='block_1_5' title="bbox 2142 497 3712 584">
    <p class='ocr_par' dir='ltr' id='par_1_5' title="bbox 2142 497 3712 575">
     <span class='ocr_line' id='line_1_5' title="bbox 2142 497 3712 575; baseline -0.004 -15"><span class='ocrx_word' id='word_1_13' title='bbox 2142 505 2300 560; x_wconf 83' lang='grc' dir='ltr'>αὑτοῦ</span> <span class='ocrx_word' id='word_1_14' title='bbox 2343 503 2526 575; x_wconf 83' lang='grc' dir='ltr'>κενὴν,</span> <span class='ocrx_word' id='word_1_15' title='bbox 2581 503 2674 556; x_wconf 72' lang='grc' dir='ltr'><strong>καὶ</strong></span> <span class='ocrx_word' id='word_1_16' title='bbox 2720 500 2886 571; x_wconf 82' lang='grc' dir='ltr'>ἄλλην</span> <span class='ocrx_word' id='word_1_17' title='bbox 2935 499 3289 573; x_wconf 67' lang='grc' dir='ltr'>πληροῦντος.</span> <span class='ocrx_word' id='word_1_18' title='bbox 3321 497 3435 552; x_wconf 89' lang='grc' dir='ltr'><strong>Ἵνα</strong></span> <span class='ocrx_word' id='word_1_19' title='bbox 3478 498 3590 572; x_wconf 80' lang='grc' dir='ltr'>γὰρ</span> <span class='ocrx_word' id='word_1_20' title='bbox 3623 505 3712 557; x_wconf 78' lang='grc' dir='ltr'>και</span> 
     </span>
    </p>
   </div>
   <div class='ocr_carea' id='block_1_6' title="bbox 465 599 2030 675">
    <p class='ocr_par' dir='ltr' id='par_1_6' title="bbox 465 599 2030 675">
     <span class='ocr_line' id='line_1_6' title="bbox 465 599 2030 675; baseline -0.015 -1"><span class='ocrx_word' id='word_1_21' title='bbox 465 617 537 675; x_wconf 85' lang='lat' dir='ltr'><strong>Ut</strong></span> <span class='ocrx_word' id='word_1_22' title='bbox 580 617 724 672; x_wconf 85' lang='lat' dir='ltr'><strong>enim</strong></span> <span class='ocrx_word' id='word_1_23' title='bbox 753 612 995 667; x_wconf 84' lang='lat' dir='ltr'><strong>dicamus</strong></span> <span class='ocrx_word' id='word_1_24' title='bbox 1041 607 1272 662; x_wconf 90' lang='lat' dir='ltr'><strong>alterum</strong></span> <span class='ocrx_word' id='word_1_25' title='bbox 1321 605 1389 658; x_wconf 89' lang='lat' dir='ltr'><strong>ab</strong></span> <span class='ocrx_word' id='word_1_26' title='bbox 1435 602 1527 658; x_wconf 92' lang='lat' dir='ltr'><strong>illo</strong></span> <span class='ocrx_word' id='word_1_27' title='bbox 1568 601 1770 666; x_wconf 80' lang='lat' dir='ltr'><strong>deseri,</strong></span> <span class='ocrx_word' id='word_1_28' title='bbox 1801 599 2030 654; x_wconf 85' lang='lat' dir='ltr'><strong>alterum</strong></span> 
     </span>
    </p>
   </div>
   <div class='ocr_carea' id='block_1_7' title="bbox 470 691 2032 779">
    <p class='ocr_par' dir='ltr' id='par_1_7' title="bbox 470 691 2032 779">
     <span class='ocr_line' id='line_1_7' title="bbox 470 691 2032 779; baseline -0.015 -15"><span class='ocrx_word' id='word_1_29' title='bbox 470 707 704 779; x_wconf 76' lang='lat' dir='ltr'><strong>repleri,</strong></span> <span class='ocrx_word' id='word_1_30' title='bbox 740 704 793 759; x_wconf 93' lang='lat' dir='ltr'><strong>id</strong></span> <span class='ocrx_word' id='word_1_31' title='bbox 844 716 951 757; x_wconf 90' lang='lat' dir='ltr'><strong>non</strong></span> <span class='ocrx_word' id='word_1_32' title='bbox 995 699 1063 755; x_wconf 92' lang='lat' dir='ltr'><strong>dc</strong></span> <span class='ocrx_word' id='word_1_33' title='bbox 1110 698 1226 752; x_wconf 90' lang='lat' dir='ltr'><strong>loco</strong></span> <span class='ocrx_word' id='word_1_34' title='bbox 1275 695 1626 764; x_wconf 88' lang='lat' dir='ltr'><strong>intelligimus</strong></span> <span class='ocrx_word' id='word_1_35' title='bbox 1661 709 1674 746; x_wconf 91' lang='lat'><strong>:</strong></span> <span class='ocrx_word' id='word_1_36' title='bbox 1713 691 1807 746; x_wconf 93' lang='lat' dir='ltr'><strong>sed</strong></span> <span class='ocrx_word' id='word_1_37' title='bbox 1849 697 2032 744; x_wconf 89' lang='lat' dir='ltr'><strong>nostra</strong></span> 
     </span>
    </p>
   </div>
   <div class='ocr_carea' id='block_1_8' title="bbox 467 780 2036 864">
    <p class='ocr_par' dir='ltr' id='par_1_8' title="bbox 467 780 2036 864">
     <span class='ocr_line' id='line_1_8' title="bbox 467 780 2036 864; baseline -0.014 -10"><span class='ocrx_word' id='word_1_38' title='bbox 467 813 621 860; x_wconf 79' lang='lat' dir='ltr'><strong>mens</strong></span> <span class='ocrx_word' id='word_1_39' title='bbox 656 807 766 858; x_wconf 86' lang='lat' dir='ltr'><strong>est.</strong></span> <span class='ocrx_word' id='word_1_40' title='bbox 797 791 1030 864; x_wconf 86' lang='lat' dir='ltr'><strong>improbi</strong></span> <span class='ocrx_word' id='word_1_41' title='bbox 1063 799 1118 845; x_wconf 91' lang='lat' dir='ltr'><strong>et</strong></span> <span class='ocrx_word' id='word_1_42' title='bbox 1151 788 1394 858; x_wconf 74' lang='lat' dir='ltr'><strong>nequitia</strong></span> <span class='ocrx_word' id='word_1_43' title='bbox 1439 784 1635 856; x_wconf 89' lang='lat' dir='ltr'><strong>perditi</strong></span> <span class='ocrx_word' id='word_1_44' title='bbox 1662 781 1897 838; x_wconf 84' lang='lat' dir='ltr'><strong>hominis</strong></span> <span class='ocrx_word' id='word_1_45' title='bbox 1924 780 2036 832; x_wconf 86' lang='lat' dir='ltr'><strong>ani-</strong></span> 
     </span>
    </p>
   </div>
   <div class='ocr_carea' id='block_1_9' title="bbox 463 869 2033 952">
    <p class='ocr_par' dir='ltr' id='par_1_9' title="bbox 463 869 2033 952">
     <span class='ocr_line' id='line_1_9' title="bbox 463 869 2033 952; baseline -0.013 -9"><span class='ocrx_word' id='word_1_46' title='bbox 463 903 609 943; x_wconf 86' lang='lat' dir='ltr'><strong>mam</strong></span> <span class='ocrx_word' id='word_1_47' title='bbox 649 901 680 940; x_wconf 88' lang='lat' dir='ltr'><strong>a</strong></span> <span class='ocrx_word' id='word_1_48' title='bbox 715 887 824 940; x_wconf 91' lang='lat' dir='ltr'><strong>Deo</strong></span> <span class='ocrx_word' id='word_1_49' title='bbox 861 881 1127 952; x_wconf 86' lang='lat' dir='ltr'><strong>relinqui;</strong></span> <span class='ocrx_word' id='word_1_50' title='bbox 1157 880 1393 934; x_wconf 92' lang='lat' dir='ltr'><strong>animam</strong></span> <span class='ocrx_word' id='word_1_51' title='bbox 1424 885 1607 930; x_wconf 90' lang='lat' dir='ltr'><strong>autem</strong></span> <span class='ocrx_word' id='word_1_52' title='bbox 1633 875 1770 944; x_wconf 81' lang='lat' dir='ltr'><strong>ejus,</strong></span> <span class='ocrx_word' id='word_1_53' title='bbox 1798 871 1889 940; x_wconf 86' lang='lat' dir='ltr'><strong>qui</strong></span> <span class='ocrx_word' id='word_1_54' title='bbox 1921 869 2033 923; x_wconf 87' lang='lat' dir='ltr'><strong>vir-</strong></span> 
     </span>
    </p>
   </div>
   <div class='ocr_carea' id='block_1_10' title="bbox 462 967 2035 1037">
    <p class='ocr_par' dir='ltr' id='par_1_10' title="bbox 462 967 2035 1037">
     <span class='ocr_line' id='line_1_10' title="bbox 462 967 2035 1037; baseline -0.014 0"><span class='ocrx_word' id='word_1_55' title='bbox 462 989 638 1037; x_wconf 91' lang='lat' dir='ltr'><strong>tutem</strong></span> <span class='ocrx_word' id='word_1_56' title='bbox 674 979 728 1032; x_wconf 91' lang='lat' dir='ltr'><strong>in</strong></span> <span class='ocrx_word' id='word_1_57' title='bbox 758 975 991 1031; x_wconf 90' lang='lat' dir='ltr'><strong>vivendo</strong></span> <span class='ocrx_word' id='word_1_58' title='bbox 1014 972 1210 1030; x_wconf 87' lang='lat' dir='ltr'><strong>sectari</strong></span> <span class='ocrx_word' id='word_1_59' title='bbox 1237 970 1448 1034; x_wconf 89' lang='lat' dir='ltr'><strong>statuit,</strong></span> <span class='ocrx_word' id='word_1_60' title='bbox 1482 968 1571 1022; x_wconf 90' lang='lat' dir='ltr'><strong>vel</strong></span> <span class='ocrx_word' id='word_1_61' title='bbox 1603 967 1656 1021; x_wconf 92' lang='lat' dir='ltr'><strong>in</strong></span> <span class='ocrx_word' id='word_1_62' title='bbox 1692 979 1754 1020; x_wconf 87' lang='lat' dir='ltr'><strong>ea</strong></span> <span class='ocrx_word' id='word_1_63' title='bbox 1783 976 2035 1034; x_wconf 84' lang='lat' dir='ltr'><strong>progres-</strong></span> 
     </span>
    </p>
   </div>
   <div class='ocr_carea' id='block_1_11' title="bbox 457 1064 2033 1133">
    <p class='ocr_par' dir='ltr' id='par_1_11' title="bbox 457 1064 2033 1133">
     <span class='ocr_line' id='line_1_11' title="bbox 457 1064 2033 1133; baseline -0.014 -5"><span class='ocrx_word' id='word_1_64' title='bbox 457 1074 670 1128; x_wconf 80' lang='lat' dir='ltr'><strong>sionem</strong></span> <span class='ocrx_word' id='word_1_65' title='bbox 705 1069 858 1133; x_wconf 83' lang='lat' dir='ltr'><strong>facit,</strong></span> <span class='ocrx_word' id='word_1_66' title='bbox 892 1065 978 1122; x_wconf 88' lang='lat' dir='ltr'><strong>vel</strong></span> <span class='ocrx_word' id='word_1_67' title='bbox 1006 1065 1171 1120; x_wconf 88' lang='lat' dir='ltr'><strong>etiam</strong></span> <span class='ocrx_word' id='word_1_68' title='bbox 1200 1064 1266 1116; x_wconf 87' lang='lat' dir='ltr'><strong>ad</strong></span> <span class='ocrx_word' id='word_1_69' title='bbox 1297 1075 1415 1116; x_wconf 91' lang='lat' dir='ltr'><strong>eam</strong></span> <span class='ocrx_word' id='word_1_70' title='bbox 1445 1073 1573 1114; x_wconf 89' lang='lat' dir='ltr'><strong>suos</strong></span> <span class='ocrx_word' id='word_1_71' title='bbox 1595 1070 1776 1112; x_wconf 89' lang='lat' dir='ltr'><strong>mores</strong></span> <span class='ocrx_word' id='word_1_72' title='bbox 1817 1067 2033 1122; x_wconf 86' lang='lat' dir='ltr'><strong>compo-</strong></span> 
     </span>
    </p>
   </div>
   <div class='ocr_carea' id='block_1_12' title="bbox 459 1145 2017 1232">
    <p class='ocr_par' dir='ltr' id='par_1_12' title="bbox 459 1145 2017 1232">
     <span class='ocr_line' id='line_1_12' title="bbox 459 1145 2017 1232; baseline -0.015 -13"><span class='ocrx_word' id='word_1_73' title='bbox 459 1165 566 1230; x_wconf 88' lang='lat' dir='ltr'><strong>nit,</strong></span> <span class='ocrx_word' id='word_1_74' title='bbox 622 1160 822 1232; x_wconf 89' lang='lat' dir='ltr'><strong>repleri</strong></span> <span class='ocrx_word' id='word_1_75' title='bbox 865 1167 958 1212; x_wconf 87' lang='lat' dir='ltr'><strong>aut</strong></span> <span class='ocrx_word' id='word_1_76' title='bbox 1006 1156 1245 1227; x_wconf 81' lang='lat' dir='ltr'><strong>Spiritus</strong></span> <span class='ocrx_word' id='word_1_77' title='bbox 1299 1151 1467 1206; x_wconf 80' lang='lat' dir='ltr'><strong>divini</strong></span> <span class='ocrx_word' id='word_1_78' title='bbox 1516 1163 1639 1204; x_wconf 90' lang='lat' dir='ltr'><strong>esse</strong></span> <span class='ocrx_word' id='word_1_79' title='bbox 1674 1145 2017 1216; x_wconf 80' lang='lat' dir='ltr'><strong>participem.</strong></span> 
     </span>
    </p>
   </div>
   <div class='ocr_carea' id='block_1_13' title="bbox 460 1236 2031 1320">
    <p class='ocr_par' dir='ltr' id='par_1_13' title="bbox 460 1236 2031 1320">
     <span class='ocr_line' id='line_1_13' title="bbox 460 1236 2031 1320; baseline -0.014 -12"><span class='ocrx_word' id='word_1_80' title='bbox 460 1251 723 1320; x_wconf 84' lang='lat' dir='ltr'><strong>Quamvis</strong></span> <span class='ocrx_word' id='word_1_81' title='bbox 761 1250 926 1313; x_wconf 73' lang='lat' dir='ltr'><strong>igitur</strong></span> <span class='ocrx_word' id='word_1_82' title='bbox 953 1245 1200 1302; x_wconf 89' lang='lat' dir='ltr'><strong>Christus</strong></span> <span class='ocrx_word' id='word_1_83' title='bbox 1249 1241 1538 1298; x_wconf 76' lang='lat' dir='ltr'><strong>descendat</strong></span> <span class='ocrx_word' id='word_1_84' title='bbox 1562 1246 1655 1292; x_wconf 90' lang='lat' dir='ltr'><strong>aut</strong></span> <span class='ocrx_word' id='word_1_85' title='bbox 1682 1237 1748 1290; x_wconf 87' lang='lat' dir='ltr'><strong>ad</strong></span> <span class='ocrx_word' id='word_1_86' title='bbox 1780 1236 2031 1290; x_wconf 88' lang='lat' dir='ltr'><strong>homines</strong></span> 
     </span>
    </p>
   </div>
   <div class='ocr_carea' id='block_1_14' title="bbox 460 1325 2031 1401">
    <p class='ocr_par' dir='ltr' id='par_1_14' title="bbox 460 1325 2031 1401">
     <span class='ocr_line' id='line_1_14' title="bbox 460 1325 2031 1401; baseline -0.013 -5"><span class='ocrx_word' id='word_1_87' title='bbox 460 1341 690 1398; x_wconf 78' lang='lat' dir='ltr'><strong>accedat</strong></span> <span class='ocrx_word' id='word_1_88' title='bbox 721 1339 884 1401; x_wconf 84' lang='lat' dir='ltr'><strong>Deus,</strong></span> <span class='ocrx_word' id='word_1_89' title='bbox 932 1349 1040 1389; x_wconf 90' lang='lat' dir='ltr'><strong>non</strong></span> <span class='ocrx_word' id='word_1_90' title='bbox 1089 1332 1349 1388; x_wconf 92' lang='lat' dir='ltr'><strong>continuo</strong></span> <span class='ocrx_word' id='word_1_91' title='bbox 1399 1330 1498 1400; x_wconf 90' lang='lat' dir='ltr'><strong>ipsi</strong></span> <span class='ocrx_word' id='word_1_92' title='bbox 1529 1326 1704 1396; x_wconf 85' lang='lat' dir='ltr'><strong>major</strong></span> <span class='ocrx_word' id='word_1_93' title='bbox 1733 1325 2031 1380; x_wconf 89' lang='lat' dir='ltr'><strong>deserenda</strong></span> 
     </span>
    </p>
   </div>
   <div class='ocr_carea' id='block_1_15' title="bbox 462 1415 2031 1496">
    <p class='ocr_par' dir='ltr' id='par_1_15' title="bbox 462 1415 2031 1496">
     <span class='ocr_line' id='line_1_15' title="bbox 462 1415 2031 1496; baseline -0.014 -7"><span class='ocrx_word' id='word_1_94' title='bbox 462 1435 619 1490; x_wconf 85' lang='lat' dir='ltr'><strong>sedes</strong></span> <span class='ocrx_word' id='word_1_95' title='bbox 658 1431 780 1496; x_wconf 82' lang='lat' dir='ltr'><strong>fuit,</strong></span> <span class='ocrx_word' id='word_1_96' title='bbox 815 1440 907 1482; x_wconf 89' lang='lat' dir='ltr'><strong>aut</strong></span> <span class='ocrx_word' id='word_1_97' title='bbox 945 1440 1170 1482; x_wconf 89' lang='lat' dir='ltr'><strong>necesse</strong></span> <span class='ocrx_word' id='word_1_98' title='bbox 1198 1432 1282 1479; x_wconf 91' lang='lat' dir='ltr'><strong>est</strong></span> <span class='ocrx_word' id='word_1_99' title='bbox 1314 1431 1373 1477; x_wconf 92' lang='lat' dir='ltr'><strong>ut</strong></span> <span class='ocrx_word' id='word_1_100' title='bbox 1402 1421 1491 1476; x_wconf 90' lang='lat' dir='ltr'><strong>hic</strong></span> <span class='ocrx_word' id='word_1_101' title='bbox 1523 1425 1799 1474; x_wconf 83' lang='lat' dir='ltr'><strong>mutentur</strong></span> <span class='ocrx_word' id='word_1_102' title='bbox 1828 1415 2031 1471; x_wconf 87' lang='lat' dir='ltr'><strong>omnia.</strong></span> 
     </span>
    </p>
   </div>
   <div class='ocr_carea' id='block_1_16' title="bbox 464 1505 2033 1596">
    <p class='ocr_par' dir='ltr' id='par_1_16' title="bbox 464 1505 2033 1596">
     <span class='ocr_line' id='line_1_16' title="bbox 464 1505 2033 1596; baseline -0.017 -11"><span class='ocrx_word' id='word_1_103' title='bbox 464 1529 618 1596; x_wconf 84' lang='lat' dir='ltr'><strong>Quod</strong></span> <span class='ocrx_word' id='word_1_104' title='bbox 672 1536 848 1581; x_wconf 89' lang='lat' dir='ltr'><strong>tamen</strong></span> <span class='ocrx_word' id='word_1_105' title='bbox 902 1522 1182 1594; x_wconf 88' lang='lat' dir='ltr'><strong>opinatum</strong></span> <span class='ocrx_word' id='word_1_106' title='bbox 1240 1517 1406 1570; x_wconf 84' lang='lat' dir='ltr'><strong>fuisse</strong></span> <span class='ocrx_word' id='word_1_107' title='bbox 1464 1511 1679 1568; x_wconf 86' lang='lat' dir='ltr'><strong>Celsum</strong></span> <span class='ocrx_word' id='word_1_108' title='bbox 1737 1509 1855 1563; x_wconf 59' lang='lat' dir='ltr'><strong>haec</strong></span> <span class='ocrx_word' id='word_1_109' title='bbox 1914 1505 2033 1574; x_wconf 87' lang='lat' dir='ltr'><strong>ejus</strong></span> 
     </span>
    </p>
   </div>
   <div class='ocr_carea' id='block_1_17' title="bbox 463 1596 2035 1677">
    <p class='ocr_par' dir='ltr' id='par_1_17' title="bbox 463 1596 2035 1677">
     <span class='ocr_line' id='line_1_17' title="bbox 463 1596 2035 1677; baseline -0.017 -2"><span class='ocrx_word' id='word_1_110' title='bbox 463 1623 630 1677; x_wconf 84' lang='lat' dir='ltr'><strong>verba</strong></span> <span class='ocrx_word' id='word_1_111' title='bbox 664 1618 946 1673; x_wconf 88' lang='lat' dir='ltr'><strong>indicant:</strong></span> <span class='ocrx_word' id='word_1_112' title='bbox 985 1632 1003 1665; x_wconf 86' lang='grc' dir='ltr'>ι</span> <span class='ocrx_word' id='word_1_113' title='bbox 1040 1612 1097 1667; x_wconf 89' lang='lat' dir='ltr'><strong>Si</strong></span> <span class='ocrx_word' id='word_1_114' title='bbox 1133 1609 1277 1665; x_wconf 89' lang='lat' dir='ltr'><strong>enim</strong></span> <span class='ocrx_word' id='word_1_115' title='bbox 1327 1606 1415 1662; x_wconf 88' lang='lat' dir='ltr'><strong>hic</strong></span> <span class='ocrx_word' id='word_1_116' title='bbox 1453 1618 1620 1660; x_wconf 90' lang='lat' dir='ltr'><strong>unum</strong></span> <span class='ocrx_word' id='word_1_117' title='bbox 1662 1600 1794 1670; x_wconf 91' lang='lat' dir='ltr'><strong>quid</strong></span> <span class='ocrx_word' id='word_1_118' title='bbox 1825 1597 1910 1652; x_wconf 90' lang='lat' dir='ltr'><strong>vel</strong></span> <span class='ocrx_word' id='word_1_119' title='bbox 1956 1596 2035 1650; x_wconf 89' lang='lat' dir='ltr'><strong>le-</strong></span> 
     </span>
    </p>
   </div>
   <div class='ocr_carea' id='block_1_18' title="bbox 462 1684 2032 1766">
    <p class='ocr_par' dir='ltr' id='par_1_18' title="bbox 462 1684 2032 1766">
     <span class='ocr_line' id='line_1_18' title="bbox 462 1684 2032 1766; baseline -0.015 -3"><span class='ocrx_word' id='word_1_120' title='bbox 462 1709 744 1766; x_wconf 89' lang='lat' dir='ltr'><strong>vissimum</strong></span> <span class='ocrx_word' id='word_1_121' title='bbox 768 1702 1084 1766; x_wconf 86' lang='lat' dir='ltr'><strong>mutaveris,</strong></span> <span class='ocrx_word' id='word_1_122' title='bbox 1112 1699 1375 1755; x_wconf 83' lang='lat' dir='ltr'><strong>subversa</strong></span> <span class='ocrx_word' id='word_1_123' title='bbox 1405 1703 1564 1750; x_wconf 91' lang='lat' dir='ltr'><strong>ruent</strong></span> <span class='ocrx_word' id='word_1_124' title='bbox 1591 1691 1793 1747; x_wconf 86' lang='lat' dir='ltr'><strong>omnia.</strong></span> <span class='ocrx_word' id='word_1_125' title='bbox 1834 1707 1852 1741; x_wconf 75' lang='grc' dir='ltr'><strong>ι</strong></span> <span class='ocrx_word' id='word_1_126' title='bbox 1881 1684 2032 1755; x_wconf 85' lang='lat' dir='ltr'><strong>Quod</strong></span> 
     </span>
    </p>
   </div>
   <div class='ocr_carea' id='block_1_19' title="bbox 463 1784 2035 1874">
    <p class='ocr_par' dir='ltr' id='par_1_19' title="bbox 463 1784 2035 1874">
     <span class='ocr_line' id='line_1_19' title="bbox 463 1784 2035 1874; baseline -0.016 -14"><span class='ocrx_word' id='word_1_127' title='bbox 463 1805 511 1859; x_wconf 91' lang='lat' dir='ltr'><strong>si</strong></span> <span class='ocrx_word' id='word_1_128' title='bbox 557 1800 867 1874; x_wconf 86' lang='lat' dir='ltr'><strong>quempiam</strong></span> <span class='ocrx_word' id='word_1_129' title='bbox 912 1811 1011 1866; x_wconf 84' lang='lat' dir='ltr'><strong>per</strong></span> <span class='ocrx_word' id='word_1_130' title='bbox 1059 1791 1408 1865; x_wconf 68' lang='lat' dir='ltr'><strong>praesentiam</strong></span> <span class='ocrx_word' id='word_1_131' title='bbox 1451 1786 1669 1842; x_wconf 89' lang='lat' dir='ltr'><strong>virtutis</strong></span> <span class='ocrx_word' id='word_1_132' title='bbox 1707 1784 1802 1840; x_wconf 91' lang='lat' dir='ltr'><strong>Dei</strong></span> <span class='ocrx_word' id='word_1_133' title='bbox 1836 1791 1891 1838; x_wconf 92' lang='lat' dir='ltr'><strong>et</strong></span> <span class='ocrx_word' id='word_1_134' title='bbox 1940 1796 2035 1852; x_wconf 89' lang='lat' dir='ltr'><strong>per</strong></span> 
     </span>
    </p>
   </div>
   <div class='ocr_carea' id='block_1_20' title="bbox 463 1879 2034 1951">
    <p class='ocr_par' dir='ltr' id='par_1_20' title="bbox 463 1879 2034 1951">
     <span class='ocr_line' id='line_1_20' title="bbox 463 1879 2034 1951; baseline -0.013 -4"><span class='ocrx_word' id='word_1_135' title='bbox 463 1895 629 1951; x_wconf 79' lang='lat' dir='ltr'><strong>Verbi</strong></span> <span class='ocrx_word' id='word_1_136' title='bbox 659 1894 802 1950; x_wconf 89' lang='lat' dir='ltr'><strong>inter</strong></span> <span class='ocrx_word' id='word_1_137' title='bbox 826 1887 1075 1945; x_wconf 89' lang='lat' dir='ltr'><strong>homines</strong></span> <span class='ocrx_word' id='word_1_138' title='bbox 1106 1885 1398 1940; x_wconf 86' lang='lat' dir='ltr'><strong>adventum</strong></span> <span class='ocrx_word' id='word_1_139' title='bbox 1424 1879 1531 1935; x_wconf 89' lang='lat' dir='ltr'><strong>dici</strong></span> <span class='ocrx_word' id='word_1_140' title='bbox 1567 1886 1830 1932; x_wconf 90' lang='lat' dir='ltr'><strong>mutatum</strong></span> <span class='ocrx_word' id='word_1_141' title='bbox 1870 1889 2034 1944; x_wconf 84' lang='lat' dir='ltr'><strong>opor-</strong></span> 
     </span>
    </p>
   </div>
   <div class='ocr_carea' id='block_1_21' title="bbox 465 1968 2036 2050">
    <p class='ocr_par' dir='ltr' id='par_1_21' title="bbox 465 1968 2036 2050">
     <span class='ocr_line' id='line_1_21' title="bbox 465 1968 2036 2050; baseline -0.014 -8"><span class='ocrx_word' id='word_1_142' title='bbox 465 1995 602 2050; x_wconf 79' lang='lat' dir='ltr'><strong>teat,</strong></span> <span class='ocrx_word' id='word_1_143' title='bbox 632 1985 814 2041; x_wconf 90' lang='lat' dir='ltr'><strong>dicere</strong></span> <span class='ocrx_word' id='word_1_144' title='bbox 841 1995 952 2036; x_wconf 89' lang='lat' dir='ltr'><strong>non</strong></span> <span class='ocrx_word' id='word_1_145' title='bbox 999 1977 1311 2034; x_wconf 85' lang='lat' dir='ltr'><strong>verebimur</strong></span> <span class='ocrx_word' id='word_1_146' title='bbox 1347 1989 1379 2030; x_wconf 89' lang='lat' dir='ltr'><strong>e</strong></span> <span class='ocrx_word' id='word_1_147' title='bbox 1427 1973 1567 2028; x_wconf 89' lang='lat' dir='ltr'><strong>bono</strong></span> <span class='ocrx_word' id='word_1_148' title='bbox 1613 1971 1668 2025; x_wconf 92' lang='lat' dir='ltr'><strong>in</strong></span> <span class='ocrx_word' id='word_1_149' title='bbox 1713 1968 1934 2032; x_wconf 89' lang='lat' dir='ltr'><strong>malum,</strong></span> <span class='ocrx_word' id='word_1_150' title='bbox 1968 1981 2036 2021; x_wconf 78' lang='lat' dir='ltr'><strong>ex</strong></span> 
     </span>
    </p>
   </div>
   <div class='ocr_carea' id='block_1_22' title="bbox 466 2057 2034 2141">
    <p class='ocr_par' dir='ltr' id='par_1_22' title="bbox 466 2057 2034 2141">
     <span class='ocr_line' id='line_1_22' title="bbox 466 2057 2034 2141; baseline -0.015 -8"><span class='ocrx_word' id='word_1_151' title='bbox 466 2077 757 2133; x_wconf 86' lang='lat' dir='ltr'><strong>libidinoso</strong></span> <span class='ocrx_word' id='word_1_152' title='bbox 789 2073 843 2128; x_wconf 90' lang='lat' dir='ltr'><strong>in</strong></span> <span class='ocrx_word' id='word_1_153' title='bbox 879 2075 1297 2141; x_wconf 88' lang='lat' dir='ltr'><strong>temperantem,</strong></span> <span class='ocrx_word' id='word_1_154' title='bbox 1330 2078 1364 2119; x_wconf 91' lang='lat' dir='ltr'><strong>e</strong></span> <span class='ocrx_word' id='word_1_155' title='bbox 1398 2059 1777 2134; x_wconf 86' lang='lat' dir='ltr'><strong>superstitioso</strong></span> <span class='ocrx_word' id='word_1_156' title='bbox 1808 2058 1860 2112; x_wconf 94' lang='lat' dir='ltr'><strong>in</strong></span> <span class='ocrx_word' id='word_1_157' title='bbox 1885 2057 2034 2127; x_wconf 92' lang='lat' dir='ltr'><strong>pium</strong></span> 
     </span>
    </p>
   </div>
   <div class='ocr_carea' id='block_1_23' title="bbox 465 2149 2034 2238">
    <p class='ocr_par' dir='ltr' id='par_1_23' title="bbox 465 2149 2034 2238">
     <span class='ocr_line' id='line_1_23' title="bbox 465 2149 2034 2238; baseline -0.015 -12"><span class='ocrx_word' id='word_1_158' title='bbox 465 2169 690 2234; x_wconf 88' lang='lat' dir='ltr'><strong>mutari,</strong></span> <span class='ocrx_word' id='word_1_159' title='bbox 725 2167 1032 2238; x_wconf 91' lang='lat' dir='ltr'><strong>quicunque</strong></span> <span class='ocrx_word' id='word_1_160' title='bbox 1066 2160 1162 2216; x_wconf 89' lang='lat' dir='ltr'><strong>Dei</strong></span> <span class='ocrx_word' id='word_1_161' title='bbox 1211 2157 1447 2217; x_wconf 81' lang='lat' dir='ltr'><strong>Verbum</strong></span> <span class='ocrx_word' id='word_1_162' title='bbox 1497 2155 1552 2210; x_wconf 92' lang='lat' dir='ltr'><strong>in</strong></span> <span class='ocrx_word' id='word_1_163' title='bbox 1600 2167 1753 2210; x_wconf 88' lang='lat' dir='ltr'><strong>suam</strong></span> <span class='ocrx_word' id='word_1_164' title='bbox 1799 2149 2034 2206; x_wconf 89' lang='lat' dir='ltr'><strong>animam</strong></span> 
     </span>
    </p>
   </div>
   <div class='ocr_carea' id='block_1_24' title="bbox 463 2256 936 2327">
    <p class='ocr_par' dir='ltr' id='par_1_24' title="bbox 463 2256 936 2327">
     <span class='ocr_line' id='line_1_24' title="bbox 463 2256 936 2327; baseline -0.015 -9"><span class='ocrx_word' id='word_1_165' title='bbox 463 2262 691 2320; x_wconf 88' lang='lat' dir='ltr'><strong>veniens</strong></span> <span class='ocrx_word' id='word_1_166' title='bbox 718 2256 936 2327; x_wconf 89' lang='lat' dir='ltr'><strong>recepit.</strong></span> 
     </span>
    </p>
   </div>
   <div class='ocr_carea' id='block_1_25' title="bbox 538 2335 2037 2417">
    <p class='ocr_par' dir='ltr' id='par_1_25' title="bbox 538 2335 2037 2417">
     <span class='ocr_line' id='line_1_25' title="bbox 538 2335 2037 2417; baseline -0.016 -7"><span class='ocrx_word' id='word_1_167' title='bbox 538 2354 594 2410; x_wconf 85' lang='lat'><strong>6.</strong></span> <span class='ocrx_word' id='word_1_168' title='bbox 633 2351 753 2408; x_wconf 87' lang='lat' dir='ltr'><strong>Jam</strong></span> <span class='ocrx_word' id='word_1_169' title='bbox 801 2349 846 2405; x_wconf 92' lang='lat' dir='ltr'><strong>si</strong></span> <span class='ocrx_word' id='word_1_170' title='bbox 877 2343 1118 2417; x_wconf 87' lang='lat' dir='ltr'><strong>postules</strong></span> <span class='ocrx_word' id='word_1_171' title='bbox 1165 2349 1223 2398; x_wconf 87' lang='lat' dir='ltr'><strong>ut</strong></span> <span class='ocrx_word' id='word_1_172' title='bbox 1251 2335 1418 2397; x_wconf 85' lang='lat' dir='ltr'><strong>etiam</strong></span> <span class='ocrx_word' id='word_1_173' title='bbox 1465 2339 1532 2394; x_wconf 91' lang='lat' dir='ltr'><strong>iis</strong></span> <span class='ocrx_word' id='word_1_174' title='bbox 1578 2348 1883 2399; x_wconf 81' lang='lat' dir='ltr'><strong>occurram,</strong></span> <span class='ocrx_word' id='word_1_175' title='bbox 1915 2347 2037 2403; x_wconf 68' lang='lat' dir='ltr'><strong>quae</strong></span> 
     </span>
    </p>
   </div>
   <div class='ocr_carea' id='block_1_26' title="bbox 462 2425 2038 2502">
    <p class='ocr_par' dir='ltr' id='par_1_26' title="bbox 462 2425 2038 2502">
     <span class='ocr_line' id='line_1_26' title="bbox 462 2425 2038 2502; baseline -0.015 0"><span class='ocrx_word' id='word_1_176' title='bbox 462 2447 702 2502; x_wconf 81' lang='lat' dir='ltr'><strong>maxime</strong></span> <span class='ocrx_word' id='word_1_177' title='bbox 740 2440 969 2497; x_wconf 85' lang='lat' dir='ltr'><strong>ridicula</strong></span> <span class='ocrx_word' id='word_1_178' title='bbox 1013 2445 1160 2502; x_wconf 89' lang='lat' dir='ltr'><strong>sunt,</strong></span> <span class='ocrx_word' id='word_1_179' title='bbox 1209 2436 1331 2490; x_wconf 90' lang='lat' dir='ltr'><strong>audi</strong></span> <span class='ocrx_word' id='word_1_180' title='bbox 1365 2432 1579 2490; x_wconf 87' lang='lat' dir='ltr'><strong>Celsum</strong></span> <span class='ocrx_word' id='word_1_181' title='bbox 1612 2449 1627 2486; x_wconf 89' lang='lat'><strong>:</strong></span> <span class='ocrx_word' id='word_1_182' title='bbox 1669 2446 1689 2480; x_wconf 77' lang='grc' dir='ltr'>ι</span> <span class='ocrx_word' id='word_1_183' title='bbox 1729 2428 1871 2492; x_wconf 87' lang='lat' dir='ltr'><strong>Deus</strong></span> <span class='ocrx_word' id='word_1_184' title='bbox 1901 2425 2038 2479; x_wconf 81' lang='lat' dir='ltr'><strong>forte</strong></span> 
     </span>
    </p>
   </div>
   <div class='ocr_carea' id='block_1_27' title="bbox 463 2517 2034 2604">
    <p class='ocr_par' dir='ltr' id='par_1_27' title="bbox 463 2517 2034 2604">
     <span class='ocr_line' id='line_1_27' title="bbox 463 2517 2034 2604; baseline -0.017 -11"><span class='ocrx_word' id='word_1_185' title='bbox 463 2536 776 2594; x_wconf 76' lang='lat' dir='ltr'><strong>hominibus</strong></span> <span class='ocrx_word' id='word_1_186' title='bbox 833 2533 1089 2604; x_wconf 84' lang='lat' dir='ltr'><strong>ignotus,</strong></span> <span class='ocrx_word' id='word_1_187' title='bbox 1140 2537 1196 2583; x_wconf 86' lang='lat' dir='ltr'><strong>et</strong></span> <span class='ocrx_word' id='word_1_188' title='bbox 1251 2533 1539 2596; x_wconf 88' lang='lat' dir='ltr'><strong>propterea</strong></span> <span class='ocrx_word' id='word_1_189' title='bbox 1591 2521 1694 2576; x_wconf 91' lang='lat' dir='ltr'><strong>sibi</strong></span> <span class='ocrx_word' id='word_1_190' title='bbox 1759 2517 2034 2587; x_wconf 88' lang='lat' dir='ltr'><strong>quidpiam</strong></span> 
     </span>
    </p>
   </div>
   <div class='ocr_carea' id='block_1_28' title="bbox 463 2607 2038 2690">
    <p class='ocr_par' dir='ltr' id='par_1_28' title="bbox 463 2607 2038 2690">
     <span class='ocr_line' id='line_1_28' title="bbox 463 2607 2038 2690; baseline -0.016 -5"><span class='ocrx_word' id='word_1_191' title='bbox 463 2632 654 2685; x_wconf 89' lang='lat' dir='ltr'><strong>deesse</strong></span> <span class='ocrx_word' id='word_1_192' title='bbox 681 2626 996 2687; x_wconf 86' lang='lat' dir='ltr'><strong>arbitratus,</strong></span> <span class='ocrx_word' id='word_1_193' title='bbox 1032 2619 1283 2690; x_wconf 80' lang='lat' dir='ltr'><strong>cognosci</strong></span> <span class='ocrx_word' id='word_1_194' title='bbox 1317 2615 1518 2673; x_wconf 89' lang='lat' dir='ltr'><strong>abillis</strong></span> <span class='ocrx_word' id='word_1_195' title='bbox 1547 2612 1718 2668; x_wconf 90' lang='lat' dir='ltr'><strong>voluit</strong></span> <span class='ocrx_word' id='word_1_196' title='bbox 1754 2620 1810 2666; x_wconf 91' lang='lat' dir='ltr'><strong>et</strong></span> <span class='ocrx_word' id='word_1_197' title='bbox 1851 2607 2038 2677; x_wconf 82' lang='lat' dir='ltr'><strong>explo-</strong></span> 
     </span>
    </p>
   </div>
   <div class='ocr_carea' id='block_1_29' title="bbox 463 2701 2036 2790">
    <p class='ocr_par' dir='ltr' id='par_1_29' title="bbox 463 2701 2036 2790">
     <span class='ocr_line' id='line_1_29' title="bbox 463 2701 2036 2790; baseline -0.017 -12"><span class='ocrx_word' id='word_1_198' title='bbox 463 2737 588 2779; x_wconf 88' lang='lat' dir='ltr'><strong>rare</strong></span> <span class='ocrx_word' id='word_1_199' title='bbox 625 2719 718 2790; x_wconf 88' lang='lat' dir='ltr'><strong>qui</strong></span> <span class='ocrx_word' id='word_1_200' title='bbox 749 2716 1059 2779; x_wconf 90' lang='lat' dir='ltr'><strong>crederent,</strong></span> <span class='ocrx_word' id='word_1_201' title='bbox 1092 2711 1182 2782; x_wconf 92' lang='lat' dir='ltr'><strong>qui</strong></span> <span class='ocrx_word' id='word_1_202' title='bbox 1215 2716 1398 2765; x_wconf 91' lang='lat' dir='ltr'><strong>essent</strong></span> <span class='ocrx_word' id='word_1_203' title='bbox 1431 2703 1719 2761; x_wconf 88' lang='lat' dir='ltr'><strong>increduli.</strong></span> <span class='ocrx_word' id='word_1_204' title='bbox 1755 2701 1907 2756; x_wconf 84' lang='lat' dir='ltr'><strong>Haud</strong></span> <span class='ocrx_word' id='word_1_205' title='bbox 1950 2713 2036 2753; x_wconf 84' lang='lat' dir='ltr'><strong>se-</strong></span> 
     </span>
    </p>
   </div>
   <div class='ocr_carea' id='block_1_30' title="bbox 462 2787 2033 2877">
    <p class='ocr_par' dir='ltr' id='par_1_30' title="bbox 462 2787 2033 2877">
     <span class='ocr_line' id='line_1_30' title="bbox 462 2787 2033 2877; baseline -0.018 -7"><span class='ocrx_word' id='word_1_206' title='bbox 462 2829 561 2870; x_wconf 90' lang='lat' dir='ltr'><strong>cus</strong></span> <span class='ocrx_word' id='word_1_207' title='bbox 591 2827 655 2866; x_wconf 91' lang='lat' dir='ltr'><strong>ac</strong></span> <span class='ocrx_word' id='word_1_208' title='bbox 694 2810 755 2874; x_wconf 91' lang='lat' dir='ltr'><strong>ii,</strong></span> <span class='ocrx_word' id='word_1_209' title='bbox 782 2807 873 2877; x_wconf 92' lang='lat' dir='ltr'><strong>qui</strong></span> <span class='ocrx_word' id='word_1_210' title='bbox 915 2805 1059 2860; x_wconf 89' lang='lat' dir='ltr'><strong>inter</strong></span> <span class='ocrx_word' id='word_1_211' title='bbox 1088 2802 1336 2859; x_wconf 91' lang='lat' dir='ltr'><strong>homines</strong></span> <span class='ocrx_word' id='word_1_212' title='bbox 1378 2797 1585 2867; x_wconf 89' lang='lat' dir='ltr'><strong>amplas</strong></span> <span class='ocrx_word' id='word_1_213' title='bbox 1623 2807 1814 2850; x_wconf 90' lang='lat' dir='ltr'><strong>recens</strong></span> <span class='ocrx_word' id='word_1_214' title='bbox 1854 2787 2033 2859; x_wconf 86' lang='lat' dir='ltr'><strong>adepti</strong></span> 
     </span>
    </p>
   </div>
   <div class='ocr_carea' id='block_1_31' title="bbox 462 2881 2038 2966">
    <p class='ocr_par' dir='ltr' id='par_1_31' title="bbox 462 2881 2038 2966">
     <span class='ocr_line' id='line_1_31' title="bbox 462 2881 2038 2966; baseline -0.019 -4"><span class='ocrx_word' id='word_1_215' title='bbox 462 2917 591 2963; x_wconf 88' lang='lat' dir='ltr'><strong>sunt</strong></span> <span class='ocrx_word' id='word_1_216' title='bbox 637 2903 947 2966; x_wconf 80' lang='lat' dir='ltr'><strong>facultates,</strong></span> <span class='ocrx_word' id='word_1_217' title='bbox 991 2904 1270 2953; x_wconf 89' lang='lat' dir='ltr'><strong>ostentare</strong></span> <span class='ocrx_word' id='word_1_218' title='bbox 1303 2891 1424 2948; x_wconf 91' lang='lat' dir='ltr'><strong>illas</strong></span> <span class='ocrx_word' id='word_1_219' title='bbox 1471 2888 1668 2951; x_wconf 84' lang='lat' dir='ltr'><strong>solent,</strong></span> <span class='ocrx_word' id='word_1_220' title='bbox 1706 2886 1894 2953; x_wconf 83' lang='lat' dir='ltr'><strong>sicque</strong></span> <span class='ocrx_word' id='word_1_221' title='bbox 1940 2881 2038 2934; x_wconf 77' lang='lat' dir='ltr'><strong>ad-</strong></span> 
     </span>
    </p>
   </div>
   <div class='ocr_carea' id='block_1_32' title="bbox 462 2971 2035 3054">
    <p class='ocr_par' dir='ltr' id='par_1_32' title="bbox 462 2971 2035 3054">
     <span class='ocr_line' id='line_1_32' title="bbox 462 2971 2035 3054; baseline -0.019 0"><span class='ocrx_word' id='word_1_222' title='bbox 462 3012 656 3054; x_wconf 90' lang='lat' dir='ltr'><strong>versus</strong></span> <span class='ocrx_word' id='word_1_223' title='bbox 701 2996 868 3050; x_wconf 89' lang='lat' dir='ltr'><strong>Deum</strong></span> <span class='ocrx_word' id='word_1_224' title='bbox 917 2989 1311 3052; x_wconf 75' lang='lat' dir='ltr'><strong>testiﬁcantur,</strong></span> <span class='ocrx_word' id='word_1_225' title='bbox 1359 2984 1510 3039; x_wconf 90' lang='lat' dir='ltr'><strong>illum</strong></span> <span class='ocrx_word' id='word_1_226' title='bbox 1558 2979 1716 3035; x_wconf 91' lang='lat' dir='ltr'><strong>valde</strong></span> <span class='ocrx_word' id='word_1_227' title='bbox 1773 2971 2035 3031; x_wconf 87' lang='lat' dir='ltr'><strong>delectari</strong></span> 
     </span>
    </p>
   </div>
   <div class='ocr_carea' id='block_1_33' title="bbox 461 3064 2033 3158">
    <p class='ocr_par' dir='ltr' id='par_1_33' title="bbox 461 3064 2033 3158">
     <span class='ocr_line' id='line_1_33' title="bbox 461 3064 2033 3158; baseline -0.019 -11"><span class='ocrx_word' id='word_1_228' title='bbox 461 3088 680 3146; x_wconf 89' lang='lat' dir='ltr'><strong>mortali</strong></span> <span class='ocrx_word' id='word_1_229' title='bbox 715 3085 914 3158; x_wconf 80' lang='lat' dir='ltr'><strong>gloria.</strong></span> <span class='ocrx_word' id='word_1_230' title='bbox 971 3102 990 3136; x_wconf 75' lang='grc' dir='ltr'><strong>ι</strong></span> <span class='ocrx_word' id='word_1_231' title='bbox 1023 3080 1288 3150; x_wconf 81' lang='lat' dir='ltr'><strong>Equidem</strong></span> <span class='ocrx_word' id='word_1_232' title='bbox 1338 3075 1512 3131; x_wconf 73' lang='lat' dir='ltr'><strong>fateor</strong></span> <span class='ocrx_word' id='word_1_233' title='bbox 1556 3073 1724 3128; x_wconf 88' lang='lat' dir='ltr'><strong>Deum</strong></span> <span class='ocrx_word' id='word_1_234' title='bbox 1774 3064 2033 3136; x_wconf 90' lang='lat' dir='ltr'><strong>improbis</strong></span> 
     </span>
    </p>
   </div>
   <div class='ocr_carea' id='block_1_34' title="bbox 464 3159 2104 3248">
    <p class='ocr_par' dir='ltr' id='par_1_34' title="bbox 464 3159 2104 3248">
     <span class='ocr_line' id='line_1_34' title="bbox 464 3159 2104 3248; baseline -0.02 -10"><span class='ocrx_word' id='word_1_235' title='bbox 464 3182 776 3240; x_wconf 90' lang='lat' dir='ltr'><strong>hominibus</strong></span> <span class='ocrx_word' id='word_1_236' title='bbox 818 3179 1064 3248; x_wconf 81' lang='lat' dir='ltr'><strong>ignotum</strong></span> <span class='ocrx_word' id='word_1_237' title='bbox 1119 3173 1287 3226; x_wconf 82' lang='lat' dir='ltr'><strong>fuisse</strong></span> <span class='ocrx_word' id='word_1_238' title='bbox 1315 3178 1369 3223; x_wconf 93' lang='lat' dir='ltr'><strong>et</strong></span> <span class='ocrx_word' id='word_1_239' title='bbox 1407 3168 1474 3220; x_wconf 91' lang='lat' dir='ltr'><strong>ab</strong></span> <span class='ocrx_word' id='word_1_240' title='bbox 1517 3164 1623 3218; x_wconf 91' lang='lat' dir='ltr'><strong>illis</strong></span> <span class='ocrx_word' id='word_1_241' title='bbox 1672 3159 1906 3216; x_wconf 78' lang='lat' dir='ltr'><strong>voluisse</strong></span> <span class='ocrx_word' id='word_1_242' title='bbox 1943 3169 2104 3241; x_wconf 53' lang='grc' dir='ltr'><strong>θοοῦ</strong></span> 
     </span>
    </p>
   </div>
   <div class='ocr_carea' id='block_1_35' title="bbox 457 3253 2031 3346">
    <p class='ocr_par' dir='ltr' id='par_1_35' title="bbox 457 3253 2031 3346">
     <span class='ocr_line' id='line_1_35' title="bbox 457 3253 2031 3346; baseline -0.02 -15"><span class='ocrx_word' id='word_1_243' title='bbox 457 3274 683 3346; x_wconf 83' lang='lat' dir='ltr'><strong>gnosci;</strong></span> <span class='ocrx_word' id='word_1_244' title='bbox 739 3286 846 3325; x_wconf 92' lang='lat' dir='ltr'><strong>non</strong></span> <span class='ocrx_word' id='word_1_245' title='bbox 887 3267 1030 3338; x_wconf 89' lang='lat' dir='ltr'><strong>quod</strong></span> <span class='ocrx_word' id='word_1_246' title='bbox 1066 3263 1242 3332; x_wconf 88' lang='lat' dir='ltr'><strong>aliqua</strong></span> <span class='ocrx_word' id='word_1_247' title='bbox 1275 3274 1334 3315; x_wconf 89' lang='lat' dir='ltr'><strong>re</strong></span> <span class='ocrx_word' id='word_1_248' title='bbox 1373 3258 1530 3313; x_wconf 83' lang='lat' dir='ltr'><strong>deﬁci</strong></span> <span class='ocrx_word' id='word_1_249' title='bbox 1574 3255 1679 3310; x_wconf 90' lang='lat' dir='ltr'><strong>sibi</strong></span> <span class='ocrx_word' id='word_1_250' title='bbox 1717 3253 2031 3314; x_wconf 88' lang='lat' dir='ltr'><strong>videretur;</strong></span> 
     </span>
    </p>
   </div>
   <div class='ocr_carea' id='block_1_36' title="bbox 458 3344 2032 3434">
    <p class='ocr_par' dir='ltr' id='par_1_36' title="bbox 458 3344 2032 3434">
     <span class='ocr_line' id='line_1_36' title="bbox 458 3344 2032 3434; baseline -0.017 -12"><span class='ocrx_word' id='word_1_251' title='bbox 458 3344 558 3424; x_wconf 71' lang='lat' dir='ltr'><strong>sed</strong></span> <span class='ocrx_word' id='word_1_252' title='bbox 585 3374 664 3432; x_wconf 91' lang='lat' dir='ltr'><strong>ut,</strong></span> <span class='ocrx_word' id='word_1_253' title='bbox 690 3365 781 3434; x_wconf 90' lang='lat' dir='ltr'><strong>qui</strong></span> <span class='ocrx_word' id='word_1_254' title='bbox 817 3366 1229 3432; x_wconf 81' lang='lat' dir='ltr'><strong>cognoscerent,</strong></span> <span class='ocrx_word' id='word_1_255' title='bbox 1259 3368 1326 3408; x_wconf 84' lang='lat' dir='ltr'><strong>ex</strong></span> <span class='ocrx_word' id='word_1_256' title='bbox 1358 3347 1594 3405; x_wconf 88' lang='lat' dir='ltr'><strong>miseriis</strong></span> <span class='ocrx_word' id='word_1_257' title='bbox 1639 3344 2032 3400; x_wconf 77' lang='lat' dir='ltr'><strong>eximerentur.</strong></span> 
     </span>
    </p>
   </div>
   <div class='ocr_carea' id='block_1_37' title="bbox 461 3434 2034 3530">
    <p class='ocr_par' dir='ltr' id='par_1_37' title="bbox 461 3434 2034 3530">
     <span class='ocr_line' id='line_1_37' title="bbox 461 3434 2034 3530; baseline -0.021 -14"><span class='ocrx_word' id='word_1_258' title='bbox 461 3460 649 3530; x_wconf 82' lang='lat' dir='ltr'><strong>Neque</strong></span> <span class='ocrx_word' id='word_1_259' title='bbox 674 3456 844 3512; x_wconf 86' lang='lat' dir='ltr'><strong>etiam</strong></span> <span class='ocrx_word' id='word_1_260' title='bbox 891 3467 1012 3508; x_wconf 91' lang='lat' dir='ltr'><strong>cum</strong></span> <span class='ocrx_word' id='word_1_261' title='bbox 1039 3463 1236 3505; x_wconf 89' lang='lat' dir='ltr'><strong>arcana</strong></span> <span class='ocrx_word' id='word_1_262' title='bbox 1258 3445 1494 3516; x_wconf 86' lang='lat' dir='ltr'><strong>quadarn</strong></span> <span class='ocrx_word' id='word_1_263' title='bbox 1525 3447 1579 3494; x_wconf 91' lang='lat' dir='ltr'><strong>et</strong></span> <span class='ocrx_word' id='word_1_264' title='bbox 1611 3435 1790 3492; x_wconf 88' lang='lat' dir='ltr'><strong>divina</strong></span> <span class='ocrx_word' id='word_1_265' title='bbox 1833 3434 2034 3488; x_wconf 90' lang='lat' dir='ltr'><strong>virtute</strong></span> 
     </span>
    </p>
   </div>
   <div class='ocr_carea' id='block_1_38' title="bbox 463 3521 2033 3620">
    <p class='ocr_par' dir='ltr' id='par_1_38' title="bbox 463 3521 2033 3620">
     <span class='ocr_line' id='line_1_38' title="bbox 463 3521 2033 3620; baseline -0.021 -14"><span class='ocrx_word' id='word_1_266' title='bbox 463 3552 518 3606; x_wconf 90' lang='lat' dir='ltr'><strong>in</strong></span> <span class='ocrx_word' id='word_1_267' title='bbox 555 3521 820 3620; x_wconf 84' lang='lat' dir='ltr'><strong>quosdam</strong></span> <span class='ocrx_word' id='word_1_268' title='bbox 864 3541 1082 3600; x_wconf 84' lang='lat' dir='ltr'><strong>advenit</strong></span> <span class='ocrx_word' id='word_1_269' title='bbox 1108 3548 1200 3594; x_wconf 89' lang='lat' dir='ltr'><strong>aut</strong></span> <span class='ocrx_word' id='word_1_270' title='bbox 1232 3549 1388 3592; x_wconf 90' lang='lat' dir='ltr'><strong>suum</strong></span> <span class='ocrx_word' id='word_1_271' title='bbox 1425 3531 1701 3587; x_wconf 88' lang='lat' dir='ltr'><strong>Christum</strong></span> <span class='ocrx_word' id='word_1_272' title='bbox 1740 3523 1930 3586; x_wconf 91' lang='lat' dir='ltr'><strong>mittit,</strong></span> <span class='ocrx_word' id='word_1_273' title='bbox 1979 3521 2033 3575; x_wconf 92' lang='lat' dir='ltr'><strong>id</strong></span> 
     </span>
    </p>
   </div>
   <div class='ocr_carea' id='block_1_39' title="bbox 461 3615 2037 3708">
    <p class='ocr_par' dir='ltr' id='par_1_39' title="bbox 461 3615 2037 3708">
     <span class='ocr_line' id='line_1_39' title="bbox 461 3615 2037 3708; baseline -0.02 -10"><span class='ocrx_word' id='word_1_274' title='bbox 461 3615 592 3698; x_wconf 74' lang='lat' dir='ltr'><strong>facit</strong></span> <span class='ocrx_word' id='word_1_275' title='bbox 643 3649 702 3695; x_wconf 91' lang='lat' dir='ltr'><strong>ut</strong></span> <span class='ocrx_word' id='word_1_276' title='bbox 744 3637 987 3708; x_wconf 82' lang='lat' dir='ltr'><strong>exploret</strong></span> <span class='ocrx_word' id='word_1_277' title='bbox 1018 3634 1239 3704; x_wconf 90' lang='lat' dir='ltr'><strong>quinam</strong></span> <span class='ocrx_word' id='word_1_278' title='bbox 1285 3627 1510 3682; x_wconf 89' lang='lat' dir='ltr'><strong>credant</strong></span> <span class='ocrx_word' id='word_1_279' title='bbox 1552 3629 1647 3676; x_wconf 92' lang='lat' dir='ltr'><strong>aut</strong></span> <span class='ocrx_word' id='word_1_280' title='bbox 1679 3617 1770 3690; x_wconf 91' lang='lat' dir='ltr'><strong>qui</strong></span> <span class='ocrx_word' id='word_1_281' title='bbox 1814 3617 1926 3671; x_wconf 93' lang='lat' dir='ltr'><strong>sint</strong></span> <span class='ocrx_word' id='word_1_282' title='bbox 1955 3615 2037 3668; x_wconf 85' lang='lat' dir='ltr'><strong>in-</strong></span> 
     </span>
    </p>
   </div>
   <div class='ocr_carea' id='block_1_40' title="bbox 461 3709 2034 3797">
    <p class='ocr_par' dir='ltr' id='par_1_40' title="bbox 461 3709 2034 3797">
     <span class='ocr_line' id='line_1_40' title="bbox 461 3709 2034 3797; baseline -0.02 -7"><span class='ocrx_word' id='word_1_283' title='bbox 461 3734 714 3797; x_wconf 61' lang='lat' dir='ltr'><strong>creduli:</strong></span> <span class='ocrx_word' id='word_1_284' title='bbox 739 3733 834 3788; x_wconf 89' lang='lat' dir='ltr'><strong>sed</strong></span> <span class='ocrx_word' id='word_1_285' title='bbox 868 3738 928 3784; x_wconf 88' lang='lat' dir='ltr'><strong>ut</strong></span> <span class='ocrx_word' id='word_1_286' title='bbox 955 3727 1207 3782; x_wconf 90' lang='lat' dir='ltr'><strong>omnibus</strong></span> <span class='ocrx_word' id='word_1_287' title='bbox 1246 3717 1480 3776; x_wconf 87' lang='lat' dir='ltr'><strong>miseriis</strong></span> <span class='ocrx_word' id='word_1_288' title='bbox 1509 3712 1759 3770; x_wconf 82' lang='lat' dir='ltr'><strong>exsolvat</strong></span> <span class='ocrx_word' id='word_1_289' title='bbox 1796 3709 2034 3778; x_wconf 72' lang='lat' dir='ltr'><strong>quicun~</strong></span> 
     </span>
    </p>
   </div>
   <div class='ocr_carea' id='block_1_41' title="bbox 461 3797 2035 3894">
    <p class='ocr_par' dir='ltr' id='par_1_41' title="bbox 461 3797 2035 3894">
     <span class='ocr_line' id='line_1_41' title="bbox 461 3797 2035 3894; baseline -0.02 -15"><span class='ocrx_word' id='word_1_290' title='bbox 461 3839 568 3894; x_wconf 90' lang='lat' dir='ltr'><strong>que</strong></span> <span class='ocrx_word' id='word_1_291' title='bbox 598 3819 931 3879; x_wconf 87' lang='lat' dir='ltr'><strong>crediderint</strong></span> <span class='ocrx_word' id='word_1_292' title='bbox 963 3825 1018 3873; x_wconf 90' lang='lat' dir='ltr'><strong>et</strong></span> <span class='ocrx_word' id='word_1_293' title='bbox 1046 3815 1163 3886; x_wconf 81' lang='lat' dir='ltr'><strong>ejus</strong></span> <span class='ocrx_word' id='word_1_294' title='bbox 1199 3811 1533 3868; x_wconf 88' lang='lat' dir='ltr'><strong>divinitatem</strong></span> <span class='ocrx_word' id='word_1_295' title='bbox 1569 3801 1918 3871; x_wconf 88' lang='lat' dir='ltr'><strong>acceperint;</strong></span> <span class='ocrx_word' id='word_1_296' title='bbox 1949 3797 2035 3851; x_wconf 86' lang='lat' dir='ltr'><strong>in-</strong></span> 
     </span>
    </p>
   </div>
   <div class='ocr_carea' id='block_1_42' title="bbox 461 3892 2031 3973">
    <p class='ocr_par' dir='ltr' id='par_1_42' title="bbox 461 3892 2031 3973">
     <span class='ocr_line' id='line_1_42' title="bbox 461 3892 2031 3973; baseline -0.018 0"><span class='ocrx_word' id='word_1_297' title='bbox 461 3915 705 3973; x_wconf 88' lang='lat' dir='ltr'><strong>credulis</strong></span> <span class='ocrx_word' id='word_1_298' title='bbox 725 3927 854 3968; x_wconf 88' lang='lat' dir='ltr'><strong>vero</strong></span> <span class='ocrx_word' id='word_1_299' title='bbox 881 3925 1096 3967; x_wconf 86' lang='lat' dir='ltr'><strong>omnem</strong></span> <span class='ocrx_word' id='word_1_300' title='bbox 1122 3903 1489 3963; x_wconf 87' lang='lat' dir='ltr'><strong>excusationis</strong></span> <span class='ocrx_word' id='word_1_301' title='bbox 1513 3899 1688 3953; x_wconf 88' lang='lat' dir='ltr'><strong>locum</strong></span> <span class='ocrx_word' id='word_1_302' title='bbox 1714 3892 2031 3965; x_wconf 71' lang='lat' dir='ltr'><strong>prmcludat,</strong></span> 
     </span>
    </p>
   </div>
   <div class='ocr_carea' id='block_1_43' title="bbox 461 3982 2030 4067">
    <p class='ocr_par' dir='ltr' id='par_1_43' title="bbox 461 3982 2030 4067">
     <span class='ocr_line' id='line_1_43' title="bbox 461 3982 2030 4067; baseline -0.015 -6"><span class='ocrx_word' id='word_1_303' title='bbox 461 4021 524 4062; x_wconf 91' lang='lat' dir='ltr'><strong>se</strong></span> <span class='ocrx_word' id='word_1_304' title='bbox 555 4005 676 4060; x_wconf 88' lang='lat' dir='ltr'><strong>ideo</strong></span> <span class='ocrx_word' id='word_1_305' title='bbox 716 4016 823 4058; x_wconf 91' lang='lat' dir='ltr'><strong>non</strong></span> <span class='ocrx_word' id='word_1_306' title='bbox 857 3999 1176 4063; x_wconf 88' lang='lat' dir='ltr'><strong>credidisse,</strong></span> <span class='ocrx_word' id='word_1_307' title='bbox 1203 3994 1365 4067; x_wconf 77' lang='lat'><strong>506</strong></span> <span class='ocrx_word' id='word_1_308' title='bbox 1391 3991 1514 4062; x_wconf 85' lang='lat' dir='ltr'><strong>quia</strong></span> <span class='ocrx_word' id='word_1_309' title='bbox 1561 3987 1806 4043; x_wconf 88' lang='lat' dir='ltr'><strong>doctrina</strong></span> <span class='ocrx_word' id='word_1_310' title='bbox 1839 3982 2030 4038; x_wconf 82' lang='lat' dir='ltr'><strong>defuit.</strong></span> 
     </span>
    </p>
   </div>
   <div class='ocr_carea' id='block_1_44' title="bbox 460 4072 2034 4166">
    <p class='ocr_par' dir='ltr' id='par_1_44' title="bbox 460 4072 2034 4166">
     <span class='ocr_line' id='line_1_44' title="bbox 460 4072 2034 4166; baseline -0.018 -13"><span class='ocrx_word' id='word_1_311' title='bbox 460 4097 578 4166; x_wconf 81' lang='lat' dir='ltr'><strong>Qua</strong></span> <span class='ocrx_word' id='word_1_312' title='bbox 634 4096 797 4165; x_wconf 82' lang='lat' dir='ltr'><strong>igitur</strong></span> <span class='ocrx_word' id='word_1_313' title='bbox 823 4091 1030 4148; x_wconf 90' lang='lat' dir='ltr'><strong>ratione</strong></span> <span class='ocrx_word' id='word_1_314' title='bbox 1079 4087 1380 4145; x_wconf 85' lang='lat' dir='ltr'><strong>ostenderit</strong></span> <span class='ocrx_word' id='word_1_315' title='bbox 1423 4098 1490 4138; x_wconf 84' lang='lat' dir='ltr'><strong>ex</strong></span> <span class='ocrx_word' id='word_1_316' title='bbox 1540 4089 1722 4134; x_wconf 86' lang='lat' dir='ltr'><strong>nostra</strong></span> <span class='ocrx_word' id='word_1_317' title='bbox 1764 4072 2034 4130; x_wconf 89' lang='lat' dir='ltr'><strong>sententia</strong></span> 
     </span>
    </p>
   </div>
   <div class='ocr_carea' id='block_1_45' title="bbox 461 4167 2034 4256">
    <p class='ocr_par' dir='ltr' id='par_1_45' title="bbox 461 4167 2034 4256">
     <span class='ocr_line' id='line_1_45' title="bbox 461 4167 2034 4256; baseline -0.017 -13"><span class='ocrx_word' id='word_1_318' title='bbox 461 4187 742 4256; x_wconf 87' lang='lat' dir='ltr'><strong>consequi,</strong></span> <span class='ocrx_word' id='word_1_319' title='bbox 782 4194 842 4239; x_wconf 93' lang='lat' dir='ltr'><strong>ut</strong></span> <span class='ocrx_word' id='word_1_320' title='bbox 869 4183 1012 4238; x_wconf 90' lang='lat' dir='ltr'><strong>Deus</strong></span> <span class='ocrx_word' id='word_1_321' title='bbox 1045 4179 1110 4234; x_wconf 90' lang='lat' dir='ltr'><strong>iis</strong></span> <span class='ocrx_word' id='word_1_322' title='bbox 1136 4180 1206 4235; x_wconf 87' lang='lat' dir='ltr'><strong>sit</strong></span> <span class='ocrx_word' id='word_1_323' title='bbox 1239 4175 1454 4240; x_wconf 86' lang='lat' dir='ltr'><strong>similis,</strong></span> <span class='ocrx_word' id='word_1_324' title='bbox 1483 4171 1577 4242; x_wconf 93' lang='lat' dir='ltr'><strong>qui</strong></span> <span class='ocrx_word' id='word_1_325' title='bbox 1623 4167 1820 4224; x_wconf 87' lang='lat' dir='ltr'><strong>divites</strong></span> <span class='ocrx_word' id='word_1_326' title='bbox 1845 4178 2034 4220; x_wconf 90' lang='lat' dir='ltr'><strong>recens</strong></span> 
     </span>
    </p>
   </div>
   <div class='ocr_carea' id='block_1_46' title="bbox 460 4258 2034 4331">
    <p class='ocr_par' dir='ltr' id='par_1_46' title="bbox 460 4258 2034 4331">
     <span class='ocr_line' id='line_1_46' title="bbox 460 4258 2034 4331; baseline -0.017 1"><span class='ocrx_word' id='word_1_327' title='bbox 460 4274 592 4331; x_wconf 78' lang='lat' dir='ltr'><strong>facti</strong></span> <span class='ocrx_word' id='word_1_328' title='bbox 636 4281 916 4331; x_wconf 86' lang='lat' dir='ltr'><strong>ostentare</strong></span> <span class='ocrx_word' id='word_1_329' title='bbox 958 4286 1020 4326; x_wconf 90' lang='lat' dir='ltr'><strong>se</strong></span> <span class='ocrx_word' id='word_1_330' title='bbox 1068 4268 1214 4325; x_wconf 86' lang='lat' dir='ltr'><strong>soliti</strong></span> <span class='ocrx_word' id='word_1_331' title='bbox 1259 4264 1428 4320; x_wconf 86' lang='lat' dir='ltr'><strong>sunt?</strong></span> <span class='ocrx_word' id='word_1_332' title='bbox 1468 4261 1653 4329; x_wconf 85' lang='lat' dir='ltr'><strong>Neque</strong></span> <span class='ocrx_word' id='word_1_333' title='bbox 1679 4258 1844 4319; x_wconf 75' lang='lat' dir='ltr'><strong>enim,</strong></span> <span class='ocrx_word' id='word_1_334' title='bbox 1882 4263 1940 4308; x_wconf 94' lang='lat' dir='ltr'><strong>ut</strong></span> <span class='ocrx_word' id='word_1_335' title='bbox 1975 4267 2034 4307; x_wconf 90' lang='lat' dir='ltr'><strong>se</strong></span> 
     </span>
    </p>
   </div>
   <div class='ocr_carea' id='block_1_47' title="bbox 460 4343 2031 4434">
    <p class='ocr_par' dir='ltr' id='par_1_47' title="bbox 460 4343 2031 4434">
     <span class='ocr_line' id='line_1_47' title="bbox 460 4343 2031 4434; baseline -0.017 -12"><span class='ocrx_word' id='word_1_336' title='bbox 460 4376 720 4434; x_wconf 82' lang='lat' dir='ltr'><strong>ostentet,</strong></span> <span class='ocrx_word' id='word_1_337' title='bbox 753 4367 896 4420; x_wconf 88' lang='lat' dir='ltr'><strong>Deus</strong></span> <span class='ocrx_word' id='word_1_338' title='bbox 935 4352 1089 4418; x_wconf 86' lang='lat' dir='ltr'><strong>suam</strong></span> <span class='ocrx_word' id='word_1_339' title='bbox 1124 4377 1152 4414; x_wconf 89' lang='lat' dir='ltr'><strong>a</strong></span> <span class='ocrx_word' id='word_1_340' title='bbox 1187 4358 1341 4414; x_wconf 82' lang='lat' dir='ltr'><strong>nobis</strong></span> <span class='ocrx_word' id='word_1_341' title='bbox 1380 4351 1755 4411; x_wconf 82' lang='lat' dir='ltr'><strong>excellentiam</strong></span> <span class='ocrx_word' id='word_1_342' title='bbox 1804 4343 2031 4414; x_wconf 82' lang='lat' dir='ltr'><strong>intelligi</strong></span> 
     </span>
    </p>
   </div>
   <div class='ocr_carea' id='block_1_48' title="bbox 459 4436 2032 4525">
    <p class='ocr_par' dir='ltr' id='par_1_48' title="bbox 459 4436 2032 4525">
     <span class='ocr_line' id='line_1_48' title="bbox 459 4436 2032 4525; baseline -0.017 -11"><span class='ocrx_word' id='word_1_343' title='bbox 459 4458 576 4513; x_wconf 88' lang='lat' dir='ltr'><strong>vult</strong></span> <span class='ocrx_word' id='word_1_344' title='bbox 601 4465 658 4512; x_wconf 91' lang='lat' dir='ltr'><strong>et</strong></span> <span class='ocrx_word' id='word_1_345' title='bbox 687 4455 1016 4525; x_wconf 77' lang='lat' dir='ltr'><strong>cogitatione</strong></span> <span class='ocrx_word' id='word_1_346' title='bbox 1054 4445 1478 4518; x_wconf 85' lang='lat' dir='ltr'><strong>comprehendi;</strong></span> <span class='ocrx_word' id='word_1_347' title='bbox 1517 4445 1610 4498; x_wconf 87' lang='lat' dir='ltr'><strong>sed</strong></span> <span class='ocrx_word' id='word_1_348' title='bbox 1648 4440 1779 4510; x_wconf 89' lang='lat' dir='ltr'><strong>quia</strong></span> <span class='ocrx_word' id='word_1_349' title='bbox 1827 4436 2032 4491; x_wconf 90' lang='lat' dir='ltr'><strong>nostris</strong></span> 
     </span>
    </p>
   </div>
   <div class='ocr_carea' id='block_1_49' title="bbox 2135 590 3712 666">
    <p class='ocr_par' dir='ltr' id='par_1_49' title="bbox 2135 590 3712 666">
     <span class='ocr_line' id='line_1_49' title="bbox 2135 590 3712 666; baseline -0.004 -16"><span class='ocrx_word' id='word_1_350' title='bbox 2135 595 2546 666; x_wconf 68' lang='grc' dir='ltr'>ὲκλείπειν,(54)</span> <span class='ocrx_word' id='word_1_351' title='bbox 2574 595 2737 648; x_wconf 84' lang='grc' dir='ltr'>αὑτὸν</span> <span class='ocrx_word' id='word_1_352' title='bbox 2763 593 2972 664; x_wconf 84' lang='grc' dir='ltr'>φῶμεν,</span> <span class='ocrx_word' id='word_1_353' title='bbox 3001 592 3097 646; x_wconf 76' lang='grc' dir='ltr'>καὶ</span> <span class='ocrx_word' id='word_1_354' title='bbox 3124 592 3282 647; x_wconf 81' lang='grc' dir='ltr'>ἀλλον</span> <span class='ocrx_word' id='word_1_355' title='bbox 3308 590 3430 645; x_wconf 77' lang='grc' dir='ltr'>τινὰ</span> <span class='ocrx_word' id='word_1_356' title='bbox 3453 592 3712 664; x_wconf 80' lang='grc' dir='ltr'>πληροῦν,</span> 
     </span>
    </p>
   </div>
   <div class='ocr_carea' id='block_1_50' title="bbox 2132 682 3715 759">
    <p class='ocr_par' dir='ltr' id='par_1_50' title="bbox 2132 682 3715 759">
     <span class='ocr_line' id='line_1_50' title="bbox 2132 682 3715 759; baseline -0.002 -18"><span class='ocrx_word' id='word_1_357' title='bbox 2132 690 2192 741; x_wconf 84' lang='grc' dir='ltr'>οὺ</span> <span class='ocrx_word' id='word_1_358' title='bbox 2227 688 2356 759; x_wconf 65' lang='grc' dir='ltr'><strong>περὶ⁵</strong></span> <span class='ocrx_word' id='word_1_359' title='bbox 2379 688 2546 740; x_wconf 84' lang='grc' dir='ltr'>τόπου</span> <span class='ocrx_word' id='word_1_360' title='bbox 2577 685 2638 739; x_wconf 85' lang='grc' dir='ltr'><strong>τὸ</strong></span> <span class='ocrx_word' id='word_1_361' title='bbox 2671 685 2910 739; x_wconf 85' lang='grc' dir='ltr'>τοιοῦτον</span> <span class='ocrx_word' id='word_1_362' title='bbox 2947 682 3407 754; x_wconf 75' lang='grc' dir='ltr'>ἁποφανούμεθαο</span> <span class='ocrx_word' id='word_1_363' title='bbox 3441 682 3577 736; x_wconf 89' lang='grc' dir='ltr'><strong>ἀλλά</strong></span> <span class='ocrx_word' id='word_1_364' title='bbox 3619 684 3715 752; x_wconf 62' lang='grc' dir='ltr'><strong>τὴν</strong></span> 
     </span>
    </p>
   </div>
   <div class='ocr_carea' id='block_1_51' title="bbox 2137 772 3716 850">
    <p class='ocr_par' dir='ltr' id='par_1_51' title="bbox 2137 772 3716 850">
     <span class='ocr_line' id='line_1_51' title="bbox 2137 772 3716 850; baseline -0.005 -18"><span class='ocrx_word' id='word_1_365' title='bbox 2137 779 2236 850; x_wconf 85' lang='grc' dir='ltr'><strong>μὲν</strong></span> <span class='ocrx_word' id='word_1_366' title='bbox 2267 777 2361 832; x_wconf 91' lang='grc' dir='ltr'><strong>τοῦ</strong></span> <span class='ocrx_word' id='word_1_367' title='bbox 2416 776 2622 848; x_wconf 79' lang='grc' dir='ltr'>φαύλου</span> <span class='ocrx_word' id='word_1_368' title='bbox 2655 778 2747 830; x_wconf 75' lang='grc' dir='ltr'>καὶ</span> <span class='ocrx_word' id='word_1_369' title='bbox 2781 775 3080 847; x_wconf 86' lang='grc' dir='ltr'>κεχυμένου</span> <span class='ocrx_word' id='word_1_370' title='bbox 3124 777 3182 829; x_wconf 85' lang='grc' dir='ltr'>ὲν</span> <span class='ocrx_word' id='word_1_371' title='bbox 3220 777 3287 845; x_wconf 80' lang='grc' dir='ltr'>τῇ</span> <span class='ocrx_word' id='word_1_372' title='bbox 3330 774 3496 842; x_wconf 78' lang='grc' dir='ltr'>κακία</span> <span class='ocrx_word' id='word_1_373' title='bbox 3538 772 3716 843; x_wconf 68' lang='grc' dir='ltr'>ψυχὴν</span> 
     </span>
    </p>
   </div>
   <div class='ocr_carea' id='block_1_52' title="bbox 2134 864 3716 943">
    <p class='ocr_par' dir='ltr' id='par_1_52' title="bbox 2134 864 3716 943">
     <span class='ocr_line' id='line_1_52' title="bbox 2134 864 3716 943; baseline -0.006 -18"><span class='ocrx_word' id='word_1_374' title='bbox 2134 873 2379 943; x_wconf 78' lang='grc' dir='ltr'>φήσομεν</span> <span class='ocrx_word' id='word_1_375' title='bbox 2419 866 2835 924; x_wconf 83' lang='grc' dir='ltr'><strong>καταλείπεσθαι</strong></span> <span class='ocrx_word' id='word_1_376' title='bbox 2880 867 2986 920; x_wconf 82' lang='grc' dir='ltr'><strong>ὑπὸ</strong></span> <span class='ocrx_word' id='word_1_377' title='bbox 3031 865 3126 920; x_wconf 88' lang='grc' dir='ltr'><strong>τοῦ</strong></span> <span class='ocrx_word' id='word_1_378' title='bbox 3167 865 3336 932; x_wconf 85' lang='grc' dir='ltr'>Θεοῦ,</span> <span class='ocrx_word' id='word_1_379' title='bbox 3379 865 3478 935; x_wconf 81' lang='grc' dir='ltr'><strong>τὴν</strong></span> <span class='ocrx_word' id='word_1_380' title='bbox 3527 865 3586 918; x_wconf 79' lang='grc' dir='ltr'>δὲ</span> <span class='ocrx_word' id='word_1_381' title='bbox 3623 864 3716 917; x_wconf 80' lang='grc' dir='ltr'><strong>τοῦ</strong></span> 
     </span>
    </p>
   </div>
   <div class='ocr_carea' id='block_1_53' title="bbox 2136 957 3712 1033">
    <p class='ocr_par' dir='ltr' id='par_1_53' title="bbox 2136 957 3712 1033">
     <span class='ocr_line' id='line_1_53' title="bbox 2136 957 3712 1033; baseline -0.004 -17"><span class='ocrx_word' id='word_1_382' title='bbox 2136 963 2456 1033; x_wconf 77' lang='grc' dir='ltr'><strong>βουλομένου</strong></span> <span class='ocrx_word' id='word_1_383' title='bbox 2490 960 2588 1032; x_wconf 78' lang='grc' dir='ltr'><strong>ζῇν</strong></span> <span class='ocrx_word' id='word_1_384' title='bbox 2621 963 2740 1014; x_wconf 88' lang='grc' dir='ltr'>κατ’</span> <span class='ocrx_word' id='word_1_385' title='bbox 2767 958 2988 1031; x_wconf 80' lang='grc' dir='ltr'>ἀρετὴν,</span> <span class='ocrx_word' id='word_1_386' title='bbox 3019 960 3052 1029; x_wconf 82' lang='grc' dir='ltr'>ἢ</span> <span class='ocrx_word' id='word_1_387' title='bbox 3089 958 3183 1012; x_wconf 73' lang='grc' dir='ltr'><strong>καὶ</strong></span> <span class='ocrx_word' id='word_1_388' title='bbox 3215 957 3643 1029; x_wconf 82' lang='grc' dir='ltr'>προκόπτοντος,</span> <span class='ocrx_word' id='word_1_389' title='bbox 3678 957 3712 1026; x_wconf 81' lang='grc' dir='ltr'><strong>ῆ</strong></span> 
     </span>
    </p>
   </div>
   <div class='ocr_carea' id='block_1_54' title="bbox 2135 1049 3715 1125">
    <p class='ocr_par' dir='ltr' id='par_1_54' title="bbox 2135 1049 3715 1125">
     <span class='ocr_line' id='line_1_54' title="bbox 2135 1049 3715 1125; baseline -0.006 -16"><span class='ocrx_word' id='word_1_390' title='bbox 2135 1057 2228 1109; x_wconf 76' lang='grc' dir='ltr'><strong>καὶ</strong></span> <span class='ocrx_word' id='word_1_391' title='bbox 2249 1055 2349 1125; x_wconf 75' lang='grc' dir='ltr'>ἤδη</span> <span class='ocrx_word' id='word_1_392' title='bbox 2383 1053 2582 1119; x_wconf 78' lang='grc' dir='ltr'>ζῶντος</span> <span class='ocrx_word' id='word_1_393' title='bbox 2611 1053 2730 1106; x_wconf 84' lang='grc' dir='ltr'>κατ’</span> <span class='ocrx_word' id='word_1_394' title='bbox 2763 1052 2952 1122; x_wconf 74' lang='grc' dir='ltr'>αὐτὴν,</span> <span class='ocrx_word' id='word_1_395' title='bbox 2983 1049 3412 1122; x_wconf 60' lang='grc' dir='ltr'>ἀωφανούμεθα</span> <span class='ocrx_word' id='word_1_396' title='bbox 3439 1050 3549 1120; x_wconf 77' lang='grc'>(55)</span> <span class='ocrx_word' id='word_1_397' title='bbox 3577 1049 3715 1118; x_wconf 75' lang='grc' dir='ltr'>πλη-</span> 
     </span>
    </p>
   </div>
   <div class='ocr_carea' id='block_1_55' title="bbox 2136 1137 3716 1222">
    <p class='ocr_par' dir='ltr' id='par_1_55' title="bbox 2136 1137 3716 1222">
     <span class='ocr_line' id='line_1_55' title="bbox 2136 1137 3716 1222; baseline -0.004 -22"><span class='ocrx_word' id='word_1_398' title='bbox 2136 1146 2380 1222; x_wconf 86' lang='grc' dir='ltr'>ροῦσθαι,</span> <span class='ocrx_word' id='word_1_399' title='bbox 2417 1146 2449 1216; x_wconf 86' lang='grc' dir='ltr'>ἢ</span> <span class='ocrx_word' id='word_1_400' title='bbox 2491 1145 2736 1220; x_wconf 81' lang='grc' dir='ltr'><strong>μετέχειν</strong></span> <span class='ocrx_word' id='word_1_401' title='bbox 2765 1145 2915 1198; x_wconf 83' lang='grc' dir='ltr'>θείου</span> <span class='ocrx_word' id='word_1_402' title='bbox 2944 1142 3280 1213; x_wconf 83' lang='grc' dir='ltr'>Πνεύματος.</span> <span class='ocrx_word' id='word_1_403' title='bbox 3314 1143 3390 1196; x_wconf 85' lang='grc' dir='ltr'><strong>Οὐ</strong></span> <span class='ocrx_word' id='word_1_404' title='bbox 3430 1143 3589 1214; x_wconf 82' lang='grc' dir='ltr'>χρεία</span> <span class='ocrx_word' id='word_1_405' title='bbox 3626 1137 3716 1194; x_wconf 82' lang='grc' dir='ltr'><strong>οῦν</strong></span> 
     </span>
    </p>
   </div>
   <div class='ocr_carea' id='block_1_56' title="bbox 2134 1234 3716 1311">
    <p class='ocr_par' dir='ltr' id='par_1_56' title="bbox 2134 1234 3716 1311">
     <span class='ocr_line' id='line_1_56' title="bbox 2134 1234 3716 1311; baseline -0.004 -19"><span class='ocrx_word' id='word_1_406' title='bbox 2134 1241 2214 1303; x_wconf 86' lang='grc' dir='ltr'>εἰς</span> <span class='ocrx_word' id='word_1_407' title='bbox 2247 1238 2345 1311; x_wconf 77' lang='grc' dir='ltr'>τὴν</span> <span class='ocrx_word' id='word_1_408' title='bbox 2396 1237 2488 1292; x_wconf 89' lang='grc' dir='ltr'><strong>τοῦ</strong></span> <span class='ocrx_word' id='word_1_409' title='bbox 2539 1235 2776 1308; x_wconf 80' lang='grc' dir='ltr'><strong>Χριστοῦ</strong></span> <span class='ocrx_word' id='word_1_410' title='bbox 2827 1235 3071 1299; x_wconf 89' lang='grc' dir='ltr'>κάθοδον,</span> <span class='ocrx_word' id='word_1_411' title='bbox 3117 1235 3264 1305; x_wconf 85' lang='grc' dir='ltr'>ἢείς</span> <span class='ocrx_word' id='word_1_412' title='bbox 3320 1236 3419 1304; x_wconf 76' lang='grc' dir='ltr'>τὴν</span> <span class='ocrx_word' id='word_1_413' title='bbox 3450 1234 3590 1306; x_wconf 84' lang='grc' dir='ltr'>πρὸς</span> <span class='ocrx_word' id='word_1_414' title='bbox 3621 1235 3716 1287; x_wconf 83' lang='grc' dir='ltr'>ἀν-</span> 
     </span>
    </p>
   </div>
   <div class='ocr_carea' id='block_1_57' title="bbox 2135 1324 3718 1403">
    <p class='ocr_par' dir='ltr' id='par_1_57' title="bbox 2135 1324 3718 1403">
     <span class='ocr_line' id='line_1_57' title="bbox 2135 1324 3718 1403; baseline -0.004 -17"><span class='ocrx_word' id='word_1_415' title='bbox 2135 1330 2384 1403; x_wconf 83' lang='grc' dir='ltr'>θρώπους</span> <span class='ocrx_word' id='word_1_416' title='bbox 2415 1327 2746 1400; x_wconf 77' lang='grc' dir='ltr'>ἐπιστροφὴν</span> <span class='ocrx_word' id='word_1_417' title='bbox 2776 1326 2869 1380; x_wconf 87' lang='grc' dir='ltr'><strong>τοῦ</strong></span> <span class='ocrx_word' id='word_1_418' title='bbox 2913 1325 3069 1390; x_wconf 89' lang='grc' dir='ltr'>Θεοῦ,</span> <span class='ocrx_word' id='word_1_419' title='bbox 3103 1324 3527 1379; x_wconf 72' lang='grc' dir='ltr'><strong>καταλείπεσθαι</strong></span> <span class='ocrx_word' id='word_1_420' title='bbox 3557 1325 3718 1396; x_wconf 75' lang='grc' dir='ltr'>ἕδραν</span> 
     </span>
    </p>
   </div>
   <div class='ocr_carea' id='block_1_58' title="bbox 2138 1413 3717 1488">
    <p class='ocr_par' dir='ltr' id='par_1_58' title="bbox 2138 1413 3717 1488">
     <span class='ocr_line' id='line_1_58' title="bbox 2138 1413 3717 1488; baseline -0.001 -18"><span class='ocrx_word' id='word_1_421' title='bbox 2138 1416 2379 1488; x_wconf 78' lang='grc' dir='ltr'>μείζονα,</span> <span class='ocrx_word' id='word_1_422' title='bbox 2425 1417 2520 1470; x_wconf 64' lang='grc' dir='ltr'><strong>καὶ¹</strong></span> <span class='ocrx_word' id='word_1_423' title='bbox 2571 1413 2999 1487; x_wconf 75' lang='grc' dir='ltr'>μεταϐάλλεσθαι</span> <span class='ocrx_word' id='word_1_424' title='bbox 3041 1415 3109 1467; x_wconf 85' lang='grc' dir='ltr'><strong>τὰ</strong></span> <span class='ocrx_word' id='word_1_425' title='bbox 3139 1414 3285 1485; x_wconf 80' lang='grc' dir='ltr'>τῇδε,</span> <span class='ocrx_word' id='word_1_426' title='bbox 3321 1415 3395 1478; x_wconf 82' lang='grc' dir='ltr'>ὡς</span> <span class='ocrx_word' id='word_1_427' title='bbox 3436 1415 3467 1466; x_wconf 80' lang='grc' dir='ltr'><strong>ό</strong></span> <span class='ocrx_word' id='word_1_428' title='bbox 3511 1415 3717 1480; x_wconf 80' lang='grc' dir='ltr'>Κέλσος</span> 
     </span>
    </p>
   </div>
   <div class='ocr_carea' id='block_1_59' title="bbox 2134 1506 3715 1579">
    <p class='ocr_par' dir='ltr' id='par_1_59' title="bbox 2134 1506 3715 1579">
     <span class='ocr_line' id='line_1_59' title="bbox 2134 1506 3715 1579; baseline -0.001 -16"><span class='ocrx_word' id='word_1_429' title='bbox 2134 1509 2304 1563; x_wconf 77' lang='grc' dir='ltr'>οἴεται</span> <span class='ocrx_word' id='word_1_430' title='bbox 2322 1508 2492 1578; x_wconf 80' lang='grc' dir='ltr'>λέγων</span> <span class='ocrx_word' id='word_1_431' title='bbox 2511 1524 2526 1540; x_wconf 77' lang='grc' dir='ltr'><strong>ο</strong></span> <span class='ocrx_word' id='word_1_432' title='bbox 2561 1526 2579 1560; x_wconf 79' lang='grc' dir='ltr'>ι</span> <span class='ocrx_word' id='word_1_433' title='bbox 2598 1509 2660 1562; x_wconf 80' lang='lat' dir='ltr'><strong>El</strong></span> <span class='ocrx_word' id='word_1_434' title='bbox 2683 1507 2866 1579; x_wconf 54' lang='grc' dir='ltr'>γὰρέν</span> <span class='ocrx_word' id='word_1_435' title='bbox 2894 1525 2945 1560; x_wconf 92' lang='grc' dir='ltr'>τι</span> <span class='ocrx_word' id='word_1_436' title='bbox 2971 1506 3077 1560; x_wconf 84' lang='grc' dir='ltr'><strong>τῶν</strong></span> <span class='ocrx_word' id='word_1_437' title='bbox 3094 1506 3216 1578; x_wconf 81' lang='grc' dir='ltr'>τῇδε</span> <span class='ocrx_word' id='word_1_438' title='bbox 3235 1506 3342 1579; x_wconf 82' lang='grc'>(56)</span> <span class='ocrx_word' id='word_1_439' title='bbox 3366 1507 3715 1577; x_wconf 78' lang='grc' dir='ltr'>τούλάχιστον</span> 
     </span>
    </p>
   </div>
   <div class='ocr_carea' id='block_1_60' title="bbox 2136 1600 3711 1674">
    <p class='ocr_par' dir='ltr' id='par_1_60' title="bbox 2136 1600 3711 1674">
     <span class='ocr_line' id='line_1_60' title="bbox 2136 1600 3711 1674; baseline -0.001 -19"><span class='ocrx_word' id='word_1_440' title='bbox 2136 1601 2483 1674; x_wconf 76' lang='grc' dir='ltr'>μεταϐάλοις,</span> <span class='ocrx_word' id='word_1_441' title='bbox 2518 1601 2898 1672; x_wconf 81' lang='grc' dir='ltr'><strong>ἀνατραπέντα</strong></span> <span class='ocrx_word' id='word_1_442' title='bbox 2930 1600 3206 1672; x_wconf 76' lang='grc' dir='ltr'>οἰχήσεταί</span> <span class='ocrx_word' id='word_1_443' title='bbox 3241 1617 3324 1653; x_wconf 90' lang='grc' dir='ltr'><strong>σοι</strong></span> <span class='ocrx_word' id='word_1_444' title='bbox 3352 1600 3419 1653; x_wconf 76' lang='grc' dir='ltr'>τὰ</span> <span class='ocrx_word' id='word_1_445' title='bbox 3451 1600 3659 1657; x_wconf 77' lang='grc' dir='ltr'>πάντα.</span> <span class='ocrx_word' id='word_1_446' title='bbox 3692 1621 3711 1654; x_wconf 78' lang='grc' dir='ltr'><strong>ι</strong></span> 
     </span>
    </p>
   </div>
   <div class='ocr_carea' id='block_1_61' title="bbox 2135 1690 3716 1763">
    <p class='ocr_par' dir='ltr' id='par_1_61' title="bbox 2135 1690 3716 1763">
     <span class='ocr_line' id='line_1_61' title="bbox 2135 1690 3716 1763; baseline -0.001 -17"><span class='ocrx_word' id='word_1_447' title='bbox 2135 1694 2197 1746; x_wconf 79' lang='grc' dir='ltr'><strong>Εἰ</strong></span> <span class='ocrx_word' id='word_1_448' title='bbox 2239 1692 2298 1746; x_wconf 80' lang='grc' dir='ltr'>δὲ</span> <span class='ocrx_word' id='word_1_449' title='bbox 2342 1691 2449 1762; x_wconf 79' lang='grc' dir='ltr'>χρὴ</span> <span class='ocrx_word' id='word_1_450' title='bbox 2494 1690 2674 1758; x_wconf 90' lang='grc' dir='ltr'>λέγειν</span> <span class='ocrx_word' id='word_1_451' title='bbox 2725 1690 3079 1762; x_wconf 75' lang='grc' dir='ltr'>μεταϐάλλειν</span> <span class='ocrx_word' id='word_1_452' title='bbox 3110 1690 3384 1762; x_wconf 75' lang='grc' dir='ltr'><strong>παρουσίᾳ</strong></span> <span class='ocrx_word' id='word_1_453' title='bbox 3432 1691 3716 1763; x_wconf 82' lang='grc' dir='ltr'>δυνάμεως</span> 
     </span>
    </p>
   </div>
   <div class='ocr_carea' id='block_1_62' title="bbox 2135 1776 3717 1850">
    <p class='ocr_par' dir='ltr' id='par_1_62' title="bbox 2135 1776 3717 1850">
     <span class='ocr_line' id='line_1_62' title="bbox 2135 1776 3717 1850; baseline 0.003 -20"><span class='ocrx_word' id='word_1_454' title='bbox 2135 1776 2268 1830; x_wconf 90' lang='grc' dir='ltr'>Θεοῦ</span> <span class='ocrx_word' id='word_1_455' title='bbox 2301 1779 2395 1832; x_wconf 76' lang='grc' dir='ltr'>καὶ</span> <span class='ocrx_word' id='word_1_456' title='bbox 2433 1777 2692 1849; x_wconf 75' lang='grc' dir='ltr'><strong>ἐπιδημίᾳ</strong></span> <span class='ocrx_word' id='word_1_457' title='bbox 2721 1777 2814 1831; x_wconf 93' lang='grc' dir='ltr'><strong>τοῦ</strong></span> <span class='ocrx_word' id='word_1_458' title='bbox 2848 1777 3022 1846; x_wconf 81' lang='grc' dir='ltr'>Λόγου</span> <span class='ocrx_word' id='word_1_459' title='bbox 3068 1778 3149 1842; x_wconf 89' lang='grc' dir='ltr'><strong>είς</strong></span> <span class='ocrx_word' id='word_1_460' title='bbox 3199 1777 3522 1850; x_wconf 78' lang='grc' dir='ltr'>ἀνθρώπους</span> <span class='ocrx_word' id='word_1_461' title='bbox 3575 1782 3717 1850; x_wconf 68' lang='grc' dir='ltr'>τινὰ,</span> 
     </span>
    </p>
   </div>
   <div class='ocr_carea' id='block_1_63' title="bbox 2066 1849 3719 1942">
    <p class='ocr_par' dir='ltr' id='par_1_63' title="bbox 2066 1849 3719 1942">
     <span class='ocr_line' id='line_1_63' title="bbox 2066 1849 3719 1942; baseline 0.002 -20"><span class='ocrx_word' id='word_1_462' title='bbox 2066 1849 2109 1904; x_wconf 76' lang='grc' dir='ltr'>Β</span> <span class='ocrx_word' id='word_1_463' title='bbox 2139 1869 2238 1922; x_wconf 71' lang='grc' dir='ltr'><strong>οὐκ</strong></span> <span class='ocrx_word' id='word_1_464' title='bbox 2292 1869 2593 1940; x_wconf 85' lang='grc' dir='ltr'>όκνήσομεν</span> <span class='ocrx_word' id='word_1_465' title='bbox 2653 1869 2833 1937; x_wconf 86' lang='grc' dir='ltr'>λέγειν</span> <span class='ocrx_word' id='word_1_466' title='bbox 2871 1869 3225 1941; x_wconf 82' lang='grc' dir='ltr'>μεταόἀλλειν</span> <span class='ocrx_word' id='word_1_467' title='bbox 3274 1849 3339 1924; x_wconf 85' lang='grc' dir='ltr'>ὲκ</span> <span class='ocrx_word' id='word_1_468' title='bbox 3380 1872 3593 1942; x_wconf 81' lang='grc' dir='ltr'>φαύλου</span> 
     </span>
    </p>
   </div>
   <div class='ocr_carea' id='block_1_64' title="bbox 2138 1959 3721 2034">
    <p class='ocr_par' dir='ltr' id='par_1_64' title="bbox 2138 1959 3721 2034">
     <span class='ocr_line' id='line_1_64' title="bbox 2138 1959 3721 2034; baseline 0.003 -21"><span class='ocrx_word' id='word_1_469' title='bbox 2138 1961 2369 2026; x_wconf 86' lang='grc' dir='ltr'>ἀστεῖον,</span> <span class='ocrx_word' id='word_1_470' title='bbox 2405 1962 2499 2015; x_wconf 79' lang='grc' dir='ltr'><strong>καὶ</strong></span> <span class='ocrx_word' id='word_1_471' title='bbox 2524 1961 2582 2028; x_wconf 84' lang='grc' dir='ltr'>ὲξ</span> <span class='ocrx_word' id='word_1_472' title='bbox 2611 1959 2911 2015; x_wconf 84' lang='grc' dir='ltr'><strong>ἀκολάστου</strong></span> <span class='ocrx_word' id='word_1_473' title='bbox 2944 1963 3022 2026; x_wconf 88' lang='grc' dir='ltr'><strong>είς</strong></span> <span class='ocrx_word' id='word_1_474' title='bbox 3054 1960 3324 2034; x_wconf 80' lang='grc' dir='ltr'>σώφρονα,</span> <span class='ocrx_word' id='word_1_475' title='bbox 3343 1963 3436 2017; x_wconf 79' lang='grc' dir='ltr'><strong>καὶ</strong></span> <span class='ocrx_word' id='word_1_476' title='bbox 3455 1965 3526 2018; x_wconf 78' lang='grc' dir='ltr'><strong>ἐκ</strong></span> <span class='ocrx_word' id='word_1_477' title='bbox 3556 1965 3721 2018; x_wconf 75' lang='grc' dir='ltr'>δεισι-</span> 
     </span>
    </p>
   </div>
   <div class='ocr_carea' id='block_1_65' title="bbox 2135 2051 3718 2126">
    <p class='ocr_par' dir='ltr' id='par_1_65' title="bbox 2135 2051 3718 2126">
     <span class='ocr_line' id='line_1_65' title="bbox 2135 2051 3718 2126; baseline 0.003 -20"><span class='ocrx_word' id='word_1_478' title='bbox 2135 2053 2386 2124; x_wconf 83' lang='grc' dir='ltr'>δαίμονος</span> <span class='ocrx_word' id='word_1_479' title='bbox 2429 2053 2508 2116; x_wconf 88' lang='grc' dir='ltr'><strong>είς</strong></span> <span class='ocrx_word' id='word_1_480' title='bbox 2555 2052 2772 2123; x_wconf 74' lang='grc' dir='ltr'>εὐσεϐῆ,</span> <span class='ocrx_word' id='word_1_481' title='bbox 2833 2052 2925 2106; x_wconf 91' lang='grc' dir='ltr'><strong>τὸν</strong></span> <span class='ocrx_word' id='word_1_482' title='bbox 2961 2051 3404 2125; x_wconf 83' lang='grc' dir='ltr'>παραδεξάμενον</span> <span class='ocrx_word' id='word_1_483' title='bbox 3456 2054 3564 2126; x_wconf 75' lang='grc' dir='ltr'><strong>τὴν</strong></span> <span class='ocrx_word' id='word_1_484' title='bbox 3625 2054 3718 2110; x_wconf 76' lang='grc' dir='ltr'><strong>τοῦ</strong></span> 
     </span>
    </p>
   </div>
   <div class='ocr_carea' id='block_1_66' title="bbox 2137 2142 3610 2216">
    <p class='ocr_par' dir='ltr' id='par_1_66' title="bbox 2137 2142 3610 2216">
     <span class='ocr_line' id='line_1_66' title="bbox 2137 2142 3610 2216; baseline 0.001 -19"><span class='ocrx_word' id='word_1_485' title='bbox 2137 2144 2309 2212; x_wconf 86' lang='grc' dir='ltr'>Λόγου</span> <span class='ocrx_word' id='word_1_486' title='bbox 2334 2142 2426 2197; x_wconf 89' lang='grc' dir='ltr'><strong>τοῦ</strong></span> <span class='ocrx_word' id='word_1_487' title='bbox 2459 2142 2592 2197; x_wconf 86' lang='grc' dir='ltr'>Θεοῦ</span> <span class='ocrx_word' id='word_1_488' title='bbox 2627 2143 2922 2215; x_wconf 79' lang='grc' dir='ltr'>ἐπιδημίαν</span> <span class='ocrx_word' id='word_1_489' title='bbox 2951 2146 3030 2208; x_wconf 86' lang='grc' dir='ltr'><strong>είς</strong></span> <span class='ocrx_word' id='word_1_490' title='bbox 3057 2143 3154 2216; x_wconf 78' lang='grc' dir='ltr'>τὴν</span> <span class='ocrx_word' id='word_1_491' title='bbox 3186 2144 3378 2199; x_wconf 79' lang='grc' dir='ltr'>ἑαυτοῦ</span> <span class='ocrx_word' id='word_1_492' title='bbox 3405 2145 3610 2216; x_wconf 69' lang='grc' dir='ltr'><strong>ψυχήν.</strong></span> 
     </span>
    </p>
   </div>
   <div class='ocr_carea' id='block_1_67' title="bbox 2212 2325 3716 2399">
    <p class='ocr_par' dir='ltr' id='par_1_67' title="bbox 2212 2325 3716 2399">
     <span class='ocr_line' id='line_1_67' title="bbox 2212 2325 3716 2399; baseline 0.002 -19"><span class='ocrx_word' id='word_1_493' title='bbox 2212 2328 2275 2381; x_wconf 81' lang='lat' dir='ltr'><strong>Ei</strong></span> <span class='ocrx_word' id='word_1_494' title='bbox 2317 2327 2374 2380; x_wconf 83' lang='grc' dir='ltr'>δὲ</span> <span class='ocrx_word' id='word_1_495' title='bbox 2413 2327 2505 2380; x_wconf 73' lang='grc' dir='ltr'><strong>καὶ</strong></span> <span class='ocrx_word' id='word_1_496' title='bbox 2553 2326 2689 2399; x_wconf 87' lang='grc' dir='ltr'>πρὸς</span> <span class='ocrx_word' id='word_1_497' title='bbox 2731 2325 2800 2380; x_wconf 78' lang='grc' dir='ltr'>τὰ</span> <span class='ocrx_word' id='word_1_498' title='bbox 2841 2326 3345 2396; x_wconf 86' lang='grc' dir='ltr'>καταγελαστότατα</span> <span class='ocrx_word' id='word_1_499' title='bbox 3374 2327 3466 2382; x_wconf 90' lang='grc' dir='ltr'><strong>τοῦ</strong></span> <span class='ocrx_word' id='word_1_500' title='bbox 3501 2329 3716 2383; x_wconf 78' lang='grc' dir='ltr'>Κέλσου</span> 
     </span>
    </p>
   </div>
   <div class='ocr_carea' id='block_1_68' title="bbox 2137 2417 3716 2491">
    <p class='ocr_par' dir='ltr' id='par_1_68' title="bbox 2137 2417 3716 2491">
     <span class='ocr_line' id='line_1_68' title="bbox 2137 2417 3716 2491; baseline 0 -17"><span class='ocrx_word' id='word_1_501' title='bbox 2137 2420 2310 2484; x_wconf 85' lang='grc' dir='ltr'>θέλεις</span> <span class='ocrx_word' id='word_1_502' title='bbox 2339 2422 2486 2491; x_wconf 77' lang='grc' dir='ltr'>ἡμᾶς</span> <span class='ocrx_word' id='word_1_503' title='bbox 2511 2420 2774 2490; x_wconf 82' lang='grc' dir='ltr'>ἀπαντᾷν,</span> <span class='ocrx_word' id='word_1_504' title='bbox 2806 2419 2968 2473; x_wconf 82' lang='grc' dir='ltr'>ἄκουε</span> <span class='ocrx_word' id='word_1_505' title='bbox 2992 2417 3156 2472; x_wconf 82' lang='grc' dir='ltr'>αὑτοῦ</span> <span class='ocrx_word' id='word_1_506' title='bbox 3189 2419 3435 2489; x_wconf 87' lang='grc' dir='ltr'>λέγοντος</span> <span class='ocrx_word' id='word_1_507' title='bbox 3453 2437 3466 2450; x_wconf 89' lang='grc'><strong>·</strong></span> <span class='ocrx_word' id='word_1_508' title='bbox 3493 2438 3513 2473; x_wconf 80' lang='grc' dir='ltr'>ι</span> <span class='ocrx_word' id='word_1_509' title='bbox 3549 2420 3716 2474; x_wconf 76' lang='grc' dir='ltr'>Ἀλλά</span> 
     </span>
    </p>
   </div>
   <div class='ocr_carea' id='block_1_69' title="bbox 2135 2508 3716 2584">
    <p class='ocr_par' dir='ltr' id='par_1_69' title="bbox 2135 2508 3716 2584">
     <span class='ocr_line' id='line_1_69' title="bbox 2135 2508 3716 2584; baseline -0.001 -18"><span class='ocrx_word' id='word_1_510' title='bbox 2135 2512 2244 2584; x_wconf 80' lang='grc' dir='ltr'>γὰρ</span> <span class='ocrx_word' id='word_1_511' title='bbox 2266 2511 2626 2583; x_wconf 76' lang='grc' dir='ltr'>ἀγνοούμενος</span> <span class='ocrx_word' id='word_1_512' title='bbox 2649 2513 2677 2563; x_wconf 86' lang='grc' dir='ltr'>ὁ</span> <span class='ocrx_word' id='word_1_513' title='bbox 2719 2510 2850 2574; x_wconf 88' lang='grc' dir='ltr'>Θεὸς</span> <span class='ocrx_word' id='word_1_514' title='bbox 2868 2511 2925 2562; x_wconf 81' lang='grc' dir='ltr'><strong>ὲν</strong></span> <span class='ocrx_word' id='word_1_515' title='bbox 2946 2508 3272 2582; x_wconf 82' lang='grc' dir='ltr'>ἀνθρώποις,</span> <span class='ocrx_word' id='word_1_516' title='bbox 3289 2512 3383 2563; x_wconf 77' lang='grc' dir='ltr'><strong>καὶ</strong></span> <span class='ocrx_word' id='word_1_517' title='bbox 3404 2512 3557 2583; x_wconf 85' lang='grc' dir='ltr'><strong>παρά</strong></span> <span class='ocrx_word' id='word_1_518' title='bbox 3569 2511 3716 2565; x_wconf 80' lang='grc' dir='ltr'>τοῦτ’</span> 
     </span>
    </p>
   </div>
   <div class='ocr_carea' id='block_1_70' title="bbox 2136 2598 3711 2674">
    <p class='ocr_par' dir='ltr' id='par_1_70' title="bbox 2136 2598 3711 2674">
     <span class='ocr_line' id='line_1_70' title="bbox 2136 2598 3711 2674; baseline -0.002 -17"><span class='ocrx_word' id='word_1_519' title='bbox 2136 2604 2352 2657; x_wconf 74' lang='grc' dir='ltr'>ἔλαττον</span> <span class='ocrx_word' id='word_1_520' title='bbox 2383 2603 2527 2674; x_wconf 76' lang='grc' dir='ltr'>ἔχειν</span> <span class='ocrx_word' id='word_1_521' title='bbox 2565 2601 2756 2667; x_wconf 85' lang='grc' dir='ltr'>δοκῶν,</span> <span class='ocrx_word' id='word_1_522' title='bbox 2783 2600 2953 2653; x_wconf 78' lang='grc' dir='ltr'>ἐθέλοι</span> <span class='ocrx_word' id='word_1_523' title='bbox 2980 2601 3046 2653; x_wconf 82' lang='grc' dir='ltr'><strong>ἂν</strong></span> <span class='ocrx_word' id='word_1_524' title='bbox 3077 2598 3406 2670; x_wconf 77' lang='grc' dir='ltr'>γνωσθῆναι,</span> <span class='ocrx_word' id='word_1_525' title='bbox 3441 2601 3537 2654; x_wconf 77' lang='grc' dir='ltr'>καὶ</span> <span class='ocrx_word' id='word_1_526' title='bbox 3577 2603 3711 2664; x_wconf 75' lang='grc' dir='ltr'>τοὺς</span> 
     </span>
    </p>
   </div>
   <div class='ocr_carea' id='block_1_71' title="bbox 2137 2690 3717 2761">
    <p class='ocr_par' dir='ltr' id='par_1_71' title="bbox 2137 2690 3717 2761">
     <span class='ocr_line' id='line_1_71' title="bbox 2137 2690 3717 2761; baseline -0.001 -14"><span class='ocrx_word' id='word_1_527' title='bbox 2137 2694 2488 2757; x_wconf 84' lang='grc' dir='ltr'>πιστεύοντάς</span> <span class='ocrx_word' id='word_1_528' title='bbox 2517 2711 2577 2746; x_wconf 86' lang='grc' dir='ltr'>τε</span> <span class='ocrx_word' id='word_1_529' title='bbox 2609 2693 2702 2745; x_wconf 77' lang='grc' dir='ltr'>καὶ</span> <span class='ocrx_word' id='word_1_530' title='bbox 2733 2691 3093 2755; x_wconf 85' lang='grc' dir='ltr'>ἀπιστοῦντας</span> <span class='ocrx_word' id='word_1_531' title='bbox 3123 2690 3468 2761; x_wconf 81' lang='grc' dir='ltr'>διαπειράσαι</span> <span class='ocrx_word' id='word_1_532' title='bbox 3491 2708 3506 2722; x_wconf 87' lang='grc'><strong>·</strong></span> <span class='ocrx_word' id='word_1_533' title='bbox 3544 2692 3717 2745; x_wconf 76' lang='grc' dir='ltr'>καθά-</span> 
     </span>
    </p>
   </div>
   <div class='ocr_carea' id='block_1_72' title="bbox 2139 2781 3714 2860">
    <p class='ocr_par' dir='ltr' id='par_1_72' title="bbox 2139 2781 3714 2860">
     <span class='ocr_line' id='line_1_72' title="bbox 2139 2781 3714 2860; baseline -0.003 -20"><span class='ocrx_word' id='word_1_534' title='bbox 2139 2805 2244 2860; x_wconf 85' lang='grc' dir='ltr'><strong>περ</strong></span> <span class='ocrx_word' id='word_1_535' title='bbox 2263 2789 2310 2840; x_wconf 90' lang='grc' dir='ltr'>οἱ</span> <span class='ocrx_word' id='word_1_536' title='bbox 2335 2787 2644 2840; x_wconf 82' lang='grc' dir='ltr'>νεόπλουτοι</span> <span class='ocrx_word' id='word_1_537' title='bbox 2663 2785 2771 2837; x_wconf 83' lang='grc' dir='ltr'><strong>τῶν</strong></span> <span class='ocrx_word' id='word_1_538' title='bbox 2787 2783 2885 2837; x_wconf 82' lang='grc' dir='ltr'><strong>ἀνθ</strong></span> <span class='ocrx_word' id='word_1_539' title='bbox 2893 2781 3090 2854; x_wconf 87' lang='grc' dir='ltr'>ρώπων</span> <span class='ocrx_word' id='word_1_540' title='bbox 3125 2783 3554 2847; x_wconf 79' lang='grc' dir='ltr'>ὲπιδεικτιῶντες</span> <span class='ocrx_word' id='word_1_541' title='bbox 3577 2786 3714 2854; x_wconf 75' lang='grc' dir='ltr'><strong>(5η,</strong></span> 
     </span>
    </p>
   </div>
   <div class='ocr_carea' id='block_1_73' title="bbox 2137 2875 3714 2951">
    <p class='ocr_par' dir='ltr' id='par_1_73' title="bbox 2137 2875 3714 2951">
     <span class='ocr_line' id='line_1_73' title="bbox 2137 2875 3714 2951; baseline -0.001 -19"><span class='ocrx_word' id='word_1_542' title='bbox 2137 2879 2337 2951; x_wconf 85' lang='grc' dir='ltr'>πολλήν</span> <span class='ocrx_word' id='word_1_543' title='bbox 2364 2896 2485 2932; x_wconf 87' lang='grc' dir='ltr'>τινα</span> <span class='ocrx_word' id='word_1_544' title='bbox 2517 2877 2611 2931; x_wconf 76' lang='grc' dir='ltr'>καὶ</span> <span class='ocrx_word' id='word_1_545' title='bbox 2662 2875 2802 2929; x_wconf 83' lang='grc' dir='ltr'>πάνυ</span> <span class='ocrx_word' id='word_1_546' title='bbox 2850 2875 3052 2946; x_wconf 78' lang='grc' dir='ltr'>θνητὴν</span> <span class='ocrx_word' id='word_1_547' title='bbox 3096 2875 3406 2946; x_wconf 78' lang='grc' dir='ltr'>φιλοτιμίαν</span> <span class='ocrx_word' id='word_1_548' title='bbox 3445 2875 3540 2928; x_wconf 90' lang='grc' dir='ltr'><strong>τοῦ</strong></span> <span class='ocrx_word' id='word_1_549' title='bbox 3575 2875 3714 2932; x_wconf 85' lang='grc' dir='ltr'>Θεοῦ</span> 
     </span>
    </p>
   </div>
   <div class='ocr_carea' id='block_1_74' title="bbox 2136 2963 3717 3042">
    <p class='ocr_par' dir='ltr' id='par_1_74' title="bbox 2136 2963 3717 3042">
     <span class='ocr_line' id='line_1_74' title="bbox 2136 2963 3717 3042; baseline -0.001 -18"><span class='ocrx_word' id='word_1_550' title='bbox 2136 2969 2634 3042; x_wconf 88' lang='grc' dir='ltr'>καταμαρτυροῦσι.</span> <span class='ocrx_word' id='word_1_551' title='bbox 2695 2987 2713 3020; x_wconf 79' lang='grc' dir='ltr'><strong>ι</strong></span> <span class='ocrx_word' id='word_1_552' title='bbox 2778 2969 2960 3038; x_wconf 83' lang='grc' dir='ltr'>Φαμὲν</span> <span class='ocrx_word' id='word_1_553' title='bbox 3016 2963 3129 3031; x_wconf 79' lang='grc' dir='ltr'>οῦν,</span> <span class='ocrx_word' id='word_1_554' title='bbox 3186 2968 3288 3032; x_wconf 82' lang='grc' dir='ltr'>ὅτι,</span> <span class='ocrx_word' id='word_1_555' title='bbox 3351 2967 3717 3038; x_wconf 75' lang='grc' dir='ltr'>ἀγνοούμενος</span> 
     </span>
    </p>
   </div>
   <div class='ocr_carea' id='block_1_75' title="bbox 2136 3058 3716 3138">
    <p class='ocr_par' dir='ltr' id='par_1_75' title="bbox 2136 3058 3716 3138">
     <span class='ocr_line' id='line_1_75' title="bbox 2136 3058 3716 3138; baseline -0.001 -22"><span class='ocrx_word' id='word_1_556' title='bbox 2136 3062 2269 3127; x_wconf 89' lang='grc' dir='ltr'>Θεὸς</span> <span class='ocrx_word' id='word_1_557' title='bbox 2315 3063 2434 3138; x_wconf 58' lang='lat' dir='ltr'><strong>om}</strong></span> <span class='ocrx_word' id='word_1_558' title='bbox 2459 3060 2677 3130; x_wconf 87' lang='grc' dir='ltr'>φαύλων</span> <span class='ocrx_word' id='word_1_559' title='bbox 2718 3058 3052 3131; x_wconf 80' lang='grc' dir='ltr'>ἀνθρώπων,</span> <span class='ocrx_word' id='word_1_560' title='bbox 3103 3059 3163 3112; x_wconf 84' lang='grc' dir='ltr'><strong>οὐ</strong></span> <span class='ocrx_word' id='word_1_561' title='bbox 3226 3059 3376 3131; x_wconf 89' lang='grc' dir='ltr'><strong>παρά</strong></span> <span class='ocrx_word' id='word_1_562' title='bbox 3431 3059 3492 3112; x_wconf 84' lang='grc' dir='ltr'><strong>τὸ</strong></span> <span class='ocrx_word' id='word_1_563' title='bbox 3550 3061 3716 3124; x_wconf 74' lang='grc' dir='ltr'>αὐτὸς</span> 
     </span>
    </p>
   </div>
   <div class='ocr_carea' id='block_1_76' title="bbox 2137 3151 3715 3224">
    <p class='ocr_par' dir='ltr' id='par_1_76' title="bbox 2137 3151 3715 3224">
     <span class='ocr_line' id='line_1_76' title="bbox 2137 3151 3715 3224; baseline -0.003 -16"><span class='ocrx_word' id='word_1_564' title='bbox 2137 3154 2352 3208; x_wconf 80' lang='grc' dir='ltr'>ἔλαττον</span> <span class='ocrx_word' id='word_1_565' title='bbox 2385 3153 2526 3224; x_wconf 81' lang='grc' dir='ltr'>ἔχειν</span> <span class='ocrx_word' id='word_1_566' title='bbox 2546 3152 2718 3206; x_wconf 88' lang='grc' dir='ltr'>δοκεῖν</span> <span class='ocrx_word' id='word_1_567' title='bbox 2750 3152 2890 3205; x_wconf 88' lang='grc' dir='ltr'>θέλοι</span> <span class='ocrx_word' id='word_1_568' title='bbox 2916 3152 2980 3205; x_wconf 84' lang='grc' dir='ltr'><strong>ἂν</strong></span> <span class='ocrx_word' id='word_1_569' title='bbox 3010 3151 3333 3222; x_wconf 81' lang='grc' dir='ltr'>γνωσθῆναι,</span> <span class='ocrx_word' id='word_1_570' title='bbox 3364 3151 3498 3205; x_wconf 85' lang='grc' dir='ltr'><strong>ἀλλά</strong></span> <span class='ocrx_word' id='word_1_571' title='bbox 3525 3153 3589 3206; x_wconf 87' lang='grc' dir='ltr'><strong>τὸ</strong></span> <span class='ocrx_word' id='word_1_572' title='bbox 3616 3152 3715 3224; x_wconf 58' lang='grc' dir='ltr'>τὴν</span> 
     </span>
    </p>
   </div>
   <div class='ocr_carea' id='block_1_77' title="bbox 2138 3242 3716 3315">
    <p class='ocr_par' dir='ltr' id='par_1_77' title="bbox 2138 3242 3716 3315">
     <span class='ocr_line' id='line_1_77' title="bbox 2138 3242 3716 3315; baseline -0.002 -17"><span class='ocrx_word' id='word_1_573' title='bbox 2138 3245 2337 3315; x_wconf 82' lang='grc' dir='ltr'>γνῶσιν</span> <span class='ocrx_word' id='word_1_574' title='bbox 2372 3243 2533 3298; x_wconf 78' lang='grc' dir='ltr'>αὑτοῦ</span> <span class='ocrx_word' id='word_1_575' title='bbox 2566 3243 2978 3314; x_wconf 84' lang='grc' dir='ltr'>κακοδαιμονίας</span> <span class='ocrx_word' id='word_1_576' title='bbox 3002 3242 3369 3297; x_wconf 80' lang='grc' dir='ltr'>ἀπαλλάσσειν</span> <span class='ocrx_word' id='word_1_577' title='bbox 3407 3243 3495 3297; x_wconf 87' lang='grc' dir='ltr'><strong>τὸν</strong></span> <span class='ocrx_word' id='word_1_578' title='bbox 3522 3243 3716 3311; x_wconf 75' lang='grc' dir='ltr'>γιγνώ-</span> 
     </span>
    </p>
   </div>
   <div class='ocr_carea' id='block_1_78' title="bbox 2140 3333 3714 3406">
    <p class='ocr_par' dir='ltr' id='par_1_78' title="bbox 2140 3333 3714 3406">
     <span class='ocr_line' id='line_1_78' title="bbox 2140 3333 3714 3406; baseline -0.003 -16"><span class='ocrx_word' id='word_1_579' title='bbox 2140 3353 2336 3391; x_wconf 85' lang='grc' dir='ltr'>σκοντα</span> <span class='ocrx_word' id='word_1_580' title='bbox 2359 3353 2372 3367; x_wconf 88' lang='grc'><strong>·</strong></span> <span class='ocrx_word' id='word_1_581' title='bbox 2399 3335 2515 3388; x_wconf 85' lang='grc' dir='ltr'>ἀλλ’</span> <span class='ocrx_word' id='word_1_582' title='bbox 2549 3334 2668 3388; x_wconf 75' lang='grc' dir='ltr'>οὐδὲ</span> <span class='ocrx_word' id='word_1_583' title='bbox 2697 3334 3045 3406; x_wconf 83' lang='grc' dir='ltr'>διαπειράσαι</span> <span class='ocrx_word' id='word_1_584' title='bbox 3079 3333 3250 3386; x_wconf 83' lang='grc' dir='ltr'>θέλων</span> <span class='ocrx_word' id='word_1_585' title='bbox 3277 3334 3405 3398; x_wconf 75' lang='grc' dir='ltr'>τοὺς</span> <span class='ocrx_word' id='word_1_586' title='bbox 3433 3334 3714 3387; x_wconf 85' lang='grc' dir='ltr'>πιστεύον-</span> 
     </span>
    </p>
   </div>
   <div class='ocr_carea' id='block_1_79' title="bbox 2135 3425 3713 3500">
    <p class='ocr_par' dir='ltr' id='par_1_79' title="bbox 2135 3425 3713 3500">
     <span class='ocr_line' id='line_1_79' title="bbox 2135 3425 3713 3500; baseline -0.004 -17"><span class='ocrx_word' id='word_1_587' title='bbox 2135 3447 2254 3494; x_wconf 87' lang='grc' dir='ltr'>τας,</span> <span class='ocrx_word' id='word_1_588' title='bbox 2296 3429 2330 3500; x_wconf 85' lang='grc' dir='ltr'><strong>ἢ</strong></span> <span class='ocrx_word' id='word_1_589' title='bbox 2377 3428 2502 3491; x_wconf 75' lang='grc' dir='ltr'>τοὺς</span> <span class='ocrx_word' id='word_1_590' title='bbox 2542 3426 2926 3489; x_wconf 85' lang='grc' dir='ltr'>ἀπιστοῦντας,</span> <span class='ocrx_word' id='word_1_591' title='bbox 2976 3426 3096 3497; x_wconf 80' lang='grc' dir='ltr'>ἤτοι</span> <span class='ocrx_word' id='word_1_592' title='bbox 3146 3425 3308 3489; x_wconf 83' lang='grc' dir='ltr'>αὐτὸς</span> <span class='ocrx_word' id='word_1_593' title='bbox 3357 3427 3583 3498; x_wconf 68' lang='grc' dir='ltr'>ἀρρήτῳ</span> <span class='ocrx_word' id='word_1_594' title='bbox 3621 3427 3713 3480; x_wconf 72' lang='grc' dir='ltr'><strong>καὶ</strong></span> 
     </span>
    </p>
   </div>
   <div class='ocr_carea' id='block_1_80' title="bbox 2135 3516 3710 3592">
    <p class='ocr_par' dir='ltr' id='par_1_80' title="bbox 2135 3516 3710 3592">
     <span class='ocr_line' id='line_1_80' title="bbox 2135 3516 3710 3592; baseline -0.004 -17"><span class='ocrx_word' id='word_1_595' title='bbox 2135 3520 2258 3592; x_wconf 79' lang='grc' dir='ltr'>θείᾳ</span> <span class='ocrx_word' id='word_1_596' title='bbox 2287 3520 2511 3591; x_wconf 81' lang='grc' dir='ltr'>δυνάμει</span> <span class='ocrx_word' id='word_1_597' title='bbox 2544 3518 2600 3572; x_wconf 83' lang='grc' dir='ltr'><strong>έν</strong></span> <span class='ocrx_word' id='word_1_598' title='bbox 2638 3534 2778 3571; x_wconf 91' lang='grc' dir='ltr'>τισιν</span> <span class='ocrx_word' id='word_1_599' title='bbox 2811 3518 3083 3588; x_wconf 76' lang='grc' dir='ltr'>ἐπιδημεῖ,</span> <span class='ocrx_word' id='word_1_600' title='bbox 3113 3517 3145 3588; x_wconf 78' lang='grc' dir='ltr'><strong>ἢ</strong></span> <span class='ocrx_word' id='word_1_601' title='bbox 3187 3516 3394 3587; x_wconf 83' lang='grc' dir='ltr'>πέμπει</span> <span class='ocrx_word' id='word_1_602' title='bbox 3444 3517 3535 3569; x_wconf 85' lang='grc' dir='ltr'><strong>τὸν</strong></span> <span class='ocrx_word' id='word_1_603' title='bbox 3578 3519 3710 3588; x_wconf 78' lang='grc' dir='ltr'>Χρι-</span> 
     </span>
    </p>
   </div>
   <div class='ocr_carea' id='block_1_81' title="bbox 2137 3606 3713 3680">
    <p class='ocr_par' dir='ltr' id='par_1_81' title="bbox 2137 3606 3713 3680">
     <span class='ocr_line' id='line_1_81' title="bbox 2137 3606 3713 3680; baseline -0.005 -11"><span class='ocrx_word' id='word_1_604' title='bbox 2137 3616 2261 3669; x_wconf 89' lang='grc' dir='ltr'>στὸν</span> <span class='ocrx_word' id='word_1_605' title='bbox 2291 3613 2476 3678; x_wconf 78' lang='grc' dir='ltr'>αὑτοῦ,</span> <span class='ocrx_word' id='word_1_606' title='bbox 2512 3610 2625 3665; x_wconf 86' lang='grc' dir='ltr'>ἀλλ’</span> <span class='ocrx_word' id='word_1_607' title='bbox 2659 3610 2805 3680; x_wconf 82' lang='grc' dir='ltr'>ὑπὲρ</span> <span class='ocrx_word' id='word_1_608' title='bbox 2836 3608 2927 3661; x_wconf 89' lang='grc' dir='ltr'><strong>τοῦ</strong></span> <span class='ocrx_word' id='word_1_609' title='bbox 2967 3606 3317 3671; x_wconf 85' lang='grc' dir='ltr'>πιστεύοντας</span> <span class='ocrx_word' id='word_1_610' title='bbox 3351 3607 3448 3678; x_wconf 81' lang='grc' dir='ltr'><strong>μὲν</strong></span> <span class='ocrx_word' id='word_1_611' title='bbox 3497 3609 3594 3661; x_wconf 70' lang='grc' dir='ltr'><strong>καὶ</strong></span> <span class='ocrx_word' id='word_1_612' title='bbox 3618 3625 3713 3661; x_wconf 84' lang='grc' dir='ltr'>κα-</span> 
     </span>
    </p>
   </div>
   <div class='ocr_carea' id='block_1_82' title="bbox 2133 3699 3710 3778">
    <p class='ocr_par' dir='ltr' id='par_1_82' title="bbox 2133 3699 3710 3778">
     <span class='ocr_line' id='line_1_82' title="bbox 2133 3699 3710 3778; baseline -0.005 -18"><span class='ocrx_word' id='word_1_613' title='bbox 2133 3707 2578 3778; x_wconf 72' lang='grc' dir='ltr'>ταλαμϐάνοντας</span> <span class='ocrx_word' id='word_1_614' title='bbox 2609 3701 2773 3756; x_wconf 81' lang='grc' dir='ltr'>αὐτοῦ</span> <span class='ocrx_word' id='word_1_615' title='bbox 2827 3702 2925 3771; x_wconf 81' lang='grc' dir='ltr'><strong>τὴν</strong></span> <span class='ocrx_word' id='word_1_616' title='bbox 2988 3699 3237 3772; x_wconf 88' lang='grc' dir='ltr'>θεότητα,</span> <span class='ocrx_word' id='word_1_617' title='bbox 3274 3700 3710 3754; x_wconf 78' lang='grc' dir='ltr'>ἀπαλλάσσεσθαι</span> 
     </span>
    </p>
   </div>
   <div class='ocr_carea' id='block_1_83' title="bbox 2135 3791 3709 3870">
    <p class='ocr_par' dir='ltr' id='par_1_83' title="bbox 2135 3791 3709 3870">
     <span class='ocr_line' id='line_1_83' title="bbox 2135 3791 3709 3870; baseline -0.006 -18"><span class='ocrx_word' id='word_1_618' title='bbox 2135 3800 2317 3870; x_wconf 72' lang='grc' dir='ltr'>πάσης</span> <span class='ocrx_word' id='word_1_619' title='bbox 2349 3794 2786 3867; x_wconf 84' lang='grc' dir='ltr'>κακοδαιμονίας,</span> <span class='ocrx_word' id='word_1_620' title='bbox 2834 3792 3194 3856; x_wconf 84' lang='grc' dir='ltr'>ἀπιστοῦντας</span> <span class='ocrx_word' id='word_1_621' title='bbox 3241 3791 3298 3845; x_wconf 81' lang='grc' dir='ltr'>δὲ</span> <span class='ocrx_word' id='word_1_622' title='bbox 3349 3792 3474 3863; x_wconf 90' lang='grc' dir='ltr'>μηδ’</span> <span class='ocrx_word' id='word_1_623' title='bbox 3515 3792 3709 3844; x_wconf 83' lang='grc' dir='ltr'>ἀπολο-</span> 
     </span>
    </p>
   </div>
   <div class='ocr_carea' id='block_1_84' title="bbox 2135 3883 3710 3961">
    <p class='ocr_par' dir='ltr' id='par_1_84' title="bbox 2135 3883 3710 3961">
     <span class='ocr_line' id='line_1_84' title="bbox 2135 3883 3710 3961; baseline -0.006 -18"><span class='ocrx_word' id='word_1_624' title='bbox 2135 3890 2259 3959; x_wconf 84' lang='grc' dir='ltr'>γίας</span> <span class='ocrx_word' id='word_1_625' title='bbox 2291 3889 2369 3943; x_wconf 78' lang='grc' dir='ltr'>ἔτι</span> <span class='ocrx_word' id='word_1_626' title='bbox 2403 3889 2590 3961; x_wconf 81' lang='grc' dir='ltr'>χώραν</span> <span class='ocrx_word' id='word_1_627' title='bbox 2615 3887 2780 3957; x_wconf 72' lang='grc' dir='ltr'>ἔχειν,</span> <span class='ocrx_word' id='word_1_628' title='bbox 2810 3885 2884 3949; x_wconf 82' lang='grc' dir='ltr'>ὡς</span> <span class='ocrx_word' id='word_1_629' title='bbox 2918 3883 3070 3955; x_wconf 86' lang='grc' dir='ltr'>παρά</span> <span class='ocrx_word' id='word_1_630' title='bbox 3095 3885 3154 3936; x_wconf 89' lang='grc' dir='ltr'><strong>τὸ</strong></span> <span class='ocrx_word' id='word_1_631' title='bbox 3190 3883 3264 3954; x_wconf 82' lang='grc' dir='ltr'>μὴ</span> <span class='ocrx_word' id='word_1_632' title='bbox 3290 3883 3588 3954; x_wconf 76' lang='grc' dir='ltr'>ἀκηκοέναι</span> <span class='ocrx_word' id='word_1_633' title='bbox 3622 3884 3710 3935; x_wconf 76' lang='grc' dir='ltr'><strong>καὶ</strong></span> 
     </span>
    </p>
   </div>
   <div class='ocr_carea' id='block_1_85' title="bbox 2135 3968 3709 4052">
    <p class='ocr_par' dir='ltr' id='par_1_85' title="bbox 2135 3968 3709 4052">
     <span class='ocr_line' id='line_1_85' title="bbox 2135 3968 3709 4052; baseline -0.006 -18"><span class='ocrx_word' id='word_1_634' title='bbox 2135 3981 2514 4052; x_wconf 81' lang='grc' dir='ltr'>δεδιδάχθαιού</span> <span class='ocrx_word' id='word_1_635' title='bbox 2547 3975 2944 4040; x_wconf 82' lang='grc' dir='ltr'>πιστεύσαντας</span> <span class='ocrx_word' id='word_1_636' title='bbox 2967 3975 3099 4044; x_wconf 87' lang='grc'>(58).</span> <span class='ocrx_word' id='word_1_637' title='bbox 3135 3973 3232 4036; x_wconf 88' lang='grc' dir='ltr'><strong>Τίς</strong></span> <span class='ocrx_word' id='word_1_638' title='bbox 3265 3968 3362 4051; x_wconf 81' lang='grc' dir='ltr'><strong>οῦν</strong></span> <span class='ocrx_word' id='word_1_639' title='bbox 3381 3972 3539 4042; x_wconf 85' lang='grc' dir='ltr'>λόγος</span> <span class='ocrx_word' id='word_1_640' title='bbox 3574 3989 3709 4043; x_wconf 66' lang='grc' dir='ltr'>παρα</span> 
     </span>
    </p>
   </div>
   <div class='ocr_carea' id='block_1_86' title="bbox 2140 4059 3709 4144">
    <p class='ocr_par' dir='ltr' id='par_1_86' title="bbox 2140 4059 3709 4144">
     <span class='ocr_line' id='line_1_86' title="bbox 2140 4059 3709 4144; baseline -0.01 -19"><span class='ocrx_word' id='word_1_641' title='bbox 2140 4073 2348 4144; x_wconf 87' lang='grc' dir='ltr'>ίστησιν</span> <span class='ocrx_word' id='word_1_642' title='bbox 2402 4067 2712 4124; x_wconf 84' lang='grc' dir='ltr'>ἀκολουθεῖν</span> <span class='ocrx_word' id='word_1_643' title='bbox 2764 4065 2894 4136; x_wconf 83' lang='grc' dir='ltr'>ἡμῖν</span> <span class='ocrx_word' id='word_1_644' title='bbox 2955 4062 3014 4116; x_wconf 87' lang='grc' dir='ltr'><strong>τὸ</strong></span> <span class='ocrx_word' id='word_1_645' title='bbox 3059 4063 3148 4116; x_wconf 88' lang='grc' dir='ltr'><strong>τὸν</strong></span> <span class='ocrx_word' id='word_1_646' title='bbox 3214 4059 3348 4112; x_wconf 89' lang='grc' dir='ltr'>Θεὸν</span> <span class='ocrx_word' id='word_1_647' title='bbox 3398 4059 3522 4114; x_wconf 73' lang='grc' dir='ltr'>καθ’</span> <span class='ocrx_word' id='word_1_648' title='bbox 3567 4061 3709 4130; x_wconf 72' lang='grc' dir='ltr'>ἡμᾶς</span> 
     </span>
    </p>
   </div>
   <div class='ocr_carea' id='block_1_87' title="bbox 2135 4151 3708 4227">
    <p class='ocr_par' dir='ltr' id='par_1_87' title="bbox 2135 4151 3708 4227">
     <span class='ocr_line' id='line_1_87' title="bbox 2135 4151 3708 4227; baseline -0.01 -11"><span class='ocrx_word' id='word_1_649' title='bbox 2135 4159 2294 4227; x_wconf 77' lang='grc' dir='ltr'>εἶναι,</span> <span class='ocrx_word' id='word_1_650' title='bbox 2338 4161 2413 4224; x_wconf 81' lang='grc' dir='ltr'>ὡς</span> <span class='ocrx_word' id='word_1_651' title='bbox 2463 4161 2587 4223; x_wconf 75' lang='grc' dir='ltr'>τοὺς</span> <span class='ocrx_word' id='word_1_652' title='bbox 2638 4156 2986 4218; x_wconf 80' lang='grc' dir='ltr'>νεοπλούτους</span> <span class='ocrx_word' id='word_1_653' title='bbox 3019 4153 3126 4206; x_wconf 81' lang='grc' dir='ltr'>τῶν</span> <span class='ocrx_word' id='word_1_654' title='bbox 3168 4151 3474 4222; x_wconf 84' lang='grc' dir='ltr'>ἀνθρώπων</span> <span class='ocrx_word' id='word_1_655' title='bbox 3517 4151 3708 4202; x_wconf 73' lang='grc' dir='ltr'>ἐπιδει-</span> 
     </span>
    </p>
   </div>
   <div class='ocr_carea' id='block_1_88' title="bbox 2136 4243 3706 4323">
    <p class='ocr_par' dir='ltr' id='par_1_88' title="bbox 2136 4243 3706 4323">
     <span class='ocr_line' id='line_1_88' title="bbox 2136 4243 3706 4323; baseline -0.008 -15"><span class='ocrx_word' id='word_1_656' title='bbox 2136 4255 2437 4318; x_wconf 83' lang='grc' dir='ltr'>κτιῶντας;</span> <span class='ocrx_word' id='word_1_657' title='bbox 2489 4252 2562 4305; x_wconf 81' lang='grc' dir='ltr'><strong>Οὐ</strong></span> <span class='ocrx_word' id='word_1_658' title='bbox 2607 4249 2716 4323; x_wconf 87' lang='grc' dir='ltr'>γὰρ</span> <span class='ocrx_word' id='word_1_659' title='bbox 2767 4246 3065 4317; x_wconf 77' lang='grc' dir='ltr'>ὲπιδεικτιᾷ</span> <span class='ocrx_word' id='word_1_660' title='bbox 3110 4246 3138 4298; x_wconf 85' lang='grc' dir='ltr'><strong>ὁ</strong></span> <span class='ocrx_word' id='word_1_661' title='bbox 3182 4243 3315 4307; x_wconf 86' lang='grc' dir='ltr'>Θεὸς</span> <span class='ocrx_word' id='word_1_662' title='bbox 3364 4243 3502 4315; x_wconf 86' lang='grc' dir='ltr'>πρὸς</span> <span class='ocrx_word' id='word_1_663' title='bbox 3544 4245 3706 4314; x_wconf 76' lang='grc' dir='ltr'>ἡμᾶς,</span> 
     </span>
    </p>
   </div>
   <div class='ocr_carea' id='block_1_89' title="bbox 2137 4333 3706 4417">
    <p class='ocr_par' dir='ltr' id='par_1_89' title="bbox 2137 4333 3706 4417">
     <span class='ocr_line' id='line_1_89' title="bbox 2137 4333 3706 4417; baseline -0.008 -19"><span class='ocrx_word' id='word_1_664' title='bbox 2137 4345 2453 4417; x_wconf 85' lang='grc' dir='ltr'>βουλόμενος</span> <span class='ocrx_word' id='word_1_665' title='bbox 2483 4342 2632 4412; x_wconf 80' lang='grc' dir='ltr'>ἡμᾶς</span> <span class='ocrx_word' id='word_1_666' title='bbox 2659 4341 2893 4393; x_wconf 82' lang='grc' dir='ltr'>συνιέναι</span> <span class='ocrx_word' id='word_1_667' title='bbox 2924 4337 3017 4390; x_wconf 72' lang='grc' dir='ltr'><strong>καὶ</strong></span> <span class='ocrx_word' id='word_1_668' title='bbox 3042 4338 3180 4389; x_wconf 89' lang='grc' dir='ltr'>νοεῖν</span> <span class='ocrx_word' id='word_1_669' title='bbox 3217 4333 3380 4387; x_wconf 85' lang='grc' dir='ltr'>αὑτοῦ</span> <span class='ocrx_word' id='word_1_670' title='bbox 3412 4333 3510 4404; x_wconf 80' lang='grc' dir='ltr'>τὴν</span> <span class='ocrx_word' id='word_1_671' title='bbox 3538 4335 3706 4403; x_wconf 80' lang='grc' dir='ltr'>ὑπερ-</span> 
     </span>
    </p>
   </div>
   <div class='ocr_carea' id='block_1_90' title="bbox 2135 4423 3712 4507">
    <p class='ocr_par' dir='ltr' id='par_1_90' title="bbox 2135 4423 3712 4507">
     <span class='ocr_line' id='line_1_90' title="bbox 2135 4423 3712 4507; baseline -0.008 -18"><span class='ocrx_word' id='word_1_672' title='bbox 2135 4437 2264 4507; x_wconf 83' lang='grc' dir='ltr'>οχήν</span> <span class='ocrx_word' id='word_1_673' title='bbox 2297 4432 2439 4505; x_wconf 82' lang='grc'>(59)·</span> <span class='ocrx_word' id='word_1_674' title='bbox 2475 4430 2611 4485; x_wconf 87' lang='grc' dir='ltr'>ἀλλὰ</span> <span class='ocrx_word' id='word_1_675' title='bbox 2641 4429 2737 4501; x_wconf 86' lang='grc' dir='ltr'>τὴν</span> <span class='ocrx_word' id='word_1_676' title='bbox 2772 4429 2881 4482; x_wconf 89' lang='grc' dir='ltr'><strong>ἀπὸ</strong></span> <span class='ocrx_word' id='word_1_677' title='bbox 2911 4425 3006 4480; x_wconf 91' lang='grc' dir='ltr'><strong>τοῦ</strong></span> <span class='ocrx_word' id='word_1_678' title='bbox 3041 4424 3441 4494; x_wconf 82' lang='grc' dir='ltr'>γιγνώσκεσθαι</span> <span class='ocrx_word' id='word_1_679' title='bbox 3464 4425 3597 4494; x_wconf 73' lang='grc' dir='ltr'>ἡμῖν</span> <span class='ocrx_word' id='word_1_680' title='bbox 3621 4423 3712 4476; x_wconf 80' lang='grc' dir='ltr'><strong>αὖ·</strong></span> 
     </span>
    </p>
   </div>
   <div class='ocr_carea' id='block_1_91' title="bbox 461 4515 2032 4608">
    <p class='ocr_par' dir='ltr' id='par_1_91' title="bbox 461 4528 2032 4608">
     <span class='ocr_line' id='line_1_91' title="bbox 461 4528 2032 4608; baseline -0.017 -2"><span class='ocrx_word' id='word_1_681' title='bbox 461 4548 998 4606; x_wconf 70' lang='lat' dir='ltr'><strong>animis‘felicitatem</strong></span> <span class='ocrx_word' id='word_1_682' title='bbox 1048 4544 1102 4598; x_wconf 92' lang='lat' dir='ltr'><strong>in</strong></span> <span class='ocrx_word' id='word_1_683' title='bbox 1149 4541 1232 4598; x_wconf 88' lang='lat' dir='ltr'><strong>sui</strong></span> <span class='ocrx_word' id='word_1_684' title='bbox 1277 4538 1591 4608; x_wconf 81' lang='lat' dir='ltr'><strong>cognitione</strong></span> <span class='ocrx_word' id='word_1_685' title='bbox 1641 4528 1872 4601; x_wconf 80' lang='lat' dir='ltr'><strong>positam</strong></span> <span class='ocrx_word' id='word_1_686' title='bbox 1907 4543 2032 4582; x_wconf 85' lang='lat' dir='ltr'><strong>con-</strong></span> 
     </span>
    </p>
   </div>
   <div class='ocr_carea' id='block_1_92' title="bbox 2142 4515 3708 4608">
    <p class='ocr_par' dir='ltr' id='par_1_92' title="bbox 2142 4515 3708 4596">
     <span class='ocr_line' id='line_1_92' title="bbox 2142 4515 3708 4596; baseline -0.012 -13"><span class='ocrx_word' id='word_1_687' title='bbox 2142 4530 2230 4583; x_wconf 88' lang='grc' dir='ltr'><strong>τὸν</strong></span> <span class='ocrx_word' id='word_1_688' title='bbox 2260 4524 2614 4596; x_wconf 79' lang='grc' dir='ltr'>ὲγγινομένην</span> <span class='ocrx_word' id='word_1_689' title='bbox 2643 4523 2763 4585; x_wconf 84' lang='grc' dir='ltr'>ταῖς</span> <span class='ocrx_word' id='word_1_690' title='bbox 2791 4520 2988 4591; x_wconf 78' lang='grc' dir='ltr'>ψυχαῖς</span> <span class='ocrx_word' id='word_1_691' title='bbox 3020 4516 3176 4589; x_wconf 83' lang='grc' dir='ltr'>ἡμῶν</span> <span class='ocrx_word' id='word_1_692' title='bbox 3215 4515 3594 4588; x_wconf 81' lang='grc' dir='ltr'>μακαριότητα</span> <span class='ocrx_word' id='word_1_693' title='bbox 3618 4515 3708 4584; x_wconf 76' lang='grc' dir='ltr'><strong>ἐμ-</strong></span> 
     </span>
    </p>
   </div>
   <div class='ocr_carea' id='block_1_93' title="bbox 458 4619 2037 4710">
    <p class='ocr_par' dir='ltr' id='par_1_93' title="bbox 458 4619 2037 4710">
     <span class='ocr_line' id='line_1_93' title="bbox 458 4619 2037 4710; baseline -0.016 -13"><span class='ocrx_word' id='word_1_694' title='bbox 458 4641 606 4697; x_wconf 80' lang='lat' dir='ltr'><strong>ferre</strong></span> <span class='ocrx_word' id='word_1_695' title='bbox 635 4647 805 4710; x_wconf 88' lang='lat' dir='ltr'><strong>optat,</strong></span> <span class='ocrx_word' id='word_1_696' title='bbox 829 4639 899 4694; x_wconf 92' lang='lat' dir='ltr'><strong>ob</strong></span> <span class='ocrx_word' id='word_1_697' title='bbox 923 4637 1067 4691; x_wconf 88' lang='lat' dir='ltr'><strong>hanc</strong></span> <span class='ocrx_word' id='word_1_698' title='bbox 1113 4647 1226 4688; x_wconf 92' lang='lat' dir='ltr'><strong>rem</strong></span> <span class='ocrx_word' id='word_1_699' title='bbox 1270 4628 1482 4686; x_wconf 89' lang='lat' dir='ltr'><strong>curavit</strong></span> <span class='ocrx_word' id='word_1_700' title='bbox 1524 4635 1583 4680; x_wconf 93' lang='lat' dir='ltr'><strong>ut</strong></span> <span class='ocrx_word' id='word_1_701' title='bbox 1621 4624 1868 4680; x_wconf 86' lang='lat' dir='ltr'><strong>Christus</strong></span> <span class='ocrx_word' id='word_1_702' title='bbox 1898 4619 2037 4673; x_wconf 57' lang='grc' dir='ltr'>νει-ε</span> 
     </span>
    </p>
   </div>
   <div class='ocr_carea' id='block_1_94' title="bbox 457 4711 2031 4802">
    <p class='ocr_par' dir='ltr' id='par_1_94' title="bbox 457 4711 2031 4802">
     <span class='ocr_line' id='line_1_94' title="bbox 457 4711 2031 4802; baseline -0.015 -14"><span class='ocrx_word' id='word_1_703' title='bbox 457 4735 698 4802; x_wconf 76' lang='lat' dir='ltr'><strong>Dumque</strong></span> <span class='ocrx_word' id='word_1_704' title='bbox 730 4737 989 4801; x_wconf 88' lang='lat' dir='ltr'><strong>perpetuo</strong></span> <span class='ocrx_word' id='word_1_705' title='bbox 1037 4725 1177 4796; x_wconf 84' lang='lat' dir='ltr'><strong>apud</strong></span> <span class='ocrx_word' id='word_1_706' title='bbox 1206 4737 1304 4778; x_wconf 90' lang='lat' dir='ltr'><strong>nos</strong></span> <span class='ocrx_word' id='word_1_707' title='bbox 1332 4725 1665 4782; x_wconf 89' lang='lat' dir='ltr'><strong>versaretur,</strong></span> <span class='ocrx_word' id='word_1_708' title='bbox 1709 4727 1917 4782; x_wconf 82' lang='lat' dir='ltr'><strong>nosque</strong></span> <span class='ocrx_word' id='word_1_709' title='bbox 1963 4711 2031 4764; x_wconf 91' lang='lat' dir='ltr'><strong>ad</strong></span> 
     </span>
    </p>
   </div>
   <div class='ocr_carea' id='block_1_95' title="bbox 459 4808 2030 4893">
    <p class='ocr_par' dir='ltr' id='par_1_95' title="bbox 459 4808 2030 4893">
     <span class='ocr_line' id='line_1_95' title="bbox 459 4808 2030 4893; baseline -0.015 -15"><span class='ocrx_word' id='word_1_710' title='bbox 459 4825 580 4893; x_wconf 85' lang='lat' dir='ltr'><strong>ejus</strong></span> <span class='ocrx_word' id='word_1_711' title='bbox 607 4822 1032 4877; x_wconf 80' lang='lat' dir='ltr'><strong>familiaritatem</strong></span> <span class='ocrx_word' id='word_1_712' title='bbox 1077 4816 1352 4872; x_wconf 89' lang='lat' dir='ltr'><strong>invitaret.</strong></span> <span class='ocrx_word' id='word_1_713' title='bbox 1384 4810 1598 4865; x_wconf 83' lang='lat' dir='ltr'><strong>Nullam</strong></span> <span class='ocrx_word' id='word_1_714' title='bbox 1633 4808 1798 4876; x_wconf 77' lang='lat' dir='ltr'><strong>igitur</strong></span> <span class='ocrx_word' id='word_1_715' title='bbox 1825 4813 2030 4857; x_wconf 82' lang='lat' dir='ltr'><strong>morta-</strong></span> 
     </span>
    </p>
   </div>
   <div class='ocr_carea' id='block_1_96' title="bbox 460 4895 2028 4982">
    <p class='ocr_par' dir='ltr' id='par_1_96' title="bbox 460 4895 2028 4982">
     <span class='ocr_line' id='line_1_96' title="bbox 460 4895 2028 4982; baseline -0.015 -13"><span class='ocrx_word' id='word_1_716' title='bbox 460 4913 530 4969; x_wconf 91' lang='lat' dir='ltr'><strong>lis</strong></span> <span class='ocrx_word' id='word_1_717' title='bbox 574 4913 758 4982; x_wconf 77' lang='lat' dir='ltr'><strong>gloria:</strong></span> <span class='ocrx_word' id='word_1_718' title='bbox 796 4909 1148 4967; x_wconf 89' lang='lat' dir='ltr'><strong>ambitionem</strong></span> <span class='ocrx_word' id='word_1_719' title='bbox 1196 4904 1308 4960; x_wconf 91' lang='lat' dir='ltr'><strong>Deo</strong></span> <span class='ocrx_word' id='word_1_720' title='bbox 1356 4901 1547 4956; x_wconf 91' lang='lat' dir='ltr'><strong>tribuit</strong></span> <span class='ocrx_word' id='word_1_721' title='bbox 1591 4895 2028 4953; x_wconf 88' lang='lat' dir='ltr'><strong>Christianorqu</strong></span> 
     </span>
    </p>
   </div>
   <div class='ocr_carea' id='block_1_97' title="bbox 462 5007 620 5060">
    <p class='ocr_par' dir='ltr' id='par_1_97' title="bbox 462 5007 620 5060">
     <span class='ocr_line' id='line_1_97' title="bbox 462 5007 620 5060; baseline -0.013 0"><span class='ocrx_word' id='word_1_722' title='bbox 462 5007 620 5060; x_wconf 81' lang='lat' dir='ltr'><strong>ﬁdes.</strong></span> 
     </span>
    </p>
   </div>
   <div class='ocr_carea' id='block_1_98' title="bbox 531 5080 2031 5165">
    <p class='ocr_par' dir='ltr' id='par_1_98' title="bbox 531 5080 2031 5165">
     <span class='ocr_line' id='line_1_98' title="bbox 531 5080 2031 5165; baseline -0.016 -12"><span class='ocrx_word' id='word_1_723' title='bbox 531 5098 590 5152; x_wconf 85' lang='grc'><strong>’1.</strong></span> <span class='ocrx_word' id='word_1_724' title='bbox 631 5096 924 5165; x_wconf 86' lang='lat' dir='ltr'><strong>Postquam</strong></span> <span class='ocrx_word' id='word_1_725' title='bbox 955 5093 1068 5147; x_wconf 69' lang='lat' dir='ltr'><strong>haec</strong></span> <span class='ocrx_word' id='word_1_726' title='bbox 1095 5104 1216 5160; x_wconf 76' lang='lat' dir='ltr'><strong>quae</strong></span> <span class='ocrx_word' id='word_1_727' title='bbox 1240 5086 1542 5143; x_wconf 80' lang='lat' dir='ltr'><strong>refellimus</strong></span> <span class='ocrx_word' id='word_1_728' title='bbox 1570 5080 1768 5136; x_wconf 82' lang='lat' dir='ltr'><strong>frustra</strong></span> <span class='ocrx_word' id='word_1_729' title='bbox 1800 5087 2031 5147; x_wconf 86' lang='lat' dir='ltr'><strong>nugatus</strong></span> 
     </span>
    </p>
   </div>
   <div class='ocr_carea' id='block_1_99' title="bbox 461 5172 2028 5258">
    <p class='ocr_par' dir='ltr' id='par_1_99' title="bbox 461 5172 2028 5258">
     <span class='ocr_line' id='line_1_99' title="bbox 461 5172 2028 5258; baseline -0.017 -11"><span class='ocrx_word' id='word_1_730' title='bbox 461 5197 565 5255; x_wconf 86' lang='lat' dir='ltr'><strong>est,</strong></span> <span class='ocrx_word' id='word_1_731' title='bbox 594 5197 779 5258; x_wconf 88' lang='lat' dir='ltr'><strong>postea</strong></span> <span class='ocrx_word' id='word_1_732' title='bbox 809 5186 994 5242; x_wconf 75' lang='lat' dir='ltr'><strong>nescio</strong></span> <span class='ocrx_word' id='word_1_733' title='bbox 1029 5181 1298 5253; x_wconf 89' lang='lat' dir='ltr'><strong>quomodo</strong></span> <span class='ocrx_word' id='word_1_734' title='bbox 1329 5178 1623 5240; x_wconf 90' lang='lat' dir='ltr'><strong>concludit,</strong></span> <span class='ocrx_word' id='word_1_735' title='bbox 1659 5191 1677 5225; x_wconf 87' lang='grc' dir='ltr'>ι</span> <span class='ocrx_word' id='word_1_736' title='bbox 1722 5172 1889 5224; x_wconf 88' lang='lat' dir='ltr'><strong>Deum</strong></span> <span class='ocrx_word' id='word_1_737' title='bbox 1920 5183 2028 5222; x_wconf 90' lang='lat' dir='ltr'><strong>non</strong></span> 
     </span>
    </p>
   </div>
   <div class='ocr_carea' id='block_1_100' title="bbox 459 5266 2020 5353">
    <p class='ocr_par' dir='ltr' id='par_1_100' title="bbox 459 5266 2020 5353">
     <span class='ocr_line' id='line_1_100' title="bbox 459 5266 2020 5353; baseline -0.015 -17"><span class='ocrx_word' id='word_1_738' title='bbox 459 5291 682 5353; x_wconf 84' lang='lat' dir='ltr'><strong>prOpter</strong></span> <span class='ocrx_word' id='word_1_739' title='bbox 703 5295 763 5336; x_wconf 88' lang='lat' dir='ltr'><strong>se</strong></span> <span class='ocrx_word' id='word_1_740' title='bbox 807 5279 1048 5349; x_wconf 85' lang='lat' dir='ltr'><strong>indigere</strong></span> <span class='ocrx_word' id='word_1_741' title='bbox 1074 5282 1132 5328; x_wconf 92' lang='lat' dir='ltr'><strong>ut</strong></span> <span class='ocrx_word' id='word_1_742' title='bbox 1170 5278 1550 5342; x_wconf 82' lang='lat' dir='ltr'><strong>cognoscatur,</strong></span> <span class='ocrx_word' id='word_1_743' title='bbox 1577 5266 1670 5320; x_wconf 82' lang='lat' dir='ltr'><strong>sed</strong></span> <span class='ocrx_word' id='word_1_744' title='bbox 1700 5271 1898 5318; x_wconf 82' lang='lat' dir='ltr'><strong>nostrae</strong></span> <span class='ocrx_word' id='word_1_745' title='bbox 1930 5274 2020 5315; x_wconf 83' lang='lat' dir='ltr'><strong>sa-</strong></span> 
     </span>
    </p>
   </div>
   <div class='ocr_carea' id='block_1_101' title="bbox 530 5419 2022 5508">
    <p class='ocr_par' dir='ltr' id='par_1_101' title="bbox 530 5419 2022 5508">
     <span class='ocr_line' id='line_1_101' title="bbox 530 5419 2022 5508; baseline -0.017 -15"><span class='ocrx_word' id='word_1_746' title='bbox 530 5437 646 5508; x_wconf 70' lang='grc' dir='ltr'>(δι)</span> <span class='ocrx_word' id='word_1_747' title='bbox 678 5433 1080 5508; x_wconf 16' lang='grc' dir='ltr'><strong>ίδῃειιροιιυεῃίιι</strong></span> <span class='ocrx_word' id='word_1_748' title='bbox 1116 5439 1293 5508; x_wconf 76' lang='lat' dir='ltr'><strong>textu._</strong></span> <span class='ocrx_word' id='word_1_749' title='bbox 1316 5426 1411 5508; x_wconf 61' lang='grc' dir='ltr'>εὰν</span> <span class='ocrx_word' id='word_1_750' title='bbox 1437 5425 1545 5508; x_wconf 70' lang='grc' dir='ltr'>γὰρ</span> <span class='ocrx_word' id='word_1_751' title='bbox 1590 5422 1683 5477; x_wconf 73' lang='grc' dir='ltr'><strong>καὶ</strong></span> <span class='ocrx_word' id='word_1_752' title='bbox 1727 5419 2022 5474; x_wconf 76' lang='grc' dir='ltr'>ἐκλείπειν.</span> 
     </span>
    </p>
   </div>
   <div class='ocr_carea' id='block_1_102' title="bbox 461 5495 1620 5571">
    <p class='ocr_par' dir='ltr' id='par_1_102' title="bbox 461 5495 1620 5571">
     <span class='ocr_line' id='line_1_102' title="bbox 461 5495 1620 5571; baseline -0.014 -9"><span class='ocrx_word' id='word_1_753' title='bbox 461 5495 781 5562; x_wconf 66' lang='lat' dir='ltr'><strong>Bolierelltts</strong></span> <span class='ocrx_word' id='word_1_754' title='bbox 813 5504 962 5570; x_wconf 77' lang='lat' dir='ltr'><strong>legit,</strong></span> <span class='ocrx_word' id='word_1_755' title='bbox 991 5502 1086 5554; x_wconf 73' lang='grc' dir='ltr'><strong>ἕνα</strong></span> <span class='ocrx_word' id='word_1_756' title='bbox 1109 5500 1216 5571; x_wconf 77' lang='grc' dir='ltr'>γὰρ</span> <span class='ocrx_word' id='word_1_757' title='bbox 1248 5499 1297 5550; x_wconf 86' lang='grc' dir='ltr'>εί</span> <span class='ocrx_word' id='word_1_758' title='bbox 1330 5495 1620 5571; x_wconf 69' lang='grc' dir='ltr'>ἐκλείπειν.</span> 
     </span>
    </p>
   </div>
   <div class='ocr_carea' id='block_1_103' title="bbox 530 5559 2023 5648">
    <p class='ocr_par' dir='ltr' id='par_1_103' title="bbox 530 5559 2023 5648">
     <span class='ocr_line' id='line_1_103' title="bbox 530 5559 2023 5648; baseline -0.017 -15"><span class='ocrx_word' id='word_1_759' title='bbox 530 5559 1581 5648; x_wconf 23' lang='grc' dir='ltr'>(55)*(ξοιίιξιιἮιέεἰιιε,ἀᾶτοφανούμεθα,</span> <span class='ocrx_word' id='word_1_760' title='bbox 1637 5570 1805 5616; x_wconf 78' lang='lat' dir='ltr'><strong>recte.</strong></span> <span class='ocrx_word' id='word_1_761' title='bbox 1856 5559 2023 5619; x_wconf 76' lang='lat' dir='ltr'><strong>Alias,</strong></span> 
     </span>
    </p>
   </div>
   <div class='ocr_carea' id='block_1_104' title="bbox 458 5643 889 5716">
    <p class='ocr_par' dir='ltr' id='par_1_104' title="bbox 458 5643 889 5716">
     <span class='ocr_line' id='line_1_104' title="bbox 458 5643 889 5716; baseline -0.021 -14"><span class='ocrx_word' id='word_1_762' title='bbox 458 5643 889 5716; x_wconf 77' lang='grc' dir='ltr'>ἀποφαινόμεθα.</span> 
     </span>
    </p>
   </div>
   <div class='ocr_carea' id='block_1_105' title="bbox 530 5697 2024 5787">
    <p class='ocr_par' dir='ltr' id='par_1_105' title="bbox 530 5697 2024 5787">
     <span class='ocr_line' id='line_1_105' title="bbox 530 5697 2024 5787; baseline -0.019 -13"><span class='ocrx_word' id='word_1_763' title='bbox 530 5697 642 5787; x_wconf 46' lang='grc'>(5³6)</span> <span class='ocrx_word' id='word_1_764' title='bbox 682 5697 793 5787; x_wconf 61' lang='lat' dir='ltr'><strong>clm</strong></span> <span class='ocrx_word' id='word_1_765' title='bbox 819 5728 862 5764; x_wconf 86' lang='lat' dir='ltr'><strong>-x</strong></span> <span class='ocrx_word' id='word_1_766' title='bbox 894 5710 1149 5787; x_wconf 67' lang='lat' dir='ltr'><strong>_Jnliann_s</strong></span> <span class='ocrx_word' id='word_1_767' title='bbox 1199 5707 1457 5787; x_wconf 51' lang='lat' dir='ltr'><strong>secunda-</strong></span> <span class='ocrx_word' id='word_1_768' title='bbox 1484 5719 1683 5787; x_wconf 27' lang='lat' dir='ltr'><strong>manu:</strong></span> <span class='ocrx_word' id='word_1_769' title='bbox 1723 5700 1831 5780; x_wconf 77' lang='grc' dir='ltr'><strong>τῷν</strong></span> <span class='ocrx_word' id='word_1_770' title='bbox 1874 5697 2024 5767; x_wconf 82' lang='grc' dir='ltr'>τῇδε,</span> 
     </span>
    </p>
   </div>
   <div class='ocr_carea' id='block_1_106' title="bbox 456 5772 2024 5850">
    <p class='ocr_par' dir='ltr' id='par_1_106' title="bbox 456 5772 2024 5850">
     <span class='ocr_line' id='line_1_106' title="bbox 456 5772 2024 5850; baseline -0.018 -7"><span class='ocrx_word' id='word_1_771' title='bbox 456 5772 920 5843; x_wconf 55' lang='grc' dir='ltr'><strong>τεέίθίΑΙίυεποῦ</strong></span> <span class='ocrx_word' id='word_1_772' title='bbox 935 5780 1080 5850; x_wconf 80' lang='grc' dir='ltr'>τῇδε.</span> <span class='ocrx_word' id='word_1_773' title='bbox 1105 5779 1270 5850; x_wconf 57' lang='lat' dir='ltr'><strong>patilo</strong></span> <span class='ocrx_word' id='word_1_774' title='bbox 1287 5788 1404 5850; x_wconf 69' lang='lat' dir='ltr'><strong>post</strong></span> <span class='ocrx_word' id='word_1_775' title='bbox 1419 5773 1754 5828; x_wconf 64' lang='lat' dir='ltr'><strong>lla-schelius</strong></span> <span class='ocrx_word' id='word_1_776' title='bbox 1774 5772 1987 5838; x_wconf 71' lang='lat' dir='ltr'><strong>ill_lCXltt</strong></span> <span class='ocrx_word' id='word_1_777' title='bbox 2009 5805 2024 5830; x_wconf 82' lang='lat'><strong>,</strong></span> 
     </span>
    </p>
   </div>
   <div class='ocr_carea' id='block_1_107' title="bbox 458 5845 1444 5931">
    <p class='ocr_par' dir='ltr' id='par_1_107' title="bbox 458 5845 1444 5931">
     <span class='ocr_line' id='line_1_107' title="bbox 458 5845 1444 5931; baseline -0.014 -19"><span class='ocrx_word' id='word_1_778' title='bbox 458 5856 740 5931; x_wconf 66' lang='grc' dir='ltr'>παρρησίᾳ</span> <span class='ocrx_word' id='word_1_779' title='bbox 779 5845 1060 5923; x_wconf 71' lang='grc' dir='ltr'>δυνάμεώς</span> <span class='ocrx_word' id='word_1_780' title='bbox 1092 5845 1249 5911; x_wconf 86' lang='grc' dir='ltr'>Θεοῦ,</span> <span class='ocrx_word' id='word_1_781' title='bbox 1285 5845 1444 5901; x_wconf 79' lang='lat' dir='ltr'><strong>male.</strong></span> 
     </span>
    </p>
   </div>
   <div class='ocr_carea' id='block_1_108' title="bbox 2141 4603 3706 4690">
    <p class='ocr_par' dir='ltr' id='par_1_108' title="bbox 2141 4603 3706 4690">
     <span class='ocr_line' id='line_1_108' title="bbox 2141 4603 3706 4690; baseline -0.01 -18"><span class='ocrx_word' id='word_1_782' title='bbox 2141 4618 2366 4690; x_wconf 77' lang='grc' dir='ltr'>φύεσθαι</span> <span class='ocrx_word' id='word_1_783' title='bbox 2387 4618 2516 4688; x_wconf 83' lang='grc' dir='ltr'>ἡμῖν</span> <span class='ocrx_word' id='word_1_784' title='bbox 2542 4613 2730 4674; x_wconf 84' lang='grc' dir='ltr'>Θέλων,</span> <span class='ocrx_word' id='word_1_785' title='bbox 2761 4607 3204 4681; x_wconf 88' lang='grc' dir='ltr'>πραγματεύεται</span> <span class='ocrx_word' id='word_1_786' title='bbox 3227 4605 3316 4658; x_wconf 77' lang='grc' dir='ltr'>διὰ</span> <span class='ocrx_word' id='word_1_787' title='bbox 3337 4603 3433 4658; x_wconf 90' lang='grc' dir='ltr'><strong>τοῦ</strong></span> <span class='ocrx_word' id='word_1_788' title='bbox 3456 4603 3706 4677; x_wconf 80' lang='grc' dir='ltr'>Χριστοῦ,</span> 
     </span>
    </p>
   </div>
   <div class='ocr_carea' id='block_1_109' title="bbox 2139 4694 3708 4779">
    <p class='ocr_par' dir='ltr' id='par_1_109' title="bbox 2139 4694 3708 4779">
     <span class='ocr_line' id='line_1_109' title="bbox 2139 4694 3708 4779; baseline -0.013 -14"><span class='ocrx_word' id='word_1_789' title='bbox 2139 4710 2231 4766; x_wconf 82' lang='grc' dir='ltr'>καὶ</span> <span class='ocrx_word' id='word_1_790' title='bbox 2281 4710 2376 4779; x_wconf 78' lang='grc' dir='ltr'>τῆς</span> <span class='ocrx_word' id='word_1_791' title='bbox 2423 4707 2510 4760; x_wconf 79' lang='grc' dir='ltr'><strong>ἀεὶ</strong></span> <span class='ocrx_word' id='word_1_792' title='bbox 2559 4701 2848 4773; x_wconf 75' lang='grc' dir='ltr'>ἐπιδημίας</span> <span class='ocrx_word' id='word_1_793' title='bbox 2905 4699 3000 4752; x_wconf 87' lang='grc' dir='ltr'><strong>τοῦ</strong></span> <span class='ocrx_word' id='word_1_794' title='bbox 3057 4698 3253 4766; x_wconf 87' lang='grc' dir='ltr'>Λόγου,</span> <span class='ocrx_word' id='word_1_795' title='bbox 3312 4694 3708 4765; x_wconf 69' lang='grc' dir='ltr'>ἀναλαμϐάνειν</span> 
     </span>
    </p>
   </div>
   <div class='ocr_carea' id='block_1_110' title="bbox 2139 4782 3709 4874">
    <p class='ocr_par' dir='ltr' id='par_1_110' title="bbox 2139 4782 3709 4874">
     <span class='ocr_line' id='line_1_110' title="bbox 2139 4782 3709 4874; baseline -0.011 -18"><span class='ocrx_word' id='word_1_796' title='bbox 2139 4804 2285 4874; x_wconf 78' lang='grc' dir='ltr'>ἡμᾶς</span> <span class='ocrx_word' id='word_1_797' title='bbox 2320 4800 2418 4870; x_wconf 80' lang='grc' dir='ltr'><strong>τὴν</strong></span> <span class='ocrx_word' id='word_1_798' title='bbox 2451 4797 2584 4868; x_wconf 86' lang='grc' dir='ltr'>πρὸς</span> <span class='ocrx_word' id='word_1_799' title='bbox 2625 4795 2788 4848; x_wconf 78' lang='grc' dir='ltr'>αὐτὸν</span> <span class='ocrx_word' id='word_1_800' title='bbox 2819 4791 3110 4846; x_wconf 84' lang='grc' dir='ltr'>οἰκείωσιν.</span> <span class='ocrx_word' id='word_1_801' title='bbox 3144 4787 3414 4858; x_wconf 83' lang='grc' dir='ltr'>Οὑδεμίαν</span> <span class='ocrx_word' id='word_1_802' title='bbox 3445 4782 3544 4840; x_wconf 84' lang='grc' dir='ltr'><strong>οῦν</strong></span> <span class='ocrx_word' id='word_1_803' title='bbox 3585 4785 3709 4856; x_wconf 85' lang='grc' dir='ltr'>θνη-</span> 
     </span>
    </p>
   </div>
   <div class='ocr_carea' id='block_1_111' title="bbox 2133 4880 3708 4965">
    <p class='ocr_par' dir='ltr' id='par_1_111' title="bbox 2133 4880 3708 4965">
     <span class='ocr_line' id='line_1_111' title="bbox 2133 4880 3708 4965; baseline -0.013 -17"><span class='ocrx_word' id='word_1_804' title='bbox 2133 4895 2230 4965; x_wconf 82' lang='grc' dir='ltr'>τὴν</span> <span class='ocrx_word' id='word_1_805' title='bbox 2276 4889 2581 4961; x_wconf 85' lang='grc' dir='ltr'>φιλοτιμίαν</span> <span class='ocrx_word' id='word_1_806' title='bbox 2627 4889 2655 4940; x_wconf 87' lang='grc' dir='ltr'>ὁ</span> <span class='ocrx_word' id='word_1_807' title='bbox 2704 4883 3041 4957; x_wconf 81' lang='grc' dir='ltr'>Χριστιανῶν</span> <span class='ocrx_word' id='word_1_808' title='bbox 3095 4880 3250 4950; x_wconf 89' lang='grc' dir='ltr'>λόγος</span> <span class='ocrx_word' id='word_1_809' title='bbox 3300 4891 3708 4948; x_wconf 73' lang='grc' dir='ltr'>καταμαρτυρι-’</span> 
     </span>
    </p>
   </div>
   <div class='ocr_carea' id='block_1_112' title="bbox 2136 4980 2416 5036">
    <p class='ocr_par' dir='ltr' id='par_1_112' title="bbox 2136 4980 2416 5036">
     <span class='ocr_line' id='line_1_112' title="bbox 2136 4980 2416 5036; baseline -0.011 0"><span class='ocrx_word' id='word_1_810' title='bbox 2136 4983 2226 5036; x_wconf 88' lang='grc' dir='ltr'><strong>τοῦ</strong></span> <span class='ocrx_word' id='word_1_811' title='bbox 2261 4980 2416 5034; x_wconf 89' lang='grc' dir='ltr'>Θεοῦ.</span> 
     </span>
    </p>
   </div>
   <div class='ocr_carea' id='block_1_113' title="bbox 2205 5055 3707 5137">
    <p class='ocr_par' dir='ltr' id='par_1_113' title="bbox 2205 5055 3707 5137">
     <span class='ocr_line' id='line_1_113' title="bbox 2205 5055 3707 5137; baseline -0.011 -12"><span class='ocrx_word' id='word_1_812' title='bbox 2205 5073 2318 5125; x_wconf 82' lang='grc' dir='ltr'>Οὐκ</span> <span class='ocrx_word' id='word_1_813' title='bbox 2355 5067 2470 5123; x_wconf 78' lang='grc' dir='ltr'>οἶδα</span> <span class='ocrx_word' id='word_1_814' title='bbox 2497 5069 2539 5122; x_wconf 85' lang='grc' dir='ltr'>δ’</span> <span class='ocrx_word' id='word_1_815' title='bbox 2567 5068 2716 5128; x_wconf 83' lang='grc' dir='ltr'>ὅπως</span> <span class='ocrx_word' id='word_1_816' title='bbox 2746 5064 3062 5137; x_wconf 73' lang='grc' dir='ltr'>φλυαρήσας</span> <span class='ocrx_word' id='word_1_817' title='bbox 3098 5059 3273 5131; x_wconf 88' lang='grc' dir='ltr'>μάτην</span> <span class='ocrx_word' id='word_1_818' title='bbox 3305 5059 3390 5128; x_wconf 76' lang='grc' dir='ltr'><strong>ἐφ’</strong></span> <span class='ocrx_word' id='word_1_819' title='bbox 3422 5055 3506 5123; x_wconf 71' lang='grc' dir='ltr'>οἷς</span> <span class='ocrx_word' id='word_1_820' title='bbox 3533 5057 3707 5125; x_wconf 77' lang='grc' dir='ltr'>ὲξεθέ-</span> 
     </span>
    </p>
   </div>
   <div class='ocr_carea' id='block_1_114' title="bbox 2138 5149 3705 5237">
    <p class='ocr_par' dir='ltr' id='par_1_114' title="bbox 2138 5149 3705 5237">
     <span class='ocr_line' id='line_1_114' title="bbox 2138 5149 3705 5237; baseline -0.011 -18"><span class='ocrx_word' id='word_1_821' title='bbox 2138 5165 2298 5237; x_wconf 86' lang='grc' dir='ltr'>μεθα,</span> <span class='ocrx_word' id='word_1_822' title='bbox 2342 5161 2565 5234; x_wconf 76' lang='grc' dir='ltr'>ὕστερόν</span> <span class='ocrx_word' id='word_1_823' title='bbox 2616 5175 2747 5212; x_wconf 88' lang='grc' dir='ltr'>ποτε</span> <span class='ocrx_word' id='word_1_824' title='bbox 2782 5155 3076 5217; x_wconf 75' lang='grc' dir='ltr'>ἐκτίθεται,</span> <span class='ocrx_word' id='word_1_825' title='bbox 3119 5153 3200 5206; x_wconf 81' lang='grc' dir='ltr'>ὅτι</span> <span class='ocrx_word' id='word_1_826' title='bbox 3247 5169 3266 5202; x_wconf 82' lang='grc' dir='ltr'>ι</span> <span class='ocrx_word' id='word_1_827' title='bbox 3324 5151 3386 5204; x_wconf 84' lang='grc' dir='ltr'><strong>ού</strong></span> <span class='ocrx_word' id='word_1_828' title='bbox 3433 5149 3504 5204; x_wconf 84' lang='grc' dir='ltr'>δι’</span> <span class='ocrx_word' id='word_1_829' title='bbox 3553 5150 3705 5204; x_wconf 78' lang='grc' dir='ltr'>αὑτὸν</span> 
     </span>
    </p>
   </div>
   <div class='ocr_carea' id='block_1_115' title="bbox 2129 5244 3696 5328">
    <p class='ocr_par' dir='ltr' id='par_1_115' title="bbox 2129 5244 3696 5328">
     <span class='ocr_line' id='line_1_115' title="bbox 2129 5244 3696 5328; baseline -0.013 -17"><span class='ocrx_word' id='word_1_830' title='bbox 2129 5258 2379 5328; x_wconf 86' lang='grc' dir='ltr'>δεόμενος</span> <span class='ocrx_word' id='word_1_831' title='bbox 2407 5250 2734 5322; x_wconf 80' lang='grc' dir='ltr'>γνωσθῆναι,</span> <span class='ocrx_word' id='word_1_832' title='bbox 2778 5247 2915 5303; x_wconf 86' lang='grc' dir='ltr'>ἀλλὰ</span> <span class='ocrx_word' id='word_1_833' title='bbox 2955 5245 3042 5298; x_wconf 79' lang='grc' dir='ltr'><strong>διὰ</strong></span> <span class='ocrx_word' id='word_1_834' title='bbox 3079 5245 3176 5316; x_wconf 78' lang='grc' dir='ltr'>τὴν</span> <span class='ocrx_word' id='word_1_835' title='bbox 3217 5244 3496 5315; x_wconf 80' lang='grc' dir='ltr'>ἡμετέραν</span> 
     </span>
    </p>
   </div>
   <div class='ocr_carea' id='block_1_116' title="bbox 2208 5398 3700 5486">
    <p class='ocr_par' dir='ltr' id='par_1_116' title="bbox 2208 5398 3700 5486">
     <span class='ocr_line' id='line_1_116' title="bbox 2208 5398 3700 5486; baseline -0.013 -20"><span class='ocrx_word' id='word_1_836' title='bbox 2208 5412 2319 5486; x_wconf 72' lang='grc'>(57)</span> <span class='ocrx_word' id='word_1_837' title='bbox 2335 5484 2342 5486; x_wconf 88' lang='lat'>_</span> <span class='ocrx_word' id='word_1_838' title='bbox 2360 5407 2676 5486; x_wconf 75' lang='lat' dir='ltr'><strong>Boberellus</strong></span> <span class='ocrx_word' id='word_1_839' title='bbox 2699 5413 2827 5486; x_wconf 76' lang='lat' dir='ltr'><strong>post</strong></span> <span class='ocrx_word' id='word_1_840' title='bbox 2856 5403 3077 5458; x_wconf 88' lang='lat' dir='ltr'><strong>verbum</strong></span> <span class='ocrx_word' id='word_1_841' title='bbox 3101 5398 3559 5462; x_wconf 81' lang='grc' dir='ltr'>ὲπιδεικτιῶντες,</span> <span class='ocrx_word' id='word_1_842' title='bbox 3587 5398 3700 5482; x_wconf 72' lang='lat' dir='ltr'><strong>scri-</strong></span> 
     </span>
    </p>
   </div>
   <div class='ocr_carea' id='block_1_117' title="bbox 2136 5467 3700 5549">
    <p class='ocr_par' dir='ltr' id='par_1_117' title="bbox 2136 5467 3700 5549">
     <span class='ocr_line' id='line_1_117' title="bbox 2136 5467 3700 5549; baseline -0.012 -13"><span class='ocrx_word' id='word_1_843' title='bbox 2136 5467 2224 5536; x_wconf 53' lang='lat' dir='ltr'><strong>hit‘</strong></span> <span class='ocrx_word' id='word_1_844' title='bbox 2245 5467 2465 5549; x_wconf 74' lang='lat' dir='ltr'><strong>majoris</strong></span> <span class='ocrx_word' id='word_1_845' title='bbox 2494 5467 2861 5549; x_wconf 68' lang='lat' dir='ltr'><strong>distinctionis</strong></span> <span class='ocrx_word' id='word_1_846' title='bbox 2894 5481 3074 5549; x_wconf 73' lang='lat' dir='ltr'><strong>notant</strong></span> <span class='ocrx_word' id='word_1_847' title='bbox 3105 5483 3157 5525; x_wconf 87' lang='lat' dir='ltr'><strong>et</strong></span> <span class='ocrx_word' id='word_1_848' title='bbox 3194 5481 3317 5540; x_wconf 84' lang='lat' dir='ltr'><strong>post</strong></span> <span class='ocrx_word' id='word_1_849' title='bbox 3351 5486 3543 5524; x_wconf 83' lang='lat' dir='ltr'><strong>vocent</strong></span> <span class='ocrx_word' id='word_1_850' title='bbox 3581 5467 3700 5520; x_wconf 83' lang='grc' dir='ltr'>πολ-</span> 
     </span>
    </p>
   </div>
   <div class='ocr_carea' id='block_1_118' title="bbox 2134 5541 3090 5623">
    <p class='ocr_par' dir='ltr' id='par_1_118' title="bbox 2134 5541 3090 5623">
     <span class='ocr_line' id='line_1_118' title="bbox 2134 5541 3090 5623; baseline -0.014 -18"><span class='ocrx_word' id='word_1_851' title='bbox 2134 5554 2232 5623; x_wconf 85' lang='grc' dir='ltr'>λήν</span> <span class='ocrx_word' id='word_1_852' title='bbox 2261 5541 2405 5623; x_wconf 70' lang='lat' dir='ltr'><strong>arlIlit</strong></span> <span class='ocrx_word' id='word_1_853' title='bbox 2437 5547 2605 5623; x_wconf 43' lang='grc' dir='ltr'><strong>γοῦνλ</strong></span> <span class='ocrx_word' id='word_1_854' title='bbox 2623 5545 2704 5623; x_wconf 80' lang='lat' dir='ltr'><strong>vel</strong></span> <span class='ocrx_word' id='word_1_855' title='bbox 2735 5545 2863 5613; x_wconf 90' lang='lat' dir='ltr'><strong>quid</strong></span> <span class='ocrx_word' id='word_1_856' title='bbox 2897 5541 3090 5623; x_wconf 68' lang='lat' dir='ltr'><strong>simile.</strong></span> 
     </span>
    </p>
   </div>
   <div class='ocr_carea' id='block_1_119' title="bbox 2204 5605 3698 5693">
    <p class='ocr_par' dir='ltr' id='par_1_119' title="bbox 2204 5605 3698 5693">
     <span class='ocr_line' id='line_1_119' title="bbox 2204 5605 3698 5693; baseline -0.013 -16"><span class='ocrx_word' id='word_1_857' title='bbox 2204 5623 2314 5693; x_wconf 80' lang='lat'><strong>(58)</strong></span> <span class='ocrx_word' id='word_1_858' title='bbox 2354 5605 2521 5673; x_wconf 50' lang='lat' dir='ltr'><strong>Codri.</strong></span> <span class='ocrx_word' id='word_1_859' title='bbox 2569 5605 2773 5686; x_wconf 73' lang='lat' dir='ltr'><strong>Regius</strong></span> <span class='ocrx_word' id='word_1_860' title='bbox 2831 5623 2887 5667; x_wconf 91' lang='lat' dir='ltr'><strong>et</strong></span> <span class='ocrx_word' id='word_1_861' title='bbox 2924 5609 3271 5672; x_wconf 80' lang='lat' dir='ltr'><strong>Basileensis,</strong></span> <span class='ocrx_word' id='word_1_862' title='bbox 3317 5607 3378 5659; x_wconf 78' lang='grc' dir='ltr'>οὺ</span> <span class='ocrx_word' id='word_1_863' title='bbox 3427 5605 3698 5660; x_wconf 82' lang='grc' dir='ltr'>πιστεύον-</span> 
     </span>
    </p>
   </div>
   <div class='ocr_carea' id='block_1_120' title="bbox 2134 5711 2250 5748">
    <p class='ocr_par' dir='ltr' id='par_1_120' title="bbox 2134 5711 2250 5748">
     <span class='ocr_line' id='line_1_120' title="bbox 2134 5711 2250 5748; baseline -0.034 0"><span class='ocrx_word' id='word_1_864' title='bbox 2134 5711 2250 5748; x_wconf 75' lang='grc' dir='ltr'>τας.</span> 
     </span>
    </p>
   </div>
   <div class='ocr_carea' id='block_1_121' title="bbox 2204 5723 3676 5833">
    <p class='ocr_par' dir='ltr' id='par_1_121' title="bbox 2204 5723 3676 5833">
     <span class='ocr_line' id='line_1_121' title="bbox 2204 5723 3676 5833; baseline -0.016 -16"><span class='ocrx_word' id='word_1_865' title='bbox 2204 5723 2318 5833; x_wconf 71' lang='grc' dir='ltr'>ῖέο)</span> <span class='ocrx_word' id='word_1_866' title='bbox 2360 5757 2697 5813; x_wconf 70' lang='lat' dir='ltr'><strong>llmschclius</strong></span> <span class='ocrx_word' id='word_1_867' title='bbox 2741 5754 2792 5808; x_wconf 91' lang='lat' dir='ltr'><strong>iu</strong></span> <span class='ocrx_word' id='word_1_868' title='bbox 2832 5760 3003 5817; x_wconf 82' lang='lat' dir='ltr'><strong>textu,</strong></span> <span class='ocrx_word' id='word_1_869' title='bbox 3052 5747 3221 5819; x_wconf 76' lang='grc' dir='ltr'>αὐτὴν</span> <span class='ocrx_word' id='word_1_870' title='bbox 3269 5746 3368 5816; x_wconf 74' lang='grc' dir='ltr'>τὴν</span> <span class='ocrx_word' id='word_1_871' title='bbox 3412 5745 3676 5816; x_wconf 67' lang='grc' dir='ltr'>ὑπεροχήν</span> 
     </span>
    </p>
   </div>
  </div>
