3852 6418
152 346 285 411 ίθὸΥ

1276 346 1557 403 CONTRA
1587 346 1864 402 CELSUM
1900 346 2027 403 LIB.
2066 347 2155 403 Ν.

3220 350 3359 405 1038

152 468 249 541 ρίαν
269 464 453 535 γνῶσιν
476 465 606 536 ἡμῖν
640 464 941 537 παρασχεῖν
972 463 1167 517 ἑαυτοῦ
1228 463 1502 535 βούλεται·
1542 466 1608 519 ἵν’
1640 466 1686 518 οί

1804 463 1891 518 luti
1925 465 2227 529 consulere,
2257 479 2378 519 cum
2410 464 2491 519 sui
2527 463 2681 519 nobis
2728 463 2974 518 notitiam
3020 464 3258 533 praebet;
3301 473 3360 519 ut

153 562 229 630 μὲν
257 555 675 628 παραδεξάμενοι
714 555 884 627 αὐτὴν
917 555 1144 627 χρηστοὶ
1182 557 1461 627 γενόμενοι
1497 558 1685 610 σωθῶ-

152 668 241 706 σιν⁶
272 650 316 702 οἱ
337 649 391 701 δὲ
427 647 497 719 μὴ
531 646 967 719 παραδεξάμενοι
997 648 1408 717 ἀποδειχθέντες
1440 650 1685 721 πονηροὶ,

151 741 461 796 κολασθῶσιν.
506 759 525 791 ›
569 739 681 792 Καὶ
719 739 1008 810 ἐκθέμενός
1033 757 1093 792 τε
1125 741 1186 793 τὸ
1216 739 1452 793 τοιοῦτον
1482 744 1689 795 ἐπαπο-

152 836 214 906 ρεί
247 833 427 901 λέγων,
469 852 489 883 ι
538 832 655 884 Νῦν
701 828 809 902 ἆρα
844 832 981 902 μετὰ
1022 831 1274 885 τοσοῦτον
1322 831 1491 885 αἰῶνα
1525 832 1633 904 (40)
1660 834 1689 885 6

149 925 251 988 Θεὸς
287 923 593 995 ἀνεμνήσθη
616 924 902 977 δικαιῶσαι
933 924 1024 977 τὸν
1051 923 1352 997 ἀνθρώπων
1388 924 1519 995 βίον,
1556 926 1689 997 πρό-

149 1034 273 1088 τερον
301 1015 353 1068 δὲ
385 1016 611 1086 ήμέλει;
655 1035 674 1067 ι
716 1017 825 1069 Καὶ
857 1016 993 1086 πρὸς
1023 1014 1180 1068 τοῦτο
1213 1016 1270 1069 δὲ
1307 1018 1571 1088 φήσομεν,
1606 1019 1687 1072 ὅτι

149 1109 223 1183 οὐκ
254 1108 389 1160 ἔστιν
419 1108 497 1160 ὅτ’
529 1108 633 1160 οὐκ
658 1106 920 1178 ἐϐουλήθη
956 1107 1240 1160 δικαιῶσαι
1264 1106 1355 1159 τὸν
1388 1107 1687 1179 ἀνθρώπων

151 1200 238 1271 βίον
264 1202 291 1254 6
318 1200 447 1263 Θεός
466 1217 481 1231 ο
517 1198 656 1252 ἀλλὰ
679 1202 773 1252 καὶ
799 1200 887 1252 ἀεὶ
918 1199 1250 1270 ἐπεμελήθη,
1284 1200 1460 1265 διδοὺς
1486 1200 1688 1273 ἀρετῆς

150 1292 365 1363 ἀφορμὰς
393 1292 486 1346 τοῦ
520 1291 951 1363 ἐπανορθοῦσθαι
983 1292 1045 1344 τὸ
1091 1290 1304 1359 λογικὸν
1337 1290 1493 1355 ζῶον.
1533 1292 1690 1345 Κατὰ

150 1383 233 1453 γὰρ
260 1383 486 1453 ἑκάστην
522 1382 720 1451 γενεὰν
769 1384 802 1453 ή
846 1383 1005 1452 σοφία
1056 1381 1151 1435 τοῦ
1200 1381 1333 1435 Θεοῦ
1377 1383 1458 1446 είς
1490 1381 1687 1453 ψυχὰς,

149 1476 201 1538 ἃς
235 1475 465 1545 εὑρίσκει
513 1474 689 1539 ὁσίας,
735 1475 1148 1545 μεταϐαίνουσα,
1184 1476 1368 1546 φίλους
1418 1475 1552 1529 Θεοῦ
1598 1477 1691 1529 καὶ

152 1567 396 1636 προφήτας
449 1566 867 1629 κατασκευάζει.
922 1566 1033 1619 Καὶ
1085 1567 1359 1638 εὑρεθεῖέν
1412 1568 1463 1636 γ’
1519 1566 1583 1620 ἂν
1633 1569 1691 1622 ὲν

148 1661 243 1722 ταῖς
273 1661 430 1729 ἱεραῖς
464 1658 668 1728 βίϐλοις
699 1659 749 1710 οἱ
781 1658 898 1711 καθ’
933 1658 1173 1731 ἑκάστην
1204 1659 1397 1728 γενεὰν
1431 1660 1565 1712 ὅσιοι
1597 1659 1690 1712 καὶ

150 1751 346 1803 δεκτικοὶ
374 1748 468 1803 τοῦ
517 1747 663 1803 θείου
709 1748 1056 1819 Πνεῦματος’
1108 1750 1203 1801 καὶ
1244 1748 1320 1813 ὡς
1359 1748 1690 1822 ἐπέστρεφον

149 1843 249 1904 τοὺς
276 1844 387 1895 κατ’
421 1842 622 1905 αὐτοὺς
656 1842 790 1914 (All),
823 1843 921 1909 ὅση
949 1840 1196 1912 δύναμις.

204 2000 346 2054 Οὐδὲν
379 2002 433 2055 δὲ
459 2000 778 2072 θαυμαστὸν
809 2000 870 2055 τὺ
907 2003 1119 2070 γενεαῖς
1150 2019 1260 2054 τισι
1292 2002 1574 2073 προφήτας
1601 2017 1693 2069 γε-

150 2093 349 2160 γονέναι,
382 2092 748 2164 ὑπερέχοντας
774 2095 831 2145 ὲν
853 2095 917 2164 τῇ
952 2095 1230 2165 παραδοχῇ
1260 2094 1362 2164 τῆς
1398 2093 1689 2164 θειότητος,

148 2180 217 2237 διὰ
237 2184 316 2237 τὸν
347 2187 435 2238 ἐπὶ
472 2185 655 2237 πλεῖον
689 2183 903 2236 εὔτονον
932 2184 1024 2237 καὶ
1058 2183 1367 2255 ἐρρωμένον
1404 2183 1536 2254 βίον,
1572 2182 1691 2235 ἐτέ-

150 2293 237 2345 ρων
278 2276 565 2349 προφητῶν
598 2294 762 2331 τινων
801 2275 899 2346 μὲν
954 2277 1075 2327 κατ’
1127 2275 1357 2339 αὐτοὺς,
1412 2274 1586 2328 ἄλλων
1636 2274 1692 2327 δὲ

151 2369 554 2439 προγενεστέρων
582 2368 616 2439 ἢ
650 2367 1144 2439 μεταγενεστέρων.
1173 2366 1328 2419 Οὕτω
1363 2366 1419 2419 δὲ
1462 2368 1521 2419 οὐ
1563 2365 1693 2418 θαυ-

150 2460 323 2529 μαστὸν
350 2462 438 2515 καί
466 2479 590 2514 τινα
638 2460 829 2532 καιρὸν
875 2460 1176 2528 γεγονέναι,
1210 2460 1286 2512 ὅτ’
1318 2458 1595 2531 ἐξαίρετόν
1637 2476 1690 2511 τι

146 2552 305 2622 χρῆμα
347 2553 710 2623 ἐπιδεδήμηκε
751 2550 829 2621 τῷ
878 2552 1021 2619 γένει
1074 2550 1183 2603 τῶν
1229 2549 1562 2621 ἀνθρώπων,
1598 2549 1692 2602 καὶ

146 2641 370 2713 διαφέρον
407 2643 558 2714 παρὰ
604 2644 732 2704 τοὺς
792 2641 1248 2714 προγενεστέρους
1289 2640 1454 2694 αὑτοῦ
1512 2642 1544 2712 ἢ
1600 2642 1694 2695 καὶ

148 2736 627 2806 μεταγενεστέρους.
664 2735 815 2804 Ἔχει
864 2734 920 2787 δέ
950 2751 1002 2786 τι
1045 2736 1072 2786 6
1117 2734 1246 2802 περὶ
1285 2733 1489 2786 τούτων
1539 2732 1695 2801 λόγος

146 2823 517 2895 μυστικώτερον
546 2824 644 2877 καὶ
678 2823 992 2893 βαθύτερον,
1023 2822 1116 2874 καὶ
1163 2821 1236 2893 μὴ
1286 2822 1425 2873 πάνυ
1469 2837 1521 2873 τι
1561 2820 1696 2888 φθά-

144 2931 239 2968 νειν
276 2918 562 2986 δυνάμενον
615 2915 708 2967 ἐπὶ
760 2914 856 2985 τὴν
894 2913 1305 2985 δημκυδεστέραν
1345 2912 1534 2982 ἀκοήν.
1586 2911 1695 2963 Καὶ

143 3009 223 3072 δεῖ,
252 3010 384 3080 ὑπὲρ
440 3008 532 3062 τοῦ
580 3005 755 3061 ταῦτα
803 3004 911 3075 (42)
956 3003 1338 3075 ἀφανισθῆναι,
1386 3003 1483 3056 καλ⁴
1523 3003 1697 3055 ἁπαν-

143 3102 350 3172 τηθῑγναι
389 3102 521 3173 πρὸς
573 3098 644 3152 τὰ
687 3098 952 3167 λεγόμενα
992 3097 1117 3167 περὶ
1162 3095 1261 3166 τῆς
1294 3094 1531 3169 Χριστοῦ
1574 3095 1693 3146 ἐπι-

1788 556 1878 624 qui
1912 555 2054 608 illam
2082 557 2411 625 acceperint,
2442 556 2566 610 boni
2590 555 2742 619 facti,
2770 555 2997 609 salutem
3027 571 3364 626 consequan-

1789 655 1910 712 tur;
1958 648 2049 716 qui
2091 664 2221 702 vero
2267 647 2591 715 rejecerint,
2644 658 2829 717 aperta
2881 649 3142 717 nequitia,
3174 664 3363 717 poenas

1790 739 1958 793 luant.
2000 758 2017 791 ι
2055 739 2173 805 Quo
2211 741 2407 809 posito,
2452 742 2530 794 sic
2566 741 2864 808 interrogat
2897 757 2911 793 :
2952 759 2969 791 ι
3017 740 3195 806 Quid?
3241 752 3365 809 pust

1791 840 1868 885 tot
1901 833 2093 886 szeeula
2126 846 2268 886 nunc
2300 833 2513 885 tandem
2540 831 2649 886 Deo
2673 832 2727 887 in
2758 841 2990 886 mentem
3022 833 3168 885 venit
3198 833 3362 885 vitam

1790 917 2068 973 hominum
2102 920 2167 975 ad
2190 922 2456 992 justitiam
2488 922 2783 987 reducere;
2825 933 2952 977 ante
2997 932 3176 977 autem
3218 937 3362 976 cura:

1790 1026 1900 1066 non
1949 1008 2089 1066 fuit?
2140 1031 2158 1064 ι
2211 1013 2531 1082 Respondeo
2576 1014 2741 1067 Deum
2784 1030 3061 1084 nunquam
3111 1030 3216 1067 non
3267 1029 3363 1067 vo-

1791 1101 1958 1157 luisse
1989 1115 2046 1157 ut
2082 1103 2474 1173 hominesjusti
2502 1108 2729 1173 fierent;
2758 1107 2810 1160 id
2837 1122 3050 1176 semper
3075 1107 3225 1162 cordi
3263 1108 3362 1161 ha-

1790 1193 2010 1259 buisse;
2062 1197 2259 1266 quippe
2318 1199 2409 1265 qui
2459 1198 2676 1252 animali
2731 1199 2962 1253 rationis
3020 1201 3254 1268 compoti
3307 1210 3363 1255 et

1790 1288 2166 1341 consectandze
2217 1289 2428 1342 virtutis
2474 1300 2529 1343 et
2576 1300 2722 1344 recte
2773 1289 3002 1344 faciendi
3046 1292 3362 1346 occasiones

1790 1378 2103 1445 praebuerit.
2138 1379 2241 1435 Per
2277 1383 2519 1453 singulas
2551 1382 2693 1437 enim
2726 1383 3107 1453 generationes
3148 1382 3241 1438 Dei
3276 1398 3363 1438 sa—

1790 1469 1993 1538 pientia
2022 1469 2074 1524 in
2106 1473 2337 1539 animas,
2362 1490 2496 1543 quas
2520 1481 2736 1528 sanctas
2768 1474 2989 1539 invenit,
3022 1475 3359 1531 descendens

1791 1558 2000 1614 amicos
2025 1561 2118 1616 Dei
2149 1566 2550 1634 prephetasque
2580 1565 2728 1617 facit.
2759 1565 3069 1630 Quinetiam
3099 1567 3150 1619 in
3186 1567 3358 1621 sacris

1791 1649 1947 1705 libris
1975 1652 2223 1709 invenire
2260 1666 2364 1719 est,
2403 1658 2495 1726 qui
2542 1659 2843 1727 quibusque
2892 1658 3140 1713 aetatibus
3182 1662 3357 1715 sancti

1786 1740 1995 1798 fuerint
2030 1754 2085 1798 et
2135 1745 2376 1799 divinum
2422 1747 2473 1801 in
2521 1762 2579 1800 se
2625 1748 2888 1816 Spiritum
2935 1750 3266 1819 receperint,
3310 1758 3363 1805 et

1721 1818 1764 1873 Β
1795 1848 1891 1902 pro
1923 1834 2131 1890 viribus
2171 1837 2238 1890 ad
2267 1836 2403 1892 alios
2433 1839 2825 1893 convertendos
2855 1818 3093 1893 studium
3119 1842 3365 1896 contule-

1796 1926 1905 1979 rint
1930 1936 1983 1982 et
2011 1943 2253 1997 operam.

1864 2019 1918 2073 8.
1960 2018 2229 2074 Craterum
2277 2021 2471 2073 mirum
2507 2036 2610 2075 non
2657 2036 2778 2077 esse
2808 2022 2986 2089 debet,
3039 2023 3363 2092 quibusdam

1794 2109 2004 2164 saeculis
2033 2110 2201 2166 fuisse
2225 2112 2538 2182 prophetas,
2568 2114 2655 2182 qui
2686 2123 2908 2183 propter
2931 2118 3199 2185 mqualem
3226 2132 3365 2172 sem-

1794 2214 1891 2268 per
1923 2210 2368 2272 constantemque
2406 2205 2569 2258 vitam
2611 2207 2663 2259 in
2706 2205 3047 2274 suscipienda
3084 2209 3364 2263 divinitate

1800 2304 2128 2361 superarent
2165 2295 2301 2349 alios
2326 2312 2436 2351 suae
2472 2299 2647 2353 aetatis
2676 2301 2969 2368 prophetas
2998 2310 3090 2354 aut
3118 2305 3367 2371 superio-

1798 2396 1884 2434 res
1921 2392 2014 2435 aut
2058 2396 2325 2453 posteros.
2374 2384 2560 2452 Neque
2605 2388 2800 2441 mirum
2850 2388 3011 2443 etiam
3041 2401 3143 2443 .cst
3190 2392 3367 2459 quod-

1798 2473 1917 2523 dam
1952 2472 2118 2528 fuisse
2160 2484 2388 2546 tempus,
2438 2494 2558 2531 cum
2592 2488 2859 2547 praestans
2904 2480 3032 2548 quid
3075 2490 3127 2534 et
3176 2484 3363 2552 singu-

1798 2561 1913 2617 lare
1960 2565 2027 2617 ad
2078 2566 2370 2622 humanum
2419 2585 2589 2639 genus
2641 2572 2946 2636 adveniret,
2996 2574 3080 2627 cui
3112 2574 3243 2627 nihil
3273 2587 3366 2630 aut

1798 2656 2170 2720 superioribus
2219 2661 2553 2727 temporibus
2597 2659 2794 2724 fuerit,
2848 2672 2938 2716 aut
2990 2666 3365 2719 consecuturis

1798 2747 2043 2801 futurum
2075 2765 2171 2819 par
2204 2759 2258 2803 et
2301 2752 2478 2806 simile
2509 2762 2673 2809 esset.
2727 2752 2834 2807 Sed
2884 2755 3074 2809 horum
3125 2757 3365 2811 omnium

1799 2836 2064 2890 occultior
2109 2847 2190 2891 est
2222 2848 2278 2893 et
2326 2838 2486 2893 altior
2533 2842 2700 2906 ratio,
2747 2858 2915 2911 quam
2962 2854 3019 2897 ut
3061 2859 3180 2899 eam
3222 2845 3369 2916 vulgl

1798 2935 1986 2992 captus
2023 2928 2237 2996 assequi
2278 2930 2470 2997 possit.
2504 2928 2639 2984 Nam
2692 2933 2756 2984 ad
2791 2932 3105 2989 diluendum
3152 2936 3370 2991 solven-

1799 3015 2034 3084 dumque
2067 3018 2116 3070 id
2170 3020 2312 3087 quod
2343 3020 2500 3075 nobis
2550 3021 2616 3076 de
2658 3021 2863 3076 Christi
2910 3026 3144 3079 adventu
3178 3028 3371 3095 objici-

1799 3114 1923 3161 tur:
1962 3127 1981 3159 ι
2022 3106 2226 3178 Ecquid
2266 3120 2385 3180 post
2442 3120 2517 3166 tot
2563 3114 2757 3167 saecula
2805 3131 2949 3170 nunc
2995 3117 3211 3171 tandem
3262 3119 3372 3174 Deo

143 3193 349 3262 δημίας,
396 3194 495 3266 (ὅτι
553 3211 572 3243 ι
628 3190 743 3244 Νῦν
801 3186 908 3260 ἆρα
954 3187 1091 3259 μετὰ
1144 3186 1391 3239 τοσοῦτον
1449 3185 1622 3238 αἰῶνα
1667 3186 1695 3237 ό

1804 3198 1854 3251 in
1891 3209 2124 3269 mentem
2154 3203 2303 3256 venit
2345 3203 2513 3257 vitam
2546 3205 2821 3259 hominum
2872 3207 3141 3263 adducere
3184 3209 3249 3263 ad
3275 3211 3369 3280 ju-

144 3284 252 3350 Θεὸς
281 3285 589 3357 ἀνεμνήσθη
620 3282 908 3336 δικαιῶσαι
932 3281 992 3333 τὸ
1020 3278 1321 3351 ἀνθρώπων
1348 3278 1522 3347 γένος,
1560 3276 1695 3347 πρό-

140 3394 274 3451 τερον
304 3379 363 3432 δὲ
390 3378 619 3448 ἡμέλει;
657 3378 704 3441 ι)
750 3373 988 3442 ἅψασθαι
1026 3371 1119 3424 τοῦ
1168 3371 1296 3441 περὶ
1344 3368 1696 3441 μερίδωνηλό-

140 3484 243 3536 γου,
270 3470 366 3525 καὶ
396 3467 812 3540 σαφηνίσαι,διὰ
841 3465 916 3529 τί,
943 3467 1029 3518 ὅτε
1056 3461 1361 3535 διεμέριζεν
1381 3466 1409 3516 6
1438 3462 1698 3531 ’Ύψιστος

138 3562 283 3634 ἔθνη,
332 3561 405 3626 ὡς
450 3563 757 3631 διέσπειρεν
820 3558 968 3620 υἱοὺς
1032 3556 1243 3625 Ἀδὰμ,
1298 3554 1526 3626 ἔστησεν
1574 3553 1699 3623 ὅρια

139 3657 286 3709 ἐθνῶν
316 3658 433 3710 κατ’
456 3653 691 3727 ἀριθμὸν
711 3650 956 3720 ἀγγέλων
978 3647 1110 3701 Θεοῦ
1132 3667 1145 3679 ·
1170 3647 1263 3700 καὶ
1282 3646 1513 3718 ἐγενήθη
1542 3645 1697 3716 μερὶς

138 3750 323 3820 Κυρίου
379 3749 503 3811 λαὸς
555 3744 723 3800 αὑτοῦ
803 3744 1027 3808 Ἰακὼϐ,
1094 3742 1379 3813 σχοίνισμα
1437 3740 1698 3811 κληρονο-

141 3842 253 3908 μίας
299 3842 459 3895 αὑτοῦ
505 3838 760 3911 Ἰσραήλ·
794 3856 812 3889 ›
844 3835 938 3888 καὶ⁹
968 3835 1146 3906 δεήσει
1179 3836 1276 3905 τὴν
1321 3832 1498 3886 αἰτίαν
1523 3832 1697 3883 εἰπεῖν

135 3932 220 4002 τῆς
240 3935 315 3997 είς
343 3934 570 3987 ἕκαστον
592 3931 739 4001 ὅριον
765 3927 1047 3997 γενέσεως,
1076 3925 1181 3979 ὑπὸ
1212 3926 1303 3978 τὸν
1342 3921 1697 3993 κεκληρωμέ-

137 4040 213 4074 νον
236 4025 293 4077 τὸ
316 4026 478 4095 ὃριον,
507 4024 603 4075 καὶ
630 4020 748 4083 πῶς
768 4018 1003 4087 εὐλόγως
1034 4015 1266 4087 ἐγενήθη
1297 4017 1453 4088 μερὶς
1485 4013 1697 4085 Κυρίου

136 4112 249 4178 λαὸς
291 4116 453 4169 αὐτοῦ
511 4112 729 4177 Ἰακὼϐ,
785 4111 1068 4181 σχοίνισμα
1128 4108 1492 4181 κληρονομίας
1536 4105 1698 4159 αὐτοῦ

146 4205 367 4277 Ἰσραήλ·
403 4206 498 4261 καὶ
548 4204 639 4258 διὰ
674 4204 728 4256 τί
760 4204 1020 4273 πρότερον
1054 4202 1151 4272 μὲν
1179 4196 1246 4271 ἦν
1296 4200 1454 4271 μερὶς
1493 4198 1697 4268 Κυρίου

135 4293 249 4360 λαὸς
301 4300 465 4351 αὐτοῦ
520 4296 737 4359 Ἰακὼὸ,
793 4294 1075 4365 σχοίνισμα
1128 4291 1491 4362 κληρονομίας
1537 4288 1699 4342 αὑτοῦ

134 4388 357 4460 Ἰσραήλ·
384 4390 508 4460 περὶ
536 4388 592 4442 δὲ
609 4387 719 4440 τῶν
745 4385 967 4456 ὕστερον
998 4384 1214 4452 λέγεται
1238 4381 1372 4451 πρὸς
1401 4380 1491 4434 τὸν
1518 4381 1701 4450 Σωτῆ-

138 4494 195 4547 pst
224 4480 325 4531 ὑπὸ
361 4480 452 4532 τοῦ
489 4476 725 4550 Πατρὸς,
756 4496 773 4527 ι
807 4476 1034 4544 Αἴτησαι
1073 4477 1201 4545 παρ’
1235 4472 1391 4543 ἐμοῦ,
1428 4472 1522 4525 καὶ
1547 4471 1703 4524 δώσω

137 4584 207 4620 σοι
260 4570 388 4641 ἔθνη
434 4572 532 4642 τὴν
572 4569 934 4640 κληρονομίαν
985 4584 1097 4627 σου,
1156 4568 1249 4618 καὶ
1290 4565 1388 4635 τὴν
1431 4563 1700 4633 κατάσχε-

138 4662 209 4713 civ
255 4680 350 4716 σου
399 4664 469 4716 τὰ
507 4662 723 4734 πέρατα
755 4661 853 4730 τῆς
905 4660 1022 4730 γῆς.
1060 4678 1079 4711 ι
1110 4659 1231 4711 Εἰσὶ
1278 4659 1387 4727 γάρ
1420 4674 1563 4719 τινες
1594 4658 1704 4727 εἱρ-

138 4757 217 4823 μοὶ
260 4758 357 4810 καὶ
412 4754 722 4809 ἁκολουθίαι
778 4755 970 4821 ἄφατοι
1020 4753 1111 4805 καὶ
1152 4751 1529 4820 ἀνεκδιήγητοι
1579 4748 1706 4819 περὶ

134 4848 221 4918 τῆς
263 4848 411 4903 κατὰ
452 4848 553 4912 τὰς
602 4844 948 4919 ἀνθρωπίνας
999 4844 1176 4915 ψυχὰς
1240 4842 1497 4914 διαφόρου
1557 4843 1705 4894 οἰκο-

134 4944 336 5011 νομίας.

196 5028 404 5086 Ἦλθεν
436 5028 549 5096 οῦν,
584 5031 686 5085 κᾶν
722 5030 794 5101 μὴ
831 5027 1081 5098 βούληται
1123 5028 1331 5091 Κέλσος
1356 5067 1369 5087 ,

132 5122 248 5188 λοῦς
267 5126 556 5195 προφήτας
579 5120 1078 5194 ἐπανορθουμένους
1110 5117 1180 5171 τὰ
1206 5118 1296 5170 τοῦ
1325 5116 1540 5186 Ἰσραὴλ
1571 5113 1713 5167 ὲκεί-

135 5232 241 5279 tm,
283 5215 674 5287 ὲπανορθωτὴς
716 5213 837 5265 ὅλου
874 5210 969 5264 τοῦ
1016 5211 1224 5280 κόσμου
1263 5211 1290 5262 6
1335 5208 1603 5278 Χριστός·
1647 5206 1708 5258 οὐ

134 5305 380 5376 δεόμενος
411 5305 549 5358 κατὰ
573 5304 670 5375 τὴν
703 5302 972 5373 προτέραν
1005 5298 1315 5368 οἰκονομίαν
1341 5300 1440 5367 τῆς
1470 5296 1588 5349 κατ’
1614 5297 1709 5348 ἀν-

136 5393 364 5465 θρώπων
392 5398 642 5469 χρήσεως
687 5392 983 5465 μαστίγων,
1019 5394 1110 5445 καὶ
1141 5389 1379 5460 δεσμῶν,
1416 5390 1508 5441 καὶ
1545 5387 1711 5457 βασα-

219 5516 264 5547 ”
294 5514 457 5567 Dent.
502 5528 634 5577 xxn,
666 5510 719 5574 8,
764 5510 818 5563 9.
896 5507 940 5537 ³⁰
980 5503 1119 5558 Psal.
1164 5522 1227 5565 ιι,
1254 5504 1310 5558 8.

1409 5026 1546 5097 μετὰ
1576 5024 1705 5077 πολ-

202 5596 312 5662 (ιιυ)
356 5598 524 5653 Codd.
568 5598 702 5662 Reg.
749 5604 803 5648 et
841 5595 999 5648 Basil.
1047 5602 1193 5648 recte
1234 5594 1477 5659 omnino,
1523 5593 1719 5648 αἰῶνα.

134 5665 300 5728 Μὶιις,
332 5666 541 5733 ἀγῶνα,
572 5667 734 5719 male.

202 5739 314 5806 (4t)
356 5732 497 5789 Κατ’
524 5736 745 5806 αὐτούς
774 5734 993 5806 habent
1020 5734 1177 5806 codd.
1236 5732 1437 5806 Regius
1463 5741 1515 5806 et
1565 5733 1717 5787 Basi-

136 5803 363 5873 lee'usis,
399 5820 584 5875 satque
614 5804 772 5875 paulo
802 5815 918 5873 post
944 5804 1068 5859 libri
1103 5803 1361 5872 impressi
1394 5805 1485 5872 qui
1533 5815 1710 5857 tamen

1800 3290 2026 3355 stitiam,
2057 3303 2215 3346 antea
2268 3302 2446 3348 autem
2495 3309 2639 3349 curae
2688 3295 2976 3351 nonfuit?
3025 3318 3044 3350 ι
3100 3299 3371 3355 disserere

1800 3390 2048 3448 oporteat
2122 3383 2189 3437 de
2262 3385 2501 3453 gentium
2566 3386 2897 3454 partitione,
2969 3398 3024 3444 et
3097 3406 3371 3460 exponere

1800 3486 1918 3534 cur,
1952 3489 1970 3523 ι
2015 3474 2232 3541 quando
2277 3474 2552 3530 dividebat
2578 3477 2889 3533 Altissimus
2915 3488 3119 3548 gentes,
3156 3487 3375 3551 quando

1802 3563 2087 3631 separabat
2140 3564 2280 3620 ﬁlios
2331 3566 2529 3631 Adam,
2565 3569 2908 3624 constituerit
2962 3573 3225 3628 terminos
3273 3590 3372 3644 po-

1799 3654 2048 3724 pulorum
2107 3656 2265 3726 juxta
2343 3675 2627 3715 numerum
2709 3662 3027 3731 angelorum
3105 3664 3240 3731 Dei;
3320 3676 3378 3720 et

1802 3760 1935 3825 pars
1964 3745 2172 3801 Domini
2217 3748 2379 3804 fuerit
2420 3753 2652 3820 populus
2684 3753 2801 3821 eius
2847 3754 3012 3811 Jacob
3057 3767 3114 3812 et
3154 3758 3374 3813 funicu-

1802 3834 1886 3889 lus
1918 3836 2252 3892 haereditatis
2281 3838 2399 3909 ejus
2426 3839 2592 3895 Israel
2624 3842 2691 3897 ”.
2731 3862 2750 3895 ι
2789 3843 2937 3914 Opus
2959 3860 3177 3915 quoque
3213 3848 3376 3901 fuerit

1803 3924 1961 3994 507
1986 3925 2184 3982 afferre
2221 3943 2439 3983 causam
2489 3946 2587 3985 cur
2620 3933 2784 3986 certis
2818 3934 3141 4002 quibusdam
3176 3935 3227 3988 in
3249 3935 3379 3988 tini-

1802 4018 1903 4070 hus
1944 4018 2160 4086 quidam
2204 4030 2518 4085 nascantur,
2552 4032 2608 4075 et
2639 4023 2691 4075 in
2719 4023 2836 4093 ejus
2871 4024 3072 4079 ditione
3104 4027 3191 4092 qui
3244 4027 3380 4081 lines

1804 4108 1923 4163 illos
1963 4111 2186 4164 sortitus
2233 4121 2316 4165 est
2351 4130 2368 4167 :
2403 4128 2503 4166 cur
2550 4116 2745 4167 merito
2799 4129 2925 4182 pars
2968 4115 3181 4170 Domini
3216 4116 3380 4171 fuerit

1801 4200 2027 4272 pepulus
2086 4205 2203 4273 ejus
2266 4203 2467 4268 Jacob,
2539 4203 2811 4258 funiculus
2872 4206 3208 4259 haereditatis
3259 4207 3379 4274 ejus

1803 4295 2001 4359 Israel;
2039 4311 2135 4348 cur
2160 4296 2308 4367 prius
2338 4310 2463 4364 pars
2488 4297 2694 4349 Domini
2726 4305 2871 4349 esset
2893 4296 3121 4364 populus
3151 4297 3269 4364 ejus
3289 4296 3379 4351 Ja-

1805 4388 1926 4449 cob,
1960 4384 2232 4440 funiculus
2265 4388 2593 4441 hereditatis
2611 4388 2725 4455 ejus
2754 4386 2947 4451 Israel;
2981 4395 3166 4454 postea
3198 4398 3377 4443 autem

1808 4480 1874 4533 ad
1903 4479 2237 4533 Salvatorem
2282 4494 2310 4531 a
2346 4478 2509 4532 Patre
2544 4480 2748 4532 dictum
2793 4478 2996 4532 fuerit:
3040 4497 3058 4528 ι
3088 4478 3303 4534 Postula
3347 4496 3379 4535 a

1809 4588 1919 4637 me,
1950 4580 2005 4625 et
2043 4570 2180 4625 dabo
2214 4571 2308 4624 tibi
2354 4581 2541 4640 gentes
2576 4571 2939 4625 liaareditatem
2972 4579 3138 4634 tuam,
3170 4578 3224 4624 et
3264 4585 3385 4639 pos.

1803 4667 2099 4719 sessionem
2161 4673 2304 4717 tuam
2362 4664 2621 4718 terminos
2683 4674 2841 4717 terrae
2892 4661 2956 4714 ³ο.
3006 4680 3024 4712 ι
3060 4660 3192 4715 Sunt
3238 4664 3380 4717 enim

1806 4765 1945 4826 apta:
1980 4757 2123 4810 inter
2142 4771 2201 4810 se
2229 4765 2285 4811 et
2307 4770 2566 4810 connexa:
2601 4754 2825 4809 diversae
2855 4753 3117 4816 rationes,
3148 4768 3283 4823 quas
3317 4754 3384 4807 ad

1807 4849 2067 4918 regendas
2118 4849 2382 4902 humanas
2431 4847 2829 4913 animas-Deus
2876 4845 3133 4911 adhibet,
3165 4853 3219 4901 et
3247 4862 3385 4916 quas

1807 4952 1968 4991 nemo
1994 4939 2253 5006 consequi
2295 4947 2350 4992 et
2382 4952 2643 4991 enarrare
2675 4946 2872 5005 potest.

1891 5027 1944 5080 9.
1980 5026 2165 5093 Igitur,
2193 5027 2542 5095 quantumvis
2564 5024 2751 5079 Celsus
2788 5028 3065 5089 reclamet,
3101 5034 3221 5094 post
3251 5024 3390 5078 mul-

1820 5126 1903 5169 tos
1955 5117 2245 5185 prophetas
2297 5115 2389 5184 qui
2444 5115 2597 5170 illum
2633 5115 2794 5169 Israel
2854 5129 3175 5179 correxere,
3227 5114 3383 5168 venit

1818 5208 2070 5263 Christus
2098 5217 2153 5260 ut
2177 5207 2435 5260 mundum
2465 5221 2681 5261 onmem
2708 5208 3031 5276 corrigeret.
3052 5206 3239 5275 Neque
3256 5219 3395 5276 opus

1821 5298 2029 5360 habuit,
2063 5306 2122 5350 ut
2154 5297 2205 5349 iu
2244 5296 2415 5364 prima
2446 5297 2882 5365 dispensatione,
2914 5296 3107 5365 virgis,
3160 5295 3395 5349 vinculis

1821 5397 1877 5441 et
1908 5388 2190 5443 tormentis
2224 5388 2290 5441 ad
2319 5387 2668 5469 castigandos
2694 5390 2967 5444 homines.
2997 5387 3224 5451 Quando
3248 5387 3397 5441 enim

1829 5595 1929 5651 hoc
1954 5596 2070 5650 loco
2100 5595 2321 5659 habent,
2360 5593 2479 5645 καθ’
2512 5593 2737 5658 ἑαυτούς

1899 5667 2010 5737 (42)
2054 5667 2390 5792 ll'wschclius
2430 5668 2483 5721 iu
2519 5676 2691 5732 textu,
2736 5663 2958 5731 ταύτας,
2994 5664 3181 5732 sicque
3212 5674 3402 5718 omnes

1899 5758 1956 5792 ις.
1991 5756 2073 5792 ltlll
2100 5753 2148 5792 ϐ.

1827 5756 1956 5793 lllSS.
1991 5753 2148 5793 male.
