3852 6418
551 407 686 464 1059

1995 409 2317 465 ORIGENIS

3648 421 3760 474 1010

501 530 523 550 ’
551 549 568 581 ι
610 529 742 584 exiit
772 526 865 599 qui
892 525 1124 582 seminat
1155 527 1429 582 seminare
1452 528 1519 594 ³¹,
1546 546 1565 580 ι
1596 527 1729 582 satis
1764 526 1866 582 fuit
1900 527 2089 582 docere

2230 526 2538 599 νιστηρίων.
2575 528 2771 599 Ἤρκει
2797 526 2904 599 γὰρ
2929 529 2960 599 ἡ
2985 527 3320 593 διδασκαλᾉ,
3353 529 3437 581 ὅτε
3469 547 3486 580 ι
3523 530 3763 604 ἐξῆλθενό

546 632 602 676 ut
637 619 947 686 ubicunque
977 617 1226 672 doctrina
1252 633 1348 672 sua
1373 618 1844 673 disseminaretur.
1879 620 2032 686 Quod
2072 621 2117 674 si

545 710 728 764 nmndi
777 709 1018 771 duratio,
1075 708 1199 778 quia
1270 709 1485 763 initium
1541 710 1752 774 habuit,
1793 712 2120 767 necessariis

544 801 874 872 quihusdam
901 801 1166 856 limitibus
1193 801 1685 868 circumscribitur,
1709 811 1758 857 et
1789 803 1968 856 mttudi
1997 803 2120 859 ﬁnis

541 907 665 946 esse
694 891 890 957 debet;
923 893 965 946 si
999 901 1120 960 post
1164 893 1325 946 tinem
1363 891 1606 946 futurum
1643 903 1726 949 est
1766 894 1832 949 de
1863 896 2119 950 omnibus

535 984 738 1052 justum
762 983 1062 1052 judicium;
1086 983 1199 1038 haec
1231 986 1483 1054 dogmata
1509 986 1924 1056 quibuscunque
1955 1004 2119 1058 argu-

542 1077 763 1135 mantis.
803 1085 913 1128 tum
947 1090 1014 1128 ex
1051 1075 1232 1128 divina
1257 1075 1564 1146 Scriptura,
1593 1088 1704 1131 tum
1748 1093 1813 1132 ex
1841 1079 2114 1133 rationum

538 1166 980 1220 conclusionibus
1014 1168 1368 1232 conﬁrmare,
1387 1168 1756 1225 Christianum
1774 1171 1990 1239 quidem
2019 1171 2116 1225 de-

537 1260 681 1312 cebit
719 1260 882 1314 altius
931 1260 1192 1331 mysteria
1251 1271 1622 1326 scrutantem;
1671 1263 1765 1316 sed
1822 1263 2031 1317 ﬁdelem
2086 1279 2116 1316 e

535 1351 717 1419 vulgo,
754 1351 1081 1421 simplicem,
1115 1353 1207 1421 qui
1237 1352 1565 1421 multiplices
1593 1353 1788 1408 divinae
1832 1356 2115 1424 sapientiae

536 1443 784 1496 rationes
810 1441 1086 1496 intellectu
1123 1457 1227 1495 non
1268 1450 1452 1510 potest
1484 1442 1777 1510 attingere,
1811 1451 2026 1510 Oportet
2055 1457 2114 1495 se

537 1533 647 1586 Deo
666 1534 1047 1603 Salvatorique
1098 1534 1269 1588 nostri
1319 1533 1538 1601 generis
1572 1533 2028 1598 committentem,
2061 1535 2112 1588 id

537 1625 740 1678 habere
770 1626 1196 1679 iustaromnium
1225 1633 1694 1695 argumentorum,
1727 1643 1744 1675 ι
1774 1625 1886 1694 ipse
1916 1625 2105 1691 dixit,»

535 1732 636 1770 nec
673 1717 784 1770 ullo
810 1717 915 1769 alio
952 1717 1124 1785 magis
1147 1716 1440 1770 conlidere.

608 1809 696 1862 10.
736 1809 927 1862 Postea
963 1808 1172 1870 Celsus,
1208 1807 1376 1872 nulla,
1413 1814 1470 1858 ut
1495 1807 1576 1860 sui
1613 1809 1784 1860 moris
1813 1815 1915 1870 est,
1943 1806 2105 1859 allata

534 1901 869 1968 probatione,
903 1901 1137 1954 traducit
1171 1915 1270 1954 nos
1307 1899 1466 1968 quasi
1521 1899 1746 1953 minime
1785 1910 1968 1953 sancta
2004 1900 2106 1952 mi—

535 1996 787 2062 uitueque
821 1995 904 2064 pia
928 1995 991 2047 de
1027 1994 1132 2047 Deo
1163 1993 1547 2062 pra‘dicantes.
1569 2012 1585 2043 ι
1623 1993 1970 2062 Perspicuum
2000 2003 2104 2058 est,

532 2089 730 2156 inquit,
761 2089 876 2142 haec
905 2086 1100 2140 abillis
1129 2102 1226 2141 nec
1261 2096 1448 2141 sancte
1481 2103 1580 2140 nec
1612 2089 1698 2157 pie
1725 2088 1789 2141 de
1827 2087 1934 2141 Deo
1972 2104 2106 2157 prae-

531 2177 738 2244 dicari;
783 2195 800 2228 ι
839 2186 1106 2246 putatque
1137 2192 1236 2230 nos
1259 2177 1325 2229 ad
1363 2183 1635 2230 terrorem
1661 2176 2000 2245 simplicibus
2031 2178 2106 2230 in-

533 2271 845 2325 cutiendum
885 2271 1000 2324 hzec
1026 2273 1256 2338 lingere,
1290 2283 1463 2338 neque
1487 2285 1617 2324 vera
1643 2271 1855 2324 tradere
1879 2271 1944 2324 de
1973 2287 2102 2340 sup-

532 2362 705 2430 pliciis
731 2377 850 2430 quae
877 2361 1324 2428 delinquentibus
1345 2363 1655 2415 necessaria
1683 2372 1827 2414 sunt.
1860 2359 2105 2430 Quapro-

530 2463 764 2521 pternos
783 2448 995 2506 confert
1029 2473 1046 2502 ι
1087 2468 1211 2505 eum
1252 2453 1338 2515 iis,
1375 2453 1464 2521 qui
1503 2453 1555 2505 iu
1587 2453 1866 2506 Bacchicis
1903 2464 2105 2524 myste-

528 2547 624 2600 riis
653 2547 886 2616 spcctris
909 2546 1095 2600 oculos
1141 2553 1196 2600 et
1228 2545 1504 2600 terriculis
1534 2545 1858 2616 percellunt.
1889 2565 1907 2598 ι
1946 2547 2100 2611 Quod

523 2641 731 2699 spectat
767 2633 832 2686 ad
889 2633 1154 2688 Bacchica
1213 2634 1496 2704 mysteria,
1551 2635 1690 2688 sitne
1740 2649 1926 2688 eorum
1962 2636 2100 2689 ratio

521 2722 846 2791 probabilis,
882 2739 949 2776 an
1002 2738 1181 2786 secus,
1242 2722 1343 2790 ipsi
1399 2721 1577 2776 Graeci
1625 2722 1842 2785 dicant,
1895 2736 2098 2791 eosque

521 2812 712 2867 Celsus
742 2812 968 2882 ejusque
1012 2813 1230 2868 sodales
1264 2811 1515 2868 audiant.
1551 2811 1662 2865 Nos
1691 2820 1871 2866 autem
1899 2812 1964 2864 ad
1998 2828 2094 2866 no-

521 2913 630 2957 stra
667 2903 1008 2959 defendenda
1047 2905 1300 2968 dicimus,
1343 2905 1500 2958 nobis
1542 2905 1642 2958 huc
1680 2918 1798 2956 esse
1848 2905 2094 2972 proposi-

520 3008 657 3064 tum,
692 2999 982 3052 emendare
1015 2998 1292 3064 homines,
1325 3007 1378 3052 et
1418 2999 1483 3051 ad
1510 2997 1648 3052 hanc
1689 3012 1801 3050 rem
1835 2997 2094 3050 adhibere

521 3102 612 3143 aut
638 3091 811 3144 minas
833 3105 1142 3160 ptienarum,
1177 3106 1315 3158 quas
1348 3091 1472 3145 huic
1502 3089 1844 3144 universitati
1901 3103 2096 3144 neces-

521 3184 697 3235 sarias
724 3197 847 3236 esse
879 3197 1203 3250 persuasum
1240 3181 1396 3235 nobis
1425 3193 1529 3245 est,
1569 3196 1664 3234 nee
1711 3179 1947 3235 fortasSe
1971 3195 2098 3248 pas-

518 3274 662 3328 suris
695 3274 914 3329 inutiles
946 3273 1193 3332 futuras:
1249 3286 1342 3329 aut
1372 3277 1637 3343 promissa
1674 3275 1842 3329 beata:
1882 3275 2005 3328 vitae
2038 3275 2092 3328 in

515 3363 684 3435 rogito
721 3367 812 3422 Dei
849 3367 990 3420 facta
1025 3367 1091 3420 iis
1118 3369 1207 3436 qui
1235 3371 1370 3422 bene
1403 3367 1568 3440 508
1607 3369 1864 3435 vixerint,
1891 3367 2093 3438 quique

517 3459 666 3528 digni
703 3459 905 3514 fuerint
937 3474 1171 3528 quorum
1200 3460 1341 3514 Deus
1372 3475 1463 3514 rex
1497 3462 1586 3514 sit.

582 3726 670 3778 11.
697 3723 836 3778 Tum
877 3724 986 3788 ille,
1019 3739 1126 3793 quo
1153 3740 1250 3780 nos
1277 3725 1610 3780 demonstret
1643 3727 1778 3780 nihil
1824 3729 2083 3785 eximium

510 3817 752 3885 nihilque
800 3833 994 3870 novum
1047 3820 1111 3871 de
1146 3819 1345 3871 diluvio
1376 3829 1467 3870 aut
1494 3816 1916 3889 conﬂagratione
1941 3823 2088 3876 diee-

509 3923 588 3973 re,
620 3908 715 3961 sed
753 3918 807 3960 et
840 3908 980 3960 male
1015 3908 1288 3962 intellecta
1318 3907 1632 3964 Grmcurum
1683 3920 1775 3964 aut
1818 3914 2082 3968 barbaro-

509 4015 627 4052 rmu
653 4001 736 4054 his
761 4002 826 4055 de
861 4002 1025 4056 rebus
1064 4002 1342 4069 Opinione,
1375 4003 1582 4056 nostris
1626 4003 1927 4073 Scripturis
1987 4008 2082 4060 tri-

505 4089 687 4145 buisse
722 4093 904 4156 ﬁdem,
937 4093 1048 4146 ait:
1081 4111 1099 4143 ι
1140 4093 1400 4160 Quamvis
1436 4096 1548 4148 luce
1580 4094 1792 4150 illorum
1824 4098 2077 4165 dogmata

505 4199 610 4235 non
683 4185 1093 4250 intellexerint,
1149 4188 1438 4242 audierunt
1493 4199 1670 4244 tamen
1723 4202 1846 4260 post
1893 4195 2075 4261 elapsa

501 4275 658 4346 longa
683 4287 952 4346 tempora,
977 4287 1101 4347 post
1132 4280 1329 4333 multos
1350 4280 1590 4334 siderum
1617 4297 1895 4351 regrchus
1917 4294 2078 4354 atque

498 4383 822 4434 concursus,
863 4369 1315 4438 conllagrationcs
1343 4383 1397 4425 et
1425 4371 1628 4426 diluvia
1661 4373 1774 4426 t’ieri
1802 4390 1816 4439 ;
1845 4391 2075 4444 cumque

498 4461 746 4514 ultimum
780 4462 1123 4517 Deucalionis
1150 4471 1312 4518 aetate
1341 4464 1602 4518 diluvium
1633 4465 2072 4536 eontigexit,jam

2227 621 2464 691 σπείρων
2497 619 2590 671 τοῦ
2622 620 2886 689 σπείρειν,
2916 639 2933 670 ι
2957 621 3041 672 ἵνα
3069 621 3266 692 σπείρῃ
3301 621 3389 675 τὸν
3413 622 3559 691 λόγον
3595 642 3762 680 παντα-

2223 713 2339 782 χοῦ.
2378 713 2439 764 Εἰ
2481 711 2523 763 δ’
2556 712 2910 782 ἐπιστήσεταί
2943 729 3026 775 τις
3069 713 3276 782 χρόνος,
3321 715 3660 784 περιγράφων
3689 715 3761 768 τὸν

2223 807 2427 876 κόσμον
2455 805 2759 872 ἀναγκαίαν
2783 803 3146 875 περιγραφὴν,
3177 804 3253 875 τῷ
3269 804 3428 858 αὑτὸν
3448 805 3608 878 ἀρχὴν
3629 809 3761 882 ἐσχη-

2222 899 2394 950 κέναι·
2431 896 2525 949 καὶ
2549 895 2902 971 ἐπιστήσεταί
2933 913 2986 947 τι
3015 894 3166 958 τέλος
3198 895 3275 966 τῷ
3307 897 3510 967 κόσμῳ,
3536 898 3622 953 καὶ
3648 900 3759 970 μετὰ

2220 984 2280 1038 τὸ
2311 985 2462 1047 τέλος
2483 984 2665 1037 δικαία
2699 985 2827 1054 περὶ
2861 983 3076 1037 πάντων
3109 983 3312 1054 κρίσις,
3348 983 3523 1056 δεήσει
3567 987 3656 1057 μὲν
3681 988 3758 1040 τὸν

2222 1074 2614 1145 φιλοσοφοῦντα
2629 1073 2696 1126 τὰ
2715 1072 2810 1125 τοῦ
2827 1072 2981 1142 λόγου
3001 1071 3432 1136 κατασκευάζειν
3454 1077 3582 1144 μετά
3593 1095 3754 1130 παντο-

2219 1169 2404 1223 δαπῶν
2429 1167 2774 1231 ἀποδείξεων,
2801 1164 2907 1218 τῶν
2926 1182 2982 1217 τε
3011 1164 3118 1217 ἀπὸ
3141 1162 3250 1216 τῶν
3274 1163 3431 1218 θείων
3458 1167 3755 1236 γραμμάτων

2219 1260 2434 1314 καὶτῶν
2455 1259 2560 1312 ἀπὸ
2582 1259 2678 1328 τῆς
2712 1259 2770 1309 ἐν
2797 1259 2908 1318 τοῖς
2937 1255 3114 1323 λόγοις
3141 1254 3459 1318 ἀκολουθίας
3478 1272 3491 1286 ο
3521 1256 3678 1327 δεήσει
3709 1259 3752 1311 δὲ

2217 1351 2306 1403 τὸν
2325 1349 2490 1404 πολὺν
2516 1348 2608 1401 καὶ
2632 1345 2803 1401 ἀπλού
2813 1363 2900 1398 στε
2910 1363 3020 1416 ρον,
3038 1346 3132 1398 κα)⁵
3157 1345 3231 1416 μὴ
3245 1345 3533 1415 δυνάμενον
3548 1363 3752 1416 παρακο-

2217 1443 2425 1495 λουθεῖν
2446 1445 2558 1504 τοῖς
2584 1437 3106 1507 ποικιλωτάτοιςτῆς
3121 1439 3313 1506 σοφίας
3325 1438 3418 1490 τοῦ
3438 1438 3567 1490 θεοῦ
3593 1438 3754 1509 θεωρήο

2220 1551 2402 1605 μασιν,
2424 1533 2448 1584 ἐ
2457 1529 2686 1602 μπιστεύ
2696 1547 2861 1582 σαντα
2883 1528 3072 1582 ἑαυτὸν
3095 1527 3234 1597 Θεῷ,
3253 1527 3346 1580 καὶ
3375 1527 3450 1600 τῷ
3470 1527 3662 1598 Σωτῆρι
3680 1527 3752 1579 τοῦ

2213 1628 2401 1696 γένους
2427 1625 2614 1694 ἡμῶν,
2649 1622 2840 1676 τούτου
2881 1621 3080 1692 μᾶλλον
3104 1619 3440 1692 ἀρκεσθῆναι
3472 1620 3544 1691 τῷ
3579 1639 3597 1670 ι
3625 1619 3752 1681 αὐτὸς

2214 1718 2316 1788 ἔφα
2339 1717 2502 1787 (ιδ),ι
2532 1716 2563 1787 ἦ
2591 1715 2750 1768 ἄλλου
2785 1712 3114 1766 οὑτινοσοῦν.

2283 1807 2442 1862 Μετά
2467 1807 2638 1860 ταῦτα
2668 1804 2851 1867 πάλιν,
2877 1803 2953 1868 ὡς
2979 1802 3206 1874 σύνηθές
3236 1805 3384 1857 ἐστιν
3414 1801 3576 1873 αὐτῷ,
3615 1803 3748 1875 μηδὲν

2143 1869 2184 1923 Β
2212 1900 2644 1962 κατασκευάσας,
2696 1898 2817 1969 μηδ’
2864 1897 3151 1963 ἀποδείξας
3193 1897 3222 1948 ὁ
3272 1897 3509 1963 Κέλσος,
3551 1897 3748 1966 ὡσπερεὶ

2208 1995 2304 2062 οὐχ
2324 1993 2484 2056 ὁσίως
2510 1989 2666 2061 ἡμῶν
2691 1989 2799 2042 οὐδ’
2817 1989 3028 2057 εὐαγῶς
3061 2007 3127 2041 πε
3137 1990 3190 2060 ρί
3222 1987 3316 2041 τοῦ
3351 1988 3485 2041 Θεοῦ
3511 1988 3748 2059 θρυλλούν-

2205 2103 2334 2148 των,
2353 2085 2533 2154 φησίν·
2565 2103 2580 2134 ι
2597 2084 2719 2134 Ὅτι
2743 2082 2840 2151 μὲν
2857 2077 2948 2134 οῦν
2969 2081 3067 2150 οὐχ
3086 2081 3250 2142 ὁσίως
3265 2079 3374 2132 οὐδ’
3399 2079 3595 2147 εὑαγῶς
3611 2080 3747 2133 ταῦτα

2205 2178 2332 2249 περὶ
2363 2176 2456 2230 τοῦ
2491 2175 2624 2230 Θεοῦ
2671 2174 3008 2246 Ορυλλοῦσιν,
3026 2172 3246 2244 εὔδηλον
3277 2173 3331 2243 (4
3348 2175 3414 2242 ι)·
3452 2191 3469 2224 ι
3509 2174 3592 2225 καὶ
3608 2173 3746 2225 οἴεταί

2205 2289 2265 2340 γε
2302 2271 2394 2322 ἐπὶ
2439 2268 2634 2339 Θάμΰει
2668 2268 2779 2320 τῶν
2828 2265 3050 2320 ἰδιωτῶν
3085 2265 3241 2320 ταῦθ’
3268 2266 3414 2337 ἡμᾶς
3450 2267 3625 2328 ποιεῖν,
3649 2265 3745 2334 οὐχὶ

2203 2363 2258 2415 δὲ
2289 2360 2496 2431 τάληοῆ
2545 2361 2672 2430 περὶ
2721 2358 2994 2412 κολάσεων
3032 2357 3292 2426 λέγοντας
3335 2357 3628 2426 ἀναγκαίων
3655 2358 3743 2416 τοῖς

2202 2453 2563 2525 ἡμαρτηκόσι.
2597 2452 2796 2521 Διόπερ
2813 2450 3047 2521 ἐξομοιοῖ
3072 2451 3222 2521 ἡμᾶς
3254 2468 3273 2499 ‹
3301 2452 3412 2512 τοῖς
3442 2451 3494 2500 ἐν
3515 2450 3620 2509 ταῖς
3636 2447 3742 2497 Βακ-

2201 2551 2380 2617 χικαῖς
2419 2545 2660 2607 τελεταῖς
2691 2544 2760 2597 τά
2812 2543 3069 2613 φάσματα
3116 2545 3210 2595 καὶ
3254 2542 3481 2612 δείματα
3531 2537 3740 2610 προεισά-

2201 2656 2376 2708 γουσι.
2418 2655 2435 2688 ι
2475 2637 2610 2706 Περὶ
2653 2636 2754 2706 μὲν
2791 2631 2883 2687 οὖν
2922 2634 3029 2686 τῶν
3071 2632 3361 2703 Βακχικῶν
3404 2631 3614 2684 τελετῶν
3652 2630 3737 2680 είτε

2202 2731 2286 2793 τίς
2317 2730 2433 2781 ἐστι
2467 2728 2689 2789 πιθανὸς
2727 2726 2916 2793 λόγος,
2962 2725 3071 2777 εἴτε
3107 2724 3296 2794 μηδεὶς
3326 2723 3572 2786 τοιοῦτος,
3607 2722 3730 2788 λεγέ-

2201 2839 2378 2874 τωσαν
2409 2820 2690 2890 Ἕλληνες,
2721 2819 2816 2871 καὶ
2849 2817 3091 2870 ἀκουέτω
3125 2817 3332 2879 Κέλσος
3370 2819 3460 2870 καὶ
3491 2818 3536 2868 οἱ
3561 2814 3738 2868 συνθια-

2202 2914 2369 2966 σῶται
2396 2912 2580 2966 αὑτοῦ·
2613 2913 2777 2983 ἡμεῖς
2800 2911 2855 2963 δέ
2881 2910 3008 2982 περὶ
3033 2908 3138 2961 τῶν
3167 2909 3454 2980 ἡμετέρων
3481 2906 3735 2974 ἀπολογούπ

2204 3003 2648 3076 μεοα,λέγοντες,
2677 3003 2760 3054 ὅτι
2787 3001 2847 3053 τὸ
2884 3001 3247 3071 προκείμενον
3281 3002 3414 3070 ἡμῖν
3444 3002 3578 3052 ἐστιν
3600 3000 3733 3049 ἐπαν-

2202 3096 2398 3170 ορθοῦν
2435 3097 2495 3148 τὸ
2525 3095 2680 3164 γένος
2717 3094 2822 3148 τῶν
2863 3093 3164 3166 ἀνθρώπων
3216 3094 3324 3146 εἴτε
3368 3093 3455 3146 διὰ
3485 3093 3580 3144 τῶν
3633 3091 3734 3159 περὶ

2199 3191 2470 3244 κολάσεων
2503 3186 2760 3251 ἀπειλῶν,
2803 3187 2869 3250 ἃς
2901 3185 3247 3256 πεπείσμεθα
3289 3185 3582 3253 ἀναγκαίας
3622 3179 3732 3236 εἶναι

2195 3285 2274 3359 τῷ
2311 3285 2491 3346 παντὶ,
2541 3283 2682 3352 τάχα
2717 3281 2774 3334 δὲ
2815 3280 2908 3333 καὶ
2945 3280 3057 3340 τοῖς
3090 3279 3434 3348 πεισομένοις
3479 3276 3629 3339 αὐτὰς
3654 3277 3731 3328 οὐκ

2193 3363 2500 3442 ἀχρήστους
2527 3369 2662 3440 (45)·
2692 3369 2801 3421 εἴτε
2825 3367 2910 3420 διὰ
2949 3366 3056 3420 τῶν
3085 3368 3178 3420 ἐπί
3207 3369 3334 3431 τοὺς
3367 3367 3541 3430 καλῶς
3571 3365 3726 3436 βεϐιωο

2194 3463 2356 3526 κότας
2386 3461 2726 3531 ἐπαγγελιῶν
2748 3499 2762 3524 ,
2806 3458 3173 3529 περιεχουσῶν
3209 3460 3279 3512 τὰ
3316 3461 3445 3531 περὶ
3473 3460 3564 3530 τῆς
3594 3474 3728 3528 μακα-

2193 3555 2315 3629 ρίας
2347 3558 2404 3608 ἐν
2443 3558 2508 3626 τῇ
2543 3552 2788 3624 βασιλεία
2819 3551 2912 3605 τοῦ
2947 3551 3082 3605 Θεοῦ
3116 3555 3229 3617 τοῖς
3271 3553 3443 3619 ἀξίοις
3488 3549 3724 3607 ὑπἀὐτοῦ

2191 3645 2568 3716 βασιλεύεσθαι
2603 3643 2957 3713 διεξαγωγῆς.

2259 3737 2415 3791 Μετά
2451 3735 2623 3789 ταῦτα
2669 3734 2990 3804 βουλόμενος
3030 3735 3180 3804 ἡμᾶς
3239 3734 3549 3808 παραδεῖξαι
3591 3732 3722 3804 μηδὲν

2189 3829 2488 3904 παράδοξον
2523 3828 2654 3900 μηδέ
2690 3827 2875 3880 καινὸν
2913 3827 3094 3894 λέγειν
3139 3827 3269 3900 περὶ
3304 3823 3657 3895 κατακλυσμοῦ
3694 3823 3716 3888 ῆ

2186 3922 2570 3994 ἐκπυρώσεως,
2623 3921 2760 3974 ἀλλὰ
2831 3920 2925 3972 καὶ
2975 3919 3433 3990 παρακούσαντας
3473 3919 3569 3971 τῶν
3618 3914 3718 3984 παρ’

2187 4014 2443 4085 Ἕλλησιν
2479 4012 2512 4082 ἢ
2556 4011 2851 4083 βαρϐάροις
2885 4011 3014 4082 περὶ
3055 4011 3262 4064 τούτων
3302 4011 3590 4082 λεγομένων
3625 4007 3717 4064 ταῖς

2181 4091 2480 4174 ἡμετέραις
2505 4100 2922 4153 πεπιστευκέναι
2957 4101 3085 4171 περὶ
3107 4101 3289 4153 αὐτῶν
3324 4102 3575 4173 Γραφαῖς,
3611 4095 3715 4164 φησὶ

2181 4193 2354 4246 ταῦτα
2373 4210 2387 4224 ·
2423 4211 2441 4244 ι
2487 4191 2716 4260 Ἐπῆλοε
2743 4191 2787 4243 δ’
2812 4191 2992 4253 αὐτοῖς
3039 4191 3132 4243 καὶ
3167 4191 3342 4244 ταῦτα
3373 4193 3575 4244 ἐκείνων
3602 4203 3711 4253 παρο

2180 4284 2475 4338 ακούσασιν
2502 4324 2516 4347 ,
2579 4283 2658 4334 ὅτι
2702 4282 2766 4352 δὴ
2803 4282 2944 4334 κατά
2991 4283 3197 4351 χρόνων
3243 4283 3464 4355 μακρῶν
3496 4280 3708 4336 κύκλους,

2179 4377 2275 4431 καὶ
2315 4377 2528 4446 ἄστρων
2561 4372 2856 4435 ἐπανόδους
2886 4389 2945 4424 τε
2979 4373 3074 4424 καὶ
3113 4373 3394 4436 συνόδους,
3421 4369 3710 4440 ἐκπυρώσεις

2179 4469 2272 4522 καὶ
2311 4465 2624 4528 ἐπικλύσεις
2664 4463 3053 4535 συμϐαίνουσιν
3075 4481 3088 4494 °
3123 4465 3218 4518 καὶ
3253 4467 3336 4518 ὃτι
3368 4465 3502 4536 μετὰ
3536 4462 3613 4514 τὸν
3641 4476 3708 4510 τε-

493 4567 678 4606 rerum
713 4555 956 4608 omnium
989 4553 1419 4610 vicissitudinem
1456 4557 1756 4624 postulare,
1781 4565 1839 4612 ut
1868 4557 2066 4612 coutla-

2201 4559 2422 4609 .su'caiov
2470 4554 2560 4607 ἐπὶ
2597 4551 2965 4616 Δευκαλίωνος
3011 4552 3394 4625 κατακλυσμὸν
3428 4555 3458 4625 ή
3498 4548 3702 4622 περίοδος

492 4645 672 4710 gratio
701 4645 814 4698 liat.
839 4646 974 4701 llinc
997 4649 1203 4702 erroris
1229 4662 1425 4701 causa:
1451 4648 1580 4701 hinc
1598 4658 1684 4732 est
1710 4649 1854 4717 quod
1887 4649 2070 4704 dicant

491 4733 659 4788 Deum
700 4737 1090 4792 descensurum
1140 4754 1260 4794 esse
1296 4741 1521 4796 tortoris
1567 4741 1743 4796 instar
1793 4752 2064 4797 armatum

493 4825 638 4893 igne.
674 4846 692 4878 ι
716 4829 796 4881 Ad
825 4844 944 4896 qua:
967 4845 1070 4884 nos
1105 4849 1118 4884 :
1156 4832 1351 4885 mirum
1384 4847 1516 4886 sane
1545 4843 1626 4886 est
1647 4834 1863 4887 Celsum
1893 4835 2068 4889 homi-

490 4930 616 4968 nem
670 4917 854 4972 multae
934 4921 1182 4977 lectionis
1244 4923 1648 4993 multarumque
1707 4925 2062 4980 historiarum

492 5002 778 5069 scientem,
831 5011 1162 5076 praeteriisse
1214 5013 1412 5083 Moysis
1447 5015 1852 5081 antiquitatem,
1900 5031 2060 5082 quem

493 5103 668 5152 tamen
697 5114 728 5151 e
750 5100 952 5156 Graecis
981 5105 1223 5158 nonnulli
1251 5117 1440 5160 uatum
1469 5107 1713 5159 referunt
1747 5108 1890 5160 circa
1925 5117 2061 5161 tem-

563 5232 602 5262 ²¹
636 5233 768 5288 Luc.
807 5251 921 5298 Vm,
953 5237 1003 5290 5.

559 5377 668 5448 (745)
702 5373 860 5430 Libb.
900 5379 1028 5430 editi
1078 5381 1128 5430 in
1169 5380 1410 5448 margine
1451 5379 1623 5438 ἔσται,
1678 5377 1836 5431 male.
1875 5377 2047 5438 liuius

486 5447 588 5519 loci
619 5461 814 5519 sensus
844 5457 894 5499 et
924 5451 1061 5519 ordo
1087 5457 1188 5519 est,
1213 5447 1635 5519 ἀρκεσοῆναιτῴ
1656 5449 1865 5511 τούτου,
1895 5447 2052 5511 αὐτὸς

483 5516 607 5583 ἔφα,
647 5516 866 5584 μᾶλλον,
907 5517 938 5586 ἢ
966 5517 1043 5586 τῷ
1077 5517 1233 5570 ἄλλου
1255 5516 1578 5581 οὑτινοσοῦν,
1609 5516 1753 5585 quod
1781 5521 2054 5572 monuisse

485 5601 588 5638 non
617 5587 806 5658 inutile
828 5590 1004 5640 visum
1044 5599 1128 5640 est
1153 5587 1222 5640 ob
1253 5587 1463 5640 Gelettii
1500 5589 1814 5658 interpretis
1843 5599 1895 5640 et
1919 5588 2052 5640 alio-

485 5669 602 5708 rum
634 5655 862 5722 lapsum.

551 5724 662 5793 (Μ)
695 5725 989 5793 Εὔδηλον.
1025 5726 1188 5779 Forte
1219 5725 1460 5794 ἔκδηλον.

552 5794 663 5864 (45)
708 5797 827 5848 Οὐκ
869 5796 1234 5864 ἀχρήστους,
1263 5809 1368 5849 etc.
1407 5796 1534 5848 Vide
1585 5797 1720 5849 infra
1769 5815 1918 5850 num.
1956 5797 2043 5858 l3,

484 5867 546 5920 Μ
579 5875 632 5920 ct
672 5866 770 5931 69;
815 5865 910 5921 lib.
952 5881 1004 5932 ν,
1052 5881 1199 5919 ιιιιιιι.
1237 5866 1324 5930 Η,
1368 5867 1454 5934 15,
1495 5868 1559 5921 16
1602 5877 1655 5920 et
1696 5869 1800 5932 l7;
1841 5869 1932 5921 lib.
1969 5883 2042 5930 γι,

2169 4648 2309 4706 κατὰ
2341 4647 2437 4716 τὴν
2459 4644 2550 4699 τοῦ
2569 4645 2702 4698 ὅλων
2725 4644 2960 4715 ἀμοιϐὴν
2987 4643 3299 4716 ἐκπύρωσιν
3325 4647 3559 4698 ἀπαιτεῖ·
3584 4638 3703 4694 ταῦτ’

2168 4741 2367 4804 αὐτοὺς
2402 4738 2511 4810 (46)
2556 4737 2812 4806 ἐποίησεν
2846 4735 3162 4809 ἐσφαλμένῃ
3197 4735 3324 4810 δόξῃ
3364 4736 3560 4806 λέγειν,
3587 4736 3648 4787 ὅτι
3680 4731 3702 4780 ὸ

2165 4834 2299 4896 Θεὸς
2317 4831 2684 4902 καταϐήσεται
2713 4829 2871 4898 δίκην
2901 4828 3228 4897 βασανιστοῦ
3249 4831 3359 4902 πῦρ
3384 4831 3566 4902 φέρων.
3589 4823 3701 4878 tKa‘.

2166 4924 2301 4995 πρὸς
2339 4923 2510 4976 ταῦτα
2536 4920 2592 4973 δέ
2627 4921 2894 4990 φήσομεν,
2945 4920 3027 4972 ὅτι
3074 4921 3174 4973 οὐκ
3217 4918 3313 4974 οἷδ’
3335 4924 3477 4985 ὅπως
3513 4923 3538 4973 ὀ
3564 4914 3698 4970 πολλὰ

2169 5015 2436 5082 ἀναγνοὺς
2467 5010 2561 5064 καὶ
2588 5009 2826 5081 ἱστορίας
2855 5009 3056 5072 πολλὰς
3080 5012 3483 5085 ἐπιδειξάμενος
3506 5015 3696 5077 ἀνεγνω-

2169 5107 2326 5159 κέναι
2355 5104 2560 5167 Κέλσος
2598 5102 2698 5154 οὐκ
2743 5101 2941 5154 ἐπέστη
2973 5105 3039 5173 τῇ
3080 5104 3362 5168 Μωῦσέως
3391 5105 3691 5176 ἀρχαιότητι.

2162 5395 2314 5433 num.
2355 5378 2574 5442 70;Iih.
2603 5393 2722 5442 vm,
2764 5396 2914 5434 num.
2952 5381 3039 5444 48,
3066 5379 3157 5433 72.
3211 5381 3284 5432 De
3321 5379 3553 5448 pmttisiet
3577 5387 3687 5441 ραν·
3764 5381 3768 5448 1

2163 5450 2285 5501 miis
2317 5452 2445 5518 quid
2479 5450 2839 5516 opinatussit
2869 5451 3131 5518 Origenes
3157 5451 3282 5503 vide
3311 5447 3443 5517 apud
3478 5447 3684 5501 liuet-tm!

2163 5519 2609 5586 Origenianornm
2637 5521 2730 5572 lih.
2765 5536 2824 5578 ll,
2853 5523 3151 5586 qumstione
3181 5521 3270 5576 Η.

2234 5579 2345 5652 (ιῖϋ)
2392 5589 2730 5642 llwschelius
2785 5591 2834 5641 in
2871 5579 3037 5641 'tcxlu
3067 5631 3079 5648 .
3123 5591 3268 5642 τοῦτ’
3298 5587 3500 5649 αὐτούς.
3548 5579 3683 5652 Paulo

2166 5647 2284 5725 νυέι
2307 5647 2443 5712 idem
2485 5659 2536 5730 iu
2571 5661 2834 5730 margine,
2865 5647 3248 5730 ἐπιδεξάμενος
3277 5647 3679 5730 ἐγνωκέήναιμιᾷέλ·

2162 5744 2252 5790 σος
2284 5731 2384 5781 οὑκ
2425 5726 2712 5797 ἐπέστησεξ
2748 5729 2891 5782 lul'ra
2928 5732 3069 5783 idem
3092 5726 3154 5784 in
3201 5726 3372 5793 textu,
3405 5732 3431 5782 ὁ
3464 5726 3674 5797 pauidus-

2157 5799 2244 5860 νός
2267 5815 2329 5866 γε
2353 5797 2674 5866 ἀναγνῶναι.
