3898 6536
216 407 360 464 10H

1393 393 1667 451 CONTRA
1703 387 1980 446 CELSUM
2022 385 2148 440 LIB.
2193 379 2281 437 IV.

3348 366 3480 419 10H

212 530 615 603 ἰστορουμένου
651 526 756 580 ὑπό
825 535 988 572 τινων
1052 513 1380 584 Ἑλληνικῶν
1448 507 1806 578 συγγραφέων

1926 520 2042 570 )ora
2077 499 2260 554 Inachi
2297 494 2469 566 patris
2497 487 2803 552 l‘ltoronei,
2846 499 3010 556 quem
3053 479 3294 552 :Egyptii
3344 478 3483 531 anti-

1985 595 1995 603 ·
2062 595 2072 603 ·
2366 602 2375 603 κ
2425 601 2470 603 η
2525 584 2747 603 ηιμ-μη.
2837 572 3480 603 ..ιη-...ιηιδι.η...;ηι.........

208 601 362 672 κατᾶ
387 601 517 678 τοὺς
535 612 760 684 χρόνους
791 609 1072 680 γεγονέναι
1123 607 1330 676 Ἰνάχου
1350 603 1442 657 τοῦ
1476 601 1767 673 Φορωνέως
1787 617 1799 628 ·

213 711 313 764 καὶ
344 709 456 762 ὑπὸ
488 706 801 775 Αἰγυπτίων
823 704 867 757 δ’
897 701 1253 775 ἀρχαιότατος
1278 695 1415 752 εἶναι
1441 694 1803 765 ὁμολογεῖται,

212 803 358 855 ἀλλὰ
386 802 484 854 καὶ
510 799 616 852 ὑπὸ
643 798 751 852 τῶν
787 796 855 851 τὰ
886 792 1165 849 Φοινικικὰ
1196 784 1802 863 πραγματευσαμένων.

212 894 328 946 Καὶ
361 895 390 946 6
424 890 748 962 βουλόμενός
772 905 837 957 γε
878 884 1174 955 ἀναγνώτω
1204 882 1273 936 τὰ
1297 880 1392 935 τοῦ
1424 877 1656 932 Φλαϐίου
1703 877 1810 928 ἰω-

215 988 399 1055 σήπου
440 983 579 1052 Περί
603 979 710 1050 τῆς
735 978 1037 1036 Ἰουδαίων
1055 974 1443 1044 ἀρχαιότητος
1475 970 1568 1024 δύο
1597 967 1803 1039 βιϐλίαο

214 1076 310 1129 ἵνα
342 1073 462 1145 γνῷ
501 1073 624 1126 τίνα
662 1072 865 1144 τρόπον
910 1069 1266 1141 ἀρχαιότερος
1303 1059 1373 1135 ἦν
1417 1060 1658 1130 Μωῡσῆς
1696 1057 1806 1110 τῶν

217 1168 366 1222 κατὰ
398 1166 606 1239 χρόνων
652 1161 869 1235 μακρὰς
916 1157 1198 1231 περιόδους
1245 1153 1667 1221 κατακλυσμοὺς
1717 1147 1810 1200 καὶ

219 1260 569 1332 ἐκπυρώσεις
607 1257 896 1328 φησάντων
937 1249 1216 1322 γίγνεσθαι
1257 1249 1314 1302 ὲν
1360 1245 1437 1317 τῷ
1483 1243 1695 1314 κόσμῳ·
1731 1234 1808 1293 ὧν

221 1351 638 1425 παρακηκοέναι
668 1349 815 1416 λέγει
846 1349 874 1400 6
903 1345 1107 1406 Κέλσος
1134 1339 1418 1402 Ἰουδαίους
1448 1337 1540 1390 καὶ
1559 1337 1813 1405 Χριστια-

1906 595 2227 666 quissimum
2262 602 2384 644 esse
2414 584 2748 640 conﬁtentur
2771 621 2787 644 ,
2837 591 3045 632 necnon
3076 572 3487 627 Pltmnicinrum.

1909 662 2089 741 rerum
2132 685 2453 749 scriptores.
2508 675 2736 730 Evolvat
2775 684 3015 741 quoque,
3068 668 3111 721 si
3154 664 3324 726 lubet,
3349 662 3484 715 duos

1910 780 2080 836 Flavii
2110 776 2328 845 Josephi
2360 774 2432 827 De
2459 770 2768 826 Juda'orum
2797 765 3110 832 antiquitate
3141 759 3327 813 libros.
3350 755 3486 808 lline

1911 875 2085 928 discet
2103 876 2311 940 quanto
2337 864 2550 933 Moyses
2569 858 2835 914 vetustior
2862 854 3016 909 sitiis
3037 851 3128 919 qui
3157 856 3279 918 post
3301 845 3485 912 elapsa

1909 968 2067 1031 longa
2109 974 2353 1032 tempora
2394 956 2592 1012 diluvia
2633 954 2684 1007 in
2720 953 2825 1006 hoc
2871 946 3070 1002 mundo
3095 954 3149 997 et
3184 939 3488 1008 conﬂagra-

1915 1030 2091 1111 tioues
2128 1030 2244 1108 ﬁeri
2272 1051 2564 1110 dixerunt;
2596 1056 2864 1112 quosque,
2898 1040 2940 1094 si
2975 1036 3135 1092 Celso
3167 1033 3320 1095 ﬁdes,
3356 1030 3484 1098 quia

1911 1147 2057 1201 male
2097 1142 2482 1199 intellexerunt
2520 1134 2692 1190 Judaei
2735 1144 2791 1190 et
2819 1126 3136 1189 Christiani,
3181 1134 3238 1176 ut
3282 1131 3338 1176 et
3368 1134 3487 1188 qua:

1913 1238 1981 1293 de
2020 1233 2450 1305 conﬂagratione
2497 1234 2798 1291 docerent,
2834 1224 3088 1279 dixerunt
3123 1237 3140 1269 ι
3187 1215 3351 1271 Deum
3393 1211 3489 1265 de-

1913 1342 2236 1384 scensurum
2267 1339 2386 1379 esse
2415 1321 2640 1376 tortoris
2670 1319 2846 1372 instar
2872 1319 3138 1368 armatum
3185 1307 3326 1375 igne.
3355 1321 3374 1353 ι

229 1393 638 1425 ὐνιινυηιιην---σν
670 1393 815 1416 ’““ι*”
851 1393 872 1400 ν
903 1393 1036 1398 --~---
1057 1393 1104 1406 -τ
1152 1393 1164 1395 -
1185 1393 1194 1395 ν
1249 1393 1282 1395 η
1399 1393 1416 1402 -
1614 1393 1626 1405 .

221 1449 370 1512 νούςο
398 1450 492 1502 καὶ
510 1447 584 1518 μὴ
607 1447 904 1516 νοήσαντας
925 1441 994 1494 τὰ
1050 1439 1180 1510 περὶ
1220 1433 1585 1506 ἐκπυρώσεως
1631 1428 1936 1501 εἰρηκέναι,
1984 1426 2067 1478 ὅτι
2099 1445 2118 1475 ι
2151 1422 2330 1485 ὁΘεὸς
2388 1416 2760 1486 καταϐήσεται
2807 1411 2960 1479 δίκην
3021 1397 3343 1476 βασανιστοῦ
3377 1393 3488 1466 πῦρ

224 1544 433 1613 φέρων.
474 1560 492 1593 ι

299 1635 536 1707 Πότερον
572 1632 672 1704 μὲν
694 1627 788 1685 οῦν
821 1631 926 1683 εἰσι
956 1625 1216 1699 περίοδοι,
1247 1623 1341 1676 καὶ
1368 1619 1508 1675 κατά
1535 1617 1812 1690 περιόδους
1844 1623 1885 1676 Β

223 1725 608 1796 κατακλυσμοί
637 1724 669 1795 ἦ
693 1721 1052 1793 ὲκπυρώσεις,
1084 1717 1116 1787 ἢ
1139 1717 1212 1788 μή
1250 1717 1378 1776 εἰσι,
1408 1713 1502 1767 καὶ
1528 1713 1576 1764 εἰ
1599 1709 1815 1762 ἐπίστα-

221 1837 320 1874 ται
365 1820 456 1871 καὶ
486 1816 638 1870 ταῦθ’
664 1819 694 1870 6
720 1815 897 1884 λόγος,
933 1817 991 1867 έν
1017 1811 1233 1873 πολλοῖς
1273 1809 1393 1880 μὲν,
1430 1807 1527 1860 καὶ
1559 1805 1615 1857 ὲν
1657 1796 1736 1866 οἷς
1759 1801 1816 1855 δὲ

225 1909 483 1981 Σολομὼν
515 1926 668 1981 φησι,
699 1927 718 1960 ι
757 1907 823 1960 Τί
860 1906 922 1959 τὸ
953 1903 1210 1974 γεγονός;
1251 1899 1392 1954 Αὐτὸ
1418 1898 1479 1950 τὸ
1515 1895 1816 1966 γενησόμε-

225 2019 342 2058 νονο
378 2023 395 2054 ι
419 2003 514 2056 καὶ
547 2021 566 2053 ι
605 1999 670 2053 Τί
683 2000 746 2054 τὸ
779 1996 1178 2068 πεποιημένον;
1214 1991 1346 2047 αὐτὸ
1365 1991 1426 2044 τὸ
1457 1985 1816 2059 ποιηθησόμε-

224 2113 344 2158 νον,
380 2093 565 2147 καὶτὰ
592 2091 736 2164 ἑξῆς·
769 2109 787 2143 ι
822 2090 882 2144 οὐ
913 2088 1006 2142 τοῦ
1044 2087 1311 2159 παρόντος
1346 2085 1463 2137 ἐστὶ
1501 2080 1696 2152 καιροῦ
1722 2079 1812 2132 λέ-

224 2204 369 2256 γειν.
407 2187 594 2257 Ἀρκεῖ
619 2184 727 2255 γὰρ
755 2182 911 2254 μόνον
929 2178 1458 2251 ὲπισημειώσασθαι,
1483 2178 1564 2230 ὅτι
1595 2175 1816 2247 ἀρχαιό-

224 2295 384 2332 τατοι
415 2278 606 2349 ἄνδρες
640 2276 919 2346 γενόμενοι
960 2273 1201 2343 Μωῦσῆς
1235 2272 1327 2325 καί
1364 2287 1510 2334 τινες
1543 2269 1650 2323 τῶν
1684 2284 1815 2339 προσ

229 2364 442 2435 φητῶν,
476 2364 537 2416 06
557 2364 682 2434 παρ’
712 2363 915 2434 ἑτέρων
934 2359 1275 2430 εἰλήφασιτὰ
1306 2359 1552 2432 περὶτῆς
1585 2357 1677 2410 τοῦ
1725 2357 1816 2410 κό-

231 2474 376 2526 σμου
424 2454 823 2526 ἐκπυρώσεως’
875 2455 990 2508 ἀλλ’
1017 2455 1101 2525 (εἰ
1157 2454 1262 2526 χρὴ
1304 2454 1672 2524 ἐπιστήσαντα
1704 2454 1815 2514 τοῖς

229 2549 448 2618 χρόνοις
481 2548 676 2611 εἰπεῖν)
697 2588 710 2610 ,
747 2545 945 2617 μᾶλλον
977 2545 1180 2599 τούτων
1221 2545 1400 2616 ἕτεροι
1433 2543 1818 2614 παρακούσαν-

227 2659 344 2706 τες,
383 2642 476 2694 καὶ
508 2641 582 2712 μὴ
619 2639 1025 2710 ἀκριϐώσαντες
1061 2640 1128 2693 τὰ
1157 2638 1263 2692 ὑπὸ
1294 2638 1499 2691 τούτων
1526 2637 1813 2706 λεγόμενα,

228 2733 548 2786 ἀνέπλασαν
573 2731 712 2785 κατὰ
740 2733 1027 2803 περιόδους
1055 2731 1387 2802 ταυτότητας
1407 2727 1539 2798 (47),
1558 2729 1652 2780 καὶ
1679 2729 1818 2779 ἁπα-

234 2822 571 2893 ραλλάκτους
581 2825 691 2885 τοῖς
718 2822 866 2885 ἰδίοις
888 2824 1057 2886 ποιοῖς
1074 2823 1170 2875 καὶ
1185 2824 1296 2882 τοῖς
1315 2837 1376 2872 συ
1386 2818 1713 2890 μϐεϐηκόσιν
1731 2819 1816 2870 αὑ-

230 2917 368 2978 τοῖς.
410 2916 602 2986 Ἡμεῖς
616 2916 672 2969 δὲ
690 2915 811 2968 οὒτε
843 2915 932 2969 τὸν
951 2914 1335 2985 κατακλυσμὸν
1372 2912 1494 2965 οὕτε
1527 2910 1625 2982 τὴν
1656 2909 1816 2962 ἐκπύ-

232 3023 403 3078 ρωσιν
430 3008 650 3071 κύκλοις
663 3008 755 3061 καὶ
767 3008 1010 3080 ἀστέρων
1029 3025 1095 3061 πε
1105 3007 1298 3078 ριόδοις
1313 3004 1533 3059 ἀνατίθε
1542 3019 1660 3074 μεν⁸
1678 3002 1814 3055 ἀλλὰ

229 3101 333 3170 τὴν
363 3100 567 3152 τούτων
593 3101 774 3156 αἰτίαν
795 3103 971 3171 φαμὲν
999 3096 1133 3153 εἶναι
1165 3098 1360 3152 κακίαν
1380 3098 1491 3168 (48)
1511 3097 1602 3149 ἐπὶ
1635 3096 1816 3149 πλεῖον

233 3187 524 3257 χεομένην,
567 3191 660 3242 καὶ
693 3190 1096 3261 καθαιρομένην
1138 3187 1508 3258 κατακλυσμῷ
1531 3226 1545 3250 ,
1581 3186 1612 3256 ἢ
1649 3188 1817 3238 ἐκπυ-

236 3278 423 3349 ρώσει.
457 3279 588 3333 Θεὸν
622 3281 677 3332 δὲ
712 3282 1106 3335 καταϐαίνοντα
1141 3281 1233 3334 ἐὰν
1261 3280 1493 3348 λέγωσιν
1535 3280 1590 3332 αί
1619 3294 1820 3348 προφη-

234 3372 387 3423 τικαὶ
421 3374 597 3440 φωναὶ
610 3373 700 3425 τὸν
725 3375 991 3443 φήσαντα,
1029 3393 1047 3424 ι
1079 3374 1212 3444 Οὐχὶ
1241 3373 1328 3426 τὸν
1352 3373 1576 3443 οὐρανὸν
1606 3373 1702 3424 καὶ
1721 3369 1818 3442 τὴν

233 3465 338 3534 γῆν
369 3463 479 3532 ἐγὼ
512 3464 725 3537 πληρῶ,
751 3466 897 3535 λέγει
927 3467 1162 3537 Κύριος;
1189 3485 1207 3517 ›
1237 3464 1689 3537 τροπολογοῦμεν.
1714 3465 1823 3517 Ka-

233 3554 482 3608 ταϐαίνει
526 3555 633 3628 γὰρ
677 3559 706 3609 6
755 3556 886 3621 Θεὸς
941 3558 1049 3610 ἀπὸ
1099 3556 1191 3610 τοῦ
1235 3557 1364 3610 ἰδίου
1423 3555 1683 3626 μεγέθους
1727 3555 1821 3608 καὶ

235 3645 427 3731 ὕφους,
457 3648 544 3699 ὅτε
584 3647 652 3700 τά
685 3647 791 3700 τῶν
830 3647 1132 3718 ἀνθρώπων
1162 3649 1256 3702 καὶ
1293 3648 1524 3717 μάλιστα
1550 3647 1655 3700 τῶν
1682 3646 1822 3714 φαύ-

233 3739 345 3791 λων
369 3740 660 3808 οίκονομεῖ.
686 3740 794 3792 Καὶ
819 3739 1004 3812 ὥσπερ
1027 3744 1060 3812 ἡ
1089 3740 1343 3812 συνήθεια
1369 3741 1821 3810 συγκαταϐαίνειν

235 3829 374 3899 φησί
413 3833 526 3891 τοῖς
557 3828 768 3898 νηπίοις
817 3831 942 3894 τοὺς
980 3831 1350 3894 διδασκάλους,
1396 3832 1490 3885 καὶ
1532 3834 1644 3894 τοῖς
1697 3832 1821 3903 ἄρτι

235 3923 634 3992 προτραπεῖσιν
658 3921 748 3973 ἐπὶ
772 3921 1087 3992 φιλοσοφίαν
1108 3921 1246 3985 νέοις
1271 3923 1394 3985 τοὺς
1425 3923 1620 3991 σοφοὺς
1648 3923 1824 3994 ἧτοὺς

235 4014 663 4084 προκόπτοντας,
713 4014 770 4066 οὐ
812 4014 889 4084 τῷ
942 4014 1265 4084 σωματικῶς
1312 4015 1507 4078 αὐτοὺς
1557 4016 1821 4069 καταϐαί-

234 4121 368 4157 νειν·
405 4104 598 4168 οὕτως,
634 4105 685 4157 εἴ
710 4123 811 4159 που
841 4106 1054 4175 λέγεται
1107 4109 1163 4159 ὲν
1204 4109 1325 4170 ταῖς
1370 4107 1539 4170 θείαις
1583 4108 1822 4178 Γραφαῖς

241 4216 260 4247 ι
298 4197 650 4251 καταϐαίνειν
686 4217 705 4250 ι
750 4201 778 4251 6
814 4199 965 4262 Θεὸς,
1012 4199 1274 4266 ἀνάλογον
1315 4203 1512 4253 νοεῖται
1558 4202 1622 4269 τῇ
1657 4200 1824 4251 οὑτω-

237 4289 294 4340 σὶ
325 4288 585 4362 χρωμένη
625 4289 701 4360 τῷ
730 4290 954 4360 ὀνόματι
983 4290 1257 4361 συνηθείᾳ,
1282 4288 1423 4342 οὕτω
1444 4290 1611 4342 δὲκαὶ
1639 4309 1655 4340 ι
1690 4291 1822 4342 ἁνα-
1856 4325 1900 4379 D

236 4380 466 4434 ϐαίνῑιν.
507 4401 524 4432 ι

325 4676 480 4728 Ἐπεὶ
508 4676 565 4728 δὲ
588 4675 864 4746 χλευάζων
894 4677 922 4728 6
957 4676 1162 4740 Κέλσος
1191 4674 1355 4746 φησὶν
1373 4675 1518 4744 ἡμᾶς
1543 4671 1719 4740 λέγειν
1735 4672 1824 4724 τὸν

236 4769 374 4823 Θεὸν
395 4769 553 4837 δίκην
584 4767 906 4838 βασανιστοῦ
938 4767 1048 4840 πῦρ
1074 4768 1305 4838 φέροντα
1333 4764 1700 4826 καταϐαίνειν,
1731 4763 1826 4815 καὶ

237 4860 540 4929 ἀναγκάζει
565 4863 712 4930 ἡμᾶς
734 4861 793 4913 οὐ
815 4859 957 4913 κατὰ
985 4859 1172 4931 καιρὸν
1201 4858 1526 4929 βαθυτέρους
1557 4854 1826 4922 ἐξετάζειν

237 4953 454 5020 λόγους·
509 4952 665 5019 ὀλίγα
707 4952 970 5016 εἰπόντες,
1004 4953 1127 5005 ὅσον
1156 4949 1347 5020 γεῦσαι
1385 4949 1511 5012 τοὺς
1554 4945 1826 5017 ἀκροατὰς

236 5043 542 5113 ἀπολογίας
591 5044 954 5116 καθαιρούσης
1001 5042 1098 5115 τὴν
1135 5041 1255 5095 καθ’
1299 5040 1454 5112 ἡμῶν
1480 5039 1574 5092 τοῦ
1619 5039 1828 5091 Κέλσου

316 5274 384 5308 ³¹⁹
411 5271 579 5328 Eccli.
610 5287 649 5334 ι,
674 5268 728 5324 9.
844 5270 886 5301 ³⁸
910 5268 1111 5322 Jerem.
1140 5281 1296 5332 xxut,
1319 5265 1409 5320 24.

297 5471 434 5550 ⁶(ΓΗ
464 5471 860 5550 Ταυτόιςητας,
903 5476 1012 5550 etc;
1043 5465 1348 5550 [ﬁgendum
1373 5460 1607 5550 videtur.
1633 5457 1826 5544 ταυτόο

240 5538 418 5611 τήτας
453 5528 901 5611 ἀπαραλλάκτους
929 5538 1064 5611 τοῖς-
1083 5536 1231 5597 ἰδίοις
1259 5533 1436 5611 ’ποιοῖς
1477 5531 1570 5583 καὶ
1596 5531 1708 5591 τοῖς
1742 5528 1832 5578 αὑ-

243 5601 364 5694 τοῖς
400 5601 820 5680 συμϐεϐηκόσιν.
840 5606 996 5673 Apud
1027 5604 1384 5659 llwschclium
1413 5613 1476 5694 οι¹
1500 5601 1829 5667 Spencerum

586 5685 605 5694 -
659 5680 730 5694 ειμι
927 5678 994 5694 ,3,
1097 5693 1103 5694 ,
1137 5678 1146 5694 I
1184 5677 1230 5694 3--
1271 5690 1324 5694 μέ-
1353 5676 1362 5694 Ι
1391 5674 1402 5694 I
1483 5671 1626 5694 )-.--ZA
1658 5678 1703 5694 ..ι
1738 5669 1803 5694 IL.

246 5669 483 5764 lygitur;
519 5669 1018 5764 τοςίςεέευςπόιοῖς,
1055 5678 1147 5730 sed
1184 5677 1237 5728 in
1266 5674 1424 5727 codd.
1463 5671 1628 5730 [Lenia
1656 5669 1833 5723 el-Bu-

249 5753 496 5808 sileensi.
531 5755 644 5812 τοῖς
680 5751 829 5810 ἰδίοις
862 5750 1056 5808 ποιοῖς.
1503 5798 1514 5806 ,
1546 5799 1557 5805 _

329 5823 444 5886 (58)
483 5807 732 5874 Κακίαν.
772 5807 900 5871 Vide
940 5807 1090 5883 Orig.
1129 5811 1320 5886 homil.
1349 5811 1440 5878 2i,
1469 5811 1518 5864 in
1546 5807 1820 5886 Lucuhbo-

251 5894 373 5946 mil.
412 5879 466 5958 6,
519 5893 570 5946 in
622 5891 821 5954 lin)th
869 5879 1064 5947 humil:
1108 5885 1224 5949 5,in
1279 5885 1411 5955 psal.
1468 5895 1648 5936 xxxvi.
1695 5879 1828 5931 Vide

1993 1611 2084 1665 12.
2129 1606 2238 1662 Sed
2265 1616 2445 1659 utrum
2469 1596 2855 1655 conversiones
2886 1603 3184 1661 temporum
3210 1590 3322 1642 sint
3351 1596 3403 1640 ct
3436 1590 3487 1640 in

1918 1704 2024 1758 illis
2051 1696 2503 1755 conversionibus
2521 1691 2718 1746 diluvia
2747 1699 2842 1741 aut
2857 1683 3331 1753 conﬂagrationes,
3351 1696 3491 1732 anne

1916 1794 2154 1856 sint;an
2207 1789 2398 1841 harutn
2454 1797 2639 1836 rerum
2689 1778 2971 1846 Scriptura
3019 1772 3327 1826 meminerit
3366 1786 3488 1824 cum

1917 1885 2043 1939 alibi
2077 1892 2190 1935 tum
2239 1879 2345 1933 hoc
2394 1872 2705 1931 Salomonis
2751 1871 2920 1923 loco:
2969 1885 2986 1919 ι
3025 1864 3163 1930 Quid
3215 1873 3298 1916 est
3348 1861 3490 1927 quod

1917 1977 2060 2031 luit?
2087 1976 2263 2044 ipsum
2290 1970 2432 2039 quod
2469 1968 2711 2021 futurum
2735 1973 2838 2016 est.
2858 1959 2997 2025 Quid
3025 1955 3265 2025 estquod
3291 1953 3489 2008 factum

1916 2071 2036 2125 οε»ιί
2067 2067 2244 2136 ipsum
2283 2062 2424 2133 quod
2461 2057 2768 2113 faciendum
2801 2060 2885 2108 est
2909 2051 2952 2082 “
2988 2089 3004 2113 ,
3029 2059 3177 2115 etc.;
3219 2066 3237 2099 ι
3272 2062 3376 2099 non
3409 2055 3494 2098 cst

1918 2134 2206 2232 praesentis
2238 2151 2499 2222 temporis
2529 2145 2848 2216 disputatio.
2875 2142 3184 2198 Observare
3215 2137 3349 2192 satis
3378 2134 3496 2188 fue-

1921 2231 2011 2318 rit,
2043 2249 2185 2320 quod
2220 2242 2587 2316 antiquissimi
2623 2239 2722 2293 viri
2767 2237 2977 2304 Moyses
3017 2242 3070 2286 et
3105 2231 3327 2299 quidam
3375 2241 3494 2296 pro-

1917 2315 2091 2414 pineta:
2117 2341 2182 2394 de
2199 2315 2627 2405 conﬂagratione
2657 2329 2930 2386 dixerunt,
2958 2322 3010 2376 id
3043 2335 3136 2376 eos
3160 2318 3227 2372 ab
3247 2315 3368 2370 aliis
3386 2329 3494 2368 non

1917 2437 2086 2493 fuisse
2134 2437 2432 2486 mutuatos.
2486 2424 2620 2484 lmo,
2666 2421 2710 2474 si
2761 2419 2814 2471 in
2872 2411 3208 2482 temporibus
3243 2407 3498 2462 insistere

1918 2532 2188 2598 Oporteat,
2215 2522 2304 2576 alii
2330 2519 2509 2590 potius
2532 2515 2654 2569 illos
2687 2512 2828 2566 male
2865 2507 3275 2566 intellexerunt,
3298 2509 3350 2555 et
3376 2513 3497 2568 qua:

1919 2624 2182 2677 docerent
2213 2629 2320 2671 non
2351 2619 2607 2667 accurate
2634 2603 3058 2677 perpenderuut.
3086 2594 3241 2650 Unde
3279 2593 3402 2656 fuit,
3441 2600 3498 2644 ut

1919 2711 2145 2781 singulis
2159 2719 2459 2776 temporum
2479 2695 2927 2756 conversionibus
2939 2689 3157 2745 eosdem
3172 2694 3398 2743 eventus
3416 2683 3436 2732 Γ
3437 2697 3498 2733 ιι-

1920 2816 2068 2857 turos
2099 2793 2848 2863 coulinxerint,quieventus,
2873 2797 2972 2838 nec
2991 2779 3248 2851 propriis,
3283 2791 3382 2830 nec
3403 2776 3496 2829 ad-

1920 2893 2158 2948 ventitiis
2174 2888 2527 2960 qualitatibus
2555 2884 2948 2949 discreparent.
2975 2873 3128 2939 Quod
3156 2870 3223 2923 ad
3257 2882 3354 2922 nos
3371 2867 3498 2918 atti-

1845 2963 1884 3018 C
1922 2994 2031 3048 net,
2063 2997 2162 3036 nec
2184 2979 2445 3035 diluvium
2490 2988 2592 3029 nec
2639 2966 3149 3034 conﬂragrationem
3179 2959 3403 3014 orbibus
3444 2965 3501 3010 et

1920 3077 2155 3132 siderum
2176 3068 2620 3128 conversionibus
2642 3065 2935 3132 illigamus;
2955 3057 3046 3112 sed
3071 3056 3260 3109 horum
3276 3063 3498 3105 causam

1919 3185 2042 3228 esse
2053 3169 2284 3224 diciums
2302 3162 2620 3233 nequitiam,
2641 3169 2894 3227 quaecum
2915 3162 3072 3204 aucta
3088 3157 3167 3201 est
3183 3146 3498 3215 pluriumm,

1923 3262 2127 3318 diluvio
2163 3267 2255 3314 aut
2285 3251 2718 3322 conﬂagratione
2745 3252 3027 3317 purgatur.
3057 3238 3220 3311 509
3258 3237 3412 3304 Quod
3454 3236 3498 3288 si

1923 3357 2091 3411 Deum
2119 3353 2199 3406 sic
2234 3352 2305 3404 ila
2349 3349 2414 3402 de
2445 3361 2503 3400 se
2532 3345 2840 3412 loquentem
2873 3354 2884 3389 :
2928 3355 2945 3387 ι
2981 3335 3170 3388 Nonne
3196 3331 3394 3386 caelum
3445 3336 3502 3381 et

1926 3461 2126 3505 terram
2175 3460 2274 3515 ego
2309 3441 2528 3510 impleo,
2564 3438 2695 3494 diCit
2744 3431 3002 3485 Dominus
3043 3429 3126 3481 "‘3
3163 3445 3180 3478 ι
3225 3423 3502 3493 prophetae

1927 3550 2104 3592 tamen
2138 3534 2293 3605 quasi
2318 3531 2736 3588 descendentem
2767 3526 3158 3594 repraesentant
3184 3533 3198 3583 ;
3225 3516 3370 3569 lnmc
3409 3512 3503 3565 de-

1925 3645 2176 3686 scensum
2214 3628 2441 3694 figurate
2469 3622 2791 3692 accipimus.
2837 3611 3128 3672 Descendit
3175 3607 3322 3661 enim
3363 3604 3504 3657 Deus

1925 3739 1955 3778 e
1979 3721 2194 3792 propria
2217 3693 2311 3772 sua
2350 3711 2724 3785 magnitudine
2758 3718 2812 3763 et
2841 3703 3148 3765 altitudine,
3173 3713 3295 3754 cum
3327 3712 3385 3750 se
3436 3693 3502 3745 ad

1924 3816 2206 3870 hominum
2232 3818 2285 3866 et
2310 3807 2576 3878 praecipue
2598 3803 2864 3859 malorum
2889 3796 3161 3852 curandas
3199 3807 3286 3846 res
3315 3786 3506 3843 deruit-

1926 3909 2012 3962 tit.
2044 3905 2107 3958 Et
2152 3897 2606 3970 quemadmodum
2643 3891 2898 3962 loquendi
2949 3883 3287 3942 consuetudo
3319 3891 3506 3933 susce-

1927 3999 2005 4072 pit
2028 4007 2087 4052 ut
2123 3996 2397 4051 diceretur
2420 3988 2706 4057 magistros
2736 3983 2800 4037 ad
2835 3978 3203 4049 parvulorum,
3230 3973 3506 4040 sapientes

1926 4104 2018 4146 aut
2066 4089 2155 4158 qui
2211 4083 2578 4153 profecerunt,
2636 4077 2702 4129 ad
2748 4071 3156 4127 adulescentum
3209 4078 3402 4118 recens
3439 4060 3505 4113 ad

1924 4183 2320 4258 philosophiam
2355 4174 2713 4230 adduetorum
2745 4175 2961 4235 captum
2995 4159 3345 4220 descendere,
3405 4167 3504 4207 nec

1926 4292 2108 4337 tamen
2138 4278 2227 4331 hic
2262 4274 2556 4329 descensus
2584 4267 2649 4318 de
2677 4275 2906 4331 corpore
2944 4255 3212 4323 accipitur
3247 4269 3258 4304 :
3291 4253 3363 4303 ita
3393 4249 3502 4301 sic-

1933 4375 2022 4429 ubi
2073 4374 2126 4426 in
2158 4366 2354 4422 divinis
2388 4356 2689 4428 Scripturis
2735 4354 2934 4408 dicitur
2982 4348 3122 4400 Deus
3150 4363 3169 4395 ι
3201 4341 3504 4397 descende-

1931 4482 2009 4530 re,
2047 4484 2065 4516 ι
2101 4465 2213 4517 lucc
2267 4473 2392 4521 vox,
2428 4463 2484 4507 ut
2523 4460 2579 4506 et
2628 4467 2646 4499 ι
2691 4443 2988 4498 ascendere
3019 4438 3084 4502 ³³,
3132 4455 3150 4488 ι
3192 4449 3256 4487 ex
3296 4430 3502 4500 vulgari

1931 4557 2197 4616 sermonis
2229 4547 2620 4607 consuetudine
2647 4535 2991 4607 intelligenda
3013 4539 3115 4585 est.

2005 4653 2092 4707 15.
2121 4647 2386 4718 Quoniam
2419 4656 2549 4695 vero
2580 4637 2790 4688 derisor
2823 4631 2909 4684 ille
2938 4626 3130 4681 Celsus
3155 4621 3231 4673 ait
3271 4631 3369 4671 nos
3424 4613 3507 4667 di-
3589 4653 3604 4661 -

1934 4761 2078 4811 cere,
2110 4744 2276 4797 Deum
2309 4735 2530 4792 tortoris
2559 4734 2730 4787 instar
2753 4721 3081 4782 descendere
3105 4717 3280 4784 ignem
3311 4721 3420 4778 pra:
3448 4720 3506 4758 se

1935 4843 2225 4900 ferentem,
2257 4841 2310 4887 et
2337 4829 2480 4897 cogit
2513 4841 2612 4880 nos
2634 4813 3009 4885 intempestive
3041 4810 3094 4863 in
3127 4799 3506 4877 profundiores

1933 4929 2263 5003 quaestiones
2323 4917 2572 4991 ingredi;
2628 4926 2797 4984 pauca
2847 4906 3078 4977 primum
3141 4897 3384 4951 dicamus
3450 4895 3505 4942 ct

1937 4982 2202 5097 quantum
2242 5027 2464 5072 necesse
2493 5019 2577 5066 est
2609 5017 2669 5060 ut
2712 4996 3061 5060 delensionis,
3095 5003 3214 5060 qua:
3245 4984 3389 5041 Celsi
3435 4982 3504 5034 ri-

1495 5264 1539 5296 ³³
1567 5263 1766 5319 Cenes.
1800 5275 1877 5323 χι,
1906 5256 1960 5320 5,
1987 5261 2040 5305 et
2072 5263 2203 5312 xvu,
2231 5242 2322 5308 29,
2352 5249 2458 5293 etc.

1935 5450 2184 5506 eumdem
2238 5444 2290 5497 in
2341 5436 2523 5495 hotnil.
2715 5429 2769 5482 in
2799 5407 3506 5506 _Exod.,mholmi'l.n8,lin

1938 5475 2540 5580 ἷῖξξίῖῗῖηἱιοίἰίίιῗὲἕ’ἑὶι
2799 5475 3510 5580 Ιῶιιιξξζ

1984 5546 2109 5574 Chl.
2178 5546 2364 5570 ιιυιιιιιο
2395 5546 2462 5563 μυ
2491 5546 2540 5560 ιιι
2572 5546 2728 5556 -..η-η
2799 5546 2830 5550 __
2851 5546 2859 5548 .

1942 5546 2056 5646 ίίιὶι.
2096 5558 2163 5641 ἡ
2195 5587 2246 5638 in
2284 5579 2652 5646 Jcretuiamct
2680 5546 2773 5624 liii.
2795 5578 2890 5618 vnt

1943 5614 2012 5715 :2
2021 5614 2575 5712 Ιίίόιῦόίίοέ
2725 5614 2970 5715 ἶῦᾉζηῦιιξ
2979 5666 2994 5681 .
3149 5620 3375 5715 ontlrltt“
3386 5614 3502 5715 -

1977 5688 2008 5712 ιι
2039 5688 2059 5712 ι
2123 5688 2152 5710 u
2175 5688 2324 5709 αιιυσ.
2365 5688 2480 5706 μυυ
2508 5688 2557 5700 ν.
2588 5688 2681 5698 --.η
2728 5688 2741 5692 -
2764 5688 2767 5689 ν
2790 5688 2801 5700 ,

1943 5688 2182 5789 ἕιιηιξνέι
2223 5723 2313 5777 lib.
2350 5736 2404 5786 v,
2451 5712 2740 5789 uut_t_t_._M,_
2774 5698 3004 5783 15,.16,
3169 5700 3225 5745 el
3255 5688 3406 5789 Ἰίὺιέ.Ι

1943 5754 2083 5789 διιηι,
2127 5754 2182 5781 CI.
2223 5754 2313 5777 ιιυ.
2357 5754 2404 5786 ν,
2451 5754 2600 5769 ηιμ...
2649 5754 2729 5770 ..,
2785 5754 2873 5764 --,
2990 5754 3003 5764 ,
3110 5754 3118 5759 _

1938 5818 2086 5854 ιιιιιιι.
2125 5796 2216 5862 25,
2261 5794 2365 5855 70,
2395 5783 2663 5862 't'iLVide
2699 5781 2774 5834 sis
2809 5773 2982 5862 etiam
3028 5766 3293 5862 Cleumgnt.
3346 5754 3504 5808 Alex.

1939 5831 2243 5931 git:sz
2271 5831 2840 5934 pag-figiiigti‘o—ntat.
2873 5859 2925 5907 ν,
2951 5853 3073 5908 pag.
3101 5831 3224 5888 549.
