3852 6418
463 334 604 392 10ιὸ

1945 334 2268 391 ORIGENIS

3557 336 3660 393 1οΗ

461 472 583 511 sum
614 459 954 527 compescat,
994 465 1210 527 gustum
1241 457 1515 512 auditores
1548 457 1779 512 habeant
1808 473 1821 521 ;
1853 465 2028 526 postea

2140 458 2356 529 χλεύην,
2382 459 2473 511 ἐπὶ
2505 456 2572 511 τὰ
2597 457 2724 527 ἑξῆς
2738 454 3145 528 τραπησόμεθα.
3164 454 3302 525 Φησὶ
3316 452 3377 525 δὴ
3399 454 3426 506 6
3451 453 3575 518 θεῖος
3595 454 3663 509 λό-

461 550 531 603 ad
574 549 781 619 reliqua
836 558 1021 619 perget
1066 550 1264 605 oratio.
1300 550 1489 604 Divina
1538 550 1815 619 Scriptura
1861 552 2025 605 Deum

460 646 705 693 nostrum
735 649 894 693 vocat
930 657 948 690 ε
983 639 1161 709 ignem
1188 648 1599 695 cousumentem
1629 640 1695 704 ",
1734 659 1751 692 ι
1790 650 1843 694 et
1874 657 1892 689 ι
1931 639 2031 692 llu-

463 732 581 786 vios
636 732 777 800 ignis
817 731 948 785 dicit
977 732 1155 801 egredi
1191 748 1218 785 a
1252 720 1392 787 facie
1432 732 1551 800 ejus
1576 732 1644 795 ³⁵,
1689 750 1707 783 ι
1747 740 1801 785 et
1850 729 2029 799 ipsum

467 842 487 874 ι
521 824 727 893 ingredi
759 834 819 878 ut
850 825 1027 894 ignem
1069 824 1392 879 conﬂantem
1434 834 1487 879 et
1523 833 1775 894 tanquam
1806 824 2029 877 herbam

459 915 724 968 fullonum
764 924 823 968 ut
854 914 1052 969 conﬂet
1082 915 1341 984 pepulqu
1368 932 1523 970 suum
1552 916 1617 967 ³⁸.
1651 934 1668 967 ι
1707 914 1841 981 Quia
1869 914 2034 984 igitur

460 1003 601 1057 Deus
646 1012 729 1057 est
769 1003 907 1072 ignis
956 1018 1307 1069 consumens,
1344 1006 1471 1075 quid
1500 1015 1584 1062 est
1637 1006 1781 1075 quod
1810 1007 1877 1059 ab
1942 1005 2032 1061 illo

456 1096 704 1150 consumi
751 1098 1044 1165 oporteat?
1084 1098 1325 1153 Dicimus
1365 1114 1463 1153 nos
1492 1098 1771 1165 malitiam,
1802 1107 1855 1153 et
1884 1114 2032 1168 qua:-

458 1202 674 1257 cuuque
725 1188 791 1241 ab
846 1202 906 1242 ea
942 1190 1382 1257 proficiscuntur,
1416 1204 1644 1259 qumque
1684 1190 1908 1261 ﬁgurate
1964 1190 2030 1241 li-

460 1291 645 1345 gnum,
711 1276 916 1331 ftenum
947 1288 1001 1332 et
1042 1278 1237 1346 stipula
1280 1287 1567 1343 vocantur,
1631 1294 1717 1333 res
1743 1294 1863 1333 esse
1894 1294 2031 1347 quas

459 1370 603 1423 Deus
646 1377 704 1421 ut
750 1370 888 1439 ignis
916 1372 1209 1425 consumit.
1243 1370 1413 1424 Malus
1456 1385 1587 1441 ergo
1618 1370 1819 1425 dicitur
1869 1385 2031 1439 super

456 1460 692 1527 positqu
716 1462 867 1528 prius
891 1461 1215 1516 rationabile
1240 1461 1656 1515 fundamentum
1698 1460 2030 1530 supersedit“:-

458 1565 588 1606 care
622 1551 789 1622 ligna,
818 1552 1021 1606 menum
1044 1562 1097 1606 et
1119 1554 1394 1622 stipulam.
1424 1553 1555 1620 Quae
1580 1555 1624 1608 si
1646 1553 1876 1623 probare
1902 1569 2028 1623 pos-

457 1643 532 1698 sit
578 1644 632 1698 in
659 1644 841 1698 animo
874 1659 977 1699 non
1016 1644 1187 1701 fuisse
1227 1648 1343 1701 haec
1377 1647 1662 1711 scribenti,
1706 1647 1799 1701 sed
1850 1648 2030 1716 potius

457 1736 601 1790 dicta
632 1736 801 1792 fuisse
826 1737 890 1791 de
916 1739 1059 1794 malo
1078 1740 1169 1808 qui
1194 1756 1319 1794 vera
1343 1750 1396 1795 et
1423 1741 1641 1809 proprie
1678 1741 1823 1794 dicta
1858 1740 2027 1810 ligna,

2133 564 2227 616 γος
2259 549 2348 601 τὸν
2380 546 2511 601 Θεὸν
2536 547 2689 619 ἡμῶν
2718 542 2855 600 εἶναι
2909 565 2927 596 ι
2970 544 3080 617 πῦρ
3108 544 3511 599 καταναλίσκων
3546 546 3663 597 riui

2139 657 2156 688 ‹
2194 638 2472 708 ποταμοὺς
2497 639 2664 708 πυρὸς
2680 636 2857 690 ἕλκειν
2884 634 3188 707 ἔμπροσθεν
3213 633 3399 688 αὐτοῦ·
3426 653 3443 685 ι
3464 633 3663 688 ἀλλὰκαὶ

2134 730 2295 784 αὐτὸν
2338 748 2356 779 ‹
2398 728 2805 800 εἰσπορεύεσθαι
2839 729 2914 792 ὡς
2943 729 3053 799 πῦρ
3092 726 3477 797 χωνευτηρίου,
3502 727 3583 779 καὶ
3606 728 3663 791 ὼς

2134 823 2271 875 πόαν
2290 820 2614 884 πλυνόντων,
2637 822 2722 872 ἴνα
2737 819 2980 892 χωνεύσῃ
2996 819 3084 871 τὸν
3110 817 3463 871 ἑαυτοῦλαόν.
3487 837 3502 869 ι
3532 818 3663 870 Ἐπάν

2133 913 2225 968 οὖν
2266 915 2487 983 λέγηται
2513 913 2622 983 πῦρ
2653 909 2787 965 εἶναι
2821 911 3231 967 καταναλίσκον.
3275 909 3549 981 ζητοῦμεν,
3572 912 3664 964 τίνα

2135 1007 2333 1077 πρέπει
2351 1005 2455 1057 ὑπὸ
2471 1003 2604 1057 Θεοῦ
2623 1002 3103 1056 καταναλίσκεσθαι
3120 1020 3133 1067 ;
3165 1002 3273 1055 Καί
3296 1018 3490 1071 φαμεν,
3508 1003 3577 1054 ὃτι
3591 1002 3663 1071 τὴν

2135 1097 2350 1161 κακίαν,
2386 1098 2479 1149 καὶ
2511 1097 2578 1147 τά
2608 1097 2700 1148 ἀπ’
2734 1095 2901 1164 αὐτῆς
2928 1094 3275 1165 πραττόμενα
3306 1093 3437 1163 (49),
3467 1093 3552 1146 καὶ
3572 1110 3665 1164 τρο-

2134 1188 2311 1250 πικῶς
2326 1187 2591 1257 λεγόμενα
2617 1185 2745 1250 ξύλα
2774 1182 2933 1247 εἶναι,
2960 1185 3052 1239 καὶ
3084 1184 3297 1254 χόρτον,
3316 1183 3407 1235 καὶ
3436 1183 3662 1253 καλάμην,

2134 1276 2514 1330 καταναλίσκει
2553 1278 2581 1328 ὁ
2607 1276 2737 1338 Θεὸς
2768 1275 2844 1338 ὡς
2885 1273 3014 1345 πῦρ.
3067 1273 3466 1343 Ἐποικοδομεῖν
3498 1272 3605 1339 γοῦν
3641 1273 3663 1325 6

2134 1367 2335 1436 φαῦλος
2363 1367 2575 1438 λέγεται
2598 1366 2671 1436 τῷ
2699 1364 3227 1435 προῦποϐεϐλημένῳ
3252 1362 3452 1433 λογικῷ
3476 1362 3664 1433 θεμελίῳ

2136 1460 2264 1525 ξύλα
2288 1460 2378 1513 καὶ
2396 1462 2605 1530 χόρτον,
2640 1460 2733 1512 καὶ
2764 1458 3035 1529 καλάμην.
3060 1458 3121 1510 Εἰ
3159 1457 3256 1526 μὲν
3282 1452 3373 1508 οῦν
3406 1455 3510 1525 ἔχει
3534 1455 3664 1520 δεῖξαι

2133 1551 2305 1615 ἄλλως
2346 1551 2629 1621 νενοῆσθαι
2653 1550 2824 1604 ταῦτα
2860 1549 2932 1620 τῷ
2968 1548 3366 1620 ἀναγράψαντι,
3399 1548 3489 1600 καὶ
3517 1564 3664 1616 σωμα-

2132 1643 2298 1707 τικῶς
2337 1643 2560 1697 δύναταί
2590 1661 2672 1707 τις
2718 1643 3063 1715 παραστῆσαι
3115 1639 3555 1710 ὲποικοδομοῦντα
3597 1638 3664 1691 τὸν

2135 1737 2334 1806 φαῦλον
2366 1736 2494 1801 ξύλα
2520 1736 2552 1806 ἢ
2581 1737 2771 1806 χόρτον
2806 1735 2838 1806 ἢ
2882 1736 3152 1806 καλάμην’
3189 1733 3369 1804 δῆλον,
3409 1733 3486 1785 ὃτι
3514 1732 3593 1784 καὶ
3622 1730 3665 1783 τὸ

458 1825 663 1881 [mnum
718 1836 773 1881 et
825 1828 1080 1898 stipulam
1144 1832 1636 1901 superaedilicat“,
1670 1833 1814 1887 hunc
1852 1833 2027 1903 ignem

2137 1830 2241 1901 πῦρ
2280 1830 2460 1883 ὑλικὸν
2508 1831 2601 1883 καὶ
2634 1828 2887 1899 αἰσθητὸν
2917 1828 3255 1899 νοηθήσεται·
3297 1828 3343 1879 εἰ
3381 1825 3423 1879 δ’
3454 1826 3668 1893 ἄντικρυς

457 1918 646 1986 utique
697 1934 1019 1988 corporeum
1069 1930 1122 1974 et
1184 1923 1488 1977 sensibilem
1536 1923 1759 1990 intelligi
1808 1938 2030 1979 necesse

458 2008 581 2061 erit.
617 2008 673 2062 Si
705 2018 883 2063 autem
913 2010 1136 2065 evidens
1165 2021 1247 2065 est
1276 2013 1585 2067 nominibus
1626 2014 1779 2082 ligni,
1813 2012 1942 2067 fleui
1975 2023 2028 2069 et

456 2098 669 2169 stipula:
718 2116 882 2169 opera
929 2102 1054 2155 mali
1102 2103 1336 2157 hominis
1382 2104 1713 2173 signiticari;
1757 2109 2027 2175 quomodo

457 2205 565 2246 non
598 2192 780 2247 statim
803 2196 1074 2249 succurrit
1106 2196 1323 2264 quinam
1366 2196 1504 2266 ignis
1536 2198 1885 2266 accipiendus
1932 2200 2024 2263 sit,

459 2298 567 2351 quo
616 2284 924 2352 huiusmodi
972 2286 1112 2357 ligna
1147 2288 1574 2342 consumantur?
1616 2307 1635 2340 ι
1674 2289 2028 2361 Uniuscujus-

456 2390 562 2443 que
578 2391 735 2445 opus,
766 2377 938 2446 inquit
963 2378 1270 2449 Apostolus,
1301 2379 1459 2448 quale
1482 2381 1572 2446 sit,
1596 2381 1735 2450 ignis
1755 2383 2023 2451 probabit.

456 2467 514 2522 Si
546 2468 696 2536 cujus
731 2484 865 2538 opus
900 2471 1161 2525 manserit
1187 2472 1329 2539 quod
1369 2473 1845 2540 superaedilicavit,
1881 2488 2029 2527 mer-

455 2559 641 2613 cedem
677 2561 928 2628 accipiet.
956 2563 1010 2615 Si
1043 2563 1198 2631 cujus
1227 2578 1362 2633 opus
1390 2564 1608 2627 arserit,
1638 2563 2023 2617 detrimentum

453 2652 689 2721 patietur
715 2651 783 2706 ³⁸.
818 2672 838 2703 ι
876 2653 973 2708 llic
1017 2668 1151 2722 opus
1182 2665 1431 2708 exustum
1480 2655 1607 2723 quid
1636 2655 1779 2708 aliud
1822 2656 2030 2726 signiti-

455 2751 741 2813 cat,quam
772 2745 1032 2814 quidquid
1059 2762 1122 2799 ex
1158 2747 1397 2815 nequitia
1424 2748 1642 2801 oritur?
1673 2747 1813 2800 Deus
1842 2759 2027 2801 noster

453 2832 622 2901 igitur
648 2852 667 2885 ί
694 2835 833 2903 ignis
861 2850 1186 2889 consumens
1225 2854 1243 2886 ι
1274 2847 1375 2899 est,
1411 2852 1520 2904 quo
1548 2851 1710 2891 sensu
1738 2837 2024 2905 explicavi.

459 2940 478 2973 ι
517 2923 824 2993 Ingreditur
870 2941 1080 2995 quoque
1142 2937 1199 2980 ut
1245 2927 1383 2996 ignis
1413 2927 1673 2992 conﬂans,
1719 2947 1737 2980 ι
1778 2937 2026 2981 naturam

456 3016 684 3071 rationis
730 3017 1045 3085 participem
1092 3027 1419 3086 purgaturus
1466 3035 1493 3070 a
1542 3018 1761 3086 plumbo
1805 3018 2025 3073 tualitim

454 3105 683 3175 aliisque
704 3108 931 3178 impuris
952 3108 1213 3171 materiis,
1236 3124 1354 3177 qua:
1369 3125 1613 3176 auream,
1639 3122 1696 3164 ut
1719 3114 1789 3164 ita
1816 3111 2024 3180 loquar,

455 3208 836 3267 argenteamve
863 3200 1055 3255 animae
1089 3210 1338 3255 naturam
1370 3202 1697 3257 adulterant.
1744 3203 1833 3257 Sic
1860 3205 2026 3258 etiam

454 3287 600 3342 ﬂuvii
630 3289 771 3357 ignis
822 3290 1003 3359 egredi
1045 3289 1298 3343 dicuntur
1324 3306 1352 3343 a
1398 3290 1536 3345 facie
1579 3291 1696 3357 Dei,
1729 3294 1794 3345 ad
1830 3307 2029 3347 consu-

459 3381 715 3433 mendum
744 3380 1007 3448 quidquid
1036 3380 1291 3446 nequitia:
1312 3382 1363 3435 iu
1396 3391 1504 3434 tota
1533 3382 1712 3434 anima
1740 3383 2029 3436 admistum

454 3479 559 3524 est.
602 3473 777 3539 Atque
821 3474 936 3526 hanc
985 3473 1259 3527 sulliciuut
1299 3473 1561 3527 adversus
1614 3474 1803 3527 istud:
1871 3473 2032 3544 510

464 3581 483 3613 ι
543 3561 681 3616 Hinc
733 3565 937 3618 erroris
997 3581 1159 3621 causa
1212 3584 1226 3619 :
1308 3565 1433 3618 hinc
1501 3574 1583 3619 est
1648 3565 1791 3633 quod
1847 3554 2032 3620 dicant

456 3653 626 3707 Deum
675 3657 1064 3711 descensurqu
1108 3671 1232 3711 esse
1285 3656 1506 3712 tortoris
1556 3657 1728 3710 instar
1759 3667 2028 3711 armatum

456 3746 602 3815 igne.
640 3766 659 3798 ι

527 3838 616 3893 14.
650 3839 806 3894 Νυιισ
841 3840 1117 3896 videamus
1162 3856 1280 3909 quae
1325 3840 1511 3894 Celsus
1552 3840 1808 3910 deinceps
1840 3857 2029 3911 magna

453 3930 822 3986 ostentatione
861 3933 1213 4000 pronuntiat:
1265 3950 1284 3983 ι
1320 3930 1425 3985 Sed
1470 3947 1607 3997 rem,
1639 3932 1835 4000 inquit,
1870 3934 2032 3989 altius

454 4030 785 4091 repetamus,
835 4023 993 4091 idque
1028 4025 1277 4092 pluribus
1317 4024 1670 4093 argumentis.
1702 4023 1846 4078 Nihil
1906 4026 2029 4080 novi

453 4112 649 4179 dicam,
710 4118 803 4167 sed
841 4114 1157 4182 jamdudum
1203 4114 1470 4169 confessa.
1520 4114 1660 4169 Deus
1716 4125 1798 4170 est
1835 4117 2028 4183 bonus,

454 4198 700 4268 pulcher,
734 4202 959 4263 beatus;
993 4202 1251 4271 quidquid
1293 4202 1737 4272 pulcherrimum,
1769 4206 2031 4276 quidquid

452 4291 717 4360 optimum
746 4302 848 4357 est,
877 4293 930 4347 in
960 4309 1018 4348 se
1058 4295 1318 4350 continet.
1356 4295 1411 4351 Si
1441 4297 1720 4350 descendit
1748 4298 1813 4350 ad
1860 4298 2033 4352 homi—

450 4395 574 4449 nes,
603 4383 654 4437 id
687 4385 930 4449 profecto
959 4385 1078 4439 sine
1110 4385 1409 4439 mutatione
1439 4384 1555 4439 ﬁeri
1584 4401 1689 4439 non
1722 4396 1938 4456 potest;
1977 4398 2033 4443 et

2127 1920 2534 1992 τροπολογεῖται
2560 1920 2632 1973 τὰ
2662 1919 2754 1972 τοῦ
2781 1919 2983 1988 φαύλου
3020 1918 3155 1990 ἔργα
3180 1916 3311 1987 (50),
3341 1916 3587 1986 λεγόμενα
3606 1911 3668 1968 εἷ-

2128 2030 2214 2065 ναι
2245 2012 2430 2082 ξύλαῆ
2462 2011 2697 2083 χόρτοςῆ
2734 2012 2973 2081 καλάμη·
3008 2010 3124 2073 πῶς
3157 2010 3256 2061 οὐκ
3286 2008 3503 2060 αὐτόθεν
3535 2022 3670 2074 προσ-

2128 2105 2314 2157 πίπτει
2350 2104 2586 2156 ποδαπὸν
2620 2103 2729 2175 πῦρ
2753 2101 3259 2173 παραλαμϐάνεται,
3286 2100 3371 2152 ἵνα
3393 2098 3457 2151 τά
3483 2094 3669 2148 τοιαῦτα

2130 2198 2259 2262 ξύλα
2311 2197 2596 2267 ἀναλωθῇ;
2661 2215 2679 2247 t
2740 2196 2999 2249 Έκάστου
3053 2195 3181 2265 γάρ,
3246 2193 3398 2262 φησὶ,
3444 2190 3499 2242 τὸ
3542 2190 3669 2260 ἔργον

2127 2289 2306 2343 ὁποῖόν
2334 2290 2469 2352 ἐστι,
2500 2289 2560 2341 τὸ
2592 2288 2703 2359 πῦρ
2732 2288 3040 2358 δοκιμάσει.
3076 2287 3141 2339 El’
3166 2278 3310 2348 τινος
3345 2285 3402 2337 τὸ
3425 2283 3565 2353 ἔργον
3592 2280 3665 2350 μὲ-

2127 2400 2227 2445 νει,
2245 2382 2273 2434 ὅ
2306 2382 2709 2452 ἐπῳκοδόμησε,
2741 2382 2929 2452 μισθὸν
2943 2380 3190 2451 λήψεταιο
3220 2379 3273 2429 εἴ
3298 2394 3439 2439 τινος
3461 2376 3517 2428 τὸ
3542 2374 3666 2445 ἔργον

2128 2476 2552 2545 κατακαήσεται,
2588 2472 3010 2545 ζημιωθήσεται.
3052 2490 3070 2523 ›
3108 2471 3308 2540 Ἔργον
3346 2468 3402 2521 δὲ
3421 2464 3666 2519 κατακαιό-

2132 2583 2289 2636 μενον
2337 2568 2486 2619 ποῖον
2516 2565 2581 2619 ἂν
2605 2567 2662 2619 ἐν
2683 2564 2889 2627 τούτοις
2920 2563 3150 2631 λέγοιτο,
3174 2561 3207 2632 ἢ
3234 2562 3340 2614 πᾶν
3374 2560 3433 2612 τὸ
3464 2557 3560 2610 ἀπὸ
3591 2573 3666 2607 κα-

2128 2658 2252 2721 κίας
2282 2659 2681 2729 πραττόμενον;
2724 2656 2930 2709 Οὐκοῦν
2955 2658 2983 2708 ὁ
3012 2654 3145 2716 Θεὸς
3172 2651 3328 2723 ἡμῶν
3363 2671 3380 2702 ‹
3416 2650 3517 2720 πῦρ
3539 2663 3668 2701 κατα-

2129 2750 2378 2803 ναλίσκον
2413 2769 2429 2797 ι
2465 2749 2598 2812 ἐστὶ,
2625 2748 2699 2807 ὡς
2729 2746 3164 2817 ἀποδεδώκαμεν*
3199 2745 3289 2796 καὶ
3318 2742 3485 2804 οὕτως
3515 2760 3531 2791 ί
3578 2740 3669 2790 εἱσ-

2130 2839 2439 2911 πορεύεται,
2498 2837 2573 2901 ὡς
2624 2837 2733 2909 πῦρ
2783 2838 3165 2908 χωνευτηρίου,
3215 2854 3234 2886 ι
3279 2832 3551 2905 χωνεύσων
3590 2828 3667 2899 τὴν

2129 2930 2350 3000 λογικὴν
2398 2929 2576 2997 φύσιν,
2628 2926 3059 2998 πεπληρωμένην
3094 2924 3188 2978 τοῦ
3229 2923 3335 2977 ἀπὸ
3365 2922 3456 2992 τῆς
3508 2917 3671 2978 κακίας

2133 3021 2415 3093 μολύϐδου,
2461 3020 2553 3073 καὶ
2580 3019 2685 3072 τῶν
2721 3019 2892 3071 ἀλλων
2934 3017 3259 3086 ἀκαθάρτων
3292 3014 3458 3076 ὑλῶν,
3482 3012 3570 3080 τὴν
3594 3006 3669 3059 τοῦ

2134 3114 2332 3185 χρυσοῦ
2364 3114 2464 3180 (ἵν’
2486 3112 2657 3175 οὕτως
2690 3109 2970 3181 ὀνομάσω)
3001 3108 3158 3179 φύσιν
3194 3108 3292 3177 τῆς
3308 3106 3499 3175 ψυχῆς,
3528 3102 3557 3171 ἢ
3592 3098 3669 3169 τὴν

2135 3205 2399 3277 ἀργύρου,
2451 3203 2812 3258 δολωσάντων.
2846 3202 3001 3254 Οῦτω
3047 3201 3103 3253 δὲ
3135 3199 3228 3252 καὶ
3268 3196 3492 3266 ποταμοὶ
3530 3190 3670 3262 πυρὸς

2132 3295 2375 3365 λέγονται
2406 3294 2707 3366 ἔμπροσθεν
2724 3290 2861 3345 εἶναι
2889 3291 2980 3344 τοῦ
3001 3290 3157 3355 Θεοῦ,
3186 3290 3278 3343 τοῦ
3304 3284 3670 3356 ὲξαφανιοῦντος

2130 3389 2230 3458 τὴν
2262 3388 2325 3440 δι’
2347 3388 2469 3458 ὅλης
2501 3387 2596 3457 τῆς
2623 3384 2799 3455 ψυχῆς
2827 3381 3278 3454 ἀνακεκραμένην
3299 3379 3504 3433 κακίαν.
3538 3371 3668 3429 Ἀλλά

2132 3466 2239 3551 γὰρ
2256 3479 2412 3550 ἀρκεῖ
2426 3477 2592 3530 ταῦτα
2610 3476 2744 3547 πρὸς
2769 3473 2848 3529 τό·
2885 3495 2901 3524 t
2927 3474 3088 3527 Ταῦτ’
3110 3474 3307 3541 αὐτοὺς
3328 3471 3561 3539 ἐποίησεν
3576 3466 3665 3535 (5i)

2133 3568 2444 3639 ὲσιραλμένῃ
2491 3566 2612 3637 δόξῃ
2645 3566 2841 3633 λέγειν,
2877 3565 2956 3617 δτι
2988 3566 3015 3617 ὁ
3057 3564 3188 3627 Θεὸς
3234 3561 3576 3633 καταϐήσεται
3613 3555 3670 3608 δί-

2132 3678 2235 3732 κην
2253 3658 2575 3730 βασανιστοῦ
2604 3658 2715 3730 πῦρ
2739 3659 2938 3729 φέρων.
2982 3676 3000 3709 ι

2208 3837 2432 3907 Ἴδωμεν
2464 3836 2517 3889 δὲ
2548 3834 2641 3888 καὶ
2666 3833 2805 3907 ἀπερ
2830 3832 2957 3903 ἑξῆς
2981 3848 3141 3903 φησιν
3165 3832 3192 3884 6
3222 3831 3423 3893 Κέλσος
3457 3825 3577 3899 μετὰ
3601 3840 3670 3895 με·

2133 3929 2304 4000 γάλης
2330 3926 2665 3996 ἀπαγγελίας
2692 3925 2877 3978 τοῦτον
2906 3925 2995 3977 τὸν
3027 3923 3246 3994 τρόπον’
3290 3942 3307 3973 ι
3350 3923 3463 3975 Ἔτι
3488 3920 3555 3980 δὲ,
3584 3932 3669 3983 φη-

2136 4023 2240 4087 σὶν,
2272 4020 2473 4074 ἀνωθεν
2504 4018 2741 4071 πλείοσιν
2770 4015 3104 4080 ἀποδείξεσιν
3128 4014 3477 4083 ἀναλάϐωμεν
3508 4010 3587 4062 τὸν
3607 4006 3672 4057 λό-

2134 4130 2249 4181 γον.
2283 4112 2440 4180 Λέγω
2466 4111 2522 4163 δὲ
2576 4110 2725 4161 οὐδὲν
2770 4108 2974 4171 καινὸν,
3018 4106 3153 4159 ἀλλά
3186 4106 3351 4159 πάλαι
3394 4099 3670 4170 δεδογμένα.

2145 4205 2203 4256 Ὀ
2231 4202 2361 4265 Θεὸς
2402 4200 2603 4268 ἀγαθός
2645 4201 2780 4262 ἐστι,
2815 4199 2907 4252 καὶ
2939 4198 3125 4260 καλὸς.
3167 4198 3261 4249 καὶ
3294 4196 3562 4264 εὐδαίμων,
3596 4186 3671 4240 καὶ

2135 4295 2192 4346 ὲν
2222 4291 2301 4362 τῷ
2350 4290 2620 4359 καλλίστῳ
2659 4288 2752 4341 καὶ
2803 4288 3025 4359 ἀρίστῳ.
3075 4289 3137 4341 El
3176 4288 3240 4358 δὴ
3293 4288 3350 4350 ἐς
3389 4282 3672 4353 ἀνθρώπους

2136 4383 2365 4447 κάτεισι,
2399 4380 2695 4452 μεταϐολῆς
2724 4378 2870 4450 αὐτῷ
2893 4379 2988 4431 δεῖ·
3026 4378 3392 4449 μεταϐολῆςδὲ
3416 4375 3468 4441 ἐξ
3494 4366 3671 4440 ἀγαθοῦ

452 4473 569 4528 Ιιιεε
598 4476 825 4529 mutatio
853 4476 957 4529 erit
985 4492 1050 4531 ex
1085 4477 1225 4532 bono
1256 4477 1305 4530 iu
1340 4476 1561 4543 malum,
1613 4491 1679 4531 ex
1707 4477 1931 4547 pulchro
1976 4479 2028 4532 in

2137 4476 2216 4539 είς
2246 4475 2435 4537 κακὸν,
2464 4474 2556 4525 καὶ
2593 4474 2656 4524 ἐκ
2683 4470 2849 4524 καλοῦ
2875 4473 2953 4534 είς
2983 4470 3230 4541 αἰσχρὸν,
3261 4469 3351 4522 καὶ
3385 4467 3438 4533 ἐξ
3462 4464 3674 4531 εὐδαιμο-

455 4572 683 4634 turpem,
716 4582 783 4620 ex
816 4566 971 4620 felice
1003 4568 1055 4620 in
1086 4566 1379 4631 infelicem,
1407 4581 1469 4620 ex
1495 4568 1697 4637 Optimo
1720 4568 1772 4622 in
1811 4570 2033 4639 nequis-

451 4654 672 4709 simum.
707 4655 1021 4727 Hujusmodi
1056 4659 1413 4712 mutationem
1456 4658 1642 4726 ecquis
1670 4658 1905 4726 experiri
1937 4673 2032 4714 ve-

450 4747 552 4801 lit?
590 4749 854 4803 Pra'terea
911 4751 983 4804 rei
1026 4751 1243 4819 quidem
1298 4750 1542 4804 mortalis
1594 4758 1789 4803 natura
1828 4765 1891 4803 ea
1924 4758 2030 4813 est,

450 4848 571 4901 quae
603 4836 798 4889 mutari
837 4836 1104 4905 aliamque
1136 4836 1365 4891 fortnam
1416 4837 1640 4890 induere
1677 4838 1885 4906 possit;
1927 4839 2031 4891 im-

451 4925 699 4979 mortalis
729 4942 877 4991 vero,
909 4938 967 4980 ut
996 4944 1101 4980 una
1129 4944 1346 4996 semper
1370 4936 1423 4981 et
1449 4929 1635 4981 eadem
1685 4940 2023 4997 permaneat.

453 5016 562 5069 Deo
593 5016 755 5083 igitur
775 5018 1067 5072 convenire
1105 5034 1210 5073 non
1231 5029 1405 5087 potest
1433 5020 1545 5073 lucc
1572 5019 1821 5074 mutatio.
1860 5038 1878 5070 ι
1906 5019 2023 5073 Jam

451 5107 519 5160 ad
550 5112 662 5161 tunc
684 5108 818 5163 satis
845 5109 972 5162 mihi
1002 5109 1210 5163 videtur
1239 5124 1361 5165 esse
1407 5125 1747 5179 responsum,
1782 5125 1903 5163 cum
1933 5126 2027 5164 ex-

452 5204 605 5268 posui
637 5215 745 5269 quo
778 5215 937 5255 sensu
969 5204 1107 5256 Deus
1142 5202 1193 5254 in
1231 5202 1529 5271 Scripturis
1553 5205 1617 5257 ad
1652 5218 1736 5257 res
1762 5204 2025 5257 humanas

452 5294 783 5345 descendere
805 5293 1039 5347 dicatur.
1070 5294 1180 5348 Hoc
1220 5296 1361 5348 enim
1396 5305 1453 5347 ut
1485 5294 1668 5360 faciat,
1701 5294 1833 5348 nihil
1886 5310 2024 5364 opus

522 5385 568 5416 ³⁵
598 5388 752 5441 Deut.
788 5403 860 5455 IV,
886 5389 1026 5443 24.“
1065 5389 1198 5443 Dan.
1230 5404 1332 5455 vn,
1362 5390 1449 5444 10.
1528 5390 1574 5422 ³⁸
1611 5389 1836 5444 Malach.
1866 5406 1951 5456 ιιι,
1978 5392 2034 5444 2.

524 5478 654 5554 (49)⁴
692 5478 865 5554 Codd.
912 5481 1109 5554 Regius
1160 5492 1213 5536 et
1258 5482 1602 5546 Basilccnsis,
1642 5483 1712 5536 τὰ
1741 5484 1833 5536 ἀπ’
1862 5485 2030 5554 αὐτῆς

451 5548 816 5625 πραττόμενα.
854 5550 925 5625 Ita
976 5548 1111 5604 infra
1166 5554 1260 5625 lib.
1293 5555 1565 5625 impressi,
1602 5554 1633 5625 ἢ
1668 5556 1776 5606 πᾶν
1823 5556 1882 5607 τὸ
1921 5548 2029 5625 ἀπὸ

451 5620 650 5691 κακίας
680 5618 1073 5691 πραττόμενον,
1098 5623 1187 5690 qui
1221 5618 1397 5677 tamen
1427 5624 1527 5678 hoc
1558 5618 1674 5679 loco
1708 5626 1929 5691 habent,
1961 5624 2030 5677 τὰ

452 5688 739 5760 ὑπἀὐτῆς
760 5688 1126 5760 πραττόμενα.

524 5759 636 5830 (50)
684 5760 855 5814 Codd.
898 5759 1097 5830 Regius
1114 5771 1166 5817 et
1190 5761 1541 5829 Basilcensis,
1572 5764 1639 5816 τὰ
1672 5762 1847 5831 φαῦλα
1869 5764 2024 5837 ἔργα.

2129 4566 2247 4629 νίας
2294 4567 2373 4628 είς
2419 4563 2854 4633 κακοδαιμονίαν,
2905 4564 2999 4616 καὶ
3038 4564 3101 4615 ὲκ
3140 4562 3232 4615 τοῦ
3276 4562 3487 4633 ἀρίστου
3530 4557 3601 4617 εἰς
3625 4551 3673 4603 τὸ

2131 4656 2515 4728 πονηρότατον.
2550 4653 2643 4717 Τίς
2670 4652 2734 4706 ἂν
2761 4651 2853 4707 οῦν
2886 4654 3058 4706 ἕλοιτο
3083 4653 3338 4723 τοιαύτην
3377 4645 3670 4722 μεταϐολήν;

2130 4748 2240 4801 Καὶ
2272 4747 2373 4817 μὲν
2425 4744 2593 4817 δὴτῷ
2622 4744 2805 4816 θνητῷ
2862 4746 2961 4816 μὲν
2999 4744 3353 4798 ἀλλάττεσθαι
3404 4742 3489 4795 καὶ
3529 4750 3672 4808 μετα-

2131 4837 2462 4890 πλάττεσθαι
2497 4836 2655 4905 φύσις
2692 4836 2825 4906 (52)⁶
2864 4835 2941 4906 τῷ
2968 4836 3010 4889 δ’
3044 4835 3294 4905 ἀθανάτῳ
3318 4833 3452 4887 κατά
3473 4830 3532 4883 τά
3555 4824 3672 4881 αὐτὰ

2133 4929 2226 4982 καὶ
2252 4928 2510 4991 ὡσαύτως
2548 4926 2707 4996 ἔχειν.
2746 4928 2859 4980 Ούκ
2898 4926 2962 4980 ἂν
2993 4922 3085 4980 οῦν
3114 4927 3233 4979 οὐδὲ
3260 4926 3452 4993 ταύτην
3475 4921 3561 4991 τὴν
3592 4932 3667 4986 με·

2131 5021 2362 5092 ταϐολὴν
2388 5021 2519 5083 Θεὸς
2545 5019 2767 5089 δέχοιτο.
2807 5040 2825 5071 ι
2860 5022 3015 5071 Δοκεῖ
3040 5019 3102 5090 δή
3144 5037 3232 5089 μοι
3260 5018 3390 5090 πρὸς
3416 5014 3571 5068 ταῦτα
3594 5008 3671 5061 λέ-

2132 5112 2323 5180 γεσθαι
2350 5112 2421 5165 τά
2446 5111 2652 5175 δέοντα,
2682 5111 3068 5182 διηγησαμένῳ
3097 5109 3194 5181 τὴν
3225 5113 3280 5164 ἐν
3312 5111 3425 5171 ταῖς
3458 5100 3670 5174 Γραφαῖς

2133 5202 2431 5273 λεγομένην
2472 5202 2773 5255 κατάϐασιν
2808 5202 2941 5255 Θεοῦ
2977 5202 3112 5273 πρὸς
3162 5199 3574 5269 τάιάνθρώπινα’
3601 5190 3672 5249 εἰς

2132 5296 2197 5364 ἦν
2225 5296 2285 5347 οὐ
2306 5294 2603 5364 μεταϐολῆς
2626 5293 2773 5363 αὐτῷ
2788 5293 2884 5357 δεῖ,
2918 5294 2992 5357 ὡς
3021 5294 3222 5358 Κέλσος
3252 5296 3284 5365 ἡ
3294 5294 3395 5363 μᾶς
3413 5289 3565 5343 οἴεται
3589 5279 3667 5333 λέο

2112 5389 2197 5442 ³⁷1
2231 5392 2356 5445 Cor.
2386 5407 2468 5456 ιιι,
2511 5390 2600 5444 12.
2678 5390 2764 5442 ³⁸1
2805 5388 2928 5444 Cor.
2960 5405 3041 5454 tu,
3094 5391 3178 5444 l3.

2144 5484 2312 5538 Paulo
2340 5494 2461 5551 post
2508 5485 2642 5537 libb.
2694 5484 2943 5551 impressi
2992 5484 3043 5536 in
3095 5485 3357 5551 margine.
3404 5474 3667 5551 προπίπτει

2136 5546 2394 5607 ποδαπόν.
2430 5554 2495 5607 Et
2520 5553 2602 5625 iul
2609 5569 2662 5605 ra
2688 5553 2739 5606 in
2772 5546 2938 5625 textu,
2980 5552 3040 5606 τὸ
3064 5546 3363 5625 πῦρ[αύτὸ]
3384 5546 3665 5625 -δοκιμάςεξο

2209 5624 2321 5695 (5i)
2368 5624 2700 5695 Ἐποίησεν.
2725 5624 2827 5695 Sic
2864 5612 3394 5695 supralilili.‘cxut§i
3419 5612 3552 5674 num.
3591 5612 3664 5675 Ην

2140 5692 2495 5768 ηιιιίθςίιιιιιειιι
2531 5695 2617 5746 h-c
2652 5692 2885 5768 habent,
2920 5693 3210 5768 ποιῆσαν..
3239 5766 3247 5768 _
3310 5764 3320 5768 _
3550 5752 3561 5768 ,

2214 5764 2324 5835 (52)
2342 5764 2504 5819 Recte
2524 5763 2745 5819 omnino
2765 5779 2917 5825 mss.,
2934 5763 3110 5835 φύσις.
3132 5764 3285 5820 Libb.
3308 5764 3479 5833 impr.,
3501 5763 3659 5825 φύσιν.
