3852 6418
427 259 565 318 ίθιίῖ
1919 255 1948 310 (ξ

2125 253 2242 308 LNIS
3529 251 3646 310 4048

426 379 588 436 sent?
615 377 754 446 Quia
803 379 1044 434 medicus
1085 377 1266 432 tristia
1319 377 1465 450 videt
1497 384 1556 430 et
1591 374 1818 430 molesta
1863 390 1947 430 eor

2126 375 2198 429 ιαὶ
2267 371 2358 425 τὸν
2428 371 2610 443 ἰατρὸν
2673 369 2887 442 ὁρῶντα
2947 368 3098 422 δεινά
3123 408 3138 432 ,
3213 367 3307 422 καὶ
3359 366 3647 438 θιγγάνοντα

427 479 627 526 trectat
665 479 725 524 ut
755 469 914 539 ψει-ἒς
959 467 1264 530 medeatur,
1306 483 1377 522 an
1424 467 1574 522 illum
1629 467 1893 523 continuo
1937 486 1948 521 ι

2126 465 2306 537 ιηδῶν,
2337 465 2422 518 ἴνα
2453 465 2578 526 τοὺς
2611 463 2918 534 κάμνοντας
2969 461 3220 530 ἰάσηται,
3257 460 3318 524 ἐξ
3359 459 3548 530 ἀγαθοῦ
3583 475 3647 527 εις

426 554 572 614 bono
622 559 675 612 in
709 556 936 620 malum,
979 571 1048 611 ex
1083 555 1317 626 pulchro
1352 557 1406 610 in
1440 565 1652 626 turpem
1683 571 1946 612 conversu

2128 557 2294 618 ιακὸν,
2326 557 2358 628 ἢ
2389 556 2453 608 ἐκ
2483 551 2648 607 καλοῦ
2682 555 2762 618 είς
2792 552 3036 624 αἰσχρὸν,
3063 552 3096 624 ἧ
3133 551 3194 618 ἐξ
3227 552 3551 622 εὐδαιμονίας
3585 559 3649 619 είς

427 648 625 702 merito
657 646 878 712 dixeris,
927 655 1020 698 aut
1051 661 1080 701 e
1124 647 1386 702 felicitate
1423 648 1690 704 cecidisse
1724 649 1774 703 in
1825 647 1948 704 inl‘el

2130 647 2522 718 ιακοδαιμονίαν
2559 645 2843 718 ἔρχεσθαι;
2875 645 3116 713 καίτοιγε
3152 645 3180 697 ὁ
3217 642 3414 714 ἰατρὸς,
3441 644 3568 715 ὁρῶν
3595 645 3651 700 τὰ

424 739 684 793 eitatem?
732 738 1050 806 Quanquam
1094 739 1338 793 medicus
1373 740 1562 808 turpia.
1583 740 1776 794 videns
1803 747 1856 794 et
1889 757 1940 794 m

2122 741 2274 800 Ξεινά,
2305 739 2400 792 καὶ
2433 737 2704 806 θιγγάνων
2735 734 2845 788 τῶν
2883 733 3081 806 ἀηδῶν,
3123 734 3185 786 οὐ
3229 733 3440 796 πάντως
3478 734 3643 802 ἐκφεύ-

424 834 560 890 lesta
593 842 819 902 tangens
849 848 954 884 non
991 833 1217 886 omnino
1261 839 1348 886 est
1379 842 1538 886 extra
1575 832 1884 900 huiusmodi
1915 849 1942 884 c

2130 848 2192 884 νει
2227 831 2290 884 τὸ
2313 833 2424 893 τοῖς
2459 831 2642 892 αὐτοῖς
2669 827 2927 882 δύνασθαι
2967 828 3306 898 περιπεσεῖν.
3345 827 3400 879 Ὁ
3429 825 3481 879 δέ
3511 826 3651 898 τραύ-

423 939 582 980 suum
631 923 949 993 periculum.
1012 924 1120 979 Sed
1173 926 1264 996 qui
1325 935 1639 981 nostrarum
1696 927 1944 980 animaru

2129 940 2254 976 ιατα
2283 922 2392 975 τῶν
2424 920 2608 991 ψυχῶν
2646 919 2802 992 ἡμῶν
2846 918 3160 991 θεραπεύων
3199 917 3284 971 διὰ
3323 916 3417 970 τοῦ
3447 917 3499 970 ἐν
3525 918 3650 988 αὐτῷ

422 1014 646 1072 vulnera
683 1029 780 1084 per
815 1014 1050 1070 Verbum
1085 1017 1256 1071 Deum
1290 1017 1380 1087 qui
1427 1018 1482 1072 in
1519 1033 1578 1072 se
1611 1027 1694 1072 est
1727 1028 1905 1080 curat,

2126 1014 2280 1082 λόγου
2321 1012 2478 1076 Θεοῦ,
2508 1013 2668 1076 αὐτὸς
2717 1011 2901 1081 πάσης
2949 1011 3146 1073 κακίας
3195 1008 3551 1080 ἀπαράδεκτος
3575 1005 3647 1080 ἦν.

421 1121 544 1162 eum
581 1108 792 1162 nullum
839 1109 1040 1164 cadere
1079 1110 1266 1164 vilium
1319 1116 1520 1180 p0test.
1571 1109 1726 1176 Quod
1777 1111 1820 1166 si
1863 1112 1938 1166 De

2132 1107 2170 1159 ii
2198 1105 2254 1158 δέ
2291 1107 2384 1158 καὶ
2417 1103 2576 1176 σῶμα
2614 1104 2809 1175 θνητὸν
2845 1105 2938 1158 κα)⁸
2971 1103 3148 1174 ψυχὴν
3180 1101 3514 1173 ἀνθρωπίνην
3543 1101 3653 1156 ἀνα-

419 1197 746 1254 immortalis
793 1198 1068 1264 Verbum,
1105 1201 1320 1256 mortali
1373 1216 1606 1270 corpore
1659 1205 1933 1272 lnnnanaq

2131 1197 2285 1252 ,αὸὼν
2333 1199 2361 1250 ὁ
2413 1196 2678 1260 ἀθάνατος
2732 1197 2864 1260 Θεὸς
2911 1197 3114 1266 Λόγος,
3165 1197 3314 1250 δοκεῖ
3358 1196 3432 1266 τῷ
3489 1195 3652 1266 Κέλσῳ

417 1289 598 1343 anima
646 1293 952 1360 susceptis,
993 1293 1211 1346 videtur
1278 1293 1436 1348 Celso
1492 1293 1690 1346 mutari
1739 1305 1797 1348 et
1841 1293 1938 1347 alia

2131 1287 2458 1343 ιλλάττεσθαι
2494 1289 2586 1342 καὶ
2625 1288 3094 1359 μεταπλάττεσθαι
3119 1305 3131 1316 ·
3175 1288 3506 1360 μανθανέτω,
3533 1289 3652 1342 ὅτιὸ

418 1379 646 1435 formam
687 1395 1008 1448 assumere;
1057 1385 1198 1440 sciat
1241 1384 1330 1439 ille
1363 1386 1601 1440 Verbum
1647 1395 1842 1439 natura
1889 1401 1939 1438 tn

2130 1380 2278 1450 lci-{0g
2309 1383 2375 1451 τῇ
2417 1380 2578 1452 οὐσίᾳ
2615 1379 2791 1450 μένων
2837 1379 3013 1448 λόγος,
3041 1380 3195 1434 οὐδὲν
3232 1381 3331 1450 μὲν
3365 1381 3549 1450 πάσχει
3591 1374 3651 1432 ὧν

417 1487 552 1528 nens
597 1473 831 1528 Verbum
891 1476 1026 1530 nihil
1064 1493 1252 1532 eorum
1312 1479 1459 1546 pati,
1513 1493 1636 1548 qua:
1675 1492 1873 1545 corpus
1912 1488 1938 1528 ει

2128 1472 2303 1541 πάσχει
2343 1470 2403 1524 τὸ
2440 1471 2600 1542 σῶμα
2641 1473 2674 1544 ἢ
2723 1473 2756 1543 ή
2789 1471 2932 1543 ψυχή
2955 1487 2970 1503 ο
3008 1471 3452 1541 συγκαταϐαίνων
3485 1473 3526 1524 δ’
3563 1471 3649 1524 ἔσθ’

416 1564 594 1618 anima
635 1567 853 1634 patitur.
891 1567 960 1621 Ut
1000 1577 1184 1622 autem
1220 1569 1286 1624 ad
1321 1585 1416 1624 eos
1445 1570 1539 1636 qui
1585 1569 1756 1639 ipsius
1786 1567 1930 1622 deita

2132 1583 2196 1619 ιτε
2236 1564 2314 1634 τῷ
2363 1564 2436 1636 μὴ
2474 1564 2756 1636 δυναμένῳ
2805 1564 2970 1618 αὐτοῦ
3023 1564 3123 1628 τὰς
3181 1564 3536 1635 μαρμαρυγὰς
3577 1565 3653 1616 καὶ

417 1657 600 1712 radios
633 1659 1096 1730 splendoremque
1150 1662 1422 1716 sustinere
1469 1676 1576 1716 non
1617 1669 1874 1730 possunt,
1911 1673 1938 1712 a

2130 1657 2202 1728 τὴν
2237 1657 2594 1728 λαμπρότητα
2629 1657 2730 1726 τῆς
2767 1655 3051 1726 Θειότητος
3091 1654 3328 1726 βλέπειν,
3357 1656 3510 1708 οἱονεὶ
3541 1653 3651 1724 σὰρξ

418 1751 726 1805 commodet
756 1767 900 1820 sese,
939 1753 998 1807 ﬁt
1031 1763 1290 1823 tanquam
1330 1771 1462 1810 caro
1488 1764 1543 1810 et
1573 1769 1708 1808 voce
1739 1769 1939 1822 corpori

2132 1750 2310 1804 ’ίνεται
2333 1789 2346 1814 ,
2407 1748 2735 1820 σωματικῶς
2801 1747 3129 1818 λαλούμενος
3149 1787 3164 1811 ,
3217 1747 3320 1810 ἕως
3374 1748 3402 1800 ό
3449 1746 3653 1798 τοιοῦτον

419 1842 633 1895 utitur:
669 1842 844 1898 donec
887 1845 960 1910 ii,
1007 1847 1096 1914 qui
1149 1847 1322 1914 ipsum
1359 1846 1463 1902 tale
1505 1846 1808 1915 recipiunt,
1849 1847 1940 1900 bre

2130 1843 2268 1894 ιὺτδν
2319 1839 2797 1912 παραδεξάμενος,
2841 1839 2984 1892 κατὰ
3031 1839 3206 1910 βραχὺ
3259 1839 3364 1891 ὑπὸ
3401 1837 3488 1892 τοῦ
3519 1838 3651 1905 λόγου

419 1934 488 1987 ab
520 1934 635 2002 ipso
668 1935 835 1989 altius
867 1937 1020 2002 elati,
1068 1939 1393 2009 principem,
1427 1946 1485 1992 ut
1516 1939 1589 1994 ita
1637 1937 1854 2006 loquar,
1888 1935 1935 2006 ej

2132 1935 2602 2004 ιετεωριξόμενος,
2646 1932 2846 2004 δυνηθῇ
2899 1931 3062 1985 αὑτοῦ
3106 1933 3202 1985 καὶ
3241 1931 3338 2002 τὴν
3383 1930 3479 2000 (ἵν’
3510 1931 3653 1992 οὕτως

419 2023 650 2080 formam
685 2027 884 2082 intueri
915 2031 1150 2097 possint.

2105 2025 2398 2097 όνομάσω,)
2433 2025 2853 2098 προηγουμένην
2885 2024 3098 2095 μορφὴν
3129 2022 3437 2078 θεάσασθαι.

487 2117 574 2172 16.
618 2118 757 2173 Sunt
812 2136 1048 2189 namque
1101 2123 1328 2176 diversa:
1379 2123 1786 2191 quodammodo
1838 2120 2003 2176 Verbi

2177 2119 2297 2172 Εἰσὶ
2327 2118 2435 2187 γὰρ
2471 2117 2717 2187 διάφοροι
2763 2114 2872 2186 (57)
2905 2115 3066 2168 οἱονεὶ
3103 2113 3197 2167 τοῦ
3237 2114 3408 2182 Λόγου
3451 2113 3650 2184 μορφαὶ,

415 2207 636 2274 formai.
682 2211 876 2282 quibus
928 2213 1222 2282 unicuique
1271 2229 1498 2280 eorum,
1545 2214 1640 2284 qui
1699 2215 1870 2284 ipsius
1909 2215 1936 2268 d

2132 2209 2290 2273 ιαθὼς
2330 2209 2545 2278 ἑκάστῳ
2587 2206 2696 2260 τῶν
2728 2207 2807 2269 είς
2842 2207 3149 2275 ἐπιστήμην
3191 2204 3466 2275 ἀγομένων
3503 2204 3653 2272 φαίνε-

416 2301 648 2354 etrinam
687 2313 992 2367 sectantur,
1026 2305 1480 2374 conspiciendum
1536 2321 1595 2360 se
1631 2305 1855 2374 praebet,
1889 2306 1932 2359 si

2129 2320 2196 2355 ται
2229 2301 2493 2368 ὁιλόγος,
2542 2299 2801 2366 ἀνάλογον
2844 2301 2910 2368 τῇ
2961 2295 3069 2362 ἕξει
3109 2297 3208 2368 ,τοῦ
3257 2296 3650 2366 είσαγομένου,ἥ

415 2391 556 2459 gulis
592 2407 781 2448 eorum
823 2409 884 2448 se
917 2405 1316 2466 attemperans,
1349 2397 1467 2452 sive
1499 2413 1688 2467 parum
1727 2397 1842 2452 sive
1889 2397 1936 2466 pl

2132 2395 2193 2446 ,π’
2220 2393 2398 2462 ὀλίγον
2425 2391 2855 2463 προκόπτοντος,
2890 2391 2922 2462 ἦ
2957 2392 3050 2444 ἐπὶ
3093 2390 3300 2454 πλεῖον,
3337 2390 3369 2460 ἦ
3407 2390 3494 2442 καὶ
3518 2388 3653 2456 ἐγγὺς

416 2485 612 2536 rimutn
661 2485 1030 2552 profecerint,
1073 2489 1188 2542 sive
1221 2490 1288 2543 ad
1324 2489 1583 2544 virtutem
1633 2489 1884 2558 proxime
1917 2505 1937 2542 ιι

2133 2487 2208 2558 γδη
2235 2485 2521 2557 γινομένου
2559 2485 2656 2556 τῆς
2687 2484 2908 2555 ἀρετῆς,
2933 2483 2966 2554 ἢ
2993 2484 3084 2536 καὶ
3113 2485 3172 2537 ἐν
3199 2485 3368 2554 ἀρετῇ
3397 2479 3654 2552 γεγενημέ-

419 2575 720 2639 cesserint,
780 2577 894 2630 sive
964 2577 1077 2646 jam
1150 2579 1296 2632 illam
1361 2580 1822 2650 comparaverint.
1891 2578 1940 2632 Ν

2130 2596 2222 2632 σου.
2261 2577 2420 2630 Ὅθεν
2463 2578 2582 2647 οὐχ,
2628 2576 2704 2640 ὡς
2751 2577 2780 2628 ό
2830 2575 3037 2638 Κέλσος
3083 2576 3178 2628 καὶ⁸
3216 2577 3265 2628 οἱ
3320 2572 3651 2645 παραπλήσιοι

419 2667 585 2736 igitur
617 2683 683 2722 eo
717 2683 824 2737 quo
865 2668 1055 2724 Celsus
1099 2671 1326 2740 ejusque
1360 2672 1568 2725 similes
1618 2671 1814 2727 volunt
1849 2687 1935 2726 mo

2132 2669 2259 2739 ιύτῷ
2292 2666 2586 2738 βούλονται,
2616 2667 3010 2738 μετεμορφώθη
3044 2669 3072 2720 ὁ
3113 2668 3246 2730 Θεὸς
3275 2667 3448 2738 ήμῶν,
3478 2665 3560 2717 καὶ
3593 2664 3653 2724 εἰς

421 2759 839 2814 ιιτιηείοτιιιοιιιε
882 2773 964 2815 est
1007 2763 1146 2818 Deus
1197 2773 1406 2818 noster.
1449 2763 1506 2816 Si
1550 2763 1712 2816 aliam
1750 2763 1867 2824 sui,
1915 2777 1942 2814 ο

2136 2760 2170 2812 τὸ
2195 2759 2397 2830 ὑψηλὸν
2423 2758 2547 2829 ὅρος
2577 2757 2784 2820 ἀναϐὰς
2808 2756 2972 2826 ἄλλην
2999 2756 3168 2820 ἔδειξε
3199 2757 3299 2826 τὴν
3329 2753 3512 2808 ἐαυτοῦ
3549 2768 3657 2823 μορ-

419 2845 564 2900 celso
595 2860 780 2902 monte
827 2865 1148 2918 conscenso,
1193 2853 1426 2908 formam
1479 2855 1746 2921 ostendit,
1779 2867 1936 2921 eamq

2135 2852 2239 2923 ρὴν,
2276 2851 2370 2903 καὶ
2393 2849 2574 2920 πολλῷ
2609 2849 2893 2920 κρείττονα
2923 2845 2990 2918 ἧς
3021 2851 3070 2901 οἱ
3121 2849 3273 2906 κάτω
3304 2847 3554 2918 μένοντες,
3583 2845 3656 2897 καὶ

419 2937 590 2991 multo
625 2944 1059 3008 praestantiorem
1099 2944 1214 3010 illa,
1253 2960 1418 3014 quam
1451 2946 1702 2999 viderant
1735 2945 1768 2998 ii
1803 2945 1892 3012 qui
1927 2945 1940 2997 i

2131 2943 2191 3013 ιὴ
2237 2940 2521 3012 δυνάμενοι
2551 2939 2698 3009 αὐτῷ
2733 2941 2814 3002 εἰς
2839 2938 2973 3008 ὕψος
3023 2937 3358 3000 ἀκολουθεῖν,
3405 2934 3652 3006 ἐθεώρουν.

423 3026 506 3080 fra
553 3042 834 3087 manentes
883 3033 1030 3088 illum
1083 3035 1136 3088 in
1175 3047 1410 3090 montem
1465 3039 1619 3106 sequi
1655 3053 1762 3091 non
1817 3046 1942 3106 potu

2134 3036 2188 3090 )0
2232 3034 2341 3106 γὰρ
2371 3030 2516 3104 εἶχον
2554 3035 2604 3087 οἱ
2645 3034 2796 3087 κάτω
2827 3033 3138 3104 ὀφθαλμοὺς
3193 3032 3510 3102 δυναμένους
3555 3026 3655 3098 βλέ-

423 3129 576 3186 rant;
613 3121 772 3192 huius
811 3125 887 3177 rei
925 3141 1090 3180 causa
1126 3126 1250 3192 fuit,
1297 3130 1440 3196 quod
1475 3129 1569 3197 qui
1604 3131 1747 3183 inl‘ra
1784 3144 1940 3182 mans

2132 3143 2235 3180 τειν
2285 3126 2382 3197 τὴν
2429 3125 2524 3178 τοῦ
2569 3127 2742 3194 Λόγου
2777 3126 2868 3178 ἐπὶ
2913 3125 2972 3177 τὸ
3023 3124 3232 3188 ἔνδοξον
3280 3123 3374 3176 καὶ
3423 3121 3653 3190 θειότερον

423 3218 569 3274 rant,
613 3229 719 3266 non
767 3214 1045 3272 essenti.s
1092 3219 1264 3272 oculis
1305 3221 1578 3282 instructi,
1611 3221 1812 3290 quibus
1839 3219 1944 3276 Ver

2133 3218 2537 3289 ιεταμόρφωσιν
2557 3234 2569 3246 ·
2609 3215 2746 3270 ἀλλὰ
2783 3217 2941 3286 μόγις
2973 3215 3135 3268 αὐτὸν
3170 3214 3420 3266 ἐδύναντο
3445 3212 3654 3282 χωρῆσαι

425 3301 480 3356 in
523 3302 820 3372 gloriosum
854 3307 1290 3379 divinioremque
1336 3321 1536 3364 statum
1573 3312 1944 3380 transligurati

2132 3309 2367 3372 τοιοῦτον,
2407 3307 2550 3360 ὥστε
2589 3305 2843 3375 λέγεσθαι
2873 3307 2938 3359 ἂν
2981 3305 3108 3378 περὶ
3151 3303 3316 3357 αὑτοῦ
3351 3302 3450 3356 ὑπὸ
3474 3301 3568 3355 τῶν
3595 3299 3653 3370 μὴ

425 3407 550 3446 nem
600 3399 846 3452 contueri
896 3411 1169 3467 possent:
1217 3403 1420 3471 quippe
1476 3405 1569 3472 qui
1621 3405 1706 3456 vix
1759 3415 1943 3472 potera

2130 3399 2418 3470 ἱυναμένων
2458 3398 2519 3450 τὸ
2559 3401 2805 3470 κρεῖττον
2840 3396 3002 3450 αὐτοῦ
3034 3395 3249 3467 βλέπειν
3283 3395 3374 3447 τόο
3415 3393 3651 3466 ικΕἵδομεν

425 3481 600 3550 illum,
653 3488 824 3555 qualis
867 3490 1010 3544 inter
1040 3507 1135 3545 eos
1173 3496 1518 3558 versabatur,
1555 3494 1865 3560 sustinere;
1902 3511 1946 3563 qi

2131 3492 2293 3554 ιύτὸν,
2329 3493 2422 3545 καὶ
2485 3492 2584 3544 οὐκ
2632 3487 2774 3562 εἶχεν
2822 3487 2981 3554 εἶδος,
3029 3490 3150 3544 οὐδέ
3189 3489 3412 3552 κάλλος·
3452 3487 3570 3542 ἀλλά
3605 3483 3652 3536 τὸ

423 3572 629 3629 factum
657 3587 760 3644 est,
791 3590 848 3634 ut
885 3583 982 3648 qui
1031 3585 1174 3652 quod
1211 3587 1566 3652 praestantius
1600 3587 1839 3640 habebat
1880 3601 1942 3640 co

2134 3580 2250 3646 ,ἷδος
2276 3582 2442 3635 αὑτοῦ
2489 3583 2704 3653 ἄτιμον,
2736 3583 2988 3635 ἐκλεῖπον
3043 3583 3195 3652 παρά
3235 3583 3364 3645 τοὺς
3404 3581 3540 3641 υἱοὺς
3567 3575 3655 3629 τῶν

425 3665 624 3734 spicari
663 3683 768 3723 non
815 3672 1090 3741 valebant,
1124 3677 1190 3728 de
1234 3676 1327 3729 illo
1359 3677 1607 3730 dicerent
1651 3693 1665 3730 :
1708 3695 1726 3727 ι
1760 3677 1936 3731 Vidini

2132 3677 2433 3749 ινθρὼπων.
2463 3695 2481 3728 ι
2521 3675 2629 3727 Καὶ
2672 3673 2844 3728 ταῦτα
2885 3675 2942 3728 δὲ
2977 3675 3112 3747 πρὺς
3158 3677 3256 3746 τὴν
3297 3673 3497 3728 Κέλσου
3545 3671 3653 3724 ὑπό-

426 3769 571 3820 eum,
601 3767 655 3810 et
691 3775 799 3813 non
839 3773 956 3815 erat
992 3765 1039 3818 ei
1075 3767 1288 3833 species
1321 3781 1498 3832 neque
1525 3767 1714 3820 decor.
1749 3767 1854 3820 Sed
1888 3783 1946 3836 sp

2136 3769 2294 3842 .ηψιν,
2333 3768 2407 3840 μὴ
2437 3769 2728 3837 νοήσαντος
2763 3765 2863 3829 τὰς
2904 3765 2978 3829 ὡς
3009 3769 3066 3819 ἐν
3101 3766 3364 3838 ἱστορίαις
3400 3761 3657 3834 λεγομένας

427 3845 538 3902 cies
570 3850 691 3917 ejus
727 3853 1084 3921 inhonorata,
1135 3867 1189 3911 et
1233 3857 1458 3912 inferior
1507 3873 1618 3925 pra:
1655 3857 1781 3910 [iliis
1830 3857 1948 3912 hum

2138 3860 2420 3922 ιεταόολὰς
2446 3860 2480 3930 ἢ
2519 3857 2968 3928 μεταμορφώσεις
2996 3857 3092 3911 τοῦ
3137 3858 3334 3928 Ἰησοῦ,
3364 3857 3455 3910 καὶ
3479 3857 3534 3908 τὸ
3561 3853 3659 3920 θνη-

427 3945 699 3998 ηυ111⁸⁵.ι
758 3950 932 4018 Atque
993 3953 1104 4005 haec
1171 3953 1353 4007 dicere
1423 3955 1600 4008 visum
1654 3963 1740 4008 est
1813 3963 1944 4009 cont

1538 3970 1600 4006 nn
1654 3963 1740 4008 est
1813 3963 2008 4009 contra
2113 3955 2203 4008 τὸν
2234 3955 2266 4025 ἢ
2299 3953 2562 4007 ἀθάνατον
2587 3950 2774 4012 αὑτοῦ,
2803 3949 3059 4021 λελέχθω.

427 4031 566 4090 Celsi
606 4040 950 4108 opinionem,
995 4059 1100 4097 non
1145 4045 1493 4114 intelligentis
1559 4061 1694 4114 quas
1759 4045 1885 4101 Jesu
1953 4049 2284 4102 mutationes
2349 4045 2967 4114 transﬁgurationesqne
3024 4054 3213 4100 narrat
3275 4045 3392 4114 ejus
3445 4039 3658 4100 historia.

429 4145 607 4198 neque
645 4134 774 4200 quid
817 4137 1045 4189 mortale
1085 4137 1138 4189 iu
1178 4138 1271 4192 illo
1305 4139 1506 4206 quidve
1547 4119 1854 4195 immortale
1881 4141 2068 4196 fuerit.

503 4224 666 4296 512
713 4229 802 4284 17.
836 4228 956 4284 Jam
1005 4231 1108 4286 illa:
1146 4233 1393 4288 historia:
1434 4235 1738 4303 praesertim
1789 4251 1911 4289 cum
1950 4247 2010 4290 ut

2186 4230 2324 4305 Ἆρα
2357 4235 2413 4288 δέ
2454 4233 2514 4288 οὐ
2545 4232 2725 4304 πολλῷ
2763 4233 2956 4298 ταῦτα,
3009 4235 3103 4286 καὶ
3139 4233 3372 4304 μάλιστα
3403 4235 3484 4286 ὅτε
3520 4231 3571 4284 ὃν
3597 4230 3659 4282 δεῖ

430 4329 529 4384 par
569 4325 655 4372 est
700 4319 1107 4390 intelliguntur,
1141 4337 1319 4377 nonne
1353 4325 1524 4378 multo
1553 4323 1675 4394 plus
1723 4327 1951 4392 gravital

2140 4327 2311 4398 ’ρόπον
2368 4327 2588 4388 νοεῖται,
2650 4325 2948 4396 σεμνότερα
3006 4329 3254 4394 φανεῖται
3297 4327 3540 4380 Διονύσου
3579 4321 3661 4376 ὑπὸ

434 4406 656 4474 habent,
689 4426 851 4478 quam
883 4412 1085 4468 Bacchi
1119 4415 1348 4470 historia
1379 4419 1612 4486 primum
1649 4432 1677 4469 a
1717 4418 1955 4473 Titaniht

2138 4419 2220 4470 τῶν
2247 4418 2488 4472 Τιτάνων
2529 4417 2908 4486 ἁπατωμένου,
2941 4419 3033 4470 καὶ
3065 4418 3424 4481 ἐκπίπτοντος
3457 4418 3555 4470 ἀπὸ
3585 4413 3659 4466 τοῦ

431 4496 672 4569 decepti,
715 4503 918 4560 deinde
966 4504 1236 4561 deturbati
1276 4507 1342 4562 de
1389 4510 1526 4564 solio
1577 4509 1748 4573 Jovis,
1795 4520 1905 4563 tum
1943 4527 1952 4563 ε

2138 4511 2236 4572 ne;
2287 4509 2508 4581 θρόνου,
2567 4510 2662 4562 καὶ
2726 4509 3176 4580 σπαρασσομένου
3227 4513 3319 4564 ὑπ’
3355 4509 3542 4572 αὐτῶν,
3588 4507 3659 4560 καὶ

431 4586 540 4641 illis
584 4589 874 4662 discerpti,
925 4605 1110 4660 postea
1163 4591 1527 4666 redintegrato
1575 4612 1806 4666 corpore
1863 4613 1952 4651 rev

2140 4600 2257 4653 ιετά
2286 4601 2461 4655 ταῦτα
2505 4601 2664 4655 πάλιν
2710 4601 3116 4671 συντιθεμένου,
3151 4602 3244 4655 καὶ
3275 4603 3436 4656 οἱονεὶ
3463 4597 3661 4654 ἀναϐιώ-

431 4680 715 4747 viscentis,
739 4693 795 4738 et
819 4685 872 4738 in
901 4685 1098 4738 ctelum
1130 4671 1516 4742 ascendentis?
1541 4689 1621 4742 An
1650 4689 1855 4744 Graecis
1889 4688 1952 4742 lic

2139 4708 2358 4754 ςκοντος,
2393 4692 2486 4744 καὶ
2526 4688 2904 4753 ἀναϐαίνοντος
2936 4691 3015 4754 είς
3060 4693 3326 4762 οὐρανόν;
3362 4693 3428 4743 Ἢ
3471 4688 3660 4756 Ἕλλησι

435 4771 738 4839 hujusmodi
776 4789 1083 4832 commenta
1113 4779 1177 4832 ad
1211 4780 1450 4834 animam
1497 4783 1702 4836 referre
1735 4791 1790 4835 et
1819 4782 1888 4835 de
1917 4783 1951 4835 il

2140 4783 2218 4834 ιέν
2256 4781 2431 4844 ἔξεστι
2460 4779 2532 4832 τὰ
2581 4781 2806 4835 τοιαῦτα
2847 4783 2928 4844 εἰς
2963 4781 3056 4834 τὸν
3087 4782 3217 4853 περὶ
3251 4783 3428 4852 ψυχῆς
3472 4780 3661 4844 ἀνάγειν

436 4861 818 4929 interpretari;
863 4867 1019 4920 nobis
1059 4881 1238 4921 autem
1291 4871 1356 4923 ad
1405 4883 1830 4940 consequentem
1881 4888 1957 4927 COI

2139 4874 2270 4941 λόγον
2300 4875 2393 4927 καὶ
2437 4874 2813 4946 τροπολογεῖν·
2863 4876 2992 4944 ἡμῖν
3022 4873 3065 4926 δ’
3102 4874 3513 4927 ἀποκέκλεισται
3549 4869 3660 4939 θύρα

436 4959 865 5024 sentaneamque
917 4965 974 5010 et
1021 4957 1181 5028 plane
1252 4977 1552 5016 consonam
1623 4961 1927 5032 Scripturis

2139 4965 2408 5018 ικολούθου
2452 4966 2778 5037 διηγήσεως,
2810 4968 2902 5019 καὶ
2929 4966 3207 5035 πανταχοῦ
3244 4967 3562 5038 συνᾳδοόσης
3585 4960 3660 5014 καὶ

437 5036 644 5108 Spiritu
693 5040 876 5094 divmo
927 5043 982 5094 in
1031 5045 1530 5124 puris-animabus
1593 5049 1870 5103 habitante
1927 5051 1958 5103 i1

2138 5056 2515 5127 ιυμφωνούσης
2561 5061 2680 5121 ταῖς
2722 5058 2830 5110 ἀπὸ
2875 5057 2970 5110 τοῦ
3011 5056 3156 5109 θείου
3215 5058 3519 5125 Πνεύματος
3547 5055 3581 5106 Γ
3584 5071 3659 5122 ρα-

437 5133 656 5202 Spiratis
707 5135 1096 5202 expositionem
1153 5141 1447 5207 praeclusus
1504 5143 1680 5196 omnis
1733 5143 1835 5196 erit
1895 5145 1958 5197 ad

2137 5147 2268 5214 ραῖς,
2299 5147 2589 5217 γενομένου
2630 5147 2686 5216 ἐν
2729 5147 2996 5219 καθαραῖς
3035 5149 3271 5218 ψυχαῖς
3316 5147 3561 5216 Οὐδαμῶς
3585 5137 3658 5194 οὖν

438 5225 563 5278 tus?
595 5225 791 5280 Mentis
823 5227 986 5297 igitur
1032 5239 1337 5284 nostrarum
1379 5233 1778 5302 Scripturarum
1822 5235 1959 5290 Celsr

2138 5237 2384 5301 ὃΚέλσος
2427 5233 2534 5292 οἶδε
2570 5238 2632 5292 τὸ
2677 5237 2922 5310 βούλημα
2951 5237 3058 5291 τῶν
3108 5239 3392 5310 ἡμετέρων
3435 5233 3659 5308 γραμμά-

437 5317 598 5388 plane
639 5318 856 5386 ignarus
903 5321 1021 5374 fuit.
1063 5321 1218 5376 Unde
1269 5339 1375 5376 non
1408 5324 1615 5376 illarum
1652 5325 1958 5380 intellecturi

2136 5347 2250 5393 των,
2289 5331 2479 5404 διόπερ
2517 5331 2614 5402 τὴν
2658 5331 2851 5384 ἑαυτοῦ
2895 5331 3141 5402 ἐκδοχὴν,
3175 5333 3272 5386 καὶ
3301 5331 3418 5401 οὐχὶ
3450 5329 3540 5398 τὴν
3571 5321 3657 5375 τῶν

435 5409 536 5464 sed
585 5410 765 5478 potius
815 5426 976 5480 quem
1027 5412 1132 5466 illis
1181 5413 1296 5483 ipse
1335 5413 1552 5480 tribuit,
1599 5415 1912 5472 insectatur.
1952 5423 1956 5469 1

2135 5424 2355 5492 Γραφῶν
2397 5425 2694 5479 διαϐάλλει.
2735 5425 2798 5477 Εἰ
2833 5423 2889 5478 δὲ
2919 5419 2986 5495 ἦν
3019 5427 3309 5495 ἐννοήσας,
3335 5423 3388 5477 τί
3417 5413 3656 5476 ἀκολουθεῖ

509 5548 547 5580 ⁵⁵
593 5549 694 5603 lsa.
739 5566 852 5613 Llll,
893 5551 945 5604 2.

511 5708 620 5778 (57)
665 5707 958 5780 Διάφοροι.
998 5709 1130 5765 Vide
1165 5711 1544 5766 adnotationes
1575 5711 1641 5766 ad
1670 5711 1762 5765 lib.
1792 5726 1852 5778 ιι,
1885 5727 2036 5766 ιιιιω.
2067 5711 2152 5768 (ii.
