3898 6526
123 403 242 463 1049

119 525 242 595 ψυχῇ
275 523 328 572 ὲν
362 519 557 591 αἰωνίῳ
602 516 762 589 έσομέ

121 589 348 686 τῆς
373 589 558 673 οὐσίας
585 609 752 679 αὐτῆς
795 589 890 660 καὶ
931 603 1057 674 περὶ
1103 598 1212 654 τῶν
1241 595 1424 668 ἀρχῶν
1467 589 1665 660 αὐτῆς·

120 681 203 758 οὐκ
241 681 313 756 ἂν
338 699 477 753 οὕτω
506 699 714 769 διέσυρε
745 697 837 751 τὸν
871 694 1136 750 ἀθάνατον
1175 693 1254 753 είς
1292 684 1484 757 θνητὸν
1513 681 1670 753 ἐρχό-

124 813 262 868 μενον
288 793 468 864 σῶμα,
505 794 565 845 οὐ
608 792 749 846 κατὰ
791 791 888 863 τὴν
919 789 1206 848 Πλάτωνος
1251 781 1362 854 (58)
1407 794 1672 850 μετενσω-

125 890 354 958 μάτωσιν,
383 884 517 938 ἀλλὰ
547 884 663 937 κατ’
691 883 858 953 ἄλλην
887 880 1006 935 τινὰ
1034 876 1369 949 ὑψηλοτέραν
1404 870 1664 941 θεωρίαν·

122 975 213 1032 εἶδε
234 976 276 1029 δ’
294 975 357 1030 ἂν
383 974 474 1029 καὶ
506 973 633 1044 μίαν
672 972 949 1044 ἐξαίρετον
989 968 1097 1022 ἀπὸ
1129 965 1328 1035 πολλῆς
1366 959 1671 1032 φιλανθρω-

124 1069 230 1132 πίας
261 1066 549 1121 κατάϐασιν
581 1064 712 1137 (59),
741 1064 880 1135 ὑπὲρ
905 1060 1000 1116 τοῦ
1038 1056 1358 1129 ἐπιστρέψαι
1391 1052 1460 1106 τὰ
1505 1051 1600 1122 (ὠς
1632 1052 1666 1120 ή

124 1161 222 1214 θεῖα
248 1159 484 1228 ὠνόμασε
539 1155 814 1226 μυστικῶς
854 1151 1091 1222 Γραφὴ,)
1128 1169 1146 1200 ι
1178 1145 1494 1202 ἀπολωλότα
1535 1141 1670 1213 πρό-

123 1253 238 1306 ϐατα
271 1251 408 1303 οἴκου
442 1247 675 1318 Ἰσραὴλ,
702 1267 720 1298 ι
750 1246 846 1300 καὶ
874 1244 1189 1298 καταϐάντα
1231 1240 1339 1294 ἀπὸ
1366 1237 1475 1291 τῶν
1499 1234 1666 1306 ὀρῶν,

125 1344 236 1414 πρὸς
275 1343 308 1396 ἃ
343 1344 370 1394 6
425 1339 628 1410 ποιμὴν
686 1338 742 1392 έν
793 1355 902 1391 τισι
973 1333 1306 1408 παραϐολαῖς
1363 1326 1669 1398 καταϐεϐη-

125 1437 251 1490 κέναι
274 1435 500 1505 λέγεται,
531 1429 845 1486 καταλιπὼν
871 1431 928 1483 ὲν
959 1432 1071 1492 τοῖς
1102 1427 1252 1498 ὄρεσι
1274 1424 1345 1478 τὰ
1368 1423 1442 1493 μὴ
1477 1418 1672 1489 ἐσφαλ-

128 1528 258 1598 μένα.

179 1788 591 1863 Προσδιατρίϐων
621 1787 677 1840 δὲ
707 1788 735 1839 6
759 1784 966 1848 Κέλσος
991 1779 1072 1846 οἷς
1093 1781 1153 1834 ού
1186 1778 1460 1850 νενόηκεν,
1498 1774 1669 1837 αἴτιος

122 1887 230 1955 ἡμῖν
256 1884 454 1951 γίνεται
485 1879 860 1947 ταυτολογίας,
884 1879 946 1930 ού
977 1875 1341 1946 βουλομένοις,
1365 1871 1470 1925 κᾶν
1495 1867 1572 1940 τῷ
1587 1868 1672 1920 δοε-

123 1981 217 2032 κεῖν
244 1978 592 2031 ἀϐασάνιστον
622 1975 731 2027 τῶν
774 1974 864 2026 ὑπ’
900 1970 1065 2025 αὑτοῦ
1111 1967 1451 2038 λελεγμένων
1491 1982 1546 2017 τι
1577 1979 1672 2016 κα-

120 2066 470 2120 ταλελοιπέναι.
495 2065 665 2136 Φησὶν
697 2060 789 2116 οὖν
819 2062 965 2133 ἑξῆς,
998 2063 1084 2114 ὅτι
1118 2079 1136 2112 ι
1169 2059 1326 2111 ἸΙτοι
1355 2056 1430 2119 ὡς
1457 2053 1673 2124 ἀληθῶς

126 2160 407 2231 μεταϐάλλει
433 2160 462 2211 6
505 2159 672 2222 Θεὸς,
720 2156 908 2226 ὥσπερ
959 2148 1103 2208 οὗτοί
1157 2167 1342 2221 φασιν,
1392 2151 1472 2212 είς
1513 2147 1671 2217 σῶμα

123 2252 300 2322 θνητὸν,
346 2251 436 2304 καὶ
479 2249 804 2321 προείρηται
849 2247 909 2300 τὸ
948 2245 1238 2299 ἀδύνατον
1286 2243 1319 2315 ἢ
1358 2242 1520 2304 αὐτὸς
1572 2240 1672 2311 μὲν

122 2348 168 2397 οὐ
209 2345 540 2416 μεταϐάλλει,
590 2347 735 2398 ποιεῖ
771 2344 828 2396 δὲ
870 2342 998 2404 τοὺς
1038 2338 1280 2408 ὁρῶντας
1335 2336 1533 2397 δοκεῖν,
1576 2333 1672 2386 καὶ

125 2439 267 2509 πλανᾷ
313 2441 402 2492 καὶ
431 2439 710 2509 ψεύδεται.
754 2435 960 2505 Ἀπάτη
1008 2434 1064 2487 δὲ
1113 2433 1206 2485 καὶ
1257 2429 1451 2499 ψεῦδος
1497 2425 1671 2490 ἄλλως

127 2532 202 2601 μὲν
223 2533 372 2596 κακὰ,
404 2532 580 2602 μόνως
604 2531 648 2583 δ’
673 2531 738 2584 ἂν
775 2530 850 2593 ὡς
877 2531 938 2581 ὲν
971 2526 1262 2597 φαρμάκου
1302 2522 1464 2594 μοίρᾳ
1491 2519 1672 2591 χρῷτό

121 2641 187 2687 τις
212 2626 315 2694 ἢτοι
354 2625 491 2696 πρὸς
541 2624 729 2693 φίλους
776 2621 1065 2683 νοσοῦντας
1089 2619 1182 2672 καὶ
1211 2615 1539 2687 μεμηνόταςν
1579 2612 1670 2666 ιώ·

127 2734 272 2786 μενος,
306 2717 337 2788 ἦ
372 2718 509 2788 πρὸς
565 2714 830 2787 ἐχθροὺς,
874 2711 1115 2765 κίνδυνον
1161 2709 1419 2778 ἐκφυγεῖν
1453 2720 1672 2776 προμη-

124 2807 361 2878 θούμενος.
390 2809 523 2862 Ούτε
557 2809 614 2861 δὲ
640 2807 811 2860 νοσῶν
859 2806 891 2873 ἢ
932 2802 1190 2876 μεμηνὼς
1233 2801 1405 2864 οὐδεὶς
1437 2797 1556 2868 Θεῷ
1584 2795 1673 2866 φί-

122 2897 221 2962 λος·
246 2900 358 2954 οὔτε
396 2900 639 2969 φοϐεῖταί
669 2916 796 2951 τινα
838 2899 866 2950 ὁ
895 2895 1057 2961 Θεὸς,
1106 2896 1193 2948 ἵνα
1240 2892 1522 2962 πλανήσας
1554 2889 1672 2943 κίν-

123 2990 246 3044 δυνον
269 2993 516 3065 διαφύγῃ.
543 3012 561 3044 ι
595 2993 706 3065 Καὶ
736 2991 874 3062 πρὸς
905 2989 1064 3042 τοῦτο
1104 2988 1301 3056 λέγοιτ’
1333 2985 1418 3049 ἂν,
1452 2983 1528 3054 πὴ
1573 2983 1670 3054 μὲν

125 3081 226 3152 περὶ
255 3083 344 3152 τῆς
383 3083 476 3136 τοῦ
519 3083 668 3136 θείου
709 3081 884 3149 Λόγου
930 3080 1145 3150 φύσεως
1183 3078 1334 3140 ὄντος
1381 3074 1547 3137 Θεοῦ,
1593 3071 1670 3144 πὴ

1259 370 1540 431 CONTRA
1571 362 1852 424 CELSUM
1891 363 2020 420 LIB.
2064 361 2151 416 IV.

767 531 834 590 νῃ
885 514 1030 583 ζωῇ,
1077 507 1171 562 καὶ
1201 505 1253 560 τί
1299 503 1408 575 χρὴ
1456 498 1669 590 φρονεῖν

1778 501 1959 549 mente
1997 483 2502 558 comprehendisset
2547 494 2668 550 qua:
2720 477 2900 532 futura
2953 476 3024 533 sit
3053 477 3251 532 animm
3296 479 3352 533 in

3215 352 3354 408 1050

1774 594 1974 639 mterna
2017 583 2124 635 vita
2158 577 2423 638 conditio,
2452 582 2507 627 et
2538 573 2667 641 quid
2705 571 2770 624 de
2809 569 2926 637 ejus
2965 581 3160 624 natura
3210 572 3360 641 priu-

1775 679 2043 746 cipiisqne
2071 674 2282 730 sentire
2312 677 2595 736 oporteat,
2647 682 2754 720 non
2803 666 2875 718 ita
2926 665 3212 718 ridiculum
3253 666 3354 733 ipsi

1775 771 1950 824 visum
1979 768 2173 822 fuisset
2208 759 2570 818 inmortalem
2601 758 2653 812 in
2695 756 2923 812 mortale
2955 772 3154 824 corpus
3188 759 3355 812 adve—

1773 864 1940 925 nisse,
1977 875 2083 914 non
2127 873 2157 912 e
2193 870 2421 925 corpore
2454 853 2507 906 in
2551 865 2752 919 corpus
2791 850 3251 918 transmigrandi»,
3297 858 3356 902 ut

1773 955 1928 1009 Plato
1957 951 2288 1021 explicaret,
2331 947 2428 1001 sed
2480 945 2584 997 alia
2621 958 2796 1012 eaque
2829 942 2989 1011 longe
3044 941 3352 996 sublimiori

1773 1046 2022 1101 ratione:
2055 1043 2281 1098 vidisset
2319 1049 2510 1093 contra
2540 1053 2664 1093 eum
2715 1036 3046 1106 przccipuum
3079 1049 3191 1087 sua:
3223 1048 3350 1103 erga

1771 1139 2026 1196 homines
2082 1133 2435 1204 benignitatis
2483 1131 2698 1186 dedisse
2750 1137 3169 1198 argumentum,
3227 1141 3352 1180 cum

1771 1231 2058 1287 descendit
2090 1237 2151 1282 ut
2182 1245 2202 1278 ι
2225 1240 2356 1281 oves
2385 1239 2504 1294 qua:
2532 1223 2806 1291 perierant
2837 1221 3030 1274 donms
3063 1217 3224 1272 Israel
3249 1217 3348 1277 δ’.)

1771 1316 2223 1390 quemadmodum
2261 1313 2545 1382 Scriptura
2593 1311 2779 1364 divina
2831 1325 3036 1363 arcane
3089 1308 3352 1377 loquitur,

1771 1414 1838 1466 ad
1871 1424 1930 1466 se
1966 1415 2284 1471 revocaret;
2322 1419 2456 1460 oves
2493 1403 2633 1466 illas,
2680 1402 2928 1470 inquam,
2974 1415 3095 1468 qua:
3125 1417 3154 1452 a
3201 1414 3352 1452 mun-

1774 1504 1918 1558 tibus
1950 1501 2321 1556 discesserant
2345 1504 2400 1551 et
2431 1494 2496 1549 ad
2546 1509 2686 1564 quas
2741 1501 2952 1561 pastor,
2986 1491 3058 1544 uti
3105 1490 3356 1558 quzedam

1773 1593 2044 1664 parabolae
2089 1589 2356 1654 referunt,
2387 1585 2690 1651 descendit,
2723 1585 2778 1639 in
2833 1582 3110 1638 montibus
3151 1581 3356 1636 relictis

1773 1687 1878 1742 illis
1909 1700 2028 1756 qme
2059 1698 2164 1738 non
2202 1681 2608 1736 aberraverant.

1849 1781 1936 1835 18.
1983 1779 2035 1832 ln
2076 1778 2142 1831 iis
2180 1775 2272 1829 diu
2315 1773 2516 1826 insistit
2557 1771 2750 1824 Celsus
2792 1784 2911 1838 qua!
2941 1783 3045 1820 non
3077 1765 3353 1834 intelligit,

1775 1873 1962 1940 sicque
2011 1870 2064 1924 in
2117 1881 2280 1922 causa
2329 1875 2414 1920 est
2452 1879 2553 1919 cur
2585 1863 2774 1918 eadem
2830 1862 3027 1930 saepius
3084 1869 3352 1929 repetam.

1774 1968 1911 2020 Nam
1967 1964 2102 2018 nihil
2149 1977 2336 2017 eorum
2389 1975 2510 2029 qua:
2553 1958 2690 2013 dixit
2740 1957 2970 2024 relinqui
3019 1955 3161 2017 volo,
3210 1954 3353 2022 quod

1776 2077 1881 2116 non
1925 2057 2296 2112 examinatum
2347 2055 2514 2107 fuisse
2554 2052 2818 2106 videatur.
2863 2049 2955 2103 Sic
3003 2048 3168 2117 igitur
3218 2047 3354 2100 ille:

1780 2171 1799 2206 ι
1828 2153 1934 2204 Aut
1963 2150 2102 2204 Deus
2131 2162 2320 2202 revera
2352 2155 2594 2200 mutatur
2617 2143 2670 2196 in
2703 2140 2933 2197 mortale
2961 2153 3181 2206 corpus,
3209 2137 3355 2206 quod

1775 2245 1877 2314 ipsi
1910 2251 2158 2305 censent,
2197 2241 2290 2295 sed
2331 2238 2445 2293 ﬁeri
2480 2252 2582 2290 non
2624 2249 2784 2306 posse
2816 2247 2978 2301 supra
3009 2231 3360 2285 demonstra-

1777 2343 1888 2388 tmn
1919 2343 2035 2397 est;
2077 2340 2172 2385 aut
2200 2331 2316 2398 ipse
2352 2329 2572 2397 quidem
2603 2341 2711 2380 non
2743 2333 2983 2380 mutatus
3014 2321 3148 2376 facit
3176 2329 3235 2373 ut
3261 2319 3356 2389 qui

1776 2429 1958 2484 vident
1994 2435 2260 2482 mutatum
2302 2424 2558 2484 credant;
2591 2419 2737 2488 quod
2767 2416 2812 2471 si
2846 2417 2919 2470 ita
2968 2425 3083 2479 est,
3131 2413 3355 2481 decipit,

1773 2523 2054 2577 mentitur.
2080 2518 2244 2587 Atqui
2274 2515 2484 2570 fallacia
2509 2522 2566 2568 et
2595 2511 2939 2568 mendacium
2968 2523 3186 2576 semper
3216 2506 3360 2560 mala

1774 2622 1937 2676 sunt;
1982 2611 2085 2665 nisi
2133 2609 2496 2663 adhibeantur
2537 2613 2633 2657 aut
2678 2604 2744 2657 ad
2785 2598 3110 2656 medendum
3163 2597 3358 2651 amicis

1773 2707 1932 2778 mgris
1965 2713 2019 2759 et
2058 2700 2479 2763 insanientibus,
2515 2707 2606 2750 aut
2641 2697 2708 2751 ad
2752 2695 3066 2766 fugiendum
3097 2691 3240 2760 quod
3284 2691 3356 2745 ab

1775 2794 2102 2852 adversariis
2142 2793 2503 2847 intentaretur
2533 2788 2858 2858 periculum.
2892 2787 2962 2841 At
2992 2800 3120 2838 vero
3170 2781 3357 2838 nullus

1773 2890 1884 2945 Deo
1931 2889 2147 2943 amicus
2183 2896 2268 2942 est
2303 2902 2444 2957 :rger
2489 2895 2543 2941 et
2571 2884 2854 2940 insaniens
2893 2898 2906 2935 :
2943 2892 3121 2949 neque
3165 2892 3357 2946 quem-

1774 2996 1932 3050 quam
1989 2981 2177 3045 timet,
2232 2989 2289 3033 ut
2322 2980 2387 3032 ad
2429 2978 2712 3032 vitandum
2775 2973 3076 3045 periculum
3142 2971 3356 3025 fallacia

1774 3087 1910 3141 opus
1940 3071 2156 3125 habeat.
2181 3089 2198 3122 ι
2234 3069 2313 3123 Ad
2349 3069 2463 3122 hace
2497 3067 2694 3136 duplex
2736 3073 2819 3121 est
2854 3062 3218 3133 respondendi
3265 3077 3358 3112 ra-

125 3151 428 3244 δὲίπερὶίτῆς
465 3173 645 3245 Ἰησοῦ
702 3172 902 3242 ψυχῆς.
946 3171 1214 3242 Περιμὲν
1264 3166 1358 3222 οὖν
1415 3168 1516 3237 τῆς
1575 3166 1669 3220 τοῦ

1778 3164 1876 3230 ιὶο,
1907 3178 2140 3232 quarum
2189 3161 2421 3214 alteram
2454 3171 2646 3214 natura
2681 3156 2850 3210 divini
2885 3153 3046 3209 Verbi
3089 3155 3180 3221 qui
3217 3151 3355 3206 Dens

125 3264 260 3331 Λόγου
310 3265 547 3335 φύσεως,
599 3267 710 3330 ὅτι,
757 3265 1002 3336 ὥσπερὴ
1033 3264 1142 3317 τῶν
1177 3263 1394 3333 τροφῶν
1442 3261 1665 3331 ποιότης

127 3358 233 3426 πρὸς
267 3361 354 3432 τὴν
387 3360 478 3413 τοῦ
512 3360 710 3432 νηπίου
746 3360 906 3428 φύσιν
949 3361 1030 3422 εἰς
1070 3358 1210 3426 γάλα
1255 3355 1577 3428 μεταϐάλλει
1609 3356 1666 3407 ὲν

123 3453 174 3519 τῇ
211 3453 501 3527 τρεφούσῃ,
555 3453 590 3522 ἢ
649 3453 753 3506 ὑπὸ
804 3452 898 3506 τοῦ
961 3451 1146 3524 ἰατροῦ
1201 3447 1666 3512 κατασκευάζεται

125 3541 232 3609 πρὸς
261 3544 316 3596 τὸ
355 3546 450 3615 τῆς
501 3544 694 3614 ὑγείας
745 3543 1003 3614 χρειῶδες
1057 3540 1135 3612 τῷ
1182 3542 1477 3612 κάμνοντι,
1518 3539 1551 3609 ἦ
1591 3537 1668 3606 τῷ

128 3635 416 3708 ἰσχυροτέρῳ
452 3638 529 3701 ὡς
567 3636 924 3708 δυνατωτέρῳ
963 3637 1162 3689 οὑτωσὶ
1203 3635 1311 3706 (60)
1353 3633 1669 3706 εὐτρεπίζε-

125 3743 225 3780 ται’
260 3730 391 3783 οὕτω
427 3732 524 3802 τὴν
563 3730 662 3784 τοῦ
703 3731 1004 3799 πεφυκότος
1056 3731 1282 3802 τρέφειν
1321 3730 1667 3801 ἀνθρωπίνην

124 3820 267 3893 ψυχὴν
307 3825 459 3892 λόγου
500 3825 732 3895 δύναμιν
769 3827 798 3876 6
835 3824 966 3886 Θεὸς
1020 3826 1132 3887 τοῖς
1184 3822 1492 3894 ἀνθρώποις
1541 3823 1670 3874 ἑκά-

127 3929 213 3983 στῳ
255 3915 363 3968 κατ’
413 3917 568 3982 ἀξίαν
632 3914 972 3986 μεταϐάλλει.
1026 3913 1131 3967 Καί
1209 3931 1314 3967 τινι
1390 3913 1488 3983 μὲν
1554 3912 1668 3983 (ὡς

125 4001 362 4073 ὠνόμασεν
400 4008 432 4076 ἡ
474 4007 738 4078 Γραφὴ,)
797 4025 815 4057 ‹
864 4003 1080 4074 λογικὸν
1118 4004 1302 4058 ἄδολον
1349 4003 1488 4072 γάλα
1518 4022 1536 4054 ι
1581 4002 1666 4073 γί-

126 4111 270 4160 νεται,
315 4099 414 4150 τινὶ
471 4098 530 4150 δὲ’
573 4098 652 4161 ὡς
702 4097 1075 4168 ἀσθενεστέρῳ
1136 4096 1298 4148 οἱονεὶ
1372 4115 1389 4146 ι
1415 4095 1665 4165 λάχανον,

127 4189 210 4239 τινί
233 4188 280 4241 δὲ
312 4191 524 4252 τελείοις
562 4189 674 4260 (61)
713 4209 730 4241 ι
769 4188 964 4261 στερεὰ
999 4188 1174 4260 τροφὴ
1220 4207 1236 4238 ι
1285 4188 1664 4259 παραδίδοται.

129 4278 214 4331 Καὶ
235 4281 288 4332 οὐ
317 4281 478 4352 δήπου
509 4282 767 4351 ψεύδεται
812 4281 910 4351 τὴν
956 4279 1150 4332 ἑαυτοῦ
1197 4279 1358 4347 φύσιν
1398 4281 1427 4332 6
1473 4279 1667 4347 Λόγος,

127 4371 303 4444 ἑκάστῳ
335 4377 595 4448 τρόφιμος
637 4375 940 4445 γινόμενος,
972 4373 1046 4436 ὡς
1072 4375 1240 4444 χωρεί
1280 4373 1442 4424 αὑτὸν
1487 4389 1668 4442 παρα-

127 4461 356 4526 δέξασθαιο
385 4469 477 4521 καὶ
501 4467 563 4520 ού
602 4466 798 4536 πλανᾷ,
824 4465 943 4518 οὐδὲ
969 4465 1241 4534 ψεύδεται.
1279 4466 1342 4516 EE
1372 4465 1416 4517 δ’
1438 4465 1531 4517 ἐπὶ
1562 4464 1663 4533 τῆς

1766 3264 1871 3316 est,
1901 3252 2130 3306 alteram
2165 3250 2346 3305 anima
2382 3249 2510 3303 Jesu
2539 3255 2809 3315 suppetet.
2841 3244 2915 3298 De
2957 3252 3149 3296 natura
3190 3240 3352 3295 Verbi

1767 3345 1874 3410 aio,
1906 3343 2364 3413 quemadmodum
2427 3342 2478 3393 in
2539 3339 2747 3393 nutrice
2785 3335 3072 3399 alimenta,
3121 3347 3180 3388 ut
3227 3349 3354 3402 par—

1766 3438 1875 3491 vuli
1919 3444 2128 3490 naturae
2195 3431 2576 3488 convenientia
2620 3431 2750 3491 sint,
2796 3427 2849 3482 in
2898 3429 2982 3480 lac
3029 3434 3352 3488 vertuntur;

1767 3539 1861 3585 attt
1885 3547 1912 3584 a
1947 3528 2160 3584 medico
2191 3527 2297 3580 alia
2323 3526 2389 3580 ad
2441 3523 2836 3578 restituendam
2888 3518 3110 3590 aegrotis
3150 3519 3358 3572 sanita-

1771 3635 1904 3689 tem,
1949 3622 2055 3675 alia
2103 3619 2412 3674 sanioribus
2455 3626 2510 3672 et
2554 3615 2947 3670 valentioribus
2993 3613 3227 3675 dantur;
3274 3611 3356 3663 sic

1777 3715 1934 3771 Verbi
1965 3715 2031 3768 ad
2066 3711 2411 3766 nutriendam
2461 3709 2743 3763 hominum
2794 3707 3030 3760 animam
3085 3703 3194 3772 apti
3242 3702 3354 3754 vir-

1772 3815 1941 3860 tutem
1988 3820 2017 3857 a
2063 3805 2172 3858 Deo
2243 3800 2443 3855 mutari
2507 3807 2561 3854 et
2635 3814 2734 3869 pro
2793 3796 3133 3867 singulorum
3192 3804 3354 3862 caput

1773 3897 2090 3966 temperari.
2167 3895 2356 3962 Itaque
2433 3891 2758 3962 quibusdam
2846 3883 3068 3956 quidem
3141 3887 3239 3950 fit,
3299 3893 3358 3938 ut

1772 3989 2052 4056 Scriptura
2107 3985 2378 4056 appellat,
2438 4002 2458 4035 ι
2491 3983 2574 4036 lae
2643 3979 3013 4043 rationabile,
3068 3979 3188 4036 sine
3259 3977 3358 4030 do-

1769 4081 1822 4134 lo
1839 4080 1917 4145 “;
1945 4099 1961 4130 ι
1987 4079 2106 4132 aliis
2127 4086 2312 4147 utpote
2331 4075 2724 4130 infirmioribus
2743 4083 2999 4142 tanquam
3039 4089 3058 4122 ι
3091 4070 3211 4124 olus
3237 4087 3256 4121 ι
3281 4068 3348 4127 ⁸⁷,

1772 4169 1932 4240 513
1966 4169 2222 4238 perfectis
2255 4175 2432 4219 autem
2458 4182 2475 4216 ι
2504 4163 2708 4217 solidus
2754 4163 2910 4216 cibus
2954 4180 2973 4212 ι
3024 4159 3347 4229 porrigitur.

1773 4264 1884 4318 Nec
1914 4273 2092 4316 tamen
2118 4260 2354 4315 Verbum
2399 4273 2554 4312 suam
2595 4255 2852 4311 mentitur
2906 4263 3184 4313 naturam,
3231 4265 3356 4303 cum

1770 4369 2208 4424 unumquemque
2241 4353 2432 4415 nutrit,
2493 4363 2653 4418 prout
2704 4358 2790 4402 est
2833 4347 3004 4414 ipsius
3064 4341 3358 4410 recipiendi

1773 4465 1973 4520 capax.
2002 4448 2100 4503 Hic
2132 4446 2276 4501 nulla
2335 4444 2569 4508 fallacia,
2623 4440 2964 4494 mendacium
3024 4435 3254 4490 nullum.
3299 4434 3357 4487 Si

137 4554 282 4624 Ἰησοῦ
310 4557 478 4629 ψυχῆς
523 4557 792 4629 λαμϐάνει
839 4575 923 4621 τις
967 4557 1068 4630 τὴν
1115 4555 1453 4627 μεταϐολὴν,
1498 4555 1669 4624 αὐτῆς

1775 4544 1896 4611 quis
1927 4549 2106 4594 autem
2129 4539 2366 4590 animam
2405 4533 2528 4589 Jesu
2568 4542 2828 4585 mutatam
2896 4529 3064 4590 dicat,
3114 4541 3181 4579 eo
3216 4525 3363 4594 quod

129 4645 191 4708 είς
214 4649 354 4719 σῶμα
385 4649 663 4722 ἐλθούσης,
716 4649 1030 4721 πευσόμεθα
1088 4650 1205 4713 πῶς
1255 4648 1403 4716 λέγει
1445 4647 1676 4718 μεταϐο-

129 4735 235 4807 λήνς
262 4743 315 4795 Εἰ
344 4745 436 4814 μὲν
467 4744 576 4815 γὰρ
604 4744 705 4813 τῆς
727 4743 937 4806 οὐσίας,
974 4743 1035 4796 ού
1072 4742 1274 4795 δίδοται
1296 4741 1356 4793 ού
1401 4741 1561 4810 μόνον
1589 4742 1674 4792 ἐπ’

129 4828 324 4903 ἐκείνης,
357 4835 465 4888 ἀλλ’
499 4837 622 4889 οὐδὲ
656 4837 785 4906 περὶ
830 4835 988 4890 ἄλλου
1039 4834 1269 4904 λογικῆς
1305 4834 1502 4904 ψυχῆς·
1549 4835 1597 4886 εί
1631 4834 1675 4885 δ’

128 4917 194 4972 ὅτι
217 4925 394 4995 πάσχει
426 4945 476 4981 τι
503 4929 608 4981 ὑπὸ
634 4926 728 4980 τοῦ
770 4926 1021 4998 σώματος
1050 4926 1471 4998 ἀνακεκραμένη
1505 4924 1674 4995 αύτῷ,

128 5011 204 5062 καὶ
230 5015 324 5067 ἀπὸ
353 5017 444 5070 τοῦ
477 5019 642 5071 τόπου
691 5017 772 5079 είς
813 5016 871 5068 ὃν
918 5013 1164 5084 ἐλήλυθε·
1222 5015 1315 5067 καὶ
1366 5015 1418 5066 τί
1468 5013 1665 5066 ἄτοπον

129 5104 307 5179 ἀπαντᾷ
335 5109 410 5182 τῷ
442 5111 618 5181 Λόγῳ,
657 5109 765 5163 άπὸ
799 5107 1000 5178 πολλῆς
1045 5106 1454 5178 φιλανθρωπίας
1497 5123 1666 5158 κατα-

129 5192 362 5260 ϐιϐάζὸντι
407 5201 629 5271 Σωτῆρα
680 5199 758 5270 τῷ
806 5197 952 5267 γένει
997 5197 1104 5250 τῶν
1159 5196 1493 5268 ἀνθρώπων;
1544 5197 1666 5249 ἐπεὶ

132 5285 286 5354 μηδεὶς
309 5290 409 5344 τῶν
441 5291 702 5363 πρότερον
735 5290 1056 5362 θεραπεύειν
1072 5288 1551 5359 ἐπαγγειλαμένων
1579 5305 1665 5341 το-

199 5427 434 5488 "Matth.
485 5449 576 5498 xv,
617 5435 715 5501 24;
766 5435 899 5490 an.
941 5449 1028 5498 xv,
1064 5432 1122 5487 4.
1170 5430 1214 5462 ’⁸⁸
1242 5431 1256 5484 l
1289 5431 1434 5487 Petr.
1472 5449 1531 5494 ιι,
1557 5432 1610 5484 ‘2.
1674 5433 1692 5462 δ

187 5538 667 5628 (βὸὶηηλάιςιυνος.
727 5547 1298 5628 Videmadnotationes
1344 5549 1412 5603 ad
1472 5548 1568 5605 lib.
1614 5566 1662 5615 ι,

133 5623 259 5684 nunt.
281 5614 372 5674 '52,
399 5631 448 5669 et
485 5620 572 5672 lib.
599 5614 653 5684 ν,
687 5636 837 5672 nutu.
863 5621 954 5672 ‘20.

189 5679 284 5760 (5?)
334 5679 686 5760 Κατάϐασιίο.
745 5690 835 5743 Sic
884 5689 1014 5760 libb.
1060 5687 1348 5758 impressi,
1399 5697 1454 5743 at
1504 5691 1663 5744 codd.

135 5745 325 5826 Regius,
372 5758 715 5833 Basileensis.
761 5761 868 5815 duo
927 5745 1172 5814 Vaticati.
1225 5771 1277 5814 ct
1329 5745 1666 5833 Anglicanus

137 5833 328 5883 prunus,
359 5829 801 5882 καταϐαίνουσαν.

191 5892 284 5963 (ὕυ)
311 5899 528 5953 οὑτωσὶ
567 5903 645 5957 vel
675 5901 880 5968 οὕτως.
919 5899 1126 5956 Mallem
1155 5900 1387 5962 abesset,
1416 5912 1469 5956 ut
1503 5903 1662 5955 etiam

1777 4635 1867 4689 illa
1893 4634 1946 4687 in
1977 4646 2178 4701 corpus
2203 4628 2434 4693 venerit,
2471 4639 2710 4696 qumram
2738 4636 2903 4692 quam
2938 4617 3207 4687 intelligat
3236 4630 3360 4670 mu-

1777 4727 2058 4781 tationem.
2094 4723 2154 4778 Si
2183 4720 2506 4776 substantize
2527 4715 2748 4780 dixerit,
2797 4712 3004 4783 negabo
3037 4726 3142 4762 non
3181 4709 3358 4762 solum

1777 4820 1944 4884 illam,
1980 4818 2073 4873 sed
2100 4816 2265 4871 etiam
2315 4811 2613 4883 quamlibet
2655 4809 2816 4862 aliam
2874 4802 3194 4859 rationalem
3237 4801 3361 4853 ani-

1781 4929 1925 4967 mam
1962 4910 2193 4974 mutari;
2239 4908 2323 4962 sin
2380 4912 2642 4959 mutatam
2694 4907 2917 4971 pugnet,
2967 4896 3094 4965 quia
3152 4891 3367 4962 corpori

1776 5008 2011 5060 immista
2037 5003 2239 5072 aliquid
2263 5001 2329 5055 ab
2363 4998 2453 5052 illo
2482 5007 2536 5051 et
2560 5012 2588 5048 a
2620 4997 2736 5049 loco
2771 4994 2998 5060 inqucm
3023 4987 3191 5050 venit,
3217 4985 3371 5056 pati-

1777 5110 1897 5164 tur;
1928 5097 2056 5165 quid
2092 5095 2218 5149 inde
2251 5088 2672 5144 absurdiinferri
2698 5094 2875 5155 potest
2897 5090 3083 5138 contra
3113 5078 3368 5142 Verbum,

1777 5193 1922 5263 quod
1953 5207 2054 5261 pro
2081 5205 2182 5244 suo
2209 5189 2261 5241 in
2297 5185 2543 5241 homines
2573 5197 2756 5236 amore
2789 5180 2855 5233 ad
2888 5179 3180 5232 humanum
3200 5185 3370 5240 genus

1776 5285 2122 5340 Salvatorem
2177 5277 2442 5334 demisit?
2472 5272 2908 5345 quandoquidem
2950 5281 3109 5322 nemo
3156 5277 3368 5321 eorum,

1773 5431 1933 5486 Rom.
1975 5440 2089 5489 xw,
2118 5423 2174 5476 2.

1777 5549 1970 5602 abesse
2001 5549 2205 5610 potest,
2239 5545 2462 5610 propter
2484 5535 2545 5610 τὸ
2571 5527 2905 5610 οὕτωνιιοιὶο
2927 5539 3179 5610 sequens.
3206 5521 3374 5610 Paule

1913 5594 2028 5667 ὶόὀ
2049 5594 2362 5686 πεφυκότος
2408 5605 2648 5683 τρέφειν.
2699 5594 3183 5688 νενὺιιιιιτρέφειν
3221 5595 3379 5688 in'li-

1778 5663 1892 5740 ἶνις
1943 5663 2101 5738 antea
2143 5663 2371 5736 'excusi's
2415 5663 2680 5729 amissum
2741 5663 3214 5725 restituifcbdcx
3276 5663 3371 5719 lo-

1775 5759 1976 5898 ll"(‘iiuls).
1999 5822 2119 5878 Τινὶ
2159 5818 2227 5876 δὲ
2254 5818 2512 5884 τελείως.
2545 5816 2692 5887 Lego
2716 5827 2838 5870 cum
2866 5809 3155 5866 Boliercllo
3187 5807 3296 5861 τινί
3315 5806 3371 5860 δὲ

1773 5898 1985 5966 τελείῳ.
