3852 6418
515 370 645 427 505i

2025 361 2348 419 ORIGENIS

3628 358 3737 415 1052

513 485 605 552 qui
631 492 787 539 antea
812 482 1071 536 medicam
1095 495 1251 549 opem
1280 477 1503 548 polliciti
1548 486 1698 542 sunt,
1727 484 1874 531 tanta
1910 476 2091 530 facere

2198 476 2387 530 σοῦτον
2440 474 2684 538 ἐδύνατο,
2738 475 2862 527 ὅσον
2912 472 3049 545 αὐτὴ
3101 464 3412 537 ἐπεδείξατο
3453 472 3501 526 δί
3544 464 3612 527 ὧν
3658 494 3738 529 πε.

512 574 916 643 potuit,quanta
946 570 1227 625 facereilla
1249 569 1426 623 anima
1451 569 1563 623 visa
1577 578 1681 631 est,
1699 578 1888 639 sponte
1910 569 1974 622 ad
2000 568 2097 621 ho-

516 663 722 717 mimun
742 661 1103 715 conditionem
1129 660 1299 713 nostri
1325 660 1540 727 generis
1555 675 1717 714 causa
1739 661 2093 715 descendens.

515 752 647 822 Quae
672 754 907 807 scientes
936 751 1102 804 divini
1135 751 1433 821 scriptores
1464 751 1631 805 multa
1675 751 1874 821 passim
1928 751 1994 806 de
2029 752 2094 806 iis

513 848 770 901 dixerunt
805 864 818 898 :
847 844 939 897 sed
969 844 1021 897 in
1054 844 1343 912 praesentia
1368 843 1506 897 satis
1537 842 1643 897 erit
1671 858 1837 896 unum
1860 841 2095 912 allegare

512 938 663 992 Pauli
699 936 1090 997 testimonium,
1128 936 1272 1004 quod
1301 937 1380 989 sic
1425 934 1585 988 habet
1624 953 1637 989 :
1686 952 1704 985 ‹
1749 933 1859 988 Hoc
1896 934 2095 987 sentite

512 1032 567 1084 in
603 1046 654 1084 vr
676 1030 756 1083 bis
788 1028 930 1099 quod
958 1036 1011 1081 et
1040 1028 1093 1081 in
1128 1027 1348 1083 Christo
1374 1026 1523 1091 Jesn,
1559 1026 1649 1096 qui
1681 1040 1805 1080 cum
1836 1026 1887 1079 in
1920 1023 2093 1077 forma

515 1120 606 1173 Dei
630 1129 795 1183 esset,
827 1132 933 1172 non
965 1120 1201 1187 rapinam
1232 1117 1527 1171 arbitratus
1552 1125 1637 1170 est
1661 1131 1783 1171 esse
1814 1130 1873 1170 se
1903 1128 2093 1184 aequa-

510 1210 617 1265 lem
648 1211 778 1273 Deo,
808 1211 901 1265 sed
945 1209 1159 1277 semeti;
1176 1223 1293 1262 sum
1345 1207 1645 1261 exinanivit
1690 1206 1919 1261 formam
1949 1206 2093 1261 servi

474 1296 477 1301 λ
513 1304 814 1372 accipiens,
852 1304 903 1356 in
930 1301 1283 1357 similitudine
1339 1298 1573 1353 hominis
1614 1297 1791 1352 factus
1819 1306 1876 1352 et
1906 1298 2093 1351 habitu

518 1396 779 1450 inventus
834 1404 891 1448 ut
928 1395 1111 1458 homo,
1162 1390 1471 1447 humiliavit
1515 1389 1867 1459 semetipsum
1920 1388 2095 1443 factus

514 1488 781 1542 obediens
820 1501 995 1555 usque
1049 1484 1117 1539 ad
1158 1491 1408 1548 mortem,
1456 1492 1683 1537 mortem
1739 1489 1916 1535 autem
1972 1496 2093 1535 cru-

514 1580 620 1635 cis.
692 1578 924 1647 Propter
1004 1577 1145 1645 quod
1215 1586 1268 1632 et
1332 1577 1475 1632 Deus
1557 1575 1820 1631 exaltavit
1900 1574 2091 1639 illum,

511 1679 568 1725 et
624 1670 773 1724 dedit
837 1668 913 1722 illi
979 1682 1174 1722 nomen
1233 1668 1374 1738 quod
1434 1676 1518 1723 est
1570 1681 1735 1737 super
1784 1680 1945 1721 omne
1998 1679 2093 1720 no-

510 1779 634 1819 men
675 1763 744 1816 “.
793 1781 811 1815 ι

584 1854 673 1911 19.
708 1854 847 1908 Dent
875 1853 1037 1924 igitur
1061 1851 1221 1907 Celso
1247 1850 1361 1919 alii,
1391 1852 1556 1906 Deum
1589 1850 1806 1919 quidem
1837 1864 1943 1903 non
1973 1863 2091 1902 mu-
2118 1835 2163 1890 Β

515 1953 681 1999 tatum
708 1945 901 2013 fuisse,
936 1942 1029 1997 sed
1053 1942 1303 1997 effecisse
1336 1952 1395 1996 ut
1419 1943 1509 2012 qui
1538 1941 1797 1996 videbant
1827 1948 2091 1994 mutatum

511 2036 924 2103 existimarent;
989 2037 1055 2092 ad
1098 2052 1197 2091 nos
1245 2035 1441 2104 quibus
1484 2032 1957 2102 persuasissimum
2009 2040 2093 2086 est

512 2144 621 2182 non
658 2129 843 2197 specie
869 2139 1024 2184 tenus
1052 2129 1261 2194 Jesum,
1295 2129 1390 2181 sed
1436 2140 1561 2180 vere
1619 2126 1686 2183 ad
1739 2125 1989 2179 homines
2039 2132 2095 2177 et

514 2220 800 2273 manifeste
825 2222 1131 2283 advenisse,
1164 2219 1303 2274 Celsi
1336 2217 1648 2274 criminatio
1703 2228 1808 2269 non
1836 2214 2089 2285 pertinet.

513 2311 777 2367 Refellam
804 2322 982 2368 tamen
1035 2313 1114 2366 sic
1147 2331 1161 2367 :
1208 2311 1397 2366 Nonne
1432 2312 1547 2381 ipse
1593 2308 1805 2371 fateris,
1841 2323 1875 2361 ο
1909 2308 2089 2371 Celse,

514 2405 678 2459 licere
715 2419 813 2472 pro
842 2404 1081 2458 remedio
1110 2404 1184 2457 uti
1216 2402 1426 2457 fallacia
1485 2411 1539 2455 et
1576 2399 1898 2454 mendacio?
1954 2398 2092 2464 Quid

512 2510 643 2565 ergo
674 2496 991 2559 absurdum,
1023 2497 1199 2549 simile
1225 2495 1503 2564 quidpiam
1556 2492 1859 2546 adhibitum
1902 2489 2089 2554 fuisse,

513 2587 780 2656 siquidem
817 2591 883 2641 ad
912 2588 1137 2642 salutem
1168 2587 1494 2640 collaturum
1523 2584 1702 2639 esset?
1749 2583 1832 2637 Fit
1863 2583 2004 2637 enim
2034 2589 2093 2635 ut

512 2681 857 2734 sermonibus
884 2680 1207 2750 quibusdam
1250 2679 1318 2732 ad
1358 2678 1697 2733 mendacium
1749 2675 2087 2745 compositis,

512 2772 766 2841 qualibus
811 2788 938 2841 erga
977 2780 1217 2841 aegrotos
1266 2770 1538 2824 interdum
1600 2776 1830 2822 utuntur
1872 2766 2089 2828 medici,

514 2876 695 2916 mores
727 2861 942 2917 facilius
967 2862 1234 2930 corrigas,
1259 2877 1419 2931 quam
1456 2860 1499 2914 si
1530 2861 1812 2913 veritatem
1856 2872 2091 2927 usurpa-

514 2969 621 3010 res.
658 2952 780 3008 [late
815 2969 844 3007 a
871 2952 1026 3008 nobis
1057 2954 1274 3022 quidem
1324 2952 1390 3007 ad
1440 2952 1671 3006 aliorum
1717 2949 2090 3005 defensionem

514 3048 658 3101 dicta
716 3058 891 3100 sunto.
954 3046 1141 3115 Neque
1196 3046 1343 3100 enim
1400 3044 1697 3099 absurdum
1750 3050 1835 3098 est.
1883 3042 2091 3097 amicos

2197 568 2414 639 ποίηκε,
2476 568 2568 620 καὶ
2620 567 2882 630 ἑκουσίως
2937 567 3018 630 είς
3062 565 3161 630 τὰς
3215 566 3552 637 ἀνθρωπίνας
3592 568 3736 639 κῆρας

2197 660 2339 729 ὑπὲρ
2367 658 2458 710 τοῦ
2487 658 2676 726 γένους
2710 658 2865 729 ήμῶν
2898 657 3200 714 καταϐᾶσα.
3254 656 3438 711 Ταῦτα
3468 658 3509 711 δ’
3548 660 3734 714 ἐπιστά-

2199 766 2357 820 μενος
2381 749 2410 800 ὁ
2436 750 2585 812 θεῖος
2608 749 2800 817 Λόγος,
2833 750 2999 803 πολλὰ
3033 749 3300 820 πολλαχοῦ
3334 750 3479 818 λέγει
3507 751 3605 803 τῶν
3618 753 3733 823 Γραο

2196 841 2330 910 φῶψ
2376 842 2536 912 ἀρκεῖ
2572 842 2617 894 δ’
2650 843 2742 895 ἐπὶ
2777 841 2871 895 τοῦ
2929 844 3195 914 παρόντος
3253 843 3381 914 μίαν
3439 843 3733 915 παραθέσθαι

2194 937 2409 989 Παύλου
2433 937 2589 1001 λέξιν.
2610 936 2781 1001 οὕτως
2815 937 3059 1008 ἔχουσαψ
3104 957 3122 988 ‹
3169 936 3341 991 Τοῦτο
3384 939 3658 1009 φρονείσθω
3689 942 3734 993 ἐν

2195 1027 2325 1097 ὑμῖν
2362 1026 2497 1097 (62),
2542 1026 2571 1079 ὂ
2620 1028 2714 1080 καὶ
2758 1030 2816 1080 ὲν
2867 1027 3085 1099 Χριστῷ
3130 1028 3328 1099 Ἰησοῦ,
3382 1029 3440 1092 ὃς
3481 1031 3534 1082 ὲν
3584 1034 3731 1099 μορφῇ

2194 1116 2329 1169 Θεοῦ
2363 1118 2649 1188 ὑπάρχων,
2675 1117 2773 1187 οὐχ
2813 1116 3106 1187 ἁρπαγμὸν
3141 1119 3386 1189 ἡγήσατο
3417 1118 3476 1171 τὸ
3508 1114 3631 1171 εἶναι
3658 1116 3733 1173 ἶσα

2194 1208 2337 1278 Θεῷ,
2369 1208 2485 1261 ἀλλ’
2514 1208 2706 1262 ἑαυτὸν
2738 1208 2968 1266 ὲκένωσε
3009 1209 3223 1280 μορφὴν
3266 1209 3452 1263 δούλου
3492 1210 3667 1277 λαὸὼν,
3688 1217 3733 1268 ὲν

2192 1299 2495 1371 ὁμοιώματι
2544 1300 2829 1371 ἀνθρώπου
2870 1300 3159 1371 γενόμενος
3205 1300 3350 1370 (65),
3400 1303 3493 1355 καί⁵
3535 1306 3732 1375 σχήματι

2192 1392 2435 1463 εὑρεθεὶς
2470 1392 2546 1454 ὡς
2581 1390 2869 1462 ἅνθρωπος
2906 1391 3271 1467 ἐταπείνωσεν
3315 1393 3503 1448 ἑαυτὸν
3542 1396 3733 1465 γενόμε-

2194 1500 2284 1545 νος
2334 1484 2577 1553 ὑπήκοος
2625 1482 2789 1552 μέχρι
2837 1480 3085 1545 θανάτου,
3142 1481 3375 1536 θανάτου
3414 1483 3469 1535 δὲ
3515 1484 3731 1555 σταυροῦ.

2192 1572 2282 1624 Διὸ
2328 1573 2422 1625 καὶ
2470 1574 2498 1624 ό
2551 1571 2682 1635 Θεὸς
2732 1570 2894 1623 αὐτὸν
2947 1570 3293 1641 ὑπερύψωσε,
3346 1574 3440 1625 καὶ
3484 1573 3733 1645 ἐχαρίσατο

2191 1663 2340 1735 αὐτῴ
2373 1664 2543 1734 ὄνομα
2568 1662 2629 1715 τὸ
2655 1661 2794 1733 ὑπὲρ
2829 1662 2935 1715 πᾶν
2967 1660 3153 1732 ὄνομα.
3199 1680 3217 1713 ι

2268 1844 2452 1898 ’Ἄλλοι
2481 1843 2579 1915 μὲν
2611 1839 2704 1897 οῦν
2742 1844 3033 1898 διδότωσαν
3066 1842 3143 1913 τῷ
3172 1843 3384 1913 Κέλσῳ,
3419 1844 3566 1896 ὅτιού
3603 1860 3733 1914 μετα-

2195 1937 2377 1992 ϐάλλει
2412 1938 2530 2009 μὲν,
2568 1940 2687 1990 ποεῖ
2718 1938 2773 1991 δὲ
2802 1939 2927 2001 τοὺς
2953 1938 3196 2008 ὁρῶντας
3227 1936 3405 1989 δοκεῖν
3440 1936 3731 2006 μεταὸεὗλη-

2194 2032 2367 2085 κέναι’
2400 2033 2559 2101 ἡμεῖς
2583 2031 2639 2082 δὲ
2672 2030 2979 2099 πειθόμενοι
3025 2030 3084 2081 οὐ
3107 2028 3350 2098 δόκησιν,
3383 2028 3493 2081 ἀλλ’
3516 2029 3733 2099 ἀλήθειαν

2194 2123 2333 2180 εἶναι
2368 2127 2460 2179 καὶ
2494 2126 2781 2195 ἐνάργειαν
2827 2124 2969 2177 κατὰ
3002 2124 3100 2194 τὴν
3145 2124 3320 2195 Ἰησοῦ
3366 2126 3426 2178 ὲν
3471 2124 3734 2196 ἀνθρώποις

2196 2220 2505 2290 ἐπιδημίαν,
2540 2220 2637 2288 οὐχ
2670 2217 3008 2287 ὑωκείμεθα
3059 2220 3123 2289 τῇ
3170 2218 3387 2271 Κέλσου
3449 2213 3733 2290 κατηγορίᾳ.

2197 2312 2386 2381 Ὅμως
2412 2295 2456 2363 δ’
2494 2308 2967 2379 ἀπολογησόμεθα,
3002 2309 3083 2362 ὅτι
3112 2310 3187 2362 Οὐ
3222 2310 3349 2380 φῂς,
3386 2304 3430 2363 ὧ
3465 2309 3641 2371 Κέλσε,
3675 2308 3736 2371 ὡς

2202 2408 2258 2459 ὲν
2298 2404 2593 2475 φαρμάκου
2633 2404 2797 2475 μοίρᾳ
2820 2404 2949 2456 ποτὲ
2980 2402 3180 2456 δίδοται
3208 2402 3439 2473 χρῆσθαι
3465 2402 3538 2472 τῷ
3564 2401 3734 2470 ﬂavit!

2195 2498 2287 2549 καὶ
2321 2495 2398 2566 τῷ
2439 2495 2763 2565 ψεύδεσθαι;
2813 2496 2878 2547 Τί
2924 2491 3017 2548 οῦν
3065 2494 3287 2559 ἄτοπον,
3333 2495 3381 2546 εί
3435 2494 3655 2547 τοιοῦτόν
3692 2508 3733 2544 τι

2194 2587 2385 2657 ἔμελλε
2420 2586 2634 2651 σώζειν,
2664 2585 2901 2638 τοιοῦτόν
2926 2603 2975 2638 τι
3002 2584 3319 2653 γεγονέναι;
3356 2584 3468 2638 Καὶ
3500 2583 3600 2654 γὰρ
3619 2599 3735 2642 τινες

2192 2680 2299 2732 τῶν
2332 2678 2505 2747 λόγων
2536 2678 2606 2731 τὰ
2636 2678 2808 2731 τοιαδὶ
2842 2677 2944 2748 ἤθη
2974 2677 3112 2730 κατὰ
3144 2677 3204 2729 τὸ
3230 2677 3426 2746 ψεῦδος
3463 2675 3641 2746 μᾶλλον
3669 2674 3735 2724 λε-

2193 2773 2413 2842 γόμενοι
2452 2771 2867 2843 ἐπιστρέφουσιν
2887 2812 2899 2835 ,
2938 2770 3126 2841 ῶσπερ
3156 2770 3249 2823 καὶ
3280 2769 3389 2822 τῶν
3432 2768 3617 2839 ίατρῶν
3646 2766 3734 2835 (Gl)

2195 2880 2324 2916 ποτε
2356 2863 2502 2931 λόγοι
2534 2862 2723 2915 τοιοίδε
2760 2862 2894 2933 πρὸς
2937 2864 3063 2925 τοὺς
3087 2864 3396 2933 κάμνοντας
3444 2863 3579 2932 ἢπερ
3622 2858 3736 2912 κατὰ

2192 2952 2255 3005 τὸ
2297 2953 2514 3023 ἀληθές.
2564 2952 2723 3006 Ἀλλὰ
2759 2951 2933 3005 ταῦτα
2975 2952 3073 3022 μὲν
3114 2954 3243 3022 περὶ
3288 2953 3490 3024 ἐτέρων
3528 2949 3738 3004 ἀπολελο-

2194 3047 2380 3118 γήσθω
2407 3050 2556 3118 ἡμῖν.
2594 3050 2702 3102 Καὶ
2723 3050 2831 3119 γὰρ
2863 3050 2962 3102 οὐκ
2996 3048 3195 3102 ἄτοπόν
3242 3049 3360 3101 ἐστι
3406 3048 3495 3099 τὸν
3541 3046 3735 3115 ἰώμενον

508 3147 840 3208 aegrotantes
871 3147 1175 3199 sanantem,
1208 3135 1291 3190 his
1314 3135 1551 3189 amicum
1582 3148 1750 3203 genus
1790 3134 2087 3186 humanum

2198 3139 2386 3209 φίλους
2411 3141 2708 3205 νοσοῦντας
2745 3142 2998 3195 ἰάσασθαι
3030 3144 3090 3195 τὸ
3126 3142 3280 3211 φίλον
3329 3141 3437 3194 τῶν
3479 3138 3737 3210 ἀνθρώπων

514 3229 694 3285 levare
716 3228 991 3292 remediis,
1020 3242 1139 3296 qua:
1173 3241 1281 3281 non
1313 3226 1436 3280 data
1493 3240 1657 3294 Opera
1695 3225 1817 3294 quis
1865 3224 2091 3279 adhibe»

515 3328 620 3381 ret,
649 3321 743 3373 sed
789 3320 972 3373 habita
1028 3317 1562 3374 circumstantiarum
1610 3317 1839 3370 ratione.
1872 3315 1937 3369 Et
1971 3316 2095 3384 qni-

513 3410 638 3464 dem
674 3411 739 3463 ad
768 3412 1041 3465 curandos
1065 3420 1246 3465 mente
1303 3410 1568 3463 alienatos
1599 3408 1849 3462 homines
1879 3408 1980 3461 hac
2007 3409 2092 3459 via

523 3512 605 3558 uti
652 3510 967 3572 oportebat,
1020 3516 1180 3570 quam
1224 3500 1460 3555 Verbum
1503 3513 1727 3557 noverat
1773 3504 2093 3564 insanienti-

521 3594 626 3649 bus
674 3593 740 3647 ad
792 3607 975 3645 sanam
1026 3599 1262 3644 mentem
1314 3592 1635 3647 reducendis
1684 3594 1889 3649 utilem.
1937 3597 2091 3662 Quod

523 3684 601 3739 ait
635 3703 653 3735 ι
688 3683 811 3736 talia
859 3682 1065 3742 facere,
1110 3682 1201 3749 qui
1234 3682 1531 3750 periculum
1568 3684 1635 3737 ab
1664 3685 1982 3741 adversariis
2007 3688 2090 3742 in-

525 3780 792 3826 tentatum
843 3770 1027 3838 fugere
1067 3768 1303 3837 cogitat;
1356 3783 1387 3822 a
1435 3768 1547 3823 Deo
1593 3780 1771 3825 autem
1818 3774 2089 3830 neminem

527 3862 737 3926 timeri,
781 3870 840 3913 ut
876 3861 942 3913 ad
982 3859 1256 3912 vitandum
1296 3859 1593 3927 periculum
1634 3861 1949 3919 insidiantes
1986 3865 2082 3921 fal-

516 3953 630 4009 lere
660 3970 795 4024 opus
822 3956 1055 4021 habeat;
1095 3974 1113 4008 ι
1150 3954 1503 4024 id-depellere
1532 3970 1926 4024 supervacuum
1975 3973 2094 4012 om-

518 4046 648 4101 nino
669 4047 829 4102 fuerit
857 4059 911 4102 et
942 4064 971 4101 a
1002 4049 1211 4103 ratione
1233 4048 1497 4102 alienum.
1528 4046 1691 4119 514
1720 4048 1919 4116 Ecquis
1948 4050 2091 4102 enim

517 4154 755 4210 unquam
782 4140 895 4194 haec
934 4142 1001 4194 de
1033 4150 1221 4195 nostro
1280 4139 1564 4193 Salvatore
1609 4140 1778 4193 dixit?
1806 4140 1913 4194 Sed
1946 4148 2000 4195 et
2024 4141 2091 4194 ad

516 4233 682 4295 istud,
717 4250 736 4283 ι
771 4233 1039 4286 nemiuem
1065 4247 1267 4301 mgrum
1301 4240 1392 4284 aut
1429 4232 1787 4286 insanientem
1827 4232 1933 4287 Deo
1956 4233 2094 4287 ami-

514 4334 638 4377 cum
669 4339 812 4387 esse,
845 4344 863 4377 ι
892 4323 1004 4392 jam
1030 4332 1189 4377 antea
1222 4338 1319 4393 pro
1347 4322 1471 4377 aliis
1490 4322 1766 4391 respondi.
1797 4322 1917 4377 Dixi
1946 4326 2090 4378 enim

514 4414 663 4471 illam
718 4415 1184 4486 dispensationem
1246 4428 1351 4468 non
1412 4428 1535 4469 esse
1596 4414 1793 4469 factam
1867 4424 2092 4484 propter

2197 3232 2352 3301 γένος
2384 3233 2495 3295 τοῖς
2524 3226 2864 3295 τοιοῖσδε,οἷς
2891 3233 2990 3285 οὐκ
3015 3233 3079 3287 ἄν
3107 3250 3189 3296 τις
3207 3233 3473 3303 χρήσαιτο
3507 3245 3738 3302 προηγου-

2200 3323 2396 3395 μένως,
2423 3323 2536 3376 ἀλλ’
2573 3325 2636 3377 ἐκ
2668 3325 3059 3395 περιστάσεως.
3095 3325 3204 3377 Καὶ
3238 3323 3482 3395 μεμηνὸς
3511 3323 3560 3376 δὲ
3590 3321 3641 3373 τὸ
3667 3320 3739 3388 γέ-

2196 3429 2284 3475 νος
2314 3412 2423 3464 τῶν
2479 3414 2779 3485 ἀνθρώπων
2804 3414 2908 3467 ἔδει
2938 3415 3340 3487 θεραπευθῆναι
3401 3415 3485 3469 διὰ
3520 3412 3739 3485 μεθόδων,

2196 3498 2271 3558 ὧν
2300 3503 2446 3574 ἑώρα
2476 3508 2504 3558 ὁ
2537 3508 2706 3576 Λόγος
2737 3511 3023 3580 χρησίμων
3042 3512 3156 3571 τοῖς
3193 3508 3513 3579 μεμηνόσιν,
3548 3508 3624 3560 ἵνα
3652 3522 3739 3557 σω-

2197 3604 2526 3671 φρονήσωσι.
2563 3602 2700 3671 Φησὶ
2736 3601 2812 3664 δ’,
2861 3603 2943 3654 ὅτι
2990 3601 3085 3654 καὶ
3124 3620 3141 3651 ι
3184 3599 3266 3653 Τὰ
3303 3599 3479 3653 τοιάδε
3512 3616 3589 3661 τις
3627 3597 3740 3650 ποιεί

2196 3690 2333 3761 πρὸς
2375 3690 2631 3761 ἐχθροὺς,
2685 3692 2926 3745 κίνδυνον
2980 3693 3240 3759 ἐκφυγεῖν
3309 3689 3738 3762 προμηθούμενος.

2196 3780 2270 3833 Οὐ
2305 3781 2549 3850 φοϐεῖται
2574 3782 2630 3835 δέ
2657 3800 2807 3845 τινας
2829 3785 2857 3835 ό
2883 3784 3035 3847 Θεὸς,
3070 3784 3157 3835 ἵνα
3190 3783 3471 3853 πλανήσας
3507 3782 3621 3844 τοὺς
3642 3781 3740 3831 ἐπι-

2196 3873 2551 3937 ϐουλεύοντας
2584 3874 2827 3928 κίνδυνον
2859 3875 3117 3947 διαφύγῃ.
3154 3894 3172 3927 ι
3213 3875 3400 3946 Πάντη
3433 3875 3489 3927 δὲ
3520 3872 3740 3944 περισσὸν

2197 3964 2291 4016 καὶ
2323 3963 2514 4032 ἄλογον
2536 3965 2980 4036 ἀπολογήσασθαι
3017 3966 3153 4037 πρὸς
3186 3964 3247 4018 τὸ
3281 3966 3377 4018 ὑπ’
3410 3965 3610 4028 οὐδενὸς
3640 3962 3741 4029 περὶ

2193 4054 2285 4107 τοῦ
2318 4057 2570 4128 Σωτῆρος
2604 4060 2636 4127 ἡ
2648 4058 2763 4127 μῶν
2789 4057 3096 4129 λεγόμενον.
3133 4058 3467 4130 Προείρηται
3498 4057 3539 4109 δ’
3568 4058 3636 4118 εἰς
3664 4055 3741 4121 τὴν

2195 4148 2323 4218 περὶ
2348 4148 2548 4219 ἐτέρων
2569 4151 2700 4220 ἡμῖν
2722 4150 3014 4218 ἀπολογίαν
3039 4150 3172 4222 πρὸς
3196 4150 3276 4214 τὸ,
3320 4169 3337 4202 ι
3370 4149 3504 4204 Οὔτε
3528 4149 3579 4201 δὲ
3601 4144 3738 4199 νοσῶν

2193 4238 2227 4309 ἦ
2261 4238 2519 4309 μεμηνὼς
2542 4241 2713 4303 οὐδεὶς
2739 4241 2889 4309 φίλος
2912 4241 3021 4312 (65)
3055 4241 3132 4311 τῷ
3159 4241 3297 4311 Θεῷ.
3344 4261 3362 4293 ι
3416 4242 3471 4293 'O
3504 4239 3604 4310 γὰρ
3632 4239 3733 4290 ἀπο

2194 4330 2567 4403 λογησὰμενός
2597 4351 2759 4405 φησιν
2791 4335 2890 4404 οὐχ
2920 4334 3060 4405 ὑπὲρ
3097 4334 3207 4387 τῶν
3232 4336 3332 4406 ἤδη
3366 4335 3535 4405 φίλων
3559 4330 3721 4385 νοσοῦν

2194 4422 2361 4493 τωνῆ
2405 4426 2725 4494 μεμηνότων
2771 4424 2869 4496 τὴν
2912 4424 3118 4477 τοιάνδε
3164 4426 3479 4497 οἰκονομίαν
3517 4420 3739 4492 γίνεσθαι,

512 4517 747 4576 aegrotos
775 4518 829 4563 ct
860 4508 1195 4564 insanientes
1224 4505 1318 4575 qui
1348 4504 1459 4574 jam
1485 4506 1646 4561 amici
1674 4514 1878 4571 essent,
1914 4507 2007 4562 sed
2031 4517 2087 4561 ut

2198 4514 2304 4568 ἀλλ’
2347 4516 2487 4587 ὑπὲρ
2514 4516 2622 4569 τῶν
2654 4516 2741 4570 διὰ
2799 4518 2952 4572 νόσον
3011 4519 3111 4589 τῆς
3158 4517 3339 4588 ψυχῆς
3384 4518 3477 4571 καὶ
3525 4519 3741 4570 ἔκστασιν

513 4600 606 4667 qui
630 4600 809 4653 adhuc
834 4610 1057 4668 propter
1089 4599 1339 4651 morbum
1374 4596 1572 4675 anima:
1599 4596 1973 4666 naturalisque
2006 4614 2095 4652 ra-

512 4688 676 4743 tionis
706 4688 1085 4743 alienationem
1116 4686 1319 4741 inimici
1353 4695 1535 4750 erant,
1574 4689 1627 4741 in
1662 4688 1753 4742 Dei
1785 4687 2085 4742 amicitiam

516 4780 914 4849 reciperentur.
947 4780 1082 4834 Nam
1114 4779 1273 4835 .lesus
1293 4779 1438 4835 clare
1470 4781 1674 4834 dicitur
1693 4780 1871 4843 omnia
1905 4791 2093 4850 pertu-

515 4870 664 4936 lisse,
705 4882 763 4925 ut
793 4887 885 4926 eus
936 4873 1026 4939 qni
1087 4883 1401 4942 peccassent
1453 4874 1688 4943 peccatis
1746 4872 1999 4927 liberaret
2039 4882 2095 4928 et

510 4960 687 5030 iustos
712 4964 912 5018 faceret
934 4965 1000 5019 δ’.

591 5054 682 5110 20.
716 5055 905 5110 Postea
928 5056 1143 5113 Judazos
1188 5059 1415 5125 inducit,
1452 5059 1546 5130 qui
1596 5056 1825 5113 seorsim
1870 5072 2090 5110 causam

517 5146 750 5203 afferant
778 5166 874 5204 cur
908 5149 1112 5206 Christi
1159 5155 1447 5209 adventum
1494 5152 1735 5207 futurum
1791 5164 1913 5205 esse
1944 5150 2092 5204 arbi-

591 5264 635 5296 δ·
674 5266 868 5334 Philip.
917 5282 972 5329 ιι,
1016 5267 1068 5319 5.

588 5402 700 5476 (62)
739 5401 1076 5476 [ltesclielius
1114 5410 1167 5476 et
1194 5401 1528 5476 Spencerus.
1572 5400 1724 5469 ἡμῖν.
1784 5396 1954 5453 Codd.
1987 5398 2095 5453 Re-

520 5471 643 5546 gius
664 5485 719 5546 et
742 5471 1095 5546 Barisileeusis,
1120 5472 1274 5546 Δὑμῖν.

592 5544 704 5613 (63)
781 5543 877 5595 Ἐν
966 5539 1312 5613 ὁμοιώματι,
1350 5539 1661 5613 ἀνθρώπου
1752 5540 2091 5608 γενόμενος.

522 5610 649 5668 llaec
687 5610 757 5668 ’in
805 5623 965 5668 antea
998 5610 1169 5667 editis
1210 5612 1409 5667 omissa
1459 5610 1776 5681 supplentur
1822 5626 1851 5665 e
1904 5614 2097 5666 codice

518 5685 835 5739 Basileensi.

743 5750 1231 5837 "ngepaa'lftbr
1253 5752 1495 5837 ἰατρῶν,
1513 5761 1619 5831 (ξιειε
1648 5750 1842 5837 Cttieto
1871 5750 1974 5837 hic.
1994 5751 2091 5805 ali-

522 5822 653 5891 quid
678 5822 979 5882 desiderari
1021 5822 1251 5879 videtur.
1313 5825 1421 5879 An
1454 5824 1554 5879 sic.
1606 5822 1802 5891 inquit.
1849 5822 2092 5878 scriben-

1146 5270 1189 5299 ⁸⁸
1223 5266 1383 5321 llebr.
1435 5283 1494 5331 ll,
1544 5267 1637 5331 l3;
1693 5266 1879 5318 Matth.
1940 5282 2015 5329 ix,
2060 5267 2145 5320 15.

2194 4606 2288 4659 τοῦ
2319 4607 2457 4661 κατὰ
2495 4610 2656 4678 φύσιν
2690 4609 2950 4681 λογισμοῦ
2986 4610 3066 4662 ἔτι
3110 4610 3345 4681 ἐχθρῶν,
3386 4612 3473 4663 ἵνα
3516 4608 3742 4677 γένωνται

2196 4699 2337 4767 φίλοι
2359 4700 2437 4771 τῷ
2461 4700 2598 4772 Θεῷ.
2628 4702 2737 4755 Καὶ
2772 4701 2880 4773 γὰρ
2915 4700 3099 4769 σαφῶς
3137 4702 3279 4773 ὑπὲρ
3329 4698 3651 4772 ἁμαρτωλῶν
3678 4692 3742 4745 λέ·

2193 4809 2346 4860 γεται
2366 4793 2541 4847 πάντα
2572 4794 2918 4865 ἁναδεδέχθαι
2948 4796 2975 4846 ό
3012 4793 3239 4863 Ἰησοῦς,
3262 4795 3328 4846 ἶν’
3362 4794 3555 4855 αὐτοὺς
3600 4786 3742 4843 dmit-

2195 4883 2331 4956 λάξῃ
2361 4884 2460 4953 τῆς
2484 4884 2755 4955 ἁμαρτίας
2780 4887 2874 4939 καὶ
2909 4887 3109 4959 ποιήσῃ
3126 4885 3389 4948 δικαίους.

2270 5056 2381 5112 Εἶτ’
2412 5060 2533 5112 ἐπεὶ
2564 5062 2970 5130 προσωποποιεῖ
3014 5060 3120 5130 ίδίτξ⁴
3154 5060 3251 5130 μὲν
3302 5060 3575 5120 Ἰουδαίους
3604 5058 3741 5107 αἰτιο-

2196 5148 2489 5217 λογοῦντας
2520 5150 2617 5221 τὴν
2648 5151 2767 5203 κατ’
2798 5152 2992 5214 αὐτοὺς
3029 5150 3329 5221 μέλλουσαν
3384 5146 3608 5222 Χριστοῦ
3650 5147 3742 5197 ἐπι-

2203 5404 2328 5478 dum
2355 5422 2369 5457 :
2394 5404 2582 5477 ὥσπερ
2609 5406 2703 5458 καὶ
2729 5405 2847 5458 τῶν
2874 5406 3071 5478 ἰατρῶν
3101 5422 3229 5459 ποτε
3254 5406 3405 5475 λόγοι
3439 5404 3572 5478 κατά
3593 5397 3741 5478 τοιάδε

2202 5475 2339 5548 πρὸς
2370 5478 2497 5539 τοὺς
2533 5470 2840 5548 κάμνοντας
2876 5470 3018 5548 ἧπέρ
3045 5478 3185 5548 κατὰ
3225 5478 3285 5529 τὸ
3323 5470 3535 5546 ἀληθὲς,
3577 5470 3741 5548 αρἶοὺς

2204 5541 2453 5617 σώζουσι.
2496 5549 2586 5601 Vel
2611 5541 2724 5609 'sic,
2751 5541 2939 5617 ὥσπερ
2967 5541 3060 5600 καὶ
3095 5547 3201 5600 τῶν
3232 5541 3433 5617 ἰατρῶν
3465 5541 3739 5617 ποτε-λόχοι

2199 5616 2389 5704 τίῖιῗίδε
2419 5618 2543 5682 τοὺς
2577 5618 2880 5689 κάμνοντας
2908 5608 3109 5688 μᾶλλον
3142 5618 3286 5689 ἤπερ
3314 5608 3453 5671 κατὰ
3484 5616 3539 5668 τὸ
3575 5608 3740 5683 ἀληθὲς

2204 5702 2307 5748 ato,
2316 5704 2375 5738 ου
2385 5704 2453 5740 σι.

2274 5756 2386 5829 (65)
2415 5758 2569 5816 Libb.
2602 5760 2789 5817 excusi
2820 5759 2874 5816 in
2914 5766 3084 5825 textu,
3117 5757 3297 5822 οὐδεὶς
3322 5756 3441 5830 Θεῷ
3465 5754 3617 5827 φίλος.
