3898 6526
119 394 241 452 mss
1246 353 1530 442 CONTRA
1570 381 1850 440 CELSUM
1888 381 2015 436 ιλιι.
2052 379 2145 434 tv.
3200 375 3339 432 tost

115 514 313 585 ὃημίαν.
340 508 445 578 ἰδίᾳ
470 507 523 561 δὲ
562 507 924 577 Χριστιανοὺς
955 506 1213 573 λέγοντας
1257 506 1385 577 περὶ
1433 504 1534 574 τῆς
1566 502 1654 573 ἧδτ

1799 509 2011 563 rentur;
2053 495 2283 552 seorsim
2326 492 2492 549 etiam
2551 491 2915 556 Christianos,
2951 489 3043 559 qui
3099 489 3167 544 de
3216 486 3338 545 Filii

115 581 461 675 γεγενημένης
499 597 787 667 ἐπιδημίας
823 598 903 662 εἱς
934 598 1026 650 τὸν
1067 597 1179 667 βίον
1226 597 1332 650 τῶν
1367 594 1654 664 ἀνθρώπωε.

1802 592 1867 645 )ei
1894 590 1945 644 in
1976 589 2222 644 homines
2268 588 2497 640 adventu
2546 584 2816 638 disserant
2865 591 3118 651 tanquam
3172 581 3239 635 de
3280 594 3341 634 re

116 669 196 748 τού
374 689 466 742 τοῦ
497 688 649 741 Θεοῦ·
687 688 839 759 φέρε,
867 689 1180 751 καὶταῦτα,
1206 688 1282 750 ὡς
1314 682 1425 740 οἷόν
1450 686 1509 738 τέ
1532 687 1655 737 ἐστι.

1801 696 1892 750 pta:
1927 681 2103 749 reipsa
2138 677 2385 747 contigit.
2439 675 2589 741 Quod
2651 683 2960 742 utrumque,
2996 686 3157 740 quam
3211 669 3340 759 bre-

117 784 193 839 8t‘1
215 780 449 854 βραχέων
478 758 922 849 κατανοήσωμεν.
962 777 1208 831 Ἰουδαῖοι
1255 775 1320 846 δὴ
1359 777 1488 845 παρ’
1521 773 1656 841 αὐτᾷ

1811 770 1992 824 issime
2016 769 2236 839 poterit,
2282 767 2713 821 consideremus.
2760 763 2882 818 llaec
2915 764 3078 833 igitttr
3105 760 3244 829 apud
3276 758 3343 812 il-

121 853 332 941 λέγουσι,
368 890 384 921 ι
418 868 769 939 πληρωθέντα
788 868 879 921 τὸν
911 868 1022 939 βίον
1050 869 1230 939 πάσης
1257 865 1450 929 κακίας
1470 864 1660 917 δεῖσθαι

1805 876 1879 911 nn
1901 858 2069 915 Judtei
2103 875 2117 911 :
2152 878 2171 911 ι
2210 859 2341 911 Cum
2396 857 2541 911 omni
2582 855 2843 908 vitiorum
2890 866 3085 922 genere
3115 853 3229 903 vita
3262 864 3344 903 re-

119 963 197 1018 τοῦ
224 958 705 1029 καταπεμπομένου
723 958 829 1011 ἀπὸ
855 958 1011 1011 Θεοῦ’
1045 960 1109 1012 ἶν’
1129 961 1176 1012 οἱ
1206 959 1300 1029 μὲν
1324 958 1498 1011 ἄδικοι
1522 956 1658 1009 κολα

1803 962 1908 1005 erta
1935 952 2026 1017 sil,
2062 951 2200 1006 Deus
2225 951 2403 1004 mittat
2435 962 2661 1003 necesse
2686 955 2791 1009 est,
2824 945 2914 1014 qui
2948 946 3115 998 malos
3144 941 3342 995 alliciat

123 1054 284 1114 σθῶσι,
310 1051 374 1105 τὰ
412 1051 466 1104 δὲ
509 1051 686 1104 πάντα
729 1050 1004 1121 καθαρθῇ,
1060 1050 1321 1117 ἀνάλογον
1361 1048 1438 1118 τῷ
1474 1046 1662 1118 πρώτῳ

1806 1044 2050 1113 uppliciis
2097 1052 2152 1098 et
2209 1051 2463 1112 repurget
2508 1041 2711 1103 omnia,
2772 1046 2832 1091 ut
2903 1038 3082 1106 primo
3137 1035 3345 1089 diluvlo

124 1144 362 1216 συμϐάντι
398 1142 508 1214 (66)
538 1142 929 1213 κατακλυσμῷ.
970 1162 988 1195 ι
1041 1143 1193 1195 Ἐπεὶ
1224 1143 1279 1195 δὲ
1300 1142 1549 1209 λέγονται
1580 1140 1663 1193 καὶ

1803 1145 1974 1189 actum
2016 1144 2122 1190 est.
2152 1154 2170 1186 ι
2200 1134 2466 1200 Quoniam
2519 1141 2695 1185 autem
2730 1130 3015 1184 dicuntur:
3042 1126 3342 1183 Christiani

122 1236 405 1307 Χριστιανοὶ
430 1234 639 1297 τούτοις
666 1233 1017 1305 προστιθέναι
1044 1236 1227 1307 ἕτερα,
1263 1234 1421 1305 δῆλον
1460 1234 1543 1286 ὅτι
1578 1234 1661 1286 καλ

1811 1228 1876 1280 lia
1910 1228 1995 1281 his
2018 1227 2241 1289 addere,
2271 1226 2442 1294 liquet
2473 1234 2524 1279 et
2552 1225 2667 1277 hanc
2697 1222 2872 1291 ipsum
2913 1220 3095 1275 dicere
3142 1220 3209 1273 ab
3235 1219 3344 1273 illis

124 1329 303 1392 τούτοις
336 1330 467 1399 φησὶ
498 1329 671 1384 ταῦτα
702 1316 974 1399 λέγεσθαι.
1009 1328 1119 1382 Καὶ
1151 1327 1202 1380 τί
1234 1326 1431 1380 ἄτοπον
1475 1325 1568 1377 ἐπὶ
1606 1328 1663 1394 τῇ

1869 1320 2052 1372 rmari.
2078 1319 2142 1373 Et
2168 1318 2295 1387 quid
2323 1316 2537 1371 absurtli
2584 1324 2691 1379 est,
2734 1315 2878 1369 vitiis
2941 1324 3141 1368 terram
3187 1313 3347 1366 iuun-
3394 1310 3405 1325 ‘

123 1423 255 1493 χύσει
281 1423 375 1492 τῆς
413 1423 613 1486 κακίας
655 1425 1014 1494 ἐπιδημήσειν
1068 1421 1161 1473 τὸν
1222 1415 1662 1489 ἀποκαθαροῦντο

1807 1409 2056 1472 lantibus,
2120 1418 2432 1474 venturum,
2492 1409 2581 1474 qui
2634 1407 2892 1462 mundum
2954 1412 3247 1478 perpurget
3290 1409 3346 1458 et

124 1516 198 1566 τὸν
229 1514 439 1583 κόσμον,
473 1515 569 1566 καὶ
602 1516 818 1586 ἑκάστῳ
842 1516 959 1567 κατ’
1007 1512 1162 1577 ἀξίαν
1199 1510 1565 1582 χρησόμενονς
1601 1509 1663 1562 Ot‘

1807 1514 1901 1552 um
1927 1514 2250 1568 unoquoque
2273 1514 2371 1569 pro
2407 1500 2615 1554 meritis
2639 1499 2799 1567 agat?
2840 1498 2951 1553 Nec
2993 1499 3135 1553 enim
3175 1496 3346 1551 Deum

127 1607 220 1675 γὰρ
243 1604 377 1658 κατά
416 1604 509 1657 τὸν
532 1604 662 1657 Θεόν
703 1606 818 1657 ἐστι
867 1604 940 1676 μὴ
985 1604 1174 1674 στῆναι
1204 1601 1303 1672 τὴν
1343 1601 1444 1670 τῆς
1485 1599 1666 1662 κακίας

1809 1595 1966 1646 εεοεειι
1991 1592 2098 1645 late
2122 1602 2431 1661 serpentem
2456 1592 2754 1661 nequitiam
2791 1605 2969 1645 rerum
2998 1589 3348 1644 renovatione

126 1698 293 1767 νομὴν,
325 1696 415 1749 καὶ
446 1696 823 1750 ἀνακαινῶσαι
852 1696 922 1749 τά
950 1697 1270 1766 πράγματα.
1303 1694 1478 1746 Ἴσασι
1503 1692 1561 1745 δὲ
1586 1690 1665 1744 καἱ

1810 1699 1889 1737 ton
1924 1683 2141 1739 sistere.
2172 1683 2274 1753 Ipsi
2300 1685 2463 1739 etiam
2497 1683 2670 1740 Graeci
2734 1694 2936 1737 norunt
2969 1692 3169 1736 terram
3224 1681 3349 1749 igne

129 1789 356 1858 Ἕλληνες
418 1788 789 1858 κατακλυσμῷ
829 1787 861 1857 ἢ
902 1788 1035 1859 πυρὶ
1068 1786 1166 1857 τὴν
1194 1786 1300 1855 γῆν
1334 1783 1473 1838 κατά
1500 1782 1668 1853 περιό-

1816 1775 2099 1829 utdiluvio
2128 1777 2290 1830 certis
2319 1775 2641 1845 quibusdam
2686 1784 2989 1843 temporum
3038 1773 3351 1827 conversio—

126 1881 226 1942 fm;
244 1879 656 1951 καθαιρομένην,
677 1880 749 1942 ὡς
766 1881 856 1933 καὶ
872 1880 1095 1933 Πλάτων
1113 1895 1215 1931 που
1228 1876 1369 1929 οὕτω
1381 1875 1527 1944 λέγει
1550 1873 1655 1944 (67)

1810 1866 1941 1921 tibus
1970 1868 2207 1937 purgari.
2263 1868 2399 1921 Dicit
2440 1868 2583 1920 enim
2612 1867 2807 1921 alicubi
2839 1866 2987 1921 Plato
3019 1884 3031 1920 :
3075 1884 3093 1917 ι
3126 1866 3349 1932 Quando

132 1971 320 2023 «Ὅταν
364 1969 404 2022 δ’
448 1973 497 2023 οἱ
541 1970 652 2022 θεοὶ
690 1970 786 2041 τὴν
822 1970 947 2040 γῆν,
997 1968 1151 2021 ὕδασι
1192 1967 1542 2039 καθαίροντες
1588 1982 1671 2018 κα-

1816 1964 1959 2011 utem
1996 1957 2068 2011 dii
2112 1967 2307 2011 terram
2357 1958 2514 2026 aquis
2574 1967 2863 2027 purgantes
2910 1957 3171 2011 inducunt
3209 1956 3349 2010 dilu-

126 2060 451 2125 τακλύζωσιν,
506 2064 557 2115 οἱ
609 2061 706 2132 μὲν
760 2064 815 2114 ὲν
865 2064 976 2124 τοῖς
1029 2062 1201 2131 ὄρεσι,
1236 2062 1330 2114 καὶ
1359 2059 1426 2112 τὰ
1476 2057 1665 2127 ἑξῆς.ι

1820 2048 1950 2114 ium,
1991 2057 2120 2102 tunc
2164 2048 2352 2103 incolae
2396 2051 2684 2113 montium.
2724 2059 2827 2103 etc.
2863 2067 2883 2100 ι
2913 2048 2994 2102 A-n
3020 2049 3134 2101 htec
3172 2063 3293 2102 cum
3322 2062 3350 2099 a

128 2153 327 2207 Λεκτέον
355 2150 466 2219 οὖν,
496 2154 579 2208 ὅτι
614 2152 702 2225 ἆρ’
734 2153 828 2206 ἐὰν
854 2154 950 2223 μὲν
973 2155 1170 2207 ἐκεῖνοι
1202 2151 1374 2207 ταῦτα
1407 2151 1667 2220 φάσκωσι,

1811 2140 1987 2195 :rtecis
2018 2140 2296 2207 dicuntur,
2341 2142 2551 2209 pondus
2601 2150 2655 2195 et
2705 2140 3085 2193 auctoritatem
3120 2138 3350 2203 habent;

130 2244 276 2312 σεμνά
310 2246 423 2296 ἐστι
462 2245 560 2298 καὶ
594 2245 750 2312 λόγου
794 2245 917 2309 ἄξια
961 2244 1029 2297 τὰ
1075 2243 1520 2312 ἐπαγγελλόμενα
1545 2240 1669 2311 (68)·

1816 2245 1905 2283 ttnt
1937 2240 2119 2283 autem
2151 2229 2340 2284 eadem
2377 2232 2673 2284 astruimus
2726 2246 2844 2298 qua:
2897 2229 3115 2283 laudant
3151 2228 3353 2292 Grzeci.

130 2334 204 2386 ἐὰν
231 2335 281 2388 δὲ
316 2337 473 2405 ἡμεῖς
515 2335 641 2388 τάδε
694 2335 817 2389 τινὰ
864 2336 966 2389 ὑπὸ
1008 2335 1273 2405 Ἑλλήνων
1315 2331 1669 2402 ἐπαινούμενα

1822 2335 1886 2373 oc
1911 2320 2026 2389 ipso
2052 2318 2321 2375 vilescunt
2346 2329 2397 2375 et
2426 2320 2624 2373 nullius
2648 2330 2769 2373 sunt
2796 2321 2952 2389 pretii
2980 2322 3092 2375 haec
3119 2319 3357 2389 placita?

131 2427 205 2478 καὶ
228 2427 369 2479 αὐτοὶ
390 2412 917 2499 κατασκευάζωμεν,
948 2428 1131 2481 οὐκέτι
1180 2426 1323 2479 καλά
1368 2428 1485 2479 ἐστι
1510 2423 1670 2477 ταῦτα

1817 2411 1985 2467 'amen
2033 2413 2228 2482 quibus
2270 2415 2422 2467 cordt
2453 2422 2535 2466 est
2582 2412 2783 2481 scripta
2835 2413 3017 2466 omnia
3073 2412 3264 2467 ordine
3302 2421 3356 2467 et

130 2517 373 2589 δόγματας
419 2519 683 2586 Καίτοιγε
728 2515 809 2583 οἷς
852 2519 1003 2590 μέλει
1042 2519 1140 2588 τῆς
1190 2506 1406 2571 πᾶντων
1448 2517 1552 2569 τῶν
1593 2534 1669 2585 γε⁴

1821 2513 2039 2558 ccurate
2069 2505 2395 2573 ponderare,
2431 2505 2464 2557 ii
2504 2520 2609 2558 non
2651 2503 2809 2558 modo
2855 2506 3231 2573 antiquitatem
3261 2521 3357 2559 eo-

132 2609 426 2679 γραμμένων
451 2608 839 2681 διαρθρώσεως
859 2609 954 2661 καὶ
986 2608 1292 2680 ἀκριϐείας,
1330 2607 1671 2676 πειράσονται

1816 2610 1903 2647 unt
1929 2594 2020 2663 qui
2050 2594 2163 2648 haec
2197 2594 2551 2663 scripserunt,
2574 2597 2857 2651 ostendere
2875 2598 3237 2655 conabuntur,
3262 2596 3354 2649 sed

131 2698 365 2752 δεικνύναι
400 2701 462 2753 ού
499 2700 665 2770 μόνον
695 2700 793 2771 τὴν
837 2700 1174 2772 ἀρχαιότητα
1205 2697 1311 2751 τῶν
1350 2696 1523 2750 ταῦτα
1548 2713 1670 2768 γρα-

1821 2687 1949 2740 tiam
1977 2702 2139 2755 quam
2173 2687 2358 2757 gravia
2394 2686 2484 2740 illa
2524 2688 2633 2741 sint
2673 2696 2727 2742 et
2763 2703 2925 2758 quant
2970 2698 3098 2760 apte
3128 2689 3267 2744 inter
3298 2704 3358 2742 sc

132 2789 332 2856 φάντων,
356 2791 487 2844 ἀλλά
520 2791 617 2844 καὶ
642 2791 739 2860 τὴν
765 2791 1070 2863 σεμνότητα
1102 2790 1207 2844 τῶν
1232 2789 1569 2859 λελεγμένων
1592 2788 1671 2841 καλ

574 2791 617 2843 xi.
642 2791 739 2860 τὴν
765 2791 1070 2863 σεμνότητα
1102 2790 1207 2844 τῶν
1232 2789 1569 2859 λελεγμένων
1592 2788 1687 2841 καὶ
1786 2778 2113 2833 εοιιέἓΐθίιηιο

132 2881 179 2933 τὸ
202 2882 466 2935 ἀκόλουθον
499 2883 711 2946 αὐτοῖς.

189 2973 285 3025 Ούκ
325 2969 436 3026 οἶδα
478 2973 529 3025 δ’
572 2974 718 3035 ὅπως
766 2971 1161 3043 παραπλησίως
1199 2971 1274 3041 τῷ
1316 2968 1684 3039 κατακλυσμῷ

1858 2980 1948 3035 2|.
1988 2959 2255 3037 Caeterum
2282 2984 2465 3038 nescio
2503 2997 2607 3053 qua
2633 2997 2794 3038 causa
2817 2982 2981 3037 turris
3018 2981 3356 3036 eversionem

136 3066 403 3139 καθήραντι
430 3069 535 3139 τὴν
571 3066 695 3135 γῆν,
734 3065 807 3128 ὡς
834 3068 861 3118 ὁ
904 3065 1171 3118 Ἰουδαίων
1207 3065 1302 3119 καὶ
1348 3062 1675 3135 Χριστιανῶν

1819 3074 1991 3128 udicet
2019 3089 2142 3129 esse
2173 3075 2405 3128 similem
2465 3075 2687 3140 diluvio,
2714 3090 2823 3140 quo
2879 3083 3080 3127 terram
3110 3072 3279 3129 Judtei
3305 3081 3358 3127 et

136 3160 344 3227 βούλεται
375 3160 558 3228 λόγος,
584 3159 754 3210 οἴεται
789 3155 882 3209 καὶ
918 3155 1016 3225 τὴν
1056 3155 1146 3207 τοῦ
1181 3154 1390 3226 πύργου
1422 3154 1675 3225 καταρρι-

1818 3163 2083 3217 lhristiani
2109 3173 2391 3233 purgatam
2418 3163 2712 3216 allirmant.
2742 3161 2809 3216 Ut
2829 3160 2974 3215 enim
3000 3160 3131 3214 nihil
3159 3156 3357 3213 occulti

134 3215 207 3319 tim
228 3215 531 3319 γεγονέναι..
547 3215 674 3303 ’Ἵνα
704 3249 812 3320 γὰρ
845 3215 1010 3317 μηδὲ-ν
1034 3215 1344 3317 αίνίσσηται
1370 3248 1401 3316 ὴ
1426 3215 1673 3299 κατὸίτδι

1817 3253 1989 3307 ndicet
2018 3263 2241 3307 narrata
2274 3253 2325 3307 in
2352 3252 2547 3307 Genesi
2584 3252 2748 3305 turris
2774 3252 2918 3305 illius
2944 3250 3169 3305 historia
3196 3234 3356 3314 ",‘et.

138 3342 310 3411 πῦργον
340 3344 556 3415 ἱστορία
586 3342 809 3412 κειμένη
840 3342 897 3392 ὲν
923 3342 986 3409 τῇ
1012 3339 1246 3405 Γενέσει,
1274 3338 1387 3391 ἀλλ’
1411 3338 1503 3408 (ὡς
1518 3339 1677 3390 οἴεται

1827 3354 1844 3397 ι
1886 3346 2000 3414 ipse
2052 3345 2352 3407 existimat,
2407 3345 2693 3413 perspicua
2742 3344 2849 3409 sit;
2896 3358 3003 3397 non
3057 3343 3130 3395 ita
3177 3350 3357 3394 tamen

136 3433 347 3505 Κέλσος,)
400 3435 584 3505 σαφὴς
638 3433 897 3505 τυγχάνῃ
951 3431 1058 3484 οὐδ’
1110 3430 1252 3483 οὕτω
1297 3431 1543 3499 φαίνεται
1592 3429 1675 3482 ἐπὶ

1821 3435 2007 3489 videns
2061 3443 2147 3488 est
2204 3435 2255 3487 id
2287 3434 2353 3486 ad
2395 3432 2728 3503 purgandant
2789 3442 2989 3485 terram
3049 3430 3357 3485 accidisse:

135 3524 380 3597 καθαρσίῳ
454 3527 562 3595 τῆς
635 3525 737 3594 γῆς
800 3522 957 3576 τοῦτο
1020 3521 1454 3591 συμϐεϐηκέναι·
1513 3523 1560 3573 εί
1612 3520 1674 3591 μί’

1827 3528 1890 3581 isi
1917 3526 2058 3581 forte
2088 3528 2155 3580 ad
2191 3535 2349 3580 terrae
2400 3526 2781 3595 purgationem
2821 3526 2940 3579 usui
2997 3524 3164 3579 fuisse
3209 3531 3362 3593 putet

136 3618 222 3689 ἄρα
282 3619 575 3690 καθάρσιον
629 3617 745 3691 τῆς
794 3616 896 3685 γῆς
955 3615 1125 3667 οίεται
1188 3612 1284 3683 τὴν
1342 3613 1675 3682 καλουμένηι

1828 3634 2094 3688 nguarum
2128 3618 2498 3672 confusionem
2524 3618 2604 3682 δίς
2642 3617 2709 3671 de
2739 3632 2843 3686 qua
2874 3618 3066 3670 doctus
3090 3616 3360 3685 quispiam

136 3708 223 3760 τῶν
275 3708 527 3777 γλωσσῶν
599 3705 892 3774 σύγχυσινο
951 3702 1079 3773 περὶ
1114 3698 1182 3775 ἦς
1216 3703 1243 3754 ὁ
1275 3700 1572 3771 δυνάμενος
1598 3700 1675 3750 εὐ-

1821 3710 2199 3765 ouvcnientius
2230 3718 2378 3777 aget,
2425 3724 2550 3762 cum
2595 3709 2698 3763 sibi
2746 3715 3015 3777 proponet
3071 3707 3360 3762 ostendere

138 3798 416 3870 καιρότερον
485 3797 848 3868 διηγήσεται,
922 3793 1059 3847 ὲπάν
1128 3792 1188 3846 τὸ
1250 3784 1677 3864 προκείμενονῇ

1824 3800 1995 3871 tquid
2023 3801 2125 3855 sibi
2160 3800 2291 3854 velit
2340 3801 2455 3854 hmc
2516 3800 2745 3854 historia
2777 3798 2938 3852 obvio
2969 3812 3130 3852 sensu
3202 3812 3363 3850 acce-

139 3891 447 3961 παραστῆσαι
476 3888 576 3943 καὶ
607 3887 673 3939 τά
696 3886 797 3956 τῆς
818 3885 956 3938 κατά
985 3884 1075 3937 τὸν
1109 3884 1275 3937 τόπον
1303 3883 1543 3954 ἱστορίας
1568 3881 1678 3935 τίνα

1833 3902 1906 3956 ta.
1957 3900 2013 3945 et
2057 3893 2122 3945 ad
2145 3892 2273 3961 quid
2318 3891 2575 3946 arcanius
2625 3890 2815 3945 referri
2841 3890 3057 3944 debeat.
3094 3888 3359 3956 Quoniam

139 3980 229 4050 ἔχοι
245 3982 410 4050 λόγον,
443 3982 545 4035 καὶ
568 3978 635 4032 τὰ
661 3978 762 4048 τῆς
804 3977 933 4047 περ).
967 3976 1131 4030 αὑτοῦ
1177 3976 1484 4045 ἀναγωγῆς.
1534 3972 1678 4025 Ἐπεὶ

1822 3982 1948 4052 ηδ
1974 3997 2101 4037 vero
2126 3983 2312 4037 Celsus
2343 3982 2516 4038 credit
2538 3996 2605 4035 ex
2637 3982 2929 4050 depravata
2953 3980 3185 4034 filiorum
3211 3979 3361 4033 Aloei

138 4071 172 4123 δ’
194 4074 341 4128 οἴεται
360 4074 625 4135 Μωῦσέα,
656 4070 744 4123 τὸν
768 4067 1155 4139 ἀναγράψαντα
1175 4067 1244 4121 τὰ
1272 4067 1399 4139 περὶ
1426 4064 1520 4119 τοῦ
1546 4066 1677 4136 πύρ-

1830 4073 2017 4127 istoria
2064 4075 2359 4140 sumpsisse
2401 4072 2659 4141 Moysetn,
2690 4086 2812 4139 quae
2837 4072 2902 4125 de
2922 4072 3052 4124 turri
3081 4080 3135 4124 et
3157 4070 3366 4138 lingua-

140 4178 217 4229 γου
254 4166 337 4218 καὶ
368 4166 465 4235 τῆς
506 4162 621 4217 τῶν
666 4162 957 4215 διαλέκτων
1000 4158 1332 4230 συγχύσεως,
1385 4156 1679 4229 παραιρθεὶ-

1826 4180 1913 4217 um
1948 4164 2268 4219 confusione
2303 4164 2651 4227 memoravit,
2686 4163 2975 4216 dicendum
3010 4160 3211 4214 nullam
3240 4161 3363 4227 qni-

143 4269 284 4321 ραντα
326 4255 392 4309 τὰ
444 4255 577 4326 περὶ
634 4252 745 4306 τῶν
811 4250 1091 4304 Ἀλωαδῶν
1144 4250 1253 4321 (69)
1309 4249 1682 4321 ἱστορούμενα,

1826 4271 1910 4310 em
1942 4256 2009 4308 ab
2044 4255 2156 4308 ullo
2186 4264 2310 4308 ante
2338 4252 2633 4309 Homerum
2674 4252 2873 4307 factam
2913 4251 3082 4304 fuisse
3124 4250 3189 4303 de
3238 4248 3362 4303 filiis

140 4347 330 4401 τοιαῦτα
368 4350 494 4419 περὶ
543 4345 637 4399 τοῦ
680 4348 887 4418 πύργου
937 4343 1405 4415 ἀναγεγραφέναι·
1462 4342 1679 4395 λεκτέον

1818 4347 1942 4401 tloei
2000 4347 2388 4411 mentionem;
2444 4355 2498 4398 at
2552 4345 2719 4399 turris
2773 4343 3054 4397 historiam
3107 4340 3274 4394 fuisse
3331 4356 3357 4392 a

139 4436 205 4489 ὅτι
221 4438 281 4491 τὰ
304 4440 394 4510 μὲν
411 4440 544 4512 περὶ
566 4438 671 4491 τῶν
701 4437 975 4490 Ἀλωαδῶν
1001 4436 1101 4489 οὐκ
1126 4430 1277 4505 οἶμαι
1302 4433 1406 4505 πρὸ
1445 4435 1678 4505 Ὀμήρου

1819 4439 1976 4510 loyse
2030 4438 2434 4507 conscriptam,
2491 4451 2651 4505 quem
2717 4450 2823 4489 non
2860 4433 3031 4489 solum
3083 4434 3358 4495 llotncro,

142 4528 243 4581 τινὰ
278 4532 551 4601 εἰρηκέναι
572 4548 585 4561 ο
622 4528 690 4582 τὰ
716 4529 771 4581 δὲ
801 4528 931 4598 περὶ
959 4527 1052 4580 τοῦ
1080 4527 1290 4598 πύργου
1336 4524 1514 4596 πολλῷ
1555 4543 1681 4597 πρε-

1823 4532 1883 4587 ed
1932 4530 2093 4584 etiam
2138 4529 2448 4582 litterarum
2495 4526 2808 4581 Graecarum
2853 4524 3166 4578 inventione
3218 4521 3362 4574 anti-

145 4617 347 4691 σϐύτερα
379 4621 489 4692 (70)
531 4623 592 4674 ού
636 4620 794 4690 μόνον
849 4618 1107 4690 Ὁμήρου,
1152 4616 1287 4671 ἀλλά
1320 4618 1413 4669 καὶ
1446 4617 1545 4686 τῆς
1574 4616 1683 4670 τῶν

1820 4624 2036 4690 ςιιίοιθιιι
2072 4635 2191 4675 esse
2226 4620 2358 4673 mihi
2394 4633 2715 4688 persuasum
2753 4627 2858 4671 est.
2898 4616 3029 4672 Uter
3075 4614 3240 4684 igitur
3280 4612 3359 4666 al—

151 4708 441 4781 Ἐλληνικῶν
467 4712 811 4785 γραμμάτων
850 4709 1117 4781 εὑρέσεως
1151 4710 1299 4771 ὄντα,
1328 4708 1418 4762 τὸν
1443 4708 1685 4762 Μωῦσέα

1819 4714 1960 4768 erius
2009 4712 2213 4781 scripta
2266 4711 2625 4779 depravavit?
2672 4710 2991 4777 Scriptorne
3045 4706 3358 4760 Aloidarum

140 4799 545 4874 ἀναγεγραφέναι
581 4803 858 4873 πείθομαι.
888 4802 1042 4865 Τίνες
1074 4797 1166 4855 οὖν
1198 4800 1394 4871 μᾶλλον
1420 4798 1489 4852 τά
1523 4799 1679 4852 τίνων

1823 4806 1987 4860 Ibulte
2022 4805 2307 4860 historiam
2358 4804 2573 4858 turris?
2608 4803 2690 4856 An
2728 4803 2773 4856 is
2805 4801 2896 4871 qui
2922 4801 2987 4855 de
3017 4800 3154 4853 turri
3181 4805 3236 4851 et
3260 4798 3362 4849 lin-

142 4895 607 4967 παραφθείρουσιν;
645 4890 792 4965 ’Ἃρα
831 4892 899 4945 τὰ
940 4894 1067 4963 περὶ
1108 4891 1200 4945 τοῦ
1239 4892 1446 4963 πύργου
1482 4892 1528 4943 οἱ
1556 4890 1681 4960 περὶ

1826 4912 2018 4951 uarum
2070 4896 2392 4950 confusione
2440 4896 2701 4963 scripsit,
2730 4892 3041 4946 Aloidarum
3088 4888 3360 4943 fabulam?

152 4978 400 5058 ᾈλωαδῶν
426 4986 783 5058 ἱστοροῦντες,
811 4987 843 5056 ἢ
870 4987 939 5039 τά
961 4986 1068 5038 τῶν
1106 4985 1383 5038 Ἀλωαδῶν
1410 4986 1438 5037 ὁ
1463 4982 1532 5036 τὰ
1556 4984 1683 5055 περὶ

1821 4999 1860 5043 tt
1889 5004 2045 5042 nemo
2078 5004 2263 5057 :erpms
2294 5004 2400 5042 non
2427 4988 2683 5058 agnoscit
2710 4986 2945 5056 Moysem
2975 4999 3094 5039 esse
3125 4982 3360 5036 Ilontero

141 5074 219 5127 τοῦ
260 5077 457 5148 πύργου
492 5080 585 5131 καὶ
612 5080 709 5149 τῆς
739 5077 1047 5148 συγχύσεως
1079 5075 1187 5131 τῶν
1226 5075 1516 5129 διαλέκτων
1543 5076 1680 5147 γρά-

1829 5080 2176 5150 ntiquiorem.
2201 5081 2299 5135 Sic
2326 5090 2382 5135 et
2420 5096 2541 5150 quae
2573 5080 2641 5134 de
2675 5077 2930 5133 Sodomis
2959 5084 3012 5130 et
3040 5073 3363 5131 Gomorrhis

200 5209 239 5240 ⁸⁰
260 5210 443 5267 Cenes.
495 5230 573 5279 ιι,
604 5215 653 5269 l.
734 5216 777 5247 ⁸¹
812 5215 946 5270 lbid.
971 5216 1025 5271 9.

203 5348 300 5419 (66)
332 5352 871 5426 Οιιο-ῗθιίρθιιῖητῷ
905 5355 1119 5426 πρῶτον
1177 5354 1461 5426 συμϐάντι.
1516 5353 1686 5410 Paulo

1814 5354 1937 5407 ιύτοὶ
1971 5352 2490 5423 κατασκευάζωμεν,
2545 5352 2741 5409 melius
2780 5369 2941 5424 quam
2975 5353 3106 5412 libb.
3140 5354 3353 5421 excusi,

144 5429 245 5483 pust
271 5424 417 5496 codd.
448 5423 647 5494 Regius
677 5436 728 5496 et
753 5423 1099 5496 llas’ilce'nsis,
1127 5423 1471 5495 προστιθέναι
1498 5425 1681 5496 ἕτερα,

1042 5442 1099 5489 ιε,
1127 5423 1471 5495 προστιθέναι
1498 5425 1681 5496 ἕτερα,
1783 5428 1877 5479 καὶ
1904 5426 2056 5477 αὐτοὶ
2084 5425 2581 5496 κατασκευάζομεν.

147 5500 296 5567 recte.
325 5493 487 5567 Alias,
519 5495 848 5567 περιτιθέναι
877 5495 1056 5567 ἕτερα.
1235 5564 1245 5567 Α
1308 5563 1361 5567 -ν
1592 5493 1602 5496 ’

1838 5496 2160 5567 ,(69)Ῠβ(›‹Ι‹Ι.
2192 5495 2387 5567 Regius
2431 5493 2484 5547 et
2513 5494 2839 5567 Basilcensis
2894 5494 3124 5567 ubique.
3154 5494 3356 5567 Ἀλωα-

192 5559 304 5636 .(67)
332 5559 716 5636 Πλάτωέπου
745 5566 896 5618 οὕτω
922 5559 1104 5636 λέγει.
1148 5563 1280 5636 Yide
1308 5563 1585 5636 Platonem
1625 5566 1675 5620 in

1817 5559 1904 5618 ῶν.
1966 5559 2406 5636 llmsclteliusin
2456 5569 2717 5633 margine,
2762 5559 3187 5636 Ἀλιυέωςύἱῶν.
3245 5566 3356 5617 Duo

149 5623 341 5713 Erymo,
369 5648 486 5713 pag.
522 5633 610 5698 22,
642 5644 699 5689 et
736 5636 830 5689 lib.
865 5650 923 5688 ιιι
958 5623 1032 5689 οὲ
1056 5634 1237 5704 legib.,
1265 5635 1531 5705 pag.676,
1552 5636 1675 5701 677,

1818 5636 2052 5713 'aticatti:
2110 5638 2264 5713 modo
2315 5623 2617 5713 _'dlwuz(b\7,
2646 5623 2824 5713 “modo
2855 5623 3176 5713 ιξᾼλωέων,Δ
3198 5638 3357 5689 modo

147 5693 330 5774 678,5;t
356 5693 621 5774 deinceps.
1106 5693 1127 5704 ⁷
1265 5693 1279 5702 ’
1336 5693 1363 5705 ”
1519 5693 1530 5701 ’
1661 5693 1673 5701 ’
1801 5704 2114 5757 Ἀλωειδῶν.
2147 5704 2281 5757 Vide
2314 5693 2613 5759 Homerum.
2637 5705 2822 5774 Odyss.
2855 5706 2947 5759 lib.
2972 5693 3198 5771 xt,.506.

208 5765 306 5853 (b8)
492 5765 990 5853 ἐπαγγελᾷόμενα.
1050 5775 1365 5853 Bohcrcllus
1435 5776 1676 5853 m_avult_.

1859 5774 1969 5847 (70)
2003 5776 2396 5853 npgcreuzepa.
2421 5765 2790 5853 “notterett'us
2838 5776 2985 5847 legit,
3038 5765 3353 5847 ’πρεσϐύτε-

208 5794 306 5833 tuo;
357 5794 429 5823 ια
492 5794 629 5845 επαπ
683 5794 990 5843 ελλομενα.
1052 5794 1365 5829 DOllCrCllllS
1435 5794 1676 5837 mavult.

147 5830 581 5914 ἀπαγγελλόμενα.
632 5794 804 5901 ἶίιυιο
849 5856 969 5915 post
1011 5848 1177 5902 codex
1206 5845 1550 5915 llasileensis,
1586 5846 1676 5901 καί

1136 5794 1365 5829 llCrCllllS
1435 5794 1640 5830 maVllll
1662 5816 1676 5837 ,
1859 5794 1969 5847 (ίυ)
2003 5794 2396 5842 ιιρεσουτερα.
2483 5794 2675 5829 ΙΙΟΙΙΘΓΕ

1136 5862 1177 5901 rx
1206 5845 1550 5915 Basilcensis,
1586 5846 1676 5901 καί
1787 5864 1899 5917 ρον,
1936 5854 1995 5901 ιιι
2025 5847 2290 5901 referatur
2325 5847 2390 5902 ad
2420 5844 2675 5923 Moyscm.
