  <div class='ocr_page' id='page_1' title='image "/cluster/home/n/w/nwhite01/storage/ocr_20150623/11/hvd.32044024345175/533.png"; bbox 0 0 3898 6540; ppageno 0'>
   <div class='ocr_carea' id='block_1_1' title="bbox 495 384 636 442">
    <p class='ocr_par' dir='ltr' id='par_1_1' title="bbox 495 384 636 442">
     <span class='ocr_line' id='line_1_1' title="bbox 495 384 636 442; baseline 0.014 -4"><span class='ocrx_word' id='word_1_1' title='bbox 495 384 636 442; x_wconf 67' lang='grc'><strong>1055</strong></span> 
     </span>
    </p>
   </div>
   <div class='ocr_carea' id='block_1_2' title="bbox 1983 380 2306 436">
    <p class='ocr_par' dir='ltr' id='par_1_2' title="bbox 1983 380 2306 436">
     <span class='ocr_line' id='line_1_2' title="bbox 1983 380 2306 436; baseline -0.009 0"><span class='ocrx_word' id='word_1_2' title='bbox 1983 380 2306 436; x_wconf 73' lang='lat' dir='ltr'><strong>ORIGEMS</strong></span> 
     </span>
    </p>
   </div>
   <div class='ocr_carea' id='block_1_3' title="bbox 3599 384 3728 440">
    <p class='ocr_par' dir='ltr' id='par_1_3' title="bbox 3599 384 3728 440">
     <span class='ocr_line' id='line_1_3' title="bbox 3599 384 3728 440; baseline 0.016 -2"><span class='ocrx_word' id='word_1_3' title='bbox 3599 384 3728 440; x_wconf 65' lang='lat'><strong>1056</strong></span> 
     </span>
    </p>
   </div>
   <div class='ocr_carea' id='block_1_4' title="bbox 496 499 2063 578">
    <p class='ocr_par' dir='ltr' id='par_1_4' title="bbox 496 505 2063 576">
     <span class='ocr_line' id='line_1_4' title="bbox 496 505 2063 576; baseline -0.001 -16"><span class='ocrx_word' id='word_1_4' title='bbox 496 518 721 576; x_wconf 73' lang='lat' dir='ltr'><strong>promer</strong></span> <span class='ocrx_word' id='word_1_5' title='bbox 758 515 980 576; x_wconf 73' lang='lat' dir='ltr'><strong>peccata</strong></span> <span class='ocrx_word' id='word_1_6' title='bbox 1018 505 1140 575; x_wconf 88' lang='lat' dir='ltr'><strong>igne</strong></span> <span class='ocrx_word' id='word_1_7' title='bbox 1171 506 1511 576; x_wconf 77' lang='lat' dir='ltr'><strong>consumptis</strong></span> <span class='ocrx_word' id='word_1_8' title='bbox 1543 505 1753 574; x_wconf 75' lang='lat' dir='ltr'><strong>Moyses</strong></span> <span class='ocrx_word' id='word_1_9' title='bbox 1785 505 1837 560; x_wconf 91' lang='lat' dir='ltr'><strong>in</strong></span> <span class='ocrx_word' id='word_1_10' title='bbox 1870 505 2063 560; x_wconf 79' lang='lat' dir='ltr'><strong>Genesi</strong></span> 
     </span>
    </p>
   </div>
   <div class='ocr_carea' id='block_1_5' title="bbox 2173 499 3731 578">
    <p class='ocr_par' dir='ltr' id='par_1_5' title="bbox 2173 499 3731 578">
     <span class='ocr_line' id='line_1_5' title="bbox 2173 499 3731 578; baseline 0.008 -30"><span class='ocrx_word' id='word_1_11' title='bbox 2173 501 2307 572; x_wconf 76' lang='grc' dir='ltr'>ψας;</span> <span class='ocrx_word' id='word_1_12' title='bbox 2352 499 2512 554; x_wconf 79' lang='grc' dir='ltr'>Ἀλλά</span> <span class='ocrx_word' id='word_1_13' title='bbox 2539 500 2786 570; x_wconf 75' lang='grc' dir='ltr'>φαίνεται</span> <span class='ocrx_word' id='word_1_14' title='bbox 2829 504 2944 565; x_wconf 86' lang='grc' dir='ltr'>τοῖς</span> <span class='ocrx_word' id='word_1_15' title='bbox 2974 502 3292 566; x_wconf 76' lang='grc' dir='ltr'><strong>ἀδεκάστοις</strong></span> <span class='ocrx_word' id='word_1_16' title='bbox 3323 504 3608 575; x_wconf 70' lang='grc' dir='ltr'><strong>ἀκροαταῖς</strong></span> <span class='ocrx_word' id='word_1_17' title='bbox 3643 509 3731 578; x_wconf 81' lang='grc' dir='ltr'>ἀρ-</span> 
     </span>
    </p>
   </div>
   <div class='ocr_carea' id='block_1_6' title="bbox 494 595 2062 664">
    <p class='ocr_par' dir='ltr' id='par_1_6' title="bbox 494 595 2062 664">
     <span class='ocr_line' id='line_1_6' title="bbox 494 595 2062 664; baseline -0.001 -13"><span class='ocrx_word' id='word_1_18' title='bbox 494 606 703 664; x_wconf 91' lang='lat' dir='ltr'><strong>narrat,</strong></span> <span class='ocrx_word' id='word_1_19' title='bbox 731 612 792 651; x_wconf 92' lang='lat' dir='ltr'><strong>ea</strong></span> <span class='ocrx_word' id='word_1_20' title='bbox 819 613 942 651; x_wconf 89' lang='lat' dir='ltr'><strong>cum</strong></span> <span class='ocrx_word' id='word_1_21' title='bbox 973 597 1204 650; x_wconf 90' lang='lat' dir='ltr'><strong>historia</strong></span> <span class='ocrx_word' id='word_1_22' title='bbox 1234 596 1592 652; x_wconf 74' lang='lat' dir='ltr'><strong>Phaethontis</strong></span> <span class='ocrx_word' id='word_1_23' title='bbox 1621 595 1829 650; x_wconf 85' lang='lat' dir='ltr'><strong>confert</strong></span> <span class='ocrx_word' id='word_1_24' title='bbox 1852 596 2062 661; x_wconf 84' lang='lat' dir='ltr'><strong>Celsus;</strong></span> 
     </span>
    </p>
   </div>
   <div class='ocr_carea' id='block_1_7' title="bbox 491 686 2061 756">
    <p class='ocr_par' dir='ltr' id='par_1_7' title="bbox 491 686 2061 756">
     <span class='ocr_line' id='line_1_7' title="bbox 491 686 2061 756; baseline -0.001 -16"><span class='ocrx_word' id='word_1_25' title='bbox 491 703 612 756; x_wconf 73' lang='lat' dir='ltr'><strong>qua:</strong></span> <span class='ocrx_word' id='word_1_26' title='bbox 664 687 846 743; x_wconf 91' lang='lat' dir='ltr'><strong>omnia</strong></span> <span class='ocrx_word' id='word_1_27' title='bbox 897 701 960 740; x_wconf 74' lang='lat' dir='ltr'><strong>ex</strong></span> <span class='ocrx_word' id='word_1_28' title='bbox 1009 687 1198 741; x_wconf 85' lang='lat' dir='ltr'><strong>eodem</strong></span> <span class='ocrx_word' id='word_1_29' title='bbox 1254 702 1448 741; x_wconf 89' lang='lat' dir='ltr'><strong>errore</strong></span> <span class='ocrx_word' id='word_1_30' title='bbox 1500 686 1716 752; x_wconf 83' lang='lat' dir='ltr'><strong>fluunt,</strong></span> <span class='ocrx_word' id='word_1_31' title='bbox 1750 687 1958 741; x_wconf 91' lang='lat' dir='ltr'><strong>scilicet</strong></span> <span class='ocrx_word' id='word_1_32' title='bbox 1997 701 2061 738; x_wconf 85' lang='lat' dir='ltr'><strong>ex</strong></span> 
     </span>
    </p>
   </div>
   <div class='ocr_carea' id='block_1_8' title="bbox 491 777 2064 850">
    <p class='ocr_par' dir='ltr' id='par_1_8' title="bbox 491 777 2064 850">
     <span class='ocr_line' id='line_1_8' title="bbox 491 777 2064 850; baseline -0.003 -17"><span class='ocrx_word' id='word_1_33' title='bbox 491 780 842 834; x_wconf 78' lang='lat' dir='ltr'><strong>inobservata</strong></span> <span class='ocrx_word' id='word_1_34' title='bbox 906 778 1103 850; x_wconf 82' lang='lat' dir='ltr'><strong>Moysis</strong></span> <span class='ocrx_word' id='word_1_35' title='bbox 1169 778 1519 848; x_wconf 76' lang='lat' dir='ltr'><strong>antiquitate.</strong></span> <span class='ocrx_word' id='word_1_36' title='bbox 1590 777 1854 832; x_wconf 77' lang='lat' dir='ltr'><strong>Videntur</strong></span> <span class='ocrx_word' id='word_1_37' title='bbox 1919 778 2064 830; x_wconf 88' lang='lat' dir='ltr'><strong>enim</strong></span> 
     </span>
    </p>
   </div>
   <div class='ocr_carea' id='block_1_9' title="bbox 491 870 2068 941">
    <p class='ocr_par' dir='ltr' id='par_1_9' title="bbox 491 870 2068 941">
     <span class='ocr_line' id='line_1_9' title="bbox 491 870 2068 941; baseline -0.002 -15"><span class='ocrx_word' id='word_1_38' title='bbox 491 872 877 926; x_wconf 67' lang='lat' dir='ltr'><strong>Phaethontea:</strong></span> <span class='ocrx_word' id='word_1_39' title='bbox 906 873 1152 927; x_wconf 74' lang='lat' dir='ltr'><strong>historia:</strong></span> <span class='ocrx_word' id='word_1_40' title='bbox 1193 873 1487 941; x_wconf 90' lang='lat' dir='ltr'><strong>scriptores</strong></span> <span class='ocrx_word' id='word_1_41' title='bbox 1515 871 1681 926; x_wconf 89' lang='lat' dir='ltr'><strong>etiam</strong></span> <span class='ocrx_word' id='word_1_42' title='bbox 1722 870 1954 926; x_wconf 89' lang='lat' dir='ltr'><strong>llomero</strong></span> <span class='ocrx_word' id='word_1_43' title='bbox 1983 885 2068 924; x_wconf 91' lang='lat' dir='ltr'><strong>re-</strong></span> 
     </span>
    </p>
   </div>
   <div class='ocr_carea' id='block_1_10' title="bbox 490 963 2066 1034">
    <p class='ocr_par' dir='ltr' id='par_1_10' title="bbox 490 963 2066 1034">
     <span class='ocr_line' id='line_1_10' title="bbox 490 963 2066 1034; baseline -0.003 -15"><span class='ocrx_word' id='word_1_44' title='bbox 490 965 772 1019; x_wconf 84' lang='lat' dir='ltr'><strong>centiores</strong></span> <span class='ocrx_word' id='word_1_45' title='bbox 810 977 950 1026; x_wconf 87' lang='lat' dir='ltr'><strong>esse,</strong></span> <span class='ocrx_word' id='word_1_46' title='bbox 983 965 1076 1033; x_wconf 87' lang='lat' dir='ltr'><strong>qui</strong></span> <span class='ocrx_word' id='word_1_47' title='bbox 1109 973 1162 1018; x_wconf 90' lang='lat' dir='ltr'><strong>et</strong></span> <span class='ocrx_word' id='word_1_48' title='bbox 1202 965 1315 1032; x_wconf 90' lang='lat' dir='ltr'><strong>ipse</strong></span> <span class='ocrx_word' id='word_1_49' title='bbox 1352 964 1534 1034; x_wconf 83' lang='lat' dir='ltr'><strong>Moyse</strong></span> <span class='ocrx_word' id='word_1_50' title='bbox 1571 963 1740 1018; x_wconf 93' lang='lat' dir='ltr'><strong>multo</strong></span> <span class='ocrx_word' id='word_1_51' title='bbox 1772 972 1855 1016; x_wconf 88' lang='lat' dir='ltr'><strong>est</strong></span> <span class='ocrx_word' id='word_1_52' title='bbox 1883 977 2066 1016; x_wconf 83' lang='lat' dir='ltr'><strong>recen-</strong></span> 
     </span>
    </p>
   </div>
   <div class='ocr_carea' id='block_1_11' title="bbox 492 1055 2056 1126">
    <p class='ocr_par' dir='ltr' id='par_1_11' title="bbox 492 1055 2056 1126">
     <span class='ocr_line' id='line_1_11' title="bbox 492 1055 2056 1126; baseline -0.002 -16"><span class='ocrx_word' id='word_1_53' title='bbox 492 1057 618 1111; x_wconf 84' lang='lat' dir='ltr'><strong>tior.</strong></span> <span class='ocrx_word' id='word_1_54' title='bbox 654 1055 770 1109; x_wconf 84' lang='lat' dir='ltr'><strong>Non</strong></span> <span class='ocrx_word' id='word_1_55' title='bbox 807 1056 974 1124; x_wconf 81' lang='lat' dir='ltr'><strong>igitur</strong></span> <span class='ocrx_word' id='word_1_56' title='bbox 1008 1071 1271 1126; x_wconf 81' lang='lat' dir='ltr'><strong>negamus</strong></span> <span class='ocrx_word' id='word_1_57' title='bbox 1300 1057 1421 1126; x_wconf 89' lang='lat' dir='ltr'><strong>igne</strong></span> <span class='ocrx_word' id='word_1_58' title='bbox 1447 1055 1712 1124; x_wconf 81' lang='lat' dir='ltr'><strong>purgandi</strong></span> <span class='ocrx_word' id='word_1_59' title='bbox 1749 1055 1798 1107; x_wconf 88' lang='lat' dir='ltr'><strong>vi</strong></span> <span class='ocrx_word' id='word_1_60' title='bbox 1831 1055 2056 1124; x_wconf 51' lang='lat' dir='ltr'><strong>pradito</strong></span> 
     </span>
    </p>
   </div>
   <div class='ocr_carea' id='block_1_12' title="bbox 489 1147 2066 1216">
    <p class='ocr_par' dir='ltr' id='par_1_12' title="bbox 489 1147 2066 1216">
     <span class='ocr_line' id='line_1_12' title="bbox 489 1147 2066 1216; baseline -0.003 -14"><span class='ocrx_word' id='word_1_61' title='bbox 489 1148 750 1202; x_wconf 90' lang='lat' dir='ltr'><strong>mundum</strong></span> <span class='ocrx_word' id='word_1_62' title='bbox 781 1147 1124 1216; x_wconf 88' lang='lat' dir='ltr'><strong>absumptum</strong></span> <span class='ocrx_word' id='word_1_63' title='bbox 1158 1148 1247 1210; x_wconf 89' lang='lat' dir='ltr'><strong>iri,</strong></span> <span class='ocrx_word' id='word_1_64' title='bbox 1277 1158 1333 1201; x_wconf 93' lang='lat' dir='ltr'><strong>ut</strong></span> <span class='ocrx_word' id='word_1_65' title='bbox 1361 1147 1687 1200; x_wconf 85' lang='lat' dir='ltr'><strong>aboleantur</strong></span> <span class='ocrx_word' id='word_1_66' title='bbox 1716 1147 1846 1200; x_wconf 78' lang='lat' dir='ltr'><strong>vitia</strong></span> <span class='ocrx_word' id='word_1_67' title='bbox 1873 1155 1924 1200; x_wconf 87' lang='lat' dir='ltr'><strong>et</strong></span> <span class='ocrx_word' id='word_1_68' title='bbox 1952 1147 2066 1199; x_wconf 71' lang='lat' dir='ltr'><strong>haec</strong></span> 
     </span>
    </p>
   </div>
   <div class='ocr_carea' id='block_1_13' title="bbox 490 1235 2065 1292">
    <p class='ocr_par' dir='ltr' id='par_1_13' title="bbox 490 1235 2065 1292">
     <span class='ocr_line' id='line_1_13' title="bbox 490 1235 2065 1292; baseline -0.001 -2"><span class='ocrx_word' id='word_1_69' title='bbox 490 1247 785 1291; x_wconf 80' lang='lat' dir='ltr'><strong>renovetur</strong></span> <span class='ocrx_word' id='word_1_70' title='bbox 814 1237 1180 1291; x_wconf 83' lang='lat' dir='ltr'><strong>universitas:</strong></span> <span class='ocrx_word' id='word_1_71' title='bbox 1214 1238 1264 1290; x_wconf 92' lang='lat' dir='ltr'><strong>id</strong></span> <span class='ocrx_word' id='word_1_72' title='bbox 1309 1252 1340 1292; x_wconf 89' lang='lat' dir='ltr'><strong>e</strong></span> <span class='ocrx_word' id='word_1_73' title='bbox 1367 1235 1651 1291; x_wconf 87' lang='lat' dir='ltr'><strong>contrario</strong></span> <span class='ocrx_word' id='word_1_74' title='bbox 1684 1251 1784 1291; x_wconf 91' lang='lat' dir='ltr'><strong>nos</strong></span> <span class='ocrx_word' id='word_1_75' title='bbox 1836 1251 1867 1290; x_wconf 93' lang='lat' dir='ltr'><strong>e</strong></span> <span class='ocrx_word' id='word_1_76' title='bbox 1893 1235 2065 1289; x_wconf 88' lang='lat' dir='ltr'><strong>sacris</strong></span> 
     </span>
    </p>
   </div>
   <div class='ocr_carea' id='block_1_14' title="bbox 489 1327 2062 1399">
    <p class='ocr_par' dir='ltr' id='par_1_14' title="bbox 489 1327 2062 1399">
     <span class='ocr_line' id='line_1_14' title="bbox 489 1327 2062 1399; baseline -0.003 -17"><span class='ocrx_word' id='word_1_77' title='bbox 489 1329 874 1398; x_wconf 85' lang='lat' dir='ltr'><strong>prophetarum</strong></span> <span class='ocrx_word' id='word_1_78' title='bbox 908 1331 1060 1384; x_wconf 85' lang='lat' dir='ltr'><strong>libris</strong></span> <span class='ocrx_word' id='word_1_79' title='bbox 1091 1330 1346 1384; x_wconf 89' lang='lat' dir='ltr'><strong>didicisse</strong></span> <span class='ocrx_word' id='word_1_80' title='bbox 1375 1333 1713 1399; x_wconf 85' lang='lat' dir='ltr'><strong>profitemur.</strong></span> <span class='ocrx_word' id='word_1_81' title='bbox 1739 1327 1872 1380; x_wconf 77' lang='lat' dir='ltr'><strong>Nam</strong></span> <span class='ocrx_word' id='word_1_82' title='bbox 1899 1342 2022 1380; x_wconf 90' lang='lat' dir='ltr'><strong>cum</strong></span> <span class='ocrx_word' id='word_1_83' title='bbox 2048 1367 2062 1390; x_wconf 88' lang='lat'><strong>,</strong></span> 
     </span>
    </p>
   </div>
   <div class='ocr_carea' id='block_1_15' title="bbox 490 1421 2064 1493">
    <p class='ocr_par' dir='ltr' id='par_1_15' title="bbox 490 1421 2064 1493">
     <span class='ocr_line' id='line_1_15' title="bbox 490 1421 2064 1493; baseline -0.002 -19"><span class='ocrx_word' id='word_1_84' title='bbox 490 1432 550 1475; x_wconf 89' lang='lat' dir='ltr'><strong>ut</strong></span> <span class='ocrx_word' id='word_1_85' title='bbox 577 1431 704 1476; x_wconf 86' lang='lat' dir='ltr'><strong>ante</strong></span> <span class='ocrx_word' id='word_1_86' title='bbox 737 1423 942 1478; x_wconf 86' lang='lat' dir='ltr'><strong>dictum</strong></span> <span class='ocrx_word' id='word_1_87' title='bbox 973 1433 1075 1484; x_wconf 89' lang='lat' dir='ltr'><strong>est,</strong></span> <span class='ocrx_word' id='word_1_88' title='bbox 1100 1424 1380 1493; x_wconf 67' lang='lat' dir='ltr'><strong>protihetre</strong></span> <span class='ocrx_word' id='word_1_89' title='bbox 1413 1425 1478 1476; x_wconf 91' lang='lat' dir='ltr'><strong>de</strong></span> <span class='ocrx_word' id='word_1_90' title='bbox 1508 1431 1672 1477; x_wconf 82' lang='lat' dir='ltr'><strong>rebus</strong></span> <span class='ocrx_word' id='word_1_91' title='bbox 1697 1421 1893 1474; x_wconf 88' lang='lat' dir='ltr'><strong>futuris</strong></span> <span class='ocrx_word' id='word_1_92' title='bbox 1922 1421 2064 1472; x_wconf 75' lang='lat' dir='ltr'><strong>vati-</strong></span> 
     </span>
    </p>
   </div>
   <div class='ocr_carea' id='block_1_16' title="bbox 490 1514 2063 1586">
    <p class='ocr_par' dir='ltr' id='par_1_16' title="bbox 490 1514 2063 1586">
     <span class='ocr_line' id='line_1_16' title="bbox 490 1514 2063 1586; baseline -0.003 -19"><span class='ocrx_word' id='word_1_93' title='bbox 490 1515 659 1568; x_wconf 88' lang='lat' dir='ltr'><strong>cinati</strong></span> <span class='ocrx_word' id='word_1_94' title='bbox 688 1555 704 1581; x_wconf 86' lang='lat'><strong>,</strong></span> <span class='ocrx_word' id='word_1_95' title='bbox 744 1516 810 1570; x_wconf 89' lang='lat' dir='ltr'><strong>de</strong></span> <span class='ocrx_word' id='word_1_96' title='bbox 851 1515 1142 1586; x_wconf 75' lang='lat' dir='ltr'><strong>prmteritis</strong></span> <span class='ocrx_word' id='word_1_97' title='bbox 1185 1530 1314 1570; x_wconf 75' lang='lat' dir='ltr'><strong>vera</strong></span> <span class='ocrx_word' id='word_1_98' title='bbox 1363 1516 1568 1569; x_wconf 80' lang='lat' dir='ltr'><strong>dixisse</strong></span> <span class='ocrx_word' id='word_1_99' title='bbox 1603 1514 2024 1582; x_wconf 88' lang='lat' dir='ltr'><strong>comprobeutur</strong></span> <span class='ocrx_word' id='word_1_100' title='bbox 2049 1551 2063 1573; x_wconf 92' lang='lat'><strong>,</strong></span> 
     </span>
    </p>
   </div>
   <div class='ocr_carea' id='block_1_17' title="bbox 489 1602 2063 1678">
    <p class='ocr_par' dir='ltr' id='par_1_17' title="bbox 489 1602 2063 1678">
     <span class='ocr_line' id='line_1_17' title="bbox 489 1602 2063 1678; baseline -0.005 -15"><span class='ocrx_word' id='word_1_101' title='bbox 489 1610 683 1678; x_wconf 90' lang='lat' dir='ltr'><strong>sicque</strong></span> <span class='ocrx_word' id='word_1_102' title='bbox 712 1617 1092 1677; x_wconf 78' lang='lat' dir='ltr'><strong>argumentum</strong></span> <span class='ocrx_word' id='word_1_103' title='bbox 1127 1608 1346 1662; x_wconf 86' lang='lat' dir='ltr'><strong>dedisse</strong></span> <span class='ocrx_word' id='word_1_104' title='bbox 1385 1607 1686 1662; x_wconf 83' lang='lat' dir='ltr'><strong>habitantis</strong></span> <span class='ocrx_word' id='word_1_105' title='bbox 1719 1606 1770 1658; x_wconf 90' lang='lat' dir='ltr'><strong>iu</strong></span> <span class='ocrx_word' id='word_1_106' title='bbox 1802 1618 1860 1658; x_wconf 86' lang='lat' dir='ltr'><strong>se</strong></span> <span class='ocrx_word' id='word_1_107' title='bbox 1893 1602 2063 1656; x_wconf 83' lang='lat' dir='ltr'><strong>divini</strong></span> 
     </span>
    </p>
   </div>
   <div class='ocr_carea' id='block_1_18' title="bbox 490 1693 2066 1772">
    <p class='ocr_par' dir='ltr' id='par_1_18' title="bbox 490 1693 2066 1772">
     <span class='ocr_line' id='line_1_18' title="bbox 490 1693 2066 1772; baseline -0.006 -17"><span class='ocrx_word' id='word_1_108' title='bbox 490 1700 765 1771; x_wconf 87' lang='lat' dir='ltr'><strong>Spiritus;</strong></span> <span class='ocrx_word' id='word_1_109' title='bbox 804 1703 1151 1772; x_wconf 89' lang='lat' dir='ltr'><strong>perspicuum</strong></span> <span class='ocrx_word' id='word_1_110' title='bbox 1195 1710 1277 1756; x_wconf 90' lang='lat' dir='ltr'><strong>est</strong></span> <span class='ocrx_word' id='word_1_111' title='bbox 1310 1701 1447 1762; x_wconf 85' lang='lat' dir='ltr'><strong>illis.</strong></span> <span class='ocrx_word' id='word_1_112' title='bbox 1483 1702 1547 1753; x_wconf 90' lang='lat' dir='ltr'><strong>de</strong></span> <span class='ocrx_word' id='word_1_113' title='bbox 1587 1699 1748 1752; x_wconf 83' lang='lat' dir='ltr'><strong>rebus</strong></span> <span class='ocrx_word' id='word_1_114' title='bbox 1777 1696 1942 1750; x_wconf 90' lang='lat' dir='ltr'><strong>etiam</strong></span> <span class='ocrx_word' id='word_1_115' title='bbox 1983 1693 2066 1747; x_wconf 86' lang='lat' dir='ltr'><strong>fn—</strong></span> 
     </span>
    </p>
   </div>
   <div class='ocr_carea' id='block_1_19' title="bbox 491 1787 2063 1865">
    <p class='ocr_par' dir='ltr' id='par_1_19' title="bbox 491 1787 2063 1865">
     <span class='ocr_line' id='line_1_19' title="bbox 491 1787 2063 1865; baseline -0.006 -17"><span class='ocrx_word' id='word_1_116' title='bbox 491 1796 660 1859; x_wconf 88' lang='lat' dir='ltr'><strong>tttris,</strong></span> <span class='ocrx_word' id='word_1_117' title='bbox 687 1795 1085 1865; x_wconf 78' lang='lat' dir='ltr'><strong>adjuugendam</strong></span> <span class='ocrx_word' id='word_1_118' title='bbox 1113 1810 1234 1851; x_wconf 89' lang='lat' dir='ltr'><strong>esse</strong></span> <span class='ocrx_word' id='word_1_119' title='bbox 1266 1794 1450 1857; x_wconf 83' lang='lat' dir='ltr'><strong>ﬁdem,</strong></span> <span class='ocrx_word' id='word_1_120' title='bbox 1484 1793 1592 1847; x_wconf 90' lang='lat' dir='ltr'><strong>imo</strong></span> <span class='ocrx_word' id='word_1_121' title='bbox 1619 1791 1802 1846; x_wconf 81' lang='lat' dir='ltr'><strong>divino</strong></span> <span class='ocrx_word' id='word_1_122' title='bbox 1835 1787 2063 1858; x_wconf 87' lang='lat' dir='ltr'><strong>Spiritui</strong></span> 
     </span>
    </p>
   </div>
   <div class='ocr_carea' id='block_1_20' title="bbox 487 1888 965 1958">
    <p class='ocr_par' dir='ltr' id='par_1_20' title="bbox 487 1888 965 1958">
     <span class='ocr_line' id='line_1_20' title="bbox 487 1888 965 1958; baseline 0.008 -20"><span class='ocrx_word' id='word_1_123' title='bbox 487 1889 578 1956; x_wconf 90' lang='lat' dir='ltr'><strong>qui</strong></span> <span class='ocrx_word' id='word_1_124' title='bbox 609 1890 661 1942; x_wconf 93' lang='lat' dir='ltr'><strong>in</strong></span> <span class='ocrx_word' id='word_1_125' title='bbox 692 1889 821 1958; x_wconf 91' lang='lat' dir='ltr'><strong>ipsis</strong></span> <span class='ocrx_word' id='word_1_126' title='bbox 847 1888 965 1942; x_wconf 90' lang='lat' dir='ltr'><strong>fuit.</strong></span> 
     </span>
    </p>
   </div>
   <div class='ocr_carea' id='block_1_21' title="bbox 2167 593 3732 667">
    <p class='ocr_par' dir='ltr' id='par_1_21' title="bbox 2167 593 3732 667">
     <span class='ocr_line' id='line_1_21' title="bbox 2167 593 3732 667; baseline 0.002 -20"><span class='ocrx_word' id='word_1_127' title='bbox 2167 593 2447 665; x_wconf 85' lang='grc' dir='ltr'>χαιότερος</span> <span class='ocrx_word' id='word_1_128' title='bbox 2472 593 2709 663; x_wconf 81' lang='grc' dir='ltr'>Μωῦσῆς</span> <span class='ocrx_word' id='word_1_129' title='bbox 2738 593 2811 645; x_wconf 79' lang='grc' dir='ltr'>ὢν</span> <span class='ocrx_word' id='word_1_130' title='bbox 2847 593 3107 664; x_wconf 82' lang='grc' dir='ltr'>Ὀμήρου.</span> <span class='ocrx_word' id='word_1_131' title='bbox 3139 595 3248 648; x_wconf 77' lang='lat' dir='ltr'><strong>Kal.</strong></span> <span class='ocrx_word' id='word_1_132' title='bbox 3266 595 3334 649; x_wconf 77' lang='grc' dir='ltr'><strong>τὰ</strong></span> <span class='ocrx_word' id='word_1_133' title='bbox 3352 596 3476 666; x_wconf 72' lang='grc' dir='ltr'>περὶ</span> <span class='ocrx_word' id='word_1_134' title='bbox 3503 596 3732 667; x_wconf 70' lang='grc' dir='ltr'>Σοδόμων</span> 
     </span>
    </p>
   </div>
   <div class='ocr_carea' id='block_1_22' title="bbox 2165 686 3732 761">
    <p class='ocr_par' dir='ltr' id='par_1_22' title="bbox 2165 686 3732 761">
     <span class='ocr_line' id='line_1_22' title="bbox 2165 686 3732 761; baseline -0.008 12"><span class='ocrx_word' id='word_1_135' title='bbox 2165 688 2222 740; x_wconf 73' lang='grc' dir='ltr'><strong>δὲ</strong></span> <span class='ocrx_word' id='word_1_136' title='bbox 2269 687 2364 740; x_wconf 64' lang='grc' dir='ltr'>καὶ</span> <span class='ocrx_word' id='word_1_137' title='bbox 2406 687 2695 756; x_wconf 68' lang='grc' dir='ltr'>Γομόρρων</span> <span class='ocrx_word' id='word_1_138' title='bbox 2739 686 2844 739; x_wconf 74' lang='grc' dir='ltr'>ὑπὸ</span> <span class='ocrx_word' id='word_1_139' title='bbox 2878 687 3154 751; x_wconf 79' lang='grc' dir='ltr'>Μωῦσέως</span> <span class='ocrx_word' id='word_1_140' title='bbox 3201 689 3551 759; x_wconf 68' lang='grc' dir='ltr'>ἱστορούμενα</span> <span class='ocrx_word' id='word_1_141' title='bbox 3589 694 3642 744; x_wconf 87' lang='grc' dir='ltr'>ὲν</span> <span class='ocrx_word' id='word_1_142' title='bbox 3675 696 3732 761; x_wconf 73' lang='grc' dir='ltr'><strong>τῇ</strong></span> 
     </span>
    </p>
   </div>
   <div class='ocr_carea' id='block_1_23' title="bbox 2167 778 3732 850">
    <p class='ocr_par' dir='ltr' id='par_1_23' title="bbox 2167 778 3732 850">
     <span class='ocr_line' id='line_1_23' title="bbox 2167 778 3732 850; baseline 0 -16"><span class='ocrx_word' id='word_1_143' title='bbox 2167 781 2403 840; x_wconf 83' lang='grc' dir='ltr'>Γενέσει,</span> <span class='ocrx_word' id='word_1_144' title='bbox 2439 778 2513 843; x_wconf 82' lang='grc' dir='ltr'>ὡς</span> <span class='ocrx_word' id='word_1_145' title='bbox 2541 779 2629 832; x_wconf 85' lang='grc' dir='ltr'><strong>διά</strong></span> <span class='ocrx_word' id='word_1_146' title='bbox 2658 779 2756 850; x_wconf 81' lang='grc' dir='ltr'><strong>τὴν</strong></span> <span class='ocrx_word' id='word_1_147' title='bbox 2795 780 3069 850; x_wconf 80' lang='grc' dir='ltr'><strong>ἁμαρτίαν</strong></span> <span class='ocrx_word' id='word_1_148' title='bbox 3106 782 3237 850; x_wconf 71' lang='grc' dir='ltr'>πυρὶ</span> <span class='ocrx_word' id='word_1_149' title='bbox 3261 781 3732 849; x_wconf 68' lang='grc' dir='ltr'>ὲξαφανισθέντων,</span> 
     </span>
    </p>
   </div>
   <div class='ocr_carea' id='block_1_24' title="bbox 2169 869 3730 946">
    <p class='ocr_par' dir='ltr' id='par_1_24' title="bbox 2169 869 3730 946">
     <span class='ocr_line' id='line_1_24' title="bbox 2169 869 3730 946; baseline 0.001 -22"><span class='ocrx_word' id='word_1_150' title='bbox 2169 869 2505 942; x_wconf 72' lang='grc' dir='ltr'>παραϐάλλει</span> <span class='ocrx_word' id='word_1_151' title='bbox 2538 872 2566 922; x_wconf 88' lang='grc' dir='ltr'>ὁ</span> <span class='ocrx_word' id='word_1_152' title='bbox 2597 869 2803 932; x_wconf 79' lang='grc' dir='ltr'><strong>Κέλσος</strong></span> <span class='ocrx_word' id='word_1_153' title='bbox 2827 874 2892 941; x_wconf 81' lang='grc' dir='ltr'>τῇ</span> <span class='ocrx_word' id='word_1_154' title='bbox 2925 871 3064 924; x_wconf 86' lang='grc' dir='ltr'><strong>κατά</strong></span> <span class='ocrx_word' id='word_1_155' title='bbox 3087 870 3182 923; x_wconf 77' lang='grc' dir='ltr'>τὸν</span> <span class='ocrx_word' id='word_1_156' title='bbox 3205 872 3479 926; x_wconf 79' lang='grc' dir='ltr'><strong>Φαέθοντα</strong></span> <span class='ocrx_word' id='word_1_157' title='bbox 3504 875 3730 946; x_wconf 72' lang='grc' dir='ltr'>ἱστορία·</span> 
     </span>
    </p>
   </div>
   <div class='ocr_carea' id='block_1_25' title="bbox 2168 963 3734 1039">
    <p class='ocr_par' dir='ltr' id='par_1_25' title="bbox 2168 963 3734 1039">
     <span class='ocr_line' id='line_1_25' title="bbox 2168 963 3734 1039; baseline 0.003 -22"><span class='ocrx_word' id='word_1_158' title='bbox 2168 964 2248 1017; x_wconf 76' lang='grc' dir='ltr'><strong>ἑνὶ</strong></span> <span class='ocrx_word' id='word_1_159' title='bbox 2280 964 2576 1034; x_wconf 76' lang='grc' dir='ltr'>σφάλματι,</span> <span class='ocrx_word' id='word_1_160' title='bbox 2604 964 2682 1034; x_wconf 83' lang='grc' dir='ltr'>τῷ</span> <span class='ocrx_word' id='word_1_161' title='bbox 2723 964 2853 1035; x_wconf 76' lang='grc' dir='ltr'>περὶ</span> <span class='ocrx_word' id='word_1_162' title='bbox 2891 963 2984 1016; x_wconf 89' lang='grc' dir='ltr'><strong>τοῦ</strong></span> <span class='ocrx_word' id='word_1_163' title='bbox 3028 964 3102 1034; x_wconf 85' lang='grc' dir='ltr'>μὴ</span> <span class='ocrx_word' id='word_1_164' title='bbox 3144 967 3512 1036; x_wconf 69' lang='grc' dir='ltr'><strong>τετηρηκέναι</strong></span> <span class='ocrx_word' id='word_1_165' title='bbox 3546 968 3606 1021; x_wconf 69' lang='grc' dir='ltr'>τὰ</span> <span class='ocrx_word' id='word_1_166' title='bbox 3641 971 3734 1039; x_wconf 75' lang='grc' dir='ltr'>τῆς</span> 
     </span>
    </p>
   </div>
   <div class='ocr_carea' id='block_1_26' title="bbox 2168 1054 3731 1128">
    <p class='ocr_par' dir='ltr' id='par_1_26' title="bbox 2168 1054 3731 1128">
     <span class='ocr_line' id='line_1_26' title="bbox 2168 1054 3731 1128; baseline 0.003 -20"><span class='ocrx_word' id='word_1_167' title='bbox 2168 1054 2447 1118; x_wconf 83' lang='grc' dir='ltr'>Μωῡσέως</span> <span class='ocrx_word' id='word_1_168' title='bbox 2494 1055 2870 1126; x_wconf 84' lang='grc' dir='ltr'><strong>ἀρχαιότητος,</strong></span> <span class='ocrx_word' id='word_1_169' title='bbox 2926 1054 3233 1118; x_wconf 75' lang='grc' dir='ltr'><strong>ἀκολούθως</strong></span> <span class='ocrx_word' id='word_1_170' title='bbox 3273 1057 3452 1109; x_wconf 88' lang='grc' dir='ltr'>πάντα</span> <span class='ocrx_word' id='word_1_171' title='bbox 3499 1061 3731 1128; x_wconf 84' lang='grc' dir='ltr'>ποιήσας.</span> 
     </span>
    </p>
   </div>
   <div class='ocr_carea' id='block_1_27' title="bbox 2168 1147 3736 1219">
    <p class='ocr_par' dir='ltr' id='par_1_27' title="bbox 2168 1147 3736 1219">
     <span class='ocr_line' id='line_1_27' title="bbox 2168 1147 3736 1219; baseline 0.001 -18"><span class='ocrx_word' id='word_1_172' title='bbox 2168 1151 2230 1201; x_wconf 78' lang='grc' dir='ltr'>υἱ</span> <span class='ocrx_word' id='word_1_173' title='bbox 2273 1148 2380 1219; x_wconf 84' lang='grc' dir='ltr'>γὰρ</span> <span class='ocrx_word' id='word_1_174' title='bbox 2420 1147 2489 1202; x_wconf 73' lang='grc' dir='ltr'>τὰ</span> <span class='ocrx_word' id='word_1_175' title='bbox 2529 1148 2658 1219; x_wconf 81' lang='grc' dir='ltr'>περὶ</span> <span class='ocrx_word' id='word_1_176' title='bbox 2689 1147 2987 1210; x_wconf 81' lang='grc' dir='ltr'>Φαέθοντος</span> <span class='ocrx_word' id='word_1_177' title='bbox 3027 1147 3368 1218; x_wconf 81' lang='grc' dir='ltr'>ἱστοροῦντες</span> <span class='ocrx_word' id='word_1_178' title='bbox 3411 1150 3612 1202; x_wconf 80' lang='grc' dir='ltr'>ἐοίκασι</span> <span class='ocrx_word' id='word_1_179' title='bbox 3651 1153 3736 1203; x_wconf 75' lang='grc' dir='ltr'>καὶ</span> 
     </span>
    </p>
   </div>
   <div class='ocr_carea' id='block_1_28' title="bbox 2179 1238 3736 1319">
    <p class='ocr_par' dir='ltr' id='par_1_28' title="bbox 2179 1238 3736 1319">
     <span class='ocr_line' id='line_1_28' title="bbox 2179 1238 3736 1319; baseline 0.001 -27"><span class='ocrx_word' id='word_1_180' title='bbox 2179 1241 2316 1310; x_wconf 78' lang='grc' dir='ltr'><strong>Ὀμή</strong></span> <span class='ocrx_word' id='word_1_181' title='bbox 2328 1255 2418 1310; x_wconf 85' lang='grc' dir='ltr'><strong>ρου</strong></span> <span class='ocrx_word' id='word_1_182' title='bbox 2437 1238 2708 1311; x_wconf 85' lang='grc' dir='ltr'>νεώτεροι,</span> <span class='ocrx_word' id='word_1_183' title='bbox 2731 1238 2824 1292; x_wconf 86' lang='grc' dir='ltr'><strong>τοῦ</strong></span> <span class='ocrx_word' id='word_1_184' title='bbox 2846 1238 3022 1319; x_wconf 78' lang='grc' dir='ltr'>πολλῷ</span> <span class='ocrx_word' id='word_1_185' title='bbox 3037 1239 3313 1302; x_wconf 88' lang='grc' dir='ltr'>Μωῦσέως</span> <span class='ocrx_word' id='word_1_186' title='bbox 3332 1240 3614 1310; x_wconf 84' lang='grc' dir='ltr'>νεωτέρου.</span> <span class='ocrx_word' id='word_1_187' title='bbox 3632 1243 3736 1294; x_wconf 62' lang='grc' dir='ltr'><strong>Οὐκ</strong></span> 
     </span>
    </p>
   </div>
   <div class='ocr_carea' id='block_1_29' title="bbox 2167 1327 3739 1403">
    <p class='ocr_par' dir='ltr' id='par_1_29' title="bbox 2167 1327 3739 1403">
     <span class='ocr_line' id='line_1_29' title="bbox 2167 1327 3739 1403; baseline 0.001 -18"><span class='ocrx_word' id='word_1_188' title='bbox 2167 1331 2478 1403; x_wconf 79' lang='grc' dir='ltr'>ἀρνούμεθα</span> <span class='ocrx_word' id='word_1_189' title='bbox 2520 1327 2613 1384; x_wconf 78' lang='grc' dir='ltr'><strong>οὖν</strong></span> <span class='ocrx_word' id='word_1_190' title='bbox 2645 1332 2706 1384; x_wconf 88' lang='grc' dir='ltr'><strong>τὸ</strong></span> <span class='ocrx_word' id='word_1_191' title='bbox 2752 1331 3048 1403; x_wconf 88' lang='grc' dir='ltr'>καθάρσιον</span> <span class='ocrx_word' id='word_1_192' title='bbox 3082 1331 3212 1402; x_wconf 87' lang='grc' dir='ltr'>πῦρ,</span> <span class='ocrx_word' id='word_1_193' title='bbox 3254 1334 3348 1386; x_wconf 76' lang='grc' dir='ltr'>καὶ</span> <span class='ocrx_word' id='word_1_194' title='bbox 3380 1333 3480 1403; x_wconf 75' lang='grc' dir='ltr'>τὴν</span> <span class='ocrx_word' id='word_1_195' title='bbox 3527 1334 3614 1387; x_wconf 85' lang='grc' dir='ltr'><strong>τοῦ</strong></span> <span class='ocrx_word' id='word_1_196' title='bbox 3657 1337 3739 1388; x_wconf 80' lang='grc' dir='ltr'>κό-</span> 
     </span>
    </p>
   </div>
   <div class='ocr_carea' id='block_1_30' title="bbox 2170 1421 3735 1494">
    <p class='ocr_par' dir='ltr' id='par_1_30' title="bbox 2170 1421 3735 1494">
     <span class='ocr_line' id='line_1_30' title="bbox 2170 1421 3735 1494; baseline 0.003 -20"><span class='ocrx_word' id='word_1_197' title='bbox 2170 1439 2308 1493; x_wconf 89' lang='grc' dir='ltr'>σμου</span> <span class='ocrx_word' id='word_1_198' title='bbox 2345 1421 2550 1494; x_wconf 76' lang='grc' dir='ltr'>φθορὰν</span> <span class='ocrx_word' id='word_1_199' title='bbox 2589 1423 2680 1474; x_wconf 72' lang='grc' dir='ltr'>ἐπὶ</span> <span class='ocrx_word' id='word_1_200' title='bbox 2709 1422 3024 1494; x_wconf 85' lang='grc' dir='ltr'>καθαιρέσει</span> <span class='ocrx_word' id='word_1_201' title='bbox 3054 1423 3154 1494; x_wconf 81' lang='grc' dir='ltr'>τῆς</span> <span class='ocrx_word' id='word_1_202' title='bbox 3184 1424 3382 1487; x_wconf 87' lang='grc' dir='ltr'>κακίας</span> <span class='ocrx_word' id='word_1_203' title='bbox 3410 1425 3506 1477; x_wconf 82' lang='grc' dir='ltr'><strong>καὶ</strong></span> <span class='ocrx_word' id='word_1_204' title='bbox 3528 1425 3735 1478; x_wconf 83' lang='grc' dir='ltr'>ἀνακαι-</span> 
     </span>
    </p>
   </div>
   <div class='ocr_carea' id='block_1_31' title="bbox 2168 1512 3735 1587">
    <p class='ocr_par' dir='ltr' id='par_1_31' title="bbox 2168 1512 3735 1587">
     <span class='ocr_line' id='line_1_31' title="bbox 2168 1512 3735 1587; baseline 0.003 -22"><span class='ocrx_word' id='word_1_205' title='bbox 2168 1512 2330 1565; x_wconf 82' lang='grc' dir='ltr'>νώσει</span> <span class='ocrx_word' id='word_1_206' title='bbox 2368 1513 2461 1565; x_wconf 84' lang='grc' dir='ltr'><strong>τοῦ</strong></span> <span class='ocrx_word' id='word_1_207' title='bbox 2491 1513 2688 1576; x_wconf 83' lang='grc' dir='ltr'>παντός</span> <span class='ocrx_word' id='word_1_208' title='bbox 2707 1530 2720 1544; x_wconf 75' lang='grc'><strong><em>⁸</em></strong></span> <span class='ocrx_word' id='word_1_209' title='bbox 2761 1512 3008 1582; x_wconf 88' lang='grc' dir='ltr'>λέγοντες</span> <span class='ocrx_word' id='word_1_210' title='bbox 3047 1515 3197 1585; x_wconf 88' lang='grc' dir='ltr'><strong>παρά</strong></span> <span class='ocrx_word' id='word_1_211' title='bbox 3221 1515 3329 1568; x_wconf 87' lang='grc' dir='ltr'>τῶν</span> <span class='ocrx_word' id='word_1_212' title='bbox 3365 1517 3652 1587; x_wconf 68' lang='grc' dir='ltr'>προφητῶν</span> <span class='ocrx_word' id='word_1_213' title='bbox 3679 1521 3735 1570; x_wconf 74' lang='grc' dir='ltr'>ἐκ</span> 
     </span>
    </p>
   </div>
   <div class='ocr_carea' id='block_1_32' title="bbox 2166 1603 3736 1678">
    <p class='ocr_par' dir='ltr' id='par_1_32' title="bbox 2166 1603 3736 1678">
     <span class='ocr_line' id='line_1_32' title="bbox 2166 1603 3736 1678; baseline 0.004 -22"><span class='ocrx_word' id='word_1_214' title='bbox 2166 1603 2274 1657; x_wconf 83' lang='grc' dir='ltr'>τῶν</span> <span class='ocrx_word' id='word_1_215' title='bbox 2311 1603 2470 1676; x_wconf 79' lang='grc' dir='ltr'>ἱερῶν</span> <span class='ocrx_word' id='word_1_216' title='bbox 2513 1605 2734 1674; x_wconf 78' lang='grc' dir='ltr'>βιϐλίων</span> <span class='ocrx_word' id='word_1_217' title='bbox 2774 1607 3172 1678; x_wconf 85' lang='grc' dir='ltr'>μεμαθηκέναι.</span> <span class='ocrx_word' id='word_1_218' title='bbox 3228 1609 3397 1662; x_wconf 79' lang='grc' dir='ltr'><strong>Ἐπάν</strong></span> <span class='ocrx_word' id='word_1_219' title='bbox 3435 1609 3633 1678; x_wconf 88' lang='grc' dir='ltr'>μέντοι,</span> <span class='ocrx_word' id='word_1_220' title='bbox 3669 1613 3736 1676; x_wconf 75' lang='grc' dir='ltr'><strong>ὡς</strong></span> 
     </span>
    </p>
   </div>
   <div class='ocr_carea' id='block_1_33' title="bbox 2168 1697 3735 1770">
    <p class='ocr_par' dir='ltr' id='par_1_33' title="bbox 2168 1697 3735 1770">
     <span class='ocr_line' id='line_1_33' title="bbox 2168 1697 3735 1770; baseline 0.004 -22"><span class='ocrx_word' id='word_1_221' title='bbox 2168 1697 2226 1748; x_wconf 84' lang='grc' dir='ltr'>ὲν</span> <span class='ocrx_word' id='word_1_222' title='bbox 2265 1700 2378 1759; x_wconf 83' lang='grc' dir='ltr'>τοῖς</span> <span class='ocrx_word' id='word_1_223' title='bbox 2413 1697 2670 1768; x_wconf 84' lang='grc' dir='ltr'>ἀνωτέρω</span> <span class='ocrx_word' id='word_1_224' title='bbox 2704 1698 3026 1769; x_wconf 71' lang='grc' dir='ltr'>εἰρήκαμεν,</span> <span class='ocrx_word' id='word_1_225' title='bbox 3073 1697 3243 1750; x_wconf 85' lang='grc' dir='ltr'>πολλά</span> <span class='ocrx_word' id='word_1_226' title='bbox 3285 1700 3414 1769; x_wconf 69' lang='grc' dir='ltr'>περὶ</span> <span class='ocrx_word' id='word_1_227' title='bbox 3452 1701 3735 1770; x_wconf 70' lang='grc' dir='ltr'>μελλόντων</span> 
     </span>
    </p>
   </div>
   <div class='ocr_carea' id='block_1_34' title="bbox 2167 1787 3734 1864">
    <p class='ocr_par' dir='ltr' id='par_1_34' title="bbox 2167 1787 3734 1864">
     <span class='ocr_line' id='line_1_34' title="bbox 2167 1787 3734 1864; baseline 0.005 -26"><span class='ocrx_word' id='word_1_228' title='bbox 2167 1787 2216 1838; x_wconf 83' lang='lat' dir='ltr'><strong>oi</strong></span> <span class='ocrx_word' id='word_1_229' title='bbox 2250 1787 2523 1858; x_wconf 75' lang='grc' dir='ltr'>προφῆται</span> <span class='ocrx_word' id='word_1_230' title='bbox 2550 1788 2818 1856; x_wconf 86' lang='grc' dir='ltr'>λέγοντες,</span> <span class='ocrx_word' id='word_1_231' title='bbox 2846 1789 3306 1843; x_wconf 82' lang='grc' dir='ltr'>ἀποδεικνύωνται</span> <span class='ocrx_word' id='word_1_232' title='bbox 3330 1793 3441 1861; x_wconf 85' lang='lat' dir='ltr'><strong>(7i)</strong></span> <span class='ocrx_word' id='word_1_233' title='bbox 3470 1811 3538 1845; x_wconf 88' lang='grc' dir='ltr'><strong>πε</strong></span> <span class='ocrx_word' id='word_1_234' title='bbox 3547 1796 3598 1864; x_wconf 60' lang='lat' dir='ltr'><strong>pl.</strong></span> <span class='ocrx_word' id='word_1_235' title='bbox 3619 1796 3734 1847; x_wconf 64' lang='grc' dir='ltr'>τῃ).-</span> 
     </span>
    </p>
   </div>
   <div class='ocr_carea' id='block_1_35' title="bbox 2095 1859 3738 1956">
    <p class='ocr_par' dir='ltr' id='par_1_35' title="bbox 2095 1859 3738 1956">
     <span class='ocr_line' id='line_1_35' title="bbox 2095 1859 3738 1956; baseline 0.004 -25"><span class='ocrx_word' id='word_1_236' title='bbox 2095 1859 2137 1913; x_wconf 81' lang='lat' dir='ltr'><strong>B</strong></span> <span class='ocrx_word' id='word_1_237' title='bbox 2166 1879 2271 1932; x_wconf 86' lang='grc' dir='ltr'>λῶν</span> <span class='ocrx_word' id='word_1_238' title='bbox 2300 1879 2750 1951; x_wconf 82' lang='grc' dir='ltr'>παρεληλυθότων</span> <span class='ocrx_word' id='word_1_239' title='bbox 2784 1880 3163 1952; x_wconf 76' lang='grc' dir='ltr'>ἠληθευκέναι,</span> <span class='ocrx_word' id='word_1_240' title='bbox 3201 1884 3294 1937; x_wconf 76' lang='grc' dir='ltr'><strong>καὶ</strong></span> <span class='ocrx_word' id='word_1_241' title='bbox 3325 1859 3526 1956; x_wconf 80' lang='grc' dir='ltr'>δεῖγμα</span> <span class='ocrx_word' id='word_1_242' title='bbox 3547 1859 3738 1938; x_wconf 73' lang='grc' dir='ltr'>διδόναι</span> 
     </span>
    </p>
   </div>
   <div class='ocr_carea' id='block_1_36' title="bbox 485 1975 3736 2054">
    <p class='ocr_par' dir='ltr' id='par_1_36' title="bbox 485 1975 3736 2054">
     <span class='ocr_line' id='line_1_36' title="bbox 485 1975 3736 2054; baseline 0.001 -22"><span class='ocrx_word' id='word_1_243' title='bbox 485 1981 581 2035; x_wconf 89' lang='grc' dir='ltr'><strong>τοῦ</strong></span> <span class='ocrx_word' id='word_1_244' title='bbox 607 1982 746 2034; x_wconf 86' lang='grc' dir='ltr'>θεῖον</span> <span class='ocrx_word' id='word_1_245' title='bbox 772 1981 995 2054; x_wconf 81' lang='grc' dir='ltr'>Πνεῦμα</span> <span class='ocrx_word' id='word_1_246' title='bbox 1028 1984 1084 2035; x_wconf 78' lang='grc' dir='ltr'>ἐν</span> <span class='ocrx_word' id='word_1_247' title='bbox 1113 1983 1294 2048; x_wconf 83' lang='grc' dir='ltr'>αὐτοῖς</span> <span class='ocrx_word' id='word_1_248' title='bbox 1327 1982 1631 2052; x_wconf 87' lang='grc' dir='ltr'>γεγονέναι,</span> <span class='ocrx_word' id='word_1_249' title='bbox 1666 1980 1824 2051; x_wconf 81' lang='grc' dir='ltr'>δῆλον</span> <span class='ocrx_word' id='word_1_250' title='bbox 1850 1979 1930 2032; x_wconf 82' lang='grc' dir='ltr'>ὅτι</span> <span class='ocrx_word' id='word_1_251' title='bbox 1963 1977 2057 2030; x_wconf 74' lang='grc' dir='ltr'>καὶ</span> <span class='ocrx_word' id='word_1_252' title='bbox 2087 1976 2214 2047; x_wconf 75' lang='grc' dir='ltr'>περὶ</span> <span class='ocrx_word' id='word_1_253' title='bbox 2247 1975 2357 2029; x_wconf 86' lang='grc' dir='ltr'>τῶν</span> <span class='ocrx_word' id='word_1_254' title='bbox 2392 1976 2692 2047; x_wconf 88' lang='grc' dir='ltr'>μελλόντων</span> <span class='ocrx_word' id='word_1_255' title='bbox 2735 1978 3046 2030; x_wconf 72' lang='grc' dir='ltr'>πιστευτέον</span> <span class='ocrx_word' id='word_1_256' title='bbox 3081 1979 3282 2043; x_wconf 67' lang='grc' dir='ltr'>αὐτοῖς,</span> <span class='ocrx_word' id='word_1_257' title='bbox 3329 1981 3532 2051; x_wconf 77' lang='grc' dir='ltr'>μᾶλλον</span> <span class='ocrx_word' id='word_1_258' title='bbox 3577 1982 3629 2035; x_wconf 73' lang='grc' dir='ltr'>δὲ</span> <span class='ocrx_word' id='word_1_259' title='bbox 3673 1984 3736 2054; x_wconf 69' lang='grc' dir='ltr'>τῷ</span> 
     </span>
    </p>
   </div>
   <div class='ocr_carea' id='block_1_37' title="bbox 486 2079 1228 2151">
    <p class='ocr_par' dir='ltr' id='par_1_37' title="bbox 486 2079 1228 2151">
     <span class='ocr_line' id='line_1_37' title="bbox 486 2079 1228 2151; baseline 0.003 -20"><span class='ocrx_word' id='word_1_260' title='bbox 486 2081 544 2131; x_wconf 81' lang='grc' dir='ltr'>ἐν</span> <span class='ocrx_word' id='word_1_261' title='bbox 569 2080 750 2142; x_wconf 73' lang='grc' dir='ltr'>αὐτοῖς</span> <span class='ocrx_word' id='word_1_262' title='bbox 775 2079 902 2150; x_wconf 83' lang='grc' dir='ltr'>θείῳ</span> <span class='ocrx_word' id='word_1_263' title='bbox 931 2079 1228 2151; x_wconf 84' lang='grc' dir='ltr'>Πνεύματι.</span> 
     </span>
    </p>
   </div>
   <div class='ocr_carea' id='block_1_38' title="bbox 557 2169 2056 2243">
    <p class='ocr_par' dir='ltr' id='par_1_38' title="bbox 557 2169 2056 2243">
     <span class='ocr_line' id='line_1_38' title="bbox 557 2169 2056 2243; baseline -0.002 -18"><span class='ocrx_word' id='word_1_264' title='bbox 557 2173 647 2226; x_wconf 70' lang='lat'><strong>9.2.</strong></span> <span class='ocrx_word' id='word_1_265' title='bbox 691 2191 708 2224; x_wconf 81' lang='grc' dir='ltr'><strong>ι</strong></span> <span class='ocrx_word' id='word_1_266' title='bbox 739 2174 1032 2226; x_wconf 76' lang='lat' dir='ltr'><strong>Christiani</strong></span> <span class='ocrx_word' id='word_1_267' title='bbox 1063 2214 1076 2236; x_wconf 92' lang='lat'><strong>,</strong></span> <span class='ocrx_word' id='word_1_268' title='bbox 1109 2174 1281 2243; x_wconf 85' lang='lat' dir='ltr'><strong>pergit</strong></span> <span class='ocrx_word' id='word_1_269' title='bbox 1305 2173 1496 2228; x_wconf 86' lang='lat' dir='ltr'><strong>Celsus</strong></span> <span class='ocrx_word' id='word_1_270' title='bbox 1523 2211 1538 2234; x_wconf 89' lang='lat'><strong>,</strong></span> <span class='ocrx_word' id='word_1_271' title='bbox 1573 2170 1754 2225; x_wconf 90' lang='lat' dir='ltr'><strong>allatis</strong></span> <span class='ocrx_word' id='word_1_272' title='bbox 1787 2185 1814 2223; x_wconf 91' lang='lat' dir='ltr'><strong>a</strong></span> <span class='ocrx_word' id='word_1_273' title='bbox 1851 2169 2056 2225; x_wconf 64' lang='lat' dir='ltr'><strong>ludatis</strong></span> 
     </span>
    </p>
   </div>
   <div class='ocr_carea' id='block_1_39' title="bbox 486 2259 2059 2332">
    <p class='ocr_par' dir='ltr' id='par_1_39' title="bbox 486 2259 2059 2332">
     <span class='ocr_line' id='line_1_39' title="bbox 486 2259 2059 2332; baseline -0.003 -14"><span class='ocrx_word' id='word_1_274' title='bbox 486 2263 789 2318; x_wconf 80' lang='lat' dir='ltr'><strong>rationibus</strong></span> <span class='ocrx_word' id='word_1_275' title='bbox 832 2265 1094 2332; x_wconf 81' lang='lat' dir='ltr'><strong>quasdam</strong></span> <span class='ocrx_word' id='word_1_276' title='bbox 1147 2265 1391 2327; x_wconf 90' lang='lat' dir='ltr'><strong>addunt,</strong></span> <span class='ocrx_word' id='word_1_277' title='bbox 1429 2263 1692 2330; x_wconf 88' lang='lat' dir='ltr'><strong>aiuntque</strong></span> <span class='ocrx_word' id='word_1_278' title='bbox 1745 2259 2059 2315; x_wconf 88' lang='lat' dir='ltr'><strong>DeiFilium</strong></span> 
     </span>
    </p>
   </div>
   <div class='ocr_carea' id='block_1_40' title="bbox 485 2353 2061 2425">
    <p class='ocr_par' dir='ltr' id='par_1_40' title="bbox 485 2353 2061 2425">
     <span class='ocr_line' id='line_1_40' title="bbox 485 2353 2061 2425; baseline -0.001 -19"><span class='ocrx_word' id='word_1_279' title='bbox 485 2365 713 2425; x_wconf 79' lang='lat' dir='ltr'><strong>pi-Opter</strong></span> <span class='ocrx_word' id='word_1_280' title='bbox 744 2355 1055 2410; x_wconf 72' lang='lat' dir='ltr'><strong>Judzeorum</strong></span> <span class='ocrx_word' id='word_1_281' title='bbox 1094 2364 1316 2424; x_wconf 86' lang='lat' dir='ltr'><strong>peccata</strong></span> <span class='ocrx_word' id='word_1_282' title='bbox 1343 2357 1565 2410; x_wconf 90' lang='lat' dir='ltr'><strong>missum</strong></span> <span class='ocrx_word' id='word_1_283' title='bbox 1603 2353 1715 2423; x_wconf 88' lang='lat' dir='ltr'><strong>jam</strong></span> <span class='ocrx_word' id='word_1_284' title='bbox 1769 2353 1936 2406; x_wconf 83' lang='lat' dir='ltr'><strong>fuisse</strong></span> <span class='ocrx_word' id='word_1_285' title='bbox 1961 2392 1974 2416; x_wconf 89' lang='lat'><strong>,</strong></span> <span class='ocrx_word' id='word_1_286' title='bbox 2007 2360 2061 2405; x_wconf 91' lang='lat' dir='ltr'><strong>et</strong></span> 
     </span>
    </p>
   </div>
   <div class='ocr_carea' id='block_1_41' title="bbox 484 2441 2056 2518">
    <p class='ocr_par' dir='ltr' id='par_1_41' title="bbox 484 2441 2056 2518">
     <span class='ocr_line' id='line_1_41' title="bbox 484 2441 2056 2518; baseline -0.003 -16"><span class='ocrx_word' id='word_1_287' title='bbox 484 2447 702 2503; x_wconf 81' lang='lat' dir='ltr'><strong>Judaeos</strong></span> <span class='ocrx_word' id='word_1_288' title='bbox 727 2491 742 2515; x_wconf 96' lang='lat'><strong>,</strong></span> <span class='ocrx_word' id='word_1_289' title='bbox 772 2449 988 2504; x_wconf 83' lang='lat' dir='ltr'><strong>inﬂictis</strong></span> <span class='ocrx_word' id='word_1_290' title='bbox 1023 2449 1150 2503; x_wconf 87' lang='lat' dir='ltr'><strong>Jesu</strong></span> <span class='ocrx_word' id='word_1_291' title='bbox 1201 2447 1484 2518; x_wconf 89' lang='lat' dir='ltr'><strong>suppliciis</strong></span> <span class='ocrx_word' id='word_1_292' title='bbox 1516 2457 1872 2516; x_wconf 90' lang='lat' dir='ltr'><strong>porrectoque</strong></span> <span class='ocrx_word' id='word_1_293' title='bbox 1901 2441 2056 2508; x_wconf 82' lang='lat' dir='ltr'><strong>felle,</strong></span> 
     </span>
    </p>
   </div>
   <div class='ocr_carea' id='block_1_42' title="bbox 485 2535 2058 2602">
    <p class='ocr_par' dir='ltr' id='par_1_42' title="bbox 485 2535 2058 2602">
     <span class='ocr_line' id='line_1_42' title="bbox 485 2535 2058 2602; baseline -0.005 -10"><span class='ocrx_word' id='word_1_294' title='bbox 485 2538 584 2592; x_wconf 89' lang='lat' dir='ltr'><strong>Dei</strong></span> <span class='ocrx_word' id='word_1_295' title='bbox 617 2541 751 2593; x_wconf 88' lang='lat' dir='ltr'><strong>iram</strong></span> <span class='ocrx_word' id='word_1_296' title='bbox 784 2540 920 2592; x_wconf 88' lang='lat' dir='ltr'><strong>in&#39;se</strong></span> <span class='ocrx_word' id='word_1_297' title='bbox 950 2539 1246 2593; x_wconf 77' lang='lat' dir='ltr'><strong>derivasse.</strong></span> <span class='ocrx_word' id='word_1_298' title='bbox 1283 2557 1301 2589; x_wconf 79' lang='grc' dir='ltr'><strong>ι</strong></span> <span class='ocrx_word' id='word_1_299' title='bbox 1340 2537 1494 2602; x_wconf 86' lang='lat' dir='ltr'><strong>Quod</strong></span> <span class='ocrx_word' id='word_1_300' title='bbox 1521 2535 1815 2590; x_wconf 84' lang='lat' dir='ltr'><strong>Christiani</strong></span> <span class='ocrx_word' id='word_1_301' title='bbox 1853 2536 2058 2599; x_wconf 85' lang='lat' dir='ltr'><strong>dicunt,</strong></span> 
     </span>
    </p>
   </div>
   <div class='ocr_carea' id='block_1_43' title="bbox 486 2630 2058 2700">
    <p class='ocr_par' dir='ltr' id='par_1_43' title="bbox 486 2630 2058 2700">
     <span class='ocr_line' id='line_1_43' title="bbox 486 2630 2058 2700; baseline -0.004 -16"><span class='ocrx_word' id='word_1_302' title='bbox 486 2632 539 2685; x_wconf 88' lang='lat' dir='ltr'><strong>id</strong></span> <span class='ocrx_word' id='word_1_303' title='bbox 573 2632 838 2686; x_wconf 85' lang='lat' dir='ltr'><strong>mendacii</strong></span> <span class='ocrx_word' id='word_1_304' title='bbox 868 2641 1064 2700; x_wconf 85' lang='lat' dir='ltr'><strong>arguat</strong></span> <span class='ocrx_word' id='word_1_305' title='bbox 1100 2632 1189 2700; x_wconf 86' lang='lat' dir='ltr'><strong>qui</strong></span> <span class='ocrx_word' id='word_1_306' title='bbox 1223 2630 1474 2694; x_wconf 66' lang='lat' dir='ltr'><strong>voluerit,</strong></span> <span class='ocrx_word' id='word_1_307' title='bbox 1504 2630 1547 2683; x_wconf 93' lang='lat' dir='ltr'><strong>si</strong></span> <span class='ocrx_word' id='word_1_308' title='bbox 1577 2637 1866 2696; x_wconf 91' lang='lat' dir='ltr'><strong>antequam</strong></span> <span class='ocrx_word' id='word_1_309' title='bbox 1895 2641 2058 2678; x_wconf 88' lang='lat' dir='ltr'><strong>uumn</strong></span> 
     </span>
    </p>
   </div>
   <div class='ocr_carea' id='block_1_44' title="bbox 485 2717 2062 2794">
    <p class='ocr_par' dir='ltr' id='par_1_44' title="bbox 485 2717 2062 2794">
     <span class='ocr_line' id='line_1_44' title="bbox 485 2717 2062 2794; baseline -0.005 -16"><span class='ocrx_word' id='word_1_310' title='bbox 485 2726 690 2794; x_wconf 90' lang='lat' dir='ltr'><strong>lapsum</strong></span> <span class='ocrx_word' id='word_1_311' title='bbox 743 2733 887 2778; x_wconf 86' lang='lat' dir='ltr'><strong>esset</strong></span> <span class='ocrx_word' id='word_1_312' title='bbox 931 2724 1184 2778; x_wconf 68' lang='lat' dir='ltr'><strong>sseculum</strong></span> <span class='ocrx_word' id='word_1_313' title='bbox 1215 2763 1230 2786; x_wconf 92' lang='lat'><strong>,</strong></span> <span class='ocrx_word' id='word_1_314' title='bbox 1262 2737 1330 2776; x_wconf 75' lang='lat' dir='ltr'><strong>ex</strong></span> <span class='ocrx_word' id='word_1_315' title='bbox 1365 2737 1472 2791; x_wconf 90' lang='lat' dir='ltr'><strong>quo</strong></span> <span class='ocrx_word' id='word_1_316' title='bbox 1510 2720 1666 2775; x_wconf 79' lang='lat' dir='ltr'><strong>.lesus</strong></span> <span class='ocrx_word' id='word_1_317' title='bbox 1704 2721 1815 2774; x_wconf 73' lang='lat' dir='ltr'><strong>hrec</strong></span> <span class='ocrx_word' id='word_1_318' title='bbox 1854 2721 1921 2771; x_wconf 91' lang='lat' dir='ltr'><strong>ab</strong></span> <span class='ocrx_word' id='word_1_319' title='bbox 1956 2717 2062 2770; x_wconf 89' lang='lat' dir='ltr'><strong>illis</strong></span> 
     </span>
    </p>
   </div>
   <div class='ocr_carea' id='block_1_45' title="bbox 486 2809 2060 2884">
    <p class='ocr_par' dir='ltr' id='par_1_45' title="bbox 486 2809 2060 2884">
     <span class='ocr_line' id='line_1_45' title="bbox 486 2809 2060 2884; baseline -0.003 -17"><span class='ocrx_word' id='word_1_320' title='bbox 486 2831 686 2884; x_wconf 84' lang='lat' dir='ltr'><strong>passus</strong></span> <span class='ocrx_word' id='word_1_321' title='bbox 735 2815 954 2879; x_wconf 83' lang='lat' dir='ltr'><strong>fuerat,</strong></span> <span class='ocrx_word' id='word_1_322' title='bbox 1005 2823 1114 2866; x_wconf 92' lang='lat' dir='ltr'><strong>tota</strong></span> <span class='ocrx_word' id='word_1_323' title='bbox 1158 2812 1472 2867; x_wconf 71' lang='lat' dir='ltr'><strong>Judzeorum</strong></span> <span class='ocrx_word' id='word_1_324' title='bbox 1507 2828 1638 2880; x_wconf 79' lang='lat' dir='ltr'><strong>gens</strong></span> <span class='ocrx_word' id='word_1_325' title='bbox 1684 2825 1790 2863; x_wconf 92' lang='lat' dir='ltr'><strong>uou</strong></span> <span class='ocrx_word' id='word_1_326' title='bbox 1839 2809 2060 2876; x_wconf 79' lang='lat' dir='ltr'><strong>expulsa</strong></span> 
     </span>
    </p>
   </div>
   <div class='ocr_carea' id='block_1_46' title="bbox 483 2899 2058 2969">
    <p class='ocr_par' dir='ltr' id='par_1_46' title="bbox 483 2899 2058 2969">
     <span class='ocr_line' id='line_1_46' title="bbox 483 2899 2058 2969; baseline -0.004 -11"><span class='ocrx_word' id='word_1_327' title='bbox 483 2905 702 2959; x_wconf 89' lang='lat' dir='ltr'><strong>sedibus</strong></span> <span class='ocrx_word' id='word_1_328' title='bbox 736 2904 855 2956; x_wconf 91' lang='lat' dir='ltr'><strong>fuit.</strong></span> <span class='ocrx_word' id='word_1_329' title='bbox 890 2903 1146 2956; x_wconf 81' lang='lat' dir='ltr'><strong>Arbitror</strong></span> <span class='ocrx_word' id='word_1_330' title='bbox 1178 2903 1345 2965; x_wconf 90' lang='lat' dir='ltr'><strong>enim,</strong></span> <span class='ocrx_word' id='word_1_331' title='bbox 1380 2903 1590 2956; x_wconf 91' lang='lat' dir='ltr'><strong>duobus</strong></span> <span class='ocrx_word' id='word_1_332' title='bbox 1619 2909 1673 2953; x_wconf 90' lang='lat' dir='ltr'><strong>et</strong></span> <span class='ocrx_word' id='word_1_333' title='bbox 1704 2899 2058 2969; x_wconf 81' lang='lat' dir='ltr'><strong>quadraginta</strong></span> 
     </span>
    </p>
   </div>
   <div class='ocr_carea' id='block_1_47' title="bbox 484 2987 2058 3062">
    <p class='ocr_par' dir='ltr' id='par_1_47' title="bbox 484 2987 2058 3062">
     <span class='ocr_line' id='line_1_47' title="bbox 484 2987 2058 3062; baseline -0.003 -17"><span class='ocrx_word' id='word_1_334' title='bbox 484 3001 605 3062; x_wconf 88' lang='lat' dir='ltr'><strong>post</strong></span> <span class='ocrx_word' id='word_1_335' title='bbox 629 2992 786 3046; x_wconf 88' lang='lat' dir='ltr'><strong>annis</strong></span> <span class='ocrx_word' id='word_1_336' title='bbox 809 3005 970 3060; x_wconf 86' lang='lat' dir='ltr'><strong>quam</strong></span> <span class='ocrx_word' id='word_1_337' title='bbox 1004 3003 1160 3046; x_wconf 87' lang='lat' dir='ltr'><strong>actus</strong></span> <span class='ocrx_word' id='word_1_338' title='bbox 1182 3001 1264 3045; x_wconf 88' lang='lat' dir='ltr'><strong>est</strong></span> <span class='ocrx_word' id='word_1_339' title='bbox 1291 2992 1344 3045; x_wconf 92' lang='lat' dir='ltr'><strong>in</strong></span> <span class='ocrx_word' id='word_1_340' title='bbox 1371 3005 1588 3043; x_wconf 89' lang='lat' dir='ltr'><strong>erucem</strong></span> <span class='ocrx_word' id='word_1_341' title='bbox 1615 2987 1796 3054; x_wconf 78' lang='lat' dir='ltr'><strong>Jesus,</strong></span> <span class='ocrx_word' id='word_1_342' title='bbox 1821 2988 2058 3042; x_wconf 85' lang='lat' dir='ltr'><strong>dirutam</strong></span> 
     </span>
    </p>
   </div>
   <div class='ocr_carea' id='block_1_48' title="bbox 484 3080 2058 3152">
    <p class='ocr_par' dir='ltr' id='par_1_48' title="bbox 484 3080 2058 3152">
     <span class='ocr_line' id='line_1_48' title="bbox 484 3080 2058 3152; baseline -0.001 -17"><span class='ocrx_word' id='word_1_343' title='bbox 484 3097 606 3136; x_wconf 84' lang='lat' dir='ltr'><strong>esse</strong></span> <span class='ocrx_word' id='word_1_344' title='bbox 647 3080 1065 3152; x_wconf 84' lang='lat' dir='ltr'><strong>Jerosolytnam.</strong></span> <span class='ocrx_word' id='word_1_345' title='bbox 1117 3081 1227 3136; x_wconf 85' lang='lat' dir='ltr'><strong>Nec</strong></span> <span class='ocrx_word' id='word_1_346' title='bbox 1273 3096 1510 3150; x_wconf 90' lang='lat' dir='ltr'><strong>unquam</strong></span> <span class='ocrx_word' id='word_1_347' title='bbox 1556 3081 1798 3134; x_wconf 88' lang='lat' dir='ltr'><strong>auditum</strong></span> <span class='ocrx_word' id='word_1_348' title='bbox 1845 3088 1949 3143; x_wconf 85' lang='lat' dir='ltr'><strong>est,</strong></span> <span class='ocrx_word' id='word_1_349' title='bbox 1989 3095 2058 3134; x_wconf 74' lang='lat' dir='ltr'><strong>ex</strong></span> 
     </span>
    </p>
   </div>
   <div class='ocr_carea' id='block_1_49' title="bbox 483 3173 2061 3243">
    <p class='ocr_par' dir='ltr' id='par_1_49' title="bbox 483 3173 2061 3243">
     <span class='ocr_line' id='line_1_49' title="bbox 483 3173 2061 3243; baseline -0.001 -17"><span class='ocrx_word' id='word_1_350' title='bbox 483 3189 590 3242; x_wconf 91' lang='lat' dir='ltr'><strong>quo</strong></span> <span class='ocrx_word' id='word_1_351' title='bbox 611 3173 780 3228; x_wconf 74' lang='lat' dir='ltr'><strong>Judzei</strong></span> <span class='ocrx_word' id='word_1_352' title='bbox 809 3190 930 3229; x_wconf 77' lang='lat' dir='ltr'><strong>esse</strong></span> <span class='ocrx_word' id='word_1_353' title='bbox 953 3185 1256 3243; x_wconf 66' lang='lat' dir='ltr'><strong>coeperunt.</strong></span> <span class='ocrx_word' id='word_1_354' title='bbox 1287 3189 1383 3227; x_wconf 86' lang='lat' dir='ltr'><strong>eos</strong></span> <span class='ocrx_word' id='word_1_355' title='bbox 1414 3183 1564 3227; x_wconf 90' lang='lat' dir='ltr'><strong>tanto</strong></span> <span class='ocrx_word' id='word_1_356' title='bbox 1595 3173 1852 3242; x_wconf 91' lang='lat' dir='ltr'><strong>temporis</strong></span> <span class='ocrx_word' id='word_1_357' title='bbox 1881 3173 2061 3241; x_wconf 89' lang='lat' dir='ltr'><strong>spatio</strong></span> 
     </span>
    </p>
   </div>
   <div class='ocr_carea' id='block_1_50' title="bbox 484 3263 2059 3334">
    <p class='ocr_par' dir='ltr' id='par_1_50' title="bbox 484 3263 2059 3334">
     <span class='ocr_line' id='line_1_50' title="bbox 484 3263 2059 3334; baseline -0.002 -12"><span class='ocrx_word' id='word_1_358' title='bbox 484 3282 596 3322; x_wconf 65' lang='lat' dir='ltr'><strong>sua:</strong></span> <span class='ocrx_word' id='word_1_359' title='bbox 623 3266 908 3334; x_wconf 88' lang='lat' dir='ltr'><strong>religionis</strong></span> <span class='ocrx_word' id='word_1_360' title='bbox 929 3267 1075 3320; x_wconf 91' lang='lat' dir='ltr'><strong>cultu</strong></span> <span class='ocrx_word' id='word_1_361' title='bbox 1094 3265 1332 3334; x_wconf 86' lang='lat' dir='ltr'><strong>dejectos</strong></span> <span class='ocrx_word' id='word_1_362' title='bbox 1361 3264 1680 3320; x_wconf 84' lang='lat' dir='ltr'><strong>fortioribus</strong></span> <span class='ocrx_word' id='word_1_363' title='bbox 1703 3265 1978 3319; x_wconf 82' lang='lat' dir='ltr'><strong>serviisse.</strong></span> <span class='ocrx_word' id='word_1_364' title='bbox 1999 3263 2059 3319; x_wconf 87' lang='lat' dir='ltr'><strong>Si</strong></span> 
     </span>
    </p>
   </div>
   <div class='ocr_carea' id='block_1_51' title="bbox 484 3355 2056 3428">
    <p class='ocr_par' dir='ltr' id='par_1_51' title="bbox 484 3355 2056 3428">
     <span class='ocr_line' id='line_1_51' title="bbox 484 3355 2056 3428; baseline -0.001 -17"><span class='ocrx_word' id='word_1_365' title='bbox 484 3361 700 3428; x_wconf 88' lang='lat' dir='ltr'><strong>quando</strong></span> <span class='ocrx_word' id='word_1_366' title='bbox 723 3360 946 3428; x_wconf 78' lang='lat' dir='ltr'><strong>propter</strong></span> <span class='ocrx_word' id='word_1_367' title='bbox 963 3375 1058 3411; x_wconf 79' lang='lat' dir='ltr'><strong>sua</strong></span> <span class='ocrx_word' id='word_1_368' title='bbox 1085 3367 1306 3427; x_wconf 88' lang='lat' dir='ltr'><strong>peccata</strong></span> <span class='ocrx_word' id='word_1_369' title='bbox 1335 3357 1434 3410; x_wconf 83' lang='lat' dir='ltr'><strong>visi</strong></span> <span class='ocrx_word' id='word_1_370' title='bbox 1463 3355 1627 3426; x_wconf 78' lang='lat'><strong>516</strong></span> <span class='ocrx_word' id='word_1_371' title='bbox 1643 3365 1769 3410; x_wconf 90' lang='lat' dir='ltr'><strong>sunt</strong></span> <span class='ocrx_word' id='word_1_372' title='bbox 1800 3356 2056 3424; x_wconf 85' lang='lat' dir='ltr'><strong>relinqui,</strong></span> 
     </span>
    </p>
   </div>
   <div class='ocr_carea' id='block_1_52' title="bbox 2239 2159 3737 2232">
    <p class='ocr_par' dir='ltr' id='par_1_52' title="bbox 2239 2159 3737 2232">
     <span class='ocr_line' id='line_1_52' title="bbox 2239 2159 3737 2232; baseline 0.001 -20"><span class='ocrx_word' id='word_1_373' title='bbox 2239 2179 2257 2212; x_wconf 80' lang='grc' dir='ltr'><strong>ι</strong></span> <span class='ocrx_word' id='word_1_374' title='bbox 2286 2159 2396 2212; x_wconf 72' lang='grc' dir='ltr'>Καὶ</span> <span class='ocrx_word' id='word_1_375' title='bbox 2429 2161 2745 2230; x_wconf 74' lang='grc' dir='ltr'>Χριστιανοὶ</span> <span class='ocrx_word' id='word_1_376' title='bbox 2772 2159 2850 2225; x_wconf 84' lang='grc' dir='ltr'><strong>δὲ,</strong></span> <span class='ocrx_word' id='word_1_377' title='bbox 2877 2160 3018 2214; x_wconf 86' lang='grc' dir='ltr'><strong>κατά</strong></span> <span class='ocrx_word' id='word_1_378' title='bbox 3057 2161 3148 2213; x_wconf 88' lang='grc' dir='ltr'><strong>τὸν</strong></span> <span class='ocrx_word' id='word_1_379' title='bbox 3173 2160 3402 2223; x_wconf 78' lang='grc' dir='ltr'>Κέλσον,</span> <span class='ocrx_word' id='word_1_380' title='bbox 3437 2162 3737 2232; x_wconf 84' lang='grc' dir='ltr'>προστιθέν-</span> 
     </span>
    </p>
   </div>
   <div class='ocr_carea' id='block_1_53' title="bbox 2164 2250 3739 2323">
    <p class='ocr_par' dir='ltr' id='par_1_53' title="bbox 2164 2250 3739 2323">
     <span class='ocr_line' id='line_1_53' title="bbox 2164 2250 3739 2323; baseline -0.003 -14"><span class='ocrx_word' id='word_1_381' title='bbox 2164 2273 2255 2318; x_wconf 90' lang='grc' dir='ltr'><strong>τες</strong></span> <span class='ocrx_word' id='word_1_382' title='bbox 2289 2255 2403 2323; x_wconf 76' lang='lat'><strong>(7‘2)</strong></span> <span class='ocrx_word' id='word_1_383' title='bbox 2431 2254 2582 2316; x_wconf 79' lang='grc' dir='ltr'>τινὰς</span> <span class='ocrx_word' id='word_1_384' title='bbox 2607 2252 2798 2320; x_wconf 83' lang='grc' dir='ltr'>λόγους</span> <span class='ocrx_word' id='word_1_385' title='bbox 2830 2255 2942 2315; x_wconf 87' lang='grc' dir='ltr'>τοῖς</span> <span class='ocrx_word' id='word_1_386' title='bbox 2978 2252 3082 2304; x_wconf 77' lang='grc' dir='ltr'>ὑπὸ</span> <span class='ocrx_word' id='word_1_387' title='bbox 3129 2250 3395 2304; x_wconf 78' lang='grc' dir='ltr'>Ἰουδαίων</span> <span class='ocrx_word' id='word_1_388' title='bbox 3423 2253 3739 2322; x_wconf 76' lang='grc' dir='ltr'>λεγομένοις,</span> 
     </span>
    </p>
   </div>
   <div class='ocr_carea' id='block_1_54' title="bbox 2165 2342 3743 2416">
    <p class='ocr_par' dir='ltr' id='par_1_54' title="bbox 2165 2342 3743 2416">
     <span class='ocr_line' id='line_1_54' title="bbox 2165 2342 3743 2416; baseline -0.003 -18"><span class='ocrx_word' id='word_1_389' title='bbox 2165 2346 2300 2416; x_wconf 68' lang='grc' dir='ltr'>φασὶ</span> <span class='ocrx_word' id='word_1_390' title='bbox 2331 2343 2417 2397; x_wconf 72' lang='grc' dir='ltr'><strong>διὰ</strong></span> <span class='ocrx_word' id='word_1_391' title='bbox 2441 2343 2542 2406; x_wconf 89' lang='grc' dir='ltr'><strong>τάς</strong></span> <span class='ocrx_word' id='word_1_392' title='bbox 2567 2343 2674 2395; x_wconf 85' lang='grc' dir='ltr'><strong>τῶν</strong></span> <span class='ocrx_word' id='word_1_393' title='bbox 2710 2342 2978 2395; x_wconf 78' lang='grc' dir='ltr'>Ἰουδαίων</span> <span class='ocrx_word' id='word_1_394' title='bbox 3001 2342 3275 2414; x_wconf 78' lang='grc' dir='ltr'>ἁμαρτίας</span> <span class='ocrx_word' id='word_1_395' title='bbox 3311 2343 3412 2413; x_wconf 70' lang='grc' dir='ltr'>ἤδη</span> <span class='ocrx_word' id='word_1_396' title='bbox 3438 2343 3743 2412; x_wconf 62' lang='grc' dir='ltr'>πεπέμφθαι</span> 
     </span>
    </p>
   </div>
   <div class='ocr_carea' id='block_1_55' title="bbox 2162 2433 3740 2498">
    <p class='ocr_par' dir='ltr' id='par_1_55' title="bbox 2162 2433 3740 2498">
     <span class='ocr_line' id='line_1_55' title="bbox 2162 2433 3740 2498; baseline -0.004 -8"><span class='ocrx_word' id='word_1_397' title='bbox 2162 2438 2253 2491; x_wconf 77' lang='grc' dir='ltr'><strong>τὸν</strong></span> <span class='ocrx_word' id='word_1_398' title='bbox 2293 2434 2414 2489; x_wconf 83' lang='grc' dir='ltr'>Υίὸν</span> <span class='ocrx_word' id='word_1_399' title='bbox 2445 2435 2538 2488; x_wconf 90' lang='grc' dir='ltr'><strong>τοῦ</strong></span> <span class='ocrx_word' id='word_1_400' title='bbox 2573 2433 2709 2488; x_wconf 86' lang='grc' dir='ltr'>Θεοῦ</span> <span class='ocrx_word' id='word_1_401' title='bbox 2748 2434 2842 2487; x_wconf 70' lang='grc' dir='ltr'><strong>καὶ</strong></span> <span class='ocrx_word' id='word_1_402' title='bbox 2884 2434 2966 2486; x_wconf 85' lang='grc' dir='ltr'>ὅτι</span> <span class='ocrx_word' id='word_1_403' title='bbox 3013 2433 3270 2498; x_wconf 83' lang='grc' dir='ltr'>Ἰουδαῖοι,</span> <span class='ocrx_word' id='word_1_404' title='bbox 3300 2435 3628 2497; x_wconf 74' lang='grc' dir='ltr'>κολάσαντες</span> <span class='ocrx_word' id='word_1_405' title='bbox 3661 2435 3740 2485; x_wconf 64' lang='grc' dir='ltr'>τόν</span> 
     </span>
    </p>
   </div>
   <div class='ocr_carea' id='block_1_56' title="bbox 2176 2526 3741 2599">
    <p class='ocr_par' dir='ltr' id='par_1_56' title="bbox 2176 2526 3741 2599">
     <span class='ocr_line' id='line_1_56' title="bbox 2176 2526 3741 2599; baseline -0.003 -17"><span class='ocrx_word' id='word_1_406' title='bbox 2176 2527 2399 2599; x_wconf 82' lang='grc' dir='ltr'>Ἰησοῦν,</span> <span class='ocrx_word' id='word_1_407' title='bbox 2437 2528 2530 2581; x_wconf 80' lang='grc' dir='ltr'>καὶ</span> <span class='ocrx_word' id='word_1_408' title='bbox 2566 2527 2727 2598; x_wconf 69' lang='grc' dir='ltr'>χολὴν</span> <span class='ocrx_word' id='word_1_409' title='bbox 2768 2526 3108 2591; x_wconf 86' lang='grc' dir='ltr'>ποτίσαντες,</span> <span class='ocrx_word' id='word_1_410' title='bbox 3149 2527 3238 2578; x_wconf 72' lang='grc' dir='ltr'><strong>ἐπὶ</strong></span> <span class='ocrx_word' id='word_1_411' title='bbox 3280 2528 3423 2594; x_wconf 75' lang='grc' dir='ltr'>σφᾶς</span> <span class='ocrx_word' id='word_1_412' title='bbox 3455 2527 3654 2590; x_wconf 71' lang='grc' dir='ltr'>αὐτοὺς</span> <span class='ocrx_word' id='word_1_413' title='bbox 3687 2531 3741 2579; x_wconf 83' lang='grc' dir='ltr'><strong>ἐκ</strong></span> 
     </span>
    </p>
   </div>
   <div class='ocr_carea' id='block_1_57' title="bbox 2164 2618 3738 2690">
    <p class='ocr_par' dir='ltr' id='par_1_57' title="bbox 2164 2618 3738 2690">
     <span class='ocr_line' id='line_1_57' title="bbox 2164 2618 3738 2690; baseline -0.003 -16"><span class='ocrx_word' id='word_1_414' title='bbox 2164 2621 2298 2674; x_wconf 85' lang='grc' dir='ltr'>Θεοῦ</span> <span class='ocrx_word' id='word_1_415' title='bbox 2343 2619 2499 2690; x_wconf 86' lang='grc' dir='ltr'>χόλον</span> <span class='ocrx_word' id='word_1_416' title='bbox 2543 2619 2940 2672; x_wconf 75' lang='grc' dir='ltr'>ἐπεσπάσαντο.</span> <span class='ocrx_word' id='word_1_417' title='bbox 2988 2639 3006 2669; x_wconf 77' lang='grc' dir='ltr'><strong>ι</strong></span> <span class='ocrx_word' id='word_1_418' title='bbox 3065 2619 3365 2688; x_wconf 76' lang='grc' dir='ltr'>Ἑλεγχέτω</span> <span class='ocrx_word' id='word_1_419' title='bbox 3408 2618 3473 2689; x_wconf 79' lang='grc' dir='ltr'><strong>δὴ</strong></span> <span class='ocrx_word' id='word_1_420' title='bbox 3503 2620 3561 2670; x_wconf 73' lang='grc' dir='ltr'>τὸ</span> <span class='ocrx_word' id='word_1_421' title='bbox 3597 2619 3738 2686; x_wconf 75' lang='grc' dir='ltr'>λεγό-</span> 
     </span>
    </p>
   </div>
   <div class='ocr_carea' id='block_1_58' title="bbox 2167 2711 3744 2785">
    <p class='ocr_par' dir='ltr' id='par_1_58' title="bbox 2167 2711 3744 2785">
     <span class='ocr_line' id='line_1_58' title="bbox 2167 2711 3744 2785; baseline -0.002 -19"><span class='ocrx_word' id='word_1_422' title='bbox 2167 2730 2324 2785; x_wconf 89' lang='grc' dir='ltr'>μενον</span> <span class='ocrx_word' id='word_1_423' title='bbox 2368 2713 2444 2776; x_wconf 84' lang='grc' dir='ltr'>ὡς</span> <span class='ocrx_word' id='word_1_424' title='bbox 2487 2711 2681 2782; x_wconf 73' lang='grc' dir='ltr'>ψεῦδος</span> <span class='ocrx_word' id='word_1_425' title='bbox 2713 2713 2742 2764; x_wconf 85' lang='grc' dir='ltr'>ὁ</span> <span class='ocrx_word' id='word_1_426' title='bbox 2786 2711 3122 2782; x_wconf 83' lang='grc' dir='ltr'>βουλόμενος,</span> <span class='ocrx_word' id='word_1_427' title='bbox 3165 2713 3211 2764; x_wconf 83' lang='grc' dir='ltr'><strong>εί</strong></span> <span class='ocrx_word' id='word_1_428' title='bbox 3249 2711 3323 2782; x_wconf 80' lang='grc' dir='ltr'>μὴ</span> <span class='ocrx_word' id='word_1_429' title='bbox 3363 2713 3666 2766; x_wconf 79' lang='grc' dir='ltr'>ἀνάστατον</span> <span class='ocrx_word' id='word_1_430' title='bbox 3692 2714 3744 2764; x_wconf 70' lang='grc' dir='ltr'><strong>τὸ</strong></span> 
     </span>
    </p>
   </div>
   <div class='ocr_carea' id='block_1_59' title="bbox 2165 2803 3744 2874">
    <p class='ocr_par' dir='ltr' id='par_1_59' title="bbox 2165 2803 3744 2874">
     <span class='ocr_line' id='line_1_59' title="bbox 2165 2803 3744 2874; baseline -0.001 -16"><span class='ocrx_word' id='word_1_431' title='bbox 2165 2806 2384 2858; x_wconf 85' lang='grc' dir='ltr'>πάντων</span> <span class='ocrx_word' id='word_1_432' title='bbox 2431 2803 2700 2858; x_wconf 76' lang='grc' dir='ltr'>Ἰουδαίων</span> <span class='ocrx_word' id='word_1_433' title='bbox 2734 2804 2884 2867; x_wconf 79' lang='grc' dir='ltr'>ἔθνος</span> <span class='ocrx_word' id='word_1_434' title='bbox 2912 2804 3220 2873; x_wconf 83' lang='grc' dir='ltr'>γεγένηται,</span> <span class='ocrx_word' id='word_1_435' title='bbox 3251 2804 3369 2856; x_wconf 77' lang='grc' dir='ltr'>οὐδὲ</span> <span class='ocrx_word' id='word_1_436' title='bbox 3395 2805 3534 2874; x_wconf 83' lang='grc' dir='ltr'><strong>μετά</strong></span> <span class='ocrx_word' id='word_1_437' title='bbox 3562 2804 3744 2872; x_wconf 79' lang='grc' dir='ltr'>γενεάν</span> 
     </span>
    </p>
   </div>
   <div class='ocr_carea' id='block_1_60' title="bbox 2163 2895 3742 2969">
    <p class='ocr_par' dir='ltr' id='par_1_60' title="bbox 2163 2895 3742 2969">
     <span class='ocr_line' id='line_1_60' title="bbox 2163 2895 3742 2969; baseline -0.001 -19"><span class='ocrx_word' id='word_1_438' title='bbox 2163 2898 2292 2969; x_wconf 83' lang='grc' dir='ltr'>ὃλην</span> <span class='ocrx_word' id='word_1_439' title='bbox 2323 2898 2452 2968; x_wconf 88' lang='grc' dir='ltr'>μίαν</span> <span class='ocrx_word' id='word_1_440' title='bbox 2489 2895 2582 2950; x_wconf 87' lang='grc' dir='ltr'><strong>τοῦ</strong></span> <span class='ocrx_word' id='word_1_441' title='bbox 2611 2896 2783 2949; x_wconf 85' lang='grc' dir='ltr'>ταῦτα</span> <span class='ocrx_word' id='word_1_442' title='bbox 2817 2896 3140 2949; x_wconf 85' lang='grc' dir='ltr'>πεπονθέναι</span> <span class='ocrx_word' id='word_1_443' title='bbox 3179 2897 3271 2948; x_wconf 83' lang='grc' dir='ltr'>ὑπ’</span> <span class='ocrx_word' id='word_1_444' title='bbox 3301 2896 3478 2948; x_wconf 80' lang='grc' dir='ltr'>αὐτῶν</span> <span class='ocrx_word' id='word_1_445' title='bbox 3513 2897 3601 2948; x_wconf 67' lang='grc' dir='ltr'><strong>τον</strong></span> <span class='ocrx_word' id='word_1_446' title='bbox 3649 2898 3742 2965; x_wconf 82' lang='grc' dir='ltr'>Ἰη-</span> 
     </span>
    </p>
   </div>
   <div class='ocr_carea' id='block_1_61' title="bbox 2166 2985 3742 3060">
    <p class='ocr_par' dir='ltr' id='par_1_61' title="bbox 2166 2985 3742 3060">
     <span class='ocr_line' id='line_1_61' title="bbox 2166 2985 3742 3060; baseline -0.001 -18"><span class='ocrx_word' id='word_1_447' title='bbox 2166 2990 2313 3043; x_wconf 88' lang='grc' dir='ltr'>σοῦν.</span> <span class='ocrx_word' id='word_1_448' title='bbox 2349 2990 2771 3060; x_wconf 86' lang='grc' dir='ltr'>Τεσσαράκοντα</span> <span class='ocrx_word' id='word_1_449' title='bbox 2797 2989 2904 3060; x_wconf 80' lang='grc' dir='ltr'>γὰρ</span> <span class='ocrx_word' id='word_1_450' title='bbox 2929 2989 3022 3060; x_wconf 76' lang='grc' dir='ltr'><strong>ἔτη</strong></span> <span class='ocrx_word' id='word_1_451' title='bbox 3051 2991 3143 3042; x_wconf 68' lang='grc' dir='ltr'><strong>καὶ</strong></span> <span class='ocrx_word' id='word_1_452' title='bbox 3170 2989 3262 3041; x_wconf 86' lang='grc' dir='ltr'><strong>δύο</strong></span> <span class='ocrx_word' id='word_1_453' title='bbox 3289 2989 3424 3060; x_wconf 80' lang='grc'>(75),</span> <span class='ocrx_word' id='word_1_454' title='bbox 3453 2985 3631 3059; x_wconf 73' lang='grc' dir='ltr'>οἶμαι,</span> <span class='ocrx_word' id='word_1_455' title='bbox 3663 2992 3742 3056; x_wconf 54' lang='grc' dir='ltr'><strong>ἐς·</strong></span> 
     </span>
    </p>
   </div>
   <div class='ocr_carea' id='block_1_62' title="bbox 2165 3077 3743 3152">
    <p class='ocr_par' dir='ltr' id='par_1_62' title="bbox 2165 3077 3743 3152">
     <span class='ocr_line' id='line_1_62' title="bbox 2165 3077 3743 3152; baseline -0.001 -18"><span class='ocrx_word' id='word_1_456' title='bbox 2165 3077 2225 3136; x_wconf 78' lang='grc' dir='ltr'><strong>οῦ</strong></span> <span class='ocrx_word' id='word_1_457' title='bbox 2252 3080 2606 3152; x_wconf 77' lang='grc' dir='ltr'>ἐσταύρωσαν</span> <span class='ocrx_word' id='word_1_458' title='bbox 2632 3081 2722 3133; x_wconf 77' lang='grc' dir='ltr'><strong>τὸν</strong></span> <span class='ocrx_word' id='word_1_459' title='bbox 2765 3079 2988 3150; x_wconf 85' lang='grc' dir='ltr'>Ἰησοῦν,</span> <span class='ocrx_word' id='word_1_460' title='bbox 3025 3081 3300 3148; x_wconf 87' lang='grc' dir='ltr'>γεγονέναι</span> <span class='ocrx_word' id='word_1_461' title='bbox 3329 3082 3420 3132; x_wconf 79' lang='grc' dir='ltr'>ἐπὶ</span> <span class='ocrx_word' id='word_1_462' title='bbox 3452 3081 3549 3150; x_wconf 69' lang='grc' dir='ltr'><strong>τὴν</strong></span> <span class='ocrx_word' id='word_1_463' title='bbox 3590 3082 3743 3150; x_wconf 79' lang='grc' dir='ltr'>Ἰερο-</span> 
     </span>
    </p>
   </div>
   <div class='ocr_carea' id='block_1_63' title="bbox 2169 3173 3744 3246">
    <p class='ocr_par' dir='ltr' id='par_1_63' title="bbox 2169 3173 3744 3246">
     <span class='ocr_line' id='line_1_63' title="bbox 2169 3173 3744 3246; baseline -0.001 -19"><span class='ocrx_word' id='word_1_464' title='bbox 2169 3175 2418 3246; x_wconf 86' lang='grc' dir='ltr'>σολύμων</span> <span class='ocrx_word' id='word_1_465' title='bbox 2452 3174 2786 3246; x_wconf 87' lang='grc' dir='ltr'>καθαίρεσιν.</span> <span class='ocrx_word' id='word_1_466' title='bbox 2828 3175 2937 3226; x_wconf 78' lang='grc' dir='ltr'><strong>Καὶ</strong></span> <span class='ocrx_word' id='word_1_467' title='bbox 2969 3173 3221 3226; x_wconf 74' lang='grc' dir='ltr'>οὐδέποτέ</span> <span class='ocrx_word' id='word_1_468' title='bbox 3259 3190 3319 3240; x_wconf 89' lang='grc' dir='ltr'><strong>γε</strong></span> <span class='ocrx_word' id='word_1_469' title='bbox 3355 3173 3659 3244; x_wconf 78' lang='grc' dir='ltr'>ἱστόρηται,</span> <span class='ocrx_word' id='word_1_470' title='bbox 3697 3175 3744 3238; x_wconf 82' lang='grc' dir='ltr'>ἐξ</span> 
     </span>
    </p>
   </div>
   <div class='ocr_carea' id='block_1_64' title="bbox 2165 3263 3748 3335">
    <p class='ocr_par' dir='ltr' id='par_1_64' title="bbox 2165 3263 3748 3335">
     <span class='ocr_line' id='line_1_64' title="bbox 2165 3263 3748 3335; baseline -0.004 -14"><span class='ocrx_word' id='word_1_471' title='bbox 2165 3263 2226 3322; x_wconf 75' lang='grc' dir='ltr'><strong>οὗ</strong></span> <span class='ocrx_word' id='word_1_472' title='bbox 2267 3267 2511 3320; x_wconf 84' lang='grc' dir='ltr'>Ἰουδαῖοί</span> <span class='ocrx_word' id='word_1_473' title='bbox 2574 3268 2702 3329; x_wconf 76' lang='grc' dir='ltr'>εἰσι,</span> <span class='ocrx_word' id='word_1_474' title='bbox 2735 3265 2986 3318; x_wconf 87' lang='grc' dir='ltr'>τοσοῦτον</span> <span class='ocrx_word' id='word_1_475' title='bbox 3026 3265 3220 3327; x_wconf 75' lang='grc' dir='ltr'>αὐτοὺς</span> <span class='ocrx_word' id='word_1_476' title='bbox 3259 3265 3450 3335; x_wconf 85' lang='grc' dir='ltr'>χρόνον</span> <span class='ocrx_word' id='word_1_477' title='bbox 3493 3264 3748 3333; x_wconf 74' lang='grc' dir='ltr'><strong>ἐκϐεϐλῆ-</strong></span> 
     </span>
    </p>
   </div>
   <div class='ocr_carea' id='block_1_65' title="bbox 2170 3356 3748 3428">
    <p class='ocr_par' dir='ltr' id='par_1_65' title="bbox 2170 3356 3748 3428">
     <span class='ocr_line' id='line_1_65' title="bbox 2170 3356 3748 3428; baseline -0.006 -16"><span class='ocrx_word' id='word_1_478' title='bbox 2170 3360 2292 3413; x_wconf 86' lang='grc' dir='ltr'>σθαι</span> <span class='ocrx_word' id='word_1_479' title='bbox 2323 3358 2423 3428; x_wconf 84' lang='grc' dir='ltr'>τῆς</span> <span class='ocrx_word' id='word_1_480' title='bbox 2466 3359 2670 3428; x_wconf 79' lang='grc' dir='ltr'>σεμνῆς</span> <span class='ocrx_word' id='word_1_481' title='bbox 2709 3358 2987 3426; x_wconf 83' lang='grc' dir='ltr'>ἁγιστείας</span> <span class='ocrx_word' id='word_1_482' title='bbox 3021 3356 3112 3409; x_wconf 77' lang='grc' dir='ltr'><strong>καὶ</strong></span> <span class='ocrx_word' id='word_1_483' title='bbox 3147 3356 3422 3426; x_wconf 88' lang='grc' dir='ltr'>λατρείας,</span> <span class='ocrx_word' id='word_1_484' title='bbox 3458 3356 3748 3427; x_wconf 80' lang='grc' dir='ltr'>κρατηθέν-</span> 
     </span>
    </p>
   </div>
   <div class='ocr_carea' id='block_1_66' title="bbox 484 3445 2063 3519">
    <p class='ocr_par' dir='ltr' id='par_1_66' title="bbox 484 3448 2059 3517">
     <span class='ocr_line' id='line_1_66' title="bbox 484 3448 2059 3517; baseline 0.001 -17"><span class='ocrx_word' id='word_1_485' title='bbox 484 3450 687 3503; x_wconf 74' lang='lat' dir='ltr'><strong>visitati</strong></span> <span class='ocrx_word' id='word_1_486' title='bbox 719 3459 846 3503; x_wconf 87' lang='lat' dir='ltr'><strong>sunt</strong></span> <span class='ocrx_word' id='word_1_487' title='bbox 897 3459 1078 3503; x_wconf 91' lang='lat' dir='ltr'><strong>tamen</strong></span> <span class='ocrx_word' id='word_1_488' title='bbox 1108 3490 1123 3515; x_wconf 92' lang='lat'><strong>,</strong></span> <span class='ocrx_word' id='word_1_489' title='bbox 1152 3459 1210 3503; x_wconf 92' lang='lat' dir='ltr'><strong>et</strong></span> <span class='ocrx_word' id='word_1_490' title='bbox 1248 3450 1315 3502; x_wconf 91' lang='lat' dir='ltr'><strong>ad</strong></span> <span class='ocrx_word' id='word_1_491' title='bbox 1355 3449 1575 3517; x_wconf 89' lang='lat' dir='ltr'><strong>propria</strong></span> <span class='ocrx_word' id='word_1_492' title='bbox 1608 3448 1810 3503; x_wconf 83' lang='lat' dir='ltr'><strong>reversi</strong></span> <span class='ocrx_word' id='word_1_493' title='bbox 1843 3449 2059 3502; x_wconf 88' lang='lat' dir='ltr'><strong>nemine</strong></span> 
     </span>
    </p>
   </div>
   <div class='ocr_carea' id='block_1_67' title="bbox 2173 3445 3746 3519">
    <p class='ocr_par' dir='ltr' id='par_1_67' title="bbox 2173 3445 3746 3516">
     <span class='ocr_line' id='line_1_67' title="bbox 2173 3445 3746 3516; baseline -0.001 -17"><span class='ocrx_word' id='word_1_494' title='bbox 2173 3464 2266 3510; x_wconf 85' lang='grc' dir='ltr'><strong>τας</strong></span> <span class='ocrx_word' id='word_1_495' title='bbox 2309 3445 2414 3498; x_wconf 76' lang='grc' dir='ltr'><strong>ὑπὸ</strong></span> <span class='ocrx_word' id='word_1_496' title='bbox 2454 3445 2874 3516; x_wconf 86' lang='grc' dir='ltr'>δυνατωτέρων·</span> <span class='ocrx_word' id='word_1_497' title='bbox 2919 3445 3031 3498; x_wconf 84' lang='grc' dir='ltr'>ἀλλ’</span> <span class='ocrx_word' id='word_1_498' title='bbox 3070 3447 3116 3498; x_wconf 78' lang='grc' dir='ltr'><strong>εἰ</strong></span> <span class='ocrx_word' id='word_1_499' title='bbox 3165 3446 3257 3498; x_wconf 85' lang='grc' dir='ltr'><strong>καί</strong></span> <span class='ocrx_word' id='word_1_500' title='bbox 3298 3462 3427 3497; x_wconf 87' lang='grc' dir='ltr'>ποτε</span> <span class='ocrx_word' id='word_1_501' title='bbox 3464 3445 3654 3511; x_wconf 81' lang='grc' dir='ltr'>ἔδοξαν</span> <span class='ocrx_word' id='word_1_502' title='bbox 3688 3446 3746 3498; x_wconf 84' lang='grc' dir='ltr'>δι’</span> 
     </span>
    </p>
   </div>
   <div class='ocr_carea' id='block_1_68' title="bbox 484 3538 2060 3610">
    <p class='ocr_par' dir='ltr' id='par_1_68' title="bbox 484 3538 2060 3610">
     <span class='ocr_line' id='line_1_68' title="bbox 484 3538 2060 3610; baseline 0 -17"><span class='ocrx_word' id='word_1_503' title='bbox 484 3541 812 3610; x_wconf 87' lang='lat' dir='ltr'><strong>prohibente</strong></span> <span class='ocrx_word' id='word_1_504' title='bbox 863 3545 978 3594; x_wconf 88' lang='lat' dir='ltr'><strong>suis</strong></span> <span class='ocrx_word' id='word_1_505' title='bbox 1017 3543 1192 3596; x_wconf 90' lang='lat' dir='ltr'><strong>sacris</strong></span> <span class='ocrx_word' id='word_1_506' title='bbox 1237 3540 1444 3608; x_wconf 86' lang='lat' dir='ltr'><strong>operati</strong></span> <span class='ocrx_word' id='word_1_507' title='bbox 1495 3547 1640 3591; x_wconf 91' lang='lat' dir='ltr'><strong>sunt.</strong></span> <span class='ocrx_word' id='word_1_508' title='bbox 1682 3538 1759 3591; x_wconf 82' lang='lat' dir='ltr'><strong>Ex</strong></span> <span class='ocrx_word' id='word_1_509' title='bbox 1808 3539 2060 3593; x_wconf 87' lang='lat' dir='ltr'><strong>omnibus</strong></span> 
     </span>
    </p>
   </div>
   <div class='ocr_carea' id='block_1_69' title="bbox 485 3630 2060 3702">
    <p class='ocr_par' dir='ltr' id='par_1_69' title="bbox 485 3630 2060 3702">
     <span class='ocr_line' id='line_1_69' title="bbox 485 3630 2060 3702; baseline -0.001 -18"><span class='ocrx_word' id='word_1_510' title='bbox 485 3632 650 3700; x_wconf 86' lang='lat' dir='ltr'><strong>igitur</strong></span> <span class='ocrx_word' id='word_1_511' title='bbox 693 3633 1028 3702; x_wconf 86' lang='lat' dir='ltr'><strong>argumentis</strong></span> <span class='ocrx_word' id='word_1_512' title='bbox 1051 3675 1065 3698; x_wconf 87' lang='lat'><strong>,</strong></span> <span class='ocrx_word' id='word_1_513' title='bbox 1099 3647 1219 3699; x_wconf 70' lang='lat' dir='ltr'><strong>qute</strong></span> <span class='ocrx_word' id='word_1_514' title='bbox 1264 3632 1510 3685; x_wconf 87' lang='lat' dir='ltr'><strong>divinum</strong></span> <span class='ocrx_word' id='word_1_515' title='bbox 1570 3631 1696 3698; x_wconf 88' lang='lat' dir='ltr'><strong>quid</strong></span> <span class='ocrx_word' id='word_1_516' title='bbox 1730 3630 1783 3684; x_wconf 91' lang='lat' dir='ltr'><strong>iu</strong></span> <span class='ocrx_word' id='word_1_517' title='bbox 1812 3630 1939 3684; x_wconf 79' lang='lat' dir='ltr'><strong>Jesu</strong></span> <span class='ocrx_word' id='word_1_518' title='bbox 1971 3644 2060 3684; x_wconf 84' lang='lat' dir='ltr'><strong>sa-</strong></span> 
     </span>
    </p>
   </div>
   <div class='ocr_carea' id='block_1_70' title="bbox 485 3723 2058 3792">
    <p class='ocr_par' dir='ltr' id='par_1_70' title="bbox 485 3723 2058 3792">
     <span class='ocr_line' id='line_1_70' title="bbox 485 3723 2058 3792; baseline -0.001 -15"><span class='ocrx_word' id='word_1_519' title='bbox 485 3739 746 3792; x_wconf 85' lang='lat' dir='ltr'><strong>crumque</strong></span> <span class='ocrx_word' id='word_1_520' title='bbox 785 3725 952 3778; x_wconf 90' lang='lat' dir='ltr'><strong>fuisse</strong></span> <span class='ocrx_word' id='word_1_521' title='bbox 1002 3726 1381 3779; x_wconf 89' lang='lat' dir='ltr'><strong>demonstrant</strong></span> <span class='ocrx_word' id='word_1_522' title='bbox 1411 3765 1424 3788; x_wconf 97' lang='lat'><strong>,</strong></span> <span class='ocrx_word' id='word_1_523' title='bbox 1475 3740 1640 3778; x_wconf 92' lang='lat' dir='ltr'><strong>unum</strong></span> <span class='ocrx_word' id='word_1_524' title='bbox 1679 3732 1843 3777; x_wconf 89' lang='lat' dir='ltr'><strong>estet</strong></span> <span class='ocrx_word' id='word_1_525' title='bbox 1877 3723 2017 3776; x_wconf 89' lang='lat' dir='ltr'><strong>istud</strong></span> <span class='ocrx_word' id='word_1_526' title='bbox 2042 3763 2058 3788; x_wconf 92' lang='lat'><strong>,</strong></span> 
     </span>
    </p>
   </div>
   <div class='ocr_carea' id='block_1_71' title="bbox 483 3812 2064 3882">
    <p class='ocr_par' dir='ltr' id='par_1_71' title="bbox 483 3812 2064 3882">
     <span class='ocr_line' id='line_1_71' title="bbox 483 3812 2064 3882; baseline -0.001 -14"><span class='ocrx_word' id='word_1_527' title='bbox 483 3812 700 3868; x_wconf 76' lang='lat' dir='ltr'><strong>Judzeos</strong></span> <span class='ocrx_word' id='word_1_528' title='bbox 723 3823 944 3882; x_wconf 86' lang='lat' dir='ltr'><strong>propter</strong></span> <span class='ocrx_word' id='word_1_529' title='bbox 981 3814 1130 3868; x_wconf 92' lang='lat' dir='ltr'><strong>illum</strong></span> <span class='ocrx_word' id='word_1_530' title='bbox 1162 3815 1215 3866; x_wconf 92' lang='lat' dir='ltr'><strong>in</strong></span> <span class='ocrx_word' id='word_1_531' title='bbox 1253 3823 1329 3867; x_wconf 92' lang='lat' dir='ltr'><strong>tot</strong></span> <span class='ocrx_word' id='word_1_532' title='bbox 1356 3829 1418 3866; x_wconf 92' lang='lat' dir='ltr'><strong>ac</strong></span> <span class='ocrx_word' id='word_1_533' title='bbox 1459 3814 1624 3867; x_wconf 88' lang='lat' dir='ltr'><strong>tantis</strong></span> <span class='ocrx_word' id='word_1_534' title='bbox 1659 3812 2064 3867; x_wconf 85' lang='lat' dir='ltr'><strong>calamitatibus</strong></span> 
     </span>
    </p>
   </div>
   <div class='ocr_carea' id='block_1_72' title="bbox 487 3902 2062 3970">
    <p class='ocr_par' dir='ltr' id='par_1_72' title="bbox 487 3902 2062 3970">
     <span class='ocr_line' id='line_1_72' title="bbox 487 3902 2062 3970; baseline -0.003 -12"><span class='ocrx_word' id='word_1_535' title='bbox 487 3905 692 3958; x_wconf 87' lang='lat' dir='ltr'><strong>tamdiu</strong></span> <span class='ocrx_word' id='word_1_536' title='bbox 721 3914 972 3958; x_wconf 78' lang='lat' dir='ltr'><strong>versatos</strong></span> <span class='ocrx_word' id='word_1_537' title='bbox 1022 3904 1213 3958; x_wconf 90' lang='lat' dir='ltr'><strong>fuisse.</strong></span> <span class='ocrx_word' id='word_1_538' title='bbox 1245 3903 1556 3970; x_wconf 86' lang='lat' dir='ltr'><strong>Quinetiam</strong></span> <span class='ocrx_word' id='word_1_539' title='bbox 1591 3902 1823 3956; x_wconf 84' lang='lat' dir='ltr'><strong>fidenter</strong></span> <span class='ocrx_word' id='word_1_540' title='bbox 1857 3902 2062 3960; x_wconf 77' lang='lat' dir='ltr'><strong>dixeri-</strong></span> 
     </span>
    </p>
   </div>
   <div class='ocr_carea' id='block_1_73' title="bbox 486 3991 2060 4064">
    <p class='ocr_par' dir='ltr' id='par_1_73' title="bbox 486 3991 2060 4064">
     <span class='ocr_line' id='line_1_73' title="bbox 486 3991 2060 4064; baseline -0.001 -16"><span class='ocrx_word' id='word_1_541' title='bbox 486 4011 610 4049; x_wconf 76' lang='lat' dir='ltr'><strong>mus</strong></span> <span class='ocrx_word' id='word_1_542' title='bbox 639 4011 744 4049; x_wconf 88' lang='lat' dir='ltr'><strong>unu</strong></span> <span class='ocrx_word' id='word_1_543' title='bbox 775 3995 890 4050; x_wconf 78' lang='lat' dir='ltr'><strong>fore</strong></span> <span class='ocrx_word' id='word_1_544' title='bbox 918 4005 975 4049; x_wconf 92' lang='lat' dir='ltr'><strong>ut</strong></span> <span class='ocrx_word' id='word_1_545' title='bbox 1005 3996 1058 4049; x_wconf 93' lang='lat' dir='ltr'><strong>in</strong></span> <span class='ocrx_word' id='word_1_546' title='bbox 1085 3997 1375 4064; x_wconf 86' lang='lat' dir='ltr'><strong>pristinum</strong></span> <span class='ocrx_word' id='word_1_547' title='bbox 1410 4004 1612 4048; x_wconf 88' lang='lat' dir='ltr'><strong>statqu</strong></span> <span class='ocrx_word' id='word_1_548' title='bbox 1643 3994 1886 4048; x_wconf 88' lang='lat' dir='ltr'><strong>redeant.</strong></span> <span class='ocrx_word' id='word_1_549' title='bbox 1925 3991 2060 4046; x_wconf 65' lang='lat' dir='ltr'><strong>Sceo</strong></span> 
     </span>
    </p>
   </div>
   <div class='ocr_carea' id='block_1_74' title="bbox 487 4083 2062 4143">
    <p class='ocr_par' dir='ltr' id='par_1_74' title="bbox 487 4083 2062 4143">
     <span class='ocr_line' id='line_1_74' title="bbox 487 4083 2062 4143; baseline -0.003 -3"><span class='ocrx_word' id='word_1_550' title='bbox 487 4085 570 4142; x_wconf 90' lang='lat' dir='ltr'><strong>lus</strong></span> <span class='ocrx_word' id='word_1_551' title='bbox 621 4089 766 4142; x_wconf 84' lang='lat' dir='ltr'><strong>enim</strong></span> <span class='ocrx_word' id='word_1_552' title='bbox 815 4089 1055 4143; x_wconf 89' lang='lat' dir='ltr'><strong>omnium</strong></span> <span class='ocrx_word' id='word_1_553' title='bbox 1115 4087 1513 4141; x_wconf 84' lang='lat' dir='ltr'><strong>atrocissimum</strong></span> <span class='ocrx_word' id='word_1_554' title='bbox 1563 4085 1664 4139; x_wconf 84' lang='lat' dir='ltr'><strong>fuit</strong></span> <span class='ocrx_word' id='word_1_555' title='bbox 1720 4083 2062 4139; x_wconf 77' lang='lat' dir='ltr'><strong>Salvatorem</strong></span> 
     </span>
    </p>
   </div>
   <div class='ocr_carea' id='block_1_75' title="bbox 559 4246 1774 4318">
    <p class='ocr_par' dir='ltr' id='par_1_75' title="bbox 559 4246 1774 4318">
     <span class='ocr_line' id='line_1_75' title="bbox 559 4246 1774 4318; baseline -0.008 -12"><span class='ocrx_word' id='word_1_556' title='bbox 559 4246 670 4318; x_wconf 68' lang='grc'><strong>(71)</strong></span> <span class='ocrx_word' id='word_1_557' title='bbox 706 4247 1010 4315; x_wconf 86' lang='lat' dir='ltr'><strong>Spencerus</strong></span> <span class='ocrx_word' id='word_1_558' title='bbox 1041 4248 1092 4300; x_wconf 88' lang='lat' dir='ltr'><strong>itt</strong></span> <span class='ocrx_word' id='word_1_559' title='bbox 1131 4255 1306 4306; x_wconf 78' lang='lat' dir='ltr'><strong>textu.</strong></span> <span class='ocrx_word' id='word_1_560' title='bbox 1337 4247 1774 4318; x_wconf 83' lang='grc' dir='ltr'>ἀποδείκνυνται.</span> 
     </span>
    </p>
   </div>
   <div class='ocr_carea' id='block_1_76' title="bbox 558 4317 1821 4389">
    <p class='ocr_par' dir='ltr' id='par_1_76' title="bbox 558 4317 1821 4389">
     <span class='ocr_line' id='line_1_76' title="bbox 558 4317 1821 4389; baseline -0.005 -16"><span class='ocrx_word' id='word_1_561' title='bbox 558 4317 668 4389; x_wconf 67' lang='lat'><strong>(72)</strong></span> <span class='ocrx_word' id='word_1_562' title='bbox 697 4318 899 4389; x_wconf 63' lang='lat' dir='ltr'><strong>Lodex</strong></span> <span class='ocrx_word' id='word_1_563' title='bbox 947 4319 1144 4388; x_wconf 76' lang='lat' dir='ltr'><strong>Regius</strong></span> <span class='ocrx_word' id='word_1_564' title='bbox 1202 4327 1367 4380; x_wconf 86' lang='lat' dir='ltr'><strong>recte,</strong></span> <span class='ocrx_word' id='word_1_565' title='bbox 1419 4317 1821 4389; x_wconf 83' lang='grc' dir='ltr'>προστιθέντες.</span> 
     </span>
    </p>
   </div>
   <div class='ocr_carea' id='block_1_77' title="bbox 487 4387 850 4460">
    <p class='ocr_par' dir='ltr' id='par_1_77' title="bbox 487 4387 850 4460">
     <span class='ocr_line' id='line_1_77' title="bbox 487 4387 850 4460; baseline -0.014 -18"><span class='ocrx_word' id='word_1_566' title='bbox 487 4387 850 4460; x_wconf 58' lang='grc' dir='ltr'>προτιθέντες.</span> 
     </span>
    </p>
   </div>
   <div class='ocr_carea' id='block_1_78' title="bbox 561 4454 2068 4528">
    <p class='ocr_par' dir='ltr' id='par_1_78' title="bbox 561 4454 2068 4528">
     <span class='ocr_line' id='line_1_78' title="bbox 561 4454 2068 4528; baseline -0.002 -20"><span class='ocrx_word' id='word_1_567' title='bbox 561 4458 670 4526; x_wconf 72' lang='lat'><strong>(75)</strong></span> <span class='ocrx_word' id='word_1_568' title='bbox 724 4458 1179 4528; x_wconf 72' lang='grc' dir='ltr'>Τεσσσράκοντα</span> <span class='ocrx_word' id='word_1_569' title='bbox 1236 4460 1344 4528; x_wconf 75' lang='grc' dir='ltr'>γὰρ</span> <span class='ocrx_word' id='word_1_570' title='bbox 1392 4458 1495 4524; x_wconf 80' lang='grc' dir='ltr'>ἐτη</span> <span class='ocrx_word' id='word_1_571' title='bbox 1553 4457 1650 4510; x_wconf 76' lang='grc' dir='ltr'>καὶ</span> <span class='ocrx_word' id='word_1_572' title='bbox 1703 4455 1840 4528; x_wconf 32' lang='grc' dir='ltr'>δύο..</span> <span class='ocrx_word' id='word_1_573' title='bbox 1898 4454 2068 4528; x_wconf 68' lang='lat' dir='ltr'><strong>Clgm.</strong></span> 
     </span>
    </p>
   </div>
   <div class='ocr_carea' id='block_1_79' title="bbox 488 4523 2071 4600">
    <p class='ocr_par' dir='ltr' id='par_1_79' title="bbox 488 4523 2071 4600">
     <span class='ocr_line' id='line_1_79' title="bbox 488 4523 2071 4600; baseline -0.003 -20"><span class='ocrx_word' id='word_1_574' title='bbox 488 4523 686 4600; x_wconf 56' lang='lat' dir='ltr'><strong>Strepit.</strong></span> <span class='ocrx_word' id='word_1_575' title='bbox 713 4543 731 4600; x_wconf 86' lang='lat' dir='ltr'><strong>_t</strong></span> <span class='ocrx_word' id='word_1_576' title='bbox 772 4542 786 4582; x_wconf 89' lang='lat'><strong>:</strong></span> <span class='ocrx_word' id='word_1_577' title='bbox 827 4523 981 4600; x_wconf 75' lang='grc' dir='ltr'>θύτω</span> <span class='ocrx_word' id='word_1_578' title='bbox 1010 4523 1344 4600; x_wconf 66' lang='grc' dir='ltr'>πληροῦνται</span> <span class='ocrx_word' id='word_1_579' title='bbox 1372 4529 1441 4600; x_wconf 67' lang='grc' dir='ltr'>τὰ</span> <span class='ocrx_word' id='word_1_580' title='bbox 1479 4523 1770 4600; x_wconf 79' lang='grc' dir='ltr'>τριάκοντα</span> <span class='ocrx_word' id='word_1_581' title='bbox 1818 4525 1933 4594; x_wconf 79' lang='grc' dir='ltr'>ἔτη,</span> <span class='ocrx_word' id='word_1_582' title='bbox 1966 4523 2071 4600; x_wconf 70' lang='grc' dir='ltr'><strong>ἕως</strong></span> 
     </span>
    </p>
   </div>
   <div class='ocr_carea' id='block_1_80' title="bbox 486 4593 2070 4667">
    <p class='ocr_par' dir='ltr' id='par_1_80' title="bbox 486 4593 2070 4667">
     <span class='ocr_line' id='line_1_80' title="bbox 486 4593 2070 4667; baseline 0.003 -15"><span class='ocrx_word' id='word_1_583' title='bbox 486 4593 547 4667; x_wconf 75' lang='grc' dir='ltr'><strong>οὗ</strong></span> <span class='ocrx_word' id='word_1_584' title='bbox 598 4597 794 4667; x_wconf 77' lang='grc' dir='ltr'>ἔπαθεν</span> <span class='ocrx_word' id='word_1_585' title='bbox 818 4614 831 4628; x_wconf 77' lang='grc' dir='ltr'><strong>ο</strong></span> <span class='ocrx_word' id='word_1_586' title='bbox 861 4598 953 4667; x_wconf 79' lang='grc' dir='ltr'><strong>ἀφ’</strong></span> <span class='ocrx_word' id='word_1_587' title='bbox 979 4594 1039 4652; x_wconf 80' lang='grc' dir='ltr'><strong>οῦ</strong></span> <span class='ocrx_word' id='word_1_588' title='bbox 1086 4593 1141 4651; x_wconf 72' lang='grc' dir='ltr'><em>δὲ</em></span> <span class='ocrx_word' id='word_1_589' title='bbox 1187 4598 1386 4652; x_wconf 80' lang='grc' dir='ltr'>ἔπαθεν</span> <span class='ocrx_word' id='word_1_590' title='bbox 1416 4593 1529 4662; x_wconf 64' lang='grc' dir='ltr'><strong>ἕως</strong></span> <span class='ocrx_word' id='word_1_591' title='bbox 1552 4599 1650 4667; x_wconf 79' lang='grc' dir='ltr'>τῆς</span> <span class='ocrx_word' id='word_1_592' title='bbox 1693 4593 2070 4666; x_wconf 70' lang='grc' dir='ltr'>καταστροφῆς</span> 
     </span>
    </p>
   </div>
   <div class='ocr_carea' id='block_1_81' title="bbox 498 4665 2067 4740">
    <p class='ocr_par' dir='ltr' id='par_1_81' title="bbox 498 4665 2067 4740">
     <span class='ocr_line' id='line_1_81' title="bbox 498 4665 2067 4740; baseline -0.001 -22"><span class='ocrx_word' id='word_1_593' title='bbox 498 4665 854 4740; x_wconf 74' lang='grc' dir='ltr'>Ἰερουσαλὴμ</span> <span class='ocrx_word' id='word_1_594' title='bbox 883 4665 1120 4736; x_wconf 82' lang='grc' dir='ltr'>γίνονται</span> <span class='ocrx_word' id='word_1_595' title='bbox 1163 4669 1256 4738; x_wconf 78' lang='grc' dir='ltr'>ἔτη</span> <span class='ocrx_word' id='word_1_596' title='bbox 1292 4669 1400 4739; x_wconf 68' lang='grc' dir='ltr'>με’,</span> <span class='ocrx_word' id='word_1_597' title='bbox 1459 4665 1624 4740; x_wconf 76' lang='grc' dir='ltr'>μῆνες</span> <span class='ocrx_word' id='word_1_598' title='bbox 1658 4675 1724 4736; x_wconf 86' lang='grc' dir='ltr'>γ’.</span> <span class='ocrx_word' id='word_1_599' title='bbox 1795 4685 1810 4715; x_wconf 82' lang='grc' dir='ltr'><strong>ι</strong></span> <span class='ocrx_word' id='word_1_600' title='bbox 1841 4665 2067 4719; x_wconf 82' lang='lat' dir='ltr'><strong>Sie&#39;itu-</strong></span> 
     </span>
    </p>
   </div>
   <div class='ocr_carea' id='block_1_82' title="bbox 489 4737 2069 4808">
    <p class='ocr_par' dir='ltr' id='par_1_82' title="bbox 489 4737 2069 4808">
     <span class='ocr_line' id='line_1_82' title="bbox 489 4737 2069 4808; baseline 0.002 -22"><span class='ocrx_word' id='word_1_601' title='bbox 489 4737 701 4804; x_wconf 77' lang='lat' dir='ltr'><strong>pleutur</strong></span> <span class='ocrx_word' id='word_1_602' title='bbox 735 4737 954 4804; x_wconf 64' lang='lat' dir='ltr'><strong>triginta</strong></span> <span class='ocrx_word' id='word_1_603' title='bbox 1010 4741 1133 4791; x_wconf 88' lang='lat' dir='ltr'><strong>anui</strong></span> <span class='ocrx_word' id='word_1_604' title='bbox 1170 4737 1337 4807; x_wconf 82' lang='lat' dir='ltr'><strong>usque</strong></span> <span class='ocrx_word' id='word_1_605' title='bbox 1371 4741 1436 4791; x_wconf 88' lang='lat' dir='ltr'><strong>ad</strong></span> <span class='ocrx_word' id='word_1_606' title='bbox 1461 4737 1469 4740; x_wconf 49' lang='grc'>⁷</span> <span class='ocrx_word' id='word_1_607' title='bbox 1495 4737 1702 4806; x_wconf 87' lang='lat' dir='ltr'><strong>tempus</strong></span> <span class='ocrx_word' id='word_1_608' title='bbox 1732 4753 1839 4808; x_wconf 88' lang='lat' dir='ltr'><strong>quo</strong></span> <span class='ocrx_word' id='word_1_609' title='bbox 1881 4751 2069 4804; x_wconf 81' lang='lat' dir='ltr'><strong>passus</strong></span> 
     </span>
    </p>
   </div>
   <div class='ocr_carea' id='block_1_83' title="bbox 487 4808 2067 4876">
    <p class='ocr_par' dir='ltr' id='par_1_83' title="bbox 487 4808 2067 4876">
     <span class='ocr_line' id='line_1_83' title="bbox 487 4808 2067 4876; baseline 0.001 -20"><span class='ocrx_word' id='word_1_610' title='bbox 487 4816 592 4860; x_wconf 65' lang='lat' dir='ltr'><strong>est.</strong></span> <span class='ocrx_word' id='word_1_611' title='bbox 649 4809 722 4876; x_wconf 61' lang='lat' dir='ltr'><strong>lix</strong></span> <span class='ocrx_word' id='word_1_612' title='bbox 755 4822 860 4874; x_wconf 90' lang='lat' dir='ltr'><strong>quo</strong></span> <span class='ocrx_word' id='word_1_613' title='bbox 890 4818 1073 4860; x_wconf 78' lang='lat' dir='ltr'><strong>autem</strong></span> <span class='ocrx_word' id='word_1_614' title='bbox 1113 4825 1304 4876; x_wconf 81' lang='lat' dir='ltr'><strong>passus</strong></span> <span class='ocrx_word' id='word_1_615' title='bbox 1353 4819 1458 4869; x_wconf 85' lang='lat' dir='ltr'><strong>est,</strong></span> <span class='ocrx_word' id='word_1_616' title='bbox 1514 4812 1777 4876; x_wconf 89' lang='lat' dir='ltr'><strong>usquead</strong></span> <span class='ocrx_word' id='word_1_617' title='bbox 1829 4808 2067 4859; x_wconf 77' lang='lat' dir='ltr'><strong>eversio-</strong></span> 
     </span>
    </p>
   </div>
   <div class='ocr_carea' id='block_1_84' title="bbox 489 4875 2065 4946">
    <p class='ocr_par' dir='ltr' id='par_1_84' title="bbox 489 4875 2065 4946">
     <span class='ocr_line' id='line_1_84' title="bbox 489 4875 2065 4946; baseline -0.001 -18"><span class='ocrx_word' id='word_1_618' title='bbox 489 4891 611 4928; x_wconf 88' lang='lat' dir='ltr'><strong>nem</strong></span> <span class='ocrx_word' id='word_1_619' title='bbox 638 4875 960 4939; x_wconf 77' lang='lat' dir='ltr'><strong>JerUsaletu,</strong></span> <span class='ocrx_word' id='word_1_620' title='bbox 1003 4875 1134 4931; x_wconf 85' lang='lat' dir='ltr'><strong>littut</strong></span> <span class='ocrx_word' id='word_1_621' title='bbox 1167 4881 1291 4932; x_wconf 88' lang='lat' dir='ltr'><strong>anni</strong></span> <span class='ocrx_word' id='word_1_622' title='bbox 1336 4875 1694 4946; x_wconf 80' lang='lat' dir='ltr'><strong>quadraginta</strong></span> <span class='ocrx_word' id='word_1_623' title='bbox 1743 4883 1867 4941; x_wconf 88' lang='lat' dir='ltr'><strong>duo,</strong></span> <span class='ocrx_word' id='word_1_624' title='bbox 1914 4893 2065 4930; x_wconf 89' lang='lat' dir='ltr'><strong>men-</strong></span> 
     </span>
    </p>
   </div>
   <div class='ocr_carea' id='block_1_85' title="bbox 487 4946 2064 5019">
    <p class='ocr_par' dir='ltr' id='par_1_85' title="bbox 487 4946 2064 5019">
     <span class='ocr_line' id='line_1_85' title="bbox 487 4946 2064 5019; baseline -0.001 -22"><span class='ocrx_word' id='word_1_625' title='bbox 487 4955 740 5019; x_wconf 39' lang='lat' dir='ltr'><strong>s‘i-stres.</strong></span> <span class='ocrx_word' id='word_1_626' title='bbox 800 4948 898 5019; x_wconf 67' lang='lat' dir='ltr'><strong>Qui</strong></span> <span class='ocrx_word' id='word_1_627' title='bbox 951 4950 1098 5019; x_wconf 84' lang='lat' dir='ltr'><strong>locus</strong></span> <span class='ocrx_word' id='word_1_628' title='bbox 1147 4947 1441 5001; x_wconf 82' lang='lat' dir='ltr'><strong>Clementis</strong></span> <span class='ocrx_word' id='word_1_629' title='bbox 1493 4949 1691 5019; x_wconf 82' lang='lat' dir='ltr'><strong>(inquit</strong></span> <span class='ocrx_word' id='word_1_630' title='bbox 1722 4946 2064 5019; x_wconf 36' lang='lat' dir='ltr'><strong>Scaligerhiu</strong></span> 
     </span>
    </p>
   </div>
   <div class='ocr_carea' id='block_1_86' title="bbox 488 5013 2065 5090">
    <p class='ocr_par' dir='ltr' id='par_1_86' title="bbox 488 5013 2065 5090">
     <span class='ocr_line' id='line_1_86' title="bbox 488 5013 2065 5090; baseline 0.001 -26"><span class='ocrx_word' id='word_1_631' title='bbox 488 5013 784 5090; x_wconf 57' lang='grc' dir='ltr'><strong>Αιιὶιηαιιυ.Δ</strong></span> <span class='ocrx_word' id='word_1_632' title='bbox 807 5013 996 5090; x_wconf 64' lang='lat' dir='ltr'><strong>Euseb.</strong></span> <span class='ocrx_word' id='word_1_633' title='bbox 1031 5019 1331 5090; x_wconf 13' lang='lat' dir='ltr'><strong>adiannum</strong></span> <span class='ocrx_word' id='word_1_634' title='bbox 1370 5013 1668 5090; x_wconf 51' lang='lat' dir='ltr'><strong>mutui.)</strong></span> <span class='ocrx_word' id='word_1_635' title='bbox 1705 5034 1806 5090; x_wconf 82' lang='lat' dir='ltr'><strong>non</strong></span> <span class='ocrx_word' id='word_1_636' title='bbox 1835 5013 1923 5069; x_wconf 77' lang='lat' dir='ltr'><strong>uni</strong></span> <span class='ocrx_word' id='word_1_637' title='bbox 1958 5016 2065 5090; x_wconf 83' lang='lat' dir='ltr'><strong>Eu-</strong></span> 
     </span>
    </p>
   </div>
   <div class='ocr_carea' id='block_1_87' title="bbox 488 5085 2065 5157">
    <p class='ocr_par' dir='ltr' id='par_1_87' title="bbox 488 5085 2065 5157">
     <span class='ocr_line' id='line_1_87' title="bbox 488 5085 2065 5157; baseline 0.001 -21"><span class='ocrx_word' id='word_1_638' title='bbox 488 5086 662 5147; x_wconf 83' lang='lat' dir='ltr'><strong>sebio,</strong></span> <span class='ocrx_word' id='word_1_639' title='bbox 693 5085 784 5136; x_wconf 90' lang='lat' dir='ltr'><strong>sed</strong></span> <span class='ocrx_word' id='word_1_640' title='bbox 830 5096 884 5138; x_wconf 79' lang='lat' dir='ltr'><strong>et</strong></span> <span class='ocrx_word' id='word_1_641' title='bbox 910 5085 1127 5155; x_wconf 82' lang='lat' dir='ltr'><strong>Origeni</strong></span> <span class='ocrx_word' id='word_1_642' title='bbox 1181 5089 1472 5156; x_wconf 81' lang='lat' dir='ltr'><strong>imposuit;</strong></span> <span class='ocrx_word' id='word_1_643' title='bbox 1533 5085 1684 5157; x_wconf 78' lang='lat' dir='ltr'><strong>cujus</strong></span> <span class='ocrx_word' id='word_1_644' title='bbox 1743 5087 1855 5140; x_wconf 76' lang='lat' dir='ltr'><strong>Itzrc</strong></span> <span class='ocrx_word' id='word_1_645' title='bbox 1903 5085 2065 5140; x_wconf 67' lang='lat' dir='ltr'><strong>verba</strong></span> 
     </span>
    </p>
   </div>
   <div class='ocr_carea' id='block_1_88' title="bbox 489 5157 2064 5228">
    <p class='ocr_par' dir='ltr' id='par_1_88' title="bbox 489 5157 2064 5228">
     <span class='ocr_line' id='line_1_88' title="bbox 489 5157 2064 5228; baseline 0.001 -22"><span class='ocrx_word' id='word_1_646' title='bbox 489 5164 638 5220; x_wconf 84' lang='lat' dir='ltr'><strong>sunt,</strong></span> <span class='ocrx_word' id='word_1_647' title='bbox 676 5170 758 5228; x_wconf 58' lang='lat' dir='ltr'><strong>es</strong></span> <span class='ocrx_word' id='word_1_648' title='bbox 807 5169 1001 5228; x_wconf 88' lang='lat' dir='ltr'><strong>quarto</strong></span> <span class='ocrx_word' id='word_1_649' title='bbox 1052 5157 1186 5211; x_wconf 88' lang='lat' dir='ltr'><strong>libro</strong></span> <span class='ocrx_word' id='word_1_650' title='bbox 1224 5159 1278 5228; x_wconf 73' lang='lat' dir='ltr'><strong>in</strong></span> <span class='ocrx_word' id='word_1_651' title='bbox 1331 5157 1576 5211; x_wconf 80' lang='lat' dir='ltr'><strong>Celsum:</strong></span> <span class='ocrx_word' id='word_1_652' title='bbox 1627 5157 2064 5228; x_wconf 87' lang='grc' dir='ltr'>Τεσσαράκοντα,</span> 
     </span>
    </p>
   </div>
   <div class='ocr_carea' id='block_1_89' title="bbox 488 5225 2065 5295">
    <p class='ocr_par' dir='ltr' id='par_1_89' title="bbox 488 5225 2065 5295">
     <span class='ocr_line' id='line_1_89' title="bbox 488 5225 2065 5295; baseline 0.001 -22"><span class='ocrx_word' id='word_1_653' title='bbox 488 5235 595 5295; x_wconf 78' lang='lat' dir='ltr'><strong>t-tr.</strong></span> <span class='ocrx_word' id='word_1_654' title='bbox 661 5225 832 5295; x_wconf 83' lang='lat' dir='ltr'><strong>Aliter</strong></span> <span class='ocrx_word' id='word_1_655' title='bbox 882 5227 1072 5278; x_wconf 89' lang='lat' dir='ltr'><strong>reeitat</strong></span> <span class='ocrx_word' id='word_1_656' title='bbox 1114 5243 1176 5279; x_wconf 77' lang='lat' dir='ltr'><strong>ex</strong></span> <span class='ocrx_word' id='word_1_657' title='bbox 1231 5227 1528 5295; x_wconf 82' lang='lat' dir='ltr'><strong>l’ltlegoute</strong></span> <span class='ocrx_word' id='word_1_658' title='bbox 1577 5225 1837 5294; x_wconf 81' lang='lat' dir='ltr'><strong>(tractatu</strong></span> <span class='ocrx_word' id='word_1_659' title='bbox 1888 5229 1956 5280; x_wconf 73' lang='lat'><strong>‘2‘)</strong></span> <span class='ocrx_word' id='word_1_660' title='bbox 2015 5229 2065 5276; x_wconf 91' lang='lat' dir='ltr'><strong>iu</strong></span> 
     </span>
    </p>
   </div>
   <div class='ocr_carea' id='block_1_90' title="bbox 491 5294 2066 5366">
    <p class='ocr_par' dir='ltr' id='par_1_90' title="bbox 491 5294 2066 5366">
     <span class='ocr_line' id='line_1_90' title="bbox 491 5294 2066 5366; baseline 0 -19"><span class='ocrx_word' id='word_1_661' title='bbox 491 5294 710 5364; x_wconf 83' lang='lat' dir='ltr'><strong>Matth.)</strong></span> <span class='ocrx_word' id='word_1_662' title='bbox 749 5311 763 5346; x_wconf 88' lang='lat'><strong>:</strong></span> <span class='ocrx_word' id='word_1_663' title='bbox 808 5294 862 5348; x_wconf 93' lang='lat' dir='ltr'><strong>Si</strong></span> <span class='ocrx_word' id='word_1_664' title='bbox 890 5304 1066 5349; x_wconf 90' lang='lat' dir='ltr'><strong>autem</strong></span> <span class='ocrx_word' id='word_1_665' title='bbox 1097 5312 1306 5365; x_wconf 86' lang='lat' dir='ltr'><strong>oportet</strong></span> <span class='ocrx_word' id='word_1_666' title='bbox 1335 5294 1387 5351; x_wconf 87' lang='lat' dir='ltr'><strong>et</strong></span> <span class='ocrx_word' id='word_1_667' title='bbox 1414 5300 1480 5351; x_wconf 81' lang='lat' dir='ltr'><strong>de</strong></span> <span class='ocrx_word' id='word_1_668' title='bbox 1508 5300 1840 5366; x_wconf 72' lang='lat' dir='ltr'><strong>temporibus</strong></span> <span class='ocrx_word' id='word_1_669' title='bbox 1864 5295 2066 5365; x_wconf 80' lang='lat' dir='ltr'><strong>aliquid</strong></span> 
     </span>
    </p>
   </div>
   <div class='ocr_carea' id='block_1_91' title="bbox 490 5365 2068 5435">
    <p class='ocr_par' dir='ltr' id='par_1_91' title="bbox 490 5365 2068 5435">
     <span class='ocr_line' id='line_1_91' title="bbox 490 5365 2068 5435; baseline 0.003 -20"><span class='ocrx_word' id='word_1_670' title='bbox 490 5365 696 5426; x_wconf 88' lang='lat' dir='ltr'><strong>dicere,</strong></span> <span class='ocrx_word' id='word_1_671' title='bbox 734 5365 986 5429; x_wconf 88' lang='lat' dir='ltr'><strong>dicimus,</strong></span> <span class='ocrx_word' id='word_1_672' title='bbox 1043 5367 1294 5434; x_wconf 85' lang='lat' dir='ltr'><strong>quoniam</strong></span> <span class='ocrx_word' id='word_1_673' title='bbox 1342 5368 1394 5421; x_wconf 88' lang='lat' dir='ltr'><strong>in</strong></span> <span class='ocrx_word' id='word_1_674' title='bbox 1428 5365 1699 5421; x_wconf 79' lang='lat' dir='ltr'><strong>Chronicis</strong></span> <span class='ocrx_word' id='word_1_675' title='bbox 1747 5366 2068 5435; x_wconf 78' lang='lat' dir='ltr'><strong>Phlegoutis</strong></span> 
     </span>
    </p>
   </div>
   <div class='ocr_carea' id='block_1_92' title="bbox 488 5436 2068 5507">
    <p class='ocr_par' dir='ltr' id='par_1_92' title="bbox 488 5436 2068 5507">
     <span class='ocr_line' id='line_1_92' title="bbox 488 5436 2068 5507; baseline 0.004 -23"><span class='ocrx_word' id='word_1_676' title='bbox 488 5436 771 5507; x_wconf 70' lang='lat' dir='ltr'><strong>cuiusdam</strong></span> <span class='ocrx_word' id='word_1_677' title='bbox 806 5437 1004 5490; x_wconf 79' lang='lat' dir='ltr'><strong>dicitur</strong></span> <span class='ocrx_word' id='word_1_678' title='bbox 1051 5439 1115 5501; x_wconf 90' lang='lat' dir='ltr'><strong>(si</strong></span> <span class='ocrx_word' id='word_1_679' title='bbox 1157 5448 1329 5491; x_wconf 87' lang='lat' dir='ltr'><strong>tamen</strong></span> <span class='ocrx_word' id='word_1_680' title='bbox 1361 5441 1621 5493; x_wconf 83' lang='lat' dir='ltr'><strong>debemus</strong></span> <span class='ocrx_word' id='word_1_681' title='bbox 1655 5448 1708 5493; x_wconf 89' lang='lat' dir='ltr'><strong>et</strong></span> <span class='ocrx_word' id='word_1_682' title='bbox 1737 5441 1876 5492; x_wconf 77' lang='lat' dir='ltr'><strong>hunc</strong></span> <span class='ocrx_word' id='word_1_683' title='bbox 1917 5436 2068 5507; x_wconf 84' lang='lat' dir='ltr'><strong>quasi</strong></span> 
     </span>
    </p>
   </div>
   <div class='ocr_carea' id='block_1_93' title="bbox 488 5505 2069 5578">
    <p class='ocr_par' dir='ltr' id='par_1_93' title="bbox 488 5505 2069 5578">
     <span class='ocr_line' id='line_1_93' title="bbox 488 5505 2069 5578; baseline 0.006 -26"><span class='ocrx_word' id='word_1_684' title='bbox 488 5516 628 5578; x_wconf 72' lang='lat' dir='ltr'><strong>vera</strong></span> <span class='ocrx_word' id='word_1_685' title='bbox 647 5505 914 5578; x_wconf 81' lang='lat' dir='ltr'><strong>dicentem</strong></span> <span class='ocrx_word' id='word_1_686' title='bbox 949 5509 1012 5560; x_wconf 90' lang='lat' dir='ltr'><strong>de</strong></span> <span class='ocrx_word' id='word_1_687' title='bbox 1048 5509 1245 5576; x_wconf 89' lang='lat' dir='ltr'><strong>templo</strong></span> <span class='ocrx_word' id='word_1_688' title='bbox 1283 5508 1603 5577; x_wconf 80' lang='lat' dir='ltr'><strong>susripere),</strong></span> <span class='ocrx_word' id='word_1_689' title='bbox 1641 5510 1892 5578; x_wconf 80' lang='lat' dir='ltr'><strong>quoidam</strong></span> <span class='ocrx_word' id='word_1_690' title='bbox 1924 5505 2069 5563; x_wconf 75' lang='lat' dir='ltr'><strong>circa</strong></span> 
     </span>
    </p>
   </div>
   <div class='ocr_carea' id='block_1_94' title="bbox 488 5575 2072 5646">
    <p class='ocr_par' dir='ltr' id='par_1_94' title="bbox 488 5575 2072 5646">
     <span class='ocr_line' id='line_1_94' title="bbox 488 5575 2072 5646; baseline 0.004 -22"><span class='ocrx_word' id='word_1_691' title='bbox 488 5575 1203 5646; x_wconf 76' lang='lat' dir='ltr'><strong>quadragesitutttuauttuiu</strong></span> <span class='ocrx_word' id='word_1_692' title='bbox 1244 5595 1270 5628; x_wconf 75' lang='grc' dir='ltr'><strong>ιι</strong></span> <span class='ocrx_word' id='word_1_693' title='bbox 1321 5582 1509 5646; x_wconf 85' lang='lat' dir='ltr'><strong>quinto</strong></span> <span class='ocrx_word' id='word_1_694' title='bbox 1544 5575 1753 5633; x_wconf 63' lang='lat' dir='ltr'><strong>deorum</strong></span> <span class='ocrx_word' id='word_1_695' title='bbox 1806 5597 1948 5634; x_wconf 87' lang='lat' dir='ltr'><strong>autto</strong></span> <span class='ocrx_word' id='word_1_696' title='bbox 1980 5580 2072 5631; x_wconf 72' lang='lat' dir='ltr'><strong>Ti-</strong></span> 
     </span>
    </p>
   </div>
   <div class='ocr_carea' id='block_1_95' title="bbox 489 5642 2068 5713">
    <p class='ocr_par' dir='ltr' id='par_1_95' title="bbox 489 5642 2068 5713">
     <span class='ocr_line' id='line_1_95' title="bbox 489 5642 2068 5713; baseline 0.004 -19"><span class='ocrx_word' id='word_1_697' title='bbox 489 5642 650 5713; x_wconf 66' lang='lat' dir='ltr'><strong>lierii</strong></span> <span class='ocrx_word' id='word_1_698' title='bbox 681 5645 914 5698; x_wconf 67' lang='lat' dir='ltr'><strong>Cwsaris</strong></span> <span class='ocrx_word' id='word_1_699' title='bbox 967 5645 1107 5701; x_wconf 84' lang='lat' dir='ltr'><strong>faeta</strong></span> <span class='ocrx_word' id='word_1_700' title='bbox 1159 5661 1240 5701; x_wconf 87' lang='lat' dir='ltr'><strong>est</strong></span> <span class='ocrx_word' id='word_1_701' title='bbox 1291 5642 1586 5703; x_wconf 77' lang='lat' dir='ltr'><strong>tlestructio</strong></span> <span class='ocrx_word' id='word_1_702' title='bbox 1637 5650 1962 5713; x_wconf 76' lang='lat' dir='ltr'><strong>Jerusalem,</strong></span> <span class='ocrx_word' id='word_1_703' title='bbox 2016 5659 2068 5701; x_wconf 82' lang='lat' dir='ltr'><strong>et</strong></span> 
     </span>
    </p>
   </div>
   <div class='ocr_carea' id='block_1_96' title="bbox 491 5712 2069 5789">
    <p class='ocr_par' dir='ltr' id='par_1_96' title="bbox 491 5712 2069 5789">
     <span class='ocr_line' id='line_1_96' title="bbox 491 5712 2069 5789; baseline 0.005 -27"><span class='ocrx_word' id='word_1_704' title='bbox 491 5712 899 5789; x_wconf 37' lang='lat' dir='ltr'><strong>templi;_quod</strong></span> <span class='ocrx_word' id='word_1_705' title='bbox 960 5717 1060 5789; x_wconf 80' lang='lat' dir='ltr'><strong>fuit</strong></span> <span class='ocrx_word' id='word_1_706' title='bbox 1113 5719 1161 5770; x_wconf 90' lang='lat' dir='ltr'><strong>iu</strong></span> <span class='ocrx_word' id='word_1_707' title='bbox 1221 5735 1305 5772; x_wconf 84' lang='lat' dir='ltr'><strong>ea.</strong></span> <span class='ocrx_word' id='word_1_708' title='bbox 1364 5720 1523 5773; x_wconf 79' lang='lat' dir='ltr'><strong>Certe</strong></span> <span class='ocrx_word' id='word_1_709' title='bbox 1571 5738 1598 5772; x_wconf 92' lang='lat' dir='ltr'><strong>a</strong></span> <span class='ocrx_word' id='word_1_710' title='bbox 1645 5723 1854 5774; x_wconf 71' lang='lat' dir='ltr'><strong>decimo</strong></span> <span class='ocrx_word' id='word_1_711' title='bbox 1882 5712 2069 5789; x_wconf 86' lang='lat' dir='ltr'><strong>quinto</strong></span> 
     </span>
    </p>
   </div>
   <div class='ocr_carea' id='block_1_97' title="bbox 488 5781 2066 5856">
    <p class='ocr_par' dir='ltr' id='par_1_97' title="bbox 488 5781 2066 5856">
     <span class='ocr_line' id='line_1_97' title="bbox 488 5781 2066 5856; baseline 0.005 -22"><span class='ocrx_word' id='word_1_712' title='bbox 488 5781 634 5856; x_wconf 86' lang='lat' dir='ltr'><strong>anno</strong></span> <span class='ocrx_word' id='word_1_713' title='bbox 667 5781 872 5856; x_wconf 78' lang='lat' dir='ltr'><strong>Tiberii</strong></span> <span class='ocrx_word' id='word_1_714' title='bbox 919 5787 984 5838; x_wconf 90' lang='lat' dir='ltr'><strong>ad</strong></span> <span class='ocrx_word' id='word_1_715' title='bbox 1014 5782 1304 5842; x_wconf 75' lang='lat' dir='ltr'><strong>excidium</strong></span> <span class='ocrx_word' id='word_1_716' title='bbox 1359 5790 1540 5856; x_wconf 82' lang='lat' dir='ltr'><strong>templi</strong></span> <span class='ocrx_word' id='word_1_717' title='bbox 1588 5803 1711 5843; x_wconf 89' lang='lat' dir='ltr'><strong>sunt</strong></span> <span class='ocrx_word' id='word_1_718' title='bbox 1747 5793 1870 5844; x_wconf 91' lang='lat' dir='ltr'><strong>anui</strong></span> <span class='ocrx_word' id='word_1_719' title='bbox 1902 5781 2066 5843; x_wconf 56' lang='lat' dir='ltr'><strong>&#39;solidi</strong></span> 
     </span>
    </p>
   </div>
   <div class='ocr_carea' id='block_1_98' title="bbox 487 5853 2069 5932">
    <p class='ocr_par' dir='ltr' id='par_1_98' title="bbox 487 5853 2069 5932">
     <span class='ocr_line' id='line_1_98' title="bbox 487 5853 2069 5932; baseline 0.006 -29"><span class='ocrx_word' id='word_1_720' title='bbox 487 5853 847 5922; x_wconf 77' lang='lat' dir='ltr'><strong>quadraginta</strong></span> <span class='ocrx_word' id='word_1_721' title='bbox 875 5865 930 5910; x_wconf 89' lang='lat' dir='ltr'><strong>et</strong></span> <span class='ocrx_word' id='word_1_722' title='bbox 965 5872 1102 5912; x_wconf 90' lang='lat' dir='ltr'><strong>unus</strong></span> <span class='ocrx_word' id='word_1_723' title='bbox 1137 5874 1257 5913; x_wconf 86' lang='lat' dir='ltr'><strong>cum</strong></span> <span class='ocrx_word' id='word_1_724' title='bbox 1290 5853 1494 5929; x_wconf 79' lang='lat' dir='ltr'><strong>aliquot</strong></span> <span class='ocrx_word' id='word_1_725' title='bbox 1539 5862 1760 5928; x_wconf 87' lang='lat' dir='ltr'><strong>diebus;</strong></span> <span class='ocrx_word' id='word_1_726' title='bbox 1796 5878 1900 5916; x_wconf 89' lang='lat' dir='ltr'><strong>non</strong></span> <span class='ocrx_word' id='word_1_727' title='bbox 1936 5876 2069 5932; x_wconf 85' lang='lat' dir='ltr'><strong>qua-</strong></span> 
     </span>
    </p>
   </div>
   <div class='ocr_carea' id='block_1_99' title="bbox 1899 4313 2067 4376">
    <p class='ocr_par' dir='ltr' id='par_1_99' title="bbox 1899 4313 2067 4376">
     <span class='ocr_line' id='line_1_99' title="bbox 1899 4313 2067 4376; baseline -0.006 -9"><span class='ocrx_word' id='word_1_728' title='bbox 1899 4313 2067 4376; x_wconf 85' lang='lat' dir='ltr'><strong>Alias,</strong></span> 
     </span>
    </p>
   </div>
   <div class='ocr_carea' id='block_1_100' title="bbox 2171 3534 3746 3610">
    <p class='ocr_par' dir='ltr' id='par_1_100' title="bbox 2171 3534 3746 3610">
     <span class='ocr_line' id='line_1_100' title="bbox 2171 3534 3746 3610; baseline -0.001 -18"><span class='ocrx_word' id='word_1_729' title='bbox 2171 3539 2447 3609; x_wconf 83' lang='grc' dir='ltr'>ἀμαρτίας</span> <span class='ocrx_word' id='word_1_730' title='bbox 2467 3537 2912 3599; x_wconf 85' lang='grc' dir='ltr'>καταλείπεσθαι,</span> <span class='ocrx_word' id='word_1_731' title='bbox 2932 3538 3081 3590; x_wconf 75' lang='grc' dir='ltr'>οὐδὲν</span> <span class='ocrx_word' id='word_1_732' title='bbox 3101 3534 3261 3610; x_wconf 83' lang='grc' dir='ltr'>ἦττον</span> <span class='ocrx_word' id='word_1_733' title='bbox 3275 3539 3627 3610; x_wconf 78' lang='grc' dir='ltr'>ὲπεσκοπήθη</span> <span class='ocrx_word' id='word_1_734' title='bbox 3638 3557 3746 3600; x_wconf 85' lang='grc' dir='ltr'>σαν,</span> 
     </span>
    </p>
   </div>
   <div class='ocr_carea' id='block_1_101' title="bbox 2169 3629 3750 3700">
    <p class='ocr_par' dir='ltr' id='par_1_101' title="bbox 2169 3629 3750 3700">
     <span class='ocr_line' id='line_1_101' title="bbox 2169 3629 3750 3700; baseline 0.001 -18"><span class='ocrx_word' id='word_1_735' title='bbox 2169 3629 2262 3683; x_wconf 75' lang='grc' dir='ltr'><strong>καὶ</strong></span> <span class='ocrx_word' id='word_1_736' title='bbox 2313 3630 2698 3693; x_wconf 74' lang='grc' dir='ltr'>ἐπανελθόντες</span> <span class='ocrx_word' id='word_1_737' title='bbox 2749 3629 2816 3682; x_wconf 80' lang='grc' dir='ltr'>τὰ</span> <span class='ocrx_word' id='word_1_738' title='bbox 2869 3630 2973 3686; x_wconf 75' lang='grc' dir='ltr'>ἴδια</span> <span class='ocrx_word' id='word_1_739' title='bbox 3025 3630 3414 3700; x_wconf 74' lang='grc' dir='ltr'>ἀπειλήφασιν,</span> <span class='ocrx_word' id='word_1_740' title='bbox 3463 3633 3750 3693; x_wconf 80' lang='grc' dir='ltr'>ἀκωλύτως</span> 
     </span>
    </p>
   </div>
   <div class='ocr_carea' id='block_1_102' title="bbox 2169 3717 3748 3795">
    <p class='ocr_par' dir='ltr' id='par_1_102' title="bbox 2169 3717 3748 3795">
     <span class='ocr_line' id='line_1_102' title="bbox 2169 3717 3748 3795; baseline 0.003 -23"><span class='ocrx_word' id='word_1_741' title='bbox 2169 3720 2446 3784; x_wconf 86' lang='grc' dir='ltr'>ποιοῦντες</span> <span class='ocrx_word' id='word_1_742' title='bbox 2482 3721 2549 3774; x_wconf 84' lang='grc' dir='ltr'>τὰ</span> <span class='ocrx_word' id='word_1_743' title='bbox 2579 3722 2959 3791; x_wconf 83' lang='grc' dir='ltr'>νενομισμένα.</span> <span class='ocrx_word' id='word_1_744' title='bbox 3000 3723 3093 3774; x_wconf 81' lang='grc' dir='ltr'>Ἐν</span> <span class='ocrx_word' id='word_1_745' title='bbox 3119 3717 3211 3774; x_wconf 80' lang='grc' dir='ltr'><strong>οῦν</strong></span> <span class='ocrx_word' id='word_1_746' title='bbox 3237 3722 3346 3775; x_wconf 80' lang='grc' dir='ltr'>τῶν</span> <span class='ocrx_word' id='word_1_747' title='bbox 3376 3727 3748 3795; x_wconf 80' lang='grc' dir='ltr'>παριστάντων</span> 
     </span>
    </p>
   </div>
   <div class='ocr_carea' id='block_1_103' title="bbox 2170 3811 3749 3884">
    <p class='ocr_par' dir='ltr' id='par_1_103' title="bbox 2170 3811 3749 3884">
     <span class='ocr_line' id='line_1_103' title="bbox 2170 3811 3749 3884; baseline 0.001 -19"><span class='ocrx_word' id='word_1_748' title='bbox 2170 3811 2312 3865; x_wconf 83' lang='grc' dir='ltr'>θεῖόν</span> <span class='ocrx_word' id='word_1_749' title='bbox 2347 3829 2398 3865; x_wconf 89' lang='grc' dir='ltr'><strong>τι</strong></span> <span class='ocrx_word' id='word_1_750' title='bbox 2439 3814 2532 3865; x_wconf 75' lang='grc' dir='ltr'><strong>καὶ</strong></span> <span class='ocrx_word' id='word_1_751' title='bbox 2577 3813 2719 3884; x_wconf 79' lang='grc' dir='ltr'>ἱερὸν</span> <span class='ocrx_word' id='word_1_752' title='bbox 2747 3813 2934 3882; x_wconf 79' lang='grc' dir='ltr'>χρῆμα</span> <span class='ocrx_word' id='word_1_753' title='bbox 2959 3813 3236 3879; x_wconf 79' lang='grc' dir='ltr'>γεγονέναι</span> <span class='ocrx_word' id='word_1_754' title='bbox 3272 3815 3362 3866; x_wconf 74' lang='grc' dir='ltr'><strong>τον</strong></span> <span class='ocrx_word' id='word_1_755' title='bbox 3406 3815 3614 3884; x_wconf 78' lang='grc' dir='ltr'>Ἰησοῦν</span> <span class='ocrx_word' id='word_1_756' title='bbox 3642 3817 3749 3867; x_wconf 75' lang='grc' dir='ltr'>ἐστι</span> 
     </span>
    </p>
   </div>
   <div class='ocr_carea' id='block_1_104' title="bbox 2171 3904 3748 3976">
    <p class='ocr_par' dir='ltr' id='par_1_104' title="bbox 2171 3904 3748 3976">
     <span class='ocr_line' id='line_1_104' title="bbox 2171 3904 3748 3976; baseline -0.001 -18"><span class='ocrx_word' id='word_1_757' title='bbox 2171 3905 2268 3958; x_wconf 56' lang='grc' dir='ltr'><strong>καὶ⁸</strong></span> <span class='ocrx_word' id='word_1_758' title='bbox 2289 3905 2350 3958; x_wconf 81' lang='grc' dir='ltr'>τὸ</span> <span class='ocrx_word' id='word_1_759' title='bbox 2389 3905 2658 3967; x_wconf 85' lang='grc' dir='ltr'>Ἰουδαίοις</span> <span class='ocrx_word' id='word_1_760' title='bbox 2682 3906 2766 3956; x_wconf 75' lang='grc' dir='ltr'>ἐπ’</span> <span class='ocrx_word' id='word_1_761' title='bbox 2791 3905 2938 3975; x_wconf 77' lang='grc' dir='ltr'>αὐτῷ</span> <span class='ocrx_word' id='word_1_762' title='bbox 2961 3904 3193 3956; x_wconf 87' lang='grc' dir='ltr'>τοσαῦτα</span> <span class='ocrx_word' id='word_1_763' title='bbox 3217 3906 3311 3958; x_wconf 64' lang='grc' dir='ltr'><strong>καὶ</strong></span> <span class='ocrx_word' id='word_1_764' title='bbox 3334 3907 3557 3959; x_wconf 88' lang='grc' dir='ltr'>τοιαῦτα</span> <span class='ocrx_word' id='word_1_765' title='bbox 3583 3907 3748 3976; x_wconf 74' lang='grc' dir='ltr'>πολλῷ</span> 
     </span>
    </p>
   </div>
   <div class='ocr_carea' id='block_1_105' title="bbox 2171 3997 3748 4073">
    <p class='ocr_par' dir='ltr' id='par_1_105' title="bbox 2171 3997 3748 4073">
     <span class='ocr_line' id='line_1_105' title="bbox 2171 3997 3748 4073; baseline 0.001 -23"><span class='ocrx_word' id='word_1_766' title='bbox 2171 3998 2271 4069; x_wconf 70' lang='grc' dir='ltr'>ἤδη</span> <span class='ocrx_word' id='word_1_767' title='bbox 2311 3997 2716 4068; x_wconf 78' lang='grc' dir='ltr'>συμϐεϐηκέναι</span> <span class='ocrx_word' id='word_1_768' title='bbox 2767 3997 2961 4067; x_wconf 83' lang='grc' dir='ltr'>χρόνῳ.</span> <span class='ocrx_word' id='word_1_769' title='bbox 3014 3998 3388 4070; x_wconf 76' lang='grc' dir='ltr'>Θαρρροῦντες</span> <span class='ocrx_word' id='word_1_770' title='bbox 3421 4002 3465 4054; x_wconf 81' lang='grc' dir='ltr'>δ’</span> <span class='ocrx_word' id='word_1_771' title='bbox 3500 4002 3748 4073; x_wconf 78' lang='grc' dir='ltr'>ἐροῦσιεν,</span> 
     </span>
    </p>
   </div>
   <div class='ocr_carea' id='block_1_106' title="bbox 2171 4090 3750 4166">
    <p class='ocr_par' dir='ltr' id='par_1_106' title="bbox 2171 4090 3750 4166">
     <span class='ocr_line' id='line_1_106' title="bbox 2171 4090 3750 4166; baseline 0.002 -22"><span class='ocrx_word' id='word_1_772' title='bbox 2171 4092 2253 4145; x_wconf 83' lang='grc' dir='ltr'>ὅτι</span> <span class='ocrx_word' id='word_1_773' title='bbox 2288 4092 2396 4144; x_wconf 78' lang='grc' dir='ltr'>οὐδ’</span> <span class='ocrx_word' id='word_1_774' title='bbox 2423 4090 3035 4163; x_wconf 79' lang='grc' dir='ltr'>ἀποκατασταθήσονται</span> <span class='ocrx_word' id='word_1_775' title='bbox 3071 4091 3204 4160; x_wconf 64' lang='grc'><strong>(74).</strong></span> <span class='ocrx_word' id='word_1_776' title='bbox 3234 4093 3398 4161; x_wconf 74' lang='grc' dir='ltr'><strong>ΙΙἈγος</strong></span> <span class='ocrx_word' id='word_1_777' title='bbox 3439 4093 3549 4164; x_wconf 76' lang='grc' dir='ltr'><strong>γάρ</strong></span> <span class='ocrx_word' id='word_1_778' title='bbox 3589 4096 3750 4166; x_wconf 74' lang='grc' dir='ltr'>ἔπρα-</span> 
     </span>
    </p>
   </div>
   <div class='ocr_carea' id='block_1_107' title="bbox 2173 4244 3750 4317">
    <p class='ocr_par' dir='ltr' id='par_1_107' title="bbox 2173 4244 3750 4317">
     <span class='ocr_line' id='line_1_107' title="bbox 2173 4244 3750 4317; baseline 0.001 -19"><span class='ocrx_word' id='word_1_779' title='bbox 2173 4246 2445 4314; x_wconf 78' lang='lat' dir='ltr'><strong>dragiuta,</strong></span> <span class='ocrx_word' id='word_1_780' title='bbox 2481 4257 2539 4299; x_wconf 91' lang='lat' dir='ltr'><strong>ut</strong></span> <span class='ocrx_word' id='word_1_781' title='bbox 2567 4244 2843 4317; x_wconf 73' lang='lat' dir='ltr'><strong>Phlegon;</strong></span> <span class='ocrx_word' id='word_1_782' title='bbox 2897 4261 3070 4313; x_wconf 89' lang='lat' dir='ltr'><strong>neque</strong></span> <span class='ocrx_word' id='word_1_783' title='bbox 3107 4248 3467 4317; x_wconf 80' lang='lat' dir='ltr'><strong>quadraginta</strong></span> <span class='ocrx_word' id='word_1_784' title='bbox 3519 4247 3648 4309; x_wconf 80' lang='lat' dir='ltr'><strong>duo,</strong></span> <span class='ocrx_word' id='word_1_785' title='bbox 3700 4258 3750 4299; x_wconf 93' lang='lat' dir='ltr'><strong>ut</strong></span> 
     </span>
    </p>
   </div>
   <div class='ocr_carea' id='block_1_108' title="bbox 2172 4314 3748 4385">
    <p class='ocr_par' dir='ltr' id='par_1_108' title="bbox 2172 4314 3748 4385">
     <span class='ocr_line' id='line_1_108' title="bbox 2172 4314 3748 4385; baseline 0 -15"><span class='ocrx_word' id='word_1_786' title='bbox 2172 4317 2444 4370; x_wconf 82' lang='lat' dir='ltr'><strong>Clemens.</strong></span> <span class='ocrx_word' id='word_1_787' title='bbox 2476 4334 2495 4366; x_wconf 78' lang='grc' dir='ltr'><strong>ι</strong></span> <span class='ocrx_word' id='word_1_788' title='bbox 2553 4317 2687 4369; x_wconf 86' lang='lat' dir='ltr'><strong>Vide</strong></span> <span class='ocrx_word' id='word_1_789' title='bbox 2719 4314 3054 4385; x_wconf 76' lang='lat' dir='ltr'><strong>Scaligct&#39;ttttt</strong></span> <span class='ocrx_word' id='word_1_790' title='bbox 3103 4314 3344 4380; x_wconf 43' lang='lat' dir='ltr'><strong>ibidem,—</strong></span> <span class='ocrx_word' id='word_1_791' title='bbox 3367 4328 3420 4371; x_wconf 93' lang='lat' dir='ltr'><strong>et</strong></span> <span class='ocrx_word' id='word_1_792' title='bbox 3452 4317 3748 4376; x_wconf 70' lang='lat' dir='ltr'><strong>l&#39;etariutu.</strong></span> 
     </span>
    </p>
   </div>
   <div class='ocr_carea' id='block_1_109' title="bbox 2174 4385 3684 4452">
    <p class='ocr_par' dir='ltr' id='par_1_109' title="bbox 2174 4385 3684 4452">
     <span class='ocr_line' id='line_1_109' title="bbox 2174 4385 3684 4452; baseline 0.002 -15"><span class='ocrx_word' id='word_1_793' title='bbox 2174 4385 2266 4438; x_wconf 90' lang='lat' dir='ltr'><strong>lib.</strong></span> <span class='ocrx_word' id='word_1_794' title='bbox 2300 4402 2379 4452; x_wconf 73' lang='lat' dir='ltr'><strong>tu,</strong></span> <span class='ocrx_word' id='word_1_795' title='bbox 2411 4401 2531 4452; x_wconf 87' lang='lat' dir='ltr'><strong>cap.</strong></span> <span class='ocrx_word' id='word_1_796' title='bbox 2562 4387 2647 4449; x_wconf 77' lang='grc'><strong>17,</strong></span> <span class='ocrx_word' id='word_1_797' title='bbox 2683 4386 2755 4438; x_wconf 82' lang='lat' dir='ltr'><strong>De</strong></span> <span class='ocrx_word' id='word_1_798' title='bbox 2786 4386 3026 4438; x_wconf 82' lang='lat' dir='ltr'><strong>doctrina</strong></span> <span class='ocrx_word' id='word_1_799' title='bbox 3061 4397 3369 4452; x_wconf 82' lang='lat' dir='ltr'><strong>temporum.</strong></span> <span class='ocrx_word' id='word_1_800' title='bbox 3417 4387 3684 4441; x_wconf 72' lang='lat' dir='ltr'><strong>Sl&#39;l-JNCIZR.</strong></span> 
     </span>
    </p>
   </div>
   <div class='ocr_carea' id='block_1_110' title="bbox 2244 4454 3749 4528">
    <p class='ocr_par' dir='ltr' id='par_1_110' title="bbox 2244 4454 3749 4528">
     <span class='ocr_line' id='line_1_110' title="bbox 2244 4454 3749 4528; baseline 0.001 -22"><span class='ocrx_word' id='word_1_801' title='bbox 2244 4455 2355 4528; x_wconf 67' lang='lat'><strong>(74)</strong></span> <span class='ocrx_word' id='word_1_802' title='bbox 2397 4454 2532 4528; x_wconf 51' lang='grc' dir='ltr'><strong>Οὐδ’</strong></span> <span class='ocrx_word' id='word_1_803' title='bbox 2562 4454 3268 4528; x_wconf 54' lang='grc' dir='ltr'>ἀποκατασταθήσοιῖται,</span> <span class='ocrx_word' id='word_1_804' title='bbox 3301 4468 3407 4511; x_wconf 79' lang='lat' dir='ltr'><strong>etc.</strong></span> <span class='ocrx_word' id='word_1_805' title='bbox 3469 4459 3749 4528; x_wconf 76' lang='lat' dir='ltr'><strong>Origeuem</strong></span> 
     </span>
    </p>
   </div>
   <div class='ocr_carea' id='block_1_111' title="bbox 2173 4525 3747 4597">
    <p class='ocr_par' dir='ltr' id='par_1_111' title="bbox 2173 4525 3747 4597">
     <span class='ocr_line' id='line_1_111' title="bbox 2173 4525 3747 4597; baseline -0.001 -19"><span class='ocrx_word' id='word_1_806' title='bbox 2173 4525 2418 4595; x_wconf 76' lang='lat' dir='ltr'><strong>sequitur</strong></span> <span class='ocrx_word' id='word_1_807' title='bbox 2457 4525 2898 4597; x_wconf 77' lang='lat' dir='ltr'><strong>Chrysostomus,</strong></span> <span class='ocrx_word' id='word_1_808' title='bbox 2949 4539 3090 4580; x_wconf 91' lang='lat' dir='ltr'><strong>orat.</strong></span> <span class='ocrx_word' id='word_1_809' title='bbox 3118 4527 3170 4589; x_wconf 84' lang='grc'>5,</span> <span class='ocrx_word' id='word_1_810' title='bbox 3218 4527 3481 4580; x_wconf 77' lang='lat' dir='ltr'><strong>Adversus</strong></span> <span class='ocrx_word' id='word_1_811' title='bbox 3515 4525 3747 4585; x_wconf 69' lang='lat' dir='ltr'><strong>hirtam.</strong></span> 
     </span>
    </p>
   </div>
   <div class='ocr_carea' id='block_1_112' title="bbox 2173 4597 3748 4663">
    <p class='ocr_par' dir='ltr' id='par_1_112' title="bbox 2173 4597 3748 4663">
     <span class='ocr_line' id='line_1_112' title="bbox 2173 4597 3748 4663; baseline 0 -17"><span class='ocrx_word' id='word_1_812' title='bbox 2173 4612 2335 4663; x_wconf 89' lang='lat' dir='ltr'><strong>quem</strong></span> <span class='ocrx_word' id='word_1_813' title='bbox 2365 4597 2440 4650; x_wconf 90' lang='lat' dir='ltr'><strong>sic</strong></span> <span class='ocrx_word' id='word_1_814' title='bbox 2468 4606 2936 4663; x_wconf 83' lang='lat' dir='ltr'><strong>argumentantem</strong></span> <span class='ocrx_word' id='word_1_815' title='bbox 2963 4599 3086 4650; x_wconf 90' lang='lat' dir='ltr'><strong>audi</strong></span> <span class='ocrx_word' id='word_1_816' title='bbox 3123 4619 3134 4652; x_wconf 80' lang='lat'><strong>2</strong></span> <span class='ocrx_word' id='word_1_817' title='bbox 3168 4597 3322 4650; x_wconf 77' lang='grc' dir='ltr'>Οὖτω</span> <span class='ocrx_word' id='word_1_818' title='bbox 3351 4600 3446 4651; x_wconf 77' lang='grc' dir='ltr'><strong>καὶ</strong></span> <span class='ocrx_word' id='word_1_819' title='bbox 3467 4599 3563 4651; x_wconf 77' lang='grc' dir='ltr'><strong>νῦν</strong></span> <span class='ocrx_word' id='word_1_820' title='bbox 3587 4603 3748 4651; x_wconf 75' lang='grc' dir='ltr'>ποιεῖν</span> 
     </span>
    </p>
   </div>
   <div class='ocr_carea' id='block_1_113' title="bbox 2171 4665 3748 4740">
    <p class='ocr_par' dir='ltr' id='par_1_113' title="bbox 2171 4665 3748 4740">
     <span class='ocr_line' id='line_1_113' title="bbox 2171 4665 3748 4740; baseline 0.009 -25"><span class='ocrx_word' id='word_1_821' title='bbox 2171 4667 2250 4740; x_wconf 62' lang='grc' dir='ltr'>δεῖ</span> <span class='ocrx_word' id='word_1_822' title='bbox 2279 4666 2404 4729; x_wconf 76' lang='grc' dir='ltr'>τοὺς</span> <span class='ocrx_word' id='word_1_823' title='bbox 2445 4665 2745 4740; x_wconf 76' lang='grc' dir='ltr'>Ἰουδαίους,</span> <span class='ocrx_word' id='word_1_824' title='bbox 2785 4667 2879 4740; x_wconf 72' lang='grc' dir='ltr'><strong>καὶ</strong></span> <span class='ocrx_word' id='word_1_825' title='bbox 2906 4668 3168 4740; x_wconf 77' lang='grc' dir='ltr'>παράγειν</span> <span class='ocrx_word' id='word_1_826' title='bbox 3202 4669 3332 4739; x_wconf 81' lang='grc' dir='ltr'>ἡμῖν</span> <span class='ocrx_word' id='word_1_827' title='bbox 3367 4673 3652 4740; x_wconf 69' lang='grc' dir='ltr'>προφήτην</span> <span class='ocrx_word' id='word_1_828' title='bbox 3680 4671 3748 4729; x_wconf 73' lang='grc' dir='ltr'>εἰς</span> 
     </span>
    </p>
   </div>
   <div class='ocr_carea' id='block_1_114' title="bbox 2179 4721 3749 4810">
    <p class='ocr_par' dir='ltr' id='par_1_114' title="bbox 2179 4721 3749 4810">
     <span class='ocr_line' id='line_1_114' title="bbox 2179 4721 3749 4810; baseline 0.001 -21"><span class='ocrx_word' id='word_1_829' title='bbox 2179 4738 2364 4810; x_wconf 83' lang='grc' dir='ltr'>μέσον,</span> <span class='ocrx_word' id='word_1_830' title='bbox 2411 4736 2515 4810; x_wconf 32' lang='grc' dir='ltr'>τὸν.</span> <span class='ocrx_word' id='word_1_831' title='bbox 2545 4735 2791 4810; x_wconf 75' lang='grc' dir='ltr'>λέγοντα,</span> <span class='ocrx_word' id='word_1_832' title='bbox 2830 4737 2910 4810; x_wconf 70' lang='grc' dir='ltr'><strong>ότι</strong></span> <span class='ocrx_word' id='word_1_833' title='bbox 2945 4721 3304 4810; x_wconf 54' lang='grc' dir='ltr'>ἀναστήσεται</span> <span class='ocrx_word' id='word_1_834' title='bbox 3353 4721 3573 4803; x_wconf 56' lang='grc' dir='ltr'>πάν-έιοίς</span> <span class='ocrx_word' id='word_1_835' title='bbox 3602 4721 3633 4810; x_wconf 65' lang='grc' dir='ltr'><strong>ἦ</strong></span> <span class='ocrx_word' id='word_1_836' title='bbox 3666 4721 3749 4791; x_wconf 58' lang='grc' dir='ltr'><strong>πνὲί</strong></span> 
     </span>
    </p>
   </div>
   <div class='ocr_carea' id='block_1_115' title="bbox 2172 4807 3747 4886">
    <p class='ocr_par' dir='ltr' id='par_1_115' title="bbox 2172 4807 3747 4886">
     <span class='ocr_line' id='line_1_115' title="bbox 2172 4807 3747 4886; baseline 0.001 -26"><span class='ocrx_word' id='word_1_837' title='bbox 2172 4807 2272 4886; x_wconf 63' lang='grc' dir='ltr'>λις.</span> <span class='ocrx_word' id='word_1_838' title='bbox 2313 4809 2431 4886; x_wconf 76' lang='grc' dir='ltr'>’Ὁτι</span> <span class='ocrx_word' id='word_1_839' title='bbox 2460 4807 2587 4886; x_wconf 79' lang='grc' dir='ltr'>γὰρ,</span> <span class='ocrx_word' id='word_1_840' title='bbox 2614 4807 2663 4886; x_wconf 66' lang='grc' dir='ltr'><strong>εί</strong></span> <span class='ocrx_word' id='word_1_841' title='bbox 2681 4807 2774 4859; x_wconf 73' lang='grc' dir='ltr'><strong>καὶ</strong></span> <span class='ocrx_word' id='word_1_842' title='bbox 2799 4807 2949 4886; x_wconf 67' lang='grc' dir='ltr'>τέλος</span> <span class='ocrx_word' id='word_1_843' title='bbox 2974 4807 3196 4886; x_wconf 71' lang='grc' dir='ltr'>ξμελλεν</span> <span class='ocrx_word' id='word_1_844' title='bbox 3211 4811 3527 4886; x_wconf 34' lang='grc' dir='ltr'>ἕξειν-ὑμῖν</span> <span class='ocrx_word' id='word_1_845' title='bbox 3621 4807 3747 4886; x_wconf 77' lang='grc' dir='ltr'>παρ-</span> 
     </span>
    </p>
   </div>
   <div class='ocr_carea' id='block_1_116' title="bbox 2173 4877 3748 4951">
    <p class='ocr_par' dir='ltr' id='par_1_116' title="bbox 2173 4877 3748 4951">
     <span class='ocr_line' id='line_1_116' title="bbox 2173 4877 3748 4951; baseline 0.001 -21"><span class='ocrx_word' id='word_1_846' title='bbox 2173 4878 2308 4951; x_wconf 79' lang='grc' dir='ltr'>οῦσα</span> <span class='ocrx_word' id='word_1_847' title='bbox 2361 4877 2723 4947; x_wconf 82' lang='grc' dir='ltr'>αἰχμαλωσία,</span> <span class='ocrx_word' id='word_1_848' title='bbox 2777 4880 2921 4931; x_wconf 79' lang='grc' dir='ltr'>πᾶσα</span> <span class='ocrx_word' id='word_1_849' title='bbox 2968 4877 3275 4951; x_wconf 85' lang='grc' dir='ltr'>ἀνάγκηῆν</span> <span class='ocrx_word' id='word_1_850' title='bbox 3314 4877 3446 4944; x_wconf 72' lang='grc' dir='ltr'>τοὺς</span> <span class='ocrx_word' id='word_1_851' title='bbox 3474 4877 3748 4951; x_wconf 71' lang='grc' dir='ltr'>προέρήτας</span> 
     </span>
    </p>
   </div>
   <div class='ocr_carea' id='block_1_117' title="bbox 2174 4948 3750 5022">
    <p class='ocr_par' dir='ltr' id='par_1_117' title="bbox 2174 4948 3750 5022">
     <span class='ocr_line' id='line_1_117' title="bbox 2174 4948 3750 5022; baseline 0 -21"><span class='ocrx_word' id='word_1_852' title='bbox 2174 4948 2344 5022; x_wconf 81' lang='grc' dir='ltr'>ταῦτα</span> <span class='ocrx_word' id='word_1_853' title='bbox 2363 4951 2815 5022; x_wconf 24' lang='grc' dir='ltr'>μπροαναςρωνεῖν,</span> <span class='ocrx_word' id='word_1_854' title='bbox 2853 4949 3010 5022; x_wconf 83' lang='grc' dir='ltr'>παντί</span> <span class='ocrx_word' id='word_1_855' title='bbox 3046 4967 3146 5002; x_wconf 89' lang='grc' dir='ltr'><strong>που</strong></span> <span class='ocrx_word' id='word_1_856' title='bbox 3169 4948 3334 5022; x_wconf 81' lang='grc' dir='ltr'>δῆλόν</span> <span class='ocrx_word' id='word_1_857' title='bbox 3387 4948 3531 5010; x_wconf 71' lang='grc' dir='ltr'>ἐστι.</span> <span class='ocrx_word' id='word_1_858' title='bbox 3563 4948 3750 5022; x_wconf 74' lang='grc' dir='ltr'>τῷκαὶ</span> 
     </span>
    </p>
   </div>
   <div class='ocr_carea' id='block_1_118' title="bbox 2174 5017 3750 5091">
    <p class='ocr_par' dir='ltr' id='par_1_118' title="bbox 2174 5017 3750 5091">
     <span class='ocr_line' id='line_1_118' title="bbox 2174 5017 3750 5091; baseline 0 -20"><span class='ocrx_word' id='word_1_859' title='bbox 2174 5017 2533 5091; x_wconf 15' lang='grc' dir='ltr'>ὁπωσοῦνήείς</span> <span class='ocrx_word' id='word_1_860' title='bbox 2559 5017 2627 5091; x_wconf 77' lang='grc' dir='ltr'><strong>τά</strong></span> <span class='ocrx_word' id='word_1_861' title='bbox 2657 5018 2968 5091; x_wconf 71' lang='grc' dir='ltr'>προφητικά</span> <span class='ocrx_word' id='word_1_862' title='bbox 3006 5017 3390 5091; x_wconf 56' lang='grc' dir='ltr'>παρακύψαντι</span> <span class='ocrx_word' id='word_1_863' title='bbox 3421 5017 3623 5091; x_wconf 69' lang='grc' dir='ltr'>βιϐλίαξ</span> <span class='ocrx_word' id='word_1_864' title='bbox 3654 5023 3750 5076; x_wconf 71' lang='grc' dir='ltr'><strong>Καὶ</strong></span> 
     </span>
    </p>
   </div>
   <div class='ocr_carea' id='block_1_119' title="bbox 2175 5088 3749 5162">
    <p class='ocr_par' dir='ltr' id='par_1_119' title="bbox 2175 5088 3749 5162">
     <span class='ocr_line' id='line_1_119' title="bbox 2175 5088 3749 5162; baseline 0.001 -22"><span class='ocrx_word' id='word_1_865' title='bbox 2175 5088 2282 5162; x_wconf 77' lang='grc' dir='ltr'><strong>γάρ</strong></span> <span class='ocrx_word' id='word_1_866' title='bbox 2316 5089 2432 5151; x_wconf 80' lang='grc' dir='ltr'>ἔθος</span> <span class='ocrx_word' id='word_1_867' title='bbox 2464 5088 2614 5162; x_wconf 86' lang='grc' dir='ltr'><strong>παρά</strong></span> <span class='ocrx_word' id='word_1_868' title='bbox 2657 5088 2927 5162; x_wconf 83' lang='grc' dir='ltr'>Ἰουδαίοις</span> <span class='ocrx_word' id='word_1_869' title='bbox 2972 5088 3219 5162; x_wconf 79' lang='grc' dir='ltr'>παλαιὸν,</span> <span class='ocrx_word' id='word_1_870' title='bbox 3244 5088 3331 5162; x_wconf 24' lang='grc' dir='ltr'><strong>ίτο</strong></span> <span class='ocrx_word' id='word_1_871' title='bbox 3377 5088 3444 5144; x_wconf 68' lang='grc' dir='ltr'><strong>τά</strong></span> <span class='ocrx_word' id='word_1_872' title='bbox 3503 5093 3749 5162; x_wconf 83' lang='grc' dir='ltr'>μέλλοντα</span> 
     </span>
    </p>
   </div>
   <div class='ocr_carea' id='block_1_120' title="bbox 2174 5139 3749 5234">
    <p class='ocr_par' dir='ltr' id='par_1_120' title="bbox 2174 5139 3749 5234">
     <span class='ocr_line' id='line_1_120' title="bbox 2174 5139 3749 5234; baseline -0.001 -21"><span class='ocrx_word' id='word_1_873' title='bbox 2174 5139 2369 5234; x_wconf 25' lang='grc' dir='ltr'>άὺλτοὺς</span> <span class='ocrx_word' id='word_1_874' title='bbox 2402 5139 2837 5234; x_wconf 66' lang='grc' dir='ltr'>καταλαμξξάνειν</span> <span class='ocrx_word' id='word_1_875' title='bbox 2865 5139 3015 5234; x_wconf 13' lang='grc' dir='ltr'>κάκάί</span> <span class='ocrx_word' id='word_1_876' title='bbox 3040 5164 3133 5234; x_wconf 76' lang='grc' dir='ltr'><strong>καὶ</strong></span> <span class='ocrx_word' id='word_1_877' title='bbox 3158 5139 3336 5229; x_wconf 70' lang='grc' dir='ltr'>ἀγαθά</span> <span class='ocrx_word' id='word_1_878' title='bbox 3368 5139 3749 5234; x_wconf 56' lang='grc' dir='ltr'>προαγορεύειν</span> 
     </span>
    </p>
   </div>
   <div class='ocr_carea' id='block_1_121' title="bbox 2174 5229 3749 5301">
    <p class='ocr_par' dir='ltr' id='par_1_121' title="bbox 2174 5229 3749 5301">
     <span class='ocr_line' id='line_1_121' title="bbox 2174 5229 3749 5301; baseline 0.001 -19"><span class='ocrx_word' id='word_1_879' title='bbox 2174 5231 2299 5292; x_wconf 79' lang='grc' dir='ltr'>τοὺς</span> <span class='ocrx_word' id='word_1_880' title='bbox 2346 5231 2630 5301; x_wconf 64' lang='grc' dir='ltr'>προφήτας</span> <span class='ocrx_word' id='word_1_881' title='bbox 2657 5229 2880 5284; x_wconf 82' lang='grc' dir='ltr'>ἀνωθεν.</span> <span class='ocrx_word' id='word_1_882' title='bbox 2935 5249 2952 5280; x_wconf 80' lang='grc' dir='ltr'><strong>ι</strong></span> <span class='ocrx_word' id='word_1_883' title='bbox 2981 5233 3178 5284; x_wconf 72' lang='lat' dir='ltr'><strong>Eodem</strong></span> <span class='ocrx_word' id='word_1_884' title='bbox 3215 5235 3372 5285; x_wconf 89' lang='lat' dir='ltr'><strong>modo</strong></span> <span class='ocrx_word' id='word_1_885' title='bbox 3403 5229 3749 5286; x_wconf 39' lang='lat' dir='ltr'><strong>(«uiset-nebat</strong></span> 
     </span>
    </p>
   </div>
   <div class='ocr_carea' id='block_1_122' title="bbox 2176 5301 3747 5372">
    <p class='ocr_par' dir='ltr' id='par_1_122' title="bbox 2176 5301 3747 5372">
     <span class='ocr_line' id='line_1_122' title="bbox 2176 5301 3747 5372; baseline -0.002 -17"><span class='ocrx_word' id='word_1_886' title='bbox 2176 5312 2230 5355; x_wconf 88' lang='lat' dir='ltr'><strong>et</strong></span> <span class='ocrx_word' id='word_1_887' title='bbox 2261 5301 2484 5372; x_wconf 72' lang='lat' dir='ltr'><strong>Judaeos</strong></span> <span class='ocrx_word' id='word_1_888' title='bbox 2516 5303 2600 5353; x_wconf 88' lang='lat' dir='ltr'><strong>hic</strong></span> <span class='ocrx_word' id='word_1_889' title='bbox 2655 5301 2854 5372; x_wconf 79' lang='lat' dir='ltr'><strong>facere,</strong></span> <span class='ocrx_word' id='word_1_890' title='bbox 2910 5303 3176 5370; x_wconf 88' lang='lat' dir='ltr'><strong>nobisque</strong></span> <span class='ocrx_word' id='word_1_891' title='bbox 3205 5303 3255 5355; x_wconf 92' lang='lat' dir='ltr'><strong>iu</strong></span> <span class='ocrx_word' id='word_1_892' title='bbox 3291 5304 3534 5355; x_wconf 86' lang='lat' dir='ltr'><strong>mediqu</strong></span> <span class='ocrx_word' id='word_1_893' title='bbox 3564 5305 3747 5372; x_wconf 82' lang='lat' dir='ltr'><strong>produ-</strong></span> 
     </span>
    </p>
   </div>
   <div class='ocr_carea' id='block_1_123' title="bbox 2175 5371 3747 5440">
    <p class='ocr_par' dir='ltr' id='par_1_123' title="bbox 2175 5371 3747 5440">
     <span class='ocr_line' id='line_1_123' title="bbox 2175 5371 3747 5440; baseline -0.002 -15"><span class='ocrx_word' id='word_1_894' title='bbox 2175 5386 2302 5425; x_wconf 88' lang='lat' dir='ltr'><strong>cere</strong></span> <span class='ocrx_word' id='word_1_895' title='bbox 2341 5371 2680 5440; x_wconf 79' lang='lat' dir='ltr'><strong>prOphetam,</strong></span> <span class='ocrx_word' id='word_1_896' title='bbox 2729 5371 2819 5438; x_wconf 89' lang='lat' dir='ltr'><strong>qui</strong></span> <span class='ocrx_word' id='word_1_897' title='bbox 2873 5373 3191 5438; x_wconf 64' lang='lat' dir='ltr'><strong>prazdixerit</strong></span> <span class='ocrx_word' id='word_1_898' title='bbox 3233 5373 3454 5426; x_wconf 88' lang='lat' dir='ltr'><strong>omnino</strong></span> <span class='ocrx_word' id='word_1_899' title='bbox 3498 5371 3747 5437; x_wconf 83' lang='lat' dir='ltr'><strong>futurum,</strong></span> 
     </span>
    </p>
   </div>
   <div class='ocr_carea' id='block_1_124' title="bbox 2178 5441 3748 5512">
    <p class='ocr_par' dir='ltr' id='par_1_124' title="bbox 2178 5441 3748 5512">
     <span class='ocr_line' id='line_1_124' title="bbox 2178 5441 3748 5512; baseline 0.001 -18"><span class='ocrx_word' id='word_1_900' title='bbox 2178 5453 2236 5494; x_wconf 91' lang='lat' dir='ltr'><strong>ut</strong></span> <span class='ocrx_word' id='word_1_901' title='bbox 2262 5442 2455 5494; x_wconf 75' lang='lat' dir='ltr'><strong>civitas</strong></span> <span class='ocrx_word' id='word_1_902' title='bbox 2491 5443 2831 5512; x_wconf 81' lang='lat' dir='ltr'><strong>restituatur.</strong></span> <span class='ocrx_word' id='word_1_903' title='bbox 2863 5441 2997 5494; x_wconf 86' lang='lat' dir='ltr'><strong>Nam</strong></span> <span class='ocrx_word' id='word_1_904' title='bbox 3027 5443 3070 5496; x_wconf 92' lang='lat' dir='ltr'><strong>si</strong></span> <span class='ocrx_word' id='word_1_905' title='bbox 3103 5443 3386 5510; x_wconf 70' lang='lat' dir='ltr'><strong>prtesentis</strong></span> <span class='ocrx_word' id='word_1_906' title='bbox 3425 5444 3748 5512; x_wconf 69' lang='lat' dir='ltr'><strong>captivitatis</strong></span> 
     </span>
    </p>
   </div>
   <div class='ocr_carea' id='block_1_125' title="bbox 2181 5511 3748 5580">
    <p class='ocr_par' dir='ltr' id='par_1_125' title="bbox 2181 5511 3748 5580">
     <span class='ocr_line' id='line_1_125' title="bbox 2181 5511 3748 5580; baseline -0.002 -15"><span class='ocrx_word' id='word_1_907' title='bbox 2181 5513 2302 5566; x_wconf 90' lang='lat' dir='ltr'><strong>linis</strong></span> <span class='ocrx_word' id='word_1_908' title='bbox 2331 5513 2556 5566; x_wconf 89' lang='lat' dir='ltr'><strong>omnino</strong></span> <span class='ocrx_word' id='word_1_909' title='bbox 2608 5511 2822 5564; x_wconf 92' lang='lat' dir='ltr'><strong>futurus</strong></span> <span class='ocrx_word' id='word_1_910' title='bbox 2851 5523 3014 5578; x_wconf 91' lang='lat' dir='ltr'><strong>esset,</strong></span> <span class='ocrx_word' id='word_1_911' title='bbox 3070 5528 3293 5567; x_wconf 88' lang='lat' dir='ltr'><strong>necesse</strong></span> <span class='ocrx_word' id='word_1_912' title='bbox 3319 5511 3514 5575; x_wconf 76' lang='lat' dir='ltr'><strong>fuisse,</strong></span> <span class='ocrx_word' id='word_1_913' title='bbox 3548 5524 3601 5565; x_wconf 96' lang='lat' dir='ltr'><strong>ut</strong></span> <span class='ocrx_word' id='word_1_914' title='bbox 3637 5528 3748 5580; x_wconf 88' lang='lat' dir='ltr'><strong>pro-</strong></span> 
     </span>
    </p>
   </div>
   <div class='ocr_carea' id='block_1_126' title="bbox 2181 5583 3746 5704">
    <p class='ocr_par' dir='ltr' id='par_1_126' title="bbox 2181 5583 3746 5704">
     <span class='ocr_line' id='line_1_126' title="bbox 2181 5583 3746 5704; baseline -0.002 -69"><span class='ocrx_word' id='word_1_915' title='bbox 2181 5584 2354 5651; x_wconf 68' lang='lat' dir='ltr'><strong>pheta:</strong></span> <span class='ocrx_word' id='word_1_916' title='bbox 2400 5583 2452 5636; x_wconf 90' lang='lat' dir='ltr'><strong>id</strong></span> <span class='ocrx_word' id='word_1_917' title='bbox 2505 5583 2952 5704; x_wconf 66' lang='lat' dir='ltr'><strong>prreuuntiarent,</strong></span> <span class='ocrx_word' id='word_1_918' title='bbox 3011 5584 3190 5650; x_wconf 88' lang='lat' dir='ltr'><strong>palam</strong></span> <span class='ocrx_word' id='word_1_919' title='bbox 3221 5595 3305 5637; x_wconf 87' lang='lat' dir='ltr'><strong>est</strong></span> <span class='ocrx_word' id='word_1_920' title='bbox 3349 5584 3624 5648; x_wconf 83' lang='lat' dir='ltr'><strong>omnibus,</strong></span> <span class='ocrx_word' id='word_1_921' title='bbox 3665 5583 3746 5648; x_wconf 88' lang='lat' dir='ltr'><strong>qui</strong></span> 
     </span>
     <span class='ocr_line' id='line_1_127' title="bbox 2181 5653 3744 5704; baseline 0 -2"><span class='ocrx_word' id='word_1_922' title='bbox 2181 5653 2260 5704; x_wconf 66' lang='lat' dir='ltr'><strong>vel</strong></span> <span class='ocrx_word' id='word_1_923' title='bbox 2293 5655 2474 5704; x_wconf 86' lang='lat' dir='ltr'><strong>obiter</strong></span> <span class='ocrx_word' id='word_1_924' title='bbox 2528 5654 2670 5704; x_wconf 89' lang='lat' dir='ltr'><strong>ihros</strong></span> <span class='ocrx_word' id='word_1_925' title='bbox 2700 5653 3046 5704; x_wconf 82' lang='lat' dir='ltr'><strong>urouhetieos</strong></span> <span class='ocrx_word' id='word_1_926' title='bbox 3072 5654 3432 5704; x_wconf 79' lang='lat' dir='ltr'><strong>iuseexerint.</strong></span> <span class='ocrx_word' id='word_1_927' title='bbox 3474 5653 3587 5704; x_wconf 84' lang='lat' dir='ltr'><strong>Mus</strong></span> <span class='ocrx_word' id='word_1_928' title='bbox 3613 5656 3744 5704; x_wconf 80' lang='lat' dir='ltr'><strong>enim</strong></span> 
     </span>
    </p>
   </div>
   <div class='ocr_carea' id='block_1_127' title="bbox 2179 5653 3744 5721">
    <p class='ocr_par' dir='ltr' id='par_1_127' title="bbox 2179 5653 3744 5721">
     <span class='ocr_line' id='line_1_128' title="bbox 2179 5653 3744 5721; baseline 0 -19"><span class='ocrx_word' id='word_1_929' title='bbox 2179 5653 2260 5705; x_wconf 67' lang='lat' dir='ltr'><strong>vel</strong></span> <span class='ocrx_word' id='word_1_930' title='bbox 2293 5655 2474 5706; x_wconf 84' lang='lat' dir='ltr'><strong>obiter</strong></span> <span class='ocrx_word' id='word_1_931' title='bbox 2508 5653 2670 5706; x_wconf 88' lang='lat' dir='ltr'><strong>libros</strong></span> <span class='ocrx_word' id='word_1_932' title='bbox 2700 5653 3046 5721; x_wconf 79' lang='lat' dir='ltr'><strong>propheticus</strong></span> <span class='ocrx_word' id='word_1_933' title='bbox 3072 5654 3432 5721; x_wconf 80' lang='lat' dir='ltr'><strong>inspexerint.</strong></span> <span class='ocrx_word' id='word_1_934' title='bbox 3474 5653 3587 5706; x_wconf 83' lang='lat' dir='ltr'><strong>Mus</strong></span> <span class='ocrx_word' id='word_1_935' title='bbox 3613 5656 3744 5707; x_wconf 80' lang='lat' dir='ltr'><strong>enim</strong></span> 
     </span>
    </p>
   </div>
   <div class='ocr_carea' id='block_1_128' title="bbox 2177 5721 3746 5792">
    <p class='ocr_par' dir='ltr' id='par_1_128' title="bbox 2177 5721 3746 5792">
     <span class='ocr_line' id='line_1_129' title="bbox 2177 5721 3746 5792; baseline 0.001 -20"><span class='ocrx_word' id='word_1_936' title='bbox 2177 5734 2292 5775; x_wconf 72' lang='lat' dir='ltr'><strong>erat</strong></span> <span class='ocrx_word' id='word_1_937' title='bbox 2327 5726 2468 5792; x_wconf 88' lang='lat' dir='ltr'><strong>apud</strong></span> <span class='ocrx_word' id='word_1_938' title='bbox 2497 5721 2711 5777; x_wconf 63' lang='lat' dir='ltr'><strong>Judatos</strong></span> <span class='ocrx_word' id='word_1_939' title='bbox 2740 5733 2915 5790; x_wconf 78' lang='lat' dir='ltr'><strong>vetus,</strong></span> <span class='ocrx_word' id='word_1_940' title='bbox 2962 5734 3017 5778; x_wconf 87' lang='lat' dir='ltr'><strong>ut</strong></span> <span class='ocrx_word' id='word_1_941' title='bbox 3060 5725 3332 5791; x_wconf 74' lang='lat' dir='ltr'><strong>propheta:</strong></span> <span class='ocrx_word' id='word_1_942' title='bbox 3375 5726 3636 5778; x_wconf 78' lang='lat' dir='ltr'><strong>divinitus</strong></span> <span class='ocrx_word' id='word_1_943' title='bbox 3677 5723 3746 5775; x_wconf 76' lang='lat' dir='ltr'><strong>af-</strong></span> 
     </span>
    </p>
   </div>
   <div class='ocr_carea' id='block_1_129' title="bbox 2179 5793 3743 5862">
    <p class='ocr_par' dir='ltr' id='par_1_129' title="bbox 2179 5793 3743 5862">
     <span class='ocr_line' id='line_1_130' title="bbox 2179 5793 3743 5862; baseline 0 -18"><span class='ocrx_word' id='word_1_944' title='bbox 2179 5794 2286 5845; x_wconf 87' lang='lat' dir='ltr'><strong>llati</strong></span> <span class='ocrx_word' id='word_1_945' title='bbox 2330 5794 2688 5861; x_wconf 71' lang='lat' dir='ltr'><strong>prmdicereut</strong></span> <span class='ocrx_word' id='word_1_946' title='bbox 2737 5793 2861 5860; x_wconf 88' lang='lat' dir='ltr'><strong>illis,</strong></span> <span class='ocrx_word' id='word_1_947' title='bbox 2901 5808 3022 5862; x_wconf 67' lang='lat' dir='ltr'><strong>qua:</strong></span> <span class='ocrx_word' id='word_1_948' title='bbox 3051 5794 3418 5858; x_wconf 83' lang='lat' dir='ltr'><strong>imminerent,</strong></span> <span class='ocrx_word' id='word_1_949' title='bbox 3466 5811 3564 5847; x_wconf 86' lang='lat' dir='ltr'><strong>seu</strong></span> <span class='ocrx_word' id='word_1_950' title='bbox 3596 5796 3743 5852; x_wconf 81' lang='lat' dir='ltr'><strong>bona.</strong></span> 
     </span>
    </p>
   </div>
   <div class='ocr_carea' id='block_1_130' title="bbox 2178 5863 3743 5934">
    <p class='ocr_par' dir='ltr' id='par_1_130' title="bbox 2178 5863 3743 5934">
     <span class='ocr_line' id='line_1_131' title="bbox 2178 5863 3743 5934; baseline 0.001 -18"><span class='ocrx_word' id='word_1_951' title='bbox 2178 5880 2271 5916; x_wconf 86' lang='lat' dir='ltr'><strong>seu</strong></span> <span class='ocrx_word' id='word_1_952' title='bbox 2312 5863 2472 5925; x_wconf 56' lang='lat' dir='ltr'><strong>malzu</strong></span> <span class='ocrx_word' id='word_1_953' title='bbox 2501 5881 2519 5916; x_wconf 81' lang='grc' dir='ltr'><strong>ι</strong></span> <span class='ocrx_word' id='word_1_954' title='bbox 2555 5863 2616 5916; x_wconf 83' lang='grc' dir='ltr'>Ει</span> <span class='ocrx_word' id='word_1_955' title='bbox 2652 5864 2810 5933; x_wconf 88' lang='lat' dir='ltr'><strong>paulo</strong></span> <span class='ocrx_word' id='word_1_956' title='bbox 2839 5874 2958 5934; x_wconf 88' lang='lat' dir='ltr'><strong>post</strong></span> <span class='ocrx_word' id='word_1_957' title='bbox 2988 5863 3134 5918; x_wconf 72' lang='lat' dir='ltr'><strong>:Kai</strong></span> <span class='ocrx_word' id='word_1_958' title='bbox 3162 5864 3243 5916; x_wconf 82' lang='grc' dir='ltr'>ὅτι</span> <span class='ocrx_word' id='word_1_959' title='bbox 3270 5865 3427 5919; x_wconf 88' lang='grc' dir='ltr'>τοῦτό</span> <span class='ocrx_word' id='word_1_960' title='bbox 3458 5867 3607 5919; x_wconf 81' lang='grc' dir='ltr'>ἐστιν</span> <span class='ocrx_word' id='word_1_961' title='bbox 3635 5863 3743 5931; x_wconf 61' lang='lat' dir='ltr'><strong>dir;-</strong></span> 
     </span>
    </p>
   </div>
  </div>
