3898 6522
515 356 652 422 1059

1995 356 2318 415 ORIGENIS

3612 371 3736 428 1060

507 496 827 554 magnorum
875 487 1031 536 erant
1080 478 1463 552 mysteriorum
1511 477 1779 551 symbola.
1826 477 2048 547 Oportni

2182 478 2540 549 νενομισμένα
2578 478 2823 551 σύμϐολα
2874 481 3125 553 μεγάλων
3182 482 3492 557 μυστηρίων
3541 487 3738 544 ἐποίουν

507 572 675 641 igitur
698 572 884 625 urbem
916 570 1085 633 illam,
1117 570 1207 622 ubi
1240 570 1352 623 hmc
1373 567 1534 622 Jesus
1560 581 1846 635 perpessus
1879 566 2073 633 fuerat,

510 665 678 719 deleri
704 664 967 728 funditus,
1002 661 1279 718 Judaicam
1308 671 1524 730 gentem
1557 659 1829 728 dissipari,
1864 668 1916 713 et
1940 660 2076 713 alios

507 756 575 809 ad
622 752 717 808 Dei
766 753 1159 809 beatitudinem
1191 753 1394 807 vocari.
1447 752 1625 820 Atque
1676 751 1728 805 hi
1777 749 2073 805 Christiani

508 854 668 913 sunt,
717 847 782 899 ad
825 862 963 915 quos
996 846 1062 899 de
1097 860 1356 915 germano
1385 858 1629 913 puroque
1662 844 1755 897 Dei
1795 843 1943 897 cultu
1973 843 2074 898 do-

506 938 681 992 ctrina
713 938 999 1006 pervenit,
1031 937 1233 1006 quique
1278 934 1426 1005 leges
1462 943 1794 1004 acceperunt
1822 950 1991 989 novas
2020 945 2075 989 et

506 1030 815 1100 reipublicae
860 1029 1058 1097 ubique
1108 1037 1376 1082 terrarum
1412 1027 1613 1097 vigenti
1666 1035 1720 1080 ct
1756 1029 2070 1083 constituta:

504 1122 986 1188 accommodatas;
1040 1136 1161 1174 cum
1204 1127 1393 1173 contra
1436 1119 1648 1188 priores
1684 1120 1946 1187 imposita:
1980 1121 2071 1176 uni

503 1215 689 1285 genti,
728 1228 888 1283 quam
920 1214 1081 1282 patrii
1132 1227 1284 1281 rcges
1318 1213 1519 1267 eisdem
1575 1228 1637 1267 ac
1672 1215 1785 1283 ipsa
1833 1215 2074 1272 moribus

502 1306 929 1377 gubernabant,
981 1319 1126 1359 nunc
1198 1303 1267 1359 ab
1312 1303 1565 1359 omnibus
1619 1305 1903 1361 observari
1965 1323 2072 1364 non

502 1394 736 1463 possint.

576 1486 666 1543 25.
710 1485 905 1541 Postea
936 1486 1123 1542 Celsus
1154 1502 1252 1557 pro
1286 1503 1435 1544 more
1470 1503 1569 1544 suo
1593 1486 1811 1545 Judaeos
1836 1499 1889 1544 et
1922 1488 2075 1545 Chri-

500 1579 707 1634 stianos
733 1579 985 1633 deridens
1006 1621 1020 1645 ,
1051 1589 1311 1649 utrosque
1335 1592 1613 1651 comparat
1639 1600 1660 1633 ι
1683 1592 1777 1637 aut
1802 1583 2070 1653 vesperti-

499 1670 704 1725 lionntn
738 1671 958 1741 agmini,
998 1683 1091 1726 aut
1121 1673 1362 1727 formicis
1392 1689 1423 1729 e
1456 1674 1584 1728 nido
1618 1675 2067 1743 prorepentibus,

497 1773 590 1816 aut
614 1766 758 1818 ranis
782 1764 985 1819 circum
1010 1764 1256 1835 paludem
1283 1765 1711 1832 considentibus,
1732 1774 1824 1819 aut
1846 1766 2072 1822 lumbri-

497 1854 577 1906 cis
627 1852 679 1907 in
723 1853 905 1923 aliquo
946 1856 1089 1911 cteni
1124 1858 1324 1927 angulo
1358 1858 1701 1927 congregatis
1741 1868 1794 1911 et
1835 1858 1982 1911 inter
2010 1874 2069 1913 se

497 1942 835 2014 litigantibus
859 1948 1080 2016 quinam
1119 1947 1330 2002 illorum
1374 1950 1545 2017 magis
1584 1951 1947 2018 peccaverint,
1983 1950 2069 2003 di-

497 2035 855 2105 centibusque
880 2054 896 2093 :
933 2053 1030 2093 nos
1060 2053 1247 2092 sumus
1272 2079 1287 2104 ,
1320 2040 1515 2109 quibus
1542 2041 1722 2094 omnia
1762 2040 1900 2095 Dens
1929 2056 2067 2109 prae-

498 2138 766 2182 monstrat
788 2136 841 2182 et
865 2130 1135 2199 praedicit;
1165 2130 1320 2185 nobis
1347 2130 1493 2194 solis,
1516 2132 1706 2186 relicto
1727 2141 1840 2187 toto
1866 2136 2068 2186 mundo

495 2215 870 2287 cmlorumque
910 2234 1070 2273 cursu
1111 2229 1167 2274 et
1197 2222 1442 2289 neglecta
1489 2230 1596 2274 tota
1634 2236 1739 2290 qua
1782 2222 1888 2275 late
1921 2231 2068 2290 patet

497 2312 643 2358 terra
674 2345 689 2369 ,
720 2306 969 2373 providet
997 2322 1261 2376 suamque
1294 2322 1478 2361 curam
1527 2306 1826 2377 impendit;
1864 2308 1930 2361 ad
1967 2322 2067 2362 nos

494 2397 638 2452 solos
662 2397 829 2452 mittit
855 2412 1153 2467 praecones,
1177 2413 1277 2453 nec
1310 2398 1526 2452 mittere
1550 2398 1770 2461 desinit,
1800 2398 2066 2454 sollicitus

492 2489 766 2557 quomodo
785 2498 1049 2544 attentum
1068 2490 1143 2545 illi
1166 2489 1677 2560 conjungamur.iln
1701 2489 1819 2557 ejus
1843 2491 2064 2546 fictione

492 2580 699 2635 similes
725 2594 912 2635 sumus
936 2580 1247 2636 vermiculis
1279 2582 1369 2650 qui
1403 2584 1685 2639 dicerent:
1727 2605 1745 2637 ι
1771 2586 1913 2641 Deus
1941 2583 2065 2653 qni-

492 2674 612 2729 dem
647 2683 753 2740 est,
784 2676 879 2729 sed
921 2676 1224 2745 proximum
1263 2676 1337 2729 illi
1365 2675 1542 2730 locum
1576 2691 1929 2745 occupamus.
1972 2676 2063 2731 Ille

491 2783 591 2821 nos
616 2768 717 2821 sibi
750 2768 970 2822 omnino
995 2768 1202 2822 similes
1230 2768 1378 2825 fecit.
1417 2769 1647 2823 Subdita
1683 2770 1837 2823 nobis
1871 2771 2057 2823 omnia

492 2868 642 2922 sunt,
676 2866 846 2921 terra,
878 2874 1040 2928 aqua,
1067 2873 1184 2923 aer,
1217 2860 1430 2922 sidera;
1475 2868 1694 2927 propter
1726 2873 1828 2913 nos
1854 2858 2059 2923 omnia,

489 2949 667 3003 onmia
700 2950 854 3004 nobis
890 2965 1084 3020 parere
1110 2949 1259 3018 jussa
1312 2960 1460 3005 sunt.
1493 2968 1511 3001 ι
1550 2949 1787 3019 Pergunt
1819 2950 1959 3019 apud
1995 2949 2060 3001 il-

490 3042 598 3095 lum
632 3042 911 3096 vermiculi
934 3082 949 3104 ,
983 3058 1079 3096 nos
1114 3041 1367 3096 videlicet
1393 3059 1409 3097 :
1438 3042 1912 3109 «Quandoquidem
1936 3049 2062 3095 sunt

2177 568 2256 638 τῷ
2284 569 2421 640 Θεῷ.
2468 571 2663 642 Ἐχρῆν
2695 568 2787 626 οῦν
2833 574 3050 645 ἐκείνην
3082 574 3180 646 τὴν
3218 576 3393 642 πόλιν,
3420 580 3550 631 ὅπου
3586 580 3739 635 ταῦτα

2177 659 2445 713 πέπονθεν
2492 662 2718 733 Ἰησοῦς,
2765 647 2933 735 άρδην
2968 663 3340 731 ἀπολωλέναι,
3387 670 3481 721 καὶ
3519 668 3579 720 τὸ
3624 672 3743 723 Ἰού-

2174 751 2320 805 δαῖον
2352 752 2500 816 ἐθνος
2531 754 2828 807 ἀνάστατον
2868 756 3167 822 γεγονέναι,
3196 757 3288 809 καὶ
3322 759 3409 810 ἐπ’
3437 759 3622 822 ἄλλους
3649 762 3740 830 τὴν

2173 844 2268 897 τοῦ
2287 844 2419 898 Θεοῦ
2438 847 2516 911 είς
2538 848 2910 918 μακαριότητα
2932 848 3120 919 κλῆσιν
3147 852 3605 924 μεταδεϐηκὲναι’
3625 857 3741 919 τοὺς

2174 930 2529 1001 Χριστιανούς
2558 932 2719 1001 λέγω,
2751 936 2836 1004 ἐφ’
2883 935 2977 999 οὓς
3018 937 3273 1008 ἐλήλυθεν
3306 941 3337 1011 ἡ
3386 942 3516 1013 περὶ
3548 942 3638 1013 τῆς
3671 945 3741 997 εί-

2173 1019 2446 1091 λικρινοῦς
2470 1023 2563 1075 καὶ
2590 1021 2837 1094 καθαρᾶς
2876 1023 3182 1089 θεοσεϐείας
3208 1027 3547 1095 διδασκαλία,
3578 1050 3739 1102 παρα-

2173 1112 2432 1178 λαὸόντας
2456 1116 2650 1186 νόμους
2676 1119 2920 1185 καινοὺς,
2949 1120 3043 1172 καὶ
3076 1120 3416 1191 ἁρμόζοντας
3444 1126 3513 1193 τῇ
3549 1139 3739 1176 παντα-

2172 1204 2267 1275 χοῦ
2297 1206 2614 1281 καθεστώσῃ
2645 1209 2917 1283 πολιτείᾳ·
2948 1212 3070 1266 ἐπεὶ
3106 1213 3179 1284 μὴ
3204 1215 3251 1266 oi
3288 1215 3555 1285 πρότερον
3577 1216 3740 1269 δοθένο

2170 1315 2283 1362 τες,
2310 1299 2385 1362 ῶς
2417 1300 2496 1353 ἐνὶ
2528 1300 2667 1355 ἔθνει
2698 1302 2801 1355 ὑπὸ
2830 1303 3043 1357 οἰκείων
3078 1306 3171 1357 καὶ
3202 1307 3451 1377 ὁμοήθων
3480 1307 3738 1377 βασιλευο-

2174 1388 2341 1459 μένῳ,
2365 1385 2467 1443 οἷοί
2490 1408 2551 1444 τε
2575 1388 2717 1463 ἦσαν
2744 1393 2943 1458 πάντες
2964 1394 3059 1447 νῦν
3082 1396 3473 1451 ἐπιτελεῖσθαι.

2242 1480 2395 1535 Μετὰ
2439 1483 2631 1549 ταῦτα,
2673 1486 2915 1557 συνήθως
2959 1487 3132 1557 ἐαυτῷ
3167 1488 3338 1556 γελῶν
3374 1490 3433 1543 τὸ
3488 1491 3739 1547 Ἰουδαίων

2172 1575 2265 1628 καὶ
2292 1576 2631 1645 Χριστιανῶν
2661 1577 2834 1645 γένος,
2862 1579 3067 1642 πάντας
3102 1579 3486 1652 παραϐέϐληκε
3518 1602 3536 1632 ι
3568 1602 3715 1638 νακτε

2173 1666 2333 1737 ρίδων
2362 1665 2609 1737 ὁρμαθῷ,
2637 1667 2669 1738 ἦ
2701 1663 2976 1736 μύρμηξιν
2998 1670 3063 1721 ἐκ
3086 1670 3278 1733 καλιᾶς
3311 1671 3683 1742 προελθοῦσιν,
3707 1674 3734 1742 ἢ

2174 1756 2464 1829 βατράχοις
2496 1758 2623 1830 περὶ
2660 1759 2832 1828 τέλμα
2869 1760 3295 1831 συνεδρεύουσιν,
3322 1761 3357 1828 ἢ
3388 1761 3655 1831 σκώληξιν
3686 1766 3735 1816 ὲν

2174 1846 2431 1920 βορϐόρου
2479 1849 2651 1919 γωνία
2697 1847 3135 1919 ἐκκλησιάζουσι,
3185 1850 3447 1920 καὶπρὸς
3488 1850 3735 1921 ἀλλήλους

2171 1938 2597 2010 διαφερομένοις,
2633 1937 2777 2001 τίνες
2810 1938 2989 1993 αὐτῶν
3026 1935 3136 1992 εἶεν
3164 1938 3627 2011 άμαρτωλότεροι,
3657 1941 3736 1992 καὶ

2171 2032 2489 2101 φάσκουσιν,
2515 2032 2595 2083 ὅτι
2622 2031 2795 2085 πάντα
2817 2034 2950 2103 ἡμῖν
2975 2034 3003 2085 ὁ
3034 2031 3166 2092 Θεὸς
3194 2032 3454 2102 προδηλοῖ
3488 2034 3581 2083 καὶ
3616 2048 3738 2101 προ-

2170 2123 2546 2191 καταγγέλλει,
2575 2124 2667 2177 καὶ
2688 2123 2781 2177 τὸν
2810 2124 2989 2178 πάντα
3018 2124 3221 2195 κόσμον
3249 2124 3344 2177 καὶ
3371 2124 3473 2195 τὴν
3500 2125 3737 2195 οὐράνιον

2169 2213 2340 2285 φορὰν
2393 2212 2693 2278 ἀπολιπὼν,
2740 2214 2834 2267 καὶ
2878 2214 2975 2285 τὴν
3022 2214 3289 2286 τοσαύτην
3331 2214 3437 2285 γῆν
3484 2214 3735 2284 παριδὼν,

2166 2312 2299 2380 ἡμῖν
2338 2308 2517 2378 μόνοις
2547 2307 2958 2379 ὲμπολιτεύεται
2995 2308 3129 2379 (75),
3168 2310 3265 2363 καὶ
3296 2309 3434 2381 πρὸς
3468 2312 3617 2380 ἡμᾶς
3652 2311 3737 2381 μό-

2166 2418 2290 2463 νους
2320 2400 2802 2470 ἐπικηρυκεύεται,
2833 2400 2927 2452 καὶ
2968 2399 3203 2470 πέμπων
3239 2401 3298 2453 οῦ
3332 2401 3617 2465 διαλείπει,
3655 2404 3736 2455 καὶ

2166 2493 2343 2564 ζητῶν
2372 2493 2518 2555 ὅπως
2542 2493 2627 2545 ἀεὶ
2651 2490 2895 2561 συνῶμεν
2924 2492 3094 2562 αὐτῷ.
3128 2510 3146 2544 ι
3183 2493 3292 2545 Καὶ
3317 2493 3373 2544 ἐν
3404 2493 3481 2563 τῷ
3506 2493 3739 2546 ἀναπλά-

2166 2584 2331 2655 σματί
2368 2601 2430 2652 γε
2465 2582 2657 2635 ἑαυτοῦ
2690 2581 3101 2653 παραπλησίους
3137 2584 3282 2653 ἡμᾶς
3325 2588 3469 2636 ποιεῖ
3512 2583 3737 2653 σκώληξι

2164 2675 2482 2744 φάσκουσιν,
2513 2674 2594 2725 ὅτι
2628 2691 2646 2722 ι
2687 2671 2819 2734 Θεός
2848 2673 3014 2737 ἐστιν,
3042 2667 3163 2726 εἶτα
3200 2672 3317 2743 μετ’
3353 2673 3561 2726 ἐκεῖνον
3583 2677 3738 2744 ἡμεῖς

2164 2770 2253 2821 ὑπ’
2284 2766 2447 2820 αὑτοῦ
2475 2766 2755 2834 γεγονότες
2796 2766 2970 2836 πάντη
3002 2764 3175 2835 ὅμοιοι
3196 2766 3273 2836 τῷ
3298 2765 3415 2836 Θεῷ
3434 2784 3447 2795 ·
3485 2767 3579 2820 καὶ
3615 2768 3738 2836 ἡμῖν

2163 2859 2337 2911 πάντα
2380 2856 2773 2924 ὑποϐέϐληται,
2820 2855 2912 2925 γῆ,
2967 2856 3061 2907 καὶ
3108 2854 3272 2925 ὕδωρ,
3324 2856 3418 2909 καὶ
3463 2857 3607 2927 ἀὴρ,
3655 2860 3738 2909 καὶ

2162 2951 2355 3021 ἄστρα,
2399 2947 2493 3001 καὶ
2530 2946 2685 3016 ἡμῶν
2735 2946 2894 2998 ἕνεκα
2943 2946 3141 3013 πάντα,
3178 2946 3272 2999 καὶ
3307 2948 3441 3016 ἡμῖν
3471 2946 3738 2999 δουλεύειν

2159 3043 2438 3096 τέτακται.
2498 3059 2515 3091 ι
2572 3040 2800 3107 Λέγουσι
2857 3040 2913 3092 δὲ
2965 3039 3094 3109 παρ’
3148 3037 3295 3103 αὐτῷ
3335 3040 3383 3091 οἱ
3439 3038 3736 3110 σκώληκες,

489 3133 633 3187 inter
664 3148 763 3188 nos
792 3136 883 3203 qui
915 3150 972 3188 se
1003 3136 1245 3204 peccatis
1276 3136 1671 3197 contaminant,
1705 3134 1848 3188 Dens
1879 3134 2056 3188 veniet

2166 3135 2325 3203 ἡμεῖς
2351 3130 2570 3202 δηλαδὴ,
2601 3132 2701 3195 ὅτι,
2742 3149 2759 3182 ι
2786 3129 2900 3184 Νῦν
2931 3129 3114 3200 ἐπειδή
3154 3146 3293 3193 τινες
3322 3131 3379 3184 ἐν
3404 3133 3535 3201 ἡμῖν
3561 3130 3737 3201 πλημ-

488 3233 585 3278 aut
614 3225 791 3278 mittet
812 3223 1029 3289 Filium,
1056 3236 1114 3278 ut
1142 3224 1377 3279 flammis
1404 3226 1621 3280 addicat
1645 3226 1856 3293 impios,
1883 3234 1937 3278 et
1963 3240 2057 3279 cte-

2168 3224 2438 3297 μελοῦσιν,
2467 3224 2718 3292 ἀφίξεται
2745 3222 2896 3287 Θεὸς,
2931 3223 2964 3294 ἢ
2998 3222 3203 3295 πέμψε-ι
3231 3223 3323 3279 τὸν
3352 3224 3495 3283 Υίον,
3519 3225 3610 3281 ἱνα
3641 3242 3738 3281 κα-

491 3318 593 3372 teri
658 3335 779 3372 cum
818 3319 932 3386 ipso
989 3326 1191 3373 mtcrna
1248 3317 1355 3372 vita
1403 3318 1721 3372 fruantur.»
1777 3319 1941 3371 Addit
1976 3319 2059 3374 his

488 3409 763 3473 omnibus,
791 3428 812 3461 ι
840 3411 1013 3481 magis
1037 3411 1151 3465 htec
1174 3409 1395 3466 ferenda
1434 3425 1577 3473 esse,
1612 3424 1737 3465 cum
1765 3409 1906 3464 inter
1936 3425 2061 3463 ver-

490 3500 717 3554 miculos
749 3509 802 3553 et
836 3516 995 3553 ranas
1019 3540 1032 3563 ,
1061 3515 1221 3569 quam
1253 3516 1377 3555 cum
1402 3500 1618 3556 Judteos
1649 3501 1793 3555 inter
1820 3510 1875 3555 et
1907 3500 2061 3555 Chri-

486 3593 692 3648 stianos
722 3592 1085 3662 disputantur.
1120 3611 1139 3645 ι

560 3770 651 3827 24.
691 3771 760 3827 Ut
789 3774 904 3827 haec
935 3772 1204 3839 refellam,
1239 3786 1332 3827 eos
1376 3775 1649 3844 interrogo
1675 3773 1763 3842 qui
1789 3773 2056 3840 ejusmodi

487 3862 905 3917 criminationes
934 3863 1203 3932 probant:
1241 3880 1307 3917 an
1353 3879 1542 3918 omnes
1589 3864 1834 3918 homines
1862 3866 2055 3919 existi-

490 3952 652 4007 matis
684 3963 903 4023 propter
944 3954 1037 4007 Dei
1062 3954 1484 4023 prtccellcntiam
1512 3968 1631 4008 esse
1665 3963 1757 4007 aut
1796 3957 2057 4024 vesperti~

489 4040 694 4096 lionum
732 4056 927 4111 agmen
955 4081 971 4107 ,
1006 4052 1098 4096 aut
1132 4041 1393 4097 formicas
1420 4082 1435 4103 ,
1467 4051 1559 4094 aut
1590 4042 1883 4095 lumbricos
1910 4080 1926 4105 ,
1961 4048 2055 4095 aut

488 4136 693 4189 ranas?
724 4134 806 4188 An
844 4144 1075 4189 emteros
1101 4134 1317 4203 quidem
1354 4135 1406 4188 in
1435 4135 1521 4189 illa
1560 4134 1915 4189 similitudine
1948 4149 2052 4187 non

487 4225 943 4296 comprehensos,
987 4226 1237 4281 homines
1283 4240 1402 4280 csse
1444 4225 1787 4295 permittitis,
1818 4238 1882 4278 eo
1912 4226 2052 4295 quod

484 4415 695 4457 clarum
727 4405 964 4472 gentium
996 4404 1336 4466 servitutem,
1366 4418 1663 4472 rursusque
1699 4403 1858 4467 bella,
1891 4419 2053 4460 exer-

484 4476 651 4536 citus,
682 4489 746 4527 ac
794 4474 1117 4555 triumphos,
1170 4483 1225 4526 et
1257 4484 1634 4567 superatorum
1664 4489 1843 4567 neces,
1891 4492 2049 4567 lmor-
2081 4513 2126 4567 Β

485 4552 701 4612 temque
749 4544 1044 4595 centenarii
1098 4544 1398 4610 peccatoris
1424 4561 1436 4595 :
1465 4545 1549 4595 cui
1581 4543 1792 4596 duobus
1822 4544 2047 4598 volumi-

484 4614 641 4666 nibus
675 4614 961 4679 respondet
985 4613 1369 4680 Apollinarius,
1412 4627 1569 4680 quem
1605 4629 1705 4665 non
1738 4614 1908 4667 solum
1938 4629 2047 4667 sua:

482 4691 643 4736 sectae
669 4682 941 4748 homines,
975 4684 1068 4736 sed
1096 4693 1149 4734 et
1178 4691 1485 4736 nostrorum
1516 4682 1564 4733 in
1595 4685 1693 4735 hac
1723 4694 1874 4748 parte
1906 4684 2045 4737 dun-

483 4760 655 4814 taxat,
717 4753 946 4819 plurnna
999 4753 1245 4821 sequitur
1295 4752 1603 4805 multitudo.
1685 4750 1752 4805 Ut
1806 4768 2044 4821 przcsaga

482 4833 663 4875 mente
688 4822 799 4890 jam
830 4836 1074 4883 cernam,
1111 4832 1451 4890 quantoruut
1474 4822 1526 4872 in
1566 4837 1650 4873 me
1704 4824 1880 4875 rabies
1913 4838 2043 4877 cou-

482 4892 696 4944 citanda
729 4892 819 4944 sit.
847 4909 865 4941 ›
900 4892 1155 4945 Eumdem
1187 4892 1308 4944 vide
1333 4891 1385 4943 in
1414 4889 1699 4945 Comment.
1727 4894 1793 4941 ad
1826 4890 2043 4955 Ezeclu,

484 4974 604 5027 cap.
632 4973 815 5030 xxxvi,
854 4969 908 5014 et
939 4962 990 5014 in
1027 4961 1279 5030 Catalogo
1304 4961 1481 5030 script.
1514 4961 1824 5023 ccclesiast.,
1865 4962 1916 5015 in
1944 4961 2048 5015 Pa-

484 5030 609 5096 pia;
642 5029 783 5082 lren.
811 5030 904 5083 lib.
931 5046 982 5094 v,
1018 5046 1067 5085 c.
1091 5031 1181 5095 22,
1218 5028 1364 5093 etc.;
1405 5028 1629 5082 Tertull.
1677 5031 1814 5083 libro
1849 5032 1921 5082 De
1956 5048 2041 5082 re-

482 5102 801 5153 surrectione
847 5102 1048 5163 carnis,
1083 5117 1200 5167 cap.
1229 5101 1320 5161 25,
1360 5110 1415 5153 et
1455 5099 1546 5152 lib.
1575 5115 1631 5152 ιιι
1684 5110 1865 5151 contra
1896 5099 2045 5152 Mar-

482 5170 707 5233 cionem,
761 5187 880 5237 cap.
919 5169 1007 5223 '33.
1084 5171 1202 5223 «De
1256 5170 1598 5223 restitutione
1649 5183 1777 5221 vero
1820 5168 2039 5234 Judaeae,

482 5254 642 5309 quam
693 5251 747 5294 et
786 5241 882 5309 ipsi
914 5240 1105 5301 Judaei.
1164 5241 1235 5293 ita
1287 5250 1344 5291 nt
1396 5239 1743 5299 describitur.
1800 5247 2039 5307 sperant,

484 5308 724 5380 locorum
753 5320 808 5364 et
855 5313 1130 5380 regionum
1168 5310 1473 5362 nominibus
1517 5309 1740 5371 inducti,
1772 5312 2041 5380 quomodo

483 5378 769 5446 allegorica
820 5377 1195 5448 interpretatio
1236 5381 1287 5433 in
1344 5380 1622 5433 Christum
1672 5390 1725 5431 et
1758 5377 1808 5431 in
1855 5377 2042 5431 Eccle—

481 5450 639 5511 siatn,
692 5458 746 5501 ct
782 5450 1021 5501 habitum
1054 5461 1109 5504 et
1144 5450 1375 5503 fructum
1409 5449 1526 5518 ejus
1553 5449 1867 5518 spiritaliter
1890 5464 2040 5501 corn-

481 5526 647 5585 petat,
696 5528 751 5572 ct
782 5519 996 5588 longum
1025 5530 1107 5573 est
1137 5521 1405 5589 persequi,
1438 5516 1509 5573 iet
1555 5516 1743 5583 ἰιιξιιιίο
1767 5533 1929 5586 opere
1960 5519 2039 5570 di-

481 5595 714 5655 gestum,
768 5592 911 5656 quod
964 5590 1306 5643 inscribimus
1338 5589 1413 5642 De
1464 5605 1550 5655 spe
1583 5590 1836 5655 ﬁdelium,
1892 5591 2036 5640 etin

480 5659 727 5727 praesenti
782 5662 860 5709 vel
892 5675 956 5712 eo
984 5661 1237 5721 otiosum,
1270 5674 1393 5727 quia
1434 5675 1538 5711 non
1570 5662 1632 5709 de
1666 5671 1897 5719 terrena,
1944 5659 2036 5711 ενι]

480 5728 547 5778 de
573 5726 779 5782 etelesti
814 5730 1171 5796 promissione
1221 5726 1297 5783 sit
1320 5730 1567 5796 quaestio.
1622 5728 1753 5781 Nam
1789 5737 1839 5779 et
1872 5730 2038 5781 conli-

482 5804 659 5851 tetnur
704 5800 757 5853 in
811 5810 952 5854 terra
998 5800 1151 5854 nobis
1200 5816 1423 5869 regnum
1486 5802 1886 5867 repromissum,
1942 5800 2035 5851 sed

2160 3314 2396 3386 ταφλέξῃ
2430 3314 2555 3377 τοὺς
2589 3314 2825 3379 ἀδίκους,
2869 3315 2960 3366 καί
3005 3316 3053 3366 oi
3079 3316 3251 3369 λοιποὶ
3286 3316 3382 3368 σὺν
3407 3317 3557 3387 αὐτῷ
3596 3316 3738 3387 ζωὴν

2160 3407 2376 3461 αἰώνιον
2401 3406 2631 3477 ἔχωμεν.
2660 3426 2677 3457 ι
2699 3407 2807 3459 Καὶ
2825 3406 3073 3477 ἐπιφέρει
3094 3424 3155 3475 γε
3182 3408 3366 3471 πᾶσιν,
3394 3408 3469 3460 ὅτι
3500 3427 3519 3459 ι
3556 3409 3735 3461 Ταῦτα

2163 3498 2361 3568 μᾶλλον
2402 3498 2624 3563 ἀνεκτά,
2680 3498 2978 3569 σκωλήκων
3035 3500 3128 3552 καὶ
3174 3499 3476 3571 βατράχων,
3516 3502 3551 3571 ἢ
3607 3502 3733 3554 Ἰου-

2154 3589 2322 3644 δαίων
2350 3591 2443 3642 xui.
2477 3590 2818 3661 Χριστιανῶν
2847 3592 2980 3662 (76),
3024 3590 3161 3663 πρὸς
3195 3591 3457 3662 ἀλλήλους
3484 3590 3734 3663 διαφερο-

2161 3682 2356 3752 μένων.
2401 3701 2419 3732 ι

2229 3774 2373 3846 Πρὸς
2432 3773 2607 3829 ταῦτα
2669 3776 2732 3847 δὴ
2792 3775 3172 3847 πυνθανόμεθα
3231 3776 3340 3830 τῶν
3403 3775 3734 3847 ἀποδεχομέ-

2157 3884 2261 3920 νων
2288 3866 2357 3919 τὰ
2382 3866 2523 3920 οὕτω
2561 3867 2681 3920 καθ’
2720 3868 2876 3940 ήμῶν
2906 3869 3188 3941 εἰρημένα,
3218 3868 3311 3923 καί
3339 3885 3517 3940 φαμεν
3536 3885 3549 3897 ·
3586 3864 3729 3937 *Δρα

2159 3960 2367 4023 πάντας
2392 3957 2707 4029 ἀνθρώπους
2732 3960 2968 4031 ὁρμαθδν
3000 3956 3137 4015 εἶναι
3162 3960 3507 4032 νυκτερίδων,
3533 3959 3567 4027 ἢ
3596 3957 3728 4029 μύρ-

2160 4066 2358 4121 μηκας,
2401 4050 2434 4119 ἢ
2483 4050 2804 4120 βατράχους,
2852 4050 2885 4120 ἢ
2937 4048 3245 4118 σκώληκας,
3295 4049 3725 4119 ὑπολαμϐάνετε,

2154 4140 2243 4193 διὰ
2266 4142 2365 4212 τὴν
2391 4140 2482 4193 τοῦ
2517 4141 2650 4194 Θεοῦ
2675 4142 2982 4213 ὑπεροχήνς
3018 4144 3088 4195 Ἦ
3118 4142 3243 4206 τοὺς
3273 4143 3372 4213 μὲν
3402 4141 3599 4203 ἄλλους
3636 4141 3728 4192 ἀν-

2157 4232 2403 4307 θρώπους
2426 4235 2506 4297 είς
2531 4233 2628 4306 τὴν
2658 4235 3023 4306 προκειμένην
3052 4234 3236 4289 είκόνα
3266 4233 3342 4305 μὴ
3367 4231 3725 4305 παραλαμϐἔο

2155 4413 2284 4456 ante
2314 4399 2532 4468 emlum,
2590 4405 2683 4459 sed
2733 4405 2839 4460 alio
2892 4415 3058 4467 statu,
3106 4415 3288 4470 utpote
3319 4414 3439 4473 post
3471 4417 3722 4459 resurre-

2155 4475 2389 4527 ctionem
2434 4474 2485 4527 in
2534 4477 2679 4529 mille
2729 4492 2921 4539 annos,
2979 4477 3031 4528 in
3068 4476 3288 4529 civitate
3320 4476 3490 4528 divini
3541 4476 3720 4541 operis

2153 4542 2458 4596 Jerusalem
2484 4544 2625 4598 cmlo
2656 4545 2866 4609 delata;
2900 4561 3059 4613 quam
3091 4554 3143 4597 et
3173 4546 3463 4613 Apostolus
3496 4554 3719 4596 matrem

2152 4624 2393 4684 nostram
2446 4628 2657 4666 sursum
2712 4612 2978 4684 designat,
3026 4624 3079 4668 et
3118 4612 3416 4682 πολίτευμα
3452 4624 3715 4684 nostrum,

2150 4682 2201 4734 id
2249 4694 2350 4743 est,
2406 4682 2918 4752 mntiicipatumfin
2970 4686 3121 4739 ctelis
3166 4698 3287 4737 esse
3338 4683 3713 4749 pronuntians,

2148 4752 2307 4805 alicui
2343 4753 2530 4820 utique
2561 4755 2772 4807 cwlesti
2802 4756 3009 4807 civitati
3049 4770 3169 4807 eunt
3203 4756 3443 4820 deputat.
3487 4752 3635 4804 lianc
3666 4760 3717 4803 rt

2147 4820 2396 4893 Ezechiel
2428 4823 2596 4893 novit,
2627 4834 2680 4876 et
2705 4824 2976 4893 apostolus
2997 4823 3231 4877 Joannes
3257 4823 3390 4874 vidit
3421 4820 3711 4893 (Lactant,

2147 4890 2236 4962 lib.
2266 4906 2369 4962 vnL
2396 4907 2446 4944 c.
2471 4890 2583 4962 2d).
2619 4909 2637 4942 ι
2696 4890 2948 4962 August.,
2991 4894 3079 4947 lib.
3110 4908 3200 4955 xx,
3236 4907 3354 4958 cap.
3393 4890 3490 4955 29,
3527 4892 3616 4962 De
3646 4890 3717 4942 ci-

2145 4961 2301 5013 vitate
2338 4960 2431 5014 Dei
2463 4976 2481 5014 :
2514 4960 2659 5014 (Per
2689 4964 2829 5017 hunc
2864 4960 3054 5027 Eliam,
3092 4976 3342 5031 magnum
3379 4961 3713 5014 mirabilem-

2144 5043 2248 5094 que
2282 5033 2638 5101 prophetam,
2675 5033 2917 5101 exposita
2947 5033 3049 5085 sibi
3086 5034 3220 5097 lege,
3254 5031 3442 5084 ultimo
3476 5042 3712 5101 tempore

2145 5108 2270 5169 ante
2317 5100 2579 5168 judicium
2611 5098 2825 5157 Iudaeos
2866 5103 2917 5155 in
2948 5101 3219 5156 Christum
3253 5116 3442 5154 verum
3496 5099 3573 5169 (id
3612 5110 3707 5159 est,

2144 5168 2196 5220 in
2253 5169 2525 5223 Christum
2579 5171 2847 5241 nostrum)
2884 5187 3002 5224 esse
3061 5172 3361 5225 credituros
3414 5168 3708 5241 celeberri-

2144 5253 2290 5308 mum
2347 5249 2431 5293 est
2500 5246 2551 5294 in
2602 5240 2940 5295 sermonibus
2990 5241 3351 5308 cordibusque
3390 5240 3704 5293 fidelium.»

2144 5307 2405 5363 Srenceu.
3267 5307 3276 5308 ί
3542 5332 3545 5335 λ

2202 5379 2323 5447 (75)
2377 5382 2865 5448 Ἐμπολιτεύεται.
2917 5378 3251 5435 litesrhelius
3297 5378 3348 5433 in
3386 5386 3569 5440 textu,
3616 5377 3704 5430 ικ-

2140 5448 2533 5502 πολιτεύεσθαι.
2565 5452 2730 5503 Codd.
2769 5452 2985 5517 Regius,
3021 5449 3351 5504 Basilcensis
3381 5458 3436 5504 ct
3466 5452 3571 5502 duo
3606 5448 3705 5502 νς..

2142 5521 2299 5572 ticani
2318 5562 2331 5582 ,
2366 5519 2721 5573 πολιτεύεται.
3311 5552 3333 5577 ο

2211 5590 2322 5656 (76)
2368 5590 2712 5643 "wscltclitts
2757 5600 2810 5644 et
2840 5591 3144 5657 Spem-erus
3173 5590 3274 5643 hoc
3307 5588 3425 5642 loco
3473 5590 3559 5641 hat
3583 5593 3697 5648 rut,

2137 5662 2305 5733 ταῦτα
2336 5661 2536 5733 ἀνεκτὰ
2564 5659 2855 5733 σκωλήκων
2887 5661 2919 5731 ἢ
2952 5661 3253 5731 βατράχων,
3287 5660 3319 5729 ἣ
3356 5659 3644 5733 Ἰουδαίαν,
3672 5666 3701 5733 ἢ

2138 5732 2496 5801 Χριστιανῶν,
2525 5734 2616 5784 sed
2652 5727 3250 5800 lets'tititietii'seqtuinur
3280 5727 3402 5800 qua:
3440 5736 3575 5785 tnlta
3608 5727 3687 5781 lu-

2144 5806 2303 5854 bctur
2338 5804 2435 5857 sub
2473 5806 2630 5856 liuent
2665 5817 2812 5855 nunt.
2844 5802 2932 5855 50.
