3898 6540
246 388 384 442 1065

1408 388 1686 446 CONTRA
1726 385 2006 444 CELSUM
2047 385 2174 440 LIB.
2214 382 2303 438 IV.

3358 385 3496 440 £066

238 507 533 579 μύρμηκες
565 509 659 562 καὶ
696 507 954 579 βάτραχοι
987 510 1034 560 οἱ
1068 509 1562 573 καταπεπτωκότες
1592 509 1698 562 ἀπὸ
1725 509 1813 586 τῇς

1927 506 2080 566 culis,
2119 520 2219 574 pro
2264 502 2507 559 formicis
2539 510 2593 556 et
2618 518 2714 572 pro
2742 502 2892 559 ranis
2920 503 3198 560 habendos
3233 519 3372 571 esse,
3401 525 3494 576 qui

242 597 370 669 περὶ
397 597 531 649 θεοῦ
574 597 759 665 ὑγιοῦς
793 597 1133 668 ὑπολήψεως,
1167 598 1436 668 φαντασίᾳ
1467 597 1509 648 δ’
1545 597 1822 660 εὐσεϐείας

234 691 355 761 ἦτοι
389 688 557 757 ἄλογα
601 689 774 760 ζῶαῆ
809 689 1100 759 ἀγάλματα
1141 689 1408 752 σέϐοντες,
1443 690 1475 760 ἢ
1509 691 1601 742 καὶ
1627 689 1694 742 τὰ
1729 689 1820 758 δη-

238 782 654 852 μιουργήματα·
681 781 796 834 δέον
829 783 892 834 ὲκ
939 781 1030 833 τοῦ
1059 781 1284 844 κάλλους
1315 780 1492 832 αὐτῶν
1524 780 1821 849 θαυμάζειν

233 874 328 927 τὸν
374 874 732 944 πεποιηκότα,
782 875 1030 926 κάκεῖνον
1061 872 1269 924 σέϐειν·
1303 871 1576 943 ἄνθρωποι
1613 871 1690 933 δὲ,
1726 871 1820 923 καί

235 963 290 1014 εἴ
316 980 372 1018 τι
407 962 709 1034 ἀνθρώπων
735 961 1081 1033 τιμιώτερον,
1109 963 1158 1014 oi
1198 959 1516 1030 δυνηθέντες
1558 960 1819 1028 ἀναϐῆναι

233 1051 658 1115 ἀκολουθοῦντες
690 1050 766 1120 τῷ
804 1051 947 1120 λόγῳ
976 1051 1082 1104 ἀπὸ
1115 1049 1274 1102 λίθων
1313 1049 1408 1102 καὶ
1457 1047 1648 1114 ξύλων,
1685 1047 1820 1101 ἀλλὰ

235 1143 456 1214 καὶτῆς
481 1143 838 1214 νομιζομένης
868 1142 999 1214 ῦλης
1030 1138 1168 1195 εἶναι
1206 1141 1540 1212 τιμιωτάτης
1577 1140 1817 1211 ἀργύρου

235 1236 331 1287 καὶ
358 1236 558 1307 χρυσοῦ
579 1254 592 1266 ·
631 1237 929 1300 ἀναϐάντες
958 1236 1013 1288 δὲ
1037 1237 1130 1288 καὶ
1152 1235 1260 1288 ἀπὸ
1291 1234 1398 1286 τῶν
1424 1237 1480 1287 ὲν
1508 1235 1696 1304 κόσμῳ
1719 1251 1817 1286 κα-

235 1325 347 1377 λῶν
385 1327 477 1378 ἐπὶ
514 1327 604 1380 τὸν
640 1326 708 1379 τὰ
751 1326 847 1379 ὅλα
880 1328 1202 1397 ποιήσαντα,
1238 1326 1331 1377 καὶ
1376 1324 1567 1393 ἐκείνῳ
1597 1323 1819 1384 ἑαυτοὺς

236 1418 650 1482 πιστεύσαντες,
701 1419 794 1470 καὶ
823 1417 898 1481 ὡς
947 1419 1091 1488 μόνῳ
1128 1419 1370 1488 διαρκεῖν
1402 1415 1686 1486 δυναμένῳ
1725 1415 1818 1466 ἐπὶ

237 1511 420 1564 πάντα
446 1509 515 1562 τὰ
550 1509 698 1573 ὄντα,
730 1509 822 1562 καὶ
862 1511 1062 1580 ὲφορᾷν
1092 1510 1216 1572 τοὺς
1255 1510 1469 1562 πάντων
1503 1507 1813 1577 λογισμοὺς,

235 1606 332 1658 καὶ
375 1604 590 1656 ἀκούειν
639 1604 737 1674 τῆς
779 1603 993 1656 πάντων
1039 1603 1237 1673 εύχῆςο
1268 1601 1368 1664 τὰς
1415 1600 1577 1670 εύχάς
1625 1598 1816 1668 ἐκείνῳ

234 1696 672 1766 ἀναπέμποντες,
718 1697 810 1748 καὶ
839 1695 913 1760 ὡς
945 1695 1038 1748 ἐπὶ
1079 1694 1270 1748 θεατοῦ
1307 1692 1467 1746 αύτοῦ
1517 1693 1626 1744 τῶν
1669 1705 1814 1759 γινο-

237 1788 419 1858 μένων
456 1787 632 1840 πάντα
664 1787 1014 1857 πράττοντες,
1055 1787 1148 1840 καὶ
1181 1785 1254 1849 ὡς
1285 1786 1374 1837 ἐπὶ
1410 1783 1679 1856 ἀκροατοῦ
1708 1782 1814 1835 τῶν

233 1878 543 1950 λεγομένων
586 1878 977 1948 φυλαττόμενοι
1023 1879 1202 1947 λέγειν
1243 1878 1302 1930 τὸ
1349 1877 1422 1948 μὴ
1474 1875 1813 1945 ἀρεσκόντως

233 1971 707 2040 ἀπαγγελλόμενον
738 1971 814 2042 τῷ
839 1971 976 2042 Θεῷ.
1007 1972 1069 2024 El
1107 1971 1181 2041 μὴ
1205 1967 1313 2043 ἆρα
1340 1972 1373 2040 ἡ
1399 1967 1698 2038 τηλικαύτη
1728 1967 1816 2018 εύ-

235 2064 423 2117 σέϐεια
466 2062 577 2116 οὔθ’
610 2065 714 2117 ὑπὸ
749 2064 946 2126 πόνων,
978 2061 1090 2115 οὗθ’
1125 2061 1227 2114 ὑπὸ
1261 2060 1518 2113 κινδύνων
1563 2058 1814 2120 θανάτου,

232 2154 347 2208 οὔθ’
379 2155 482 2207 ὑπὸ
521 2155 751 2222 λογικῶν
777 2154 1148 2225 πιθανοτήτων
1181 2153 1480 2222 νικωμένη,
1513 2149 1663 2203 οὐδὲν
1695 2148 1818 2218 βοη-

232 2247 320 2301 θεῖ
352 2251 460 2312 τοῖς
504 2247 846 2318 ἀνειληφόσιν
881 2247 1050 2317 αὐτὴν
1095 2244 1230 2316 πρὸς
1269 2244 1330 2296 τὸ
1377 2241 1572 2314 μηκέτι
1619 2241 1814 2305 αὐτοὺς

234 2337 679 2410 παραϐάλλεσθαι
724 2338 1012 2408 σκώληξιν,
1055 2339 1102 2388 εἰ
1137 2336 1230 2388 καὶ
1277 2332 1679 2404 παρεϐάλλοντο
1711 2331 1816 2402 πρὸ

230 2429 332 2498 τῆς
359 2429 689 2499 τηλικαύτης
738 2427 1054 2491 εύσεϐείας;
1085 2422 1231 2498 τΑρα
1258 2424 1313 2476 δὲ
1349 2425 1397 2476 οἱ
1430 2421 1685 2483 νικῶντες
1717 2421 1815 2490 τὴν

231 2518 569 2590 δριμυτάτην
611 2520 746 2592 πρὸς
781 2519 1070 2590 ἀφροδίσια
1110 2515 1308 2587 ὄρεξιν,
1350 2513 1556 2566 πολλῶν
1601 2513 1817 2582 ποιήσα-

235 2624 335 2660 σαν
384 2610 510 2672 τοὺς
544 2609 750 2680 θυμοὺς
794 2607 1106 2679 μαλθακοὺς
1143 2607 1234 2658 καὶ
1275 2603 1549 2675 κηρίνους,
1594 2603 1687 2654 καὶ
1730 2600 1815 2653 διὰ

233 2697 391 2751 τοῦτο
431 2699 707 2764 νικῶντες,
751 2700 871 2752 ἐπεί
902 2716 1006 2770 περ
1045 2696 1374 2766 ἐπείσθησαν
1409 2695 1483 2766 μὴ
1518 2693 1693 2755 ἄλλως
1739 2693 1816 2744 οἰ-

233 2789 528 2862 κειωθῆναι
561 2791 812 2846 δύνασθαι
841 2790 920 2861 τῷ
948 2789 1086 2860 Θεῷ,
1123 2789 1214 2842 ἐὰν
1246 2788 1320 2859 μὴ
1349 2789 1442 2840 καὶ
1483 2785 1574 2838 διὰ
1605 2801 1816 2856 σωφρο-

235 2881 401 2952 σύνης
435 2883 674 2937 ἀναϐὦσι
703 2883 838 2955 πρὸς
867 2881 1048 2946 αὑτὸν,
1082 2880 1376 2952 σκωλήκων
1410 2879 1538 2949 ὑμῖν
1565 2876 1814 2932 δοκοῦσιν

231 2969 374 3028 εἶναι
401 2974 639 3044 ἀδελφοὶ,
682 2977 774 3030 καὶ
809 2976 1115 3048 μυρμήκων
1159 2974 1458 3041 συγγενεῖς,
1489 2971 1582 3024 καὶ
1613 2971 1813 3043 βατρά-

230 3080 346 3134 χοις
381 3065 785 3136 παραπλήσιοι;
821 3065 888 3117 Τί
921 3065 998 3127 δὲ,
1032 3064 1092 3116 τὸ
1129 3063 1380 3134 λαμπρὸν
1409 3062 1507 3133 τῆς
1536 3060 1812 3118 δικαιοσύ-

231 3169 350 3224 νης,
375 3154 648 3226 τηρούσης
673 3155 733 3207 τὸ
760 3155 894 3226 πρὸς
916 3154 1006 3206 τὸν
1032 3153 1256 3224 πλησίον
1287 3152 1379 3205 καὶ
1415 3151 1673 3222 ὁμογενὲς
1700 3167 1813 3204 κοι-

229 3244 477 3309 νωνικὸν,
501 3247 593 3298 καὶ
618 3245 845 3311 δίκαιον,
882 3247 976 3299 καὶ
1005 3243 1404 3316 φιλάνθρωπον,
1436 3244 1529 3296 καὶ
1558 3241 1810 3313 χρηστὸν,

228 3337 381 3390 οὐδὲν
409 3336 561 3390 ἀνύει
586 3338 719 3408 πρὸς
743 3338 804 3390 τὸ
830 3337 903 3407 μὴ
925 3332 1061 3389 εἶναι
1087 3334 1373 3405 νυκτερίδα
1393 3334 1484 3386 τὸν
1502 3333 1695 3386 τοιονδί
1718 3349 1732 3397 ;
1763 3334 1812 3385 οί

227 3427 284 3480 δὲ
312 3430 440 3499 περὶ
466 3428 563 3492 τὰς
601 3429 893 3492 ἀκολασίας
940 3428 1364 3498 καλινδούμενοι,
1398 3427 1569 3479 ὁποῖοί
1600 3429 1735 3479 εἰσιν
1763 3427 1812 3479 οι

230 3519 416 3573 πολλοί¹
433 3521 541 3573 τῶν
563 3520 882 3592 ἀνθρώπων,
912 3523 1003 3575 καὶ
1037 3522 1086 3573 οἱ
1110 3523 1226 3584 ταῖς
1262 3519 1632 3590 χαμαιτύπαις
1665 3518 1814 3571 ἀδια-

230 3613 413 3683 φόρως
444 3612 551 3682 (84)
580 3613 914 3683 προσιόντες,
937 3612 1274 3674 διδάσκοντες
1296 3611 1351 3664 δὲ
1376 3611 1469 3663 καὶ
1501 3609 1574 3680 μὴ
1596 3609 1812 3672 πάντως

229 3704 382 3776 παρὰ
435 3703 495 3755 τὸ
534 3704 771 3774 καθῆκον
800 3704 910 3775 (85)
951 3702 1110 3756 τοῦτο
1143 3700 1406 3770 γίνεσθαι,
1449 3699 1548 3753 οῦκ
1577 3701 1713 3752 είσιν
1755 3701 1811 3754 ὲν

227 3794 478 3867 βορϐόρῳ
520 3795 832 3866 σκώληκεςς
862 3795 952 3848 καὶ
986 3793 1218 3864 μάλιστα
1261 3793 1670 3864 συγκρινόμενοι
1701 3793 1813 3854 τοῖς

225 3887 526 3957 διδαχθεῖσι
555 3888 628 3960 μὴ
664 3907 682 3938 ι
718 3889 909 3956 αἴρειν
939 3886 1011 3940 τὰ
1030 3886 1186 3956 μέλη
1219 3885 1322 3939 τοῦ
1353 3884 1630 3952 Χριστοῦ,
1667 3903 1685 3934 ι
1721 3884 1813 3936 καὶ

225 3978 291 4031 τὸ
317 3978 426 4032 ὑπὸ
453 3977 546 4032 τοῦ
573 3979 742 4048 Λόγου
767 3978 1080 4049 οἰκούμενον
1120 3977 1298 4048 σῶμα,
1327 3979 1418 4031 καὶ
1443 3977 1636 4031 ποιεῖν
1663 3977 1814 4032 αὐτὰ

227 4071 461 4139 πόρνης
474 4071 632 4139 μέλη
653 4088 666 4100 ⁸
699 4070 926 4142 μαθοῦσι
955 4069 1009 4122 δὲ
1033 4070 1131 4141 ἤδη
1159 4072 1250 4123 καὶ
1276 4071 1356 4122 ὅτι
1379 4069 1486 4141 (86)
1517 4069 1575 4122 τὸ
1599 4069 1692 4122 τοῦ
1726 4069 1813 4122 λο-

228 4162 390 4231 γικοῦ
453 4162 546 4216 καὶ
577 4160 672 4233 ’τῷ
719 4161 837 4231 Θεῷ
877 4162 986 4214 τῶν
1035 4161 1171 4213 ὅλων
1223 4160 1578 4231 ἀνακείμενον
1629 4160 1809 4230 σῶμα,

232 4273 254 4307 ι
325 4254 470 4319 ναός
538 4271 556 4304 ι
623 4254 736 4304 ἐστι
795 4251 886 4305 τοῦ
947 4251 1417 4323 προσκυνουμένου
1478 4251 1568 4304 ὑπ’
1632 4250 1811 4304 αὐτῶν

232 4364 254 4399 ι
296 4344 467 4408 Θεοῦ,
513 4363 530 4395 ι
573 4343 811 4396 τοιοῦτον
853 4342 959 4394 ἀπὸ
997 4342 1096 4412 τῆς
1141 4341 1390 4412 καθαρᾶς
1433 4341 1560 4412 περὶ
1587 4341 1680 4393 τοῦ
1714 4341 1809 4411 δη-

229 4436 496 4511 μιουργοῦ
523 4435 729 4497 ἐννοίας
756 4434 1039 4504 γινόμενον
1058 4449 1070 4462 ·
1108 4432 1157 4484 οἳ
1187 4433 1282 4486 καὶ
1309 4431 1698 4502 φυλαττόμενοι
1723 4431 1809 4484 διὰ

225 4533 332 4603 τῆς
377 4529 692 4602 παρανόμου
731 4529 1013 4590 συνουσίας
1041 4528 1285 4599 φθείρειν
1328 4545 1345 4577 ι
1382 4525 1488 4578 τὸν
1517 4525 1667 4578 ναὸν
1703 4524 1810 4578 τοῦ

230 4624 405 4687 Θεοῦ,
448 4643 466 4675 ι
496 4623 570 4687 ὡς
601 4623 680 4687 εἰς
713 4621 845 4674 Θεὸν
879 4619 1157 4673 εὐσέϐειαν
1190 4618 1418 4673 ἀσκοῦσι
1447 4617 1544 4688 τὴν
1592 4634 1806 4688 σωφρο-

229 4717 418 4787 σύνην.

302 4809 412 4862 Καὶ
463 4805 616 4860 οῦπω
663 4805 805 4874 λέγω
853 4804 921 4858 τὰ
962 4803 1123 4858 λοιπὰ
1179 4805 1235 4855 ὲν
1281 4801 1586 4873 ἀνθρώποις
1638 4799 1805 4865 κακὰ,

225 4894 306 4955 ὧν
337 4901 399 4953 οὐ
432 4897 640 4970 ταχέως
671 4897 778 4951 οὐδ’
806 4899 856 4950 οῖ
891 4896 1200 4965 φιλοσοφεῖν
1237 4894 1519 4957 δοκοῦντες
1547 4893 1812 4966 καθαρεύ-

223 5009 350 5047 ουσι
369 5009 382 5021 ·
415 4990 596 5044 πολλοὶ
627 4989 734 5060 γὰρ
757 4990 850 5042 καὶ
877 4991 925 5042 οἱ
958 4990 1015 5041 ὲν
1045 4986 1330 5058 φιλοσοφίᾳ
1355 4985 1518 5039 νόθοι.
1549 4986 1812 5056 Οὐδὲ-φη-

230 5085 295 5156 μί
318 5102 422 5146 πω,
446 5083 526 5136 ὅτι
558 5081 725 5134 πολλὰ
757 5081 854 5150 μέν
881 5082 992 5133 ἐστι
1021 5080 1085 5133 τὰ
1099 5077 1322 5132 τοιαῦτα
1352 5077 1502 5149 παρά
1527 5080 1638 5142 τοῖς
1671 5079 1809 5149 μήτε

238 5175 515 5238 Ἰουδαίοις
545 5175 681 5244 μήτε
701 5175 1064 5244 Χριστιανοῖς.
1090 5173 1244 5225 Ἤτοι
1274 5170 1328 5224 δὲ
1349 5170 1455 5224 οὐδ’
1473 5169 1607 5233 ὅλως
1636 5170 1810 5242 ὑπάρ-

225 5284 314 5338 χει
348 5268 406 5319 ὲν
435 5269 809 5338 Χριστιανοῖςσ
853 5266 901 5318 εί
939 5264 1142 5335 κυρίως
1174 5261 1467 5329 ἐξετάζοις,
1496 5261 1580 5324 τίς
1607 5264 1635 5313 ὁ
1670 5261 1805 5331 Χρι-

227 5359 444 5423 στιανός
461 5378 473 5388 ’
502 5357 536 5430 ἢ
561 5360 609 5410 εί
635 5357 727 5412 καὶ
751 5355 1020 5427 εὑρεθείη,
1045 5353 1160 5409 ἀλλ’
1181 5345 1296 5407 οῦτι
1325 5371 1387 5422 γε
1422 5355 1478 5407 ἐν
1510 5355 1621 5415 τοῖς
1651 5367 1806 5405 συνεο

311 5503 403 5559 ⁸⁸1
427 5504 556 5560 Cor.
587 5517 665 5568 γι,
695 5501 786 5556 l5.
862 5499 908 5532 ⁸³
938 5497 1108 5556 ιαοτ.
1141 5513 1226 5564 ι-ιι,
1256 5497 1346 5552 16;
1675 5519 1699 5541 ο

301 5646 412 5719 (84)
449 5643 821 5713 Ἀδιαερόρως.
865 5641 952 5719 Ita.
989 5650 1138 5719 recte
1182 5639 1404 5719 omnino
1443 5638 1608 5719 habet
1635 5637 1803 5719 codex

224 5707 582 5778 Baliléensis,
604 5707 693 5768 'et'
721 5707 876 5768 vetus
909 5708 1222 5765 Vaticanus.
1289 5710 1459 5772 Alias,
1508 5707 1802 5779 διαφόρως,

223 5788 392 5845 male.
424 5777 576 5840 Infra
619 5783 778 5837 codd.
834 5780 1033 5850 Regius
1067 5791 1121 5834 et
1162 5780 1505 5849 Basileensis,
1555 5777 1681 5832 ὑπδ
1710 5777 1803 5832 τοῦ

219 5860 399 5928 Λόγου
423 5852 872 5924 οἰκονομούμενον
904 5850 1084 5922 σῶμα.

560 5949 834 6007 Ριτιιοι..
880 5944 998 6006 Gtt.
1049 5943 1159 6004 XI.

1925 613 2058 653 sana
2095 597 2163 650 de
2189 596 2300 649 Deo
2338 595 2546 664 perdita
2585 595 2854 649 sententia
2879 636 2892 660 ,
2938 611 3076 650 vana
3111 597 3332 665 pietatis
3367 599 3498 652 ima.

1923 689 2047 758 gine
2075 687 2266 755 delusi,
2300 697 2393 741 aut
2421 685 2678 740 animalia
2711 686 2939 741 rationis
2975 689 3220 756 expertia
3242 729 3256 752 ,
3295 699 3388 741 aut
3418 691 3498 744 si~

1923 780 2198 845 mulacra,
2231 791 2324 834 aut
2355 779 2496 834 alias
2523 779 2762 848 insignes
2793 779 2954 846 hujus
2981 780 3165 833 mundi
3209 795 3292 834 res
3327 796 3495 838 vene-

1923 883 2135 936 rantur,
2167 888 2396 942 quarum
2445 871 2849 942 pulchritudine
2887 873 2955 926 ad
2995 872 3372 928 admirandum
3403 890 3495 930 co-

1923 963 2252 1033 lendumque
2296 963 2548 1031 opiﬁcem
2605 961 2802 1017 adduci
2854 965 3230 1018 tantummodo
3279 965 3496 1020 debuis-

1921 1065 2074 1118 sent;
2107 1055 2202 1110 scd
2242 1054 2360 1109 illos
2407 1069 2528 1108 esse
2560 1053 2850 1118 homines,
2888 1063 2944 1108 et
2974 1054 3019 1109 si
3049 1055 3179 1123 quid
3215 1064 3299 1109 est
3327 1055 3497 1110 homi-

1921 1148 2079 1202 nibus
2108 1147 2489 1208 excellentius,
2523 1147 2644 1215 qui,
2695 1146 2966 1200 rationem
3000 1145 3190 1201 ducem
3227 1149 3432 1211 secuti,
3464 1163 3495 1202 a

1920 1239 2188 1309 lapidibus
2237 1249 2292 1294 et
2328 1239 2485 1308 lignis
2508 1278 2522 1303 ,
2579 1239 2646 1292 ab
2677 1253 2810 1294 auro
2841 1247 2897 1294 et
2933 1250 3155 1308 argento
3203 1240 3392 1309 majori
3440 1241 3493 1293 in

1920 1333 2094 1401 pretio
2127 1332 2348 1397 habitis,
2380 1347 2408 1387 a
2449 1333 2608 1388 rebus
2633 1329 2798 1399 hujus
2836 1330 3022 1384 mundi
3052 1332 3345 1400 quamlibet
3371 1346 3496 1399 spe-

1920 1422 2102 1486 ciosis,
2138 1423 2204 1475 ad
2251 1423 2493 1477 omnium
2543 1422 2884 1476 conditorem
2931 1421 3148 1492 erigere
3190 1439 3263 1478 se
3303 1435 3494 1492 potue-

1930 1526 2058 1569 runt
2086 1533 2100 1581 ;
2127 1516 2213 1584 qui
2240 1531 2297 1569 se
2323 1525 2462 1569 totos
2485 1514 2557 1568 illi
2585 1514 2979 1568 commiserunt
3006 1528 3022 1579 ;
3055 1516 3144 1582 qui
3166 1554 3182 1580 ,
3221 1517 3364 1584 quod
3397 1531 3494 1584 pro

1919 1617 2074 1660 certo
2102 1608 2337 1660 habeant
2368 1606 2516 1659 illiilli
2549 1605 2994 1659 solumomnibus
3031 1620 3187 1673 posse
3220 1606 3492 1670 suffirere.

1919 1699 2275 1767 cogitationes
2297 1698 2538 1751 onmium
2567 1698 3160 1768 perSpicere,omnium
3182 1714 3371 1767 preces
3405 1716 3496 1752 au-

1921 1791 2058 1857 dire,
2097 1805 2282 1860 preces
2313 1790 2378 1844 ad
2404 1789 2554 1844 illum
2578 1790 3040 1858 dirigunt,omnia
3069 1791 3222 1859 quasi
3249 1791 3363 1860 ipso
3405 1791 3494 1844 in-

1916 1886 2196 1946 spectante
2225 1876 2444 1944 faciunt,
2477 1887 2532 1932 et
2561 1878 2714 1946 quasi
2747 1880 3000 1933 audiente
3024 1879 3157 1955 ipso
3197 1892 3393 1936 cavent
3426 1897 3495 1936 ne

1915 1967 2208 2038 quidquam
2243 1968 2373 2037 ipsis
2400 1969 2657 2032 excidat,
2682 1969 2827 2037 quod
2862 1968 2937 2022 illi
2975 1970 3269 2038 displicere
3303 1972 3492 2039 possit.

1917 2059 2041 2112 Haac
2062 2069 2203 2112 tanta
2225 2061 2396 2129 pietas
2421 2059 2581 2130 520
2597 2061 3006 2126 neclaboribus,
3023 2075 3122 2116 nec
3141 2064 3331 2117 mortis
3346 2064 3494 2132 peri-

1917 2149 2077 2216 culis,
2103 2165 2200 2204 nec
2222 2151 2483 2220 captiosis
2511 2151 2780 2205 rationum
2825 2153 3272 2208 conclusionibus
3304 2154 3496 2209 debili-

1919 2250 2052 2307 tata,
2075 2241 2280 2296 nihilne
2307 2241 2450 2295 illam
2468 2241 2730 2311 amplcxis
2747 2243 3010 2312 proderit,
3025 2245 3318 2312 quominus
3341 2245 3496 2299 dein-

1917 2347 2045 2402 ceps
2056 2348 2177 2386 cum
2197 2332 2511 2387 vermiculis
2531 2333 2904 2395 conferantur,
2923 2333 3134 2388 etiamsi
3157 2345 3316 2388 antea
3335 2349 3492 2389 com-

1917 2424 2098 2492 parari
2129 2427 2410 2494 powerint
2432 2427 2454 2478 ’ἰ
2473 2423 2610 2492 Quid
2633 2425 2656 2478 ἲ
2680 2425 2771 2494 qui
2822 2425 3355 2480 vehementissimam
3397 2429 3493 2482 ob-

1926 2529 2124 2570 scaena:
2150 2515 2439 2584 voluptatis
2471 2515 2742 2570 libidinem
2761 2526 3110 2571 enervantem
3134 2525 3298 2586 atque
3321 2517 3492 2572 emol-

1917 2605 2135 2661 lientem
2159 2610 2372 2661 animos
2396 2607 2652 2662 cohibent
2680 2622 2741 2661 ea
2774 2621 2963 2671 causa,
2997 2609 3143 2678 quod
3173 2623 3490 2677 persuasum

1917 2698 2122 2751 habent
2155 2714 2214 2750 se
2252 2699 2345 2751 Dei
2381 2713 2488 2751 non
2533 2713 2690 2768 posse
2735 2697 3159 2752 familiaritatem
3209 2700 3487 2769 consequi,

1919 2789 2026 2843 nisi
2070 2791 2137 2844 ad
2187 2806 2310 2844 eum
2352 2805 2446 2858 per
2515 2790 2927 2859 temperantiam
2977 2792 3398 2859 contenderint;
3454 2793 3492 2847 ii

1916 2884 2071 2938 vobis
2114 2883 2536 2938 vermiculorum
2593 2883 2878 2952 germani,
2928 2884 3310 2952 cognationem
3363 2900 3489 2938 cum

1917 2977 2162 3032 formicis
2191 2975 2408 3037 habere,
2429 2973 2630 3027 similes
2658 2989 2777 3026 esse
2808 2974 2955 3027 ranis
2996 2975 3284 3028 videntur?
3312 2975 3490 3043 Quid?

1915 3067 2132 3123 Iustitia
2158 3107 2170 3127 .
2210 3063 2490 3136 Splendida
2527 3063 2614 3116 illa
2648 3065 2816 3117 virtus
2855 3078 2975 3132 quae
3007 3080 3137 3134 erga
3182 3067 3490 3134 proximum

1911 3160 2032 3230 jura
2070 3158 2373 3220 societatis,
2406 3156 2718 3225 inquitatem
2739 3195 2753 3218 ,
2781 3157 3173 3225 benignitatem
3194 3198 3207 3222 ,
3236 3157 3490 3220 humani,-

1924 3261 2088 3306 tatem
2120 3258 2334 3312 servat,
2387 3265 2491 3301 non
2532 3247 2773 3300 obstabit
2825 3247 2953 3315 quin
2990 3248 3079 3300 illa
3134 3249 3398 3316 prmditns
3435 3250 3490 3302 in

1917 3340 2326 3410 vespertiliones
2360 3338 2674 3392 referatur?
2703 3337 2901 3391 Contra
2925 3338 3098 3406 quise
3123 3339 3173 3391 in
3197 3337 3492 3407 ﬂagitiosus

1917 3435 2174 3489 libidines
2219 3433 2576 3501 ingurgitant,
2627 3429 2771 3500 quod
2822 3428 3065 3497 plerique
3111 3429 3348 3495 faciunt,
3397 3430 3488 3500 qui

1917 3529 2064 3584 nullo
2094 3527 2297 3597 pudore
2320 3526 2386 3578 ad
2424 3524 2612 3577 obvias
2635 3537 2880 3590 quasque
2915 3522 3114 3591 vulgati
3138 3524 3382 3588 corporis
3408 3524 3488 3576 fe-

1915 3620 2092 3674 minas
2133 3619 2415 3680 accedunt,
2446 3615 2544 3683 qui
2606 3614 2800 3668 docent
2829 3616 2944 3669 lucc
2971 3630 3075 3667 non
3107 3628 3228 3668 esse
3263 3613 3490 3682 flagitia,

1917 3725 2098 3766 nonne
2137 3709 2212 3763 illi
2236 3715 2361 3762 sunt
2382 3720 2596 3760 vermes
2626 3705 2678 3758 in
2709 3719 2868 3760 emno
2894 3705 3116 3759 volutati
3139 3705 3162 3758 ?
3189 3705 3490 3774 prtescrtim

1915 3803 1960 3858 si
1995 3811 2378 3872 comparentur
2400 3799 2464 3852 ad
2489 3813 2581 3853 eos
2629 3799 2719 3867 qui
2753 3798 2896 3851 docti
2945 3807 3071 3850 sunt
3104 3812 3209 3850 non
3249 3815 3267 3847 ι
3301 3796 3490 3852 tollere

1916 3895 2155 3950 membra
2187 3877 2390 3947 Christi
2425 3911 2441 3944 ι
2477 3903 2531 3944 et
2551 3904 2748 3959 corpus
2776 3890 2827 3942 in
2858 3905 2962 3956 quo
3001 3889 3234 3944 Verbum
3259 3889 3489 3953 habitat,

1915 3996 1999 4041 υιι
2025 3985 2475 4041 l'aciantmembra
2494 3983 2796 4038 meretricis
2821 3984 2866 4013 δ’
2890 3999 2902 4046 ;
2930 3983 3158 4050 iquique
3181 3982 3491 4036 didicerunt

1913 4093 2108 4147 corpus
2142 4080 2192 4132 in
2218 4093 2325 4148 quo
2359 4086 2549 4130 natura
2573 4085 2655 4131 est
2687 4075 2910 4128 rationis
2941 4074 3231 4143 particeps,
3269 4076 3490 4128 univer-

1913 4186 2095 4226 sorum
2132 4169 2238 4224 Deo
2259 4178 2658 4231 consecratum,
2689 4185 2707 4217 ι
2736 4167 2990 4233 templum
3017 4185 3034 4215 ι
3065 4180 3184 4218 esse
3215 4184 3234 4216 ι
3277 4167 3364 4219 Dei
3390 4165 3435 4196 ⁸³
3460 4181 3485 4218 ι

1913 4277 2072 4330 quem
2102 4261 2365 4324 adorant,
2411 4259 2638 4326 fierique
2677 4256 2769 4310 Dei
2807 4256 3059 4323 templum
3089 4272 3210 4308 cum
3246 4265 3392 4309 recte
3423 4257 3490 4310 de

1913 4353 2194 4408 conditore
2247 4353 2520 4417 sentitur;
2574 4350 2664 4419 qui
2720 4350 2952 4416 denique
3005 4348 3289 4401 horrentes
3341 4367 3360 4397 ι
3392 4347 3486 4401 Dei

1914 4442 2170 4510 templum
2196 4460 2214 4492 ι
2252 4440 2439 4495 illicita
2467 4440 2744 4508 voluptate
2771 4437 3036 4506 polluere,
3067 4451 3177 4491 sua:
3207 4436 3486 4506 religionis

1844 4553 1889 4608 ι)
1914 4547 2035 4588 esse
2067 4532 2275 4586 ducunt
2303 4531 2483 4585 colere
2514 4528 2951 4599 temperantiam.

1986 4797 2082 4852 ‘27.
2114 4796 2383 4852 Prmtereo
2423 4804 2616 4850 cratera
2649 4810 2769 4865 quae
2817 4796 2957 4864 apud
3007 4795 3260 4852 homines
3304 4796 3491 4867 vigent

1917 4890 2173 4954 crimina,
2203 4903 2433 4958 quorum
2463 4887 2696 4943 fortasse
2721 4903 2822 4942 non
2847 4897 2972 4942 sunt
2995 4888 3261 4942 immunes
3286 4888 3368 4943 vel
3396 4890 3490 4959 qui

1917 4979 2310 5050 philosophiam
2341 4993 2450 5048 prie
2477 4993 2534 5033 se
2562 4977 2783 5031 ferunt:
2820 4978 2971 5033 multi
3016 4979 3159 5032 enim
3191 4988 3318 5033 sunt
3354 4995 3492 5048 quos

1918 5073 2181 5141 genuinos
2209 5072 2502 5140 discipulos
2529 5071 2860 5140 philosophia
2893 5088 2999 5126 non
3023 5072 3288 5140 agnoscit.
3314 5073 3495 5128 Taceo

1917 5166 2081 5218 etiam
2108 5164 2277 5218 multa
2313 5163 2574 5233 ejusmodi
2606 5164 2834 5218 crimina
2861 5161 2999 5232 apud
3023 5179 3116 5218 eos
3149 5165 3374 5234 reperiri
3399 5166 3490 5233 qui

1916 5273 2092 5326 neque
2117 5257 2310 5319 Judaei,
2342 5272 2512 5326 neque
2535 5256 2834 5311 Christiani
2865 5266 3014 5311 sunt.
3049 5255 3271 5310 Allirmo
3302 5266 3486 5311 autem

1917 5351 2030 5406 haec
2059 5361 2151 5405 aut
2183 5351 2324 5422 apud
2358 5351 2700 5406 Christianos
2730 5363 2842 5404 non
2865 5363 3008 5414 esse,
3037 5348 3083 5403 si
3112 5349 3241 5419 quid
3272 5351 3490 5420 proprie

1990 5633 2102 5702 (85)
2134 5631 2301 5699 Παρὰ
2328 5631 2394 5685 τὸ
2426 5631 2711 5700 καθῆκον.
2731 5631 2796 5685 V.
2822 5629 2960 5686 Tull.
2981 5644 3064 5702 or.
3082 5645 3176 5702 pro
3200 5625 3277 5702 _.
3300 5625 3486 5683 Catio.

1986 5699 2096 5772 (86)
2137 5703 2247 5755 Vox
2275 5703 2377 5762 ὅτι,
2414 5717 2536 5771 qua:
2583 5703 2635 5755 in
2695 5712 2853 5756 antea
2909 5701 3071 5754 editis
3121 5699 3487 5772 desideratur,

1914 5767 2220 5829 restituitur
2243 5788 2274 5824 e
2294 5767 2479 5826 codice
2530 5772 2762 5826 Joliano.
2783 5772 2950 5826 Paulo
2977 5783 3118 5840 post,
3147 5770 3286 5822 idem
3312 5767 3482 5822 codex

1913 5853 2082 5912 recte,
2108 5841 2156 5898 οἳ
2182 5844 2276 5898 καὶ
2299 5843 2708 5915 φυλαττόμενοι.

3138 5932 3212 5992 3³ι
