3898 6524
474 393 610 453 1067

1889 393 2025 454 0th

2133 397 2212 453 ΗΞ
3591 409 3704 468 ιυσι

467 521 540 574 sit
562 516 903 574 Chrisdanus
933 517 1364 574 consideraveris
1391 534 1405 584 ;
1445 525 1560 584 aut,
1590 519 1633 573 si
1669 519 2025 574 inveniuntur.

2144 520 2392 592 δρεύουσι
2420 522 2511 575 καὶ
2533 521 2624 576 ἐπὶ
2649 523 2748 588 τὰς
2769 523 2954 590 κοινὰς
2976 525 3140 598 εὐχάς
3167 527 3502 599 ἐρχομένοις,
3531 531 3614 583 καὶ
3645 535 3708 606 μὴ

466 628 574 666 non
615 619 762 665 certe
790 609 928 664 inter
965 624 1064 665 eos
1094 610 1184 680 qui
1219 610 1284 664 ad
1316 619 1516 664 emtum
1547 611 1913 678 conveniunt,
1954 614 2048 682 qui

465 706 721 776 precibus
755 705 984 776 publicis
1015 705 1326 770 intersunt,
1365 721 1466 760 nec
1497 706 1565 760 ab
1607 707 1712 762 illis
1747 719 2042 763 arcentur:

465 798 569 852 nisi
627 798 766 852 forte
818 798 942 867 quis
993 798 1132 852 inter
1187 797 1554 854 alios'furtim
1613 802 1899 872 irrepsisse
1949 802 2044 856 de—

464 887 861 956 prehendatur.
890 886 1007 942 Non
1055 888 1226 956 igitur
1275 890 1560 945 vermiculi
1607 907 1797 946 sumus
1839 901 2043 946 acetum

465 975 744 1040 facientes,
782 993 882 1033 nos
905 979 996 1048 qui
1048 989 1240 1035 contra
1267 979 1482 1038 Judazos
1517 997 1548 1038 e
1590 984 1872 1052 scripturis
1909 999 2045 1053 quas

463 1070 692 1124 credunt
725 1084 917 1124 sacras
947 1085 1251 1140 pugnamus
1273 1111 1289 1138 ,
1315 1081 1370 1127 et
1397 1073 1764 1138 ostendimus,
1798 1089 1919 1130 eum
1951 1076 2042 1146 qui

460 1163 752 1234 prmdictus
812 1171 916 1226 est;
967 1165 1286 1232 advenisse,
1373 1167 1606 1236 illosque
1658 1177 1879 1238 propter
1943 1185 2040 1226 sua

460 1256 700 1310 maxima
757 1267 980 1324 peccata
1029 1260 1274 1312 desertos
1321 1255 1522 1322 fuisse;
1580 1263 1680 1316 nos
1723 1271 1902 1316 autem
1949 1265 2040 1333 qui

459 1347 798 1417 suscepimus
832 1347 1106 1415 Verbum,
1151 1347 1388 1419 optimas
1427 1351 1480 1404 in
1530 1352 1637 1406 Deo
1677 1368 1800 1422 spes
1837 1355 2040 1411 habere

458 1437 773 1501 collocatas,
824 1436 980 1492 nixas
1013 1449 1198 1493 nostra
1249 1441 1302 1494 in
1335 1456 1459 1496 cum
1497 1441 1602 1496 [ide
1626 1481 1640 1504 ,
1673 1452 1728 1498 et
1778 1445 1900 1500 vitae
1945 1461 2038 1516 ge-

461 1545 618 1595 nere,
652 1531 795 1599 quod
827 1546 928 1586 nos
962 1533 1030 1586 ab
1057 1533 1204 1587 omni
1237 1535 1480 1603 nequitia
1510 1535 1748 1605 vitioque
1775 1553 1941 1606 puros
1971 1541 2036 1594 ad

457 1620 576 1690 ejus
605 1631 784 1692 potest
825 1624 1127 1694 perducere
1178 1626 1634 1683 familiaritatem.
1661 1617 1841 1686 ’Νοιηο
1873 1631 2038 1702 igitur

456 1727 670 1778 eorum,
702 1715 794 1784 qui
823 1730 880 1770 se
906 1703 1122 1772 Iudaeos
1166 1726 1261 1771 aut
1301 1717 1644 1776 Christianos
1689 1722 2030 1791 profitentur,

457 1804 782 1876 simpliciter
837 1809 1091 1864 dixerit:
1152 1797 1295 1865 Deus
1339 1811 1512 1866 nostri
1575 1829 1740 1869 causa
1799 1817 2034 1873 maxime

455 1899 713 1952 mundum
736 1914 950 1956 omnem
977 1901 1349 1971 coelorumqne
1373 1913 1692 1973 apparatum
1717 1904 1874 1975 521
1899 1922 2032 1962 con-

455 1991 634 2046 stituit
659 1992 784 2046 :sed
816 1993 860 2047 si
891 1994 1033 2061 quis,
1055 2002 1112 2046 ut
1140 1992 1299 2049 .Icsus
1326 1994 1595 2059 docuit“,
1637 1998 1839 2052 mundo
1870 2001 2034 2055 corde

455 2090 558 2148 est,
596 2079 747 2136 mitis
776 2121 792 2148 ,
821 2082 1107 2151 paciﬁcus,
1135 2083 1500 2152 periculorum
1534 2097 1755 2156 propter
1779 2089 2032 2158 pietatem

457 2175 718 2240 tolerans,
745 2173 930 2245 isjurc
957 2175 1065 2230 Deo
1100 2175 1375 2232 conﬁdere
1422 2189 1602 2250 potest
1641 2189 1695 2235 et
1728 2183 1946 2246 dlcerc,
1987 2184 2032 2238 si

453 2267 668 2336 quidem
705 2268 1016 2338 prophetias
1053 2265 1304 2340 intelligit
1338 2284 1352 2322 :
1399 2270 1567 2328 Nobis
1611 2273 1704 2338 qui
1741 2275 2029 2342 credimus,

453 2363 628 2414 omnia
657 2363 768 2414 Itwc
793 2362 936 2417 Deus
970 2366 1386 2429 praemonstravit
1411 2375 1460 2418 et
1483 2367 1751 2433 prwdixit.

521 2450 612 2504 28.
661 2449 928 2516 Quoniam
975 2466 1106 2507 vero
1154 2444 1348 2507 Celsus
1399 2447 1744 2522 Christianis,
1771 2473 1906 2528 quos
1935 2475 2032 2532 pro

450 2541 762 2597 vermiculis
794 2543 974 2610 habet,
1003 2547 1169 2601 verba
1203 2547 1318 2600 btec
1347 2549 1599 2604 attribuit
1636 2567 1652 2605 :
1688 2571 1705 2604 ι
1740 2551 1910 2610 Nobis
1944 2569 2030 2609 so-

447 2630 536 2700 lis,
563 2633 749 2688 relicto
781 2641 892 2688 toto
937 2635 1138 2691 mundo
1165 2637 1483 2708 cmlestique
1518 2655 1700 2704 cursu,
1749 2643 2028 2712 neglecta-

446 2737 554 2792 que
579 2732 686 2778 tota
719 2723 824 2779 hac
853 2739 960 2794 qua
993 2724 1100 2780 late
1134 2735 1282 2796 patet
1315 2735 1480 2796 terra,
1513 2728 1653 2784 Deus
1703 2731 1948 2800 providet
1977 2741 2031 2788 et

447 2815 722 2884 invigilat;
755 2815 821 2870 ad
857 2831 956 2870 nos
982 2817 1146 2871 mittit
1177 2833 1475 2887 prmcones,
1503 2834 1603 2875 nec
1630 2821 1846 2876 mittere
1882 2821 2026 2877 desi—

449 2905 556 2971 nit,
586 2904 846 2960 sollicitus
864 2907 1136 2976 quomodo
1160 2917 1423 2964 aeternum
1453 2911 1527 2964 illi
1551 2911 1968 2982 conjungamur;
2003 2932 2022 2966 ι

448 2995 732 3051 dicendum
761 2995 852 3051 hic
881 2996 950 3051 ab
987 2997 1074 3053 illo
1107 2998 1263 3054 nobis
1295 3000 1568 3072 assignari
1599 3018 1718 3072 qua:
1753 3020 2026 3074 nunquam

446 3083 603 3140 nobis
638 3085 689 3138 in
719 3088 954 3140 mentem
985 3095 1274 3140 venerunt.
1305 3087 1562 3158 Legimus
1594 3090 1739 3144 enim
1790 3099 1840 3144 et
1873 3091 2027 3146 novi-

2151 611 2591 684 ἀποκλειομένοις
2624 617 2718 670 ἀπ’
2756 617 2964 670 αὐτῶν
3008 621 3058 672 εἰ
3104 619 3177 692 μὴ
3219 620 3328 692 ἄρα
3372 638 3456 686 τις
3493 625 3708 690 σπανίως

2147 706 2424 761 λανθάνων
2481 710 2538 760 ὲν
2583 712 2694 774 τοῖς
2741 711 2956 776 πολλοῖς
3003 713 3312 785 εὑρίσκοιτο
3354 715 3590 781 τοιοῦτος
3645 719 3709 772 Οὐ

2150 800 2429 871 σκώληκες
2452 797 2544 856 οὖν
2564 803 3013 875 ἐκκλησιάζοντές
3029 806 3195 877 ἐσμεν
3210 809 3259 860 οἱ
3279 811 3418 880 πρὸς
3451 809 3710 874 Ἰουδαίους

2149 889 2426 961 ἱστάμενοι
2458 891 2564 944 ἀπὸ
2589 893 2694 946 τῶν
2721 897 3170 966 πεπιστευμένων
3193 899 3379 962 αὐτοῖς
3399 890 3538 952 εἶναι
3561 918 3712 972 γραμ-

2149 981 2331 1050 μάτων
2369 981 2548 1053 ίερῶν,
2581 983 2672 1035 καὶ
2704 983 3010 1049 δεικνύντες
3042 987 3133 1039 τόν
3163 1005 3224 1040 τε
3258 991 3711 1060 προφητευόμενον

2145 1071 2618 1144 ἐπιδεδημηκέναι,
2672 1076 2765 1128 καὶ
2819 1076 2906 1129 διὰ
2955 1077 3022 1130 τὰ
3077 1079 3312 1150 μέγιστα
3359 1081 3712 1153 ἁμαρτήματα

2143 1163 2386 1228 ἐκείνους
2414 1166 2924 1237 ἐγκαταλελεῖφθαι,
2959 1171 3052 1222 καὶ
3078 1171 3244 1242 ἡμᾶς,
3272 1173 3401 1235 τοὺς
3434 1173 3696 1244 παραδεξα

2146 1253 2338 1326 μένους
2363 1255 2452 1310 τὸν
2479 1259 2671 1327 Λόγον,
2709 1259 2929 1325 ἐλπίδας
2968 1261 3111 1332 ἔχειν
3153 1263 3303 1328 παρὰ
3329 1264 3449 1334 Θεῷ
3481 1265 3577 1327 τὰς
3607 1265 3711 1335 ripi-

2143 1365 2295 1412 στας,
2327 1345 2390 1402 ἔκ
2417 1367 2474 1402 τε
2501 1349 2603 1420 τῆς
2631 1352 2709 1412 εἰς
2733 1351 2896 1404 αὐτὸν
2922 1353 3156 1417 πίστεως
3185 1355 3279 1408 καὶ
3307 1354 3402 1406 τοῦ
3430 1355 3707 1425 δυναμένου

2141 1438 2287 1508 ἡμᾶς
2311 1441 2588 1495 οἰκειῶσαι
2623 1443 2770 1514 αὐτῷ
2797 1444 3066 1516 καθαροὺς
3099 1445 3207 1498 ἀπὸ
3247 1446 3430 1516 πάσης
3464 1447 3706 1518 πονηρίας

2139 1532 2233 1584 καὶ
2281 1532 2478 1597 κακίας
2516 1533 2654 1604 βίου.
2703 1535 2814 1606 Οὐχ
2853 1537 3041 1600 ἁπλῶς
3087 1533 3200 1602 οὖν,
3245 1540 3301 1591 εῐ
3343 1557 3430 1602 τις
3475 1537 3706 1594 Ἰουδαῖον

2138 1621 2327 1678 ἑαυτὸν
2353 1624 2386 1695 ἢ
2417 1625 2738 1697 Χριστιανὸν
2767 1627 3110 1699 ἀναγορεύει,
3138 1625 3292 1692 οὗτος
3321 1628 3469 1697 λέγοι
3497 1630 3602 1701 (87)
3629 1631 3703 1698 ἂν,

2136 1714 2218 1768 ὅτι
2253 1715 2342 1770 τὸν
2385 1716 2565 1770 πάντα
2595 1715 2799 1788 κόσμον
2827 1721 2920 1772 καὶ
2952 1719 3052 1791 τὴν
3099 1720 3348 1792 οὐράνιον
3379 1721 3552 1792 φοράν
3591 1723 3705 1793 ἡμῖν

2141 1806 2374 1878 μάλιστα
2424 1805 2721 1881 πεποίηκεν
2765 1811 2793 1863 ὁ
2837 1810 2998 1875 Θεός·
3043 1812 3159 1865 ἀλλ’
3199 1813 3253 1866 εἷ
3289 1831 3395 1878 τις,
3434 1814 3510 1877 ὡς
3547 1817 3574 1867 6
3613 1814 3704 1886 Ἶτι⁹

2139 1899 2264 1963 σούς
2293 1899 2402 1972 (88)
2430 1901 2656 1969 ἐδίδαξε,
2683 1903 2924 1974 καθαρός
2943 1904 3058 1957 ἐστι
3083 1907 3148 1976 τῇ
3171 1906 3387 1978 καρδίᾳ,
3411 1907 3504 1960 καὶ
3529 1909 3701 1976 πρᾶος,

2136 1991 2229 2043 καὶ
2276 1993 2631 2064 εἰρηνοποιὸς,
2671 1995 2765 2048 καὶ
2808 1995 3103 2065 προθύμως
3148 1997 3435 2066 ὑπομένων
3477 1999 3601 2059 τοὺς
3629 1998 3704 2050 διὶ

2134 2079 2231 2154 τὴν
2257 2083 2536 2139 εὐσέϐειαν
2571 2085 2850 2150 κινδύνους
2871 2103 2883 2116 ·
2908 2087 3145 2154 εὐλόγως
3165 2087 3230 2140 ἂν
3255 2091 3284 2142 6
3311 2089 3554 2153 τοιοῦτος
3586 2090 3702 2162 θαρ-

2137 2174 2254 2246 ῥοίη
2281 2175 2358 2246 τῷ
2389 2174 2526 2246 Θεῷ,
2572 2177 2772 2239 συνιεὶς
2798 2176 2854 2229 δὲ
2895 2177 2988 2230 κα.)¹
3014 2177 3102 2230 τὸν
3134 2180 3190 2230 ἐν
3217 2181 3332 2242 ταῖς
3365 2179 3706 2250 προφητείαις

2133 2263 2286 2335 λόγον
2309 2269 2476 2338 φήσαι
2507 2267 2570 2321 ἂν
2605 2270 2698 2321 καὶ
2724 2267 2803 2320 τό⁶
2849 2288 2866 2319 ι
2905 2268 3089 2322 Πάντα
3121 2259 3294 2324 ταῦτα
3325 2273 3457 2341 ἡμῖν
3492 2275 3600 2336 τοῖς
3635 2291 3704 2324 πι-

2136 2357 2409 2411 στεύουσιν
2433 2360 2460 2411 ὁ
2485 2357 2615 2421 Θεὸς
2643 2357 3015 2431 προδεδήλωκε
3043 2361 3136 2413 καὶ
3160 2360 3545 2431 κατήγγειλεν.
3590 2381 3608 2412 ι

2218 2449 2369 2502 Ἐπεὶ
2401 2449 2456 2501 δὲ
2491 2449 2586 2502 καὶ
2633 2450 2950 2521 πεποίηκεν,
2997 2450 3093 2514 οὓς
3144 2453 3356 2522 ἡγεῖται
3409 2451 3702 2522 σκώληκας,

2132 2542 2491 2613 Χριστιανοὺς
2545 2540 2822 2608 λέγοντας,
2871 2541 2954 2596 δτι
3007 2563 3026 2595 ι
3081 2543 3179 2614 τὴν
3237 2545 3490 2614 οὐράνιον
3551 2546 3705 2615 φορὰν

2132 2631 2411 2687 ἀπολιπὼν
2440 2633 2468 2684 ὁ
2496 2625 2647 2696 Θεὸς,
2685 2631 2778 2686 καὶ
2827 2633 2926 2705 τὴν
2960 2634 3230 2705 τοσαύτην
3272 2635 3375 2705 γῆν
3409 2635 3522 2707 (89)
3557 2651 3705 2706 παρι-

2130 2723 2255 2790 δὼν,
2285 2726 2416 2795 ἡμῖν
2449 2723 2629 2794 μόνοις
2649 2725 3088 2796 ἐμπολιτεύεται,
3125 2727 3220 2779 καὶ
3255 2727 3391 2798 πρὸς
3425 2729 3573 2798 ἡμᾶς
3599 2729 3706 2780 ἐπι-

2131 2817 2514 2888 κηρυκεύεται,
2551 2817 2643 2870 καὶ
2699 2815 2929 2887 πέμπων
2958 2819 3020 2870 οὐ
3066 2817 3354 2880 διαλείπει,
3399 2819 3496 2870 καὶ
3543 2818 3707 2888 ζητῶν

2129 2909 2278 2972 ὅπως
2309 2908 2398 2962 ἀεὶ¹
2437 2908 2682 2979 συνῶμεν
2723 2908 2904 2979 αὐτῷ·
2949 2929 2965 2960 ι
2999 2906 3346 2972 λεκτέον,’δτι
3387 2910 3456 2963 τὰ
3505 2910 3579 2980 μὴ
3631 2909 3710 2961 λε-

2131 2998 2332 3068 γόμενα
2363 2997 2498 3068 πρὸς
2529 2996 2686 3066 ἡμῶν
2718 2996 3055 3067 περιτίθησιν
3089 2995 3238 3066 ἡμῖν,
3283 2997 3398 3059 τοῖς
3445 2995 3542 3048 καὶ
3585 2995 3704 3048 ἀνα-

2129 3091 2456 3159 γινώσκουσι
2482 3089 2578 3143 καὶ
2609 3087 3028 3157 γιγνώσκουσιν,
3061 3109 3078 3140 ι
3115 3090 3195 3140 ὅτι
3224 3089 3413 3158 ἀγαπᾷ
3447 3087 3622 3140 πάντα
3645 3086 3708 3140 τὰ

447 3191 593 3242 mus,
640 3196 660 3230 ι
703 3177 870 3232 Demn
925 3177 1150 3246 diligere
1195 3179 1380 3234 omnia
1425 3193 1546 3248 quae
1596 3189 1745 3244 sunt,
1785 3189 1840 3236 et
1893 3181 2025 3237 nihil

2133 3181 2256 3235 ὄντα
2305 3181 2333 3233 6
2377 3179 2529 3243 Θεὸς,
2584 3179 2678 3233 καὶ
2729 3179 2881 3232 οὐδὲν
2936 3178 3284 3250 βδελύσσεται
3318 3173 3393 3230 ὧν
3425 3177 3703 3248 ἐποίησεν·

445 3268 626 3324 odisse
648 3283 832 3323 eorum
867 3285 986 3338 quae
1015 3269 1186 3334 fecit;
1244 3269 1381 3324 nihil
1416 3271 1561 3325 enim
1599 3272 2022 3328 constituturum

446 3359 617 3416 fuisse
640 3365 783 3430 quod
803 3362 1009 3416 odisset
1032 3363 1101 3415 ⁸⁵.
1138 3379 1157 3413 ι
1193 3360 1414 3416 Lectum
1447 3360 1602 3436 nobis
1628 3373 1710 3418 est
1743 3373 1800 3419 et
1829 3365 1968 3420 istud
2006 3383 2020 3419 :

452 3471 472 3504 ι
507 3449 695 3507 Parcis
731 3461 913 3506 autem
943 3453 1213 3518 omnibus,
1243 3455 1501 3523 quoniam
1531 3455 1711 3509 omnia
1748 3466 1834 3510 tua
1871 3469 2018 3524 sunt,

446 3544 540 3614 qui
567 3559 721 3599 amas
749 3545 980 3599 animas.
1010 3544 1444 3614 lucorruptibilis
1471 3547 1615 3604 enim
1653 3557 1774 3602 tuus
1802 3556 1886 3602 est
1909 3549 2021 3617 spi-

443 3637 586 3692 ritus
612 3637 664 3690 in
701 3635 984 3702 omnibus;
1023 3636 1252 3704 ideoque
1295 3649 1390 3691 eos
1427 3637 1518 3707 qui
1542 3647 1800 3693 cxerrant
1851 3640 2023 3709 parti-

441 3727 546 3782 bus
569 3727 822 3796 corripis,
853 3735 907 3781 et
935 3729 999 3781 de
1031 3729 1225 3796 quibus
1257 3737 1508 3796 peccant,
1533 3729 1792 3786 admones
1821 3741 1874 3786 et
1900 3746 2024 3787 cor-

443 3817 577 3888 rigis
607 3817 676 3872 ".
718 3837 738 3872 ι
773 3817 877 3884 Qui
913 3819 1077 3872 etiam
1119 3819 1424 3875 diceremus
1454 3839 1473 3872 ι
1507 3822 1772 3876 caelorum
1796 3835 2018 3880 cursum

443 3919 730 3981 totumque
759 3910 1018 3965 mundum
1051 3927 1082 3964 a
1119 3912 1230 3966 Deo
1256 3912 1516 3984 relinqui,
1541 3927 1794 3983 eumque,
1837 3915 2021 3984 negle-

443 4002 545 4058 ctis
582 4001 648 4056 iis
694 4003 860 4058 tantis
898 4011 1056 4057 terra:
1097 4004 1306 4074 spatiis,
1357 4005 1646 4074 providere
1684 4006 1838 4061 nobis
1888 4007 2018 4062 solis

443 4103 608 4164 atque
641 4094 971 4150 consulere?
1006 4110 1104 4150 nos
1127 4096 1222 4164 qui
1253 4097 1307 4150 in
1337 4097 1590 4166 precibus
1616 4097 1818 4152 scimus
1856 4105 1911 4152 et
1939 4098 2020 4153 di-

442 4185 672 4240 cendum
699 4195 755 4240 et
789 4186 1135 4257 cogitandum
1163 4201 1304 4254 esse,
1335 4205 1354 4240 ‹
1397 4188 1770 4244 misericordia
1801 4189 2016 4246 Domini

443 4278 654 4347 plenam
699 4293 820 4334 esse
870 4289 1070 4334 terram
1096 4281 1186 4346 '7;
1228 4290 1283 4334 et
1325 4280 1756 4336 misericordiam
1805 4281 2015 4338 Domini

440 4385 564 4427 esse
591 4385 978 4440 superotnnem
1002 4385 1226 4426 carnem
1254 4373 1299 4406 ⁸⁵
1325 4387 1342 4439 ;
1369 4379 1423 4426 et
1445 4373 1646 4427 bonum
1675 4387 1795 4429 esse
1825 4374 2016 4440 Deum,

447 4479 467 4512 ε
505 4461 598 4531 qui
625 4460 793 4516 solem
831 4475 988 4515 suum
1014 4460 1146 4514 oriri
1173 4458 1305 4513 facit
1338 4474 1502 4528 super
1531 4461 1702 4514 bonos
1731 4469 1785 4513 et
1820 4459 2013 4524 malos,

2125 3274 2246 3328 οὐδὲ
2286 3271 2394 3344 γὰρ
2431 3272 2498 3326 ἃν
2537 3272 2710 3343 μισῶν
2750 3290 2802 3326 τι
2855 3269 3282 3324 κατεσκεύασεν.
3319 3292 3336 3323 ι
3371 3271 3708 3342 Ἀνέγνωμεν

2123 3364 2178 3418 δὲ
2208 3365 2300 3419 καὶ
2328 3355 2387 3417 τό
2406 3381 2419 3395 ·
2452 3381 2471 3414 ι
2501 3365 2661 3436 Φείδῃ
2689 3358 2745 3417 δὲ
2778 3364 3018 3428 πάντων,
3048 3366 3127 3419 ὅτι
3155 3365 3224 3418 σά
3255 3363 3370 3416 ἐστι
3405 3365 3604 3427 πάντα,
3627 3379 3709 3432 ςι-

2124 3456 2341 3527 λόψυχε.
2384 3455 2456 3510 Τὸ
2507 3456 2613 3527 γὰρ
2647 3455 2920 3528 ἄφθαρτόν
2950 3474 3044 3510 σου
3063 3456 3279 3528 πνεῦμά
3303 3457 3452 3508 ἐστιν
3475 3457 3534 3508 ὲν
3549 3458 3704 3508 nio:-

2122 3556 2201 3610 διὸ
2235 3557 2326 3610 καὶ
2350 3557 2477 3619 τοὺς
2505 3553 2955 3626 παραπίπτοντας
2982 3555 3100 3608 κατ’
3123 3553 3300 3623 ὀλίγον
3324 3555 3590 3626 ἐλέγχεις,
3619 3554 3708 3606 καὶ

2123 3647 2181 3698 ὲν
2207 3639 2287 3708 οἷς
2312 3644 2720 3716 ἁμαρτάνουσιν
2757 3644 3190 3715 ὑπομιμνήσκων
3219 3643 3515 3707 νουθετεῖς.
3541 3663 3559 3694 ι
3588 3643 3706 3706 Πῶς

2120 3734 2177 3787 δὲ
2217 3731 2490 3804 δυνάμεθα
2534 3729 2711 3801 λέγειν
2744 3749 2762 3782 ι
2815 3728 2913 3802 τὴν
2961 3731 3208 3802 οὐράνιον
3255 3730 3430 3800 φορὰν
3477 3729 3572 3783 καὶ
3617 3727 3706 3781 τὸν

2122 3825 2298 3879 πάντα
2336 3824 2560 3894 κόσμον,
2587 3821 2920 3876 ἀπολιπόντα
2951 3821 3040 3874 τὸν
3069 3821 3220 3884 Θεὸν,
3252 3821 3347 3874 καὶ
3385 3821 3480 3892 τὴν
3509 3811 3706 3875 τοσαύ-

2119 3928 2219 3982 την
2251 3901 2356 3981 γῆν
2405 3909 2718 3980 παριδόντα,
2768 3909 2900 3979 ἡμῖν
2938 3908 3116 3979 μόνοις
3147 3907 3637 3979 ὲμπολιτεύεσθαις
3681 3927 3700 3959 ι

2119 4005 2314 4066 οἵτινες
2340 4002 2396 4054 ὲν
2421 4003 2542 4065 ταῖς
2565 4001 2752 4070 εὐχαῖς
2781 3999 3012 4074 εὕρομεν
3037 4001 3146 4054 δεῖν
3170 4017 3224 4053 τι
3251 3999 3430 4068 λέγειν
3453 3999 3708 4071 φρονοῦν-

2119 4113 2238 4160 τας,
2273 4113 2290 4145 (
2317 4093 2398 4146 ὅτι
2425 4091 2518 4145 τοῦ
2548 4091 2728 4156 ἐλέους
2749 4091 2954 4161 Κυρίου
2989 4092 3200 4162 πλήρης
3229 4092 3262 4162 ἡ
3290 4091 3384 4162 γῆ·
3419 4093 3534 4155 καὶ,
3563 4091 3708 4153 ἔλεος

2119 4185 2322 4258 Κυρίου
2379 4185 2471 4237 ἐπὶ
2517 4184 2696 4237 πᾶσαν
2752 4184 2948 4256 σάρκα·
2993 4202 3012 4234 ι
3051 4184 3162 4246 καὶ,
3197 4185 3278 4236 ὅτι
3323 4183 3531 4250 ἀγαθὸς
3575 4181 3652 4234 ὢν
3679 4185 3708 4234 6

2119 4267 2271 4340 Θεὸς,
2307 4293 2324 4325 ι
2363 4271 2640 4326 ἀνατέλλει
2667 4271 2760 4325 τὸν
2791 4272 2944 4342 ἥλιον
2983 4271 3146 4324 αὑτοῦ
3173 4271 3282 4342 (90)
3313 4273 3404 4324 ἐπὶ
3438 4273 3706 4342 πονηροὺς

2119 4367 2212 4421 κα).
2234 4365 2592 4435 άγαθούς,καὶ
2623 4365 2806 4436 βρέχει
2823 4365 2915 4416 ἐπὶ
2931 4363 3170 4427 δικαίους
3198 4364 3292 4417 καὶ
3313 4363 3590 4427 άδίκους,›
3617 4365 3708 4416 καὶ

2120 4458 2289 4528 ἡμᾶς,
2325 4457 2411 4508 ἵνα
2441 4451 2729 4524 γενώμεθα
2757 4453 2924 4505 αὐτοῦ
2959 4451 3088 4514 υἱοὶ,
3121 4451 3212 4504 ἐπὶ
3239 4451 3308 4503 τὰ
3347 4451 3708 4521 παραπλήσια

439 4563 495 4609 et
545 4553 680 4625 pluit
723 4568 885 4624 super
927 4553 1104 4622 justos
1155 4563 1210 4606 et
1264 4551 1490 4620 injustos
1529 4545 1609 4618 ‘9;
1650 4571 1668 4604 ι
1703 4554 1794 4622 qui
1827 4561 1881 4607 et
1913 4567 2014 4606 nos

2133 4567 2250 4621 τροτ
2262 4549 2460 4620 ρέπων,
2480 4547 2574 4600 καὶ
2593 4546 2859 4599 διδάσκων
2877 4547 2954 4606 εἰς
2975 4544 3182 4607 πάντας
3195 4545 3226 4615 ὴ
3235 4544 3340 4613 μᾶς
3361 4541 3704 4614 ἀνθρώπους,

441 4649 712 4715 hortatur,
745 4647 1013 4716 siquidem
1054 4647 1175 4716 ejus
1210 4645 1304 4699 [iiii
1333 4660 1452 4700 esse
1480 4646 1753 4708 volumus,
1793 4654 1853 4699 ut
1895 4645 2014 4714 ejus

437 4739 684 4810 exempla
731 4754 1025 4809 sequamur
1069 4737 1135 4804 ⁸ο,
1181 4739 1446 4808 docetque
1493 4751 1681 4792 omnes
1741 4737 2012 4802 homines,

437 4831 614 4898 quoad
653 4843 963 4899 possumus,
1001 4827 1286 4882 beneficiis
1341 4827 1649 4896 complecti.
1705 4827 1822 4897 Ipse
1866 4829 2010 4882 enim

437 4923 616 4978 dictus
653 4930 734 4976 est
772 4939 792 4974 ι
837 4921 1091 4976 Salvator
1130 4921 1374 4976 omnium
1418 4920 1721 4984 hominum,
1774 4922 2012 4976 niaxime

439 5015 677 5068 tidelium
697 5013 776 5079 ⁶¹;
813 5031 834 5066 ι
863 5022 918 5067 et
945 5012 1196 5068 Christus
1218 5012 1332 5080 ejus
1368 5030 1387 5064 ι
1427 5011 1739 5082 propitiatio
1768 5025 1888 5066 esse
1913 5027 2009 5080 pro

436 5105 677 5175 peccatis
709 5104 932 5170 nostris,
966 5117 1071 5158 non
1125 5117 1224 5174 pro
1267 5103 1470 5158 nostris
1508 5112 1686 5157 autem
1733 5102 1882 5168 solis,
1915 5101 2008 5158 sed

435 5199 599 5252 etiam
633 5212 730 5268 pro
760 5197 930 5252 totius
959 5195 1144 5250 mundi
1177 5196 1242 5251 °‘.
1271 5215 1290 5248 ι
1321 5197 1500 5265 Atque
1528 5195 1643 5250 haac
1665 5194 1882 5264 quidem
1913 5193 2009 5248 ad-

508 5309 556 5342 “
587 5309 776 5366 Matth.
805 5323 858 5373 ν,
888 5308 941 5364 8.
1018 5309 1064 5341 ⁵³
1102 5307 1234 5378 Sap.
1280 5324 1356 5374 χι,
1382 5307 1484 5363 25.

437 5383 482 5415 ιο
513 5380 700 5435 Matth.
731 5395 782 5447 γ,
811 5380 904 5435 45.
983 5380 1028 5412 σο
1061 5378 1196 5434 Luc.
1235 5395 1310 5444 Vl,
1343 5379 1442 5434 εδ.

511 5500 622 5570 (87)
646 5499 800 5566 Mss.,
822 5497 1275 5570 Kéyotalmpressi
1312 5496 1454 5562 libri,
1489 5495 1660 5570 λέγει.

507 5567 618 5640 (88)
646 5571 811 5632 Alias,
840 5567 918 5634 ὡς
945 5568 1152 5640 ὁῗθεός,
1181 5567 1274 5640 sed
1299 5582 1429 5640 mss.
1457 5575 1512 5621 ut
1548 5569 1599 5620 in
1620 5577 1812 5640 nostro
1845 5575 2014 5640 term.

439 5637 581 5695 Infra
601 5637 767 5695 iidem
800 5655 958 5710 1115s.,
986 5639 1074 5692 διὰ
1102 5641 1202 5710 τὴν
1224 5637 1505 5710 εὐσέϐειαν
1526 5637 1824 5701 κινδύνους.
1858 5638 2014 5691 Libb.

435 5712 709 5778 impressi,
737 5709 828 5764 διὰ.
851 5709 951 5780 τῆς
981 5706 1258 5780 εὐσεϐείας
1285 5706 1577 5772 κινδύνους.

507 5775 620 5862 (89)
657 5775 968 5850 Τοσαύτήν
1008 5779 1145 5848 γῆν.
1190 5783 1279 5835 Sic
1313 5795 1445 5834 mss.
1487 5781 1634 5834 Alias
1664 5793 1809 5847 vero,
1835 5775 2015 5832 τοιαύ-

434 5869 532 5925 την
552 5869 676 5924 γην.

1581 5307 1630 5340 ⁵⁸
1647 5306 1776 5375 Sap.
1809 5324 1892 5372 x1,
1926 5307 2039 5372 27;
2096 5323 2196 5372 xu,
2231 5308 2282 5370 1,
2313 5307 2369 5360 2.

1555 5378 1634 5432 ⁶¹Ι
1675 5377 1818 5432 Tim.
1849 5393 1927 5445 ιν,
1964 5379 2054 5434 10.

2117 4641 2256 4697 κατὰ
2279 4639 2342 4694 τὸ
2371 4639 2614 4705 δυνατὸν,
2646 4638 2905 4691 ἐκτείνειν
2933 4636 3032 4701 τὰς
3059 4635 3320 4698 εὐποιίας.
3351 4635 3460 4688 Καὶ
3483 4635 3597 4708 γὰρ
3621 4637 3705 4689 αὐ-

2114 4736 2206 4798 τὸς
2251 4733 2465 4804 εἴρηται
2515 4751 2533 4784 ι
2591 4731 2780 4802 Σωτὴρ
2833 4731 3050 4783 πάντων
3093 4727 3418 4800 ἀνθρώπων,
3468 4729 3704 4798 μάλιστα

2118 4825 2354 4879 πιστῶν·
2404 4843 2421 4875 ι
2457 4824 2549 4877 καὶ
2573 4825 2601 4876 6
2635 4824 2868 4893 Χριστὸς
2901 4820 3065 4876 αὐτοῦ
3093 4841 3111 4871 ‹
3155 4821 3380 4891 ἱλασμὸς
3407 4817 3547 4874 εἶναι
3581 4821 3706 4891 περὶ

2119 4917 2225 4970 τῶν
2247 4914 2529 4988 ἁμαρτιῶν
2555 4913 2712 4985 ἡμῶν
2741 4931 2754 4944 ·
2785 4915 2846 4966 οὐ
2887 4913 3014 4984 περὶ
3042 4912 3148 4965 τῶν
3172 4913 3454 4983 ἡμετέρων
3493 4913 3552 4965 δὲ
3605 4913 3704 4980 μό-

2119 5025 2243 5072 νων,
2280 5007 2533 5062 ἀλλὰκαὶ
2575 5007 2704 5067 περὶ
2733 5006 2855 5059 δλου
2907 5004 3000 5057 τοῦ
3049 5004 3274 5074 κόσμου.
3313 5021 3330 5054 ι
3371 5004 3484 5056 Καὶ
3531 5004 3704 5057 ταῦτα

2121 5103 2220 5173 μὲν
2251 5095 2344 5154 οὖν
2381 5100 2518 5170 πρὸς
2547 5097 2738 5162 ταῦτα,
2783 5098 2884 5150 ὅσα
2917 5095 3026 5164 (9-1)
3061 5095 3368 5166 ἀνέγραψεν
3395 5081 3424 5146 6
3455 5095 3666 5157 Κέλσος
3687 5112 3702 5126 ο

2116 5193 2250 5250 ἄλλα
2274 5192 2330 5246 δέ
2358 5207 2480 5244 τινα.
2508 5189 2750 5243 ἰδιωτικὰ
2775 5189 2977 5242 εἴποιεν
3001 5187 3067 5242 ἂν
3097 5186 3364 5239 Ἰουδαίων
3387 5187 3554 5249 τινες,
3587 5187 3702 5240 ἀλλ’

2448 5309 2494 5340 ³⁷
2528 5305 2672 5362 Psal.
2705 5318 2878 5368 χχιιι,
2905 5301 2963 5358 5.
3054 5302 3102 5334 ⁸⁸
3133 5301 3308 5356 Eccii.
3341 5315 3498 5365 xvm,
3535 5301 3628 5356 12.

2168 5378 2246 5430 ⁶²Ι
2279 5377 2445 5432 Joan.
2473 5393 2534 5444 ιι,
2563 5377 2621 5429 ‘2.

2188 5493 2300 5564 (90)
2339 5493 2456 5549 Vox
2505 5491 2672 5547 αὐτοῦ
2702 5490 3043 5546 desideratur
3081 5491 3134 5543 in
3175 5496 3334 5543 antea
3367 5488 3552 5552 editis,
3603 5490 3698 5546 sed

2117 5565 2347 5620 habetur
2373 5564 2428 5622 in
2459 5563 2867 5626 manuscriptis.

2189 5635 2302 5705 (9i)
2331 5635 2520 5688 Ίϊι-ῦτα
2545 5635 2664 5702 μὲν
2689 5631 2803 5689 οὖν
2829 5630 2978 5699 πρὸς
2999 5629 3202 5705 fatim
3231 5629 3368 5705 ᾆσα,
3401 5639 3512 5684 etc.
3537 5627 3694 5705 _Scri~

2114 5695 2350 5759 bendu'm
2375 5695 2612 5766 videtur,
2641 5705 2812 5757 ταῦτα
2837 5695 2933 5772 μὲν
2967 5695 3058 5753 οὖν
3077 5699 3210 5774 πρὸς
3239 5701 3362 5774 ὅσα,
3396 5711 3504 5774 e_lc.
3535 5699 3693 5774 Litib.

2117 5775 2364 5841 impressi
2409 5775 2464 5830 in
2515 5775 2758 5845 margine
2813 5771 3030 5836 habent,
3069 5771 3210 5840 τάχα
3255 5771 3354 5840 μὲν
3389 5771 3482 5824 οὖν
3523 5771 3693 5824 ταῦτα

2113 5845 2233 5912 ὅσα,
2265 5853 2368 5900 etc.

3896 3023 3898 3060 |

3895 3387 3898 3472 ἕ

3895 3485 3898 3522 Ι
