3898 6530
199 363 344 422 1069

1362 363 1642 423 CONTRA
1681 361 1958 425 CELSUM
1992 367 2120 424 LIB.
2153 362 2244 425 ιν.

3322 367 3458 423 1070

196 487 319 541 οῦτι
357 502 421 555 γε
455 486 550 540 καὶ
579 484 894 559 Χριστιανοί
921 503 933 516 ·
983 487 1032 538 oi
1081 485 1438 556 διδαχθέντες,
1469 487 1549 539 δτι
1587 506 1604 538 t
1646 485 1784 540 συνί-

1890 503 2081 544 versus
2127 503 2189 542 ca
2229 499 2352 558 qua:
2397 484 2585 542 Celsus
2637 484 2983 556 conscripsit.
3038 485 3291 554 Qnmdam
3354 487 3458 540 alia

198 597 359 652 στησι
391 581 492 651 τὴν
521 579 715 634 ἐαυτοῦ
745 579 964 648 ἀγάπην
1001 580 1081 641 είς
1119 579 1266 649 ἡμᾶς
1295 580 1322 630 ὁ
1351 565 1504 641 Θεὸς,
1553 579 1656 642 ὅτι,
1706 576 1784 630 ἔτι

195 671 541 746 ἁμαρτωλῶν
583 672 750 725 ὄντων
792 673 969 742 ἡμῶν,
1016 671 1249 741 Χριστὸς
1279 670 1420 742 ὑπὲρ
1451 669 1609 741 ἡμῶν
1657 669 1790 722 ἀπέ-

195 764 347 819 θανε.
404 766 662 834 Καίτοιγε
710 765 867 836 μόγις
902 781 986 828 τις
1025 764 1164 834 ὑπὲρ
1192 763 1285 816 τοῦ
1316 761 1524 815 δικαίου
1585 761 1789 814 ἀποθαι

193 861 390 911 νεῖται*
425 857 565 928 ὑπὲρ
592 856 701 928 γάρ
717 857 809 910 τοῦ
834 855 1037 925 ἀγαθοῦ
1064 856 1204 926 τάχα
1224 872 1307 918 τις
1333 854 1427 908 καὶ
1449 853 1625 924 τολμᾷ
1655 854 1789 905 ἀπο-

195 949 402 1003 Θανεῖν.
457 967 476 1000 ι
522 949 658 1002 Νυνὶ
687 948 745 1001 δὲ
780 949 918 1020 ὑπὲρ
962 947 1070 1000 τῶν
1121 943 1394 1015 πανταχοῦ
1447 943 1784 1016 ἁμαρτωλῶν

197 1043 313 1110 (ἵνα
343 1041 684 1095 καταλίπωσι
726 1039 822 1110 τὴν
863 1038 1155 1110 ἁμαρτίαν,
1211 1039 1306 1090 καὶ
1348 1035 1676 1090 πιστεύσωσι
1705 1035 1782 1106 τῷ

195 1133 321 1204 Θεῷ
380 1131 644 1203 ἑαυτοὺς)
701 1131 1156 1202 ἐπιδεδημηκέναι
1207 1130 1316 1201 (99.)
1371 1130 1708 1200 κεκήρυκται
1755 1129 1784 1180 ό

209 1223 444 1296 Ἰησοῦς,
465 1224 676 1295 πατρίῳ
702 1223 807 1276 τινὶ
827 1227 938 1287 τοῖς
971 1223 1147 1292 λόγοις
1175 1222 1382 1288 τούτοις
1406 1221 1661 1295 συνηθείᾳ
1691 1222 1784 1275 καὶ

195 1311 439 1388 Χριστὸς
468 1311 603 1368 εἶναι
626 1315 916 1385 λεγόμενος
945 1315 1038 1368 τοῦ
1074 1315 1230 1368 Θεοῦ.

1891 581 1992 634 sibi
2042 580 2261 650 propria
2315 577 2485 634 Judzei
2538 579 2783 634 nonnulli
2817 589 3162 649 reponerent,
3210 592 3326 648 qua:
3353 580 3462 632 mi-

1889 671 2033 726 nime
2092 670 2423 726 Christianis
2470 670 2802 725 conveniunt
2853 669 3100 739 :quippe
3150 671 3346 738 quibus
3376 670 3463 724 di-

1891 772 1978 818 cta
2023 773 2151 818 sunt
2202 766 2316 819 hare
2367 779 2382 816 :
2441 780 2460 813 ι
2517 762 2872 816 Commendat
2931 761 3252 816 cbaritatem
3305 775 3460 815 suam

1893 854 2035 909 Deus
2068 856 2118 907 in
2162 855 2341 919 nobis,
2379 854 2636 924 quoniam
2664 854 2989 908 cum'adhuc
3019 861 3334 923 peccatores
3375 869 3463 910 es-

1891 960 2096 1008 semus,
2137 946 2390 1000 Christus
2421 961 2518 1015 pro
2554 946 2711 1000 nobis
2742 955 2986 1000 mortuus
3014 955 3098 999 est
3151 943 3218 997 ⁸³.
3280 945 3465 1011 Quan-

1889 1053 2052 1107 quam
2088 1039 2174 1091 vix
2215 1053 2310 1107 pro
2353 1037 2499 1106 justo
2537 1038 2659 1106 quis
2704 1038 2962 1092 moritur.
3005 1036 3136 1090 Nam
3186 1053 3283 1106 pro
3321 1038 3464 1093 bono

1893 1129 2125 1185 forsitan
2149 1131 2272 1201 quis
2329 1131 2524 1186 audeat
2572 1131 2706 1185 mori
2733 1130 2798 1184 “.
2830 1149 2849 1181 ι
2899 1129 3051 1183 Nunc
3075 1140 3254 1183 autem
3281 1129 3463 1198 Jesua,

1893 1237 2054 1292 quem
2084 1224 2247 1277 etiam
2280 1224 2443 1278 ducto
2485 1238 2550 1276 ex
2600 1233 2906 1277 nostrarmn
2939 1222 3345 1290 Scripturarum
3387 1223 3466 1278 lo-

1895 1316 2097 1384 quendi
2137 1315 2530 1370 consuetudine
2553 1315 2822 1370 vocabulo
2851 1313 3126 1368 Christum
3159 1316 3252 1368 Dei
3281 1317 3464 1385 appel-

199 1412 409 1479 lamus,
447 1412 736 1468 advenisse
785 1427 884 1482 pro
912 1413 1168 1469 omnibus
1211 1413 1520 1484 ubicunque
1545 1415 1656 1469 sint
1687 1414 2066 1484 peccatoribus
2121 1414 2461 1482 prmdicatnr,
2515 1422 2592 1478 ut,
2631 1414 2808 1481 posito
2843 1420 3086 1482 peccato,
3139 1412 3302 1482 seipsi
3353 1412 3464 1466 Deo

199 1508 450 1562 credant.

269 1597 426 1669 Τάχα
451 1599 508 1652 δέ
535 1614 696 1652 τινων
725 1597 1072 1670 παρήκουσεν
1107 1597 1136 1648 ὁ
1168 1596 1397 1662 Κέλσος,
1423 1599 1503 1651 δτι
1539 1617 1557 1650 ι
1593 1601 1620 1652 ό
1648 1598 1779 1663 Θεός

200 1691 371 1754 ἐστιν,
403 1686 521 1745 εἶτα
556 1692 674 1762 μετ’
709 1692 912 1744 ἐκεῖνον
952 1690 1131 1760 ἡμεῖς,
1171 1710 1188 1741 ι
1222 1690 1316 1753 οὓς
1347 1691 1595 1762 ὠνόμασε
1635 1688 1780 1743 σκώ-

198 1782 396 1854 ληκας.
420 1785 530 1837 Καὶ
571 1786 754 1856 ὅμοιον
791 1787 936 1837 ποιεῖ
970 1787 1081 1848 τοῖς
1113 1784 1206 1856 ὅλῃ
1232 1785 1437 1855 αἱρέσει
1464 1784 1780 1854 φιλοσοφίας

197 1877 494 1947 ἐγκαλοῦσι
543 1877 633 1932 διά
671 1895 790 1932 τινα
819 1878 1084 1949 λεγόμενα
1115 1879 1220 1932 ὑπὸ
1259 1879 1561 1950 προπετοῦς
1597 1897 1785 1951 μειρα-

199 1968 320 2023 κίου
356 1969 523 2042 τριῶν
552 1970 773 2041 ἡμερῶν
807 1972 1160 2042 φοιτήσαντος
1204 1973 1284 2035 εἰς
1323 1971 1634 2040 φιλοσόφου,
1693 1971 1785 2024 καὶ

200 2063 567 2135 ἐπαιρομένου
621 2062 760 2117 κατά
803 2063 912 2116 τῶν
962 2062 1184 2126 λοιπῶν,
1230 2063 1306 2126 ὡς
1353 2063 1648 2116 ἐλαττόνων
1693 2063 1786 2117 καὶ

201 2152 568 2222 ἀφιλοσόφων.
614 2155 799 2223 ἰσμεν
829 2152 956 2224 γὰρ,
987 2153 1068 2205 ὅτι
1106 2151 1274 2205 πολλά
1317 2154 1462 2205 ἐστιν
1497 2139 1784 2224 ἀνθρώπου

200 2243 506 2316 τιμιώτερα
525 2260 539 2272 ⁸
563 2244 654 2297 καὶ
683 2244 1013 2314 ἀνέγνωμεν,
1046 2243 1126 2296 ὅτι
1158 2265 1174 2293 ι
1198 2242 1373 2305 όΘεὸς
1410 2243 1538 2314 ἔστη
1571 2245 1628 2295 ἐν
1659 2259 1787 2296 συν-

201 2338 394 2406 αγωγῇ
431 2334 566 2389 θεῶν
586 2351 601 2365 ⁵
645 2354 663 2386 ι
712 2335 846 2388 θεῶν
878 2335 934 2388 δὲ
965 2334 1023 2387 οὐ
1051 2333 1156 2387 τῶν
1178 2351 1476 2406 προσκυνου
1487 2334 1660 2404 μένων
1675 2335 1784 2406 (95)

201 2428 310 2480 ὑπὸ
338 2427 447 2480 τῶν
479 2425 710 2480 λοιπῶν*
752 2445 772 2478 ε
834 2427 1035 2488 πάντες
1069 2445 1086 2477 ι
1121 2425 1230 2496 γὰρ
1259 2445 1277 2476 ι
1324 2427 1372 2477 οἱ
1404 2425 1514 2478 θεοὶ
1543 2425 1652 2478 τῶν
1697 2424 1786 2477 ἐθ-

203 2517 308 2570 νῶν
340 2516 612 2587 δαιμόνια.
653 2535 671 2568 ι
705 2516 812 2570 Καὶ
832 2517 1165 2588 ἀνέγνωμεν,
1200 2518 1281 2570 ὃτι
1303 2535 1321 2568 t
1345 2517 1541 2581 ὁΘεὸς,
1583 2516 1710 2579 στὰς
1727 2518 1783 2569 ἐν

204 2612 494 2680 συναγωγῇ
527 2608 682 2672 θεῶν,
707 2609 763 2661 ἐν
793 2608 942 2679 μέσῳ
969 2607 1123 2671 θεοὺς
1152 2607 1594 2680 διακρίνει(9ι).›
1623 2607 1784 2660 Οἴδα-

207 2717 308 2770 μεν
343 2698 402 2751 δὲ
429 2699 524 2751 καὶ
555 2699 658 2763 ὅτι,
691 2699 848 2770 εἴπερ
881 2699 988 2750 εἰσὶ
1027 2697 1137 2751 θεοὶ
1177 2697 1456 2768 λεγόμενοι
1485 2696 1582 2748 εἴτ’
1613 2697 1671 2749 ἐν
1705 2697 1787 2750 οὺ-

205 2792 354 2864 ρανῷ
389 2791 501 2845 εἴτε
549 2792 641 2844 ἐπὶ
690 2793 812 2862 γῆς,
867 2791 1088 2863 (ὥσπερ
1135 2791 1243 2844 εἰσὶ
1293 2791 1405 2844 θεοὶ
1450 2789 1656 2853 πολλοὶ,
1691 2789 1785 2844 καὶ

202 2883 388 2955 κύριοι
423 2882 682 2953 πολλοί·)
724 2883 837 2936 ἀλλ’
867 2885 997 2953 ἡμῖν
1025 2878 1105 2946 εἷς
1149 2882 1283 2946 Θεὸς
1321 2883 1351 2934 ό
1381 2882 1591 2953 Πατὴρ,
1627 2879 1687 2947 ἐξ
1724 2874 1785 2935 οῦ

203 2974 273 3029 τὰ
301 2975 501 3039 πάντα,
534 2975 626 3027 καὶ
657 2976 818 3044 ἡμεῖς
846 2976 925 3037 είς
954 2974 1140 3028 αὐτόν·
1175 2975 1268 3027 καὶ
1306 2971 1387 3038 εἷς
1417 2973 1640 3045 Κύριος,
1685 2973 1788 3046 ⁸1η-

207 3066 334 3130 σοῦς
368 3067 623 3139 Χριστὸς,
648 3065 716 3118 δι’
742 3061 800 3120 οῦ
833 3065 899 3118 τά
933 3066 1131 3130 πάντα,
1163 3066 1255 3119 καὶ
1277 3068 1438 3136 ἡμεῖς
1463 3066 1530 3118 δι’
1562 3065 1780 3119 αὐτοῦ·›

202 3160 425 3231 οἴδαμεν
444 3159 500 3212 δέ
536 3163 630 3211 καὶ
651 3161 775 3221 τοὺς
802 3158 1065 3226 ἀγγέλους
1095 3156 1266 3220 οὕτως
1301 3154 1437 3210 εἶναι
1483 3157 1784 3228 ἀνθρώπων

202 3252 552 3323 κρείττονας,
602 3249 741 3303 ῶστε
799 3251 927 3313 τοὺς
974 3249 1328 3321 ἀνθρώπους,
1370 3249 1782 3315 τελειωθέντας,

207 3341 528 3411 ισαγγὲλους
574 3340 836 3409 γίνεσθαι.
878 3360 896 3392 ι
938 3342 1025 3393 Ἐν
1059 3341 1169 3412 γὰρ
1216 3345 1282 3412 τῇ
1337 3341 1630 3394 ἀναστάσει
1678 3341 1784 3395 τῶν

201 3433 412 3506 νεκρῶν
444 3432 567 3487 οὔτε
607 3432 873 3503 γαμοῦσιν
907 3431 1017 3486 οὒτ’
1046 3434 1460 3504 ἐκγαμίζονταιο
1499 3432 1634 3485 ἀλλά
1651 3435 1784 3486 εἰσιν

201 3528 277 3591 ὡς
304 3527 353 3578 οἱ
389 3525 607 3594 ἄγγελοι
653 3523 760 3576 τῶν
797 3522 1041 3595 οὐρανῶν
1077 3525 1124 3576 οἱ
1149 3525 1366 3586 δίκαιοι,
1406 3525 1500 3576 καὶ
1549 3524 1784 3590 γίνονται

205 3617 504 3687 ἰσάγγελοι.
549 3636 566 3668 ι
607 3615 840 3686 Οἴδαμεν
867 3615 911 3668 δ’
937 3617 994 3668 ὲν
1028 3619 1094 3686 τῇ
1124 3615 1362 3678 διατάξει
1405 3615 1514 3667 τῶν
1546 3614 1680 3667 ὅλων
1710 3613 1788 3666 εἶ-

201 3713 291 3766 ναί
317 3728 473 3773 τινας
525 3709 651 3770 τοὺς
697 3705 1064 3777 καλουμένους
1118 3708 1392 3773 θρόνους,
1450 3707 1544 3758 καὶ
1594 3706 1786 3769 ἄλλους

201 3805 578 3873 κυριότητας,
616 3803 710 3856 καὶ
740 3801 925 3864 ἄλλους
971 3798 1274 3863 ἐξουσίας,
1304 3798 1397 3850 καὶ
1449 3796 1640 3858 ἄλλους
1683 3797 1786 3864 ἀρ-

203 3895 351 3965 χὰςο
389 3895 484 3947 καὶ
510 3894 745 3966 ὁρῶμεν,
777 3894 858 3946 ὅτι
907 3891 1040 3944 πολὺ
1085 3889 1288 3943 τούτων
1317 3891 1473 3960 ἡμεῖς
1501 3890 1550 3940 οἱ
1579 3888 1786 3961 ἀνθρω-

201 4005 300 4041 ποι
324 3987 740 4056 ἀπολειπόμενοι
759 3983 977 4046 ἐλπίδας
999 3983 1190 4053 ἔχομεν
1217 3983 1282 4034 ἐκ
1307 3981 1400 4034 τοῦ
1431 3981 1608 4044 καλῶς
1637 3981 1784 4051 βιοῦν

203 4081 301 4134 καὶ
329 4080 510 4134 πάντα
547 4079 805 4149 πράττειν
834 4076 974 4130 κατά
1005 4076 1094 4128 τὸν
1130 4075 1309 4142 λόγον,
1355 4073 1664 4127 ἀναϐαίνειν
1695 4075 1785 4126 ἐπὶ

204 4173 306 4243 τὴν
337 4171 543 4224 τούτων
572 4169 787 4223 πάντων
810 4168 1148 4238 ἐξομοίωσιν.
1179 4167 1290 4220 Καὶ
1311 4165 1639 4230 τελευταῖον,
1663 4167 1784 4218 ἐπεὶ

213 4281 234 4314 ι
273 4266 441 4336 μὴπω
496 4261 807 4333 ἐφανερώθη
860 4261 913 4313 τί
965 4258 1218 4329 ἐσόμεθα,
1275 4257 1496 4328 οἴδαμεν
1552 4259 1654 4321 ὅτι,
1691 4257 1784 4310 ἐὰν

207 4355 522 4426 φανερωθῇ,
554 4353 787 4424 ἐσόμεθα
819 4354 992 4422 ὅμοιοι
1023 4350 1099 4420 τῷ
1127 4348 1274 4419 Θεῷ,
1306 4348 1400 4402 καὶ
1427 4348 1669 4419 ὀψόμεθα
1698 4350 1786 4402 αὐ-

205 4446 322 4512 τὸν,
353 4444 536 4508 καθώς
566 4445 709 4497 ἐστιν
744 4461 757 4474 ο
804 4463 822 4494 ι
861 4445 922 4496 Εἰ
951 4442 1007 4495 δέ
1038 4459 1122 4505 τις
1163 4441 1224 4494 τὸ
1256 4441 1542 4512 λεγόμενον
1577 4440 1680 4493 ὑπό
1707 4458 1786 4494 τι-

1956 1593 2046 1648 29.
2095 1591 2218 1646 lhrc
2253 1600 2434 1646 autem
2472 1609 2483 1645 :
2533 1609 2554 1644 ι
2596 1590 2738 1647 Deus
2766 1601 2868 1659 est,
2905 1595 3000 1648 sed
3030 1593 3340 1663 proximum
3384 1590 3461 1646 illi

1887 1687 2066 1741 locum
2118 1700 2472 1754 occupamus,
2529 1703 2548 1736 ι
2608 1686 2840 1740 fortasse
2881 1687 3068 1741 Celsus
3118 1687 3351 1742 audierit
3395 1702 3462 1741 ex

1886 1778 2209 1852 quibusdam
2239 1793 2450 1844 eorum,
2483 1792 2618 1846 quos
2646 1793 2861 1833 vermes
2899 1780 3165 1834 nominat.
3209 1778 3368 1848 522
3394 1780 3465 1833 At
3532 1791 3534 1793 ’

1887 1871 2015 1942 quid
2063 1870 2206 1924 idem
2241 1869 2373 1922 facit
2401 1885 2464 1923 ac
2501 1869 2577 1922 illi
2608 1869 2722 1938 qui,
2755 1872 2898 1937 quod
2952 1885 3193 1939 pra‘ccps
3235 1872 3459 1940 quidam

1891 1961 2232 2026 adolescens,
2266 1963 2428 2014 trium
2461 1961 2670 2015 dierum
2720 1961 3017 2029 discipulus
3045 1961 3376 2031 philosophi,
3409 1969 3464 2014 et

1886 2061 2170 2121 propterea
2199 2051 2252 2104 in
2287 2059 2514 2105 cmtcros
2549 2059 2807 2119 tanquam
2863 2049 3147 2106 inferiores
3175 2065 3234 2106 se
3274 2061 3330 2105 et
3369 2051 3467 2104 imo

1885 2143 2093 2212 peritos
2151 2141 2594 2204 contumeliosus,
2646 2143 2892 2209 quasdam
2943 2153 3146 2197 temere
3207 2143 3462 2208 dixisset,

1888 2234 2143 2288 continuo
2165 2241 2330 2286 totam
2364 2232 2794 2302 philosophicam
2826 2245 3028 2289 sectam
3057 2235 3108 2289 in
3137 2235 3343 2290 crimen
3370 2251 3468 2291 vo-

1885 2331 2095 2376 carent.
2123 2320 2338 2377 Scimus
2377 2323 2520 2375 enim
2559 2323 2724 2376 multa
2772 2339 2890 2378 esse
2945 2326 3164 2381 homine
3203 2337 3464 2395 przestau-

1889 2413 2047 2467 tiora.
2098 2410 2398 2479 Legimus:
2453 2429 2472 2463 ‹
2523 2413 2667 2466 Deus
2719 2415 2869 2467 stetit
2911 2415 2963 2468 in
3019 2430 3296 2488 synagoga
3330 2418 3462 2473 dco-

1889 2518 2005 2556 rum
2036 2503 2112 2568 ⁶⁸;
2157 2522 2176 2556 ι
2206 2512 2260 2557 et
2293 2519 2399 2557 non
2433 2503 2650 2558 illorum
2683 2505 2906 2573 quidem
2930 2507 3156 2560 deorum
3181 2523 3318 2576 quos
3348 2511 3462 2563 vul-

1887 2609 1984 2664 gus
2012 2595 2141 2649 colit
2168 2597 2406 2663 gentium
2444 2610 2458 2647 :
2499 2612 2622 2649 nam
2665 2614 2684 2647 t
2727 2611 2915 2651 omnes
2960 2599 3032 2652 dii
3064 2600 3302 2667 gentium
3355 2602 3464 2656 dre-

1888 2688 2068 2740 monia
2101 2686 2166 2739 °°.
2193 2702 2212 2736 ι
2247 2686 2308 2738 Ει
2336 2686 2562 2756 legimus
2589 2689 2753 2742 Deum
2782 2698 3021 2742 stantem
3055 2708 3072 2740 ι
3105 2690 3157 2744 in
3189 2705 3463 2762 synagoga

1888 2777 2133 2846 deorum,
2167 2777 2222 2832 in
2248 2779 2426 2834 medio
2452 2779 2583 2835 deos
2613 2781 2931 2850 dijudicare.
2968 2799 2988 2833 ι
3013 2781 3227 2838 Scimus
3254 2793 3474 2852 autem,_

1890 2887 1913 2922 ί
1952 2870 2055 2924 etsi
2095 2879 2221 2924 sunt
2261 2871 2350 2939 qui
2403 2871 2654 2926 dicantur
2689 2873 2760 2926 dii
2796 2873 2911 2927 sive
2966 2874 3017 2927 in
3067 2873 3212 2930 coelo
3256 2875 3371 2930 sive
3406 2876 3460 2931 in

1893 2971 2037 3016 terra
2077 2962 2366 3032 (siquidem
2421 2971 2549 3018 sunt
2597 2963 2671 3018 dii
2715 2965 2869 3018 multi
2899 2974 2955 3020 et
2997 2966 3203 3022 domini
3255 2968 3464 3035 multi),

1889 3053 2046 3108 nobis
2071 3064 2248 3109 tamen
2279 3070 2444 3109 unum
2487 3071 2607 3111 esse
2638 3056 2804 3111 Deum
2837 3057 3076 3125 Patrem,
3112 3073 3181 3114 ex
3209 3075 3316 3130 quo
3345 3075 3462 3115 om-

1891 3171 2000 3235 nia,
2026 3183 2082 3227 et
2107 3188 2205 3227 nos
2237 3175 2290 3226 in
2319 3173 2501 3240 illum;
2535 3183 2770 3228 etunum
2791 3175 3072 3230 Dominum
3100 3175 3280 3231 Jesum
3305 3177 3466 3232 Chri-

1889 3270 2050 3324 stum,
2081 3277 2175 3332 per
2205 3279 2363 3332 quem
2392 3265 2595 3327 omnia,
2621 3274 2679 3318 et
2707 3278 2807 3318 nos
2839 3281 2935 3334 per
2981 3266 3156 3334 ipsum
3185 3266 3252 3321 ⁸⁷.
3292 3286 3310 3319 ι
3353 3267 3466 3322 Nec

1888 3355 2055 3409 nescii
2106 3371 2290 3409 sumus
2315 3357 2538 3425 angelos
2585 3357 2656 3410 ita
2699 3373 2822 3412 esse
2876 3374 3040 3426 supra
3099 3360 3372 3426 homines,
3405 3370 3466 3413 ut

1888 3442 2111 3512 perfecti
2162 3446 2409 3498 homines
2441 3460 2602 3514 pares
2634 3449 2841 3518 angelis
2881 3447 3034 3501 fiant.
3066 3466 3084 3500 ι
3126 3449 3184 3503 1η
3217 3464 3466 3504 resurre-

1887 3536 2068 3590 ctione
2094 3537 2238 3590 enim
2277 3552 2455 3606 neque
2475 3538 2681 3591 nubent
2719 3554 2890 3607 neque
2921 3541 3214 3608 nubentur,
3241 3542 3336 3596 scd
3378 3541 3468 3610 ju-

1891 3627 1958 3680 sti
1985 3636 2110 3681 sunt
2137 3628 2276 3680 sicut
2320 3628 2494 3695 angeli
2531 3630 2582 3683 in
2633 3631 2792 3696 cmlo,
2817 3631 3052 3699 :equales
3089 3633 3295 3700 angelis
3326 3634 3391 3687 ⁸⁸.
3441 3653 3460 3686 ι

1889 3717 2236 3786 [‘erspectum
2271 3735 2491 3789 quoque
2523 3723 2678 3776 nobis
2703 3733 2787 3777 est
2813 3724 2886 3776 ita
2916 3739 3039 3779 esse
3069 3726 3323 3779 ordinata
3349 3741 3466 3781 om-

1888 3810 2001 3876 nia,
2041 3818 2100 3863 ut
2132 3809 2222 3864 alii
2258 3812 2366 3864 sint
2397 3812 2490 3881 qui
2520 3825 2788 3868 vocantur
2825 3816 3023 3882 throni,
3076 3816 3170 3870 alii
3220 3817 3467 3872 domina-

1887 3901 2078 3964 tiones,
2108 3902 2199 3955 alii
2231 3910 2533 3970 potestates,
2566 3903 2657 3956 alii
2680 3905 3012 3974 principatus
3039 3907 3082 3940 "
3109 3923 3123 3971 ;
3157 3915 3213 3962 et
3233 3923 3331 3962 nos
3349 3909 3466 3977 qui-

1887 3989 2007 4044 dem
2040 3991 2284 4044 homines
2320 4000 2439 4058 post
2471 4006 2566 4047 eos
2586 3991 2741 4061 longo
2772 3993 3059 4048 intervallo
3090 3993 3345 4066 relinqui,
3367 3995 3464 4051 sed

1887 4095 2034 4149 spem
2068 4095 2190 4135 esse
2227 4081 2360 4147 fore,
2397 4091 2454 4134 ut
2481 4082 2618 4135 bene
2633 4082 2860 4137 vivendo
2889 4084 3258 4153 faciendisque
3287 4089 3466 4142 omni-

1889 4173 1987 4227 bus
2016 4186 2136 4240 qute
2171 4172 2310 4226 ratio
2346 4173 2609 4242 praecipit,
2637 4187 2794 4242 pares
2814 4175 2929 4228 istis
2951 4176 3204 4230 onmibus
3233 4179 3464 4232 evadere

1890 4277 2223 4316 mereamur.
2281 4263 2521 4330 Denique
2575 4262 2832 4331 quoniam
2879 4282 2898 4314 ι
2941 4266 3179 4319 nondum
3214 4270 3464 4336 apparuit

1888 4355 2015 4424 quid
2045 4354 2270 4420 erimus,
2302 4353 2507 4408 scimus
2527 4356 2785 4423 quoniam
2809 4370 2934 4409 cum
2960 4358 3293 4426 apparuerit,
3315 4359 3466 4417 simis-

1888 4444 1966 4499 lcs
1998 4445 2108 4499 Deo
2148 4445 2374 4509 erimus,
2407 4453 2460 4498 et
2507 4444 2809 4499 videbimus
2854 4460 2976 4500 cum
3024 4448 3186 4501 sicuti
3224 4457 3308 4502 est
3332 4450 3400 4503 ⁷ο.
3437 4467 3459 4501 ι

205 4556 317 4592 νων
347 4536 458 4590 εἴτε
487 4537 594 4589 τῶν
626 4536 885 4589 νοούντων
910 4536 1016 4587 εἴτε
1049 4533 1156 4586 τῶν
1193 4534 1266 4604 μὴ
1305 4533 1617 4595 συνιέντων,
1649 4532 1784 4586 ἀλλά

1890 4537 1987 4592 Sin
2040 4547 2224 4590 autem
2261 4537 2535 4606 quispiam
2587 4537 2641 4592 id
2695 4537 2840 4606 quod
2891 4554 2956 4593 ex
3012 4541 3336 4608 quibusdam
3375 4539 3464 4594 vel

207 4629 674 4703 παρακουσόωτων
724 4628 880 4696 λόγου
929 4625 1132 4694 ὑγιοῦς,
1171 4625 1387 4694 φάσκοι,
1433 4625 1513 4676 ὅτι
1547 4642 1565 4675 ι
1593 4627 1622 4678 ό
1650 4624 1782 4688 Θεός

205 4725 376 4788 ἐστιν,
407 4718 527 4774 εἶτα
575 4721 690 4792 μετ’
739 4721 944 4773 ἐκεῖνον
999 4721 1191 4790 ἡμεῖς·
1235 4738 1254 4769 ι
1291 4719 1385 4772 καὶ
1428 4717 1586 4770 τοῦτό
1631 4718 1683 4786 γ’
1716 4719 1782 4770 ἂν

205 4816 566 4888 ἐρμηνεύοιμι
618 4814 679 4868 τὸ
711 4813 900 4883 ἡμεῖς,
952 4812 1124 4879 λέγων
1171 4811 1286 4865 ἀντὶ
1331 4808 1446 4873 τοῦ,
1478 4811 1527 4863 οἱ
1555 4808 1782 4878 λογικοὶ,

205 4910 300 4963 καὶ
329 4908 411 4962 ἐτι
445 4906 664 4979 μᾶλλον,
691 4909 739 4959 οἱ
775 4905 1046 4959 σπουδαῖοι
1075 4903 1300 4972 λογικοί.
1329 4903 1466 4956 Καθ’
1502 4904 1648 4973 ἡμᾶς
1676 4902 1784 4973 γὰρ

204 5002 241 5072 ἡ
262 4998 399 5070 αὑτὴ
428 5001 596 5072 ἀρετή
630 5000 744 5052 ἐστι
773 4998 882 5050 τῶν
918 4995 1200 5068 μακαρίων
1241 4996 1479 5060 πάντων,
1521 4995 1660 5048 ὥστε
1691 4996 1784 5048 καὶ

206 5092 349 5162 αὑτὴ
375 5091 546 5163 ἀρετὴ
577 5090 685 5161 (95)
715 5088 1000 5161 ἀνθρώπου
1031 5089 1123 5142 καὶ
1164 5086 1320 5140 Θεοῦ.
1353 5087 1550 5158 Διόπερ
1583 5106 1602 5137 ι
1641 5087 1786 5154 γίνε-

280 5213 326 5244 ⁶³
361 5212 518 5266 Rom.
543 5209 676 5270 v.8.
784 5212 832 5242 εδ
865 5210 993 5262 Ibid.
1020 5209 1072 5265 7.
1151 5209 1194 5239 ⁸⁸
1221 5208 1361 5261 Psal.
1402 5223 1586 5270 mm,
1619 5209 1669 5260 l.

206 5291 265 5340 et
297 5282 428 5337 Luc.
457 5297 548 5346 xx,
583 5282 674 5336 50.
779 5281 821 5312 ⁸³
855 5279 1067 5336 Coloss.
1098 5296 1136 5343 ι,
1167 5280 1254 5332 l6.

282 5397 396 5467 (92)
427 5396 554 5450 Post
587 5395 808 5467 verbum
846 5392 1302 5467 ἐπιδεδημηκέναι
1347 5390 1479 5467 libb.
1539 5391 1786 5467 impresxi

208 5461 419 5542 addunt
464 5467 608 5520 inter
644 5465 954 5542 uncinulos,
987 5461 1080 5517 καὶ
1111 5461 1199 5516 διὰ
1240 5461 1308 5514 τὰ
1344 5461 1578 5542 μέγιστα
1610 5464 1788 5532 ἁμαρ-

206 5537 449 5606 τήματα,
487 5551 605 5605 qua:
640 5551 670 5590 a
705 5549 834 5590 mss.
879 5536 1095 5600 absunt,
1137 5547 1236 5586 nec
1274 5536 1492 5601 agnovit
1522 5536 1788 5603 interpres

209 5608 512 5666 Gelenius._

287 5677 398 5745 (95)
430 5673 765 5730 liteschelius
799 5673 851 5728 in
890 5670 1565 5745 texttt,_npoexovodwmv,
1590 5671 1749 5726 male.

282 5742 399 5816 (94)
444 5746 587 5798 Idem
619 5746 672 5798 in
706 5754 878 5816 textu,
911 5742 1217 5816 διακρίνων.

287 5811 403 5889 (95)
438 5816 615 5870 Ὥστε
657 5813 756 5868 καὶ
800 5816 841 5884 ἡ
892 5813 1043 5882 αὑτὴ
1083 5811 1289 5882 ἀρετή,
1329 5819 1436 5867 etc.
1479 5812 1619 5868 Tull.
1647 5811 1789 5868 lib.t

1747 5208 1791 5238 ‘°
1821 5207 1967 5262 Psal.
2003 5225 2126 5272 xcv,
2159 5211 2210 5263 5.

1358 5277 1404 5308 "°
1435 5277 1451 5330 l
1477 5277 1639 5332 Joau.
1676 5294 1751 5341 ut,
1794 5278 1850 5331 2.

1891 4645 1996 4684 non
2043 4629 2490 4697 intelligentibus,
2523 4628 2607 4683 vel
2647 4643 2715 4684 ex
2768 4629 3196 4698 intelligentibus
3221 4631 3462 4702 quidem,

1893 4722 1987 4776 sed
2016 4736 2120 4774 non
2159 4721 2328 4790 probe
2367 4734 2558 4774 sanam
2606 4721 2908 4775 doctrinam
2952 4722 3216 4776 assecutis
3260 4723 3464 4785 audiit,

1893 4814 2087 4869 dixerit
2124 4830 2137 4865 ε
2175 4831 2193 4865 ι
2234 4815 2373 4869 Deus
2397 4823 2482 4868 est
2514 4813 2752 4867 omnium
2783 4815 3010 4884 primus,
3041 4828 3141 4870 nos
3168 4815 3464 4870 secundum

1893 4906 1960 4959 ab
1996 4906 2085 4962 illo
2117 4921 2452 4976 occupamus
2485 4907 2697 4973 locum;
2744 4925 2762 4958 ι
2802 4908 2851 4962 id
2881 4908 3128 4977 equidem
3171 4908 3328 4964 facile
3376 4909 3463 4963 in-

1897 5007 2244 5066 tcrpretarer,
2281 5015 2374 5051 nos
2405 4999 2678 5068 accipiens
2732 5014 2829 5068 pro
2871 4999 2940 5052 iis
2965 4998 3056 5068 qui
3102 5001 3313 5055 ratione
3337 5015 3468 5068 prae-

1891 5089 1990 5142 diti
2025 5101 2170 5154 sunt,
2205 5091 2525 5159 autpotius,
2574 5105 2671 5159 pro
2720 5090 2790 5146 iis
2832 5091 2925 5160 qui
2970 5091 3169 5146 rationi
3203 5092 3464 5148 virtutem

2293 5209 2338 5240 ⁸⁷
2377 5207 2397 5261 1
2431 5209 2556 5263 Cor.
2599 5224 2718 5273 vni,
2901 5208 2946 5242 °"
2974 5208 3170 5264 Matth.
3194 5224 3327 5273 xm,
3357 5207 3460 5275 50;

1887 5390 1965 5444 De
2016 5391 2236 5461 legibus.
2275 5412 2292 5444 ι
2330 5392 2451 5447 Jam
2481 5409 2612 5448 vero
2638 5394 2808 5449 virtus
2839 5394 3029 5448 eadem
3063 5392 3115 5447 in
3155 5393 3376 5448 homine
3402 5407 3468 5450 ac

1887 5463 1996 5515 Deo
2024 5472 2126 5536 est,
2161 5463 2470 5536 nequeullo
2503 5465 2608 5536 alio
2639 5465 2690 5518 in
2716 5465 2876 5536 genio
2901 5471 3185 5536 praeterea.
3232 5464 3330 5517 Est
3361 5479 3464 5536 ευτ-

1886 5540 1994 5585 tem
2025 5533 2202 5586 virtus
2224 5533 2360 5586 nihil
2405 5534 2576 5597 aliud,
2610 5533 2775 5603 quain
2809 5536 2860 5586 in
2911 5549 2968 5587 se
3006 5533 3278 5601 perfecta,
3307 5543 3362 5586 et
3394 5534 3460 5586 ad

1885 5615 2169 5673 summum
2201 5604 2456 5670 perducta
2493 5613 2706 5656 natura.
2754 5605 2848 5658 Est
2895 5604 3063 5673 igitur
3095 5603 3298 5673 homini
3329 5619 3454 5657 cum

1886 5669 2370 5745 Degsitnilitudop
2394 5673 2566 5727 Clem.
2597 5673 2792 5727 Strom.
2822 5689 2892 5728 vlt
2921 5669 3023 5728 ἷΟὐ
3057 5672 3195 5745 γὰρ,
3216 5673 3466 5745 καθᾴπερ

1885 5741 1942 5816 ei.
1965 5740 2226 5816 Στωϊκοὶ,
2247 5742 2420 5816 ἀθέως
2451 5745 2589 5816 πάνυ
2622 5745 2720 5816 τὴν
2751 5744 2920 5814 αὐτὴν
2946 5740 3144 5816 ἀρετὴν
3175 5740 3463 5816 ἀνθρώπου

1886 5761 1935 5791 οι
1965 5761 2211 5803 ιιτωικοι,
2247 5761 2420 5806 αυεως
2451 5761 2589 5796 πανυ
2622 5761 2720 5816 την
2751 5761 2920 5814 αυοην
2946 5761 2980 5797 α
3019 5761 3144 5815 ετην
3175 5761 3272 5796 ανυ
3313 5761 3463 5795 mmo

1886 5809 2240 5883 λέγομεν-καὶ
2272 5811 2428 5868 Θεοῦ.
2469 5831 2487 5864 t
2519 5813 2635 5870 Non
2674 5815 2841 5881 enim,
2877 5822 2936 5870 ut
2975 5761 3144 5871 gtoici
3175 5761 3329 5869 valtfe
3362 5813 3466 5867 im-
