3898 6528
397 453 532 510 1οΉ

1824 431 2143 491 ORlGENlS

3533 433 3562 488 1
3573 431 3690 487 07?.

385 570 704 639 adiunxere.
744 563 824 618 Ex
865 561 1022 617 nobis
1073 559 1218 614 enim
1278 557 1470 613 eadem
1503 565 1590 611 est
1626 556 1681 610 in
1719 553 1975 609 omnibus

2092 553 2205 606 σθαι
2240 551 2458 616 τέλειοι,
2491 550 2568 615 ὡς
2607 552 2636 603 6
2689 552 2880 624 Πατὴρ
2923 551 3080 624 ἡμῶν
3123 554 3152 606 6
3193 552 3442 624 οὐράνιος
3471 551 3690 614 τέλειός

381 661 598 718 naturis
654 657 834 716 beatis
878 655 1096 720 virtus;
1153 655 1223 707 ita
1267 661 1324 707 ut
1367 651 1562 706 eadem
1615 649 1853 704 hominis
1903 647 1976 701 sit

384 758 585 816 virtus,
615 767 680 807 ac
717 750 834 806 Dei.
884 747 1041 804 Unde
1088 745 1248 801 nobis
1276 753 1608 815 praeceptum
1649 759 1660 794 :
1716 759 1733 792 ι
1791 740 1978 794 Estote

383 848 638 916 perfecti,
665 846 806 901 sicut
823 843 983 898 Pater
1011 853 1190 896 vester
1213 839 1452 895 caelestis
1471 835 1744 907 perfectus
1765 845 1848 889 est
1871 833 1938 884 τι.
1954 850 1972 884 ι

383 941 524 998 Male
558 939 722 1010 igitur
749 953 872 993 cum
913 950 1118 998 verme,
1153 935 1242 1002 qui
1273 933 1326 986 in
1371 931 1484 984 luto
1519 930 1752 991 innatat,
1803 927 1978 980 bonus

385 1043 440 1090 et
462 1034 644 1103 justus
668 1037 1044 1100 comparatur,
1075 1028 1215 1079 male
1241 1026 1360 1092 pius
1387 1038 1510 1077 cum
1540 1020 1795 1080 formica,
1839 1015 1978 1070 male

2084 647 2221 708 ἐστι,
2263 664 2280 696 ι
2318 643 2698 715 διδασκόμεθα.
2746 644 2936 709 Οὐδεὶς
2979 641 3072 700 οὖν
3115 644 3280 708 καλὸς
3312 645 3406 697 καὶ
3451 641 3690 712 ἀγαθὸς,

2089 737 2302 809 σκώληξ
2339 737 2486 792 ἐστὶν
2520 738 2877 809 ἐννηχόμενος
2911 737 3156 810 βορϐόρῳ
3178 754 3192 767 ·
3229 736 3322 790 καὶ
3363 736 3536 800 οὐδεὶς
3587 737 3690 788 εὐ-

2091 829 2255 900 σεϐὴς
2314 828 2574 900 μύρμηξ’
2624 829 2719 882 καὶ
2763 829 2937 892 οὐδεὶς
2981 829 3189 891 δίκαιος
3241 828 3545 900 βάτραχος’
3585 827 3692 879 καὶ

2085 921 2261 985 οὐδεὶς
2285 922 2363 993 τῷ
2405 921 2641 994 λαμπρῷ
2664 923 2801 991 φωτὶ
2847 923 2945 994 τῆς
2976 922 3234 992 ἀληθείας
3261 920 3692 992 καταυγαζόμε-

2086 1030 2175 1076 νος
2207 1015 2306 1084 τὴν
2339 1013 2515 1084 ψυχὴν
2548 1013 2822 1084 νυκτερίδι
2861 1012 2927 1066 ἂν
2958 1011 3193 1080 εὐλόγως
3217 1010 3658 1082 παραϐάλλοιτο.

379 1128 559 1198 justus
587 1142 710 1183 cum
739 1139 890 1179 rana.
931 1121 1100 1176 Nemo
1147 1119 1428 1189 splendida
1477 1115 1722 1170 veritatis
1776 1112 1894 1166 luce
1941 1109 2213 1179 perfusam
2263 1107 2468 1164 habens
2525 1107 2762 1161 animam
2831 1123 2952 1159 tum
3001 1106 3392 1176 vespertilione
3443 1101 3694 1158 conferri

385 1225 492 1283 nisi
521 1235 736 1278 summa
766 1217 970 1286 injuria
997 1224 1204 1286 potest.

463 1315 558 1370 '50.
601 1312 756 1380 Quod
807 1319 990 1380 postea
1018 1306 1209 1362 Celsus
1239 1317 1452 1359 vermes
1501 1301 1706 1356 inducit
1760 1300 1844 1354 sic
1897 1297 1974 1351 lo-

386 1417 621 1479 quentes
661 1423 674 1458 :
726 1421 746 1454 ι
785 1401 894 1456 Nos
929 1401 1070 1453 Deus
1113 1397 1216 1452 sibi
1270 1395 1496 1450 omnino
1536 1393 1743 1448 similes
1767 1392 1914 1456 fecit,
1953 1409 1972 1443 ι

386 1503 455 1556 ad
494 1501 548 1554 id
601 1497 858 1553 inductus
894 1492 1029 1547 mihi
1075 1491 1247 1545 fuisse
1277 1490 1493 1543 videtur
1525 1487 1665 1540 male
1697 1485 1980 1540 intellecto

385 1595 492 1648 hoc
511 1587 743 1646 Genesis
787 1586 907 1640 loco
959 1601 974 1638 :
1013 1601 1030 1634 ι
1069 1583 1364 1636 Faciamus
1405 1581 1680 1636 hominem
1727 1579 1794 1632 ad
1839 1578 1978 1630 ima-

387 1685 568 1756 ginem
592 1691 648 1737 et
678 1678 1091 1736 similitudinem
1143 1683 1388 1748 nostram
1413 1672 1552 1724 ποτε.
1587 1670 1692 1725 Sed
1723 1670 1767 1723 si
1797 1669 1980 1724 novis-

336 1781 340 1786 ’
389 1785 474 1832 set
497 1773 623 1844 quid
655 1769 870 1826 intersit
901 1767 1242 1823 discriminis
1277 1766 1424 1819 inter
1465 1781 1483 1812 ι
1525 1762 1644 1815 ﬁeri
1699 1759 1981 1815 hominem

390 1871 458 1923 ad
513 1866 807 1936 imaginem
867 1864 1003 1929 Dei,
1075 1869 1128 1916 et
1178 1858 1298 1912 lieri
1349 1857 1416 1910 ad
1464 1854 1918 1917 similitudinem;
1955 1869 1976 1903 ι

2156 1292 2312 1356 Δοκεῖ
2348 1289 2404 1342 δέ
2464 1307 2552 1360 μοι
2609 1288 3024 1360 παρακηκοέναι
3075 1287 3104 1339 6
3151 1286 3362 1348 Κέλσος
3416 1285 3512 1336 καὶ
3564 1279 3691 1336 τοῦ,

2091 1403 2108 1435 ι
2150 1385 2477 1454 Ποιήσωμεν
2508 1383 2618 1454 (96)
2657 1381 2945 1452 ἄνθρωπον
2974 1380 3093 1434 κατ’
3124 1379 3310 1432 εἰκόνα
3355 1378 3452 1430 καὶ
3489 1373 3696 1446 ὁμοίω-

2090 1493 2172 1529 σιν
2201 1475 2512 1547 ἡμετέραψ
2557 1494 2574 1524 ι
2627 1474 2718 1526 καὶ
2755 1473 2909 1544 παρὰ
2961 1471 3122 1524 τοῦτο
3155 1468 3516 1538 πεποιηκέναι
3559 1468 3696 1532 τοὺς

2082 1566 2371 1640 σκώληκας
2423 1566 2699 1636 λέγοντας,
2741 1567 2823 1619 ὅτι
2875 1583 2894 1616 ‹
2944 1564 3049 1617 ὑπὸ
3081 1561 3175 1616 τοῦ
3203 1561 3339 1615 (ε)εοῦ
3371 1559 3692 1629 γεγονὼες,

2081 1659 2256 1730 πάντη
2328 1658 2492 1729 ἐσμὲν
2569 1655 2717 1727 αὑτῷ
2767 1657 2962 1726 ὅμοιοι.
3009 1673 3026 1705 ι
3081 1655 3144 1707 Ei
3206 1653 3388 1724 μέντοι
3449 1649 3696 1719 ἐγνώκει

2081 1749 2346 1823 διαφορὰν
2401 1749 2506 1804 τοῦ
2568 1749 2692 1803 κατ’
2745 1749 2950 1802 εἰκόνα
3011 1746 3160 1801 Θεοῦ
3219 1744 3528 1816 γεγονέναι
3583 1743 3698 1795 τὸν

2085 1843 2400 1912 ἄνθρωπον
2457 1843 2607 1911 πρὸς
2643 1843 2749 1895 τὸν
2783 1843 2896 1914 (97)
2950 1841 3078 1898 καθ’
3104 1841 3410 1910 ὁμοίωσιν·
3456 1837 3558 1890 καὶ
3611 1835 3696 1888 ὅτι

390 1959 552 2030 523
587 1917 998 2014 siuadvertisset
1024 1954 1076 2007 in
1103 1950 1388 2017 Scriptura
1429 1947 1596 2000 Deum
1643 1944 1864 2013 quidem
1900 1943 1982 1996 di-

2092 1936 2501 2007 άναγέγραπται
2528 1935 2809 2006 εἰρηκέναι
2839 1934 3035 1998 ὁΘεὸς,
3067 1952 3084 1985 ι
3119 1934 3440 2004 Ποιήσωμεν
3471 1929 3700 2000 ἄνθρω-

388 2053 578 2106 xisse:
629 2069 648 2102 ‹
683 2049 976 2104 Faciamus
1015 2046 1292 2100 hominem
1330 2041 1396 2094 ad
1424 2038 1714 2110 imaginem
1743 2047 1798 2093 et
1827 2037 1983 2092 simi-

387 2147 676 2203 litudinem
737 2151 1024 2204 nostram,
1103 2159 1122 2191 ι
1190 2137 1282 2192 sed
1331 2145 1513 2189 tamen
1565 2133 1712 2187 illum
1770 2146 1985 2186 creasse

398 2263 418 2297 ι
457 2245 524 2298 ad
555 2240 845 2312 imaginem
885 2237 1004 2300 Dei,
1049 2254 1068 2286 ›
1103 2247 1206 2286 non
1244 2246 1376 2286 vero
1405 2239 1532 2285 tunc
1563 2245 1581 2279 ι
1626 2228 1694 2280 ad
1730 2225 1984 2281 similitu-

391 2337 618 2400 dinem;
662 2353 680 2385 ι
721 2331 880 2387 nobis
909 2331 1026 2384 haec
1066 2343 1172 2382 non
1203 2324 1504 2380 ascriberet
1534 2341 1546 2377 :
1585 2340 1602 2372 ι
1639 2319 1874 2375 Omnino
1903 2317 1982 2372 si-

391 2429 548 2484 miles
601 2427 710 2482 Deo
742 2438 953 2479 smnus.
996 2441 1014 2473 »
1055 2419 1246 2488 Neque
1301 2418 1467 2472 etiam
1520 2415 1750 2469 dicimus
1778 2437 1795 2462 ι
1835 2421 1981 2464 astra

392 2521 549 2578 nobis
594 2533 714 2574 esse
765 2515 1006 2570 subdita.
1052 2533 1070 2563 ι
1110 2512 1243 2565 Nam
1295 2510 1571 2578 justorum
1629 2503 1979 2566 resurrectio,

393 2629 512 2686 quae
546 2612 674 2684 quid
724 2611 796 2665 sit
826 2608 1104 2677 sapientes
1139 2603 1472 2670 intelligunt,
1511 2598 1610 2653 soli
1659 2609 1714 2652 et
1745 2595 1884 2650 limae
1930 2602 1984 2650 et

392 2706 558 2762 astris
613 2711 966 2773 comparatur
1019 2700 1086 2752 ab
1139 2693 1401 2764 Apostolo
1441 2710 1455 2746 :
1493 2711 1512 2744 ί
1564 2690 1682 2744 Alia
1713 2727 1728 2754 ,
1779 2687 1980 2756 inquit,

393 2803 618 2872 claritas
649 2799 802 2862 solis,
835 2797 940 2851 alia
969 2793 1194 2849 claritas
1223 2792 1364 2844 lunae
1389 2829 1402 2851 ,
1455 2786 1559 2839 alia
1591 2783 1818 2840 claritas
1850 2781 1982 2836 stel—

391 2897 594 2950 larum.
629 2891 795 2947 Stella
833 2889 977 2944 enim
1015 2903 1045 2940 a
1087 2884 1246 2940 stella
1289 2879 1468 2935 differt
1503 2879 1558 2931 in
1597 2875 1872 2940 claritate,
1905 2871 1984 2926 sic

395 2995 451 3043 et
481 2983 813 3040 resurrectio
847 2989 1188 3033 mortuarum
1219 2973 1286 3027 ⁷³.
1322 2991 1340 3023 ι
1369 2972 1446 3030 De
1477 2969 1563 3026 his
1601 2967 1791 3022 eodem
1815 2965 1981 3019 etiam

397 3081 559 3133 modo
599 3075 709 3145 jam
744 3073 874 3128 olim
919 3069 1106 3124 Daniel
1141 3065 1470 3120 vaticinatus
1513 3057 1780 3115 fuerat".
1817 3055 1986 3110 Addit

394 3169 586 3225 Celsus
647 3180 748 3220 nos
791 3163 976 3217 dicere
1021 3178 1033 3214 :
1091 3177 1109 3210 ι
1145 3157 1336 3213 Omnia
1389 3155 1549 3209 nobis
1591 3150 1802 3206 servire
1829 3147 1983 3216 jnssa

397 3269 545 3316 sunt.
613 3278 632 3310 ι
687 3256 945 3312 Fortasse
1014 3251 1288 3307 neminem
1371 3265 1402 3302 e
1473 3243 1677 3300 nostris
1747 3241 2054 3318 sapien-C

397 3354 548 3408 tibus
607 3349 732 3403 talia
789 3348 972 3403 dicere
1028 3343 1294 3398 audivit:
1345 3339 1578 3394 fortasse
1634 3333 1801 3389 etiam
1879 3346 1984 3388 ne-

398 3444 559 3500 scivit
593 3441 744 3496 nobis
797 3438 1110 3494 mandatum
1163 3449 1305 3495 esse,
1358 3441 1418 3484 ut
1458 3429 1702 3484 omnium
1752 3427 1824 3480 sit
1863 3439 1984 3480 ser-

399 3553 500 3592 vus
527 3536 617 3605 qui
649 3535 790 3589 inter
821 3547 918 3586 nos
950 3541 1034 3586 est
1083 3527 1260 3597 major
1299 3525 1369 3579 ⁷⁸.
1407 3523 1610 3579 Deinde
1641 3538 1764 3578 cum
1805 3520 1982 3577 (ἓνωεί

400 3629 589 3683 dicunt
615 3645 628 3679 :

547 3716 660 3782 Sal,
699 3732 826 3778 nox,
857 3727 1075 3782 uterque
1105 3711 1337 3764 serviunt
1381 3706 1696 3761 mortalibus
1729 3706 1800 3770 ⁷⁷,

401 3809 606 3863 dictum
653 3804 876 3859 laudant
915 3812 973 3856 et
1025 3799 1440 3855 commentariis
1491 3797 1790 3852 illustrant.
1833 3796 1980 3851 idem

401 3913 503 3955 nos
552 3897 667 3952 sive
711 3910 818 3950 non
870 3893 1138 3956 dicamus,
1175 3890 1293 3944 sive
1335 3888 1457 3942 aliis
1489 3887 1676 3942 verbis
1711 3886 1983 3950 dicamus,

401 3990 630 4060 perinde
674 3997 754 4042 est
781 3985 964 4049 Celso,
997 3993 1056 4036 ut
1105 3982 1266 4036 nobis
1322 3979 1576 4036 intendat
1627 3977 1801 4033 litera.
1829 3978 1984 4048 Apud

401 4081 555 4136 illum
589 4094 708 4144 nos,
747 4092 884 4147 quos
908 4073 1240 4130 vermiculos
1268 4080 1447 4142 putat,
1481 4071 1560 4127 sic
1591 4071 1984 4140 loquebamur:

409 4189 430 4224 ι
485 4169 932 4239 Quandoquidem
979 4177 1108 4221 sunt
1154 4167 1296 4220 inter
1347 4178 1467 4228 nos,
1519 4163 1616 4232 qui
1658 4176 1716 4216 se
1745 4163 1986 4231 peccatis

405 4263 806 4326 contaminant,
845 4263 988 4316 Deus
1020 4259 1236 4321 veniet,
1282 4265 1376 4310 aut
1418 4255 1597 4310 mittet
1633 4253 1868 4316 Filium,
1931 4261 1989 4306 ut

403 4357 641 4414 ﬂammis
674 4355 892 4412 addicat
925 4351 1118 4421 impius
1144 4391 1158 4415 ,
1189 4359 1244 4403 et
1275 4363 1372 4403 nos
1421 4361 1568 4401 rana:
1609 4345 1830 4413 reliqua:
1861 4358 1986 4396 cum

407 4451 528 4522 ipso
587 4457 794 4504 aeterna
845 4446 956 4500 vita
1004 4445 1271 4498 fruamur.
1326 4462 1344 4492 ι
1385 4440 1519 4496 Vide
1563 4447 1622 4492 ut
1672 4453 1862 4491 scurra
1898 4436 1988 4491 ille

405 4542 716 4598 doctrinam
753 4541 822 4594 de
857 4538 1042 4592 divino
1086 4535 1315 4605 judicio,
1349 4532 1416 4586 de
1459 4530 1744 4599 suppliciis
1789 4528 1986 4599 impio-

2087 2047 2187 2082 πον
2219 2032 2338 2082 κατ’
2397 2029 2581 2082 εἰκόνα
2619 2030 2712 2081 καὶ
2742 2029 3000 2100 ὁμοίωσιν
3043 2027 3348 2098 ἡμετέραν·
3393 2045 3410 2076 ι
3451 2023 3698 2093 ἐποίησε

2085 2123 2128 2174 δ’
2168 2125 2196 2175 6
2240 2122 2372 2186 Θεὸς
2410 2123 2502 2174 τὸν
2541 2121 2825 2192 ἄνθρωπον
2870 2141 2888 2171 ί
2926 2120 3046 2173 κατ’
3093 2120 3278 2173 εἰκόνα
3309 2117 3464 2179 Θεοῦ,
3505 2135 3526 2167 ι
3575 2114 3698 2168 ἀλλ’

2085 2215 2206 2285 οὐχ).
2228 2215 2320 2268 καὶ
2350 2235 2366 2265 ι
2407 2214 2528 2268 καθ’
2564 2213 2827 2284 ὁμοίωσιν
2871 2233 2888 2264 ι
2928 2214 3026 2284 ἤδη
3049 2231 3061 2242 ·
3098 2213 3198 2265 οὐκ
3229 2211 3292 2264 ἂν
3326 2209 3492 2262 ἐποίει
3529 2211 3700 2279 ἡμεῖς

2085 2307 2343 2375 λέγοντας
2369 2347 2383 2370 ,
2437 2308 2518 2360 ὅτι
2560 2327 2575 2356 ι
2621 2307 2797 2379 πάντη
2833 2307 3007 2377 ὅμοιοί
3057 2308 3224 2374 ἐσμεν
3265 2303 3342 2374 τῷ
3371 2301 3507 2372 Θεῷ.
3559 2321 3580 2352 ι
3619 2302 3698 2353 Οὐ

2085 2397 2316 2468 λέγομεν
2345 2399 2388 2451 δ’
2419 2400 2502 2452 ὅτι
2529 2398 2896 2470 ὑποϐέϐληται
2927 2399 3058 2468 ἡμῖν
3089 2397 3181 2449 καὶ
3209 2394 3278 2448 τὰ
3310 2395 3482 2464 ἄστρα
3501 2411 3512 2421 ·
3563 2392 3698 2444 ἐπεὶ

2086 2491 2119 2561 ὴ
2155 2491 2264 2544 τῶν
2294 2491 2515 2545 δικαίων
2543 2491 2809 2560 λεγομένη
2843 2490 3159 2552 ἀνάστασις,
3191 2488 3284 2540 καὶ
3317 2486 3417 2538 ὑπὸ
3449 2483 3566 2537 τῶν
3605 2501 3700 2536 σο-

2088 2581 2201 2651 φῶν
2236 2581 2528 2652 νοονμένη,
2566 2580 2975 2652 παραϐάλλεται
3023 2579 3160 2650 ἡλίῳ
3207 2579 3300 2632 καὶ
3346 2577 3548 2647 σελήνῃ
3597 2577 3700 2628 καὶ

2086 2673 2308 2744 ἄστροις
2334 2673 2438 2725 ὑπὸ
2471 2673 2563 2726 τοῦ
2599 2673 2899 2742 φάσκοντος
2923 2691 2935 2703 ο
2975 2692 2993 2724 ι
3031 2671 3200 2742 ’Ἄλλη
3228 2671 3350 2737 δόξα
3385 2669 3566 2739 ἡλίου,
3594 2669 3701 2722 καὶ

2086 2765 2222 2836 άλλη
2268 2765 2395 2830 δόξα
2437 2765 2666 2838 σελήνης
2685 2806 2700 2830 ,
2732 2768 2826 2820 καὶ
2875 2765 3005 2836 άλλη
3036 2765 3162 2832 δόξα
3191 2766 3430 2835 ἀστέρων
3455 2780 3468 2792 °
3498 2763 3702 2833 ἀστὴρ

2086 2857 2195 2928 γὰρ
2227 2857 2454 2928 ἀστέρος
2477 2857 2724 2928 διαφέρει
2752 2859 2809 2910 ὲν
2832 2856 2988 2930 δόξῃ,
3021 2855 3162 2909 οὕτω
3191 2855 3284 2908 καὶ
3321 2858 3350 2924 ἡ
3379 2853 3702 2915 ἀνάστασις

2085 2948 2193 3003 τῶν
2227 2948 2437 3020 νεκρῶν
2464 2965 2476 2978 ·
2523 2969 2542 3000 ι
2584 2950 2678 3002 καὶ
2721 2949 2814 3002 τοῦ
2849 2948 3042 3019 Δανιὴλ
3091 2949 3219 3018 περὶ
3262 2945 3460 2998 τούτων
3503 2943 3702 2996 πάλαι

2087 3041 2586 3112 προφητεύσαντος.
2631 3041 2769 3112 Φησὶ
2813 3041 2856 3092 δ’
2889 3042 3036 3112 ἡμᾶς
3088 3039 3288 3107 λέγειν,
3319 3039 3396 3090 ὅτι
3431 3057 3448 3086 ι
3493 3036 3700 3091 πάντα

2087 3132 2218 3201 ἡμῖν
2259 3130 2528 3183 δουλεύειν
2570 3132 2859 3184 τέτακται.
2907 3151 2924 3182 ›
2965 3131 3116 3200 Τάχα
3161 3129 3260 3200 μὲν
3298 3128 3394 3180 οὐκ
3432 3127 3704 3188 ἀκούσας

2088 3223 2196 3276 τῶν
2232 3225 2288 3275 ἐν
2314 3223 2444 3293 ἡμῖν
2473 3223 2707 3276 συνετῶν
2739 3223 2964 3276 τοιαῦτα
2987 3221 3254 3290 λεγόντων
3273 3238 3286 3251 ’
3319 3221 3456 3289 τάχα
3481 3218 3538 3271 δὲ
3595 3220 3702 3271 καὶ

2093 3315 2166 3386 μὴ
2216 3315 2577 3385 ἐπιστάμενος
2629 3314 2745 3378 πῶς
2805 3315 3052 3368 λέλεκται
3099 3312 3314 3367 πάντων
3362 3307 3500 3364 εἶναι
3545 3311 3704 3363 δοῦ-

2085 3409 2175 3462 λον
2208 3408 2299 3461 τὸν
2326 3410 2381 3460 ὲν
2417 3409 2544 3478 ἡμῖν
2584 3405 2825 3477 μείζονα.
2867 3407 2977 3460 Καὶ
3026 3405 3119 3460 ἐὰν
3159 3404 3257 3476 μὲν
3301 3402 3560 3474 ’Έλληνες
3601 3401 3702 3454 λέ-

2087 3519 2276 3571 γωσιν,

2156 3696 2279 3754 Εἴθ’
2300 3698 2485 3766 ’ἣλιος
2517 3698 2626 3772 (98)
2639 3697 2774 3767 μὲν,
2803 3697 2912 3761 νύξ
2945 3713 3010 3751 τε
3037 3696 3314 3750 δουλεύει
3331 3692 3578 3761 βροτοῖς
3599 3711 3614 3723 ·

2087 3791 2476 3856 ἐπαινέσαντες
2515 3792 2577 3845 τὸ
2635 3791 2956 3862 λεγόμενον,
2995 3789 3090 3843 καὶ
3138 3787 3449 3859 διηγοῦνται
3503 3787 3654 3838 αὒτό
3681 3803 3696 3816 ο

2088 3882 2226 3935 ἐπὰν
2251 3883 2308 3936 δὲ
2339 3883 2676 3966 τδτοιοῦτον
2707 3884 2740 3956 ἢ
2776 3883 2850 3956 μὴ
2877 3881 3101 3954 λέγηται
3133 3881 3276 3952 (99),
3311 3882 3344 3952 ἢ
3385 3879 3562 3943 ἄλλως
3595 3880 3698 3934 λέ-

2089 3991 2285 4046 γηται,
2324 3979 2652 4046 συκοφαντεῖ
2698 3979 2848 4048 ἡμᾶς
2879 3979 2907 4030 6
2951 3975 3159 4038 Κέλσος
3197 3975 3293 4028 καὶ
3325 3974 3418 4027 ἐπὶ
3443 3972 3696 4037 τούτοις.

2103 4068 2392 4140 Ἑλέγομεν
2421 4069 2477 4122 δὲ
2525 4069 2674 4142 παρὰ
2704 4069 2782 4140 τῷ
2817 4070 3010 4140 Κέλσῳ
3046 4070 3226 4140 ἡμεῖς,
3261 4069 3312 4120 οἱ
3359 4068 3482 4121 κατ’
3518 4066 3700 4120 αὐτὸν

2091 4159 2392 4232 σκώληκες,
2427 4161 2530 4224 ὅτι,
2571 4181 2588 4212 ‹
2611 4161 2787 4214 ,Ἐπεί
2817 4176 2962 4222 τινες
2979 4161 3044 4220 ,ὲν
3078 4161 3208 4230 ἡμῖν
3243 4155 3694 4228 πλημμελοῦσιν,

2091 4252 2339 4322 ἀφίξεται
2367 4253 2504 4325 πρὸς
2538 4255 2684 4324 ἡμᾶς
2713 4255 2740 4304 6
2775 4253 2925 4316 Θεὸς,
2956 4253 2989 4324 ἢ
3027 4251 3228 4322 πέμψει
3257 4249 3348 4304 τὸν
3385 4249 3514 4303 Υἱὸν
3553 4249 3698 4302 ἑαυα-

2089 4341 2206 4406 τοὺ,
2243 4343 2331 4395 ἵνα
2356 4344 2669 4416 καταφλέξῃ
2693 4343 2818 4406 τοὺς
2851 4343 3088 4406 ἀδίκους,
3109 4342 3160 4394 οἱ
3189 4341 3248 4395 δὲ
3273 4340 3450 4393 λοιποὶ
3485 4339 3702 4412 βάτρα-

2090 4451 2174 4504 χοι
2209 4438 2306 4490 σὺν
2349 4437 2497 4508 αὐτῷ
2541 4436 2653 4507 βίον
2683 4435 2897 4490 αἰώνιον
2930 4436 3160 4506 ἔχωμεν.
3205 4452 3224 4484 ι
3263 4433 3374 4485 Καὶ
3413 4435 3516 4505 ὅρα
3565 4433 3698 4498 πῶς

2091 4531 2168 4594 ὡς
2203 4529 2512 4600 βωμολόχος
2549 4530 2649 4601 τὴν
2683 4529 2810 4600 περὶ
2849 4529 3082 4600 κρίσεως
3131 4526 3282 4589 θείας
3319 4525 3694 4594 ἀπαγγελίαν,

405 4647 552 4696 nun,
575 4633 640 4687 de
669 4631 944 4702 justorum
978 4628 1241 4699 praemiis,
1275 4623 1587 4687 eavilletur,
1619 4622 1869 4684 irrideat,
1892 4635 1982 4675 ex-

2094 4624 2188 4678 καὶ
2215 4625 2344 4693 περὶ
2369 4623 2643 4687 κολάσεως
2681 4623 2780 4694 μὲν
2813 4622 2914 4692 τῆς
2947 4619 3088 4674 κατὰ
3112 4618 3220 4672 τῶν
3243 4619 3468 4686 ἀδίκων,
3505 4619 3698 4689 γέρως

407 4725 611 4781 sibilet.
665 4723 898 4779 Gravem
945 4719 1370 4792 philosophum!
1421 4716 1668 4769 Tandem
1711 4714 1988 4768 concludit

513 4837 558 4870 τι
595 4835 852 4898 Matth.v,
880 4833 969 4889 48.
1077 4831 1201 4872 "'7’
1234 4831 1370 4886 Gen.
1409 4845 1446 4894 ι,
1476 4828 1569 4881 26.

407 4908 573 4978 ripid.
604 4903 859 4958 Pltazniu.

407 5028 518 5097 pie,
551 5023 815 5097 hominis
839 5019 894 5079 et
945 5022 1037 5076 Dei
1069 5021 1314 5097 eamdem
1370 5035 1524 5097 esse_
1552 5020 1782 5097 dicimus
1815 5019 1987 5097 virtu—

409 5090 543 5151 iem.
577 5115 595 5148 ι
631 5095 990 5158 Theodoret.,
1035 5108 1201 5147 serm.
1249 5093 1336 5154 Η,
1389 5091 1464 5144 De
1489 5091 1593 5158 ﬁne
1621 5101 1670 5142 et
1725 5090 1933 5157 judicio
1969 5105 1986 5142 :

420 5167 629 5220 Ἐκεῖνο
676 5164 734 5217 δέ
780 5181 844 5234 γε
892 5162 1068 5234 αὐτῶν
1119 5162 1311 5234 κομιδῆ
1326 5161 1620 5234 ητολμηρόν
1642 5176 1654 5189 ·
1691 5158 1986 5234 Δάν()ριξ›ςιτοο

411 5238 520 5308 γάρ
545 5253 626 5290 τοι
659 5237 751 5289 καὶ
788 5229 935 5308 γ’Θεοῦ
965 5233 1064 5308 τὴν
1095 5229 1276 5308 αὐτὴν
1301 5229 1760 5308 έλεγόνᾉρετῄν.
1801 5229 1819 5282 ι
1855 5229 1987 5282 lllud

410 5301 546 5364 vero
573 5307 888 5363 eorumdem
918 5301 1179 5361 audacius
1205 5301 1290 5358 est
1315 5303 1517 5357 dictum
1547 5301 1695 5356 :‘Dei
1747 5315 1987 5367 namque

409 5387 468 5502 ξι
540 5377 776 5434 hominis
829 5377 1076 5432 eamdem
1139 5375 1394 5428 virtutem
1451 5385 1572 5427 esse
1643 5369 1984 5426 asserebant.

457 5463 681 5502 venena.

457 5463 681 5504 PENCER.

486 5521 600 5590 (96)
631 5519 722 5590 Sic
754 5518 932 5590 etiam
985 5517 1125 5590 infra
1177 5513 1557 5583 manuscripti.
1608 5511 1758 5566 Libri
1808 5518 1990 5564 autem

411 5588 544 5644 editi
583 5588 1223 5659 utrobiquemorqcronsv.

486 5660 599 5730 (97)
619 5649 920 5728 Πρὸςὶόκ,
948 5649 1056 5730 etc.
1085 5649 1241 5730 Legit
1261 5653 1598 5730 Dalrerellus,
1623 5652 1760 5730 πρὸς
1773 5649 1855 5730 τό,
1879 5657 1984 5730 etc.

488 5719 602 5802 (98)
642 5719 920 5802 Euripidis
944 5729 1076 5784 libb.
1113 5719 1268 5792 editi,
1303 5721 1402 5778 εἷθ’
1433 5719 1599 5786 ἆλιος.
1633 5719 1856 5777 Rectius
1883 5719 1990 5772 Ett-

418 5804 622 5871 rtpides
653 5802 706 5856 in
735 5801 998 5854 Phwniss.
1013 5815 1032 5852 :

487 5873 718 5939 Νυκτός
753 5875 802 5925 τ’
830 5872 1086 5941 ἀφεγγὲς
1106 5868 1438 5941 βλέφαρον,
1474 5865 1651 5941 ἠλίρυ
1681 5878 1744 5917 τε
1771 5861 1916 5932 φῶς,

487 5945 660 5999 Ἴσον
681 5937 1080 6010 βαδίζέιντόν
1103 5939 1415 5993 ἐνιαύσιον
1445 5937 1693 6002 κύκλον,

1675 4826 1758 4879 ⁷¹⁵Ι
1793 4827 1922 4882 Cor.
1955 4845 2043 4894 xv,
2076 4829 2164 4884 41.

2097 4716 2154 4769 δὲ
2179 4714 2272 4769 τοῦ
2303 4719 2382 4778 εἰς
2411 4717 2536 4778 τοὺς
2576 4715 2838 4778 δικαίους,
2875 4715 2952 4776 εἰς
2982 4711 3180 4784 χλεύην
3217 4711 3314 4764 καὶ
3344 4711 3562 4778 γέλωτα
3589 4711 3696 4766 καὶ

2275 4831 2320 4862 ⁷⁸
2363 4829 2500 4884 Dan.
2541 4845 2638 4892 xu,
2663 4827 2718 4882 3.
2828 4829 2874 4860 "°
2915 4825 3107 4882 Matth.
3151 4841 3242 4890 xx,
3271 4825 3365 4879 27.
3497 4825 3544 4856 τ’
3572 4823 3692 4878 Eu-

2169 5017 2234 5084 Κῗ
2269 5015 2584 5084 οὐδέτερον
2611 5013 2822 5070 αὑτοῖν
2847 5014 3075 5083 φθόνον
3105 5011 3228 5084 ἔχει
3257 5008 3610 5084 νικώμενον.

2167 5083 2292 5142 Εἴθ’
2325 5079 2494 5154 ἥλιοξ·
2519 5083 2636 5156 μὲν
2657 5086 2775 5148 νύξ
2801 5079 2865 5138 τὲ
2889 5079 3448 5156 δουλςύεῖβροτοῖςο

2167 5158 2251 5210 Σὺ
2285 5149 2485 5210 δ”οὺθὶ
2506 5149 2695 5226 ἀνέξῃ
2731 5155 3016 5225 δωμάτων
3045 5149 3200 5219 ἔχων
3225 5149 3386 5216 ἴσον,

2166 5227 2278 5281 Καὶ
2301 5227 2433 5293 τῷδ’
2474 5227 2854 5298 ἀπονειμεῒς;
2893 5235 3001 5280 etc.

2161 5317 2566 5386 Obscuramque
2595 5320 2898 5388 palpebram
2929 5317 3118 5388 noctis,
3149 5325 3197 5370 et
3220 5315 3409 5388 lumen
3441 5315 3589 5388 εοίξσ,

2100 5390 2143 5460 ιλ
2153 5401 2170 5443 ι
2193 5389 2467 5460 wqualiter
2481 5383 2780 5460 :circ'm'rent
2799 5404 3035 5460 annuum
3063 5385 3346 5460 circulum,
3363 5383 3684 5460 constituit.

2099 5459 2168 5514 Et
2201 5455 2443 5511 neutrum
2477 5459 2663 5511 horum
2695 5458 2924 5512 duorum
2955 5459 3150 5512 victum
3189 5456 3388 5510 invidet
3433 5455 3609 5511 alteri.

2097 5532 2263 5598 Atque
2296 5527 2370 5580 ita
2395 5531 2472 5582 sol
2495 5539 2542 5581 et
2577 5543 2682 5582 non:
2707 5530 2942 5582 serviunt
2969 5527 3288 5590 hominibus,

2100 5599 2180 5654 Tu
2223 5608 2394 5652 autem
2429 5614 2534 5654 non
2573 5599 2852 5655 sustinebis
2894 5599 3084 5652 habere
3124 5612 3328 5667 (equam
3367 5608 3576 5667 partem

3441 5683 3588 5721 ream

2095 5743 2166 5797 Et
2193 5743 2316 5798 huic
2342 5741 2570 5796 tribuere
2595 5756 2745 5794 suam
2771 5739 3018 5808 partem?
3048 5737 3311 5794 SPENCEB.
3441 5683 3612 5738 "9m,

2168 5855 2284 5926 (99)
2329 5855 2527 5911 Guicto
2557 5853 3290 5926 scribendum_videbatur,
3343 5853 3482 5907 ἐπὰν
3525 5850 3590 5908 δέ
3627 5868 3682 5906 τι

2099 5923 2393 5998 τοιοῦτονῆ
2427 5926 2524 5997 μὲν
2555 5923 2836 5997 λέγηταιῆ
2871 5923 3046 5988 ἄλλως
3079 5924 3323 5994 λέγηται.
