3898 6530
194 337 341 393 1075

1371 331 1649 390 CONTRA
1690 329 1969 387 CELSUM
2006 329 2134 385 LIB.
2174 326 2258 383 IV.

3321 329 3478 416 1074.

187 453 494 526 διασυρμὺν
519 453 747 524 ἧνεγκεν
773 454 801 506 ὁ
835 452 1028 524 σεμνὸς
1061 453 1364 521 φιλόσοφος.
1401 452 1510 504 Καὶ
1539 449 1776 518 ἐπιλέγει

1891 467 1908 498 ι
1940 447 2112 516 magis
2138 447 2254 500 luce
2291 441 2514 499 ferenda
2540 457 2684 508 esse,
2707 443 2753 498 si
2780 459 2992 500 vermes
3024 445 3168 499 inter
3192 455 3246 501 et
3272 463 3457 512 ranas,

188 543 330 594 πᾶσι
375 539 619 605 τούτοις·
676 559 694 591 ι
754 541 979 592 Ἀνεκτὶι
1025 534 1162 591 εἶναι
1208 537 1406 608 μᾶλλον
1451 534 1623 588 ταῦτα
1675 533 1782 586 ὑπὸ

189 633 494 703 σκωλήκων
526 633 620 686 καὶ
650 632 934 703 βατράχων
975 630 1243 700 λεγόμενα
1281 629 1313 698 ἣ
1370 627 1473 681 ὑπὸ
1515 626 1781 680 Ἰουδαίων

186 724 286 778 καὶ
315 723 657 795 Χριστιανῶν
690 724 825 795 πρὸς
859 723 1119 794 ἀλλήλους
1147 721 1554 792 διαφερομένων
1597 720 1748 784 άπαγ
1768 746 1779 752 -

183 815 512 885 γελλόμενα.
550 835 569 866 ι
615 815 752 867 Ἀλλ’
793 815 853 867 ού
888 813 1243 885 μιμησόμεθα
1291 829 1355 880 γε
1390 812 1547 864 αὑτὸν
1597 812 1778 881 ἡμεῖς,

183 910 309 963 οὐδὲ
338 908 572 980 ἐροῦμεν
599 907 670 960 τά
702 907 1055 978 παραπλήσια
1088 904 1217 977 περὶ
1241 903 1348 958 τῶν
1381 904 1480 975 τὴν
1508 902 1618 954 τῶν
1643 901 1780 954 ὅλων

183 1000 354 1068 φύσιν
376 993 883 1070 ’ἐπαγγελλομένων
916 997 1112 1050 εἰδέναι
1146 996 1449 1066 φιλοσόφων
1469 1035 1484 1058 ,
1517 993 1612 1047 καὶ
1645 991 1782 1062 πρὸς

183 1092 454 1164 ἀλλήλους
486 1091 880 1161 διαλεγομένων
923 1091 1052 1162 περὶ
1091 1087 1186 1141 τοῦ
1210 1128 1225 1152 ,
1260 1088 1381 1142 τίνα
1410 1087 1608 1159 τρόπον
1655 1102 1780 1138 συν-

185 1183 322 1252 έστη
367 1180 437 1234 τὰ
480 1181 580 1234 ὅλα
603 1221 616 1243 ,
649 1180 743 1234 καὶ
772 1180 994 1248 γέγονεν
1022 1180 1050 1233 ὁ
1079 1177 1306 1250 οὐρανὸς
1335 1177 1429 1231 καὶ
1461 1177 1566 1245 γῆ,
1596 1175 1686 1228 καὶ
1713 1173 1781 1226 τὰ

183 1275 244 1326 ὲν
274 1275 462 1338 αὐτοῖς
497 1274 674 1328 πάντα
693 1290 706 1303 ·
735 1274 828 1326 καὶ⁵
854 1272 930 1336 ὡς
958 1274 1012 1325 αἱ
1041 1271 1211 1342 ψυχαὶ
1233 1271 1351 1341 ἦτοι
1387 1267 1674 1339 ἀγέννητοι
1703 1266 1779 1338 (1)

184 1360 346 1419 οὖσαι
371 1367 462 1418 καὶ
494 1365 567 1436 μὴ
596 1365 701 1418 ὑπὸ
721 1363 856 1418 Θεοῦ
888 1363 1214 1427 κτισθεῖσαι,
1243 1360 1664 1432 διακοσμοῦνται
1687 1360 1779 1412 ὑπ’

187 1455 356 1508 αὑτοῦ
391 1458 485 1509 καὶ
513 1455 802 1526 ἀμείϐουσι
850 1454 1080 1526 σώματα
1105 1471 1118 1485 ο
1155 1455 1186 1526 ἢ
1215 1495 1228 1518 ,
1267 1454 1630 1524 συσπαρεῖσαι
1667 1455 1782 1514 τοῖς

189 1544 478 1616 σώμασιν,
540 1546 1019 1615 ὲπιδιαμένουσιν,
1071 1545 1103 1616 ἦ
1169 1545 1268 1598 ούκ
1322 1542 1778 1612 ἐπιδιαμένουσιν.

202 1635 458 1696 Ἐδύνατο
482 1635 591 1707 γάρ
619 1653 704 1700 τις
737 1638 830 1691 καὶ
875 1636 1049 1690 ταῦτα
1075 1677 1088 1700 ,
1139 1636 1260 1689 ἀντὶ
1299 1633 1392 1688 τοῦ
1438 1633 1780 1704 σεμνολογεῖν

187 1727 285 1779 καὶ
331 1727 689 1800 ἀποδέχεσθαι
732 1727 830 1798 τὴν
880 1727 1198 1798 προαίρεσιν
1236 1726 1344 1778 τῶν
1390 1724 1469 1794 τῷ
1509 1724 1780 1788 ἐξετάζειν

185 1815 286 1888 τὴν
321 1816 576 1888 ἀλήθειαν
611 1819 836 1881 ἑαυτοὺς
874 1816 1319 1880 ἀνατεθεικότων,
1365 1815 1641 1886 χλευάζων
1683 1815 1778 1866 καὶ
1813 1803 1852 1859 Β

188 1907 502 1976 κακολογῶν
529 1907 780 1976 φάσκειν,
816 1910 898 1962 ὃτι
933 1908 1212 1979 σκώληκές
1244 1910 1378 1961 είσιν
1407 1903 1548 1961 οῦτοι
1587 1909 1644 1960 ἐν
1677 1924 1779 1974 γω-

189 1997 278 2068 νίᾳ
305 1997 401 2050 τοῦ
430 1999 487 2050 ἐν
519 1998 596 2069 τῷ
641 1998 738 2070 βίῳ
762 1999 869 2053 τῶν
901 1998 1209 2071 ἀνθρώπιον
1245 1998 1506 2070 βορϐόρου
1553 1997 1777 2060 ἑαυτοὺς

193 2087 269 2160 μὴ
313 2088 670 2161 μετροῦντες,
714 2092 808 2145 καὶ
857 2091 947 2144 διὰ
982 2090 1140 2144 τοῦτο
1176 2091 1599 2159 ἀποφαινόμενοι
1652 2090 1778 2160 περὶ

188 2181 300 2234 τῶν
335 2181 668 2252 τηλικούτων
690 2223 705 2248 ,
747 2183 823 2247 ὡς
865 2183 1282 2254 κατειληφότεςο
1331 2185 1424 2238 καλ⁷
1455 2185 1536 2236 ὅτι
1562 2183 1776 2252 λέγουσι

187 2276 579 2343 διατεινόμεναι
605 2277 679 2339 ὡς
699 2277 1103 2348 τεθεωρηκότες
1126 2277 1257 2350 περὶ
1287 2277 1646 2349 πραγμάτων,
1670 2275 1776 2327 τῶν

192 2367 267 2437 μὴ
302 2367 614 2438 δυναμένων
653 2370 821 2438 χωρὶς
849 2368 1133 2430 ἐπιπνοίας
1174 2368 1482 2440 κρείττονος
1520 2369 1614 2420 καὶ
1639 2367 1777 2420 θειο-

187 2458 352 2529 τέρας
382 2459 668 2528 δυνάμεως
696 2460 1056 2532 θεωρηθῆναι.
1096 2480 1114 2510 ‹
1157 2461 1346 2525 Οὐδεὶς
1379 2459 1490 2532 γάρ
1530 2455 1669 2513 οἶδεν
1700 2458 1776 2530 ('2)

188 2549 495 2622 ἀνθρώπων
541 2551 609 2604 τὰ
650 2553 742 2605 τοῦ
793 2553 1080 2624 ἀνθρώπου
1115 2554 1163 2605 εί
1207 2551 1282 2623 μὴ
1331 2552 1392 2604 τὸ
1437 2551 1655 2622 πνεῦμα
1681 2549 1775 2603 τοῦ

187 2640 477 2712 ἀνθρώπου
504 2641 563 2696 τὸ
592 2645 648 2696 ἐν
681 2643 828 2714 αὐτῷ
855 2661 868 2674 θ
902 2643 1043 2698 οὕτω
1073 2643 1168 2697 καὶ
1212 2642 1280 2696 τὰ
1311 2641 1405 2695 τοῦ
1435 2641 1569 2695 Θεοῦ
1602 2642 1776 2704 οὐδεὶς

187 2733 424 2799 ἔγνωκεν
452 2734 602 2806 εἰμὴ
634 2735 694 2788 τὸ
719 2734 934 2806 πνεῦμα
967 2735 1061 2788 τοῦ
1115 2735 1272 2787 Θεοῦ·
1323 2754 1340 2784 ›
1390 2734 1532 2786 Ἀλλ’
1584 2735 1643 2786 ού
1683 2751 1777 2804 με-

192 2825 481 2894 μήναμεν,
517 2825 638 2878 οὐδὲ
693 2825 790 2897 τὴν
835 2826 1169 2898 τηλικαύτην
1209 2825 1512 2895 ἀνθρώπων
1561 2825 1776 2878 σύνεσιν

189 2915 517 2987 (κοινότερον
543 2917 599 2970 δὲ
622 2917 761 2986 λέγω
786 2917 1038 2988 σύνεσιν,)
1065 2917 1454 2989 ἀσχοληθεῖσαν
1467 2918 1526 2970 ού
1554 2918 1681 2988 περὶ
1708 2917 1776 2970 τά

187 3007 294 3059 τῶν
321 3007 565 3072 πολλῶν,
600 3009 735 3063 ἀλλὰ
771 3012 897 3080 περὶ
944 3009 1040 3082 τὴν
1061 3009 1304 3074 ἐξέτασιν
1347 3011 1445 3080 τῆς
1489 3009 1770 3079 ἀληθείας,

189 3101 455 3170 κινήμασι
489 3101 787 3172 σκωλήκων
823 3103 855 3173 ἢ
892 3103 1065 3157 ἄλλων
1103 3103 1264 3156 τινῶν
1301 3102 1560 3156 τοιούτων
1596 3119 1775 3173 παρα-

189 3191 494 3263 ϐάλλομεν·
544 3192 853 3263 φιλαληθῶς
899 3193 953 3248 δὲ
1006 3194 1134 3264 περί
1174 3210 1334 3247 τινων
1390 3192 1776 3264 μαρτυροῦμεν

201 3283 471 3354 Ἐλλήνων
501 3284 925 3353 φιλοσόφων,ὂτι
951 3285 1267 3354 ἐπέγνωσαν
1295 3285 1386 3338 τὸν
1416 3285 1570 3348 Θεὸν,
1610 3304 1626 3335 ι
1659 3286 1780 3337 ἐπεὶ

188 3377 218 3427 ὁ
247 3375 382 3439 θεὸς
427 3377 610 3440 αὐτοῖς
652 3377 1030 3447 ἐφανέρωσενο
1086 3397 1104 3428 ι
1158 3379 1206 3430 εἰ
1239 3380 1334 3430 καὶ
1379 3397 1396 3426 ι
1440 3367 1512 3447 μῆ
1542 3377 1617 3439 ὡς
1646 3375 1778 3430 Θεὸν

190 3467 487 3533 ἐδόξασαν,
532 3469 566 3540 ἢ
603 3469 1046 3541 ηὐχαρίστησαν·
1095 3468 1207 3522 ἀλλ’
1260 3468 1682 3538 ἐματαιώθησαν
1721 3469 1777 3520 ὲν

188 3561 303 3621 τοῖς
329 3558 694 3629 διαλογισμοῖς
722 3559 920 3612 αὐτῶν.
971 3561 1080 3612 Καὶ
1115 3559 1414 3628 φάσκοντες
1438 3556 1575 3612 εἶναι
1603 3557 1775 3626 σοφοὶ,

1883 554 2041 608 quam
2075 554 2198 592 cum
2246 537 2390 591 inter
2418 534 2634 590 δυόωσι
2674 544 2730 590 et
2777 535 3122 592 Christianos
3173 539 3460 608 disputan-

1884 642 1993 686 tur.
2039 650 2056 682 ι
2102 630 2207 684 Sed
2254 644 2356 683 nos
2403 628 2552 682 illum
2591 643 2720 706 non.
2748 628 3118 696 imitabimur,
3167 646 3268 685 nec
3298 631 3458 701 quid-

1882 739 2043 794 quam
2067 723 2244 777 simile
2272 723 2517 777 dicemus
2543 723 2610 776 de
2637 721 2996 792 philosophis,
3019 723 3110 792 qui
3143 738 3326 778 rerum
3345 740 3460 778 om-

1884 817 2029 870 nium
2062 825 2314 868 naturam
2348 814 2449 869 sibi
2482 815 2818 882 exploratam
2853 830 2976 870 esse
3016 815 3300 885 jactitant,
3352 818 3462 870 dis-

1882 915 2184 976 seruntque
2214 906 2356 959 inter
2382 920 2440 959 se
2471 906 2748 976 quomodo
2768 907 2947 960 omnia
2979 907 3198 960 condita
3231 906 3459 967 fuerint,
3484 895 3486 898 ’

1883 999 2156 1068 quomodo
2189 999 2388 1055 C(Blltm
2421 1006 2477 1052 et
2510 1007 2653 1052 terra
2686 998 2826 1052 facta
2857 999 2989 1063 sint,
3027 1010 3080 1054 ct
3129 999 3310 1054 omnia
3341 1015 3461 1069 quae

1883 1091 2188 1156 continent,
2222 1100 2401 1145 utrum
2433 1091 2631 1145 anima:
2665 1105 2766 1144 nec
2800 1090 2958 1144 facta:
2989 1106 3016 1143 a
3052 1091 3158 1145 Deo
3189 1105 3286 1145 nec
3309 1106 3461 1146 crea-

1885 1191 1972 1244 tat,
2003 1196 2032 1234 a
2063 1182 2172 1236 Deo
2208 1190 2467 1251 regantur
2495 1191 2548 1237 et
2599 1196 2631 1236 e
2677 1196 2904 1251 corpore
2934 1183 2985 1235 in
3038 1197 3236 1248 corpus
3285 1193 3460 1236 trans-

1884 1273 2120 1341 migrent
2161 1289 2175 1338 ;
2224 1289 2292 1327 an
2328 1275 2504 1328 insitm
2562 1273 2723 1328 simul
2765 1275 3088 1342 corporibus
3132 1275 3461 1330 immortales

1884 1367 2017 1430 sint,
2049 1375 2140 1420 aut
2173 1367 2451 1421 mortales.
2484 1366 2675 1420 Posset
2701 1367 2844 1420 enim
2875 1366 3016 1433 quis,
3045 1366 3243 1420 nedum
3271 1366 3462 1420 laudet

1885 1468 1978 1512 aut
2007 1460 2202 1528 probet
2233 1460 2567 1527 propositqu
2601 1475 2789 1512 eorum
2822 1459 2914 1527 qui
2943 1459 3333 1526 investigandae
3376 1474 3462 1511 ve-

1889 1549 2038 1605 ritati
2073 1559 2289 1617 vacant,
2325 1561 2379 1603 et
2412 1550 2598 1617 iocose
2634 1549 2822 1604 ludere
2869 1549 3225 1618 philosophos
3255 1550 3375 1604 illos
3407 1559 3462 1602 et

1887 1640 2116 1710 maligne
2151 1642 2331 1694 dicere
2368 1655 2463 1694 eos
2503 1656 2622 1695 esse
2659 1655 2871 1695 vermes
2898 1639 3016 1709 qui,
3052 1639 3106 1692 in
3144 1640 3304 1708 hujus
3335 1639 3462 1693 vitae

1883 1751 2060 1800 como,
2100 1751 2210 1788 sua:
2245 1733 2634 1788 imbecillitatis
2661 1734 3008 1788 immemores
3054 1733 3120 1787 de
3152 1731 3312 1787 rebus
3353 1742 3459 1785 tam

1881 1827 2206 1882 sublimibus
2239 1828 2612 1896 pronuntiant,
2647 1827 2799 1896 quasi
2832 1841 2927 1880 eas
2965 1825 3376 1895 intelligerent;
3405 1835 3462 1877 et

1881 1923 2213 1973 contendunt
2234 1959 2249 1984 ,
2280 1920 2436 1989 quasi
2482 1934 2569 1973 res
2621 1920 2855 1973 assecuti
2884 1961 2899 1986 ,
2940 1917 3104 1988 524
3135 1932 3271 1986 quas
3300 1933 3460 1971 nemo

1881 2018 2064 2078 potest
2113 2011 2232 2064 sine
2279 2009 2464 2063 afﬂatu
2527 2009 2721 2065 divina:
2779 2009 2998 2062 virtutis
3070 2007 3456 2076 contemplari.

1887 2118 1904 2152 ι
1945 2099 2115 2155 Nemo
2147 2102 2291 2155 enim
2325 2102 2474 2155 novit
2515 2101 2814 2171 quidquam
2854 2100 3115 2166 hominis,
3151 2099 3258 2153 nisi
3285 2099 3454 2168 spiri-

1884 2203 1970 2248 tus
2001 2195 2233 2249 hominis
2275 2195 2370 2264 qui
2420 2196 2473 2248 in
2514 2195 2632 2264 ipso
2676 2204 2758 2250 est
2802 2194 2918 2259 ;ita
2953 2203 3010 2248 et
3054 2208 3174 2260 quae
3200 2191 3294 2245 Dei
3333 2200 3462 2246 sunt

1881 2302 2040 2342 nemo
2069 2286 2322 2356 cognovit
2354 2287 2459 2338 nisi
2509 2286 2735 2354 spiritus
2769 2285 2858 2338 Dei
2889 2284 2955 2340 ⁷⁸.
2999 2304 3017 2334 ›
3064 2283 3172 2338 Sed
3216 2296 3282 2337 eo
3312 2281 3461 2335 iusa-

1881 2379 1985 2432 nia:
2017 2393 2120 2430 non
2149 2375 2421 2446 progressi
2448 2392 2656 2437 smnus,
2680 2377 2753 2428 ἰιι
2797 2375 3115 2444 praeclaram
3147 2375 3344 2428 horum
3378 2373 3461 2425 vi-

1881 2483 2064 2522 rorum
2117 2466 2529 2536 intelligentiam
2578 2466 2727 2535 (utor
2788 2469 2888 2520 hac
2936 2480 3069 2520 voce
3112 2480 3237 2520 cum
3275 2463 3458 2532 vulgo)

1880 2575 2020 2628 qum,
2053 2560 2253 2627 spretis
2301 2561 2464 2614 rebus
2498 2559 2839 2629 vulgaribus,
2871 2559 2923 2613 in
2967 2558 3288 2627 inquirenda
3318 2555 3462 2611 veri-

1883 2660 1992 2706 tate
2037 2654 2321 2721 occupavit
2364 2667 2486 2706 sese
2513 2692 2528 2716 ,
2579 2651 3007 2707 vermiculorum
3062 2660 3155 2703 aut
3199 2649 3459 2703 similium

1879 2744 2234 2797 animantium
2270 2742 2508 2796 motibus
2534 2741 2908 2796 conferamus.
2952 2739 3211 2807 Quiuimo
3246 2740 3460 2795 sincere

1879 2836 2203 2905 quibusdam
2223 2834 2430 2890 Graecis
2457 2834 2794 2904 philosophis
2819 2836 2923 2890 hoc
2950 2834 3320 2888 testimonium
3357 2834 3460 2888 ds-

1880 2945 2018 2990 mus,
2070 2936 2256 2980 notum
2309 2927 2415 2979 illis
2463 2926 2630 2980 fuisse
2685 2927 2888 2989 Deum,
2932 2944 2950 2976 ι
2983 2925 3127 2980 Deus
3176 2924 3321 2978 enim
3354 2923 3460 2979 illis

1880 3017 2292 3071 manifestavit:
2335 3017 2548 3070 tametsi
2585 3031 2688 3070 non
2718 3017 2861 3070 sicut
2906 3015 3072 3070 Deum
3122 3015 3461 3084 gloriﬁcave—

1881 3114 2028 3169 runt,
2060 3115 2154 3159 aut
2177 3106 2380 3174 gratias
2410 3115 2676 3172 egerunt:
2718 3106 2816 3159 sed
2849 3114 3192 3160 evanuerunt
3222 3106 3275 3159 in
3307 3105 3458 3175 cogi-

1879 3191 2178 3245 tationibus
2209 3191 2346 3256 suis,
2375 3199 2430 3246 et
2457 3193 2704 3247 dicentes
2738 3207 2798 3247 se
2827 3207 2948 3248 esse
2971 3196 3272 3263 sapientes,
3304 3195 3459 3248 stulti

1877 3281 2004 3337 facti
2056 3292 2204 3345 sunt,
2242 3290 2298 3336 et
2343 3293 2694 3338 mutaverunt
2735 3286 2962 3355 gloriam
3022 3287 3462 3354 incorruptibilis

1878 3375 1970 3429 Dei
2037 3376 2092 3428 in
2142 3375 2556 3429 similitudinem
2621 3377 2873 3445 imaginis
2943 3377 3310 3445 corruptibilis
3359 3377 3459 3432 ho-

1877 3467 2062 3530 minis,
2113 3476 2166 3522 et
2214 3467 2522 3532 volucrum,
2570 3478 2625 3523 et
2668 3467 3119 3537 quadrupedum,
3151 3477 3205 3522 et
3239 3482 3458 3538 serpen-

1879 3557 2012 3610 tium
2045 3558 2110 3611 τ’.
2149 3578 2167 3610 ι

190 3652 611 3722 ἐμωράνθησαν,
659 3654 753 3706 καὶ
790 3651 1024 3724 ἤλλαξαν
1070 3652 1170 3723 (5)
1209 3653 1307 3723 τὴν
1343 3652 1498 3719 δόξαν
1537 3653 1626 3705 τοῦ
1686 3650 1964 3722 ἀφθάρτου
2015 3650 2151 3705 Θεοῦ
2188 3653 2245 3704 ὲν
2288 3649 2595 3722 ὁμοιώματι
2627 3651 2831 3713 εἰκόνος
2862 3651 3102 3722 φθαρτοῦ
3150 3649 3458 3721 ἀνθρώπου,

188 3747 283 3800 καὶ
316 3749 598 3810 πετεινῶν,
641 3750 733 3802 καὶ
756 3749 1120 3820 τετραπόδων,
1152 3750 1244 3802 καὶ
1271 3748 1535 3820 ἑρπετῶν.
1581 3768 1599 3799 ι

258 3842 415 3895 Μετὰ
445 3843 634 3906 ταῦτα,
669 3843 985 3915 βουλόμενος
1017 3845 1469 3910 κατασκευάζειν,
1492 3846 1572 3898 ὅτι
1608 3845 1772 3915 μηδὲν

187 3934 297 3987 τῶν
352 3936 762 4007 προειρημένων
811 3937 940 4007 παρ’
1004 3936 1153 4007 αύτῷ
1214 3937 1368 4000 ζώων
1423 3937 1772 4007 διαφέρουσιν

202 4025 441 4078 Ἰουδαῖοι
484 4028 578 4080 καὶ
615 4029 966 4098 Χριστιανοὶ,
1021 4029 1216 4098 φησιν,
1270 4047 1287 4078 ι
1343 4027 1627 4090 Ἰουδαίους
1678 4028 1771 4080 ἀπ’

189 4117 466 4186 Αἰγύπτου
493 4119 762 4190 δραπέτας
796 4119 1112 4188 γεγονέναι,
1163 4119 1326 4190 μηδὲν
1373 4118 1592 4172 πώποτε
1630 4119 1774 4182 ἀξιό-

189 4210 347 4281 λογον
378 4212 723 4284 πράξαντας,
774 4212 884 4266 οὔτ’
927 4213 984 4265 ἐν
1017 4213 1160 4282 λόγῳ
1203 4211 1313 4265 οὔτ’
1354 4213 1412 4264 ὲν
1439 4211 1658 4282 ἀριθμῷ
1685 4212 1774 4264 αύ-

189 4302 316 4363 τούς
348 4319 477 4354 ποτε
510 4301 924 4372 γεγενημένους.
959 4321 976 4351 ι
1010 4301 1144 4371 Περὶ
1173 4300 1268 4371 μὲν
1297 4295 1389 4352 οὖν
1416 4297 1510 4352 τοῦ
1544 4299 1618 4370 μὴ
1645 4298 1775 4369 δρα-

1951 3847 2039 3900 51.
2071 3842 2198 3898 Post
2228 3844 2361 3906 haec,
2393 3853 2451 3895 ut
2478 3841 2766 3896 conﬁrmet
2790 3841 3005 3896 Judzeos
3030 3850 3084 3895 et
3113 3837 3460 3894 Christianos

1882 3935 2014 3989 nihil
2045 3935 2112 3989 ab
2138 3933 2462 3987 animalibus
2497 3948 2618 4002 quae
2653 3930 2963 3996 recensuit,
3000 3930 3315 3996 discrepare
3336 3967 3352 3993 ,
3384 3927 3463 3980 ait

1886 4047 1904 4078 ι
1937 4025 2152 4079 Ιυιιαιοε
2180 4024 2348 4078 fuisse
2384 4038 2574 4078 servos
2606 4022 2883 4093 fugitivos,
2917 4037 2981 4076 ex
3009 4021 3247 4091 Egypto
3273 4032 3462 4088 egres-

1882 4133 1989 4183 sos,
2020 4118 2182 4173 nullis
2228 4132 2464 4186 unquam
2501 4119 2669 4170 rebus
2714 4117 2883 4185 gestis
2929 4115 3193 4185 insignes,
3227 4114 3374 4168 nullo
3404 4120 3460 4166 tn

1875 4210 2024 4274 .loco,
2052 4209 2201 4263 nullo
2238 4211 2292 4263 in
2325 4223 2555 4263 numero
2587 4209 2823 4263 habitos.
2867 4227 2884 4258 ι
2917 4207 2986 4260 At
3008 4207 3245 4272 Judzeos,
3283 4221 3462 4273 neque

1882 4313 2068 4354 servos
2099 4298 2359 4368 fugitivos
2385 4339 2400 4362 ,
2455 4313 2632 4366 neque
2665 4297 2951 4368 Egyptios
2983 4297 3175 4361 fuisse,
3224 4296 3316 4350 sed
3355 4296 3462 4349 He-

191 4394 363 4456 πέτας
415 4395 612 4456 αὐτοὺς
661 4394 971 4461 γεγονέναι,
1030 4393 1151 4463 μηδ’
1222 4391 1591 4460 Αἰγυπτίουςν
1658 4390 1772 4443 ἀλλ’

1885 4391 2057 4447 braeos
2109 4391 2203 4461 qui
2251 4389 2305 4444 in
2349 4388 2645 4460 Egyptum
2693 4397 3101 4454 concesserant,
3150 4388 3260 4457 jam
3297 4395 3459 4441 antea

201 4486 488 4558 Ἐϐραίους
545 4485 704 4548 ὄντας
751 4485 1140 4556 παρῳχηκέναι
1189 4486 1246 4536 ὲν
1292 4486 1357 4554 τῇ
1408 4482 1688 4552 Αἰγύπτῳ,
1720 4483 1777 4535 ὲν

190 4581 305 4642 τοῖς
338 4577 596 4648 ἀνωτέρω
628 4579 758 4647 ἡμῖν
787 4575 1032 4629 λέλεκται
1059 4592 1072 4604 ·
1113 4576 1160 4627 εί
1191 4574 1248 4626 δὲ
1275 4574 1334 4625 τὸ
1365 4575 1492 4644 μήτ’
1529 4574 1586 4624 ὲν
1629 4572 1774 4642 λόγῳ

193 4670 325 4740 μήτ’
353 4671 411 4720 ἐν
456 4666 672 4738 ἀριθμῷ
711 4667 908 4729 αὐτοὺς
949 4665 1238 4737 γεγονέναι,
1272 4661 1774 4727 κατασκευάζεσθαι

188 4762 403 4832 νομίζει
431 4761 495 4813 ἐκ
525 4759 619 4813 τοῦ
654 4761 728 4832 μὴ
759 4761 898 4814 πάνυ
927 4777 978 4812 τι
1015 4759 1112 4831 τὴν
1151 4760 1276 4830 περὶ
1313 4757 1489 4810 αὐτῶν
1535 4757 1774 4829 ἱστορίαν

189 4852 540 4923 εὑρίσκεσθαι
570 4852 719 4923 παρὰ
748 4855 862 4915 τοῖς
897 4851 1142 4921 Ἕλλησι,
1179 4852 1444 4920 φήσομεν,
1476 4850 1580 4912 ὅτι,
1613 4849 1668 4901 εἴ
1691 4866 1774 4912 τις

191 4945 502 5001 ὲνατενίσαι
543 4949 607 5016 τῇ
653 4944 890 5016 ἀρχῆθεν
937 4943 1116 4997 αὐτῶν
1167 4943 1411 5013 πολιτείᾳ
1449 4943 1544 4995 καὶ
1570 4945 1636 5013 τῇ
1667 4944 1774 4995 τῶν

189 5039 373 5109 νόμων
414 5037 689 5101 διατάξει,
738 5036 887 5110 εὖροι
926 5035 1025 5101 ἂν,
1069 5037 1152 5089 ὅτι
1181 5035 1466 5104 γεγόνασιν
1499 5034 1774 5105 ἄνθρωποι

192 5130 352 5183 σκιὰν
395 5130 644 5201 οὐρανίου
693 5129 806 5199 βίου
852 5127 1310 5200 παραδεικνύντες
1345 5127 1437 5179 ἐπὶ
1481 5126 1614 5197 γῆς,
1647 5129 1775 5198 παρ’

187 5219 273 5286 οἷς
298 5222 451 5275 οὐδὲν
477 5221 605 5275 ἄλλο
631 5221 762 5284 Θεὸς
794 5221 1104 5290 νενόμισται
1131 5220 1162 5290 ἢ
1196 5222 1224 5272 ὁ
1251 5220 1342 5272 ἐπὶ
1371 5221 1506 5272 πᾶσι
1525 5259 1538 5282 ,
1569 5221 1661 5274 καὶ
1689 5222 1779 5273 ού-

187 5315 304 5377 δεὶς
330 5313 442 5366 τῶν
463 5313 677 5376 εἰκόνας
708 5311 1003 5366 ποιούντων
1028 5311 1369 5365 ἐπολιτεύετο
1390 5311 1486 5382 (4).
1515 5311 1650 5365 Οὔτε
1673 5312 1779 5385 γὰρ

269 5410 318 5441 ⁷⁸
359 5409 378 5461 l
409 5410 537 5463 Cor.
563 5425 624 5473 tl,
653 5409 739 5462 11.
850 5409 896 5440 ⁷⁹
925 5407 1083 5463 Rom.
1117 5409 1269 5472 1,19,
1299 5408 1392 5472 21,
1427 5407 1517 5473 22,
1546 5408 1636 5462 25.

266 5505 527 5576 (l)Libh.
578 5504 705 5576 editi
738 5504 802 5557 ad
854 5519 1030 5576 oram,
1066 5503 1341 5576 ἀγένητοι.
1392 5504 1592 5576 ibidem
1641 5523 1771 5560 mss.

196 5573 366 5639 recte,
397 5574 816 5644 διακοσμοῦνται
843 5576 934 5627 ὑπ’
969 5573 1154 5628 αὐτοῦ.
1190 5573 1346 5630 Libb.
1376 5575 1530 5641 editi,
1560 5575 1777 5630 διακοσ-

198 5647 426 5719 μοῦνται
464 5648 556 5719 ύᾼπῖ
583 5643 748 5719 αὐτῷ.

269 5719 349 5778 (2)
393 5716 601 5782 Οὐδεὶς
632 5714 1322 5788 γίιρίοῖδενηδῑιιμοῐηηοε
1370 5731 1498 5788 mss.
1545 5729 1777 5788 excepto

194 5789 413 5846 Juliano
436 5788 528 5859 qui
559 5785 684 5843 cum
726 5787 876 5843 libris
909 5786 1069 5844 editis
1103 5785 1154 5840 in
1184 5793 1334 5842 textu
1366 5787 1548 5857 habet,
1588 5785 1777 5863 ὥσπερ

1880 4482 2137 4537 diximus.
2175 4480 2232 4535 Si
2267 4488 2448 4534 autem
2486 4479 2608 4534 illos
2636 4478 2782 4533 nullo
2814 4479 2865 4532 in
2905 4478 3056 4543 loco,
3087 4477 3234 4530 nullo
3274 4477 3325 4530 in
3361 4491 3461 4529 nu—

1879 4589 2033 4628 mero
2058 4573 2272 4627 habitos
2297 4571 2465 4626 fuisse
2495 4571 2620 4625 inde
2649 4569 2866 4640 probari
2900 4575 3074 4638 putat,
3103 4566 3246 4635 quod
3269 4579 3459 4620 eorum

1879 4663 2123 4719 historiae
2155 4677 2261 4716 non
2301 4661 2496 4716 crebra
2543 4660 2832 4714 admodum
2868 4659 3010 4713 facta
3044 4658 3208 4711 fuerit
3247 4671 3277 4710 a
3321 4656 3462 4710 serio

1878 4757 2131 4828 ptoribus
2174 4754 2378 4810 Graecis
2422 4753 2627 4807 mentio
2663 4769 2678 4817 ;
2737 4749 3040 4805 refelletur.
3077 4749 3210 4802 Nam
3264 4749 3306 4802 si
3336 4747 3461 4816 quis

1882 4849 2237 4904 constitutam
2287 4849 2355 4903 ab
2393 4847 2549 4902 initio
2602 4861 2791 4900 eorum
2843 4843 3155 4914 reipublicae
3204 4841 3458 4905 formam,

1884 4942 2172 5014 legumque
2191 4941 2601 5012 dispositionem
2628 4939 2952 5008 inspexerit,
2973 4937 3212 4991 inventet
3229 4937 3275 4990 is
3293 4934 3462 4989 fuisse

1885 5035 2150 5098 homines,
2178 5034 2267 5102 qui
2314 5034 2364 5087 iu
2404 5041 2546 5088 terra
2575 5030 2857 5086 caelestem
2895 5031 3060 5082 vitam
3096 5035 3464 5096 repraesenta-

1886 5137 2027 5195 reut,
2060 5128 2149 5197 qui
2185 5143 2294 5181 non
2328 5128 2493 5180 alium
2541 5141 2703 5196 quam
2747 5139 3018 5178 summum
3055 5123 3224 5177 Deum
3254 5135 3462 5190 cogno-

1886 5231 2126 5285 scerent,
2157 5219 2267 5288 qui'
2293 5234 2484 5274 omnes
2528 5219 2825 5288 imaginum
2862 5216 3103 5271 artiliees
3151 5231 3180 5268 a
3221 5227 3279 5268 se
3307 5211 3462 5266 able-

1890 5323 2104 5384 garent.
2139 5311 2329 5366 Nullus
2367 5313 2512 5365 enim
2544 5312 2756 5380 pictor,
2802 5309 3047 5380 sculptor
3077 5306 3256 5363 nullus
3287 5305 3341 5358 in
3367 5317 3462 5359 eo-

1885 5505 2188 5580 véeobasis
2213 5499 2379 5580 ,οἶδεγς

1957 5566 2059 5648 (5)
2109 5566 2282 5631 Codd.
2335 5573 2535 5644 Regius
2587 5581 2641 5627 et
2692 5571 3058 5637 Basileensis,
3131 5570 3225 5624 καὶ
3281 5566 3463 5637 ἠλλά-

1920 5665 2063 5702 αντο.

1888 5648 1916 5715 ξ
1957 5718 2034 5789 (4)
2057 5716 2264 5782 Οὐδεὶς
2290 5715 2420 5789 τῶν.
2441 5717 2681 5789 εὶκλόιάς
2702 5715 3035 5789 zamiasz
3065 5708 3462 5789 έπολιτςύεςο,

1888 5769 2181 5846 ειὲξῬιιίιο
2225 5769 2362 5844 libro
2399 5769 2470 5842 De
2507 5769 2816 5858 Gigatitibus
2846 5802 2861 5839 .'
2898 5786 3034 5860 Παρ’
3071 5783 3098 5836 ὃ
3136 5779 3352 5841 καὶτὰς
3379 5769 3462 5831 δοὲ
