3898 6532
189 393 326 451 1081

1358 366 1641 427 CONTRA
1673 357 1955 420 CELSUM
1983 357 2113 412 LlD.
2149 350 2251 408 lV.‘

3305 322 3449 382 £083

185 512 249 568 τὸ
279 512 376 565 καὶ
415 508 505 578 ὐφ’
539 504 695 578 ὐμῶν
735 492 1260 573 παραλαμϐάνεσθαι
1297 490 1366 544 τά
1394 487 1636 558 ὀνόματα
1661 482 1770 536 τῶν

1904 476 2178 546 lsurpatis,
2201 469 2338 525 eerti
2367 459 2701 531 experientia
2725 469 2972 526 magnam
2993 465 3114 506 esse
3133 449 3448 518 huiusmodi

2088 568 2118 578 ,.
2203 566 2212 576 .
2319 562 2329 573 ο
2370 569 2380 578 .
2594 567 2696 578 ......
2732 550 2783 578 :.|
2821 547 3104 578 numnum.
3149 542 3335 578 ιιι-ηιιοι
3367 541 3448 578 (li-

187 605 358 679 τριῶν
379 601 584 656 τούτων
610 594 891 668 γεναρχῶν
919 590 1026 646 ¹τοῦ
1057 589 1262 650 ἔθνους,
1284 587 1352 655 τῇ
1386 579 1644 652 ἐναργείᾳ
1675 593 1776 628 κα-

189 668 648 768 ταλαμϐανόντων
667 734 682 754 ,
712 691 812 742 οὐκ
838 682 1287 754 εὐκαταφρόνητα
1311 674 1566 730 ἀνύεσθαι
1589 673 1653 724 ὲκ
1675 668 1776 739 τῆς

190 787 497 858 κατεπικλή
505 803 641 848 σεως
655 782 851 845 αὐτῶν,
871 777 1168 850 παρίστησι
1183 772 1244 825 τὸ
1256 771 1397 824 θεῖον
1417 767 1525 820 τῶν
1545 761 1772 834 ἀνδρῶν;

190 881 290 946 οὓς
321 852 675 950 οὐδαμόθενῆ
711 873 817 926 άπὸ
853 870 961 924 τῶν
997 867 1157 938 ἱερῶν
1210 859 1360 933 παρά
1395 855 1666 917 Ἰουδαίοις
1697 852 1777 922 βι-

193 942 362 1028 ϐλίων
390 942 912 1044 παραλαμϐάνομεν.
957 959 1119 1014 Ἀλλά
1147 957 1255 1028 γὰρ
1289 953 1382 1008 καὶ
1401 954 1430 1004 6
1469 969 1485 1000 ι
1520 947 1652 1008 Θεὸς
1682 942 1774 997 τοῦ

199 1065 448 1137 Ἰσραὴλ,
476 1039 576 1118 καὶ
604 1039 633 1114 δ
663 1059 796 1122 Θεὸς
821 1056 928 1108 τῶν
962 1049 1252 1122 Ἐϐραίων,
1284 1046 1380 1100 καὶ
1405 1046 1434 1097 ό
1457 1041 1589 1102 Θεὸς
1619 1039 1648 1090 ὁ
1676 1052 1775 1090 κα-

195 1130 548 1219 ταποντῶσας
590 1155 647 1206 ὲν
677 1155 742 1223 τῇ
788 1147 1023 1220 Ἐρυθρᾷ
1053 1143 1297 1213 θαλάσσῃ
1324 1139 1417 1191 τὸν
1469 1130 1776 1202 Αἰγυπτίων

196 1247 426 1319 βασιλέα
453 1247 548 1300 καὶ
583 1221 1088 1310 τούςλίγυπτίους,
1121 1255 1139 1286 ι
1176 1230 1432 1292 πολλάκις
1453 1221 1776 1294 ὀνομάζεται

197 1312 763 1412 παραλαμϐανόμενος
792 1331 932 1386 κατά
957 1329 1244 1400 δαιμόνων,
1280 1325 1313 1393 ἦ
1339 1337 1496 1375 τινων
1530 1312 1778 1383 πονηρῶν

196 1405 504 1502 δυνάμεων.
528 1405 887 1497 Μανθάνομεν
911 1422 968 1476 δὲ
996 1421 1095 1492 τὴν
1143 1418 1268 1489 περὶ⁵
1295 1415 1363 1468 τὰ
1410 1405 1779 1480 ὀνομαζόμενα

200 1495 444 1594 ἱστορίαν
501 1522 596 1574 καὶ
653 1519 754 1591 τὴν
787 1495 916 1574 ,τῶν
974 1511 1251 1583 ὀνομάτων
1317 1501 1608 1576 ἑρμηνείαν
1673 1495 1780 1550 ἀπὸ

210 1588 481 1686 Ἐϐραίων
507 1613 614 1665 τῶν
642 1588 752 1674 τοίς
779 1607 1027 1679 πατρίοις
1049 1605 1338 1675 γράμμασι
1359 1597 1453 1650 κα)⁸
1473 1596 1538 1664 τῇ
1568 1588 1781 1662 πατρίῳ

200 1681 472 1776 διαλέκτῳ
498 1704 672 1758 ταῦτα
695 1700 1064 1772 σεμνυνόντων
1096 1696 1190 1749 καὶ
1219 1687 1608 1761 διηγουμένων.
1657 1681 1792 1748 Πῶς

201 1794 297 1853 οὖν
323 1818 340 1850 ι
378 1797 619 1852 Ἰουδαῖοι
646 1793 794 1848 ταῦτ’
817 1790 1261 1861 ἐπιχειρήσαντες
1294 1779 1514 1841 ἑαυτοὺς
1537 1773 1786 1844 γενεαλοο

1878 566 2250 625 .invocationis
2284 562 2558 620 virtutem,
2594 550 2784 628 nonid
2820 547 3104 602 evidenter
3149 542 3340 612 probet
3367 541 3451 595 di-

1881 665 2039 718 vinos
2071 659 2192 713 illos
2220 655 2389 709 fuisse
2416 646 2600 704 viros?
2631 643 2740 698 llos
2765 651 2944 694 tamen
2976 634 3189 692 nonnisi
3219 649 3248 688 a
3277 633 3450 688 sacris

1881 753 2191 810 Judteomm
2245 744 2401 799 libris
2433 737 2833 811 cognoscimus.
2870 731 3024 800 Saepe
3061 729 3224 782 etiam
3257 735 3450 781 contra

1883 848 2160 902 daemones
2187 839 2430 906 aliasque
2464 832 2652 887 noxias
2686 833 2982 897 potestates
3016 823 3068 876 in
3109 835 3207 875 usu
3241 830 3324 873 est
3347 819 3450 874 ista

1884 935 2114 992 formula
2143 951 2159 988 :
2196 950 2215 983 ι
2261 930 2406 984 Deus
2438 924 2628 986 Israel,
2663 921 2804 975 Deus
2865 915 3211 970 Hebraeorum
3237 953 3252 977 ,
3310 909 3452 965 Deus

1883 1030 1975 1100 qui
2005 1023 2382 1097 Egyptiorum
2413 1032 2590 1088 regem
2614 1010 3010 1083 [Egyptiosque
3033 1001 3371 1059 submersisti
3399 1000 3452 1056 in

1885 1122 2020 1176 mari
2058 1119 2264 1172 Rubro.
2297 1132 2317 1166 ι
2350 1108 2513 1178 Atqui
2546 1108 2642 1160 bas
2688 1102 2946 1157 historias
2977 1107 3032 1153 et
3063 1096 3338 1150 nominum
3373 1095 3458 1148 in-

1887 1207 2329 1278 terpretationem
2362 1199 2458 1256 soli
2496 1197 2654 1252 nobis
2705 1193 3048 1249 tradiderunt
3076 1187 3282 1242 Hebraei
3313 1225 3327 1250 ,
3359 1185 3453 1255 qui

1887 1303 2078 1375 patriis
2132 1297 2334 1353 litteris
2381 1292 2670 1362 patriaque
2722 1287 2903 1356 lingua
2964 1283 3078 1336 haec
3106 1281 3287 1334 omnia
3315 1278 3456 1332 cele-

1889 1371 2047 1449 brant
2078 1402 2134 1447 et
2158 1390 2452 1458 explicant.
2486 1379 2769 1450 Quomodo
2824 1377 2990 1446 igitur
3044 1391 3063 1424 ‹
3089 1371 3260 1425 ,ἰυύωί
3297 1383 3454 1423 suum

1888 1486 2127 1557 aggressi
2191 1497 2362 1554 genus
2423 1488 2712 1533 recensere
2778 1487 2809 1525 a
2859 1467 3054 1539 primis
3125 1463 3288 1534 528
3350 1460 3458 1515 illis

1889 1579 2204 1637 hominibus
2245 1594 2262 1626 ι
2323 1586 2460 1642 quos
2514 1571 2838 1636 impostores
2886 1571 2940 1616 et
2990 1573 3215 1615 errones
3263 1569 3460 1610 vocare

1889 1674 2049 1730 Celso
2078 1668 2302 1740 placuit,
2331 1664 2446 1718 ausi
2477 1659 3127 1729 suntimpudentersuam
3146 1650 3211 1704 ad
3239 1648 3358 1702 illos
3377 1664 3461 1702 re-

1895 1765 2035 1822 ferre
2063 1757 2372 1830 originem?
2397 1755 2558 1810 Certe
2583 1766 2769 1807 eorum
2802 1747 3047 1811 nomina,
3075 1759 3198 1800 cum
3217 1743 3327 1796 sint
3353 1739 3462 1795 He-

201 1833 296 1853 νυν
323 1833 340 1850 ι
395 1833 619 1852 ιυυυιιυ..
657 1833 774 1848 η.-.
817 1833 1259 1861 -..Ἄνθην-.--τ
1493 1833 1511 1841 ,
1549 1833 1560 1844 ,

199 1894 322 1960 γεῖν
353 1890 461 1944 ἀπὸ
489 1887 710 1960 πρώτης
761 1885 967 1955 σπορᾶς
999 1880 1203 1934 τούτων
1226 1917 1240 1938 ,
1281 1896 1298 1926 ι
1346 1871 1439 1936 οὒς
1464 1870 1666 1939 γόητας
1699 1863 1793 1918 καὶ

1904 1854 2102 1917 braica,
2129 1848 2381 1916 sacrique
2405 1859 2598 1900 eorum
2629 1841 2755 1896 libri
2796 1839 3147 1895 Hebraeorum
3194 1833 3378 1901 lingua
3403 1839 3461 1886 et

1904 1946 1979 1960 -~--
2053 1947 2093 1960 σε
2155 1937 2397 1960 n__-_:...:
2454 1941 2776 1960 ..-κη-..ιηηιη
2806 1938 2926 1960 ρει-ἰι
2956 1937 3169 1960 nauatur“
3208 1926 3362 1960 ictam
3397 1923 3461 1960 ad

206 1958 486 2053 πλανήτας
507 1958 826 2051 ἀνθρώπους
851 1973 1147 2044 ὑπείληφεν
1176 1965 1312 2022 εἶναι
1340 1967 1368 2017 6
1393 1962 1612 2022 Κέλσος,
1637 1958 1789 2010 ἀναι-

204 2075 452 2144 σχύντως
485 2069 852 2143 ἐπιχειροῦσιν
883 2066 1108 2126 ἑαυτοὺς
1140 2061 1233 2114 καὶ
1277 2057 1375 2128 τὴν
1402 2051 1582 2108 αὐτῶν
1612 2045 1786 2118 ἀρχὴν

203 2137 302 2220 ιξι
325 2166 549 2227 τούτους
581 2137 800 2231 ἀνάγειν
821 2177 835 2224 ;
859 2153 932 2213 ὧν
948 2157 1017 2212 τά
1036 2156 1273 2225 ὀνόματα
1296 2143 1559 2219 Ἐϐραῖκά
1585 2137 1788 2210 τυγχά-

204 2276 365 2312 νοντα
402 2258 667 2330 μαρτυρεί
698 2252 964 2324 Ἑϐραίοις
990 2290 1004 2314 ,
1051 2248 1119 2302 τά
1156 2245 1277 2318 ἱερά
1305 2239 1485 2297 αὐτῶν
1526 2234 1704 2308 βιϐλία
1732 2231 1789 2282 ἐν

215 2323 688 2422 Ἐϐραίωνηέχουσι
714 2323 977 2414 διαλέκτῳ
1003 2346 1096 2395 καὶ
1125 2339 1412 2411 γράμματι
1440 2328 1572 2400 (21),
1599 2328 1681 2380 ὅτι
1708 2323 1789 2375 ol-

1897 1946 2098 1999 littcris
2138 1937 2423 2006 descripti,
2453 1941 2777 2003 argumento
2806 1938 2932 1984 sunt
2956 1937 3170 1992 gentem
3208 1926 3362 1979 istam
3396 1923 3462 1975 ad

1893 2036 2144 2092 homines
2171 2033 2291 2086 illos
2316 2028 2611 2099 pertinere.
2631 2025 2808 2091 Atque
2825 2019 3124 2076 etiamnum
3154 2013 3462 2070 Judzeorum

1895 2129 2112 2185 nomina
2141 2123 2466 2180 Hebraicam
2499 2119 2739 2188 linguam
2773 2113 3057 2176 referunt,
3111 2114 3299 2175 utpote
3344 2118 3464 2174 quae

1897 2233 1990 2277 aut
2019 2238 2084 2276 ex
2115 2220 2332 2274 illorum
2363 2215 2520 2270 libris
2556 2212 2920 2268 deducuntur,
2968 2213 3065 2258 aut
3087 2211 3236 2257 certe
3258 2214 3322 2254 ex
3357 2198 3464 2252 illis

1901 2315 2061 2371 rebus
2090 2327 2208 2382 qua:
2235 2309 2614 2380 signiﬁcantur
2638 2301 2903 2357 Hebraica
2931 2311 3082 2352 voce.

236 2383 485 2422 υυγυιιυυν
509 2383 688 2420 tua...
714 2383 977 2414 ...ηπ-ιν
1004 2383 1096 2395 η...
1139 2383 1407 2411 ,μη-ν---
1444 2383 1489 2400 ,κ
1533 2383 1571 2400 ,.

205 2448 354 2499 κεῖόν
387 2447 504 2498 ἐστι
535 2444 596 2497 τὸ
633 2443 783 2505 ἔθνος
824 2439 1002 2494 αὐτῶν
1030 2439 1143 2499 τοῖς
1173 2432 1398 2504 ἀνδράσι
1438 2426 1666 2486 τούτοις.
1697 2421 1809 2474 Καὶ
1853 2414 1960 2486 γὰρ
2027 2409 2186 2481 μέχρι
2231 2405 2326 2459 τοῦ
2385 2403 2544 2473 δεῖ)ρο
2601 2397 2670 2452 τὰ
2738 2391 3003 2449 Ἰουδαῖκά
3046 2388 3282 2459 ὀνόματα
3306 2426 3322 2450 ν
3369 2383 3468 2453 τῆς

2144 2503 2152 2505 ξ
2192 2504 2197 2505 ,
2260 2499 2276 2505 Α
2377 2497 2400 2505 _
2503 2497 2515 2505 ι
2585 2494 2596 2505 ι
2697 2491 2721 2505 ρ
2803 2489 2820 2505 κ
2844 2487 2869 2500 ⁸⁸
2899 2504 2906 2505 κ
2965 2485 3056 2505 lsi‘
3115 2482 3220 2505 -.”⁸...
3277 2495 3442 2505 ραι..--

212 2540 489 2611 Ἐϐραίων
519 2482 1086 2610 ἐχόμεναῖδιαλέκτου,
1113 2482 1368 2600 ήτοινάπδ
1388 2482 1392 2483 7
1411 2521 1518 2575 τῶν
1548 2482 1890 2590 γραμμάτων
1915 2482 2093 2564 αὐτῶν
2115 2499 2346 2573 ἐλήφθη,
2371 2497 2405 2568 ἢ
2432 2497 2528 2550 καὶ
2576 2487 2909 2556 ἁπαξαπλῶς
2957 2485 3064 2540 ἀπὸ
3113 2482 3220 2535 τῶν
3275 2495 3470 2549 σημαι-

198 2634 448 2704 νομένων
485 2633 590 2685 ὐπὸ
623 2631 723 2700 τῆς
760 2628 1022 2701 Ἐϐραίων
1055 2624 1259 2695 φωνῆς.

310 2728 423 2780 Καὶ
469 2727 592 2797 ὅρα,
616 2727 645 2778 6
676 2723 1015 2794 ἐντυγχάνων
1040 2724 1105 2791 τῇ
1135 2717 1346 2772 Κέλσου
1393 2714 1602 2785 γραφῇ,
1635 2710 1683 2761 εί
1718 2704 1792 2776 μὴ

200 2815 359 2870 ταῦτ’
384 2815 684 2868 αἰνίττεται
704 2813 764 2867 τὸ
789 2830 801 2843 ·
836 2831 854 2864 ‹
894 2811 997 2865 Καὶ
1023 2807 1382 2878 ἐπεχείρησαν
1404 2799 1794 2872 γενεαλογῆσαι

201 2907 410 2971 αὐτοὺς
434 2907 542 2960 ἀπὸ
565 2903 790 2976 πρώτης
821 2903 1030 2973 σπορᾶς
1055 2900 1264 2970 γοήτων
1314 2895 1408 2949 καὶ
1450 2893 1665 2947 πλάνων
1697 2889 1793 2942 ἀν-

205 2996 468 3069 θρώπων,
511 2994 757 3066 ἀμυδρὰς
788 2993 883 3045 καὶ
912 2988 1245 3061 ἀμφιϐόλους
1294 2984 1498 3055 φωνὰς,
1530 2983 1588 3034 ἐν
1620 2979 1796 3049 σκότῳ

204 3105 315 3141 που
341 3087 627 3158 κρυφίους,
671 3082 1192 3155 ἐπιμαρτυρόμενοι.
1235 3098 1253 3130 ι
1286 3077 1512 3149 Κρύφια
1542 3074 1671 3146 γὰρ,
1703 3073 1798 3126 καὶ

200 3181 312 3233 οὐκ
363 3182 420 3232 ἐν
455 3180 593 3249 φωτὶ
638 3179 732 3232 καὶ
769 3175 966 3245 γνώσει
1017 3173 1227 3226 πολλῶν
1277 3173 1392 3224 ἐστι
1448 3169 1518 3222 τά
1560 3167 1799 3238 ὀνόματα

204 3269 385 3323 ταῦτα
405 3311 420 3334 ,
455 3271 574 3324 καθ’
601 3272 750 3340 ήμᾶς
781 3269 878 3340 μὲν
904 3269 1002 3320 οὐκ
1055 3266 1326 3336 ἀμφίϐολα
1349 3306 1363 3329 ,
1405 3265 1507 3318 κᾶν
1543 3263 1648 3315 ὐπὸ
1691 3259 1800 3314 τῶν

206 3363 512 3433 ἀλλοτρίων
534 3364 636 3432 τῆς
659 3362 929 3434 ἡμετέρας
950 3361 1258 3422 θεοσεϐείας
1279 3356 1796 3429 παραλαμϐάνηται·

209 3456 357 3508 κατά
391 3454 448 3507 δὲ
483 3454 686 3507 Κέλσον
710 3494 725 3516 ,
772 3457 831 3507 οὐ
862 3453 1204 3526 παριστάντα
1236 3450 1346 3522 (22)
1380 3451 1439 3502 τὸ
1467 3449 1575 3502 τῶν
1610 3446 1802 3517 φωνῶν

208 3545 538 3614 ἀμφίϐολον,
555 3545 656 3598 οὐκ
669 3541 923 3608 οἷδ’ὅπως
940 3545 1331 3616 παρέρῤιπται.
1356 3539 1612 3604 Καίτοιγε
1635 3538 1803 3608 ἐχρῆν

206 3635 401 3699 αὐτὸν,
430 3635 586 3708 εἴπερ
614 3636 968 3707 εὐγνωμόνως
993 3634 1318 3706 ἀνατρέπειν
1343 3631 1592 3684 ἐϐούλετο
1613 3630 1678 3700 ἢν
1700 3627 1807 3698 ᾡή·

211 3729 288 3797 θη
316 3729 776 3798 ἀναισχυντότατα
835 3725 1202 3798 παρειλῆφθαι
1253 3719 1604 3790 γενεαλογίαν
1668 3718 1805 3770 Ἰουι·

209 3819 389 3881 δαίοις
417 3818 640 3889 αὐχοῦσι
665 3819 756 3871 τὸν
788 3817 1038 3888 Ἀϐραὰμ
1062 3816 1154 3870 καὶ
1180 3816 1307 3877 τοὺς
1335 3814 1428 3866 ἀπ’
1480 3808 1644 3864 αὐτοῦ
1666 3851 1680 3875 ,
1708 3807 1807 3861 ὅλα

209 3909 476 3962 ἐκθέσθαι
503 3909 571 3962 τά
583 3908 725 3963 κατά
738 3910 826 3962 τὸν
850 3910 1040 3962 τόπονο
1066 3907 1160 3960 καὶ
1195 3905 1457 3976 πρότερον
1481 3898 1807 3971 συναγορεύ-

213 4017 314 4054 σαι
426 3999 641 4070 ἐνόμιζε
676 3998 1027 4069 πιθανότητι,
1060 3998 1154 4052 καὶ
1186 3995 1324 4066 μετά
1353 3993 1510 4046 τοῦτο
1540 3991 1804 4059 γενναίως

211 4091 522 4164 ἀνατρέψαι
541 4094 606 4162 τῇ
634 4091 932 4161 φαινομένῃ
959 4089 1106 4160 αὐτῷ
1130 4087 1377 4159 ἀληθεία,
1412 4085 1508 4138 καὶ
1529 4085 1642 4146 τοῖς
1666 4081 1806 4153 ὑπὲρ

213 4186 393 4255 αὐτῆς
422 4185 622 4252 λογίοις
645 4184 710 4237 τά
733 4182 875 4237 κατά
904 4182 995 4235 τὸν
1027 4182 1211 4234 τόπον.
1263 4178 1400 4230 ’Λλλ’
1430 4176 1550 4228 οὐτε
1601 4175 1809 4235 Κέλσος

213 4278 334 4332 οὔτ’
365 4278 522 4340 ἄλλος
559 4295 644 4341 τις
693 4277 999 4346 δυνήσεται,
1033 4273 1102 4326 τὰ
1127 4272 1251 4343 περὶ
1285 4271 1499 4338 φύσεώς
1531 4267 1808 4336 ὀνομάτων

1970 2695 2062 2749 55.
2099 2691 2251 2745 Nunc
2275 2685 2419 2748 vide,
2447 2691 2500 2736 tu
2520 2679 2610 2747 qui
2630 2674 2771 2731 Celsi
2806 2671 3072 2740 scriptum
3103 2664 3260 2733 legis,
3281 2676 3461 2715 annon

1903 2803 1967 2844 eo
2015 2787 2262 2854 spectent
2293 2777 2410 2831 haec
2446 2772 2564 2842 ejus
2598 2769 2803 2821 verba:
2842 2782 2861 2816 ι
2897 2759 3149 2832 Aggressi
3213 2756 3284 2808 illi
3315 2767 3468 2806 suam

1902 2893 2075 2948 usque
2107 2892 2135 2930 a
2169 2871 2358 2943 primis
2385 2863 2774 2936 impostoribus
2809 2867 2864 2910 et
2894 2853 3188 2910 erronibus
3228 2855 3472 2915 repetere

1903 2971 2172 3040 originem
2201 3005 2216 3030 ,
2249 2963 2536 3020 obscuras,
2574 2952 2844 3020 ancipites
2871 2987 2886 3011 ,
2919 2943 3158 2998 tenebris
3187 2937 3472 2993 obuolutas

1899 3078 2063 3120 voces
2118 3060 2171 3113 in
2233 3049 2604 3109 testimonium
2653 3041 2961 3112 proferunt.
2998 3056 3016 3088 ι
3049 3033 3272 3088 Occulta
3326 3029 3470 3081 enim

1901 3160 2060 3216 sunt,
2098 3162 2200 3201 nec
2248 3160 2276 3197 a
2312 3140 2496 3196 multis
2528 3142 2824 3190 noscuntur
2861 3129 2975 3182 [nec
3022 3122 3237 3179 nomina
3269 3137 3282 3172 :
3317 3116 3474 3171 nobis

1904 3255 2082 3300 tamen
2113 3253 2218 3294 non
2268 3242 2392 3288 sunt
2423 3229 2690 3297 ambigua:
2723 3215 3160 3292 signiﬁcationis,
3217 3207 3472 3279 quamvis

1903 3342 2167 3402 usurpata
2207 3328 2274 3382 ab
2307 3327 2373 3381 iis
2414 3322 2505 3391 qui
2542 3336 2570 3372 a
2607 3325 2788 3372 nostra
2820 3310 3080 3380 religione
3128 3301 3294 3358 alieni
3323 3307 3474 3354 sunt.

1904 3425 2010 3481 Sed
2088 3419 2245 3477 Celso
2275 3389 2458 3470 nescio
2485 3409 2756 3480 quomodo
2783 3403 2930 3471 rejici
2959 3399 3329 3470 possint,cnm
3349 3389 3478 3460 quid

1905 3518 1958 3572 in
1990 3515 2094 3569 illis
2126 3509 2268 3579 quod
2313 3505 2623 3572 ambiguum
2653 3501 2722 3554 sit
2754 3513 2858 3551 non
2904 3492 3160 3549 ostendat
3189 3505 3203 3540 :
3235 3494 3475 3539 attamen

1905 3608 1949 3663 si
1981 3604 2243 3660 voluisset
2275 3598 2584 3652 .ludzeorum
2643 3593 2711 3644 ab
2747 3587 3023 3642 Abraham
3051 3582 3280 3651 ejusque
3308 3590 3473 3642 nepo-

1907 3700 2052 3752 tibus
2082 3703 2233 3748 ortos
2281 3704 2360 3752 se,
2396 3696 2453 3738 ut
2486 3692 2659 3753 putat,
2700 3677 2992 3733 insolenter
3029 3667 3352 3739 jactantium
3388 3680 3474 3732 ge-

1909 3785 2212 3852 nealogiam
2242 3779 2470 3834 candide
2503 3777 2840 3843 impugnare,
2866 3776 3204 3834 quaecunque
3232 3759 3335 3812 huc
3361 3771 3482 3825 per-

1911 3879 2083 3930 tinem.
2136 3873 2187 3927 in
2216 3871 2455 3924 medium
2485 3863 2682 3918 aﬂerre
2735 3859 2942 3918 debuit,
2993 3862 3049 3908 et
3079 3848 3320 3905 stabilita
3371 3844 3484 3912 pri-

1910 3982 2055 4021 mum
2080 3978 2199 4034 quae
2223 3961 2330 4016 sibi
2352 3955 2689 4028 probabilior
2717 3951 2832 4004 visa
2865 3957 2949 4001 est
2970 3942 3262 4003 sententia,
3295 3944 3485 4003 postea

1911 4066 2111 4125 aperta
2134 4055 2237 4109 sibi
2265 4049 2508 4105 veritatis
2546 4045 2756 4100 viribus
2782 4037 3187 4103 rationibusque
3208 4044 3325 4083 eam
3353 4042 3488 4080 con-

1912 4147 2264 4203 ﬁrmantibus
2297 4155 2542 4196 errorem
2583 4145 2882 4191 conterere.
2917 4128 3022 4182 Sed
3059 4139 3232 4193 neque
3258 4119 3448 4174 Celsus
3470 4156 3486 4181 ,

1915 4274 2090 4330 neque
2137 4259 2425 4327 quisquam
2485 4251 2623 4305 alius
2660 4248 2936 4301 nominum
2972 4255 3090 4310 quae
3120 4237 3185 4291 ad
3234 4232 3485 4288 facienda

212 4370 304 4431 εἰς
334 4369 594 4438 δυνάμεις
640 4330 1216 4437 παραλαμϐανομένων
1244 4330 1665 4428 διαλαμϐάνων,
1717 4354 1796 4406 τὸπ

1917 4353 2164 4424 prodigia
2200 4348 2552 4406 adhibentur,
2595 4350 2845 4394 naturam
2883 4330 3202 4387 disserendo
3235 4334 3490 4380 accurate

2657 4433 2666 4438 -
2914 4427 2945 4438 ..
3083 4423 3094 4438 .
3266 4420 3342 4438 ,η
3373 4417 3488 4438 mu

211 4461 424 4532 ἀκριϐῆ
459 4459 588 4530 περὶ
620 4458 823 4512 τούτων
856 4456 1202 4526 παραστῆσαι
1230 4452 1388 4519 λόγον
1409 4467 1422 4480 ο
1454 4448 1547 4501 καὶ
1571 4445 1806 4515 ἐλέγξαι,

221 4554 306 4616 ὡς
338 4550 802 4622 εὐκαταφρόνητοι
827 4549 1116 4617 γεγόνασιν
1155 4545 1430 4615 ἄνθρωποι
1454 4580 1468 4603 ,
1523 4536 1599 4596 ὧν
1629 4539 1721 4592 καὶ
1753 4540 1808 4590 αἱ

214 4641 507 4712 ὀνομασίαι
544 4640 723 4710 μόνον,
745 4640 804 4692 οὐ
840 4637 989 4708 παρά
1036 4639 1147 4698 τοῖς
1178 4634 1398 4696 οἰκείοις
1433 4631 1648 4701 μόνοις,
1675 4627 1811 4681 ἀλλά

213 4733 318 4788 καὶ
347 4733 497 4801 παρά
524 4734 636 4794 τοῖς
658 4731 958 4802 ἀλλοτρίοις
986 4729 1256 4781 δύνανται.
1290 4724 1437 4776 Ἔδει
1457 4723 1500 4776 δ’
1523 4721 1682 4775 αὐτὸν
1709 4737 1812 4772 πα-

218 4824 511 4897 ραθέσθαι,
544 4823 659 4885 πῶς
703 4825 861 4892 ἡμεῖς
893 4821 988 4891 μὲν
1018 4821 1129 4881 τοῖς
1160 4816 1393 4887 ἀμαθέσι
1422 4814 1514 4867 καὶ
1566 4812 1812 4883 ἀνοήτοις

215 4913 536 4987 παρεξηγού
546 4930 695 4987 μενοι
723 4913 790 4967 τά
819 4914 947 4984 περὶ
978 4911 1086 4964 τῶν
1113 4909 1390 4980 ὀνομάτων
1415 4905 1640 4969 τούτων,
1665 4906 1810 4957 ἀπα-

215 5009 404 5078 ⁴πῶμεν
434 5007 452 5079 (
479 5007 554 5071 ὡς
587 5006 753 5059 οἴεται
778 5005 796 5078 )
829 5006 956 5068 τοὺς
986 5001 1283 5064 ἀκούοντας
1305 5018 1317 5030 ·
1343 5000 1503 5060 αὐτὸς
1526 4998 1583 5050 δὲ
1606 5037 1622 5060 ,
1651 4998 1680 5050 6
1711 4996 1810 5048 αὐ-

217 5102 335 5174 χῶν
363 5097 504 5154 εἶναι
542 5099 615 5171 μὴ
649 5098 887 5170 ἀμαθὴς,
922 5096 1055 5167 μηδὲ
1085 5095 1310 5164 ἀνόητος
1335 5132 1350 5156 ,
1389 5092 1488 5163 τὴν
1521 5089 1696 5161 ἀληθῆ
1727 5089 1813 5142 λέ-

217 5212 312 5263 γει
363 5195 494 5265 περὶ
539 5193 745 5246 τούτων
794 5189 1111 5262 ἑρμηνείαν.
1149 5185 1463 5258 Παρέῤῥιψε
1516 5185 1560 5238 δ’
1595 5186 1652 5236 ἐν
1701 5185 1814 5246 τοῖς

219 5287 369 5339 κατά
393 5286 461 5338 τά
492 5285 731 5356 ὀνόματα
752 5283 946 5345 ταῦτα,
981 5280 1071 5349 ἀφ’
1103 5273 1178 5332 ὧν
1206 5277 1654 5347 γενεαλογοῦνται
1693 5277 1816 5328 Ἰου-

217 5377 362 5430 δαῖοι
385 5417 400 5439 ,
431 5378 514 5430 ὅτι
545 5397 564 5428 ι
595 5376 925 5430 οὐδεπώποτ’
954 5375 1012 5427 ὲν
1043 5372 1222 5442 πολλῷ
1245 5371 1322 5441 τῷ
1355 5371 1590 5442 πρόσθεν
1637 5369 1814 5443 χρόνῳ

215 5467 635 5538 ἀμφισϐήτησις
656 5467 944 5537 γεγένηται
970 5463 1097 5534 περὶ
1124 5462 1232 5515 τῶν
1258 5461 1475 5514 τοιῶνδε
1494 5460 1774 5530 ὀνομάτων
1793 5474 1807 5490 ο

224 5557 366 5611 ἀλλά
393 5557 489 5610 νῦν
517 5557 758 5610 Ἰουδαῖοι
781 5555 916 5626 πρὸς
948 5553 1165 5624 ἐτέρους
1186 5551 1369 5614 τινὰς,
1400 5572 1417 5602 ι
1447 5549 1539 5613 οὒς
1570 5550 1669 5604 οὐκ
1691 5547 1815 5601 ώνό-

223 5725 294 5799 ει.
317 5723 502 5785 postea
545 5728 650 5799 pro
677 5709 1182 5799 παραλαμϐάνομεν
1205 5749 1242 5799 ,ι
1273 5706 1484 5778 legebat
1517 5703 1808 5799 παραλαμ-

230 5777 446 5848 ϐάνετε,
479 5777 573 5840 sed
605 5777 777 5838 νοιυέ
795 5777 957 5837 lectio
997 5777 1125 5836 ferri
1157 5777 1354 5851 potest,
1389 5793 1487 5833 nec
1529 5777 1595 5832 ab
1632 5791 1693 5831 ea
1727 5785 1809 5830 tc-

233 5874 383 5914 mere
409 5855 772 5916 recedendum
804 5855 1040 5909 Videtur.

1917 4444 2192 4514 explicare
2224 4447 2424 4508 potest,
2455 4449 2554 4488 nec
2586 4433 2840 4485 evincere
2873 4424 3029 4480 nihili
3064 4420 3346 4476 ducendos
3373 4417 3488 4468 illos

1918 4551 2038 4593 esse
2071 4533 2342 4592 homines,
2379 4540 2610 4595 quorum
2651 4521 2735 4574 vel
2761 4518 2872 4574 sola
2909 4515 3150 4575 nomina,
3189 4526 3293 4564 non
3331 4507 3492 4561 modo

1917 4628 2057 4698 apud
2087 4621 2438 4682 domesticos,
2481 4618 2574 4671 sed
2597 4623 2653 4668 et
2684 4611 2824 4680 apud
2851 4617 3070 4662 exteros
3100 4615 3351 4670 magnam
3383 4597 3489 4649 vim

1919 4721 2137 4774 habent.
2176 4715 2302 4783 Ejus
2332 4713 2496 4768 etiam
2536 4709 2640 4762 fuit
2689 4703 2975 4759 ostendere
3009 4738 3025 4761 ,
3079 4692 3350 4766 quomodo
3392 4705 3491 4743 nos

1919 4807 2185 4880 imperitis
2208 4815 2262 4861 et
2293 4804 2463 4858 tardis
2491 4800 2632 4855 male
2661 4798 3085 4864 interpretantes
3113 4791 3224 4842 haec
3249 4784 3492 4846 nomina,

1918 4903 2193 4956 auditores
2227 4897 2501 4958 fallamus,
2536 4903 2592 4944 ut
2652 4891 2766 4954 ipse
2806 4892 2998 4955 putat;
3036 4882 3151 4949 ipse
3185 4892 3312 4930 vero
3338 4915 3352 4938 ,
3401 4873 3491 4943 qui

1920 5009 1978 5050 se
2013 5007 2113 5047 nec
2144 4989 2454 5059 imperitum
2487 4999 2586 5036 nec
2617 4980 2828 5033 tardum
2857 4990 2978 5029 esse
3007 4971 3242 5039 jactitat,
3277 4965 3491 5018 illorum

1921 5086 2202 5141 nominum
2239 5094 2426 5134 veram
2481 5074 2673 5128 alfcrat
2722 5065 3251 5136 interpretationem.
3289 5056 3395 5111 Sed
3446 5053 3494 5108 ei

1919 5177 2056 5233 satis
2087 5175 2188 5229 fuit
2218 5175 2282 5229 de
2309 5171 2416 5224 illis
2443 5167 2786 5225 nominibus,
2821 5159 3070 5229 aquibus
3125 5168 3280 5208 suum
3327 5148 3495 5202 Judaei

1921 5271 2126 5324 ducunt
2155 5281 2350 5336 genus,
2388 5263 2573 5316 dicere
2608 5278 2625 5310 ι
2659 5257 2858 5311 nullam
2909 5250 3092 5306 multis
3128 5256 3255 5300 ante
3286 5241 3496 5297 sacculis

1924 5361 2093 5416 fuisse
2134 5358 2199 5413 de
2233 5357 2338 5411 illis
2373 5353 2688 5408 nominibus
2721 5344 3188 5407 controversiam;
3225 5353 3366 5393 nunc
3396 5349 3499 5387 au-

1919 5461 2026 5507 tem
2054 5450 2270 5505 Iudaeos
2301 5449 2366 5501 de
2390 5447 2593 5500 eisdem
2643 5444 2906 5496 adversus
2936 5435 3198 5505 quosdam
3232 5430 3364 5484 alios
3390 5427 3502 5481 dis-

1923 5553 2138 5615 putare.
2176 5561 2194 5593 ι
2241 5539 2476 5607 Quinam
2522 5552 2648 5591 vero
2685 5535 2759 5588 illi
2790 5533 2900 5586 sint
2931 5528 3058 5587 alii,
3115 5542 3221 5578 non
3274 5521 3496 5576 indicat.

1991 5701 2102 5770 (2|)
2139 5698 2497 5770 Scriheudum
2532 5694 2774 5770 ridetur,
2808 5689 2906 5770 καὶ
2940 5685 3252 5768 γράμμασι.

1989 5754 2102 5843 (22)
2137 5771 2289 5826 Libri
2323 5768 2452 5825 editi
2487 5767 2549 5821 ad
2579 5754 2767 5828 orant,
2793 5761 2869 5824 ὡς
2899 5754 3260 5829 παριστάντα.
