3898 6530
214 366 360 422 1085
433 424 441 428 -

1390 366 1668 425 CONTRA
1708 371 1984 428 CFLSUM
2021 369 2148 425 LIB.
2191 368 2278 423 IV.

3343 362 3481 419 1086

212 486 598 559 ἐπιτρίϐοντας
665 487 791 551 τοὺς
841 485 1016 552 νέους,
1068 485 1158 539 τὸν
1226 489 1492 560 Ὅμηρον,
1543 493 1636 544 καὶ
1679 493 1771 546 τοὺ

1911 494 2087 563 palam
2131 491 2258 545 fecit
2293 505 2351 543 se
2382 502 2478 560 pro
2507 484 2764 540 divinitus
2821 483 3013 539 amatis
3064 498 3170 539 non
3224 485 3484 542 habuisse

209 577 445 632 τοιαῦτα
469 579 776 650 γράφοντας
805 581 1106 650 ποιήματα.
1145 578 1304 632 Ἀλλὰ
1329 581 1552 635 Πλάτων
1587 584 1682 653 μὲν
1707 583 1799 653 δῆ-

211 672 304 737 λός
337 674 456 726 ἐστι
482 675 557 744 μὴ
583 676 855 745 φρονήσας
900 673 1114 736 ἐνθέους
1141 674 1250 744 (27)
1276 677 1555 745 γεγονέναι
1580 678 1796 749 ἄνδρας,

211 766 343 829 τοὺς
367 766 592 819 τοιαῦτα
619 769 891 838 ποιήματα
918 767 1392 831 καταλελοιπότας.
1431 769 1490 821 Ὀ
1513 769 1568 821 δὲ
1592 771 1799 840 κρίνειν

213 857 424 928 μᾶλλον
460 859 745 922 Πλάτωνος
778 859 1094 929 δυνάμενος,
1125 861 1154 911 ὁ
1193 860 1560 930 Ἐπικούρειος
1594 861 1800 926 Κέλσος

212 951 300 1020 (et
322 970 387 1020 γε
414 945 570 1015 οὗτός
602 953 718 1004 ἐστι
761 950 872 1019 (28)
915 951 1008 1004 καὶ
1042 952 1069 1003 6
1115 951 1254 1004 κατὰ
1286 951 1626 1022 Χριστιανῶν
1667 952 1800 1005 ἄλλα

211 1038 308 1092 δύο
345 1039 525 1108 βιϐλία
558 1038 856 1110 συντάξας)
889 1039 1032 1109 τάχα
1058 1041 1188 1110 ἡμῖν
1221 1040 1559 1110 φιλονεικῶν,
1596 1041 1688 1106 οὒς
1723 1041 1798 1114 μὴ

211 1131 434 1202 ἐφρόνει
457 1130 694 1195 ἐνθέους,
722 1131 935 1196 ἐνθέους
961 1132 1261 1203 ὠνόμασεν.

301 1219 553 1287 Ἐγκαλεῖ
599 1220 644 1272 δ’
698 1222 828 1291 ἡμῖν
867 1221 943 1285 ὡς
984 1241 1002 1273 ‹
1029 1223 1134 1276 ὑπὸ
1153 1222 1354 1294 χειρῶν
1383 1223 1516 1277 Θεοῦ
1545 1225 1800 1280 πλασθέν-

211 1327 326 1362 τα»
362 1312 673 1379 εἰσάγουσιν
708 1332 724 1362 ι
755 1313 1060 1385 ἄνθρωπονο
1089 1333 1107 1366 ι
1152 1315 1244 1367 τοῦ
1281 1315 1382 1385 μὲν
1407 1317 1504 1386 τῆς
1530 1318 1798 1383 Γενέσεως

215 1401 425 1471 βιϐλίου
453 1403 564 1456 οὔτ’
590 1405 681 1456 ἐπὶ
707 1407 802 1476 τῆς
821 1407 1089 1477 ποιήσεως
1119 1407 1212 1459 τοῦ
1237 1407 1550 1474 ἀνθρώπου,
1569 1408 1678 1462 οὔτ’
1708 1412 1800 1464 ἐπὶ

211 1494 316 1562 τῆς
365 1495 632 1560 πλάσεως,
679 1500 866 1569 χεῖρας
915 1497 1320 1570 παραλαϐόντος
1359 1499 1469 1570 (⁸29)
1505 1501 1658 1554 Θεοῦ·
1705 1501 1796 1555 τοῦ

209 1586 271 1639 δὲ
307 1587 427 1640 Ἰὼϐ
463 1589 554 1641 καὶ
597 1587 688 1640 τοῦ
721 1589 884 1642 Δαόὶδ
930 1591 1188 1644 εἰπόντων
1215 1592 1293 1644 τό·
1338 1611 1355 1644 ι
1397 1594 1462 1645 Αἰ
1498 1593 1677 1665 χεῖρές
1705 1611 1796 1647 σου

213 1679 480 1749 ἐποίησάν
500 1697 566 1750 με
591 1681 684 1733 καὶ
704 1680 944 1736 ἕπλασάν
963 1699 1029 1752 με
1049 1699 1061 1712 ·
1092 1702 1110 1734 ι
1142 1684 1270 1754 περὶ
1295 1676 1371 1738 ὧν
1397 1683 1561 1748 πολὺς
1588 1687 1616 1737 6
1640 1684 1798 1753 λόγος

211 1770 291 1832 εἰς
318 1769 379 1823 τὸ
415 1771 760 1842 παραστῆσαι
791 1772 860 1825 τὰ
895 1774 1192 1844 νενοημένα
1221 1777 1334 1838 τοῖς
1371 1776 1544 1830 ταῦτα
1581 1777 1797 1849 εἰρηκό-

1905 585 1995 650 qui
2037 583 2348 652 hujusmodi
2383 581 2627 636 carmina
2667 579 2900 650 posteris
2933 578 3094 649 530
3125 579 3479 649 reliquerant.

1909 675 2017 730 Sed
2047 675 2346 744 Epicureus
2375 671 2462 726 ille
2492 671 2677 726 Celsus
2709 669 2777 739 (si
2815 678 2992 723 tamen
3026 670 3070 724 is
3101 679 3183 724 est
3215 672 3308 738 qui
3346 671 3483 726 duos

1902 767 2041 822 alios
2082 767 2248 820 libros
2295 774 2486 820 contra
2521 762 2864 818 Christianos
2914 765 3481 835 composuit)sanius

1901 861 1967 914 de
2004 857 2114 913 illis
2137 857 2436 922 existimat,
2468 871 2628 924 quam
2662 855 2850 921 Plato;
2887 855 3120 911 fortasse
3153 857 3315 913 etiam
3343 861 3479 916 dixit

1904 950 2167 1004 divinitus
2195 947 2423 1013 aﬂlatos,
2449 965 2586 1019 quos
2611 949 2834 1005 minime
2866 947 3074 1004 afIlatos
3104 949 3391 1018 sentiebat,
3422 961 3479 1007 ut

1902 1043 2062 1098 nobis
2097 1043 2517 1099 coalradiceret.

1969 1220 2059 1275 57.
2105 1203 2448 1276 Criminatur
2487 1228 2666 1274 autem
2700 1234 2824 1286 nos,
2881 1220 3022 1288 quod
3055 1219 3300 1276 dicamus
3336 1239 3354 1273 ι
3386 1222 3476 1277 ho-

1901 1307 2106 1366 minem
2141 1311 2234 1366 Dei
2290 1313 2543 1368 manibus
2609 1311 2779 1364 fuisse
2832 1311 3172 1366 fabricatum.
3213 1331 3233 1364 ι
3272 1311 3474 1367 Tamen

1901 1403 2176 1460 Geneseos
2212 1403 2352 1458 liber
2387 1403 2590 1458 nullum
2621 1405 2686 1458 de
2720 1402 2813 1457 Dei
2846 1406 3094 1459 manibus
3118 1407 3340 1460 verbum
3380 1407 3478 1460 ha-

1898 1496 2010 1560 bet,
2040 1497 2157 1550 sive
2187 1495 2275 1550 ubi
2304 1494 2506 1561 factus,
2531 1497 2647 1550 sive
2674 1495 2762 1549 ubi
2797 1495 3062 1551 formatus
3092 1498 3257 1552 homo
3283 1513 3483 1551 narra.

1902 1597 2011 1644 tur.
2043 1588 2146 1645 Job
2173 1598 2227 1643 et
2265 1587 2435 1642 David
2474 1589 2588 1642 haec
2635 1597 2717 1642 est
2754 1587 2999 1642 locutio:
3065 1607 3084 1640 ι
3122 1588 3314 1644 Manus
3369 1597 3475 1646 tua:

1901 1681 2151 1737 fecerunt
2187 1695 2272 1735 me
2308 1689 2363 1734 et
2394 1679 2767 1734 formaverunt
2795 1695 2880 1734 me
2911 1681 3011 1732 ⁸⁸.)
3036 1681 3172 1748 Quid
3210 1681 3261 1734 in
3289 1681 3476 1738 animo

1902 1775 2194 1829 habuerint
2223 1771 2314 1841 qui
2345 1773 2424 1827 sic
2463 1771 2630 1826 locuti
2660 1781 2805 1834 sunt,
2847 1773 2890 1825 si
2918 1772 3190 1840 explicare
3214 1771 3474 1828 vellemus

211 1877 317 1925 σιν,
344 1862 405 1914 ού
441 1840 604 1933 μόνον
627 1840 753 1933 περὶ
773 1840 1348 1937 διαφορᾶς-ποιήσεως
1373 1869 1464 1921 xui.
1489 1840 1771 1936 πλάσεως

1897 1876 1952 1922 et
2003 1840 2289 1922 ostendere
2334 1881 2445 1935 quo
2498 1863 2750 1919 differant
2799 1865 2973 1932 facere
3007 1874 3061 1918 et
3111 1865 3382 1934 formare,
3417 1876 3470 1921 et

210 1951 348 2004 ἀλλὰ
377 1954 471 2006 καὶ
499 1955 625 2024 περὶ
652 1955 866 2024 χειρῶν
895 1955 1043 2009 Θεοῦ
1065 1974 1076 1985 ·
1101 1955 1166 2020 ἃς
1189 1958 1236 2009 οἱ
1273 1957 1348 2028 μὴ
1378 1959 1673 2028 νοήσαντες
1699 1961 1793 2014 xui.

206 2044 310 2107 τὰς
330 2044 588 2109 τοιαύτας
618 2046 724 2099 ἀπὸ
752 2047 859 2100 τῶν
895 2047 1056 2101 θείων
1097 2049 1328 2120 Γραφῶν
1352 2051 1557 2118 φωνὰς,
1591 2051 1792 2106 οἴονται

209 2137 358 2206 ἡμᾶς
389 2138 631 2192 τοιοῦτον
661 2141 845 2210 σχῆμα
887 2141 1222 2211 περιτιθέναι
1254 2143 1333 2214 τῷ
1366 2143 1460 2196 ἐπὶ
1489 2146 1624 2198 πᾶσι
1649 2145 1788 2216 Θεῷ,

203 2228 390 2282 ὁποῖόν
417 2231 534 2284 ἐστι
578 2230 640 2284 τὺ
679 2231 1038 2304 ἀνθρώπινονο
1082 2233 1204 2288 καθ’
1237 2233 1331 2299 οὒς
1377 2236 1473 2289 καὶ
1511 2237 1791 2308 πτέρυγας

202 2319 500 2375 ἀκόλουθον
551 2321 790 2394 νομίζειν
841 2325 988 2394 ἡμᾶς
1029 2321 1168 2380 εἶναι
1214 2327 1271 2378 ἐν
1311 2327 1390 2398 τῷ
1436 2326 1648 2400 σώματι
1691 2329 1786 2384 τοῦ

204 2409 362 2476 Θεοῦ,
402 2412 528 2466 ἐπεὶ
578 2414 880 2469 καὶταῦτα
928 2416 1174 2485 λέγουσιν
1217 2419 1272 2471 ui
1321 2419 1462 2472 κατὰ
1513 2420 1576 2474 τὸ
1623 2423 1788 2493 ῥητὸν

205 2503 335 2572 mp!
355 2503 450 2556 τοῦ
475 2505 610 2558 Θεοῦ
628 2507 660 2576 ἡ
669 2505 784 2576 μῶν
807 2506 1037 2580 Γραφαί.
1061 2507 1244 2562 Ταῦτα
1268 2509 1324 2563 δὲ
1344 2509 1440 2565 νῦν
1463 2513 1786 2583 ἑρμηνεύειν

197 2593 303 2648 οὐκ
333 2597 608 2668 ἀπαιτεῖή
643 2598 978 2669 προκειμένη
1011 2599 1359 2670 πραγματεία
1383 2617 1396 2630 ⁸
1437 2604 1785 2674 προηγουμέ-

196 2704 308 2750 νως
335 2686 445 2759 γάρ
480 2691 536 2742 ἐν
578 2691 690 2753 τοῖς
733 2691 812 2754 εἰς
844 2692 944 2760 τὴν
989 2691 1205 2745 Γένεσιν
1253 2693 1599 2766 ἐξηγητικοῖς
1630 2697 1784 2750 ταῦθ’

195 2781 356 2850 ἡμῖν,
384 2779 526 2834 κατὰ
567 2780 629 2833 τὸ
661 2781 904 2844 δυνατὸν,
933 2782 1243 2853 ἐξήτασται.
1283 2782 1398 2838 Εἶθ’
1448 2787 1550 2858 ὅρα
1579 2789 1783 2860 κακοή-

196 2872 352 2924 θειαν
376 2871 469 2924 τοῦ
495 2871 700 2925 Κέλσου
724 2875 780 2928 ἐν
806 2877 916 2937 τοῖς
942 2874 1088 2945 ἑξῆς.
1118 2877 1226 2946 Τῆς
1255 2877 1363 2948 γὰρ
1384 2879 1422 2929 Γ
1427 2880 1604 2950 ραιρῆς
1625 2880 1784 2952 ἡμῶν

191 2960 466 3033 λεγούσης
490 2963 582 3016 ἐπὶ
614 2963 714 3033 τῆς
749 2963 843 3018 τοῦ
871 2965 1156 3038 ἀνθρώπου
1186 2967 1457 3034 πλάσεως,
1492 2989 1510 3021 ‹
1545 2974 1638 3026 καὶ
1668 2975 1784 3027 ἐνε-

195 3055 445 3126 φύσησεν
486 3059 565 3119 εις
603 3056 664 3109 τὸ
709 3057 999 3128 πρόσωπον
1045 3061 1209 3114 αὑτοῦ
1254 3063 1421 3132 πνοὴν
1471 3063 1638 3134 ζωῆς,
1686 3067 1781 3120 καὶ

193 3147 417 3214 ἐγένετο
444 3149 473 3199 6
501 3146 785 3218 ἄνθρωπος
819 3150 897 3213 εἰς
933 3149 1109 3221 ψυχὴν
1143 3151 1344 3216 ζῶσαν·
1379 3173 1397 3204 ι
1437 3156 1464 3207 ὁ
1489 3154 1545 3207 δὲ
1577 3158 1780 3228 κακοή-

192 3237 306 3300 θως
332 3237 608 3308 διασύρειν
622 3239 939 3310 βουλόμενος
950 3243 1029 3303 τὸ,
1051 3243 1411 3314 «ἐνεφύσησεν
1436 3249 1514 3310 εἰς
1531 3248 1592 3300 τὸ
1612 3250 1780 3319 πρόσ-

189 3347 342 3383 ωπον
381 3330 547 3383 αὐτοῦ
602 3331 768 3401 πνοὴν
809 3332 918 3402 (50)
955 3332 1101 3404 ζωῆς
1134 3356 1152 3387 ι
1183 3337 1352 3408 (ὅπερ
1374 3338 1494 3391 οὐδὲ
1533 3342 1773 3412 νενόηκε,

187 3422 317 3474 τίνα
344 3422 546 3492 τρόπον
571 3422 847 3493 λέλεκται)
866 3425 1190 3496 ἀνέγραψεν,
1214 3429 1294 3481 ὃτι
1323 3448 1341 3479 ‹
1368 3431 1657 3486 συνέθεσαν
1686 3433 1778 3488 ἄν·

191 3513 419 3584 θρωπον
453 3514 558 3566 ὑπὸ
589 3515 786 3586 χειρῶν
814 3516 948 3570 Θεοῦ
982 3517 1415 3590 πλασσόμενοντι
1452 3524 1563 3594 (51)
1597 3525 1683 3578 ἵνα
1714 3527 1776 3579 τὸ

187 3606 593 3679 ἐμφυσώμενον
613 3609 1011 3679 παραπλησίως
1039 3629 1124 3674 τις
1144 3613 1369 3682 νομίσας
1390 3613 1636 3686 λελέχθαι
1663 3622 1776 3682 τοῖς

187 3700 612 3770 ἐμφυσωμένοις
633 3703 838 3765 ἀσκοῖς,
862 3703 1065 3775 γελάσῃ
1084 3705 1162 3766 τὸ,
1195 3723 1211 3755 ι
1238 3705 1568 3778 ἐνεφύσησεν
1602 3711 1680 3773 εἰς
1714 3710 1774 3764 τὸ

186 3791 489 3861 πρόσωπον
522 3791 684 3846 αὑτοῦ
711 3793 878 3864 πνοὴν
913 3792 1084 3865 ζωῆς·
1121 3814 1139 3845 9
1165 3797 1444 3866 τροπικῶς
1460 3800 1770 3870 εἰρημένον,

185 3883 291 3936 καὶ
314 3882 567 3953 δεόμενον
601 3885 926 3956 διηγήσεως,
978 3887 1323 3958 παριστάσης
1348 3890 1774 3959 μεταδεδωκέναι

183 3974 284 4026 τὸν
303 3974 438 4028 Θεὸν
466 3974 560 4028 τοῦ
594 3976 870 4047 ἀφθάρτου
894 3977 1199 4048 πνεύματος
1225 3979 1300 4050 τῷ
1322 3979 1612 4053 ἀνθρώπῳ
1639 3985 1774 4038 καθὸ

179 4063 441 4117 λέλεκται
472 4065 553 4132 τὸ,
594 4083 612 4116 ‹
651 4064 713 4117 τὺ
743 4065 799 4118 δὲ
833 4066 1106 4137 ἄφθαρτόν
1142 4085 1234 4121 σου
1270 4067 1487 4140 πνεῦμά
1520 4073 1667 4127 ἐστιν
1711 4077 1771 4130 ἐν

183 4159 376 4212 πᾶσιν.
404 4176 422 4210 ι

260 4247 376 4304 Εἶτ’
448 4250 569 4304 ἐπεὶ
629 4249 986 4322 προκείμενον
1045 4249 1156 4320 (52)
1217 4247 1285 4324 ἦν
1332 4253 1480 4324 αὐτῷ
1526 4273 1764 4327 κακηγο-

180 4347 302 4419 ρεῖν
333 4345 405 4398 τὰ
431 4345 811 4418 γεγραμμένα,
846 4345 1153 4415 διεχλεύασε
1188 4345 1381 4414 καὶτὸ,
1419 4367 1438 4400 ι
1474 4349 1766 4404 Ἐπέθαλεν

267 4507 315 4540 ⁸⁸
341 4506 460 4563 Joh.
502 4524 558 4575 κ,
589 4508 643 4575 8;
677 4508 819 4562 Psal.
851 4522 1038 4575 cxviu,
1073 4509 1162 4563 73.

1270 4511 1316 4543 θ’
1351 4510 1494 4566 Ρειιι.
1528 4529 1639 4577 va,
1674 4515 1727 4582 8,
1763 4527 1869 4574 etc.

1898 1959 2028 2029 quid
2052 1975 2238 2012 manus
2271 1957 2366 2010 Dei
2396 1957 2723 2026 significent,
2750 1956 2940 2025 longus
2962 1967 3104 2011 esset
3136 1973 3335 2013 sermo.
3366 1957 3474 2013 llas

1895 2052 2040 2106 enim
2079 2059 2134 2105 et
2166 2051 2377 2106 similes
2405 2051 2712 2105 divinarum
2751 2049 3153 2118 Scripturarum
3191 2065 3350 2104 voces
3381 2049 3472 2118 qui

1902 2159 2008 2197 non
2047 2142 2384 2213 intelligunt,
2430 2152 2622 2213 putant
2655 2157 2752 2195 nos
2790 2142 3067 2196 ascribere
3102 2141 3211 2195 Deo
3245 2142 3472 2196 formam

1894 2235 2149 2290 humanae
2176 2235 2428 2291 similem.
2466 2235 2619 2302 Quod
2650 2235 2694 2289 si
2730 2243 2899 2299 esset,
2940 2234 3140 2287 alatum
3181 2235 3342 2287 etiam
3380 2234 3471 2288 Dei

1892 2343 2091 2399 corpus
2123 2345 2246 2382 esse
2275 2327 2582 2397 cogitemus
2641 2341 2865 2380 necesse
2901 2337 3004 2380 est.
3051 2326 3180 2379 Alas
3211 2326 3353 2379 enim
3399 2324 3472 2378 illi

1894 2419 2141 2474 tribuunt
2171 2418 2474 2487 Scriptum
2509 2417 2575 2480 ⁸⁹.
2638 2418 2683 2472 si
2737 2416 2916 2471 littera
2965 2425 3240 2487 urgeatur.
3277 2417 3380 2470 Sed
3407 2431 3470 2470 ea

1892 2525 2038 2565 nunc
2068 2510 2418 2579 interpretari
2456 2509 2694 2563 alienqu
2725 2519 2870 2563 esset
2924 2525 2950 2561 a
2995 2509 3295 2585 proposito.
3346 2508 3471 2561 lllu-

1887 2612 2062 2658 strata
2097 2603 2254 2657 nobis
2281 2611 2408 2657 sunt
2436 2601 2558 2656 data
2587 2616 2749 2672 opera
2782 2609 2836 2656 et
2865 2617 2962 2671 pro
2984 2601 3210 2665 viribus,
3243 2599 3295 2653 in
3319 2615 3472 2653 com-

1887 2694 2174 2748 mentariis
2211 2693 2264 2747 in
2300 2692 2579 2748 Geuesim.
2640 2691 2792 2746 Nune
2836 2693 2957 2746 vide
3009 2691 3063 2744 in
3114 2691 3472 2760 sequentihnl

1887 2783 2029 2838 Celsi
2058 2783 2475 2854 malignitatem.
2507 2782 2743 2836 Narrant
2778 2793 2979 2836 nostra:
3022 2781 3337 2850 Scriptum,
3376 2781 3468 2836 ubi

1886 2879 1954 2933 de
1988 2878 2316 2931 formatione
2347 2875 2582 2930 hominis
2613 2875 2814 2943 agitur,
2843 2873 3008 2926 Deum
3045 2890 3062 2922 ι
3094 2873 3391 2941 inspirasse
3413 2872 3465 2926 in

1883 2971 2080 3024 faciem
2114 2968 2232 3036 ejus
2286 2967 2620 3038 spiraculum
2653 2967 2806 3030 vitze,
2839 2975 2890 3018 et
2929 2965 3128 3018 factum
3167 2964 3335 3019 fuisse
3368 2964 3470 3018 ho-

1883 3061 2082 3114 minem
2113 3060 2165 3114 in
2199 3061 2442 3113 animam
2481 3059 2748 3114 viventem
2785 3059 2854 3111 9°.
2899 3076 2916 3110 ›
2960 3057 3053 3110 llle
3084 3071 3229 3119 vero,
3268 3063 3328 3108 ut
3361 3056 3465 3111 hoc

1883 3155 2197 3219 subsannet,
2235 3170 2254 3203 ί
2289 3151 2574 3219 inspiravit
2635 3151 2686 3204 in
2723 3150 2915 3204 faciem
2978 3149 3093 3217 ejus
3137 3147 3465 3218 spiraculum

1887 3246 2217 3317 vitari(quod
2253 3261 2360 3314 quo
2383 3260 2543 3300 sensu
2569 3244 2773 3298 dictum
2798 3247 2869 3296 sit
2898 3259 3000 3296 non
3035 3241 3200 3313 capit)
3232 3242 3465 3309 maligne

1885 3338 2115 3393 scribit:
2151 3356 2168 3388 ι
2203 3336 2503 3391 Finxerunt
2537 3337 2703 3390 Deum
2737 3337 2850 3390 suis
2883 3335 3132 3389 manibus
3163 3334 3465 3388 fabricasse

1885 3430 2164 3486 hominem
2199 3440 2254 3484 et
2286 3429 2339 3483 in
2373 3443 2495 3484 eum
2530 3429 2847 3496 inspirasse,
2884 3446 2902 3480 ι
2950 3436 3008 3479 ut
3042 3429 3163 3494 quis
3199 3425 3252 3478 in
3283 3426 3462 3480 homi-

1883 3542 2006 3581 nem
2063 3524 2382 3593 inspiratum
2442 3521 2613 3576 fuisse
2637 3519 2958 3575 existimans
3003 3518 3458 3588 quemadmodum

1885 3617 1936 3670 in
1976 3627 2124 3669 utres
2159 3615 2458 3682 inspiratur
2485 3652 2499 3678 ,
2557 3611 2732 3665 rideat
2783 3609 2966 3664 istud:
3019 3627 3038 3660 ι
3077 3607 3372 3676 luspiravit
3403 3608 3458 3660 in

1881 3707 2074 3762 faciem
2099 3706 2214 3774 ejus
2235 3704 2564 3773 spiraculum
2593 3704 2732 3756 vitaz.
2762 3721 2779 3754 ι
2811 3703 2961 3768 Quod
2993 3702 3220 3770 figurate
3254 3699 3457 3752 dictum

1881 3800 2245 3868 explicatione
2269 3798 2489 3866 indiget,
2511 3811 2630 3864 qua:
2659 3793 2851 3864 probet
2881 3793 3152 3847 hominem
3181 3808 3210 3844 a
3243 3791 3350 3844 Deo
3381 3789 3461 3842 fa-

1880 3903 2026 3946 ctum
2056 3891 2223 3945 fuisse
2255 3890 2479 3959 spiritus
2532 3887 2965 3957 iucorruptibilis
3010 3886 3354 3955 participem;
3389 3883 3458 3936 de

1879 4000 1988 4054 quo
2015 3985 2222 4039 dictum
2258 3993 2342 4036 est
2374 4001 2386 4035 :
2419 3979 2883 4050 «Incorruptibilis
2912 3987 3091 4033 autem
3124 3987 3248 4033 tuus
3283 3975 3450 4045 spiri-

1882 4089 1966 4135 tus
2001 4087 2084 4134 est
2114 4078 2166 4132 in
2199 4076 2454 4132 omnibus
2480 4074 2546 4128 ⁹¹.
2591 4091 2612 4126 ›

1944 4257 2035 4312 58.
2070 4255 2275 4311 Deinde
2305 4253 2514 4307 instans
2557 4250 2611 4304 in
2644 4250 2924 4321 proposito
2955 4246 3280 4302 criminandi
3332 4261 3454 4316 quae

1874 4353 2076 4420 scripta
2107 4355 2234 4402 sunt
2263 4385 2280 4411 ,
2333 4344 2620 4398 cavillatur
2647 4351 2701 4396 et
2736 4342 2881 4396 istud
2911 4356 2924 4393 :
2967 4357 2987 4392 ι
3046 4338 3272 4393 [Inmisit
3312 4338 3455 4394 Deus

1956 4516 2001 4548 ’°
2037 4513 2176 4570 Gen.
2208 4527 2263 4578 η,
2292 4510 2345 4566 7.
2455 4509 2500 4540 ⁹¹
2537 4505 2669 4576 Sap.
2699 4520 2798 4571 xu,
2832 4504 2884 4558 1.

175 4649 280 4727 καὶ
307 4648 628 4727 δυσσεϐείας
662 4649 1001 4727 διδάσκαλον.
1036 4649 1386 4727 Βλασιρημεξν
1414 4652 1523 4727 γὰρ
1543 4693 1557 4716 ,
1589 4657 1775 4727 φησὶν,

1894 4677 1910 4711 ι
1950 4657 2150 4714 Omnes
2181 4654 2324 4727 enim
2358 4652 2481 4706 boui
2510 4660 2682 4727 poetae
2717 4647 2876 4727 epici
2899 4661 3003 4727 non
3036 4645 3253 4727 quidem
3286 4655 3453 4727 certe

172 4719 496 4796 ἐκπαιδεύει
527 4719 850 4796 τοὺς-νέους,
897 4721 990 4796 καὶ
1018 4719 1276 4796 πονηράς
1296 4723 1476 4796 αύκτοῖς
1495 4719 1774 4796 ’περὶτῶν

175 4790 320 4844 θεῶν
349 4789 592 4866 ἐκτίθησι
623 4789 800 4866 δόξας,
836 4791 930 4866 καὶ
954 4789 1185 4866 Ῠὰπαλοῖς
1212 4789 1436 4866 ἐτι-οὖσι
1466 4789 1773 4866 μαθήματα

174 4861 397 4932 πονηρὰ
426 4862 520 4932 καὶ
544 4861 915 4932 διεφθαρμένα
949 4863 1181 4930 ἐνίησι.ι
1215 4862 1354 4927 Quid
1390 4861 1534 4918 enim
1575 4861 1772 4922 llome-

172 4931 470 5000 ricapoesi
491 4931 827 4999 jucundids?
851 4933 990 5002 Quid
1024 4935 1144 5001 ejus
1174 4933 1504 5002 dulciloquio
1523 4939 1771 4993 suavius?

172 5004 242 5059 Et
277 5012 458 5056 tamen
497 5003 658 5073 hunc
691 5003 865 5073 ipsum
899 5001 1194 5054 Homerum
1235 5001 1470 5072 optimus
1522 5005 1763 5073 philoso-

169 5074 406 5143 phorum
437 5071 770 5139 (Aristonis,
803 5073 1020 5138 opinor,
1056 5073 1224 5125 filium
1258 5071 1602 5142 intelligitis),
1656 5093 1760 5130 un-

171 5153 382 5214 guento
415 5143 763 5214 delibutum,
817 5145 958 5214 sicut
992 5143 1311 5214 hirundines
1364 5159 1392 5196 a
1446 5145 1764 5202 mulieribus

169 5210 372 5280 uolent,
406 5212 595 5282 procul
621 5210 776 5278 ejecit
802 5213 870 5268 ab
899 5227 961 5265 ea
991 5226 1150 5280 quam
1179 5213 1598 5279 ipseconstituit
1625 5217 1762 5272 civi-

174 5293 327 5346 tate,
366 5283 548 5337 omnis
594 5282 830 5337 licentia:
867 5291 1029 5351 atque
1089 5283 1383 5350 impietatis
1434 5286 1756 5353 magistrum

171 5353 480 5424 appellans.
514 5353 910 5424 Blaspbemare
945 5353 1117 5413 enim,
1151 5354 1348 5421 inquit,
1382 5355 1756 5412 adolescentes

171 5420 358 5488 docet,
384 5425 599 5494 illisque
623 5420 925 5492 ﬂagitiosas
958 5424 1024 5477 de
1051 5424 1155 5476 diis
1185 5420 1468 5493 opiniones
1495 5426 1752 5491 insinuat,

173 5497 491 5564 tenerisque
526 5496 704 5548 adhuc
753 5495 950 5548 animis
977 5494 1194 5565 inserit
1221 5495 1484 5548 scelestas
1513 5537 1528 5562 ,
1573 5497 1759 5565 perni-

170 5566 352 5619 ciosas
386 5563 439 5619 et
473 5575 760 5632 corruptas
797 5563 1136 5634 disciplinas.
1171 5565 1490 5634 D__SPENCEB.
1575 5563 1585 5565 ἡ
1657 5591 1666 5600 -

243 5635 359 5704 (27)
391 5635 486 5704 Μὴ
519 5634 836 5704 φρονήσας
887 5632 1154 5700 ἐνθέους.
1186 5632 1578 5697 Verumtamen
1611 5634 1756 5690 Plat.

169 5703 320 5768 Ion.,
357 5703 482 5774 pag.
515 5703 654 5759 533:
696 5705 906 5769 Πάντες
935 5706 1042 5776 γὰρ
1069 5705 1120 5776 οἵ
1141 5723 1199 5776 τε
1222 5705 1328 5758 τῶν
1359 5705 1504 5758 ἐπῶν
1537 5707 1758 5776 ποιηταὶ

169 5722 320 5768 ιοη.,
357 5722 478 5774 pag.
515 5722 654 5759 eoo:
697 5722 906 5769 ιιαντες
935 5722 1042 5828 γάρ
1069 5722 1116 5756 οι
1141 5723 1199 5758 τε
1222 5723 1328 5758 των
1359 5722 1504 5758 επων
1537 5722 1758 5776 ποιηται

168 5778 231 5857 οῖ’
253 5777 448 5844 ἁγαθοὶ
476 5776 576 5857 οὐκ
597 5777 662 5828 ἐκ
690 5777 903 5857 τέχνης,
923 5775 1005 5857 ’ἀλ
1039 5775 1252 5857 ’.ἔνθεοι
1279 5776 1448 5840 ὄντες,
1475 5777 1572 5857 κα)ἶ
1601 5793 1759 5830 κατε-

169 5847 386 5918 χόμενοι
434 5846 612 5903 πάντα
663 5845 850 5904 ταῦτα’
879 5845 947 5901 τὰ
989 5845 1154 5922 καλὰ.
1187 5845 1402 5919 λέγουσι
1455 5847 1752 5924 ποιήματα.

1882 4730 2160 4800 cujusdam
2202 4725 2338 4779 artis
2371 4715 2628 4800 auspiciis
2651 4760 2668 4786 ,
2701 4715 3009 4800 seddivino
3039 4715 3320 4800 cujusdam
3363 4717 3451 4800 fu:

1883 4786 2022 4854 rei-is
2051 4797 2228 4850 afﬂatu
2281 4786 2541 4860 correpti,
2577 4789 2914 4860 Olltniﬂiiilﬁc
2960 4786 3221 4860 praeclara
3267 4787 3454 4860 dicunt

1880 4878 2148 4939 poemata.
2189 4884 2208 4917 ι
2252 4865 2384 4919 Vide
2433 4857 2682 4939 paginam
2715 4859 2843 4922 554,
2903 4865 2958 4910 et
2995 4857 3192 4911 librum
3229 4858 3450 4910 tertium

1876 4933 1954 4993 De
2006 4938 2230 5005 legibus,
2259 4949 2382 5003 pag.
2426 4933 2551 4985 682.
2591 4933 2854 5005 Smne-sn.
2931 4998 2944 5005 Α
3033 4996 3044 5005 _
3121 4957 3130 4968 Ι

1948 4996 2435 5078 (28)]ιοεέείιείίιιε
2463 5005 2716 5078 iniextu,
2741 4996 3064 5078 aliiog‘égti.

1943 5065 2055 5150 (29)
2082 5077 2228 5150 Libri
2261 5085 2417 5150 antea
2451 5074 2604 5150 editi,
2660 5067 3116 5150 παραλαϐούσης,
3143 5066 3248 5150 sed
3286 5065 3445 5125 codd.

1872 5139 2074 5218 Regius
2108 5144 2536 5218 etDasileensis,
2585 5139 3246 5218 uupuluoévmg.‘lbid_em
3285 5154 3443 5200 mss.,

1867 5209 2046 5272 τοῦνδὲ
2094 5216 2213 5270 ’1ὼὸ
2245 5216 2338 5269 xui.
2362 5215 2453 5269 τοῦ
2504 5209 2956 5266 Δαυὶδείπόντων
2979 5209 3060 5263 τό.
3111 5210 3284 5274 Alias,
3343 5223 3444 5278 pro

1866 5289 2146 5351 εἰπόντων,
2177 5288 2454 5355 legebatur
2486 5283 2750 5346 εἰπόντος.

1864 5363 1889 5427 ξ’
1939 5359 2050 5429 (30)
2071 5350 2260 5425 Ζωῆςῖ
2289 5356 2449 5429 illane
2473 5371 2681 5429 vocem,
2704 5367 2822 5422 qua:
2839 5351 3180 5406 desideratur
3209 5350 3260 5404 in
3282 5355 3443 5402 antea

1865 5426 2050 5492 editis,
2088 5428 2325 5480 restituit
2353 5426 2523 5478 codex
2562 5426 2786 5494 Regius.

1935 5501 2048 5570 (51)
2084 5499 2556 5570 Πλᾳσσόμενον.
2576 5493 2747 5570 lix’iis
2775 5493 3235 5570 quaepnecedunt
3266 5500 3323 5570 _et
3350 5501 3440 5542 se-

1869 5562 2133 5639 quuniur,
2173 5562 2462 5622 Bohercllo
2493 5562 2805 5622 addendum
2834 5565 3048 5618 videtur
3073 5603 3088 5630 ,
3140 5563 3234 5616 xui.
3261 5562 3440 5630 ἐμφύε-

1867 5656 2128 5693 σωιιενον.

1936 5657 2490 5779 (ἒέΐοῖίροκείμενον.
2526 5706 2616 5762 Sic
2648 5716 2794 5762 recte
2817 5720 2947 5762 mss.
2981 5705 3150 5768 Alias,
3182 5697 3440 5772 προσκεί-

1867 5798 2044 5854 μενον,
2081 5781 2237 5834 male.
