3898 6536
529 382 658 438 1091

2003 371 2330 434 ORIGENIS

3627 379 3750 434 1092

523 502 757 574 Cupido,
796 515 916 557 eam
949 501 1022 556 ob
1049 513 1162 556 rem
1201 501 1253 555 in
1281 498 1537 556 comitatu
1563 511 1646 556 est
1673 499 1905 556 Veneris
1935 500 2085 568 eique

2199 498 2294 551 καὶ
2341 497 2542 568 ἐκύησε
2581 497 2672 552 τὸν
2699 499 2918 570 Ἔρωτα
2946 518 2960 530 ·
2992 498 3072 552 διὸ
3115 499 3180 572 δὴ
3217 500 3428 572 καὶτῆς
3466 501 3750 575 Ἀφροδίτης

527 598 694 653 servit
726 615 740 651 :
779 605 833 652 et
877 604 1024 650 amat
1058 595 1202 664 quod
1234 595 1518 664 pulchrum
1558 602 1662 661 est,
1708 594 1840 663 quia
1867 591 2097 661 pulchra

527 699 614 745 est
641 689 840 745 Venus.
879 687 1148 756 Quoniam
1196 703 1324 757 ergo
1355 686 1486 740 Pori
1519 687 1662 741 ﬁlius
1700 695 1784 740 est
1831 693 1886 740 et
1919 684 2100 740 Penire

525 780 756 851 Cupido,
785 781 928 836 hanc
981 781 1206 836 sortitus
1234 790 1317 836 est
1354 780 1604 836 indolem.
1651 777 1876 848 Semper
1910 793 2099 848 egens,

529 871 760 927 multum
809 869 962 924 abest
1002 878 1064 924 ut
1099 868 1328 924 tenellus
1355 877 1411 924 et
1443 868 1670 937 pulcher
1709 867 1817 931 sit,
1849 877 1908 920 ut
1946 865 2098 920 multi

525 971 754 1034 putant,
784 965 878 1018 sed
907 963 1092 1017 aridus
1115 971 1228 1027 est,
1263 961 1520 1030 squalore
1546 959 1776 1026 obsitus,
1809 959 1970 1014 nudis
2003 973 2100 1028 pe-

525 1057 705 1120 dibus,
731 1057 890 1124 inops
911 1065 967 1110 et
991 1055 1127 1109 laris
1155 1063 1209 1108 et
1235 1051 1421 1116 fundi,
1461 1051 1609 1106 humi
1637 1065 1852 1118 semper
1868 1051 2098 1116 cubans,

525 1149 646 1204 sine
691 1149 900 1210 stratis,
929 1147 996 1202 ad
1021 1146 1186 1208 fores,
1217 1145 1267 1198 in
1299 1143 1425 1210 viis,
1456 1143 1556 1198 sui)
1585 1143 1694 1198 dio.
1729 1141 1884 1196 Matri
1909 1151 2098 1195 natura

524 1254 742 1309 semper
769 1239 994 1302 similis,
1035 1237 1278 1292 omnium
1313 1237 1540 1304 indiget.
1585 1233 1682 1289 llis
1716 1246 1896 1288 autem
1934 1233 2100 1288 refert

522 1345 756 1404 patrem.
786 1331 1040 1386 Pulchris
1070 1329 1427 1397 honestisque
1454 1327 1618 1382 struit
1645 1326 1896 1392 insidias,
1919 1325 2095 1390 fortis,

521 1425 722 1490 audax,
742 1423 942 1478 laboris
962 1421 1414 1491 patientissimus,
1435 1428 1664 1472 venator
1679 1417 1924 1483 callidus,
1952 1419 2100 1472 tech-

521 1531 715 1571 narum
743 1523 1036 1585 perpetuus
1065 1513 1265 1567 artifex
1284 1552 1296 1576 ,
1334 1511 1388 1564 in
1415 1510 1624 1581 agendo
1649 1517 1863 1572 cautus,
1885 1509 2098 1580 ingenio

522 1608 738 1663 facilem
765 1609 830 1662 ad
850 1608 1030 1661 omnia
1053 1606 1152 1660 sibi
1181 1605 1320 1658 viam
1347 1611 1598 1672 parante,
1626 1601 1973 1670 philosophus
2002 1616 2100 1670 per

522 1710 686 1756 totam
715 1700 903 1764 vitam,
943 1697 1310 1767 praeStigiator
1343 1693 1516 1758 vafer,
1551 1692 1867 1756 circulator,
1897 1692 2087 1760 sophi-

521 1801 625 1846 sta.
655 1789 839 1860 Neque
863 1787 1190 1842 immortalis
1211 1827 1226 1849 ,
1251 1801 1428 1855 neque
1465 1784 1743 1850 mortalis;
1779 1786 1873 1840 sed
1909 1785 2094 1840 eadem

2199 588 2488 653 ἀκόλουθος
2538 588 2791 661 θεράπων
2823 591 3045 659 γέγονεν
3082 594 3112 645 ὁ
3139 593 3354 664 Ἔρως,
3399 595 3660 665 γεννηθεὶς
3697 597 3750 648 ἐν

2197 681 2311 743 τοῖς
2337 680 2551 751 ἐκείνης
2591 681 2886 748 γενεθλίοις
2909 682 3052 754 (48)⁶
3085 685 3178 737 καὶ
3211 685 3330 755 ἅμα
3361 683 3518 753 φύσει
3543 685 3754 756 ἐραστὴς

2197 771 2274 826 ὢν
2299 773 2425 844 περὶ
2449 773 2508 826 τὸ
2543 769 2726 838 καλὸν,
2755 775 2849 828 καὶ¹
2877 775 2978 845 τῆς
3026 775 3344 848 Ἀφροδίτης
3389 773 3554 848 καλῆς
3585 777 3752 848 οὔσης.

2202 866 2331 918 "Ars
2378 863 2469 919 οὖν
2518 867 2696 938 Πόρου
2751 869 2844 922 καὶ
2879 867 3075 932 Πενίας
3128 871 3240 933 υίὸς
3292 869 3368 922 ὣν
3417 873 3446 924 ὁ
3493 871 3656 942 Ἔρως
3700 873 3754 925 ἐν

2196 957 2419 1032 τοιαύτῃ
2447 960 2584 1034 τύχῃ
2615 962 2939 1033 καθέστηκε.
2957 963 3178 1034 Πρῶτον
3206 964 3302 1034 μὲν
3326 949 3496 1036 πένης
3525 965 3603 1018 ἀεί
3629 966 3750 1030 ἐστι,

2197 1051 2290 1104 καὶ
2317 1051 2510 1104 πολλοῦ
2536 1051 2616 1105 δεῖ
2639 1053 2844 1118 ἁπαλός
2881 1072 2942 1108 τε
2981 1055 3075 1109 καὶ
3106 1056 3270 1120 καλὸς
3287 1095 3302 1122 ,
3351 1051 3464 1110 οἷον
3509 1059 3556 1109 οἱ
3592 1058 3752 1111 πολλοὶ

2196 1144 2420 1208 οἴονται,
2448 1146 2582 1200 ἀλλὰ
2611 1147 2844 1220 σκληρὸς
2879 1149 2973 1202 καὶ
3003 1149 3289 1222 αὐχμηρὸς
3327 1150 3421 1204 καὶ
3447 1151 3752 1220 ἀνυπόδητος

2197 1235 2291 1288 καὶ
2319 1235 2536 1302 ἄοικος,
2583 1238 2928 1308 χαμαιπετὴς
2969 1239 3056 1292 ἀεὶ
3094 1239 3189 1304 ὢν,
3232 1239 3328 1292 καὶ
3357 1239 3646 1310 ἄστρωτος,
3669 1239 3754 1290 ἐπὶ

2197 1328 2387 1402 θύραις
2422 1331 2516 1383 καὶ
2551 1331 2606 1384 ὲν
2637 1331 2774 1394 ὁδοῖς
2806 1331 3090 1404 ὑπαίθριος
3117 1331 3458 1404 κοιμώμενος
3481 1349 3496 1360 ·
3536 1333 3630 1403 τὴν
3661 1331 3754 1400 τῆς

2200 1423 2406 1494 μητρὸς
2435 1423 2596 1492 φύσιν
2621 1423 2781 1493 ἔχων,
2817 1425 2904 1478 ἀεὶ
2929 1427 3106 1496 ἐνδείᾳ.
3137 1427 3400 1492 ξύνοικος.
3433 1425 3590 1480 Κατὰ
3613 1427 3652 1478 δ’
3689 1423 3751 1480 αὖ

2195 1513 2286 1568 τὸν
2311 1516 2524 1587 πατέρα
2549 1516 2831 1581 ὲπίϐουλός
2873 1519 2988 1570 ἐστι
3011 1521 3124 1581 τοῖς
3147 1517 3330 1580 καλοῖς
3363 1517 3461 1570 καὶ
3498 1521 3606 1581 τοῖς
3633 1519 3755 1587 ἀγα-

2199 1601 2310 1666 θοῖς
2329 1643 2344 1666 ,
2370 1603 2612 1676 ἀνδρεῖος
2634 1605 2730 1669 ὣν,
2763 1607 2856 1659 καὶ
2886 1605 3004 1678 ἴτης
3027 1648 3041 1672 ,
3070 1607 3164 1659 καὶ
3191 1605 3440 1672 σύντονος
3459 1625 3474 1637 ·
3505 1607 3752 1679 (inperant;

2195 1695 2398 1759 δεινὸς,
2447 1697 2534 1750 ἀεὶ
2579 1697 2936 1769 προσπλέκων
2985 1699 3270 1770 μηχανάςο
3321 1700 3418 1752 καὶ
3465 1701 3752 1770 φρονήσεως

2198 1787 2537 1860 ἐπιθυμητὴς
2577 1792 2668 1842 καὶ
2702 1791 2928 1863 πόριμος
2955 1807 2972 1822 ο
2996 1791 3302 1862 φιλοσοφῶν
3328 1791 3416 1846 διὰ
3455 1792 3650 1856 παντὸς
3671 1792 3752 1844 τοῦ

521 1883 610 1938 die
643 1883 802 1937 modo
832 1882 976 1951 viget
1003 1881 1269 1948 vivitque,
1304 1893 1426 1934 eum
1457 1877 1640 1932 omnia
1668 1877 1736 1932 ad
1761 1877 2085 1931 voluntatem

2200 1877 2314 1947 βίου
2341 1849 2552 1944 ’.δεινὺς
2579 1881 2712 1952 γόης
2738 1921 2752 1946 ,
2771 1849 2889 1936 ⁹καὶ
2907 1849 3256 1954 -φαρμακεὺς
3276 1923 3290 1946 ,
3337 1883 3436 1936 καὶ
3479 1849 3750 1954 σοφιστής·

519 1975 723 2052 ﬂuunt;
755 1976 916 2028 modo
939 1973 1190 2037 moritur,
1237 1985 1535 2040 rursusque
1562 1969 1838 2025 reviviscit
1873 1979 2093 2040 propter

519 2067 696 2136 patris
731 2074 998 2120 naturam.
1033 2065 1298 2118 Caeterum
1323 2065 1465 2132 quod
1495 2072 1704 2131 partum
1729 2062 1806 2116 illi
1834 2073 1934 2126 est,
1963 2077 2093 2116 con-

519 2156 701 2212 festim
726 2157 984 2222 elabitur,
1019 2157 1090 2210 ita
1123 2165 1181 2208 ut
1209 2169 1306 2210 nec
1341 2169 1543 2224 pauper
1574 2168 1810 2222 unquam
1845 2155 1953 2218 sit,
1990 2167 2089 2206 nec

520 2250 700 2314 dives;
733 2249 1055 2318 sapientiam
1087 2259 1264 2302 autem
1292 2247 1434 2300 inter
1455 2255 1511 2299 et
1537 2245 1897 2315 ignorantiam
1923 2245 2087 2298 veluti

521 2338 733 2393 medius
759 2347 864 2394 est.
894 2357 914 2390 ι
957 2338 1016 2392 In
1041 2339 1158 2392 haec
1184 2338 1498 2405 quicunque
1535 2336 1845 2399 inciderint,
1875 2337 1918 2390 si
1946 2335 2088 2390 Celsi

521 2429 788 2484 malitiam
817 2431 1122 2493 imitentur,
1153 2429 1296 2496 quod
1323 2443 1352 2480 a
1378 2427 1707 2482 Christianis
1733 2425 1896 2492 absit,
1924 2427 1958 2480 ii
1991 2428 2088 2480 hu-

513 2520 752 2589 iusmodi
789 2519 1027 2574 fabulam
1053 2520 1376 2584 irridcbuut,
1408 2529 1462 2572 et
1491 2517 1798 2579 Platonem,
1829 2533 2085 2587 magnum

517 2613 671 2666 illum
706 2613 904 2678 virum,
947 2613 1060 2666 risu
1093 2610 1390 2679 excipient.
1433 2609 1490 2664 Si
1541 2617 1724 2664 autem
1757 2609 1871 2664 hmo
1906 2610 2088 2678 specie

518 2703 789 2770 fabulosa,
819 2714 878 2759 ut
903 2704 1255 2775 philosophos
1273 2705 1427 2759 decet
1449 2743 1464 2768 ,
1497 2702 1852 2772 inspicerent,
1881 2713 1936 2757 et
1962 2703 2086 2757 Pla-

519 2799 663 2851 tonis
711 2805 944 2851 mentem
989 2796 1678 2866 possentdeprehendere,
1725 2810 1834 2850 non
1865 2806 2089 2864 possent

517 2899 626 2940 non
671 2886 860 2940 mirari
913 2895 1118 2956 quanta
1168 2885 1428 2950 solertia,
1474 2884 1658 2954 specie
1701 2885 1894 2940 fabula:
1930 2900 2084 2953 usus,

517 2985 645 3032 nota
689 2977 792 3032 sibi
835 2992 1026 3048 magna
1067 2979 1320 3048 dogmata
1358 2979 1428 3034 ob
1457 2978 1650 3048 vulgus
1678 2979 1950 3034 occultare
1985 2995 2088 3050 po-

517 3069 719 3136 tuerit,
751 3077 807 3124 et
849 3072 1040 3125 eadem
1071 3079 1284 3136 tamen,
1337 3079 1396 3124 ut
1425 3072 1750 3140 oportebat,
1803 3071 2088 3128 declarare

2197 1970 2289 2022 κα“ι
2319 1969 2442 2022 οὔτε
2488 1971 2562 2034 ὼς
2607 1971 2872 2036 ἀθάνατος
2916 1972 3197 2043 πέφυκεν,
3247 1973 3370 2028 οὑτε
3419 1974 3496 2038 ὡς
3541 1975 3750 2046 θνητός·

2195 2060 2332 2114 ἀλλὰ
2359 2063 2479 2114 τοτὲ
2514 2062 2611 2132 μὲν
2643 2064 2741 2134 τῆς
2775 2065 2941 2135 αὐτῆς
2978 2067 3192 2138 ἡμέρας
3232 2065 3414 2120 θάλλει
3453 2084 3512 2120 τε
3541 2068 3630 2120 καὶ
3659 2067 3752 2136 ζῇ.

2194 2149 2321 2202 ὅταν
2350 2151 2630 2223 εὐπορήσῃ
2653 2190 2666 2212 ,
2709 2153 2830 2205 τοτὲ
2871 2153 2914 2206 δ’
2943 2154 3278 2226 ἀποθνήσκει
3316 2155 3500 2220 πάλιν,
3533 2157 3686 2210 πάλιν
3717 2157 3754 2208 δ’

2169 2285 2172 2288 ι
2195 2241 2609 2308 ἀναϐιώσκεται,
2637 2243 2723 2296 διὰ
2743 2244 2837 2315 τὴν
2863 2243 2957 2296 τοῦ
2995 2245 3196 2316 πατρὸς
3223 2246 3400 2315 φύσιν.
3437 2247 3514 2299 Τὸ
3537 2247 3594 2300 δὲ
3619 2264 3756 2318 πορι-

2195 2330 2417 2402 ζόμενον
2457 2335 2544 2386 ἀεὶ
2583 2334 2843 2404 ὑπεκρεῖ”
2875 2333 3014 2387 ὥστε
3053 2335 3162 2388 οὔτ’
3189 2337 3384 2408 ἀπορεῖ
3407 2337 3588 2408 Ἔρως
3619 2337 3756 2401 ποτὲ,

2192 2424 2314 2477 οὔτε
2342 2425 2581 2478 πλουτεῖ.
2614 2427 2812 2494 Σοφίας
2840 2427 2884 2480 δ’
2911 2422 2976 2481 αὖ
3005 2427 3113 2498 («59)
3141 2429 3234 2481 καὶ
3263 2428 3505 2499 ἀμαθίας
3539 2431 3596 2482 ὲν
3624 2430 3756 2501 μέσῳ

2191 2516 2354 2570 ἐστίν.
2393 2536 2412 2568 ι
2445 2518 2585 2588 "Aput
2607 2517 2715 2588 γὰρ
2741 2521 2788 2570 οἱ
2823 2520 3237 2590 ἐντυγχάνοντες
3260 2519 3472 2584 τούτοις
3495 2560 3512 2584 ,
3553 2521 3643 2574 ἐὰν
3669 2521 3756 2592 μὲν

2190 2609 2288 2679 τὴν
2311 2609 2643 2679 κακοήθειαν
2666 2609 2759 2662 τοῦ
2790 2609 2998 2662 Κέλσου
3027 2610 3321 2681 μιμῶνται,
3353 2613 3496 2684 ὅπερ
3519 2615 3758 2684 Χριστια-

2190 2697 2295 2750 νῶν
2319 2698 2522 2768 άπείηῑ
2554 2699 3012 2768 καταγελάσονται
3037 2701 3129 2753 τοῦ
3161 2701 3350 2771 μύθου,
3387 2703 3484 2755 καὶ
3523 2703 3580 2755 ὲν
3608 2702 3760 2772 χλεύῃ

2191 2789 2445 2860 θήσονται
2467 2789 2557 2844 τὸν
2579 2791 2893 2862 τηλικοῦτον
2925 2793 3214 2846 Πλάτωναο
3251 2793 3346 2846 ἐὰν
3382 2794 3459 2857 δὲ,
3487 2793 3558 2848 τά
3583 2795 3640 2848 ὲν
3667 2794 3758 2864 μύ-

2190 2879 2283 2932 θου
2315 2882 2551 2952 σχήματι
2574 2880 2840 2953 λεγόμενα
2873 2883 3176 2953 φιλοσόφως
3215 2883 3592 2951 ἐξετάζοντες,
3625 2885 3762 2954 δυνη⁸

2190 2973 2352 3029 θῶσιν
2392 2976 2571 3046 εὑρεῖν
2601 2976 2662 3028 τὸ
2697 2975 2940 3048 βούλημα
2983 2977 3078 3031 τοῦ
3107 2979 3428 3044 Πλάτωνος,
3479 2982 3602 3034 τίνα
3647 2983 3760 3053 τρό-

2190 3085 2288 3122 πον
2320 3067 2432 3140 (50)
2490 3069 2771 3140 δεδύνηται
2834 3071 2903 3124 τὰ
2965 3071 3172 3142 μεγάλα
3241 3072 3420 3142 ἐαυτῷ
3473 3074 3760 3144 φαινόμενα

519 3160 628 3227 iis,
668 3161 760 3230 qui
807 3163 1010 3216 scirent
1055 3177 1152 3231 per
1183 3162 1394 3217 fabulas
1445 3163 1690 3230 aspicere
1735 3163 1977 3218 auctoris
2019 3163 2085 3220 de

2195 3160 2431 3231 δόγματα
2469 3161 2672 3232 κρύψαι
2731 3162 2830 3233 μὲν
2867 3162 2957 3216 διὰ
3001 3165 3129 3228 τοὺς
3180 3164 3409 3229 πολλοὺς
3454 3167 3515 3218 ὲν
3555 3166 3636 3236 τῷ
3677 3165 3760 3218 τοῦ

513 3251 748 3306 veritate
779 3252 1089 3306 consilium.
1137 3253 1320 3321 Atque
1368 3253 1508 3306 hanc
1557 3251 1802 3307 Platonis
1850 3253 2084 3308 fabulam

517 3342 712 3406 attuli,
745 3350 1030 3412 prepterea
1067 3345 1208 3412 quod
1265 3345 1454 3398 hortus
1489 3343 1637 3398 lovis
1662 3383 1678 3407 ,
1719 3345 1785 3398 de
1829 3360 1938 3414 quo
1977 3344 2085 3414 ille,

513 3445 546 3484 a
596 3434 848 3502 paradiso
894 3433 1014 3500 Dei,
1043 3433 1208 3488 Penia
1261 3449 1292 3487 a
1336 3443 1616 3505 serpente,
1655 3434 1830 3490 Porus
1876 3437 2088 3492 insidiis

514 3536 546 3576 a
579 3523 742 3578 Penia
782 3525 1054 3594 appetitus
1083 3526 1150 3577 ab
1175 3525 1391 3580 homine
1433 3526 1642 3580 insidiis
1673 3527 1942 3594 serpentis
1979 3527 2090 3580 cir-

517 3626 812 3670 cumvento
857 3631 964 3670 non
1023 3615 1252 3669 multum
1313 3616 1570 3671 abludere
1617 3618 1885 3672 videntur.
1965 3617 2086 3673 Non

511 3707 736 3762 omnino
767 3717 948 3762 autem
979 3717 1346 3778 compertum,
1376 3723 1442 3762 an
1475 3709 1588 3763 haec
1615 3709 1840 3764 fortuito
1875 3709 2085 3764 Platoni

513 3797 887 3863 occurrerint,
913 3812 1018 3862 an,
1045 3798 1094 3850 id
1126 3797 1271 3865 quod
1305 3798 1620 3852 existimant
1652 3799 1928 3866 nonnulli,
1960 3801 2084 3854 dunt

509 3886 568 3942 in
594 3886 887 3958 Egyptqu
935 3889 1403 3958 peregrinaretur,
1449 3890 1702 3945 inciderit
1738 3891 1792 3944 in
1825 3894 2084 3959 quosdam

513 3981 900 4050 mysteriorum
932 3980 1282 4036 .ludaicorum
1315 3982 1587 4050 curiosos,
1632 3991 1686 4036 et
1725 3983 1970 4050 quaedam
2017 3983 2086 4037 ab

512 4071 618 4126 illis
645 4071 917 4140 didicerit,
950 4089 1019 4127 ex
1043 4075 1244 4142 quibus
1268 4073 1374 4126 alia
1400 4073 1618 4142 quidem
1647 4073 1954 4138 retinuerit,
1978 4075 2084 4129 alia

511 4177 640 4219 vero
678 4165 866 4234 ﬁguris
897 4165 1356 4228 dissimulaverit;
1399 4175 1542 4218 metu
1567 4204 1582 4230 ,
1621 4179 1688 4218 ne
1731 4165 1951 4220 Graecos
1999 4164 2082 4220 of-

510 4255 784 4323 fenderet,
809 4257 854 4310 si
885 4256 1150 4324 integram
1189 4265 1438 4310 servaret
1481 4255 1792 4311 Judaeorum
1847 4257 2084 4326 philoso-

509 4347 727 4416 phiam;
755 4347 844 4416 qui
867 4363 990 4402 cum
1018 4357 1240 4417 propter
1261 4348 1504 4402 diversas
1531 4348 1598 4402 ab
1629 4348 1751 4403 aliis
1780 4347 1946 4418 leges,
1969 4357 2081 4402 tum

509 4450 734 4509 propter
753 4438 916 4511 534¹
947 4440 1274 4508 peculiarem
1299 4440 1608 4508 reipublicae
1637 4438 1904 4504 formam,
1942 4441 2082 4506 apud

2194 3253 2362 3324 μύθου
2391 3255 2665 3326 σχήματι,
2695 3257 2869 3308 εἰπεῖν
2905 3255 2949 3308 δ’
2979 3254 3054 3319 ὼς
3077 3257 3242 3327 ἐχρῆν
3273 3259 3384 3320 τοῖς
3427 3257 3624 3310 εἰδόσιν
3665 3256 3762 3310 ἀπὺ

2193 3345 2374 3417 μύθων
2420 3346 2694 3418 εὑρίσκειν
2739 3346 2800 3401 τὸ
2844 3347 2973 3417 περὶ
3011 3347 3263 3418 ἀληθείας
3293 3347 3388 3400 τοῦ
3427 3347 3605 3402 ταῦτα
3649 3365 3764 3400 suv-

2187 3440 2448 3506 τάξαντος
2499 3439 2764 3510 βούλημα.
2827 3439 3030 3493 Τοῦτον
3077 3439 3132 3492 δὲ
3175 3439 3268 3492 τὸν
3317 3441 3472 3512 παρὰ
3525 3441 3767 3496 Πλάτωνι

2193 3528 2362 3600 μῦθον
2387 3529 2496 3600 (51)
2521 3529 2785 3601 ἐξεθέμην
2809 3529 2896 3582 διά
2935 3531 3024 3582 τὸν
3051 3530 3181 3601 παρ’
3203 3531 3349 3601 αὑτῷ
3379 3532 3472 3584 τοῦ
3503 3534 3628 3596 Διὸς
3675 3533 3768 3604 κῆ-

2188 3637 2289 3674 πον
2315 3620 2695 3692 παραπλήσιόν
2718 3639 2770 3674 τι
2805 3621 2946 3691 ἔχειν
2966 3621 3226 3675 δοκοῦντα
3249 3623 3328 3693 τῷ
3345 3623 3658 3695 παραδείσῳ
3677 3623 3764 3678 τοῦ

2187 3713 2342 3778 Θεοῦ,
2373 3714 2468 3766 καὶ
2491 3714 2589 3783 τὴν
2619 3713 2815 3766 Πενίαν
2849 3713 2927 3783 τῷ
2967 3716 3082 3766 ἐκεῖ
3110 3713 3229 3782 ὄφει
3255 3715 3764 3787 παραϐαλλομέν-ην,

2187 3806 2282 3860 καὶ
2313 3807 2404 3858 τὸν
2451 3805 2556 3858 ὑπὸ
2584 3806 2683 3876 τῆς
2719 3805 2916 3870 Πενίας
2967 3807 3448 3878 ἐπιϐουλευόμενον
3478 3808 3658 3880 Πόρον

2187 3897 2456 3969 ἀνθρώπῳ
2505 3898 2972 3970 ὲπιϐουλευομὲνῳ
3010 3899 3116 3954 ὑπὸ
3142 3901 3236 3954 τοῦ
3279 3901 3476 3970 ὄφεως.
3517 3901 3594 3954 Οὐ
3631 3903 3766 3956 πάνυ

2185 3990 2242 4042 δὲ
2265 3990 2444 4060 δῆλον,
2471 3990 2698 4061 πότερον
2719 3991 2860 4044 κατὰ
2887 3990 3173 4062 συντυχίαν
3190 3993 3540 4047 ὲπιπέπτωκε
3562 3993 3766 4057 τούτοις

2185 4081 2214 4131 ὁ
2263 4080 2507 4146 Πλάτων,
2542 4079 2574 4150 ἢ
2610 4080 2705 4150 (ὡς
2747 4080 2946 4134 οἱόνταί
2973 4083 3139 4156 τινες)
3167 4084 3226 4136 ὲν
3261 4089 3330 4156 τῇ
3375 4086 3456 4148 είς
3493 4085 3768 4152 Αἴγυπτον

2186 4169 2463 4240 ἀποδημία
2495 4169 2770 4240 συντυχὼν
2815 4172 2908 4224 καὶ
2951 4175 3065 4236 τοῖς
3110 4171 3180 4226 τὰ
3233 4173 3502 4228 Ἰουδαίων
3550 4175 3766 4244 φιλοσο-

2188 4261 2367 4330 φοῦσι,
2405 4263 2498 4316 καὶ
2547 4261 2733 4332 μαθών
2759 4279 2884 4316 τινα
2915 4265 3044 4336 παρ’
3072 4265 3269 4328 αὑτῶν,
3303 4265 3370 4318 τά
3401 4266 3502 4336 μὲν
3535 4284 3662 4320 τινα
3693 4285 3771 4322 τε·

2184 4354 2392 4425 τήρηκε
2413 4393 2428 4416 ,
2457 4354 2526 4407 τὰ
2553 4354 2608 4406 δὲ
2640 4354 3001 4425 παρεποίησε,
3044 4355 3418 4426 φυλαξάμενος
3461 4359 3768 4428 προσκόψαι

2186 4449 2296 4508 τοῖς
2315 4445 2569 4516 Ἕλλησιν
2605 4447 2668 4500 ἐκ
2693 4447 2786 4500 τοῦ
2819 4447 2994 4519 πάντη
3010 4447 3079 4501 τά
3101 4449 3201 4516 τῆς
3235 4449 3504 4501 Ἰουδαίων
3529 4451 3767 4521 τηρῆσαι

510 4531 707 4586 multos
741 4535 879 4586 male
921 4532 1228 4586 audiebant.
1267 4531 1376 4586 Sed
1398 4531 1700 4586 disserendi
1731 4541 1825 4584 aut
1857 4531 1922 4584 de
1953 4529 2074 4583 Pla-

2195 4539 2374 4606 ςοφίας
2404 4538 2513 4609 (52)
2537 4579 2550 4602 ,
2593 4539 3036 4611 διαϐεϐλημένων
3098 4541 3249 4611 παρὰ
3281 4543 3394 4604 τοῖς
3437 4543 3656 4607 πολλοῖς
3685 4545 3768 4597 δια

508 4625 652 4678 tonis
691 4623 893 4691 fabula,
928 4633 1022 4677 aut
1057 4624 1124 4678 de
1172 4632 1449 4694 serpente,
1479 4633 1574 4676 aut
1603 4624 1668 4677 de
1702 4623 1954 4692 paradiso
1985 4624 2076 4677 Dei

508 4713 830 4768 omnibusve
859 4729 978 4783 qua:
1011 4715 1068 4768 in
1113 4714 1203 4769 illo
1235 4714 1500 4770 accidisse
1526 4722 1840 4776 narrantur,
1873 4722 2080 4781 tempo-

509 4805 586 4861 ris
625 4807 910 4876 praesentis
937 4801 1044 4860 ηοῖι
1077 4815 1178 4862 est.
1217 4807 1342 4862 Haec
1370 4808 1424 4862 in
1449 4805 1838 4860 commentariis
1873 4806 1928 4858 in
1973 4804 2078 4860 Ge-

508 4900 694 4962 uesim,
727 4915 892 4969 quam
928 4901 1076 4968 potui
1113 4899 1554 4969 diligentissime,
1590 4893 1899 4968 explanavi.

2187 4633 2247 4684 τὸ
2277 4631 2480 4696 ξενίζον
2508 4632 2614 4686 τῶν
2635 4633 2816 4704 νόμων
2844 4635 2938 4686 καὶ
2965 4631 3064 4704 τὴν
3093 4633 3390 4705 ἰδιότροπον
3421 4635 3542 4687 κατ’
3569 4636 3766 4698 αὐτοὺς

2188 4725 2482 4779 πολιτείαν.
2517 4724 2653 4778 Οῦτε
2677 4725 2734 4776 δὲ
2749 4726 2841 4779 τὸν
2871 4725 3156 4789 Πλάτωνος
3181 4725 3370 4796 μῦθον,
3396 4727 3520 4779 οὔτε
3547 4727 3614 4778 τὰ
3639 4728 3768 4798 περὶ

2188 4817 2276 4870 τὴν
2306 4816 2427 4885 ὄφιν
2476 4817 2568 4870 καὶ
2594 4816 2686 4869 τὸν
2729 4817 3054 4889 παράδεισον
3095 4816 3187 4869 τοῦ
3217 4815 3376 4882 Θεοῦ,
3427 4819 3522 4871 καὶ
3567 4820 3672 4871 ὅσα
3713 4821 3766 4872 ἐν

2189 4908 2336 4979 αὐτῷ
2367 4907 2780 4978 ἀναγέγραπται
2828 4906 3146 4974 γεγονέναι,
3187 4905 3282 4960 νῦν
3327 4907 3520 4978 καιρὸς
3559 4903 3628 4978 ἦν
3656 4908 3768 4978 διη-

503 4991 794 5062 γήσασθαια
833 4993 1262 5063 Προηγουμένως
1293 4991 1402 5063 γὰρ
1435 4993 1492 5046 ὲν
1515 4991 1640 5058 τοῖς
1671 4991 2074 5062 Ἐξηγητικοῖς
2111 5000 2220 5070 τῆς
2243 5001 2550 5066 Pereo-euq
2573 5039 2586 5064 ,
2633 5001 2708 5064 ὡς
2754 4995 2862 5054 οἷόν
2905 4999 2952 5051 τ’
2992 4993 3081 5069 ἦν,
3137 5001 3217 5063 εἰς
3265 4999 3440 5054 ταῦτα
3469 5003 3764 5072 ἐπραγμα-

503 5081 834 5154 τευσάμεθα.

579 5175 669 5231 40.
710 5175 864 5244 Quod
905 5185 1086 5232 autem
1125 5179 1239 5244 ait,
1291 5195 1364 5234 ra
1415 5179 1594 5249 Moyse
1647 5177 1854 5232 nefarie
1903 5177 2072 5234 Deum

505 5269 686 5326 induci
708 5269 820 5340 jam
865 5277 978 5324 tum
1029 5272 1098 5327 ab
1143 5272 1296 5326 initio
1347 5281 1452 5326 tam
1517 5271 1876 5337 imbecillem,
1911 5279 1968 5325 ut
2010 5287 2076 5328 ne

575 5404 690 5482 (ἑξ)
731 5405 1072 5482 limschelius
1101 5409 1152 5461 in
1193 5418 1336 5482 testu
1361 5449 1374 5472 ,
1407 5408 1578 5462 εἴδετο
1615 5409 1642 5460 ὁ
1677 5409 1856 5482 Ἔρως
1879 5424 2072 5477 γεννη-

505 5474 618 5539 θεὶς
645 5478 702 5528 ὲν
732 5482 842 5540 τοῖς
871 5478 1093 5532 ἐκείνων
1119 5480 1436 5547 γενεθλίοις.

575 5547 688 5617 (.49)
725 5547 967 5601 Platonis
1009 5545 1143 5602 lihhi
1174 5552 1338 5616 editi,
1397 5550 1588 5619 σοφίας
1637 5549 1686 5600 τ’
1729 5545 1816 5604 αὖ.
1900 5547 2071 5602 Paulo

503 5627 624 5684 post
655 5633 804 5690 txrss.,
839 5619 1304 5690 καταγελάσονται
1343 5619 1436 5673 τοῦ
1473 5620 1664 5690 μύθου.
1707 5619 1864 5675 Libb.
1903 5619 2068 5685 editi,

503 5687 957 5760 καταγελάσονται
987 5689 1076 5741 τὸν
1109 5691 1295 5760 μῦθον.

575 5759 685 5825 (50)
730 5759 868 5812 Τίνα
895 5757 1138 5827 τρόπον.
1189 5765 1326 5817 Ante
1361 5763 1459 5814 has
1481 5775 1642 5816 voces
1671 5771 1821 5816 recte
1848 5757 2070 5826 conjicit

503 5825 819 5886 Butierellus
848 5825 1036 5886 deesse
1063 5831 1432 5904 θαυμάσονται
1453 5871 1468 5895 ,
1504 5833 1588 5887 vel
1635 5833 1766 5903 quid
1799 5825 1996 5888 simile.

2263 5179 2433 5232 Ἐπὰν
2474 5179 2530 5232 δὲ
2575 5179 2792 5250 φάσκῃ,
2827 5179 2902 5242 ὡς
2939 5179 3086 5251 (ἄρα
3111 5177 3450 5233 ἀνοσιώτατα
3495 5177 3588 5232 τὸν
3632 5176 3766 5230 Θεὸν

2183 5269 2342 5334 εὐθὺς
2375 5271 2469 5323 καὶ
2498 5267 2612 5340 (53)
2657 5269 2750 5322 ἀπ’
2779 5267 2952 5339 ἀρχῆς
2991 5267 3341 5333 ἀσθενοῦντα,
3376 5269 3475 5322 καὶ
3515 5267 3638 5339 μηδ’
3671 5269 3764 5320 ἕνα

2249 5403 2362 5477 (51)
2401 5402 2678 5477 Πλάτωνι
2704 5403 2918 5477 μῇθον.
2987 5401 3468 5477 Vide_Eusebiu_m
3515 5401 3614 5455 lib.
3643 5415 3760 5468 xu,

2179 5471 2298 5544 cap.
2333 5471 2422 5535 il,
2469 5471 2715 5542 Pra'par.
2745 5474 2976 5542 Evang.,
3023 5483 3078 5528 et
3106 5471 3380 5528 Plotinum
3413 5473 3508 5526 lib.
3541 5485 3592 5524 vt
3615 5511 3637 5536 ,
3661 5487 3762 5528 en-

2178 5547 2338 5601 nead.
2373 5558 2464 5609 nt,
2499 5559 2622 5612 cap.
2649 5547 2703 5597 6.

2247 5615 2360 5686 (52)
2400 5609 2642 5684 Eos-clay.
2693 5613 2784 5668 Sic
2805 5627 2996 5686 omnes
3025 5612 3140 5686 fere
3177 5627 3308 5668 mss.
3363 5609 3514 5666 Libri
3565 5621 3758 5666 autem

2177 5682 2306 5742 editi
2339 5682 2390 5740 in
2422 5682 2567 5738 ιρκιιι
2597 5687 2818 5748 habent,
2847 5682 3180 5754 φιλοσοφίας.

2245 5757 2360 5829 (55)
2403 5755 2686 5829 Boherello
2711 5751 2936 5829 delenda
2961 5751 3174 5829 videtur
3202 5753 3470 5829 particula
3501 5751 3618 5829 καί.
3652 5751 3760 5829 lbi-

2181 5823 2302 5884 dein
2341 5823 2484 5882 recte
2529 5826 2729 5883 habent
2762 5825 2922 5882 codd.
2967 5823 3170 5896 Regius
3197 5833 3250 5880 et
3277 5823 3630 5890 Basileensis,
3661 5825 3760 5878 καὶ
