3852 6418
505 366 644 423 1095

1980 354 2297 413 ORIGENIS

3601 357 3705 414 NBG

505 487 668 560 535
695 488 902 542 Adamo
943 484 1205 540 inllictam
1249 485 1489 538 omnium
1534 496 1656 537 esse
1695 495 2074 542 communem;

2208 477 2491 548 ,εγομένων
2547 478 2622 538 ὼς
2686 476 2815 545 περὶ
2880 474 2998 537 ἐνὸς
3055 473 3343 546 ἀκολουθίᾳ
3406 478 3438 547 ἠ
3498 478 3594 548 ἀρὰ
3639 483 3709 534 τοδ

507 582 652 641 sicut
683 593 802 649 quae
831 575 1067 641 mulieri,
1101 574 1167 628 ad
1201 588 1416 627 omnem
1454 571 1735 627 mulierem
1785 571 2078 639 pertinere.

505 672 641 730 item
672 669 814 740 quod
867 668 1030 722 homo
1072 676 1129 721 et
1175 666 1368 720 mulier
1395 681 1425 719 e
1471 664 1724 732 paradiso
1750 663 1905 733 ejecti
1937 674 2082 730 sum,

505 763 680 820 induti
713 760 919 816 tunicas
954 759 1213 829 pelliceas
1267 773 1404 826 quas
1435 757 1544 812 illis
1573 766 1796 826 pr0pter
1846 756 2083 825 ipsorum

503 863 796 924 peccatum
842 853 989 907 Deus
1045 852 1268 914 fecerat,
1345 850 1396 903 id
1449 849 1763 920 mysterium
1814 847 2086 916 quoddam

506 948 753 1004 continet
789 946 958 1000 multo
1005 945 1372 1014 praestantius,
1419 957 1579 1010 quant
1616 941 1760 1010 quod
1789 940 1942 992 Plato
1973 949 2085 992 tra-

507 1041 587 1096 dit
631 1041 701 1096 de
749 1040 928 1093 anima
979 1037 1179 1093 evulsis
1212 1036 1312 1091 alis
1368 1037 1473 1089 huc
1509 1035 1760 1098 cadente,
1792 1034 1963 1088 donec
1989 1031 2089 1084 ali-

505 1133 635 1204 quid
665 1133 896 1190 solidum
927 1133 1282 1188 nanciscatur
1309 1128 1395 1184 ubi
1428 1128 1710 1183 consistat.

580 1397 671 1452 4t.
712 1395 1026 1466 Sequuntur
1068 1395 1207 1464 apud
1238 1395 1451 1449 Celsum
1500 1395 1614 1448 haec
1649 1411 1662 1447 :
1700 1412 1719 1444 ι
1749 1392 1948 1447 Deinde
1996 1407 2093 1448 no-

511 1489 598 1545 bis
627 1489 927 1543 obtrudunt
958 1488 1222 1542 diluvium
1256 1486 1552 1556 quoddam,
1598 1494 1652 1540 et
1685 1485 1967 1541 ridiculam
1997 1499 2092 1538 ar-

509 1597 630 1636 cam
663 1581 753 1635 ubi
801 1581 982 1635 omnia
1039 1579 1244 1634 inclusa
1279 1578 1512 1644 fuerant,
1557 1578 1860 1632 columbam
1893 1585 1947 1632 et
1973 1592 2094 1631 cor-

511 1672 750 1727 niculam
799 1672 1113 1724 nuntiorum
1149 1683 1374 1722 munere
1422 1667 1730 1736 fungentes.
1776 1666 1890 1733 Qua
1940 1667 1992 1721 in
2035 1681 2094 1722 re

515 1765 651 1819 nihil
685 1773 850 1831 agunt
898 1778 1063 1831 quam
1094 1761 1424 1829 interpolare
1469 1770 1524 1814 et
1567 1761 1862 1829 depravare
1895 1761 2094 1814 Deuca-

2201 569 2370 638 Ἀδὰμ
2392 568 2545 637 κοινὴ
2577 567 2797 620 πάντων
2821 565 2936 618 ἐστί
2957 581 2970 595 °
2998 567 3091 618 καὶ
3119 565 3187 618 τὰ
3220 567 3357 620 κατὰ
3386 567 3480 637 τῆς
3505 571 3714 636 γυναικὸς

2185 661 2284 713 οὐκ
2309 659 2422 711 ἔστι
2450 659 2572 712 καθ’
2597 655 2664 730 ἦς
2692 659 2750 710 οὐ
2775 658 2989 725 λέγεται
3020 656 3152 727 (57).
3195 660 3305 711 Καὶ
3330 661 3357 712 ὁ
3382 660 3715 731 ἐκϐαλλόμενος

2186 752 2244 805 δὲ
2269 753 2334 805 ὲκ
2372 750 2470 803 τοῦ
2509 749 2841 820 παραδείσου
2880 748 3160 820 ἄνθρωπος
3195 749 3331 820 μετὰ
3369 752 3464 821 τῆς
3486 755 3712 820 γυναικὸς,

2187 844 2312 907 τοὺς
2356 843 2711 914 δερματίνους
2741 841 3121 911 ἠμφιεσμένος,
3150 841 3382 910 χιτῶνας
3409 843 3512 908 (οὓς
3546 845 3620 899 διὰ
3641 847 3715 918 τὴν

2189 933 2500 1004 παράϐασιν
2528 931 2636 984 τῶν
2679 930 2980 1001 ἀνθρώπων
3003 931 3224 1001 ἐποίησε
3262 934 3382 996 τοῖς.
3396 934 3714 1006 ἁμαρτήσασιν

2189 1026 2218 1078 ὁ
2245 1023 2428 1094 Θεὸς),
2482 1021 2792 1094 ἀπόρρητόν
2835 1039 2954 1074 τινα
3005 1021 3097 1073 καὶ
3151 1021 3406 1091 μυστικὸν
3454 1023 3554 1094 ἔχει
3595 1026 3714 1094 λόγον

2190 1116 2331 1186 ὑπὲρ
2372 1115 2462 1167 τὸν
2499 1115 2639 1167 κατὰ
2674 1112 2954 1174 Πλάτωνα,
3001 1113 3101 1182 τῆς
3147 1112 3324 1183 ψυχῆς
3366 1117 3716 1186 mamonae-sq;

2192 1213 2302 1284 (58)
2340 1214 2433 1266 καὶ
2453 1212 2613 1284 δεῦρο
2651 1212 2978 1283 φερομένης,
3006 1211 3111 1276 ἕως
3151 1211 3221 1264 ἂν
3262 1210 3478 1282 στερεοῦ
3501 1229 3624 1275 τινος
3646 1210 3717 1266 λά·

2192 1307 2374 1377 ὁηται.

2275 1397 2432 1467 Ἑξῆς
2459 1397 2513 1450 δὲ
2539 1394 2765 1450 τοιαῦτά
2790 1412 2952 1465 φησιν
2975 1412 2988 1425 ·
3031 1416 3047 1446 ι
3075 1392 3206 1448 Εἶτα
3228 1393 3587 1464 κατακλυσμόν
3607 1411 3716 1453 τινα,

2193 1491 2288 1544 καί⁸
2317 1490 2547 1543 κιϐωτὸν
2591 1488 2899 1552 ἀλλόκοτον,
2951 1489 3162 1541 ἅπαντα
3214 1487 3357 1540 ἔνδον
3397 1486 3617 1556 ἔχουσαν,
3649 1486 3718 1538 καὶ

2194 1579 2522 1650 περιστεράν
2548 1595 2669 1631 τινα
2714 1577 2809 1630 καὶ
2847 1575 3092 1648 κορώνην
3119 1576 3400 1649 ἀγγέλους,
3433 1575 3721 1646 παραχαράτ,

2193 1685 2378 1731 τοντες
2410 1669 2503 1720 καὶ¹
2533 1667 2980 1738 ῥᾳδιουργοῦντες
3026 1667 3118 1719 τὸν
3150 1665 3516 1719 Δευκαλίωναο
3557 1666 3609 1717 οὐ
3638 1663 3721 1734 γὰρ

2198 1755 2388 1830 (οἶμαι)
2428 1757 2856 1829 προσεδόκησαν,
2901 1759 2982 1810 ὅτι
3036 1756 3188 1810 ταῦτ’
3221 1759 3300 1819 είς
3346 1754 3458 1824 φῶς
3505 1755 3720 1825 πρόεισιν,

514 1855 675 1910 lionis
723 1829 1051 1908 ‘ltistoriam.
1110 1852 1296 1921 Neque
1341 1853 1484 1904 enim
1544 1852 1828 1921 putabant,
1877 1852 2094 1918 opinor,

2208 1829 2313 1902 ἀλλ’
2341 1849 2579 1918 ἀτέχνως
2626 1848 2784 1900 παισὶ
2818 1847 3034 1917 νηπίοις
3071 1846 3492 1919 ἐμυθολόγησαν.
3517 1861 3534 1893 ι
3569 1842 3657 1894 Kal
3677 1843 3722 1892 ἐν

515 1946 631 2000 haec
681 1945 733 1998 in
784 1944 958 1998 lucem
1005 1958 1127 1998 esse
1182 1942 1485 2011 proditura,
1536 1942 1629 1995 sed
1662 1941 1844 2004 inepta
1874 1939 1963 1993 illa
1997 1940 2094 2008 lig-

516 2035 698 2090 r'nenta
724 2036 908 2104 pueris
935 2035 1254 2088 narrabant.
1285 2052 1303 2085 ι
1335 2033 1400 2087 Et
1436 2033 1524 2086 hic
1555 2032 1677 2085 vide
1705 2031 1884 2084 odium
1920 2030 2094 2083 homi-

517 2128 608 2181 nis
639 2127 958 2197 philosopho
993 2127 1269 2194 indignum
1325 2127 1377 2178 in
1416 2124 1848 2191 antiquissimam
1878 2121 2095 2175 Judaeu-

518 2233 639 2272 rum
673 2218 1035 2286 Scripturam.
1093 2216 1239 2272 Nihil
1297 2226 1476 2269 tamen
1508 2215 1670 2268 habet
1717 2215 1857 2282 quod
1907 2221 2093 2267 contra

519 2308 704 2362 diluvii
745 2309 1027 2364 historiam
1055 2309 1225 2373 dicat;
1284 2323 1352 2362 ne
1381 2306 1688 2383 eaquidem
1720 2304 1874 2358 all'ert
1900 2305 2096 2371 quibus

519 2399 923 2470 reprehendere
979 2407 1191 2467 poterat
1241 2415 1423 2454 arcam
1485 2407 1539 2452 et
1589 2397 1707 2464 ejus
1761 2409 2092 2450 mensuras:

519 2500 648 2558 puta
694 2488 809 2544 ﬁeri
845 2505 950 2544 non
1006 2505 1165 2557 posse
1211 2499 1267 2543 ιιι
1303 2505 1430 2543 arca
1462 2497 1731 2543 trecentos
1774 2486 2008 2550 cubitos,
2041 2495 2096 2539 ut

519 2580 711 2650 vulgus
741 2582 958 2651 accipit,
993 2582 1174 2651 longa,
1233 2582 1340 2635 lata
1368 2580 1754 2649 quinquaginta
1780 2588 1834 2632 et
1863 2578 1970 2630 alta
2004 2578 2098 2631 tri-

519 2672 689 2741 ginta,
721 2672 1060 2748 continuisse
1086 2671 1300 2725 dicatur
1325 2671 1586 2740 quidquid
1617 2670 1927 2723 animalium
1956 2676 2099 2722 esset

520 2761 577 2817 in
625 2772 796 2830 terra,
847 2774 1054 2834 septem
1108 2779 1174 2820 ex
1217 2765 1431 2819 mundis
1473 2763 1643 2831 paria,
1689 2778 1753 2817 ex
1807 2762 2098 2816 immundis

520 2873 652 2912 vero
683 2858 826 2922 duo;
877 2858 972 2911 sed
1028 2858 1166 2911 satis
1199 2857 1361 2911 habet
1409 2857 1591 2911 dicere
1651 2874 1669 2906 ‹
1699 2869 1818 2908 ean:
1850 2868 1970 2908 esse
1999 2853 2098 2907 ab-

523 2947 768 3015 surdam,
817 2948 912 3003 ubi
941 2949 1121 3001 omnia
1163 2948 1370 3002 inclusa
1407 2958 1584 3001 erant.
1609 2965 1629 2998 ι
1672 2946 1809 3012 Quid
1841 2960 1970 2999 vero
2000 2945 2098 3000 ab—

523 3039 676 3094 surdi
707 3039 892 3102 habet,
944 3054 1061 3107 qua:
1093 3051 1313 3094 centum
1345 3039 1504 3091 anuis
1554 3037 1818 3092 fabricata
1849 3039 2100 3104 perhibe-

526 3138 639 3193 tur,
685 3138 743 3183 et
772 3144 892 3197 quae
935 3144 964 3183 a
996 3130 1251 3184 trecentis
1296 3129 1650 3198 longitudinis
1683 3129 2097 3199 quinquaginta—

526 3232 633 3287 que
680 3217 983 3272 latitudinis
1015 3220 1213 3274 cubitis
1262 3219 1493 3274 adducta
1541 3221 1746 3273 sensim
1780 3220 1976 3284 fuerat,
2005 3221 2097 3273 do-

527 3325 629 3364 nec
659 3310 879 3380 triginta
935 3311 1238 3365 altitudinis
1288 3312 1454 3366 cubiti
1507 3310 1812 3365 desinerent
1846 3313 1897 3364 in
1941 3311 2097 3364 fasti-

527 3405 674 3474 gium
707 3407 920 3476 longum
972 3407 1247 3476 latumque
1284 3424 1449 3461 unum
1481 3408 1760 3462 cubitum?
1818 3407 2097 3474 Quomodo

528 3511 640 3551 non
676 3494 996 3552 admiranda
1047 3499 1226 3568 potius
1256 3508 1340 3553 est
1387 3500 1475 3553 illa
1527 3508 1798 3554 structura
1850 3502 2098 3556 maxima:

531 3702 934 3763 consequenter
964 3707 1022 3749 ιιι
1058 3695 1241 3747 dicant
1269 3694 1468 3746 malam
1507 3707 1629 3748 esse
1659 3695 2092 3763 generationem,

532 3781 642 3822 non
682 3765 856 3819 solum
893 3781 1012 3819 eam
1054 3778 1176 3831 qua:
1212 3772 1297 3818 est
1325 3765 1592 3835 corporis,
1637 3766 1730 3819 sed
1769 3768 1932 3818 etiam
1975 3783 2095 3835 qua:

532 3845 617 3890 est
655 3835 872 3895 anima},
900 3845 1122 3904 propter
1143 3849 1306 3901 qttam
1336 3833 1498 3887 etiam
1523 3849 1740 3902 corpus.
1787 3835 1851 3887 Et
1877 3833 2096 3901 quando

530 3906 671 3960 dixit
707 3905 872 3956 David
910 3922 923 3956 :
959 3904 1026 3957 In
1063 3906 1290 3971 peccatis
1322 3913 1598 3967 conceptus
1629 3921 1764 3967 sunt,
1811 3914 1858 3957 et
1888 3906 1944 3958 in
1988 3907 2094 3958 ini-

531 3975 820 4048 quitatibus
843 3977 1080 4048 concepit
1110 3990 1190 4026 me
1224 3984 1392 4048 mater
1411 3988 1530 4048 inea
1566 3988 1584 4026 :
1615 3974 2091 4048 dicitpropltetice

534 4044 752 4112 quidem
786 4055 1013 4098 matrem
1043 4044 1206 4097 Evam
1228 4081 1244 4107 ,
1271 4045 1364 4097 sed
1411 4045 1517 4097 Eva
1550 4053 1724 4096 mater
1756 4045 1857 4097 fuit
1901 4046 2095 4099 viven-

534 4117 713 4178 tium;
753 4123 807 4165 ct
883 4115 926 4166 si
961 4115 1014 4167 in
1050 4115 1286 4182 peccatis
1346 4113 1448 4167 fuit
1491 4124 1814 4181 conceptus,
1870 4115 1962 4168 sed
1997 4131 2099 4168 non

536 4185 652 4254 ipse
687 4185 739 4236 in
772 4194 1019 4252 peccato,
1050 4199 1225 4251 neque
1253 4198 1382 4236 vero
1425 4185 1539 4251 ipse
1576 4194 1878 4254 peccatum.
1903 4204 1921 4236 ι
1953 4182 2106 4239 llunc

534 4253 666 4309 vero
694 4262 748 4307 et
784 4255 955 4317 alios,
995 4270 1133 4324 quos
1164 4254 1275 4321 jam
1305 4255 1624 4319 citavimus,
1669 4253 1817 4307 locos
1853 4259 2104 4323 quisque,

530 4335 694 4396 prout
722 4324 826 4396 sibi
865 4327 1042 4396 visum
1071 4335 1185 4388 est,
1219 4326 1546 4396 detorquere
1573 4324 1738 4396 solet.
1757 4325 2012 4396 _Similia,
2041 4339 2108 4378 ne

533 4393 709 4449 dicant
727 4393 1082 4463 locupletiora
1112 4393 1416 4448 testimonia
1442 4395 1582 4460 apud
1604 4395 1737 4446 alios
1756 4393 1967 4458 Patres,
1995 4405 2106 4447 tum

532 4465 773 4526 Grmcos,
797 4474 907 4519 tum
932 4466 1178 4529 Latinos,
1197 4475 1522 4527 occurrunt;
1548 4478 1665 4530 qua:
1683 4465 1962 4518 brevitatis
1981 4481 2108 4531 gra-

534 4537 608 4590 tia
639 4537 1000 4604 praeterimus.
1035 4535 1306 4588 Spumeus.
1333 4565 1399 4575 -—
1435 4533 1674 4587 Consule
1706 4536 1831 4587 item
1866 4535 2106 4587 clarissi—

535 4620 680 4675 mum
702 4605 951 4660 Huetiutn
972 4605 1411 4675 Origeniauomm
1441 4604 1532 4656 lib.
1560 4620 1628 4666 ιι,
1657 4614 1854 4672 (ιιιωει.
1877 4605 1928 4666 ’7,
1959 4621 2107 4657 ιιιιιιι.

535 4674 791 4797 24.._ull)i
848 4674 1138 4745 investigat
1210 4675 1461 4744 Origettis
1511 4675 1701 4743 dogma
1766 4676 1832 4728 de
1887 4685 2111 4744 peccato

535 4759 742 4797 onatna
773 4763 806 4797 ι.

533 4759 806 4813 Ortgtnalt.

606 4810 718 4886 (37)
760 4817 882 4870 Οὐκ
915 4815 1049 4869 ἔστι
1098 4815 1238 4869 καθ’
1277 4810 1352 4886 ἧς
1400 4816 1470 4868 οὺ
1506 4813 1759 4886 Υζέγελίιιι.
1830 4813 2112 4886 Bohcrcllo

533 4882 816 4959 lfg‘endnm
850 4886 1085 4959 videtur,
1133 4886 1232 4959 ουκ
1271 4882 1385 4959 ἐστι
1429 4883 1548 4959 καθ’
1577 4885 1646 4959 ἧς
1664 4885 1838 4959 μόνον
1873 4883 2107 4959 λέγεται.

536 4951 649 5022 Ego
677 4970 805 5007 vero
837 4955 973 5008 nihil
1001 4957 1194 5008 nmtari
1236 4957 1415 5008 velim.
1465 4951 1724 5010 Νοιιιόὖκ
1761 4956 1873 5006 ἔστι
1903 4955 2022 5007 καθ’
2045 4951 2112 5078 ig

536 5023 598 5074 οὺ
625 5022 839 5078 λέγεται
886 5024 1024 5078 idem
1049 5035 1130 5078 est
1157 5040 1222 5078 ac
1267 5027 1312 5078 si
1351 5025 1622 5078 diceretur
1661 5026 1788 5078 περὶ
1822 5025 2002 5078 πάσης
2029 5026 2058 5077 λ
2090 5055 2112 5064 -

535 5023 598 5074 οὺ
625 5022 839 5090 λέγεται
886 5024 1024 5078 idem
1049 5035 1130 5078 est
1157 5040 1222 5078 ac
1267 5027 1312 5079 si
1351 5025 1622 5081 diceretur
1661 5026 1788 5094 περὶ
1822 5025 2002 5095 πάσης
2029 5022 2115 5078 λέ-

537 5107 713 5161 γεται.

612 5161 721 5233 (58)
759 5164 1240 5239 Πτεροερυούσης.
1305 5163 1446 5239 Lege
1496 5164 1955 5239 πτερορρυούσης.
2011 5164 2116 5218 Fa-

544 5241 682 5306 teor,
731 5250 837 5288 non
899 5234 1072 5306 semel
1112 5237 1348 5306 occurrit
1397 5237 1536 5304 apud
1590 5234 1866 5306 Platonem
1913 5252 2112 5306 πτερο-

543 5305 715 5376 φυεῖν,
771 5314 828 5376 ut
860 5319 982 5374 pag.
1008 5304 1135 5370 9.5L
1161 5305 1288 5369 9.55,
1320 5317 1370 5376 et
1417 5303 1624 5374 φύουσα
1657 5305 1726 5358 τὰ
1757 5303 1952 5376 πτερά,
1992 5303 2110 5374 pag.

540 5372 641 5428 251
673 5389 688 5436 ;
725 5384 780 5426 at
812 5372 983 5437 locus,
1031 5376 1097 5428 ad
1129 5391 1287 5444 quem
1320 5372 1570 5444 Origenes
1616 5372 1874 5442 respexit,
1914 5372 2000 5430 me
2036 5372 2116 5431 sic

542 5445 835 5518 emendare
882 5444 1110 5518 monuit,
1150 5446 1404 5518 p_ag.,'246
1451 5464 1463 5499 :
1501 5448 1564 5500 'H
1593 5448 1738 5518 ψυχὴ
1787 5448 1938 5518 πᾶσα
1975 5463 2114 5500 παν-

538 5512 630 5590 τὸς
660 5514 992 5590 έπιμελεῖται
1021 5515 1114 5590 τοῦ
1133 5512 1347 5590 άψύχου
1362 5533 1374 5546 ·
1415 5518 1592 5572 πάντα
1609 5512 1947 5590 ’δέὀιῖιρανζινΔ
1970 5533 2118 5590 περι-

541 5583 714 5659 πηολεῖ,
732 5583 956 5659 ’ἄλλοτε
977 5587 1042 5659 ὲν.
1067 5583 1442 5659 ἄλλοιςένῖδεσι
1469 5583 1793 5659 γιγνομένηξ
1818 5586 1988 5640 Τελέα
2017 5583 2115 5657 μὲν

541 5649 632 5730 οὖν
699 5652 832 5730 οὖσα
877 5654 970 5730 καὶ
1027 5656 1378 5730 ἐπτερωμένη
1406 5729 1409 5730 ν
1440 5649 1837 5730 μετεωροπολεῖ
1890 5675 1970 5721 τε,
2017 5649 2116 5730 καὶ

542 5724 869 5800 ἃπαντα-τὸν
895 5724 1096 5800 κόσμον
1128 5724 1316 5800 διοικεῖ
1337 5745 1350 5757 ο
1369 5724 1509 5800 ’ή-’δὲ
1541 5724 1994 5800 πτερορρυήσασα
2023 5727 2117 5795 φέ·

543 5810 718 5866 ρεται,
749 5797 854 5861 ἕως
895 5795 960 5850 ἂν
991 5796 1208 5866 στερεοῦ
1239 5814 1380 5861 τινος
1412 5795 1768 5867 ἀντιλάϐηται
1791 5795 1900 5853 res
1934 5814 2117 5852 κατοι-
2143 5872 2147 5875 _

2193 1937 2405 2000 τούτοις
2454 1937 2518 2008 δὴ
2566 1937 2666 2008 ὅρα
2700 1937 2798 2006 τὴν
2848 1936 3172 2007 ἀφιλόσοφον
3208 1935 3490 2005 ἀπέχθειαν
3530 1933 3610 1985 τοῦ
3650 1933 3721 1986 ἀν-

2194 2030 2318 2101 δρὸς
2364 2030 2497 2101 πρὸς
2543 2031 2643 2100 τὴν
2687 2031 3051 2101 ἀρχαιοτάτην
3090 2029 3356 2081 Ἰουδαίων
3399 2028 3617 2097 Γραφήν.
3667 2025 3721 2078 Οὐ

2195 2123 2304 2194 γὰρ
2356 2122 2493 2192 ἔχων
2537 2122 2634 2193 τὴν
2688 2124 2815 2193 περὶ
2861 2119 3248 2191 κατακλυσμοῦ
3283 2121 3514 2190 ἱστορίαν
3541 2118 3724 2172 κακολοο

2196 2217 2344 2282 γεῖνο
2380 2214 2486 2267 οὐδ’
2523 2216 2822 2285 ἐπιστήσας
2867 2207 2950 2275 οἷς
3009 2211 3231 2265 ἐδύνατο
3283 2211 3454 2278 λέγειν
3498 2210 3620 2264 κατὰ
3650 2210 3726 2278 τῆς

2197 2307 2430 2360 κιϐωτοῦ
2460 2308 2554 2359 καὶ
2583 2306 2693 2359 τῶν
2741 2307 2953 2378 μέτρων
2984 2305 3156 2374 αὐτῆς
3181 2321 3194 2333 ·
3228 2305 3324 2357 καὶ⁵
3353 2304 3449 2373 οὐχ
3477 2303 3545 2365 ὡς
3581 2297 3671 2354 οἷὸν
3689 2302 3726 2352 τ’

2197 2396 2264 2470 ἦν
2293 2398 2423 2468 (59),
2465 2397 2605 2451 κατὰ
2647 2398 2738 2451 τὸν
2772 2398 2878 2450 τῶν
2920 2395 3127 2449 πολλῶν
3174 2394 3319 2458 νοῦν,
3375 2393 3727 2464 ἐκλαμϐάνοντιι

2196 2491 2263 2554 τὰ
2312 2489 2580 2560 περὶτῶν
2631 2489 2960 2560 τριακοσίων
3001 2487 3094 2540 τοῦ
3147 2488 3355 2558 μήκους
3404 2486 3498 2555 τῆς
3542 2479 3728 2536 κιϐωτοῦ

2199 2581 2438 2654 πηχέων,
2477 2580 2570 2634 καὶ
2600 2583 2939 2651 πεντήκοντα
2972 2577 3065 2631 τοῦ
3095 2577 3352 2641 πλάτους,
3379 2579 3468 2630 καὶ
3489 2577 3730 2648 τριάκοντα

2196 2671 2289 2725 τοῦ
2328 2671 2518 2741 ὕψους,
2551 2671 2776 2740 φάσκειν
2820 2671 2987 2741 αὐτὴν
3019 2669 3393 2740 κεχωρηκέναι
3436 2667 3500 2720 τὰ
3539 2667 3617 2718 ἐπὶ
3653 2665 3733 2733 γῆς

2199 2763 2334 2829 ζῶα,
2376 2762 2592 2835 καθαρὰ
2625 2765 2723 2834 μὲν
2758 2763 2861 2816 ἀνά
2909 2763 3151 2834 τέσσαρα
3186 2764 3281 2816 καὶ
3311 2761 3441 2814 δέκα
3482 2760 3598 2830 (60),
3630 2756 3732 2810 ἀκά-

2199 2857 2372 2930 θαρτα
2410 2857 2468 2909 δὲ
2524 2855 2626 2908 ἀνὰ
2663 2856 2942 2926 τέσσαραο
2991 2855 3180 2920 ἁπλῶς
3226 2852 3379 2908 εἶπεν
3431 2873 3448 2904 ι
3475 2852 3733 2909 ἀλλόκοτον,

2202 2949 2358 3002 πάντ’
2387 2947 2615 3018 ἔχουσαν
2649 2946 2794 3000 ἔνδον
2825 2947 2956 3018 (61).
2994 2966 3012 2999 ι
3049 2948 3114 3000 Τί
3142 2946 3252 3019 γὰρ
3280 2948 3340 3000 τὺ
3377 2945 3634 3000 ἀλλόκοτον
3658 2941 3736 2993 αὺ-

2198 3041 2318 3111 τῆς,
2372 3039 2566 3092 ἑκατὸν
2617 3039 2791 3092 ἐτεσιν
2848 3041 3241 3111 ἱστορουμένης
3297 3037 3619 3109 γεγενῆσθαι,
3661 3034 3737 3087 καὶ

2205 3133 2578 3203 συναγομένης
2594 3133 2699 3186 ἀπὸ
2714 3133 2824 3186 τῶν
2847 3135 3173 3206 τριακοσίων
3189 3133 3282 3186 τοῦ
3314 3136 3511 3204 μήκους
3537 3126 3737 3200 πηχᾶιινν

2204 3223 2299 3276 καὶ⁵
2331 3223 2438 3276 τῶν
2479 3226 2812 3294 πεντήκοντα
2850 3225 2944 3277 τοῦ
2991 3225 3246 3288 πλάτους,
3283 3225 3388 3286 ’έως
3424 3226 3468 3277 οἰ
3492 3221 3574 3275 τοῦ
3603 3221 3740 3289 ὕψους

2208 3318 2400 3387 πήχεις
2430 3317 2724 3386 τριάκοντα
2766 3316 3159 3387 καταλήξουσιν
3211 3319 3291 3380 εἰς
3336 3316 3428 3368 ἕνα
3465 3316 3620 3385 πῆχυν
3654 3315 3741 3382 μή·

2205 3423 2334 3468 κους
2382 3406 2477 3458 καὶ
2519 3405 2792 3471 πλάτους;
2843 3405 2965 3470 Πῶς
3010 3406 3052 3458 δ’
3087 3406 3206 3476 οὐχὶ
3241 3405 3438 3476 μᾶλλον
3479 3400 3744 3472 Θαυμαστὸν

2203 3494 2272 3570 ἦν
2303 3499 2366 3550 τὸ
2395 3497 2827 3569 κατασκεύασμα
2864 3499 2958 3552 καὶ
2991 3499 3222 3570 μεγίστῃ
3277 3499 3429 3552 πόλει
3463 3497 3648 3561 ἐοικόςο
3677 3492 3746 3563 τῷ

2202 3696 2487 3768 κισθεῖσα,
2523 3697 2682 3768 σῶμα
2723 3701 2908 3768 γήϊνον
2950 3698 3208 3764 λαϐοῦσα,
3251 3700 3384 3755 αὐτὸ
3430 3700 3552 3753 αὐτὸ
3587 3697 3747 3750 δοκοῦν

2203 3771 2371 3840 κινεῖν
2417 3767 2506 3840 διὰ
2549 3767 2647 3840 τὴν
2686 3767 2903 3838 ἐκείνης
2952 3768 3198 3839 δύναμιν,
3257 3772 3396 3835 ζῶον
3451 3771 3508 3823 τὸ
3561 3768 3746 3836 ξύμπαν

2203 3837 2424 3912 ἐκλήθη,
2451 3837 2720 3912 ψυχηκαὶ
2753 3837 2912 3908 σῶμα
2945 3837 3144 3912 παγὲν,
3175 3841 3366 3912 Θνητόν
3392 3842 3436 3893 τ’
3463 3841 3606 3910 ἔσχεν
3630 3841 3748 3890 smu-

2205 3909 2422 3978 νυμίαν.
2483 3926 2500 3958 ι
2532 3909 2722 3963 Ouinis
2779 3912 2996 3963 animus
3053 3910 3217 3964 totius
3261 3909 3540 3965 inanimali
3588 3921 3744 3962 curam

2209 3979 2396 4040 habet,
2441 3985 2723 4046 totumque
2774 3979 3044 4048 percurrit
3083 3981 3306 4045 cmlum,
3369 3982 3500 4035 alias
3531 3979 3748 4032 videlicet

2208 4047 2343 4119 alias
2378 4050 2605 4102 sortitus
2631 4047 2864 4117 species.
2918 4049 3053 4102 Dum
3108 4051 3272 4118 igitur
3321 4050 3585 4119 perfectus
3612 4053 3749 4101 estet

2211 4117 2406 4179 alatus,
2463 4120 2712 4172 sublimis
2771 4120 2992 4180 incedit,
3050 4129 3105 4173 et
3136 4117 3250 4187 iper
3299 4117 3469 4174 totum
3523 4120 3747 4172 muttdnm

2215 4189 2482 4255 pervadit.
2530 4188 2664 4242 Cum
2707 4203 2834 4241 vero
2866 4189 2962 4241 alie
2993 4191 3040 4242 ei
3077 4191 3426 4252 deduxerint,
3464 4190 3636 4248 fertur,
3665 4187 3747 4238 «ιυο

2217 4271 2315 4310 nec
2348 4257 2607 4328 _solidum
2657 4259 2929 4326 quidpiam
2958 4263 3439 4328 comprehenderit
3474 4279 3487 4314 :
3518 4260 3597 4313 ubi
3624 4259 3748 4310 habi-

2217 4324 2456 4380 taculum
2521 4324 2733 4391 nactus,
2791 4324 3006 4395 corpus
3083 4324 3358 4384 terrenum
3419 4330 3648 4396 suscipit,
3705 4331 3747 4375 I'l

2217 4397 2396 4464 ipsutn
2454 4397 2582 4450 illud
2619 4411 2844 4470 ‘tnovere
2895 4399 3130 4470 videtur,
3179 4410 3402 4470 pt'optcr
3432 4401 3565 4452 illius
3590 4406 3750 4466 poten-

2219 4470 2370 4526 tiam,
2403 4481 2466 4519 ac
2517 4466 2739 4533 proinde
2776 4477 2943 4520 totutn
2995 4467 3144 4532 illud,
3179 4466 3412 4522 animus
3442 4471 3670 4522 nimirum
3707 4470 3752 4514 et

2219 4551 2440 4601 corpus,
2475 4537 2674 4588 animal
2705 4547 2942 4596 vocatur,
2976 4547 3042 4606 Aet
3085 4539 3330 4592 mortalis
3365 4540 3524 4592 etiam
3553 4536 3755 4606 appella-

2221 4607 2420 4676 tionem
2461 4607 2637 4676 habet.
2661 4623 2678 4656 ι
2711 4607 2774 4658 Et
2807 4622 2925 4675 pag.
2952 4601 3058 4660 258
3083 4626 3095 4660 :
3124 4609 3293 4662 Ὅταν
3319 4609 3376 4661 δὲ
3413 4601 3755 4676 ἀδυνατήσασι

2217 4674 2546 4749 ἐπισπέσθαι
2574 4675 2654 4749 μὴ
2709 4674 2818 4749 ἴδῃ,
2865 4676 2956 4749 καί
2998 4694 3105 4749 τινι
3153 4680 3413 4749 συντυχίᾳ
3453 4674 3754 4749 χρησαμένη.

2218 4744 2387 4821 λῄθης
2413 4735 2596 4821 τεᾷκαλξ
2623 4735 2821 4810 κακίας
2849 4745 3146 4821 πλησθεῖσα
3180 4735 3756 4821 βψυῧϐᾖίξαρυνῦεξσέι

2218 4809 2680 4896 aeui-5909;.qu
2706 4834 2786 4877 τε,
2815 4817 2908 4868 και
2937 4809 3155 4896 ἐπὶ-τὴν
3176 4809 3287 4896 άῆῆ
3315 4809 3481 4892 ﬁssa;
3511 4809 3650 4896 eic._.
3668 4813 3756 4896 sit.

2221 4884 2543 4952 assequendi
2595 4884 2885 4954 impotens,
2923 4884 3143 4942 minime
3174 4884 3494 4955 insltexerit,
3542 4884 3759 4941 etiul'or—

2223 4956 2375 5010 tunio
2405 4955 2641 5023 quodam
2683 4972 2835 5017 usus.
2864 4955 3136 5019 oblivione
3161 4969 3218 5013 et
3263 4962 3525 5028 pravitate
3548 4956 3761 5031 repletus

2221 5035 2516 5096 gravetur;
2570 5037 2828 5090 gravatus
2871 5035 3049 5096 autem
3099 5043 3309 5096 pennas
3350 5029 3604 5086 amiserit.
3630 5029 3758 5096 etin

2224 5103 2426 5148 terram
2448 5095 2722 5170 inciderit,
2754 5109 2858 5151 etc.
2875 5095 3167 5152 tSPENCt-in.
3191 5127 3264 5138 —
3285 5095 3763 5170 Spencerus‘lectio-

2222 5180 2346 5219 nem
2380 5181 2544 5242 suam
2570 5181 2609 5242 ει
2641 5165 2916 5242 _l’lntone,_
2953 5165 3421 5242 πτερορρυουσης,
3471 5167 3764 5242 conﬁrmare

2221 5235 2421 5304 poterit
2461 5251 2527 5290 ex
2562 5235 2819 5304 Origene,
2865 5237 2958 5294 lib.
2992 5235 3071 5300 vi,
3105 5235 3256 5295 num.
3280 5235 3367 5294 45·
3391 5251 3444 5295 et
3474 5240 3558 5292 44.
3610 5235 3763 5304 ϐκῑεῖῖ

2223 5300 2342 5358 rum
2377 5315 2494 5372 post
2528 5300 2717 5360 vocem
2743 5306 3024 5371 Πλάτωνα,
3077 5308 3198 5362 libri
3242 5313 3371 5365 editi
3431 5313 3619 5365 habent
3658 5300 3763 5354 καθ’

2221 5374 2302 5450 δν.
2354 5374 2672 5450 Boherellus
2703 5387 2850 5450 recte
2880 5379 3020 5434 delet
3065 5379 3185 5432 καθ’
3218 5381 3300 5444 ὃν.
3356 5382 3498 5450 quod
3532 5382 3766 5432 intertur-

2221 5444 2315 5498 bat
2347 5446 2611 5499 orationis
2641 5447 2862 5501 seriem.

2294 5512 2408 5584 (59)
2447 5515 2556 5569 Kal
2585 5517 2698 5586 οὐχ
2739 5517 2820 5587 ᾡς
2854 5513 2981 5587 οἴῲ·
3011 5519 3059 5571 τ’
3080 5515 3178 5587 ἦν.
3240 5518 3591 5574 Scribendum
3635 5510 3766 5566 vide-

2224 5594 2344 5659 tur,
2366 5592 2457 5659 κα)Ϊ
2480 5587 2555 5659 ᾡς
2584 5585 2688 5657 οὐχί
2709 5585 2820 5640 οἷόν
2847 5590 2893 5641 τ’
2919 5585 3002 5659 ἧν.

2444 5653 2762 5731 Libb._e_t:liti
2791 5660 2842 5712 itt
2873 5653 3134 5731 "uirgine,
3165 5657 3670 5731 τεσσαρεσκαίδεκα.

2294 5724 2407 5801 (lii)
2441 5725 2620 5801 Πάν-ιζ’
2649 5724 3146 5801 ἔχουσαν-ἑκὼν.
3206 5724 3640 5801 κἰαυὈΙ-ἱςιιιιθιιι
3680 5727 3772 5779 ho-

2224 5795 2642 5854 tnilia'secunda
2674 5795 2728 5854 in
2759 5797 3027 5855 Genesim.
