3898 6534
182 421 321 476 1097

1370 428 1651 482 CONTRA
1688 428 1968 487 CELSUM
2001 428 2132 484 LIB.
2177 430 2263 484 IV.

3318 433 3457 488 1098

172 534 426 606 δυνάμει
465 533 716 604 λέγεσθαι
761 535 828 590 τὰ
866 536 1058 608 μέτρα·
1088 536 1161 601 ὡς
1191 538 1344 592 ἐννέα
1377 541 1474 611 μὲν
1505 538 1644 596 εἶναι
1679 561 1768 614 μυ-

1881 545 1994 595 ιηἰιί
2052 544 2288 598 similis?
2359 543 2454 598 llic
2506 546 2652 598 enim
2724 545 2781 600 fit
2845 561 3024 602 sermo
3072 545 3136 599 de
3185 548 3458 601 mensuris

176 627 380 699 ριάδων
415 627 476 679 τὸ
511 627 686 698 μῆκος
711 627 852 680 κατά
879 627 977 698 τὴν
1011 626 1185 698 βάσιν,
1221 631 1356 683 κατά
1389 631 1444 684 δὲ
1475 633 1535 685 τὸ
1574 634 1771 698 πλάτος

171 713 450 785 δισχιλίων
479 715 847 768 πεντακοσίων
878 731 889 772 ;
940 717 1066 782 Πῶς
1087 718 1130 771 δ’
1157 719 1256 770 ούκ
1276 716 1342 790 ἦν
1373 720 1647 792 θαυμάσαι
1675 726 1772 797 τὴν

172 805 423 860 ἐπίνοιαν
466 806 558 860 τοῦ
589 807 984 880 ἐρηρεισμένην
1030 811 1302 879 γενέσθαι,
1341 815 1435 866 καὶ
1466 814 1772 888 δυναμένην

174 898 469 971 ὑπομεῖναι
499 901 743 972 χειμῶνα
770 902 1153 974 κατακλυσμοῦ
1187 906 1502 975 ποιητικόν;
1535 909 1643 961 Καὶ
1664 909 1772 982 γὰρ

172 993 234 1048 ού
281 994 454 1068 πίσσῃ
486 996 616 1058 τινὶ,
658 995 765 1048 οὐδ’
795 995 926 1069 ἄλλῃ
976 999 1081 1050 τινί
1109 998 1331 1071 τοιαύτῃ
1361 997 1483 1071 ὕλῃ,
1513 1001 1772 1070 ἀσφάλτῳ

171 1086 230 1140 δὲ
263 1088 510 1160 στερρῶς
542 1090 828 1160 ἐκέχριστο
857 1090 989 1163 (6‘2).
1033 1092 1157 1156 Πῶς
1199 1092 1244 1145 δ’
1279 1093 1339 1146 ού
1375 1093 1686 1165 θαυμαστὸν
1711 1094 1774 1147 τὸ

175 1180 409 1254 ζώπυρα
474 1183 672 1247 παντὸς
733 1184 923 1252 γένους
972 1185 1287 1253 εἰσάγεσθαι
1345 1185 1492 1240 ένδον
1545 1188 1771 1259 προνοίᾳ

174 1276 335 1341 Θεοῦ,
387 1277 451 1330 ἵν’
481 1278 578 1351 ἔχη
628 1279 846 1333 πάντων
877 1279 1166 1352 σπέρματα
1204 1279 1358 1345 ζώων
1402 1283 1564 1336 πάλιν
1599 1285 1630 1354 ὴ
1677 1285 1768 1356 γῆ,

173 1368 270 1422 τοῦ
302 1369 438 1423 Θεοῦ
488 1372 812 1443 δικαιοτάτῳ
842 1373 997 1444 ἀνδρὶ
1030 1373 1400 1445 χρησαμένου,
1454 1377 1620 1448 πατρὶ
1650 1377 1771 1430 ἐσο-

178 1464 328 1536 μένῳ
361 1466 468 1520 τῶν
501 1465 638 1538 μετὰ
667 1467 756 1520 τὸν
789 1467 1210 1538 κατακλυσμόν;

251 1742 485 1814 "Eppia:
522 1742 566 1794 δ’
595 1743 623 1795 ὁ
666 1741 872 1806 Κέλσος
900 1742 967 1795 τὰ
1011 1743 1267 1814 περὶτῆς
1299 1745 1649 1818 περιστερᾶς,
1684 1745 1772 1798 ἵνα

179 1833 310 1907 δόξῃ
349 1835 714 1903 ἀνεγνωκέναι
768 1836 829 1889 τὸ
884 1835 1084 1906 βιϐλίον
1138 1838 1238 1910 τὴν
1301 1839 1538 1904 Γένεσιν,
1617 1840 1770 1893 οὐδὲν

1878 636 2054 700 quom!
2085 646 2391 701 potestatem
2439 651 2457 690 :
2514 637 2585 690 ita
2621 646 2677 691 ιιι
2705 636 2854 692 basis
2901 638 3055 708 longa
3090 637 3254 691 fuerit
3282 652 3457 692 nona-

1875 727 2024 794 ginta
2074 727 2237 781 millia
2296 728 2626 796 cubitorum,
2685 728 2792 782 lata
2845 737 3022 784 autem
3070 727 3154 783 bis
3207 727 3354 784 mille
3402 739 3461 784 ct

1875 818 2199 887 quingentos
2249 819 2481 874 cubitos.
2529 819 2704 886 Quam
2743 822 2904 877 etiam
2961 820 3319 877 admiratione
3371 823 3456 876 di-

1875 925 2062 978 gnum,
2105 909 2252 966 iilam
2289 912 2360 964 ita
2389 911 2619 966 iinniter
2643 922 2981 981 compactam
3019 913 3205 979 fuisse,
3239 922 3295 968 ut
3324 923 3458 968 tem-

1876 1004 2177 1070 pestatibus
2223 1003 2482 1057 diluvium
2522 1003 2916 1060 adducentibus
2950 1005 3081 1059 nihil
3131 1007 3452 1062 lmderetnrl

1880 1093 2062 1163 Neque
2095 1096 2238 1148 enim
2267 1095 2392 1163 pice
2419 1104 2512 1148 aut
2545 1096 2650 1151 alia
2681 1097 2847 1152 simili
2879 1099 3126 1162 materia,
3179 1099 3273 1155 sed
3306 1100 3455 1155 bitu-

1877 1188 2021 1242 mine
2077 1187 2306 1241 firmiter
2351 1189 2657 1244 circumlita
2691 1189 2894 1245 fuerat.
2950 1190 3144 1244 Annon
3179 1193 3456 1246 admiran-

1877 1278 2002 1332 dttm
2035 1288 2088 1333 et
2138 1281 2295 1343 istud,
2351 1280 2722 1337 introductum
2777 1282 2948 1338 fuisse
2983 1283 3074 1337 Dei
3112 1283 3455 1349 providentia

1874 1372 2116 1425 omnium
2162 1373 2477 1429 animalium
2529 1375 2908 1438 seminarium,
2961 1386 3018 1430 ut
3062 1391 3248 1430 eorum
3285 1393 3456 1448 genus

1874 1479 2034 1519 omne
2065 1473 2206 1521 terra
2260 1485 2446 1524 rursus
2499 1469 2762 1534 haberet;
2816 1468 3091 1538 Deumque
3119 1470 3182 1523 ad
3221 1470 3272 1525 id
3304 1471 3458 1525 adhi-

1875 1555 2058 1609 buisse
2082 1556 2442 1624 justissimum
2477 1560 2774 1626 hominem,
2809 1563 2898 1631 qui
2933 1568 3076 1616 esset
3115 1575 3309 1630 parens
3338 1577 3454 1618 om.

1876 1643 2022 1697 nium
2054 1646 2144 1713 qui
2180 1660 2298 1713 post
2331 1647 2595 1703 diluvium
2631 1660 2788 1706 erant
2823 1651 3123 1706 nascilnri?

1947 1734 2110 1808 536
2153 1736 2241 1793 4‘2.
2273 1737 2463 1808 Carpit
2509 1749 2693 1809 postea
2736 1742 2996 1797 columba:
3046 1743 3348 1806 historiam,
3398 1752 3456 1796 ut

1878 1825 2074 1880 librum
2103 1827 2378 1885 Geneseos
2406 1831 2604 1900 legisse
2635 1831 2916 1896 videatur;
2954 1847 3052 1886 nec
3081 1841 3260 1886 tamen
3292 1833 3453 1901 quid-

175 1927 429 1998 δυνηθεὶς
482 1929 652 1982 εἰπεῖν
703 1928 839 1998 πρὸς
896 1929 955 1982 τὸ
1002 1929 1216 1998 ἐλέγξαι
1269 1930 1660 2002 πλασματῶδες
1710 1933 1768 1986 τὸ

1881 1933 2036 1987 quam
2078 1921 2387 1990 excogitare
2432 1924 2628 1992 potuit,
2690 1938 2799 1993 quo
2830 1924 3008 1977 lictam
3038 1938 3158 1978 esse
3185 1926 3452 1992 approba-

177 2022 321 2075 κατὰ
353 2024 454 2092 τὴν
502 2023 849 2094 περιστεράν.
892 2019 1028 2087 Εἶθ’,
1059 2024 1134 2088 ὡς
1164 2025 1283 2088 ἔθος
1315 2025 1463 2096 αὐτῷ
1491 2027 1635 2079 ἐστιν
1680 2029 1770 2081 ἐπὶ

174 2114 238 2165 τὸ
284 2112 623 2186 γελοιότερον
660 2113 1024 2186 μεταφράζειν
1055 2114 1124 2168 τὰ
1146 2116 1521 2188 γεγραμμένα,
1551 2118 1640 2171 τὸν
1675 2119 1768 2172 κό-

179 2223 324 2275 ρακα
349 2208 428 2269 εἰς
457 2205 702 2277 κορώνην
731 2207 1050 2278 μετείληφεο
1085 2207 1178 2260 καὶ
1205 2207 1374 2260 οἴεται
1404 2209 1576 2262 ταῦτα
1606 2211 1770 2264 Maii)-

177 2295 276 2349 σέα
305 2297 766 2368 ἀναγεγραφέναι,
800 2296 1225 2369 ρᾳδιουργοῦντα
1257 2299 1325 2353 τά
1355 2301 1495 2352 κατά
1516 2301 1605 2353 τὸν
1640 2303 1768 2371 παρ’

175 2383 406 2454 Ἕλλησι
454 2385 823 2438 Δευκαλίωνα”
878 2388 925 2438 εί
959 2386 1032 2456 μὴ
1061 2385 1168 2457 ἄρα
1199 2387 1317 2440 οὐδὲ
1349 2390 1626 2454 Μωῡσέως
1657 2390 1766 2443 οίε-

171 2489 261 2524 ται
285 2467 426 2525 εἶναι
451 2475 551 2543 τὴν
575 2475 812 2545 γραφὴν,
849 2473 985 2528 ἀλλά
1009 2493 1170 2528 τινων
1198 2477 1459 2532 πλειόνων
1481 2497 1492 2508 ·
1530 2480 1768 2535 τοιοῦτον

171 2565 284 2638 γάρ
311 2567 464 2638 δηλοῖ
490 2568 570 2631 τὸ,
614 2588 631 2618 ι
659 2569 1170 2640 παραχαράττοντες
1195 2570 1289 2623 καὶ
1321 2571 1770 2646 ρᾳδιουργοῦντες

170 2657 262 2711 τὸν
283 2658 657 2712 Δευκαλίωνα·
692 2679 709 2710 ι
747 2660 840 2712 καὶ
867 2659 1056 2712 τοῦτο·
1092 2679 1110 2711 r
1140 2661 1215 2715 Οὐ
1243 2661 1371 2732 γὰρ,
1404 2660 1575 2736 οἶμαι,
1610 2684 1772 2739 προσ-

168 2749 458 2820 εδόκησαν,
513 2752 596 2804 ὅτι
657 2752 808 2805 ταῦτ’
838 2756 918 2817 εἰς
967 2755 1081 2825 φῶς
1135 2757 1371 2827 πρόεισι.
1403 2776 1420 2807 ι
1485 2757 1608 2822 Πῶς
1648 2759 1692 2812 δ’
1722 2763 1768 2814 οἱ

167 2841 281 2912 ὅλῳ
315 2840 459 2894 ἔθνει
513 2840 744 2906 διδόντες
795 2843 863 2897 τὰ
905 2845 1210 2917 γράμματα
1245 2847 1305 2900 οὐ
1361 2847 1768 2920 προσεδόκησαν

167 2934 314 2986 αὐτὰ
344 2935 426 2998 είς
453 2933 568 3001 φῶς
596 2934 878 3004 προελθεῖν
905 2953 919 3001 ;
947 2937 996 2989 οἳ
1054 2938 1147 2991 κα)⁸
1192 2940 1606 3010 προεφήτευσαν
1636 2942 1769 2996 πᾶσι

167 3024 285 3086 τοῖς
318 3021 498 3076 ἔθνεσι
543 3025 638 3096 τήν
688 3025 999 3079 θεοσέϐειαν
1049 3028 1254 3100 ταύτην
1302 3030 1766 3102 κηρυχθήσεσθαι.

178 3111 238 3164 Ὀ
283 3111 342 3164 δὲ
389 3112 596 3182 Ἰησοῦς
637 3113 716 3175 τὸ,
749 3131 766 3163 ‹
792 3115 1112 3186 ’Λρθήσεται
1156 3117 1247 3184 ἀφ’
1283 3117 1492 3188 ὑμῶνή
1526 3117 1770 3186 βασιλεία

165 3203 265 3257 τοῦ
299 3202 460 3270 Θεοῦ,
492 3206 585 3258 καὶ⁸
610 3205 896 3277 δοθήσεται
925 3206 1064 3261 ἔθνει
1094 3208 1333 3262 ποιοῦντι
1370 3211 1497 3274 τοὺς
1524 3213 1769 3283 καρποὺς

167 3294 366 3366 αὐτῆς,
399 3314 417 3345 ι
464 3295 735 3359 Ἰουδαίοις
785 3294 980 3364 λέγων,
1023 3295 1076 3350 τί
1117 3297 1243 3352 ἄλλο
1287 3298 1553 3370 ᾠκονόμει
1602 3300 1635 3372 ἢ
1689 3304 1769 3366 είς

167 3384 290 3453 φῶς
321 3383 486 3448 αὐτὸς
529 3383 652 3456 θεία
695 3385 922 3457 δυνάμει
955 3392 1288 3459 προαγαγεῖν
1314 3389 1421 3459 (65)
1451 3391 1630 3443 πᾶσαν
1667 3392 1767 3463 τὴν

179 3473 483 3546 Ἰουδαῖκὴν
528 3475 748 3547 Γραφὴν
793 3477 1149 3549 περιέχουσαν
1204 3482 1478 3551 μυστήρια
1529 3479 1629 3550 τῆς
1674 3480 1766 3535 τοῦ

164 3565 307 3620 Θεοῦ
349 3566 625 3637 βασιλείας
651 3585 665 3633 ;
695 3564 849 3634 Εἶτα,
890 3569 986 3623 ὲάν
1018 3570 1116 3640 μὲν
1143 3571 1243 3634 τὰς
1287 3571 1554 3642 Ἑλλήνων
1587 3572 1770 3641 θεογο-

164 3661 293 3724 via;
338 3660 560 3726 καὶτὰς
607 3664 735 3733 περὶ
779 3661 916 3716 θεῶν
957 3661 1162 3716 δώδεκα
1193 3663 1432 3734 ἱστορίας
1466 3663 1770 3734 ἀναγιγνώ-

166 3769 374 3816 σκωσι,
423 3751 836 3823 σεμνοποιοῦσιν
869 3753 1040 3818 αύτάς
1082 3758 1202 3819 ταῖς
1240 3754 1590 3826 ἀλληγορίαις
1613 3773 1625 3787 ·
1675 3759 1768 3811 ἐὰν

163 3844 219 3898 δὲ
275 3846 347 3898 τὰ
384 3845 628 3917 ἡμέτερα
671 3845 948 3917 διασύρειν
985 3845 1299 3916 βούλωνται,
1346 3847 1585 3917 ἀτέχνως
1638 3849 1770 3918 φασὶ

167 3939 335 3992 παισὶ
369 3938 584 4009 νηπίοις
619 3938 760 3992 αύτά
793 3937 1289 4009 μεμυθολογῆσθαι.

243 4162 268 4193 σ
312 4140 697 4211 Ἀτοπωτάτην
729 4161 746 4193 ι
817 4142 875 4195 δὲ
925 4140 1073 4210 λέγει
1130 4160 1148 4192 ι
1178 4143 1272 4194 καὶ
1323 4141 1524 4214 ἔξωρον
1583 4143 1769 4196 παιδο-

170 4235 364 4288 ποιίαν
387 4250 400 4262 '
434 4251 452 4284 ι
505 4235 552 4286 εί
596 4234 688 4286 καὶ
720 4232 792 4303 μή
823 4231 1092 4302 ὠνόμασε,
1137 4231 1296 4302 δῆλον
1345 4233 1426 4284 ὅτι
1459 4232 1630 4300 λέγων
1674 4231 1771 4303 τήν

167 4327 270 4381 τοῦ
311 4324 566 4397 Ἀϐραὰμ
613 4326 707 4379 καὶ
750 4324 850 4394 τῆς
879 4324 1114 4395 Σάρρας.
1182 4323 1415 4376 Ῥίπτων
1447 4323 1503 4376 δὲ
1536 4325 1627 4376 καὶ
1671 4323 1773 4386 τὰς

174 4443 192 4473 ί
215 4422 334 4474 τῶν
368 4418 612 4487 ἀδελφῶν
632 4417 945 4481 ἐπιϐουλὰς,
979 4436 996 4467 ι
1035 4417 1152 4487 ἦτοι
1181 4417 1274 4468 τὸν
1299 4415 1438 4467 Κάῖν
1463 4412 1774 4467 ἐπιϐουλεύ-

173 4530 353 4567 σαντα
383 4511 462 4582 τῷ
495 4511 659 4564 Ἀϐελ
707 4510 932 4580 λέγει,ἢ
964 4511 1098 4582 πρὸς
1133 4509 1306 4581 τούτῳ
1340 4510 1434 4562 καὶ
1473 4507 1564 4561 τὸν
1602 4507 1770 4561 Ἡσαῦ

170 4605 248 4676 τῷ
285 4600 532 4656 Ἰακώϐ·
585 4621 602 4652 ι
660 4601 863 4672 πατρὸς
926 4601 981 4652 δὲ
1039 4600 1236 4670 λύπην,
1298 4620 1316 4651 ι
1346 4601 1486 4670 τάχα
1527 4600 1626 4670 μὲν
1674 4600 1768 4652 καὶ

171 4697 270 4768 τὴν
313 4694 508 4749 Ἰσαὰκ
551 4695 642 4746 ἐπὶ
671 4696 737 4764 τῇ
787 4692 880 4746 τοῦ
922 4691 1114 4746 Ἰακὼϐ
1161 4691 1442 4762 ἀποδημίᾳ
1469 4690 1598 4761 (64),
1629 4690 1768 4761 τάχα

172 4786 228 4840 δὲ
266 4787 372 4840 καὶ
404 4784 501 4856 τὴν
551 4783 644 4836 τοῦ
684 4782 877 4837 Ἰακὼϐ
907 4782 994 4835 διὰ
1037 4782 1128 4834 τὸν
1145 4782 1342 4852 Ἰωσὴφ
1390 4780 1664 4851 πραθέντα
1690 4783 1769 4844 είς

170 4880 480 4948 Αἴγυπτον.
537 4897 551 4927 ι
583 4877 850 4947 Μητέρων
872 4895 890 4925 ι
924 4874 967 4928 δ’
1004 4868 1154 4945 οἶμαι
1187 4894 1204 4924 ι
1235 4872 1454 4944 ἐνέδρας
1481 4892 1499 4923 ›
1529 4872 1770 4944 ἀναγρά-

173 4988 354 5041 φοντα
395 4969 576 5033 αὐτὸν,
606 4967 798 5040 δηλοῦν
830 4966 928 5038 τὴν
971 4965 1287 5029 Ῥεϐέκκαν,
1336 4964 1768 5034 οἰκονομήσασαν

171 5064 274 5128 τὰς
321 5065 421 5120 τοῦ
464 5062 650 5115 Ἰσαάκ
693 5060 860 5130 εὐχὰς
898 5059 972 5130 μὴ
1019 5059 1111 5110 ἐπὶ
1159 5058 1251 5110 τὸν
1291 5055 1484 5117 Ἡσαῦ,
1536 5054 1647 5108 ἀλλ’
1678 5055 1771 5106 ἐπὶ

172 5157 266 5208 τὸν
309 5153 511 5207 Ἰακὼϐ
539 5151 763 5222 φθάσαι.
798 5153 1064 5222 Ἀγχιστα
1094 5150 1149 5203 δὲ
1170 5149 1379 5211 τούτοις
1409 5149 1540 5200 πᾶσι
1569 5163 1772 5217 συμπο-

172 5247 526 5315 λιτευόμενον
552 5245 605 5297 εί
630 5261 808 5314 φαμεν
833 5243 924 5295 τὸν
949 5242 1102 5306 Θεὸν,
1127 5242 1180 5294 τί
1200 5241 1400 5295 ἄτοπον
1427 5239 1766 5311 πράσσομεν,

175 5339 496 5409 πειθόμενοι
525 5337 790 5408 μηδέποτε
823 5335 1138 5406 ἀφιστάνειν
1165 5333 1262 5406 τὴν
1293 5331 1486 5386 ἑαυτοῦ
1521 5331 1772 5400 θειότητα

270 5452 322 5483 ’⁸
437 5453 626 5508 Matth.
673 5470 784 5517 χιι,
818 5454 910 5507 45.
1019 5453 1064 5483 ⁸⁷
1101 5451 1238 5506 Gen.
1274 5466 1364 5504 ut
1395 5489 1411 5514 ,
1441 5447 1534 5503 22.

179 5517 367 5582 1"Gen.
396 5541 608 5588 xxxvn,
645 5525 754 5587 54;
852 5527 893 5555 ι’
917 5521 1053 5577 Gen.
1091 5538 1263 5585 xxvii,
1298 5524 1352 5576 ti.

251 5621 368 5697 (63)
409 5620 717 5697 Ἁσφᾴλτῳ
745 5618 823 5697 δέ.
845 5616 1472 5697 στερῤῶςμὲκέχρισιςρ..
1510 5615 1584 5669 lta
1629 5621 1773 5697 recte

179 5687 410 5751 omnino
462 5687 636 5746 codex
684 5691 1035 5744 Basileensis.
1090 5689 1333 5756 Respicit
1381 5687 1644 5756 Origenes
1686 5687 1772 5756 lo-

178 5782 311 5822 cnm
339 5765 614 5819 Geneseos
647 5777 758 5822 xvr,
797 5761 884 5822 Η,
932 5753 1306 5827 ἀσφαλτώσεις
1353 5753 1519 5827 αὐτὴν
1568 5753 1770 5827 ἔσωθεν

181 5837 280 5890 καὶ
317 5834 513 5918 ἔξωθεν
539 5835 614 5918 τῇ
631 5829 907 5918 ἁσφάλτῳζ
965 5825 1029 5918 ιιι
1053 5838 1209 5882 antea
1243 5829 1404 5883 editis
1454 5825 1605 5882 libris
1642 5825 1772 5896 leg-i-

187 5918 306 5977 tur,
332 5899 1190 5977 ἀνσφαλτωδεστέρωςέκέχριστο.
1324 5971 1334 5977 ᾗ
1459 5969 1470 5977 ι
1575 5967 1610 5977 “
1680 5967 1690 5977 ι

260 5976 379 6051 (63)
412 5966 563 6035 Libb.
609 5966 759 6037 editi,
801 5966 1190 6042 προσαγαγεῖν,
1243 5971 1337 6026 sed
1374 5969 1541 6025 codex
1574 5966 1762 6033 δίδη,

588 6074 861 6136 Parnm.
909 6069 1028 6130 Gn.
1063 6069 1175 6131 Xl.

1647 5447 1694 5479 ”
1728 5446 1864 5503 Gen.

1876 2020 1975 2065 ret.
2014 2012 2233 2078 Deinde,
2272 2022 2330 2067 ut
2380 2014 2462 2068 sui
2500 2013 2665 2068 moris
2698 2023 2781 2070 est
2831 2015 2957 2069 ludo
2989 2025 3199 2070 vertere
3243 2026 3456 2068 nostras

1875 2101 2210 2172 Scripturas,
2283 2118 2502 2158 corvum
2571 2106 2624 2160 in
2683 2105 3018 2162 corniculam
3075 2106 3450 2161 transformat.

1874 2193 2008 2248 Tum
2040 2205 2193 2264 putat
2228 2211 2255 2249 a
2289 2196 2492 2268 Moyse,
2528 2198 2619 2268 qui
2657 2199 2773 2254 hate
2805 2200 3044 2268 scripsit,
3093 2198 3453 2254 adulteratam

1875 2287 2332 2357 depravatamque
2381 2291 2552 2345 fuisse
2599 2290 2846 2345 Graecam
2901 2291 3244 2347 Deucalionis
3284 2293 3456 2348 histo-

1876 2380 2010 2431 riam
2065 2396 2078 2432 :
2129 2380 2173 2434 si
2212 2389 2388 2434 tamen
2441 2381 2633 2435 harum
2680 2398 2861 2436 rerum
2915 2383 3238 2452 scriptorem
3288 2385 3455 2440 fuisse

1874 2468 2112 2539 llnysem
2144 2471 2444 2537 existimat,
2498 2481 2553 2526 et
2589 2488 2693 2527 non
2727 2475 2903 2543 potius
2930 2478 3111 2543 plures
3139 2477 3292 2533 alios.
3342 2478 3454 2535 lloc

1871 2567 2013 2621 enim
2051 2568 2292 2622 indicant
2349 2569 2463 2624 haec
2508 2567 2621 2636 ejus
2659 2571 2823 2625 verba
2879 2591 2890 2626 :
2950 2573 3106 2640 «Qua
3145 2574 3196 2629 ia
3236 2591 3292 2632 re
3323 2577 3454 2631 nihil

1875 2667 2060 2728 agunt,
2111 2675 2276 2728 quam
2331 2659 2631 2729 depravare
2674 2673 2723 2716 et
2759 2662 3087 2733 interpolare
3115 2665 3456 2723 Deucalioiiis

1871 2752 2154 2807 ltistoriam
2179 2770 2192 2818 ;
2220 2774 2236 2807 ι
2274 2765 2327 2808 et
2357 2755 2456 2808 ista
2498 2769 2513 2808 :
2550 2773 2567 2804 ε
2590 2753 2775 2825 Neque
2809 2757 2953 2810 enim
2989 2759 3274 2826 putabant,
3329 2762 3453 2829 opi-

1874 2856 1995 2908 nor,
2031 2843 2144 2897 haec
2177 2843 2230 2897 in
2265 2842 2437 2898 lucem
2479 2859 2599 2899 esse
2633 2847 2932 2914 proditura.
2962 2866 2979 2898 ι
3038 2847 3141 2903 Sed
3183 2854 3456 2918 quomodo

1874 2951 1978 2989 non
2030 2936 2290 3004 putabant
2339 2953 2401 2991 ea
2456 2937 2507 2990 in
2573 2937 2747 2992 lucem
2817 2941 3116 3008 proditura,
3190 2944 3280 3012 qui
3327 2957 3456 2996 snas

1877 3027 2177 3096 scripturas
2227 3028 2492 3083 universa:
2543 3031 2689 3098 genti
2723 3030 2941 3098 dabant,
2993 3041 3046 3085 et
3073 3033 3160 3100 qui
3195 3034 3455 3102 prtedit-e-

1873 3118 2004 3172 baut
2054 3117 2170 3173 fore
2223 3133 2282 3173 ut
2329 3121 2516 3174 eadem
2570 3120 2657 3173 illa
2697 3121 2888 3192 religio
2917 3124 3169 3192 gentibus
3197 3126 3452 3180 omnibus

1873 3215 2328 3268 annnntiaretur?
2365 3215 2428 3269 Et
2455 3217 2593 3269 istud
2625 3215 2748 3270 Jesu
2781 3218 2846 3271 ad
2877 3215 3091 3274 Judazos
3123 3238 3136 3274 :
3177 3239 3196 3272 α
3223 3220 3453 3276 Aufere-

1797 3281 1839 3336 C
1875 3317 1961 3358 tur
2011 3321 2039 3360 a
2095 3307 2246 3360 vobis
2299 3323 2523 3378 regnum
2548 3308 2650 3362 Dei
2705 3319 2756 3364 et
2809 3310 3027 3366 dabitur
3056 3315 3199 3382 genti
3234 3313 3454 3371 facienti

1877 3398 2084 3454 fructus
2115 3398 2233 3467 ejus
2259 3401 2339 3466 ⁸⁸,
2365 3418 2383 3451 ι
2424 3400 2550 3469 quid
2582 3402 2728 3456 aliud
2762 3404 3034 3474 significat
3081 3420 3241 3474 quam
3272 3405 3456 3462 Judai-

1875 3507 1967 3545 cas
1995 3490 2325 3561 Seriptnras,
2375 3508 2495 3561 qua:
2548 3494 2700 3562 regni
2759 3495 2850 3550 Dei
2903 3499 3161 3568 mysteria
3207 3501 3456 3556 contine-

1875 3583 2026 3647 bant,
2085 3599 2183 3652 per
2231 3585 2405 3652 ipsum
2466 3584 2645 3638 divina
2676 3595 2946 3653 potestate
2974 3587 3024 3641 in
3055 3588 3230 3644 lucem
3269 3592 3456 3660 prodi-

1879 3676 2066 3730 turas?
2109 3675 2372 3729 Nimirum
2423 3692 2547 3730 cum
2599 3693 2627 3732 a
2658 3677 2861 3733 Grzceis
2906 3681 3194 3736 conllctam
3230 3683 3454 3739 deorum

1877 3767 2249 3838 genealogiam
2305 3767 2701 3837 duodecimque
2757 3771 2982 3824 deorum
3047 3771 3233 3842 legunt
3285 3773 3457 3829 histo-

1878 3859 2010 3924 rias,
2076 3860 2140 3913 iis
2208 3875 2302 3929 per
2353 3859 2642 3930 allegorias
2705 3861 3004 3916 conciliant
3060 3866 3452 3931 reverentiam;

1875 3966 1997 4003 cum
2034 3966 2162 4004 vero
2215 3967 2300 4004 res
2351 3963 2563 4007 nostras
2619 3954 2848 4007 irridere
2899 3955 3053 4021 libet,
3089 3955 3296 4013 fabulas
3333 3972 3456 4013 esse

1877 4042 2024 4094 aiunt
2058 4057 2176 4110 qnze
2207 4042 2447 4112 puerulis
2482 4043 2623 4094 nulla
2658 4052 2774 4096 arte
2805 4054 3116 4098 narrantur.

1948 4134 2037 4187 45.
2067 4133 2200 4187 Cum
2234 4133 2389 4186 nobis
2423 4133 2609 4202 objicit
2646 4154 2662 4186 ι
2686 4135 2976 4188 absurdam
3025 4145 3078 4189 et
3113 4137 3454 4206 intempesti-

1879 4240 2002 4278 vam
2057 4223 2355 4278 liberorum
2423 4227 2899 4294 procreationem,
2948 4244 2966 4278 ›
3027 4227 3282 4298 intelligit
3333 4231 3457 4282 sine

1877 4316 2040 4370 dubio
2072 4316 2346 4370 Abraham
2380 4327 2433 4369 et
2484 4316 2760 4382 Saram",
2792 4320 3038 4386 quamvis
3072 4318 3190 4373 illos
3226 4335 3331 4372 non
3362 4335 3457 4374 no-

1880 4406 2082 4472 minet;
2136 4422 2259 4460 cum
2318 4416 2497 4459 autem
2553 4408 2824 4462 (fratrum
2881 4409 3125 4470 insidias,
3174 4427 3192 4460 ι
3235 4410 3458 4478 reSpicit

1878 4509 1973 4551 ant
2006 4499 2070 4550 ad
2104 4498 2236 4551 Cain
2269 4497 2496 4550 insidias
2521 4498 2686 4552 Abelo
2722 4500 3032 4553 molientem
3049 4499 3113 4563 ’3,
3147 4511 3240 4553 aut
3264 4502 3329 4553 ad
3357 4499 3455 4554 ,Ιη-

1877 4590 1978 4644 cob
2008 4590 2351 4645 insidiantem
2386 4590 2594 4653 Esavo;
2629 4607 2749 4644 cum
2789 4593 3003 4660 «patris
3032 4592 3303 4645 tristitiam
3328 4593 3395 4656 θ’,
3430 4610 3451 4645 ι

1879 4683 2083 4738 indicat
2131 4683 2364 4738 fortasse
2399 4684 2675 4738 triStitiam
2725 4683 2892 4738 lsaaci
2926 4685 2990 4738 de
3016 4683 3185 4739 Jacob
3220 4686 3457 4755 peregri-

1879 4773 2203 4834 natione”,
2226 4773 2460 4828 fortasse
2488 4773 2648 4827 etiam
2672 4774 2943 4827 tristitiam
2961 4773 3458 4842 Jacobisigniticat,

1877 4873 2102 4934 propter
2144 4863 2342 4936 Joseph
2391 4867 2440 4920 iu
2469 4865 2707 4938 [Egypto
2758 4866 3079 4932 venditum;
3134 4881 3254 4920 cum
3293 4857 3456 4919 una-

1880 4969 2020 5011 trmn
2067 4958 2218 5013 dolos
2248 4960 2286 5024 ¹,
2313 4978 2331 5011 ι
2395 4958 2693 5013 Ιὶθιιρρειιιη
2727 4959 2922 5028 opinor
2963 4957 3137 5013 notari
3171 4965 3454 5012 curantem

1877 5061 1930 5105 et
1965 5051 2130 5105 lsaaei
2167 5051 2574 5106 benedictiones
2622 5066 2726 5105 non
2785 5051 2836 5104 in
2869 5049 3028 5115 Esau,
3063 5050 3160 5105 sed
3210 5049 3261 5104 in
3290 5049 3457 5104 Jacnb

1879 5144 2068 5195 cadant
2094 5145 2157 5197 ι’.
2203 5131 2456 5197 Attamen
2485 5143 2527 5196 si
2565 5143 2806 5196 dicamus
2836 5142 3002 5197 Deum
3031 5142 3081 5196 in
3109 5142 3174 5195 iis
3206 5142 3457 5195 omnibus

1878 5249 2031 5287 suam
2068 5237 2459 5304 interposuisse
2495 5251 2739 5306 operam,
2772 5235 2901 5304 quid
2946 5235 3164 5289 absurdi
3223 5233 3455 5289 facinms

1881 5345 2002 5382 cum
2054 5329 2211 5383 nobis
2248 5346 2346 5400 pro
2377 5342 2526 5388 certo
2555 5331 2627 5385 sit
2671 5329 2814 5384 illius
2844 5329 2912 5383 ab
2943 5329 3009 5383 iis
3038 5343 3313 5398 nunquam
3349 5329 3460 5381 dis-

1915 5461 1986 5513 ιν.
2023 5445 2079 5501 8.
2194 5449 2238 5479 ⁹⁹
2270 5447 2406 5503 Gen.
2459 5463 2604 5503 xxvn
2635 5487 2650 5513 ,
2685 5445 2774 5499 41.
2886 5443 2954 5474 ⁹⁹⁶
2987 5443 3127 5499 Gen.
3168 5458 3360 5505 xxvtu,
3388 5442 3454 5508 2;

1876 5614 2231 5684 προαγαγεῖν,
2257 5611 2484 5684 rectius.

1948 5671 2058 5754 (ti-5')
2088 5671 2457 5754 i'lteschelius,
2479 5679 2573 5754 τοῦ
2615 5673 2810 5754 Ἰακὼϐ
2857 5673 3052 5754 μᾶλλον
3078 5671 3362 5754 ἐπιδημίᾳ,
3400 5681 3458 5754 at

1875 5742 2274 5822 codd.’ltegins
2324 5762 2379 5804 et
2425 5748 2767 5825 Basileensis,
2813 5742 2909 5798 τοῦ
2951 5743 3144 5825 Ἰακςυϐ
3176 5742 3460 5825 ἀποδημίᾳ.

1876 5825 2114 5887 rectius;
2152 5811 2324 5890 neque
2369 5821 2511 5875 enim
2547 5822 2700 5873 video
2731 5833 2838 5888 quo
2867 5828 3029 5888 pacto
3053 5817 3160 5888 (hic
3189 5813 3270 5880 τὸ,
3322 5811 3462 5883 μᾶλ-

1873 5896 1983 5958 λον,
2018 5893 2192 5949 locum
2221 5893 2422 5948 habere
2454 5890 2647 5962 possit.

3081 6045 3161 6106 35
