3852 6418
473 357 614 414 1099

1888 332 2213 392 ORIGENIS

3555 329 3666 386 H00

475 479 675 534 cedere
704 474 1062 532 divinitatem,
1096 467 1186 537 qui
1225 464 1300 518 illi
1333 465 1552 518 honesta
1589 459 1694 512 vita
1730 463 2048 510 constanter

2169 451 2258 504 τῶν
2287 451 2424 523 μετὰ
2451 450 2543 504 τοῦ
2573 449 2748 512 καλῶς
2779 447 2872 500 καὶ
2902 444 3226 518 ἐρρωμένως
3257 442 3394 513 βιοῦν
3415 440 3546 515 αὐτῷ
3566 446 3668 500 ἁνα-

475 563 1234 626 adhterescunt?Subsannat
1285 557 1448 612 etiam
1499 551 1756 606 «divitias
1801 563 1830 602 a
1877 545 2044 600 Jacoh

477 665 622 734 apud
683 661 870 715 Lahan
917 660 1267 722 comparatas
1296 665 1308 701 :
1338 666 1355 699 ι
1413 646 1634 714 ignarus
1684 656 1789 710 quo
1838 646 2046 710 spectet

478 733 620 810 istud
652 771 665 808 :
705 771 723 804 ι
747 752 912 806 Erant
938 760 1066 800 oves
1103 743 1288 798 Laban
1325 737 1610 808 ignobiles,
1646 733 1829 789 Jacobi
1863 741 2044 786 autem

477 847 684 902 nobiles
709 845 754 908 ',
785 862 802 894 ι
834 838 1090 906 additque
1126 853 1144 887 ι
1173 835 1338 888 Deum
1373 831 1485 886 suis
1513 828 1722 884 dedisse
1752 824 1874 880 ﬁliis
1902 821 2044 876 asel-

477 945 577 1007 los,
609 953 736 996 oves
765 944 820 992 et
847 931 1102 988 camelos.
1137 947 1156 978 ι
1198 926 1303 982 Sed
1340 940 1444 978 non
1479 921 1694 976 videbat
1745 935 1762 969 ι
1788 919 1902 972 haec
1932 929 2048 969 om-

478 1041 568 1094 nia
619 1038 670 1090 in
723 1033 891 1101 ﬁgura
933 1024 1226 1094 contigisse
1269 1019 1417 1086 illis;
1458 1019 1662 1086 scripta
1713 1022 1892 1067 autem
1927 1023 2047 1064 esse

476 1139 702 1204 propter
753 1139 874 1190 nos,
940 1122 995 1175 in
1048 1131 1188 1187 quos
1240 1115 1374 1168 ﬁnes
1444 1108 1764 1166 saeculorum
1815 1106 2048 1158 devene-

477 1231 604 1278 runt
627 1221 668 1277 ³.
689 1239 707 1270 ι
743 1217 972 1284 Propter
999 1224 1117 1275 nos,
1149 1208 1392 1277 inquam,
1429 1201 1566 1272 apud
1592 1213 1729 1269 quos
1767 1195 1901 1249 varii
1937 1209 2050 1247 mo-

479 1329 590 1380 res,
621 1309 826 1366 nobiles
857 1304 1006 1368 facti,
1037 1317 1066 1356 a
1101 1300 1280 1356 Verbo
1311 1296 1406 1352 Dei
1447 1303 1727 1365 reguntur,
1775 1299 1828 1344 et
1853 1289 2050 1343 dantur

479 1410 534 1460 in
565 1402 960 1476 possessionem
987 1396 1034 1452 ei
1065 1394 1156 1464 qui
1193 1392 1420 1461 ﬁgurate
1447 1396 1671 1442 vocatur
1699 1382 1888 1438 Jacoh.
1916 1379 2048 1434 Nam

479 1473 598 1566 qua:
628 1497 692 1548 de
723 1491 906 1547 Laban
957 1497 1010 1544 et
1039 1485 1208 1542 Jacoh
1255 1481 1457 1548 scripta
1491 1485 1634 1542 sunt,
1673 1473 2051 1544 signiﬁcabant

477 1605 572 1646 eos
622 1588 712 1656 qui
764 1593 888 1640 sunt
936 1597 967 1638 e
1017 1577 1268 1651 gentibus
1317 1575 1479 1630 ﬁdem
1529 1572 1580 1626 in
1613 1569 1888 1624 Christum
1931 1580 2048 1618 am—

479 1679 618 1750 plexi
629 1719 644 1734 .

553 1769 714 1842 537
746 1767 834 1822 Η.
858 1765 928 1820 At
953 1762 1146 1819 Celsus
1173 1776 1200 1814 a
1229 1765 1408 1813 mente
1435 1754 1844 1823 Scripturarum
1883 1747 2052 1816 longe

485 1840 726 1918 remotus
755 1860 830 1913 ait
860 1876 877 1908 ι
900 1857 1067 1911 Deum
1095 1859 1290 1922 puteos
1350 1847 1514 1902 etiam
1565 1843 1728 1914 justis
1773 1840 2004 1894 dedisse.
2030 1857 2048 1888 ι

482 1957 594 2010 Nec
633 1952 776 2008 enim
822 1946 1137 2004 observavit
1183 1942 1362 2009 iustos
1425 1953 1530 1990 non
1583 1946 1900 2002 comparare
1950 1929 2052 1984 sibi

481 2049 692 2112 foveas,
727 2041 820 2109 set]
852 2039 1039 2094 fodere
1083 2043 1276 2105 puteos
1323 2040 1374 2085 et
1409 2029 1518 2084 alte
1559 2028 1610 2081 in
1641 2035 1783 2079 terra
1813 2033 2056 2092 quaerere

486 2137 902 2211 poculentarum
929 2143 1191 2200 aquarum
1223 2122 1609 2193 scaturiginem
1632 2119 1690 2186 ‘;
1731 2118 1931 2187 quippe
1964 2115 2052 2183 qui

485 2234 718 2302 ﬁgurate
775 2227 1057 2295 accipiunt
1116 2227 1442 2292 praecepturum
1502 2214 1644 2269 hoc:
1679 2231 1696 2263 ι
1725 2211 1857 2264 Bibe
1888 2222 2056 2276 aquas

487 2338 550 2376 ex
583 2319 729 2373 vasis
784 2317 916 2379 tuis,
953 2323 1008 2366 ct
1048 2327 1078 2365 e
1125 2317 1414 2378 puteorum
1478 2316 1692 2357 tuorum
1753 2296 1932 2359 fonte;
1977 2308 2055 2348 ne

484 2409 996 2484 supereﬂ'undantur
1027 2416 1180 2472 aqua:
1215 2414 1244 2453 e
1276 2399 1422 2451 fonte
1471 2403 1584 2460 tuo,
1635 2391 1726 2445 sed
1766 2401 1919 2456 aqua:
1952 2395 2055 2438 tua!

487 2479 693 2558 in-tuas
725 2499 933 2572 plateas
980 2493 1320 2549 derivcntur.
1375 2485 1586 2540 Habeto
1638 2498 1731 2538 eas
1782 2479 1952 2542 solus,
2002 2485 2056 2530 et

485 2611 642 2651 nemo
691 2593 901 2646 alienus
934 2587 1004 2642 sit
1035 2583 1308 2654 particeps
1350 2579 1486 2634 tui“.
1511 2596 1528 2629 ι
1573 2575 1730 2643 δωρο
1769 2573 1918 2627 veris
1968 2569 2054 2625 hi-

486 2688 672 2744 storiis
722 2682 1006 2750 Scriptura
1053 2677 1248 2738 utitur,
1283 2681 1346 2728 ut
1399 2685 1489 2726 res
1541 2667 1760 2738 majoris
1795 2663 2054 2720 momenti

487 2779 806 2846 altiorisque
843 2771 1059 2828 consilii
1093 2767 1384 2838 signiﬁcet.
1437 2759 1751 2829 Huiusmodi
1781 2763 1905 2810 sunt
1936 2770 2070 2830 qua;

489 2873 554 2927 de
585 2870 784 2939 puteis,
819 2867 884 2921 de
919 2862 1206 2934 coniugiis,
1241 2860 1310 2913 de
1345 2854 1513 2909 variis
1556 2845 1830 2918 justorum
1883 2846 2058 2902 uxori-

485 2965 589 3018 bus
623 2966 1028 3020 memorantur;
1062 2966 1180 3021 quae
1212 2947 1392 3004 omnia
1429 2941 1790 3014 opportunius
1818 2937 2054 3008 explica-

486 3057 649 3120 verit,
681 3051 771 3120 qui
805 3041 1234 3102 commentarios
1277 3037 1330 3091 in
1371 3037 1458 3090 illa
1509 3042 1820 3102 componet.
1859 3031 2059 3084 Puteos

487 3157 668 3201 autem
702 3161 729 3198 a
757 3141 921 3211 justis
969 3137 1136 3190 fuisse
1163 3133 1494 3193 elaboratus,
1531 3135 1588 3180 ut
1614 3127 1668 3179 in
1699 3123 1894 3178 Genesi
1921 3123 2058 3176 scri-
2089 3165 2133 3224 Ο

487 3250 636 3308 ptum
683 3235 827 3298 est“,
860 3231 1064 3288 indicio
1105 3236 1230 3284 sunt
1267 3223 1412 3294 putei
1457 3221 1530 3274 illi
1569 3216 1938 3277 admirabiles,
1969 3217 2059 3290 qui

487 3335 628 3404 apud
660 3329 980 3387 Ascalonem
1010 3322 1398 3385 ostenduntur,
1434 3315 1634 3385 quique
1677 3313 1746 3367 ob
1784 3309 2057 3366 insolitam

489 3429 866 3491 diversamque
918 3434 946 3472 a
995 3415 1216 3485 reliquis
1265 3411 1445 3481 puteis
1503 3407 1734 3461 formam
1797 3401 2058 3456 memoria

489 3518 638 3586 digiti
672 3525 821 3578 sunt.
855 3509 1006 3578 Quod
1055 3509 1121 3562 ad
1173 3517 1372 3559 uxores
1399 3499 1668 3570 legitimas
1733 3506 1786 3550 et
1835 3493 2060 3548 ancillas

491 3612 708 3674 attinet,
760 3606 812 3660 id
859 3616 1072 3672 quoque
1139 3611 1300 3652 sensu
1365 3591 1701 3660 tropologico
1754 3603 1875 3642 esse
1920 3586 2062 3640 acci—

493 3701 772 3771 piendum,
815 3710 919 3750 non
963 3693 1241 3746 inventum
1289 3687 1532 3739 nostrum
1593 3690 1697 3744 est,
1749 3681 1842 3732 sed
1884 3679 1936 3732 id
1969 3679 2062 3732 do-

495 3807 658 3850 cuere
695 3787 970 3858 sapientes
1001 3781 1093 3851 qui
1125 3787 1252 3833 ante
1287 3791 1386 3830 nos
1423 3775 1662 3828 fuerunt.
1694 3772 1894 3825 Horum
1921 3784 2061 3822 unus

499 3883 803 3936 auditorem
858 3874 1077 3945 erigens
1124 3871 1190 3924 ad
1255 3866 1595 3937 tropologias
1647 3864 1726 3918 sic
1779 3862 2056 3932 loquitur:

501 3992 518 4022 c
545 3971 717 4027 Dicite
753 3966 884 4022 mihi
925 3979 1023 4020 vos
1049 3962 1142 4031 ,qui
1173 3962 1348 4029 legem
1383 3957 1585 4026 legitis,
1619 3955 1794 4026 legem
1841 3969 1946 4007 non
1986 3954 2064 4006 in-

496 4062 773 4136 telligitis?
810 4057 1086 4126 Scriptum
1125 4063 1208 4108 est
1263 4051 1429 4116 enim,
1483 4049 1738 4117 quoniam
1787 4046 2060 4098 Abraham

494 4135 630 4213 duos
673 4154 809 4208 ﬁlios
846 4149 1069 4211 habuit,
1121 4159 1286 4198 unum
1351 4142 1416 4196 de
1467 4137 1663 4193 ancilla
1713 4145 1767 4191 et
1801 4151 1966 4190 unum
1996 4135 2062 4190 de

493 4251 692 4314 libera;
743 4245 837 4301 sed
915 4242 1004 4310 qui
1070 4240 1134 4294 de
1195 4235 1391 4290 ancilla
1472 4229 1768 4287 secundum
1843 4243 2061 4282 carnem

495 4351 654 4396 natus
703 4349 822 4394 est:
877 4335 966 4404 qui
1017 4341 1199 4385 autem
1253 4332 1320 4383 de
1377 4326 1568 4388 libera,
1625 4336 1720 4390 per
1775 4319 2065 4390 repromis-

493 4436 736 4496 sionem;
791 4409 914 4498 quae
961 4433 1092 4482 sunt
1145 4437 1243 4490 per
1307 4417 1626 4486 allegoriam
1692 4413 1834 4467 dicta
1883 4429 1896 4464 :
1949 4413 2065 4465 haec

493 4528 638 4580 enim
667 4532 794 4578 sunt
823 4524 928 4575 duo
964 4521 1315 4572 testamenta.
1358 4509 1530 4563 Unum
1563 4505 1786 4577 quidem
1819 4519 1847 4556 a
1883 4511 2066 4556 monte
2097 4511 2141 4565 Ι)

492 4622 642 4685 Sina,
675 4619 728 4672 in
769 4616 1088 4672 servitutem
1148 4619 1452 4680 generatis;
1508 4617 1630 4671 qua:
1682 4609 1765 4654 est
1813 4596 2009 4666 Agar".
2040 4615 2058 4646 ι

492 4715 560 4770 Et
594 4711 754 4783 paulo
793 4718 914 4778 post
943 4725 956 4759 :
988 4725 1004 4757 ι
1037 4702 1131 4756 Illa
1168 4709 1349 4754 autem
1385 4709 1507 4765 quae
1544 4707 1765 4747 sursum
1793 4699 1876 4744 est
1901 4687 2062 4742 Jeru-

495 4809 686 4876 salem,
748 4805 916 4858 libera
971 4807 1074 4864 est,
1135 4809 1254 4865 quae
1318 4800 1401 4847 est
1449 4798 1624 4843 mater
1673 4781 1961 4838 nostras.»
2000 4779 2067 4832 Et

496 4899 746 4968 quisquis
801 4892 1040 4948 voluerit.
1089 4891 1141 4944 in
1193 4899 1384 4941 manus
1435 4893 1650 4935 sumere
1717 4877 1783 4928 ad
1841 4873 2067 4927 Galatas

495 4991 814 5061 Epistulam,
839 4988 976 5043 sciet
1001 4999 1108 5054 qua
1137 4981 1346 5036 ratione
1389 4991 1484 5047 per
1527 4971 1852 5040 allegoriam
1894 4965 2070 5034 expli-

497 5083 674 5139 canda
724 5081 831 5135 sint
871 5091 991 5146 qua:
1032 5075 1095 5129 de
1135 5071 1395 5142 legitimis
1443 5064 1704 5119 uxoribus
1748 5069 1803 5114 et
1859 5056 2072 5110 ancillis

499 5181 724 5246 narrant
757 5169 1076 5237 Scriptura},
1107 5177 1227 5233 quae
1269 5159 1412 5230 quod
1454 5166 1782 5225 corporeum
1831 5163 1950 5203 esse
1991 5147 2070 5199 vi-

569 5331 589 5360 '
620 5327 756 5382 Gen.
786 5341 916 5388 xxx,
951 5321 1042 5374 45.
1155 5317 1174 5347 ³
1197 5315 1378 5388 lCor.
1407 5329 1462 5376 ιι,
1499 5312 1587 5364 Η.

497 5400 558 5456 2i
598 5408 652 5452 et
683 5410 836 5464 seqq.
902 5386 906 5388 “
967 5394 990 5424 ⁸
1017 5389 1151 5444 ibid.
1185 5386 1276 5440 26.

572 5547 964 5629 (65l'1‘ﬁrzwl
997 5540 1346 5629 spueret
1365 5529 1926 5629 πεῖέτιέξιθνῖέῖτξίίίὲζς.
1954 5528 2062 5629 Eii:

503 5597 708 5681 hei-elllo
755 5597 1368 5676 scribendun’i'rvidetur,
1396 5597 1577 5679 πηγὴν
1619 5597 1722 5658 καῖ
1753 5601 1926 5672 ἀρχὴν
1955 5597 2066 5651 τῶν

500 5697 746 5766 meum?
784 5689 1012 5766 ὑδάτωγπ

731 5761 884 5816 Libb.
917 5757 1044 5812 editi
1079 5757 1129 5808 in
1167 5753 1426 5842 margine,
1459 5748 1769 5842 γενόμενος,
1809 5740 1970 5792 male.

618 5839 670 5842 ’_'
725 5836 778 5842 ····
897 5828 922 5840 “'
967 5829 1005 5842 "
1062 5841 1066 5842 ν
1129 5825 1180 5842 ἀ
1614 5821 1627 5842 ι
1669 5820 1877 5842 “unum”
1933 5811 1970 5842 ῖς

725 5811 938 5901 Ἐἶτῇί
967 5811 1312 5884 Ἀσκάλωνιῖ
1357 5811 1560 5877 Forsan
1592 5811 1882 5892 :Origencs
1933 5811 2068 5865 istos

1696 5307 1715 5338 ’⁸
1744 5305 1880 5360 Gen.
1917 5315 2068 5366 xxvr,
2103 5297 2194 5352 15.

2153 545 2417 615 κειμένων
2445 561 2458 609 ;
2504 541 2788 612 Ἐχλεύασε
2834 540 2889 592 δὲ
2923 559 2940 589 ι
2966 538 3061 608 τὴν
3091 534 3237 608 παρὰ
3281 533 3356 604 τῷ
3381 535 3543 589 Λάϐαν
3567 537 3672 608 x17;—

2154 653 2236 688 σιν
2266 634 2358 687 τοῦ
2401 631 2770 703 Ἰακὼ6,ι(μὴ
2818 632 3016 702 νοήσας
3067 629 3159 681 ἐπὶ
3191 627 3240 681 τί
3285 627 3578 699 ἀναφέρεται
3606 628 3672 692 τὸ,

2158 747 2174 778 ι
2201 727 2310 782 Καὶ
2353 722 2420 799 ἦν
2451 728 2516 780 τὰ
2549 727 2735 796 ἄσημα
2776 723 2868 777 τοῦ
2917 721 3122 800 ᾼάϐαν,
3155 719 3222 774 τὰ
3271 719 3324 772 δὲ
3359 720 3572 790 ἐπίσημα
3597 719 3672 772 τοῦ

2165 819 2436 890 Ἰακὼϐμ)
2485 819 2577 872 καί
2602 834 2732 888 φησι
2783 835 2801 868 ε
2829 817 2918 869 τὸν
2951 815 3082 868 Θεὸν
3111 816 3223 877 τοῖς
3253 813 3382 877 υἱοῖς
3413 812 3576 884 ὀνάρια
3599 811 3675 864 καὶ

2155 911 2402 984 πρόϐατα
2430 911 2524 965 καὶ
2553 910 2831 980 καμήλους
2856 905 3188 978 δεδωρῆσθαι
3209 922 3220 934 ’
3253 924 3271 956 ι
3322 905 3409 957 καὶ
3431 903 3518 972 οὐχ
3540 903 3674 975 ἐώρα,

2159 1024 2176 1055 ‹
2205 1005 2285 1058 ὅτι
2339 1004 2514 1058 πάντα
2585 1001 2758 1056 ταῦτα
2804 999 3046 1064 τυπικῶς
3109 997 3412 1052 συνέϐαινεν
3472 995 3675 1058 ἐκείνοις,

2155 1098 2365 1168 ἐγράφη
2394 1096 2448 1149 δὲ
2471 1097 2536 1149 δι’
2567 1096 2732 1166 ἡμᾶς,
2763 1094 2843 1156 εἰς
2885 1091 2978 1159 οὓς
3004 1093 3070 1146 τὰ
3099 1089 3225 1160 τέλη
3251 1089 3358 1141 τῶν
3391 1087 3574 1142 αἰώνων
3603 1104 3679 1140 κα-

2155 1191 2386 1260 τήντησε
2411 1205 2423 1218 ·
2452 1207 2470 1238 ι
2506 1187 2635 1258 παρ’
2663 1181 2744 1250 οἷς
2793 1185 2861 1238 τὰ
2893 1183 3109 1238 ποικίλα
3155 1180 3282 1253 ἤθη,
3320 1180 3543 1249 ἐπίσημα
3563 1179 3677 1246 γινό-

2161 1296 2314 1352 μενα,
2363 1277 2440 1350 τῷ
2468 1277 2610 1348 λόγῳ
2637 1275 2728 1330 τοῦ
2780 1273 2912 1328 Θεοῦ
2945 1271 3300 1334 πολιτεύεται,
3325 1268 3543 1330 ,δοθέντα
3573 1267 3678 1337 κτῆ-

2161 1390 2240 1435 σις
2272 1371 2348 1442 τῷ
2397 1368 2670 1443 τροπικῶς
2715 1365 3032 1436 καλουμένῳ
3069 1361 3282 1417 Ἰακώϐ.
3319 1359 3445 1414 Ἀπὸ
3483 1359 3576 1430 γὰρ
3595 1358 3678 1410 τῶν

2157 1463 2325 1518 ἐθνῶν
2371 1465 2421 1516 οἱ
2464 1463 2543 1526 εἰς
2587 1461 2746 1514 αὐτὸν
2785 1457 3129 1518 πιστεύοντες
3177 1452 3452 1524 ἐδηλοΰντο
3489 1452 3566 1506 διὰ
3595 1451 3682 1502 τῶν

2159 1552 2658 1625 ἀναγεγραμμένων
2683 1568 2750 1605 πε
2761 1552 2812 1622 ρὶ
2831 1549 3014 1604 Λάϐαν
3048 1549 3143 1602 καὶ
3161 1545 3380 1600 Ἰακώϐ.

2229 1731 2425 1805 Πόρρω
2456 1729 2512 1782 δὲ
2548 1727 2829 1796 τυγχάνων
2864 1723 2956 1776 τοῦ
2994 1721 3332 1794 βουλήματος
3354 1718 3454 1770 τῶν
3479 1730 3682 1786 γεγραμ-

2085 1817 2126 1870 Β
2161 1823 2358 1895 μένων,
2395 1821 2528 1891 φησι
2575 1837 2592 1870 ‹
2619 1818 2708 1871 τὸν
2760 1815 2891 1868 Θεὸν
2941 1814 3037 1867 καὶ
3087 1813 3299 1885 φρέατα
3347 1813 3453 1872 τοῖς
3495 1807 3685 1866 δικαίοις

2156 1915 2466 1970 δεδωκέναι.
2493 1931 2511 1964 ι
2563 1911 2638 1964 Οὐ
2698 1909 2808 1980 γὰρ
2854 1908 3142 1978 ἐτήρησεν,
3173 1906 3256 1958 ὅτι
3287 1904 3336 1956 οί
3369 1902 3548 1955 δίκαιοι
3581 1898 3686 1950 λάκ-

2159 2025 2286 2070 κους
2319 2007 2414 2077 μὲν
2455 2005 2515 2056 οὐ
2561 2000 3054 2064 κατασκευάζουσι,
3089 1997 3300 2070 φρέατα
3332 1995 3387 2048 δὲ
3417 1993 3683 2064 ὀρύσσουσι,

2159 2101 2255 2170 τὴν
2291 2097 2701 2168 ἐνυπάρχουσαν
2729 2093 2832 2164 γῆν
2855 2092 2949 2145 καὶ
2987 2089 3162 2162 ἀρχὴν
3187 2087 3295 2142 τῶν
3325 2085 3552 2155 ποτίμων
3576 2083 3686 2150 ἀγα-

2160 2190 2267 2245 θῶν
2301 2189 2410 2260 (65)
2441 2185 2680 2257 ἐξευρεῖν
2709 2182 3015 2255 ζητοῦντες,
3053 2182 3148 2234 ἅτε
3175 2179 3269 2234 καὶ
3299 2176 3548 2250 τροπικὴν
3575 2173 3686 2241 λαμ-

2162 2281 2411 2342 ϐάνοντες
2435 2275 2673 2348 ἐντολὴν,
2705 2274 2802 2346 τὴν
2830 2273 3145 2343 φάσκουσαν
3166 2289 3180 2302 ·
3221 2289 3238 2320 ι
3261 2271 3390 2322 Πῖνε
3430 2266 3578 2319 ὕδατα
3602 2259 3688 2316 ἀπὸ

2163 2373 2268 2428 σῶν
2317 2372 2574 2442 ἀγγείων,
2629 2368 2722 2422 καὶ
2771 2366 2877 2420 ἀπὸ
2929 2365 3036 2418 σῶν
3093 2363 3343 2435 φρεάτων
3388 2361 3580 2432 πηγῆς·
3628 2354 3686 2425 μὴ

2161 2460 2569 2534 ὑπερεκχείσθω
2619 2475 2699 2510 σοι
2755 2457 2921 2510 ὕδατα
2950 2455 3052 2522 ἔξω
3080 2454 3180 2523 τῆς
3215 2453 3314 2523 σῆς
3353 2451 3540 2522 πηγῆς,
3561 2445 3688 2509 εἰςδέ

2162 2553 2260 2617 σὰς
2286 2550 2542 2613 πλατείας
2578 2547 2980 2619 διαπορευέσθω
3007 2545 3075 2598 τὰ
3120 2545 3187 2597 σὰ
3231 2543 3412 2596 ὕδατα.
3439 2541 3598 2594 Ἔστω
3625 2552 3687 2587 σοι

2166 2645 2310 2716 μόνῳ
2355 2642 2689 2714 ὑπάρχοντα,
2736 2638 2830 2692 καὶ
2881 2636 3068 2709 μηδεὶς
3104 2635 3378 2706 ἀλλότριος
3419 2625 3689 2702 μετασχέτω

2165 2755 2265 2791 σοι.
2293 2755 2310 2787 ι
2339 2731 2611 2804 Πολλαχοῦ
2639 2732 2695 2784 δὲ
2727 2729 2990 2802 ἱστορίαις
3013 2727 3328 2798 γενομέναις
3357 2723 3462 2796 (66)
3489 2735 3688 2789 συγκρη-

2167 2831 2397 2900 σάμενος
2445 2829 2472 2880 ὁ
2513 2825 2671 2892 λόγος
2708 2821 3013 2893 ἀνέγραψεν
3061 2817 3231 2881 αὑτὰς
3279 2820 3356 2879 εἰς
3398 2815 3692 2886 παράστασιν

2167 2920 2426 2992 μειζόνων
2459 2918 2552 2971 καὶ
2589 2917 2645 2968 ἐν
2680 2914 2904 2984 ὑπονοίᾳ
2924 2910 3296 2984 δηλουμένων·
3321 2907 3472 2962 ὁποῖά
3491 2907 3594 2956 ἐστι
3619 2899 3692 2952 καὶ

2163 3013 2232 3064 τὰ
2266 3012 2394 3082 περὶ
2431 3007 2501 3061 τὰ
2549 3007 2778 3078 φρέατα,
2815 3005 2909 3057 καὶ
2935 3002 3002 3056 τὰ
3035 3003 3164 3072 περὶ
3213 3001 3339 3063 τοὺς
3387 2998 3598 3068 γάμους,
3620 2991 3695 3044 καὶ

2167 3105 2264 3168 τὰς
2297 3101 2581 3173 διαφόρους
2615 3097 2788 3169 μίξεις
2812 3095 2917 3148 τῶν
2954 3095 3206 3149 δικαίων·
3241 3093 3368 3164 περὶ
3395 3085 3464 3143 ὧν
3485 3083 3696 3155 εὐκαιρό-

2165 3216 2320 3270 τερον
2352 3201 2408 3251 ἐν
2445 3199 2554 3258 τοῖς
2585 3197 2664 3255 είς
2693 3190 2830 3244 αὐτὰ
2867 3190 3047 3242 ἐκεῖνα
3081 3187 3419 3256 ἐξηγητικοῖς
3445 3199 3522 3244 τις
3549 3193 3696 3246 σαφη-

2166 3293 2328 3358 νίζειν
2377 3289 2716 3360 πειράσεται.
2749 3285 2870 3336 ’Ότι
2914 3281 2969 3333 δὲ
3009 3279 3102 3332 καὶ
3146 3279 3353 3349 φρέατα
3397 3278 3450 3328 ἐν
3477 3277 3542 3344 γῇ
3575 3269 3694 3323 Φιλι-

2171 3383 2389 3436 στιαίων
2439 3375 2874 3433 κατεσκεύασται
2929 3371 3034 3423 ὑπὸ
3061 3367 3171 3420 τῶν
3202 3367 3440 3429 δικαίων,
3470 3364 3542 3427 ὡς
3568 3365 3616 3414 ἐν
3641 3360 3694 3428 τῇ

2163 3473 2378 3529 Γενέσει
2454 3469 2890 3540 ἀναγέγραπται,
2921 3461 3076 3532 δῆλον
3102 3462 3166 3512 ἐκ
3212 3459 3318 3511 τῶν
3377 3453 3697 3524 δεικνυμένων

2167 3569 2224 3621 ἐν
2283 3569 2349 3636 τῇ
2417 3561 2712 3616 Ἀσκάλωνι
2771 3555 2881 3628 (67)
2933 3551 3261 3623 θαυμαστῶν
3319 3550 3574 3619 φρεάτων,
3617 3541 3698 3595 κλ-

2173 3657 2410 3731 ἱστορίας
2443 3654 2608 3718 ἀξίων
2637 3649 2724 3704 διὰ
2749 3649 2808 3701 τὸ
2841 3647 2986 3712 ξένον
3028 3643 3123 3696 καὶ
3161 3637 3596 3712 παρηλλαγμένον
3619 3633 3700 3701 τῆς

2169 3748 2515 3818 κατασκευῆς
2546 3746 2620 3807 ὡς
2659 3741 2792 3812 πρὸς
2832 3737 2901 3792 τὰ
2935 3737 3100 3789 λοιπὰ
3135 3734 3364 3806 φρέατα.
3409 3730 3625 3798 Νύμφας
3653 3739 3700 3776 τε

2166 3847 2262 3899 καὶ
2305 3838 2685 3913 θεραπαινίδας
2740 3829 3036 3900 ἀνάγεσθαι
3079 3829 3171 3880 ἐπὶ
3215 3823 3576 3897 τροπολογίαν,
3623 3817 3702 3885 οὐχ

2168 3941 2327 4011 ἡμεῖς
2357 3934 2703 4001 διδάσκομεν,
2735 3926 2847 3980 ἀλλ’
2878 3921 3083 3976 ἄνωθεν
3114 3919 3223 3972 ἀπὸ
3269 3916 3441 3986 σοφῶν
3483 3909 3705 3984 παρειλή-

2170 4043 2348 4100 φαμεν
2372 4041 2384 4054 ³
2415 4017 2487 4076 ὧν
2531 4015 2608 4082 εἷς
2640 4034 2722 4080 τις
2764 4014 2988 4084 ἔφασκε,
3020 4008 3302 4080 διεγείρων
3333 4007 3421 4060 τὸν
3462 3997 3706 4073 ὰκφατὴν

2180 4081 2194 4100 1
2221 4081 2225 4082 ⁷
2253 4081 2264 4098 ι
2594 4081 2600 4082 ν
2807 4081 2817 4084 -

2167 4119 2260 4171 ἐπὶ
2279 4110 2634 4187 τροπολογίας
2652 4125 2663 4136 ·
2704 4125 2722 4158 t
2747 4103 2944 4171 Λέγετέ
2975 4118 3061 4172 μοι
3091 4100 3140 4152 oi
3167 4099 3256 4152 τὸν
3286 4097 3444 4166 νόμον
3469 4081 3703 4155 ἀναγινώ-

2171 4176 2391 4270 σκοντες
2417 4176 2550 4274 (68),
2577 4203 2668 4254 τὸν
2697 4202 2857 4270 νόμον
2883 4197 2983 4250 οὐκ
3005 4192 3230 4248 ἀκούετε
3249 4206 3263 4254 ;
3283 4188 3574 4258 Γέγραπται
3597 4176 3706 4246 γὰρ,

2169 4307 2251 4358 ὅτι
2285 4305 2312 4354 ὁ
2352 4295 2604 4369 Ἀϐραὰμ
2639 4293 2732 4345 δύο
2772 4292 2919 4351 υἱοὺς
2966 4287 3150 4356 ἔσχεν·
3183 4283 3278 4335 ’ένα
3312 4283 3374 4332 ἐκ
3415 4278 3506 4346 τῆς
3553 4267 3710 4323 παιδί-

2171 4415 2327 4466 σκης,
2347 4395 2440 4448 καὶ
2459 4391 2553 4443 ἕνα
2573 4390 2636 4440 ἐκ
2649 4387 2746 4455 τῆς
2763 4382 3069 4452 ἐλευθέρας.
3091 4375 3227 4430 Ἀλλ’
3243 4377 3272 4427 ὁ
3288 4372 3383 4442 μὲν
3398 4371 3456 4422 ἐκ
3473 4366 3562 4436 τῆς
3589 4373 3712 4414 παι-

3437 4463 3458 4466 _
3529 4457 3564 4466 ..

2171 4449 2360 4559 δίσκης
2396 4485 2536 4540 κατὰ
2571 4449 2751 4551 σάρκα
2795 4449 3134 4544 γεγέννηται,
3167 4472 3194 4522 ὁ
3215 4468 3272 4520 δὲ
3303 4468 3365 4519 ἐκ
3403 4463 3496 4532 τῆς
3525 4449 3710 4510 ἐλευθέ-

2175 4601 2272 4655 ρας
2297 4581 2383 4634 διὰ
2410 4579 2506 4648 τῆς
2525 4571 2853 4642 ἐπαγγελίας
2875 4585 2887 4597 ·
2924 4565 3079 4621 ἆτινὰ
3100 4567 3245 4616 ἐστιν
3282 4549 3711 4627 ἀλληγορούμεναο

2219 4672 2341 4731 ὗται
2371 4670 2479 4742 γάρ
2506 4670 2644 4720 εἰσιν
2677 4666 2731 4717 αἱ
2766 4662 2858 4714 δύο
2883 4659 3164 4728 διαθῆκαι·
3203 4653 3300 4724 μία
3330 4651 3421 4721 μὲν
3451 4643 3548 4698 ἀπὸ
3571 4639 3712 4707 ὅρῡυς

2177 4769 2326 4830 Σινᾶ,
2353 4766 2430 4826 εἰς
2471 4759 2710 4812 δουλείαν
2741 4753 3004 4823 γεννῶσα,
3038 4749 3158 4818 ἣτις
3192 4747 3338 4797 ἐστιν
3367 4742 3549 4806 Ἀγαρ.
3575 4750 3592 4781 ι
3621 4725 3714 4780 Καὶ

2182 4863 2295 4934 μετ’
2327 4857 2509 4925 ὀλίγα,
2561 4870 2578 4901 t
2631 4851 2695 4902 Ἠ
2721 4848 2778 4900 δὲ
2800 4847 2928 4910 ἄνω,
2970 4841 3154 4911 φησιν,
3209 4830 3546 4910 Ἰερουσαλὲμ
3584 4822 3713 4875 ἐλευ-

3149 4933 3155 4934 ’
3226 4929 3250 4934 ···
3393 4926 3444 4934 ιλ
3477 4921 3512 4934 *ιι
3551 4917 3594 4934 ηε
3635 4911 3685 4934 τι

2182 4911 2277 4934 τη-
2422 4911 2432 4925 .
2498 4911 2507 4918 ,

2180 4957 2312 5026 θέρα
2357 4955 2526 5009 ἐστιν,
2560 4945 2681 5016 ἥτις
2730 4941 2848 4995 ἐστὶ
2899 4939 3078 5009 μήτηρ
3137 4929 3351 5001 ἡμῶν.)
3393 4926 3448 4976 Ὀ
3473 4921 3524 4972 δὲ
3550 4911 3714 4988 βουλό-

2188 5005 2308 5026 ’Ἶθπ
2515 5005 2522 5009 -
2584 5005 2593 5016 ι
2664 5005 2675 5007 θ
2900 5005 2910 5009 ,
2960 5005 2969 5007 _

2183 5065 2341 5122 μενος
2368 5043 2551 5097 λαϐεῖν
2584 5035 2693 5108 (69)
2725 5033 2824 5104 τὴν
2853 5028 2986 5100 πρὸς
3021 5021 3266 5082 Γαλάτας
3297 5011 3565 5080 ἐπιστολὴν
3587 5005 3714 5056 εἴσε-

3142 5113 3154 5122 “
3323 5111 3334 5122 “
3445 5105 3458 5122 ‘
3489 5121 3498 5122 κ
3530 5099 3714 5122 “Lucano

2179 5099 2267 5195 ται
2299 5099 2420 5191 τείνα
2454 5099 2652 5203 τρόπον
2677 5099 3052 5197 ἠλ.)ίηγόρηται
3101 5113 3170 5168 τὰ
3207 5111 3349 5166 κατὰ
3383 5105 3501 5167 τοὺς
3529 5099 3714 5168 γάμους

3413 5261 3432 5292 ⁷
3461 5253 3620 5314 Galal.
3649 5260 3712 5306 IV.

2272 5294 2292 5323 ⁸
2336 5290 2498 5344 Prov.
2553 5301 2605 5347 v,
2652 5283 2744 5337 15.
2818 5279 2839 5309 δ
2867 5275 2999 5332 Gen.
3037 5284 3186 5334 xxvi,
3223 5266 3306 5322 ιε.

2175 5529 2366 5590 puteos
2397 5515 2553 5590 vidit,
2587 5524 2707 5590 cum
2743 5509 2796 5559 in
2836 5496 3176 5590 Palmstinam
3211 5486 3572 5590 peregrinatus
3615 5475 3714 5534 est,

2175 5571 2628 5656 triliiipreshyterii
2671 5583 2872 5656 honore
2896 5571 3152 5656 dignatus
3181 5571 3285 5656 est;

2245 5613 2265 5641 ηΙ
2303 5613 2628 5656 νιύδυδιυιιι
2671 5613 2871 5632 suum...
2901 5613 3149 5636 ...n...__._v
3192 5613 3205 5615 ἡ

2245 5659 2358 5730 (68)
2399 5657 2663 5724 Vulgatus
2693 5641 2926 5714 Apostoli
2965 5647 3164 5698 textus,
3191 5631 3296 5684 ὑπὸ
3321 5625 3474 5695 νόμον
3501 5613 3715 5671 θέλοντες

2201 5726 2286 5766 τιιῆ
2297 5747 2306 5766 ι

2173 5747 2378 5870 Ε’νῗθθ)
2407 5794 2579 5851 Codd.
2635 5787 2835 5856 ltrgius
2875 5790 2928 5835 et
2977 5769 3324 5834 Basiieensis,
3359 5761 3538 5818 λαῦὠν.
3565 5747 3712 5807 Paulo
