3852 6418
222 310 326 366 μοι

1333 309 1609 366 CONTRA
1647 311 1923 370 CELSUM
1965 310 2091 364 LIB.
2137 309 2223 364 IV.

3271 317 3412 375 “02

217 404 290 458 καὶ
325 401 412 464 τὰς
453 400 628 470 μίξεις
674 401 778 454 τῶν
822 402 1215 474 θεραπαινίδων
1241 422 1252 434 ο
1290 405 1610 477 βουλομένου
1641 425 1700 458 το

1841 408 1995 460 detur
2025 408 2076 460 in
2101 407 2409 462 actionibus
2431 420 2618 463 eorum
2643 408 2733 477 qui
2769 410 2884 465 haec
2915 409 3180 480 fecerunt,
3213 415 3266 470 id
3301 433 3400 472 no-

214 493 339 561 λόγου
361 493 446 544 καὶ
486 493 630 562 ἡμᾶς
661 494 720 546 οὐ
751 493 847 558 τὰς
876 497 1190 565 σωματικὰς
1219 501 1575 570 νομιζομένας
1597 503 1737 571 πρά-

213 584 301 648 ξεις
323 583 502 651 ζηλοῦν
524 583 630 636 τῶν
658 583 828 638 ταῦτα
854 588 1247 658 πεποιηκότων,
1279 590 1392 642 ἀλλ’
1421 591 1516 661 (ὡς
1551 591 1735 644 καλεῖν

212 676 427 730 εἰώθασιν
459 678 506 730 οἱ
548 678 640 731 τοῦ
696 679 871 750 Ἰησοῦ
914 683 1220 753 ἀπόστολοι)
1252 684 1350 748 τὰς
1396 685 1783 757 πνευματικὰς.

273 768 376 822 Δέον
419 769 461 823 δ’
489 771 669 836 αὑτὸν,
703 773 764 826 τὸ
822 775 1112 848 φιλάληθες
1164 778 1272 830 τῶν
1302 779 1734 850 ἀναγραψάντων

207 862 285 924 τὰς
309 861 440 926 θείας
467 863 686 935 Γραφὰς
715 866 1135 940 ἀποδεξάμενον,
1178 870 1251 941 μὴ
1286 870 1610 941 κρυψάντων
1640 872 1732 924 καὶ

205 953 258 1005 τὰ
275 953 678 1023 ἀπεμφαίνοντα,
724 960 1098 1030 προσαχθῆναι
1127 961 1367 1033 καὶπερὶ
1395 962 1502 1015 τῶν
1530 962 1730 1015 λοιπῶν

205 1049 278 1100 καί
301 1046 743 1120 παραδοξωτέρων
775 1051 850 1114 ὡς
878 1053 940 1104 οὐ
979 1053 1405 1124 πεπλασμένων·
1431 1055 1459 1106 ό
1485 1054 1541 1107 δὲ
1571 1055 1726 1106 τούν-

202 1139 348 1191 αντίον
405 1141 684 1213 πεποίηκε,
740 1144 834 1196 καὶ
885 1143 954 1196 τά
999 1145 1126 1215 περὶ
1173 1145 1261 1198 τὸν
1314 1146 1456 1207 Λὼτ,
1507 1146 1728 1209 καὶτὰς

201 1231 480 1303 Θυγατέρας,
511 1232 632 1286 οὔτε
668 1235 886 1288 κατὰτὸ
924 1237 1085 1308 ῥητὸν
1118 1237 1396 1302 ἐξετάσας,
1432 1239 1555 1292 οὔτε
1586 1239 1726 1293 κατά

199 1323 275 1395 τὴν
319 1325 590 1396 ἀναγωγὴν
644 1327 964 1399 ἐρευνήσας,
1022 1328 1167 1382 «τῶν
1225 1328 1526 1383 Θυεστείων
1555 1350 1571 1382 ι
1608 1327 1724 1384 εἷπε

203 1418 394 1472 ικακῶν
422 1417 751 1490 ἁνομώτερα.
784 1439 800 1470 ι
834 1421 912 1473 Τὰ
948 1423 1044 1492 μὲν
1090 1419 1183 1476 οὖν
1223 1423 1322 1494 τῆς
1348 1422 1492 1476 κατά
1517 1424 1607 1475 τὸν
1637 1424 1724 1476 τό·

199 1525 276 1561 πον
299 1510 636 1580 τροπολογίας
663 1513 763 1565 οὐκ
789 1515 1083 1582 ἀναγκαῖον
1117 1514 1213 1568 νῦν
1257 1515 1435 1585 λέγειν
1455 1534 1468 1546 ·
1506 1518 1627 1571 τίνα
1663 1534 1722 1570 τε

196 1600 245 1653 τὰ
272 1600 474 1671 Σόδομα,
509 1603 600 1656 καὶ
632 1604 715 1667 τίς
745 1605 772 1657 ό
801 1605 938 1676 πρὸς
981 1605 1071 1658 τὸν
1129 1606 1336 1661 ἐκεῖθεν
1393 1607 1722 1680 διασωζόμε-

1848 500 1961 552 lunt
2004 514 2099 552 nos
2141 499 2382 564 imitari;
2421 500 2513 554 sed
2550 501 2693 570 quod
2737 503 2980 571 spiritale
3011 514 3115 572 est,
3150 516 3208 560 ut
3253 507 3402 577 loqui

1844 599 2028 643 amant
2059 587 2185 645 Jesu
2218 591 2468 658 apostoli.

1910 776 2001 831 45.
2043 775 2160 832 lam
2211 777 2429 842 Celsus,
2480 794 2604 834 cum
2653 779 2800 836 illam
2861 793 3141 838 auctorum
3201 787 3400 844 divinat

1841 867 2134 937 Scriptum
2169 869 2569 936 sinceritatem,
2607 888 2708 940 qua
2755 889 2822 929 ne
2863 876 3146 933 inhonesta
3181 881 3398 948 quidem

1838 959 2203 1024 dissimulant,
2243 962 2472 1026 probare
2501 962 2778 1018 debuisset
2803 968 3067 1023 eteadem
3097 965 3280 1024 induci
3314 973 3383 1025 ad

1837 1051 2165 1106 credendum
2193 1062 2390 1107 caetera
2423 1062 2478 1106 et
2511 1056 2901 1125 prodigiosiora
2930 1073 3036 1113 non
3071 1059 3238 1116 fuisse
3262 1075 3396 1117 cou-

1837 1141 1982 1206 ﬁcta,
2016 1146 2351 1199 contrarium
2409 1146 2562 1212 facit,
2603 1157 2658 1202 et
2701 1149 2846 1216 quod
2893 1149 2958 1205 de
3008 1149 3107 1204 Lot
3166 1153 3395 1222 ejusque

1836 1232 2050 1289 liliabus
2098 1236 2392 1301 refertur“,
2421 1252 2520 1291 nec
2573 1237 2790 1293 litterali
2827 1255 2927 1294 nec
2954 1242 3184 1310 spiritali
3225 1259 3392 1300 sensu

1834 1321 2190 1392 investigato,
2240 1324 2369 1379 illud
2411 1327 2746 1399 «Thyesteis
2795 1327 3138 1386 facinoribus
3201 1333 3397 1386 imma-

1833 1411 1955 1466 nius
1988 1427 2150 1468 esse:
2183 1418 2519 1483 pronuntiat.
2565 1419 2634 1472 At
2673 1434 2801 1474 vero
2854 1420 2985 1474 nihil
3044 1437 3266 1478 necesse
3312 1433 3397 1477 est

1830 1521 1976 1560 nunc
2011 1507 2214 1574 dicere,
2247 1511 2374 1578 quid
2410 1511 2521 1565 haec
2549 1511 2770 1566 historia
2803 1511 2967 1583 538
3001 1529 3162 1569 sensu
3211 1525 3396 1586 tmpo-

1826 1597 2001 1669 logico
2039 1612 2261 1669 accepta
2317 1605 2544 1669 doceat;
2595 1613 2652 1656 ιιι
2699 1619 2799 1658 nec
2839 1605 2967 1674 quid
3009 1605 3266 1672 Sodoma,
3301 1616 3396 1662 aut

194 1709 262 1744 νον
286 1692 381 1745 τῶν
421 1695 661 1763 ἀγγέλων
706 1697 880 1765 λόγος,
913 1699 1227 1766 φασκόντων
1247 1717 1260 1729 ο
1299 1719 1316 1751 ι
1353 1701 1443 1772 Μὴ
1471 1702 1705 1772 περιϐλέ-

1825 1690 1954 1758 quid
1992 1705 2174 1745 sermo
2217 1693 2535 1761 angelorum
2588 1695 2653 1748 ad
2687 1710 2808 1748 eum
2864 1696 2955 1766 qui
2993 1696 3118 1750 inde
3146 1707 3394 1753 servatus

193 1784 252 1856 ψῃ
275 1786 343 1847 είς
366 1788 429 1839 τά
454 1787 646 1851 ὀπίσω,
683 1789 814 1859 μηδὲ
847 1793 978 1860 στῇς
1025 1792 1084 1843 ἐν
1114 1791 1263 1862 πάσῃ
1292 1795 1357 1864 τῇ
1389 1793 1711 1865 περιχώρῳ·

193 1879 254 1941 εἰς
273 1878 324 1931 τὸ
354 1879 470 1951 ὅρος
519 1880 712 1945 σώζου,
770 1883 976 1954 μήποτε
1027 1884 1538 1956 συμπαραληφθῇς·
1571 1907 1587 1936 ι
1622 1888 1716 1938 καὶ

191 1969 455 2034 τίςόΛὰντ,
483 1972 566 2034 τίς
609 1989 668 2024 τε
732 1975 764 2044 ή
814 1973 949 2044 γυνὴ
1003 1974 1191 2038 αὐτοῦ,
1223 1976 1484 2048 γενομένη
1546 1977 1714 2048 στήλη

190 2061 288 2124 ἁλὸς
306 2062 384 2116 διὰ
409 2063 466 2116 τὸ
497 2064 797 2136 ὲστράφθαι
840 2067 918 2128 είς
947 2067 1186 2119 τούπίσω
1207 2085 1218 2096 ·
1243 2069 1336 2122 κα)⁸
1366 2069 1507 2132 τίνες
1538 2071 1592 2122 αἱ
1625 2071 1716 2123 θυ-

189 2157 378 2226 γατέρες
424 2157 607 2220 αὑτοῦ,
665 2157 1178 2229 καταμεθύσκουσαι
1221 2159 1310 2212 τὸν
1365 2162 1597 2233 πατέρα,
1627 2163 1713 2215 ἵνα

188 2248 414 2314 γένωνται
447 2250 503 2316 ἐξ
537 2248 703 2303 αὑτοῦ
763 2250 1013 2322 μητέρες.
1049 2251 1183 2322 Φέρε
1215 2251 1271 2304 δὲ
1310 2252 1378 2305 τά
1419 2254 1518 2324 τῆς
1573 2253 1713 2307 κατὰ

188 2339 261 2408 τὴν
311 2341 536 2410 ἱστορίαν
575 2340 946 2412 ἀπεμφάσεως
977 2342 1045 2395 δι’
1086 2341 1281 2410 ὀλίγων
1314 2344 1710 2415 παραμυθησό-

189 2431 314 2500 μεθα.
344 2432 446 2503 Τὴν
475 2431 580 2486 τῶν
611 2432 830 2501 ἀγαθῶν
867 2434 962 2487 καὶ
1019 2434 1203 2487 κακῶν
1259 2433 1351 2486 καὶ
1408 2434 1710 2506 ἀδιαφόρων

186 2519 411 2592 ἐζήτησαν
439 2523 528 2574 καὶ
561 2522 821 2592 Ἕλληνες
868 2521 1028 2590 φύσιν
1052 2539 1065 2552 ο
1095 2522 1188 2575 καὶ
1233 2523 1282 2574 οί
1328 2523 1710 2592 ἐπιτυγχάνον-

183 2612 252 2675 τὲς
278 2631 334 2682 γε
367 2613 536 2666 αὐτῶν
567 2612 634 2666 τά
675 2614 770 2683 μὲν
796 2613 976 2681 ἀγαθά
1021 2615 1114 2666 καὶ
1159 2614 1303 2666 κακὰ
1334 2613 1708 2668 κατατίθενται

184 2699 226 2748 ὲν
255 2699 546 2770 προαιρέσει
581 2700 736 2772 μόνῃ,
771 2701 945 2756 πάντα
981 2699 1037 2754 δὲ
1076 2699 1340 2773 ἀδιάφορα
1375 2701 1452 2771 τῷ
1484 2702 1596 2773 ίδίῳ
1623 2703 1709 2755 λό-

183 2805 244 2858 γῳ
272 2791 417 2857 φασιν
444 2787 577 2845 εἶναι
603 2791 672 2843 τὰ
698 2792 867 2863 χωρὶς
898 2793 1271 2863 προαιρέσεως
1313 2793 1703 2863 ἐξεταζόμεναο

180 2876 259 2947 τὴν
297 2879 344 2932 δὲ
381 2880 716 2951 προαίρεσιν,
760 2880 969 2941 τούτοις
1011 2882 1296 2952 χρωμένην
1322 2882 1545 2944 δεόντως
1583 2883 1702 2952 μὲν,

179 2967 427 3040 ἐπαινετὴν
469 2967 625 3035 εἶναι,
659 2973 719 3024 οὑ
777 2972 1002 3034 δεόντως
1032 2973 1089 3025 δὲ
1127 2972 1353 3044 ψεκτήν.
1403 2969 1570 3027 Εἶπον
1613 2971 1706 3027 οὖν

1826 1787 1928 1843 est,
1962 1780 2258 1834 dicentium
2292 1799 2350 1837 τι
2377 1783 2493 1836 Noli
2529 1785 2798 1853 respicere
2846 1794 2966 1853 post
3015 1794 3245 1854 tergum,
3291 1801 3394 1840 nec

1825 1878 1935 1923 stes
1967 1870 2018 1923 in
2044 1873 2188 1926 omni
2228 1875 2373 1928 circa
2416 1875 2670 1944 regione;
2703 1875 2794 1930 sed
2835 1876 2888 1930 in
2953 1889 3133 1931 monte
3183 1877 3389 1932 Salvum

1829 1968 1878 2012 te
1911 1959 2014 2025 fac,
2044 1978 2110 2017 ne
2141 1973 2194 2017 et
2225 1973 2280 2018 tu
2314 1965 2470 2018 simul
2504 1980 2694 2034 pereas
2713 1965 2812 2030 “,t
2841 1983 2941 2022 nec
2965 1967 3092 2037 quid
3117 1966 3242 2034 Lot,
3290 1982 3392 2022 nec

1823 2054 1951 2122 quid
2005 2071 2143 2109 uxor-
2169 2056 2286 2124 ejus
2339 2057 2390 2111 in
2449 2058 2759 2112 columnam
2828 2059 2959 2114 salis
3013 2074 3272 2115 conversa
3322 2075 3390 2116 eo

1822 2143 1964 2212 quod
1993 2154 2113 2214 post
2144 2161 2203 2199 se
2230 2156 2583 2215 respexerat;
2643 2162 2740 2201 nec
2777 2148 2905 2217 quid
2953 2147 3072 2216 ejus
3105 2148 3227 2204 filiae
3272 2150 3391 2205 ine-

1822 2233 2066 2290 briantes
2095 2245 2329 2306 patrem,
2362 2247 2418 2291 ut
2444 2253 2507 2292 ex
2545 2239 2636 2293 illo
2668 2250 2866 2294 matres
2889 2240 3102 2296 tierent.
3132 2242 3386 2296 Attamen

1820 2342 1938 2396 quae
1973 2331 2146 2398 magis
2173 2331 2224 2383 in
2253 2329 2358 2384 hac
2383 2331 2608 2386 historia
2649 2333 2900 2388 videntur
2947 2332 3222 2388 oliendere
3255 2349 3391 2404 pau-

1818 2420 1898 2472 cis
1927 2421 2288 2478 emolliamus.
2319 2422 2423 2495 Ipsi
2465 2421 2638 2478 Graeci
2689 2424 3023 2492 quaesierunt
3068 2439 3189 2494 quae
3219 2427 3388 2480 bono-

1821 2527 1958 2575 rum,
1986 2514 2350 2578 etmalorum,
2381 2526 2435 2569 et
2479 2514 2902 2569 indiﬂ‘erentium
2955 2525 3148 2571 natura
3189 2518 3292 2583 sit;
3327 2527 3385 2572 et.

1819 2606 1911 2671 qui
1935 2619 2120 2660 eorum
2157 2607 2348 2663 melius
2377 2623 2489 2662 rem
2525 2610 2758 2663 assecuti
2789 2619 2934 2674 sunt,
2979 2611 3119 2662 bona
3153 2618 3207 2662 et
3241 2609 3382 2662 mala

1817 2696 2118 2751 docuerunt
2157 2699 2259 2752 sita
2301 2714 2422 2754 esse
2475 2701 2528 2753 iu
2577 2700 2689 2754 solo
2728 2699 3021 2754 voluntatis
3065 2702 3380 2770 proposito;

1817 2787 1868 2839 id
1907 2797 2090 2841 autem
2129 2804 2251 2844 esse
2311 2791 2532 2860 proprie
2580 2791 2894 2846 indiﬂ‘erens
2946 2794 3089 2860 quod
3148 2793 3383 2848 electum

1817 2893 1920 2931 non
1938 2889 2020 2933 est
2040 2895 2066 2932 a
2090 2881 2456 2946 voluntate,et
2484 2898 2590 2952 quo
2615 2883 3039 2951 proutvolunta:2
3065 2887 3231 2961 utitur
3248 2884 3385 2939 bene

1815 2980 1906 3026 aut
1935 2973 2098 3036 male,
2126 2973 2284 3026 laude
2327 2984 2418 3027 aut
2458 2975 2728 3044 vituperio
2756 2978 2914 3048 digna
2950 2986 3054 3032 est.
3085 2977 3203 3032 Jatn
3254 2992 3384 3032 vero

181 3059 222 3110 ἐν
251 3061 316 3131 τῷ
344 3065 458 3134 περὶ
485 3063 791 3134 ἀδιαφόρων
811 3063 982 3134 τόπῳ,
1009 3065 1090 3116 ὅτι
1119 3063 1195 3134 τῷ
1231 3064 1344 3134 ἰδίῳ
1374 3064 1516 3134 λόγῳ
1539 3065 1705 3134 θυγα-

1817 3064 1904 3117 ubi
1952 3064 2018 3118 de
2071 3065 2502 3120 intlilferentibus
2547 3078 2736 3136 agunt,
2784 3070 2926 3124 inter
2977 3085 3039 3124 ea
3097 3080 3385 3125 recensent

178 3153 310 3222 τράσι
341 3155 617 3224 μίγνυσθαι
662 3155 953 3226 ἀδιάφορόν
1008 3158 1174 3220 ἐστιν,
1206 3157 1251 3208 εί
1287 3157 1380 3208 καὶ
1409 3156 1482 3226 μὴ
1513 3156 1616 3226 χρὴ
1648 3158 1704 3208 ἐν

180 3249 274 3307 ταῖς
301 3247 654 3311 καθεστώσαις
683 3249 978 3312 πολιτείαις
998 3249 1058 3301 τὸ
1080 3249 1318 3302 τοιοῦτον
1367 3252 1560 3304 ποιεῖν.
1596 3251 1704 3303 Καὶ

180 3337 438 3402 ὑποθέσεως
474 3341 652 3411 χάριν,
683 3342 819 3414 πρὸς
867 3340 1210 3412 παράστασιν
1257 3339 1351 3392 τοῦ
1415 3341 1702 3413 ἀδιάφορον

178 3423 373 3483 εἶναιτὸ
399 3432 651 3496 τοιοῦτον,
694 3433 1063 3504 παρειλήφασι
1091 3433 1181 3485 τὸν
1223 3433 1382 3502 σοφὸν
1430 3433 1564 3502 μετὰ
1604 3434 1703 3503 τῆς

179 3519 402 3595 θυγατρὸς
455 3525 620 3596 μόνης
665 3525 1178 3596 καταλελειμμένον,
1226 3527 1424 3589 παντὸς
1469 3526 1562 3578 τοῦ
1593 3527 1700 3579 τῶν

177 3613 434 3685 ἀνθρώπων
472 3618 662 3686 γένους
715 3618 1109 3690 διεφθαρμένου
1129 3637 1152 3674 ο.
1194 3622 1286 3672 καὶ
1347 3620 1620 3692 ζητοῦσιν,
1653 3625 1700 3674 εί

181 3704 477 3775 καθηκόντως
509 3712 536 3762 ὁ
565 3709 746 3781 πατὴρ
770 3710 1146 3763 συνελεύσεται
1173 3715 1240 3782 τῇ
1281 3711 1530 3783 θυγατρὶ,
1560 3714 1700 3783 ὑπὲρ

178 3797 248 3849 τοῦ
273 3800 335 3870 μὴ
362 3801 668 3865 ἀπολέσθαι,
705 3804 824 3854 κατ’
862 3802 1030 3873 αὐτὴν
1075 3803 1171 3874 τὴν
1199 3802 1471 3866 ὑπόθεσιν,
1503 3803 1563 3856 τὸ
1593 3806 1699 3857 πᾶν

178 3888 559 3964 τῶνάνθρώπων
603 3893 777 3962 γένος.
815 3891 942 3964 Ἆρ’
969 3890 1061 3946 οὖν
1104 3893 1252 3964 παρά
1311 3894 1407 3964 μὲν
1445 3893 1698 3964 Ἕλλησιν

179 3980 310 4046 ὑγιῶς
349 3984 507 4038 ταῦτα
550 3985 784 4054 λέγεται,
833 3986 926 4038 καὶ
969 3985 1068 4038 οὐκ
1119 3986 1585 4057 εὐκαταφρόνητος
1611 3990 1700 4039 αὑ-

178 4077 262 4136 τοῖς
290 4078 478 4148 αἵρεσις
513 4080 545 4149 ἡ
575 4079 682 4131 τῶν
716 4077 970 4131 Στωϊκῶν
1003 4077 1114 4148 (70)
1152 4079 1525 4149 συναγορεύει·
1558 4079 1696 4132 ἐπὰν

175 4162 384 4237 δὲκόρια,
417 4172 539 4240 περὶ
569 4170 933 4242 ἐκπυρώσεως
958 4169 1050 4222 τοῦ
1081 4170 1283 4240 κόσμου
1317 4170 1694 4243 μεμαθηκότα,

176 4256 222 4306 οὗ
256 4263 599 4330 τετρανωκότα
629 4263 704 4327 δὲ,
751 4263 926 4315 ἰδόντα
973 4260 1083 4332 πῦρ
1111 4261 1378 4332 διειληφὸς
1408 4263 1507 4334 τὴν
1541 4264 1694 4316 πόλιν

177 4350 316 4403 αὐτῶν
341 4357 424 4408 καί
449 4356 542 4427 τὴν
585 4355 787 4427 χώραν,
822 4355 1271 4425 ὑπολαμϐάνοντα
1319 4355 1568 4427 ζώπυρον
1598 4356 1692 4409 τοῦ

178 4441 325 4506 γένους
359 4446 457 4499 τῶν
497 4447 798 4518 ἀνθρώπων
845 4446 1259 4515 καταλελεῖφθαι
1301 4449 1358 4499 ὲν
1398 4447 1475 4517 τῷ
1523 4449 1690 4517 πατρὶ

178 4534 248 4584 καί
269 4537 693 4610 αὖταῖς,βουληθῇ
721 4538 808 4592 διὰ
840 4540 940 4609 τὴν
970 4539 1174 4592 τοιάνδε
1205 4539 1467 4610 ὑπόληψιν
1492 4542 1690 4610 συστή-

178 4628 330 4681 σασθαι
348 4632 428 4683 τὸν
459 4633 684 4702 κόσμον,
714 4633 972 4685 ἐλάττονα
998 4631 1148 4686 ἔσται
1178 4631 1270 4685 τοῦ
1289 4633 1428 4686 κατὰ
1449 4633 1547 4702 τὴν
1581 4631 1688 4684 τῶν

177 4717 380 4776 Στωῐκῶν
429 4726 680 4779 ὑπόθεσιν
726 4726 891 4796 σοφοῦ
943 4725 1289 4796 καθηκόντως
1317 4727 1374 4778 ὲν
1415 4729 1481 4796 τῇ
1514 4726 1690 4797 φθορᾷ

175 4811 256 4863 τῶν
281 4816 470 4870 πάντων
497 4818 796 4890 ἀνθρώπων
828 4817 1158 4888 μιγνυμένου
1191 4820 1307 4880 ταῖς
1332 4818 1685 4888 θυγατράσιν;

175 4904 260 4956 σῦκ
299 4909 458 4976 ἀγνοῶ
487 4911 529 4964 δ’
557 4913 638 4964 ὅτι
668 4910 1073 4982 προσκόψαντές
1104 4927 1246 4974 τινες
1273 4909 1350 4980 τῷ
1390 4909 1689 4980 βουλήματι

174 4995 254 5048 τῶν
277 5001 353 5054 τοῦ
397 5002 510 5056 Λὼτ
541 5003 876 5073 θυγατέρων,
907 5003 1001 5054 καὶ
1027 5001 1238 5054 ἀνόσιον
1266 5003 1327 5054 τὸ
1355 5001 1512 5073 ἔργον
1546 5000 1684 5057 εἶναι

175 5088 474 5166 ὑπειλήφασισ
526 5101 618 5153 καὶ
676 5097 752 5162 ὡς
801 5095 859 5162 ἐξ
898 5094 1127 5148 ἀνοσίων
1184 5095 1381 5165 μίξεων
1430 5097 1684 5168 εἰρήκασι

229 5274 382 5337 'Gcn.
417 5301 522 5349 nx,
551 5285 640 5339 5'5.
718 5284 761 5315 ¹⁰
796 5281 933 5337 Gen.
980 5298 1096 5348 XIX,
1132 5282 1222 5336 17.

173 5435 264 5508 post
304 5431 455 5508 codex
497 5427 846 5492 Basileensis,
876 5414 1263 5497 ὴλληγόρηται.
1324 5424 1478 5480 Libh.
1519 5425 1676 5490 editi,

169 5494 513 5569 ἀλληγορεῖται.
709 5533 723 5541 ο
903 5494 911 5496 ’
1000 5494 1010 5497 ⁷
1087 5494 1149 5497 Η

172 5565 313 5636 *(70)
362 5569 474 5622 Τῶν
532 5567 820 5625 Στωϊκῶν.
886 5566 1058 5623 Clem.
1112 5567 1289 5628 Δίες..
1340 5565 1538 5620 Strom.
1589 5581 1672 5620 tt:

171 5631 264 5714 ἰιςξι
299 5631 427 5692 κατὰ
484 5641 583 5714 μὲν
618 5641 742 5702 τοὺς
770 5638 886 5714 Δἀπὸ
913 5638 1016 5714 τῆς
1041 5639 1205 5714 Στοᾷς
1238 5637 1526 5714 ἀδιάφορον
1557 5636 1676 5714 ὅτε

327 5711 358 5780 ἦ
383 5728 438 5763 τε
465 5705 839 5785 παιδοτροφία.
857 5727 896 5785 Δι
922 5705 1111 5785 Adhuc
1135 5707 1288 5773 juxta
1342 5705 1560 5785 Stoicos
1594 5709 1674 5757 in-

170 5776 384 5834 dillercns
411 5784 534 5850 quid
571 5776 695 5837 sunt
721 5776 919 5848 nuptiae
943 5789 998 5834 et
1032 5778 1325 5832 liberorum
1348 5776 1617 5831 educatio.
1648 5796 1664 5826 ι

1728 4399 1774 4456 D

1811 3172 1932 3210 cum
1983 3157 2091 3212 lilia
2135 3160 2511 3224 concubitum,
2564 3162 2816 3229 quamvis
2866 3163 2917 3217 id
2983 3165 3034 3217 in
3068 3165 3382 3218 constitutis

1807 3251 2115 3305 civitatibus
2150 3251 2267 3304 ﬁeri
2311 3267 2414 3305 non
2455 3262 2725 3321 oporteat.
2759 3255 2939 3322 Atque
2981 3263 3040 3308 ut
3087 3255 3381 3310 ostendant

1807 3342 1942 3396 illud
1988 3357 2116 3396 esse
2163 3341 2508 3409 indill'erens,
2567 3354 2777 3412 ponunt
2821 3349 3122 3413 sapientem
3175 3346 3376 3409 solum,

1808 3441 1922 3487 toto
1949 3433 2186 3486 humano
2216 3448 2416 3502 genere
2459 3436 2762 3502 exstincto,
2803 3451 2926 3490 cum
2977 3437 3093 3490 sola
3128 3452 3224 3491 sua
3271 3437 3379 3492 lilia

1807 3524 2052 3577 relictum
2113 3539 2232 3578 esse
2280 3526 2657 3592 superstitem,
2706 3539 2759 3581 et
2815 3537 3069 3596 quaerunt
3119 3529 3378 3583 liceretne

1804 3616 2041 3684 sapienti
2075 3631 2196 3668 cum
2229 3615 2334 3668 lilia
2365 3619 2752 3684 concumbere,
2789 3628 2846 3670 ut
2874 3634 2941 3672 ne
2989 3627 3162 3672 totum
3196 3620 3374 3673 homi-

1804 3722 1929 3758 num
1987 3721 2155 3776 genus
2195 3707 2420 3775 periret.
2462 3709 2543 3761 An
2594 3708 2707 3764 haec
2759 3719 2909 3764 recte
2957 3710 3297 3764 disserentur
3346 3727 3376 3764 a

1803 3799 2011 3854 Graecis
2051 3809 2105 3853 et
2130 3815 2158 3852 a
2186 3799 2468 3865 spectabili
2505 3801 2646 3869 apud
2688 3800 2835 3869 ipsos
2883 3799 3190 3855 Stoicorum
3226 3811 3375 3857 secta

1803 3892 2298 3958 comprobahuntur
2321 3907 2335 3955 ;
2361 3900 2413 3944 et
2448 3891 2659 3958 puellm,
2692 3907 2810 3959 qua:
2839 3893 2903 3947 de
2935 3893 3119 3946 mundi
3167 3892 3376 3947 conﬂa-

1802 3984 2050 4050 gratione
2080 3985 2368 4039 audierant
2412 4001 2513 4040 nec
2567 3993 2743 4037 tamen
2778 3984 2937 4053 plene
2969 3986 3372 4047 intellexerant,

1800 4093 1918 4144 qua:
1948 4078 2176 4133 llatmnis
2206 4080 2396 4132 urbem
2425 4093 2577 4132 suam
2629 4088 2684 4131 et
2731 4092 2894 4147 agros
2945 4079 3261 4146 absumptos
3295 4080 3377 4131 vi-

1803 4171 2023 4238 debant,
2056 4185 2177 4238 qua:
2223 4171 2274 4224 in
2326 4186 2382 4225 se
2413 4171 2540 4224 solis
2574 4181 2628 4224 et
2662 4180 2820 4238 patre
2851 4170 3104 4224 relictum
3131 4184 3251 4223 esse
3282 4185 3376 4238 pu-

1802 4261 1987 4314 labant.
2013 4262 2228 4328 generis
2274 4263 2493 4315 humani
2533 4261 2906 4326 seminarium,
2940 4261 2985 4314 si
3019 4262 3120 4314 hac
3152 4261 3368 4328 opinio-

1808 4370 1876 4406 ne
1920 4363 2181 4422 permota:
2215 4354 2405 4406 mundi
2439 4354 2645 4408 sarcire
2681 4353 2864 4406 ruinas
2904 4353 3197 4415 voluerint,
3225 4354 3373 4422 pejo-

1803 4459 1889 4498 res
1921 4454 2080 4498 erunt
2107 4444 2197 4498 illo
2232 4446 2496 4514 sapiente,
2542 4445 2656 4512 qui,
2688 4453 2745 4498 ut
2782 4442 2949 4498 Stoici
2981 4454 3205 4512 ponunt,
3244 4459 3372 4514 per-

1798 4547 1963 4593 eunte
2047 4539 2248 4591 mundo
2301 4547 2482 4606 posset
2531 4537 2680 4589 nullo
2722 4537 2955 4590 crimine
2979 4552 3099 4590 cum
3129 4552 3224 4591 sua
3259 4536 3368 4590 ﬁlia

1798 4631 1984 4685 liberis
2013 4646 2233 4700 operam
2263 4632 2428 4685 dare?
2460 4631 2587 4684 Scio
2621 4629 2914 4683 nonnullus
2961 4629 3132 4683 fuisse
3171 4631 3369 4698 quibus

1800 4723 2134 4781 oﬂendiculo
2191 4733 2333 4779 esset
2391 4725 2535 4777 istud
2602 4722 2832 4776 ﬁliarum
2887 4721 2988 4775 Lot
3051 4721 3364 4800 consilium,

1798 4821 2001 4888 quique
2040 4817 2310 4873 nefarium
2357 4819 2670 4888 jndicarent
2717 4820 2862 4888 quod
2913 4817 3178 4880 fecerunt,
3211 4826 3264 4870 et
3299 4831 3365 4870 ex

1799 4911 1890 4966 illo
1924 4914 2132 4967 incesto
2167 4913 2456 4967 concubitu
2505 4912 2746 4966 dicerent
2775 4920 2992 4966 exortas
3034 4909 3201 4963 fuisse
3229 4910 3366 4963 duas
3411 4973 3416 4980 γ

1791 5014 2110 5059 exsecratas
2139 5014 2328 5073 gentes
2366 5003 2728 5057 Moabitarum
2790 5013 2844 5056 et
2903 5002 3360 5054 Ammonitarum.

1792 5097 1858 5150 Et
1910 5112 2092 5150 revera
2131 5097 2274 5148 istud
2323 5095 2501 5148 divina
2563 5093 2846 5162 Scriptura
2886 5108 2986 5147 nec
3023 5101 3207 5162 aperte
3239 5106 3363 5162 pro-

1790 5423 2141 5481 Theodoret..
2178 5433 2344 5472 serm.
2388 5417 2478 5478 l2,
2510 5415 2583 5468 De
2623 5415 2816 5467 rirtute
2843 5414 3015 5466 activa
3046 5428 3063 5465 :
3093 5413 3154 5466 0i
3176 5412 3232 5464 δὲ
3262 5412 3362 5481 τῆς

1787 5492 2040 5561 Ποικίλης
2073 5489 2243 5559 μέσην
2268 5489 2386 5561 τινὰ
2414 5487 2530 5540 ὁδὸν
2558 5485 2796 5561 ὥδευσαν
2814 5501 2828 5515 ο
2862 5483 3115 5561 τοῖςγάρ-
3136 5482 3361 5561 ἀδιαφό-

1789 5581 1902 5636 ροις
1929 5552 2019 5613 τὸν
2047 5552 2220 5629 γάμον
2253 5560 2346 5612 καὶ
2375 5561 2472 5627 τὴν
2502 5555 2842 5636 παιδογονίαν
2867 5552 3216 5636 ξυνέξευξὶαν..
3246 5571 3263 5601 ι
3289 5553 3359 5629 At

1787 5624 1960 5688 Stoici
2022 5624 2195 5683 media
2241 5624 2474 5696 quadain
2533 5630 2651 5702 via_
2683 5627 3038 5702 incesserunt.
3087 5624 3352 5702 Qplljllgtil

1786 5705 1930 5757 enim
1968 5717 2030 5754 ac
2081 5690 2377 5753 liberorum
2415 5697 2816 5763 susceptionem
2853 5697 2998 5751 inter
3027 5690 3350 5747 indifferen-

1787 5775 1856 5828 tia
1894 5776 2301 5828 rccensuerunt.
2325 5785 2343 5819 )
2378 5768 2640 5825 Srexcen.

3427 659 3439 704 ι
