3852 6418
470 355 502 412 ’1
516 354 619 414 105

1919 349 2242 408 ΟΙΗΟΕΝῙΞ

3555 357 3664 415 1104

478 479 570 532 bat
620 474 832 545 uspiam
886 483 942 525 ut
996 482 1144 526 recte
1197 471 1422 537 factum,
1455 479 1642 526 nec‘ut
1673 471 1810 526 male
1839 470 2023 526 factun

2149 470 2437 540 γεγονέναι
2475 469 2602 539 ἔθνη
2644 467 2914 539 ἐπάρατα,
2943 468 3002 522 τὸ
3031 467 3334 522 Μωαὸιτῶν
3362 470 3448 524 καὶ
3481 473 3533 526 τὸ
3562 477 3666 548 ’Δμ-

475 568 826 639 reprehendit
858 575 909 620 et
947 566 1236 634 improbat.
1289 563 1394 617 Sed
1443 573 1716 631 utcunque
1751 577 1810 617 se
1855 564 2037 626 habet,

475 659 810 730 tropologico
860 671 1021 711 sensu
1063 655 1320 724 explicari
1371 667 1424 709 et
1469 654 1654 725 aliquo
1690 655 1847 709 modo
1877 671 2041 709 excu-

473 753 582 807 sari
611 759 807 822 patest.

539 1013 629 1070 46.
671 1012 932 1068 Memorat
995 1011 1154 1065 etiam
1211 1026 1230 1058 ι
1274 1010 1455 1064 odium
1484 1052 1498 1076 ,
1553 1029 1570 1062 ι
1613 1011 1780 1079 Esau,
1816 1014 2033 1083 opinor,

471 1117 660 1162 contra
710 1104 918 1170 Jacob,
973 1104 1116 1160 Esau
1186 1103 1330 1157 illitts
1410 1118 1572 1170 quem
1639 1103 1920 1172 Scriptura
1985 1113 2043 1158 nt

471 1201 669 1255 malum
731 1199 1002 1254 hominem
1060 1206 1415 1268 repraesentat
1455 1197 1518 1250 “.
1578 1196 1779 1250 Deinde
1833 1197 2041 1250 invehi-

471 1305 560 1350 tur
590 1295 642 1348 in
672 1292 890 1348 Simeon
932 1301 987 1346 et
1021 1292 1192 1356 Levi,
1243 1311 1260 1342 ι
1291 1289 1430 1360 quod
1469 1290 1574 1342 vim
1632 1289 1804 1344 sorori
1863 1305 1973 1343 sua:
2011 1305 2038 1341 a

469 1386 631 1458 539
662 1386 768 1440 filio
810 1385 949 1453 regis
980 1383 1344 1438 Sichimorum
1372 1382 1572 1434 illatam
1604 1381 1697 1435 ttlti
1732 1381 2034 1447 fuerint,”o

468 1494 571 1532 nec
599 1487 776 1531 tamen
817 1475 1017 1530 factum
1055 1473 1200 1528 clare
1249 1474 1507 1543 exponit;
1558 1472 1683 1526 hinc
1737 1476 1929 1525 transit
1974 1472 2038 1524 ad

475 1570 704 1622 «fratres
739 1567 1054 1628 vendentes,
1100 1586 1119 1619 ι
1189 1565 1326 1619 filios
1356 1563 1524 1618 Jacob
1569 1563 1845 1628 indicans;
1884 1561 2042 1614 «Fra-

469 1672 552 1716 ter
576 1662 852 1716 venditus:
886 1660 1152 1728 sequitur,
1209 1655 1408 1726 Joseph
1439 1658 1678 1722 scilicet;
1719 1666 1773 1710 et
1829 1674 1846 1706 ι
1888 1667 2041 1724 pater

468 1751 757 1818 deceptus»
797 1758 880 1804 est
939 1745 1124 1810 Jacob,
1167 1746 1280 1814 qui,
1343 1761 1465 1800 cum
1521 1745 1614 1799 filii
1652 1744 2034 1800 versicolorem

466 1842 686 1910 Josephi
722 1842 961 1895 tunicam
987 1839 1370 1900 ostenderunt,
1403 1838 1540 1890 nihil
1567 1838 1870 1906 suspicatus
1908 1837 2033 1890 ntali

469 1934 629 1987 fidem
688 1933 793 1986 illis
859 1930 1103 2000 adjunxit
1156 1939 1209 1982 et
1262 1928 1554 1998 Josephum
1601 1938 1657 1980 ut
1710 1927 2034 1982 exstinctum

467 2026 799 2079 lamentatus
823 2033 925 2089 est,
949 2025 1041 2092 qui
1073 2031 1248 2078 tamen
1286 2023 1336 2075 in
1389 2020 1626 2092 Egypto
1660 2022 1931 2076 serviebat
1970 2022 2030 2075 ⁸³.

467 2117 646 2186 Atque
674 2117 764 2170 hic
799 2118 1018 2171 adverte
1046 2115 1317 2185 quomodo
1346 2113 1539 2169 Celsus
1575 2114 1721 2178 odio,
1752 2130 1856 2167 non
1891 2111 2034 2166 veri-

469 2209 600 2262 tatis
631 2208 834 2271 studio,
863 2224 1054 2265 omnes
1090 2209 1210 2263 illas
1241 2208 1500 2262 historias
1536 2207 1770 2274 colligat.
1828 2205 1882 2260 Si
1930 2220 2033 2274 qua

468 2301 558 2352 dat
589 2301 921 2354 accusationi
955 2300 1153 2365 locum,
1185 2301 1322 2354 hanc
1345 2300 1568 2369 arripit;
1607 2301 1670 2353 de
1700 2314 1760 2352 ea
1807 2313 1934 2353 vero
1971 2312 2036 2351 ne.

465 2390 688 2444 verbum
721 2392 936 2461 quidem
983 2393 1115 2445 facit
1166 2407 1285 2461 qua:
1335 2401 1714 2461 argumentum
1776 2389 2033 2459 praeberet

467 2484 692 2552 insignis
721 2484 1128 2552 temperantiae;
1186 2484 1362 2552 qualis
1415 2483 1516 2537 fuit
1569 2482 1811 2551 Josephi,
1873 2498 2032 2552 quem

464 2591 558 2629 sua
586 2576 800 2630 domina
851 2591 952 2630 nec
987 2577 1242 2646 precibus
1294 2593 1390 2631 nec
1424 2577 1584 2630 minis
1625 2578 1891 2631 adducere
1941 2592 2035 2646 po—

463 2665 848 2736 tuit,utipsius
878 2669 1048 2722 amori
1066 2668 1542 2736 obsequeretur“.
1568 2669 1656 2722 Sic
1686 2669 1828 2723 enim
1864 2669 2034 2723 multo

463 2755 690 2824 majora,
727 2771 889 2824 quam
943 2755 1320 2825 Bellerophon,
1368 2755 1559 2810 fecisse
1610 2755 1884 2808 videretur
1934 2751 2032 2808 Jo-

459 2846 588 2915 seph
619 2847 790 2916 quiin
846 2861 1074 2901 carcere
1119 2845 1341 2909 includi,
1381 2861 1539 2913 quam
1579 2845 1843 2899 castitatis
1889 2844 2032 2913 leges

460 2941 664 2996 violare
698 2939 905 2995 maluit.
943 2939 1078 2995 Iiinc
1109 2947 1214 3003 εει,
1261 2939 1405 3007 quod
1457 2951 1578 2991 eum
1636 2945 1818 3006 posset
1843 2950 1902 2990 se
1933 2936 2030 2991 de-

460 3031 698 3095 fendere,
734 3039 789 3086 et
844 3032 1108 3086 adversus
1168 3028 1565 3084 accusatricem
1605 3043 1826 3083 causam
1875 3042 2029 3083 suam

458 3137 637 3192 agere,
670 3138 866 3192 magno
893 3123 1076 3177 animo
1107 3119 1456 3186 obmutuerit,
1487 3118 1705 3191 Deoque
1736 3133 1796 3175 se
1822 3134 2028 3189 suaque
2055 3161 2098 3219 ϐ

457 3215 815 3270 commiserit.

524 3396 613 3450 47.
654 3397 844 3452 Postea
869 3397 1057 3451 Celsus
1087 3397 1351 3462 meminit,
1388 3396 1479 3450 sed
1541 3395 1915 3464 perfunctorie
1973 3403 2030 3450 et

449 3470 687 3546 obscure
713 3491 1024 3552 admodum,
1056 3490 1394 3544 somniorum
1435 3489 1673 3558 prmfecti
1724 3489 2022 3558 pincernis,

453 3589 508 3634 et
553 3578 792 3649 prmfccti
839 3580 1134 3650 pistoribus
1159 3579 1223 3644 ⁸⁸,
1277 3591 1330 3632 et
1377 3578 1701 3644 Pharaonis,
1728 3595 2026 3650 eorumque

454 3671 788 3724 somniorum
846 3671 1258 3739 explicationis,
1291 3671 1449 3739 cujus
1503 3671 1790 3725 occasione
1823 3670 2022 3740 Josepb

452 3763 679 3817 eductus
733 3771 818 3815 est
883 3776 913 3816 e
943 3777 1184 3826 carcere,
1233 3773 1290 3816 ut
1331 3762 1624 3816 secundam
1667 3779 1695 3815 a
1738 3761 2024 3818 Pharaone

450 3852 634 3906 sedem
665 3855 804 3921 apud
833 3853 1120 3924 Egyptios
1143 3864 1437 3922 occuparet
1459 3855 1520 3908 ¹⁶.
1551 3853 1654 3907 Sed
1679 3853 1808 3922 quid
1835 3853 2023 3907 absur-

451 3943 502 3996 di
537 3943 771 3996 habebat
806 3944 858 3997 in
892 3961 952 3999 se
991 3947 1108 3999 haec
1140 3945 1392 4009 historia,
1449 3954 1508 3997 ut
1548 3944 1688 3996 inter
1715 3945 2020 3998 accusatio—

449 4036 536 4088 nis
587 4036 764 4102 capita
826 4046 1204 4090 recenseretur
1260 4037 1327 4091 ab
1388 4037 1500 4103 illo,
1565 4037 1654 4106 qui
1693 4036 1818 4092 licet
1865 4054 2018 4092 suum

447 4125 646 4180 librum
684 4127 1023 4197 inscripserit
1053 4144 1345 4184 sermonem
1376 4146 1574 4194 verum,
1600 4129 1804 4183 nullum
1837 4140 2017 4186 tamen

447 4219 498 4272 in
531 4234 594 4274 eo
623 4220 816 4290 dogma
848 4221 1091 4291 exponit,
1129 4223 1222 4276 sed
1255 4221 1305 4276 id
1329 4222 1439 4291 agit
1467 4237 1629 4276 unum
1667 4232 1725 4276 ut
1754 4223 2018 4278 Christia-

444 4325 546 4365 nos
573 4322 627 4366 et
659 4311 876 4368 Iudaeos
925 4315 1258 4385 redarguat?
1307 4315 1469 4368 Addit
1529 4333 1546 4365 ι
1586 4314 1805 4369 fratrem
1833 4316 2018 4370 vendi-

446 4410 580 4465 tum,
615 4400 897 4468 fratribus,
931 4405 1022 4471 qui
1076 4407 1250 4473 ipsum
1283 4404 1639 4458 vendiderant
1671 4413 1725 4458 et
1765 4420 1898 4474 quos
1933 4405 2014 4458 fa-

2149 562 2409 632 μανιτῶν.
2442 561 2553 614 Καὶ
2584 559 2799 630 ἀληθῶς
2827 577 2889 628 γε
2917 561 3014 630 ούχ
3045 561 3354 632 εὑρίσκεται
3381 561 3536 632 ἡθεία
3553 567 3668 636 Γρα.

2145 654 2217 724 φὴ
2265 653 2449 722 σαφῶς
2498 652 2918 724 παραδεξαμένη
2974 653 3050 716 ὼς
3115 653 3298 717 καλῶς
3353 661 3667 729 γεγενημένον

2143 745 2202 797 τὸ
2231 745 2490 809 τοιοῦτον,
2522 744 2554 815 ἢ
2585 745 2945 815 αἰτιασαμένη
2993 743 3088 796 καὶ
3149 745 3484 818 μεμψαμένη.
3527 750 3664 821 Πλὴν,

2144 838 2291 901 ὅπως
2321 838 2450 890 ποτὲ
2477 837 2588 908 ἔχει
2622 837 2683 890 τὸ
2712 837 3021 907 γενόμενον,
3054 837 3312 904 ἀνάγεται
3337 838 3428 908 μὲν
3455 841 3536 893 ἐπὶ
3557 859 3663 913 τρο-

2144 930 2420 997 πολογίαν,
2446 930 2556 1000 ἔχει
2589 929 2644 982 δέ
2673 947 2794 982 τινα
2821 931 2914 982 καὶ
2935 929 3056 983 καθ’
3092 929 3224 983 αὐτὸ
3261 931 3552 1000 ἀπολογίαν.

2214 1022 2593 1093 Παραρρίπτει
2621 1021 2664 1074 δ’
2696 1023 2725 1073 6
2754 1021 2959 1084 Κέλσος
2992 1039 3011 1072 ι
3035 1022 3135 1092 τὴν
3169 1021 3474 1092 ἀπέχθειαν,
3494 1044 3509 1074 ι
3538 1020 3664 1094 οἶμαι

2141 1111 2236 1166 τοῦ
2272 1113 2443 1166 Ἠσαῦ
2476 1112 2612 1184 πρὸς
2639 1112 2731 1164 τὸν
2764 1111 2980 1176 Ἰακὼϐ,
3003 1113 3194 1184 ἀνδρὸς
3215 1113 3355 1166 κατὰ
3377 1115 3466 1185 τὴν
3485 1116 3665 1186 Γραφὴν

2141 1205 2568 1278 ὁμολογουμένου
2605 1205 2838 1275 φαύλου·
2883 1206 2976 1257 καὶ
3023 1204 3096 1276 μὴ
3154 1204 3341 1274 σαφῶς
3371 1206 3664 1277 ἐκτιθέμενος

2141 1297 2208 1350 τά
2240 1299 2366 1368 περὶ
2399 1297 2488 1348 τὸν
2519 1296 2740 1367 Συμεὼν
2770 1297 2860 1350 καὶ
2903 1295 2993 1348 τὸν
3027 1295 3178 1360 Λευῖ,
3215 1297 3590 1361 ιέπεξελθόντας
3610 1303 3662 1369 τῇ

2143 1390 2418 1462 ὕϐρειτῆς
2441 1388 2726 1458 ἀδελφῆς,›
2762 1387 3073 1458 βιασθείσης
3127 1387 3234 1440 ὑπὸ
3295 1388 3386 1442 τοῦ
3437 1389 3539 1442 υἱοῦ
3587 1390 3662 1443 τοῦ

2143 1481 2404 1551 βασιλέως
2457 1481 2732 1550 Σικίμων,
2781 1481 2919 1547 σφᾶς
2965 1481 3240 1532 αἰτιᾶται·
3305 1499 3322 1532 ι
3363 1481 3589 1551 ἀδελφοὺς
3618 1483 3664 1535 δὲ

2144 1571 2476 1635 πωλοῦντας,
2523 1591 2542 1622 ›
2597 1571 2723 1632 τοὺς
2763 1572 2911 1632 uici;
2973 1569 3119 1638 λέγει
3172 1571 3266 1624 τοῦ
3337 1574 3538 1626 Ἰακώϐ·
3587 1576 3664 1626 καὶ

2146 1683 2165 1716 t
2207 1664 2433 1732 ἀδελφὸν
2461 1662 2905 1733 πιπρασκόμενον
2941 1681 2959 1714 ι
3013 1663 3106 1715 τὸν
3151 1665 3380 1734 Ἰωσήφο
3427 1667 3510 1719 καὶ
3550 1684 3665 1718 σπα-

2141 1755 2272 1826 τέρα
2294 1753 2715 1824 ἐξαπατώμενον
2741 1773 2758 1805 ι
2799 1755 2887 1807 τὸν
2934 1753 3148 1819 Ἰακὼϐ,
3184 1757 3326 1819 ἐπεὶ,
3364 1757 3511 1827 μηδὲν
3550 1758 3661 1809 67.0-

2140 1845 2336 1915 νοήσας
2366 1845 2491 1916 περὶ
2529 1843 2636 1898 τῶν
2676 1843 2808 1896 υἱῶν
2857 1845 3273 1898 ἐπιδεικνύντων
3329 1848 3414 1900 τὸν
3462 1847 3663 1900 ποικίλον

2138 1937 2338 2006 χιτῶνα
2375 1937 2468 1989 τοῦ
2506 1937 2739 2008 Ἰωσὴφ,
2785 1935 2920 1990 ἀλλά
2959 1938 3255 2002 πιστεύσας
3285 1940 3453 2002 αὐτοῖς
3484 1938 3664 1992 ἐπένθει

2136 2029 2210 2091 ὡς
2236 2026 2544 2081 ἀπωλολότα
2574 2029 2662 2080 τὸν
2698 2029 2893 2099 Ἰωσὴφ
2915 2067 2930 2091 ,
2981 2029 3037 2080 ἐν
3078 2027 3339 2098 Αἰγύπτῳ
3373 2028 3661 2080 δουλεύοντα.

2139 2121 2276 2190 Ὅρα
2305 2119 2359 2172 δέ
2391 2118 2511 2172 τίνα
2569 2118 2769 2190 τρόπον
2820 2117 3074 2188 ἀπεχθῶς
3131 2119 3223 2170 καὶ
3285 2118 3343 2170 ού
3397 2116 3661 2188 φιλαληθῶς

2139 2213 2407 2283 συνήγαγε
2443 2209 2510 2263 τὰ
2535 2211 2642 2264 ἀπὸ
2671 2212 2768 2282 τῆς
2802 2212 3041 2282 ἱστορίας
3067 2212 3094 2262 6
3118 2208 3324 2273 Κέλσος
3345 2227 3357 2239 ·
3395 2208 3518 2262 ὥστε
3550 2211 3661 2262 ὅπου

2142 2301 2242 2373 μὲν
2294 2301 2468 2354 ἐδόκει
2513 2301 2663 2373 αύτῷ
2695 2301 3026 2374 κατηγορίαν
3061 2301 3341 2371 περιέχειν
3392 2302 3422 2370 ἡ
3468 2299 3658 2371 ἱστορία,

2137 2392 2405 2446 ἐκτίθεται
2447 2393 2655 2465 αύτήνο
2713 2394 2845 2445 ὅπου
2922 2392 2980 2445 δὲ
3038 2391 3383 2461 σωφροσύνης
3427 2388 3657 2457 ἀξιολόγου

2137 2484 2393 2549 ἐπίδειξις
2437 2483 2748 2555 γεγένηται,
2797 2483 2890 2536 τοῦ
2931 2482 3126 2552 Ἰωσὴφ
3172 2483 3272 2534 ούκ
3299 2481 3518 2545 ἐνδόντος
3546 2479 3658 2552 πρὸς

2135 2576 2224 2629 τὸν
2282 2575 2457 2648 ἔρωτα
2502 2576 2601 2646 τῆς
2656 2575 3013 2646 νομιζομένης
3059 2576 3397 2647 ιδεσποίνης,
3462 2574 3526 2643 πὴ
3571 2572 3652 2643 μὲν

2095 2678 2098 2683 ’
2136 2667 2576 2740 παρακαλούσης,
2625 2668 2700 2740 πὴ
2731 2667 2774 2720 δ’
2825 2667 3174 2737 ἀπειλούσης,
3232 2667 3337 2721 οὐδ’
3383 2663 3658 2736 ὑπεμνήσθη

2134 2760 2232 2830 τῆς
2259 2758 2520 2830 ἱστορίας.
2561 2757 2749 2824 Πολλῷ
2798 2757 2906 2829 γὰρ
2943 2759 3228 2830 κρείττονα
3283 2758 3386 2811 τῶν
3413 2755 3535 2810 κατά
3580 2755 3658 2808 τὸν

2134 2849 2565 2923 Βελλεροφόντην
2587 2849 2698 2919 (7i)
2730 2848 3128 2920 ἱστορουμένων
3161 2847 3357 2918 ἴδωμεν
3378 2847 3437 2901 ἂν
3463 2847 3539 2898 τὸν
3561 2845 3660 2897 ἰω-

2134 2941 2275 3014 σὴφ,
2334 2940 2584 3011 ἑλόμενον
2641 2939 3095 3011 κατακλεισθῆναι
3155 2941 3214 2993 ὲν
3259 2939 3499 3009 φυλακῇ,
3539 2937 3660 3008 ἢπερ

2131 3030 2428 3086 ἀπολέσθαι
2459 3031 2548 3084 τὸν
2603 3030 2854 3100 σώφρονα
2889 3030 3017 3101 (72).
3067 3031 3369 3102 Δυνάμενος
3415 3025 3498 3083 οὖν
3547 3029 3660 3082 ἀπυ-

2131 3119 2468 3194 λογήσασθαι
2499 3119 2594 3174 καὶ
2624 3118 3134 3190 δικαιολογήσασθαι
3168 3118 3304 3190 πρὸς
3334 3118 3427 3187 τὴν
3464 3130 3659 3187 κατηγο-

2135 3213 2396 3284 ρήσασαν,
2437 3209 2828 3284 μεγαλοψύχως
2877 3209 3266 3282 ἀπεσιώπησε,
3295 3209 3371 3282 τῷ
3411 3207 3516 3280 Θεῷ
3559 3208 3658 3260 ἐπι-

2130 3303 2337 3377 τρέψας
2363 3304 2431 3358 τὰ
2451 3303 2570 3356 καθ’
2596 3302 2806 3356 ἑαυτόν.

2203 3394 2357 3448 Μετά
2384 3392 2558 3448 ταῦτα
2606 3396 2634 3447 6
2664 3393 2866 3456 Κέλσος
2908 3393 3059 3454 όσίας
3092 3391 3277 3446 ἕνεκεν
3329 3391 3456 3464 μετά
3507 3390 3656 3458 πάσης

2131 3484 2394 3554 ἀσαφείας
2452 3483 2923 3554 ὑπομιμνήσκεται
2975 3479 3084 3532 τῶν
3137 3480 3423 3551 ὀνειράτων
3459 3476 3540 3530 τοῦ
3575 3476 3656 3545 ἀρ-

2129 3579 2425 3653 χιοινοχόου
2459 3578 2553 3636 καὶ
2584 3576 2678 3630 τοῦ
2737 3574 3140 3648 ἀρχισιτοποιοῦ
3194 3577 3287 3630 καὶ
3332 3575 3420 3629 τοῦ
3469 3570 3652 3644 Φαραὼ,

2130 3674 2224 3727 καὶ
2248 3674 2344 3744 τῆς
2364 3670 2568 3734 λύσεως
2592 3667 2789 3732 αὐτῶν,
2827 3667 2886 3735 ἐξ
2910 3662 2975 3738 ἧς
3003 3666 3252 3740 προήχθη
3281 3667 3390 3739 (75)
3441 3664 3534 3720 ἀπὸ
3573 3663 3654 3730 τῆς

2130 3763 2372 3834 φυλακῆς
2411 3761 2502 3814 ἐπὶ
2549 3760 2612 3813 τὸ
2655 3759 3078 3831 ἐμπιστευθῆναι
3111 3759 3214 3813 ὑπὸ
3251 3759 3343 3813 τοῦ
3381 3755 3559 3828 Φαραὼ
3581 3753 3654 3805 τὸν

2125 3855 2372 3928 δεύτερον
2405 3854 2524 3906 κατ’
2568 3852 2879 3920 Αἰγυπτίων
2931 3851 3120 3923 θρόνον
3173 3851 3201 3904 6
3247 3851 3454 3922 Ἰωσήφ.
3477 3849 3533 3902 Τί
3577 3841 3651 3899 οῦν

2126 3949 2323 4003 ἄτοπον
2353 3942 2500 4014 εἶχεν
2532 3946 2560 3996 6
2589 3944 2742 4012 λόγος
2765 3944 2864 4014 τῆς
2892 3944 3133 4014 ἱστορίας
3185 3945 3280 3997 καὶ
3331 3942 3444 3995 καθ’
3476 3939 3648 3998 ἑαυτὸν,

2124 4043 2205 4094 ὅτι
2229 4039 2365 4093 αὐτὰ
2392 4039 2586 4109 ἔθηκεν
2616 4038 2671 4088 ἐν
2705 4037 2857 4106 μέρει
2879 4035 3232 4105 κατηγορίας,
3254 4037 3282 4088 6
3304 4031 3485 4100 ἀληθῆ
3501 4033 3652 4097 λέγων

2125 4131 2432 4204 ἐπιγράψας
2477 4129 2568 4183 τὸν
2601 4130 2662 4182 οὐ
2695 4128 2938 4198 δόγματα
2969 4126 3335 4197 ἐκτιθέμενον,
3367 4124 3491 4179 ἀλλὰ
3543 4123 3649 4191 Χρι-

2125 4227 2351 4280 στιανῶν
2386 4225 2480 4279 καὶ
2519 4224 2784 4280 ’ἱουδαίων
2846 4226 3334 4296 κατηγορήσαντας
3375 4223 3474 4275 Καὶ
3520 4219 3646 4276 «τοῖς

2123 4317 2404 4388 τιωλήσασί
2435 4333 2497 4384 γε
2537 4316 2784 4384 ἀδελφοῖς
2827 4314 3152 4386 λιμώττουσι
3181 4315 3274 4369 καὶ
3313 4313 3528 4366 σταλεῖσι
3550 4306 3643 4361 κατ’

2123 4409 2390 4480 ἐμπορίαν
2459 4407 2597 4477 μετά
2627 4406 2734 4459 τῶν
2777 4406 2944 4468 ὄνων,
2997 4407 3151 4476 φησὶ,
3205 4406 3536 4478 χαριζόμενον
3571 4397 3641 4449 τὸν

443 4507 560 4548 mes
590 4495 642 4547 in
667 4492 959 4565 IEgyptum
1001 4495 1082 4550 ire
1134 4511 1254 4550 cum
1309 4496 1478 4551 asinis
1530 4497 1597 4550 ad
1657 4507 2016 4551 mercaturam

2134 4499 2401 4570 πραθέντα
2433 4498 2812 4569 πεποιηκέναι,
2852 4520 2868 4550 δ
2898 4497 2933 4551 ἃ
2961 4498 3080 4551 ούδέ
3126 4498 3458 4569 παρέστησεν
3484 4495 3508 4546 6
3532 4488 3640 4543 Κέλ-

442 4587 805 4655 compulerat,
839 4590 1073 4658 benigne
1107 4589 1356 4661 largitum
1388 4590 1641 4653 fuisse”;
1671 4603 1688 4635 ι
1713 4606 1833 4660 quae
1855 4591 2017 4646 silen-

445 4672 519 4727 tio
543 4676 802 4740 praeterit.
839 4675 948 4732 Nec
963 4678 1303 4735 obliviscitur
1330 4691 1634 4735 «renovata:
1659 4679 2010 4734 interfratrcs

440 4764 640 4818 notitiae
664 4768 707 4796 ¹⁸
731 4785 779 4832 ς»
809 4770 902 4823 sed
955 4785 1062 4839 quo
1119 4772 1367 4837 consilio,
1395 4782 1486 4824 aut
1538 4771 1665 4840 quid
1696 4772 1915 4826 absurdi
1957 4773 2008 4824 in

441 4855 542 4907 hac
574 4871 632 4911 re
661 4858 861 4925 videat,
898 4861 1056 4930 plane
1099 4863 1303 4918 nescio.
1336 4861 1469 4916 Nam
1508 4878 1574 4917 ne
1636 4861 1845 4916 Momus
1890 4863 2011 4932 qui-

440 4945 584 5012 dem:
639 4957 698 5002 ut
743 4950 818 5004 ita
847 4952 1062 5020 loquar,
1098 4963 1280 5024 posset
1328 4955 1572 5009 invenire
1616 4953 1756 5022 quod
1817 4955 2010 5007 merito

439 5037 720 5092 morderet
748 5040 802 5094 in
855 5041 958 5095 hac
986 5043 1239 5108 historia,
1267 5061 1384 5114 qua:
1411 5049 1572 5100 etiam
1623 5045 1741 5098 sine
1769 5046 2006 5114 tropolo-

439 5128 542 5196 giae
569 5130 770 5186 auxilio
797 5133 1090 5201 plurimum
1115 5136 1178 5189 ad
1208 5137 1458 5190 virtutem
1484 5137 1707 5191 excitat.
1742 5135 2006 5190 Memorat

443 5216 764 5288 «Josephum
797 5237 827 5277 e
864 5225 1141 5292 servitute,
1171 5225 1222 5278 in
1254 5240 1414 5294 quam
1473 5223 1724 5279 venditus
1777 5235 1917 5292 erat,
1949 5226 2001 5279 in

512 5407 551 5439 “
580 5404 714 5461 Gen.
753 5423 920 5469 xxvii,
957 5407 1045 5462 ll.
1158 5407 1199 5438 ¹²
1225 5406 1356 5461 Gen.
1385 5425 1570 5473 xxxw,
1596 5409 1686 5465 25.

436 5493 505 5532 xx.
556 5478 609 5531 5.
688 5477 731 5507 “
769 5478 902 5531 Gen.
939 5494 1047 5542 xu,
1103 5479 1123 5531 1
1186 5489 1238 5530 et
1269 5493 1422 5546 seqq.

506 5593 629 5663 (7i);
653 5591 775 5648 Τῶν
812 5595 962 5645 κατὰ
1017 5593 1121 5646 τὸν
1171 5595 1684 5662 Βελλεροφόντην.
1713 5595 1845 5648 Vide
1901 5593 2003 5648 llo-

435 5661 568 5720 meri
609 5661 770 5718 Iliad.
803 5663 896 5718 lib.
933 5678 1066 5732 \‘lll,
1092 5680 1142 5720 ν.
1171 5665 1293 5725 160,
1316 5676 1368 5716 et
1394 5661 1638 5718 Juvenal.
1668 5674 1838 5732 satyr.
1873 5680 1925 5716 χ.

503 5735 617 5800 (72)
683 5735 792 5788 Τὸν
843 5731 1140 5805 σώφρονα.
1201 5735 1509 5805 Legendum
1567 5731 1811 5800 videtur,
1879 5732 2000 5788 νοῦν

437 5803 706 5877 σώφρονα,
747 5805 828 5859 vel
863 5804 921 5854 τὸ
958 5804 1188 5874 σῶφρον.

1802 5408 1845 5439 ⁸³
1872 5408 2007 5462 Gen.
2040 5423 2246 5474 xxxvii,
2278 5407 2372 5465 28.
2399 5408 2460 5461 51
2493 5416 2548 5461 et
2581 5421 2734 5476 seqq.

1537 5482 1578 5511 ”
1609 5481 1743 5535 Gen.
1774 5495 1904 5544 xui,
1935 5479 1958 5531 1
1992 5489 2045 5534 et
2071 5494 2224 5547 seqq.

2121 4607 2228 4654 σος.
2266 4591 2375 4644 Καὶ
2408 4609 2426 4642 ‹
2463 4590 2552 4643 τὸν
2586 4590 2995 4661 ἀναγνωρισμὸν
3025 4609 3042 4642 ι
3081 4589 3135 4642 δὲ
3169 4590 3375 4660 τίθησιν
3396 4605 3409 4618 ·
3440 4585 3526 4639 οὐκ
3553 4577 3641 4634 οίόα

2115 4679 2167 4732 τί
2193 4680 2529 4751 βουλόμενος,
2560 4681 2652 4734 καὶ
2682 4679 2734 4732 τί
2761 4679 3039 4750 ἐμφαίνων
3083 4679 3281 4734 ἄτοπον
3311 4681 3372 4733 ἐκ
3417 4675 3502 4730 τοῦ
3539 4675 3642 4727 ἀνα-

2114 4773 2424 4844 γνωρισμοῦ
2447 4791 2459 4802 ο
2492 4772 2614 4825 οὐδὲ
2641 4772 2770 4842 γὰρ,
2801 4771 2875 4834 ὡς
2905 4771 3049 4824 ἔστιν
3081 4774 3274 4834 εἰπεῖν,
3307 4773 3393 4824 καὶ
3416 4765 3545 4834 αὐτῷ
3582 4759 3642 4829 τῷ

2113 4863 2304 4935 Μώμῳ
2334 4865 2441 4932 (74)
2467 4864 2688 4918 δυνατὸν
2726 4859 2793 4934 ἦν
2826 4863 3029 4916 τούτων
3057 4863 3290 4931 εὐλόγως
3341 4857 3637 4929 κατηγορεῖν.

2109 4956 2205 5010 καὶ
2233 4957 2399 5028 χωρὶς
2428 4957 2522 5026 τῆς
2556 4957 2909 5028 τροπολογίας
2943 4957 3171 5026 ἐχόντων
3204 4957 3334 5009 πολὺ
3358 4955 3414 5007 τὸ
3439 4947 3634 5017 ἀγωτάνο

2109 5047 2302 5119 Τίθησι
2339 5047 2394 5099 δὲ
2441 5046 2532 5099 καὶ
2583 5068 2599 5098 ‹
2634 5049 2724 5100 τὸν
2775 5051 2853 5112 είς
2907 5047 3090 5100 δοῦλον
3149 5047 3414 5119 πραθέντα
3473 5037 3636 5105 Ἰωσὴφ

2106 5139 2578 5212 ἐλευθερούμενον,
2618 5141 2710 5193 καὶ
2746 5142 2881 5210 μετά
2948 5141 3171 5211 πομπῆς
3219 5139 3487 5194 ἐπανιόντα
3525 5128 3636 5200 πρὸς

2105 5230 2196 5285 τὸν
2220 5231 2313 5284 τοῦ
2341 5229 2544 5302 πατρὸς
2570 5232 2754 5300 τάφον·
2775 5251 2793 5283 ι
2823 5233 2915 5285 καὶ
2933 5231 3142 5302 νομίζει
3177 5229 3487 5302 κατηγορίαν
3514 5235 3635 5291 περν

2847 5407 2890 5438 ί*
2919 5406 3055 5462 Gen.
3088 5422 3274 5474 xxnx,
3300 5409 3353 5461 8.
3453 5404 3489 5435 ¹³
3513 5401 3628 5457 Gen.

2337 5478 2380 5508 “‘
2411 5478 2551 5532 Gen.
2586 5495 2713 5541 xu,
2749 5477 2799 5532 Ι.

2182 5592 2290 5661 (75)
2310 5590 2410 5654 Ἐξ
2439 5585 2515 5660 ἧς
2538 5589 2836 5659 προήχθη,
2863 5587 3080 5661 etc._Sic
3115 5597 3256 5661 recte
3284 5581 3631 5661 mssliceschg:

2108 5652 2210 5715 lius
2251 5652 2400 5714 v'croi
2434 5652 2503 5730 et
2553 5652 2876 5730 Sirene-erus,
2939 5659 3064 5730 ἑξῆς
3124 5655 3360 5730 προήχθη
3415 5652 3508 5706 ἀπὺ
3547 5657 3631 5712 της

2108 5731 2350 5803 φυλακῆς
2373 5729 2511 5803 ύπέρ
2545 5729 2638 5803 τοῦ
2667 5729 3122 5803 ,ἐμπιστευθῆναμ

2183 5802 2292 5871 (74)
2322 5795 2637 5858 Ιιῐὶώξραίιὶ
2665 5795 2719 5855 in
2746 5795 3009 5871 margine,
3042 5801 3244 5871 κόσμῳ,
3274 5795 3420 5850 male.
