3852 6418
533 487 672 543 “07

1977 473 2296 530 ORIGENIS

3610 460 3628 514 l
3640 461 3709 514 108

530 621 712 662 rerum
750 603 992 660 omnium
1018 609 1270 656 ornatum
1306 599 1609 654 continere.
1646 595 1930 651 Materiam
1951 598 2094 648 enim

2215 597 2328 658 τοὺς
2373 589 2782 664 σπερματικοὺς
2813 587 3003 654 λόγους
3047 583 3137 637 τοῦ
3172 583 3294 636 θεοῦ
3349 583 3381 652 ἡ
3435 581 3528 650 ὕλη
3577 597 3709 651 παρα-

533 700 587 753 in
642 699 744 752 hac
790 696 970 750 Samia
1029 693 1206 748 tabula
1258 691 1398 746 Juno
1457 690 1824 760 signiﬁcabat,
1887 687 2101 756 Jupiter

530 798 662 843 vero
691 787 882 841 Deum.
913 785 1035 840 Haec
1055 825 1069 850 ,
1099 795 1153 838 et
1190 784 1310 838 alia:
1344 791 1612 837 sexcenta:
1657 781 1862 836 similes
1909 779 2102 832 fabulae

531 881 587 933 in
646 893 812 934 causa
864 885 1009 942 sunt,
1044 891 1142 930 cur
1195 889 1465 929 summum
1525 873 1682 927 deum
1736 871 1908 936 Jovis,
1933 870 2099 924 solem

529 969 824 1040 Apollinis,
851 970 1033 1024 lunam
1057 968 1240 1022 Dianae
1269 967 1486 1022 nomine
1520 965 1793 1037 appellare
1845 965 2098 1020 nolimus.

535 1063 644 1118 Sed
692 1077 883 1132 puram
929 1062 982 1116 in
1033 1059 1378 1116 Conditorem
1447 1066 1766 1113 exercentes
1825 1056 2100 1126 pietatem,

531 1153 901 1224 praeclaraque
956 1154 1074 1220 ejus
1127 1165 1294 1220 opera
1353 1151 1636 1204 laudantes
1670 1188 1686 1214 ,
1753 1164 1823 1202 ne
1887 1147 2103 1202 nomine

531 1245 752 1313 quidem
791 1258 879 1297 res
903 1243 1113 1296 divinas
1142 1241 1597 1296 contaminamus.
1640 1240 1755 1306 Qua
1809 1240 1860 1293 in
1899 1253 1955 1293 re
1985 1237 2105 1291 Pla-

533 1345 714 1390 tonem
739 1335 1148 1403 sequimur,qui
1187 1334 1236 1387 iu
1275 1331 1492 1386 Philebo
1516 1333 1842 1400 voluptatem
1883 1331 1934 1384 in
1977 1330 2104 1384 deos

533 1436 692 1494 negat
746 1439 868 1479 esse
917 1423 1255 1478 referendam
1314 1438 1326 1472 :
1385 1440 1404 1472 ι
1477 1421 1590 1476 Mea
1641 1422 1784 1475 enim
1839 1421 1951 1475 haec
2000 1429 2100 1488 est,

535 1515 692 1588 541
759 1516 952 1584 inquit,
992 1529 1025 1568 ο
1075 1515 1392 1579 Protarche,
1427 1529 1553 1582 erga
1613 1513 1828 1566 nomina
1882 1511 2104 1565 deorum

539 1607 870 1662 reverentia.
910 1625 928 1658 ι
961 1605 1069 1662 Nos
1125 1606 1287 1675 igitur
1347 1607 1612 1660 adversus
1667 1603 1760 1658 Dei
1817 1605 2106 1672 praclaru-

536 1713 764 1768 rumque
790 1697 908 1766 ejus
931 1712 1156 1768 operum
1185 1711 1382 1751 nomen
1411 1712 1531 1749 eam
1579 1695 1898 1750 adhibemus
1950 1709 2103 1750 reve-

535 1788 788 1855 rentiam,
819 1799 878 1842 ιιι
907 1804 974 1843 ne
1007 1789 1354 1858 tropologica:
1383 1789 1598 1857 quidem
1627 1787 2107 1856 interpretationis

535 1890 798 1949 prmtextu
837 1883 1192 1936 athnittamus
1224 1883 1388 1935 ullam
1425 1879 1704 1948 fabulam,
1742 1896 1862 1951 quae
1909 1880 2104 1949 juven-

539 1975 668 2029 tutis
695 1989 1046 2045 corrumpere
1075 1968 1286 2030 animos
1319 1973 1509 2043 possit.

606 2246 696 2301 49.
723 2245 873 2310 Quod
901 2245 944 2298 si
975 2245 1191 2315 legisset
1218 2255 1431 2300 nostras
1451 2259 1607 2313 teque
1641 2245 1825 2296 animo
1857 2243 2110 2312 Scriptu-

537 2352 646 2403 ras,
674 2353 779 2391 non
810 2338 1035 2392 dixisset
1065 2338 1250 2406 utique
1282 2358 1300 2387 ι
1337 2352 1430 2391 eas
1465 2351 1570 2389 non
1605 2349 1764 2405 posse
1799 2334 2106 2404 allegoriam

534 2431 666 2498 pati.
705 2449 724 2482 ι
755 2429 940 2499 Neque
978 2431 1120 2486 enim
1150 2445 1214 2484 ex
1249 2429 1474 2484 historia
1509 2427 1641 2496 ipsa,
1670 2427 1762 2482 sed
1791 2443 1854 2482 ex
1889 2427 2112 2496 prophe-

536 2520 624 2575 tiis
672 2521 725 2574 in
770 2522 966 2589 quibus
1016 2520 1260 2576 historiae
1297 2528 1622 2581 narrantur,
1664 2533 1993 2588 cognoscere
2031 2525 2112 2571 est

533 2627 656 2682 qua:
688 2614 801 2668 sint
837 2614 1076 2668 historiae
1107 2628 1229 2684 qua:
1259 2627 1322 2668 eo
1363 2611 1468 2666 line
1490 2611 1706 2680 scriptae
1737 2618 1864 2665 sunt
1895 2617 1952 2663 ut
1980 2608 2113 2663 alle-

532 2704 704 2770 goriis
729 2704 1134 2773 explicarentur
1168 2718 1182 2758 :
1215 2703 1359 2773 quod
1390 2701 1790 2772 sapientissime
1832 2700 2110 2770 provisum

535 2805 639 2858 est,
675 2805 734 2850 ut
757 2805 810 2850 et
841 2797 1070 2865 simplici
1103 2795 1338 2850 tidelium
1372 2795 1531 2862 vulgo
1582 2803 1636 2848 et
1667 2793 1733 2847 iis
1764 2792 1950 2862 paucis
1975 2805 2110 2846 con-

535 2887 785 2942 venirent
813 2888 901 2956 qui
939 2887 1212 2942 res'altius
1242 2895 1296 2941 et
1327 2885 1625 2954 prudenter
1652 2887 1886 2939 scrutari
1912 2883 2109 2937 vellent

537 2984 632 3028 aut
663 2986 902 3046 possent.
945 2978 1022 3033 Ac
1049 2977 1279 3032 fortasse
1323 2976 1600 3048 prohabile
1631 2977 1760 3050 quid
1793 2975 1982 3030 Celsus
2025 2975 2109 3028 di-

537 3079 663 3120 cere
694 3065 986 3131 videretur,
1020 3069 1065 3123 si
1103 3067 1419 3136 Scripturas
1451 3065 1730 3137 allegoriis
1763 3063 2109 3134 interpretari

536 3155 816 3211 inventum
841 3170 986 3215 esset
1018 3175 1208 3215 recens
1229 3160 1296 3213 ah
1321 3159 1386 3214 iis
1409 3176 1439 3214 e
1461 3157 1662 3214 ludatis
1682 3168 1736 3214 et
1758 3157 2106 3223 Christianis,

539 3257 675 3311 quos
703 3243 891 3300 Celsus
923 3247 1282 3302 modestiores
1325 3256 1515 3312 vocat,
1561 3247 1948 3317 excogitatum;
1987 3262 2105 3301 cum

541 3344 722 3390 autem
767 3337 818 3391 id
857 3337 1084 3393 fecerint
1125 3341 1205 3394 vel
1250 3341 1352 3410 ipsi
1407 3341 1712 3410 dogmatum
1759 3349 2012 3410 parentes
2057 3350 2111 3392 et

540 3425 858 3495 scriptorcs;
885 3429 1014 3498 quid
1047 3429 1190 3484 aliud
1239 3431 1585 3500 cogitandum
1631 3440 1755 3496 est,
1805 3447 1968 3501 quam
2021 3430 2110 3485 illa

541 3516 714 3573 fuisse
741 3521 941 3589 scripta
978 3521 1076 3586 sic,
1109 3531 1168 3575 ut
1198 3537 1386 3576 eorum
1420 3524 1691 3592 przecipua
1721 3538 1873 3578 ιιιειιε
1901 3523 1953 3577 in
1981 3523 2112 3578 alle-

541 3611 715 3681 goriis
763 3613 1361 3684 contitteaturiAtquc
1409 3623 1466 3669 ut
1520 3616 1696 3684 palam
1749 3615 1842 3668 ﬁat
1892 3615 2110 3672 Celsum

542 3711 760 3758 nostras
781 3703 1103 3758 calumniari
1139 3705 1472 3774 Scripturas,
1499 3724 1621 3762 cum
1646 3723 1738 3762 eas
1767 3709 1841 3762 ait
1865 3710 1972 3777 pati
2005 3705 2111 3764 non

538 3804 701 3861 posse
730 3793 1064 3863 allegoriam,
1089 3809 1262 3864 pauca
1297 3811 1327 3850 e
1361 3797 1541 3851 multis
1573 3799 1818 3868 exempla
1867 3800 2109 3871 seligant.

541 3882 634 3937 Sic
663 3883 864 3939 Paulus
889 3883 1016 3941 Jesu
1049 3889 1328 3956 apostolus
1368 3907 1382 3943 :
1416 3907 1434 3941 ι
1469 3889 1525 3943 ln
1553 3889 1669 3961 lege
1698 3892 1959 3962 scriptum
1987 3902 2109 3948 est:

544 3970 658 4026 Non
691 3963 941 4043 alligabis
965 3991 1026 4031 os
1059 3977 1182 4033 bovi
1222 3980 1527 4034 trituranti.
1561 3978 1812 4049 Nunquid
1843 3981 1909 4036 de
1941 3982 2112 4039 bobus

543 4081 671 4118 cura
703 4076 786 4121 est
813 4068 1040 4124 Deo?An
1071 4081 1294 4140 propter
1326 4087 1422 4126 nos
1453 4074 1637 4143 utique
1671 4074 1774 4129 hoc
1800 4075 1956 4130 dicit?
1977 4075 2108 4130 Nam

539 4167 760 4226 propter
793 4175 892 4214 nos
927 4161 1124 4230 scripta
1159 4171 1306 4228 sunt,
1331 4165 1584 4232 quoniam
1599 4163 1756 4220 debet
1789 4168 1841 4218 in
1873 4181 1988 4234 spe,
2021 4169 2110 4236 qui

541 4258 679 4314 arat,
711 4267 888 4319 arare,
913 4262 970 4308 et
995 4255 1086 4323 qui
1117 4257 1334 4309 triturat
1364 4257 1414 4310 in
1452 4272 1546 4326 spe
1573 4257 1785 4313 fructus
1810 4260 2111 4329 percipien-

539 4343 592 4397 di
635 4344 698 4399 ³¹.
731 4363 750 4396 ι
785 4345 852 4399 Et.
886 4345 992 4400 alio
1027 4347 1080 4400 in
1113 4347 1231 4402 loco
1261 4365 1274 4402 :
1316 4367 1334 4401 ι
1373 4350 1650 4421 Scriptum
1679 4361 1761 4406 cst
1785 4353 1950 4418 enim,
1983 4369 2110 4422 pro-

541 4447 660 4506 pter
689 4439 790 4492 hoc
819 4439 1088 4508 relinquet
1116 4440 1278 4494 homo
1313 4450 1519 4510 patrem
1550 4451 1597 4497 et
1632 4452 1884 4509 matrem,
1926 4445 2110 4506 etad-

542 4529 768 4583 hzerehit
799 4532 953 4586 uxori
988 4547 1116 4592 suae.
1153 4540 1208 4587 et
1236 4542 1395 4586 erunt
1431 4534 1538 4588 duo
1568 4535 1617 4587 in
1643 4549 1806 4588 carne
1834 4549 1960 4587 una.
1999 4535 2110 4604 lily-

541 4620 770 4676 sterium
805 4621 908 4676 hoc
945 4637 1200 4692 magnum
1235 4634 1338 4688 est,
1375 4638 1476 4694 ego
1506 4633 1694 4696 autem
1723 4625 1844 4678 dico
1873 4625 1924 4678 in
1959 4625 2112 4679 Chri-

543 4725 626 4772 sto
653 4725 708 4770 ct
735 4719 786 4770 in
819 4717 1060 4772 Ecclesia
1087 4719 1153 4773 “.
1199 4737 1218 4770 ι
1253 4718 1318 4771 Ει
1357 4717 1486 4772 alibi
1526 4739 1538 4772 :
1573 4737 1592 4768 ι
1643 4716 1904 4772 Norimus
1933 4728 2110 4772 autem

540 4809 798 4877 quoniam
835 4821 1018 4878 patres
1047 4809 1216 4865 nostri
1241 4826 1428 4866 omnes
1461 4812 1561 4865 sub
1609 4809 1749 4864 nube
1779 4809 2017 4873 fuerunt,
2060 4819 2112 4863 et

544 4915 732 4956 omnes
762 4917 912 4956 mare
944 4903 1299 4968 transierunt,
1329 4912 1382 4958 et
1411 4917 1601 4958 omnes
1631 4903 1684 4956 in
1725 4901 1910 4971 Moyse
1939 4903 2113 4971 bapti-

547 4991 654 5046 zati
689 5003 817 5054 sunt.
857 4993 910 5046 in
947 4994 1090 5048 nube
1119 5004 1173 5048 et
1203 4995 1257 5048 in
1291 4993 1426 5047 mari
1451 4993 1516 5048 ³³.
1559 5011 1578 5044 ι
1613 4993 1815 5048 Deinde
1844 4993 2113 5058 interpre-

547 5095 670 5140 tans
703 5085 960 5142 historias
986 5085 1052 5139 de
1078 5101 1274 5140 manna
1313 5096 1367 5141 et
1393 5087 1458 5142 de
1487 5101 1650 5155 aqua,
1701 5101 1822 5155 qua:
1852 5099 1916 5138 cx
1965 5095 2114 5152 petra

545 5177 776 5232 mirifice
806 5177 1124 5247 proﬂuxisse
1157 5179 1418 5234 scribitur
1459 5201 1470 5234 :
1509 5197 1528 5231 ι
1573 5179 1637 5232 Ει
1671 5193 1881 5244 omnes,
1918 5179 2112 5246 inquit,

543 5272 788 5326 eamdem
813 5273 990 5326 es'cam
1019 5272 1319 5340 spiritalem
1347 5271 1830 5332 manducaverunt,
1848 5280 1900 5324 et
1923 5286 2114 5325 omnes

542 5366 788 5419 eumdem
823 5375 1006 5433 potum
1030 5365 1328 5433 spiritalem
1373 5365 1646 5420 biberunt.
1677 5364 1942 5418 Bibehant
1967 5365 2109 5420 enim

543 5458 611 5513 de
664 5457 895 5525 spiritali
941 5467 1304 5526 consequente
1351 5473 1446 5512 eos
1488 5467 1680 5525 petra;
1737 5466 1888 5525 petra
1931 5467 2109 5511 autem

613 5601 654 5634 ²¹
692 5598 712 5653 l
741 5598 868 5654 Cor.
911 5615 988 5663 ιι,
1020 5599 1072 5662 9,
1103 5600 1187 5654 10.
1265 5601 1308 5630 ’⁵
1341 5601 1537 5669 Ephes.
1571 5617 1620 5666 ν,
1653 5602 1741 5664 51,
1773 5601 1861 5655 5‘2.

615 5733 860 5834 (§I)°;:Er
900 5733 1154 5802 Φιλήϐῳ.
1201 5736 1332 5790 Vide
1385 5736 1758 5790 adnotationcs
1809 5739 1872 5791 ad
1935 5739 2004 5790 lih
2071 5755 2108 5802 t,

627 5823 692 5858 .t.
765 5805 818 5858 Γ.

543 5804 913 5950 Πῗιώεξιζῑωι.
952 5876 1077 5950 editi
1113 5876 1162 5928 in
1199 5875 1458 5944 margine,
1487 5877 1582 5946 οὐχ
1607 5877 1679 5939 ὡς
1709 5877 1815 5931 ἀπὸ
1847 5879 1939 5950 τῆς
1976 5880 2116 5931 ἱστο-

545 5945 662 6016 ρίας
695 5947 809 6000 ἐστὶ
837 5945 1162 6017 πραχθῆναι.

2201 685 2465 756 δεξαμένη
2487 683 2598 752 ἔχει
2625 683 2680 734 ὲν
2719 681 2883 748 ἑαυτῇ
2915 679 2992 740 είς
3037 674 3438 744 κατακόσμησιν
3467 671 3564 724 τῶν
3596 671 3710 726 ὅλων.

2206 777 2342 850 Ὕλη
2369 775 2477 847 γὰρ
2525 778 2558 845 ἡ
2595 776 2650 826 ἐν
2707 775 2772 843 τῇ
2819 768 2960 824 κατὰ
2993 770 3089 839 τὴν
3117 768 3296 837 Σάμον
3331 767 3506 836 γραφῇ
3533 766 3560 834 ή
3588 765 3709 835 Ἥρα,

2203 871 2294 922 καὶ
2326 871 2352 921 6
2378 868 2496 929 θεὸς
2519 869 2546 920 6
2577 864 2727 928 Ζεύς.
2777 861 2884 914 Kal.
2905 859 2992 913 διὰ
3023 857 3192 911 ταῦτα
3226 857 3289 926 δὴ
3323 857 3495 926 ἡμεῖς,
3538 855 3614 906 καὶ
3650 854 3712 908 διὰ

2202 962 2328 1024 τοὺς
2378 957 2650 1021 τοιούτους
2701 955 2904 1026 μύθους
2973 952 3067 1006 καὶ
3124 948 3318 1010 ἄλλους
3371 945 3594 1016 μυρίους,
3625 947 3714 1000 οὐδὲ

2208 1052 2399 1124 μέχρις
2453 1050 2712 1120 ὀνόματος
2763 1047 2985 1116 θέλομεν
3035 1044 3131 1096 Δία
3184 1040 3368 1095 καλεῖν
3399 1039 3486 1092 τὸν
3509 1041 3587 1092 ἐπὶ
3616 1042 3716 1093 πᾶσι

2207 1144 2344 1207 θεὸν,
2380 1141 2486 1195 οὐδ’
2521 1140 2830 1193 Ἀπόλλωνα
2881 1137 2970 1188 τὸν
3003 1136 3174 1206 ἥλιον,
3224 1132 3330 1186 οὐδ’
3369 1131 3608 1202 ’Ἄρτεμιν
3644 1131 3716 1199 τὴν

2207 1236 2451 1306 σελήνην.
2503 1232 2661 1286 ’Λλλά
2695 1227 2940 1301 καθαρὰν
2965 1226 3245 1280 εὐσέϐειαν
3279 1226 3358 1288 εἰς
3383 1223 3469 1276 τὸν
3517 1221 3716 1292 δημιουρ-

2205 1325 2300 1394 γὸν
2330 1323 2644 1386 ἀσκοῦντες,
2692 1323 2786 1375 καὶ
2813 1321 2882 1373 τὰ
2913 1319 3052 1373 καλά
3085 1314 3254 1373 αὐτοῦ
3321 1315 3717 1387 δημιουργήματα

2207 1413 2730 1485 εὐφημοῦντες,ούδὲ
2755 1413 2914 1482 μέχρι
2937 1411 3198 1480 ὀνόματος
3218 1407 3502 1479 χραίνομεν
3529 1406 3587 1459 τὰ
3614 1406 3714 1458 θεῖα·

2206 1507 2587 1578 ἀποδεχόμενοι
2615 1505 2707 1558 τοῦ
2737 1505 3016 1566 Πλάτωνος
3036 1502 3126 1555 τὸν
3151 1503 3207 1555 ὲν
3223 1499 3564 1571 dit.17§€qi(8l)
3584 1499 3715 1566 λόγον,

2211 1599 2284 1669 μὴ
2311 1595 2660 1668 βουληθέντος
2691 1595 2791 1666 τὴν
2814 1594 3002 1665 ἡδονὴν
3033 1590 3430 1662 παραδέξασθαι
3457 1589 3564 1642 θεόν
3589 1605 3600 1620 ·
3634 1589 3719 1639 ιΤὸ

2209 1691 2316 1762 γὰρ
2351 1690 2500 1760 ἐμὸν,
2554 1689 2705 1760 φησὶ,
2755 1687 2891 1750 δέος,
2923 1679 2967 1738 ὦ
3001 1685 3321 1756 Πρώταρχε,
3372 1683 3494 1752 περὶ
3529 1681 3586 1734 ea
3642 1680 3721 1732 τῶν

2165 1783 2170 1788 ’
2209 1784 2346 1837 θεῶν
2375 1784 2611 1854 ὀνόματα
2662 1781 2862 1834 τοιόνδε
2915 1781 3082 1834 ἐστίν.
3115 1799 3132 1831 ι
3195 1779 3385 1848 Ἡμεῖς
3423 1771 3510 1828 οὖν
3557 1774 3721 1844 ἀληθῶς

2211 1876 2404 1948 ἔχομεν
2433 1877 2548 1940 δέος
2574 1875 2700 1946 περὶ
2733 1874 2795 1928 τὸ
2827 1875 2996 1945 ὄνομα
3034 1873 3126 1926 τοῦ
3161 1871 3297 1924 Θεοῦ
3329 1869 3421 1924 καὶ
3455 1869 3550 1920 τῶν
3588 1867 3721 1920 καλῶν

2210 1967 2372 2021 αὑτοῦ
2417 1967 2931 2038 δημιουργημάτων,
2966 1965 3039 2028 ὡς
3076 1964 3208 2034 μηδὲ
3267 1961 3522 2031 προφάσει
3571 1975 3721 2030 τροπο-

2208 2061 2393 2129 λογίας
2475 2059 2639 2130 μῦθόν
2675 2073 2796 2112 τινα
2834 2055 3238 2130 παραδέξασθαι
3300 2054 3390 2107 ἐπὶ
3454 2051 3604 2125 βλάϐῃ
3645 2051 3722 2104 τῶν

2208 2150 2362 2203 νέων.

2279 2243 2340 2295 Εἰ
2369 2241 2413 2294 δ’
2445 2241 2756 2306 ἁδεκὰστως
2785 2239 3078 2309 ἀνεγνώκει
3109 2239 3205 2310 τὴν
3231 2238 3446 2311 Γραφὴν
3479 2238 3503 2289 6
3543 2235 3724 2294 Κέλσος,

2209 2336 2306 2388 οὐκ
2334 2333 2397 2387 ἂν
2435 2331 2585 2386 εἶπεν
2632 2354 2650 2385 ι
2705 2335 2802 2404 οὐχ
2839 2329 2926 2386 οἷα
2961 2333 3294 2404 ἀλληγορίαν,
3341 2328 3646 2400 ἐπιδέχεσθαι
3669 2323 3724 2378 εἷ-

2209 2443 2295 2478 ναι
2327 2421 2350 2476 ἰ
2381 2426 2447 2478 τὰ
2469 2426 2774 2497 γράμματα
2795 2426 2972 2497 ἡμῶν.
3009 2423 3141 2476 Ἀπὸ
3166 2423 3276 2493 γὰρ
3295 2423 3400 2476 τῶν
3422 2420 3724 2494 προφητειὼ,

2211 2517 2266 2567 ὲν
2295 2511 2382 2578 αῖς
2417 2515 2485 2568 τὰ
2514 2516 2621 2568 ἀπὸ
2649 2516 2746 2586 τῆς
2780 2515 3017 2586 ἱστορίας
3043 2515 3376 2584 γέγραπται,
3406 2513 3498 2565 οὐκ
3529 2510 3616 2563 ἀπὸ
3652 2509 3728 2576 τῆς

2214 2607 2452 2678 ἱστορίας
2480 2608 2596 2659 ἐστὶ
2631 2607 3006 2678 προσαχθῆναι
3030 2605 3141 2676 (8‘2)
3166 2605 3260 2658 καὶ
3281 2607 3400 2667 ταῖς
3431 2602 3650 2672 ἱστορίαις
3670 2599 3727 2659 ὡς

2213 2697 2398 2768 σκοπῷ
2414 2697 2768 2768 τροπολογίας
2787 2697 3223 2768 γεγραμμέναις,
3245 2695 3336 2749 καὶ
3355 2691 3608 2762 σοφώτατα
3619 2691 3730 2742 οἰκο-

2211 2789 2579 2860 νομηθείσαις·
2608 2788 2716 2859 (85)
2748 2787 3162 2858 έστοχασμένως
3185 2785 3280 2840 τοῦ
3313 2804 3368 2840 τε
3408 2783 3616 2855 πλήθους
3647 2780 3728 2832 τῶν

2213 2880 2574 2952 ἁπλούστερον
2606 2879 2984 2944 πιστευόντων,
3009 2880 3102 2932 καὶ
3134 2879 3242 2932 τῶν
3270 2879 3460 2947 ὀλίγων
3488 2875 3604 2948 μετὰ
3633 2889 3730 2924 συν-

2213 2975 2379 3037 έσεως
2418 2973 2688 3038 ἐξετάζειν
2731 2972 2801 3026 τὰ
2828 2973 3129 3044 πράγματα
3167 2972 3495 3044 βουλομένων
3522 2969 3548 3038 ἦ
3575 2964 3732 3020 καὶδυ-

2211 3065 2476 3136 ναμένων.
2505 3065 2615 3117 Καὶ
2658 3064 2705 3116 εἰ
2749 3064 2844 3133 μὲν
2885 3065 2932 3116 οἱ
2979 3065 3217 3134 σήμερον
3265 3061 3584 3133 νομιζόμενοι
3621 3054 3732 3109 κατᾶ

2212 3157 2419 3211 Κέλσον
2451 3157 2712 3219 ἐπιεικεῖς
2748 3155 2854 3207 ἀπὸ
2899 3154 3164 3208 Ἰουδαίων
3187 3156 3281 3207 καὶ
3315 3149 3622 3224 Χριστιανῶν
3661 3147 3735 3215 ﬁl.-

2212 3249 2475 3322 ληγόρουν
2507 3250 2576 3302 τὰ
2605 3248 2985 3320 γεγραμμένα,
3015 3247 3154 3317 τάχα
3188 3246 3252 3300 ἂν
3286 3245 3496 3298 πιθανόν
3523 3261 3568 3295 τι
3597 3241 3736 3307 λέγειν

2215 3341 2492 3393 ὑπενοεῖτο
2521 3343 2550 3392 6
2598 3340 2802 3402 Κέλσος
2828 3358 2839 3369 ·
2883 3340 3006 3392 ἐπεὶ
3040 3339 3084 3391 δ’
3118 3339 3272 3392 αὐτοὶ
3319 3339 3366 3390 oi
3413 3335 3618 3404 πατέρες
3649 3329 3736 3382 τῶν

2213 3433 2498 3502 δογμάτων
2531 3434 2625 3486 καὶ
2661 3435 2996 3502 συγγραφεῖς
3023 3433 3092 3484 τὰ
3126 3429 3348 3484 τοιαῦτα
3385 3421 3737 3500 τροπολογοῦσι,

2213 3526 2266 3578 τί
2293 3527 2440 3578 ἐστιν
2473 3525 2599 3579 ἀλλο
2629 3524 2948 3593 ὑπονοῆσαι,
2990 3524 3022 3593 ἢ
3057 3524 3138 3577 ὅτι
3180 3521 3350 3584 οὕτως
3375 3519 3596 3591 ἐγράφη,
3625 3515 3741 3567 ὥστε

2213 3615 2659 3688 τροπολογεῖσθαι
2705 3615 2844 3668 αὑτά
2893 3615 3030 3669 κατὰ
3072 3615 3162 3668 τὸν
3207 3612 3589 3685 προηγούμενον
3619 3605 3740 3668 two-3v;

2227 3711 2410 3779 Ὀλίγα
2439 3710 2482 3762 δ’
2517 3708 2624 3762 ἀπὸ
2664 3707 2804 3762 πάνυ
2841 3707 3048 3762 πολλῶν
3097 3705 3516 3778 παραθησόμεθα
3543 3701 3655 3773 πρὸς
3695 3697 3742 3748 τὺ

2214 3803 2402 3868 δεῖξαι,
2433 3804 2515 3854 ὅτι
2550 3802 2725 3873 μάτην
2761 3804 3084 3870 σακοφαντεῖ
3116 3801 3244 3862 τοὺς
3275 3799 3460 3868 λόγους
3501 3800 3526 3850 6
3555 3794 3741 3852 Κέλσος,

2213 3895 2287 3958 ὡς
2323 3895 2420 3965 οὐχ
2449 3895 2594 3958 οἵους
2624 3911 2682 3946 τε
2708 3892 3052 3960 ἐπιδέξασθαι
3101 3893 3445 3964 ἁλληγορίαν.
3487 3888 3604 3958 Φησὶ
3640 3884 3691 3952 δὴ
3721 3883 3744 3932 ὁ

2215 3985 2308 4039 τοῦ
2351 3985 2524 4057 Ἰησοῦ
2551 3986 2847 4049 ἀπόστολος
2868 3985 3079 4048 Παῦλος
3097 4003 3108 4013 ·
3133 4003 3158 4040 ι
3179 3987 3266 4038 Ἐν
3297 3984 3371 4054 τῷ
3404 3983 3538 4052 νόμῳ
3575 3977 3740 4045 γέγρα-

2217 4096 2365 4132 πται·
2401 4080 2474 4132 Οὐ
2506 4079 2770 4150 φιμώσεις
2801 4077 2927 4147 βοῦν
2959 4077 3220 4130 ἀλοῶντα·
3247 4077 3338 4148 Μὴ
3357 4075 3457 4128 τῶν
3487 4070 3604 4142 βοιῖιν
3620 4067 3742 4137 μέλει

2215 4169 2291 4239 τῷ
2301 4169 2437 4240 Θεῷ;
2449 4169 2514 4223 ’Ἡ
2540 4171 2604 4224 δι’
2627 4171 2774 4240 ἡμᾶς
2789 4168 3003 4230 πάντως
3013 4168 3180 4236 λέγεις
3197 4168 3273 4220 Δι’
3287 4168 3426 4238 ἡμᾶς
3437 4165 3532 4236 γὰρ
3545 4159 3741 4232 ἐγράφης

2214 4264 2294 4316 ὃτι
2343 4263 2542 4331 ὀφείλει
2587 4263 2676 4316 ἐπ’
2714 4261 2886 4314 ἐλπίδι
2921 4262 2948 4313 6
2978 4260 3246 4332 ἀροτριῶν
3279 4260 3554 4332 ἀροτριᾷν·
3601 4253 3676 4307 καὶ
3719 4251 3744 4300 ό

2214 4355 2387 4410 ἀλοῶν
2419 4355 2595 4407 ἐλπίδι
2630 4352 2739 4424 (84)
2764 4352 2858 4406 τοῦ
2891 4353 3159 4424 μετέχειν.
3193 4372 3210 4403 ι
3240 4352 3349 4405 Καὶ
3377 4346 3589 4418 ἀλλαχοῦ
3611 4357 3742 4412 φησιν

2213 4449 2242 4500 ὁ
2273 4447 2454 4511 αὐτός’
2497 4464 2514 4496 ⁴
2550 4447 2864 4517 Γέγραπται
2899 4445 3027 4516 γὰρ,
3061 4445 3144 4497 ὅτι
3177 4445 3360 4498 ἕνεκεν
3402 4441 3572 4495 τούτου
3609 4450 3744 4488 κατα-

2215 4539 2390 4608 λείψει
2421 4537 2710 4608 ἄνθρωπος
2739 4538 2828 4590 τὸν
2859 4537 3092 4609 πατέρα,
3137 4537 3234 4590 καὶ
3280 4535 3374 4606 τὴν
3409 4533 3626 4604 μητέρα,
3665 4525 3743 4576 καὶ

2145 4627 2190 4685 Ι)
2219 4629 2758 4702 προσκολληθήσεται
2789 4631 2922 4700 πρὸς
2951 4629 3047 4700 τὴν
3071 4631 3302 4697 γυναῖκα
3328 4626 3501 4688 αὑτοῦ,
3527 4623 3606 4676 καὶ
3623 4620 3746 4670 ἔσον-

2220 4740 2308 4775 ται
2337 4725 2383 4774 οἱ
2413 4722 2506 4774 δύο
2539 4725 2618 4785 εἰς
2648 4722 2826 4793 σάρκα
2860 4722 3005 4792 μίαν,
3039 4720 3111 4772 Τὸ
3149 4721 3438 4792 μυστήριον
3465 4715 3602 4770 τοῦτο
3628 4708 3744 4780 μέγα

2223 4817 2386 4870 ἐστίν·
2417 4814 2528 4883 ἐγὼ
2563 4815 2620 4867 δὲ
2652 4814 2796 4882 λέγω
2827 4816 2905 4877 εἰς
2933 4813 3170 4882 Χριστὸν
3200 4815 3293 4865 καὶ
3338 4815 3413 4874 είς
3442 4809 3530 4880 τὴν
3563 4800 3746 4866 Ἐκκλη·

2223 4908 2364 4962 σίαν.
2410 4927 2427 4957 ι
2467 4908 2577 4960 Kal.
2614 4907 2776 4959 πάλιν
2808 4907 2865 4958 ἐν
2894 4903 3036 4974 ἄλλῳ
3059 4905 3227 4975 τόπῳ·
3267 4923 3285 4955 ‹
3339 4903 3540 4972 οἴδαμεν
3565 4898 3614 4950 δὲ
3634 4934 3646 4956 ν
3672 4890 3744 4942 δῖε

2222 5001 2271 5052 οἱ
2307 4999 2542 5070 πατέρες
2580 4998 2740 5069 ἡμῶν
2769 4997 2969 5058 πάντες
2998 4996 3102 5049 ὑπὸ
3131 4995 3227 5066 τὴν
3259 4995 3475 5064 νεφέλην
3504 4987 3642 5061 ἦσαν,
3668 4983 3744 5035 κτιέ

2225 5091 2424 5154 πάντες
2454 5089 2544 5144 διὰ
2575 5091 2673 5160 τῆς
2703 5089 2978 5158 θαλάσσης
3005 5087 3241 5158 διῆλθον,
3267 5088 3358 5141 καὶ
3382 5085 3563 5146 πάντες
3581 5082 3649 5140 εἰς
3671 5074 3746 5146 τετν

2222 5184 2459 5253 Μωῦσῆν
2489 5181 2872 5244 ἐϐαπτίσαντο,
2908 5183 2965 5234 ὲν
3016 5182 3082 5250 τῇ
3111 5179 3306 5250 νεφέλῃ
3356 5180 3442 5232 καί
3489 5177 3540 5228 ὲν
3577 5174 3634 5240 τῇ
3665 5165 3746 5217 θα»-

2221 5274 2414 5346 λάσσῃ.
2461 5292 2478 5324 ι
2508 5269 2623 5325 Εἴθ’
2659 5270 2974 5344 ἑρμηνεύων
3003 5271 3101 5341 τὴν
3135 5271 3265 5342 περὶ
3305 5269 3394 5323 τοῦ
3446 5267 3602 5338 μάννα
3631 5261 3746 5309 iam.

2223 5367 2365 5437 ρίαν,
2397 5365 2491 5417 καὶ
2519 5363 2616 5434 τὴν
2657 5365 2784 5436 περὶ
2817 5362 2908 5416 τοῦ
2939 5361 3130 5425 ὓδατος
3163 5365 3226 5415 ἐκ
3260 5363 3456 5432 πέτρας
3482 5345 3748 5422 ἐξεληλυθέ-

2222 5475 2308 5510 ναι
2371 5457 2864 5527 ἁναγεγραμμένου
2927 5454 3280 5525 παραδόξως,
3329 5451 3534 5506 τοιαῦτα
3585 5442 3744 5508 λέγει·

1943 5601 1986 5630 ’³
2012 5601 2026 5653 ι
2053 5602 2178 5656 Cor.
2209 5619 2264 5665 χ,
2295 5603 2345 5654 1.

2297 5737 2408 5809 (85)
2449 5735 2789 5809 llmschclius
2823 5736 2874 5788 in
2915 5744 3082 5809 textu,
3111 5732 3525 5809 οἰκονομηθῆς-ιαι.
3603 5792 3622 5801 θ
3673 5787 3680 5794 η

2297 5783 2409 5874 Z843
2453 5807 2714 5874 V'ulgatus
2736 5807 2974 5873 Apostnli
3009 5783 3208 5860 levatus.
3237 5783 3326 5858 κὲι
3351 5783 3376 5856 ό
3399 5783 3548 5856 ἀλοῶν
3569 5783 3744 5860 τῆςέ-λ-

2227 5881 2373 5940 πίδος
2403 5875 2566 5932 αὑτοῦ
2605 5878 2869 5947 μετέχειν,
2900 5877 2983 5928 ἐπ’
3013 5875 3205 5929 ἐλπίδι.
