3852 6418
249 414 355 469 1109

1355 405 1637 460 CONTRA
1676 404 1954 460 CELSUM
1998 405 2124 491 L_lB.
2167 405 2254 460 Ν.

3315 399 3449 454 {HO

245 552 258 583 ι
289 531 380 584 Καὶ
421 530 612 592 πάντες
662 530 720 582 τὸ
761 529 896 582 αὐτὸ
921 528 1114 599 βρῶμα
1151 532 1521 598 πνευματικὸν
1549 530 1749 598 ἔφαγον

1877 539 1992 582 erat
2028 531 2278 584 Christus
2301 529 2368 582 ’³.
2414 549 2430 580 ι
2470 527 2608 593 Quin
2640 536 2692 581 et
2741 525 2916 594 Asaph
2959 534 3356 579 memoraturus
3396 527 3446 578 in

240 625 316 676 καὶ
356 623 538 684 πάντες
573 621 633 674 τὸ
683 623 813 675 αὐτὸ
858 622 1218 691 πνευματικὸν
1243 622 1392 674 ἔπιον
1422 622 1588 690 πόμα.
1622 623 1775 673 ’Ἑπι-

235 732 306 768 νον
335 714 430 784 γὰρ
470 715 530 765 ἐκ
581 714 952 784 πνευματικῆς
994 713 1391 782 ἀκολουθούσης
1441 714 1682 784 πέτρας·
1737 716 1768 783 ἡ

233 809 379 879 πέτρα
407 807 457 859 δὲ
486 803 549 877 ἦν
575 808 602 857 ὁ
625 807 875 877 Χριστός.
917 826 932 854 ι
980 806 1256 876 Παριστας
1289 805 1344 858 δὲ
1377 806 1404 856 ὁ
1447 805 1646 873 Ἀσάφ,
1691 807 1771 856 ὅτι

232 899 552 969 προϐλήματα
581 897 674 950 καὶ
707 896 1006 968 παραϐολαί
1045 897 1178 948 εἰσιν
1210 899 1264 948 αἱ
1309 896 1447 948 κατὰ
1485 896 1578 966 τὴν
1611 897 1770 961 ’Ἐξο-

227 990 298 1042 δον
325 988 424 1058 (85)
461 988 686 1058 ἱστορίαι
719 988 813 1040 καὶ
844 989 969 1050 τοὺς
1015 987 1324 1059 Ἀριθμοὺς,
1361 987 1433 1050 ὡς
1470 989 1525 1039 ἐν
1575 990 1640 1058 τῇ
1687 987 1768 1055 βί-

229 1081 317 1150 6λῳ
340 1079 437 1132 τῶν
455 1079 695 1150 Ψαλμῶν
724 1079 1048 1150 γέγραπται,
1078 1078 1282 1148 μέλλων
1303 1078 1408 1130 τῶν
1437 1077 1614 1130 αὐτῶν
1642 1079 1771 1130 ὑπο-

1879 624 2016 677 lihro
2047 623 2385 676 Psalmorum
2418 623 2671 677 historias
2719 637 2836 689 qu.e
2865 619 2915 671 in
2950 618 3115 672 Exodi
3158 628 3212 673 et
3244 620 3295 671 in
3342 617 3449 670 Nu-

1879 730 2148 767 merorum
2186 715 2336 768 libris
2368 723 2702 778 narrantur,
2748 714 2847 766 hac
2895 710 3211 779 prfefatione
3257 712 3444 772 utitur,

1876 823 1978 875 qua
2007 810 2162 861 docet
2191 808 2240 859 in
2272 808 2350 860 eis
2374 809 2701 877 quaestiones
2731 804 2998 858 contineri
3023 805 3178 873 quasi
3219 805 3449 872 parabo-

1876 897 1942 950 lis
1987 896 2254 950 involutas
2307 915 2319 949 :
2380 915 2397 946 ι
2451 895 2758 958 Attendite,
2814 894 3005 963 popule
3039 909 3230 958 meus,
3271 894 3444 962 legem

1881 1005 2077 1052 meam,
2112 989 2366 1042 inclinate
2405 1005 2590 1042 aurem
2624 997 2858 1041 vestram
2897 988 2949 1040 in
2990 987 3150 1040 verba
3180 986 3290 1040 oris
3319 986 3445 1050 mei;

1878 1082 2117 1148 aperiam
2157 1081 2208 1132 in
2251 1080 2524 1146 parabolis
2555 1077 2713 1148 542
2744 1093 2804 1131 os
2841 1093 3042 1140 meum,
3077 1077 3268 1143 loquar
3319 1091 3447 1146 pro-

230 1171 588 1243 μιμνήσκεσθαι
621 1171 750 1242 (86),
783 1171 970 1224 τοῦτον
1003 1171 1412 1242 προοιμιάζεται
1437 1172 1525 1222 τὸν
1548 1171 1742 1241 τρόπον

1876 1173 2171 1241 positiones
2203 1175 2268 1225 ab
2308 1173 2481 1235 initio;
2513 1181 2713 1239 quanta
2745 1170 3050 1222 audivimus
3091 1178 3144 1222 et
3177 1170 3407 1238 cognovi
3431 1202 3443 1208 -

232 1260 556 1333 ιΠροσέχετε,
582 1261 705 1324 λαός
737 1262 947 1332 μου,τῷ
973 1263 1120 1333 νόμῳ
1157 1280 1255 1332 μου
1293 1263 1424 1332 (87),
1460 1262 1670 1314 κλίνατε
1704 1262 1749 1314 τί

1875 1281 1992 1316 inus
2020 1279 2080 1316 ea
2113 1272 2164 1316 et
2198 1274 2380 1332 patres
2417 1262 2586 1317 nostri
2615 1261 3070 1314 annuntiaverunt
3105 1262 3257 1313 nobis
3289 1262 3354 1314 ⁸⁵.
3416 1279 3434 1310 ι

225 1354 298 1418 οὖς
324 1357 461 1427 ὑμῶν
489 1359 566 1420 είς
606 1356 673 1408 τὰ
708 1358 925 1427 ῥήματα
966 1357 1058 1408 τοῦ
1108 1357 1370 1426 στόματός
1417 1375 1537 1427 μου·
1574 1357 1768 1424 ἀνοίξω
1803 1360 1857 1409 ἐν
1899 1357 2232 1429 παραϐολαῖς
2283 1357 2343 1409 τὸ
2382 1356 2553 1426 στόμα
2589 1372 2710 1426 μου,
2741 1350 3040 1422 φθέγξομαι
3085 1353 3446 1424 προϐλήματα

226 1449 299 1500 ἀπ’
326 1448 621 1517 ἀρχῆς,ὂσα
656 1448 968 1518 ἠκούσαμεν
1001 1449 1092 1501 καὶ
1125 1449 1366 1519 ἔγνωμεν
1395 1449 1551 1512 αύτά,
1582 1451 1672 1502 καὶ
1706 1452 1753 1502 οἱ
1785 1451 2018 1520 πατέρες
2052 1449 2206 1520 ἡμῶν
2237 1449 2560 1519 διηγήσαντο
2593 1449 2742 1517 ἡμῖν.
2786 1468 2802 1497 ›

292 1540 431 1592 Ἀλλὰ
450 1543 560 1605 καὶ,
578 1541 736 1613 εἴπερ
757 1546 784 1596 6
815 1545 1093 1607 Μωῦσέως
1117 1545 1277 1614 νόμος
1310 1545 1472 1615 μηδὲν
1502 1541 1641 1614 εἶχεν
1671 1549 1762 1615 ἐγ·-

224 1633 559 1704 γεγραμμένον
594 1633 660 1686 δι’
697 1635 954 1687 ὑπονοιῶν
986 1636 1332 1706 δηλούμενον,
1355 1638 1453 1690 οὐκ
1487 1637 1550 1690 ἂν
1584 1639 1610 1689 6
1636 1655 1765 1710 προ-

225 1726 367 1794 φήτης
393 1725 673 1796 εὐχόμενος
698 1727 848 1796 ἔλεγε
881 1727 958 1798 τῷ
991 1728 1125 1798 Θεῷ·
1165 1748 1180 1778 ι
1238 1730 1605 1798 Ἀποκάλυψον
1638 1733 1765 1794 τοὺς

224 1817 490 1886 ὀφθαλμούς
523 1834 644 1888 μου,
680 1819 773 1872 καὶ
805 1822 1124 1891 κατανοήσω
1157 1822 1221 1874 τὰ
1253 1822 1531 1892 θαυμάσια
1567 1841 1656 1875 σου
1699 1826 1762 1876 ἐκ

222 1908 296 1960 τοῦ
325 1911 471 1979 νόμου
505 1927 616 1962 σου.
663 1930 680 1961 ›
717 1912 850 1964 Νυνὶ
875 1912 929 1964 δὲ
957 1912 1104 1981 ᾔδει,
1142 1914 1221 1966 ὅτι
1264 1914 1376 1966 ἔστι
1413 1932 1462 1966 τι
1503 1916 1762 1985 κάλυμμα

222 2001 407 2067 ἀγνοίας
439 2004 492 2054 ὲν
525 2006 588 2073 τῇ
625 2004 821 2074 καρδία
855 2004 960 2057 τῶν
998 2007 1529 2074 ἀναγιγνωσχόντων,
1567 2010 1658 2060 καὶ
1689 2009 1760 2080 μὴ

220 2092 468 2146 συνιέντων
520 2096 587 2147 τά
639 2096 1142 2166 τροπολογούμενα,
1197 2100 1576 2169 ἐπικείμενον·
1626 2103 1760 2172 ὅπερ

218 2184 444 2254 κάλυμμα
473 2191 857 2257 περιαιρεῖται,
890 2188 983 2241 τοῦ
1033 2189 1165 2242 Θεοῦ
1199 2190 1572 2262 δωρουμένου,
1624 2194 1758 2246 ἐπὰν

213 2275 456 2346 ἐπακούσῃ
492 2277 582 2329 τοῦ
633 2279 742 2348 (88)
792 2283 919 2352 παρ’
969 2281 1161 2334 ἑαυτοῦ
1209 2284 1380 2336 πάντα
1416 2287 1754 2356 ποιήσαντος,

213 2367 390 2420 καὶδιά
431 2367 526 2440 τὴν
574 2369 688 2436 ἕξιν
736 2371 805 2424 τὰ
843 2372 1166 2444 αἰσθητήρια
1216 2378 1589 2446 γυμνάσαντος
1625 2379 1758 2449 πρὸς

210 2457 441 2530 διάκρισιν
472 2462 636 2514 καλοῦ
672 2464 766 2515 καὶ
799 2464 988 2527 κακοῦ,
1026 2468 1119 2518 καὶ
1166 2469 1220 2518 ὲν
1269 2472 1333 2538 τῇ
1370 2470 1498 2540 εύχῇ
1537 2471 1755 2541 συνεχέ-

215 2565 356 2603 στατα
398 2553 703 2622 φήσαντος,
773 2575 788 2605 ε
861 2557 1232 2626 ’Λποκάλυοζρον
1287 2561 1411 2622 τοὺς
1449 2560 1756 2631 ὀφθαλμούς

209 2656 309 2707 μου,
338 2641 424 2692 καὶ
456 2644 784 2712 κατανοήσω
813 2643 878 2696 τὰ
911 2644 1190 2714 θαυμάσια
1224 2662 1314 2697 σου
1361 2649 1424 2698 ὲκ
1459 2646 1550 2698 τοῦ
1590 2649 1752 2716 νόμου

207 2746 301 2782 σου.
343 2751 360 2781 ι
394 2731 484 2794 Τίς
516 2732 559 2784 δ’
603 2733 1025 2802 ἀναγιγνώσκων
1058 2737 1324 2806 δράκοντα
1361 2739 1417 2789 ἐν
1461 2737 1535 2807 τῷ
1586 2739 1752 2806 Λίγυ-

206 2821 319 2890 mia:
345 2822 564 2893 ποταμῷ
592 2823 792 2889 ζῶντα,
827 2827 919 2877 καὶ
948 2828 1072 2890 τοὺς
1109 2827 1295 2897 ἰχθύας
1341 2828 1752 2898 ἐμφωλεύοντας

202 2912 339 2966 αὑτοῦ
370 2919 481 2979 ταῖς
508 2916 741 2984 φολίσιν,
784 2918 953 2988 ἢάπὸ
1000 2919 1106 2971 τῶν
1162 2921 1613 2991 προχωρημάτων
1658 2923 1750 2975 τού

201 3003 368 3075 Φαραὼ
399 3005 751 3078 πληρούμενα
786 3010 852 3062 τὰ
871 3009 1144 3078 Αἰγύπτου
1179 3010 1301 3081 ὅρη,
1345 3012 1405 3064 οὐ
1451 3011 1750 3083 προάγεται

201 3096 395 3149 αὖτόθεν
427 3101 561 3170 πρὸς
594 3101 654 3153 τὸ
700 3101 964 3171 ζητῆσαι,
1009 3101 1092 3164 τίς
1123 3102 1149 3154 ό
1184 3101 1456 3155 τοσούτων
1503 3103 1750 3158 δυσωδιῖνν

201 3203 427 3262 προχωρη
437 3192 624 3261 μάτων
652 3191 816 3246 αὑτοῦ
848 3191 1066 3263 πληρῶν
1090 3193 1156 3246 τὰ
1174 3194 1481 3260 Αἰγυπτίων
1509 3194 1631 3267 ὅρη·
1659 3197 1750 3248 καὶ

200 3282 299 3334 τίνα
322 3284 381 3336 τὰ
405 3284 509 3336 τῶν
539 3284 852 3352 Αἰγυπτίων
879 3283 998 3354 δρη·
1033 3284 1125 3338 καὶ
1159 3284 1302 3348 τίνες
1329 3285 1377 3337 οἱ
1401 3287 1456 3336 ὲν
1489 3286 1747 3358 Αἰγύπτῳ
1777 3324 1822 3387 c

380 3374 391 3387 .
558 3376 569 3387 .
623 3368 650 3387 τ
765 3373 777 3387 .
835 3373 858 3384 ς
933 3373 950 3387 .
977 3374 988 3387 .
1137 3375 1150 3387 .
1487 3376 1498 3387 .
1651 3378 1667 3387 -

199 3374 420 3442 ποταμοὶ,
451 3376 580 3446 περὶ
615 3368 690 3427 ὧν
720 3373 901 3443 αὐχῶν
933 3373 1079 3441 λέγει
1128 3375 1156 3426 6
1200 3376 1593 3446 προειρημένος
1639 3378 1744 3429 Φαν

201 3463 312 3533 ραὼ,
347 3485 363 3517 ι
409 3467 559 3537 Ἐμοί
593 3467 732 3519 εἰσιν
763 3465 810 3517 οἱ
843 3465 1094 3534 ποταμοὶ,
1126 3466 1218 3518 καὶ
1249 3465 1358 3534 ἐγὼ
1389 3467 1622 3538 ἐποίησα
1654 3469 1750 3521 αύ-

197 3555 318 3618 τούς·
358 3576 374 3607 ι
412 3559 502 3610 καὶ
533 3557 618 3619 τίς
663 3557 692 3607 6
736 3554 994 3623 ἀνάλογον
1042 3558 1155 3618 τοῖς
1206 3557 1749 3629 ἀποδειχθησομένας

197 3645 286 3698 ἀπὸ
306 3647 393 3717 τῆς
441 3647 738 3719 ἑρμηνείας
771 3650 1034 3717 ποταμοῖς
1064 3647 1311 3718 δράκων·
1367 3649 1460 3704 καὶ
1511 3651 1653 3715 τίνες
1697 3655 1745 3706 οἱ

197 3737 245 3786 ὲν
282 3743 388 3802 ταῖς
433 3739 646 3809 φολίσιν
700 3736 864 3790 αὐτοῦ
919 3737 1118 3807 ἰχθύες
1166 3740 1273 3791 Καὶ
1313 3741 1362 3792 τί
1423 3759 1488 3811 με
1537 3742 1618 3795 δεῖ
1658 3743 1747 3795 ἐπὶ

195 3830 388 3886 πλείονα
424 3832 860 3897 κατασκευάζειν
893 3833 960 3886 τὰ
1007 3832 1079 3903 μὴ
1122 3833 1347 3902 δεόμενα
1381 3839 1744 3908 κατασκευῆς;

194 3921 264 3989 ἐρ’
295 3919 367 3988 οἷς
389 3925 602 3994 λέγεται
638 3926 719 3992 τὸ,
757 3946 773 3975 ι
817 3925 1137 3997 Τίςισοιρὸς,
1173 3926 1266 3976 καὶ
1301 3929 1520 3998 συνήσει
1551 3928 1744 3994 ταῦτα;

195 4013 221 4082 ἦ
259 4017 479 4082 συνετὸς,
512 4018 606 4070 καὶ
633 4017 997 4085 ἐπιγνώσεται
1030 4017 1188 4080 uses;
1233 4037 1250 4067 ι
1301 4019 1423 4069 Ἐπὶ
1474 4019 1654 4072 πλεῖον
1701 4021 1743 4074 δ’

193 4103 400 4167 ἐξέτεινα
449 4110 539 4162 τὸν
600 4109 758 4177 λόγον
786 4148 800 4172 ,
869 4107 1186 4180 βουλόμενος
1242 4109 1617 4180 παραστῆσαι,
1673 4111 1744 4180 μὴ

194 4195 336 4262 ὑγιῶς
374 4201 618 4271 εἰρῆσθαι
672 4199 750 4270 τῷ
793 4200 1020 4271 Κέλσῳ,
1065 4202 1146 4254 ὅτι
1197 4221 1213 4252 ‹
1256 4201 1304 4253 οἱ
1350 4201 1744 4271 ἐπιεικέστεροι

201 4283 440 4342 Ἰουδαίων
461 4291 553 4343 καὶ
583 4288 925 4360 Χριστιανῶν
955 4289 1251 4361 πιρῶνταί
1278 4309 1392 4354 πως
1425 4290 1744 4362 ἀλληγορεῖν

190 4375 325 4442 αὐτὰ,
362 4380 538 4434 ἔστιδ’
570 4381 670 4451 ούχ
704 4377 792 4434 οἷα
837 4381 1164 4452 ἀλληγορίαν
1215 4381 1558 4452 ὲπιδέχεσθαί
1590 4399 1740 4445 τινα,

342 4470 591 4543 ἄντικρυς
653 4471 992 4542 εὐηθέστατα
1043 4472 1152 4542 (89)
1199 4471 1656 4543 μεμυθολόγηται.
1720 4492 1736 4522 ι

191 4555 350 4630 Πολλῷ
366 4563 468 4634 γὰρ
499 4562 701 4633 μᾶλλον
726 4561 793 4615 τὰ
827 4563 1092 4634 Ἑλλήνων
1113 4563 1172 4616 οὐ
1203 4564 1360 4634 μόνον
1384 4564 1739 4634 εὐηθέστατα,

1943 1547 2029 1599 50.
2058 1546 2323 1599 Prmterea
2351 1545 2396 1598 si
2421 1543 2552 1596 nihil
2583 1544 2839 1598 reconditi
2866 1546 3085 1598 haberet
3116 1543 3196 1595 lex
3225 1541 3441 1612 llloysis,

1870 1650 2016 1688 certe
2055 1635 2314 1704 propheta
2351 1648 2456 1686 non
2487 1632 2692 1684 diceret
2731 1633 2870 1687 inter
2900 1633 3160 1687 orandum
3214 1649 3225 1684 :
3271 1651 3287 1680 ‹
3339 1630 3444 1682 Βο-

1870 1728 1983 1782 vela
2018 1726 2204 1781 oculos
2242 1741 2412 1791 meos,
2450 1736 2503 1779 et
2531 1725 2891 1780 considerabo
2927 1724 3197 1778 mirabilia
3230 1723 3294 1776 de
3326 1723 3440 1790 lege

1872 1827 1957 1868 tua
1994 1817 2058 1868 ³⁸.
2099 1835 2116 1867 ι
2152 1814 2301 1870 Nunc
2330 1825 2507 1868 autem
2551 1816 2755 1870 sciebat
2808 1814 3076 1883 quoddam
3122 1812 3441 1882 ignorantiae

1870 1909 2110 1962 velamen
2138 1909 2397 1978 praetendi
2429 1908 2688 1964 cordibus
2719 1921 2902 1960 eorum
2957 1907 3045 1975 qui
3074 1907 3309 1974 legentes
3335 1921 3438 1958 non

1869 2000 2170 2070 intelligunt
2197 2001 2323 2069 quid
2354 2001 2454 2053 sub
2489 1999 2764 2068 allegoriis
2818 1999 3001 2052 lateat.
3041 1998 3193 2063 Quod
3220 1999 3436 2066 quidem

1865 2091 2109 2144 velamen
2145 2091 2367 2154 tollitur,
2396 2091 2568 2155 gratia
2606 2089 2731 2152 Dei,
2768 2104 2888 2142 cum
2935 2088 3160 2142 exaudit
3194 2103 3315 2141 eum
3346 2089 3439 2156 qui

1864 2198 2046 2240 mente
2077 2187 2126 2239 in
2155 2203 2213 2240 se
2253 2187 2478 2240 collecta
2523 2185 2703 2239 omnia
2752 2183 2977 2246 fecerit,
3031 2183 3228 2251 quique
3282 2181 3436 2251 longa

1861 2281 2248 2334 exercitatione
2277 2295 2466 2333 sensus
2492 2280 2558 2332 ad
2588 2279 2783 2331 bonum
2828 2291 2893 2329 ex
2929 2277 3067 2330 malo
3114 2278 3435 2331 discernen~

1862 2374 1984 2425 dum
2015 2371 2385 2436 assuefecerit,
2423 2379 2476 2424 et
2507 2371 2558 2422 in
2594 2371 2846 2438 precibus
2882 2370 3321 2422 constantissime
3353 2384 3436 2421 re-

1861 2465 2075 2534 petierit
2105 2486 2116 2518 ;
2158 2481 2175 2513 ί
2209 2463 2404 2516 Revela
2433 2461 2617 2516 oculos
2649 2475 2818 2522 meos,
2855 2470 2909 2514 et
2941 2461 3300 2516 considerabo
3330 2461 3434 2513 mi.

1862 2557 2047 2609 rabilia
2073 2557 2136 2609 de
2163 2557 2280 2623 lege
2309 2566 2419 2609 tua.
2460 2573 2477 2605 ι
2511 2553 2705 2620 Ecquis
2729 2562 2906 2603 autem
2935 2551 3114 2620 legens
3139 2553 3430 2607 draconem

1859 2649 1910 2701 in
1944 2647 2160 2718 z‘Egypti
2205 2648 2366 2701 ﬂuvio
2399 2649 2668 2701 viventem
2698 2687 2712 2711 ,
2752 2656 2804 2711 et
2840 2647 3014 2715 pisces
3048 2645 3148 2700 sub
3189 2647 3433 2714 squamis

1856 2741 1971 2809 ejus
1987 2741 2256 2794 latitantes
2272 2741 2339 2803 "’,
2359 2752 2442 2793 aut
2461 2740 2674 2812 Egypti
2694 2749 2900 2794 montes
2917 2741 3273 2794 excrementis
3296 2739 3430 2792 Pha-

1859 2835 2036 2886 raonis
2065 2834 2306 2902 oppletos
2343 2835 2436 2899 ’7',
2476 2849 2577 2885 non
2612 2832 2796 2886 statim
2826 2841 3073 2886 movetur
3125 2833 3189 2886 ad
3236 2833 3418 2900 inqui-

1858 2927 2081 2979 rendum
2125 2927 2246 2994 quis
2293 2926 2382 2980 ille
2443 2927 2511 2979 sit
2558 2926 2648 2996 qui
2702 2933 2912 2980 montes
2954 2923 3238 2993 AEgyptios
3291 2925 3432 2978 male

1853 3019 2125 3074 olentibus
2150 3019 2484 3073 stercoribus
2509 3019 2750 3088 impleat,
2784 3018 3004 3086 quinam
3035 3017 3140 3070 sint
3167 3015 3240 3068 illi
3277 3032 3432 3070 mon-

1853 3123 1932 3166 tes
1969 3111 2228 3182 IEgyptii,
2257 3112 2478 3180 quinam
2515 3110 2751 3181 .tEgyptii
2779 3110 2948 3173 ﬂuvii,
2981 3109 3046 3163 de
3071 3107 3267 3176 quibus
3294 3107 3430 3160 Pha-

1852 3219 1948 3258 rao
1977 3204 2063 3258 ille
2088 3203 2450 3272 jactabundus
2482 3203 2647 3257 dicit;
2680 3221 2696 3253 ι
2735 3202 2833 3255 Mei
2868 3211 2991 3256 sunt
3019 3200 3104 3256 isti
3143 3198 3326 3264 ﬂuvii,
3376 3209 3429 3252 et

1853 3311 1954 3366 ego
1979 3294 2082 3350 l'cci
2114 3310 2210 3350 eos
2241 3295 2307 3355 ‘3;
2352 3314 2368 3344 ι
2401 3295 2522 3364 quis
2553 3294 2715 3349 etiam
2751 3292 2840 3347 ille
2886 3293 3052 3346 draco
3078 3333 3090 3356 ,
3127 3305 3289 3360 quem
3331 3306 3428 3358 par

1853 3388 1958 3442 erit
1992 3387 2332 3457 interpretari
2400 3387 2496 3452 ita,
2556 3395 2612 3438 ut
2669 3383 2954 3438 ﬂuviorum
2997 3383 3426 3452 interpretationi

1854 3478 2197 3550 respondeat;
2226 3488 2502 3548 postremo
2534 3477 2755 3546 quinam
2803 3477 2913 3531 sint
2946 3476 3017 3529 illi
3068 3477 3244 3546 pisces
3265 3516 3279 3541 ,
3334 3475 3427 3544 qui

1853 3573 1953 3626 sub
2003 3575 2245 3640 squamis
2286 3572 2398 3638 ejus
2442 3572 2766 3627 delitescunt
2795 3569 2818 3621 ‘i
2851 3569 2958 3624 Sed
3006 3570 3136 3640 quid
3172 3585 3309 3638 opus
3345 3579 3430 3623 est

1853 3661 2096 3732 pluribus
2125 3671 2390 3729 astruere,
2424 3679 2545 3732 qua:
2584 3663 2728 3716 nulla
2759 3673 2919 3734 egent
2956 3663 3279 3731 probatione
3308 3701 3322 3725 ,
3373 3671 3428 3714 et

1853 3753 1918 3808 de
1952 3754 2147 3823 quibus
2171 3756 2372 3809 dictum
2405 3766 2487 3811 est
2521 3775 2534 3810 ε
2582 3776 2599 3808 ι
2643 3756 2774 3824 Quis
2805 3756 3021 3826 sapiens
3067 3763 3121 3810 et
3164 3754 3427 3822 intelliget

1851 3847 1980 3902 ista?
2009 3847 2315 3917 intelligens
2343 3858 2398 3902 et
2427 3850 2561 3904 sciet
2597 3850 2710 3903 base
2746 3848 2818 3901 ’9?
2856 3867 2873 3898 ι
2909 3845 3090 3900 Visum
3118 3854 3201 3900 est
3245 3854 3423 3899 tamen

1849 3939 2002 4009 plura
2031 3940 2133 3992 hoc
2165 3939 2286 3993 loco
2314 3940 2516 4003 dicere,
2541 3956 2648 4009 quo
2678 3940 3105 3995 demonstrarent
3125 3952 3287 4006 quam
3317 3951 3420 3989 non

1849 4042 1994 4085 recte
2024 4033 2212 4086 Celsus
2253 4031 2602 4086 aﬂinnaverit
2651 4049 2670 4081 ι
2727 4045 2820 4085 eos
2891 4030 2982 4098 qui
3034 4029 3176 4083 inter
3208 4027 3424 4082 Judaaos

1846 4123 2291 4192 Christianosque
2332 4123 2687 4178 modestiores
2729 4133 2888 4189 sunt,
2921 4125 2993 4177 'ea
3033 4121 3214 4177 omnia
3250 4119 3426 4188 qualiv

1846 4229 2056 4284 cunque
2089 4216 2247 4269 modo
2280 4215 2463 4269 conari
2502 4214 2776 4283 allegoriis
2818 4214 3090 4282 explicare
3119 4227 3134 4277 ;
3176 4212 3422 4281 quaedam

1847 4317 2026 4360 autent
2059 4321 2180 4360 esse
2204 4320 2323 4373 quze
2349 4305 2660 4358 nullomodo
2688 4305 2996 4374 allegoriam
3032 4302 3420 4372 pati‘possunt,

1847 4407 2028 4464 utpote
2059 4411 2177 4466 quae
2204 4403 2328 4450 sunt
2355 4395 2704 4464 ineptissime
2735 4395 2950 4450 fabula).
3005 4415 3020 4442 ι
3071 4393 3420 4462 lneptissima

1847 4487 2043 4556 potius,
2073 4487 2181 4540 imo
2213 4502 2439 4555 prorsus
2472 4485 2634 4554 impia
2665 4499 2784 4553 qua:
2811 4484 2983 4540 Graaci
3020 4482 3242 4538 fabulati
3271 4495 3418 4539 sunt.

1845 4579 2042 4633 Nostra
2083 4579 2225 4634 enim
2274 4579 2437 4632 etiam
2487 4577 2879 4646 simpliciorum
2912 4575 3244 4630 multitudini
3295 4586 3422 4630 sunt

187 4649 303 4704 ἀλλὰ
323 4655 410 4705 καὶ
434 4654 771 4707 ἀσεϐέστατα
793 4655 1247 4725 μεμυθολόγηται.
1271 4656 1349 4708 Τά
1371 4654 1477 4728 γὰρ
1498 4655 1740 4727 ἡμέτερα

1860 4671 2274 4736 tccommodata;
2303 4669 2396 4724 sed
2425 4670 2583 4738 hujus
2617 4668 2797 4737 captui
2832 4681 2890 4721 se
2913 4674 3284 4735 attemperare
3311 4682 3420 4721 not:

185 4741 475 4812 ὲστόχασται
510 4746 608 4800 καὶ
636 4746 730 4798 τοῦ
765 4746 1001 4816 πλήθους
1028 4746 1134 4799 τῶν
1168 4747 1568 4820 ἁπλουστέρων·
1601 4747 1738 4817 ὅπερ

184 4833 224 4883 οἱ
261 4835 318 4888 τὰ
352 4837 634 4909 Έλληνι.κά
687 4837 981 4909 πλάσματα
1021 4841 1344 4910 ποιήσαντες
1387 4840 1488 4892 οὐκ
1539 4841 1740 4908 ἐφυλά-

185 4922 338 4988 ξαντο·
363 4929 548 5002 διόπερ
572 4931 675 4983 οὐκ
703 4931 1012 5002 ἀχαρίστως
1033 4934 1061 4985 6
1086 4931 1309 4985 Πλάτων
1353 4931 1603 4985 ἐκϐάλλει
1627 4933 1738 5004 (90)

183 5014 266 5083 τῆς
308 5020 493 5074 ἑαυτοῦ
547 5021 827 5086 πολιτείας
865 5024 988 5086 τοὺς
1031 5023 1267 5077 τοιούσδε
1306 5023 1504 5094 μύθους
1543 5026 1636 5078 καὶ
1675 5025 1744 5080 τὰ

183 5108 334 5163 τοιάδε
369 5115 669 5184 ποιήματα.

245 5205 314 5274 Ἢ
343 5207 463 5262 Cor.
491 5227 542 5274 κ,
572 5209 629 5274 5,
661 5208 714 5264 4.

183 5269 224 5300 ⁸⁸
253 5273 433 5332 Ezech.
464 5269 625 5342 xxix,
647 5280 701 5336 5.
777 5281 820 5312 ⁸⁸
860 5281 988 5335 Ose.
1018 5296 1127 5344 xw,
1161 5269 1248 5335 10.

202 5368 529 5452 ,,(§5)_qu&
556 5375 672 5452 τὴν
699 5375 968 5452 [Ἐξρ-δρτς.
1007 5376 1175 5432 Recte
1212 5391 1344 5432 mss.
1382 5375 1518 5433 Male
1553 5384 1730 5432 autem

180 5433 459 5515 librjediti,
497 5433 638 5515 μετά
660 5445 758 5515 τῂν
783 5433 1032 5508 ³Έξοδον.

210 5575 222 5586 _
245 5510 342 5586 (86)
370 5510 622 5568 Μέλλων
643 5510 763 5586 τῶν
783 5515 980 5586 αὐτῶν
1005 5517 1591 5586 ὐπομιμνήσκεσθαι.
1637 5517 1730 5571 Vi-

210 5575 222 5586 ,
245 5534 342 5576 too;
370 5534 622 5568 ωενιλων
643 5534 763 5568 των
783 5534 980 5569 αυτων
1005 5534 1186 5583 υπομι
1233 5534 1567 5582 νησχεσυαι

188 5583 388 5656 ιιοεει-ἱῐιΔ
415 5595 572 5656 antea
599 5585 760 5656 editis
789 5585 1004 5656 legitur,
1040 5534 1339 5656 μελλόιύτων
1368 5586 1567 5640 αὐτῶν.

249 5649 346 5719 (87)
374 5652 512 5707 lnl‘ra
543 5655 792 5722 vulgatus
824 5649 1158 5711 Fsalmoimn
1187 5665 1383 5723 textus,
1414 5656 1725 5728 προσέχετε,

179 5711 287 5769 λαός
315 5739 426 5769 um)-
455 5725 546 5769 τὸν
570 5725 734 5769 νόμον
767 5742 880 5769 ηοω.

265 5737 287 5779 ς
314 5739 428 5779 μου.
455 5725 546 5776 τὸν
570 5725 734 5779 νόμον
766 5742 886 5779 μου.

224 5739 287 5781 ως
314 5739 428 5790 μου,
455 5741 546 5776 τον
570 5739 734 5794 νομον
766 5742 886 5794 μου.

224 5788 344 5865 ⁹(88)
398 5794 737 5861 Ἐπακούσῃ
786 5796 919 5857 τοῦ,
966 5804 1070 5850 etc.
1125 5795 1199 5848 lla
1250 5798 1416 5850 codex
1457 5795 1719 5850 Jolianus.

178 5851 514 5937 Libbfautem
546 5851 732 5926 editi,"
763 5851 998 5937 ἀκούσῃ,
1035 5867 1110 5936 τῷ
1151 5870 1277 5936 παρ’
1311 5866 1500 5937 ἑαυτοῦ
1545 5869 1719 5920 πάντα

181 5930 436 6001 ποιήσαντι
463 5936 621 5990 καὶ...
661 5930 969 6006 ποιήσαντι,
1018 5930 1174 5992 καὶ...
1227 5930 1580 6006 γυμνάσαντι.
1619 5937 1719 5992 Bo-

793 5211 837 5296 ?
862 5211 1010 5296 ἔδεαι.
1042 5225 1244 5296 ικκῖιλ,
1275 5211 1327 5277 1,
1358 5212 1411 5275 2,
1447 5215 1500 5266 ‘5.
1577 5215 1622 5244 "
1651 5216 1749 5269 Psa

1863 5229 2013 5279 xvm,
2047 5213 2131 5267 18.
2209 5215 2250 5245 ’⁷
2293 5213 2488 5269 Ezech.
2520 5230 2665 5281 :th,
2693 5217 2747 5270 5.

1843 4771 2102 4816 curarunt
2129 4761 2440 4816 Grmcarum
2476 4759 2782 4815 fabularqu
2813 4765 3082 4812 auctores.
3117 4755 3267 4810 Unde
3297 4773 3404 4810 non

1846 4854 2113 4908 immerito
2139 4870 2168 4908 e
2208 4869 2307 4908 sua
2349 4852 2621 4921 republica
2653 4849 2804 4906 Plato
2838 4848 3044 4906 fabulas
3073 4849 3344 4920 ejusmodi
3366 4857 3420 4902 et

1846 4954 2092 5014 poemata
2129 4946 2470 5000 exterminat.

2847 5214 3127 5269 "'Ezech.
3160 5231 3327 5281 xxxu,
3359 5216 3411 5270 6.

1841 5377 2074 5451 berellus
2118 5376 2407 5451 legendum
2455 5387 2690 5451 censet,
2726 5379 2817 5451 τοῦ
2861 5376 2996 5431 Θεοῦ
3047 5379 3414 5451 δωρουμένου,

1837 5448 1974 5520 ἐπὰν
2000 5447 2227 5520 ἀκούσῃ,
2259 5447 2334 5518 τῷ
2364 5449 2492 5520 παρ’
2526 5448 2702 5520 ἑαυτῴ
2732 5449 2906 5502 πάντα
2937 5447 3246 5520 ποιήσαντι,
3283 5463 3412 5514 etc.,

1837 5519 1908 5571 ita
1948 5529 2004 5570 ut
2039 5519 2344 5588 ποιήσαντι,
2375 5519 2712 5590 γυμνάσαντι
2745 5531 2796 5572 et
2827 5519 3099 5590 φήσαντι,
3155 5537 3277 5591 qua:
3326 5538 3410 5574 se-

1834 5597 2087 5661 qtm‘ntur,
2126 5591 2394 5661 pendeant
2427 5608 2454 5640 a
2498 5594 2880 5661 περιαιρεῖται.

1905 5658 2016 5725 (89)
2081 5657 2490 5724 Εὺηθέστατιι.
2557 5657 2723 5714 Recte
2779 5661 2998 5714 omnino
3032 5661 3199 5716 codex
3245 5659 3415 5715 Julia-

1835 5744 1932 5780 nus
1967 5728 2199 5780 secumla
2241 5745 2424 5787 manu.
2457 5730 2592 5785 Male
2624 5739 2806 5787 autem
2851 5731 2978 5786 libb.
3017 5732 3168 5794 editi,
3212 5729 3409 5802 ἀληθέα

1833 5815 2020 5850 στατα.

1901 5869 2010 5937 (91))
2056 5871 2106 5920 Ὀ
2135 5869 2381 5924 Πλάτων
2415 5871 2597 5926 ἑκΐίὶλ
2622 5875 2712 5925 let.
2755 5873 2882 5927 Vide
2931 5871 3309 5926 adnotationcs
3341 5884 3395 5924 δι

1832 5939 1922 5994 lib.
1955 5955 2025 6003 tv,
2065 5957 2210 5994 num.
2246 5943 2332 5996 56.
