3852 6418
491 417 636 472 “15

1911 411 2236 468 ORIGENIS

3602 414 3708 469 “lli

491 549 774 598 naturam;
823 545 982 602 atque
1037 531 1236 586 idcirco
1293 531 1586 584 humanum
1643 547 1840 598 corpus
1871 531 2004 584 nihil
2038 547 2064 583 a

2188 527 2456 601 'tvOptbmu
2507 529 2684 600 σῶμα.
2721 529 2860 599 ’Ύλη
2905 527 3014 600 γὰρ
3045 529 3076 598 ὴ
3118 527 3284 598 αὐτὴ,
3317 528 3407 580 καὶ
3433 525 3490 578 τὸ
3517 527 3713 602 φθειρσὶν

485 627 891 696 vespertilione,
925 641 952 676 ιι
987 635 1189 684 verme,
1223 634 1251 672 a
1286 635 1414 672 rana
1462 619 1702 674 differre.
1749 619 1894 674 Illius
1922 621 2066 672 enim

487 727 543 772 et
573 719 796 770 istorum
829 714 1074 768 eamdem
1107 725 1226 764 esse
1266 711 1586 774 materiam,
1618 710 1760 763 idem
1808 712 1859 763 in
1907 710 1990 764 his
2017 720 2070 763 et

491 810 542 862 in
575 808 666 862 illo
699 820 818 860 esse
843 804 1205 870 corruptionis
1235 803 1616 874 principium.»
1650 799 1853 856 Vellem
1889 809 2068 854 tamen

489 908 546 952 ut
573 899 880 968 quicunque
908 911 972 950 ex
994 897 1490 964 Celsoarroganter
1515 893 1904 948 deelamitante
1921 893 2072 946 audit

487 990 702 1060 Papisei
728 1001 777 1044 et
805 988 1020 1045 Jasonis
1041 991 1106 1044 de
1129 989 1343 1044 Christo
1389 986 1792 1043 contentionem
1823 1002 1926 1041 non
1955 986 2066 1040 risu

488 1081 582 1135 sed
617 1081 740 1134 odio
768 1081 947 1148 potius
976 1079 1192 1148 dignam
1241 1093 1384 1142 esse,
1413 1077 1649 1132 libellum
1683 1079 1830 1132 hunc
1867 1079 1918 1131 in
1955 1095 2071 1130 rna-

489 1186 593 1225 nus
621 1179 886 1236 sumeret,
925 1180 979 1226 et
1019 1187 1136 1240 qua:
1181 1172 1231 1224 in
1273 1169 1362 1224 illo
1393 1173 1710 1225 scribuntur
1755 1171 1933 1240 legere
1957 1185 2076 1228 sus-

488 1269 710 1330 tineret;
785 1266 852 1330 is,
881 1282 1004 1320 cum
1047 1266 1178 1319 nihil
1215 1266 1266 1320 in
1295 1265 1384 1318 illo
1407 1263 1612 1332 scripto
1643 1264 1912 1318 inveniret
1945 1263 2073 1318 odio

489 1356 740 1426 dignum,
773 1355 989 1412 Celsum
1028 1359 1218 1426 utique
1243 1359 1551 1412 damnaret.
1585 1355 1768 1426 Neque
1796 1357 1960 1410 etiam
2003 1356 2076 1410 illi

491 1448 658 1501 risum
691 1449 950 1514 movebit,
985 1450 1076 1518 qui
1120 1450 1292 1504 libero
1339 1449 1545 1516 judicio
1593 1448 1747 1502 illuni
1789 1449 2074 1502 evolverit.

493 1537 572 1592 lbi
598 1540 746 1593 enim
779 1539 1122 1595 Christianus
1151 1557 1271 1596 cum
1298 1541 1482 1596 .Indazo
1514 1542 1789 1597 disserens
1847 1541 2076 1596 demou-

490 1637 628 1684 strat
659 1646 722 1684 ex
754 1630 994 1686 Judaicis
1025 1632 1322 1701 Scripturis
1361 1633 1618 1686 vaticinia
1655 1633 1720 1686 de
1756 1631 1976 1687 Christo
2007 1633 2072 1686 ad

486 1719 672 1776 Jesum
717 1723 1018 1791 pertinere,
1065 1739 1376 1792 quanquam
1439 1735 1662 1778 strenue
1723 1725 2076 1780 adversarius

491 1817 836 1869 contradicat
893 1830 1295 1884 personamque
1329 1815 1606 1872 Iudaicam
1635 1817 1858 1887 pulchre
1911 1817 2073 1870 susti-

495 1911 642 1957 ηοῖὶι.

562 1993 654 2051 55.
679 1995 943 2051 Caeterum
975 2001 1162 2054 nescio
1192 2000 1460 2068 quomodo
1492 1999 1680 2054 Celsus
1712 1999 1815 2054 duo
1853 1999 2078 2067 conjun-

493 2100 626 2158 gens
647 2103 767 2157 qua:
801 2089 1084 2144 misturam
1119 2107 1222 2144 non
1257 2091 1482 2154 faciunt,
1521 2107 1620 2146 nec
1648 2101 1775 2146 sunt
1806 2090 2076 2162 ejusmodi

493 2187 550 2230 ut
586 2181 636 2232 in
673 2181 960 2235 humanam
1000 2191 1246 2238 naturam
1275 2183 1456 2250 ﬁsimul
1510 2185 1808 2239 convenire
1853 2195 2075 2250 queant,

493 2269 733 2325 libellum
777 2273 935 2326 istum
984 2275 1163 2329 dicere
1215 2276 1448 2345 potuerit
1482 2276 1607 2330 odio
1659 2291 1780 2330 esse
1825 2286 1880 2328 et
1913 2276 2078 2328 mise-

495 2365 702 2419 ratione
726 2367 961 2436 dignum.
987 2366 1156 2423 Nemo
1187 2369 1329 2424 enim
1356 2385 1458 2424 non
1495 2370 1774 2434 fatebitur,
1802 2370 1926 2422 dum
1957 2371 2079 2438 quis

495 2457 826 2514 miserationi
859 2469 961 2528 est,
991 2475 1114 2518 eum
1147 2461 1273 2518 odio
1309 2479 1412 2516 non
1446 2463 1655 2524 haberi,
1695 2479 1794 2518 nec
1847 2464 2078 2516 misera-

497 2550 629 2604 tioni
659 2566 784 2608 esse
821 2569 1172 2623 quemquam,
1225 2555 1353 2608 dum
1407 2557 1529 2610 odio
1579 2558 1830 2610 habetur.
1886 2555 2078 2610 Celsus

493 2659 622 2698 vero
651 2645 772 2698 ideo
799 2656 960 2716 negat
985 2648 1088 2700 sibi
1125 2649 1460 2716 propositum
1495 2665 1616 2703 esse
1653 2649 1738 2702 illa
1769 2648 2075 2713 confutare,

493 2737 637 2808 quod
663 2750 849 2791 eorum
879 2738 1268 2793 absurditatem
1297 2750 1482 2807 patere
1499 2741 1755 2794 omnibus
1778 2739 2075 2802 existimet,

497 2829 814 2898 nullumque
833 2844 936 2884 non
955 2829 1158 2894 videre,
1183 2832 1264 2884 vel
1284 2841 1577 2901 antequam
1597 2833 1902 2886 rationibus
1921 2831 2078 2886 refel-

499 2919 703 2984 lantur,
724 2937 886 2992 quam
930 2923 1286 2978 miseratione
1301 2923 1496 2978 etodio
1527 2923 1692 2994 digna
1726 2923 1856 2978 sint.
1881 2921 2079 2976 Horta-

2171 623 2348 674 αὐτῶν
2378 623 2584 692 ὅμοιον.
2629 641 2646 676 ι
2675 622 2839 676 Οὐδὲν
2869 622 2910 674 δ’
2950 617 3111 692 ἦττον
3141 621 3439 691 ἐϐουλόμην
3477 623 3620 674 πάνθ’
3650 626 3714 676 δν-

2170 716 2349 769 τινοῦν
2375 755 2388 778 ,
2426 716 2734 768 ἀκούσαντα
2775 713 3202 782 δεινολογΟὖντος
3239 713 3473 777 Κέλσου,
3515 713 3599 766 καὶ
3633 716 3708 784 φά-

2175 823 2393 870 σκοντος
2425 807 2484 860 τὸ
2513 807 2985 878 ἐπιγεγραμμένον
3017 805 3374 876 σύγγραμμα,
3411 806 3620 868 Ἰάσονος
3645 809 3712 858 κα)

2173 899 2456 954 Παπίσκου
2481 900 2784 968 ἀντιλογίαν
2815 899 2940 968 περὶ
2978 896 3235 968 Χριστοῦ,
3261 898 3322 949 οὑ
3345 896 3580 966 γέλωτος,
3607 897 3718 951 ἀλλὰ

2179 991 2368 1061 μίσους
2399 990 2543 1054 ἄξιον
2577 987 2735 1054 εἶναι,
2768 989 2948 1044 λαϐεῖν
2987 991 3065 1052 εἰς
3091 991 3277 1058 χεῖρας
3309 987 3367 1040 τδ
3397 989 3718 1060 συγγραμμά-

2175 1100 2308 1145 τιον,
2345 1084 2438 1135 καὶ
2483 1083 2770 1152 ὑπομεῖναι
2815 1081 2908 1134 καὶ
2945 1079 3274 1151 ἀνασχέσθαι
3299 1078 3519 1132 ἀκοῦσαι
3546 1079 3638 1132 τῶν
3673 1081 3719 1133 ἐν

2177 1175 2354 1246 αὐτῷ·
2391 1176 2456 1228 ἵν’
2499 1175 2722 1229 αὐτόθεν
2785 1173 3036 1246 καταγνῷ
3073 1173 3163 1226 τοῦ
3211 1173 3439 1236 Κέλσου,
3479 1174 3626 1242 μηδὲν
3656 1173 3722 1226 εὖ·

2181 1268 2386 1340 ρίσκων
2429 1269 2616 1338 μίσους
2662 1268 2808 1331 ἄξιον
2855 1271 2911 1320 ἐν
2961 1267 3038 1336 τῷ
3079 1266 3287 1336 βιϐλίῳ.
3335 1265 3455 1316 Ἐὰν
3493 1265 3532 1316 δ’
3563 1265 3720 1319 ἀδεκά-

2183 1377 2322 1422 στως
2351 1377 2432 1422 τις
2481 1359 2803 1430 ἐντυγχάνῃ,
2855 1357 3096 1428 εὑρήσει,
3143 1357 3226 1407 ὅτι
3267 1355 3378 1408 οὐδ’
3420 1355 3504 1406 ἐπὶ
3547 1355 3719 1422 γέλωτα

2181 1455 2320 1504 κινεῖ
2343 1451 2402 1503 τὸ
2429 1451 2650 1520 βιϐλίον,
2681 1451 2734 1502 ἐν
2764 1443 2807 1516 ᾧ
2832 1449 3244 1518 ἀναγέγραπται
3285 1446 3588 1518 Χριστιανὸς
3625 1447 3704 1498 ’1ου

2181 1544 2313 1615 δαίῳ
2342 1544 2717 1614 διαλεγόμενος
2746 1543 2853 1595 ἀπὸ
2879 1541 2984 1594 τῶν
3033 1539 3339 1593 Ἰουδαϊκῶν
3389 1537 3622 1610 Γραφῶν,
3649 1539 3722 1590 καὶ

2179 1637 2390 1698 δεικνὺς
2410 1635 2506 1699 τὰς
2541 1635 2666 1706 περὶ
2691 1634 2784 1687 τοῦ
2815 1633 3051 1706 Χριστοῦ
3078 1633 3414 1704 προφητείας
3438 1633 3722 1702 ἐφαρμόζειν

2179 1729 2254 1800 τῷ
2297 1729 2470 1798 Ἰησοῦ
2491 1747 2504 1760 ·
2531 1729 2772 1796 καίτοιγε
2807 1728 2906 1780 οὐκ
2951 1727 3210 1796 ἀγεννῶς,
3247 1726 3353 1778 οὐδ’
3383 1725 3626 1796 ἀπρεπῶς
3665 1725 3723 1794 τῷ

2193 1823 2468 1876 Ἰουδαϊκῶ
2497 1821 2774 1895 προσώπῳ
2806 1821 2896 1876 τοῦ
2927 1821 3116 1890 ἐτέρου
3173 1819 3461 1890 ἱσταμένου
3501 1820 3621 1889 πρὸς
3655 1818 3722 1868 τὸν

2180 1913 2358 1982 λόγον.

2253 2007 2367 2058 Οὐκ
2425 2001 2545 2059 οῖδα
2589 2006 2632 2058 δ’
2679 2007 2826 2069 ὅπως
2871 2004 2940 2058 τὰ
2972 2005 3199 2076 ἄμικτα,
3251 2005 3346 2058 καὶ
3386 2005 3444 2058 οὐ
3489 2003 3722 2072 πεφυκότα

2181 2097 2298 2167 ἅμα
2331 2097 2644 2168 συμϐαίνειν
2691 2099 3006 2169 ἀνθρωπίνῃ
3046 2097 3237 2165 φύσει,
3273 2095 3602 2164 συναγαγὼν,
3631 2092 3724 2146 εἷπε

2181 2190 2240 2243 τὸ
2273 2191 2475 2260 βιϐλίον
2517 2193 2692 2244 ἐκεῖνο
2727 2191 2906 2252 ἐλέους
2935 2190 3026 2242 καὶ
3059 2189 3252 2260 μίσους
3281 2188 3426 2252 ἀξιον
3455 2183 3598 2240 εἶναι.
3627 2187 3718 2244 Ili;

2181 2285 2289 2356 γὰρ
2343 2285 2686 2354 ὁμολογήσει,
2745 2283 2836 2335 τὸν
2895 2280 3214 2352 ἐλεούμενον
3252 2281 3326 2350 μὴ
3383 2279 3630 2350 μισεῖσθαι
3665 2275 3726 2329 ὅτ’

2181 2376 2429 2439 ἐλεεῖται,
2465 2375 2557 2428 καὶ
2587 2374 2675 2426 τὸν
2713 2373 3036 2444 μισούμενον
3071 2371 3144 2441 μὴ
3175 2369 3440 2422 ἐλεεῖσθαι
3477 2371 3556 2422 ὅτε
3587 2371 3728 2438 μισὼ

2180 2484 2288 2519 ται.
2320 2465 2416 2518 Διά
2447 2465 2602 2518 τοῦτο
2625 2465 2680 2517 δέ
2716 2464 2789 2536 μὴ
2825 2461 3146 2534 προκεῖσθαι
3177 2461 3416 2530 ἐλέγχειν
3445 2461 3564 2530 φησὶ
3589 2458 3728 2511 ταῦτα

2181 2561 2207 2610 ὁ
2235 2557 2460 2620 Κέλσος,
2497 2556 2617 2608 ἐπεὶ
2653 2555 2822 2608 οἴεται
2855 2553 2996 2606 αὐτὰ
3027 2549 3188 2604 παντί
3219 2569 3320 2603 που
3345 2550 3474 2620 δῆλα
3509 2545 3630 2601 εἶναι
3657 2549 3728 2598 καὶ

2183 2651 2286 2722 πρὸ
2319 2649 2412 2702 τοῦ
2447 2649 2784 2718 ἐπαγομένου
2831 2646 3065 2714 λογικῶς
3093 2645 3318 2713 ἐλέγχου
3373 2643 3446 2704 ὡς
3475 2641 3630 2710 φαῦλα
3655 2639 3729 2691 καὶ

2181 2744 2360 2806 ἐλέους
2391 2742 2482 2796 καὶ
2512 2741 2702 2812 μίσους
2732 2739 2876 2806 ἀξια.
2905 2735 3340 2808 Παρακαλοῦμεν
3367 2735 3418 2788 δὲ
3447 2737 3529 2787 τὸν
3567 2735 3728 2798 ἐντυγ-

2181 2835 2408 2906 χάνοντα
2463 2837 2528 2904 τῇ
2569 2831 2833 2900 ἀπολογίᾳ
2867 2829 3039 2900 ταύτῃ
3071 2831 3208 2899 πρὸς
3239 2829 3338 2898 τὴν
3369 2828 3558 2880 Κέλσον
3589 2841 3726 2892 κατηο

2182 2925 2375 2998 γσρίαν
2429 2923 2792 2996 γεγραμμένῃ
2819 2919 3152 2990 ἀνασχέσθαι
3197 2921 3291 2972 καὶ
3321 2919 3602 2972 ἐπακοῦσαι
3645 2915 3730 2967 τῶν

501 3029 620 3066 mur
636 3023 810 3068 tamen
827 3027 1038 3078 omnes,
1056 3015 1145 3083 qui
1165 3015 1216 3068 in
1235 3015 1372 3068 hanc
1391 3024 1630 3070 nostram
1647 3016 1910 3070 adversus
1927 3013 2070 3070 Celsi

2188 3013 2635 3087 συγγραμμάτων
2673 3011 2850 3082 ἡμῶν,
2895 3010 2988 3062 καὶ
3027 3009 3126 3078 ὅση
3161 3008 3410 3080 δύναμις,
3443 3012 3504 3062 ἐκ
3545 3007 3636 3060 τῶν
3660 3023 3732 3074 γε·

497 3105 795 3161 calumnias
818 3105 1184 3161 defensionem
1207 3105 1512 3170 inciderint,
1531 3114 1590 3158 ut
1611 3105 1920 3174 Scripturas
1978 3117 2076 3156 no-

500 3207 644 3253 stras
659 3193 820 3267 545
835 3193 1022 3250 audire
1035 3211 1102 3250 ne
1119 3207 1433 3266 graventur,
1453 3205 1506 3252 et
1534 3208 1611 3262 ut,
1631 3207 1894 3266 quantum
1925 3208 2077 3267 pote-

505 3300 653 3356 runt,
685 3303 751 3343 ex
783 3289 850 3344 iis
892 3305 1011 3358 qua:
1042 3291 1337 3358 scriptores
1363 3299 1613 3353 narrant,
1651 3289 1904 3358 colligant
1933 3289 2078 3358 quod

505 3383 672 3438 fuerit
727 3397 914 3435 eorum
971 3385 1332 3451 propositum,
1393 3397 1512 3452 quae
1567 3381 1927 3446 c0nscientia,
1983 3385 2074 3450 qui

502 3477 669 3532 animi
708 3485 918 3542 status;
952 3477 1386 3530 animadvertant
1417 3476 1564 3527 viros
1609 3475 1796 3540 fuisse,
1827 3473 1917 3543 qui
1961 3487 2081 3542 qua:

501 3571 602 3626 sibi
636 3578 1019 3646 persuaserant
1051 3567 1254 3623 fervide
1283 3567 1656 3633 defenderent,
1682 3569 1945 3636 quosdam
1983 3580 2080 3618 au-

506 3671 614 3716 tem
669 3661 952 3717 declarare
1001 3676 1060 3716 se
1112 3678 1197 3715 res
1252 3673 1434 3731 gestas
1479 3662 1676 3716 litteris
1724 3660 2078 3727 consignare,

501 3771 642 3824 quas
672 3753 788 3810 suis
817 3753 992 3809 oculis
1021 3755 1318 3808 hauserant
1354 3763 1408 3809 et
1433 3761 1740 3822 compertas
1773 3749 2072 3815 habebant,

503 3863 592 3904 res
641 3847 902 3902 miriﬁcas
949 3847 1246 3916 dignasque
1281 3859 1401 3914 qua:
1447 3843 1808 3899 monumentis
1855 3843 2080 3896 manda-

503 3951 694 3995 rentur
723 3939 789 3994 ad
837 3939 1100 3994 lectorum
1151 3937 1459 3992 futurorum
1493 3937 1806 3993 utilitatem.
1840 3937 1905 3988 Et
1952 3951 2080 3991 sane

505 4045 662 4086 neruo
717 4045 914 4102 negare
970 4029 1169 4083 audeat
1221 4028 1426 4082 fontem
1497 4028 1677 4083 omnis
1729 4025 1978 4079 utilitatis
2027 4035 2080 4079 et

505 4124 835 4194 principium
884 4137 1004 4178 esse
1050 4137 1262 4178 summo
1316 4127 1425 4178 lico
1464 4120 1708 4184 credere,
1743 4119 1794 4172 in
1825 4119 2081 4172 omnibus

503 4217 718 4272 actibus
747 4231 813 4270 eo
840 4225 1090 4284 spectare
1132 4223 1190 4268 ut
1225 4213 1300 4268 illi
1353 4213 1626 4277 placeant,
1665 4221 1718 4266 et
1747 4224 1814 4264 ne
1841 4209 2081 4278 cOgitare

500 4307 719 4377 quidem
761 4305 1058 4375 quidquam
1113 4305 1256 4372 quod
1294 4303 1368 4357 illi
1417 4303 1704 4373 displicere
1753 4300 1952 4370 possit,
1990 4299 2078 4368 qui

2181 3109 2514 3180 γραμμένων
2553 3105 2917 3177 στοχάσασθαι
2947 3105 3045 3174 τῆς
3083 3105 3460 3174 προαιρέσεως
3485 3101 3582 3153 τῶν
3621 3117 3732 3170 γρι-

2181 3202 2422 3272 ψάντων,
2475 3203 2566 3255 κα).
2612 3202 2708 3268 τῆς
2758 3199 3140 3270 συνειδήσεως,
3179 3199 3272 3251 καὶ
3311 3197 3410 3266 τῆς
3447 3194 3727 3253 διαθέσεως·

2183 3295 2410 3365 εὑρήσει
2455 3293 2564 3364 γὰρ
2606 3292 2805 3363 ἄνδρας
2849 3292 3126 3363 διαπύρως
3175 3292 3304 3361 περὶ
3337 3283 3411 3343 ὧν
3442 3288 3730 3356 ὑπειλήφασι

2183 3385 2616 3455 διατεινομένους
2642 3402 2654 3414 ’
2699 3383 2851 3448 τινὰς
2892 3385 2948 3438 δὲ
2995 3385 3364 3454 ἐμφαίνοντας
3409 3383 3494 3434 καὶ
3535 3379 3734 3450 ἱστορίαν

2185 3476 2505 3548 ἐωραμένην
2553 3476 2647 3528 καὶ
2679 3475 3129 3542 καταλειφθεῖσαν
3185 3475 3295 3544 (97)
3328 3473 3651 3544 ἀναγράφειν,
3672 3469 3736 3529 ὡς

2191 3567 2496 3639 παράδοξον
2557 3567 2652 3619 καὶ
2715 3566 2934 3638 γραφῆς
2992 3563 3171 3630 ἀξίαν,
3226 3565 3320 3619 ἐπὶ
3380 3564 3597 3634 ὠφελείᾳ⁵
3645 3561 3734 3614 τῶν

2190 3661 2595 3731 ἀκουσομένων.
2663 3661 2732 3712 Ἢ
2785 3659 3036 3730 τολμάτω
3083 3675 3168 3722 τις
3215 3657 3414 3726 λέγειν,
3471 3657 3538 3727 μὴ
3587 3653 3736 3720 παι-ης

2183 3751 2453 3819 ὠφελείας
2497 3745 2635 3802 εἶναι
2681 3749 2863 3819 πηγὴν
2913 3749 3006 3801 καὶ
3057 3749 3230 3820 ἀρχὴν
3259 3749 3319 3801 τὸ
3369 3747 3631 3800 πιστεῦσαι
3671 3743 3734 3810 τῷ

2181 3843 2290 3897 τῶν
2339 3843 2476 3896 ὅλων
2525 3841 2664 3912 Θεῷ,
2699 3843 2794 3894 καὶ
2839 3842 3014 3894 πάντα
3048 3843 3310 3910 πράττειν
3345 3841 3457 3892 κατ’
3499 3835 3734 3906 ἀναφορὰν

2181 3939 2276 3991 τοῦ
2327 3938 2537 4008 ’ἐκείνῳ
2580 3938 2837 4008 ἀρέσκειν
2893 3937 3019 4008 περὶ
3077 3935 3421 3998 οὑτινοσοῦν,
3473 3935 3558 3987 καὶ
3600 3929 3736 4000 μηδὲν

2183 4031 2489 4102 ἀπάρεστον
2541 4027 2688 4100 αὐτῷ
2727 4028 2846 4098 μηδ’
2887 4027 3261 4098 ἐνθυμεῖσθαι,
3296 4029 3372 4090 ὡς
3414 4027 3470 4079 οὐ
3501 4025 3638 4096 μόνον
3665 4021 3736 4072 λό-

2183 4143 2294 4193 γων
2341 4123 2435 4176 καὶ
2476 4121 2675 4194 ἔργων,
2708 4120 2843 4174 ἀλλά
2879 4121 2972 4173 καὶ
3019 4121 3408 4191 διαλογισμῶν,
3443 4115 3732 4191 κριθησομέ-

2183 4233 2310 4270 νων.
2345 4215 2456 4268 Καὶ
2487 4214 2568 4279 τίς
2605 4213 2669 4268 ἂν
2701 4212 2858 4276 ἄλλος
2889 4213 3046 4282 λόγος
3079 4213 3556 4284 ἐπιπρεφέστερον
3585 4221 3726 4278 προσ-

2185 4309 2308 4376 άγοι
2340 4307 2451 4378 (98)
2483 4307 2582 4378 τὴν
2627 4304 2974 4377 ἀνθρωπίνην
3021 4303 3184 4372 φύσιν
3225 4303 3306 4374 τῷ
3347 4299 3406 4356 εὖ
3445 4302 3557 4373 ζῇν,
3601 4300 3662 4362 ὡς
3697 4297 3728 4364 ἡ

505 4415 609 4454 non
637 4413 948 4454 sermonum
985 4397 1142 4454 modo
1185 4406 1237 4452 et
1268 4413 1510 4466 operum,
1544 4393 1637 4449 sed
1666 4393 1828 4448 etiam
1863 4393 2076 4464 cegita-

2191 4400 2372 4463 πίστις
2405 4399 2438 4467 ἢ
2475 4401 2508 4469 ή
2547 4397 2799 4467 emanet;
2829 4397 2957 4468 περὶ
2997 4395 3091 4448 τοῦ
3142 4396 3298 4450 πάντ’
3346 4395 3538 4466 ἐφορᾷν
3565 4391 3641 4444 τὸν
3661 4389 3736 4439 ἐιτί

503 4497 706 4547 tionum
737 4492 948 4547 futurus
967 4500 1050 4546 est
1071 4490 1256 4558 judex.
1296 4489 1492 4555 Ecquze
1520 4487 1766 4542 doctrina
1799 4485 2075 4540 efficacius

503 4584 760 4637 imlucerc
797 4583 1046 4636 homines
1069 4587 1246 4649 potest
1273 4589 1328 4630 ut
1362 4579 1544 4630 viVant
1574 4579 1731 4642 bene,
1767 4591 1928 4646 quam
1961 4575 2078 4629 hare

507 4675 659 4738 fides,
699 4675 782 4729 vel
815 4675 929 4730 ham
981 4671 1284 4743 persuasio,
1319 4683 1631 4739 supremum
1670 4669 1836 4722 Deum
1890 4666 2074 4720 omnia

508 4779 696 4821 nostra
755 4767 989 4830 intueri,
1041 4765 1206 4825 dicta,
1261 4761 1424 4826 facta,
1483 4759 1764 4830 cogitata?
1819 4758 2083 4813 Monstret

506 4854 650 4906 enim
695 4855 782 4921 qui
833 4854 1066 4908 voluerit
1109 4853 1270 4906 aliam
1320 4853 1480 4916 viam,
1531 4869 1633 4920 qua
1688 4853 1755 4904 ad
1801 4847 2079 4902 meliorem

511 4941 722 5010 frugem
757 4953 1076 4997 revocentur
1107 4959 1209 4998 non
1244 4959 1380 4997 llllllS
1407 4944 1674 5014 quispiam
1701 4951 1755 4995 et
1790 4939 1948 5002 alter,
1987 4941 2080 4993 sed

511 5035 700 5100 ingens
731 5034 1015 5089 multitudo
1050 5053 1062 5089 :
1095 5047 1150 5089 et
1199 5035 1424 5090 alterius
1465 5053 1590 5090 cum
1641 5035 1813 5088 altera
1861 5047 2081 5101 compa-

511 5126 720 5179 ratione
769 5125 1046 5195 dijudicet,
1080 5135 1199 5180 utra
1231 5121 1475 5183 doctrina
1526 5131 1593 5184 ad
1645 5128 1904 5182 virtutem
1960 5139 2086 5193 per-

514 5217 698 5270 ducat.

579 5301 670 5354 5i.
702 5302 964 5367 Quoniam
1001 5320 1128 5360 vero
1175 5305 1226 5358 in
1275 5305 1417 5360 Celsi
1469 5305 1646 5362 verbis
1679 5303 1840 5358 modo
1872 5319 2079 5358 memo—

516 5397 649 5447 ratis
685 5393 776 5448 ubi
809 5399 1052 5463 quietiam
1091 5413 1121 5451 e
1174 5397 1370 5452 'l’iumro
1417 5399 1746 5466 transcripta
1793 5405 1938 5458 sunt,
1972 5397 2088 5452 hsec

581 5505 1264 5578 (97)Καταλειφοεῐσαν.
1315 5513 1668 5566 Scribendum
1721 5511 1950 5570 videtur,
1988 5527 2084 5562 κα-

511 5577 894 5664 τειληφθεῖσαν.
929 5578 1093 5664 [:aa'tlo
1137 5591 1434 5664 pust'mssz,
1479 5582 1554 5652 μὴ
1599 5582 1778 5650 πάσης
1820 5579 2084 5664 ῲφελείας

513 5645 657 5723 εἶναι
697 5650 900 5718 πηγήν.
949 5645 1101 5703 Libb.
1138 5645 1314 5712 editi,
1363 5653 1436 5722 μὴ
1479 5645 1656 5723 πάσης
1712 5645 1902 5719 σοφίας
1948 5647 2084 5705 εἶναι

515 5735 719 5771 πηγὴν.

581 5735 586 5750 ·
671 5735 719 5771 ν.

581 5718 699 5856 ibi)
742 5787 895 5844 Libb.
929 5790 1080 5854 editi,
1117 5793 1400 5860 προσάγει,
1455 5792 1545 5847 sed
1599 5807 1754 5858 ntss.,
1795 5795 2056 5862 προσάγοι

590 5837 696 5870 \".'I
743 5837 895 5844 “""'
934 5837 1080 5854 “·“““·1
1123 5837 1400 5860 ’“ι“”’“ο*“1
1455 5837 1545 5847 υν“
1601 5837 1754 5858 ""'"'7
1801 5837 2081 5862 "5""'|")

517 5869 740 5914 I'L'CUUSo

2193 4494 2328 4545 πᾶσι
2376 4491 2510 4544 Θεὸν
2541 4490 2610 4544 τὰ
2649 4492 2737 4559 ὑφ’
2787 4489 2943 4560 ἡμῶν
2990 4488 3258 4558 λεγόμενα
3295 4487 3386 4541 καὶ
3413 4485 3732 4558 πραττόμενα.

2193 4583 2328 4638 ἀλλά
2376 4585 2470 4638 καὶ
2497 4581 2856 4654 λογιζόμενα;
2893 4579 3298 4652 Παραϐαλλέτω
3326 4581 3430 4651 (99)
3459 4577 3559 4648 γὰρ
3589 4577 3614 4628 ὁ
3635 4573 3738 4643 βου-

2189 4678 2412 4748 λόμενος
2435 4676 2600 4748 ἀλλην
2629 4675 2745 4728 ὁδὸν
2787 4673 3216 4743 ἐπιστρέφουσαν
3256 4673 3372 4742 ἅμα
3403 4671 3490 4724 καὶ
3531 4661 3732 4738 βελτιοῦ-

2193 4785 2291 4822 σαν
2317 4769 2376 4822 οὐ
2418 4768 2578 4839 μόνον
2606 4766 2704 4820 ἕνα
2749 4785 2850 4819 που
2895 4768 2990 4819 καὶ
3021 4765 3295 4835 δεύτερον,
3331 4765 3464 4829 ἀλλ’,
3489 4763 3578 4829 ὅση
3606 4755 3736 4810 δύνα-

2197 4881 2307 4933 μις,
2340 4861 2434 4915 καὶ
2469 4861 2753 4924 πλείστους
2784 4861 2966 4924 ὅσους,
2995 4859 3082 4914 ἵνα
3125 4877 3212 4922 τις
3237 4861 3305 4930 τῇ
3343 4853 3618 4928 παραθέσει
3645 4850 3734 4916 ἀμ-

2195 4954 2436 5023 φοτέρων
2460 4953 2568 5006 τῶν
2597 4951 2732 5005 ὁδῶν
2757 4951 3002 5023 ἀκριϐῶς
3023 4953 3337 5024 κατανοήσῃ
3363 4949 3450 5003 τὸν
3471 4942 3734 5001 διατιθέντα

2192 5047 2330 5118 πρὸς
2363 5047 2424 5098 τὸ
2457 5045 2618 5099 καλὸν
2655 5045 2832 5114 λόγον.

2279 5311 2428 5364 Ἐπεὶ
2461 5311 2504 5364 δ’
2539 5313 2596 5364 ἐν
2724 5310 2984 5382 ἐξεθέμην
3033 5309 3129 5364 τοῦ
3175 5309 3386 5363 Κέλσου
3427 5306 3556 5374 Λέξει
3583 5315 3730 5372 παρι-

2195 5399 2476 5472 φραζούσῃ
2523 5401 2632 5456 ἀπὸ
2675 5401 2772 5454 τοῦ
2809 5402 3044 5471 Τιμαίου
3079 5399 3154 5472 (-l)
3185 5403 3309 5453 τινὰ
3353 5399 3648 5470 γέγραπται,
3671 5389 3732 5448 ὡς

2263 5511 2577 5585 (99)(ῐλίιιί).
2617 5513 2746 5585 editi
2788 5513 2838 5564 in
2863 5513 3142 5585 margine,
3177 5512 3553 5585 παραϐαλέτω.

2261 5571 2338 5648 (ί)
2361 5571 2367 5576 ’
2393 5583 2539 5636 Ἀπὸ
2569 5583 2672 5636 τοῦ
2709 5583 2966 5650 Τιμαίου.
2997 5571 3141 5636 Plat.-
3175 5583 3226 5636 in
3263 5571 3476 5642 'l‘imwo,
3515 5591 3618 5650 pag.
3639 5571 3724 5650 με

2201 5639 2354 5705 Ἐπέὶ
2391 5649 2483 5705 οὖν
2515 5654 2736 5716 πάντες,
2764 5639 2886 5704 ’ὅσοι
2909 5669 2966 5704 τε
3005 5653 3356 5722 περιπολοῦσι
3390 5639 3631 5722 φανεριῗςν
3653 5639 3728 5694 καὶ

2219 5669 2354 5705 ιιπει
2391 5670 2483 5705 ουν
2515 5671 2736 5716 παντες,
2773 5669 2886 5704 οσοι
2909 5669 2966 5704 τε
3005 5669 3356 5722 περιπολουσι
3427 5669 3631 5720 ανερωςν
3654 5669 3726 5694 7-”

2189 5723 2302 5774 ὅσοι
2337 5725 2641 5792 φαίνονται,
2687 5723 2807 5776 καθ’
2845 5724 2966 5775 ὅσον
3009 5722 3075 5776 ἂν
3121 5723 3346 5776 ἐθέλωσι
3390 5669 3514 5784 θεοὶ,
3553 5715 3726 5792 γέῖεσιῗ

2193 5783 2377 5862 gap,“-
2423 5793 2568 5860 λέγει
2619 5783 2754 5863 πρὸς
2799 5794 2994 5856 αὐτοὺς
3033 5795 3060 5846 ὁ
3105 5793 3224 5845 τόδε
3275 5794 3334 5846 τὸ
3369 5795 3469 5846 πᾶν
3504 5783 3728 5863 γεννήσας

2190 5859 2310 5916 τάδε
2337 5883 2346 5893 -
2385 5859 2506 5916 eget
2535 5859 2692 5928 035,},
2727 5874 2830 5920 etc.
2861 5883 2877 5915 ι
2919 5863 3140 5929 Quando
3179 5865 3344 5933 igitur
3372 5877 3546 5918 unum
3577 5862 3624 5911 ει
3647 5859 3718 5922 θυι
