3852 6418
233 399 347 459 1117

1351 391 1631 447 CONTRA
1671 392 1946 447 CELSUM
1985 393 2112 447 LIB.
2156 391 2243 444 ιν.

3302 389 3437 445 HIS

227 523 316 592 ἄρα
349 538 365 569 ι
411 519 463 570 Ὁ
497 516 589 587 μὲν
614 515 744 578 Θεὸς
772 514 920 568 οὐδὲν
955 512 1144 580 θνητὸν
1179 513 1452 583 ἐποίησεν,
1489 514 1623 566 ἀλλὰ
1661 514 1738 583 μά

1862 513 2166 569 habentur:
2198 532 2215 564 ι
2255 513 2418 566 Deum
2447 511 2578 565 nihil
2609 513 2839 566 mortale
2873 513 3091 580 fecisse,
3121 514 3236 583 ejus
3265 529 3431 583 opera

226 631 279 667 να
297 612 356 664 τὰ
389 610 638 670 ἀθάνατα,
679 606 748 659 τὰ
777 605 834 658 δὲ
865 603 1033 673 θνητὰ
1066 602 1237 656 ἄλλων
1264 604 1409 656 ἐστὶν
1463 604 1599 674 ἔργα
1647 604 1721 670 (‘2)
1744 620 1755 632 ·

225 703 301 758 καὶ
322 701 454 771 ψυχὴ
490 701 584 769 μὲν
616 697 750 752 θεοῦ
785 698 962 768 ἔργον,
997 695 1245 765 σώματος
1289 694 1345 747 δὲ
1396 694 1527 764 ἄλλη
1562 696 1754 762 φύσιςο

223 796 298 849 καὶ
325 793 462 847 οὐδὲν
491 792 674 844 διοίσει
721 788 876 860 σῶμα
922 787 1203 858 ἀνθρώπου
1238 785 1486 857 σώματος
1515 788 1761 856 νυκτερί-

219 886 361 956 δος,ἣ
392 885 563 954 εύλῆς,
598 884 631 953 ἦ
669 883 972 953 βατράχουο
1012 880 1109 951 ὕλη
1145 880 1252 951 γὰρ
1298 883 1330 950 ἡ
1380 880 1538 948 αὑτὴ,
1568 881 1662 932 καὶ
1700 880 1760 931 τὸ

220 975 420 1047 φθαρτὸν
446 973 618 1027 αὐτῶν
651 973 830 1042 ὅμοιον
851 989 865 1000 θ
922 991 939 1022 ›
972 970 1123 1042 φέρε,
1153 970 1244 1021 καὶ
1283 969 1408 1035 περὶ
1442 968 1644 1020 τούτων
1672 968 1757 1020 ἐπ’

217 1068 366 1135 ὀλίγον
390 1062 1066 1133 διαλάϐωμεν,ὲλέγχοντες
1084 1061 1173 1113 τὸν
1195 1062 1311 1130 ἤτοι
1339 1061 1412 1130 μὴ
1441 1061 1759 1130 προσποιού-

221 1177 352 1230 μενον
382 1158 471 1228 τὴν
495 1155 688 1209 ἑαυτοῦ
728 1154 1096 1224 Ἐπικούρειον
1121 1151 1364 1222 γνώμην,
1393 1153 1425 1223 ἢ
1455 1153 1550 1222 (ὡς
1579 1153 1644 1205 ἂν
1682 1154 1757 1206 εῖ-

219 1269 292 1302 ποι
316 1249 372 1302 ἄν
396 1249 494 1313 τις)
517 1247 739 1316 ὕστερον
775 1245 1137 1316 μεταθέμενον
1168 1245 1258 1296 ἐπὶ
1273 1243 1340 1296 τὰ
1370 1244 1580 1314 βελτίω,
1605 1243 1637 1314 ἢ
1664 1245 1755 1298 καὶ

219 1339 295 1400 (ὼς
316 1336 373 1389 ἂν
396 1335 569 1404 ἕτερος
606 1335 751 1402 λέγοι
782 1337 798 1402 )
829 1334 919 1387 τὸν
959 1333 1236 1403 ὁμώνυμον
1263 1333 1340 1403 τῷ
1381 1333 1749 1404 Ἐπικουρείῳ.

217 1427 418 1482 Τοιαῦτα
445 1427 548 1498 γὰρ
581 1428 744 1498 ἐχρῆν
774 1427 933 1479 αὐτὸν
965 1426 1415 1494 ἀποφαινόμενον,
1479 1426 1572 1478 καὶ
1599 1427 1754 1477 ἐναν-

214 1517 288 1571 τία
307 1518 464 1584 λέγειν
493 1517 552 1568 ού
599 1515 760 1586 μόνον
807 1518 937 1584 ἡμῖν
971 1514 1323 1584 προθέμενον,
1355 1513 1486 1566 ἀλλὰ
1516 1515 1608 1566 καὶ
1653 1516 1751 1566 οὐκ

213 1607 394 1673 ἀγεννεῖ
436 1603 737 1672 φιλοσόφων
790 1603 996 1673 αἱρέσει
1040 1603 1147 1654 τῶν
1199 1603 1306 1654 ἀπὸ
1350 1603 1441 1655 τοῦ
1491 1603 1752 1666 Κιττιέως

213 1698 420 1768 Ζήνωνος
464 1694 561 1766 (5),
608 1695 1033 1756 κατασκευάσαι,
1075 1694 1155 1746 ὅτι
1197 1693 1265 1746 τὰ
1306 1693 1414 1746 τῶν
1454 1693 1606 1758 ζώων
1649 1693 1752 1746 σώ-

213 1803 330 1857 ματα
356 1787 447 1839 οὐκ
477 1784 620 1838 ἐστιν
668 1785 805 1854 ἔργα
843 1783 937 1836 τοῦ
984 1784 1138 1848 Θεοῦ,
1173 1785 1267 1838 καὶ
1315 1786 1395 1838 ὅτι
1433 1789 1464 1853 ὴ
1513 1787 1745 1856 τοσαύτη

212 1879 315 1949 περὶ
339 1877 466 1931 αὐτὰ
491 1876 652 1948 τέχνη
694 1878 794 1928 ούκ
841 1876 947 1929 ἀπὸ
991 1875 1082 1928 τοῦ
1135 1876 1350 1948 πρώτου
1376 1877 1600 1947 ἐλήλυθε
1629 1877 1742 1930 νοῦ.
1781 1860 1820 1912 Β

213 1969 331 2022 Ἔδει
356 1969 396 2022 δ’
421 1969 577 2022 αὑτὸν
610 1970 702 2021 καὶ
734 1969 861 2038 περὶ
891 1968 998 2019 τῶν
1025 1967 1308 2031 τοσούτων,
1348 1970 1440 2021 καὶ
1464 1971 1552 2022 ὑπ’
1581 1971 1744 2023 ἐνυπα

209 2060 444 2131 αρχούσης
498 2060 571 2131 (4)
649 2061 989 2128 ἀξραντάστου
1079 2058 1293 2127 φύσεως
1359 2061 1740 2130 διοικουμένων

212 2151 528 2205 παντοδαπῶν
563 2151 765 2221 φυτῶν,
797 2151 888 2204 καὶ
923 2151 1055 2221 πρὸς
1097 2151 1285 2222 χρείαν
1321 2151 1615 2219 γεγονότων
1641 2152 1738 2204 ούκ

208 2243 637 2313 εὐκαταφρόνητον
685 2242 743 2293 ὲν
802 2241 878 2311 τῷ
927 2244 1087 2294 παντὶ
1130 2242 1451 2312 ἀνθρώπων,
1497 2244 1590 2295 καὶ
1635 2242 1742 2295 τῶν

206 2333 470 2402 ἀνθρώποις
519 2334 948 2404 διακονουμένων
996 2334 1167 2398 ζώων,
1209 2335 1357 2396 ὄπως
1409 2336 1539 2386 ποτὲ
1572 2335 1744 2398 ἄλλως

205 2424 358 2487 ὄντων,
393 2425 463 2496 μὴ
492 2423 874 2495 ἀποφήνασθαι
907 2424 1083 2494 μόνον,
1120 2423 1256 2477 ἀλλὰ
1287 2425 1378 2476 καὶ
1403 2425 1629 2490 διδάξαι,
1663 2427 1742 2478 ὅτι

206 2512 264 2583 μὴ
294 2514 483 2578 τέλειός
511 2533 596 2577 τις
623 2513 748 2578 νοῦς
774 2514 868 2578 τὰς
907 2515 1170 2577 τοσαύτας
1206 2516 1487 2585 ἐνεποίησε
1521 2516 1742 2587 ποιότη-

202 2619 279 2666 τες
299 2607 355 2674 τῇ
395 2604 492 2678 ὕλῃ
518 2603 630 2658 τῶν
670 2603 852 2672 φυτῶν
883 2603 978 2674 (5).
1029 2605 1090 2656 El
1136 2604 1179 2656 δ’
1208 2604 1349 2669 ἅπαξ
1381 2602 1535 2665 θεοὺς
1565 2606 1738 2658 ἐποίει

201 2691 521 2764 δημιουργοὺς
578 2694 794 2746 πάντων
854 2693 1148 2763 σωμάτων,
1203 2694 1278 2757 ὡς
1327 2694 1493 2766 μόνης
1552 2696 1731 2766 ψυχῆς

201 2784 331 2854 ἔργον
371 2786 533 2858 οὔσης
566 2785 702 2839 Θεοῦ
723 2804 735 2816 ·
786 2786 900 2850 πῶς
946 2788 1064 2856 οὐχὶ
1095 2787 1220 2857 ἑξῆς
1247 2784 1315 2859 ἦν
1349 2788 1425 2859 τῷ
1463 2789 1736 2860 μερίζοντι

199 2877 252 2928 τὰ
299 2877 518 2931 τοσαῦτα
566 2878 1052 2949 δημιουργήματα,
1108 2879 1201 2932 καὶ
1253 2879 1464 2944 πολλοῖς
1522 2881 1736 2946 διδόντι,

202 2971 313 3038 μετά
332 2989 468 3034 τινος
499 2971 906 3025 κατασκευάσαι
937 2971 1033 3025 οὐκ
1079 2973 1550 3043 εὐκαταφρονήτου
1579 2973 1736 3040 λόγου

199 3060 308 3115 θεῶν
331 3062 603 3133 διαφορὰς,
636 3062 802 3116 τῶνδε
833 3064 930 3133 μὲν
969 3061 1279 3132 ἀνθρώπεια
1306 3063 1739 3128 κατασκευαζόν-

1863 616 2126 674 quotquot
2159 614 2284 658 sunt
2318 619 2436 659 esse
2483 603 2830 672 immortalia,
2869 607 2936 660 ab
2972 606 3057 661 his
3083 616 3260 659 autem
3293 607 3434 662 facta

1861 710 1984 750 esse
2033 711 2154 765 quze
2209 695 2465 750 mortalia
2511 705 2667 761 sunt;
2705 697 2938 749 animam
2973 711 3108 765 Opus
3149 711 3268 751 esse
3310 699 3428 764 Dei,

1861 789 2110 854 corporis
2159 801 2289 841 vero
2337 786 2498 839 aliam
2534 801 2652 840 esse
2683 796 2955 850 naturam,
3003 796 3059 842 et
3097 803 3291 856 corpus
3335 787 3428 842 bo-

1863 877 2024 931 minis
2070 877 2201 930 nihil
2234 894 2263 930 a
2299 877 2724 944 vespertilionis,
2758 886 2851 930 ant
2896 879 3112 941 vermis,
3145 888 3238 930 aut
3282 892 3428 932 rana:

1858 985 2089 1038 corpore
2123 972 2454 1038 discrepare,
2487 972 2683 1040 quippe
2716 971 2997 1039 utriusque
3027 971 3270 1023 eamdem
3303 984 3428 1024 esse

1856 1062 2178 1128 materiam,
2229 1063 2371 1115 idem
2419 1064 2471 1116 in
2531 1073 2763 1132 utroque
2812 1062 3177 1130 corruptionis
3222 1060 3426 1128 princi-

1856 1154 2000 1222 pium
2025 1193 2039 1217 ,
2082 1173 2100 1205 ι
2140 1168 2238 1222 age
2276 1162 2328 1207 et
2353 1154 2418 1208 de
2447 1155 2533 1208 his
2566 1155 2836 1224 paulisper.
2859 1153 3212 1216 disseramus,
3242 1162 3422 1204 osten-

1855 1244 2044 1296 dentes
2092 1257 2214 1295 eum
2245 1241 2325 1294 vel
2363 1242 2574 1312 Epicuri
2621 1243 2879 1296 asseclam
2913 1255 3032 1296 esse
3063 1256 3121 1296 se
3166 1242 3416 1294 dissimu-

1856 1333 2002 1397 lare;
2051 1343 2166 1393 aut,
2215 1335 2358 1401 quod
2424 1333 2622 1402 aliquis
2661 1335 2874 1398 dixerit,
2927 1334 3138 1387 saniora
3171 1333 3416 1400 dogmata

1853 1424 2163 1494 amplexum
2220 1439 2379 1489 esse,
2429 1435 2519 1477 aut
2572 1425 2752 1490 illum,
2814 1427 2953 1492 quod
3011 1425 3148 1479 alius
3195 1424 3415 1490 dixerit,

1854 1517 2018 1580 idem,
2056 1525 2219 1584 atque
2251 1515 2388 1569 alter
2409 1514 2598 1569 Celsus
2629 1516 2944 1584 Epicureus,
2976 1531 3167 1569 nomen
3198 1515 3412 1570 habere.

1852 1609 1984 1663 Cum
2018 1609 2162 1662 enim
2196 1609 2310 1662 haec
2340 1607 2611 1676 proferre,
2645 1617 2700 1662 et
2738 1623 2842 1661 non
2891 1607 3065 1662 solum
3114 1609 3289 1670 nobis,
3321 1609 3415 1660 sed

1851 1701 2014 1754 etiam
2045 1699 2330 1754 Cittiensis
2379 1699 2614 1753 Zenonis
2645 1709 2806 1754 sectae
2856 1714 2960 1753 non
3012 1701 3226 1754 obscuri
3275 1702 3419 1755 inter

1853 1791 2205 1860 philosophos
2231 1791 2464 1844 nominis
2495 1790 2874 1846 contradicere
2903 1792 3004 1845 sibi
3029 1792 3413 1860 proposuisset,

1849 1883 2133 1951 oportebat
2177 1892 2236 1938 ut
2280 1886 2616 1950 argumentis
2654 1887 2907 1954 probaret
2959 1885 3120 1956 546
3166 1885 3416 1938 animan-

1851 1973 1981 2024 tium
2015 1988 2245 2042 corpora
2276 1973 2367 2026 Dei
2404 1991 2510 2053 non
2545 1990 2663 2032 esse
2693 1990 2876 2043 opera,
2912 1994 3008 2031 nec
3041 1987 3146 2030 tam
3189 1979 3415 2046 praecla-

1849 2081 1966 2118 rum
2016 2067 2066 2118 in
2118 2066 2222 2122 illis
2275 2070 2570 2124 condendis
2620 2069 2911 2124 artificium
2958 2069 3124 2125 fuisse
3169 2085 3196 2122 a
3243 2071 3412 2137 prima

1849 2156 2202 2224 intelligentia
2235 2160 2554 2228 profectum.
2589 2164 2662 2216 De
2694 2163 2801 2217 illis
2842 2162 3004 2216 etiam
3040 2171 3121 2216 tot
3152 2171 3204 2216 et
3237 2163 3416 2216 omnis

1842 2250 2058 2318 generis
2113 2251 2373 2318 stirpibus
2411 2269 2529 2322 qua:
2577 2255 2647 2308 ab
2703 2255 3240 2322 incomprehensibili
3293 2274 3414 2325 qua:

1843 2341 1974 2411 ipsis
2006 2341 2144 2396 inest
2174 2352 2362 2396 natura
2394 2345 2789 2412 gubernantur,
2819 2357 2873 2402 et
2902 2348 2968 2400 ad
2997 2349 3275 2401 hominum
3309 2363 3412 2402 non

1841 2430 2107 2485 modicam
2144 2433 2432 2487 utilitatem
2463 2446 2662 2490 creata:
2692 2448 2838 2503 sunt,
2870 2448 2924 2491 et
2947 2440 3012 2492 de
3046 2437 3410 2492 animantibus

1839 2537 1958 2591 qua:
1993 2522 2303 2578 hominibus
2336 2525 2666 2592 ministrant,
2694 2544 3018 2597 quacunque
3053 2529 3265 2583 tandem
3307 2530 3408 2582 alia

1843 2614 2051 2670 ratione
2095 2616 2254 2669 edita
2283 2615 2504 2682 fuerint,
2538 2635 2641 2674 non
2697 2620 2873 2675 solum
2916 2621 3266 2689 pronuntiare
3313 2622 3408 2676 de-

1839 2704 1975 2768 buit,
2019 2705 2113 2760 scd
2152 2718 2409 2774 praaterea
2445 2711 2643 2766 docere
2690 2728 2795 2767 non
2849 2713 3048 2768 inditas
3089 2728 3118 2766 a
3169 2714 3408 2782 perfecta

1839 2795 2072 2863 quadam
2105 2797 2464 2866 intelligentia
2494 2800 2661 2855 fuisse
2692 2801 2932 2855 materiae
2965 2810 3044 2856 tot
3074 2803 3252 2858 varias
3277 2818 3411 2871 qna-

1839 2884 2044 2941 litates.
2080 2887 2212 2941 Item
2261 2899 2544 2960 postquam
2578 2905 2804 2963 corpora
2852 2894 3031 2946 omnia
3083 2908 3112 2947 a
3140 2894 3242 2947 diis
3273 2893 3411 2962 infe-

1841 2976 2068 3028 rioribus
2114 2976 2370 3033 fabricari
2419 2980 2694 3050 Deumque
2734 2980 2902 3036 solius
2933 2982 3125 3036 animae
3158 2981 3407 3050 cpiﬁcem

1840 3081 1960 3121 esse
1995 3064 2158 3131 fecit;
2191 3084 2370 3122 annon
2413 3079 2838 3126 consentaneum
2872 3071 2991 3133 fuit,
3041 3081 3098 3126 ut
3133 3073 3222 3141 qui
3271 3073 3411 3126 inter

197 3169 280 3206 των
311 3153 544 3225 σώματα,
588 3154 793 3225 ἐτέρων
839 3154 894 3207 δὲ
941 3154 1080 3225 (φέρ’
1110 3156 1330 3225 εἰπεῖν,)
1373 3156 1594 3226 κτήνεια
1637 3155 1733 3227 (6),

1851 3157 2040 3210 multos
2091 3165 2234 3211 tanta
2283 3173 2446 3228 opera
2495 3160 2722 3230 partitus
2764 3170 2905 3226 erat,
2939 3161 2984 3216 is
3022 3161 3150 3217 illud
3185 3163 3408 3217 deorum

196 3347 444 3392 moventur
500 3337 788 3408 palamque
833 3339 1214 3402 ostenduntur,
1255 3348 1306 3394 et
1357 3340 1446 3406 qui
1505 3351 1728 3394 eatenus

193 3409 320 3462 nobis
363 3408 740 3468 declarantur,
803 3417 1070 3476 quatenus
1119 3409 1219 3476 ipsi
1282 3409 1502 3473 volunt,
1558 3412 1726 3464 creati

193 3487 310 3541 sunt,
340 3488 442 3530 tum
461 3477 527 3531 ad
555 3477 678 3531 illos
710 3476 914 3532 Densis
942 3480 1030 3546 qui
1062 3480 1249 3533 omnia
1284 3481 1492 3546 genuit,
1527 3479 1676 3532 fatur
1710 3497 1723 3534 :

193 3546 283 3601 hzec
301 3563 407 3609 vos,
434 3549 523 3615 qui
553 3549 780 3616 deorum
811 3556 928 3600 satu
963 3550 1063 3601 orti
1096 3549 1258 3610 estis,
1287 3557 1395 3603 etc.
1437 3569 1453 3599 ι
1483 3550 1546 3602 Et
1571 3550 1728 3616 paulo

193 3627 332 3688 post:
375 3612 484 3671 Νῦν
527 3612 638 3688 οῦν.
666 3616 694 3668 ὂ
744 3616 1067 3688 λέγωξπρὸς
1121 3619 1265 3688 ὑμᾶς
1301 3612 1726 3688 ἐνδεικνύμενος,

193 3687 378 3758 μάθετε.
408 3686 695 3758 Θνητὰγὲτι
728 3686 857 3758 γένη
910 3686 1069 3758 λοιπὰ
1100 3686 1226 3758 τρία
1262 3686 1731 3758 γενητά.·Τούτων

193 3706 378 3754 μαυετε.
408 3706 588 3758 σνητα
616 3706 695 3740 ετι
728 3706 857 3756 γενη
912 3706 1069 3740 Αοιπα
1100 3706 1130 3740 τ
1175 3706 1226 3740 ια
1262 3706 1547 3757 γενητα.··ι
1561 3707 1731 3742 ουτων

189 3751 263 3830 οὖν
293 3758 357 3828 μὴ
396 3757 735 3830 ,γενομέγωᾉ
779 3756 1000 3830 ούρανὸς
1043 3706 1237 3830 ἀτελὴς
1290 3757 1467 3830 ἔσται’
1522 3760 1589 3812 τὰ
1628 3759 1734 3830 γὰρ

191 3823 370 3898 ξιτ-,αντα
390 3823 444 3880 ὲν
478 3823 785 3898 αύτῷ-γένῃ
817 3823 968 3889 ζώων
996 3829 1091 3898 οὐχ
1125 3823 1235 3893 ἕξει
1259 3845 1271 3856 ⁸
1307 3827 1387 3898 δεῖ
1414 3828 1491 3892 δὲ,
1523 3831 1570 3881 εἰ
1603 3823 1734 3898 μέλὶ

188 3895 252 3948 λει
274 3898 460 3961 τέλειος
492 3892 870 3967 ἱκανῶςεῖναι.
896 3898 969 3967 Δι’
994 3892 1125 3967 ἐμοῦ
1167 3892 1223 3950 δὲ
1252 3895 1421 3950 ταῦτα
1445 3892 1731 3967 γενόμενα,

189 3968 263 4055 καὶ
309 3967 414 4052 ρίου
462 3966 874 4055 μεταρχόνταη
894 3965 1036 4055 θερῖςί
1090 3967 1312 4052 ἰσάὲοιτ⁹
1505 3965 1600 4055 ”1;.ἑ’
1643 3965 1734 4022 οὖν

190 4033 330 4112 θνητᾶ
373 4057 429 4112 τε
457 4033 514 4112 ᾗ,
552 4037 630 4112 ’τό
651 4033 762 4112 ζῆτε,
799 4037 924 4112 πᾶν.
957 4036 1120 4112 ὄντως
1167 4039 1321 4112 Δᾅίπαν
1361 4033 1420 4112 ᾖ,
1469 4038 1734 4112 τρέπεσθε

189 4096 303 4161 κατὰ
348 4096 510 4178 φύσίν
543 4108 705 4177 ὑμεῖς
735 4105 972 4178 *ἐπὶὲτὴν
1013 4096 1120 4159 τῶν
1161 4106 1312 4178 ζώων
1355 4096 1732 4177 δημιουργίαν,

191 4174 479 4248 μιμούμενοι
513 4174 614 4248 τὴν
653 4174 1054 4248 ἐμὴν-δύναμιν
1096 4177 1226 4248 περὶ
1259 4177 1355 4248 τὴν
1388 4174 1541 4248 ὑμῶν
1582 4174 1734 4246 γένε-

188 4263 271 4300 σιν.
309 4245 496 4315 {Quid
527 4245 761 4302 sentiam
813 4245 995 4314 igitur.
1039 4245 1368 4314 cognoscite.
1423 4245 1549 4300 Tria
1581 4245 1732 4302 nobis

187 4331 352 4384 genera
388 4320 592 4385 reliqua
631 4323 781 4378 sunt,
809 4329 978 4385 eaque
1015 4318 1196 4384 genita
1236 4326 1401 4384 atque
1437 4317 1725 4371 mortalia:

186 4383 352 4458 quibus
385 4383 792 4458 praetermissis,
838 4383 965 4438 caali
1015 4383 1286 4458 absolutio
1314 4383 1574 4458 perfecta
1623 4403 1727 4441 non

186 4457 287 4508 erit.
313 4455 498 4512 omnia
531 4458 678 4511 enim
727 4469 924 4522 genera
962 4455 1272 4508 animalium
1304 4457 1582 4522 complexu
1622 4473 1725 4510 non

187 4529 382 4582 tenebit.
426 4529 636 4581 Teneat
661 4535 840 4576 autem
875 4531 1106 4591 oportet,
1150 4527 1192 4578 si
1224 4535 1309 4578 est
1349 4527 1581 4581 mundus
1610 4541 1699 4579 om

187 4595 293 4666 nino
336 4599 605 4666 perfectus
651 4595 892 4646 futurus.
937 4594 1074 4666 μειερ
1105 4609 1249 4666 ιρι-ο
1289 4595 1332 4647 si
1380 4609 1408 4646 a
1465 4611 1550 4666 [ne
1603 4596 1733 4648 tiant

184 4665 299 4729 solo,
334 4664 547 4736 vitaque
586 4668 882 4724 donentur,
917 4664 1022 4736 diis
1050 4664 1426 4732 adaequentur.
1467 4665 1536 4718 Ut
1570 4667 1736 4732 igitur

184 4737 370 4790 mortali
420 4733 756 4805 generentur
796 4733 1160 4805 conditione.)
1181 4744 1234 4787 et
1276 4735 1582 4788 universum
1637 4739 1736 4789 hoc

183 4807 404 4861 omnibus
423 4802 561 4861 vsuis
591 4802 840 4872 partibus
870 4803 942 4872 sit
984 4802 1319 4870 absolutum,
1350 4804 1574 4870 agedum
1606 4820 1736 4859 con-

185 4875 349 4930 vertite
386 4893 480 4932 vos
535 4871 606 4929 ei
651 4881 860 4926 natum
908 4871 1118 4942 legibus
1158 4874 1224 4926 ad
1257 4874 1574 4926 animalium
1613 4888 1737 4942 pro-

183 4947 508 5009 creationem,
552 4953 610 4998 et
657 4943 765 4995 vim
817 4955 1022 5005 meam,
1075 4958 1238 5010 quam
1286 4944 1336 4996 in
1394 4955 1575 4995 vestro
1614 4955 1735 4996 ortu

183 5015 402 5083 adhibui,
454 5010 797 5083 i‘ntitaminia
828 5030 846 5062 ι
913 5010 978 5064 Et.
1032 5027 1156 5083 pag.
1205 5013 1316 5083 69:
1354 5013 1463 5083 καὶ
1498 5014 1606 5067 τῶν
1640 5013 1737 5083 μὲν

183 5082 317 5137 θείων
341 5086 497 5148 αὐτὸς
537 5082 1128 5153 γίνεταιᾼδημιουργὸς,
1155 5082 1264 5134 τῶν
1303 5083 1358 5134 δὲ
1395 5082 1604 5152 θνητῶν
1640 5082 1738 5153 τὴν

182 5153 362 5224 γένεσιν
411 5159 523 5217 τοῖς
553 5150 558 5151 ⁷
586 5150 780 5224 ἑαυτοῦ
819 5150 1116 5222 γεννήμασι
1139 5221 1148 5224 _
1171 5150 1519 5224 δημιουργεῖν
1541 5223 1547 5224 7
1571 5150 1738 5224 προσ-

182 5222 373 5294 ἐταξενσ
412 5227 461 5277 οἱ
498 5224 555 5277 δὲ
600 5221 947 5294 μιμούμενοι,
970 5221 1387 5294 παραλαϐόντες
1426 5221 1739 5294 ἀρχὴγψυε-

183 5293 266 5361 χῆς
302 5291 611 5355 ἀθάνατον,
637 5291 717 5362 eo
752 5291 886 5362 μετὰ
924 5291 1081 5343 τοῦτο
1133 5292 1324 5361 θνητὸν
1376 5291 1740 5362 σῶμαάύτοὶ

184 5367 634 5443 ¹Ξεριετόρνευσαν,
695 5361 879 5443 ύχημᾲ
913 5379 986 5442 τε,
1023 5362 1167 5414 ἅπαν
1218 5362 1278 5414 τὸ
1314 5361 1469 5443 σῶμα
1513 5363 1733 5443 ἔδοσαν·

180 5431 287 5487 ἄλλο
309 5453 364 5488 τε
383 5431 534 5496 ἐἶδος
566 5435 626 5484 ὲν
657 5431 806 5501 αύτῷ
847 5432 1028 5501 ψυχῆς
1056 5431 1568 5503 προσῳκοδομοῦντο
1609 5433 1738 5503 θνη-

180 5503 272 5574 τὸν,
313 5507 456 5559 δεινὰ
510 5504 618 5574 καὶί
643 5503 916 5574 ἀναγκαῖα
968 5503 1025 5554 ὲν
1062 5502 1210 5571 αὐτῷ
1254 5502 1557 5574 παθῄματα
1596 5502 1735 5572 ἔχον.

181 5571 373 5642 Πρῶτον
426 5575 525 5644 μὲν
562 5572 778 5642 ἡδονὴν,
827 5573 1080 5641 μέγιστον
1119 5572 1317 5644 κακῶν
1368 5571 1578 5644 δέλεαρ,
1625 5571 1734 5627 etc.

184 5660 199 5691 ι
227 5641 534 5700 Divinarum
588 5641 723 5695 vero
763 5659 877 5710 tpse
915 5653 1000 5696 est
1043 5641 1246 5710 opifex,
1288 5641 1600 5696 mortalium
1654 5658 1740 5696 re-

181 5728 280 5765 rum
328 5712 904 5784 generationemidiis
962 5728 990 5764 a
1045 5725 1103 5765 se
1157 5714 1351 5779 genitis
1396 5713 1736 5784 elliciendam

180 5781 519 5837 demandavit.
570 5781 651 5834 Illi
707 5783 872 5850 igitur
918 5797 1075 5835 suum
1107 5793 1387 5850 parentem
1441 5783 1736 5846 imitantes,

182 5865 383 5922 accepto
416 5851 716 5910 immortali
750 5852 942 5906 anima:
988 5852 1279 5922 principio,
1329 5852 1587 5921 deinceps
1616 5867 1739 5906 cor-

1838 3357 1935 3411 pus
1969 3342 2196 3408 mortale
2220 3341 2320 3410 ipsi
2351 3343 2870 3409 circnmtornarnnt,
2903 3350 2956 3395 et
2991 3355 3188 3410 corpus
3216 3341 3408 3397 animae

1838 3411 2003 3464 veluti
2031 3413 2336 3466 vehiculum
2364 3412 2648 3473 dederunt,
2675 3421 2833 3478 atque
2860 3415 2912 3465 in
2936 3426 2999 3463 eo
3025 3413 3183 3465 aliam
3216 3413 3412 3465 anima:

1837 3482 2097 3548 Speciem,
2130 3482 2385 3535 nimirum
2412 3481 2692 3535 mortalem
2730 3482 2953 3549 insuper
2982 3482 3408 3542 fabricaverunt,

1837 3567 1956 3616 quae
2012 3566 2206 3617 graves
2267 3560 2319 3602 et
2390 3551 2731 3605 necessarias
2776 3551 3094 3604 all'ectiones
3140 3551 3191 3603 in
3229 3552 3408 3616 seipsa

1844 3620 2100 3690 haberet,
2149 3621 2380 3689 primum
2433 3621 2649 3690 quidem
2703 3621 3066 3689 voluptatem,
3115 3621 3408 3673 maximam

1843 3688 2105 3742 malorum
2132 3688 2332 3751 escam,
2367 3688 2473 3744 etc'.
2514 3711 2531 3741 ι
2568 3693 2826 3744 Semcen.

1911 3759 1987 3825 (2)
2022 3761 2263 3839 :Allwr
2286 3759 2456 3812 ἐστὶν
2491 3760 2651 3828 ἔργα.
2697 3759 3201 3839 ξρνιθηιεεθιιάιιςη,
3234 3757 3407 3839 αὐτῶν

1843 3830 1989 3900 ἐστιν
2019 3828 2176 3900 ἔργα,
2220 3839 2293 3900 uti
2317 3845 2478 3900 supra
2509 3827 2656 3900 unm.
2693 3827 2761 3882 52
2795 3845 2808 3882 :
2844 3827 2978 3882 Θεοῦ
3003 3829 3100 3900 μὲν
3131 3829 3285 3899 ἔργα,
3310 3829 3410 3881 ὅσα

1841 3897 2083 3950 ἀθάνατα
2104 3916 2115 3928 ·
2145 3898 2312 3967 θνητὰ
2337 3899 2381 3952 δ’
2419 3899 2657 3951 ἐκείνων.

1913 3969 1986 4037 (5)
2023 3968 2319 4033 Ζήνωνος.
2356 3969 2518 4032 Tull.,
2555 3969 2643 4022 lib.
2677 3984 2689 4021 l
2725 3969 2801 4022 De
2832 3969 3046 4037 o/ﬁciis:
3083 3987 3100 4017 ι
3133 3967 3246 4037 Sed
3277 3983 3410 4036 quo.

1844 4035 1988 4090 niam
2021 4041 2100 4106 (ut
2131 4041 2394 4105 prter-lare
2441 4040 2700 4107 scriptum
2737 4047 2820 4092 est
2847 4035 2884 4090 εἰ
2905 4035 3148 4107 Platone)
3176 4053 3280 4090 non
3312 4053 3409 4093 no-

1842 4108 1925 4160 bis
1949 4108 2119 4162 solnm
2151 4108 2263 4161 nati
2296 4123 2507 4173 sumus,
2552 4118 2812 4176 ortusque
2859 4109 3027 4161 nostri
3061 4116 3266 4175 partem
3315 4122 3409 4174 pa-

1844 4177 1944 4229 tria
1995 4176 2264 4242 vindicat,
2323 4186 2531 4245 partem
2584 4188 2870 4245 parentes,
2931 4187 3138 4243 partem
3200 4176 3406 4232 amici:

1841 4255 2029 4312 atque,
2062 4258 2120 4298 ut
2149 4246 2690 4314 placetStoicis,qu:e
2718 4247 2768 4298 in
2806 4246 2963 4299 terris
2996 4247 3309 4314 gignuntur,
3340 4248 3408 4300 ad

1839 4331 1993 4367 nsum
2031 4316 2308 4368 hominum
2358 4317 2538 4369 omnia
2585 4316 2781 4378 creari,
2809 4315 3055 4369 homines
3101 4322 3278 4366 autem
3313 4315 3409 4367 ho-

1837 4386 2042 4437 miumn
2069 4399 2228 4439 causa
2254 4401 2374 4439 esse
2421 4395 2708 4453 generatos
2732 4425 2747 4449 ,
2781 4395 2838 4438 ut
2885 4385 2984 4452 ipsi
3029 4384 3173 4437 inter
3201 4397 3260 4436 sc
3288 4385 3408 4439 aliis

1836 4454 1925 4508 alii
1979 4455 2233 4523 prodesse
2281 4455 2526 4523 possint,
2600 4455 2651 4507 in
2699 4455 2800 4508 hoc
2842 4463 3086 4523 naturam
3151 4453 3409 4508 debemus

1838 4522 2028 4577 ducem
2061 4525 2235 4591 sequi.
2273 4522 2291 4575 ἰ
2323 4525 2458 4590 Vide
2482 4525 2750 4579 eumdem.
2782 4523 2851 4577 lib
2888 4539 2921 4577 ll
2955 4522 3029 4577 Ile
3060 4534 3250 4576 natura
3285 4525 3408 4576 deo-

1840 4610 1988 4658 rum;
2049 4593 2334 4658 Senecam,
2368 4594 2459 4647 lib.
2499 4609 2558 4657 ιι,
2589 4607 2707 4658 cap.
2751 4593 2839 4657 25,
2895 4593 2967 4646 De
3021 4593 3304 4660 beneﬁciis,
3354 4604 3410 4648 et

1842 4662 2198 4725 Lactantium,
2232 4678 2350 4732 cap.
2386 4664 2445 4716 l5
2478 4663 2553 4716 De
2587 4665 2668 4715 ira
2703 4661 2816 4716 Dei.
2851 4662 3112 4717 Sumam.

1909 4733 1984 4803 (4)
2048 4733 2175 4786 Ὑπ’
2216 4730 2696 4800 ἑνὺπαρχούσης.
2743 4733 2833 4786 Sic
2886 4733 3050 4803 habet
3101 4732 3268 4786 codex
3314 4730 3409 4803 Jo-

1840 4802 2016 4856 lianus
2045 4804 2275 4857 secunda
2310 4819 2490 4866 manu,
2528 4816 2725 4858 rectius
2755 4817 2917 4872 quam
2951 4802 3076 4857 libb.
3109 4802 3408 4868 editi.,t'mb

1839 4871 1894 4924 ἓν
1927 4872 2298 4944 ὑπαρχούσης.

1911 4942 1986 5014 (5)
2033 4941 2156 4997 Τῶν
2183 4941 2404 5012 φυτῶν.
2442 4941 2565 4996 llaec
2591 4941 2841 4996 videntur
2868 4957 2899 4997 e
2924 4949 3068 4997 textu
3118 4941 3407 5011 ejicienda,

1841 5013 2016 5081 neque
2044 5015 2132 5066 hic
2159 5014 2335 5068 locum
2364 5013 2565 5066 habere
2594 5027 2772 5080 posse.

1913 5084 1990 5152 (6)
2033 5081 2188 5136 Libb.
2249 5083 2376 5154 editi
2430 5093 2563 5154 post,
2610 5098 2827 5154 voceuL
2864 5084 3086 5154 κτήνεια
3146 5083 3404 5154 continua

1841 5149 1981 5207 serie
2007 5155 2210 5219 legunt,
2237 5153 2331 5204 καὶ
2359 5149 2498 5204 κατὰ
2536 5152 2734 5222 ἄτομον
2763 5149 2899 5215 εἶδος
2933 5149 3114 5206 αὐτῶν
3148 5169 3298 5216 τινας
3338 5149 3412 5204 εἷ-

1843 5241 1928 5277 ναι
1953 5223 2340 5293 δημιουργοὺς,
2369 5223 2463 5274 καὶ
2496 5221 2668 5276 ἄλλων
2691 5221 2903 5292 θήρεια.
2939 5222 3048 5293 Sed
3072 5240 3127 5277 re
3160 5231 3412 5277 accurate

1841 5292 2146 5360 perpensa,
2205 5293 2477 5360 sagaciter
2533 5295 2890 5360 deprehendit
2932 5292 3245 5348 Boherellus
3295 5293 3409 5346 bzec

1843 5358 2005 5434 verba
2051 5362 2145 5414 καὶ
2187 5358 2324 5434 κατα
2366 5362 2565 5433 ἄτομον
2596 5358 2942 5434 εἶδος-αὐτῶν
2977 5381 3124 5426 τινας
3155 5363 3412 5434 δημιουρ-

1841 5432 1989 5500 γούς,
2027 5447 2131 5485 non
2170 5448 2268 5484 suo
2315 5433 2431 5486 loco
2462 5432 2585 5501 legi,
2629 5432 2870 5500 nihilque
2911 5434 3058 5485 aliud
3089 5432 3409 5501 essequam

1844 5503 2050 5555 variam
2083 5501 2366 5556 lectionem
2397 5500 2736 5571 sequentium
2784 5503 2878 5554 καὶ
2908 5502 3099 5565 ἄλλους
3127 5505 3247 5556 κατ’
3274 5500 3413 5565 εἶδος

1843 5573 2070 5624 ἑκάστου
2129 5571 2317 5640 φυτοῦ,
2364 5573 2458 5624 καὶ
2505 5571 2739 5641 ἑκάστης
2787 5573 3032 5643 βοτάνης.
3094 5573 3249 5626 Prior
3291 5589 3410 5643 cum

1842 5644 2158 5713 exeidisset,
2191 5651 2409 5710 propter
2446 5643 2816 5710 repetitionem
2855 5641 3000 5696 vocis
3029 5641 3409 5713 δημιουργούς,

1844 5713 2014 5765 altera
2059 5711 2177 5779 ejus
2209 5713 2384 5765 locum
2430 5714 2735 5783 occupavit,
2762 5723 2816 5765 et
2849 5721 3030 5783 postea
3082 5711 3312 5781 utraque
3348 5714 3411 5774 iu

1846 5793 2048 5835 textum
2099 5793 2311 5851 recepta
2353 5794 2456 5844 est,
2492 5785 2583 5835 sed
2633 5782 3094 5836 turbatoordine.
3141 5783 3410 5834 Alterntra

1850 5853 2013 5922 igitur
2049 5855 2282 5922 expungi
2310 5853 2512 5907 debuit.
2553 5851 2733 5921 Itaque
2765 5853 3001 5920 priorem
3031 5853 3405 5922 cxpnuximtts.
