3852 6418
455 297 600 353 Ill?)

1881 303 2202 360 ORIGENlS

3562 310 3677 367 “20

465 418 758 474 discrimen
792 419 978 473 solidis
1023 420 1296 474 rationum
1331 421 1618 477 momentis
1652 431 1944 488 astrueret,
1982 433 2035 478 et

2154 424 2234 477 rati.
2267 423 2441 478 ἄλλων
2475 421 2703 494 θήρεια;
2757 423 2954 495 Ἐχρῆν
2996 424 3040 478 δ’
3087 423 3270 488 αὐτὸν,
3312 423 3516 496 ὁρῶντα
3549 429 3680 495 θεοὺς

461 527 560 564 cur
589 527 778 566 eorum
811 511 922 576 alii,
957 515 1108 568 verbi
1139 515 1338 583 gratia,
1363 515 1664 580 hominum,
1697 515 1790 568 alii
1819 516 2033 585 jumen-

463 612 663 668 torum,
696 603 783 658 alii
830 589 1064 658 ferarum
1092 620 1318 674 corpora
1347 606 1712 660 construant?
1763 605 2032 663 Praeterea

462 709 585 749 cum
621 696 828 750 videret
856 696 1004 760 deos,
1045 697 1145 751 hos
1184 697 1236 750 in
1266 696 1618 762 draconibus,
1655 697 1774 751 illos
1801 697 1856 750 in
1885 698 2030 767 aspl-

463 786 640 854 dihus,
669 786 933 854 quosdam
967 787 1018 842 in
1061 786 1352 853 basiliscis,
1392 787 1529 842 alios
1555 787 1607 842 in
1649 788 1877 856 singulis
1908 789 2037 843 stir-

463 879 620 946 pibus
669 879 962 947 herbisque
993 880 1287 935 condendis
1328 891 1648 948 occupatos,
1680 880 2034 948 explanatum

463 970 703 1037 Oportuit
743 985 843 1024 cur
869 985 1024 1024 suum
1061 971 1289 1040 quisque
1334 986 1532 1026 munus
1567 971 1792 1024 sortitus
1822 969 2033 1025 fuisset.

461 1059 734 1112 Accurata
786 1060 930 1113 enim
986 1062 1145 1130 hujus
1197 1061 1513 1130 quaestionis
1570 1061 2024 1130 investigatione,

462 1157 557 1201 aut
617 1150 928 1204 retinuisset
994 1168 1157 1204 unum
1227 1153 1464 1205 omnium
1531 1151 1784 1220 Opiﬁcem
1867 1153 2034 1206 Deum

459 1242 552 1308 qui
600 1241 664 1294 ad
719 1251 931 1297 certum
972 1246 1260 1314 quemdam
1307 1245 1465 1298 ﬁnem
1519 1261 1782 1313 usumque
1839 1257 2031 1300 cuncta

463 1329 623 1397 fecit;
659 1345 752 1386 attt
789 1338 832 1387 si
867 1349 970 1390 nOn
1026 1336 1362 1402 retinuisset,
1401 1336 1720 1390 munivisset
1759 1339 1946 1406 utique
1979 1353 2036 1390 se

463 1425 722 1479 adversus
759 1441 854 1481 eos
924 1428 1016 1498 qui
1078 1429 1144 1482 ad
1196 1429 1271 1482 rei
1321 1444 1582 1496 corporea:
1627 1437 1874 1482 naturam
1907 1429 2037 1481 nihil

463 1515 735 1569 interesse
771 1518 1142 1582 contendunt,
1191 1517 1328 1571 sitne
1369 1517 1702 1583 cerruptioui
1757 1517 2031 1581 obnoxia;

467 1617 561 1658 aut
624 1607 918 1660 absurdum
971 1623 1091 1662 esse
1149 1615 1348 1678 negant
1413 1607 1670 1660 rnumlum
1733 1621 1800 1660 ex
1865 1607 2030 1661 dissi-

469 1695 685 1750 milibus
747 1697 989 1764 partibus
1049 1707 1389 1752 constantem
1450 1697 1516 1750 ab
1581 1713 1688 1751 uno
1731 1698 1896 1752 luisse
1959 1697 2038 1751 fa-

2141 515 2470 588 δρακόντων,
2521 515 2613 568 καὶ
2651 515 2911 576 ἀσπίδων,
2961 517 3054 569 καὶ
3098 515 3419 585 βασιλίσκων
3453 518 3680 593 δημιουρ-

2139 609 2290 676 γοὺς,
2316 607 2410 659 καὶ
2443 606 2634 669 ἄλλους
2669 607 2786 659 κατ’
2817 602 2956 670 εἶδος
2982 607 3210 660 ἑκάστου
3241 608 3425 676 φυτοῦ,
3461 612 3680 672 καῖὲκά-

2143 716 2276 770 στης
2309 698 2746 769 βοτάνης,λέγειν
2771 698 2870 762 τὰς
2894 699 3069 762 αἰτίας
3089 700 3198 752 τῶν
3229 700 3520 770 μερισμῶν.
3545 704 3680 768 Ἴσως

2140 790 2364 861 γάρ“ἀν,
2417 792 2634 856 ἐπιδοὺς
2664 791 2854 844 ἑαυτὸν
2901 795 2967 862 τῇ
3011 791 3268 862 ἀκριϐείᾳ
3305 793 3404 862 τῆς
3429 793 3530 846 τῶν
3564 796 3682 849 κατὰ

2141 881 2231 933 τὸν
2263 881 2428 934 τόπον
2455 881 2710 952 βασάνου,
2745 882 2861 952 ἦτοι
2891 883 3072 952 ἐτήρει
3092 881 3188 934 ἕνα
3221 881 3354 935 Θεὸν
3377 883 3576 937 πάντων
3607 885 3684 956 δη-

2147 972 2424 1042 μιουργὸν,
2460 972 2596 1042 πρός
2631 990 2682 1025 τι
2709 973 2804 1025 καὶ
2831 971 3014 1025 ’ἑνεκέν
3049 989 3193 1036 τινος
3227 973 3451 1026 ἕκαστον
3487 991 3682 1046 πεποιη-

2143 1064 2276 1118 κότα
2295 1082 2306 1094 ·
2331 1064 2364 1135 ἢ
2397 1065 2468 1136 μὴ
2487 1082 2552 1136 τη
2563 1063 2692 1135 ρῶν,
2721 1063 2866 1135 ἐώρα
2885 1065 2936 1117 τί
2959 1066 3064 1135 χρὴ
3091 1065 3254 1117 αὑτὸν
3287 1064 3682 1136 ἀπολογήσασθαι

2145 1173 2213 1208 πε
2222 1156 2274 1226 ρὶ
2291 1155 2579 1226 ἀδιαφόρου
2596 1159 2660 1228 τῇ
2676 1156 2812 1228 αὐτῇ
2836 1155 2990 1226 φύσει
3011 1155 3086 1226 (7)
3103 1157 3428 1227 πράγματος
3445 1157 3530 1209 τοῦ
3547 1157 3684 1229 φθαρ-

2143 1243 2237 1296 τοῦ
2257 1261 2270 1273 ⁸
2297 1245 2391 1296 καὶ
2417 1245 2498 1296 ὅτι
2523 1245 2676 1297 οὐδὲν
2708 1246 2926 1308 ἄτοπον,
2959 1245 3050 1299 τὸν
3083 1247 3142 1311 ἐξ
3171 1246 3438 1317 ἀνομοίων
3464 1264 3680 1318 συνεστη-

2145 1337 2276 1390 κότα
2295 1339 2496 1408 κόσμον
2511 1339 2539 1390 ὑ
2549 1337 2615 1390 πὸ
2634 1339 2752 1403 ἐνὸς
2765 1341 3042 1408 γεγονέναι
3057 1341 3324 1410 τεχνίτου,
3341 1341 3680 1414 συμφερόντως

2143 1427 2221 1496 τῷ
2258 1429 2364 1498 ὅλῳ
2396 1427 2494 1491 τάς
2527 1429 2791 1502 διαφορὰς
2836 1433 2943 1484 τῶν
2987 1431 3142 1486 εἰδῶν
3187 1432 3678 1495 κατασκευάζοντος

2145 1518 2178 1589 ἢ
2219 1518 2280 1570 τὸ
2325 1518 2547 1590 ἔσχατόν
2575 1539 2638 1590 γε
2669 1523 2775 1576 ἔδει
2831 1525 2993 1577 αὐτὸν
3029 1524 3157 1594 περὶ
3181 1523 3492 1594 τηλικούτου
3517 1524 3683 1594 δόγμα-

2143 1627 2236 1674 τος
2267 1613 2387 1682 μηδ’
2417 1613 2811 1682 ἀποφαίνεσθαι
2837 1615 2936 1686 τὴν
2965 1617 3169 1686 ἀρχήν·
3207 1615 3365 1686 εἴπερ
3385 1615 3681 1668 κατασκευά-

2147 1703 2260 1766 ζειν
2306 1706 2406 1757 οὑκ
2456 1695 2700 1776 ἔμελλεν,
2739 1708 2880 1778 ἅπερ
2928 1709 3200 1762 διδάσκειν
3231 1706 3605 1777 ἐπηγγέλλετο·
3643 1707 3680 1757 εἰ

465 1797 614 1840 etum
659 1789 889 1852 artiﬁce,
937 1789 1028 1857 qni
1060 1791 1241 1843 varias
1280 1805 1458 1843 rerum
1512 1791 1719 1857 species
1764 1791 1828 1842 ad
1874 1789 2032 1859 hujus

2154 1797 2216 1867 κὴ
2235 1797 2342 1868 ἄρα
2370 1798 2398 1849 6
2413 1798 2659 1866 ἐγκαλῶν
2678 1803 2790 1864 τοῖς
2815 1801 2976 1870 ψιλὴν
3005 1801 3186 1854 πίστιν
3210 1799 3676 1869 ἐπαγγελλομένοις,

469 1879 706 1933 universi
743 1882 1085 1934 commodum
1116 1881 1480 1936 constituerit.
1515 1879 1799 1934 Postremo
1831 1880 1874 1933 si
1909 1895 2034 1948 pro-

469 1970 692 2024 baturus
740 1986 844 2024 non
882 1971 983 2024 fuit
1025 1987 1087 2026 ea
1135 1987 1256 2041 quae
1289 1975 1488 2027 docere
1528 1973 1802 2040 pollicitus
1835 1971 2036 2037 fuerat,

468 2061 690 2116 omnino
721 2071 904 2118 tacere
931 2065 996 2119 de
1035 2075 1184 2120 tanto
1217 2067 1468 2136 dogmate
1497 2067 1682 2121 debuit
1710 2105 1724 2130 ,
1769 2067 1871 2120 nisi
1905 2065 2041 2120 forte

2145 1889 2308 1953 αὐτὸς
2377 1893 2523 1962 ἡμᾶς
2569 1893 2844 1947 πιστεύειν
2909 1894 3159 1947 ἐϐούλετο
3223 1889 3306 1956 οἷς
3377 1892 3677 1962 ἀπεφήνατοο

2146 1979 2390 2049 καίτοιγε
2415 1983 2476 2034 οὐ
2507 1983 2567 2036 τὸ
2601 1985 3001 2056 ἀποφήνασθαι,
3055 1983 3192 2038 ἀλλὰ
3225 1985 3286 2037 τὺ
3323 1984 3520 2048 διδάξαι
3547 1984 3684 2049 ἐπαγ-

2147 2070 2490 2142 γειλάμενος.

469 2157 698 2228 ipsequi
740 2161 893 2216 nobis
937 2163 1068 2216 vitio
1113 2163 1276 2216 vertit
1317 2163 1610 2232 simplicem
1663 2161 1845 2227 ﬁdem,
1896 2163 2024 2218 velit
2083 2175 2142 2219 ut
2205 2167 2304 2236 ipsi
2365 2180 2568 2222 tantum
2640 2169 2922 2223 amr-inanti
2973 2165 3602 2224 assentiamur:tametsi
3637 2179 3682 2219 se

470 2264 576 2305 non
608 2249 1015 2319 allirmaturum,
1046 2259 1140 2310 sed
1165 2255 1450 2312 doctarum
1484 2272 1604 2312 esse
1637 2257 1972 2326 promiserit.

539 2342 627 2397 55.
673 2345 782 2402 Hoc
817 2347 906 2400 aio
935 2363 949 2400 :
979 2347 1022 2402 si
1055 2349 1426 2414 sustinuisset,
1449 2359 1509 2402 ut
1537 2347 1796 2416 loquitur,
1834 2350 2036 2418 scripta

472 2433 672 2506 Moysis
716 2445 770 2491 et
813 2439 1199 2508 prophetarum
1249 2439 1445 2509 legere,
1492 2439 1816 2495 advertisset
1853 2440 2040 2509 utique

469 2530 597 2596 quid
629 2530 719 2596 sit,
750 2545 846 2584 cur
875 2547 998 2586 cum
1041 2532 1260 2598 malum,
1295 2541 1464 2595 terra,
1499 2533 1930 2599 ﬁrmamentum,
1957 2535 2038 2587 lu-

471 2622 724 2688 minaria,
765 2623 949 2692 stellae,
983 2635 1102 2680 cete
1143 2626 1396 2695 grandia,
1439 2635 1491 2678 et
1523 2627 1702 2680 omnis
1736 2626 1915 2679 anima
1949 2639 2036 2680 re-

471 2714 676 2782 ptilium
705 2731 824 2784 qua:
853 2717 1217 2784 produxerant
1244 2733 1400 2786 aqum
1443 2718 1499 2772 in
1545 2719 1758 2788 species
1791 2733 1938 2784 suas,
1984 2728 2040 2773 et

471 2821 631 2861 oniue
663 2809 874 2864 volatile
909 2811 1202 2864 secundum
1249 2823 1420 2880 genus
1463 2827 1644 2876 suum,
1677 2820 1728 2866 et
1769 2811 2036 2878 jumenta,

471 2914 526 2958 et
566 2921 727 2960 omne
773 2909 959 2976 reptile
1001 2917 1160 2964 terra:
1209 2911 1260 2965 in
1295 2925 1494 2980 genere
1525 2925 1643 2972 suo,
1691 2911 1853 2964 homo
1882 2908 2039 2962 deni-

476 3015 604 3067 (Ιιιει
637 3009 818 3051 creata
867 3009 1014 3066 sunt,
1045 3015 1172 3070 erga
1220 3001 1334 3057 haec
1379 3003 1558 3057 omnia
1604 3003 1806 3056 dictum
1857 3001 2041 3064 fuerit,

480 3107 498 3139 ι
553 3087 704 3142 Fecit
755 3089 928 3155 Deus;
991 3110 1010 3142 ι
1069 3107 1176 3146 non
1226 3093 1368 3146 idem
1431 3104 1611 3147 autem
1674 3108 1800 3162 erga
1851 3105 2043 3148 (uetera

479 3180 682 3233 dictum
757 3179 922 3235 fuerit
970 3197 985 3238 :

477 3281 530 3324 tn
566 3272 839 3327 creatione
869 3273 1008 3329 lucis
1039 3275 1220 3329 dicere
1258 3293 1270 3329 :
1311 3293 1330 3327 ι
1375 3275 1440 3329 Et
1485 3275 1622 3328 facta
1668 3285 1752 3330 est
1783 3275 1872 3328 lux
1904 3275 1970 3338 ³ο,
2022 3294 2040 3327 ι

2217 2350 2376 2406 Οὕτω
2425 2350 2481 2405 δὲ
2526 2351 2669 2420 λέγω
2711 2351 2810 2424 (8),
2856 2352 3138 2422 ὅτι,εῖπερ
3185 2350 3442 2421 ὑπέμεινε
3480 2347 3564 2402 καὶ
3585 2345 3685 2415 ἠνέ-

2149 2461 2306 2514 σχετο
2363 2443 2662 2498 ἐπακοῦσαι
2713 2445 2820 2497 τῶν
2871 2442 2966 2514 (ὥς
3023 2461 3154 2513 φησι
3173 2443 3214 2509 ,)
3285 2437 3686 2511 συγγραμμάτων

2145 2536 2428 2599 Μωῦσέως
2471 2537 2566 2589 καὶ
2609 2535 2718 2590 τῶν
2764 2537 3082 2606 προφητῶν,
3113 2535 3412 2598 ἐπέστησεν
3439 2534 3506 2598 {9)
3539 2531 3610 2592 ἂν,
3643 2527 3686 2579 τί

2144 2631 2340 2702 δήποτε
2387 2629 2448 2682 τὸ
2500 2628 2616 2699 μὲν,
2658 2647 2676 2679 ι
2704 2627 2954 2698 ἐποίησεν
2983 2629 3010 2680 6
3033 2626 3186 2690 Θεὸς,
3215 2645 3234 2677 ι
3269 2626 3352 2678 ἐπ’
3383 2620 3588 2691 ούρανοῦ
3612 2619 3686 2671 καὶ

2147 2726 2250 2795 γῆς
2277 2724 2554 2786 τέτακται,
2582 2723 2675 2775 καὶ
2705 2719 2798 2774 τοῦ
2843 2719 3175 2790 καλουμένου
3217 2717 3594 2788 στερεώματος,
3623 2715 3684 2764 ἔτι

2148 2816 2203 2869 δὲ
2237 2816 2330 2870 καὶ
2372 2817 2672 2886 φωστήρων
2704 2813 2798 2867 καὶ
2827 2812 3069 2884 ἀστέρων
3089 2829 3101 2841 ·
3140 2814 3235 2865 καὶ
3267 2811 3403 2882 μετά
3425 2809 3580 2862 ταῦτα
3615 2805 3685 2858 ἐπὶ

2151 2907 2331 2977 κητῶν
2379 2905 2647 2978 μεγάλων,
2681 2906 2775 2957 καὶ
2821 2904 3002 2974 πάσης
3045 2903 3225 2974 ψυχῆς
3263 2901 3414 2967 ζώων
3461 2897 3684 2972 ἑρπετῶν,

2149 2999 2185 3053 ἀ
2223 2997 2456 3070 ἐξήγαγε
2487 2997 2554 3050 τά
2593 2996 2759 3049 ὖδατα
2793 2995 2935 3050 κατά
2969 2995 3101 3066 γένη
3152 2995 3332 3048 αὐτῶν
3352 3013 3364 3025 ·
3407 2994 3494 3047 καὶ
3527 2988 3687 3046 παντὸς

2154 3090 2398 3146 πετεινοῦ
2435 3087 2714 3160 πτερωτοῦ
2743 3087 2884 3141 κατά
2905 3087 3063 3156 γένος
3082 3103 3095 3116 ·
3126 3088 3220 3138 καὶ
3243 3087 3368 3156 ἑξῆς
3407 3083 3594 3144 τούτοις
3615 3081 3688 3131 ἐπὶ

1055 3182 1148 3236 sed
1216 3183 1353 3237 satis
1421 3183 1677 3238 habuerit
1759 3183 2042 3252 Scriptura

2154 3185 2258 3238 τῶν
2283 3185 2485 3254 θηρίων
2509 3183 2610 3252 τῆς
2637 3181 2740 3250 γῆς
2764 3179 2906 3234 κατά
2931 3179 3106 3248 γένος,
3121 3179 3214 3231 καὶ
3244 3178 3352 3230 τῶν
3369 3174 3562 3245 κτηνῶν
3577 3171 3688 3225 κατὶ

2151 3276 2340 3345 γένος,
2401 3274 2496 3328 καὶ
2547 3273 2764 3326 πάντων
2815 3270 2922 3324 τῶν
2975 3268 3222 3340 ἑρπετῶν
3275 3269 3376 3338 τῆς
3435 3269 3531 3338 γῆς
3577 3263 3690 3318 κατᾶ

478 3375 534 3418 cl
591 3379 715 3416 cum
772 3377 1110 3436 congregata:
1153 3376 1279 3421 sunt
1324 3381 1478 3436 aquae
1541 3380 1729 3419 omnes
1785 3380 1903 3434 qu:e
1951 3365 2050 3420 sub

475 3457 639 3530 547
676 3457 812 3512 οωιυ
849 3469 973 3512 sunt
1005 3477 1018 3512 :
1055 3477 1074 3510 ι
1110 3457 1338 3512 Factum
1369 3469 1452 3512 est
1498 3457 1572 3510 ita
1602 3457 1678 3508 ³ίι
1710 3477 1727 3508 ι
1765 3457 2041 3525 similique

481 3549 640 3603 modo
673 3548 927 3617 loquatur
957 3549 1021 3602 de
1049 3550 1114 3603 iis
1143 3564 1261 3618 quae
1289 3550 1710 3619 germinarunte
1735 3557 1899 3614 terra,
1927 3563 2049 3601 cum

481 3640 595 3695 haec
635 3641 859 3710 protulit
901 3641 1097 3696 herbas
1133 3656 1318 3696 semen
1355 3657 1454 3696 suo
1495 3643 1677 3711 generi
1726 3641 2054 3696 conveniens

479 3731 788 3798 afferentes,
823 3742 880 3786 et
913 3731 1053 3803 ligna
1074 3732 1358 3787 fructifera
1387 3749 1505 3800 qua:
1536 3735 1734 3786 habent
1768 3733 1818 3784 in
1851 3739 2052 3791 semeti-

481 3824 613 3892 ipsis
664 3829 958 3878 sementem
1016 3822 1232 3892 generis
1284 3823 1364 3876 sui
1414 3837 1576 3889 super
1627 3832 1847 3875 terram.
1893 3821 2052 3888 Qtue-

479 3913 657 3969 siisset
688 3915 910 3984 insuper
941 3913 1113 3968 unine
1163 3927 1230 3967 an
1267 3913 1452 3968 multis
1476 3915 1596 3967 data
1631 3913 2055 3982 fuerintprasce-

477 4015 589 4076 pta,
615 4007 812 4076 quibus
843 4009 1009 4062 Deum
1036 4006 1090 4062 in
1109 4006 1406 4062 condendis
1430 4006 1654 4075 singulis
1681 4005 1839 4074 hujus
1865 4005 2052 4060 mundi

477 4103 722 4173 partibus
750 4119 904 4159 usum
935 4103 1101 4160 fuisse
1129 4103 1424 4173 Scriptura:
1452 4114 1878 4159 commemorant
1904 4121 1919 4170 ;
1953 4117 2054 4158 nec

480 4205 587 4249 tam
619 4193 850 4251 facilein
886 4195 1053 4252 libros
1081 4205 1337 4266 tanquam
1368 4197 1604 4250 insulsos
1635 4205 1688 4251 et
1706 4196 1836 4250 nihil
1868 4211 2057 4251 recon-

477 4289 574 4343 diti
597 4304 792 4344 sensus
832 4289 1096 4344 habentcs
1129 4291 1378 4343 invectus
1406 4288 1623 4354 fuisset,
1658 4303 1795 4357 quos
1825 4288 2054 4358 Moyses,

483 4381 612 4446 imo,
655 4389 710 4434 ut
739 4379 972 4435 dicimus
1007 4395 1124 4446 nos,
1155 4379 1366 4434 divinus
1387 4375 1639 4448 Spiritus,
1666 4380 1754 4448 qui
1791 4380 1842 4432 in
1875 4379 2062 4448 Moyse

479 4487 616 4543 erat,
646 4486 701 4532 et
747 4493 854 4548 quo
911 4477 1128 4532 amante
1157 4485 1308 4530 vates
1351 4474 1526 4529 factus
1558 4485 1658 4539 est,
1713 4473 2056 4543 conscripsit.

483 4568 690 4640 Quippe
716 4573 806 4641 qni
839 4571 1009 4628 multo
1044 4571 1216 4640 magis
1246 4569 1498 4636 cognovit

482 4664 758 4726 Μωῦσέως
808 4667 865 4717 ἐν
897 4663 1102 4726 τούτοις
1131 4662 1551 4733 γεγραμμένων,
1589 4661 1621 4732 ἢ
1655 4659 1754 4733 (ὡς
1792 4662 1952 4732 ἡμεῖς
1986 4658 2233 4728 εἴποιμεν
2275 4656 2385 4728 ἃν,)
2440 4655 2544 4709 ὑπὸ
2579 4653 2671 4707 τοῦ
2731 4655 2789 4707 ἐν
2828 4653 3034 4723 Μωῦσῇ
3090 4651 3234 4704 Θείου
3279 4651 3595 4722 Πνεύματος,
3631 4644 3701 4713 ἀφ’

479 4751 541 4809 οὗ
562 4757 656 4810 καὶ
691 4758 1109 4830 ἐπροφήτευσεν.
1157 4757 1310 4808 Ἐπεὶ
1345 4755 1541 4826 μᾶλλον

487 4848 616 4914 Qua:
667 4851 793 4917 sint,
833 4867 948 4920 qua:
975 4852 1195 4920 fuerint,
1237 4867 1352 4920 qua:
1403 4865 1526 4904 mox
1567 4859 1785 4990 venturlq
1834 4849 2060 4968 ira/mn-

1795 4937 1822 4970 ιι
1939 4957 1954 4982 ,

1795 4937 1857 4970 ur
1886 4937 1954 4982 ν’,

485 5025 646 5080 quam
678 5012 844 5066 divini
869 5012 971 5077 illi,
1014 5012 1211 5081 quibus
1243 5013 1357 5066 hare
1398 5011 1578 5066 omnia
1611 5011 1892 5080 explorata
1941 5023 2064 5062 esse

488 5107 656 5158 decan
667 5113 780 5158 tant
813 5115 1005 5173 poetrc.

561 5195 649 5248 56.
677 5195 758 5250 Ad
806 5197 855 5250 id
883 5198 1025 5265 quod
1058 5197 1246 5251 Celsus
1279 5198 1448 5260 addit,
1489 5216 1506 5248 ι
1541 5198 1778 5250 animam
1811 5195 1904 5250 Dei
1945 5207 2066 5250 esse

489 5301 646 5356 opus,
672 5287 831 5340 aliam
863 5304 982 5343 esse
1007 5291 1251 5358 corporis
1279 5297 1552 5353 naturam,
1583 5299 1744 5355 atque
1773 5284 2071 5340 hac'homi-

562 5404 608 5438 ³⁰
643 5403 778 5460 Gen.
821 5422 870 5469 1,
899 5408 952 5462 ’5.
1030 5408 1070 5438 ³¹
1114 5408 1251 5464 Gen.
1279 5424 1316 5472 ι,
1349 5407 1406 5462 9.

2153 3368 2308 3436 γένος
2369 3365 2577 3420 αὐτῶνο
2639 3365 2733 3418 καὶ
2779 3362 3083 3415 τελευταῖον
3128 3359 3220 3412 ἐπὶ
3279 3358 3372 3412 τοῦ
3424 3357 3688 3428 ἀνθρώπου.

2155 3461 2246 3531 Μὴ
2295 3457 2584 3530 εἰρημένου
2621 3456 2676 3508 δὲ
2726 3453 2843 3520 τοῦ,
2897 3473 2914 3506 ι
2967 3453 3213 3523 ἐποίησε,
3267 3471 3284 3504 ι
3339 3451 3463 3521 περὶ
3503 3448 3690 3517 ἐτέρων,

2154 3553 2403 3624 ἀρκεῖται
2449 3550 2478 3600 6
2527 3549 2684 3616 λόγος
2731 3548 2856 3619 περὶ
2899 3546 3075 3616 φωτὸς
3132 3544 3232 3616 μὲν
3270 3543 3368 3613 τῷ,
3425 3562 3440 3594 ι
3490 3541 3693 3607 Ἐγένετο

2158 3643 2306 3716 φῶς·
2373 3661 2390 3693 ι
2439 3640 2529 3694 ἐπὶ
2591 3639 2648 3692 δὲ
2715 3639 3034 3708 συναγωγῆς
3095 3639 3226 3708 μιᾶς
3279 3635 3474 3697 παντὸς
3535 3631 3692 3690 ὕδατος

2154 3735 2247 3790 τοῦ
2273 3734 2528 3789 ὑποκάτω
2557 3731 2756 3794 παντὸς
2781 3731 2874 3784 τοῦ
2901 3727 3154 3800 οὐρανοῦ,
3171 3727 3272 3794 τῷ,
3309 3745 3328 3777 ι
3374 3725 3597 3793 Ἐγένετο
3621 3719 3692 3774 ού-

2157 3846 2285 3891 τως.
2327 3847 2344 3878 ι
2403 3825 2628 3897 Ὁμοίως
2673 3823 2728 3875 δὲ
2781 3823 2874 3876 καὶ
2905 3821 2997 3873 ἐπὶ
3045 3819 3154 3872 τῶν
3185 3819 3582 3890 βλαστησάντων
3611 3815 3694 3870 ἀπὸ

2159 3923 2283 3990 γῆς,
2340 3919 2415 3970 ὅτ’
2473 3915 2762 3987 ἐξήνεγκεν
2817 3915 2851 3984 ἡ
2895 3912 2968 3982 γῆ
3005 3911 3234 3982 βοτάνην
3285 3911 3472 3982 χόρτον
3515 3910 3695 3978 σπεῖρον

2162 4011 2381 4081 σπέρμα
2415 4009 2554 4061 κατά
2605 4007 2760 4075 γένος
2815 4005 2907 4058 καὶ
2942 4003 3062 4058 καθ’
3101 4003 3414 4074 ὁμοιότητα,
3451 4001 3538 4056 καὶ
3573 3999 3695 4063 ξύλον

2158 4101 2436 4172 κάρπιμον
2471 4097 2656 4151 ποιοῦν
2685 4096 2914 4168 καρπὸν,
2947 4089 3008 4148 οὗ
3039 4094 3100 4148 τὸ
3133 4094 3352 4164 σπέρμα
3377 4091 3530 4146 αὐτοῦ
3562 4089 3697 4142 ἐναύ-

2160 4193 2238 4264 τῷ
2273 4191 2412 4245 κατὰ
2441 4191 2594 4259 γένος
2619 4190 2709 4242 ἐπὶ
2743 4189 2842 4260 τῆς
2869 4187 2992 4258 γῆς.
3039 4187 3148 4241 Καὶ
3181 4187 3439 4256 ἐζήτησεν
3475 4183 3554 4246 ἂν,
3580 4185 3620 4235 εἰ
3655 4180 3699 4232 αἱ

2167 4283 2547 4354 γεγραμμέναι
2580 4280 2899 4352 προστάξεις
2923 4279 3015 4333 τοῦ
3044 4279 3177 4332 Θεοῦ
3228 4278 3464 4350 περὶτοῦ
3487 4273 3700 4346 γενέσθαι

2169 4377 2397 4428 ἕκαστον
2435 4375 2529 4426 τοῦ
2569 4375 2774 4443 κόσμου
2802 4372 2964 4443 μέρος
2979 4371 3138 4440 τινὶῆ
3169 4371 3310 4422 τισὶν
3339 4372 3586 4440 εἴρηνται·
3629 4365 3698 4417 καὶ

2166 4470 2266 4522 οὐκ
2313 4469 2377 4522 ἂν
2426 4465 2664 4537 εὐχερῶς
2721 4464 3095 4535 κατηγόρησεν
3145 4462 3221 4525 ὼς
3253 4463 3568 4532 ἀδιανοήτων
3595 4455 3698 4528 (10}.

2168 4563 2262 4616 καὶ
2303 4561 2570 4634 μηδεμίαν
2603 4558 2812 4611 σύνεσιν
2842 4557 3152 4627 ἀπόρρητον
3187 4555 3418 4624 ἐχόντων
3443 4553 3542 4606 τῶν
3567 4550 3596 4620 ἢ
3622 4547 3702 4602 ὑπὸ

2275 4841 2440 4914 "nam
2479 4837 2553 4892 τά
2605 4837 2655 4890 τ’
2701 4837 2898 4901 ἐόντα,
2945 4835 3018 4888 τά
3075 4835 3121 4887 τ’
3165 4835 3504 4914 ἑσσόμεηᾳη
3549 4831 3648 4898 πρό
3669 4830 3702 4878 τ’

3420 4903 3504 4976 [ἑὸ
3509 4918 3620 4964 rm,

2159 5005 2270 5060 τῶν
2325 5001 2630 5071 λεγομένων
2677 4998 2827 5072 παρά
2873 5001 2982 5061 τοῖς
3027 5000 3278 5067 ποιηταῖς
3315 4999 3549 5067 μάντεων
3583 4987 3705 5046 ταῦτ’

2164 5096 2484 5166 ἐγνωκέναι.

2237 5191 2358 5241 Ἔτι
2386 5187 2440 5240 δὲ
2473 5185 2593 5238 ἐπεί
2628 5200 2790 5254 φησιν
2823 5185 2850 5237 6
2883 5181 3108 5245 Κέλσος,
3142 5181 3221 5235 ὅτι
3259 5201 3278 5233 ι
3319 5182 3460 5252 ψυχὴ
3493 5179 3578 5251 μὲν
3597 5173 3703 5230 Θεοῦ

2168 5283 2316 5336 ἐστιν
2347 5280 2530 5350 ἔργον,
2587 5277 2836 5348 σώματος
2875 5275 2932 5328 δὲ
2973 5274 3102 5346 ἄλλη
3135 5275 3318 5344 φύσιςο
3351 5273 3621 5343 καὶταύτῃ
3655 5282 3703 5336 γε

1484 5407 1527 5439 ³²
1569 5405 1720 5475 Virg.
1773 5403 1984 5473 Georg.,
2023 5403 2118 5458 lib.
2150 5418 2226 5468 tv,
2253 5417 2306 5456 ν.
2334 5400 2458 5455 592.

497 5545 552 5598 Si
594 5543 680 5598 cui
713 5553 892 5598 autem
941 5543 1092 5611 prior
1136 5559 1243 5604 prae
1293 5544 1462 5598 altera
1513 5545 1729 5600 videtur
1763 5559 1884 5600 esse
1929 5545 2063 5599 reti-

493 5613 780 5737 ιιθιιιΙυ,ῐδίε
812 5629 910 5683 pro
946 5612 1087 5667 κατὰ
1122 5615 1320 5685 ἄτομον
1369 5611 1525 5678 εἶδος,
1579 5617 1722 5686 legat
1769 5614 1910 5668 κατά
1939 5615 2066 5670 ἀτό-

497 5702 614 5748 μων
657 5701 683 5737 ε
739 5701 817 5748 ος.

497 5702 632 5757 μων-ἓ
657 5701 817 5757 ειοος.

567 5755 642 5828 (7)
690 5753 768 5824 Τῇ
812 5753 999 5810 αὐτοῦ
1048 5755 1224 5820 φύσει
1269 5754 1477 5812 [labent
1528 5770 1688 5822 mss.,
1737 5755 1857 5812 libri
1933 5769 2059 5812 vero

2174 5543 2313 5616 editi
2354 5543 2407 5616 in
2441 5550 2614 5616 textu,
2644 5545 2710 5616 τῇ
2745 5544 2880 5616 αὐτῇ
2913 5544 3092 5616 φύσει2

2247 5613 2323 5682 (8)
2366 5611 2709 5669 limschelius
2741 5616 2792 5668 in
2829 5611 2992 5675 textu,
3030 5611 3196 5666 Οὔπω
3225 5611 3285 5664 δὲ
3322 5611 3480 5680 λέγω.

2249 5683 2324 5754 (9)
2368 5682 2519 5754 Libh.
2553 5685 2682 5754 editi
2713 5685 2765 5737 in
2799 5685 3064 5753 margine,
3111 5683 3468 5753 Ὑπέστησεν.

2243 5752 2354 5827 (10)
2389 5752 2790 5821 Ἀδιανοήτων.
2821 5752 2996 5822 Ferte,
3033 5755 3296 5826 ἀνοήτων.
