3852 6418
492 370 513 425 I
533 372 626 426 la?

1827 361 1831 366 ’
1899 360 2224 417 ORIGENIS

3596 365 3710 422 {128

489 485 746 550 hominis,
775 493 866 537 aut
895 480 1226 551 serpentium
1261 477 1347 546 qui
1373 493 1439 532 ex
1470 476 1563 531 illo
1591 476 1864 542 oriuntur;
1883 490 2075 548 corpus

2186 476 2278 528 καὶ
2307 474 2398 526 ἐπὶ
2424 473 2484 527 τὸ
2513 473 2704 533 ἵππου,
2739 472 2771 542 ἢ
2803 472 2946 538 ὄνου,
2978 473 3068 526 καὶ
3096 471 3206 524 τῶν
3236 471 3293 538 ἐξ
3318 473 3478 525 ἵππου
3511 475 3598 544 μὲν
3613 493 3716 550 σφη·

490 581 938 647 bovis,autapum
961 589 1078 644 quze
1097 587 1162 626 ex
1191 571 1283 626 illo
1302 571 1589 639 prodeunt;
1608 584 1802 638 corpus
1817 570 1962 638 equi,
1988 579 2080 623 aut

489 686 778 742 vesparum
800 683 920 738 quae
948 682 1013 722 ex
1039 681 1104 720 eo
1139 673 1472 728 nascuntur;
1497 672 1552 718 et
1577 678 1774 731 corpus
1807 661 2080 726 asini,aut

492 765 888 820 searahaeorum
909 759 998 830 qui
1025 757 1150 812 inde
1180 764 1405 810 exeunt.
1431 753 1562 821 Quae
1581 753 1800 824 quidem
1831 754 1883 807 in
1904 766 2065 807 causa

2185 565 2318 630 κῶν,
2349 565 2408 629 ἐξ
2431 565 2550 617 δνου
2583 563 2639 616 δὲ
2671 563 2996 634 κανθάρωνο)
3019 563 3086 615 δι’
3107 561 3142 615 ἃ
3171 562 3579 632 ἠναγκάσθημεν
3605 567 3714 619 ἐπα-

2185 657 2436 712 ναλαϐεῖν
2472 658 2567 709 καὶ
2602 657 2684 719 τὸ,
2719 675 2736 705 ‹
2776 653 2935 726 Ψυχὴ
2977 655 3075 726 μὲν
3107 653 3244 707 Θεοῦ
3271 656 3413 708 ἔστιν
3439 654 3603 726 ἔργον,
3631 658 3716 712 σώ-

2182 768 2351 822 ματος
2379 750 2435 803 δὲ
2467 748 2601 818 ἄλλη
2633 746 2812 816 φύσις.
2851 765 2870 798 t

495 860 715 912 fuerunt
774 869 874 909 cur
903 851 1084 907 istud:
1129 869 1147 902 ι
1177 849 1374 905 Anima
1401 849 1618 918 quidem
1657 862 1793 918 opus
1823 846 1914 901 Dei
1947 860 2051 910 est,
2093 845 2194 900 alia
2225 856 2408 900 autem
2461 853 2545 900 est
2581 842 2836 912 corporis
2871 851 3086 908 natura,
3147 860 3167 893 t
3232 850 3522 897 retractare
3557 858 3714 900 neces-

491 953 694 1009 sarium
720 948 1100 1020 indicaverim.

563 1045 658 1100 60.
711 1045 803 1099 Ait
863 1051 1079 1114 postea,
1118 1058 1138 1092 ι
1176 1049 1427 1096 naturam
1467 1038 1614 1093 illam
1684 1037 2064 1108 praedictorum

493 1137 729 1194 omnium
763 1151 1052 1205 corporum
1081 1149 1427 1190 communem
1450 1145 1503 1188 et
1532 1146 1692 1186 unam
1720 1131 1872 1184 abire
1901 1139 1955 1184 et
1985 1143 2070 1184 re-

491 1229 608 1282 dire
652 1228 780 1280 ratis
812 1225 1299 1281 vicissitudinihus.
1330 1228 1435 1282 »ΕΣ
1459 1222 1526 1276 iis
1555 1235 1676 1290 qua:
1708 1235 1874 1288 supra
1918 1220 2028 1273 dixi
2052 1261 2067 1285 ,

492 1318 842 1374 manifestum
873 1326 956 1372 est
989 1334 1098 1373 non
1137 1317 1314 1371 solum
1366 1329 1655 1383 corporum
1709 1328 1828 1380 quin
1878 1311 2068 1367 Celsus

491 1412 851 1475 enumeravit,
877 1410 968 1465 sed
995 1411 1158 1464 etiam
1183 1407 1482 1464 cmlestium
1512 1415 1760 1460 naturam
1781 1419 1900 1459 esse
1922 1420 2070 1457 cum-

492 1520 738 1558 munem.
781 1504 934 1571 Quod
962 1503 1007 1556 si
1045 1503 1118 1557 ita
1159 1512 1265 1566 est,
1304 1511 1452 1555 certe
1485 1514 1550 1554 ex
1580 1497 1668 1553 illo
1695 1497 1784 1570 (an
1821 1512 1886 1552 ex
1923 1497 2066 1550 veri-

495 1607 603 1651 tate
651 1597 852 1664 nescio)
904 1604 1098 1648 natura
1152 1594 1242 1647 illa
1281 1593 1523 1648 omnium
1562 1605 1849 1660 corporum
1890 1604 1994 1642 una
2018 1597 2072 1642 et

495 1691 683 1742 eadem
729 1688 843 1741 abit
877 1686 1126 1755 reditque
1165 1685 1299 1740 ratis
1333 1684 1826 1738 vicissitudinibus.
1868 1681 2066 1737 Verum

2248 1029 2362 1086 Εἴθ’
2381 1032 2509 1102 ἔξῆς
2529 1048 2714 1102 φησιν,
2742 1030 2822 1083 ὅτι
2849 1047 2867 1080 ‹
2893 1027 3048 1099 κοινὴ
3079 1029 3112 1098 ἡ
3137 1028 3354 1081 πάντων
3379 1026 3484 1081 τῶν
3507 1047 3714 1104 προειρη-

2177 1129 2353 1199 μένων
2387 1126 2656 1196 σωμάτων
2695 1123 2887 1193 φύσις,
2931 1123 3024 1175 καὶ
3060 1122 3156 1192 μία
3195 1123 3254 1184 ὲς
3295 1120 3518 1192 ἀμοιϐὴν
3558 1123 3713 1175 παλίν-

2176 1234 2382 1290 τροπον
2431 1217 2584 1270 ἰοῦσα
2625 1217 2717 1268 καὶ
2762 1212 3083 1267 ἐπανιοῦσα.
3129 1232 3146 1264 ι
3183 1214 3295 1265 Καὶ
3338 1213 3469 1283 πρὸς
3511 1213 3713 1268 τοῦτοδὲ

2174 1310 2332 1380 δῆλον
2368 1310 2431 1361 ἐκ
2462 1307 2570 1361 τῶν
2601 1305 3036 1378 προειρημένων,
3071 1307 3154 1358 ὅτι
3186 1305 3247 1358 οὕ
3283 1305 3440 1376 μόνον
3470 1306 3568 1358 τῶν
3609 1322 3714 1378 προ-

2175 1397 2611 1468 κατειλεγμένων
2655 1398 2923 1467 σωμάτων
2968 1398 3119 1466 κοινή
3161 1398 3308 1450 ἐστιν
3348 1399 3378 1468 ἠ
3419 1397 3581 1466 φύσις,
3606 1399 3714 1454 ἀλλὰ

2177 1492 2270 1544 καὶ
2293 1490 2399 1542 τῶν
2429 1487 2784 1560 ἐπουρανίων.
2811 1489 2921 1541 Καὶ
2950 1487 3108 1559 εἴπερ
3131 1488 3274 1541 τοῦθ’
3305 1487 3473 1551 οὕτως
3500 1490 3616 1559 ἔχει,
3641 1491 3714 1561 δῆ-

2176 1583 2286 1647 λον,
2313 1583 2394 1634 ὅτι
2415 1581 2535 1633 κατ’
2554 1580 2713 1632 αὐτὸν
2739 1580 2860 1649 (οὐκ
2880 1575 2995 1632 οἶδα
3029 1579 3084 1631 δὲ
3119 1582 3166 1632 εἰ
3195 1579 3336 1632 κατὰ
3357 1582 3452 1650 τὴν
3478 1580 3712 1653 ἀλήθειαν)

2181 1675 2280 1744 μία
2316 1675 2372 1734 ἔς
2413 1670 2650 1742 ἀμοιϐὴν
2686 1671 3052 1741 παλίντροπον
3091 1671 3246 1724 ἰοῦσά
3280 1673 3425 1723 ἐστιν
3468 1675 3497 1743 ή
3537 1675 3714 1728 πάντων

496 1779 711 1849 quidem
738 1787 822 1832 est
856 1780 997 1832 hanc
1026 1792 1212 1832 eorum
1238 1792 1358 1831 esse
1390 1777 1715 1831 sententiam
1771 1775 1863 1844 qui
1913 1791 2066 1829 mun-

2186 1766 2440 1838 ςωμάτων
2477 1764 2636 1835 φύσις
2678 1766 2772 1818 καὶ
2805 1765 3124 1818 ἐπανιοῦσα.
3177 1767 3288 1818 Καὶ
3314 1765 3475 1835 δῆλον
3509 1767 3627 1835 μὲν,
3651 1769 3714 1821 ὅτι

494 1873 620 1926 dum
658 1880 883 1926 censent
924 1885 1045 1924 esse
1089 1869 1526 1938 corruptibilem.
1575 1868 1680 1923 Sed
1729 1870 1818 1938 qui
1854 1878 2071 1924 contra-

496 1965 631 2017 riam
662 1965 726 2016 de
755 1963 956 2015 mundo
983 1960 1292 2029 opinionem
1323 1970 1560 2026 tuentur,
1583 1962 1872 2015 ostendent
1909 1961 1943 2014 ii
1977 1975 2071 2014 na-

497 2067 549 2109 tu
560 2071 672 2109 ram
689 2056 928 2109 omnium
953 2068 1244 2122 corporum
1272 2068 1615 2107 communem
1637 2063 1689 2107 et
1705 2068 1890 2117 unam,
1908 2053 2069 2108 etiam

497 2164 602 2202 non
636 2147 876 2202 admisso
911 2147 1101 2213 quinto
1137 2159 1398 2213 corpore,
1434 2145 1566 2200 ratis
1610 2145 2073 2199 vicissitudinibus

496 2238 648 2292 abire
677 2247 731 2292 et
762 2237 958 2300 redire,
981 2247 1144 2305 atque
1167 2236 1246 2290 sic
1271 2245 1539 2289 mutatum
1569 2250 1909 2306 permanere,
1930 2237 2071 2305 quod

497 2331 676 2399 perire
696 2331 928 2384 videtur.
955 2327 1176 2383 Materia
1202 2327 1344 2382 enim
1371 2328 1637 2397 subjecta,
1665 2336 1923 2396 pereunte
1941 2342 2074 2396 qua-

497 2423 668 2488 litate,
691 2423 802 2492 ipsa
826 2422 1014 2476 eadem
1040 2432 1340 2492 permanet,
1365 2431 1422 2475 ut
1450 2429 1700 2476 asserunt
1725 2421 1758 2474 ii
1783 2422 1872 2490 qui
1899 2421 2071 2491 ipsam

498 2515 794 2568 increatam
823 2530 944 2570 esse
973 2514 1177 2569 volunt.
1213 2515 1364 2582 Quod
1386 2515 1428 2569 si
1451 2514 1667 2584 probari
1699 2515 1870 2582 possit
1901 2515 2069 2584 ipsam

497 2622 606 2661 non
636 2622 757 2662 esse
795 2609 1114 2672 increatam,
1151 2608 1242 2663 sed
1269 2609 1559 2678 quemdam
1591 2607 1642 2660 in
1674 2622 1830 2660 usum
1875 2607 2070 2661 factam

496 2714 641 2760 esse,
681 2709 830 2770 patet
869 2701 1112 2756 eamdem
1163 2700 1278 2768 ejus
1321 2715 1425 2754 non
1475 2699 1592 2754 fore
1630 2708 1902 2766 naturam,
1929 2700 2072 2769 quod

495 2793 564 2846 ad
593 2793 1025 2858 permansionem
1059 2803 1289 2863 spectat,
1309 2809 1371 2848 ac
1413 2793 1457 2848 si
1486 2795 1725 2847 increata
1756 2804 2069 2863 poneretur.

499 2883 700 2938 Verum
726 2883 842 2938 haec
872 2885 1219 2954 physicorum
1251 2893 1377 2938 sunt
1411 2899 1422 2931 :
1465 2884 1622 2939 nobis
1655 2898 1782 2938 vero
1808 2883 1948 2938 Celsi
1979 2899 2073 2939 ca-

495 2974 737 3030 lumnias
767 2975 1017 3031 refellere
1043 2977 1381 3046 propositum
1407 2985 1512 3031 est.

568 3153 658 3208 6i.
683 3153 848 3210 Addit
885 3174 904 3209 ι
929 3156 1061 3210 nihil
1091 3169 1300 3221 eorum,
1332 3169 1454 3226 qua:
1483 3169 1550 3209 ex
1584 3158 1812 3213 materia
1841 3172 2078 3213 nascun-
2103 3149 2145 3170 “¹

498 3253 608 3313 tur,
652 3261 774 3301 esse
818 3246 1140 3301 immortale.
1173 3266 1192 3298 ι
1235 3247 1316 3300 Ad
1351 3247 1494 3316 quod
1526 3261 1671 3315 ego:
1710 3249 1757 3303 si
1791 3235 1928 3303 nihil
1972 3249 2079 3303 im-

499 3339 730 3393 mortale
758 3347 844 3392 est
869 3354 1058 3393 eorum
1115 3353 1237 3409 qua:
1263 3352 1330 3392 ex
1356 3340 1586 3394 materia
1620 3349 1945 3406 nascuntur,
1987 3348 2080 3395 aut

502 3429 829 3483 immortalis
869 3437 954 3484 est
989 3430 1221 3484 mundus
1268 3429 1357 3484 hic
1386 3437 1554 3493 totus,
1597 3443 1697 3484 nec
1735 3430 1962 3500 proinde
2011 3445 2075 3486 ex

499 3521 727 3575 materia
755 3530 938 3585 natus,
986 3529 1080 3574 aut
1112 3519 1438 3575 immortalis
1478 3533 1582 3574 non
1627 3529 1730 3574 est.
1772 3520 1828 3576 Si
1859 3521 2078 3576 immor-

506 3612 648 3675 talis,
687 3612 829 3680 quod
861 3612 1024 3666 etiam
1063 3611 1129 3665 iis
1162 3610 1336 3680 placet
1373 3611 1467 3680 qui
1508 3610 1679 3667 solam
1710 3613 1945 3666 animam
1981 3611 2076 3667 Dei

499 3719 624 3758 csse
667 3720 802 3774 opus
845 3714 900 3759 et
953 3721 1022 3760 ex
1065 3705 1300 3774 quodam
1329 3719 1459 3760 vase
1487 3707 1704 3775 prodire
1734 3706 2075 3774 existimant,

499 3799 750 3852 ostendat
780 3796 971 3851 Celsus
1001 3797 1156 3851 illum
1184 3812 1292 3852 non
1317 3795 1517 3852 factum
1552 3797 1724 3852 fuisse
1757 3812 1824 3852 ex
1853 3797 2076 3853 materia

500 3890 824 3959 qualitatum
849 3899 1095 3960 experte,
1126 3890 1420 3958 mundique
1456 3889 1918 3946 immortalitatem
1945 3905 2078 3946 con-

503 3983 696 4037 sistere
729 3999 852 4038 cum
897 3984 1001 4038 isto
1039 3982 1211 4052 ipsius
1250 3981 1542 4052 principio,
1577 3983 1714 4037 nihil
1753 3998 1944 4038 eorum
1974 3983 2079 4037 im-

503 4075 733 4130 mortale
771 4089 896 4130 esse
976 4089 1098 4143 quae
1127 4083 1427 4128 nascuntur
1455 4088 1523 4128 ex
1565 4075 1815 4130 materia.
1848 4073 1946 4130 Sin
1979 4089 2078 4128 au-

503 4175 610 4220 tem
643 4168 872 4222 nmndus
896 4167 1021 4235 quia
1045 4181 1113 4221 ex
1144 4166 1369 4221 materia
1399 4165 1576 4221 factus
1601 4175 1706 4232 est,
1738 4181 1845 4220 non
1869 4175 1955 4221 est
1981 4167 2080 4220 im-

503 4258 780 4323 mortalis;
824 4258 1070 4312 mortalis
1119 4257 1209 4312 ille
1241 4259 1475 4312 mundus
1506 4259 1684 4314 eritne
1742 4259 2078 4328 corruptioni

499 4350 788 4412 obnoxius,
806 4350 1020 4405 annon?
1045 4349 1103 4406 Si
1130 4351 1299 4421 prius,
1325 4351 1446 4407 ideo
1464 4351 1796 4419 corruptioni
1814 4349 2081 4406 obnoxius

2174 1857 2314 1911 κατά
2348 1857 2473 1920 τοὺς
2520 1855 2842 1928 φθείροντας
2884 1857 2994 1927 (2:2)
3044 1857 3136 1910 τὸν
3177 1859 3381 1926 κόσμον
3415 1857 3550 1910 τοῦθ’
3575 1858 3714 1920 οὕτως

2175 1949 2307 2021 ἔχει·
2341 1947 2690 2019 πειράσονται
2721 1947 2777 2000 δὲ
2810 1947 3083 2002 δεικνύναι
3123 1949 3217 2000 καὶ
3260 1950 3306 2000 οἱ
3349 1948 3420 2019 μὴ
3449 1949 3710 2020 φθείροντες

2172 2041 2356 2104 αὐτὸν,
2403 2041 2542 2111 μετά
2572 2039 2664 2092 τοῦ
2703 2040 2777 2111 μὴ
2816 2039 3138 2113 προσίεσθαι
3174 2040 3421 2111 πέμπτον
3453 2041 3619 2111 σῶμα,
3649 2043 3710 2094 “an

2174 2133 2267 2187 καὶ
2315 2133 2438 2186 κατ’
2465 2133 2661 2196 αὐτοὺς
2697 2133 2794 2203 μία
2827 2135 2884 2195 ὲς
2923 2130 3154 2203 ἀμοιϐὴν
3205 2132 3550 2203 παλίντροπον
3589 2133 3711 2185 ἰοῦσα

2174 2225 2268 2278 καὶ
2301 2223 2522 2277 ὲπανιοῦ
2533 2225 2598 2277 σά
2620 2225 2765 2276 ἐστιν
2802 2225 2834 2295 ή
2864 2224 3079 2277 πάντων
3105 2224 3374 2294 σωμάτων
3398 2223 3562 2291 φύσις.
3585 2223 3711 2277 Οὕτω

2171 2316 2230 2369 δὲ
2263 2317 2356 2370 καὶ
2387 2315 2448 2369 τὸ
2481 2315 2850 2387 ἀπολλύμενον
2882 2317 2962 2379 είς
2991 2315 3304 2386 μεταϐολὴν
3342 2317 3449 2385 (⁸25)
3476 2316 3708 2386 διαμένει·

2173 2408 2232 2461 τὸ
2253 2407 2361 2479 γὰρ
2383 2408 2740 2479 ὑποκείμενον
2776 2411 2809 2480 ή
2841 2408 2966 2479 ὕλη,
3000 2407 3383 2480 ἀπολλυμένης
3408 2408 3500 2477 τῆς
3530 2409 3708 2478 ποιότη-

2171 2513 2283 2562 τος,
2315 2497 2580 2568 διαμένει,
2616 2498 2753 2551 κατὰ
2775 2498 2902 2561 τοὺς
2929 2497 3195 2568 ἀγένητον
3223 2499 3389 2568 αὐτὴν
3415 2500 3705 2566 εἰσάγοντας.

2186 2586 2311 2641 Ἐὰν
2349 2587 2600 2658 μέντοιγε
2627 2589 2826 2660 δυνηθῇ
2867 2605 2951 2651 τις
2979 2587 3295 2660 παραδεῖξαι
3319 2589 3472 2658 λόγος
3498 2592 3586 2643 οὐκ
3611 2590 3712 2657 ἀγέ-

2173 2696 2331 2752 νητον
2361 2679 2472 2753 ((24)
2504 2681 2695 2752 αὐτὴν,
2730 2679 2864 2733 ἀλλά
2907 2680 3042 2751 πρός
3066 2697 3190 2734 τινα
3221 2681 3404 2752 χρείαν
3436 2681 3707 2749 γεγονέναι,

2173 2769 2368 2840 δῆλον,
2423 2772 2506 2825 ὅτι
2552 2772 2653 2840 οὐχ
2695 2769 2804 2834 ἔξει
2851 2768 3012 2839 φύσιν
3059 2771 3188 2841 περὶ
3223 2771 3478 2840 διαμονῆς
3507 2770 3593 2839 τὴν
3633 2769 3712 2822 αύ-

2173 2861 2272 2933 τὴν
2307 2859 2434 2933 (25)
2477 2862 2552 2932 τῷ
2596 2861 2856 2933 ἀγένητος
2891 2860 3294 2916 ὕποτεθεῖσθαι.
3331 2859 3466 2913 Ἀλλ’
3495 2861 3550 2913 ού
3574 2859 3713 2913 ταῦτα

2176 2950 2271 3005 νῦν
2305 2954 2590 3025 πρόκειται
2612 2952 2926 3006 ἀπαντῶσιν
2952 2955 3086 3024 ἡμῖν
3120 2953 3252 3024 πρὸς
3273 2952 3370 3017 τὰς
3404 2951 3594 3004 Κέλσου
3636 2967 3716 3003 κα-

2177 3043 2436 3114 τηγορίας
2459 3043 2817 3114 φυσιολογεῖν.

2249 3156 2388 3224 Φησὶ
2421 3154 2466 3207 δ’
2498 3155 2580 3208 ὅτι
2609 3155 2703 3208 καὶ
2742 3173 2761 3206 ι
2802 3153 2933 3226 ὕλης
2978 3153 3200 3222 ἔκγονον
3229 3153 3384 3208 οὐδὲν
3411 3153 3663 3208 ἀθάνατον.
3695 3171 3709 3203 t

2179 3247 2289 3300 Καὶ
2323 3247 2460 3319 πρὸς
2488 3246 2646 3300 τοῦτο
2673 3245 2965 3312 λελέξεται,
2999 3245 3103 3309 ὅτι,
3129 3247 3288 3317 εἴπερ
3322 3245 3457 3315 ὕλης
3481 3245 3614 3298 οὐδὲν
3640 3244 3714 3296 ἔκ-

2177 3357 2332 3408 γονον
2354 3339 2640 3404 ἀθάνατον,
2675 3339 2792 3409 ἦτοι
2817 3338 3081 3402 ἀθάνατος
3115 3337 3236 3402 ὃλος
3268 3341 3297 3392 ὁ
3323 3340 3536 3410 κόσμος,
3552 3339 3717 3406 καὶούχ

2179 3437 2252 3496 ὡς
2297 3432 2430 3504 ὕλης
2467 3433 2618 3485 ἔστιν
2651 3431 2892 3500 ἔκγονον,
2935 3431 3029 3484 καὶ
3063 3430 3173 3483 οὐδ’
3211 3431 3376 3495 αὐτὸς
3418 3430 3524 3500 (26)
3563 3429 3717 3500 χρῆμά

2180 3527 2330 3579 ἐστιν
2357 3524 2642 3579 ἀθάνατον.
2674 3525 2736 3576 Ei
2762 3524 2858 3595 μὲν
2889 3518 2982 3578 οὖν
3007 3521 3278 3587 ἀθάνατος
3308 3525 3337 3576 ό
3370 3523 3578 3592 κόσμος,
3607 3521 3716 3590 ὅπερ

2181 3618 2402 3691 ἀρέσκει
2421 3619 2514 3670 καὶ
2538 3619 2651 3680 τοῖς
2673 3615 2808 3670 Θεοῦ
2837 3614 2994 3687 ἔργον
3012 3613 3230 3668 εἰποῦσι
3255 3615 3418 3685 μόνην
3437 3613 3527 3684 τὴν
3550 3611 3715 3682 ψυχὴν,

2181 3714 2274 3766 καὶ
2314 3711 2421 3765 ἀπό
2461 3727 2608 3772 τινος
2649 3709 2818 3781 αὐτὴν
2864 3709 3144 3779 κρατῆρος
3192 3707 3465 3775 γεγονέναι
3508 3704 3714 3772 λέγουσι·

2179 3801 2438 3858 δεικνύτω
2467 3802 2495 3854 ὁ
2523 3800 2727 3863 Κέλσος
2753 3799 2854 3852 οὕκ
2885 3798 2945 3862 ἔξ
2971 3797 3103 3869 ὕλης
3141 3798 3332 3849 ἀποίου
3358 3796 3512 3850 αὑτὸν
3537 3793 3717 3864 γεγονέ-

2179 3911 2297 3958 ναι,
2342 3890 2526 3964 τηρῶν
2569 3891 2658 3955 τὸ,
2690 3889 2821 3961 ὕλης
2859 3889 3080 3957 ἔκγονον
3112 3886 3268 3941 οὐδὲν
3300 3887 3584 3940 ἀθάνατον
3609 3883 3716 3949 είὸ’,

2181 3983 2304 4036 ἐπεὶ
2333 3983 2462 4052 ὕλης
2501 3981 2720 4050 ἔκγονόν
2747 3982 2894 4034 ἐστιν
2933 3984 2961 4034 ό
2996 3981 3222 4052 κόσμος,
3255 3981 3354 4034 οὐκ
3382 3981 3522 4033 ἔστιν
3550 3980 3717 4033 ἀθάνα-

2181 4090 2274 4126 τον
2303 4076 2332 4127 ό
2366 4073 2601 4141 κόσμος·
2637 4071 2829 4143 θνητὸν
2859 4073 2887 4124 ό
2920 4071 3144 4142 κόσμος,
3184 4066 3270 4144 ἆρ’
3303 4068 3395 4126 οὖν
3428 4073 3516 4126 καὶ
3539 4069 3717 4141 φθειρό-

2186 4181 2367 4235 μενον,
2393 4163 2426 4234 ἦ
2451 4165 2525 4235 μή
2548 4181 2561 4229 ;
2586 4165 2648 4216 Εἰ
2687 4165 2784 4234 μὲν
2810 4163 2919 4234 γὰρ
2951 4163 3307 4235 φθειρόμενον
3329 4205 3344 4229 ,
3372 4165 3447 4228 ὡς
3471 4162 3594 4218 Θεοῦ
3623 4162 3712 4232 (27)

2182 4255 2344 4328 ἔργον
2395 4256 2548 4309 ἔσται
2608 4255 2962 4328 φθειρόμενον
2989 4273 3002 4286 ”
3062 4254 3160 4308 εἶτ’
3213 4258 3272 4308 ὲν
3323 4259 3390 4328 τῇ
3440 4256 3600 4324 φθορᾷ
3642 4249 3716 4302 τοῦ

2183 4349 2390 4422 κόσμου
2422 4348 2485 4401 τὸ
2519 4347 2678 4420 ἔργον
2719 4348 2812 4401 τοῦ
2859 4347 2994 4402 Θεοῦ
3035 4350 3069 4418 ἡ
3115 4347 3262 4419 ψυχὴ
3300 4349 3351 4402 τί
3399 4348 3625 4417 ποιήσεις
3652 4343 3717 4393 λε-

499 4444 629 4506 erit,
665 4443 788 4511 quia
825 4443 915 4497 Dei
951 4459 1056 4498 non
1087 4454 1174 4499 est
1193 4458 1350 4514 opus.
1372 4443 1444 4498 At
1474 4442 1527 4496 in
1556 4442 1645 4497 illa
1673 4442 1862 4498 mundi
1889 4457 2075 4498 corru-

2186 4442 2330 4510 γέτω
2363 4443 2390 4495 ὁ
2431 4439 2656 4504 Κέλσος⁹
2698 4442 2746 4494 εί
2772 4439 2862 4507 δὲ,
2889 4439 3230 4512 διαστρέφων
3269 4439 3368 4511 τὴν
3412 4438 3600 4491 ἔννοιαν
3633 4432 3716 4487 τοῦ

503 4537 684 4602 ptioue
714 4535 840 4604 quid
869 4535 960 4589 flet
989 4536 1195 4599 anima,
1229 4550 1350 4604 quae
1375 4534 1467 4590 Dei
1497 4549 1634 4605 opus
1660 4534 1785 4589 est?
1817 4533 1913 4589 Sin
1939 4533 2077 4588 alio-

500 4640 720 4681 versum
791 4627 1107 4682 immortatis
1169 4627 1446 4682 notionem
1499 4627 1776 4696 accipiens
1840 4625 2075 4691 Celsus,

499 4720 648 4776 dicat
684 4722 946 4776 mttndum
989 4721 1354 4778 immortalem
1401 4736 1524 4777 esse
1561 4721 1706 4792 quod
1750 4734 1943 4775 revera
1976 4718 2080 4773 etsi

499 4814 872 4882 corruptibilis
919 4814 1022 4880 sit,
1073 4829 1180 4869 non
1220 4822 1634 4884 corrumpatur,
1669 4813 1926 4882 quodque
1973 4826 2077 4864 non

502 4901 660 4973 551
696 4904 949 4970 intereat,
985 4905 1200 4960 tametsi
1239 4905 1517 4961 interitmn
1568 4907 1681 4975 pati
1716 4905 1891 4975 possit
1923 4918 1938 4958 :
1970 4905 2078 4958 erit

574 5119 692 5191 (22)
731 5120 886 5174 Libb.
918 5119 1049 5191 editi
1094 5119 1146 5191 i_u
1185 5119 1464 5191 margine,
1506 5117 1856 5191 φθείραντας.
1912 5118 2080 5172 Paulo

505 5187 629 5263 post
669 5187 824 5263 inss.,
866 5188 1005 5263 μετά
1031 5187 1125 5241 τοῦ
1151 5187 1239 5263 μὴ
1273 5187 1612 5263 προσίεσθαι.
1640 5187 1916 5263 'Gelenius
1973 5205 2076 5263 non

507 5258 724 5339 agnovit
752 5258 1071 5339 particulam
1229 5258 1369 5339 intra
1399 5258 1862 5339 mss.,_iL7tdtv'rwv
1890 5258 2078 5339 σωμᾴ-

503 5327 613 5385 των
638 5327 814 5415 φύσίς.
845 5329 1004 5384 Libb.
1041 5327 1193 5394 editi,
1222 5331 1255 5400 ἡ
1302 5328 1517 5382 πάντων
1541 5327 1843 5400 ἀνθρώπων
1888 5329 2076 5398 σωμά-

504 5417 614 5454 των
641 5417 817 5462 φύσις.

856 5467 1216 5538 μεταϐολήν.
1249 5467 1416 5524 Recte
1441 5469 1664 5522 omnino
1696 5467 1860 5540 habet
1904 5467 2074 5540 codex

508 5537 867 5595 Basileensis.’
903 5540 1031 5593 Nam
1065 5541 1205 5606 quod
1224 5542 1526 5594 destruttur
1559 5542 1612 5592 in
1651 5537 1875 5600 mundo,
1905 5538 2073 5590 ἀπόλ-

507 5610 664 5664 λυται
699 5612 776 5671 εἰς
801 5610 1124 5682 μεταϐολήν,
1167 5626 1288 5682 cum
1319 5610 1368 5662 itt
1396 5610 1685 5682 materiam
1715 5608 1853 5682 alius
1881 5609 2073 5661 modus

511 5678 1007 5750 destructo'priore
1053 5678 1345 5750 Succedat,
1367 5678 1552 5747 sicque
1585 5679 1809 5732 materia
1854 5692 2074 5750 manere

509 5751 750 5820 quidem,
789 5747 883 5804 scd
927 5749 1032 5802 alio
1071 5750 1228 5802 modo
1272 5748 1464 5820 all'eeta
1509 5750 1868 5820 existimetur.
1913 5747 2068 5820 lgibh.

511 5816 645 5882 editi
685 5828 939 5890 corrupte
982 5821 1179 5877 habent
1203 5817 1576 5889 ἀπολλύμενόν
1605 5819 1738 5882 ἔστι,
1773 5816 2071 5886 μεταϐολὴν

2185 4531 2508 4596 ἀθάνατον,
2548 4533 2706 4602 φήσει
2757 4531 2836 4603 τῷ
2873 4531 3094 4602 φθαρτῷ
3155 4531 3284 4603 μὲν,
3333 4531 3393 4582 οὕ
3428 4525 3717 4599 φθειρομένῳ

2177 4626 2254 4689 δὲ,
2309 4625 2575 4680 ἀθάνατον
2623 4625 2786 4680 αὑτὸν
2856 4621 3016 4688 εἶναι,
3078 4623 3154 4687 ὡς
3202 4621 3446 4676 δεκτικὸν
3505 4621 3591 4690 μὲν
3644 4615 3718 4669 ϐα-

2178 4716 2364 4779 νάτου,
2398 4715 2457 4768 οὕ
2493 4716 2596 4786 μὴν
2624 4715 2680 4768 δὲ
2713 4715 2808 4769 καὶ
2839 4714 3249 4784 ἀποθνήσκοντα
3269 4728 3282 4740 ·
3321 4710 3475 4780 δῆλον
3495 4710 3568 4761 ὅτι
3599 4705 3719 4758 ἔσται

2177 4827 2228 4862 τι
2259 4811 2378 4862 κατ’
2414 4810 2621 4861 ἐκεῖνον
2651 4808 2845 4880 θνητὸν
2869 4807 2984 4878 ἅμα
3018 4806 3112 4860 καὶ
3158 4803 3446 4866 ἀθάνατον,
3478 4799 3550 4870 τῷ
3574 4801 3717 4868 ait?“

2178 4900 2354 4973 τέρων
2388 4896 2527 4954 εἶναι
2557 4900 2802 4954 δεκτικόν
2827 4918 2840 4931 ο
2875 4900 2969 4954 καὶ
2993 4898 3146 4952 ἔσται
3177 4896 3370 4968 θνητὸν
3403 4895 3500 4949 οὐκ
3525 4888 3719 4956 ἀποθνῆο

2186 5116 2457 5191 διαμένει.
2499 5120 2616 5174 Mox
2659 5120 2819 5191 iidem
2857 5119 2911 5172 in
2953 5119 3218 5191 margine,
3245 5119 3307 5191 τὸ
3335 5119 3442 5191 γὰρ
3465 5113 3716 5183 ὑποχείρια

2190 5187 2302 5251 νον,
2339 5190 2533 5261 melius
2559 5205 2722 5260 quam
2751 5190 2802 5261 in
2834 5197 3009 5261 textu,
3029 5187 3090 5240 τὸ
3113 5187 3527 5261 γάρλῦπομένον.

2259 5260 2376 5330 (24)
2413 5255 2724 5330 ΙΛΙώίιξιΙὶῐὶ
2758 5255 3456 5330 ἱηᾲᾼιηενιξίηε,νάγέννητον.

2259 5277 2376 5330 (24)
2413 5277 2572 5315 ιλιυι).
2595 5277 2724 5313 euttt
2758 5277 2809 5312 tn
2843 5277 3108 5324 margtne,
3143 5277 3177 5311 α
3219 5277 3456 5330 εννητον.

2256 5330 2382 5405 (25)Δ
2411 5331 2555 5405 Περὶ
2593 5327 2882 5405 διαμονῆς
2912 5328 3027 5405 τῂν
3047 5277 3261 5405 aﬂuit".
3291 5325 3718 5405 ﬁngenti-itep-

2185 5394 2568 5472 ί¹¹1ίιιῦίάειῐιτν
2603 5394 2740 5470 πρδς
2760 5394 3017 5472 διάμονὴν
3043 5398 3140 5472 τὴν
3173 5400 3363 5472 αὕτήν.
3393 5399 3580 5472 lhidem
3611 5394 3715 5472 libri.

2183 5469 2312 5588 etoliti
2355 5473 2408 5525 in
2457 5463 2729 5543 margine
2755 5463 2987 5536 hab-ent;
3018 5463 3110 5540 θεῷ’
3140 5463 3433 5541 ἀγέννήτος
3477 5463 3710 5520 ὑποτεθεῖ-

2184 5555 2214 5588 σ
2253 5557 2330 5588 αι-

2184 5555 2330 5594 συαι.

2255 5612 2370 5680 (26)
2399 5610 2510 5682 Kal
2560 5609 2688 5682 οὐδέ
2725 5611 2927 5682 αὑτός.
2979 5610 3123 5682 Lego
3181 5626 3309 5666 cum
3368 5605 3631 5664 Boherello
3675 5609 3715 5654 et

2190 5678 2406 5752 Gtticto,
2440 5680 2808 5752 ῆοῦδάὕτός.
3062 5678 3106 5752 ⁷-
3159 5750 3168 5752 _
3293 5748 3323 5752 __
3431 5749 3442 5752 _
3551 5742 3621 5752 ,η
3677 5735 3697 5748 .

2257 5751 2368 5823 (Ἦ)
2395 5742 2516 5818 ’Ὧς
2548 5751 2714 5806 Θεοῦ.
2750 5742 2894 5823 Lego
2923 5767 3045 5807 cum
3077 5748 3387 5816 Boherello,
3415 5749 3484 5814 de;
3516 5745 3571 5802 ού
3591 5742 3713 5797 6:03-
