3898 6536
130 447 132 449 ›
184 412 331 468 H39

1355 409 1633 467 CONTRA
1672 410 1950 469 CELSUL!
1988 410 2116 467 LIB.
2151 409 2239 467 ιν.

3289 414 3427 468 H30

181 549 336 595 σκον,
368 531 463 584 καὶ
508 530 570 584 τὸ
621 531 680 585 οὐ
719 535 786 603 τῇ
833 531 989 601 φύσει
1042 531 1330 596 ἀθάνατον,
1375 532 1528 604 παρὰ
1574 532 1636 585 τὸ
1683 531 1749 603 μὴ

1863 533 2028 604 igitur
2071 548 2142 588 ex
2189 535 2306 603 ipso
2349 548 2434 588 res
2464 533 2724 602 quaepiam
2757 530 3004 585 mortalis
3039 531 3199 584 simul
3231 543 3287 586 et
3322 534 3426 586 im~

176 624 569 690 ἀποθνήσκειν,
619 623 762 688 ἰδίως
792 624 1078 697 λεγόμενον
1103 625 1388 679 ἀθάνατον.
1425 626 1580 680 Κατὰ
1607 629 1759 679 ποῖον

173 713 271 771 οὖν
306 717 703 788 σημαινόμενον
726 715 1164 787 διαστελλόμενος
1191 718 1370 788 φήσει,
1390 737 1408 768 ι
1438 717 1568 790 ὖλης
1601 717 1759 786 ἔκγο-

174 829 268 864 νον
297 810 450 863 ούδὲν
483 810 778 876 ἁθάνατον;
822 830 840 862 ι
878 812 986 864 Καὶ
1011 812 1162 883 δρᾷς,
1189 811 1270 864 ὄτι
1300 810 1596 882 πιεζόμενα
1623 810 1760 864 αὐτὰ

174 905 270 958 καὶ
323 904 721 975 βασανιζόμενα
764 904 833 957 τὰ
888 905 944 957 ὲν
995 907 1108 968 τοῖς
1153 903 1444 976 γράμμασι
1492 905 1756 976 νοήματα,

171 996 510 1068 διελέγχεται
536 999 634 1051 οὐκ
687 998 1042 1068 ὲπιδεχόμενα
1069 997 1130 1050 τὸ
1168 1001 1410 1065 γενναῖον
1455 999 1548 1052 καὶ
1592 999 1756 1051 ἀναν-

171 1089 432 1161 τίῤῥητον
461 1089 592 1161 (‘28).
629 1089 810 1144 Εἰπὼν
841 1091 898 1143 δὲ
930 1090 1100 1144 ταῦτα
1134 1092 1403 1164 ἐπιφέρει,
1426 1092 1508 1146 ὅτι
1549 1111 1566 1144 ι
1594 1092 1754 1147 τοῦδε

174 1182 281 1251 μὲν
311 1183 436 1252 πέρι
483 1183 700 1253 ἀπόχρη
751 1182 1017 1236 τοσαῦτα·
1051 1184 1148 1236 καὶ
1193 1184 1243 1235 εἴ
1289 1201 1370 1247 τις
1429 1185 1521 1238 ἐπὶ
1576 1185 1757 1241 πλεῖον

171 1276 397 1328 ἀκούειν
442 1276 656 1330 δύναιτο
699 1279 792 1330 καὶ⁹
848 1277 1063 1349 ζητεῖν,
1096 1277 1318 1331 εἴσεται.
1341 1297 1360 1328 ι
1399 1277 1623 1348 Ἴδωμεν
1663 1275 1755 1332 οὖν

172 1371 341 1440 ἡμεῖς
387 1373 436 1423 oi
477 1370 596 1424 κατ’
624 1371 784 1424 αὑτὸν
818 1371 1052 1442 ἀνόητοι,
1079 1371 1131 1423 τί
1167 1370 1497 1440 ἠκολούθησε
1530 1369 1607 1441 τῷ
1653 1371 1754 1424 κᾶν

172 1462 262 1514 ἐπ’
310 1461 488 1530 ὀλίγον
525 1464 671 1533 ἡμᾶς
719 1461 882 1516 αὑτοῦ
943 1462 1160 1516 ἀκούειν
1206 1461 1495 1532 δυνηθῆναι
1529 1464 1622 1516 καὶ
1661 1463 1754 1534 ζη-

169 1572 308 1609 τειν.

254 1825 416 1895 Ἑξῆς
449 1824 657 1887 τούτοις
687 1824 755 1878 τὰ
786 1823 872 1877 διὰ
907 1824 1117 1878 πολλῶν
1152 1825 1245 1878 καὶ
1273 1825 1373 1877 οὐκ
1406 1824 1747 1896 εὐκαταφρο-

1865 626 2129 691 mortalis,
2170 641 2293 680 cum
2332 627 2384 680 in
2429 642 2548 681 eam
2580 639 2868 695 utrumque
2896 625 3092 680 cadere
3113 637 3297 694 queat.
3320 625 3429 682 Res

1862 718 2106 774 mortalis
2137 719 2242 773 erit
2271 733 2392 788 qua:
2420 733 2527 773 non
2551 719 2834 782 morietur,
2859 719 3073 788 etquod
3099 727 3294 772 natura
3319 735 3425 773 non

1860 809 1966 864 erit
2010 811 2335 872 immortale.
2367 810 2418 864 id
2467 820 2649 864 tamen
2679 812 2898 882 proprie
2923 809 3230 863 immortale
3264 824 3426 864 voca-

1860 903 2030 966 bitur,
2052 903 2178 972 quia
2217 918 2323 956 non
2364 901 2648 957 morietur.
2669 902 2782 970 Qua
2813 903 2980 974 igitur
3007 893 3424 972 significatione,

1861 1007 1966 1062 qna
1996 992 2348 1046 distinctione
2369 992 2546 1048 dicet:
2581 993 2713 1046 nihil
2738 993 3040 1048 immortale
3072 1007 3189 1048 esse
3233 1005 3422 1046 eorum

1861 1097 1984 1153 qua:
2032 1099 2095 1138 ex
2146 1083 2373 1138 materia
2428 1084 2594 1138 ﬁunt?
2627 1103 2645 1137 ι
2679 1085 2854 1154 Atque
2883 1101 2947 1139 ex
2987 1085 3071 1139 his
3113 1083 3260 1138 vides
3287 1082 3427 1137 Celsi

1857 1177 2155 1232 sententias
2196 1177 2517 1232 accuratinri
2557 1177 2758 1231 trutina
2809 1192 2914 1232 non
2947 1177 3425 1248 examinari,quin

1859 1269 2338 1337 deprehendantur
2392 1269 2525 1322 nihil
2576 1270 2776 1324 habere
2824 1269 2908 1325 cui
2965 1269 3261 1324 contradici
3321 1283 3426 1322 non

1858 1361 2051 1428 possit.
2085 1361 2178 1416 Sic
2210 1372 2388 1416 tamen
2423 1361 2512 1416 ille
2547 1361 2824 1416 concludit
2860 1380 2873 1416 :
2916 1379 2934 1412 ι
2972 1363 3044 1416 De
3075 1363 3176 1416 hac
3210 1376 3269 1415 re
3297 1361 3431 1415 satis

1855 1455 1972 1509 hazc
2033 1454 2257 1509 fuerint.
2315 1454 2472 1508 Plura
2529 1455 2666 1510 sciet
2719 1456 2814 1526 qni
2869 1455 3071 1509 diutius
3127 1455 3318 1509 audire
3372 1464 3430 1508 et

1857 1547 2132 1618 inquirere
2165 1550 2419 1618 pctuerit.
2459 1570 2479 1603 ι
2514 1548 2808 1605 Videamus
2839 1551 3002 1621 igitur
3035 1566 3133 1605 nos
3169 1566 3302 1619 quos
3331 1549 3424 1603 ille

1854 1655 1952 1709 pro
1992 1641 2222 1709 stupidis
2249 1640 2432 1708 habet,
2463 1643 2590 1711 quid
2621 1657 2742 1696 eum
2778 1643 3040 1711 tantisper
3067 1642 3336 1698 audiendo
3363 1652 3419 1698 et

1854 1733 2172 1801 inquirendo
2199 1735 2474 1788 consecuti
2509 1734 2788 1788 fuerimus.

1925 1824 2014 1878 6‘2.
2041 1822 2351 1894 Sequuntur
2375 1824 2514 1893 apud
2540 1824 2693 1878 illum
2716 1823 2935 1894 pauculi
2957 1825 3022 1878 de
3042 1833 3234 1878 natura
3259 1825 3425 1880 malo-

167 1920 349 1990 νήτων
388 1917 559 1985 λόγων
593 1917 847 1979 ποικίλως
881 1915 1179 1988 ζητηθέντα
1211 1917 1339 1988 περὶ
1373 1916 1586 1986 φύσεως
1646 1935 1746 1969 κα-

1859 1935 1968 1973 rum
1993 1920 2308 1987 verba,qna:
2333 1928 2510 1972 tamen
2537 1917 2780 1972 sullicere
2799 1926 3045 1985 putat,ut
3072 1917 3305 1972 celebris
3336 1919 3429 1971 illa

167 2010 305 2076 κῶν,
358 2012 453 2063 καὶ
482 2010 751 2082 διαφόρως
784 2011 1204 2083 ἑρμηνευθέντα,
1239 2009 1303 2062 δι’
1336 2007 1528 2076 ὀλίγων
1578 2007 1745 2073 λεξει-

166 2103 296 2156 δίων
330 2103 500 2156 οἴεται
531 2103 784 2157 δύνασθαι
817 2106 963 2175 ἡμᾶς
998 2103 1209 2176 μαθεῖν,
1244 2102 1493 2172 φάσκων·
1526 2121 1545 2152 ι
1584 2101 1745 2156 Κακὰ

164 2196 213 2249 δ’
245 2199 305 2250 ὲν
334 2199 446 2260 τοῖς
483 2193 631 2250 οὖσιν
683 2196 804 2250 οὔτε
847 2196 1100 2268 πρόσθεν,
1138 2195 1258 2249 οὔτε
1291 2195 1406 2260 νῦν,
1436 2193 1558 2247 οὔτε
1590 2191 1746 2259 αὖθις

161 2291 318 2362 ἥττω
372 2292 468 2343 καὶ
527 2291 696 2342 πλείω
748 2291 942 2358 γένοιτ’
976 2290 1061 2343 ἄν.
1105 2290 1217 2342 Μία
1243 2289 1351 2361 γὰρ
1385 2289 1558 2360 ἡτῶν
1611 2287 1745 2342 ὅλων

169 2382 334 2450 φύσις
366 2382 460 2434 καὶ
489 2383 520 2453 ἡ
548 2383 684 2454 αὐτή
705 2399 718 2412 ·
756 2383 849 2434 καὶ
881 2381 1065 2434 κακῶν
1099 2382 1310 2450 γένεσις
1343 2381 1428 2433 ἀεὶ
1460 2383 1492 2451 ἡ
1530 2381 1688 2452 αὐτή.
1722 2399 1740 2430 ι

171 2476 358 2528 Ἐοικε
391 2474 447 2528 δὲ
480 2477 573 2528 καὶ
595 2474 744 2528 ταῦτ’
778 2474 885 2527 ἀπὸ
915 2473 1024 2528 τῶν
1055 2476 1112 2526 ὲν
1145 2472 1222 2544 τῷ
1257 2471 1548 2538 Θεαιτήτῳ
1581 2489 1749 2546 παραυ

166 2567 506 2639 πεφράσθαι,
541 2570 598 2620 ὲν
642 2561 722 2631 οἷς
763 2567 945 2635 ἔλεγεν
993 2569 1022 2620 ό
1063 2565 1212 2638 παρὰ
1247 2565 1490 2620 Πλάτωνι
1529 2564 1750 2635 Σωκρά-

167 2677 295 2732 τηςο
329 2680 348 2712 ι
395 2659 534 2714 Ἀλλ’
562 2660 683 2715 οὔτε
716 2660 783 2714 τὰ
816 2660 962 2715 κακὰ
995 2661 1102 2732 (29)
1126 2659 1183 2727 ἐξ
1217 2658 1518 2732 ἀνθρώπιον
1550 2656 1748 2711 ἀπολέ-

167 2758 292 2809 σθαι
324 2755 564 2819 δυνατὸν,
595 2755 716 2808 οὔτε
741 2754 892 2827 παρὰ
913 2755 1054 2818 θεοῖς
1087 2753 1224 2807 αύτὰ
1262 2751 1526 2825 ἰδρύσθαι,
1557 2750 1650 2804 καὶ
1680 2748 1751 2804 τὰ

165 2847 316 2916 ἑξῆς.
359 2865 380 2897 ι
421 2848 530 2899 Καὶ
561 2847 708 2899 δοκεῖ
749 2863 838 2917 μοι
873 2846 1007 2918 μηδὲ
1036 2845 1319 2907 Πλάτωνος
1351 2842 1593 2915 ἀκριϐῶς
1614 2843 1751 2915 ἀκη-

165 2940 354 2994 κοέναι
387 2941 415 2992 ὁ
445 2939 544 3010 τὴν
595 2937 852 3011 ἀλήθειαν
905 2937 1390 3010 ἐκπεριλαμϐάνων
1447 2939 1506 2991 ὲν
1550 2935 1628 3008 τῷ
1671 2937 1752 2990 ἑνὶ

162 3032 343 3103 τούτῳ
375 3031 787 3104 συγγράμματι,
823 3033 916 3086 καὶ
965 3032 1290 3104 ἐπιγράφων
1335 3029 1532 3098 ἀληθῆ
1564 3030 1753 3099 λόγον

161 3124 226 3178 τὸ
258 3124 381 3178 καθ’
415 3124 572 3196 ημῶν
603 3123 796 3178 ἑαυτοῦ
833 3124 1052 3195 βιϐλίον
1100 3124 1165 3177 Ἦ
1197 3123 1304 3196 γὰρ
1336 3125 1393 3176 ὲν
1425 3122 1502 3194 τῷ
1540 3122 1751 3192 Τιμαίῳ

161 3220 312 3287 λέξις
346 3221 647 3292 φάσκουσα,
678 3239 695 3270 ι
723 3221 850 3273 ὅταν
881 3218 924 3271 δ’
954 3221 1000 3272 οἱ
1035 3217 1146 3271 θεοὶ
1179 3216 1287 3288 (50)
1318 3214 1415 3287 τὴν
1453 3215 1557 3286 γῆν
1599 3213 1750 3267 ὕδατι
1777 3244 1819 3301 C
1855 3224 2057 3263 manem

161 3314 491 3385 καθαίρωσι,
535 3334 553 3366 ι
579 3313 893 3386 δεδήλωκεν,
943 3313 1024 3364 ὅτι
1059 3308 1430 3382 καθαιρομένη
1469 3309 1504 3379 ἡ
1538 3307 1609 3378 γῆ
1635 3308 1749 3370 τοῖς

163 3407 356 3462 ὕδασιν
404 3408 602 3477 ⁴ἥττονα
648 3405 762 3476 ἔχει
793 3404 861 3459 τὰ
888 3404 1054 3466 κακὰ,
1081 3402 1234 3474 παρὰ
1264 3401 1355 3456 τὸν
1389 3399 1496 3472 πρὸ
1527 3397 1622 3453 τοῦ
1657 3415 1752 3452 κα‹

160 3500 452 3572 σαίρεσθαι
485 3501 694 3572 χρόνον.
725 3500 834 3552 Καὶ
864 3497 1023 3551 τοῦτό
1062 3513 1240 3567 φαμεν
1279 3493 1419 3549 κατὰ
1465 3492 1748 3555 Πλάτωνα,

157 3594 224 3647 τὸ
251 3594 454 3663 ἥττονα
492 3589 628 3646 εἷναί
663 3609 791 3645 ποτε
837 3591 906 3644 τὰ
938 3589 1105 3654 κακὰ,
1140 3589 1226 3642 διὰ
1253 3589 1350 3660 τὴν
1391 3591 1448 3642 ὲν
1479 3587 1557 3659 τῷ
1593 3590 1753 3641 Θεαι-

157 3685 322 3752 τήτῳ
369 3683 534 3750 λέξιν,
570 3686 883 3754 φάσκουσαν
945 3683 1019 3754 μὴ
1071 3681 1325 3736 δύνασθαι
1358 3679 1652 3734 ἀπολέσθαι
1691 3677 1752 3743 ἐξ

157 3778 470 3852 ἀνθρώπων
498 3778 566 3832 τὰ
597 3777 763 3832 κακά.

230 3955 352 4009 Ούκ
383 3950 500 4007 οἶδα
531 3953 586 4007 δὲ
616 3954 735 4006 τίνα
763 3953 962 4026 τρόπον
987 3954 1246 4024 Πρόνοιαν
1265 3954 1452 4017 τιθεὶς,
1496 3954 1620 4005 ὅσον
1660 3948 1754 4004 ἐπὶ

159 4052 281 4112 ταῖς
317 4046 497 4112 λέξεσι
555 4045 649 4099 τοῦ
701 4045 904 4116 βιϐλίου
949 4047 1164 4110 τούτου,
1205 4045 1330 4099 οὗτε
1370 4044 1589 4098 πλείονα
1640 4033 1753 4096 οὔτ’

159 4138 572 4203 ὲλάττονα,ἀλλ⁹
606 4140 767 4192 οἱονεὶ
807 4138 1086 4210 ὡρισμένα
1122 4138 1286 4210 φησὶν
1316 4134 1454 4191 εἶναι
1481 4136 1551 4190 τὰ
1583 4134 1751 4202 κακὰ,

161 4231 408 4302 ἀναιρῶν
462 4231 640 4301 δόγμα
672 4231 956 4284 κάλλιστον
1011 4231 1140 4302 περὶ
1194 4229 1288 4283 τοῦ
1321 4231 1566 4302 ἀόριστον
1618 4224 1754 4282 εἶναι

160 4327 259 4398 τὴν
283 4325 506 4389 κακίαν,
529 4326 624 4378 καλ⁸
644 4328 708 4378 τὰ
729 4325 895 4388 κακὲ,
912 4324 1006 4377 καὶ
1020 4323 1096 4394 τῷ
1117 4323 1230 4394 ἰδίῳ
1245 4323 1387 4393 λόγῳ
1404 4323 1622 4393 ἄπειρα.
1643 4322 1754 4374 Καὶ

163 4421 310 4474 ἔοικε
336 4419 448 4490 (51)
471 4418 549 4489 τῷ
569 4420 705 4489 μήτε
721 4417 868 4488 ἥττω
895 4419 1029 4490 μήτε
1048 4418 1266 4470 πλείονα
1285 4416 1430 4469 κακὰ
1451 4414 1752 4483 γεγονέναι,

161 4509 380 4583 ἢεῖναι
451 4509 484 4580 ἢ
543 4509 782 4571 ἔσεσθαι,
830 4509 1161 4572 ἀκολουθεῖν,
1206 4510 1308 4573 ὅτι,
1367 4507 1555 4579 ὥσπερ
1608 4506 1750 4559 κατὰ

1847 2010 2135 2080 multisque
2158 2020 2211 2066 et
2232 2011 2520 2066 elaboratis
2544 2009 2886 2064 sermonibus
2911 2017 3232 2076 pertractata
3271 2017 3432 2077 atque

1848 2101 1899 2154 in
1923 2102 2098 2156 varias
2118 2113 2298 2172 partes
2323 2102 2521 2172 agitata
2553 2103 2780 2170 quaestio
2812 2100 2966 2154 nobis
2990 2109 3268 2169 per-Specta
3299 2101 3428 2152 tiat:

1853 2211 1870 2241 ι
1922 2189 2107 2260 Neque
2157 2199 2313 2246 antea
2345 2191 2586 2258 fuerunt,
2622 2190 2815 2260 inquit,
2843 2203 3017 2258 neque
3065 2205 3212 2244 nunc
3277 2201 3427 2255 sunt,

1849 2295 2020 2350 neque
2045 2282 2096 2335 in
2119 2291 2391 2351 posterum
2413 2282 2670 2352 pauciora
2696 2282 2911 2351 plurave
2929 2282 2982 2336 in
3003 2281 3199 2336 mundo
3245 2280 3426 2335 futura

1847 2382 1974 2428 sunt
2002 2375 2162 2428 mala.
2198 2373 2314 2428 Una
2351 2384 2434 2428 est
2467 2375 2609 2428 enim
2648 2375 2811 2446 hujus
2859 2374 3098 2429 universi
3136 2382 3331 2428 natura
3369 2383 3429 2427 et

1848 2467 2070 2532 eadem;
2104 2467 2288 2520 eadem
2308 2483 2518 2536 quoque
2539 2481 2754 2537 semper
2776 2466 3041 2522 malorum
3065 2465 3364 2537 generatio.
3394 2486 3415 2519 ι

1849 2559 1914 2614 Ει
1959 2561 2070 2614 haec
2109 2575 2173 2615 ex
2213 2560 2469 2614 Theaeteto
2510 2560 2722 2613 videtur
2753 2557 3108 2628 explicatiora
3159 2557 3262 2611 huc
3309 2567 3424 2611 tra-

1850 2653 2090 2706 duxisse.
2122 2651 2196 2706 lbi
2245 2653 2390 2706 enim
2427 2650 2588 2705 Plato
2620 2651 2901 2706 Socratem
2947 2650 3077 2717 facit
3113 2647 3422 2703 dicentem:

1857 2762 1876 2794 ι
1910 2742 2096 2813 Neque
2127 2752 2187 2796 ut
2215 2757 2278 2795 ex
2307 2740 2616 2796 hominibus
2641 2739 2898 2793 tollantur
2926 2739 3065 2794 mala
3093 2737 3206 2792 ﬁeri
3226 2747 3423 2806 potest,

1857 2852 2034 2907 neque
2057 2844 2116 2889 ut
2147 2835 2288 2904 apud
2326 2837 2455 2888 deos
2474 2835 2733 2887 haereant.
2763 2851 2780 2884 ι
2804 2830 2911 2886 Sed
2942 2844 3116 2900 neque
3139 2829 3420 2884 Platonem

1852 2931 1989 2986 satis
2043 2927 2379 2982 intellexisse
2426 2925 2637 2979 videtur
2667 2923 2829 2978 homo
2862 2922 2974 2990 ille,
3001 2923 3093 2992 qui
3136 2921 3423 2976 veritatem

1852 3024 1954 3078 hoc
2009 3038 2117 3077 uno
2167 3021 2367 3088 scripto
2423 3016 2762 3086 complexum
2818 3030 2940 3070 esse
2999 3029 3057 3069 se
3131 3013 3424 3086 gloriatur,

1854 3114 2198 3185 libellumque
2244 3121 2428 3168 contra
2489 3125 2586 3165 nos
2650 3095 3007 3179 compositum
3091 3122 3267 3160 verum
3313 3121 3424 3160 ser-

2163 3203 2462 3275 inscripsit.
2539 3201 2673 3256 Nam
2777 3199 2894 3254 haec
2983 3197 3166 3252 Timaei
3239 3199 3422 3264 verba,

1857 3318 1878 3351 ι
1918 3300 2135 3369 quando
2186 3297 2261 3352 dii
2319 3306 2517 3349 terram
2561 3293 2718 3364 aquis
2743 3299 2997 3363 purgant,
3029 3309 3049 3342 ι
3079 3288 3296 3360 planum
3336 3289 3422 3343 la-

1850 3390 2020 3454 ciunt,
2051 3389 2103 3442 in
2135 3398 2278 3442 terra
2329 3385 2410 3440 sic
2467 3385 2621 3454 aquis
2677 3392 2909 3452 purgata
2981 3379 3236 3451 pauciora
3281 3377 3422 3434 mala

1852 3496 1995 3545 esse,
2036 3493 2200 3549 quam
2271 3486 2564 3545 antequam
2636 3483 2981 3544 purgaretur.
3043 3471 3182 3526 Mala
3245 3480 3423 3526 autem

1852 3578 2112 3646 pauciora
2151 3583 2281 3626 tunc
2313 3586 2432 3626 esse
2461 3570 2610 3637 dico,
2637 3577 2697 3623 ut
2737 3583 2822 3624 me
2866 3571 3146 3623 sententia:
3184 3565 3426 3620 Platonis

1853 3665 2283 3722 accommodem.
2334 3661 2476 3717 Nam
2521 3677 2587 3716 ex
2623 3660 2792 3716 citato
2838 3659 3083 3713 Thereteti
3132 3658 3252 3713 loco
3297 3673 3424 3712 sen-

1853 3763 1989 3817 sisse
2038 3759 2253 3814 videtur
2283 3756 2394 3823 ille,
2424 3756 2563 3809 mala
2605 3769 2672 3809 ex
2702 3751 3015 3807 hominibus
3056 3752 3280 3806 omnino
3308 3750 3424 3805 tolli

1855 3870 1959 3907 non
1992 3863 2171 3922 posse.

1923 3943 2012 3996 65.
2045 3940 2313 3996 Caeterum
2365 3952 2472 3992 non
2526 3936 2680 3991 video
2726 3937 2995 4007 quomodo
3042 3933 3255 3999 Celsus,
3307 3934 3421 4003 qui,

1856 4046 2022 4107 prout
2075 4042 2276 4088 sonant
2341 4030 2499 4098 hujus
2551 4028 2714 4084 libelli
2785 4030 2973 4095 verba,
3023 4027 3423 4082 Providentiam

1855 4128 2112 4192 admittit,
2139 4127 2286 4180 dicat
2347 4138 2521 4194 neque
2571 4123 2727 4193 plura
2781 4137 2955 4191 neque
2999 4120 3255 4190 pauciora
3299 4133 3422 4173 esse

1857 4225 2018 4288 mala,
2067 4233 2122 4276 et
2173 4235 2390 4291 semper
2433 4217 2591 4287 quasi
2642 4215 2864 4270 deﬁnito
2913 4217 3145 4283 quodam
3201 4227 3425 4266 numero

1855 4331 1996 4371 esse.
2027 4313 2119 4370 Sic
2152 4314 2295 4368 enim
2348 4311 2552 4364 tollitur
2595 4308 3022 4379 pulcherrimum
3067 4307 3170 4360 hoc
3204 4305 3424 4375 dogma,

1858 4407 2147 4476 nequitiam
2201 4419 2305 4458 non
2354 4417 2475 4457 esse
2520 4401 2823 4466 delinitam,
2877 4413 2972 4454 seu
3021 4397 3161 4451 mala
3230 4406 3422 4466 suapte

1858 4511 2053 4554 natura
2097 4511 2216 4550 esse
2272 4495 2502 4549 infinita.
2544 4492 2655 4547 lmo
2687 4507 2755 4546 ex
2786 4491 2888 4546 hac
2917 4489 3204 4552 sententia,
3250 4504 3425 4558 neque

162 4608 294 4670 τοὺς
339 4603 612 4675 ἄφθαρτον
655 4604 746 4656 τὸν
791 4603 994 4674 κόσμον
1024 4601 1322 4675 τηροῦντας
1348 4602 1409 4654 τὸ
1445 4601 1746 4655 ἰσοστάσιον

1859 4595 2037 4656 luisse,
2071 4603 2244 4660 neque
2277 4602 2427 4654 esse,
2459 4602 2632 4656 neque
2662 4584 2844 4640 futura
2873 4598 2995 4639 esse
3028 4582 3280 4652 pauciora
3308 4581 3424 4650 pln-

161 4699 274 4751 τῶν
338 4696 614 4767 στοιχείων
661 4696 768 4749 ἀπὸ
797 4697 896 4766 τῆς
948 4694 1210 4767 Προνοίας
1241 4697 1472 4763 γίνεται,
1506 4695 1605 4749 οὐκ
1625 4697 1746 4748 ἐπι-

161 4790 479 4863 τρεπούσης
514 4789 853 4842 πλεονεκτεῖν
885 4788 950 4841 τὸ
993 4788 1050 4841 ἓν
1098 4787 1294 4852 αὐτῶν,
1339 4787 1425 4841 ἵνα
1461 4787 1534 4859 μὴ
1577 4788 1608 4841 ὁ
1654 4787 1747 4840 κό-

165 4899 309 4954 σμος
371 4881 579 4952 φθαρῇο
631 4877 802 4941 οὕτως
863 4879 1022 4931 οἱονεὶ
1053 4878 1284 4949 Πρόνοια
1341 4894 1423 4940 τις
1479 4879 1745 4948 ἐφέστηκε

163 4978 280 5039 τοῖς
317 4976 526 5035 κακοῖς,
556 4971 791 5024 τοσοῖσδε
826 4970 1204 5041 τυγχάνουσιν,
1235 4971 1321 5022 ἵνα
1353 4972 1488 5042 μήτε
1523 4971 1744 5024 πλείονα

164 5067 396 5138 γένηται
431 5067 567 5137 μήτε
599 5067 814 5136 ἥττονα.
843 5066 954 5118 Καὶ
984 5065 1156 5128 ἄλλως
1188 5064 1231 5116 δ’
1266 5065 1543 5135 ἐλέγχεται
1578 5067 1606 5118 ό
1649 5063 1743 5118 τοῦ

165 5159 386 5212 Κέλσου
435 5158 562 5228 περὶ
606 5158 714 5211 τῶν
759 5155 942 5210 κακῶν
991 5155 1146 5224 λόγος
1174 5157 1281 5209 ἀπὸ
1312 5156 1420 5209 τῶν
1460 5155 1746 5221 ὲξετασάν-

167 5267 278 5304 των
321 5249 624 5320 φιλοσόφων
647 5249 756 5321 (52)
779 5247 845 5302 τὰ
877 5250 1003 5321 περὶ
1034 5248 1251 5318 ἀγαθῶν
1284 5249 1378 5302 καὶ
1411 5249 1616 5312 κακῶν,
1652 5249 1745 5301 καὶ

241 5440 360 5512 (28)
395 5439 465 5494 Τὸ
517 5437 796 5512 γενναῖον
830 5437 945 5512 Δκαὶ
998 5436 1446 5512 ἀναντιξῤῥητοις.
1479 5432 1736 5512 Sic_m_ss.

169 5505 486 5567 Libri'vero
525 5505 687 5572 'editi,
725 5507 786 5560 τὸ
817 5509 1108 5576 ἀναγκαῖον
1135 5511 1378 5573 γενναῖον
1410 5505 1739 5576 ἀναντίρρηο

167 5599 286 5636 τον.
324 5582 519 5637 Gnieto
561 5581 800 5646 mihique
840 5580 1108 5647 glos~emn
1145 5580 1374 5641 videtur,
1421 5578 1735 5644 ἀναγκαῖον,

171 5653 319 5722 quod
352 5654 404 5706 in
443 5651 602 5705 editis
628 5648 922 5722 includitur
947 5648 1240 5722 uncinuli_s.

243 5722 358 5794 (29)
399 5723 548 5794 Ἁλλῗ
588 5721 725 5794 οὒτε
747 5719 824 5794 τὰ.
843 5717 1023 5794 κακᾷ,
1049 5727 1152 5794 e_tc.
1179 5717 1331 5794 Plato
1363 5723 1414 5772 in
1433 5713 1740 5794 ⁵Τριιαηεςο,

173 5786 302 5859 pair.
341 5786 442 5846 176
484 5810 498 5846 ;
539 5791 678 5846 Ἀλλ’
713 5789 825 5842 οὒτ’
859 5787 1151 5843 ἀπολέσθαι
1189 5789 1260 5842 τὰ
1313 5787 1458 5859 κακὰ
1497 5786 1740 5859 δυνατὸν,

171 5853 220 5922 ιῖι
248 5853 509 5936 Βεόὸωρεζ
539 5861 851 5936 ύπεναντίον
885 5861 992 5936 γάρ
1022 5877 1088 5936 τι
1121 5859 1207 5936 ,τῷ
1248 5855 1435 5936 ἁγαθῷ
1608 5853 1744 5936 εἶναι

173 5909 566 6007 ἷνᾶπῖἷιῆῗ⁸’ἇῠτῖ
582 5909 664 5986 Et
678 5909 820 5996 ὅέόέξ
836 5909 986 5985 ἀὀζᾶ
1020 5909 1067 5983 ιδ
1075 5909 1307 6000 suam?
1324 5909 1424 6001 ἰέῆὗ
1463 5909 1531 5981 ἐξ
1547 5909 1746 5999 θνητὴν

496 6029 766 6090 Ρλτιιοι.
813 6027 929 6089 Gn.
976 6027 1090 6104 Χῖ,

1853 4699 1982 4740 rave
2029 4682 2191 4748 mala,
2241 4694 2586 4749 consequens
2616 4693 2736 4733 esse
2773 4677 3006 4734 videtur.
3049 4683 3132 4740 ut,
3164 4677 3424 4744 quemad—

1853 4777 2071 4833 modum
2091 4774 2459 4839 Providentia,
2481 4771 2776 4828 secundum
2797 4770 3221 4840 incorruptibilis
3238 4769 3423 4824 mundi

1856 4871 2191 4936 defensores,
2218 4869 2485 4924 elementa
2537 4868 2732 4921 retinet
2760 4865 2913 4934 quasi
2952 4865 3171 4935 paribus
3218 4864 3425 4918 exami-

1854 4979 1978 5020 nata
2028 4963 2376 5035 ponderibus,
2403 4975 2501 5017 nec
2548 4959 2681 5014 sinit
2729 4973 2894 5012 unum
2921 4958 3085 5040 ex‘iis
3130 4957 3424 5028 praevalere

1854 5074 1920 5112 ne
1973 5057 2205 5112 mundus
2247 5063 2468 5124 pereat;
2525 5053 2603 5108 sic
2653 5051 2817 5106 etiam
2874 5051 3117 5122 qnzndam
3172 5059 3227 5105 et
3261 5049 3425 5104 malis

1854 5170 1973 5225 qua:
2003 5164 2285 5226 tantopere
2332 5152 2615 5210 abundant
2661 5151 3007 5207 Providentia
3060 5149 3259 5221 praesit,
3303 5164 3426 5218 qua:

1855 5247 2078 5318 impedit
2104 5246 2394 5316 quominus
2439 5253 2649 5300 crescat
2689 5243 2851 5315 552
2889 5252 2982 5298 aut
3020 5245 3304 5297 decrescat
3333 5255 3429 5296 eo-
3487 5243 3494 5246 “’

1843 5432 2002 5504 φύσιν
2032 5432 2124 5487 καὶ
2151 5431 2298 5486 τόνδε
2328 5432 2417 5504 τὸν
2448 5431 2610 5484 τόπον
2643 5429 3012 5504 περιπολεῖγὲξ
3049 5430 3312 5504 ἀνάγκης.
3338 5407 3358 5435 ⁸

1917 5505 2026 5574 (50)
2086 5505 2268 5556 Ὅταν
2320 5503 2372 5556 δ’
2430 5507 2484 5574 gl
2542 5505 2684 5568 θεοί,
2717 5500 3046 5574 'etc._Plato
3095 5502 3148 5555 in
3205 5500 3427 5574 T_in_uro,

1843 5571 1968 5644 pag.
1986 5571 2088 5629 22:
2125 5574 2290 5645 Ὅταν
2318 5574 2362 5626 δ’
2391 5571 2456 5626 αὖ
2482 5575 2530 5626 oi
2550 5574 2797 5645 θεοιμτην
2826 5572 2928 5645 γὴν
2957 5571 3429 5645 ὕδασι-καθαίρον-

1844 5641 1940 5708 τες
1986 5642 2420 5710 κατακλύζωσιν,
2473 5656 2578 5698 etc.
2650 5641 2848 5698 ibidem
2886 5641 3060 5698 'codd.
3121 5641 3324 5707 Regius
3371 5653 3426 5694 et

1847 5715 2500 5786 Βιιδιιυειιεὶεβεδήλωκεν
2531 5715 2633 5770 ὅτι.
2662 5713 2813 5768 Libb.
2835 5711 3292 5786 editi,8a6r"}.w:a_t_t
3320 5713 3423 5766 ὅτι.

1918 5785 2030 5856 (51)
2063 5782 2343 5840 Bolierello
2374 5787 2985 5856 scribendunrvidetur,
3022 5782 3220 5837 καίτοι
3252 5782 3421 5856 ἔοικε.

1889 5852 2029 5981 6(32)
2057 5857 2428 5928 Φιλοσόφων.
2459 5857 2550 5914 Sic
2578 5870 2708 5912 mss.
2731 5854 2878 5911 Libri
2910 5870 3039 5910 vero
3065 5856 3224 5918 edit.,
3276 5852 3426 5922 φιλο-

1922 5943 2053 5981 cm.

1857 5943 2053 5996 σοφως.

3031 6018 3113 6083 ’36
