3898 6540
519 433 649 489 “3|

1925 426 2244 483 OBICENIS

3606 440 3747 494 “Si

519 572 634 611 rom
685 567 958 607 innuerus.
988 550 1082 607 Est
1106 558 1161 606 et
1188 551 1292 606 alia
1330 550 1633 606 refellenda:
1656 551 1794 605 Celsi
1823 551 1887 606 de
1922 551 2053 605 mali:

2177 552 2644 623 παραστησάντων
2690 554 2782 607 καὶ
2812 555 2920 608 ἀπὸ
2964 556 3061 627 τῆς
3105 557 3361 628 ἱστορίας,
3403 558 3484 611 ὅτι
3533 561 3750 631 πρῶτον

515 647 785 715 opinionis
829 646 916 698 via
966 658 1126 715 quam
1177 642 1332 698 nobis
1371 642 1673 713 pliilOSOphi
1700 643 2065 712 suppeditant.

516 738 579 793 lli
630 739 772 792 enim
827 738 969 791 illam
1004 737 1071 791 de
1101 736 1253 792 bonis
1294 746 1347 789 et
1376 736 1529 789 malis
1560 736 1909 805 quaestionem
1942 751 2069 790 ver-

514 830 1006 892 santes,historicis
1042 830 1401 883 monumentis
1431 830 1727 899 probarunt
1760 829 2070 884 meretrices

515 926 949 994 prmterenntinm
985 924 1245 977 voluntati
1278 924 1636 992 morigeratus
1662 936 1805 986 esse,
1831 923 2061 990 prinnnn

513 1019 728 1088 quidem
757 1027 908 1072 extra
940 1019 1118 1077 urbes.
1139 1025 1190 1073 et
1217 1025 1557 1084 personatas;
1591 1015 1783 1070 deinde
1805 1025 1955 1071 extra
1981 1031 2069 1069 ur-

514 1109 610 1165 bes
656 1110 872 1179 quidem
899 1111 1178 1173 mansisse,
1211 1109 1335 1177 quia
1375 1107 1577 1179 ingredi
1615 1107 1757 1177 leges
1797 1116 2064 1172 vetarent,

512 1204 606 1257 sed
634 1204 793 1256 larvis
808 1213 861 1257 et
892 1202 1093 1271 pudore
1111 1203 1395 1271 depositis;
1432 1204 1672 1268 tandem,
1699 1211 1981 1257 crescente
2014 1204 2065 1255 iu

510 1295 629 1350 dies
655 1296 1057 1364 depravatione,
1088 1310 1247 1348 ausas
1274 1309 1393 1349 esse
1420 1295 1470 1347 iu
1503 1296 1662 1348 urbes
1693 1293 2067 1363 ingrediJlmc

510 1389 586 1441 ait
609 1385 934 1458 Chrysippus
959 1396 1191 1441 tractatu
1218 1386 1289 1440 De
1311 1387 1456 1440 bonis
1479 1398 1525 1439 et
1546 1387 1719 1441 malis.
1746 1386 1845 1442 Ubi
1877 1387 2062 1450 etiam,

510 1480 561 1535 id
615 1480 757 1550 quod
806 1488 1126 1551 argumento
1162 1488 1243 1534 est
1299 1479 1438 1532 mala
1485 1494 1734 1534 crescere
1775 1488 1829 1533 et
1873 1479 2062 1546 minui,

506 1573 692 1627 videre
735 1572 857 1626 licet
905 1572 1167 1641 quosdam
1230 1569 1394 1624 fuisse
1423 1571 1575 1635 olim,
1607 1570 1876 1640 ambiguos
1907 1586 2064 1626 voca-

505 1661 661 1723 bant,
701 1660 790 1731 qui
832 1660 1082 1730 patiendo
1111 1670 1204 1714 aut
1239 1659 1520 1714 inferendo
1559 1669 1747 1730 stupro
1782 1676 1878 1729 pro
1903 1674 2063 1715 acce-

505 1756 745 1810 dentium
794 1753 1016 1809 libidine
1065 1752 1365 1820 servirent;
1392 1769 1528 1823 quos
1552 1765 1733 1824 postea
1757 1754 1939 1809 ardiles
1970 1769 2065 1809 ex-

506 1848 885 1903 terminarunt.
938 1846 1204 1902 Sexcenta
1245 1856 1371 1901 sunt
1416 1846 1555 1901 mala
1614 1862 1733 1911 qua:
1787 1848 1838 1901 in
1893 1846 2061 1902 vitam

2176 643 2274 713 μὲν
2297 644 2399 707 ἔξω
2427 645 2630 709 πόλεως
2653 646 2747 715 καὶ
2776 652 3089 719 προσωπεῖα
3114 650 3490 721 περικείμεναι
3511 654 3566 705 αἱ
3600 655 3750 707 ἑταῖ-

2173 752 2263 806 ραι
2314 735 2627 805 ἐξεμίσθουν
2675 738 2870 802 ἑαυτὰς
2913 741 3022 802 τοῖς
3067 738 3438 811 βουλομένοις·
3468 739 3565 795 εἷθ’
3593 744 3752 798 631e-

2173 845 2264 899 ρον
2317 831 2792 902 καταφρονήσασαι
2848 832 3109 885 ἀπέθεντο
3150 833 3218 887 τὰ
3262 839 3595 905 προσωπεῖα,
3655 841 3748 889 καὶ

2170 922 2275 974 ὑπὸ
2319 921 2425 973 τῶν
2472 922 2651 993 νόμων
2690 924 2763 994 μὴ
2811 924 3232 996 ἐπιτρεπόμεναι
3273 927 3499 980 εἰσιέναι
3540 931 3620 992 εἰς
3651 930 3747 993 τὰς

2171 1014 2371 1078 πόλεις,
2408 1014 2512 1079 ἔξω
2532 1011 2672 1087 ἦσαν
2700 1016 2876 1069 αὐτῶν
2896 1033 2909 1046 ·
2946 1017 3188 1081 πλείονος
3216 1018 3273 1070 δὲ
3299 1019 3398 1089 τῆς
3419 1020 3747 1093 διαστροφῆς

2170 1108 2457 1179 γινομένης
2507 1109 2796 1181 ὁσημέραι,
2843 1109 3144 1181 ἐτόλμησαν
3174 1110 3266 1163 καὶ
3308 1114 3388 1174 είς
3422 1113 3524 1176 τὰς
3563 1114 3746 1177 πόλεις

2169 1200 2440 1253 εἰσελθεῖν.
2500 1200 2684 1254 Ταῦτα
2732 1201 2788 1253 δὲ
2834 1201 3151 1273 Χρύσιππός
3198 1219 3360 1273 φησιν
3402 1206 3459 1256 ἐν
3507 1208 3574 1276 τῇ
3607 1206 3743 1274 Περὶ

2167 1288 2402 1359 ἀγαθῶν
2444 1290 2541 1342 καὶ
2589 1290 2790 1343 κακῶν
2819 1292 3108 1363 Εἰσαγωγῇ
3137 1292 3267 1362 (53).
3307 1292 3493 1355 Ὅθεν,
3534 1294 3611 1357 ὡς
3638 1295 3746 1348 τῶν

2167 1382 2353 1435 κακῶν
2382 1382 2636 1437 πλειόνων
2673 1384 2764 1437 καὶ
2788 1384 3022 1456 ἡττόνων
3050 1385 3367 1456 γινομένων,
3394 1386 3512 1439 ἔστι
3538 1387 3742 1451 λαϐεῖν,

2166 1475 2247 1527 ὅτι
2272 1476 2319 1527 οἱ
2348 1476 2667 1547 καλούμενοι
2684 1478 2994 1546 ἀμφίϐολοι
3014 1473 3153 1549 ἦσαν
3173 1496 3300 1531 ποτε
3322 1482 3741 1551 προεστηκότες,

2166 1568 2463 1640 πάσχοντες
2493 1570 2587 1623 καὶ
2612 1570 2955 1635 διατιθέντες,
2979 1571 3071 1623 καὶ
3104 1574 3221 1636 ταῖς
3268 1572 3589 1644 ἐπιθυμίαις
3639 1574 3740 1625 τῶν

2166 1661 2437 1715 εἰσιόντων
2480 1661 2838 1727 δουλεύοντες.
2894 1663 3157 1735 ’Ύστερον
3214 1664 3269 1718 δὲ
3311 1667 3357 1718 οἱ
3410 1666 3740 1737 ἁγορανόμοι

2163 1751 2381 1815 τούτους
2434 1752 2659 1819 ἐξῶσαν.
2693 1754 2803 1807 Καὶ
2857 1755 2981 1825 περ).
3036 1754 3244 1826 μυρίων
3287 1754 3331 1807 δ’
3382 1755 3448 1809 ἂν
3484 1756 3595 1809 τῶν
3638 1758 3741 1810 ἀπὸ

2164 1844 2467 1917 κεχυμένης
2486 1845 2584 1915 τῆς
2615 1845 2810 1907 κακίας
2840 1844 3256 1899 ἐπεισελθόντων
3285 1847 3361 1917 τῷ
3392 1846 3491 1918 βίῳ
3516 1848 3633 1902 τῶν
3654 1850 3739 1902 ἁν-

504 1936 780 1991 bominum
831 1939 1052 2006 profusa
1096 1938 1305 1991 induxit
1335 1938 1560 2003 malitia,
1596 1938 1663 1993 de
1710 1938 1906 2007 quibus
1956 1940 2053 1994 dici

2164 1935 2395 2008 θρὼπων
2450 1934 2593 1990 ἔστιν
2643 1938 2834 1998 εἰπεῖν,
2857 1938 2939 1990 ὅτι
2981 1937 3242 2010 πρότερον
3270 1938 3369 1992 οὐκ
3403 1935 3487 2010 ἦν.
3518 1942 3586 1992 Αἱ
3616 1940 3737 2009 γοῦν

503 2038 678 2097 potest
701 2041 761 2081 ea
803 2028 952 2096 prius
995 2044 1098 2083 non
1134 2027 1322 2083 fuisse.
1361 2032 1529 2097 Atque
1563 2030 1726 2083 etiam
1756 2030 2066 2086 vetustissi-

504 2133 604 2174 mm
641 2120 902 2186 hismriae,
941 2136 1249 2190 quanquam
1286 2121 1569 2175 innumera
1606 2132 1834 2176 narrant
1889 2122 2063 2176 delin-

500 2214 782 2283 quentium
838 2214 1066 2279 scelera,
1110 2214 1269 2269 silent
1319 2214 1385 2270 de
1440 2214 1548 2269 illis
1599 2215 1690 2286 qui
1730 2230 1787 2270 se
1830 2213 2064 2271 infandis

501 2306 868 2375 voluptatibus
897 2307 1178 2361 ministros
1211 2307 1472 2376 praebent.

572 2396 663 2450 64.
694 2395 823 2463 Quae
856 2397 1068 2467 aliaque
1093 2399 1287 2452 similia
1315 2414 1437 2454 cum
1467 2400 1539 2454 ita
1566 2400 1692 2465 sint,
1722 2416 1899 2457 nonne
1935 2417 2058 2471 per-

500 2483 765 2540 ridiculos
796 2498 879 2543 est
912 2474 1124 2551 Celsus,
1162 2504 1285 2543 cum
1331 2500 1491 2561 negat
1533 2492 1786 2561 pauciora
1823 2509 2057 2563 unquam

498 2588 589 2633 aut
643 2578 793 2649 plura
853 2594 973 2635 esse
1023 2579 1336 2635 malaiEtsi
1389 2581 1531 2635 enim
1572 2596 1676 2637 una
1732 2584 1803 2638 sit
1857 2595 1908 2638 et
1963 2599 2058 2639 ea-

497 2671 618 2725 dem
653 2672 810 2741 hujus
870 2673 1111 2727 univcrsi
1154 2681 1373 2737 natura,
1408 2689 1512 2729 non
1560 2676 1817 2729 continuo
1871 2676 2061 2729 cadent

489 2778 707 2833 seraper
734 2773 820 2818 est
848 2763 1105 2818 malorum
1138 2767 1431 2835 generatio.
1470 2765 1605 2820 Nam
1640 2776 1697 2821 ut
1736 2768 1808 2824 sit
1833 2783 1934 2821 una
1965 2782 2059 2821 cu-

488 2855 686 2925 jusque
744 2856 981 2912 IlOllliltiS
1026 2866 1238 2923 natura,
1269 2875 1374 2913 non
1410 2869 1590 2915 tamen
1624 2861 1811 2915 eadem
1844 2876 2062 2933 semper

492 2961 554 3000 se
615 2947 820 3001 ratione
874 2947 1080 3003 habent
1134 2965 1307 3018 mens,
1364 2952 1537 3015 ratio,
1598 2952 1860 3009 actiones.
1902 2952 2059 3006 Modo

492 3054 727 3109 namque
759 3040 998 3093 nondum
1034 3041 1258 3096 rationis
1284 3059 1437 3097 usum
1465 3052 1746 3099 assecutus
1769 3053 1872 3110 est,
1899 3044 2058 3099 modo

489 3146 612 3183 cum
668 3132 879 3187 ratione
925 3132 1130 3188 malitia
1181 3135 1546 3204 coujungitur,
1590 3137 1812 3207 haecque
1854 3138 2055 3193 malitia

488 3224 651 3276 modo
702 3223 871 3292 major
919 3235 1023 3287 est.
1072 3228 1233 3307 modo
1284 3228 1491 3293 minor;
1538 3228 1828 3300 aliquando
1865 3230 2051 3285 virtuti

486 3313 689 3380 studet,
736 3314 789 3367 in
839 3330 1012 3385 eaque
1058 3318 1230 3387 magis
1288 3321 1373 3371 vel
1424 3320 1600 3374 minus
1649 3322 1893 3390 prolicit;
1953 3321 2054 3375 ali-
2082 3309 2123 3331 ’⁸

489 3406 705 3473 quando
756 3407 821 3460 ad
861 3423 1132 3463 summam
1189 3414 1454 3480 pervenit,
1492 3415 1585 3469 sed
1639 3416 2052 3486 contemplatio-

490 3502 650 3556 nibus
701 3507 860 3559 modo
894 3506 1164 3576 pluribus,
1206 3511 1367 3563 modo
1412 3512 1781 3580 paucioribus.
1816 3516 1871 3569 Id
1908 3517 2051 3571 simi-

488 3594 611 3649 liter
659 3603 714 3649 et
754 3596 924 3651 multo
973 3599 1147 3669 magis
1183 3600 1465 3656 dicendum
1517 3614 1600 3659 est
1640 3606 1707 3661 de
1738 3607 1896 3677 hujus
1931 3612 2051 3664 uni-

487 3688 630 3743 versi
684 3698 896 3754 natura,
930 3692 984 3746 in
1016 3707 1149 3761 quo,
1187 3696 1437 3764 quamvis
1479 3712 1581 3750 una
1626 3699 1743 3770 ejus
1775 3711 1829 3755 et
1860 3703 2047 3757 eadem

486 3782 786 3836 universim
820 3792 1013 3837 natura
1048 3788 1137 3849 sit,
1177 3803 1281 3840 non
1312 3789 1499 3842 eadem
1545 3799 1722 3845 tamen
1756 3804 1809 3846 et
1853 3795 2049 3849 similia

481 3888 699 3943 semper
721 3875 996 3932 accidunt.
1028 3874 1213 3947 Neque
1245 3879 1388 3932 enim
1426 3895 1637 3951 semper
1666 3882 1914 3939 fertilitas
1946 3897 2045 3954 est,

486 3975 579 4019 aut
614 3966 898 4033 sterilitas,
941 3979 1035 4022 aut
1077 3968 1289 4038 pluviae,
1315 3981 1406 4025 aut
1444 3973 1679 4028 siccitas.
1738 3976 1827 4031 Sic
1877 3996 2051 4049 neque

484 4056 747 4111 bonarum
781 4058 1085 4113 animarum
1137 4077 1354 4129 semper
1412 4065 1581 4119 bonus
1620 4080 1913 4136 proventus
1944 4082 2045 4141 est,

482 4164 658 4220 neque
705 4151 912 4216 malus;
943 4160 998 4206 et
1027 4153 1281 4208 vitiorum
1328 4157 1599 4212 interdum
1646 4161 1766 4229 plus
1806 4176 1910 4231 est,
1962 4166 2049 4219 in-

482 4241 695 4296 terdum
734 4242 933 4300 minus.
960 4245 1138 4315 Atque
1166 4247 1267 4301 hoc
1296 4250 1472 4304 sciant
1499 4264 1710 4321 oportet
1741 4256 1829 4324 qui
1867 4258 2049 4313 omnia

480 4336 770 4406 diligenter
796 4338 1126 4406 perscrutari
1155 4340 1366 4408 volunt,
1394 4344 1532 4397 mala
1571 4361 1677 4399 non
1709 4348 1896 4402 eadem
1928 4365 2049 4405 esse

480 4442 715 4497 semper,
738 4428 852 4483 sive
896 4429 1238 4485 Providentia
1285 4443 1483 4488 terram
1506 4452 1612 4506 quo
1635 4447 1779 4493 statu
1811 4451 1893 4496 est
1918 4458 2051 4497 con-

480 4526 681 4583 servet,
713 4520 828 4574 sive
882 4520 1027 4576 illam
1089 4521 1309 4579 diluviis
1358 4536 1451 4579 aut.
1493 4529 1919 4602 conﬂagratione
1953 4550 2050 4589 ex-

478 4620 689 4682 purget.
750 4612 1006 4669 Fortasse
1052 4616 1221 4670 etiam
1283 4632 1388 4672 non
1447 4630 1646 4677 terram
1700 4625 1897 4691 solum,
1948 4628 2043 4682 sed
2078 4634 2120 4687 D

478 4705 641 4757 etiam
699 4713 867 4785 totum
922 4706 1063 4762 hunc
1121 4710 1381 4764 mundum
1410 4725 1694 4785 expurgat,
1726 4734 1846 4773 cum
1895 4720 2044 4775 inva-

478 4793 717 4850 lesccnte
749 4774 951 4854 malitia
988 4802 1090 4855 hoc
1130 4803 1368 4858 remedio
1396 4804 1619 4875 indiget.

545 4886 633 4940 65.
666 4886 863 4942 POSIea
915 4888 1150 4946 Celsus:
1228 4912 1246 4945 ι
1287 4893 1419 4960 Qua:
1468 4897 1730 4952 malorum
1764 4901 1917 4972 origo
1948 4902 2039 4967 sit,

478 4975 636 5047 553
682 4978 885 5047 inquit,
934 4997 1038 5036 non
1088 4984 1246 5041 facile
1298 4997 1381 5041 est
1434 4988 1637 5042 homini
1690 4992 2041 5063 philosophiae

476 5066 666 5135 ignaro
707 5083 1054 5139 cognoscere.
1109 5074 1214 5131 Sed
1267 5077 1424 5147 vulgo
1469 5080 1600 5135 satis
1648 5080 1813 5136 fuerit
1862 5086 2043 5141 dicere

476 5158 615 5213 mala
644 5174 751 5215 non
784 5176 904 5218 esse
931 5179 959 5217 a
1008 5164 1135 5232 Deo,
1169 5168 1261 5223 sed
1294 5170 1347 5224 in
1383 5174 1606 5227 materia
1650 5175 1873 5242 haerere,
1904 5188 1956 5231 et
1984 5180 2035 5232 in

702 5387 901 5468 ἐῖν-τῇ
920 5389 1051 5468 περί
1073 5390 1317 5468 ἀγαθῶν·
1340 5394 1673 5468 καὶ-κακῶν
1702 5397 2033 5468 Εἰσαγωγῇ.

472 5457 766 5533 Athenaeus
809 5460 965 5533 hujus
1000 5457 1132 5515 libri
1159 5464 1407 5533 [neniinit
1445 5464 1539 5517 lib.
1578 5481 1649 5529 tv,
1703 5483 1821 5533 cap.
1855 5457 2036 5533 ἱδξίὶι

472 5528 784 5609 observavit
802 5532 1108 5609 Spencerus
1119 5550 1145 5609 ε
1159 5530 1484 5609 poetam;
1501 5534 1556 5609 ῥὲ
1583 5538 1639 5587 ἐν
1654 5540 1719 5607 τῇ
1744 5528 2031 5609 Εἰσαγωγῇ

471 5598 539 5682 τῇ
569 5600 663 5682 ἐίς
702 5599 799 5669 τὴν
830 5595 966 5682 ,περὶ
1006 5595 1224 5682 ἀγαθῶν
1254 5604 1346 5656 καὶ
1389 5595 1574 5682 κακῶν
1618 5595 2028 5678 πραγματείαν·

476 5667 1252 5741 ειΑῇμτιυιιιιίιευῖιηο.⁷ριινίιθ
1290 5675 1465 5728 tertio.

688 5739 967 5813 Εὐφορξαι
996 5742 1090 5813 del
1118 5738 1241 5795 οὔτ’
1274 5745 1530 5813 ἀφορίαι.
1583 5747 1638 5801 In
1688 5759 1843 5802 antea
1876 5750 2033 5804 editis

474 5805 981 5889 deeitlerattt't'pdtel,
1036 5811 1147 5865 οὔτ’
1196 5805 1433 5885 ἀφορία-ι,
1476 5818 1617 5886 quod
1662 5820 1939 5889 suppletur
1967 5836 2033 5875 ex

470 5882 721 5934 outmbus
756 5894 885 5935 mss.

2165 2028 2517 2101 ἀρχαιόταται
2564 2029 2814 2101 ἱστορίαι,
2857 2028 3099 2100 καίτοιγε
3136 2030 3305 2103 μυρία
3360 2032 3459 2085 ὃσα
3503 2050 3735 2104 κατηγο-

2165 2122 2354 2194 ροῦσαι
2402 2123 2509 2177 τῶν
2538 2123 2973 2195 ἁμαρτανόντων,
3008 2124 3400 2197 ἀρρητοποιοὺς
3427 2124 3527 2179 οὐκ
3567 2126 3731 2180 ἴσασι.

2233 2386 2355 2451 Πῶς
2385 2389 2449 2441 ἐκ
2479 2387 2811 2444 τούτωνκαὶ
2842 2389 2948 2446 τῶν
2981 2391 3371 2464 παραπλησίων
3396 2390 3457 2445 οὐ
3496 2394 3729 2461 καταγὲ-

2161 2479 2352 2543 λαστος
2396 2481 2638 2550 φαίνεται
2690 2483 2913 2547 Κέλσος,
2966 2484 3205 2555 οἰόμενος
3258 2484 3327 2538 τὰ
3371 2485 3516 2538 κακὰ
3595 2488 3725 2557 μήτε

2162 2572 2327 2626 πλείω
2355 2575 2489 2644 μήτε
2517 2575 2663 2645 ἥττω
2694 2576 2943 2644 γενέσθαι
2975 2577 3090 2629 ποτ’
3121 2576 3224 2642 ἇν;
3253 2578 3315 2631 Εἰ
3346 2577 3452 2649 γὰρ
3496 2580 3590 2631 καὶ⁸
3640 2581 3728 2648 μία

2160 2666 2268 2722 τῶν
2325 2666 2462 2722 ὅλων
2512 2668 2673 2737 φύσις
2716 2671 2809 2723 καὶ
2849 2672 2882 2742 ὴ
2912 2670 3068 2743 αὐτὴ,
3096 2674 3155 2725 οὐ
3189 2672 3403 2736 πάντως
3434 2674 3530 2726 καὶ
3556 2676 3591 2744 ἡ
3627 2674 3727 2726 τῶν

2161 2758 2343 2812 κακῶν
2375 2760 2588 2827 γένεσις
2607 2762 2692 2814 ἀεὶ
2720 2763 2752 2833 ή
2786 2763 2953 2834 αὐτή·
2991 2764 3066 2827 ὼς
3093 2764 3199 2835 γὰρ
3234 2766 3360 2834 μιᾶς
3386 2766 3477 2817 καὶ
3511 2766 3615 2835 τῆς
3638 2768 3729 2819 αὖ·

2159 2852 2259 2923 τῆς
2302 2852 2468 2924 οὔσης
2521 2856 2619 2925 τῆς
2666 2854 2819 2910 τοῦδέ
2865 2873 3006 2920 τινος
3058 2854 3342 2928 ἀνθρώπου
3368 2858 3604 2926 φύσεως,
3636 2860 3726 2911 οὐκ

2160 2944 2246 2998 ἀεὶ
2272 2945 2340 2998 τὰ
2379 2947 2518 3001 αὑτά
2568 2948 2683 3000 ἐστι
2715 2949 2841 3020 περὶ
2867 2949 2927 3002 τὸ
2953 2948 3272 3020 ἡγεμονικὸν
3312 2949 3495 3012 αὑτοῦ,
3524 2952 3618 3004 καὶ
3642 2953 3725 3004 τὸν

2158 3036 2314 3106 λόγον
2339 3037 2525 3102 αὐτοῦ,
2560 3040 2651 3092 καὶ
2702 3041 2800 3104 τὰς
2846 3040 3097 3113 πράξεις·
3130 3042 3219 3095 ὁτὲ
3265 3042 3359 3112 μὲν
3402 3041 3525 3095 οὔτε
3574 3042 3728 3112 λόγον

2158 3130 2522 3202 ὰνειληφότος,
2552 3133 2640 3184 ὁτὲ
2662 3132 2718 3185 δὲ
2749 3134 2884 3203 μετὰ
2920 3132 3011 3186 τοῦ
3041 3134 3197 3203 λόγου
3232 3135 3447 3199 κακίαν,
3483 3136 3578 3188 καὶ
3602 3135 3725 3189 ταύο

2157 3238 2255 3293 την
2286 3223 2403 3294 ἢτοι
2437 3224 2529 3276 ἐπὶ
2582 3223 2780 3287 πλεῖον,
2816 3224 2847 3295 ἢ
2910 3225 2995 3277 ἐπ’
3026 3224 3243 3279 ἔλαττον
3287 3225 3581 3297 χεομέτην·
3634 3228 3722 3280 καὶ

2156 3313 2299 3367 ἐστιν
2321 3315 2407 3367 ὅτε
2432 3316 2831 3386 προτραπέντος
2862 3316 2947 3370 ἐπ’
2974 3318 3191 3389 ἀρετὴν,
3210 3318 3303 3370 καὶ
3329 3318 3721 3389 προκόπτοντος

2156 3409 2246 3462 ἐπὶ
2297 3409 2478 3463 πλεῖον
2519 3410 2551 3482 ἢ
2596 3412 2683 3463 ἐπ’
2722 3410 2965 3464 ἔλαττον·
3003 3412 3097 3465 καὶ
3122 3412 3291 3465 ἐνιότε
3320 3413 3607 3482 φθάνοντος
3633 3414 3719 3465 καὶ

2155 3503 2242 3555 ἐπ’
2265 3503 2431 3574 αὐτὴν
2474 3502 2570 3574 τὴν
2600 3503 2798 3575 ἀρετὴν
2823 3506 2881 3557 ἐν
2911 3504 3117 3556 πλείοσι
3149 3503 3405 3573 θεωρίαις
3436 3505 3719 3575 γινομένην

2154 3593 2186 3662 ἢ
2215 3594 2272 3646 ἐν
2320 3594 2615 3649 ἐλάττοσιν.
2639 3594 2823 3659 Οὕτως
2852 3598 2996 3651 ἔστιν
3035 3599 3208 3649 εἰπεῖν
3239 3595 3436 3667 μᾶλλον
3485 3598 3582 3649 καὶ
3629 3596 3717 3647 ἐπὶ

2151 3686 2250 3756 τῆς
2293 3686 2399 3739 τῶν
2453 3687 2589 3741 ὅλων
2641 3684 2874 3756 φύσεως,
2914 3690 3017 3753 ὅτι,
3056 3692 3104 3742 εί
3147 3690 3239 3743 καλ⁸
3287 3690 3383 3760 μία
3419 3691 3535 3743 ἐστὶ
3565 3691 3716 3760 καὶὴ

2152 3778 2290 3849 αὐτὴ
2338 3778 2414 3849 τῷ
2446 3780 2613 3847 γένει,
2650 3780 2762 3833 ἀλλ’
2800 3781 2860 3833 οὐ
2906 3780 2973 3834 τὰ
3016 3782 3153 3835 αὐτὰ
3196 3782 3305 3844 ἀεὶ,
3338 3782 3447 3836 οὐδ’
3488 3782 3715 3853 ὁμογενῆ

2153 3870 2438 3938 συμϐαίνει
2483 3873 2539 3924 ἐν
2584 3874 2696 3934 τοῖς
2725 3870 2895 3935 ὅλοις·
2925 3872 3045 3928 οὔτε
3078 3874 3185 3945 γὰρ
3218 3872 3466 3945 εὐφορίαι
3501 3874 3585 3927 ἀεὶ
3606 3873 3713 3925 οὔτ’

2150 3962 2370 4033 ἀφορίαι
2396 3963 2523 4033 (54),
2555 3964 2668 4017 ἀλλ’
2702 3965 2822 4017 οὐδέ
2854 3965 3148 4037 ἐπομϐρίαι
3174 3965 3296 4019 οὔτε
3330 3967 3546 4038 αὐχμοί.
3567 3966 3715 4019 Οὕτω

2148 4055 2205 4109 δέ
2252 4055 2371 4108 οὐδὲ
2424 4056 2611 4127 ψυχῶν
2660 4059 2982 4128 κρειττόνων
3031 4059 3276 4130 εὐφορίαι
3322 4060 3641 4130 τεταγμέναι
3682 4059 3711 4127 ἦ

2150 4147 2387 4218 ὰφορέαι,
2418 4150 2509 4201 καὶ
2568 4150 2823 4218 χειρόνων
2879 4150 2968 4202 ἐπὶ
3013 4149 3189 4202 πλεῖον
3227 4150 3382 4221 χύσις
3417 4151 3449 4223 ἦ
3498 4150 3601 4220 (55)
3628 4150 3712 4203 ἐπ’

2149 4236 2387 4291 ἔλαττον.
2410 4238 2517 4292 Καὶ
2546 4239 2838 4307 ἀναγκαῖός
2862 4258 2925 4309 γε
2954 4243 3065 4303 τοῖς
3094 4240 3353 4312 ἀκριϐοῦν
3378 4242 3550 4294 πάντα
3578 4240 3711 4293 κατᾶ

2149 4329 2209 4381 τὸ
2245 4328 2465 4383 δυνατὸν
2520 4331 2863 4401 βουλομένοις
2915 4333 2943 4384 ό
2996 4332 3123 4403 περὶ
3173 4331 3279 4385 τῶν
3332 4332 3513 4385 κακῶν
3542 4333 3707 4400 λόγος,

2148 4420 2208 4471 οὐ
2246 4421 2514 4489 μενόντων
2540 4424 2625 4477 ἀεὶ
2659 4427 2717 4477 ἐν
2757 4424 2939 4495 ταύτῷ
2970 4425 3057 4477 διὰ
3081 4426 3178 4490 τὴν
3207 4426 3327 4495 ἤτοι
3354 4424 3617 4497 τηροῦσαν
3646 4424 3709 4477 τὰ

2149 4512 2241 4565 ἐπὶ
2274 4513 2376 4583 γῆς
2408 4515 2693 4585 Πρόνοιαν,
2723 4516 2756 4587 ἢ
2800 4518 3201 4588 κατακλυσμοῖς
3241 4518 3335 4571 καὶ
3381 4516 3707 4589 ἐκπυρώσεσι

2150 4602 2545 4675 καθαίρουσαν·
2581 4607 2674 4660 καὶ
2700 4608 2837 4677 τάχα
2881 4609 2943 4661 οὐ
2994 4608 3060 4661 τὰ
3102 4610 3193 4661 ἐπὶ
3225 4609 3329 4679 γῆς
3375 4610 3552 4679 μόνον.
3584 4608 3705 4662 ἀλλὰ

2150 4696 2334 4748 καὶτὰ
2369 4698 2426 4749 ἐν
2453 4698 2557 4769 ὅλῳ
2603 4698 2680 4769 τῷ
2708 4700 2915 4771 κόσμῳ,
2964 4700 3202 4770 δεομένῳ
3244 4700 3561 4773 καθαρσίου,
3589 4702 3703 4753 ὅταν

2149 4787 2317 4859 πολλὴ
2346 4790 2378 4859 ἡ
2411 4790 2577 4842 κακία
2604 4790 2825 4862 γένηται
2861 4795 2919 4845 ἐν
2959 4793 3125 4863 αὐτῷ.

2218 4902 2373 4956 Μετὰ
2404 4902 2576 4958 ταῦτὰ
2609 4922 2771 4976 φησιν
2807 4908 2834 4959 ὁ
2870 4906 3104 4970 Κέλσος·
3147 4927 3166 4958 ι
3208 4910 3303 4972 Τίς
3336 4911 3369 4980 ἡ
3399 4910 3506 4963 τῶν
3539 4908 3703 4963 κακῶν

2148 4996 2307 5066 φύσις
2340 4996 2470 5067 (56),
2508 4999 2568 5050 οὐ
2604 4997 2781 5069 ῥᾴδιον
2821 5000 2917 5069 μὲν
2942 5000 3141 5068 γνῶναι
3185 5001 3262 5072 τῷ
3311 5004 3388 5074 μὴ
3434 5004 3701 5073 φιλοσοφῄ

2150 5106 2321 5151 σαντι,
2353 5090 2573 5161 ἐξαρκεῖ
2611 5091 2655 5143 δ’
2698 5094 2778 5154 είς
2826 5092 3026 5161 πλῆθος
3071 5094 3340 5165 εἰρῆσθαι,
3373 5096 3445 5159 ὡς
3481 5099 3543 5149 ἐκ
3584 5093 3699 5148 Θεοῦ

2149 5180 2248 5251 μὲν
2274 5183 2372 5234 οὐκ
2401 5181 2513 5235 ἔστι
2547 5182 2711 5245 κακὰ,
2740 5182 2839 5253 ὕλῃ
2868 5185 2923 5237 δὲ
2956 5186 3291 5256 πρόσκειται,
3327 5190 3421 5241 καὶ
3453 5192 3563 5253 τοῖς
3591 5189 3699 5252 θνη-

2216 5400 2329 5468 (35)
2356 5401 2513 5483 μω).
2542 5404 2669 5483 editi
2706 5409 3291 5483 omittupt‘voculamlj,
3310 5420 3365 5466 et
3386 5428 3506 5467 mox
3534 5414 3698 5483 legunt

2143 5472 2437 5553 ἀναγκαῖόν
2464 5489 2564 5553 γε,
2578 5476 2667 5528 sed
2697 5477 2863 5553 code);
2898 5477 3141 5553 Julianus
3190 5472 3353 5553 habet
3424 5472 3695 5553 ἀναγκαῖός

2142 5544 2487 5623 ye,_rectius.
2520 5542 2629 5597 Nec
2662 5546 2820 5623 aliter
2846 5547 2971 5623 legit
2997 5548 3251 5623 Gelenius
3285 5542 3573 5623 interpres.

2214 5610 2325 5679 ('56)
2352 5611 2669 5680 Quanquam
2704 5615 2837 5671 libb.
2886 5610 3013 5673 evditi
3057 5629 3109 5673 et
3159 5637 3294 5676 mss.
3327 5610 3447 5677 hoc.
3472 5625 3581 5677 loco
3610 5623 3691 5676 ba-

2140 5680 2270 5735 bent
2293 5683 2472 5752 φύσις,
2498 5685 2725 5761 cumino
2761 5696 2939 5761 tamen
2964 5693 3327 5761 scribendum
3359 5694 3583 5758 videtur,
3614 5693 3692 5761 τέ·

2141 5768 2324 5815 νεσιςι
2366 5754 2675 5832 n_am_paulo
2714 5756 2851 5809 inl‘ra
2868 5757 3143 5832 _Origenes
3178 5762 3253 5815 ait
3285 5782 3297 5815 :
3358 5763 3415 5815 '0
3447 5765 3545 5832 μὲν

2142 5838 2242 5902 σος
2282 5823 2413 5893 φησὶ
2461 5822 2554 5894 τὴν
2599 5825 2707 5880 τῶν
2751 5828 2932 5882 κακῶν
2972 5822 3181 5897 γένεσιν
3231 5833 3291 5885 οὐ
3344 5822 3520 5904 pactio.
3568 5830 3688 5888 εἶναι

2142 5909 2357 5964 γνῶναι.
