3852 6418
131 386 149 440 l
159 383 240 439 135

1246 381 1527 439 CONTRA
1562 383 1837 441 CELSUM
1876 383 2004 439 LIB.
2044 383 2132 439 Π.

3187 390 3323 445 1134

126 503 209 562 τοῖς
236 495 632 568 ὲμπολιτεύεται
666 495 798 566 (Ξᾏ.
825 497 1015 568 Ὀμοία
1055 496 1101 550 δ’
1133 498 1226 552 ἀπ’
1259 499 1434 570 ἀρχῆς
1462 500 1541 564 είς
1572 499 1647 552 τέ-

1763 502 1970 556 naturis
2019 502 2335 557 mortalibus
2382 504 2605 559 versari.
2652 502 2719 556 At
2770 512 3083 559 naturarum
3127 519 3329 564 morta-

122 592 237 660 λοςὴ
266 588 367 641 τῶν
395 588 599 661 θνητῶν
632 588 903 661 περίοδος·
940 590 1034 642 καὶ
1070 590 1211 643 κατὰ
1247 590 1344 654 τὰς
1384 592 1653 662 τεταγμέ-

120 701 191 747 νας
209 680 588 751 ἀνακυκλήσεις
616 683 827 753 ἀνάγκη
856 683 924 737 τὰ
953 682 1090 736 αὐτὰ
1119 684 1203 736 ἀεὶ
1231 685 1325 736 καὶ
1350 685 1649 752 γεγονέναι,

120 778 189 833 καὶ
208 771 352 841 εἶναι,
390 775 482 828 καὶ
510 774 745 828 ἔσεσθαι.
788 795 806 827 ι
832 777 939 829 Καὶ
966 777 994 828 ὁ
1029 775 1126 846 μὲν
1154 775 1358 839 Κέλσος
1390 776 1523 846 φησὶ
1553 776 1652 847 τὴν

118 870 197 923 τῶν
233 867 403 922 κακῶν
453 869 664 936 γένεσιν
710 869 771 920 οὐ
825 869 1003 939 ῥᾴδιον
1050 864 1187 920 εἶναι
1233 868 1431 936 γνῶναι
1463 870 1541 939 τῷ
1576 870 1649 939 μὴ

118 960 513 1028 ςιλοσοφήσαντι·
572 957 648 1020 ὡς
700 957 793 1010 τοῦ
838 958 935 1027 μὲν
992 956 1401 1026 φιλοσοφοῦντος
1446 957 1647 1025 γνῶναι

117 1049 187 1120 τὴν
208 1048 398 1117 γένεσιν
428 1048 606 1103 αὐτῶν
645 1048 940 1119 δυναμένου
991 1050 1207 1120 ῥᾳδίως,
1240 1048 1334 1102 τοῦ
1366 1048 1422 1101 δὲ
1458 1049 1533 1120 μὴ
1561 1067 1648 1117 ιρι-

116 1140 432 1208 λοσοςεοῦντος,
461 1141 522 1193 οὐ
555 1140 751 1211 ῥᾳδίως
779 1141 875 1212 μὲν
902 1141 1012 1193 οἵου
1040 1158 1098 1193 τε
1127 1141 1276 1206 ὄντος
1305 1142 1526 1214 θεωρεῖν
1548 1144 1646 1214 τὴν

114 1234 278 1302 γένεσιν
300 1232 403 1285 τῶν
427 1233 633 1297 κακῶν,
671 1232 805 1304 πλὴν
834 1233 883 1285 εί
912 1232 1005 1286 καὶ
1037 1231 1175 1303 μετά
1212 1233 1477 1305 καμάτου,
1511 1234 1647 1288 ἀλλά

113 1324 370 1394 γεὸυνατοῦ
404 1324 556 1387 ὄντος
588 1325 808 1394 γνῶναι.
855 1324 1045 1395 Ἡμεῖς
1086 1326 1142 1379 δὲ
1174 1328 1268 1380 καὶ
1318 1328 1452 1399 πρὸς
1489 1328 1643 1381 τοῦτό

116 1432 268 1486 φαμεν,
291 1417 365 1468 ὅτι
404 1414 503 1486 τὴν
534 1415 643 1469 τῶν
676 1416 861 1470 κακῶν
893 1417 1102 1485 γένεσιν
1147 1419 1265 1471 οὐδὲ
1311 1418 1389 1490 τῷ
1434 1420 1643 1489 φιλοσο-

114 1509 295 1576 φήσαντι
325 1507 527 1574 γνῶναι
573 1507 751 1579 ῥᾴδιον
770 1524 783 1539 ο
814 1508 955 1578 τάχα
985 1508 1041 1560 δὲ
1073 1510 1192 1563 οὐδὲ
1225 1510 1431 1575 τούτοις
1476 1513 1642 1568 καθα-

115 1598 196 1668 pth;
226 1597 374 1669 αὐτὴν
427 1600 632 1667 γνῶναι
665 1600 906 1665 δυνατὸν,
946 1602 1040 1656 ἐὰν
1090 1602 1163 1674 μὴ
1210 1603 1344 1657 Θεοῦ
1387 1608 1641 1680 ἐπιπνοίᾳ

112 1689 182 1741 καὶ
202 1688 301 1740 τίνα
328 1688 392 1741 τά
417 1691 565 1743 κακά
591 1691 862 1763 τρανωθῇ,
893 1694 984 1746 καὶ
1017 1694 1134 1759 πῶς
1163 1696 1368 1769 ὑπέστη
1402 1697 1635 1770 δηλωθῇ,

113 1782 182 1834 καὶ
214 1781 315 1834 τίνα
365 1782 564 1854 τρόπον
615 1784 1040 1857 ἀφανισθήσεται
1086 1788 1270 1859 νοηθῇ.
1312 1791 1397 1842 Ἐν
1450 1794 1639 1855 κακοῖς

1757 593 1885 647 lium
1916 594 2322 649 conversionem
2372 597 2456 651 sui
2493 596 2723 652 similem
2766 613 2885 654 esse
2937 600 3005 654 ab
3057 600 3211 657 initio
3255 604 3325 658 ad

1754 683 1951 752 finem;
1990 694 2044 739 et
2083 701 2149 741 ex
2191 687 2484 741 constituto
2531 685 2949 745 conversionum
2994 692 3185 747 ordine
3230 710 3326 749 ne-

1754 775 2047 830 cessarium
2096 791 2239 844 esse,
2288 787 2347 833 ut
2392 780 2686 849 praeterita,
2718 783 3009 849 prmsentia
3056 792 3111 837 et
3143 783 3322 839 futura

1753 880 1962 934 semper
1989 867 2175 922 eadem
2212 871 2340 922 sint.
2405 889 2424 922 ι
2457 870 2589 923 Cum
2622 869 2711 925 hic
2738 872 2815 924 ait
2843 871 3031 927 Celsus
3056 875 3323 929 malorum

1751 959 2015 1027 originem
2058 975 2163 1016 non
2194 960 2354 1015 facile
2379 964 2628 1033 cognosci
2665 965 2732 1018 ab
2760 965 2980 1021 homine
3010 981 3114 1021 non
3149 968 3327 1035 philo-

1750 1048 1941 1116 sopho,
1971 1049 2145 1105 innuit
2184 1051 2562 1122 philosophum
2598 1054 2758 1110 facile
2789 1056 2932 1111 illius
2961 1058 3189 1129 originis
3222 1074 3321 1112 nov

1751 1139 1921 1195 titiam
1953 1144 2209 1211 consequi
2244 1159 2434 1213 posse;
2473 1146 2828 1217 philosophia:
2874 1158 3052 1204 autem
3104 1150 3326 1219 imperi-

1751 1239 1860 1284 tum
1891 1247 1993 1287 non
2023 1232 2183 1289 facile
2208 1236 2424 1304 quidem
2450 1253 2609 1307 posse
2649 1240 2913 1295 malorum
2942 1242 3207 1311 originem
3242 1244 3328 1297 in-

1747 1324 2034 1393 vestigare,
2065 1326 2159 1379 sed
2193 1341 2350 1395 posse
2385 1337 2587 1394 tamen,
2619 1331 2747 1387 licet
2775 1348 2969 1402 magno
2994 1333 3204 1389 labore.
3242 1334 3325 1388 Ad

1744 1415 1890 1484 quod
1933 1424 1995 1470 ut
2042 1419 2421 1488 respondeam,
2478 1421 2564 1476 aio
2614 1438 2682 1477 ne
2732 1423 3054 1493 philosopho
3102 1424 3325 1493 quidem

1747 1506 1901 1561 facile
1929 1522 2047 1563 esse
2077 1510 2343 1575 malorum
2375 1513 2636 1583 originem
2672 1530 3026 1583 cognoscere.
3070 1513 3327 1571 Fortasse

1742 1598 1905 1652 etiam
1938 1600 2083 1655 nullo
2117 1603 2275 1656 modo
2303 1614 2503 1673 potest,
2536 1606 2638 1660 nisi
2674 1606 2783 1661 Deo
2830 1608 3108 1677 aspirante
3152 1608 3329 1662 discat

1745 1691 2120 1762 intelligatque
2144 1703 2197 1747 et
2221 1695 2347 1764 quid
2374 1697 2514 1751 mala
2542 1698 2668 1764 sint,
2694 1708 2747 1753 et
2771 1700 3043 1768 quomodo
3063 1708 3180 1754 orta
3213 1699 3331 1753 fue-

1745 1783 1875 1847 rint,
1904 1794 1958 1837 et
1982 1799 2215 1854 quonam
2244 1787 2403 1842 modo
2428 1789 2657 1844 tollenda
2686 1790 2814 1845 sint.
2840 1791 2905 1846 Et
2935 1806 3065 1846 sane
3086 1793 3137 1846 in
3172 1793 3329 1847 malis

110 1873 207 1941 γοῦν
229 1873 379 1946 οὔσης
409 1875 623 1946 καὶτῆς
653 1875 780 1947 περὶ
809 1876 941 1929 Θεοῦ
967 1878 1207 1946 ἀγνοίας,
1235 1880 1387 1944 ὄντος
1412 1881 1470 1935 δὲ
1495 1881 1647 1952 μεγί-

1756 1886 1832 1930 est
1855 1874 1945 1931 Dei
1968 1877 2258 1946 ignoratio,
2277 1890 2331 1932 et
2357 1879 2618 1935 malorum
2652 1882 2939 1951 pessimum
2964 1884 3178 1940 nescire
3203 1886 3328 1955 quis

112 1982 204 2018 στου
224 1965 375 2019 κακοῦ
405 1968 611 2020 καὶτοῦ
644 1969 717 2038 μὴ
741 1969 935 2023 ειδέναι
951 1971 1040 2024 τὸν
1073 1973 1271 2043 τρόπον
1286 1975 1383 2044 τῆς
1398 1973 1491 2027 τοῦ
1513 1975 1647 2029 Θεοῦ

110 2054 349 2126 Θεραπείας
380 2060 472 2111 καὶ
503 2058 605 2129 τῆς
633 2061 712 2122 είς
746 2060 902 2113 αὑτὸν
941 2062 1244 2126 εὐσεϐείας·
1298 2065 1514 2129 πάντως
1548 2066 1647 2137 μὲν

111 2148 308 2202 καὶκατὰ
326 2150 534 2203 Κέλσον
555 2150 699 2214 τινὲς
731 2151 838 2204 τῶν
865 2151 1335 2225 φιλοσοφησάντων
1356 2157 1456 2210 οὐκ
1476 2156 1648 2225 ἔγνω-

113 2258 196 2303 σαν,
221 2243 338 2308 ὅπερ
374 2242 531 2313 δῆλόν
556 2245 702 2296 ἐστιν
736 2245 801 2297 ἐκ
825 2245 931 2299 τῶν
962 2246 1231 2317 διαφόρων
1270 2250 1326 2300 ὲν
1361 2248 1648 2321 φιλοσοφίᾳ

110 2334 316 2403 αἱρέσεων
334 2353 346 2366 ·
379 2336 501 2389 καθ’
528 2338 676 2406 ἡμᾶς
698 2336 753 2389 δὲ
782 2336 970 2403 οὐδεὶς,
996 2338 1069 2410 μὴ
1099 2340 1355 2408 ἐγνωκὼς
1384 2341 1551 2396 κακὸν
1570 2339 1649 2395 εἷ’

111 2445 175 2479 ναι
188 2429 235 2481 τὸ
251 2430 481 2499 νομίζειν
502 2430 562 2482 εύ
572 2431 784 2485 σέϐειαν
802 2430 1067 2495 σώζεσθαι
1084 2435 1143 2486 ἐν
1156 2436 1266 2496 τοῖς
1286 2434 1646 2506 καθεστηκόσι

109 2520 211 2574 κατὰ
233 2521 321 2586 τὰς
358 2523 670 2596 κοινότερον
698 2524 992 2595 νοουμένας
1014 2525 1287 2597 πολιτείας
1305 2528 1506 2598 νόμοις,
1536 2524 1647 2593 οἷός

108 2626 151 2661 τε
175 2611 300 2665 ἔσται
336 2612 436 2683 τὴν
466 2614 681 2681 γένεσιν
705 2614 905 2683 γνῶναι
946 2614 1055 2669 τῶν
1088 2616 1292 2670 κακῶν.
1333 2618 1445 2671 Καὶ
1472 2618 1645 2683 οὐδεὶς

107 2701 161 2772 μὴ
189 2702 432 2757 διαλαϐὼν
474 2705 543 2759 τὰ
592 2706 720 2778 περὶ
766 2704 859 2759 τοῦ
900 2706 1230 2777 καλουμένου
1273 2707 1518 2761 διαϐόλου
1554 2712 1645 2765 καὶ

105 2794 184 2846 τῶν
205 2797 431 2865 ἀγγέλων
464 2796 654 2860 αὑτοῦ,
680 2797 764 2860 τίς
789 2814 849 2850 τε
879 2796 983 2869 πρὸ
1022 2796 1118 2851 τοῦ
1148 2797 1389 2861 διάδολος
1416 2799 1642 2869 γεγενῆ-

106 2886 195 2939 alia:
220 2890 315 2960 (58)
354 2882 512 2953 οὗτος
540 2885 632 2960 ἦν,
662 2889 756 2943 καὶ
788 2888 905 2952 πῶς
925 2889 1216 2961 γεγένηται
1253 2890 1515 2955 διάϐολος,
1550 2894 1644 2946 καὶ

103 2977 164 3040 τίς
187 2981 213 3049 ἡ
237 2983 371 3034 αἰτία
396 2981 492 3035 τοῦ
524 2981 928 3051 συναποστῆναι
956 2980 1104 3051 αὐτῷ
1135 2982 1259 3043 τοὺς
1282 2982 1645 3053 καλουμένους

102 3070 225 3125 αὑτοῦ
269 3074 554 3144 ἀγγέλους,
612 3070 723 3137 οἷός
773 3090 834 3125 τε
885 3073 1034 3127 ἔσται
1068 3073 1268 3141 γνῶναι
1306 3075 1403 3145 τὴν
1436 3075 1646 3144 γένεσιν

104 3161 183 3215 τῶν
217 3167 408 3221 κακῶν.
453 3169 554 3219 Δεῖ
590 3166 649 3219 δὲ
689 3166 779 3219 τὸν
816 3164 1072 3236 μέλλοντα
1098 3164 1301 3237 ταύτην
1330 3166 1525 3220 εἰδέναι
1554 3165 1648 3220 καὶ

104 3257 198 3326 περὶ
218 3258 474 3330 δαιμόνων
517 3234 909 3331 ἀκριϐέστερον
955 3234 1306 3329 διειληφέναι,
1346 3260 1428 3311 ὅτι
1468 3276 1527 3311 τε
1573 3261 1643 3330 μή
1674 3234 1716 3291 C

104 3350 195 3411 eisi,
221 3352 340 3405 καθὸ
368 3352 632 3421 δαίμονές
672 3354 798 3415 εἰσι,
846 3350 1302 3422 δημιουργήματα
1344 3349 1437 3402 τοῦ
1488 3349 1644 3404 Θεοῦ,

222 3445 366 3513 μόνον
390 3446 532 3501 καθὸ
560 3444 770 3513 λογικοί
803 3462 947 3507 τινες
967 3462 979 3473 -
1012 3448 1107 3498 καὶ
1135 3443 1297 3496 πόθεν
1326 3442 1645 3512 ἐληλύθασιν

99 3534 166 3585 ἐπὶ
186 3537 237 3588 τὸ
261 3537 490 3591 τοιοῦτοι
520 3536 799 3606 γενέσθαι,
828 3535 904 3599 ὡς
934 3537 990 3587 ἐν
1021 3534 1352 3589 καταστάσει
1382 3533 1648 3604 δαιμόνων

98 3626 239 3679 αὐτῶν
265 3630 568 3700 ὑποστῆναι
597 3626 662 3681 τὸ
690 3627 1039 3698 ἡγεμονικόν.
1069 3626 1243 3697 Εἴπερ
1272 3621 1364 3679 οὖν
1394 3625 1549 3689 ἄλλος
1577 3643 1659 3689 τις

1752 1969 1820 2023 sit
1852 1970 1943 2024 Dei
1975 1970 2180 2025 colendi
2211 1973 2421 2039 modus,
2450 1987 2567 2042 qua:
2593 1974 2811 2042 pietatis
2830 1989 2957 2045 erga
2990 1975 3137 2029 illum
3167 1977 3326 2033 ratio.

1746 2060 1912 2130 Atqui
1939 2072 2115 2115 tamen
2138 2061 2327 2117 Celsus
2354 2079 2458 2118 non
2480 2064 2792 2120 diflitehitur
2814 2065 2928 2120 haec
2954 2067 3133 2136 ignota
3159 2069 3226 2136 ph
3253 2068 3330 2123 lo-

1750 2154 1935 2222 sophis
1958 2152 2154 2221 fuisse;
2185 2157 2234 2209 id
2256 2157 2401 2212 enim
2432 2157 2649 2226 planum
2672 2159 2801 2215 facit
2821 2161 2902 2215 vel
2931 2160 3330 2230 philosophica-

1749 2261 1867 2300 rnm
1893 2254 2159 2302 sectarum
2182 2248 2488 2305 diversitas.
2515 2249 2634 2305 Jam
2664 2265 2793 2308 vero
2815 2267 2879 2308 ex
2912 2252 3089 2316 nobis,
3111 2252 3203 2322 qui
3234 2267 3332 2306 ne-

1748 2339 1851 2392 scit
1875 2342 2073 2392 malum
2099 2354 2218 2395 esse
2247 2351 2438 2412 putare
2466 2343 2721 2412 pietatem
2755 2343 2807 2398 in
2835 2344 3214 2414 plerarumque
3242 2358 3332 2398 so-

1748 2430 2004 2483 cietatum
2042 2429 2255 2500 legibus
2285 2432 2502 2486 illaesam
2535 2433 2762 2499 servari,
2786 2434 2832 2489 is
2865 2449 2971 2489 non
3011 2442 3188 2503 potest
3215 2449 3331 2488 ma-

1748 2517 1919 2573 lorum
1951 2520 2212 2589 originem
2243 2522 2439 2577 habere
2463 2535 2832 2595 perspectam;
2866 2542 2967 2580 nec
3003 2526 3148 2580 illam
3174 2541 3330 2581 asse-

1745 2612 1835 2680 qui
1863 2621 2063 2681 potest,
2096 2613 2341 2683 quisquis
2370 2615 2704 2685 ignoraverit
2725 2632 2845 2686 quae
2877 2618 2943 2672 ad
2974 2617 3244 2673 diabolum
3274 2626 3331 2672 et

1746 2704 1968 2773 angelos
2008 2705 2127 2773 ejus
2177 2706 2466 2774 pertinent,
2511 2708 2712 2778 etquis
2741 2719 2886 2763 esset
2919 2708 3007 2763 ille
3037 2718 3329 2779 antequam

1744 2798 1989 2855 diabolus
2041 2800 2234 2867 fieret;
2281 2801 2551 2870 quomodo
2601 2799 2777 2855 factus
2836 2800 2997 2856 fuerit
3048 2801 3326 2866 diabolus;
3410 2794 3414 2798 ’

1744 2906 1864 2959 quae
1898 2907 2058 2946 causa
2091 2892 2255 2947 fuerit
2288 2908 2385 2947 cur
2413 2892 2505 2962 qui
2538 2892 2713 2961 angeli
2740 2891 2857 2961 ejus
2878 2901 3171 2956 vocantur,
3201 2907 3328 2947 cum

1746 2982 1840 3038 illo
1872 2998 1901 3037 a
1934 2984 2046 3039 Deo
2069 2983 2382 3038 defecerint.
2414 2983 2642 3054 Oportet
2666 2994 2927 3053 praterea
2964 2984 3030 3038 ad
3063 2984 3209 3038 illam
3237 2999 3333 3039 co-

1746 3076 2135 3144 gnoscendam,
2160 3087 2215 3131 ut
2246 3077 2450 3131 sciatur
2472 3077 2771 3143 dmmones,
2798 3084 2858 3130 ut
2881 3075 3152 3131 daemones
3181 3086 3329 3141 sunt,

1747 3184 1855 3222 non
1899 3182 2020 3223 esse
2064 3170 2155 3224 Dei
2201 3183 2355 3238 opus,
2401 3171 2493 3225 sed
2535 3180 2741 3227 tantum
2769 3183 3039 3241 quatenus
3086 3184 3170 3224 res
3204 3179 3333 3224 sunt

1754 3261 1978 3317 rationis
2005 3273 2317 3332 compotes;
2351 3271 2407 3319 et
2454 3266 2596 3320 unde
2637 3266 2773 3320 tales
2803 3264 3101 3328 evaserint,
3132 3273 3192 3318 ut
3237 3278 3332 3318 eos

1754 3353 2006 3409 voluntas
2042 3357 2314 3413 daemones
2353 3360 2733 3415 constitueret.
2782 3358 2839 3412 Si
2884 3372 2988 3426 qua
3028 3372 3161 3425 ergo
3187 3372 3335 3425 quae-

1752 3446 1857 3499 stio
1890 3445 2035 3501 inter
2070 3448 2313 3506 homines
2345 3467 2480 3521 opus
2520 3452 2715 3506 haheat
2763 3449 2920 3519 longa
2960 3448 3334 3519 inquisitione,

1754 3546 1808 3591 et
1837 3550 2080 3595 scrutatu
2132 3544 2284 3597 nobis
2338 3546 2407 3598 sit
2450 3544 2702 3612 difficilis,
2729 3551 2878 3599 certe
2931 3543 3047 3597 haec
3092 3551 3177 3597 est
3214 3556 3335 3613 qua:

1768 3633 1833 3684 ad
1864 3632 2131 3689 malorum
2157 3637 2418 3707 originem
2447 3647 2676 3706 spectat.

94 3714 220 3780 τόπος
242 3719 340 3772 τῶν
372 3722 431 3773 ὲν
467 3718 779 3791 ἀνθρώποις
823 3718 1117 3785 ἐξετάσεως
1173 3719 1425 3789 δεόμενος
1480 3718 1815 3792 δυσθήρατός
1846 3725 1960 3779 ἐστι
1995 3730 2061 3799 τῇ
2100 3729 2258 3799 φύσει
2312 3730 2492 3802 ἡμῶν,
2551 3732 2608 3784 ὲν
2649 3730 2857 3795 τούτοις
2887 3731 2979 3784 καὶ
3005 3732 3039 3801 ἡ
3067 3727 3176 3783 τῶν
3239 3745 3337 3808 κα-

96 3808 179 3861 κῶν
200 3814 412 3886 ταχθείη
447 3814 520 3868 ἂν
549 3813 785 3882 γένεσις.

145 3900 272 3967 Εἶτα,
292 3907 367 3970 ὡς
395 3907 545 3977 έχων
578 3906 678 3977 μέν
712 3923 831 3958 τινα
859 3905 987 3975 περὶ
1024 3906 1121 3977 τῆς
1153 3906 1261 3957 τῶν
1287 3905 1472 3958 κακῶν
1500 3904 1651 3972 γενέ-

95 4007 200 4058 σεως
229 3998 395 4052 εἰπεῖν
427 3998 878 4071 ἀπορρητότεοα,
914 3997 1135 4051 σιωπῶν
1160 3997 1203 4049 δ’
1229 3999 1431 4059 ἐκεῖνα,
1464 3998 1556 4049 καὶ
1583 3996 1652 4049 τὰ

93 4085 302 4158 πλήθεσιν
329 4093 648 4165 ἁρμόζοντα
676 4091 870 4160 λέγων,
900 4090 1031 4163 φησὶ
1069 4110 1087 4144 ι
1129 4090 1189 4144 τὸ
1222 4090 1469 4163 ἐξαρκεῖν
1501 4090 1651 4161 εἰρῆ-

94 4177 184 4233 σθαι
209 4185 278 4248 είς
302 4186 513 4258 πλῆθος
536 4187 649 4258 (59)
677 4206 696 4238 ι
723 4185 853 4258 περὶ
881 4185 980 4255 τῆς
1006 4185 1113 4238 τῶν
1148 4186 1333 4239 κακῶν
1362 4186 1646 4255 γενέσεως,
1699 4240 1705 4247 ,

96 4286 110 4317 ε
138 4271 196 4335 ὡς
221 4277 277 4329 ὲκ
309 4278 445 4331 Θεοῦ
480 4279 584 4349 μὲν
618 4278 718 4330 οὐκ
750 4276 865 4329 ἔστι
894 4278 1058 4340 κακά,
1091 4277 1193 4349 ὕλῃ
1221 4278 1277 4330 δὲ
1307 4277 1646 4348 πρόσκειται,

94 4366 161 4418 καὶ
194 4371 292 4433 τοῖς
324 4369 544 4442 θνητοῖς
588 4369 1020 4441 ἐμπολιτεύεται.
1063 4390 1079 4420 ι
1123 4369 1342 4440 Ἀληθὲς
1399 4371 1496 4440 μὲν
1532 4365 1645 4431 οῦν,

1824 3910 1913 3965 66.
1950 3912 2150 3967 Deinde
2182 3913 2393 3979 Celsus,
2432 3913 2584 3983 quasi
2629 3913 2760 3983 quid
2814 3926 3074 3966 areanmn
3130 3910 3196 3963 de
3246 3908 3335 3962 illa

1754 4004 2017 4058 malorum
2051 4006 2261 4077 origine
2291 4006 2478 4060 dicere
2512 4005 2758 4069 haberet,
2788 4004 2931 4073 quod
2969 4010 3114 4056 tacet
3150 4009 3209 4053 ut
3246 4002 3333 4054 ni-

1754 4092 1827 4146 hil
1860 4093 2098 4163 proferat
2128 4096 2228 4149 nisi
2252 4095 2393 4164 vulgi
2418 4095 2604 4163 captui
2638 4103 3052 4163 attemperatqu
3084 4109 3136 4144 ε(
3159 4087 3334 4161 Vulgo

1756 4185 1889 4240 satis
1928 4194 2010 4240 est
2052 4186 2251 4253 dicere,
2287 4204 2304 4238 ι
2339 4186 2535 4253 inquit,
2567 4203 2585 4237 ‹
2625 4184 2761 4239 mala
2809 4200 2916 4239 non
2967 4197 3087 4236 esse
3127 4197 3157 4234 a
3198 4181 3330 4244 Deo,

1756 4280 1848 4332 sed
1882 4279 1933 4332 in
1959 4278 2182 4332 materia
2228 4279 2432 4333 hmrere
2471 4286 2528 4333 et
2569 4278 2712 4332 inter
2753 4276 3005 4331 mortalia
3034 4274 3261 4329 versari.
3304 4290 3327 4325 ι

1756 4369 1869 4424 Hoc
1898 4384 2082 4424 verum
2108 4368 2326 4438 quidem
2356 4381 2458 4431 est,
2489 4368 2632 4422 mala
2670 4383 2774 4423 non
2805 4382 2923 4422 esse
2954 4382 2982 4419 a
3016 4366 3146 4420 Deo.
3173 4361 3332 4418 lere-

91 4454 151 4508 ὅτι
178 4462 264 4515 οὐκ
290 4463 403 4518 ἐστι
440 4464 597 4518 κακὰ
636 4465 703 4516 ὲκ
740 4462 894 4518 Θεοῦ.
936 4463 1045 4516 Καὶ
1084 4463 1226 4517 κατά
1250 4462 1341 4515 τὸν
1380 4463 1647 4534 Ἱερεμίαν

1757 4464 1893 4517 mias
1937 4463 2079 4517 enim
2120 4472 2307 4515 noster
2356 4461 2598 4517 declarat
2636 4478 2656 4512 ι
2705 4476 2771 4515 ex
2823 4474 2917 4512 ore
2962 4456 3171 4513 Domini
3220 4471 3333 4509 non

94 4548 173 4621 γὰρ
198 4554 340 4625 ἡμῶν
371 4558 568 4627 σαφὲς,
603 4557 686 4609 ὅτι
721 4574 739 4607 ι
779 4558 843 4608 ὲκ
883 4555 1148 4625 στόματος
1178 4553 1382 4626 Κυρίου
1430 4555 1529 4607 οὐκ
1566 4553 1651 4617 ἑξ-

91 4641 320 4700 ελεύσεται
350 4650 420 4703 τὰ
453 4648 612 4702 κακά
640 4649 735 4701 καὶ
778 4647 840 4701 τὸ
876 4646 1079 4715 ἀγαθόν
1099 4663 1113 4676 ⁸
1159 4665 1176 4697 ι
1207 4645 1268 4698 τὸ
1305 4646 1361 4697 δὲ
1388 4646 1487 4715 τὴν
1518 4644 1651 4715 ὓλην

90 4736 173 4796 τοῖς
200 4736 400 4811 θνητοῖς
430 4739 940 4813 ἐμπολιτευομένην
986 4738 1165 4791 αἰτίαν
1215 4736 1353 4791 εἶναι
1398 4738 1506 4789 τῶν
1552 4754 1653 4790 καφ

89 4828 175 4883 κῶν
204 4835 317 4886 καθ’
346 4837 500 4906 ἡμᾶς
524 4835 630 4889 οὐκ
655 4833 871 4903 ἀληθές.
902 4833 975 4885 Τὸ
1005 4832 1113 4903 γὰρ
1145 4830 1373 4884 ἑκάστου
1400 4832 1655 4902 ἡγεμονι-

90 4918 162 4973 κὸν
184 4924 343 4981 αἴτιον
365 4929 468 4999 τῆς
503 4925 824 4997 ὑποστάσης
853 4926 910 4978 ἐν
931 4924 1080 4995 αὐτῷ
1110 4924 1307 4986 κακίας
1336 4922 1504 4984 ἐστὶν,
1529 4923 1652 4994 ἥτις

88 5011 179 5069 ἐστὶ
202 5018 256 5071 τὸ
280 5022 447 5074 κακόν
471 5037 485 5050 ο
541 5018 695 5073 κακά
732 5017 787 5069 δὲ
836 5019 929 5071 καὶ
980 5018 1036 5069 αἱ
1068 5018 1163 5070 ἀπ’
1194 5015 1366 5085 αὐτῆς
1396 5014 1648 5085 πράξεις’

88 5108 162 5160 καὶ
198 5110 315 5165 ἄλλο
359 5114 540 5176 οὐδὲν,
572 5113 651 5176 ὡς
698 5111 833 5181 πρὸς
882 5108 1082 5180 ἀκριϐῆ
1128 5107 1304 5176 λόγον,
1336 5106 1456 5160 καθ’
1503 5106 1651 5177 ἡμᾶς

90 5196 180 5255 ἔστι
221 5207 401 5261 κακόν.
450 5207 600 5260 Ἀλλ’
650 5200 767 5259 οῖδα
816 5203 905 5257 τὸν
949 5202 1104 5271 λόγον
1151 5202 1401 5271 δεόμενον
1452 5198 1651 5269 πολλῆς

92 5288 372 5363 ὲξεργασίιις
400 5299 502 5351 καὶ
540 5293 893 5363 κατασκευῆς
924 5292 1126 5363 (χάριτι
1154 5289 1289 5344 Θεοῦ
1329 5287 1652 5359 φωτίζοντος

92 5384 137 5433 τὸ
158 5387 505 5459 ἡγεμονικόν),
537 5385 853 5457 δυναμένων
885 5383 1133 5453 γενέσθαι
1175 5380 1251 5453 τῷ
1284 5378 1521 5453 κριθέντι
1552 5377 1654 5431 ὑπὸ

112 5566 121 5571 ’
147 5567 248 5603 ³⁵’³⁵
278 5571 479 5627 Thren.
517 5581 611 5633 ιιι,
633 5562 723 5621 58.

155 5781 249 5849 (57)
277 5783 522 5852 Θνητοῖς
546 5777 1017 5852 ἐμπολιτεύεται,
1062 5774 1141 5852 _lta
1175 5783 1323 5829 recte
1357 5771 1522 5826 codex
1551 5769 1644 5852 .19:-

100 5838 246 5919 lianus
276 5856 325 5906 in
358 5838 627 5919 margine,
667 5851 853 5917 sicque
888 5847 1172 5919 legendum
1200 5860 1265 5919 ex
1301 5855 1525 5899 numero
1552 5838 1639 5894 66.

102 5917 229 5976 ιλιι».
256 5924 398 5992 editi,
428 5916 623 5986 κάκοῖς
652 5916 1079 5992 ἐμπολιτεύεται,
1112 5916 1273 5972 male.

1757 4568 2042 4624 egressura
2070 4567 2167 4606 nec
2206 4552 2344 4605 mala
2386 4567 2486 4606 nec
2530 4547 2818 4603 bonasm‘.
2851 4567 2869 4600 ι
2907 4545 3012 4600 Sed
3045 4544 3331 4598 materiam

1759 4655 2079 4699 naturarum
2129 4642 2435 4696 mortalium
2467 4638 2628 4710 554
2675 4635 2950 4707 propriam
2997 4646 3115 4687 esse
3164 4630 3331 4684 malo-

1759 4751 1878 4790 rum
1916 4749 2159 4797 causam,
2193 4733 2244 4786 id
2268 4746 2396 4786 vero
2424 4744 2698 4798 negamus.
2728 4727 2859 4779 Nam
2888 4739 2983 4779 sua
3015 4723 3210 4790 cuique
3241 4734 3333 4773 vo-

1761 4828 1939 4883 luntas
1963 4841 2128 4881 causa
2167 4822 2268 4893 ipsi
2291 4831 2374 4877 est
2413 4820 2649 4882 malitiae,
2675 4831 2792 4886 quae
2839 4815 3035 4868 malum
3068 4821 3170 4876 est,
3196 4826 3252 4862 ιιι
3278 4819 3334 4862 et

1760 4919 1899 4973 mala
1930 4925 2058 4973 sunt
2087 4916 2327 4970 actiones
2352 4912 2419 4965 ad
2448 4926 2581 4980 quas
2620 4907 2923 4977 compellit;
2966 4918 3142 4975 neque
3171 4902 3331 4971 quid-

1757 5026 1919 5080 quam
1978 5009 2144 5071 aliud,
2191 5007 2235 5060 si
2288 5012 2542 5059 accurate
2600 5002 2743 5070 loqui
2798 5000 3078 5061 volumus,
3128 4995 3329 5050 malum

1758 5102 2178 5157 existimandum
2230 5108 2333 5152 est.
2364 5095 2478 5151 Nec
2527 5110 2647 5149 sum
2700 5103 2878 5147 tamen
2931 5091 3146 5145 nescius
3194 5089 3335 5140 hanc

1758 5196 2111 5266 quaestionem
2149 5206 2255 5246 non
2286 5190 2387 5243 nisi
2420 5204 2606 5260 magna
2630 5186 2907 5256 diligentia
2943 5180 3334 5280 exquisitisque

1759 5286 2091 5357 argumentis
2129 5298 2247 5338 esse
2275 5280 2707 5352 pertractandam
2737 5297 2749 5330 :
2786 5292 2907 5348 qum
2935 5281 3254 5346 argumenta
3288 5285 3336 5322 ιε

1762 5378 1908 5434 solus
1953 5376 2191 5448 reperire
2237 5380 2433 5442 potest,
2465 5372 2616 5438 cujus
2674 5370 2766 5424 Dci
2800 5368 2970 5439 gratia
3006 5373 3239 5421 mentem
3272 5360 3337 5435 il-

1821 5757 2117 5833 (58)‘Lihh.
2141 5754 2278 5833 editi
2309 5752 2661 5833 inunargiue.
2694 5743 3157 5833 γέηνητιιιι,ΔιιιειιεξῖΔ
3189 5808 3344 5833 ΠΜ

1819 5816 1927 5903 (59}
1949 5828 2112 5882 iidem
2141 5825 2192 5903 in
2225 5824 2486 5894 margine,
2514 5816 2647 5893 πρὸς
2672 5816 2892 5891 πλῆθος,
2920 5828 2973 5873 ct
3002 5816 3162 5886 paulo
3189 5816 3341 5879 post;

1752 5897 1850 5959 οὐκ
1880 5897 1993 5955 ἔστι
2024 5897 2223 5968 κακόν..
