3852 6418
509 385 648 445 “50

507 503 700 560 habuit
748 502 838 557 his
880 499 1057 556 verbis
1101 517 1117 554 :

508 595 734 655 malum.
769 579 1002 646 nondum
1048 591 1168 647 ideo
1216 591 1388 661 liquet
1431 590 1707 644 malumne
1753 603 1941 646 revera
1977 588 2072 642 sit.

505 687 696 743 Nescis
722 687 862 741 enim
899 700 1078 739 annon
1114 685 1228 751 libi,
1263 693 1357 738 aut
1391 683 1581 748 alteri,
1610 691 1702 737 aut
1731 683 2074 738 universitati

505 779 698 847 prosit.
738 797 755 828 ι
790 776 914 831 Haec
963 776 1179 846 quidem
1216 775 1446 830 modesti
1483 774 1727 830 hominis
1759 784 1843 829 est
1875 772 2073 828 oratio.

504 873 757 925 Attamen
806 871 1113 940 suspicatur
1143 869 1269 923 mali
1317 880 1571 924 naturam
1622 883 1729 923 non
1763 883 1885 923 esse
1927 867 2076 922 omni

503 977 570 1015 ex
618 971 772 1032 parte
817 961 1153 1016 molestam:
1199 977 1320 1016 cum
1372 961 1488 1016 lieri
1521 961 1712 1030 possit,
1760 970 1817 1016 ut
1847 963 1992 1032 quod
2020 961 2073 1014 in

503 1055 728 1125 singulis
778 1056 980 1110 malum
1027 1056 1279 1122 habetur,
1322 1055 1375 1108 id
1407 1053 1757 1108 universitati
1806 1054 2072 1108 conferat.

503 1145 680 1212 Quare
727 1163 794 1202 ne
828 1149 955 1202 hinc
1005 1146 1204 1216 aliquis
1257 1145 1600 1202 occasionem
1639 1145 1870 1216 arripiat
1907 1145 2074 1201 obfir-

501 1238 682 1292 rnandi
725 1254 785 1294 se
830 1239 884 1294 in
943 1239 1126 1306 malo,
1160 1239 1554 1308 quasi-malitia
1611 1248 1706 1291 aut
1751 1239 1902 1294 utilis
1928 1248 2077 1292 esset

501 1339 594 1384 aut
640 1331 786 1385 utilis
814 1345 935 1386 esse
964 1342 1148 1401 posset
1195 1331 1580 1396 universitati;
1631 1331 1920 1386 dicendum
1969 1340 2075 1395 est,

501 1422 719 1477 etiamsi
752 1421 915 1489 Deus,
950 1421 1116 1476 illaeso
1147 1431 1346 1476 nostra:
1370 1419 1638 1475 libertatis
1675 1419 1920 1484 arbitrio,
1953 1429 2073 1474 uta-

463 1557 466 1560 .
505 1524 592 1567 tur
620 1513 992 1582 improborum
1048 1513 1252 1566 malitia
1296 1513 1364 1566 ad
1410 1512 1654 1568 ordinem
1697 1512 2074 1567 universitatis

505 1621 709 1675 eosque
738 1605 882 1660 illius
909 1604 1129 1660 utilitati
1156 1605 1554 1671 accommodet,
1581 1619 1701 1659 reos
1725 1603 2075 1658 nihilominus

505 1714 629 1754 esse
660 1699 750 1768 qui
779 1697 978 1752 malum
1008 1705 1347 1768 perpetrant.
1379 1696 1661 1763 Quatenus
1694 1695 1769 1748 rei
1807 1704 1954 1758 sunt,
1986 1708 2077 1747 or-

502 1789 766 1846 dinantur
814 1791 1031 1859 quidem
1081 1789 1148 1843 ad
1193 1789 1571 1844 universitatis
1619 1789 1929 1854 utilitatem,
1980 1788 2072 1841 sed

505 1894 666 1934 nemo
694 1889 778 1934 est
804 1880 895 1950 qui
926 1880 1218 1934 utilitatem
1247 1880 1396 1934 illam
1431 1879 1691 1934 detestari
1723 1894 1828 1932 non
1861 1879 2076 1932 debeat.

504 1972 617 2025 Non
659 1972 819 2028 aliter
867 1987 931 2027 ac
972 1974 1016 2028 si
1067 1974 1189 2042 quis
1220 1973 1583 2042 quorumdam
1631 1971 1919 2025 criminum
1949 1985 2078 2024 reus

505 2073 726 2132 propter
777 2065 890 2119 haec
923 2064 1277 2119 damnaretur
1308 2063 1359 2116 in
1391 2064 1526 2118 urbe
1555 2064 1623 2116 ad
1661 2077 1832 2130 ppera
1867 2061 2076 2131 publica

501 2156 750 2224 quaedam
804 2155 1057 2210 omnibus
1107 2155 1259 2211 utilia
1284 2196 1299 2221 ,
1352 2156 1394 2209 is
1426 2155 1701 2210 diceretur
1729 2155 1859 2224 quid
1900 2154 2079 2210 facere

504 2247 648 2315 quod
680 2247 777 2301 toti
809 2248 928 2302 urbi
957 2247 1246 2302 utilitatem
1281 2246 1544 2310 afferret;
1576 2249 1689 2317 ipse
1716 2256 1894 2302 tamen
1929 2250 2079 2303 vide-

506 2347 661 2391 retur
693 2336 842 2407 fungi
876 2339 1241 2394 ahominando
1285 2353 1526 2403 munere,
1563 2341 1614 2392 in
1643 2354 1752 2408 quo
1787 2354 1944 2396 nemo
1993 2340 2076 2395 vel

504 2430 853 2484 mediocriter
897 2431 1115 2500 sapiens
1153 2433 1361 2487 versari
1395 2433 1574 2488 vellet.
1631 2432 1770 2487 Hinc
1816 2441 1898 2487 est
1934 2433 2077 2502 quod

503 2522 704 2577 Paulus
723 2521 847 2577 Jesu
882 2523 1159 2592 apostolus
1188 2541 1286 2580 nos
1314 2524 1504 2580 doceat
1533 2524 1694 2579 utiles
1724 2524 1935 2579 futuros
1957 2540 2076 2580 esse

505 2615 844 2669 universitati
876 2615 959 2669 vel
989 2617 1350 2683 nequissimos
1375 2659 1390 2680 ,
1421 2617 1674 2686 quamvis
1720 2617 1938 2687 ipsimct
1968 2618 2077 2673 sint

505 2707 650 2760 inter
675 2694 1070 2762 abominandos
1098 2707 1373 2779 relegandi
1415 2727 1431 2774 ;
1475 2711 1567 2766 sed
1601 2724 1696 2765 eos
1722 2753 1736 2777 ,
1767 2713 1860 2782 qui
1891 2712 2074 2765 virtuti

502 2799 746 2864 student,
771 2799 1040 2854 maximas
1064 2800 1388 2870 praebituros
1410 2803 1757 2858 universitati
1790 2803 2074 2868 utilitates,

501 2901 555 2945 et
585 2891 787 2947 idcirco
817 2894 870 2946 in
902 2893 1325 2963 praeclarissimo
1354 2896 1472 2949 loco
1516 2909 1638 2950 esse
1685 2895 2030 2952 collocandos
2056 2913 2070 2950 :

507 3003 526 3036 ι
567 2985 622 3038 ln
671 3001 865 3054 magna
914 2988 1113 3051 domo,
1165 2988 1379 3056 inquit,
1416 3002 1520 3043 non
1569 2989 1742 3043 solum
1779 2997 1906 3044 sunt
1948 2970 2079 3042 vasa.

502 3092 665 3132 aurea
699 3086 752 3132 et
785 3089 1063 3149 argentea,
1092 3078 1185 3132 sed
1218 3088 1272 3133 et
1301 3079 1477 3150 lignea
1503 3090 1557 3135 et
1585 3079 1769 3136 ﬁctilia
1796 3098 1811 3148 ;
1845 3091 1900 3136 et
1927 3096 2074 3150 qum-

501 3169 624 3222 dam
654 3169 871 3238 quidem
912 3170 964 3223 in
999 3169 1285 3236 honorem,
1312 3172 1561 3242 quaedam
1590 3182 1770 3228 autem
1804 3173 1854 3226 in
1885 3180 2074 3226 contu-

503 3259 745 3314 meliam.
776 3260 832 3314 Si
867 3261 987 3330 quis
1029 3276 1159 3332 ergo
1185 3262 1565 3318 emundaverit
1591 3279 1649 3319 se
1677 3263 1744 3318 ab
1772 3264 1893 3320 istis
1918 3306 1934 3332 ,
1966 3266 2074 3320 erit

503 3364 602 3407 vas
634 3352 685 3405 in
723 3352 980 3406 honorem
1010 3393 1025 3416 ,
1056 3353 1460 3409 sanctificatum
1491 3395 1506 3420 ,
1536 3364 1591 3410 et
1639 3355 1771 3412 utile
1821 3357 2072 3425 Domino,

502 3443 572 3497 ad
643 3457 803 3499 omne
867 3459 1001 3515 opus
1063 3448 1267 3502 bonum
1349 3457 1598 3518 paratum
1665 3449 1732 3505 ³⁸.
1808 3469 1827 3502 ι
1897 3450 2074 3522 Atque

502 3535 621 3590 haec
660 3537 967 3592 necessaria
1006 3539 1152 3593 dictu
1195 3539 1310 3594 visa
1375 3546 1506 3596 sunt
1561 3539 1822 3598 adversus
1874 3544 2016 3600 istud
2057 3565 2072 3600 :

507 3643 529 3678 c
562 3625 790 3681 Etiamsi
821 3627 950 3696 quid
981 3628 1078 3682 tibi
1120 3629 1371 3686 videatur
1415 3635 1638 3703 malum,
1675 3635 1911 3690 nondum
1953 3637 2075 3692 ideo

501 3718 671 3790 liquet
698 3719 970 3775 malumne
1001 3735 1190 3775 revera
1224 3723 1315 3778 sit.
1349 3723 1537 3782 Nescis
1570 3729 1712 3783 enim
1759 3743 1936 3784 annon
1977 3731 2072 3785 tibi

499 3820 593 3863 aut
623 3809 713 3863 alii
743 3813 958 3879 prosit;
996 3829 1016 3864 ι
1051 3823 1111 3868 ut
1145 3829 1211 3869 ne
1237 3817 1358 3884 quis
1405 3818 1531 3874 hinc
1574 3835 1766 3876 ansam
1815 3825 2074 3890 peccandi

503 3899 706 3969 capiat,
724 3902 876 3971 quasi
903 3912 1124 3971 peccato
1151 3904 1268 3974 ipso
1286 3905 1502 3961 futurus
1535 3909 1681 3965 utilis
1709 3911 2070 3969 universitati.

570 3991 664 4044 7i.
696 3991 962 4058 Quoniam
1005 4004 1188 4050 autem
1218 4007 1404 4067 postea
1433 3997 1622 4054 Celsus
1652 4002 1897 4070 quaedam
1928 4002 2076 4060 Scri-

499 4094 785 4152 pturarum
811 4087 949 4155 loca,
974 4103 1094 4158 qure
1115 4089 1339 4145 minime
1363 4092 1645 4159 intellexit,
1659 4095 1887 4164 deridet,
1915 4098 2074 4166 idque

500 4179 571 4230 ob
604 4192 698 4232 eas
728 4194 920 4234 causas
946 4219 961 4244 ,
994 4181 1120 4249 quia
1169 4182 1244 4237 ibi
1296 4182 1406 4238 Deo
1437 4183 1751 4241 tribuuntur
1779 4190 1936 4258 quasi
1971 4191 2074 4244 hu-

499 4271 647 4324 mani
676 4269 923 4338 aﬂ'ectus,
944 4273 1068 4328 dum
1094 4276 1274 4330 verbis
1298 4275 1574 4332 iracundis
1592 4280 1854 4336 adversus
1875 4283 2073 4352 impios

503 4364 699 4426 utitur,
732 4372 787 4416 et
821 4364 1203 4432 peccatoribus
1233 4367 1468 4423 intentat
1497 4369 1702 4436 minas,
1735 4374 2074 4443 responden-

501 4455 629 4508 dum
661 4465 767 4520 est,
798 4457 1256 4525 quemadmodum
1297 4474 1412 4522 nos,
1441 4476 1565 4515 cum
1594 4477 1790 4531 pueros
1823 4466 2073 4534 parvulos

1982 372 2304 431 ORIGENIS

1159 518 1177 552 α
1214 498 1437 554 Etiamsi
1496 499 1624 568 quid
1671 497 1768 552 tibi
1826 496 2073 550 videatur

2183 491 2429 555 τοιοῦτον,
2460 491 2564 555 δτι,
2597 508 2616 542 ι
2655 490 2756 544 κᾶν
2789 488 2868 543 σοί
2899 505 2956 542 τι
2976 488 3104 560 δοκῇ
3135 483 3485 552 κακὸν,οῦπω
3509 484 3652 556 δῆλον
3676 487 3716 539 εί

3597 366 3714 425 tuo

2181 583 2350 637 κακόν
2378 585 2525 636 ὲστιν
2544 599 2556 612 ο
2600 583 2659 635 οὐ
2700 581 2810 655 γάρ
2847 577 3003 636 οἶσθα
3027 581 3054 634 ὅ
3077 599 3128 634 τι
3159 582 3193 651 ἦ
3222 597 3323 645 σοι,
3352 579 3385 650 ἢ
3414 578 3572 650 ἄλλῳ,
3598 579 3628 651 ἢ
3652 579 3718 650 τῷ

2179 674 2286 745 ὅλῳ
2314 673 2597 744 συμφέρει.
2639 693 2658 725 ›
2692 674 2800 726 Καὶ
2830 673 2942 744 έχει
2973 672 3071 743 μέν
3112 689 3163 724 τι
3194 674 3222 725 6
3260 670 3414 740 λόγος
3443 669 3550 742 (54)
3584 671 3718 724 εὐλα-

2181 761 2274 826 ϐές
2294 781 2306 793 ·
2339 765 2556 817 ὑπονοεί
2576 765 2632 817 δὲ
2670 765 2766 817 καὶ¹
2798 764 2896 836 τὴν
2927 764 3034 817 τῶν
3065 763 3249 817 κακῶν
3290 760 3450 832 φύσιν
3478 761 3537 814 οὐ
3565 761 3715 834 πάντη

2178 855 2317 910 εἶναι
2347 855 2643 928 μοχθηράν,
2669 855 2758 910 διὰ
2785 856 2846 909 τὸ
2877 855 3180 926 ἐνδέχεσθαι
3210 855 3290 926 τῷ
3314 854 3421 923 ὅλῳ
3451 854 3719 926 συμφέρειν

2177 949 2238 1001 τὸ
2283 946 2633 1018 νομιζόμενον
2684 948 2742 999 ὲν
2783 950 2896 1010 τοῖς
2946 945 3064 999 καθ’
3111 946 3340 1000 ἕκαστον
3386 941 3520 999 εἶναι
3555 947 3715 1000 κακόν.

2181 1040 2326 1112 Πλὴν
2379 1039 2463 1094 ἵνα
2496 1040 2567 1111 μὴ
2601 1039 2953 1111 παρακούσας
2979 1056 3062 1102 τις
3087 1038 3180 1091 τοῦ
3209 1037 3500 1109 λεγομένου
3541 1041 3717 1104 ἐπιτριο

2180 1125 2284 1197 ϐῆς
2325 1127 2460 1198 εὕρῃ
2499 1123 2770 1196 ἀφορμὴν,
2805 1123 2880 1186 ὡς
2921 1123 3014 1176 καὶ
3053 1123 3151 1194 τῆς
3197 1124 3396 1188 κακίας
3437 1123 3592 1178 αὑτοῦ
3627 1123 3721 1194 (55)

2179 1218 2448 1291 χρησίμου
2475 1213 2845 1286 τυγχανούσης
2865 1212 2942 1284 τῷ
2968 1216 3150 1278 παντὶ,
3184 1215 3217 1287 ἢ
3245 1214 3544 1287 δυναμένης
3569 1232 3626 1284 γε
3653 1211 3719 1268 εἶ-

2179 1329 2268 1364 ναι
2297 1309 2588 1381 χρησίμου,
2616 1306 2908 1370 λελέξεται,
2925 1308 3028 1373 ὃτι,
3060 1307 3365 1379 σωζομένου
3391 1307 3484 1361 τοῦ
3509 1308 3588 1378 ἐφ’
3610 1310 3722 1380 ἡμῖν

2179 1405 2412 1474 ἑκάστῳ,
2443 1400 2542 1454 κᾶν
2587 1400 2960 1470 συγχρήσηται
2988 1402 3054 1470 τῇ
3093 1400 3263 1471 κακίᾳ
3299 1397 3408 1452 τῶν
3434 1399 3636 1470 φαύλων
3655 1403 3720 1466 εἰς

2177 1496 2275 1567 τὴν
2300 1492 2542 1559 διάταξιν
2568 1491 2661 1544 τοῦ
2705 1490 2904 1554 παντὸς
2931 1492 2960 1542 ό
2983 1490 3114 1554 Θεὸς
3133 1531 3148 1557 ,
3179 1492 3533 1546 κατατάσσων
3554 1493 3719 1555 αὐτοὺς

2179 1591 2257 1650 εἰς
2296 1585 2481 1657 χρείαν
2511 1583 2603 1637 τοῦ
2643 1582 2844 1644 παντός
2868 1598 2884 1614 ⁸
2909 1584 3060 1637 οὐδὲν
3082 1579 3244 1656 ἦττον
3280 1583 3478 1654 ψεκτός
3506 1584 3560 1637 τέ
3595 1587 3718 1637 ἐστιν

2177 1683 2206 1733 ό
2244 1679 2446 1734 τοιόσδε
2470 1717 2484 1742 ,
2513 1678 2606 1732 καὶ
2643 1675 2720 1739 ὡς
2763 1676 2960 1747 ψεκτὸς
2994 1678 3393 1730 κατατέτακται
3441 1678 3520 1740 εἰς
3561 1676 3721 1749 χρείαν

2181 1771 2517 1827 ἀπευκταίαν
2548 1771 2643 1842 μὲν
2689 1773 2923 1842 ἑκάστῳ,
2969 1771 3236 1842 χρήσιμον
3267 1769 3324 1820 δὲ
3349 1769 3426 1840 τῷ
3455 1769 3619 1822 παντί.
3651 1770 3718 1833 Ὠς

2117 1864 2159 1917 Β
2190 1865 2237 1916 εί
2269 1864 2362 1917 καὶ
2389 1864 2480 1916 ἐπὶ
2505 1862 2609 1915 τῶν
2638 1861 2844 1915 πόλεών
2872 1879 2953 1924 τις
2980 1860 3128 1929 ἔλεγε
3161 1859 3252 1912 τὸν
3280 1859 3409 1912 τάδε
3433 1858 3546 1912 τινὰ
3571 1861 3717 1930 ἡμαρ-

2179 1957 2419 2027 τηκότα,
2468 1955 2562 2010 καὶ
2606 1955 2692 2008 διὰ
2735 1955 2801 2009 τά
2849 1953 3224 2024 ἁμαρτήματα
3269 1951 3350 2015 εἷς
3379 1969 3496 2004 τινα
3521 1951 3720 2022 δημόσια

2179 2047 2314 2118 ἔργα
2337 2049 2578 2119 χρήσιμα
2603 2047 2682 2119 τῷ
2709 2047 2869 2100 παντὶ
2906 2043 3419 2114 καταδικαζόμενον,
3451 2045 3610 2096 ποιεῖν
3636 2042 3718 2114 μέν

2177 2159 2231 2193 τι
2288 2142 2556 2211 χρήσιμον
2607 2143 2673 2212 τῇ
2722 2140 2818 2212 ὅλῃ
2858 2138 3042 2202 πόλει,
3087 2137 3248 2190 αὐτὴν
3293 2137 3353 2189 δὲ
3396 2137 3648 2204 γεγονέναι
3671 2139 3718 2190 ὲν

2179 2235 2490 2304 ἀπευκταίῳ
2521 2231 2824 2302 πράγματι,
2869 2231 2968 2283 καὶ
3011 2233 3072 2283 ὲν
3109 2222 3152 2297 ᾧ
3183 2228 3360 2291 οὐδεὶς
3384 2227 3488 2280 τῶν
3514 2227 3601 2280 κᾶν
3633 2225 3716 2298 μέ-

2178 2342 2324 2399 τριον
2347 2325 2472 2378 νοῦν
2499 2324 2728 2394 ἐχόντων
2751 2322 2999 2375 ἐϐούλετο
3019 2320 3291 2390 γενέσθαι.
3326 2320 3439 2373 Καὶ
3467 2322 3494 2373 ό
3517 2319 3716 2371 ἀπόστο-

2177 2418 2270 2481 λος
2296 2417 2352 2469 δὲ
2375 2415 2467 2469 τοῦ
2506 2414 2678 2486 Ἰησοῦ
2723 2413 2933 2476 Παῦλος
2951 2455 2966 2478 ,
2998 2412 3264 2466 διδάσκων
3293 2411 3461 2482 ἡμᾶς,
3492 2409 3718 2464 συνοίσειν

2182 2510 2278 2580 μὲν
2320 2511 2386 2579 τῇ
2419 2507 2576 2578 χρεία
2608 2509 2675 2577 τῇ
2719 2505 2811 2559 τοῦ
2857 2506 3056 2570 παντὸς
3083 2505 3331 2567 καὶτοὺς
3370 2503 3713 2571 φαυλοτάτους,

2179 2601 2307 2670 παρ’
2339 2599 2564 2662 ἑαυτοὺς
2609 2598 2664 2651 δὲ
2711 2596 2927 2650 ἔσεσθαι
2970 2597 3028 2649 ὲν
3057 2597 3167 2658 τοῖς
3199 2595 3491 2658 ἀπευκτοῖς
3515 2611 3528 2624 ·
3559 2607 3717 2663 χρησι-

2181 2691 2463 2765 μωτάτους
2513 2690 2556 2743 δ’
2602 2689 2819 2742 ἔσεσθαι
2864 2689 2960 2742 καὶ
3011 2687 3137 2750 τοὺς
3187 2686 3620 2748 σπουδαιοτάτους
3653 2682 3716 2752 τῷ

2179 2785 2360 2848 παντὶ,
2391 2784 2520 2855 παρ’
2553 2781 2760 2850 ἑαυτῶν
2787 2781 2965 2836 αἰτίαν
2998 2783 3056 2833 ἐν
3080 2778 3342 2850 καλλίστῃ
3366 2777 3512 2849 χώρα
3538 2776 3713 2847 ταχθη-

2179 2877 2436 2948 σομένους
2461 2917 2476 2940 ,
2513 2874 2706 2945 φησίν·
2759 2892 2776 2924 t
2826 2873 2913 2926 Ἐν
2965 2871 3178 2942 μεγάλῃ
3229 2870 3274 2923 δ’
3317 2870 3464 2941 οἰκία
3497 2870 3587 2922 οὐκ
3620 2868 3714 2921 ἐστι

2181 2970 2339 3042 μόνον
2366 2967 2534 3038 σκεύη
2570 2967 2746 3039 χρυσᾶ
2769 2965 2863 3018 καὶ
2890 2965 3126 3036 ἀργυρᾶ,
3156 2961 3292 3016 ἀλλὰ
3329 2963 3423 3016 καὶ
3448 2961 3616 3028 ξύλινα
3640 2960 3716 3013 καὶ

2177 3062 2506 3131 ὀστράκινα·
2553 3059 2648 3112 καὶ
2693 3057 2729 3112 ἃ
2765 3059 2860 3129 μὲν
2886 3058 2967 3120 είς
3001 3057 3187 3128 τιμὴν,
3231 3056 3269 3110 ἃ
3310 3056 3369 3110 δὲ
3396 3059 3472 3120 είς
3504 3056 3713 3127 ἀτιμίαν.

2191 3153 2317 3207 Ἐάν
2341 3148 2435 3206 οὖν
2455 3169 2538 3214 τις
2564 3150 2845 3223 ἐκκαθάρῃ
2869 3149 3057 3204 ἑαυτὸν
3087 3149 3221 3220 (56),
3265 3148 3419 3202 ἔσται
3448 3147 3620 3210 σκεῦος
3648 3149 3716 3211 εἰς

2176 3245 2341 3316 τιμὴν
2363 3285 2378 3308 ,
2405 3241 2734 3315 ἡγιασμένον
2753 3281 2768 3306 ,
2802 3241 2897 3295 καὶ
2923 3240 3218 3312 εῦχρηστον
3259 3240 3339 3312 τῷ
3367 3241 3615 3314 Δεσπότῃ,
3649 3242 3715 3302 είς

2177 3339 2284 3391 πᾶν
2345 3335 2505 3408 ἔργον
2573 3334 2775 3404 ἀγαθὸν
2815 3333 3244 3405 ’ἡτοιμασμένον.
3296 3353 3316 3387 ι
3353 3335 3461 3388 Καὶ⁸
3488 3333 3640 3388 ταῦτα
3674 3331 3712 3385 δ’

2176 3430 2469 3498 ἀναγκαῖον
2499 3425 2864 3498 ὑπολαμϐάνω
2903 3425 3242 3505 ἐκτεθεῖσθαι
3288 3427 3426 3499 πρὸς
3452 3427 3544 3491 τὸ,
3576 3449 3592 3476 ι
3617 3425 3716 3480 Κᾶν

2179 3521 2260 3574 σοί
2301 3538 2355 3574 τι
2399 3519 2528 3591 δοκῇ
2570 3520 2739 3573 κακὸν
2759 3559 2774 3583 ,
2819 3517 2972 3572 οὔπω
3009 3518 3167 3589 δῆλον
3201 3521 3250 3572 εί
3291 3519 3458 3574 κακόν
3480 3537 3493 3550 ·
3536 3519 3589 3572 οὐ
3623 3516 3717 3587 γὰρ

2175 3607 2352 3677 οἶσθα,
2385 3613 2413 3666 ὅ
2441 3629 2493 3664 τι
2513 3613 2547 3683 ἧ
2575 3629 2657 3665 σοι
2700 3611 2733 3683 ἦ
2765 3610 2915 3681 ἄλλῳ
2949 3611 3216 3683 συμφέρει
3241 3628 3256 3642 ο
3302 3631 3322 3664 ι
3363 3612 3448 3665 ἶνα
3479 3611 3547 3682 μὴ
3570 3611 3713 3680 ἀφορ-

2181 3705 2286 3777 μὴν
2329 3704 2577 3777 λαμϐάνῃ
2619 3722 2704 3768 τις
2747 3695 2958 3758 ἐκτῶν
2995 3704 3138 3758 κατά
3170 3704 3262 3757 τὸν
3298 3706 3462 3759 τόπον
3507 3704 3625 3776 πρὸς
3664 3701 3718 3754 τὸ

2178 3800 2540 3871 ἁμαρτάνειν,
2587 3798 2664 3862 ὡς
2692 3798 2959 3870 χρήσιμος
2987 3795 3064 3867 τῷ
3106 3796 3213 3867 ὅλῳ
3239 3796 3329 3849 διὰ
3355 3797 3452 3868 τὴν
3478 3795 3718 3867 ἁμαρτίαν

2177 3892 2454 3962 ἐσόμενος.

2261 3985 2412 4037 Ἐπεὶ
2451 3985 2508 4037 δὲ
2566 3983 2705 4055 μετὰ
2746 3982 2920 4038 ταῦτα
2959 3983 3032 4054 μὴ
3077 3981 3276 4053 νοήσας
3315 3983 3416 4047 τὰς
3455 3982 3572 4055 περὶ
3604 3977 3718 4032 Θεοῦ

2175 4077 2251 4141 ὼς
2278 4076 2736 4150 άνθρωποπαθοῦς
2761 4079 2817 4129 ὲν
2842 4079 2964 4140 ταῖς
2986 4077 3225 4147 Γραφαῖς
3249 4075 3424 4141 λέξεις
3453 4073 3671 4144 διασύρει
3690 4073 3716 4123 ὁ

2177 4167 2402 4232 Κέλσος,
2432 4170 2488 4222 ὲν
2515 4163 2603 4231 αἶς
2629 4167 2798 4240 ὀργῆς
2826 4166 3073 4236 λέγονται
3101 4165 3243 4220 κατὰ
3269 4166 3378 4218 τῶν
3402 4163 3596 4218 ἀσεϐῶν
3623 4178 3715 4230 φω-

2177 4263 2284 4325 ναὶ,
2307 4263 2401 4316 καὶ
2415 4262 2633 4315 ἀπειλαὶ
2651 4259 2791 4314 κατὰ
2809 4259 2915 4312 τῶν
2935 4259 3330 4331 ἡμαρτηκότων
3346 4275 3360 4288 ·
3388 4257 3608 4320 λεκτέον,
3627 4255 3710 4313 ὅτε,

2177 4359 2368 4431 ῶσπερ
2410 4361 2599 4431 ἡμεῖς,
2625 4361 2738 4422 τοῖς
2777 4356 2972 4428 κομιδῆ
3004 4356 3219 4426 νηπίοις
3245 4354 3627 4425 διαλεγόμενοι,
3663 4347 3710 4399 οὺ

2175 4451 2271 4505 τοῦ
2289 4452 2494 4505 ἑαυτῶν
2509 4454 2564 4504 ὲν
2579 4450 2657 4522 τῷ
2668 4449 2847 4518 λέγειν
2865 4447 3232 4518 στοχαζόμεθα
3246 4445 3471 4501 δυνατοῦ
3489 4444 3605 4515 (57),
3618 4438 3711 4494 ἀλλ’

500 4543 834 4613 alloquimur
858 4585 873 4609 ,
911 4558 1155 4601 nostram
1189 4549 1400 4604 dicendi
1449 4551 1558 4606 vim
1590 4569 1694 4607 non
1727 4555 2071 4622 adhibemus,

2183 4543 2541 4616 ἁρμοζόμενοι
2570 4542 2706 4613 πρὸς
2744 4541 2805 4593 τὸ
2831 4539 3050 4603 ἀσθενὲς
3076 4541 3186 4593 τῶν
3216 4538 3595 4610 ὑποκειμένων,
3627 4549 3710 4601 ςλα-

500 4635 591 4687 sed
638 4635 972 4692 demittimus
1017 4653 1117 4693 nos
1159 4641 1225 4692 ad
1269 4639 1540 4697 inﬁrmum
1578 4643 1789 4699 illorum
1826 4657 2071 4717 captum,

502 4725 660 4796 557
691 4727 935 4784 dicentes
993 4727 1360 4800 iacientesque
1389 4733 1530 4801 quod
1560 4735 1626 4787 ad
1681 4735 1798 4792 illos
1822 4739 2076 4794 erudien-

502 4820 600 4872 dos
659 4820 1136 4891 emendandosque
1178 4824 1487 4880 conducere
1543 4826 1793 4891 videtur;
1852 4831 1924 4885 ita
1981 4833 2073 4887 Dei

504 4908 738 4961 Verbum
769 4913 1070 4979 providisse
1103 4923 1161 4968 ut
1195 4913 1489 4986 Scriptura:
1530 4921 1860 4975 audientium
1891 4925 2072 4992 captui

497 5011 888 5067 congruerent,
917 5012 971 5058 et
996 5005 1208 5061 illarum
1245 5009 1566 5065 excellentia
1605 5011 1658 5065 in
1695 5012 1923 5068 istorum
1969 5017 2070 5070 uti-

510 5087 708 5145 litatem
745 5093 983 5149 cederet.
1014 5097 1190 5166 Atque
1217 5103 1282 5154 de
1324 5103 1425 5156 hac
1475 5100 1876 5173 Scripturarum
1937 5118 2074 5162 tem-

410 5202 413 5206 ·
507 5187 813 5253 peratione,
840 5188 891 5240 in
923 5188 990 5242 iis
1035 5188 1121 5242 ubi
1185 5192 1248 5245 de
1293 5193 1400 5248 Deo
1440 5197 1643 5250 mentio
1699 5195 1773 5259 lit,
1807 5199 2071 5268 scriptum

503 5287 584 5330 est
615 5277 668 5328 in
697 5278 1118 5332 Deuteronomio
1151 5297 1164 5332 :
1201 5300 1219 5331 ι
1255 5281 1399 5336 Tuos
1435 5300 1615 5340 mores
1661 5287 1780 5341 tulit
1815 5288 2071 5344 Dominus

575 5371 622 5401 ³⁸
655 5371 694 5424 Il
726 5373 866 5430 'l‘im.
895 5391 955 5440 ll,
984 5375 1078 5431 20.

597 5463 688 5533 54)
734 5465 797 5536 Ὀ
837 5468 1043 5536 λόγος.
1098 5470 1278 5526 Codex
1326 5469 1571 5527 Jolianus
1623 5475 1861 5530 secunda
1913 5492 2075 5532 manu

503 5535 688 5599 habet,
719 5535 747 5587 6
779 5535 1008 5602 Κέλσος.

715 5607 870 5684 ἓῐεεη
902 5609 1089 5664 αὐτοῦ.
1123 5608 1279 5684 Libb.
1311 5611 1462 5684 editi.
1492 5614 1683 5684 αὐτῆς.

575 5675 685 5756 ςῦϋ)
715 5676 843 5731 Post
889 5681 1329 5756 vocenneaucdv,
1352 5682 1494 5756 libb.
1542 5675 1673 5739 editi
1707 5687 1936 5754 addunt,
1968 5688 2078 5743 ἀπὸ

502 5750 851 5816 τούτων,ψιω
883 5750 1151 5801 uncinulis
1181 5750 1553 5816 includuntur,
1587 5767 1642 5809 et
1669 5773 1697 5809 a
1733 5772 1865 5812 mss.
1901 5750 2076 5814 omni-

506 5816 608 5869 hus
637 5817 858 5882 absunt,
890 5819 1114 5884 ideoque
1143 5835 1172 5873 e
1210 5832 1357 5875 textu
1397 5835 1584 5879 nostro
1617 5827 1930 5884 recidiutus.

2187 4637 2284 4708 μὲν
2317 4635 2492 4690 ταῦτα
2522 4676 2536 4700 ,
2585 4636 2719 4690 ἀλλὰ
2771 4637 2865 4689 καὶ
2921 4634 3178 4704 ποιοῦμεν
3231 4632 3268 4686 ἃ
3324 4632 3559 4700 φαίνεται
3603 4627 3711 4697 ἡμῖν

2182 4734 2426 4802 χρήσιμα
2463 4731 2541 4792 είς
2577 4729 2675 4800 τὴν
2700 4729 2807 4782 τῶν
2859 4728 3081 4792 παίδων,
3106 4725 3182 4790 ὡς
3218 4726 3446 4789 παίδων,
3500 4727 3711 4788 ἐπιστρο-

2183 4819 2290 4890 φὴν
2317 4821 2411 4873 καὶ
2440 4818 2745 4890 διόρθωσιν,
2789 4818 2958 4881 οὕτως
2991 4817 3164 4870 ἔοικεν
3213 4819 3242 4870 ό
3288 4817 3382 4870 τοῦ
3411 4814 3536 4869 θεοῦ
3573 4811 3710 4877 Λόγος

2181 4911 2584 4982 ᾠκονομῃκέναι
2618 4911 2685 4964 τά
2729 4907 3213 4982 ἀναγεγραμμένα,
3257 4905 3616 4980 μετρήσας.τῇ
3637 4901 3708 4953 δυ·

2182 5003 2344 5073 νάμει
2377 5003 2484 5056 τῶν
2509 5003 2810 5055 ἀκουόντων
2850 5002 2944 5054 καὶ
2980 5000 3057 5071 τῷ
3091 5000 3230 5070 πρὸς
3272 4999 3468 5060 αὐτοὺς
3494 4992 3708 5067 χρησίμῳ

2179 5091 2329 5144 τὸιέν
2367 5093 2434 5162 τῇ
2482 5089 2788 5160 ἀπαγγελίᾳ
2845 5089 2953 5159 (58)
3000 5090 3229 5161 πρέπον.
3277 5090 3389 5142 Καὶ
3430 5085 3632 5140 καθόλου
3659 5094 3705 5144 γε

2180 5184 2432 5253 περὶτοῦ
2460 5183 2700 5237 τοιούτου
2737 5183 2936 5255 τρόπου
2971 5183 3067 5252 τῆς
3106 5182 3443 5249 ἀπαγγελίας
3484 5178 3580 5232 τῶν
3606 5171 3707 5240 περὶ

2179 5271 2316 5324 Θεοῦ
2348 5274 2402 5324 ὲν
2433 5271 2509 5342 τῷ
2539 5272 2936 5343 Δευτερονομέῳ
2965 5271 3105 5324 οὕτω
3122 5257 3400 5326 λέλεκται·
3433 5292 3450 5322 ι
3494 5270 3706 5338 Ἑτροπο-

2248 5482 2362 5550 (57)
2396 5483 2549 5536 Lihh.
2589 5485 2717 5538 editi
2749 5485 2814 5538 ad
2848 5501 3022 5548 oram,
3059 5485 3116 5536 τό
3148 5486 3357 5536 ἑαυτῶν
3381 5488 3434 5537 ἐν
3463 5481 3534 5551 τῷ
3556 5476 3704 5543 λέγειν

2176 5552 2550 5624 στοχαζόμεθα
2579 5553 2823 5608 δυνατόν.

2251 5626 2362 5692 (5⁸)
2403 5622 2772 5693 Ἄτταγγελίςι,
2794 5637 2843 5679 et
2868 5624 3026 5694 paulo
3055 5633 3196 5690 post,
3221 5622 3704 5694 arcanaiagrectc

2175 5686 2734 5817 habet'litiresclieliuz-t,
2758 5686 2842 5750 ubi
2870 5686 3012 5751 male
3045 5686 3640 5763 ἓνοιιοθτιιέὲπαγγελίᾳ
3657 5689 3702 5735 ει

2175 5781 2381 5817 επαγγε
2443 5782 2523 5817 ας.

2175 5781 2198 5816 ε
2209 5781 2523 5832 παγγελιας.
