3852 6418
155 345 263 402 Mil

150 553 349 625 φορῆσαι
368 547 640 620 ἄνθρωπος
655 546 747 600 τὸν
767 544 881 597 υἱὸν
905 540 1090 597 αὐτοῦ’
1122 559 1141 591 ›
1179 540 1340 594 οἱονεὶ
1371 535 1658 609 ἀνθρώπου

148 644 342 716 τρόπους
363 639 488 713 πρὸς
512 638 570 694 τὺ
592 636 896 711 ἀνθρώποις
927 633 1199 697 λυσιτελὲς
1239 631 1418 705 φορῶν
1452 633 1480 685 6
1505 629 1660 698 λόγος

144 735 330 792 τοιαῦτα
370 733 515 806 λέγῃ’
555 731 614 786 ού
643 729 750 804 γὰρ
793 730 999 783 ἐδέοντο
1050 727 1099 780 οἱ
1145 725 1328 780 πολλοὶ
1372 740 1663 794 προσωπο-

146 828 382 891 ποιοῦντος
431 824 562 879 Θεοῦ
611 823 956 898 ἁρμοζόντως
1016 819 1191 886 ἐαυτῷ
1241 819 1311 873 τὰ
1352 819 1489 890 πρὸς
1535 819 1660 879 τοὺς

145 919 341 975 τοιούσδε
371 916 750 988 λεχθησόμενα.
792 915 927 968 Ἀλλ’
959 907 1003 982 ᾧ
1036 913 1184 985 μέλει
1227 912 1326 982 τῆς
1363 910 1472 963 τῶν
1503 909 1661 963 θείων

145 1010 434 1084 γραμμάτων
465 1008 760 1080 σαφηνείας
791 1009 1012 1080 εὑρήσει
1048 1007 1143 1060 ἀπ’
1176 1003 1354 1058 αὐτῶν
1398 1002 1466 1056 τὰ
1510 1001 1661 1070 λεγό-

145 1121 252 1176 μενα
281 1103 609 1174 πνευματικά
647 1105 760 1165 τοῖς
803 1099 1218 1173 ὀνομαζομένοις
1256 1099 1658 1168 πνευματικοῖς,

144 1195 400 1266 συγκρίνων
434 1194 494 1247 τὸ
520 1193 769 1266 βούλημα
799 1193 906 1247 τῶν
941 1211 1000 1247 τε
1032 1192 1168 1264 πρὸς
1193 1193 1318 1254 τοὺς
1349 1189 1663 1244 ἀσθενεστέ-

142 1305 241 1360 ρους
262 1287 548 1358 λεγομένων
587 1287 682 1340 καὶ
714 1287 822 1340 τῶν
862 1288 975 1347 τοῖς
1010 1283 1443 1356 ἐντρεχεστέροις
1485 1283 1664 1349 ἀπαγ-

141 1380 444 1451 γελλομένων,
463 1379 744 1447 πολλάκις,
775 1381 831 1433 ἐν
855 1382 921 1451 τῇ
949 1380 1086 1451 αὐτῇ
1119 1377 1262 1442 λέξει
1284 1375 1556 1449 ἑκατέρων
1586 1373 1664 1445 τῷ

138 1473 266 1528 εἰδότι
281 1473 487 1527 ἀκούειν
523 1473 696 1544 αὐτῆς
729 1474 1012 1545 κειμένων.

199 1567 371 1637 Ὀργὴν
399 1567 495 1637 μὲν
522 1561 618 1620 οὖν
641 1566 976 1638 ὀνομάζομεν
1001 1565 1156 1620 Θεοῦο
1190 1567 1250 1621 ού
1286 1566 1454 1630 πάθος
1484 1566 1529 1619 δ’
1566 1565 1665 1618 αύ-

135 1656 207 1711 τοῦ
236 1658 386 1730 αὐτὴν
417 1656 553 1712 εἷναί
589 1677 788 1730 φαμεν,
833 1659 970 1713 ἀλλά
1011 1678 1062 1713 τι
1112 1658 1667 1732 παραλαμϐανόμενον

136 1746 289 1816 είςτὴν
335 1747 417 1800 διὰ
449 1749 918 1820 σκυθρωποτέρων
971 1749 1202 1819 ἀγωγῶν
1239 1749 1516 1803 παίδευσιν
1550 1749 1664 1810 τοῖς

131 1839 186 1892 τά
210 1840 373 1894 τοσάδε
424 1841 520 1894 καὶ
560 1841 739 1895 τοιάδε
785 1843 1182 1914 ἡμαρτηκόσιν.
1231 1843 1351 1895 Ὅτι
1393 1841 1499 1913 γάρ
1531 1857 1659 1894 παι-

133 1927 290 2000 δεύειή
317 1931 620 2003 καλουμένη
671 1933 808 2004 ὀργὴ
857 1933 952 1986 τοῦ
1003 1933 1160 1998 Θεοῦ,
1191 1933 1285 1986 καὶ
1328 1935 1356 1987 ὀ
1405 1932 1662 2004 ὀνομαζό-

135 2040 258 2094 μενος
279 2023 435 2094 θυμὸς
456 2025 651 2088 αὐτοῦ,
681 2027 774 2078 καὶ
801 2026 946 2080 τοῦτ’
974 2028 1195 2097 ἀρέσκει
1218 2026 1296 2096 τῷ
1319 2025 1661 2097 λόγῳ,οδῆλον

135 2118 180 2167 ὲκ
198 2115 275 2168 τοῦ
298 2119 349 2168 ἐν
377 2118 474 2188 μὲν
500 2119 649 2189 ἕκτῳ
678 2118 877 2190 ψαλμῷ
897 2119 1165 2190 εἰρῆσθαι·
1204 2139 1221 2172 ‹
1260 2119 1450 2190 Κύριε,
1482 2120 1557 2191 μὴ
1583 2118 1661 2189 τῷ

135 2207 252 2280 θυμῷ
267 2226 346 2262 σου
363 2207 586 2285 ἐλέγξῃς
605 2228 696 2281 με,
720 2211 852 2283 μηδὲ
869 2215 932 2284 τῇ
952 2213 1085 2284 ὀργῇ
1108 2230 1198 2266 σου
1221 2211 1514 2284 παιδεύσῃς
1535 2228 1619 2282 με·
1637 2230 1654 2261 ι

136 2299 236 2352 iw}
261 2300 328 2369 τῷ
362 2300 624 2373 Ἰερεμίαο
651 2321 669 2352 ι
701 2303 992 2357 Παίδευσον
1019 2307 1188 2377 ἡμᾶς,
1220 2305 1415 2375 Κύριε,
1448 2303 1586 2375 πλὴν
1604 2306 1663 2358 ὲν

137 2390 287 2460 κρίσει,
306 2394 392 2448 καὶ
413 2396 486 2466 μὴ
507 2398 566 2449 ὲν
589 2395 769 2468 θυμῷ,
788 2396 875 2449 ἵνα
893 2396 963 2468 μὴ
979 2397 1189 2466 ὀλίγους
1207 2399 1351 2469 ἡμᾶς
1371 2397 1618 2468 ποιήσῃς.
1635 2415 1653 2447 ι

141 2481 380 2550 Ἀναγνοὺς
407 2483 463 2537 δέ
494 2503 578 2549 τις
627 2488 684 2539 ἐν
720 2487 817 2558 μὲν
849 2489 914 2558 τῇ
947 2487 1170 2559 δευτέρᾳ
1213 2488 1320 2541 τῶν
1366 2486 1661 2540 Βασιλειῶν

133 2571 259 2644 ὀργὴν
285 2575 430 2640 Θεοῦ,
455 2577 861 2633 ἀναπείθουσαν
900 2581 990 2634 τὸν
1021 2581 1182 2634 Δαυὶδ
1212 2580 1512 2653 ἀριθμῆσαι
1570 2580 1662 2633 τὸν

133 2663 242 2727 λαὸν,
285 2668 336 2718 ἐν
385 2668 441 2720 δὲ
485 2672 552 2740 τῇ
604 2668 802 2744 πρώτῃ
862 2671 969 2723 τῶν
1021 2672 1519 2744 Παραλειπομένων
1571 2671 1662 2726 τὸν

131 2755 342 2823 διάϐολον,
366 2760 460 2812 καὶ
482 2761 859 2827 συνεξετάζων
897 2763 1142 2836 ἀλλήλοις
1173 2765 1238 2818 τά
1271 2765 1430 2839 ῥητὰ,
1472 2747 1660 2836 ὄψεται

131 2848 198 2900 ἐπὶ
217 2850 342 2914 τίνος
361 2852 628 2908 τάσσεται
657 2857 689 2925 ἡ
722 2855 880 2927 ὀργήο
910 2851 978 2927 ἦς
1013 2857 1106 2910 καὶ
1135 2858 1303 2912 τέκνα
1335 2859 1542 2923 πάντας
1567 2859 1660 2911 ἀν-

132 2936 330 3008 θρώπους
356 2947 645 3013 γεγονέναι
698 2949 860 3019 φησιν
891 2949 920 2999 ὀ
959 2947 1168 3014 Παῦλος
1199 2950 1391 3019 λέγων’
1427 2970 1445 3002 ί
1489 2953 1664 3022 Ἦμε-

131 3028 180 3082 ia
205 3032 294 3104 (60)
313 3036 474 3092 τέκνα
499 3037 673 3108 φύσει
701 3040 890 3111 ὀργῆς,
927 3040 1003 3106 ὡς
1041 3043 1134 3095 καὶ
1167 3045 1213 3096 οἱ
1253 3043 1448 3098 λοιποί.
1487 3065 1506 3097 ι
1541 3047 1662 3102 Ὅτι

1287 323 1566 383 CONTRA
1598 319 1873 378 CELSUM
1906 316 2036 375 LIB.
2078 315 2168 372 iV.

151 457 320 532 φέρησέ
343 454 442 527 (59)
473 471 527 507 σε
555 451 756 524 Κύριος
794 452 823 503 6
859 449 990 512 Θεός
1035 464 1147 512 σου,
1177 447 1252 510 ὡς
1284 447 1335 500 el
1361 463 1442 508 τις
1468 461 1660 517 τροπο-

1773 438 1907 492 Deus
1935 448 2077 503 tuus,
2111 445 2168 490 ιιι
2196 435 2358 489 homo
2380 429 2514 486 solet
2540 440 2720 484 mores
2757 425 2897 480 ferre
2937 424 3037 483 .ﬁlii
3077 441 3158 478 sui

1692 1796 1736 1851 Β

3187 309 3325 365 “ei!

3194 426 3258 478 ⁸⁷.
3301 445 3318 475 ι

1764 530 1917 596 Quod
1952 527 2112 599 igitur
2144 525 2423 592 Scriptura
2483 535 2630 576 more
2668 517 2945 573 hominum
2977 514 3233 586 loquitur,
3261 529 3323 569 ea

1764 637 1823 677 re
1853 621 2136 676 hominum
2166 616 2387 673 utilitati
2417 613 2670 670 consulit.
2713 610 2896 679 Neque
2926 608 3069 664 enim
3115 607 3167 661 in
3212 621 3325 660 rem

1762 714 1902 784 vulgi
1935 713 2143 778 fuisset,
2172 711 2217 766 si
2248 725 2366 780 quae
2411 708 2486 763 illi
2519 706 2744 762 dicenda
2799 711 2975 769 erant,
3033 702 3176 757 Deus
3226 713 3326 770 pro

1763 824 1857 863 sua
1888 807 2168 877 majestate
2200 804 2443 858 dixisset.
2483 799 2588 854 Sed
2619 797 2704 852 cui
2734 797 2885 852 cordi
2929 795 3034 850 erit
3078 792 3326 861 Scriptu-

1763 918 1947 958 rarum
1975 902 2274 956 divinarum
2306 890 2680 966 intelligentia,
2733 897 2777 949 is
2805 893 3044 948 inveniet
3093 906 3177 956 ea,
3209 905 3326 960 quae

1766 996 1839 1051 ibi
1864 993 2166 1064 spiritualia
2211 1002 2493 1058 vocantur,
2521 989 2812 1045 convenire
2863 987 2931 1045 iis
2984 1000 3120 1056 quos
3165 983 3328 1056 spiri-

1763 1087 1935 1142 tuales
1969 1085 2274 1156 appellant;
2304 1094 2357 1138 et
2382 1081 2668 1137 conferens
2697 1093 2914 1134 sensum
2958 1091 3144 1132 eorum
3207 1089 3328 1145 quae

1765 1179 2155 1235 inﬁrmioribus
2185 1177 2456 1238 dicuntur,
2503 1190 2624 1230 cum
2682 1187 2868 1227 eorum
2922 1184 3086 1226 sensu
3118 1183 3237 1238 quae
3260 1168 3326 1221 ad

1765 1273 2038 1326 acutiores
2066 1280 2333 1341 spectant,
2364 1277 2695 1339 compertum
2731 1266 2949 1322 habebit
2970 1278 3111 1335 saepe
3139 1262 3328 1320 eodem

1765 1367 1819 1421 in
1855 1365 1973 1421 loco
2006 1374 2295 1434 utrumque
2318 1363 2741 1432 intelligentibus
2777 1358 3046 1416 exhiberi.

1837 1545 1922 1598 72.
1948 1541 2115 1613 Igitur
2149 1541 2281 1594 iram
2316 1539 2407 1595 Dei
2436 1538 2770 1594 nominamus
2811 1536 3050 1607 quidem,
3078 1536 3170 1590 sed
3205 1551 3326 1591 eam

1768 1637 1914 1692 illius
1960 1634 2212 1690 aﬁ‘ectum
2244 1646 2362 1688 esse
2411 1647 2516 1687 non
2553 1631 2803 1686 dicimus.
2838 1629 2933 1684 Est
2962 1629 3144 1698 potius
3170 1644 3327 1696 aspe-

1768 1730 1880 1784 rior
1901 1727 2146 1796 quardam
2181 1724 2368 1794 agendi
2398 1723 2534 1777 ratio
2565 1738 2667 1792 qua
2725 1721 2864 1776 Deus
2895 1720 2961 1775 ad
3001 1719 3329 1774 erudiendos

1768 1829 2040 1874 tantorum
2076 1815 2371 1886 taliumque
2393 1814 2679 1871 criminum
2713 1829 2833 1868 reos
2871 1811 3115 1868 homines
3139 1811 3326 1866 utitur.

1769 1913 1864 1968 Dei
1895 1912 2038 1966 enim
2073 1911 2207 1966 iram
2239 1920 2292 1965 et
2314 1909 2574 1975 furorem,
2609 1918 2667 1964 ut
2691 1908 2987 1978 loquimur,
3016 1907 3333 1976 castigando

1767 2005 2003 2064 erudire,
2040 2004 2198 2072 idque
2243 2003 2648 2072 Scripturarum
2699 2017 2818 2058 esse
2853 2011 3110 2064 mentem,
3163 2015 3225 2054 ex
3268 2016 3334 2054 eo

1767 2105 1911 2166 patet
1937 2096 2078 2166 quod
2114 2096 2164 2149 in
2183 2095 2403 2164 «psalmo
2442 2103 2595 2149 sexto
2650 2094 2846 2164 legitur
2881 2110 2896 2146 :
2931 2111 2949 2144 ι
2985 2091 3212 2147 Domine
3268 2105 3334 2144 ne

1769 2191 1820 2245 in
1860 2189 2042 2244 l’urore
2079 2199 2168 2243 tuo
2194 2205 2391 2258 arguas
2418 2203 2522 2252 me,
2551 2203 2724 2257 neque
2779 2188 2830 2240 in
2873 2195 2954 2240 tra
2983 2201 3072 2240 tua
3116 2187 3336 2239 erudias

1769 2299 1854 2339 me
1878 2283 1943 2335 ³⁸.
1971 2302 1990 2334 ι
2023 2281 2086 2336 Et
2108 2285 2248 2352 apud
2274 2282 2563 2337 Jeremiam
2590 2300 2602 2335 :
2635 2298 2654 2330 ι
2685 2279 2909 2348 Corripe
2937 2295 3056 2342 nos,
3083 2277 3332 2340 Domine,

1769 2385 2142 2431 verumtamen
2188 2375 2244 2428 in
2291 2374 2520 2443 judicio,
2577 2382 2628 2427 et
2679 2389 2783 2427 non
2823 2374 2874 2425 in
2906 2371 3110 2437 furore,
3167 2384 3233 2424 ne
3267 2369 3332 2423 ad

1768 2481 1972 2538 paucos
2024 2480 2120 2520 nos
2153 2465 2364 2534 redigas
2406 2465 2470 2516 ’9.
2510 2483 2528 2516 ι
2561 2460 2678 2516 .Iatn
2729 2462 2770 2516 si
2820 2461 2939 2530 quis
2994 2461 3045 2514 in
3093 2459 3333 2514 secundo

1770 2559 1973 2630 Regum
2002 2559 2142 2629 legat
2176 2556 2267 2610 Dei
2295 2558 2427 2610 iram
2456 2556 2779 2626 compulisse
2813 2553 3068 2609 Davidem
3118 2555 3186 2606 ad
3230 2566 3333 2605 nu-

1769 2652 2088 2707 merandum
2137 2649 2388 2720 populum
2446 2649 2515 2714 ⁸⁰,
2563 2649 2720 2719 idque
2748 2656 3029 2716 comparet
3060 2661 3182 2700 cum
3210 2645 3332 2700 loco

1768 2744 1930 2814 primi
1984 2741 2470 2810 Paralipomenon,
2524 2741 2612 2794 ubi
2662 2738 2875 2793 diabolo
2942 2739 3083 2793 idem
3109 2737 3337 2793 ascribi-

1773 2847 1859 2891 tur
1889 2835 1954 2899 “,
1989 2834 2149 2891 facile
2188 2834 2481 2903 perspiciet
2512 2848 2619 2902 quo
2647 2833 2950 2902 signiﬁcato
2994 2830 3085 2885 Dei
3119 2830 3196 2884 ira
3224 2846 3335 2883 me-

1771 2941 2050 2986 moretur:
2087 2931 2238 2999 cujus
2280 2929 2374 2982 ira:
2411 2943 2509 2983 nos
2543 2928 2682 2982 ﬁlios
2707 2925 2871 2981 fuisse
2896 2926 3058 2980 docet
3112 2923 3332 2983 Pa‘dllts,

1770 3042 1890 3081 cum
1920 3025 2039 3079 ait:
2079 3043 2097 3076 ι
2131 3025 2356 3079 Eramus
2406 3034 2595 3078 natura
2655 3023 2747 3077 ﬁlii
2801 3023 2913 3086 irae,
2946 3023 3084 3076 sicut
3132 3028 3188 3077 et
3233 3036 3339 3075 cte-

130 3118 230 3219 δῖού
252 3125 407 3219 πάθος
451 3129 547 3183 τοῦ
567 3129 748 3219 *Θεοῦ
800 3133 947 3185 ἐστιν
985 3134 1017 3205 ἡ
1063 3132 1219 3205 ὀργὴ,
1264 3133 1378 3188 ἀλλ’
1437 3137 1664 3204 ἕκαστος

1773 3115 1871 3170 teri
1904 3116 1971 3169 ⁸⁸.
2009 3135 2028 3168 ι
2062 3115 2273 3170 Rursus
2301 3115 2436 3169 iram
2478 3129 2583 3168 non
2618 3128 2737 3168 esse
2791 3114 2883 3168 Dei
2917 3112 3190 3177 aﬁ‘ectum,
3243 3111 3336 3164 sed

131 3213 238 3284 αὑτῷ
258 3217 447 3291 ταύτην
479 3213 641 3275 δι’ὧν
669 3222 969 3295 ἁμαρτάνει
994 3227 1408 3291 κατασκευάζει,
1435 3229 1665 3300 δηλώσει

130 3305 346 3373 ὀΠαῦλος
381 3312 437 3364 ἐν
467 3312 567 3384 τῷο
605 3332 626 3365 ι
669 3315 741 3367 Ἦ
776 3313 871 3367 τοῦ
913 3315 1140 3371 πλούτου
1168 3318 1268 3389 τῆς
1305 3321 1671 3395 χρηστότητος

128 3397 270 3465 αὐτοῦ,
303 3405 390 3458 καὶ
417 3407 519 3477 τῆς
553 3407 782 3477 ἀνοχῆς,
813 3409 906 3462 καὶ
937 3410 1034 3482 τῆς
1074 3411 1455 3484 μακροθυμίας
1500 3432 1668 3468 κατα-

129 3491 314 3554 φρονεῖς,
333 3492 565 3561 ἀγνοῶν,
593 3496 762 3548 ὅτιτὸ
791 3498 1023 3568 χρηστὸν
1058 3499 1150 3552 τοῦ
1196 3501 1330 3554 Θεοῦ
1369 3504 1451 3567 εἰς
1490 3505 1668 3574 μετά-

127 3577 238 3630 νοιάν
261 3598 313 3634 σε
345 3584 501 3654 ἄγεις
537 3587 704 3640 Κατά
733 3587 788 3640 δὲ
810 3588 906 3660 τὴν
942 3590 1282 3664 σκληρότητά
1299 3611 1391 3648 σου
1419 3597 1512 3650 καὶ
1538 3600 1672 3669 ἀμε-

127 3671 336 3742 τανόητον
396 3678 643 3750 καῴίαν
714 3678 1058 3754 θησαυρίζεις
1119 3684 1329 3757 σεαυτῷ
1383 3673 1550 3760 ὀργὴν
1612 3690 1669 3741 ὲν

127 3761 268 3850 ᾑμέρᾳ
315 3767 481 3842 ὀργῆς
536 3771 642 3824 καὶ
697 3771 1088 3844 ἀποκαλύψεως
1136 3776 1531 3850 δικαιοκρισίας
1573 3779 1668 3834 τοῦ

127 3848 245 3944 θεοῦ.
268 3875 284 3906 ι
309 3859 430 3924 Πῶς
469 3856 566 3914 οῦν
586 3860 817 3916 δύναται
845 3862 1071 3928 ἕκαστος
1098 3848 1448 3941 θησαυρίζειν
1492 3871 1670 3944 ἑαυτῷ

126 3940 255 4035 ὀργὴν
276 3949 329 4004 ἐν
355 3953 537 4025 ἡμέρᾳ
563 3953 766 4024 ὀργῆς.
786 3954 956 4026 ὀργῆς
972 3958 1064 4011 τοῦ
1093 3940 1298 4025 πάθους
1337 3940 1668 4035 νοουμένηςνς

128 4034 219 4102 Πῶς
229 4041 278 4094 δὲ
295 4044 462 4118 ὀργῆς
479 4047 663 4111 πάθος
689 4049 964 4103 παιδεύειν
979 4050 1197 4107 δύναται
1216 4072 1230 4120 ;
1270 4055 1431 4111 Ἀλλά
1465 4059 1557 4111 καὶ
1570 4034 1670 4112 οὐκ

125 4127 175 4183 ἂν
201 4135 494 4195 όδιδάσκων
518 4140 687 4211 λόγος
728 4143 874 4213 ἡμᾶς
908 4145 1170 4217 μηδαμῶς
1207 4149 1542 4219 ὀργίζεσθαι,
1579 4153 1670 4204 καὶ

129 4225 306 4290 φάσκων
337 4234 393 4285 ὲν
430 4234 752 4306 τριακοστῷ
797 4235 940 4308 ἕκτῳ
976 4237 1191 4311 ψαλμῷ,
1238 4259 1256 4291 ι
1307 4241 1522 4296 Παῦσαι
1562 4244 1670 4298 ἀπὸ

125 4316 276 4410 {F519,
312 4328 402 4380 καὶ
425 4329 772 4397 ἐγκατάλιπε
816 4331 1002 4403 θυμόνο
1040 4353 1058 4384 ι
1088 4332 1262 4402 λέγων
1296 4335 1353 4388 δὲ
1377 4337 1472 4390 καὶ
1497 4338 1554 4390 ὲν
1592 4337 1670 4410 τῷ

128 4406 306 4498 ῌαύλῳ,
352 4436 369 4468 ι
419 4420 727 4473 ’Δπόθεσθε
771 4422 864 4474 καὶ
919 4423 1073 4493 ὑμεῖς
1109 4423 1179 4477 τά
1217 4423 1393 4479 πάντα
1416 4467 1431 4491 ,
1475 4406 1665 4498 ὀργὴν-ν

128 4497 278 4570 θυμὸν,
318 4509 538 4576 κακίαν,
582 4509 968 4583 βλασφημίαν,
1015 4515 1412 4588 αἰσχρολογίαν·
1458 4536 1478 4569 ,
1512 4497 1668 4591 αὖά-ᾦ

126 4607 182 4681 il?
211 4597 313 4668 θεῷ
339 4602 619 4673 περιῆπτε
661 4603 724 4655 τὸ
762 4604 949 4669 πάθος,
980 4601 1039 4660 οὗ
1066 4608 1213 4678 ἡμᾶς
1234 4609 1407 4681 πάντη
1427 4609 1669 4664 ἀπαλλά-

127 4679 211 4744 ξειν
238 4687 336 4762 (61)
378 4691 659 4764 βούλεται.
707 4692 878 4762 Δῆλον
930 4693 985 4747 δὲ
1023 4695 1084 4748 τὸ
1124 4679 1565 4767 τροπολογεῖσθαι
1601 4697 1670 4754 τὰ

126 4779 224 4849 περὶ
247 4784 405 4855 ὀργῆς
427 4786 569 4839 Θεοῦ
613 4789 680 4840 ὲκ
706 4786 800 4838 τοῦ
841 4787 935 4841 καὶ
963 4787 1127 4841 ὕπνον
1157 4788 1322 4841 αὐτοῦ
1356 4791 1667 4864 ἀναγεγρά-

125 4869 245 4938 φθαι,
287 4878 373 4948 ἀφ’
421 4874 483 4933 οὗ
526 4878 726 4950 ὥσπερ
783 4877 1067 4943 διυπνίζων
1121 4883 1281 4935 αὑτὸν
1319 4884 1346 4936 ὀ
1387 4886 1672 4957 προφήτης

123 4962 256 5031 λέγει’
283 4989 300 5020 ι
345 4971 665 5044 Ἀνάστηθι·
696 4971 834 5025 ἱνατί
867 4974 1072 5036 ὑπνοῖς,
1103 4974 1308 5046 Κύριε;
1339 4995 1355 5026 ι
1377 4977 1485 5028 Καὶ
1510 4977 1670 5030 πάλιν

125 5057 247 5125 φησί·
292 5081 308 5113 ι
346 5065 457 5118 Καὶ
495 5064 776 5136 ἐξηγέρθη
808 5065 882 5128 ὼς
914 5066 942 5116 ὀ
986 5065 1167 5119 ὑπνῶν
1206 5066 1431 5140 Κύριος,
1467 5067 1542 5132 ὡς
1576 5067 1671 5121 δυ-

124 5150 251 5214 νατὸς
279 5157 368 5207 καὶ
407 5156 878 5228 κεκραιπαληκὼς
922 5156 979 5223 ἐξ
1021 5160 1183 5211 οἴνου.
1246 5178 1264 5209 ι
1311 5159 1483 5234 Εἴπερ
1525 5157 1617 5214 οὖν
1642 5162 1671 5213 ὀ

126 5237 262 5310 ὕπνος
296 5249 420 5303 ἄλλο
458 5269 510 5304 τι
558 5252 837 5322 σημαίνει,
876 5252 968 5304 καὶ
1009 5253 1105 5323 οὐχ
1141 5253 1275 5322 ὅπερ
1306 5255 1338 5322 ἡ
1381 5255 1668 5327 πρόχειρος

179 5427 400 5492 "Deut.
433 5451 473 5496 ι,
507 5435 602 5495 5|,
682 5434 726 5465 ³⁸
764 5433 908 5487 Psal.
953 5448 1034 5497 vr,
1068 5436 1120 5490 1.

1773 3224 1893 3262 eam
1927 3207 1978 3260 in
2004 3223 2060 3261 se
2090 3221 2359 3276 quemque
2387 3205 2624 3275 peccatis
2657 3205 2927 3270 derivare,
2960 3202 3161 3258 Paulus
3191 3201 3336 3256 idem

1773 3299 1987 3368 planum
2020 3298 2149 3354 facit
2179 3316 2192 3352 :
2232 3316 2251 3350 ι
2284 3299 2366 3352 Αη
2395 3298 2632 3362 divitias,
2667 3296 2860 3366 inquit.
2915 3295 3172 3349 bonitatis
3196 3293 3337 3360 ejus,

1772 3402 1824 3448 et
1856 3393 2150 3463 patientiae,
2191 3403 2246 3446 et
2281 3390 2748 3462 magnanimitatis
2811 3388 3144 3454 contemnis;
3188 3387 3340 3456 igno-

1772 3502 1901 3540 rans
1923 3486 2178 3555 quoniam
2205 3485 2508 3555 benignitas
2537 3483 2628 3537 Dei
2657 3482 2722 3537 ad
2753 3479 3130 3550 pmnitentiam
3159 3487 3212 3532 te
3239 3479 3338 3532 ad-

1772 3579 1961 3634 ducit?
1993 3577 2301 3632 Secundum
2327 3586 2507 3631 autem
2542 3575 2799 3629 duritiam
2843 3581 2989 3628 tuam
3043 3581 3098 3627 et
3140 3572 3338 3642 impm-

1772 3672 1952 3726 nitens
1981 3685 2078 3727 cor
2110 3669 2449 3724 thesaurizas
2506 3667 2599 3720 tibi
2656 3666 2790 3720 iram
2844 3663 2898 3717 in
2931 3663 3020 3718 die
3051 3662 3144 3717 irae
3167 3670 3222 3716 et
3255 3677 3340 3714 re-

1773 3761 2207 3830 velationisjusti
2230 3759 2420 3830 judicii
2454 3757 2550 3812 Dei
2575 3757 2640 3810 ⁸³.
2674 3775 2692 3808 ι
2723 3755 3006 3822 Quomodo
3032 3753 3194 3824 igitur
3234 3750 3337 3805 sibi

1771 3856 2002 3927 quisque
2026 3862 2206 3925 posset
2238 3850 2608 3906 thesaurizare
2636 3849 2776 3903 iram
2812 3849 2866 3902 in
2891 3848 2978 3904 die
3002 3847 3118 3912 irae,
3162 3845 3209 3899 si
3245 3845 3341 3898 ira:

1774 3947 1993 4002 nomine
2021 3943 2246 4000 aﬁ‘ectus
2279 3942 2658 4013 intelligatur?
2683 3939 2785 4008 Qui
2810 3939 2928 3994 ﬁeri
2959 3945 3136 4008 potest
3158 3945 3216 3991 ut
3245 3936 3340 4015 ira»

1775 4039 2002 4096 aﬁ'ectus
2023 4037 2272 4094 erudiat?
2300 4037 2484 4105 Neque
2525 4035 2689 4090 etiam
2744 4034 3062 4104 Scriptum,
3095 4047 3215 4102 quae
3245 4047 3343 4088 nos

1774 4131 1937 4186 irasci
1963 4140 2178 4194 vetant;
2211 4143 2328 4198 quae
2359 4131 2412 4183 in
2441 4138 2598 4182 sexto
2628 4137 2682 4181 et
2705 4125 2982 4180 tricesimo
3026 4123 3341 4194 psalmoju-

1772 4222 1900 4278 bent
1928 4240 1948 4274 ι
1973 4221 2220 4277 desinere
2247 4221 2316 4274 ab
2344 4222 2418 4274 ira
2452 4229 2506 4274 et
2534 4217 2913 4287 derelinquere
2939 4216 3178 4271 furorem
3206 4215 3288 4280 ⁸⁸;
3319 4234 3336 4266 ι

1773 4332 1893 4388 qua:
1917 4315 2059 4386 apud
2092 4313 2316 4368 Paulum
2341 4312 2668 4383 praecipiunt
2695 4328 2714 4362 ι
2749 4311 3023 4381 deponere
3074 4309 3188 4362 haec
3221 4324 3344 4362 om-

1774 4413 1882 4476 nia,
1915 4411 2071 4475 iram,
2101 4407 2548 4478 indignationem,
2586 4404 2750 4475 558
2782 4403 3064 4466 malitiam,
3091 4402 3342 4470 blasphe-

1700 4505 1745 4561 D
1776 4505 1960 4568 miam,
1989 4513 2198 4573 turpem
2233 4513 2538 4554 sermonem
2560 4498 2627 4563 ⁸⁸,
2661 4516 2678 4549 ι
2710 4495 2819 4550 Deo
2843 4495 2938 4564 ipsi
2965 4494 3340 4564 assignasscnt

1195 5434 1240 5466 "
1277 5432 1476 5491 Jerem.
1507 5453 1557 5496 κ.
1581 5437 1670 5490 94.
1748 5438 1802 5468 ⁸⁰τ
1832 5435 1876 5491 ll
1908 5434 2039 5499 Reg.
2071 5445 2220 5487 xxiv.
2247 5431 2296 5484 l.

1775 4596 2047 4657 aﬁ‘ectum,
2093 4607 2200 4662 quo
2248 4606 2347 4646 nos
2393 4591 2620 4644 omnino
2695 4603 2896 4643 vacuos
2949 4601 3069 4640 esse
3131 4587 3340 4640 volunt.

1775 4691 2044 4746 Praeterea
2093 4688 2227 4740 iram
2264 4685 2358 4740 Dei
2412 4682 2701 4753 allegorico
2753 4695 2911 4735 sensu
2970 4679 3341 4748 accipiendam

1776 4798 1898 4838 esse
1945 4781 2069 4834 inde
2097 4787 2340 4848 apparet,
2393 4777 2540 4846 quod
2594 4773 2894 4843 Scriptura:
2950 4773 3048 4842 ipsi
3099 4773 3344 4826 tribuant

1776 4891 2023 4930 somnum
2053 4892 2066 4928 :
2099 4886 2164 4925 ex
2205 4887 2312 4940 quo
2347 4869 2498 4940 quasi
2555 4883 2677 4922 eum
2727 4867 2971 4922 excitans
3016 4865 3285 4934 Propheta
3326 4887 3340 4922 :

1781 4989 1798 5020 σ
1838 4971 2103 5035 Exsurge,
2136 4966 2332 5035 inquit,
2359 4979 2526 5030 quare
2555 4962 2852 5021 obdormis,
2873 4961 3096 5016 Domine
3121 4959 3201 5013 ⁸⁸ἳ
3230 4979 3248 5011 ι
3280 4960 3344 5012 Et

1776 5063 1879 5116 alio
1905 5061 1955 5113 in
1984 5059 2099 5112 loco
2132 5076 2145 5111 :
2176 5075 2198 5108 (η
2233 5056 2296 5109 Et
2321 5057 2591 5110 excitatus
2666 5065 2750 5108 est.
2786 5065 3039 5124 tanquam
3069 5054 3344 5107 dormiens

1776 5154 2057 5216 Dominus,
2100 5160 2357 5219 tanquam
2395 5157 2587 5214 potens
2618 5147 2930 5216 crapulatus
2969 5162 2998 5199 a
3059 5145 3186 5199 vino
3217 5145 3282 5198 ⁸⁷.
3322 5167 3339 5194 υ

1776 5248 1831 5301 Si
1868 5258 2000 5310 ergo
2027 5256 2249 5295 somnus
2279 5239 2406 5309 quid
2437 5239 2584 5292 aliud
2627 5237 2922 5308 signiﬁcat,
2988 5251 3149 5304 quam
3198 5239 3343 5302 quod

2373 5429 2416 5462 ⁸³
2456 5429 2476 5483 1
2509 5428 2743 5497 Paralip.
2775 5441 2887 5485 xxi.
2933 5425 2983 5478 l.
3059 5425 3104 5455 ⁸³
3143 5425 3340 5497 Ephes.

127 5498 245 5563 11,5.
315 5504 358 5535 ⁸³
400 5504 562 5558 Ronn.
612 5504 753 5569 11,4,
779 5504 834 5558 5.
907 5503 951 5536 “
986 5496 1128 5559 PSul.
1180 5519 1366 5569 XXXVI,
1399 5509 1453 5559 8.
1527 5508 1572 5539 ⁸⁵
1613 5508 1664 5563 Ct

1773 5525 1824 5560 is.
1866 5522 1947 5568 Ill,
1981 5496 2035 5556 8.
2111 5502 2158 5532 ⁸⁸
2195 5501 2339 5555 Psal.
2392 5517 2545 5564 XLIII,
2579 5496 2701 5554 23.7
2746 5497 2790 5527 ⁸⁷
2835 5497 2975 5549 l'sal.
3014 5511 3219 5562 ωιτη,
3247 5496 3345 5551 65.

302 5573 570 5660 yttlgatu's
597 5573 892 5660 Bibliornm
921 5586 1132 5660 textus,
1163 5577 1587 5654 ὲτροιροιρόρησε,
1612 5588 1665 5631 et

125 5652 228 5762 tAnco‘x
257 5646 689 5770 τῳφῖξορήσαι,
719 5647 810 5700 sed
843 5645 1090 5714 Origenis
1122 5647 1284 5700 lectio
1311 5645 1666 5703 conlirinatur

213 5751 223 5762 .
249 5728 363 5770 xnt.
468 5756 482 5768 .

589 5783 842 5857 *Apnsloli
899 5794 1098 5850 textus,
1146 5781 1308 5857 ἦμεν.
1341 5785 1510 5844 Paulo
1548 5798 1670 5857 post

131 5851 266 5907 codd.
305 5851 524 5926 Regius,
585 5851 908 5912 Basileensis
957 5868 1009 5912 et
1066 5851 1666 5928 duo"Anglicani,'aa-

1771 5575 2115 5640 τασκευάζει.
2153 5573 2422 5642 lmpressi,
2449 5570 2862 5625 κατασκευάσει.

1847 5647 1959 5716 (til)
1983 5638 2152 5716 (indd:
2182 5638 2405 5711 Regius,
2457 5644 2753 5716 Vaticanus
2784 5650 2838 5716 et
2870 5638 2980 5716 duo
3031 5639 3342 5716 Anglicani:

1774 5707 2099 5781 ἀπαλλάξαι.
2128 5707 2294 5768 Paulo
2326 5725 2447 5782 post
2472 5714 2670 5782 Regius
2697 5722 2750 5766 et
2782 5707 3142 5782 Basileensisf
3160 5711 3225 5765 ἐκ
3248 5707 3346 5764 τοῦ

1775 5790 1868 5842 καὶ
1907 5787 2034 5858 περὶ
2061 5786 2228 5842 ὕπνου
2260 5781 2421 5843 αὐτοῦ
2449 5781 2880 5857 ἀναγεγράφθαι,
2909 5796 3026 5851 qua:
3060 5781 3214 5839 lectio
3240 5797 3346 5838 nun

1776 5859 2100 5932 Spernenda.
