3852 6418
517 361 650 417 1145

1974 351 2292 409 ORlGENlS

3585 342 3696 398 ιιιι

512 493 710 536 sensus
737 476 926 534 obvius
977 489 1084 542 prae
1114 489 1173 530 se
1217 472 1342 540 fert,
1366 489 1464 527 cur
1509 488 1615 527 non
1661 473 1800 528 idem
1859 470 2062 528 feratur

2170 469 2362 540 ὲ-κδοχὴ
2385 469 2484 539 τῆς
2504 467 2700 534 λέξεως
2719 463 2882 536 δηλοῖ,
2909 461 2998 517 διὰ
3023 461 3076 516 τί
3117 461 3237 532 οὐχὶ
3269 460 3358 514 καὶ
3387 461 3420 530 ἡ
3460 457 3584 530 ὀργὴ
3611 475 3696 514 πα-

515 571 580 626 de
603 571 678 624 ira
697 567 954 638 judicium
974 566 997 619 ’ί
1021 565 1172 632 Quod
1202 566 1268 620 ad
1297 565 1468 620 minas
1497 566 1708 630 attinet,
1727 580 1824 634 per
1849 579 1942 620 eas
1969 564 2065 620 de-

513 659 830 716 nuntiantur
859 655 1142 726 improbis,
1171 671 1289 724 qua:
1333 656 1462 726 ipsis
1499 654 1677 709 futura
1719 663 1872 718 sunt;
1921 653 2064 709 haud

509 765 671 806 secus
715 763 778 804 ac
808 748 850 802 si
883 747 1041 802 minae
1091 755 1420 802 vocarentur
1477 749 1591 802 haec
1621 747 1812 802 medici
1864 761 2062 816 mgrnm

512 839 834 909 alloquentis
865 839 1028 894 verba
1073 855 1086 892 :
1135 837 1350 900 secabo,
1385 853 1558 902 uram,
1609 837 1661 890 ni
1718 837 1882 906 jussis
1932 839 2066 892 meis

509 933 868 1000 obtemperes,
897 929 1002 984 ttisi
1033 929 1246 984 diaetam
1279 931 1415 984 hanc
1441 930 1712 999 sequaris,
1771 930 1872 982 nisi
1901 929 1978 984 sic
2014 941 2066 982 te

508 1037 686 1092 geras.
713 1019 822 1076 Nec
851 1021 1016 1090 igitur
1043 1019 1306 1076 humanos
1335 1021 1568 1077 aﬂ'ectus
1601 1021 1714 1076 Deo
1739 1020 2062 1090 aliingimus,

511 1127 609 1167 nec
639 1112 830 1180 impias
853 1111 920 1166 de
945 1111 1036 1166 illo
1070 1111 1348 1180 opiniones
1389 1113 1676 1172 habemus.
1724 1125 1824 1164 nec
1851 1112 1964 1165 ullo
2011 1112 2063 1164 in

509 1189 692 1260 errore
730 1219 1025 1268 versamur,
1053 1219 1172 1258 cum
1197 1203 1420 1258 resillas
1454 1219 1520 1258 ex
1544 1205 1772 1260 diversis
1817 1205 2062 1272 Scriptu-

510 1311 690 1350 rarum
725 1297 854 1350 locis
876 1296 1020 1350 inter
1047 1311 1106 1350 se
1135 1295 1346 1351 collatis
1393 1295 1836 1364 interpretamur.
1880 1293 2067 1364 Neque

508 1388 652 1442 aliud
684 1387 945 1456 quiapud
975 1401 1070 1441 nos
1099 1387 1325 1442 docendi
1367 1401 1596 1442 munere
1625 1387 1898 1456 sapienter
1946 1387 2068 1441 futt-

509 1485 728 1546 guntnr,
761 1485 1067 1546 pr0ponunt
1099 1477 1225 1542 sibi,
1270 1491 1428 1544 quam
1472 1478 1539 1530 ab
1590 1477 1927 1530 auditoribus
1975 1493 2068 1530 ru-

512 1569 632 1622 dem
663 1567 1058 1636 simplicitatem
1117 1583 1370 1622 amovere
1423 1577 1478 1624 et
1523 1568 1706 1623 indere
1759 1569 2068 1638 intelligen-

509 1659 660 1724 tiam,
694 1659 866 1730 quoad
895 1659 1008 1713 ﬁeri
1031 1669 1227 1731 potest.

571 1831 662 1886 75.
694 1832 824 1900 Quae
852 1843 1171 1904 sequuntur,
1201 1844 1326 1890 sunt
1353 1835 1514 1889 etiam
1561 1836 1792 1892 hominis
1825 1838 1910 1906 qui
1946 1853 2063 1906 qua:
2098 1811 2140 1866 Β

508 1925 573 1979 de
605 1925 685 1978 ira
721 1925 813 1980 Dei
845 1927 1045 1997 scripta
1076 1937 1200 1980 sunt
1225 1929 1448 1982 minime
1477 1929 1740 1983 intellexit
1772 1947 1784 1982 :
1823 1948 1840 1980 σ
1873 1933 2061 1984 Annon

507 2015 791 2072 ridiculum
834 2027 939 2084 est,
975 2019 1170 2088 inquit,
1207 2019 1478 2074 hominem
1501 2019 1915 2076 Judaeisiratum
1947 2023 2066 2078 illos

507 2125 693 2166 omnes
743 2126 771 2164 a
831 2111 1054 2166 minimo
1085 2112 1152 2168 ad
1187 2113 1478 2167 maximum
1537 2111 1898 2178 inteifecisse,
1939 2115 2064 2186 igne

509 2201 672 2255 urbes
700 2199 1032 2274 devastasse,
1081 2201 1154 2256 ita
1187 2217 1292 2256 non
1352 2203 1606 2257 resistere
1657 2213 1939 2272 poterant;
1970 2205 2061 2258 Dei

505 2299 708 2354 autem,
733 2297 793 2345 ut
829 2301 1042 2358 vocant,
1069 2292 1464 2359 maximiirant,
1501 2295 1943 2364 indignationem,
1965 2297 2064 2351 mi-

507 2397 605 2436 nas
633 2383 738 2437 huc
767 2383 978 2439 tandem
1013 2385 1285 2448 recidisse,
1311 2393 1368 2439 ut
1398 2401 1550 2438 suum
1582 2387 1771 2440 Filium
1805 2388 2062 2456 mitteret,

507 2474 701 2541 hicque
740 2475 863 2529 talia
911 2476 1226 2544 pateretur?
1258 2495 1278 2528 ι
1327 2476 1396 2532 At
1435 2477 1480 2532 si
1531 2477 1721 2542 Judaei,
1779 2489 2060 2548 postquam

507 2574 611 2618 tam
644 2566 938 2622 crudeliter
969 2570 1020 2623 in
1047 2568 1227 2625 Iesum
1261 2570 1449 2624 saevire
1499 2571 1613 2624 ausi
1645 2581 1788 2633 sunt,
1823 2571 2064 2627 funditus

504 2657 734 2724 periere,
763 2668 815 2713 et
839 2675 964 2714 suas
996 2663 1156 2716 urbes
1210 2662 1530 2725 amiserunt,
1579 2663 1690 2716 hrec
1748 2678 1843 2718 eos
1899 2665 2063 2719 tantis

503 2745 677 2813 pmrds
710 2745 888 2802 affecit
931 2733 1034 2814 ira,
1058 2763 1217 2819 quam
1259 2751 1358 2806 sibi
1403 2752 1898 2808 thesaurizaverant
1927 2773 1941 2808 :
1968 2755 2062 2810 Dei

502 2837 921 2907 enimjudicium
957 2841 1008 2894 in
1034 2839 1152 2894 illos
1182 2843 1532 2896 constitutum
1592 2843 1770 2914 lingua
1799 2843 2060 2901 chraica

503 2928 584 2982 ira
609 2929 928 3000 appellatur.
983 2932 1089 2987 Sed
1117 2948 1236 3002 quae
1269 2933 1364 2987 Dei
1401 2935 1618 2988 maximi
1655 2935 1822 2992 Filius
1847 2952 2064 3008 perpes-

503 3033 596 3072 sus
627 3029 730 3085 est,
763 3033 824 3074 ea
859 3037 1145 3090 perpessus
1173 3032 1255 3077 est
1282 3023 1468 3078 volens
1499 3034 1554 3078 et
1593 3026 1844 3081 humanae
1873 3028 2064 3084 salutis

443 3099 456 3110 “
501 3125 683 3178 causa,
737 3121 797 3166 ut
845 3127 1004 3182 supra
1056 3129 1154 3181 pro
1197 3115 1404 3170 viribus
1475 3117 1857 3172 demonstravi.
1901 3119 2064 3175 Addit

500 3207 684 3268 postea
713 3218 728 3255 :
759 3217 779 3252 ι
821 3201 1016 3256 Verum
1046 3212 1104 3256 ut
1134 3219 1200 3258 ne
1235 3205 1302 3259 de
1325 3206 1457 3260 solis
1483 3205 1702 3272 Judaais,
1752 3210 1896 3279 quod
1928 3213 2058 3266 mihi

505 3293 834 3358 propositum
861 3307 964 3347 non
993 3304 1094 3359 ρει,
1127 3295 1221 3350 sed
1262 3297 1326 3350 de
1359 3297 1610 3352 universa
1655 3309 1876 3366 natura,
1919 3303 2058 3370 quod

505 3383 718 3449 quidem
751 3384 995 3453 promisi,
1026 3386 1097 3438 sit
1119 3401 1319 3454 sermo,
1375 3387 1586 3456 planius
1629 3391 1912 3448 declarabo
1941 3409 2060 3464 qua:

497 3473 610 3542 jam
639 3473 776 3527 dicta
812 3485 956 3529 sunt.
991 3495 1010 3527 ι
1049 3476 1278 3544 Ecquem
1309 3481 1636 3545 modestum,
1670 3491 1727 3536 et
1769 3485 2059 3539 infirmita-

505 3567 572 3618 tis
606 3565 854 3620 hutnante
873 3569 1157 3635 scientem,
1187 3579 1242 3624 et
1270 3571 1381 3625 haec
1407 3573 1668 3642 legentem
1695 3593 1801 3630 non
1824 3577 2060 3633 oll‘endat

502 3659 712 3724 Celsus,
741 3662 830 3730 qui
861 3675 964 3729 qua
997 3677 1153 3714 suum
1203 3663 1398 3718 librant
1451 3667 1726 3736 inscripsit
1775 3669 2057 3737 jactantia,

502 3750 693 3803 eadem
729 3751 816 3804 hic
837 3751 1105 3820 promittit
1127 3767 1185 3806 se
1217 3757 1476 3807 rationem
1507 3757 1572 3808 de
1593 3759 1840 3812 universa
1867 3769 2058 3818 natura

506 3841 888 3894 redditurum?
919 3841 1214 3896 Videamus
1246 3857 1374 3911 ergo
1407 3859 1650 3911 quaenam
1683 3845 1768 3899 illa
1805 3848 1912 3902 sint
1941 3865 2061 3918 quae

502 3935 568 3988 de
599 3934 848 3989 universa
873 3945 1070 3988 natura
1101 3935 1284 3990 dicere
1312 3936 1600 4004 polliCetnr
1637 3946 1690 3992 et
1717 3939 1931 4008 planius
1969 3943 2060 3996 de-

501 4025 579 4080 cla
588 4041 727 4080 rare.

571 4205 660 4257 74.
705 4201 888 4258 Multis
937 4214 1122 4276 postea
1195 4221 1292 4260 nos
1358 4217 1614 4271 accusat,
1678 4211 1818 4277 quod
1869 4226 1896 4264 a
1952 4213 2062 4269 Dee

500 4297 682 4351 omnia
752 4307 973 4366 propter
1047 4298 1318 4353 hominem
1387 4297 1531 4353 facta
1599 4314 1723 4356 esse
1777 4303 2059 4373 dicamus,

501 4389 664 4460 559
697 4399 752 4444 et
799 4406 864 4444 ex
918 4392 1230 4446 animalium
1288 4393 1514 4448 historia
1569 4395 1880 4464 multisque,
1935 4415 2056 4468 qua:

2169 559 2480 630 ραπλησίως
2501 557 2856 630 veneﬁcam;
2895 555 3007 607 Καὶ
3044 555 3100 606 αἱ
3133 551 3351 606 ἀπειλαὶ
3395 550 3450 603 δὲ
3485 551 3696 619 ἀπαγγε-

2165 652 2274 705 λίαι
2306 651 2410 704 εἰσὶ
2450 649 2708 721 περὶτῶν
2749 646 3208 717 ἀπαντησομένων
3240 647 3351 708 τοῖς
3379 643 3607 714 φαύλοις·
3637 645 3697 709 ὡς

2166 743 2214 793 εί
2241 740 2466 804 ἀπειλάς
2491 757 2574 802 τις
2607 739 2844 808 ἔφασκεν
2867 733 3004 789 εἶναι
3031 735 3270 798 καὶτοὺς
3307 732 3399 786 τοῦ
3437 733 3608 804 ἰατροῦ
3629 733 3699 786 λό-

2165 847 2312 899 γους,
2340 830 2585 898 λέγοντος
2607 831 2717 890 τοῖς
2750 830 3032 898 κάμνουσι’
3073 823 3236 894 Τεμῶ
3265 839 3344 888 σε,
3373 823 3466 875 καὶ
3491 824 3698 893 uasa-ri,-

2170 938 2266 990 ρας
2295 917 2546 990 προσάξω
2585 935 2688 980 σοι,
2725 917 2816 969 ἐὰν
2851 916 2924 986 μὴ
2969 913 3195 983 πεισθῇς
3235 929 3334 982 μου
3366 915 3478 974 τοῖς
3523 911 3696 981 νόμοις,

2167 1015 2258 1066 καὶ
2283 1013 2476 1065 οὑτωσὶ
2502 1011 2598 1081 μὲν
2635 1011 2905 1081 διαιτήσῃ,
2929 1008 3128 1060 οὑτωσὶ
3167 1006 3225 1058 δὲ
3265 1003 3455 1057 σαυτὸν
3495 1004 3695 1076 ἀγάγῃς.

2169 1105 2280 1156 υῦκ
2333 1101 2642 1174 ἀνθρώπινα
2694 1098 2785 1154 οὖν
2837 1100 2981 1168 πάθη
3032 1098 3414 1169 προσάπτομεν
3461 1095 3535 1165 τῷ
3571 1094 3696 1164 Θεῷ,

2171 1196 2290 1249 οὐδὲ
2317 1195 2596 1258 δυσσεϐεῖς
2636 1194 2793 1260 δόξας
2829 1193 3022 1262 ἔχομεν
3055 1190 3183 1260 περὶ
3217 1187 3404 1250 αὑτοῦ,
3439 1187 3555 1240 οὐδὲ
3590 1186 3700 1240 πλα-

2169 1289 2392 1358 νώμενοι
2431 1287 2530 1350 τὰς
2557 1287 2686 1357 περὶ
2725 1285 2925 1339 τούτων
2972 1283 3080 1354 (62)
3116 1285 3392 1354 διηγήσεις
3427 1283 3518 1335 ἀπ’
3549 1281 3696 1334 αὐτῶν

2167 1378 2275 1430 τῶν
2297 1377 2635 1448 γραμμάτων
2671 1373 3164 1445 συνεξεταζομένων
3185 1372 3433 1442 ἀλλήλοις
3457 1373 3698 1442 παριστῶ-

2171 1487 2287 1540 μεν·
2347 1470 2465 1522 οὐδὲ
2520 1469 2580 1522 τὸ
2633 1459 2987 1540 προκείμενον
3046 1470 3154 1528 τοῖς
3207 1468 3266 1518 ἐν
3313 1469 3444 1536 ἡμῖν
3499 1465 3698 1527 συνετῶς

2170 1560 2527 1632 πρεσϐεύουσι
2579 1559 2672 1613 τοῦ
2719 1559 2875 1627 λόγου
2921 1558 3046 1612 ἄλλο
3085 1559 3235 1610 ἐστὶν
3269 1557 3302 1628 ἢ
3343 1557 3580 1627 εὐηθείας
3619 1556 3697 1625 pév

2170 1649 2470 1715 ἀπαλλάξαι
2497 1649 2638 1704 κατὰ
2660 1650 2720 1702 τὸ
2747 1648 2966 1702 δυνατὸν
2989 1648 3112 1710 τοὺς
3151 1647 3466 1711 ἀκούοντας,
3509 1647 3696 1717 ποιῆσαι

2169 1744 2212 1797 δ’
2231 1745 2422 1807 αὐτοὺς
2446 1743 2756 1814 φρονίμους.

2251 1835 2580 1897 Ἀκολούθως
2625 1835 2682 1886 δὲ
2719 1833 2798 1904 τῷ
2835 1833 2909 1905 μὴ
2941 1833 3254 1904 νενοηκέναι
3289 1833 3360 1886 τά
3409 1833 3530 1904 περὶ
3557 1833 3696 1904 ὀργῆς

2166 1926 2622 1998 ἀναγεγραμμένα
2649 1922 2784 1978 Θεοῦ
2835 1941 3016 1994 φησιν’
3065 1944 3083 1976 ι
3127 1921 3205 1977 Ἦ
3257 1925 3366 1996 γάρ
3415 1925 3470 1977 οὐ
3501 1925 3697 1991 καταγέ-

2163 2017 2376 2080 λαστον,
2405 2019 2452 2069 εἰ
2479 2016 2764 2088 ἄνθρωπος
2807 2016 3224 2089 μὲν,“ὀργισθε“ις
3268 2015 3554 2078 Ἰουδαίοις,
3583 2017 3694 2069 πάνυ

2164 2125 2262 2172 τας
2298 2108 2492 2172 αὐτοὺς
2531 2107 2726 2178 ἡϐηδὸν
2765 2108 3030 2172 ἀπώλεσε,
3069 2109 3163 2162 καὶ
3203 2107 3597 2178 ἐπυρπόλησεν,
3623 2105 3695 2159 οὖν

2163 2216 2272 2262 τως
2339 2199 2488 2253 οὐδὲν
2539 2195 2697 2268 ἦσαν⁸
2773 2200 2904 2262 Θεὸς
2963 2201 3006 2254 δ’
3061 2203 3090 2254 ὁ
3148 2201 3438 2271 μέγιστος,
3499 2197 3566 2261 ὦς
3613 2215 3694 2267 φα·

2167 2307 2282 2354 σιν,
2341 2290 2689 2362 ὀργιζόμενος
2735 2293 2829 2346 καὶ
2877 2292 3212 2362 θυμούμενος
3235 2333 3249 2356 ,
3321 2291 3413 2346 καὶ
3457 2289 3687 2352 ἀπειλῶν,

2165 2382 2371 2454 πέμπει
2397 2382 2489 2436 τὸν
2511 2384 2637 2438 Υἱὸν
2666 2383 2853 2448 αὑτοῦ,
2879 2385 2971 2436 καὶ
2995 2383 3218 2438 τοιαῦτα
3256 2384 3484 2453 πάσχει;
3511 2402 3527 2434 ι
3549 2381 3689 2448 Εἴπερ

2165 2473 2258 2530 οῦν
2304 2479 2564 2544 Ἰουδαῖοι,
2604 2479 2742 2548 μετά
2785 2479 2846 2531 τὸ
2891 2479 3148 2533 διαθεῖναι
3189 2479 3282 2532 τὸν
3333 2478 3547 2549 Ἰησοῦν,
3577 2476 3688 2546 amp

2165 2567 2466 2638 ἐτόλμησαν
2499 2571 2618 2622 κατ’
2659 2568 2844 2632 αὐτοῦ,
2879 2569 3076 2641 ἡϐηδὸν
3115 2569 3413 2632 ἀπώλοντο,
3449 2569 3535 2621 καὶ
3563 2569 3690 2635 ἐπυρ-

2165 2657 2496 2728 πολήθησαψ
2531 2659 2630 2712 οὐκ
2663 2659 2757 2711 ἀπ’
2781 2659 2944 2728 ἄλλης
2975 2659 3164 2729 ὀργῆς,
3195 2658 3228 2729 ἢ
3262 2654 3330 2730 ἧς
3369 2659 3563 2719 ἑαυτοῖς
3595 2654 3690 2724 ἐθη-

2167 2751 2448 2823 σαύρισαν,
2483 2751 2651 2804 ταῦτα
2685 2751 2998 2806 πεπόνθασι·
3044 2750 3142 2819 τῆς
3186 2749 3280 2802 τοῦ
3317 2748 3450 2802 Θεοῦ
3486 2747 3590 2800 κατ’
3620 2746 3692 2797 αὐ-

2166 2841 2272 2896 τῶν
2299 2843 2551 2914 κρίσεως,
2592 2843 2726 2898 Θεοῦ
2772 2844 3147 2916 καταστήματι
3195 2842 3571 2922 γεγενημένης,
3597 2841 3692 2892 ὀνο-

2170 2931 2480 3004 μαζομένης
2515 2934 2685 3007 ὀργῆς
2733 2935 2946 3005 πατρίῳ
2979 2935 3087 2987 τινὶ
3137 2933 3404 3004 Ἑϐραίων
3445 2930 3563 2982 ἔθει.
3604 2929 3692 2980 Καὶ

2167 3025 2365 3094 πάσχει
2391 3042 2453 3093 γε
2485 3027 2514 3077 ὁ
2538 3026 2663 3088 Υἱὸς
2695 3025 2784 3078 τοῦ
2814 3025 3066 3096 μεγίστου
3107 3023 3242 3076 Θεοῦ
3291 3021 3555 3093 βουληθεὶς
3579 3018 3692 3088 ὑπὲρ

2091 3157 2133 3213 c
2166 3115 2266 3185 τῆς
2299 3116 2406 3168 τῶν
2440 3115 2740 3188 ἀνθρώπων
2787 3117 3077 3186 σωτηρίας,
3119 3115 3194 3178 ὼς
3235 3117 3294 3168 ὲν
3333 3117 3444 3176 τοῖς
3478 3110 3694 3181 ἀνωτέρω

2167 3205 2307 3258 κατά
2339 3206 2400 3258 τὸ
2428 3206 2653 3259 δυνατὸν
2687 3208 2813 3276 ἡμῖν
2837 3205 3104 3258 λέλεκται.
3149 3203 3302 3258 Μετὰ
3343 3203 3512 3256 ταῦτά
3535 3215 3688 3271 φησιν·

2172 3315 2190 3346 ι
2255 3295 2392 3348 Ἀλλ’
2443 3297 2590 3360 ὅπως
2645 3296 2717 3366 μὴ
2773 3297 2897 3367 περὶ
2931 3296 3104 3364 μόνων
3167 3295 3451 3357 Ἰουδαίων,
3503 3293 3580 3362 (οὐ
3607 3289 3692 3359 γὰρ

2165 3385 2322 3440 τοῦτο
2345 3387 2506 3458 λέγω)
2528 3388 2660 3441 ἀλλά
2693 3390 2820 3459 περὶ
2853 3389 2948 3459 τῆς
2975 3389 3101 3458 ὅλης
3135 3388 3366 3458 φύσεως,
3400 3388 3528 3456 ὅπερ
3556 3387 3696 3452 tm-

2165 3479 2450 3550 γειλάμην,
2473 3482 2502 3532 ὁ
2525 3481 2674 3548 λόγος
2700 3476 2756 3554 ᾖ,
2786 3480 3116 3551 σαφέστερον
3131 3479 3378 3550 ὲμφανιῶ
3395 3479 3458 3531 τά
3475 3491 3693 3549 προειρη-

2169 3573 2324 3643 μένα.
2365 3593 2382 3624 ›
2423 3572 2515 3636 Τίς
2551 3573 2594 3624 δ’
2626 3573 2726 3624 οὐκ
2757 3571 2822 3624 ἂν
2853 3571 3062 3635 τούτοις
3119 3573 3456 3641 ἐντυγχάνων
3493 3570 3694 3640 μέτριος,

2166 3665 2260 3717 καὶ
2279 3662 2663 3732 αἰσθανόμενος
2686 3663 2782 3732 τῆς
2809 3661 3158 3734 ἀνθρωπίνης
3195 3660 3490 3728 ἀσθενείας,
3527 3659 3612 3712 οὐκ
3643 3655 3694 3709 ἂν

2167 3755 2452 3828 ἀχθεσθείη
2481 3757 2588 3828 (65)
2623 3755 2680 3807 τὸ
2701 3754 2936 3825 ἐπαχθὲς
2963 3753 3058 3806 τοῦ
3087 3754 3213 3822 περὶ
3237 3752 3364 3824 ὅλης
3393 3751 3694 3822 τῆςφύσεως

2167 3847 2632 3918 ἐπαγγειλαμένου
2681 3845 2966 3900 ἀποδοῦναι
3002 3845 3176 3912 λόγον,
3230 3845 3322 3897 καὶ
3377 3841 3695 3906 ἀλαζονευσα-

2171 3939 2332 4008 μένου
2361 3939 2561 4008 ὁμοίως
2673 3935 2968 4006 ἐτόλμησεν
2999 3933 3296 4004 έπιγρὲςζιαι
3329 3933 3586 4003 ἐπιγραφῇ
3619 3925 3694 3978 τοῦ

2169 4026 2407 4096 βιϐλίου;
2479 4027 2707 4096 Ἴδωμεν
2764 4024 2828 4095 δὴ
2876 4024 2996 4076 τίνα
3049 4025 3164 4076 ἐστὶ
3205 4023 3304 4086 τὰ,
3361 4023 3396 4076 ἀ
3441 4022 3557 4092 περὶ
3593 4017 3694 4086 ὅλης

2167 4119 2264 4188 τῆς
2282 4118 2493 4188 φύσεως
2515 4115 2902 4184 ἐπαγγέλλεται
2925 4114 3114 4180 λέξειν,
3139 4116 3232 4169 καὶ
3247 4116 3368 4168 τίνα
3398 4111 3692 4184 ἐμφανίσειν.

2237 4208 2334 4261 Διὰ
2385 4207 2593 4260 πολλῶν
2647 4209 2691 4261 δ’
2751 4209 2875 4278 ἑξῆς
2929 4206 3146 4276 ἐγκαλεῖ
3187 4209 3338 4277 ἡμῖν,
3392 4207 3463 4270 ὡς
3512 4203 3580 4273 τῷ
3621 4202 3695 4254 ἀν·

2169 4295 2370 4368 θρὼπῳ
2402 4297 2667 4366 φάσκουσι
2713 4295 2888 4348 πάντα
2934 4294 3292 4365 πεποιηκέναι
3325 4293 3414 4345 τὸν
3443 4291 3580 4344 Θεόν.
3606 4283 3694 4340 Καὶ

2171 4386 2416 4458 βούλεται
2455 4389 2520 4440 ἐκ
2559 4387 2656 4452 τῆς
2704 4387 2832 4456 περὶ
2877 4386 2981 4438 τῶν
3037 4385 3188 4449 ζώων
3217 4383 3472 4454 ἱστορίας,
3501 4379 3584 4434 καὶ
3617 4377 3694 4444 τῆς

501 4484 765 4548 pnebent,
797 4483 1032 4537 solertia:
1071 4484 1240 4550 signis
1275 4487 1504 4554 probare
1541 4487 1654 4540 vult
1689 4488 1856 4542 nihilo
1893 4491 2062 4558 magis

2172 4479 2575 4550 ἐμφαινομένης
2611 4479 2794 4541 αὐτοῖς
2824 4477 2933 4548 (64)
2965 4475 3238 4546 ἀγχινοίας
3263 4473 3542 4536 δεικνύναι,
3571 4465 3692 4521 οὐδὲν

499 4583 718 4640 propter
755 4575 1020 4640 homines,
1045 4590 1202 4643 quam
1231 4587 1454 4646 propter
1482 4579 1786 4633 animantes
1833 4581 2056 4636 rationis

497 4675 749 4732 expertes
780 4664 922 4720 faeta
955 4682 1074 4720 esse
1114 4669 1318 4720 omnia.
1349 4665 1402 4720 lu
1447 4681 1556 4735 quo
1585 4666 1714 4720 mihi
1741 4667 1953 4722 videtur
1977 4672 2056 4724 si-

500 4753 642 4808 milis
663 4770 781 4808 esse
807 4755 930 4818 illis,
963 4757 1052 4823 qui
1085 4756 1210 4810 odio
1235 4757 1440 4826 abrepti
1476 4758 1527 4811 in
1566 4756 1680 4810 suis
1708 4759 1950 4814 hostibus
1981 4763 2061 4816 vi-

503 4853 769 4914 tuperant,
796 4835 997 4914 quaa'in
1029 4847 1262 4916 ipsorum
1282 4850 1471 4903 amicis
1501 4850 1808 4904 laudantur.
1852 4851 2053 4918 Quem-

500 4935 784 4991 admodum
835 4939 976 4992 enim
1025 4939 1114 4992 isti
1157 4940 1280 4994 odio
1317 4939 1572 4994 obcaecati
1622 4958 1724 4996 non
1777 4945 1962 4999 vident
2007 4947 2058 4998 in

499 5043 628 5082 suos
659 5028 866 5082 amicos
907 5029 1152 5084 recidere
1182 5047 1300 5100 quae
1332 5045 1520 5088 contra
1548 5037 1728 5090 hostes
1765 5037 1901 5090 mala
1935 5053 2062 5106 pro-

501 5121 643 5196 ferre
670 5119 1016 5185 existimant;
1054 5121 1307 5178 similiter
1329 5123 1516 5182 Celsus
1561 5139 1738 5180 mente
1770 5128 2058 5194 perturba—

500 5221 586 5266 tus
623 5227 728 5266 non
765 5213 904 5266 vidit
948 5229 1007 5266 se
1059 5214 1363 5270 obtrectare
1403 5216 1625 5285 Stoicis,
1649 5220 1741 5286 qui
1783 5235 1889 5274 non
1920 5220 2061 5273 male

499 5305 695 5357 docent
751 5303 1021 5358 hominem
1075 5315 1129 5360 et
1185 5309 1476 5362 universitn
1533 5321 1777 5364 naturam
1835 5311 2059 5364 rationis

501 5394 823 5464 participem
857 5395 1179 5452 animalibus
1211 5401 1418 5454 ratione
1446 5403 1668 5470 privatis
1711 5402 2056 5465 antecellere,

570 5531 681 5596 (69.)
714 5529 1118 5608 (ἴοιμι-[ἴρεως
1138 5544 1202 5608 et
1228 5533 1578 5608 iliasikensis,
1617 5539 1742 5608 περὶ
1771 5536 1981 5608 τοῦτον.
2010 5545 2065 5590 et

501 5617 623 5654 mox
672 5602 1048 5672 παριστῶμεν,
1101 5605 1190 5660 ubi
1227 5605 1358 5661 libb.
1393 5609 1520 5661 editi
1557 5602 1756 5661 habent
1797 5607 2062 5678 παρίστα-

519 5689 618 5723 ιεν.

519 5690 618 5723 ιεν.

502 5690 520 5813 ῐᾲ
572 5740 682 5813 ἰϐὖ)
737 5739 864 5813 Pro,
905 5727 1227 5813 περισταίη,
1290 5758 1438 5799 recte
1499 5744 1796 5800 l’ltilocalia
1859 5746 2058 5810 habet,

497 5811 802 5882 ἀχθεσθείη.
857 5812 984 5864 Nam
1028 5811 1310 5885 περισταίη
1363 5816 1448 5870 hic
1494 5819 1668 5869 locum
1719 5833 1830 5870 non
1881 5817 2058 5884 habet,

2171 4571 2366 4641 μᾶλλον
2398 4570 2697 4639 ἀνθρώπων
2728 4569 2760 4640 ἢ
2795 4567 2900 4620 τῶν
2941 4567 3148 4634 ἀλόγων
3177 4564 3328 4628 ζώων
3351 4564 3524 4618 ἕνεκεν
3562 4573 3692 4628 γεγο-

2168 4663 2313 4716 νέναι
2342 4661 2410 4716 τὰ
2432 4664 2626 4716 πάντα.
2661 4661 2770 4713 Καὶ
2809 4660 2954 4712 δοκεῖ
2999 4675 3086 4728 μοι
3127 4658 3310 4727 ὅμοιόν
3341 4676 3393 4710 τι
3429 4657 3584 4709 εἰπεῖν
3605 4651 3694 4711 τοῖς

2169 4754 2256 4808 διὰ
2296 4755 2356 4808 τὺ
2405 4756 2539 4825 πρὸς
2583 4753 2711 4816 τοὺς
2749 4751 3105 4822 μισουμένους
3155 4749 3310 4818 ἔχθος
3347 4745 3694 4820 κατηγοροῦσιν

2171 4847 2369 4912 αὐτῶν,
2414 4850 2498 4916 ἐφ’
2532 4845 2612 4910 οἷς
2647 4848 2695 4898 οἱ
2727 4845 2965 4914 φίλτατοι
2993 4841 3169 4896 αὐτῶν
3215 4842 3564 4896 ἐπαινοῦνται.
3593 4837 3694 4888 Ὥσ-

2169 4957 2272 5010 περ
2298 4940 2403 5013 γάρ
2433 4941 2523 4992 ἐπὶ
2558 4939 2758 4992 τούτων
2791 4937 2976 5006 τυφλοί
3001 4937 3061 4989 τὸ
3092 4937 3246 5008 ἔχθος
3269 4935 3404 5009 πρὸς
3421 4937 3478 4988 τὸ
3503 4934 3567 5004 μὴ
3593 4945 3694 4982 συν-

2168 5032 2320 5100 ορᾷν,
2351 5032 2429 5083 ὅτι
2477 5031 2569 5082 καὶ
2607 5030 2871 5099 φιλτάτων
2924 5027 3308 5098 κατηγοροῦσι,
3347 5027 3414 5080 δι’
3441 5020 3510 5077 ὧν
3541 5017 3692 5076 κακὰ

2167 5125 2343 5195 λέγειν
2381 5126 2654 5197 νομίζουσι
2703 5125 2828 5188 τοὺς
2893 5123 3152 5195 ἐχθρούς’
3211 5123 3301 5174 τὸν
3335 5121 3490 5175 αὑτὸν
3530 5115 3692 5186 τρόπω

2167 5219 2260 5270 καὶ⁸
2291 5220 2319 5270 ὁ
2341 5219 2564 5282 Κέλσος,
2603 5217 2889 5288 συγχυθεὶς
2917 5216 3009 5269 τὸν
3041 5215 3316 5284 λογισμὸν,
3344 5215 3438 5284 οὐχ
3467 5210 3690 5280 ἑώρακεν.

2167 5309 2248 5364 ὅτι
2274 5313 2366 5365 καὶ
2391 5311 2496 5365 τῶν
2517 5311 2625 5364 ἀπὸ
2646 5311 2743 5382 τῆς
2772 5311 2938 5373 Στοᾶς
2958 5309 3066 5380 (65)
3097 5309 3396 5378 φιλοσόφων
3421 5299 3690 5374 κατηγῡρεῖο

2166 5405 2226 5455 οῦ
2253 5405 2438 5470 κακῶς
2476 5404 2880 5476 προταττόντων
2913 5402 3001 5456 τὸν
3035 5403 3340 5474 ἄνθρωπον,
3387 5400 3476 5456 καὶ
3511 5393 3686 5458 ἁπαξα-

2171 5547 2230 5592 υι
2254 5540 2459 5594 monuit
2494 5537 2737 5594 Guietus.

2243 5593 2534 5678 (δεηιιιθιίι
2579 5610 2630 5661 in
2695 5617 2860 5678 textu,
2897 5605 3065 5678 αὐτῷ.
3101 5602 3222 5678 mox
3269 5602 3564 5662 Philocalia.
3594 5593 3680 5646 δει-

2170 5675 2380 5742 κνύναι,
2418 5681 2498 5732 ὅτι
2547 5679 2760 5732 οὐδέν...
2795 5677 2982 5744 γέγονε
3015 5675 3082 5728 τά
3120 5677 3318 5730 πάντα.

2168 5739 2508 5872 54.(65γΤῶν
2545 5749 2660 5804 ἀπὸ
2693 5739 2818 5818 τῆς·
2843 5739 3050 5812 Στοᾶς.
3087 5746 3218 5802 Vide
3246 5744 3402 5818 hujus
3425 5739 3536 5797 libri
3557 5747 3678 5792 nam.
