3898 6524
528 383 661 440 1147

2001 370 2160 430 ORIG
2170 366 2326 424 ENIS

3620 334 3669 419 ιί
3685 368 3735 419 t3

527 506 598 558 tis
625 510 681 557 et
704 500 929 557 herbam
960 498 1212 554 servituti
1242 498 1547 560 hominum,
1584 505 1642 550 ut
1671 496 1871 549 educat
1898 506 2071 563 panen

2200 483 2312 545 τοῖς
2339 482 2581 552 κτήνεσι,
2637 480 2732 532 καὶ
2783 478 2944 549 χλόην
2974 479 3037 548 τῇ
3067 474 3281 548 δουλεία
3308 474 3417 529 τῶν
3449 477 3721 549 ἀνθρώπων

527 598 595 649 de
632 604 774 649 terra
806 604 863 649 et
892 594 1077 647 vinum
1127 591 1366 646 laetificet
1412 605 1508 645 cor
1544 589 1812 653 hominis,
1846 597 1903 641 ut
1931 585 2090 641 exhi-

527 686 667 740 laret
703 685 893 740 faciem
926 685 980 739 in
1008 684 1145 747 oleo,
1178 690 1235 738 et
1280 683 1436 752 panis
1482 696 1578 737 cor
1618 680 1851 734 hominis
1895 679 2093 731 contir-

525 786 634 831 met
663 776 732 832 ⁸⁸.
772 796 791 830 ι
838 776 1025 845 Neque
1063 777 1257 829 mirum
1294 785 1378 830 est
1409 776 1572 829 Deum
1613 774 1775 828 etiam
1812 770 2089 826 ferocissi-

526 871 629 923 mis
655 871 971 924 animalium
1000 869 1255 924 alimenta
1280 868 1596 936 praebuisse.
1661 866 1900 919 Fuerunt
1945 863 2088 917 enim

522 961 829 1030 philosophi
861 963 953 1031 qni
994 962 1241 1015 dicerent
1289 960 1374 1015 illa
1425 958 1676 1012 animalia
1715 967 1838 1011 nata
1886 972 2003 1012 esse
2032 964 2091 1010 ut

519 1051 745 1107 animali
807 1052 1034 1107 rationis
1097 1052 1346 1122 participi
1401 1053 1626 1106 materia
1674 1050 2090 1105 exercitationis

519 1155 722 1198 es.~ent.
764 1144 828 1198 Et
856 1147 1014 1199 unius
1050 1160 1079 1199 e
1111 1149 1313 1200 nostris
1360 1145 1692 1213 sapientibus
1721 1143 1928 1197 dictum
1953 1151 2037 1197 est
2070 1158 2083 1194 :

524 1234 631 1289 «Ne
649 1237 880 1291 dixeris:
903 1237 1041 1303 Quid
1057 1237 1177 1302 hoc,
1199 1246 1290 1291 aut
1305 1252 1561 1306 quorsum
1587 1236 1690 1291 hoc
1708 1236 1922 1291 ?omnia
1941 1236 2086 1290 enim

517 1330 584 1382 ad
618 1328 831 1383 illorum
858 1346 1012 1384 usum
1036 1339 1221 1385 creata
1267 1339 1417 1383 sunt.
1459 1330 1526 1383 Et
1562 1345 1629 1383 ne
1661 1330 1867 1384 dixeris
1901 1346 1914 1382 :
1946 1329 2084 1396 Quid

517 1418 685 1487 istud,
728 1430 820 1474 aut
845 1437 1104 1491 quorsum
1138 1422 1317 1477 istud?
1344 1422 1527 1477 omnia
1554 1422 1698 1477 enim
1737 1422 1790 1476 in
1843 1430 2087 1491 tempore

517 1526 615 1565 suo
648 1523 958 1581 quaerentur
986 1513 1050 1568 δ’.
1075 1533 1095 1566 ι

588 1625 675 1679 76.
710 1626 912 1683 Deinde
941 1628 1153 1697 Celsus,
1189 1629 1373 1687 volens
1407 1646 1511 1685 non
1547 1631 1717 1701 magis
1764 1631 1921 1686 nobis
1950 1630 2084 1685 Pro-

514 1716 806 1773 videntiam
866 1721 1059 1776 fecisse
1109 1738 1229 1792 quae
1276 1734 1580 1777 nascuntur
1629 1737 1659 1776 e
1718 1731 1887 1786 terra,
1919 1738 2080 1793 quam

513 1810 867 1867 ferocissimis
891 1814 1201 1869 animalium
1232 1834 1246 1871 :
1275 1836 1293 1868 ι
1330 1815 1439 1871 Nos
1468 1826 1640 1881 certe,
1674 1817 2079 1886 inquit,°magna

512 1901 785 1965 molestia,
838 1905 1051 1974 magnis
1102 1905 1379 1962 laboribus
1417 1908 1817 1978 sudoribusque
1877 1907 2080 1961 victum

509 1995 841 2061 quaerimus;
880 1997 1206 2052 animalibus
1233 2008 1435 2065 autem,
1468 2001 1612 2054 nulla
1632 2009 1894 2067 semente,
1922 2000 2081 2056 tellus

508 2086 718 2141 inarata
748 2088 855 2142 fert
899 2090 1100 2144 omnia.
1139 2111 1157 2143 ι
1196 2092 1265 2145 At
1314 2109 1417 2148 non
1454 2095 1598 2149 videt
1626 2095 1789 2149 Deum
1846 2095 2080 2151 voluisse

507 2179 866 2247 undecunque
913 2181 1143 2248 praeberi
1189 2182 1421 2237 solertiae
1464 2184 1713 2238 humanae
1758 2187 2077 2241 exercendae

510 2269 827 2336 materiem,
860 2283 920 2325 ut
952 2288 1020 2326 ne
1051 2273 1137 2327 illa
1160 2275 1331 2329 otiosa
1368 2283 1420 2330 et
1447 2277 1643 2329 artium
1693 2278 1939 2345 imperita
1993 2294 2078 2332 re-

506 2372 782 2427 maneret;
824 2373 987 2433 atqne
1011 2380 1071 2420 ea
1100 2382 1259 2420 causa
1285 2368 1554 2422 hominem
1585 2384 1799 2424 creasse
1832 2370 2077 2439 indigen-

507 2462 635 2518 tem,
668 2463 721 2508 ut
756 2458 978 2525 penuria
1008 2458 1119 2528 ipsa
1151 2473 1438 2529 cogeretur
1463 2471 1611 2517 artes
1641 2463 1903 2529 invenire,
1938 2464 2073 2519 alias

504 2547 570 2600 ad
604 2548 828 2613 victum,
859 2550 998 2605 alias
1044 2553 1110 2606 ad
1144 2554 1397 2607 vestitum
1448 2556 1808 2610 necessarias.
1861 2557 2070 2610 Etenim

504 2637 591 2701 iis,
619 2641 709 2707 qui
742 2655 840 2696 nec
863 2643 929 2695 ad
962 2644 1139 2697 divina
1160 2648 1429 2715 mysteria,
1453 2661 1554 2701 nec
1583 2648 1649 2702 ad
1680 2648 2070 2719 philosophiam

502 2734 744 2789 animum
791 2736 1091 2806 adjuncturi
1126 2749 1302 2807 erant,
1344 2742 1514 2796 satius
1544 2741 1644 2796 fuit
1689 2756 1872 2812 egere,
1905 2754 1962 2796 ut
2004 2744 2070 2798 ad

501 2830 875 2886 extundendas
907 2842 1052 2889 artes
1078 2834 1357 2889 solertiam
1392 2836 1737 2903 adhiberent,
1763 2852 1922 2907 quam
1954 2852 2071 2892 om-

501 2921 659 2976 nibus
685 2922 842 2978 bonis
867 2922 1115 2992 amuere,
1151 2926 1387 2997 neglecta
1417 2928 1662 2986 solertia.
1704 2929 1880 2997 Atque
1904 2930 2066 2982 etiam

497 3028 564 3068 ex
593 3014 692 3069 hac
723 3031 903 3071 rerum
932 3018 1057 3072 vitae
1088 3020 1298 3073 utilium
1353 3021 1532 3091 inopia
1565 3031 1704 3075 natat
1749 3032 1876 3077 sunt
1923 3022 2069 3092 agri-

498 3108 727 3175 cultura,
757 3110 1029 3177 vinitoria,
1066 3113 1303 3177 olitoria,
1340 3114 1572 3183 lignaria
1626 3125 1680 3169 et
1729 3114 1945 3179 aeraria,
1985 3115 2069 3167 in-

2198 572 2291 627 τοῦ
2348 572 2634 642 ἐξαγαγεῖν
2675 573 2836 644 ἄρτον
2869 574 2933 624 ὲκ
2967 571 3065 643 τῆς
3096 570 3237 641 γῆς’
3274 571 3369 624 καὶ
3408 571 3475 623 ἵν’
3505 568 3631 635 οἶνος
3669 576 3721 626 εύ

2199 667 2400 740 φραίνῃ
2429 666 2654 736 καρδίαν
2681 663 2989 737 ἀνθρώπου,
3018 665 3111 717 καὶ
3138 663 3458 733 ἱλαρύνηται
3485 664 3741 735 πρόςωπον

2198 758 2257 810 ἐν
2300 756 2483 827 ἐλαίῳ,
2537 755 2630 809 κα)⁸
2675 756 2836 825 ἄρτος
2870 753 3097 826 στηρίζῃ
3134 753 3360 825 καρδίαν
3405 753 3735 825 ἀνθρώπου.»

2197 847 2261 900 Ei
2285 846 2343 899 δὲ
2370 847 2464 899 καὶ
2491 848 2604 908 τοῖς
2653 844 3012 914 ἀγριωτάτοις
3038 843 3142 894 τῶν
3176 841 3328 906 ζώων
3371 844 3571 913 τροφὰς
3604 862 3735 897 κατε.

2198 937 2485 1003 σκεύασεν,
2517 937 2668 990 οὐδὲν
2702 935 3009 1006 θαυμαστόν
3035 952 3047 965 ·
3079 936 3173 987 καὶ
3203 934 3374 997 ταῦτα
3407 935 3513 1007 γὰρ
3553 935 3615 989 τά
3641 936 3736 1001 ζῶα

2196 1032 2291 1084 καὶ
2332 1029 2479 1085 ἄλλοι
2512 1029 2617 1083 τῶν
2664 1027 3138 1098 φιλοσοφησάντων
3170 1027 3425 1098 εἰρήκασι
3470 1028 3732 1097 γυμνασίω

2195 1121 2380 1175 ἕνεκεν
2415 1121 2691 1192 γεγονέναι
2720 1118 2794 1190 τῷ
2836 1118 3036 1188 λογικῷ
3076 1116 3217 1187 ζώῳ.
3258 1118 3395 1189 Φησὶ
3437 1117 3493 1170 δέ
3530 1136 3623 1171 που
3648 1119 3732 1173 τῶν

2193 1212 2314 1266 καθ’
2341 1216 2489 1284 ἡμᾶς
2520 1231 2604 1277 τις
2647 1210 2857 1281 σοφῶν·
2902 1228 2920 1259 ι
2958 1208 3049 1280 Μὴ
3090 1208 3271 1281 εἴπῃς,
3309 1209 3363 1261 τί
3408 1208 3575 1274 τοῦτο,
3605 1210 3635 1281 ἢ
3670 1210 3732 1275 εἰς

2191 1305 2245 1359 τί
2275 1305 2434 1359 τοῦτο
2460 1306 2596 1377 (7'5);
2633 1304 2807 1358 πάντα
2829 1302 2936 1373 γὰρ
2962 1303 3041 1365 είς
3066 1300 3253 1372 χρείαν
3291 1300 3471 1354 αὐτῶν
3505 1300 3733 1356 ἔκτισται.

2191 1397 2302 1451 Καὶ
2338 1397 2409 1469 μὴ
2432 1397 2614 1468 εἴπῃς,
2644 1397 2696 1450 τί
2721 1395 2897 1458 τοῦτο,
2933 1394 2965 1464 ἢ
3006 1395 3085 1457 εἰς
3109 1392 3159 1447 τί
3193 1391 3389 1457 τοῦτο;
3439 1393 3608 1447 πάντα
3648 1393 3735 1464 γὰρ

2190 1490 2249 1543 ὲν
2276 1488 2451 1560 καιρῷ
2472 1488 2650 1542 αὐτῶν
2682 1486 3063 1559 ζητηθήσεται.
3098 1502 3117 1535 ι

2271 1578 2427 1650 Ἑξῆς
2480 1577 2689 1641 τούτοις
2720 1579 2749 1630 ό
2788 1575 3012 1639 Κέλσος,
3067 1574 3234 1628 θέλων
3281 1574 3354 1645 μή
3406 1574 3598 1645 μᾶλλον
3626 1576 3740 1643 ἡμῖν

2188 1669 2285 1743 τὴν
2311 1670 2573 1739 Πρόνοιαν
2597 1666 2952 1738 πεποιηκέναι
2979 1665 3048 1719 τά
3073 1666 3315 1735 φυόμενα
3340 1666 3433 1718 ἐπὶ
3460 1666 3558 1736 γῆς
3590 1666 3621 1736 ἦ
3644 1668 3737 1727 toi;

2186 1761 2294 1815 τῶν
2348 1760 2502 1826 ζώων
2558 1760 2934 1831 ἀγριωτάτοις,
2996 1758 3191 1828 φησίν·
3235 1776 3253 1809 ι
3297 1758 3486 1826 Ἡμεῖς
3539 1761 3632 1827 μέν
3681 1774 3731 1825 γε

2113 1860 2155 1914 Β
2185 1855 2484 1925 κάμνοντες
2525 1854 2619 1906 καὶ
2659 1848 3289 1923 προπαλαιπωροῦντες,
3323 1848 3477 1920 μόλις
3507 1849 3599 1902 καὶ
3629 1851 3730 1901 ὲπι-

2187 1943 2364 2007 πόνως
2412 1942 2758 2015 τρεφόμεθα’
2817 1944 2929 2003 τοῖς
2980 1940 3024 1992 δ’
3073 1940 3324 2009 ἄσπαρτα
3384 1939 3477 1991 καὶ
3520 1940 3733 2009 ἀνήροτα

2186 2037 2364 2090 πάντα
2415 2035 2640 2104 φύονται
2683 2033 2813 2104 (74)ο
2870 2052 2887 2084 ι
2924 2033 3020 2101 ούχ
3056 2032 3220 2102 ὁρῶν,
3251 2032 3331 2085 ὅτι
3359 2031 3632 2100 πανταχοῦ
3655 2032 3737 2103 τήν

2183 2127 2533 2199 ἀνθρωπίνην
2561 2127 2773 2180 σύνεσιν
2807 2124 3176 2195 γυμνάζεσθαι
3211 2123 3531 2194 βουλόμενος
3552 2125 3579 2176 ό
3605 2123 3733 2186 Θεὸς,

2186 2219 2270 2273 ἵνα
2304 2219 2378 2291 μὴ
2415 2219 2551 2292 μένῃ
2574 2219 2717 2290 ἀργὴ
2752 2219 2843 2271 καὶ
2875 2216 3227 2286 ἁνεπινόητος
3257 2215 3363 2268 τῶν
3400 2215 3622 2284 τεχνῶν,
3652 2232 3734 2267 πε-

2183 2312 2375 2383 ποίηκε
2418 2311 2509 2364 τὸν
2563 2310 2849 2379 ἄνΟρωπον
2896 2310 3113 2380 ἐπιδεῆ·
3142 2310 3227 2362 ἴνα
3256 2310 3325 2362 δι’
3371 2310 3503 2363 αὐτὸ
3546 2309 3601 2361 τὸ
3634 2312 3733 2363 ἐπι-

2179 2404 2298 2466 δεὲς
2328 2403 2436 2474 (75)
2461 2402 2626 2456 αὑτοῦ
2662 2401 2979 2472 ἀναγκασθῇ
3032 2403 3211 2473 εὑρεῖν
3239 2402 3455 2471 τέχνας,
3482 2402 3628 2465 τινάς
3652 2403 3732 2471 μὲν

2179 2493 2265 2547 διὰ
2298 2492 2391 2565 τὴν
2421 2493 2645 2565 τροφὴν,
2676 2491 2840 2554 ἄλλας
2885 2490 2941 2542 δὲ
2992 2490 3079 2543 διὰ
3105 2488 3203 2560 τήν
3234 2490 3465 2559 σκέπην.
3516 2490 3619 2541 Καὶ
3643 2488 3731 2559 γὰρ

2179 2589 2423 2659 κρεῖττον
2459 2580 2527 2655 ἦν
2559 2586 2671 2647 τοῖς
2718 2582 2792 2654 μή
2837 2580 3087 2652 μέλλουσι
3132 2579 3202 2632 τά
3249 2578 3369 2633 θεῖα
3415 2576 3613 2649 ζητεῖν,
3656 2580 3730 2631 καὶ

2178 2676 2508 2747 φιλοσοφεῖν,
2543 2675 2602 2729 τὸ
2654 2676 2901 2745 ἀπορεῖν,
2934 2674 3075 2743 ὑπὲρ
3107 2672 3201 2724 τοῦ
3248 2674 3313 2742 τῇ
3364 2672 3573 2723 συνέσει
3616 2672 3730 2741 χρή-

2179 2766 2373 2819 σασθαι
2422 2766 2561 2837 πρὸς
2604 2763 2819 2836 εὕρεσιν
2851 2762 3076 2833 τεχνῶν,
3107 2762 3250 2831 ἥπερ
3277 2761 3342 2813 ὲκ
3372 2759 3470 2813 τοῦ
3510 2761 3732 2832 εὐπορεῖν

2176 2859 2351 2930 πάντη
2385 2859 2482 2929 τῆς
2516 2857 2784 2919 συνέσεως
2832 2854 3073 2926 ἀμελεῖν.
3113 2853 3178 2905 Ἠ
3204 2852 3312 2904 τῶν
3347 2851 3489 2905 κατὰ
3515 2851 3600 2904 τὸν
3634 2851 3730 2921 βίον

2174 2953 2304 3021 γοῦν
2335 2952 2530 3022 χρειῶν
2548 2948 2750 3020 άπορία
2776 2948 3066 3017 συνέστησε
3104 2944 3266 2998 τοῦτο
3298 2945 3395 3016 μὲν
3424 2943 3729 3017 γεωργικήν,

2172 3042 2331 3096 τοῦτο
2357 3043 2411 3095 δὲ
2437 3040 2880 3113 ἁμπελουργικὴν
2920 3038 3051 3110 (76),
3088 3038 3247 3091 τοῦτο
3273 3038 3331 3091 δὲ
3352 3037 3455 3101 τὰς
3476 3038 3597 3107 περὶ
3626 3038 3730 3098 τοὺς

2173 3138 2380 3207 κήπους
2409 3134 2625 3205 τέχνας,
2651 3133 2811 3186 τοῦτο
2832 3132 2887 3185 δὲ
2913 3130 3229 3202 τεκτονικὴν
3249 3131 3344 3184 καὶ
3371 3128 3729 3201 χαλκευτικήν,

498 3212 921 3257 strumentorum
952 3204 1207 3269 artiﬁces,
1259 3205 1323 3259 iis
1370 3207 1803 3261 necessariorum
1834 3207 2065 3271 artibus,

2180 3204 2780 3298 ποιητικὰςέργαλείων
2810 3227 2929 3287 ταῖς
2954 3223 3423 3297 ύπηρετουμέναις
3454 3222 3656 3293 τέχναις
3676 3220 3730 3273 τὰ

496 3308 617 3362 quae
638 3296 929 3365 qurerendo
954 3297 1117 3351 victui
1150 3298 1472 3351 inserviunt.
1506 3298 1637 3351 ltern
1673 3307 2065 3367 tegmentorum

497 3383 675 3452 inopia
712 3388 950 3451 texendi,
981 3390 1340 3451 carminandi,
1376 3390 1647 3458 nendique
1678 3399 1825 3444 artes
1860 3390 2061 3445 intulit.

445 3516 457 3529 .
495 3474 634 3531 Hinc
666 3478 829 3531 etiam
867 3482 1217 3549 czementarii,
1255 3483 1349 3552 qui
1404 3493 1686 3538 crescente
1733 3483 1933 3537 sensim
1980 3499 2068 3538 so-

493 3566 650 3622 lertia
705 3570 915 3641 regulas
961 3574 1418 3629 architectonices
1461 3574 1867 3643 excogitarunt.
1929 3574 2065 3631 Huic

496 3660 670 3715 eidem
700 3665 1145 3719 commoditatum
1174 3668 1410 3735 penuria:
1440 3667 1700 3723 debemus
1724 3670 2064 3722 nauticarum

493 3767 674 3806 rerum
704 3754 1006 3820 scientiam,
1040 3773 1143 3826 qua
1181 3758 1271 3824 fit,
1305 3768 1364 3812 ut
1396 3774 1517 3828 qua:
1538 3758 1592 3812 in
1625 3759 1945 3828 quibusdam
1976 3775 2065 3816 re-

492 3845 746 3913 gionibus
800 3860 1118 3915 nascuntur,
1167 3851 1236 3905 ad
1282 3851 1421 3906 alias
1459 3861 1900 3923 transportentur
1945 3868 2066 3923 qua:

492 3938 680 3991 eadem
711 3954 814 3992 non
855 3939 1077 3999 habent.
1134 3942 1213 3997 Ex
1243 3944 1440 4013 quibus
1465 3944 1716 3999 omnibus
1755 3944 1940 3998 mirari
1972 3960 2066 3999 su—

491 4030 571 4082 bit
613 4029 768 4103 561
825 4031 1227 4090 Providentiam
1271 4052 1392 4106 quae
1423 4052 1533 4106 pra:
1569 4036 1939 4091 animantibus
1974 4051 2063 4089 ra-

493 4121 658 4176 tionis
679 4125 991 4194 expertibus
1024 4128 1233 4183 ratione
1255 4128 1541 4198 praeditum
1566 4144 1796 4195 egenum
1834 4130 2060 4185 creavit.

492 4211 625 4266 Nam
661 4214 767 4270 illis
798 4225 1017 4285 paratus
1045 4230 1253 4288 pastus,
1282 4220 1408 4288 quia
1443 4220 1509 4273 ad
1535 4230 1683 4273 artes
1706 4221 1930 4275 minime
1956 4222 2066 4277 ido-

495 4321 611 4359 nea:
660 4319 804 4362 sunt.
846 4309 1047 4365 Natura
1093 4328 1312 4381 quoque
1349 4324 1624 4384 teguntur,
1653 4315 1773 4368 aliae
1794 4314 1936 4369 villis
1971 4330 2064 4368 ve-

495 4398 659 4462 stitae,
689 4400 806 4454 alia:
838 4402 1056 4470 plumis,
1084 4405 1205 4458 alia:
1254 4405 1443 4471 coriis,
1476 4407 1595 4461 alia:
1622 4407 1864 4476 squamis
1892 4407 2063 4461 obdu-

491 4498 590 4540 ctae
621 4500 764 4543 sunt.
790 4493 965 4562 Atque
992 4494 1109 4548 haec
1133 4495 1289 4549 nobis
1324 4496 1463 4549 dicta
1491 4496 1691 4551 fuerint
1732 4504 1921 4550 contra
1959 4499 2061 4550 ista

2169 3319 2307 3388 πρὸς
2352 3318 2578 3389 τροφήν.
2617 3317 2681 3369 Ἡ
2712 3315 2768 3368 δὲ
2814 3315 2916 3385 τῆς
2967 3314 3179 3386 σκέπης
3219 3314 3425 3385 ἀπορία
3466 3313 3617 3367 τοῦτο
3650 3312 3731 3382 μὲν

2168 3406 2487 3478 ὑφαντικὴν,
2522 3406 2622 3477 τὴν
2676 3404 2814 3475 μετὰ
2856 3405 2955 3475 τήν
2990 3402 3264 3474 ξαντικὴν,
3312 3403 3409 3458 καὶ
3439 3404 3539 3475 τὴν
3567 3418 3727 3472 νήστι-

2168 3497 2268 3569 κὴν
2292 3498 2551 3569 εἰσήγαγε
2575 3512 2592 3527 ο
2614 3494 2773 3548 τοῦτο
2802 3495 2858 3548 δὲ
2886 3493 3229 3565 οἰκοδομικὴν
3248 3511 3262 3524 ⁸
3295 3494 3389 3547 καὶ
3414 3493 3584 3556 οὕτως
3614 3495 3727 3547 ἁνα-

2169 3588 2403 3661 6έ6ηκεν
2449 3590 2481 3659 ή
2533 3586 2744 3650 σύνεσις
2773 3586 2867 3639 κα)⁸
2904 3585 2995 3638 ἐπὶ
3022 3584 3119 3655 τὴν
3167 3585 3633 3656 ἁρχιτεκτονικήν.
3675 3583 3727 3636 Ἦ

2165 3680 2223 3733 δὲ
2262 3680 2369 3733 τῶν
2401 3678 2597 3751 χρειῶν
2618 3677 2792 3732 ἔνδεια
2819 3676 3091 3747 πεποίηκε
3128 3678 3222 3732 καὶ
3251 3677 3319 3731 τά
3349 3679 3405 3730 ὲν
3434 3677 3634 3749 ἑτέροις
3655 3676 3729 3729 τό·

2168 3788 2290 3835 ποις
2320 3770 2630 3842 γεννώμενα
2659 3768 2771 3842 (77)
2807 3769 3063 3841 φέρεσθαι
3088 3768 3175 3823 διὰ
3204 3769 3469 3839 ναυτικῆς
3516 3770 3607 3824 καὶ
3646 3788 3722 3822 xu-

2166 3861 2495 3935 ϐερνητικῆς
2532 3860 2670 3931 πρὸς
2690 3862 2817 3925 τοὺς
2850 3862 2924 3933 μὴ
2948 3861 3169 3932 ἔχοντας
3213 3861 3427 3914 ἐκεῖνα·
3462 3861 3599 3915 ὥστε
3647 3863 3727 3915 καὶ

2164 3953 2371 4008 τούτων
2395 3953 2580 4007 ἕνεκεν
2602 3953 2879 4024 θαυμάσαι
2900 3970 2981 4016 τις
3011 3953 3076 4006 ἂν
3109 3953 3205 4023 τὴν
3233 3952 3519 4024 Πρόνοιαν,
3545 3971 3727 4025 συμφε-

2169 4045 2368 4118 ρόντως
2391 4044 2539 4117 παρὰ
2571 4042 2638 4098 τὰ
2670 4044 2837 4113 ἄλογα
2886 4043 3001 4107 ζῶα
3027 4042 3204 4107 ἐνδεὲς
3243 4043 3548 4114 ποιήσασαν
3574 4044 3632 4097 τὸ
3655 4042 3727 4096 le-

2163 4136 2338 4204 γικόν.
2368 4136 2449 4189 Τὰ
2491 4136 2587 4207 μὲν
2626 4134 2734 4206 γὰρ
2768 4133 2937 4199 ἄλογα
2995 4132 3219 4204 ἑτοίμην
3249 4131 3363 4203 ἔχει
3391 4133 3492 4204 τὴν
3520 4134 3723 4203 τροφὴν,

2165 4224 2262 4278 ἆτε
2290 4225 2399 4277 οὐδ’
2428 4224 2681 4296 ἀφορμὴν
2718 4224 2854 4295 πρὸς
2897 4222 3091 4294 τέχνας
3116 4222 3328 4292 ἔχοντα.
3369 4225 3482 4276 Καὶ
3514 4223 3725 4292 φυσικήν

2162 4315 2208 4369 δ’
2230 4315 2341 4386 ἔχει
2366 4315 2466 4387 τὴν
2496 4315 2723 4386 σκέπην.
2758 4314 3096 4385 Τετρίχωται
3125 4314 3254 4385 γὰρ,
3289 4314 3322 4385 ἢ
3354 4314 3723 4386 ὲπτέρωται,ή

2162 4408 2544 4477 πεφολίδωται,
2593 4408 2625 4477 ἢ
2684 4406 3065 4477 ὡστράκωται.
3110 4407 3221 4460 Καὶ⁵
3281 4407 3457 4461 ταῦτα
3510 4408 3565 4461 δὲ
3608 4405 3723 4477 πρὸς

2164 4500 2460 4568 ἀπολογίαν
2491 4502 2623 4570 ήμῖν
2654 4498 2891 4568 λελέχθω
2914 4497 3014 4567 τῆς
3040 4498 3351 4568 φασκούσης
3377 4499 3573 4564 λέξεως
3595 4498 3723 4567 παρὰ

489 4579 628 4633 Celsi
656 4582 816 4636 verba
850 4602 863 4637 :
901 4603 919 4636 ι
952 4585 1058 4640 Nos
1089 4587 1306 4656 quidem
1337 4589 1605 4654 molestia,
1655 4589 1863 4652 labore,
1894 4591 2060 4642 sudo-

2180 4590 2242 4661 ιῴ
2288 4590 2481 4661 Κέλσῳ
2504 4607 2518 4620 ο
2560 4609 2577 4640 ι
2626 4591 2815 4660 Ἡμεῖς
2854 4590 2949 4660 μὲν
2976 4589 3271 4661 κάμνοντες
3295 4591 3391 4644 καὶ
3417 4591 3723 4662 προσταλαιο

491 4668 639 4725 ribus
669 4672 869 4727 victum
894 4678 1189 4743 qumrimus
1214 4696 1228 4743 ;
1275 4680 1647 4734 animantibus
1674 4689 1881 4746 autem,
1908 4681 2055 4734 nulla

488 4776 755 4829 semente,
785 4767 943 4821 tellus
970 4770 1176 4825 inarata
1206 4774 1306 4827 fert
1332 4774 1534 4829 omnia.
1574 4793 1592 4825 ι

558 4855 646 4909 77.
678 4857 812 4911 Τυιιι
845 4861 934 4917 ille
958 4864 1156 4918 oblitus
1190 4867 1521 4934 prepositum
1547 4867 1649 4919 sibi
1683 4881 1803 4921 esse
1832 4865 2052 4920 Judazos

488 4954 543 4996 et
567 4944 907 5005 Christianos
948 4953 1219 5019 incusare,
1245 4957 1346 5009 sibi
1385 4958 1497 5025 ipse
1523 4972 1744 5011 carmen
1779 4957 2055 5026 Euripidis

486 5036 677 5103 objicit
705 5054 817 5095 sua:
841 5045 1080 5113 opinioni
1108 5048 1417 5109 adversum,
1444 5048 1680 5116 illudque
1707 5050 2053 5119 impugnans,

489 5135 548 5177 ut
574 5142 737 5194 prave
760 5132 962 5186 dictum
998 5137 1365 5203 reprehendit.
1398 5140 1540 5193 Celsi
1564 5142 1728 5193 verba
1763 5150 1887 5193 sunt
1916 5141 2052 5194 huic:

493 5236 511 5269 ι
534 5217 686 5285 Quod
717 5221 763 5276 si
790 5223 921 5278 mihi
949 5228 1271 5295 Opposueris
1298 5229 1440 5284 istud
1466 5230 1769 5301 Euripidis:

704 5490 819 5558 Sol,
848 5509 969 5557 nox,
994 5502 1207 5565 uterque
1231 5497 1460 5550 serviunt
1490 5498 1831 5553 mortalibus:

552 5581 597 5615 ⁸⁸
635 5580 775 5637 Psal.
809 5600 926 5645 cm.
955 5588 1042 5649 Η,
1075 5588 1162 5653 15,
1192 5590 1277 5644 16.
1355 5591 1398 5621 δ’
1438 5591 1601 5647 Eccli.
1634 5609 1817 5658 XXXIX,
1850 5591 1941 5657 9:2,
1977 5592 2066 5646 26.

561 5676 673 5757 (75.)
704 5676 1123 5759 Philocaliaﬂhic
1146 5692 1199 5759 et
1230 5683 1391 5759 paulo
1429 5694 1572 5759 post,
1601 5686 1654 5738 τί
1684 5685 1843 5739 τοῦτο
1889 5690 1921 5759 ἢ
1970 5688 2049 5750 εἰς

487 5745 539 5801 τί
569 5747 762 5826 τούτοξ
820 5748 956 5815 apud
995 5745 1363 5826 lieesclt_eiittnt
1393 5745 1446 5809 et
1488 5745 1820 5826 Sp'enccrum
1852 5745 2051 5812 utrobi-

487 5834 591 5887 qua
618 5820 949 5872 desideratur
978 5822 1124 5886 prius
1151 5822 1202 5876 τί
1224 5824 1397 5880 τιῦτο.

560 5887 671 5953 (76)
696 5888 921 5957 Philoc.,
959 5889 1171 5959 φύεται.

2165 4682 2482 4757 πωροῦντες
2518 4684 2672 4754 μόλις
2716 4683 3065 4755 τρεφόμεοα’
3111 4684 3224 4746 τοῖς
3272 4682 3591 4757 δ’άσπαρτα
3636 4683 3717 4737 καὶ

2160 4778 2396 4849 ἀνήροτα
2437 4778 2611 4831 πάντα
2638 4776 2880 4845 φύονται.
2909 4795 2927 4828 ι

2241 4862 2400 4933 Ἑξῆς
2432 4863 2489 4916 δὲ
2523 4862 2732 4925 τούτοις
2774 4861 3194 4931 ἐπιλαθόμενος,
3236 4863 3318 4915 ὅτι
3352 4863 3414 4916 τὺ
3455 4866 3723 4936 προκείμε-

2160 4974 2248 5009 νον
2272 4955 2419 5026 αὐτῷ
2433 4958 2576 5008 ἐστιν
2609 4954 2878 5009 Ἰουδαίων
2905 4956 2999 5008 καὶ
3027 4954 3365 5027 Χριστιανῶν
3394 4959 3715 5027 κατηγορεῖν,

2162 5046 2336 5118 ἑαυτῷ
2378 5046 2737 5118 ἀνθυποφέρει
2768 5047 3106 5117 Εὐριπίδειον
3137 5046 3245 5117 (78)
3285 5048 3443 5116 λόγον
3479 5048 3717 5119 ιαμϐεῖον,

2162 5137 2568 5209 ἐναντιούμενον
2601 5136 2764 5192 αὑτοῦ
2791 5141 2856 5208 τῇ
2892 5136 3086 5210 γνώμῃ
3110 5154 3123 5167 ⁶
3158 5139 3251 5191 καὶ
3280 5140 3448 5210 ὁμόσε
3488 5140 3718 5211 χωρήσας

2158 5228 2237 5299 τῷ
2260 5227 2589 5298 λελεγμένῳ,
2616 5229 2911 5298 κατηγορεῖ
2937 5226 3013 5289 ὡς
3037 5227 3221 5289 κακῶς
3246 5229 3550 5300 εἰρημένου.
3584 5229 3716 5297 Ἔχει

2168 5321 2211 5374 δ’
2246 5320 2415 5382 οὕτως
2446 5321 2479 5390 ή
2508 5319 2601 5373 τοῦ
2630 5319 2839 5373 Κέλσου
2867 5319 3042 5384 λέξις·
3078 5338 3095 5370 ι
3129 5320 3190 5373 Εἰ
3216 5320 3273 5373 δὲ
3306 5323 3402 5375 κα)⁵
3433 5322 3493 5375 τὸ
3516 5317 3711 5395 Hirpini-

2168 5409 2301 5463 Sstov
2328 5411 2492 5481 ἐρεῖς,
2520 5410 2600 5462 ὅτι

2304 5502 2511 5566 ’Ἥλιος
2529 5501 2646 5570 μὲν
2670 5501 2786 5565 νύξ
2809 5518 2871 5554 τε
2898 5498 3174 5554 δουλεύει
3211 5501 3477 5569 βροτοῖς-ο

2231 5684 2342 5755 (75)
2373 5686 2603 5751 Philem,
2626 5687 2685 5739 τὸ
2716 5686 2911 5750 ἐνδεές.

2231 5754 2345 5831 (ξιξ)
2376 5758 2589 5831 Quiittit
2624 5757 2913 5831 l’ltilocalia
2964 5759 3120 5814 τοῦτο
3151 5760 3205 5813 δὲ
3228 5754 3680 5831 ἀμπελουργικήν.

2384 5827 2932 5899 ΡΙιίΙοεηΑγενόμενα.

2237 5897 2350 5965 (78)
2388 5896 2788 5965 Ειὶιριπίδειονζ
2824 5897 2954 5956 Vide
3007 5900 3167 5966 huius
3200 5899 3327 5957 libri
3363 5914 3503 5955 nuru.
3528 5897 3610 5953 ὅθ.
