3898 6526
193 412 335 470 Πί9

1393 408 1675 467 CONTRA
1710 407 1987 467 CELSUM
2017 412 2145 469 LIB.
2183 411 2271 469 IV.

3320 409 3462 466 “50

187 528 239 583 τί
297 528 499 598 μᾶλλον
553 530 683 599 ἡμῖν
722 528 755 599 ἡ
803 531 914 593 τοῖς
951 527 1195 600 μύρμηξι
1247 527 1340 581 καὶ
1398 530 1518 592 ταῖς
1567 527 1749 598 μυίαις

1890 543 1989 583 cur
2018 530 2173 584 nobis
2203 543 2396 599 magis,
2423 542 2582 598 quam
2620 527 2862 583 formicis
2883 537 2935 583 et
2968 527 3208 583 muscis?
3242 527 3375 582 Nam
3407 539 3463 583 et

102 632 107 633 '
184 621 302 673 Καὶ
331 620 442 692 γὰρ
474 622 756 693 ὲκείνοιςὴ
788 622 885 693 μὲν
908 620 1007 687 νὺξ
1036 621 1245 691 γίνεται
1278 622 1414 694 πρὸς
1448 621 1775 685 ἀνάπαυσιν,

182 712 216 782 ἡ
256 712 317 765 δὲ
363 714 547 786 ἡμέρα
586 714 723 785 πρὸς
758 714 819 768 τὸ
849 716 979 787 όρᾷν
1012 731 1071 766 τε
1104 714 1198 767 καὶ¹
1240 714 1499 785 ἐνεργεῖν.
1545 733 1562 764 ι
1602 713 1779 781 Σαφὲς

182 802 273 874 δὴ,
308 805 390 856 ὃτι
424 804 484 856 ού
523 804 681 875 μόνον
730 806 998 859 Ἰουδαίων
1032 805 1123 859 καὶ
1156 804 1497 877 Χριστιανῶν
1535 821 1677 866 τινες
1703 805 1778 856 εί-

190 895 427 965 ρὴκασιν
448 897 578 967 ἡμῖν
606 895 876 950 δουλεύειν
899 897 1048 967 ἥλιον
1080 896 1177 951 καὶ
1202 895 1268 949 τά
1296 897 1353 948 ἐν
1383 894 1616 967 οὐρανῷ,
1644 893 1777 947 ἀλλὰ

185 988 285 1040 καὶ
317 990 345 1041 6
372 988 515 1042 κατά
538 1006 689 1053 τινας
715 990 1008 1057 Σκηνικὸς
1040 991 1368 1061 φιλόσοφος
1400 988 1532 1059 (79),
1561 988 1653 1042 καὶ
1679 1006 1778 1057 φυ-

185 1078 461 1147 σιολογίας
516 1080 617 1149 τῆς
659 1080 1051 1151 -Ἀναξαγόρου
1106 1080 1397 1149 γενόμενος
1463 1079 1771 1148 ἀκροατής·

182 1165 339 1231 ὅστις
376 1168 485 1222 ἀπὸ
516 1170 632 1232 ἐνὸς
663 1169 881 1239 λογικοῦ
922 1170 1016 1224 τοῦ
1050 1170 1336 1242 ἀνθρώπου
1383 1168 1775 1239 συνεκδοχικῶς

181 1262 323 1313 πᾶσι
356 1265 467 1326 τοῖς
498 1261 732 1331 λογικοῖς
759 1265 1071 1335 τεταγμένα
1094 1264 1202 1335 (80)
1235 1266 1291 1317 ἐν
1324 1263 1403 1334 τῷ
1438 1264 1601 1316 παντί
1643 1279 1775 1334 φησι

178 1348 477 1416 δουλεύειν,
501 1350 802 1422 δηλούμενα
832 1352 992 1406 πάλιν
1025 1353 1418 1423 συνεκδοχικῶς
1448 1355 1512 1406 ὲκ
1538 1352 1660 1406 τοῦ·

332 1616 542 1680 Ἥλιος
564 1614 682 1683 μὲν
712 1617 827 1682 νύξ
853 1635 919 1671 τε
948 1618 1221 1673 δουλεύει
1246 1619 1511 1688 βροτοῖς.

182 1706 259 1759 Ἥ
292 1707 433 1777 τάχα
466 1707 559 1761 καὶ
582 1710 610 1760 6
636 1710 900 1780 τραγικὸς
932 1712 1039 1764 ἀπὸ
1062 1712 1157 1765 τοῦ
1200 1714 1476 1778 ποιοῦντος
1502 1715 1602 1785 τὴν
1635 1715 1770 1785 ἡμέ-

176 1816 289 1870 ραν
334 1798 487 1869 ἡλίου
529 1798 780 1871 ὠνόμασε
828 1802 925 1873 τὴν
967 1805 1199 1876 ἡμέραν,
1244 1805 1530 1871 διδάσκων,
1580 1807 1660 1860 ὅτι
1701 1807 1770 1861 τά

1888 623 1994 678 illis
2042 637 2149 676 nox
2207 621 2523 692 quiescendi
2562 630 2771 689 tempus
2817 630 2921 687 est,
2953 629 3010 675 et
3055 619 3170 674 dies
3213 620 3464 674 exoritur

1888 716 1954 769 ad
1987 715 2278 769 videndum
2307 723 2361 769 et
2388 713 2747 784 operandum.
2775 732 2793 765 ι
2830 712 2968 767 Hinc
2993 723 3137 783 patet
3168 713 3305 767 hanc
3333 728 3459 767 sen-

1889 806 2147 869 tentiam,
2184 804 2353 860 solem
2387 805 2601 873 aliaque
2634 818 2869 874 corpora
2901 805 3060 859 nobis
3088 806 3320 866 servire,
3351 821 3458 859 non

1886 895 2245 965 quorumdam
2294 895 2562 948 duntaxat
2593 909 2714 949 esse
2753 894 3061 949 Judtrorum
3090 904 3145 950 et
3192 896 3459 948 Christia-

1887 1001 2103 1051 norum,
2131 987 2224 1040 sed
2255 986 2419 1040 etiam
2452 985 2615 1051 illius,
2641 1001 2804 1056 quem
2829 987 3047 1056 quidam
3073 997 3265 1040 vocant
3293 984 3460 1039 Thea-

1858 1080 1961 1131 ‘tri
2002 1078 2371 1147 philosOphum
2403 1118 2417 1139 ,
2454 1079 2659 1146 quique
2704 1079 2982 1149 physicam
3014 1078 3083 1132 ab
3132 1080 3457 1149 Anaxagora

1883 1170 2077 1225 doctus
2110 1169 2312 1223 fuerat.
2352 1167 2401 1223 Is
2435 1179 2617 1223 autem
2651 1185 2771 1223 cum
2822 1171 2899 1223 ait
2930 1171 3136 1225 homini
3176 1188 3261 1226 res
3298 1174 3458 1242 hujus

1882 1258 2120 1312 universi
2151 1259 2382 1323 servire,
2414 1268 2569 1327 parte
2602 1274 2699 1327 pro
2734 1267 2848 1313 toto
2881 1272 3117 1330 sumpta,
3143 1278 3331 1317 omnes
3362 1279 3457 1317 na-

1882 1358 2035 1402 turas
2079 1350 2306 1403 rationis
2336 1348 2630 1419 participes
2674 1348 2959 1420 intelligit;
2997 1352 3454 1419 quemadmodum

1881 1441 2069 1495 eodem
2103 1440 2358 1495 dictionis
2393 1449 2591 1496 ornatu
2630 1456 2716 1497 res
2761 1442 2920 1510 hujus
2963 1444 3202 1500 universi
3243 1446 3455 1517 signifiv

1878 1540 1968 1585 cat
1999 1547 2121 1586 cum
2152 1534 2260 1586 ait:

2092 1624 2211 1688 Sol,
2249 1642 2373 1688 nox,
2406 1638 2616 1696 uterque
2647 1627 2877 1681 serviunt
2909 1627 3239 1682 mortaIibus.

1880 1717 2141 1771 Fortasse
2173 1719 2338 1773 etiam
2385 1719 2621 1787 tragicus
2652 1718 2744 1773 ille
2783 1729 2941 1786 poeta
2979 1720 3109 1773 solis
3152 1734 3282 1775 voce
3310 1720 3451 1774 diem

1878 1816 2201 1885 designavit,
2221 1816 2348 1885 quia
2383 1816 2461 1870 sol
2488 1817 2629 1872 diem
2662 1815 2859 1883 eﬂicit;
2892 1828 2949 1870 ut
2986 1818 3250 1873 indicaret
3275 1819 3362 1872 die
3388 1834 3453 1873 ac

177 1892 426 1962 μάλιστα
469 1893 739 1967 χρῄζοντα
771 1896 986 1966 ἡμέρας
1018 1898 1111 1949 καὶ
1153 1898 1345 1962 νυκτὸς
1378 1899 1445 1952 τά
1477 1899 1581 1951 ὑπὸ
1617 1899 1763 1971 σελὴ-

1879 1919 2040 1964 nocte
2089 1910 2328 1964 maxime
2375 1925 2510 1979 opus
2564 1911 2766 1965 habere
2812 1926 2932 1979 qua:
2976 1911 3077 1965 sub
3124 1911 3247 1965 luna
3284 1924 3451 1975 sunt;

173 2002 281 2054 νην
315 1984 464 2036 ἐστί·
503 1984 597 2037 κα)¹
641 1985 739 2055 οὐχ
767 1985 938 2049 οὕτως
971 1987 1124 2050 ἄλλα,
1154 1988 1229 2053 ὡς
1271 1990 1339 2044 τὰ
1366 1991 1457 2043 ἐπὶ
1488 1993 1591 2063 γῆς
1636 1992 1767 2063 (81).

188 2078 414 2147 Ἡμέρα
450 2073 541 2130 οὖν
572 2078 665 2130 καὶ
699 2078 795 2143 νὺξ
826 2079 1062 2132 δουλεύει
1095 2081 1339 2153 βροτοῖς,
1370 2084 1659 2154 γενόμεναι
1686 2085 1773 2139 διά

172 2168 247 2221 τὰ
268 2168 485 2236 λογικά.
518 2171 578 2222 Εἰ
604 2169 659 2221 δὲ
689 2172 1137 2241 παραπολαύουσι
1162 2175 1451 2247 μύρμηκες
1476 2178 1569 2229 καὶ
1594 2180 1769 2247 μυῖαι,

169 2261 531 2333 ἐνεργοῦντες
568 2262 667 2330 μὲν
715 2263 945 2334 ἡμέρας,
984 2267 1174 2331 νυκτὸς
1205 2267 1261 2319 δὲ
1291 2268 1769 2340 διαναπαυόμενοι,

168 2354 283 2405 τῶν
318 2353 387 2405 δι’
432 2353 751 2424 ἀνθρώπους
785 2358 1195 2427 γεγενημένων·
1228 2361 1349 2430 οὐχ).
1382 2363 1476 2415 καὶ
1506 2361 1593 2414 διὰ
1631 2362 1769 2434 μύρ-

172 2464 365 2517 μηκας
398 2448 493 2500 καὶ
520 2447 683 2517 μυίας
712 2447 930 2501 λεκτέον
952 2450 1163 2521 ἡμέραν
1189 2451 1433 2520 γίνεσθαι
1453 2456 1547 2507 καὶ
1568 2454 1737 2508 νύκτα
1756 2474 1769 2487 ·

166 2540 293 2591 οὐδὲ
322 2539 392 2591 δι’
411 2540 581 2602 οὐδὲν,
603 2539 743 2593 ἀλλὰ
763 2541 905 2594 κατὰ
924 2542 1207 2612 Πρόνοιαν,
1238 2544 1334 2597 ἀνθ
1346 2544 1540 2616 ρώπων
1564 2546 1768 2613 ἕνεκεν,

165 2632 347 2686 ταῦτα
381 2632 489 2703 χρὴ
522 2632 760 2704 νομίζειν
792 2635 1099 2703 γεγονέναι.
1136 2638 1142 2645 ’

250 2833 421 2905 Ἑξῆς
463 2833 521 2887 δὲ
563 2834 774 2901 τούτοις
821 2836 929 2908 (32)
972 2837 1149 2909 ἐαυτῷ
1174 2839 1539 2912 ἀνθυποφέρει
1578 2843 1646 2897 τὰ
1695 2842 1767 2908 ὡς

166 2928 317 2999 ὑπὲρ
352 2926 658 2999 ἀνθρώπων
696 2929 986 3002 λεγόμενα,
1023 2932 1104 2985 ὅτι
1154 2932 1221 2985 δι’
1260 2933 1455 2998 αὐτοὺς
1488 2936 1555 2989 τὰ
1600 2936 1769 3005 ἄλογα

163 3021 285 3085 ζῶα
322 3016 807 3095 δεδημιούργηται,
847 3025 939 3079 καί
969 3042 1155 3096 φησιν,
1192 3028 1293 3092 ὅτι,
1340 3047 1357 3079 ι
1402 3029 1469 3081 Et
1507 3047 1589 3093 τις
1622 3033 1769 3101 ἡμᾶς

162 3114 320 3183 λέγοι
360 3116 627 3186 ἄρχοντας
664 3117 772 3170 τῶν
810 3117 986 3183 ζώων,
1024 3120 1147 3173 ἐπεὶ
1182 3121 1341 3191 ἡμεῖς
1382 3120 1449 3174 τὰ
1490 3122 1621 3176 ἄλλα
1654 3124 1767 3187 ζῶα

163 3209 437 3281 θηρῶμέν
464 3209 574 3281 (85)
619 3228 679 3264 τε
713 3213 807 3265 καὶ
837 3211 1133 3283 δαινύμεθα
1155 3227 1173 3246 ⁶
1209 3215 1475 3287 φήσομεν,
1511 3216 1590 3269 ὅτι
1625 3217 1690 3269 Τί
1724 3216 1766 3270 δ’

162 3303 293 3373 οὐχὶ
341 3301 545 3372 μᾶλλον
582 3302 694 3373 (84)
728 3306 887 3375 ἡμεῖς
934 3305 1001 3359 δι’
1046 3307 1229 3360 ἐκεῖνα
1273 3308 1597 3379 γεγόναμεν,
1644 3312 1765 3365 ἐπεὶ

161 3396 359 3449 ἐκεῖνα
385 3394 620 3467 θηρᾶται
648 3398 795 3468 ἡμᾶς
816 3398 909 3452 καὶ
940 3398 1145 3465 ὲσθίει;
1188 3400 1347 3454 Ἀλλά
1375 3403 1468 3455 καὶ
1505 3404 1636 3473 ἡμῖν
1669 3405 1766 3475 μὲν

160 3488 396 3561 ἀρκύων
430 3491 522 3542 καὶ
544 3488 725 3542 ὃπλων
754 3490 852 3555 δεῖ,
888 3493 983 3544 καὶ
1014 3491 1318 3563 ἀνθρώπων
1350 3494 1611 3547 πλειόνων
1646 3496 1766 3567 βοη-

161 3580 303 3644 Θῶν,
340 3580 439 3633 καὶ
473 3581 670 3646 κυνῶν,
713 3582 855 3636 κατὰ
876 3582 984 3635 τῶν
1019 3584 1427 3655 θηρευομένων·
1466 3588 1691 3652 ἐκείνοις
1719 3589 1763 3642 δ’

160 3673 377 3728 αὐτίκα
412 3674 506 3727 καὶ
531 3674 651 3727 καθ’
684 3675 821 3728 αὐτὰ
845 3677 878 3748 ἡ
906 3679 1065 3745 φύσις
1087 3678 1225 3731 ὅπλα
1249 3679 1501 3745 δέδωκεν,
1527 3682 1764 3755 εὐχερῶς

156 3767 321 3837 ἡμᾶς
347 3766 630 3834 ὑπάγουσα
659 3768 909 3833 ἐκείνοις.
953 3788 971 3819 ι
1003 3770 1112 3822 Καὶ
1134 3770 1364 3825 ἐνταῦθα
1392 3771 1446 3824 δὲ
1475 3775 1625 3844 ὁρᾷς,
1645 3774 1764 3827 τίνα

159 3857 374 3928 τρόπον
389 3858 423 3927 ἡ
449 3856 663 3921 σύνεσις
683 3858 825 3928 μέγα
851 3857 1099 3929 βοήθημα
1126 3861 1256 3931 ἡμῖν
1275 3860 1502 3925 δέδοται,
1522 3864 1616 3917 καὶ
1634 3881 1765 3918 παν⁹

158 3951 258 4013 τὸς
272 3949 444 4002 ὅπλου
468 3953 731 4022 κρεῖττον,
750 3944 809 4003 οὗ
822 3951 967 4005 δοκεῖ
982 3952 1124 4023 ἔχειν
1138 3954 1203 4007 τά
1223 3953 1405 4025 θηρία.
1432 3956 1619 4025 Ἡμεῖς
1634 3956 1763 4023 γοῦν

157 4045 211 4095 οἱ
266 4040 452 4111 πολλῷ
496 4042 574 4112 τῷ
626 4042 835 4113 σώματι
884 4044 991 4097 τῶν
1025 4044 1178 4108 ζώων
1213 4046 1320 4117 (85)
1365 4046 1760 4121 ἀσθενέστεροι,

158 4135 335 4190 τινῶν
385 4135 441 4189 δὲ
476 4138 571 4189 καὶ
606 4138 685 4199 εἰς
728 4137 1033 4208 ὑπερϐολὴν
1077 4138 1420 4211 βραχύτεροι,
1457 4142 1764 4213 κρατοῦμεν

159 4228 259 4282 διὰ
295 4229 397 4300 τὴν
431 4228 645 4281 σύνεσιν
684 4229 793 4282 τῶν
837 4230 1062 4301 θηρίων,
1114 4232 1207 4285 καὶ⁸
1246 4233 1373 4295 τοὺς
1414 4234 1763 4304 τηλικούτους

160 4321 476 4389 ἐλέφαντας
512 4321 834 4393 θηρεύομεν,
886 4322 953 4375 τὰ
984 4324 1082 4393 μὲν
1116 4325 1401 4393 πεφυκότα
1446 4326 1765 4379 τιθασσεύε-

162 4411 298 4465 σθαι
344 4411 740 4477 ὑποτάσσοντες
769 4416 832 4484 τῇ
873 4416 1119 4485 ἡμετέρᾳ
1158 4416 1487 4486 ἡμερότητι·
1523 4417 1665 4469 κατά
1708 4416 1763 4469 δὲ

157 4503 281 4557 τῶν
312 4502 389 4575 μὴ
419 4503 809 4576 πεφυκότων,ἥ
842 4507 915 4578 μὴ
943 4506 1239 4561 δοκούντων
1264 4511 1395 4580 ἡμῖν
1426 4510 1610 4580 χρείαν
1627 4526 1765 4581 παρ-

1877 2014 2071 2059 czetera
2102 2019 2208 2057 non
2244 2018 2397 2071 teque
2428 2019 2490 2057 ac
2516 2019 2580 2057 ea
2612 2018 2731 2069 quae
2764 2014 2889 2056 sunt
2920 2005 2969 2056 in
2998 2015 3159 2057 terra.
3192 2004 3318 2059 Dies
3352 2003 3450 2073 igi-

1876 2105 1961 2150 tur
2004 2106 2060 2150 ct
2114 2112 2219 2149 nox
2283 2097 2605 2151 mortalibus
2663 2100 2902 2151 serviunt
2934 2138 2948 2157 ,
2994 2105 3221 2165 uterque
3276 2097 3453 2151 factus

1876 2199 2101 2259 promer
2123 2198 2349 2243 naturas
2388 2189 2605 2241 ratione
2632 2189 2909 2256 praeditas.
2940 2190 2993 2243 Si
3024 2199 3201 2242 autem
3226 2197 3452 2258 uterque

1874 2292 2096 2351 propter
2114 2280 2361 2334 homines
2386 2269 2599 2333 creatus
2630 2282 2848 2350 prodest
2881 2280 3126 2336 formicis
3148 2292 3201 2334 et
3227 2284 3447 2349 muscis,

1872 2390 1994 2446 qua:
2046 2388 2143 2441 per
2196 2372 2336 2428 diem
2374 2372 2627 2425 laborant
2677 2384 2945 2441 noctuque
3001 2373 3446 2441 conquiescunt:

1874 2483 1980 2522 non
2031 2466 2235 2521 idcirco
2263 2464 2446 2517 dicere
2492 2474 2707 2533 oportet
2756 2464 3105 2518 formicarum
3138 2473 3192 2518 et
3231 2480 3448 2519 muSCa-

1876 2577 1994 2615 rum
2024 2571 2190 2613 causa
2244 2555 2386 2609 facta
2419 2572 2541 2611 esse
2572 2558 2713 2611 diem
2747 2572 2811 2609 ac
2858 2565 3071 2609 noctem
3101 2598 3114 2620 ,
3151 2568 3244 2609 aut
3291 2557 3342 2610 in
3383 2558 3449 2609 iis

1872 2657 2123 2712 creandis
2175 2655 2281 2709 alio
2333 2663 2609 2723 spectasse
2659 2651 3065 2706 Providentiam
3098 2691 3113 2715 ,
3163 2665 3324 2720 quam
3379 2651 3446 2705 ad

1874 2750 2143 2805 homines.

1943 2842 2031 2896 78.
2066 2840 2272 2895 Deinde
2316 2840 2415 2894 sibi
2461 2838 2651 2908 objicit
2684 2839 2829 2908 quod
2864 2853 2961 2907 pro
3002 2838 3315 2894 hominibus
3360 2838 3445 2891 di—

1871 2937 2034 3000 citur,
2065 2939 2223 2988 bruta
2260 2949 2452 3003 nempe
2487 2933 2744 2986 animalia
2774 2932 2987 2986 illorum
3022 2948 3183 2987 causa
3220 2946 3341 2987 esse
3366 2930 3447 2986 fa-

1870 3034 1981 3089 cta,
2024 3036 2079 3079 et
2114 3025 2223 3077 ait:
2272 3041 2289 3073 ι
2323 3022 2380 3076 Si
2433 3024 2554 3091 quis
2584 3037 2683 3077 nos
2731 3036 2884 3093 reges
2919 3023 3276 3076 animantium
3324 3036 3448 3079 esse

1869 3118 2036 3180 dicat,
2063 3119 2202 3183 quod
2234 3117 2315 3170 eis
2352 3117 2402 3169 in
2432 3115 2678 3169 venando
2701 3116 2874 3184 captis
2896 3114 3083 3183 epulas
3108 3113 3443 3180 instruimus,

1874 3210 2209 3278 respondebo
2252 3226 2266 3264 :
2300 3208 2410 3263 Cur
2438 3225 2543 3262 non
2579 3208 2758 3278 potius
2785 3222 2884 3263 nos
2922 3217 3145 3276 propter
3176 3207 3294 3262 illas
3330 3207 3445 3261 nati

1872 3318 2061 3355 sumus
2083 3342 2098 3365 ,
2133 3301 2572 3370 quandoquidem
2610 3300 2713 3353 illa:
2740 3314 2842 3354 nos
2868 3311 2920 3353 et
2958 3308 3229 3353 venantur
3264 3308 3322 3353 et
3355 3299 3445 3353 dc-

1869 3399 2106 3452 vorant?
2136 3398 2444 3450 Przesertim
2481 3412 2603 3450 cum
2634 3403 2823 3449 contra
2853 3393 2974 3447 illas
3005 3393 3163 3447 nobis
3195 3393 3401 3447 retibus
3427 3434 3441 3453 ,

1868 3491 2057 3555 armis,
2091 3490 2453 3559 complurium
2484 3488 2764 3542 hominum
2797 3484 3023 3552 auxilio,
3056 3484 3284 3539 canibus
3308 3500 3446 3554 opus

1866 3582 1937 3636 sit
1962 3598 1977 3646 ;
2017 3581 2125 3634 illis
2151 3590 2333 3634 autem
2361 3588 2553 3647 sponte
2580 3586 2773 3632 natura
2803 3592 2954 3631 arma
2987 3576 3216 3640 dederit,
3247 3576 3445 3647 quibus

1867 3690 1966 3729 nos
1987 3673 2088 3728 sibi
2115 3672 2259 3727 facili
2292 3671 2454 3743 562
2482 3671 2697 3742 negotio
2720 3668 3036 3737 subjiciam.
3058 3688 3077 3721 ›
3106 3670 3283 3736 Atque
3310 3668 3442 3722 hinc

1866 3767 2017 3821 vides
2051 3765 2374 3820 industriam
2413 3764 2571 3817 nobis
2606 3777 2725 3817 esse
2758 3778 3011 3832 magnum
3043 3760 3329 3822 auxilium,
3365 3760 3445 3813 id-

1866 3874 1971 3929 que
1997 3859 2347 3928 prazstantius
2373 3855 2541 3909 armis
2571 3870 2692 3924 qua:
2719 3854 2849 3908 feris
2873 3854 3051 3908 inesse
3078 3852 3350 3907 videntur.
3381 3851 3445 3905 Et

1865 3952 2109 4022 quidem,
2142 3949 2357 4005 etiamsi
2408 3948 2621 4003 viribus
2654 3948 2906 4016 corporis
2940 3962 3039 4000 nos
3073 3946 3243 4000 multo
3274 3959 3443 4013 supe-

1868 4053 1991 4099 rent
2022 4044 2349 4106 animantes,
2376 4050 2430 4095 et
2460 4041 2782 4111 quibusdam
2808 4040 3185 4108 magnitudine
3215 4038 3444 4092 immen-

1865 4154 1985 4193 sum
2032 4138 2291 4192 cedamus
2315 4175 2330 4200 ,
2368 4134 2503 4189 illas
2536 4144 2713 4189 tamen
2760 4135 2812 4187 in
2844 4139 3087 4186 nostram
3117 4138 3441 4201 potestatem

1868 4240 2055 4285 nostra
2094 4229 2293 4299 redigit
2326 4225 2466 4281 ratio
2498 4236 2661 4295 atque
2692 4224 2935 4279 solertia.
2970 4223 3297 4291 Elephantes
3321 4236 3445 4276 cor-

1863 4324 2013 4394 poris
2047 4323 2189 4378 mole
2228 4331 2406 4377 tantos
2439 4320 2685 4375 venando
2717 4320 3118 4381 nanciscimur;
3152 4331 3270 4385 quae
3291 4316 3441 4370 cicu-

1867 4418 1973 4471 rari
2002 4425 2247 4482 possunt,
2295 4430 2388 4469 eas
2424 4424 2609 4469 nostra
2663 4413 3079 4466 mansuetudine
3123 4409 3281 4463 nobis
3316 4408 3443 4463 sub-

1866 4510 2067 4563 dimus.
2102 4508 2231 4575 Qum
2273 4507 2619 4561 mansuefieri
2638 4514 2932 4575 nequeunt,
2950 4502 3444 4557 autmansuefacta:

160 4598 318 4666 ἐχειν
384 4597 448 4648 ἐκ
494 4596 589 4666 τῆς
625 4595 957 4661 τιθασσείας,
1006 4597 1145 4650 οὕτω
1182 4599 1318 4669 μετά
1356 4598 1457 4668 τῆς
1489 4599 1759 4671 ἡμετέρας

1877 4602 1995 4655 nulli
2048 4601 2205 4657 nobis
2242 4600 2361 4653 usui
2402 4609 2629 4665 essent,
2690 4601 2763 4653 ita
2813 4613 2912 4652 nos
2961 4599 3029 4652 ab
3072 4598 3177 4652 illis
3220 4613 3443 4653 securos

162 4684 444 4756 ἱστάμεθα
474 4685 790 4754 ἀσφαλείας,
822 4686 985 4751 ὥστε,
1020 4688 1108 4740 ὅτε
1147 4687 1245 4759 μὲν
1286 4686 1606 4757 βουλόμεθα,
1643 4688 1762 4758 ἐχο-

164 4797 273 4851 μεν
308 4779 379 4833 τὰ
424 4778 721 4849 τηλικαῦτα
767 4779 930 4851 θηρία
974 4780 1509 4851 κατακεκλεισμέναο
1571 4782 1658 4834 ὅτε
1706 4781 1763 4834 δὲ

161 4872 452 4946 χρῄζομεν
478 4872 682 4953 τροφῇς
713 4871 811 4942 τῆς
840 4873 948 4925 ἀπὸ
988 4872 1094 4925 τῶν
1140 4872 1406 4942 σωμάτων
1438 4872 1636 4935 αὐτῶν,
1669 4871 1761 4924 ού-

160 4980 282 5026 τως
311 4963 452 5015 αὐτὰ
480 4964 832 5034 ἁναιρούμεν,
858 4964 932 5028 ὡς
958 4962 1137 5017 καὶτὰ
1164 4963 1236 5033 μὴ
1262 4964 1426 5035 ἄγρια
1454 4964 1561 5017 τῶν
1586 4964 1761 5027 ζώων.

162 5056 350 5109 Δούλα
385 5051 478 5107 οὖν
509 5055 684 5107 πάντα
712 5055 804 5109 τοῦ
836 5054 1054 5124 λογικοῦ
1090 5054 1227 5119 ζὼου
1258 5057 1350 5107 καὶ
1386 5056 1485 5125 τῆς
1526 5056 1763 5125 φυσικῆς

164 5147 341 5202 αὑτοῦ
375 5148 642 5211 συνέσεως
671 5149 1077 5223 κατεσκεύασεν.
1109 5150 1137 5200 6
1162 5148 1513 5221 δημιουργός.
1544 5149 1651 5201 Καὶ
1681 5152 1761 5215 εἰς

243 5348 363 5423 (ἷθ)
389 5352 684 5418 Σκηνικός
707 5354 1063 5422 φιλόσοφος.
1089 5352 1372 5420 Euripides
1429 5369 1622 5423 nempe
1668 5355 1759 5423 qui

170 5421 246 5475 ab
272 5421 537 5474 Athenaeo
572 5432 625 5475 et
670 5421 944 5477 (,Iletnente
1000 5424 1393 5487 Alexandrino,
1424 5421 1757 5491 Str-amanti,

171 5499 418 5564 vocatur
453 5493 482 5544 6
534 5493 627 5544 ἐπὶ
663 5492 763 5562 τῆς
812 5494 1017 5564 σκηνῆς
1073 5493 1380 5562 φιλόσοφος.
1450 5493 1646 5547 Suidas
1709 5498 1760 5547 in

168 5560 741 5645 ΕίιριπίδάΔιήκουσε
770 5564 825 5617 δὲ
879 5560 983 5619 καῖ’
1019 5560 1378 5636 Ἀναξαγόρου
1405 5564 1499 5617 τοῦ
1550 5564 1760 5630 Κλαζο-

172 5647 368 5701 μενιου
379 5670 389 5681 .

251 5699 368 5777 (80)
397 5699 749 5777 Τεζαγιιένα.
786 5704 1147 5777 Scribendum
1174 5704 1318 5777 forte
1336 5704 1404 5757 τὰ
1430 5707 1755 5777 τεταγμένα.

175 5771 257 5848 ιιιί
300 5771 558 5848 coniicit;
588 5774 835 5848 Quietus.
876 5775 1018 5829 Infra
1070 5776 1250 5848 codex
1296 5771 1760 5848 ἆοιὶιιιιιιε,”ἥλιος

176 5842 285 5925 μὲν
314 5841 412 5925 νύξ
440 5860 499 5925 τε
522 5844 759 5925 δουλεύει
787 5846 1019 5918 βροτοῖς.
1068 5847 1124 5902 In
1161 5856 1319 5902 antea
1372 5847 1529 5904 editis
1582 5841 1758 5919 décst,

171 5911 415 5966 δουλεύει
446 5912 675 5985 βροτοῖς.

1868 4695 2144 4750 reddimus
2169 4734 2184 4757 ,
2222 4706 2281 4747 ut
2310 4693 2451 4752 illas.
2482 4694 2699 4761 quando
2728 4692 2912 4755 lubet,
2946 4691 3179 4746 inclusas
3208 4692 3432 4745 retinea-

1866 4804 2023 4850 mus;
2052 4802 2176 4842 cum
2208 4797 2389 4840 autem
2417 4785 2631 4839 illarum
2666 4783 2988 4853 corporibus
3015 4784 3081 4837 ad
3115 4783 3440 4838 vescendum

1866 4896 2003 4949 opus
2021 4892 2123 4947 est,
2140 4896 2292 4951 teque
2325 4882 2484 4935 facile
2517 4881 2638 4935 illas
2665 4878 2967 4933 occidimus
2998 4892 3062 4931 ac
3092 4876 3437 4931 domesticas.

1865 4974 2133 5029 Animalis
2170 4975 2338 5045 igitur
2392 4975 2607 5027 ratione
2651 4970 2863 5041 praediti
2920 4968 3152 5022 naturali
3201 4968 3441 5023 solertia:

1864 5065 2125 5122 Conditor
2158 5067 2341 5120 omnia
2389 5064 2646 5118 animalia
2687 5062 2947 5117 subdidit.
2989 5063 3167 5129 Atque
3203 5061 3330 5115 hinc
3358 5070 3442 5117 est

1863 5160 2005 5229 quod
2023 5160 2252 5215 canibus
2268 5159 2497 5229 exetnpli
2516 5174 2678 5213 causa
2702 5157 2766 5210 ad
2783 5156 3027 5228 grcgdm,
3046 5165 3440 5218 armentorum,

1937 5354 2049 5425 (81)
2080 5352 2365 5425 Vitiosein
2397 5362 2556 5425 antea
2585 5351 2746 5408 editis
2762 5350 2980 5421 legitur,
3000 5350 3095 5403 καὶ
3119 5348 3219 5421 οὐχ
3246 5346 3438 5412 οὕτως,

1862 5425 1999 5481 ἀλλὰ
2031 5424 2106 5489 ὠς
2136 5424 2205 5477 τὰ
2230 5424 2322 5476 ἐπὶ
2353 5424 2475 5492 γῆς.

1936 5496 2050 5565 (82)
2096 5496 2270 5563 Ἑξῆς
2297 5494 2365 5547 δὲ
2391 5491 2644 5559 τούτοις,
2680 5505 2807 5559 ctc.,
2827 5508 3001 5566 usque
3033 5491 3099 5546 ad
3140 5492 3259 5566 ista,
3291 5491 3440 5561 δεδη-

1866 5567 2543 5638 μιούργηταιριιρριοιι-ιυι·
2575 5584 2604 5638 e
2640 5565 2951 5638 l’hilocalia.

1936 5631 2051 5704 (83)
2084 5631 2303 5691 Eadeur
2329 5631 2667 5699 'Philocalia,
2738 5636 3002 5705 ἄρχοντας
3056 5631 3165 5687 τῶν
3206 5633 3437 5702 ἀλόγων,

1864 5710 1985 5764 ἐπεὶ
2010 5710 2168 5779 ἡμεῖς
2196 5714 2264 5762 τὰ
2298 5706 2469 5775 ἄλογα
2503 5706 2779 5779 θηρῶμεν.

1932 5776 2060 5845 (84)
2080 5780 2424 5834 Hmschelius
2449 5790 2504 5831 et
2532 5776 2863 5848 Siteiicerus,
2905 5780 2985 5833 δτι
3015 5778 3131 5849 οὐχὶ
3161 5776 3380 5847 μᾶλλον.

1858 5918 1873 5928 .
1935 5852 2049 5924 (85)
2077 5850 2396 5921 Philocalia,
2423 5850 2648 5923 θηριων.
