3898 6564
478 402 616 460 "Si

1973 399 2298 458 ORIGENIS

3599 402 3720 458 1ίὲ

472 527 762 575 domorum
799 517 1143 586 custodiam,
1191 519 1366 575 bobus
1399 520 1467 576 ad
1501 519 1894 588 agriculturam
1923 559 1940 582 ,
1964 519 2052 586 ju-

2165 517 2294 572 ἄλλα
2327 519 2432 588 μὲν
2467 517 2640 572 κυνῶν
2679 515 2971 589 χρῄζομεν,
3001 517 3124 587 φέρ’
3161 515 3356 578 ειπεϊν,
3387 515 3464 580 είς
3491 513 3722 587 φυλακὴν

475 609 676 665 mentis
717 618 785 664 ad
835 607 1060 664 ferenda
1109 624 1280 666 onera
1334 612 1559 668 utimur.
1614 611 1708 668 Sic
1739 613 1900 666 etiam
1937 614 2050 666 nati

471 712 600 758 sunt
639 701 863 769 leones,
914 703 1062 767 ursi,
1101 703 1299 773 pardi,
1347 705 1462 773 apri
1513 705 1738 774 aliaeque
1788 705 1838 760 id
1873 722 2047 776 genus

473 795 798 861 animantes,
827 794 1031 864 quibus
1057 797 1435 852 excitarentur
1454 795 1674 852 virtutis
1697 798 1905 855 semina
1933 812 2052 867 quae

475 888 632 946 nobis
667 888 826 946 insita
851 899 1000 945 sunt.

544 1149 634 1206 79.
687 1149 884 1206 Postea
921 1150 1168 1208 homines
1215 1167 1371 1207 suam
1406 1169 1517 1224 pra:
1549 1154 1919 1210 animantibus
1967 1172 2055 1210 ra-

475 1242 625 1298 tione
671 1242 899 1313 privatis
945 1244 1328 1298 excellentiam
1378 1255 1740 1315 agnoscentes
1767 1239 1859 1300 bis
1908 1263 2056 1302 com-

473 1335 636 1408 pellat
665 1336 872 1391 verbis:
905 1355 923 1389 ι
943 1337 1022 1392 Ad
1058 1338 1110 1390 id
1136 1341 1280 1408 quod
1309 1339 1494 1394 dicitis
1531 1339 1712 1394 datam
1753 1341 1904 1395 vobis
1935 1355 2054 1396 esse

477 1446 506 1482 a
535 1429 643 1485 Deo
667 1425 814 1485 feras
830 1431 1080 1500 capiendi
1117 1441 1170 1486 et
1200 1433 1488 1488 occidendi
1523 1441 1882 1500 potestatem;
1913 1434 2056 1490 veri-

475 1522 654 1577 simile
691 1535 816 1588 est,
856 1531 1149 1590 antequam
1201 1523 1362 1578 urbes
1403 1532 1584 1576 essent
1614 1533 1669 1576 et
1715 1533 1862 1577 artes
1889 1533 2056 1590 atque

471 1617 734 1684 ejusmodi
763 1616 1080 1681 societates,
1115 1624 1242 1671 ante
1271 1632 1426 1671 arma
1471 1624 1526 1671 et
1556 1630 1764 1680 casses,
1805 1617 2055 1670 homines

472 1723 504 1761 a
541 1707 672 1762 feris
704 1718 892 1778 captos
924 1716 978 1762 et
1012 1708 1303 1764 devoratos
1333 1707 1543 1774 fuisse;
1593 1709 1738 1764 feras
1769 1719 1950 1764 autem
1987 1709 2056 1762 ab

473 1797 788 1852 hominibus
813 1813 1176 1867 nequaquam.
1213 1817 1232 1850 ι
1266 1797 1366 1853 llic
1389 1799 1530 1862 vide,
1565 1799 1777 1852 tametsi
1805 1799 2053 1854 homines

2155 611 2443 681 ποιμνίων,
2485 611 2518 680 ἢ
2569 609 2880 680 βουκολίων,
2923 607 2956 679 ἢ
2995 606 3278 670 αίπολίων,
3317 607 3352 678 ἢ
3403 606 3622 658 οἰκιῶν
3655 607 3728 668 είς

2154 703 2290 758 ἄλλα
2331 703 2388 756 δὲ
2433 702 2593 773 βοῶν,
2625 697 2737 755 οἷον
2790 704 2870 765 είς
2914 701 3185 772 γεωργίαν
3231 699 3364 770 (86)·
3407 701 3482 763 είς
3527 697 3660 752 ἄλη
3685 697 3726 750 ε’

2155 795 2468 864 ὑποζυγίοις
2490 793 2819 869 χριῦμεθα,ἣ
2843 793 3186 866 ἀχθοφόροις.
3211 793 3403 855 Οὕτως
3429 793 3506 855 είς
3527 789 3726 860 γυμνὲ-

2155 903 2269 938 σιον
2313 885 2420 938 τῶν
2457 887 2556 957 τῆς
2587 885 2837 957 ἀνδρείας
2871 888 2926 938 ἐν
2971 887 3099 955 ἡμῖν
3138 884 3467 955 σπερμάτων
3493 880 3724 935 δεδόσθαι

2151 977 2285 1046 ἡμῖν
2313 975 2528 1044 λέγεται
2559 975 2622 1028 τὸ
2649 975 2898 1038 λεόντων,
2935 977 3026 1028 καὶ
3061 974 3298 1044 ἄρκτων,
3333 971 3642 1042 παρδάλεών
3669 989 3723 1026 τι

2155 1067 2250 1118 καὶ
2285 1065 2448 1130 συῶν,
2491 1065 2582 1118 καὶ
2615 1065 2676 1118 τὸ
2708 1064 2816 1117 τῶν
2845 1065 3099 1118 τοιούτων
3129 1065 3308 1134 γένος.

2225 1153 2357 1210 Εἶτα
2397 1157 2546 1226 λέγει
2593 1159 2728 1230 πρὸς
2771 1157 2833 1210 τὸ
2882 1157 2991 1210 τῶν
3038 1153 3448 1226 αἰσθανομένων
3485 1154 3582 1224 τῆς
3613 1156 3726 1208 ἑαυ-

2153 1248 2262 1302 τῶν
2309 1249 2582 1320 ὑπεροχῆς
2635 1247 2940 1320 ἀνθρώπων
2989 1248 3165 1314 γένος,
3207 1246 3274 1316 ἣν
3321 1243 3577 1312 ὑπερέχει
3628 1241 3725 1294 τῶν

2155 1341 2364 1410 ἀλόγων
2398 1340 2571 1406 ζώων,
2613 1341 2724 1402 ὅτι,
2759 1360 2777 1390 ε
2824 1339 2966 1410 Πρὸς
2991 1338 3018 1390 ὃ
3052 1339 3209 1408 ὑμεῖς
3235 1352 3394 1404 φατε,
3437 1336 3512 1398 ὡς
3540 1337 3571 1388 ό
3603 1333 3724 1396 Θεὸς

2157 1435 2286 1504 ὑμῖν
2319 1434 2547 1487 δέδωκεν
2567 1436 2739 1500 αἱρεῖν
2771 1432 2879 1502 (87)
2907 1431 2976 1483 τὰ
3005 1431 3168 1502 θηρία
3201 1429 3482 1490 δύνασθαι,
3509 1429 3604 1481 καὶ
3639 1445 3724 1479 κα-

2156 1511 2552 1597 ταχρήσασθαι,
2587 1526 2842 1598 ἐροῦμεν,
2871 1527 2953 1578 ὅτι
2984 1525 3075 1594 (ὡς
3093 1524 3267 1594 εἰκὸς)
3306 1523 3434 1594 πρὶν
3457 1522 3638 1582 πόλεις
3659 1515 3724 1572 εἰ·

2155 1637 2241 1670 ναι
2290 1620 2384 1672 καὶ
2416 1620 2632 1690 τέχνας,
2673 1620 2768 1672 κα).
2813 1617 3065 1681 τοιαύτας
3108 1615 3408 1687 ἐπιμιξίας,
3443 1616 3531 1666 καὶ
3575 1611 3722 1670 ὅπλα,

2161 1713 2254 1764 καὶ
2277 1711 2490 1774 δίκτυα,
2521 1711 2796 1779 ἄνθρωποι
2824 1711 2922 1781 μὲν
2953 1710 3058 1762 ὑπὸ
3087 1708 3290 1780 θηρίων
3319 1706 3623 1778 ἡρπάζοντο
3644 1703 3725 1756 καὶ

2155 1803 2425 1873 ἡσθίοντο,
2463 1803 2626 1876 θηρία
2658 1805 2701 1857 δ’
2737 1805 2826 1856 ὑπ’
2863 1797 3386 1874 ἀνθρώπωνῆκιστα
3409 1798 3674 1868 ἡλίσκετο.
3703 1813 3720 1848 ι

470 1889 616 1946 feras
653 1899 706 1946 et
739 1890 868 1946 ferae
899 1892 1144 1946 homines
1173 1891 1390 1960 capiant
1426 1931 1441 1955 ,
1479 1892 1707 1946 multum
1743 1901 1918 1946 tamen
1947 1891 2052 1945 dil-

2165 1897 2297 1966 Ὀρα
2333 1896 2388 1949 δὲ
2425 1897 2560 1967 πρὸς
2595 1895 2790 1958 ταῦτα,
2830 1896 2934 1959 ὅτι,
2967 1897 3016 1947 ει
3059 1895 3150 1946 καὶ
3179 1891 3424 1964 αἱροῦσιν
3469 1889 3726 1960 ἅνθρωποι

471 1984 619 2039 ferre
647 1999 744 2042 eos
770 1985 860 2054 qui
893 1983 1112 2038 solertia
1143 1984 1390 2048 vincunt,
1419 1985 1486 2038 ab
1517 1984 1582 2038 iis
1603 1999 1724 2054 qua:
1755 1983 1969 2038 feritate
1999 1993 2056 2038 et

473 2076 628 2130 rabie
667 2075 886 2130 nonnisi
917 2090 1012 2130 eos
1059 2084 1350 2143 superant.
1391 2076 1483 2143 qui
1515 2077 1581 2130 ad
1633 2091 1692 2130 se
1729 2077 2055 2131 muniendos

474 2184 570 2223 sua
613 2184 720 2222 non
754 2177 983 2224 utuntur
1013 2167 1259 2222 solertia.
1293 2167 1426 2222 Cum
1475 2178 1654 2222 autem
1685 2168 1792 2222 ait:
1843 2187 1862 2220 ι
1891 2169 2058 2223 Ante-

472 2276 635 2330 quam
662 2261 826 2316 urhes
855 2269 1040 2316 essent
1063 2269 1116 2314 et
1139 2257 1406 2326 ejusmodi
1433 2260 1745 2324 societates,
1765 2268 2054 2330 antequam

473 2363 622 2410 artes
646 2356 879 2410 inventa:
911 2364 1100 2414 erant;
1131 2373 1148 2405 ι
1190 2368 1293 2406 non
1329 2353 1598 2414 meminit,
1624 2353 1840 2422 opinor,
1867 2368 2054 2407 eorum

474 2462 595 2516 qua:
627 2463 792 2518 supra
838 2447 1086 2500 dixerat:
1126 2464 1143 2496 ι
1170 2444 1430 2500 Μιιιιιιιηιι
1478 2461 1599 2498 esse
1639 2445 1946 2500 iucreatum
2001 2453 2058 2500 et

478 2538 978 2609 incorruptibilem;
1007 2554 1067 2594 ea
1095 2537 1230 2600 sola,
1261 2552 1381 2606 quae
1411 2537 1462 2590 in
1496 2546 1640 2592 terra
1669 2547 1815 2601 sunt,
1848 2537 2055 2591 diluvia

476 2640 532 2684 et
557 2630 1014 2703 conﬂagrationes
1039 2632 1175 2702 pati,
1202 2647 1266 2686 ac
1292 2647 1357 2686 ne
1378 2629 1557 2687 on‘inia
1583 2631 1804 2702 quidem
1833 2632 2052 2686 simul.»

479 2722 553 2779 Ut
585 2725 754 2795 igitur
797 2725 1022 2779 increati
1059 2725 1246 2778 mundi
1275 2723 1597 2780 defensores
1639 2722 1756 2792 ejus
1789 2739 1896 2779 non
1929 2739 2058 2794 pos-

475 2827 604 2882 sunt
633 2815 844 2870 initium
878 2817 1263 2882 indicare,..ita
1309 2831 1409 2872 nec
1451 2829 1691 2885 tempus,
1719 2831 1846 2886 cum
1883 2830 2058 2883 neque

479 2918 640 2962 erant
677 2906 876 2974 urbes,
925 2924 1100 2978 neque
1147 2918 1294 2963 artes
1344 2908 1598 2962 inventae.
1653 2906 1760 2963 Sed
1809 2918 1927 2964 esto
1970 2909 2059 2962 hic

479 2999 630 3054 illum
659 2999 724 3054 ad
753 3012 942 3055 nostra
971 3015 1030 3056 se
1059 3000 1474 3055 accommodare
1499 3000 1732 3054 voluisse
1759 2985 1976 3070 placita,
2004 3008 2058 3053 et

477 3091 788 3160 neglexisse
811 3108 931 3161 qua:
953 3093 1208 3161 superius
1236 3093 1474 3146 dixerat:
1508 3092 1600 3160 qui
1628 3093 1752 3145 hinc
1773 3093 2054 3161 probetur,

479 3187 637 3241 initio
669 3187 917 3241 homines
947 3203 973 3240 a
1003 3185 1135 3240 feris
1156 3228 1169 3249 ,
1199 3203 1302 3239 non
1334 3184 1480 3240 feras
1525 3187 1592 3240 ab
1625 3187 1936 3240 hominibus
1965 3201 2056 3240 ca-

477 3289 598 3350 ptas
625 3287 680 3333 et
703 3295 950 3334 comesas
978 3279 1176 3332 fuisse?
1203 3279 1336 3332 Nam
1359 3281 1402 3332 si
1428 3280 1772 3334 Providentia
1797 3281 2054 3334 mundum

477 3367 720 3420 condidit
756 3376 809 3420 et
855 3369 992 3422 Deus
1033 3369 1303 3422 universis
1336 3371 1499 3422 rebus
1555 3379 1785 3438 prmest,
1825 3385 2055 3425 necesse

453 3467 562 3512 est
595 3459 800 3528 primos
829 3460 1111 3514 hominum
1147 3461 1306 3532 563
1335 3471 1587 3530 parentes
1615 3478 1643 3514 a
1679 3463 1887 3516 naturis
1917 3478 2056 3532 pra:-

482 3549 845 3605 stantioribns
871 3553 1178 3606 custoditos
1215 3553 1407 3617 fuisse,
1443 3554 1516 3606 ita
1547 3563 1604 3606 ut
1637 3553 1703 3606 ab
1737 3553 1891 3607 initio
1927 3555 2055 3608 inti-

488 3657 576 3696 ma
608 3652 754 3697 esset
781 3643 978 3698 divinae
1013 3653 1218 3698 natura:
1251 3661 1373 3698 cum
1411 3645 1515 3699 illis
1544 3646 1798 3700 societas.
1825 3643 1879 3698 id
1912 3647 2055 3714 quod

479 3734 731 3790 Ascraeus
755 3745 908 3804 poeta
940 3737 1253 3807 intelligens
1285 3739 1390 3790 ait:
1521 3721 1528 3728 ’

2159 1989 2344 2060 θηρία,
2398 1990 2492 2042 καὶ
2547 1989 2709 2060 θηρία
2753 1988 3071 2060 ἀνθρώπους
3115 1985 3374 2058 ἁρπάζει,
3413 1983 3578 2053 πολλή
3621 1984 3724 2034 ἐστι

2157 2079 2392 2152 διαιρορά
2418 2081 2524 2133 τῶν
2563 2081 2772 2134 συνέσει
2801 2077 3144 2152 κρατούντων
3176 2076 3326 2150 παρὰ
3353 2076 3423 2129 τὰ
3461 2073 3726 2145 ἀγριότησι

2157 2172 2251 2224 καὶ
2287 2170 2528 2242 ὠμότητι
2563 2169 2950 2240 περιγινόμενα
2977 2167 3082 2220 τῶν
3103 2167 3162 2219 οὑ
3195 2165 3493 2238 χρωμένων
3517 2166 3582 2234 τῇ
3611 2179 3722 2214 συν-

2157 2263 2268 2316 έσει
2302 2263 2436 2334 πρὸς
2459 2262 2520 2316 τὸ
2560 2263 2722 2334 μηδὲν
2751 2263 2856 2315 ὑπὸ
2877 2261 3078 2332 θηρίων
3107 2260 3320 2312 παθεῖν.
3365 2259 3441 2310 Τὸ
3463 2257 3520 2310 δὲ
3553 2275 3570 2308 ι
3607 2255 3722 2326 πρὶν

2159 2356 2344 2419 πόλεις
2383 2351 2520 2408 εἶναι
2571 2355 2662 2408 κα)⁵
2701 2355 2895 2425 τέχνας
2938 2354 3032 2408 καὶ
3069 2352 3324 2414 τοιαύτας
3371 2349 3662 2420 ἐπιμιξίας,
3701 2367 3718 2398 ι

2157 2447 2580 2519 ἐπιλελησμένου
2633 2444 2784 2518 οἶμαι
2826 2442 2966 2501 εἶναι
3013 2441 3088 2500 ὧν
3135 2446 3394 2518 ἀνωτέρω
3447 2447 3716 2515 προεῖπεν·

2163 2560 2180 2592 ι
2221 2542 2297 2604 ὡς
2329 2541 2592 2611 ἀγενήτου
2626 2539 2774 2602 ὄντος
2809 2537 2903 2592 τοῦ
2932 2539 3156 2609 κόσμου,
3185 2537 3280 2590 καὶ
3307 2535 3604 2606 ἀφθάρτου,
3637 2533 3720 2586 καὶ

2161 2633 2336 2704 μόνων
2386 2633 2492 2684 τῶν
2539 2631 2632 2684 ἐπὶ
2671 2632 2770 2702 γῆς
2817 2629 3234 2699 κατακλυσμοὺς
3267 2629 3362 2680 καὶ
3401 2624 3718 2697 ὲκπυρὼσεις

2159 2725 2497 2796 πασχόντων,
2538 2724 2631 2776 καὶ
2661 2725 2722 2776 οὐ
2749 2723 2965 2776 πάντων
3001 2721 3118 2792 ἅμα
3144 2720 3350 2782 τούτοις
3381 2717 3720 2789 περιπιπτόν-

2156 2833 2282 2870 των.
2345 2835 2363 2867 ι
2430 2816 2516 2878 Ὠς
2555 2817 2654 2868 οὑκ
2702 2814 2848 2867 ἔστιν
2898 2810 2990 2868 οὖν
3043 2817 3154 2876 τοῖς
3203 2813 3468 2883 ἀγένητον
3515 2809 3722 2878 ὑφιστά-

2157 2925 2308 2961 νουσι
2350 2906 2457 2977 (88)
2504 2907 2594 2959 τὸν
2644 2906 2846 2978 κόσμον
2892 2905 3065 2977 ἀρχὴν
3109 2904 3273 2958 αὑτοῦ
3331 2905 3528 2964 εἰπεῖν,
3563 2900 3720 2962 οὓτως

2157 3001 2278 3054 οὑδὲ
2303 2999 2510 3072 χρόνον,
2541 2999 2617 3051 ὅτ’
2645 2997 2893 3068 οὐδαμῶς
2918 2995 3054 3069 ἦσαν
3077 2996 3275 3059 πόλεις,
3299 2995 3422 3048 οὐδὲ
3447 2995 3624 3064 τέχναι
3646 3008 3722 3044 πω

2157 3089 2406 3162 εὕρηντο.
2451 3088 2589 3141 Ἀλλ’
2624 3087 2764 3140 ἔστω
2792 3089 2885 3140 καὶ
2915 3086 3089 3140 ταῦτα
3117 3088 3246 3157 ἡμῖν
3277 3086 3375 3155 μὲν
3411 3083 3722 3154 causam;

2965 3180 2997 3206 τ’.
3033 3181 3085 3206 2X

2161 3184 2310 3256 αὑτῴ
2343 3185 2644 3255 συγχωρεῖν
2678 3181 2809 3252 (89),
2849 3180 3000 3252 αὑτῷ
3030 3181 3086 3233 δὲ
3114 3181 3204 3233 καὶ
3235 3183 3346 3242 τοῖς
3376 3178 3624 3248 ἀνωτέρω
3642 3175 3720 3227 ὑπ’

2084 3262 2126 3318 C
2161 3277 2323 3330 αὑτοῦ
2358 3275 2702 3346 λελεγμένοις
2729 3275 2911 3326 οὑκέτι
2932 3291 2945 3303 ·
2981 3273 3032 3326 τί
3057 3268 3146 3325 οὖν
3169 3272 3326 3324 τοῦτο
3359 3271 3496 3342 πρὸς
3525 3269 3580 3321 τὺ
3605 3267 3720 3320 πάνυ

2159 3387 2265 3432 τως
2306 3367 2585 3438 καταρχὰς
2614 3369 2737 3430 τοὺς
2782 3367 2881 3436 μὲν
2916 3363 3228 3437 ἀνθρώπους
3261 3363 3365 3416 ὑπὺ
3399 3361 3598 3434 θηρίων
3637 3361 3720 3427 ἁρ-

2155 3461 2423 3526 πάζεσθαι
2452 3461 2544 3514 καὶ
2577 3459 2870 3520 ἐσθίεσθαι,
2916 3458 3108 3527 μηκέτι
3145 3457 3200 3508 δὲ
3235 3457 3328 3508 καὶ
3360 3455 3430 3507 τὰ
3465 3454 3616 3525 θηρία
3643 3451 3718 3506 ὑπ’

2155 3551 2456 3624 ἀνθρώπων
2496 3549 2842 3614 ἀλίσκεσθαι;
2874 3548 3046 3620 Εἴπερ
3091 3549 3198 3620 γὰρ
3243 3547 3383 3600 κατά
3419 3545 3718 3616 Πρόνοια-.νό

2155 3644 2358 3714 κόσμος
2411 3645 2726 3714 γεγένηται,
2776 3643 2869 3695 καὶ
2916 3642 3046 3704 Θεὸς
3101 3640 3366 3709 ἐφέστηκε
3409 3641 3521 3702 τοῖς
3563 3637 3716 3694 ὃὶοις’

2155 3737 2450 3804 ἀναγκαῖον
2486 3731 2550 3804 ἦν
2587 3733 2653 3785 τὰ
2689 3731 2917 3804 ζώπυρα
2948 3732 3040 3784 τοῦ
3071 3732 3258 3798 γένους
3301 3729 3408 3782 τῶν
3446 3725 3720 3799 ἀνθρώπου

479 3825 758 3898 ἀρξάμενα
782 3829 887 3882 ὑπό
903 3847 1024 3883 τινα
1048 3830 1328 3900 γεγονέναι
1354 3831 1707 3902 φρουρὰντὴν
1755 3831 1864 3886 ἀπὸ
1898 3829 2240 3902 κρειττόνων,
2272 3829 2411 3881 ὥστε
2465 3831 2583 3880 κατ’
2616 3827 2788 3898 ἀρχὰς
2841 3825 3115 3898 ἐπιμιξίαν
3163 3823 3438 3892 γεγονέναι
3484 3823 3588 3890 (90)
3637 3818 3720 3887 τῆς

479 3920 630 3985 θείας
652 3922 866 3991 φύσεως
889 3925 1022 3996 πρὸς
1045 3925 1170 3988 τοὺς
1201 3923 1517 3996 ἀνθρώπους
1537 3943 1549 3955 ’
1585 3926 1726 3997 ειπερ
1749 3927 1843 3978 καὶ
1869 3927 1896 3978 ὁ
1932 3925 2218 3995 Ἀσκραῖος
2250 3924 2479 3994 ποιητὴς
2522 3922 2717 3974 ἐννοῶν
2760 3919 2879 3974 εἷπε
2898 3940 2912 3952 ·

483 4011 624 4085 {Vaut
650 4025 774 4066 tunc
797 4030 1094 4068 communes
1121 4026 1267 4068 erant
1296 4017 1462 4083 epulw
1486 4033 1884 4085 communesque
1903 4017 2060 4072 'sedes

483 4079 876 4136 [mmor-talium
911 4087 1125 4138 deorum
1155 4097 1201 4138 et
1230 4079 1533 4139 mortalium
1565 4079 1856 4139 hominum.

551 4173 642 4230 80.
691 4175 754 4228 Et
814 4175 992 4230 divina
1045 4175 1246 4247 Moysis
1289 4177 1492 4246 scripta
1561 4177 1758 4232 docent
1815 4177 2056 4232 auditam

481 4265 673 4334 primis
719 4267 1035 4336 parentibus
1065 4267 1302 4321 divinam
1341 4283 1564 4333 vocem,
1599 4269 1780 4322 audita
1809 4268 2055 4334 oracula,

483 4359 674 4426 eisque
727 4373 1114 4427 nonnunquam
1169 4358 1484 4427 apparuisse
1536 4357 1757 4429 angelos
1791 4357 1920 4422 Dei,
1961 4358 2056 4427 qui

483 4451 550 4502 ad
589 4463 648 4502 se
683 4449 949 4504 venirent.
993 4451 1173 4519 Atque
1208 4449 1369 4502 etiam
1401 4464 1615 4518 aequum
1660 4459 1779 4502 erat
1809 4449 2056 4503 homines

484 4538 640 4593 initio
674 4540 860 4592 mundi
897 4539 1068 4609 magis
1105 4538 1387 4610 adjuvari,
1415 4555 1586 4609 usque
1629 4555 1692 4594 eo
1721 4541 1846 4593 dum
1897 4549 2056 4592 aucta

483 4629 726 4695 solertia,
759 4633 1087 4701 comparatis
1109 4633 1420 4698 virtutibus,
1450 4632 1768 4701 artibusque
1797 4632 2059 4694 inventis,

2165 4015 2210 4068 Ξ
2220 4015 2352 4067 ιιι-αὶ
2386 4013 2494 4082 γὰρ
2521 4015 2653 4066 τότε
2682 4013 2880 4078 δαῖτες
2905 4011 3078 4073 ἕσαν,
3107 4009 3277 4082 ξυνοὶ
3307 4009 3374 4062 δὲ
3397 4011 3600 4082 θόωκοι

2178 4080 2549 4138 Ἀθανιὶτοισι
2581 4083 2770 4137 θεοῖσι
2801 4081 3193 4150 καταθνητοῖς
3233 4081 3281 4134 τ’
3322 4080 3660 4147 ἀνθρώποις.

2237 4174 2348 4228 Καὶ
2381 4176 2409 4226 ὁ
2443 4175 2582 4237 θεῖος
2617 4175 2672 4227 δὲ
2704 4175 2843 4228 κατὰ
2876 4173 3115 4227 Μωῦσέα
3141 4171 3296 4240 λόγος
3327 4173 3584 4242 εἰσήγαγε
3613 4171 3721 4232 τοὺς

2161 4266 2410 4337 πρώτους
2445 4268 2552 4338 (9i)
2605 4267 2900 4330 ἀκούοντας
2932 4265 3206 4336 θειοτέρας
3251 4264 3432 4334 φωνῆς
3481 4264 3572 4316 καὶ
3603 4277 3720 4334 χρη-

2159 4359 2334 4430 σμῶν,
2375 4359 2467 4411 καὶ
2501 4359 2740 4430 ὁρῶντας
2775 4358 2886 4410 ἐσθ’
2917 4358 3004 4409 ὅτε
3039 4357 3133 4409 καὶ
3173 4355 3420 4424 ἀγγέλων
3455 4354 3588 4408 Θεοῦ
3621 4357 3720 4406 ἐπι-

2161 4449 2362 4522 δημίας
2393 4450 2764 4520 γεγενημένας
2795 4449 2930 4520 πρὸς
2965 4449 3179 4511 αὑτούς.
3219 4447 3328 4500 Καὶ
3355 4447 3466 4521 γὰρ
3507 4447 3646 4510 εἰκὸς
3675 4447 3720 4497 ὲν

2163 4545 2303 4614 ἀρχῇ
2330 4542 2423 4595 τοῦ
2453 4543 2657 4612 κόσμου
2687 4542 2778 4593 ἐπὶ
2808 4541 2989 4594 πλεῖον
3019 4539 3380 4610 βεϐαηθῆσθαι
3406 4539 3504 4610 τὴν
3533 4535 3717 4608 ἀνθρὼ-

2165 4651 2279 4687 πων
2321 4633 2482 4702 φύσιν
2525 4633 2658 4696 (92),
2690 4631 2813 4694 ἕως,
2858 4629 3140 4704 προκοπῆς
3169 4629 3464 4699 γενομένης
3501 4631 3578 4692 είς
3619 4628 3720 4681 σύν-

483 4739 582 4795 per
613 4737 671 4777 se
705 4723 804 4792 ipsi
847 4733 1068 4792 possent
1113 4725 1278 4778 vitam
1315 4724 1492 4785 tueri,
1527 4740 1627 4779 nec
1667 4733 1889 4794 egerent
1927 4737 2055 4776 cura

2165 4745 2298 4792 εσιν,
2351 4715 2445 4780 κάι
2489 4729 2587 4788 τὰς
2625 4724 2814 4788 λοιπὰς
2853 4723 3072 4795 ἀρετὰς,
3120 4724 3212 4776 καὶ
3241 4723 3339 4794 τὴν
3383 4723 3597 4794 εὕρεσιν
3635 4721 3720 4774 τῶν

484 4829 542 4874 et
580 4817 955 4871 moderatione
983 4832 1173 4872 eorum
1209 4816 1301 4870 Dei
1339 4818 1758 4881 ministrorum,
1803 4816 1894 4886 qui
1929 4815 2060 4885 ipsis

486 4911 605 4980 ejus
631 4911 910 4966 voluntate
939 4911 1335 4978 conspicabiles
1357 4925 1416 4966 se
1441 4913 1598 4966 modo
1619 4914 1850 4981 quodam
1883 4913 2060 4964 incre-

487 5003 636 5061 dibili
685 5005 1016 5074 praebebant.
1077 5003 1153 5056 Ex
1190 5004 1274 5058 his
1327 5011 1507 5056 autem
1560 5003 1812 5072 sequitur
1861 5005 2057 5058 falsum

487 5111 654 5163 esse,
697 5096 946 5150 homines
997 5110 1026 5147 a
1079 5093 1209 5150 feris
1253 5095 1410 5149 initio
1456 5108 1644 5166 captos
1670 5105 1726 5150 et
1773 5099 2064 5152 devoratus

489 5189 692 5255 fuisse,
743 5189 968 5243 minime
1006 5197 1187 5242 autem
1245 5185 1385 5243 feras
1421 5189 1488 5244 ab
1539 5189 1872 5244 hotninihus.
1927 5189 2064 5244 Hinc

564 5327 674 5395 (86)
707 5325 1044 5380 Ilmsclielius
1085 5335 1140 5380 et
1175 5323 1499 5395 Spencerns,
1549 5327 1628 5389 εἰς
1671 5323 1965 5396 γεωργίας,
2012 5336 2066 5379 et

490 5397 663 5470 paulo,
683 5407 823 5470 post,
849 5399 927 5470 εἰς
956 5396 1253 5470 γυμνάσια.

565 5465 865 5539 (87)lidem
903 5469 952 5520 in
989 5465 1252 5539 margine,
1305 5468 1505 5539 εὑρεῖν.
1558 5467 1682 5522 Mox
1737 5465 2060 5530 Philocalia,

490 5537 746 5610 δύνασθαι
775 5537 870 5590 καὶ
909 5537 1310 5610 καταχρῆσθαι.

563 5609 674 5680 (88)
709 5605 1126 5680 thscbelins'e't
1150 5605 1480 5678 Spencerus,
1507 5605 1914 5678 ὑφισταμένοις.
1937 5605 2065 5658 Phi-

492 5678 709 5742 loealia,
741 5678 1116 5747 ὑφιστάνουσι.

567 5751 681 5820 (89)
703 5744 876 5816 Αὑτῷ
908 5750 1261 5819 συγχωρεῖν.
1287 5748 1575 5806 Boltcrello
1605 5746 1948 5801 scribendum
1993 5744 2072 5797 vi-

497 5822 675 5894 detur,
709 5821 871 5894 αὐτόν
907 5825 1235 5894 συγχωρεῖν.
1364 5887 1395 5894 Δ
1480 5888 1492 5894 _
1733 5885 1774 5894 __
1895 5886 1908 5894 _
1965 5883 1997 5894 Π

574 5891 684 5964 (90)
709 5883 1326 5963 Ριιίιυουιιιὶζγὲνέσθαι.
1361 5887 1529 5946 Paulo
1566 5896 1689 5960 post
1731 5883 2072 5942 l‘lwschelius

2163 4820 2389 4891 τεχνῶν,
2414 4817 2679 4889 δυνηθῶσι
2706 4817 2796 4869 καὶ
2823 4815 2944 4868 καθ’
2971 4816 3190 4876 ἑαυτοὺς
3221 4814 3338 4884 ζῇν,
3371 4815 3432 4866 οὑ
3461 4814 3722 4885 χρῄζοντες

2164 4913 2250 4966 ἀεὶ
2279 4907 2762 4980 ἐπιτροπευόντων,
2803 4907 2892 4958 καὶ
2923 4904 3346 4975 οἰκονομούντων
3387 4906 3580 4968 αὑτοὺς
3607 4901 3724 4974 μετὰ

2165 4999 2469 5073 παραδόξου
2519 4997 2838 5066 ἐπιφανείας
2871 4995 2980 5048 τῶν
3025 4993 3483 5066 ὑπηρετουμένων
3527 4993 3600 5062 τῷ
3641 4987 3720 5044 τοῦ

2167 5093 2301 5148 Θεοῦ
2337 5091 2652 5163 βουλήματι.
2700 5087 3008 5142 Ἀκόλουθον
3029 5087 3084 5138 δὲ
3117 5085 3324 5146 τούτοις
3357 5085 3418 5137 τὸ
3448 5084 3628 5152 ψεῦδος
3657 5077 3720 5133 εί-

2170 5205 2278 5249 ναι,
2311 5187 2392 5238 ὅτι
2419 5185 2536 5238 κατ’
2564 5182 2738 5253 ἀρχὰς
2771 5179 3042 5250 ἄνθρωποι
3080 5178 3178 5247 μὲν
3213 5177 3316 5229 ὑπὸ
3347 5177 3548 5250 θηρίων
3573 5173 3720 5246 ἡρπὰο

2174 5323 2227 5375 in
2258 5331 2404 5374 textu
2443 5329 2497 5370 et
2539 5315 2854 5378 Philnralia,
2883 5312 3048 5366 θῶκοι
3078 5327 3174 5379 pro
3209 5310 3424 5364 θόωκοι.

2247 5393 2356 5460 (9i)
2393 5391 2537 5452 Τοὺς
2585 5374 2874 5460 πρ-ώζοινῤ.
2915 5374 3231 5460 Aildendum
3283 5382 3493 5434 videtur
3539 5374 3718 5460 ἀνθρώ-

2177 5453 2506 5526 πους,’‹μιο‹ί
2537 5453 2689 5510 facile
2721 5457 2819 5508 l'nit
2853 5467 2925 5526 ut
2946 5453 3227 5526 excideret
3257 5463 3477 5526 propter
3511 5455 3716 5526 εις-ιιιεηξ

2177 5521 2827 5586 totum‘simililmlinem.
2856 5524 3055 5576 Ibidem
3089 5523 3229 5584 apud
3277 5521 3628 5574 lltrschelium
3667 5525 3711 5567 et

2181 5603 2512 5666 Spencernm
2557 5605 2812 5662 corrupte
2854 5596 3068 5666 legitur,
3121 5591 3417 5666 ἀκούοντας
3473 5586 3712 5666 θειοτέρας

2182 5659 2384 5740 φωνῆς,
2413 5671 2507 5723 καὶ
2559 5659 3192 5740 χρησμόσινὼόρῶντας.
3244 5661 3355 5740 ξσθ⁹
3385 5663 3490 5714 ὅτε.
3523 5659 3709 5740 l’ra-stat

2182 5734 2342 5796 lectio
2379 5734 2686 5795 phum-gnua
2713 5734 2879 5808 quam
2905 5736 3230 5808 exhibemus
3256 5734 3492 5808 iu‘textu
3533 5737 3702 5808 nostra.

2243 5813 2364 5880 (9:2)
2403 5800 2750 5866 [locst-hellus
2775 5807 2826 5860 in
2861 5814 3028 5871 textu,
3066 5800 3535 5874 τήνδ“’ἀνθρώπων
3559 5800 3704 5866 Ιφύσιν.
