3898 6528
167 405 322 472 uss

1367 405 1646 462 CONTRA
1682 403 1960 460 CELSUM
2003 403 2130 458 LIB.
2169 402 2258 460 IV.

3311 401 3449 458 HM

163 535 334 599 ζοντο
371 533 467 588 καὶ
503 531 774 602 ἡσθίοντο,
812 529 977 602 θηρία
1022 528 1064 582 δ’
1105 526 1197 580 ὑπ’
1235 524 1536 598 ἀνθρώπων
1569 526 1770 595 ἥκιστα

1891 522 2036 576 niam
2066 530 2278 576 constat
2306 520 2502 593 falsum
2535 532 2656 574 esse
2680 517 2755 576 id.
2784 518 2924 586 quod
2955 516 3144 572 Celsus
3172 518 3247 572 ita
3272 525 3449 576 exuri-

161 625 456 697 ήλίσκετο.
510 625 605 678 Ἐκ
629 623 692 696 δὴ
723 622 928 676 τούτων
967 620 1217 694 φανερὸν,
1253 617 1548 688 ὃτιψεῦδος
1583 616 1677 669 καὶ
1705 615 1766 667 τὸ

162 717 283 770 ὑπὸ
323 717 420 773 τοῦ
472 715 680 770 Κέλσου
730 714 903 778 οῦτως
950 713 1273 783 λεγόμενον·
1321 729 1340 760 ι
1400 710 1561 762 Ὥστε
1595 706 1767 776 ταύτῃ

160 827 232 879 γε
255 812 287 864 ὁ
325 809 460 874 Θεὸς
486 811 613 874 τοὺς
652 808 974 880 ἀνθρώπους
1009 805 1208 878 μᾶλλον
1244 807 1355 866 τοῖς
1382 803 1591 875 θηρίοις
1635 800 1769 853 ὑπέ-

161 903 362 960 ϐαλεν.
409 923 428 956 ι
462 905 535 957 Οὐ
568 903 676 975 γάρ
718 901 954 956 ὑπέϐαλε
991 901 1119 963 τοὺς
1153 895 1474 970 ἀνθρώπους
1521 895 1634 957 τοῖς
1671 893 1768 962 θη·-

167 997 313 1068 ρίοις
337 999 368 1050 ό
395 995 546 1062 Θεὸς,
587 996 722 1051 ἀλλά
754 998 820 1066 τῇ
866 993 1080 1047 συνέσει
1115 990 1223 1044 τῶν
1257 988 1559 1060 ἀνθρώπων
1587 983 1769 1040 ἁλωτά

160 1090 412 1143 δέδωκεν
444 1085 582 1143 εἶναι
621 1089 688 1142 τά
717 1087 902 1160 θηρία,
936 1087 1030 1141 καὶ
1060 1086 1180 1148 ταῖς
1206 1083 1313 1138 ἀπὸ
1349 1081 1616 1142 συνέσεως
1648 1078 1772 1147 ὑφι-

165 1183 478 1254 σταμέναις
528 1184 644 1236 κατ’
683 1180 908 1234 ἐκείνων
941 1179 1171 1249 τέχναις.
1219 1176 1293 1229 Οὐ
1319 1175 1429 1246 γὰρ
1458 1171 1607 1227 ἀθεεὶ
1637 1172 1772 1241 ἐμη-

162 1276 488 1347 χανήσαντο
524 1274 704 1343 σφίσιν
731 1273 917 1334 αὐτοῖς
950 1272 998 1323 οἰ
1035 1269 1310 1339 ἄνθρωποι
1351 1263 1624 1336 σωτηρίαν
1659 1263 1770 1333 (95)

165 1366 286 1419 ἀπὸ
312 1367 427 1419 τῶν
452 1364 689 1438 θηρίων,
732 1365 826 1418 καί⁸
849 1362 947 1433 τὴν
977 1362 1098 1415 κατ’
1134 1359 1359 1413 ἐκείνων
1395 1356 1768 1427 ἐπικράτειαν.

243 1460 364 1528 Οὐχ
412 1458 551 1530 ὁρῶν
605 1458 649 1510 δ’
700 1459 728 1510 ὁ
789 1454 1067 1524 γεννάδας,
1125 1453 1265 1505 ὅσων
1318 1449 1622 1519 φιλοσόφων
1675 1447 1774 1517 τὴν

165 1553 451 1623 Πρόνοιαν
484 1548 937 1618 εἰσαγόντων-καὶ
967 1544 1055 1599 διά
1079 1544 1150 1596 τά
1171 1542 1364 1610 λογικά
1394 1541 1570 1594 πάντα
1601 1539 1773 1590 ποιεῖν

165 1644 354 1714 αὐτὴν
407 1642 691 1710 λεγόντων,
753 1639 1066 1710 συναναιρεῖ
1113 1636 1194 1703 (τὸ
1237 1636 1360 1687 ὅσον
1405 1632 1489 1701 ἐφ’
1525 1629 1772 1700 ὲαυτῷ,)

165 1739 435 1810 χρήσιμα
476 1735 722 1804 δόγματα
749 1736 826 1807 ,τῇ
861 1728 1204 1802 Χριστιανῶν
1249 1727 1389 1782 κατά
1429 1723 1599 1778 ταῦτα
1641 1722 1774 1794 πρὸς

169 1826 505 1897 φιλοσοφίαν
537 1842 598 1877 συ
609 1823 823 1895 μυφωνίᾳ
852 1822 963 1892 (94)
986 1838 998 1851 ·
1032 1820 1140 1873 οὐδ’
1169 1819 1267 1889 ὅση
1307 1816 1478 1888 βλάϐη
1501 1814 1775 1884 κωλυτικὴ

165 1921 393 1990 γίνεται
448 1917 725 1980 εὐσεϐείας
775 1918 838 1968 ὲκ
891 1914 985 1966 τοῦ
1037 1909 1443 1984 παραδέξασθαι
1489 1909 1571 1961 ὅτι
1619 1906 1774 1960 οὐδὲν

171 2013 498 2084 μυρμήκων
523 2009 556 2080 ἢ
591 2007 855 2079 μελισσῶν
885 2005 1131 2076 διαφέρει
1154 2006 1181 2056 ὁ
1207 2002 1492 2073 ἄνθρωπος
1516 1998 1668 2070 παρὰ
1697 1997 1774 2068 τῷ

167 2104 324 2176 Θεῷ,
365 2106 552 2174 φησὶν,
588 2106 688 2166 ὅτι,
731 2121 748 2152 ι
787 2103 850 2154 Εἰ
882 2101 973 2154 διά
1013 2098 1158 2152 τοῦθ’
1193 2099 1242 2151 οἱ
1276 2097 1549 2168 ἄνθρωποι
1586 2094 1774 2162 διαφέ-

172 2217 302 2270 ρειν
335 2197 553 2250 δοκοῦσι
584 2195 690 2248 τῶν
733 2194 970 2260 ἀλόγων,
1007 2193 1128 2244 ἐπεὶ
1169 2191 1353 2253 πόλεις
1385 2187 1607 2258 ᾤκησαν
1643 2186 1774 2257 (95),

169 2291 273 2343 καὶ
313 2288 552 2361 χρῶνται
589 2287 851 2357 πολιτείᾳ,
897 2285 993 2352 καὶ
1036 2284 1251 2355 ἀρχαῖς,
1287 2283 1380 2333 καὶ
1419 2277 1775 2349 ἡγεμονίαις⁹

168 2380 330 2434 τοῦτ’
361 2380 514 2433 οὐδὲν
537 2378 670 2449 πρὸς
691 2377 818 2439 ἔπος
849 2376 986 2440 ἐστὶ,
1021 2377 1114 2428 καὶ
1135 2376 1243 2444 γαρ
1280 2375 1327 2425 οἱ
1367 2371 1653 2442 μύρμηκες
1686 2368 1780 2422 καὶ

173 2476 233 2527 αἱ
265 2473 528 2544 μέλισσαι
549 2471 678 2542 (96).
703 2470 999 2532 Μελίσσαις
1016 2468 1146 2536 γοῦν
1170 2469 1316 2518 ἐστιν
1332 2462 1572 2534 ἡγεμών·
1601 2462 1716 2515 ἐστὶ
1736 2461 1780 2513 δ’

173 2564 484 2619 ἀκολουθία
501 2581 557 2616 τε
579 2565 673 2616 καὶ
692 2561 978 2635 θεραπεία,
1005 2560 1098 2614 καί⁵
1119 2559 1363 2628 πόλεμοι,
1391 2557 1485 2610 καὶ
1500 2556 1664 2617 νίκαι,
1687 2555 1782 2608 καὶ

173 2659 299 2712 τῶν
311 2656 633 2729 ἡττημένων
649 2656 887 2727 αἱρέσεις
906 2655 1037 2723 (97),
1056 2653 1150 2706 καὶ
1163 2652 1366 2714 πόλεις,
1383 2650 1474 2704 καὶ
1492 2648 1782 2720 προπόλεις

175 2765 267 2819 γε,
305 2750 402 2802 καὶ
430 2748 607 2819 ἔργων
637 2746 876 2816 διαδοχὴ,
915 2744 1007 2796 καὶ
1030 2743 1176 2796 δίκαι
1212 2741 1351 2794 κατά
1378 2739 1485 2792 τῶν
1509 2736 1695 2809 ἀργῶν
1722 2753 1782 2789 τε

178 2841 283 2896 καὶ
311 2839 570 2912 πονηρῶν
594 2855 606 2868 °
632 2839 759 2901 τοὺς
787 2837 916 2910 γοῦν
942 2837 1190 2907 κηφῆνας
1215 2829 1578 2888 ἀπελαύνουσί
1601 2846 1662 2882 τε
1689 2828 1785 2882 καὶ

182 2933 541 2996 κολάζουσιν.
587 2950 604 2982 ι
649 2931 770 2984 Οὐδ’
814 2932 870 2984 ἐν
910 2927 1120 2991 τούτοις
1163 2926 1218 2980 δὲ
1262 2924 1493 2995 ἑώρακε,
1526 2921 1632 2974 τίνι
1673 2921 1787 2974 δια-

181 3024 348 3095 φέρει
383 3023 453 3077 τὰ
486 3021 594 3075 ἀπὸ
625 3020 785 3089 λόγου
828 3021 923 3072 καὶ
950 3014 1212 3088 λογισμοῦ
1252 3013 1360 3086 (98)
1391 3010 1785 3081 ἐπιτελούμενα

179 3117 297 3170 τῶν
328 3116 430 3170 ἀπ’
456 3115 650 3183 ἀλόγου
684 3113 899 3184 φύσεως
930 3114 1025 3165 καὶ
1062 3109 1408 3178 κατασκευῆς
1440 3105 1602 3176 ψιλῆς
1632 3121 1782 3170 γινο-

187 3211 399 3281 μένων.
435 3203 536 3260 τΩν
579 3207 676 3279 τὴν
721 3207 900 3259 αἰτίαν
946 3205 1123 3266 οὐδεὶς
1170 3203 1266 3274 μὲν
1314 3199 1635 3271 ἐνυπάρχων
1673 3201 1784 3261 τοῖς

185 3302 413 3356 ⁴ισεοιοῦσι
456 3300 613 3368 λόγος
641 3299 959 3368 ἀναδέχεται
979 3315 991 3326 ·
1043 3295 1164 3351 οὐδὲ
1199 3295 1308 3366 γὰρ
1341 3292 1555 3362 ἔχουσιν
1585 3290 1746 3344 αὐτόν
1766 3307 1778 3320 ο

184 3396 214 3447 ὁ
246 3391 632 3467 πρεσϐύτατος
656 3393 714 3446 δὲ
744 3392 839 3445 καὶ
867 3389 997 3452 Υἱὸς
1031 3388 1130 3459 μὲν
1166 3387 1258 3441 τοῦ
1289 3385 1445 3450 Θεοῦ,
1479 3384 1695 3438 πάντων
1726 3382 1784 3435 δὲ

184 3485 297 3539 τῶν
330 3483 714 3554 ὑποκειμένων
755 3481 1026 3552 βασιλεὺς,
1061 3480 1221 3548 φύσιν
1259 3478 1450 3546 ἄλογον
1492 3476 1782 3545 πεποίηκε,

189 3577 502 3650 βοηθοῦσαν
540 3577 616 3639 ὼς
656 3575 848 3641 ἄλογον
878 3577 989 3637 τοῖς
1025 3571 1302 3638 ἀξιωθεῖσι
1333 3570 1491 3638 λόγου
1526 3568 1658 3641 (99).
1688 3567 1787 3620 Πό-

188 3667 306 3730 λεις
334 3662 433 3720 οῦν
465 3669 597 3740 παρ’
620 3666 928 3738 ἀνθρώποις
962 3662 1100 3735 μετά
1128 3661 1338 3715 πολλῶν
1367 3661 1680 3730 ὑπέστησαν
1707 3677 1788 3712 τε·

186 3761 340 3834 χνῶν
373 3760 470 3814 καὶ
499 3758 794 3824 διατάξεως
815 3758 1024 3828 νόμων·
1057 3754 1324 3808 πολιτεῖαι
1357 3752 1434 3817 δὲ,
1465 3752 1558 3805 καὶ
1596 3752 1784 3823 ἀρχαὶ,

190 3855 290 3908 καὶ
337 3852 629 3925 ἡγεμονίαι
671 3853 728 3904 ὲν
765 3847 1075 3921 ἀνθρώποις
1119 3847 1238 3916 ἦτοι
1287 3843 1343 3896 αἳ
1391 3842 1596 3914 κυρίως
1648 3842 1785 3894 εἰσὶν

190 3946 340 4001 οὕτω
365 3943 720 4015 καλούμεναι,
745 3941 1029 3995 σπουδαῖαί
1051 3955 1195 4001 τινες
1223 3936 1362 4003 ἕξεις
1386 3937 1478 3988 καὶ
1494 3934 1783 4006 ἐνέργειαι,

193 4043 227 4112 ἢ
253 4040 354 4094 καὶ
375 4039 432 4093 αἱ
452 4034 932 4109 καταχρηστικιίηε
941 4051 1030 4106 ρον
1047 4031 1220 4093 οὕτως
1239 4027 1632 4100 ὀνομαζόμεναι
1652 4025 1788 4099 πρὸς

193 4133 329 4200 τὴν,
377 4130 520 4183 κατά
566 4128 627 4181 τὸ
670 4127 922 4190 δυνατὸν,
969 4125 1193 4178 ἐκείνων
1241 4121 1504 4192 μίμησιν·
1553 4119 1787 4181 ἐκείναις

195 4225 310 4296 γάρ
342 4221 637 4293 ἐνορῶντες
664 4223 710 4273 οἱ
733 4215 1297 4288 ἐπιτετευγμένως·(1)
1328 4212 1788 4284 νομοτεθὴσαντες

201 4315 604 4383 συνεστήσαντο
633 4315 731 4375 τὰς
758 4312 984 4382 ἀρίστας
1015 4308 1310 4373 πολιτείας,
1345 4306 1439 4357 καὶ
1467 4303 1565 4367 τάς
1589 4302 1785 4374 ἀρχὰς,

199 4409 296 4462 καὶ
345 4407 447 4470 τὰς
481 4407 790 4478 ἡγεμονίας.
828 4400 926 4457 Ὧν
955 4403 1108 4457 οῦδὲν
1138 4404 1194 4454 ὲν
1236 4403 1345 4463 τοῖς
1377 4398 1590 4466 ἀλόγοις
1640 4399 1788 4450 ἐστὶν

200 4502 388 4572 εὑρεῖν
408 4516 422 4531 ο
455 4500 556 4553 κᾶν
583 4502 611 4552 ὁ
642 4500 847 4561 Κέλσος
875 4497 944 4550 τά
971 4494 1166 4563 λογικά
1195 4493 1431 4562 ὀνόματα
1464 4490 1540 4560 (9.)
1572 4490 1665 4542 καὶ
1696 4490 1789 4542 ἐπὶ

201 4592 443 4662 λογικῶν
470 4592 798 4663 τεταγμένα,
829 4591 1004 4653 πόλιν,
1035 4589 1130 4642 καὶ
1155 4585 1452 4647 πολιτείας,
1474 4583 1570 4635 καὶ
1593 4582 1788 4654 ἀρχὰς,
1823 4617 1865 4671 D

203 4687 302 4737 καί
332 4684 666 4755 ⁴ἡγεμονίας,
701 4683 946 4754 ἀναφέρῃ
981 4682 1074 4734 καὶ
1105 4680 1196 4733 ἐπὶ
1237 4677 1531 4750 μύρμηκας
1564 4675 1655 4727 καὶ
1691 4691 1789 4744 με-

202 4778 436 4840 λίσσας·
473 4778 558 4845 ἐφ’
590 4771 672 4839 οἷς
711 4775 960 4846 οὐδαμῶς
998 4777 1095 4845 μὲν
1136 4773 1260 4835 τοὺς
1297 4769 1588 4841 μύρμηκας
1626 4768 1659 4837 ἢ
1694 4765 1793 4830 τὰς

208 4871 478 4942 μελίσσας
515 4869 856 4932 ἀποδεκτέον,
891 4868 950 4920 οὺ
995 4867 1105 4937 γὰρ
1140 4867 1234 4918 σὺν
1268 4861 1510 4932 λογισμῷ
1550 4859 1788 4914 ποιοῦσι·

204 4965 309 5037 τὴν
358 4964 510 5017 θείαν
554 4963 609 5016 δὲ
642 4961 800 5032 φύσιν
843 4959 1203 5030 θαυμαστέον,
1249 4955 1408 5026 μέχρι
1436 4955 1543 5007 τῶν
1585 4953 1795 5020 ἀλόγων

209 5060 533 5114 ὲκτείνασαν
565 5059 626 5112 τὸ
656 5056 818 5110 οἱονεὶ
857 5054 996 5127 πρὸς
1027 5050 1096 5105 τά
1135 5050 1329 5118 λογικά
1356 5049 1605 5118 μίμημα.
1642 5045 1796 5114 Τάχα

211 5152 355 5224 πρὸς
385 5151 660 5205 δυσωπίαν
691 5149 800 5203 τῶν
831 5145 1063 5216 λογικῶν
1083 5162 1095 5174 ·
1145 5144 1209 5196 ἶν’
1242 5140 1535 5212 ἐνορῶντες
1575 5137 1794 5208 μύρμη-

292 5267 408 5336 (93)
433 5265 750 5336 Philocalia,
783 5262 1078 5336 σωτηρίας,

293 5323 408 5401 (943
439 5323 772 5390 ηαξεριιειίιιε
816 5345 868 5385 et
909 5323 1504 5401 gpeucerus,_8éyuata
1551 5323 1618 5401 τῇ
1651 5323 1791 5401 Χριτ

218 5391 456 5462 «invii»
479 5405 620 5459 κατὰ
634 5404 807 5458 ταῦτα
830 5391 967 5472 πρὸς
997 5397 1310 5472 φιλοσοφίαν
1324 5391 1652 5472 ζσυμφωνία.
1689 5391 1796 5472 ξω]

139 5519 142 5524 -
220 5480 452 5542 Philoc.,
483 5477 726 5548 δόγματα
756 5462 1093 5546 Χριστιανῶν
1126 5462 1220 5522 καίι
1251 5462 1428 5519 ταῦτα
1454 5462 1616 5532 πρὸς
1642 5462 1794 5532 φιλο-

220 5549 416 5617 σοφίαν
450 5546 731 5618 σύμφωνα.

297 5613 407 5688 (95')
449 5613 807 5688 Hdas‘chelius,
841 5613 1070 5688 ᾤκισαν.

299 5671 409 5753 ἱθθδ
440 5671 548 5743 Kal
577 5690 634 5740 al
661 5671 967 5757 μέλίσὸάι.
1003 5681 1162 5736 Forte
1204 5675 1554 5757 supplendum
1595 5671 1793 5756 ταυτδν

224 5745 462 5823 ποίοῦσι,
498 5761 577 5813 vel
609 5745 1061 5813 suibamfiendum,
1094 5750 1290 5823 utvult
1315 5747 1563 5823 Quietus,
1592 5745 1793 5815 ἀρχαῖς

226 5833 323 5885 καὶ
348 5818 946 5914 ηγεμονίαιςλρῶνται,
978 5823 1059 5906 vel
1093 5819 1218 5904 quid
1243 5818 1437 5914 simile.

302 5881 412 5967 tui}
432 5881 751 5960 ιδιιιιόεεὶιίέιζ
778 5881 1123 5967 ἡττωμένων’
1151 5890 1407 5967 αἱρέσεις.
1460 5884 1598 5940 Nota
1629 5881 1793 5967 ,αἱρέ-

231 5959 348 6036 σεις
374 5957 478 6028 hoc
519 5971 637 6026 loco
664 5957 812 6026 Sinni
855 5957 950 6038 pro
999 5957 1475 6023 internecionibus,
1530 5957 1785 6011 caedibus.

1871 615 2004 666 mit:
2041 631 2060 663 ι
2086 612 2159 665 Ita
2201 621 2258 664 ut
2311 611 2411 664 hac
2445 618 2602 677 parte
2639 608 2779 662 Deus
2811 609 3063 663 homines
3098 611 3283 673 potius
3315 611 3447 664 feris

1869 703 2181 772 subiecerit.
2209 721 2227 754 ι
2262 701 2450 769 Neque
2483 701 2626 754 enim
2661 702 2801 754 Deus
2829 701 3074 754 homines
3104 699 3234 754 feris
3270 700 3454 768 subje-

1869 797 1964 859 cit;
1999 796 2092 850 sed
2127 795 2439 848 hominibus
2470 792 2639 853 dedit,
2671 802 2725 843 ιιι
2750 806 2846 844 sua
2876 791 3098 845 solertia
3127 793 3451 860 artibusque

1870 887 1938 940 ab
1959 904 2019 939 ea
2047 896 2236 941 contra
2268 886 2412 938 feras
2441 885 2770 954 escogitatis
2793 884 3018 937 domare
3038 893 3256 952 possent
3283 883 3449 940 feras.

1871 978 2002 1032 Nam
2028 995 2130 1032 non
2157 977 2276 1032 sine
2297 977 2478 1030 divina
2501 991 2605 1045 ope
2634 976 2956 1030 invenerunt
2979 975 3227 1030 homines
3247 976 3449 1046 quibus

1873 1071 2048 1124 modis
2085 1077 2155 1123 se
2182 1085 2209 1122 a
2253 1067 2386 1122 feris
2421 1075 2747 1136 prmstarent
2798 1067 3102 1124 incolumes
3127 1107 3144 1135 ,
3187 1077 3242 1122 et
3273 1069 3324 1123 in
3353 1083 3452 1124 eas

1875 1161 2158 1231 imperium
2190 1168 2545 1226 usurparent.-

1944 1423 2034 1479 8l.
2069 1421 2174 1478 Sed
2221 1439 2326 1477 non
2361 1420 2745 1478 animadvertit
2780 1422 2865 1476 vir
2896 1423 3000 1477 iste
3029 1422 3284 1493 egregius
3322 1431 3456 1494 quo!

1874 1515 2215 1588 pliilOSOpbis
2253 1514 2656 1570 Providentiam
2699 1516 3076 1574 asserentibus
3101 1517 3450 1572 docentibus-

1874 1623 1981 1678 que
2009 1609 2080 1664 ab
2107 1624 2172 1663 ea
2207 1608 2351 1663 facta
2381 1622 2504 1663 esse
2542 1607 2726 1664 omnia
2765 1617 2990 1678 propter
3019 1619 3246 1664 naturas
3279 1611 3449 1665 ratio-

1876 1703 1962 1756 nis
2011 1702 2347 1771 participes,
2402 1702 2692 1756 evertenda
2723 1740 2738 1766 ,
2796 1712 3056 1771 quantum
3108 1702 3162 1757 in
3216 1717 3276 1758 se
3325 1715 3452 1770 est,

1877 1793 2186 1847 Christiana
2220 1791 2510 1857 doctrina,
2549 1791 2749 1846 evertit
2778 1792 2941 1846 simul
2977 1792 3129 1847 utilia
3161 1795 3414 1864 dogmata
3435 1836 3451 1861 ,

1810 1877 1850 1932 Β
1878 1885 1932 1940 in
1960 1886 2158 1954 quibus
2186 1883 2465 1941 tradendis
2500 1884 2587 1939 illa
2614 1900 2738 1940 cum
2770 1885 3110 1956 philosophia
3137 1891 3452 1953 consentit;

1879 1993 2053 2047 neque
2103 1977 2240 2033 vidit
2275 1985 2538 2046 quantum
2588 1978 2782 2046 pietati
2840 1987 3037 2033 noceat
3086 1980 3204 2035 inec
3248 1983 3454 2049 opinio,

1880 2071 2148 2126 interesse
2192 2070 2329 2139 apud
2371 2069 2541 2125 Deum
2577 2070 2716 2124 nihil
2757 2070 3032 2126 hominem
3070 2073 3213 2126 inter
3255 2082 3313 2137 et
3339 2071 3454 2127 for-

1879 2163 2050 2216 micas
2084 2173 2176 2217 aut
2204 2177 2354 2232 apes.
2398 2159 2490 2216 Sic
2519 2162 2666 2216 enim
2718 2162 2842 2220 ille:
2888 2182 2907 2216 ι
2945 2162 3002 2219 Si
3043 2177 3328 2235 propterea
3361 2166 3460 2220 ho-

1880 2255 2056 2310 mines
2100 2269 2130 2308 a
2167 2253 2356 2311 bestiis
2387 2253 2700 2324 discrepare
2733 2255 2990 2310 videntur
3016 2297 3032 2321 ,
3068 2260 3213 2326 quod
3254 2257 3329 2312 illi
3365 2271 3460 2311 ur-

1881 2346 1976 2400 bes
2028 2346 2314 2414 incolunt,
2370 2348 2579 2418 legibus
2639 2357 2900 2414 utuntur,
2949 2349 3050 2402 sibi
3107 2348 3460 2419 magistratus

1880 2438 2160 2508 ducesque
2199 2440 2538 2509 praeficiunt:
2580 2440 2754 2494 inanis
2782 2455 3006 2509 prorsus
3035 2450 3120 2494 est
3148 2443 3249 2494 ista
3295 2442 3455 2496 ratio.

1881 2528 2024 2584 idem
2055 2530 2198 2584 cnim
2224 2530 2436 2586 faciunt
2458 2542 2513 2586 et
2541 2532 2784 2586 formica:
2815 2543 2872 2585 et
2901 2547 3049 2601 apes.
3078 2531 3281 2585 llarum
3311 2548 3460 2588 certe

1884 2635 1981 2674 rex
2011 2629 2114 2684 cst,
2151 2635 2315 2687 quem
2348 2622 2702 2687 comitantur,
2736 2636 2897 2687 quem
2934 2622 3158 2689 colunt;
3190 2625 3331 2692 apud
3363 2641 3462 2679 eas

1884 2715 2022 2768 bella
2043 2755 2058 2778 ,
2086 2716 2334 2770 victoriae
2356 2756 2372 2782 ,
2405 2716 2672 2770 victorum
2707 2717 3150 2785 interneciones;
3188 2717 3260 2770 ibi
3293 2721 3457 2773 urbes

1883 2816 1938 2860 et
1965 2805 2248 2877 suburbia,
2276 2822 2612 2877 operumque
2635 2806 2782 2861 vices
2806 2821 2820 2871 ;
2857 2822 3035 2877 pmua'
3061 2809 3224 2862 etiam
3251 2809 3463 2879 ignavis

1884 2909 1941 2953 et
1973 2899 2130 2980 malis
2157 2897 2396 2953 inflictae.
2422 2898 2586 2954 Certe
2613 2897 2766 2953 fucos
2790 2899 3020 2968 abigunt
3045 2910 3099 2954 et
3129 2903 3457 2960 trucidant.»

1885 2988 1965 3044 Ex
2000 2983 2083 3043 his
2124 2991 2296 3060 liquet
2330 2989 2479 3043 illum
2527 2989 2810 3058 ignorasse
2855 2991 2983 3058 quid
3029 2992 3101 3046 sit
3129 2992 3464 3049 discriminis

1887 3081 2030 3136 inter
2058 3082 2286 3136 rationis
2313 3081 2660 3152 solertiazque
2693 3096 2884 3152 Opera,
2917 3091 2970 3135 et
2997 3096 3087 3144 ea,
3120 3099 3238 3153 quae
3268 3096 3461 3140 natura

1889 3174 2053 3246 564
2073 3174 2304 3229 rationis
2326 3183 2550 3244 experte
2582 3183 2638 3228 et
2661 3172 2894 3242 simplici
2921 3176 3464 3230 machinamentorum

1813 3255 1854 3312 (ἶ
1888 3267 2294 3325 constructione
2324 3267 2478 3321 fiunt.
2512 3266 2752 3332 Quorum
2785 3279 3014 3335 operum
3047 3282 3214 3321 causa
3247 3277 3469 3339 nonest

1891 3361 1998 3416 ulla
2048 3361 2187 3414 ratio
2216 3374 2335 3428 qua:
2382 3358 2733 3428 operantibus
2780 3358 2948 3423 insit;
2994 3372 3115 3412 eam
3152 3361 3297 3412 cnim
3351 3374 3462 3414 non

1890 3456 2090 3510 habent
2120 3471 2133 3506 :
2175 3452 2269 3509 sed
2302 3451 2742 3520 antiquissimus,
2774 3449 2872 3504 Dei
2901 3451 3122 3520 quidem
3150 3450 3341 3517 Filius,
3374 3466 3488 3508 τοι·

1893 3562 2011 3600 rum
2062 3556 2241 3600 autem
2277 3546 2522 3598 omnium
2576 3558 2672 3598 rex
2717 3553 2966 3597 naturam
2996 3543 3272 3611 condidit,
3304 3560 3424 3614 qua:
3450 3587 3464 3612 ,

1891 3638 2018 3693 licet
2071 3635 2301 3690 rationis
2329 3648 2525 3704 expers
2546 3671 2562 3697 ,
2614 3632 2682 3688 iis
2729 3640 2908 3688 tamen
2944 3633 3195 3698 inservit,
3227 3649 3350 3704 qua:
3379 3635 3467 3691 di-

1892 3741 2053 3803 gnata
2083 3738 2210 3785 sunt
2243 3727 2469 3783 ratione.
2504 3724 2693 3795 Itaque
2725 3727 2868 3794 apud
2894 3727 3143 3782 homines
3177 3728 3466 3782 multarum

1893 3826 2095 3880 artium
2141 3820 2458 3876 inventione
2487 3827 2540 3873 et
2570 3818 2749 3888 legum
2785 3817 3178 3874 constitutione
3211 3829 3472 3876 constant

1892 3919 2098 3980 urbes;
2133 3925 2189 3969 et
2220 3914 2362 3968 inter
2397 3911 2518 3966 illos
2547 3910 2661 3965 haec
2696 3909 2940 3975 nomina,
2980 3913 3258 3982 regimen,
3299 3913 3471 3982 magi-

1893 4021 2100 4067 stratus
2124 4047 2140 4074 ,
2183 4007 2516 4078 imperium,
2547 4014 2643 4059 aut
2685 4006 2906 4075 proprie
2953 4005 3266 4073 significant
3298 4008 3472 4061 bonas

1894 4103 2061 4158 animi
2111 4098 2427 4154 affectiones
2475 4101 2869 4168 actionesque;
2915 4106 3012 4150 aut
3064 4097 3131 4152 iis
3173 4099 3473 4154 abutuntur

1894 4197 2142 4251 homines
2167 4193 2232 4246 ad
2253 4192 2666 4259 exprimendum
2684 4189 2950 4260 quidquid
2972 4191 3037 4243 ad
3061 4205 3272 4252 earum,
3289 4191 3470 4259 quoad

1896 4291 2012 4346 fieri
2044 4288 2240 4359 potuit,
2274 4285 2632 4339 imitationem
2666 4283 2868 4336 factum
2899 4291 3002 4338 est.
3028 4281 3152 4335 Illas
3181 4283 3325 4335 enim
3358 4298 3472 4352 pra;

1895 4383 2068 4438 oculis
2100 4381 2370 4435 habebant
2393 4378 2582 4447 optimi
2608 4375 2970 4445 lcgislatores,
2995 4390 3119 4428 cum
3138 4371 3472 4440 juSIissimas

1895 4479 2041 4548 leges
2069 4473 2328 4536 tulerunt,
2363 4470 2718 4540 magistratus
2762 4477 3052 4532 crearunt,
3085 4468 3250 4522 duces
3279 4463 3473 4533 praefe-

1896 4578 2110 4626 cerunt.
2157 4567 2404 4634 Quorum
2457 4564 2590 4618 nihil
2635 4562 2774 4633 apud
2821 4562 3030 4616 bestias
3073 4561 3314 4616 invenire
3350 4570 3467 4620 est;

1899 4662 2113 4722 tametsi
2134 4661 2326 4717 Celsus
2347 4656 2588 4714 formicis
2608 4665 2664 4709 et
2688 4657 2879 4726 apibus
2902 4651 3275 4708 accommodet
3297 4652 3470 4719 urbis,

1900 4756 2199 4828 regimiuis,
2227 4754 2580 4823 magistratus
2612 4759 2668 4802 et
2697 4747 2850 4802 ducis
2880 4745 3123 4806 nomina,
3151 4758 3273 4814 qua:
3302 4744 3472 4797 ratio-

1901 4866 2023 4906 nem
2060 4850 2294 4902 iunuuut
2339 4854 2394 4898 et
2463 4841 2679 4897 nonnisi
2711 4840 2924 4894 naturis
2970 4838 3183 4891 ratione
3235 4835 3472 4904 praeditis

1901 4942 2248 5000 conveniunt.
2285 4940 2358 4992 De
2391 4938 2459 4992 iis
2489 4949 2831 5004 nequaquam
2884 4931 3166 4985 laudandae
3197 4937 3321 4983 sunt
3362 4927 3474 4981 for-

1904 5038 2059 5094 micae
2090 5045 2185 5088 aut
2213 5047 2366 5102 apes,
2406 5047 2528 5085 cum
2565 5029 2682 5083 haec
2713 5027 2831 5081 sine
2866 5025 3076 5079 ratione
3103 5023 3335 5076 faciant:
3376 5021 3470 5075 sed

1904 5127 2166 5186 admirari
2196 5135 2408 5196 Oportet
2435 5122 2808 5184 Divinitatem,
2837 5132 2954 5186 qua:
2976 5115 3138 5168 etiam
3168 5115 3338 5169 brutis
3361 5112 3476 5165 ani-

1898 5241 2051 5298 Haud
2081 5241 2194 5295 scio
2224 5255 2288 5292 an
2325 5236 2454 5290 alibi
2486 5233 2787 5302 reperiatur
2811 5231 2928 5300 pari
2958 5225 3474 5297 significatu.Forte

1907 5315 2073 5369 etiam
2114 5309 2478 5372 scribendum,
2507 5303 2872 5374 καθαιρέσεις.

2115 5361 2547 5456 Ῑίαέεειιθιῇιέει
2572 5361 2896 5443 δροίιοοτιιε,
2927 5368 3175 5448 λογικῆς,
3209 5367 3303 5420 sed
3344 5361 3474 5417 Phi-

1899 5442 2110 5514 loealiu,
2143 5447 2425 5518 λογισμοῦ.
2580 5442 2626 5518 ς
2998 5442 3044 5518 -’

1975 5503 2461 5593 ζθθγηωεωξειμω
2490 5525 2553 5593 et
2575 5514 2907 5593 Spencerns,
2937 5512 3048 5593 τοῖς
3079 5509 3177 5588 οὐκ
3197 5503 3473 5593 ἀιξιωθεῖσι

1901 5579 2089 5679 λόγουί⁹
2110 5595 2204 5648 sed
2233 5605 2266 5642 a
2299 5587 2590 5643 Philocalia
2620 5579 2786 5638 'recte
2831 5585 2982 5636 abest
3014 5579 3275 5650 particula
3306 5590 3474 5641 nega-

1899 5679 2390 5807 tl"(ei)ml)’,lfilocalia,
2419 5723 2878 5807 ἐπιτεταγμέναις.
2913 5720 3030 5774 Mox
3061 5714 3399 5807 llmschelius
3423 5712 3475 5766 in

1901 5786 2560 5874 ιθιξίιίξνομοτεθήσαντες
2587 5786 2695 5850 καῖ’
2711 5786 3037 5874 συνέστησαν
3062 5791 3159 5854 τὰς
3191 5786 3441 5858 ἀρίστας.

1971 5866 2415 5950 (2)Ἠ(έεοιιοιίἱιδ
2446 5871 2499 5926 in
2531 5879 2700 5935 textu,
2731 5866 3004 5937 νοήματα.
