3840 6412
504 349 642 406 H55

1946 347 2203 405 ORIGEN
2212 349 2273 404 IS

3597 357 3705 412 “56

496 466 771 522 mantibus
805 466 1095 535 quamdam
1118 467 1272 536 quasi
1312 467 1599 537 imaginem
1626 466 1854 521 rationis
1880 466 2035 537 largit

2174 467 2254 532 ξιν
2317 464 2738 537 ἑργατικὼτεροι
2790 467 3081 536 γίνωνται,
3128 468 3222 522 καὶ
3272 473 3707 545 ταμιευτικὼτεροι

491 572 610 625 est,
647 560 810 628 idque
851 560 1081 613 fortasse
1120 562 1186 612 ad
1224 560 1588 614 incutiendum
1622 560 1931 614 hominibus
1963 575 2065 629 pu-

492 654 718 716 dorem;
755 662 813 706 ιιι
850 652 1319 707 formicasintuiti
1356 664 1409 706 et
1437 653 1825 707 laboriosiores
1850 652 2065 717 ﬁerent,

489 758 546 800 et
573 760 751 799 rerum
780 745 881 797 sibi
909 744 1120 797 utilium
1155 744 1470 812 parciores;
1504 759 1633 814 apes
1663 760 1793 798 vero
1823 752 2068 797 contem-

2172 558 2281 611 τῶν
2329 560 2539 621 ἑαυτοῖς
2594 557 2901 631 χρησίμων,
2955 561 3339 625 κατανοοῦντές
3388 580 3445 615 τε
3493 558 3739 634 μελίσσας⁶

2175 650 2469 703 πείθωνται
2498 649 2595 719 μὲν
2620 651 2846 721 ἡγεμόνι
2877 653 2973 723 (5),
2999 652 3311 725 διαιρῶνται
3338 654 3393 708 δὲ
3418 656 3482 708 τὰ
3505 660 3710 730 χρήσιμα

2171 742 2271 811 τῆς
2300 743 2574 807 πολιτείας
2608 744 2745 815 ἔργα
2773 744 2908 813 πρὸς
2943 744 3214 815 σωτηρίαν
3245 745 3352 798 τῶν
3385 746 3596 801 πόλεων.

492 838 617 907 plati
657 838 782 891 inde
811 835 1083 889 discerent
1127 842 1183 889 et
1234 834 1598 901 potestatibus
1646 849 1840 905 parere
1866 873 1881 899 ,
1914 844 1968 889 et
2008 834 2061 885 in
2096 841 2305 901 partem
2349 848 2575 902 Operum
2607 836 2795 889 venire
2827 832 2947 905 qua:
2966 836 3042 888 ad
3070 837 3349 891 civitatum
3379 840 3706 897 conservatio.

488 948 611 988 nem
640 930 941 986 necessaria
971 937 1117 983 sunt.

558 1025 651 1082 81.
705 1024 955 1080 Fortasse
1022 1023 1184 1078 etiam
1238 1023 1353 1076 hmo
1398 1022 1576 1092 imago
1628 1020 1890 1076 bellorum
1946 1034 2065 1088 quae

486 1123 687 1187 gerunt
723 1129 851 1183 apes
877 1154 891 1178 ,
926 1114 1081 1168 nobis
1112 1113 1437 1167 documento
1470 1123 1576 1177 est,
1610 1113 1884 1181 quomodo
1918 1109 2065 1177 jnste

485 1218 540 1264 et
570 1209 819 1264 ordinate
845 1209 1080 1276 gerenda
1134 1207 1272 1261 bella
1303 1208 1443 1272 sint,
1479 1206 1752 1276 siquando
1774 1206 1937 1260 inter
1969 1206 2066 1259 ho-

487 1301 662 1356 mines
692 1301 803 1371 geri
849 1316 983 1369 opus
1024 1309 1128 1354 est.
1169 1298 1356 1368 Neque
1401 1310 1528 1353 sunt
1566 1300 1709 1368 apud
1742 1298 1859 1353 illas
1901 1301 2064 1353 urbes

479 1400 538 1447 et
563 1392 855 1457 suburbia;
892 1391 986 1445 sed
1016 1390 1251 1444 alvearia
1285 1431 1300 1454 ,
1330 1390 1633 1458 hexangula
1668 1405 1829 1459 opera
1860 1389 2061 1459 quibus

485 1500 582 1551 per
612 1484 756 1538 vices
787 1484 1147 1538 incumbunt:
1184 1484 1300 1537 haec
1327 1483 1506 1537 omnia
1534 1495 1759 1553 propter
1785 1485 2057 1552 homines,

477 1578 679 1647 quibus
702 1577 803 1632 mel
836 1577 1014 1631 varias
1049 1576 1316 1631 utilitates
1349 1578 1514 1646 parit,
1547 1577 1706 1631 modo
1734 1576 2055 1645 corporibus

476 1671 699 1741 :egrotis
729 1670 989 1732 remedia,
1022 1667 1182 1723 modo
1209 1684 1403 1739 purum
1441 1668 1756 1724 alimentum
1783 1669 2053 1738 praabens.

2237 1014 2389 1083 Τάχα
2409 1013 2464 1066 δὲ
2498 1013 2591 1066 καὶ
2623 1015 2672 1067 οἱ
2711 1015 2872 1067 οἱονεὶ
2914 1014 3137 1086 πόλεμοι
3166 1016 3273 1070 τῶν
3309 1018 3565 1088 μελισσῶν
3589 1021 3703 1077 διδα-

2164 1104 2359 1158 σκαλία
2394 1104 2635 1173 ἔγκειται
2683 1106 2820 1176 πρὸς
2868 1106 2928 1160 τὸ
2969 1108 3210 1172 δικαίους
3244 1110 3339 1162 καὶ
3379 1114 3701 1183 τεταγμένους

2161 1199 2455 1269 πολέμους,
2491 1199 2545 1251 εἴ
2570 1216 2699 1251 ποτε
2732 1200 2859 1261 δέοι,
2888 1201 3169 1268 γίγνεσθαι
3198 1201 3255 1254 ἐν
3286 1202 3593 1274 ἀνθρώποις.
3618 1208 3705 1261 Καὶ

2160 1291 2221 1345 ού
2259 1290 2443 1354 πόλεις
2475 1292 2570 1361 μὲν
2600 1293 2693 1345 καὶ
2726 1292 3016 1362 προπόλεις
3041 1294 3114 1363 (4)
3140 1294 3197 1345 ἑν
3228 1294 3520 1364 μελίσσαις,
3551 1297 3646 1351 ἀλλ’
3666 1302 3704 1353 οἱ

2169 1384 2405 1455 σίμϐλοι,
2441 1386 2535 1437 καὶ
2566 1385 2633 1439 τὰ
2665 1386 2913 1453 ἑξάγωνα
2942 1386 3051 1439 τῶν
3099 1387 3367 1457 μελισσῶν
3401 1389 3548 1460 ἔργα,
3578 1392 3699 1464 καὶὴ

2166 1479 2297 1548 παρ’
2322 1478 2559 1541 ἐκείναις
2589 1478 2808 1549 διαδοχὴ
2836 1478 3033 1543 αὐτῶν,
3059 1479 3146 1533 διὰ
3168 1482 3295 1543 τοὺς
3323 1481 3619 1553 ἀνθρώπους
3641 1487 3703 1549 εἰς

2166 1568 2336 1621 πολλὰ
2356 1569 2449 1621 τοῦ
2489 1570 2705 1639 μέλιτος
2730 1570 3047 1641 χρῄζοντας,
3076 1570 3372 1644 θεραπείας
3394 1591 3450 1627 τε
3476 1576 3617 1647 χάριν
3640 1578 3699 1649 (5)

2165 1660 2433 1729 σωμάτων
2468 1660 2835 1724 πεπονθότων,
2865 1662 2958 1715 καὶ
2984 1662 3190 1735 τροφὴν
3219 1664 3492 1737 καθάριον.
3523 1669 3587 1720 Ού
3617 1687 3697 1723 πα-

478 1760 666 1830 Neque
710 1776 899 1814 earum
944 1760 995 1813 in
1036 1758 1187 1815 fucos
1226 1761 1632 1815 animadversio
1696 1760 2035 1827 comparand:

2163 1751 2458 1823 ραϐλητέον
2489 1752 2544 1805 δὲ
2576 1752 2645 1805 τά
2674 1752 2815 1805 κατὰ
2843 1752 2949 1805 τῶν
2989 1756 3247 1827 κηφήνων
3276 1756 3381 1809 ὑπὸ
3410 1757 3512 1811 τῶν
3545 1760 3698 1828 μελισ-

479 1861 563 1906 est
602 1868 725 1905 cum
754 1851 1008 1920 iudiciis,
1053 1866 1173 1919 qua:
1208 1850 1259 1905 in
1293 1852 1520 1907 urbibus
1564 1854 1967 1907 constituuntur
1991 1853 2035 1907 di

2160 1842 2267 1895 σῶν
2290 1842 2698 1914 ἐπιτελούμενα,
2731 1847 2852 1907 ταῖς
2884 1845 3026 1898 κατά
3051 1846 3159 1900 τῶν
3187 1849 3382 1919 ἀργῶν
3407 1849 3461 1900 ὲν
3486 1854 3592 1915 ταῖς
3622 1853 3697 1905 πό-

481 1946 690 2017 ignavis
716 1962 779 1999 ac
810 1945 987 2009 malis,
1024 1962 1120 2001 nec
1146 1961 1267 2000 cum
1301 1945 1479 2015 poenis
1507 1946 1702 2014 quibus
1730 1944 2054 2011 afﬁciuntur;

481 2038 576 2091 sed
611 2038 664 2091 in
703 2036 809 2093 illis
846 2036 1191 2102 admiranda,
1221 2046 1281 2090 ut
1322 2037 1435 2107 jam
1471 2036 1616 2101 dixi,
1647 2036 1909 2090 Divinilas
1937 2045 2053 2099 est;

475 2143 575 2183 sua
613 2128 731 2182 laus
778 2138 960 2183 autem
1004 2129 1211 2183 homini
1254 2128 1539 2183 tribuenda
1566 2168 1580 2192 ,
1628 2128 1719 2197 qui
1761 2138 1943 2183 mente
1978 2136 2055 2183 tot

475 2217 759 2286 complecti
789 2218 961 2286 potuit
988 2228 1042 2271 et
1070 2218 1364 2282 moderari,
1400 2227 1457 2272 ut
1489 2216 1852 2273 Providentiae
1887 2219 2053 2273 mini—

474 2321 611 2378 ster,
640 2324 812 2380 neque
837 2310 1003 2364 solius
1026 2309 1381 2365 Providentia:
1404 2311 1600 2366 divina:
1623 2326 1785 2383 opera
1808 2312 2053 2384 exsequi-

477 2414 585 2473 tur,
616 2408 711 2459 sed
745 2414 802 2459 et
834 2420 898 2459 ea
936 2420 1055 2473 qua:
1083 2406 1199 2475 ipse
1228 2406 1485 2477 providit.

544 2586 637 2642 85.
677 2585 974 2657 Postquam
1029 2586 1220 2642 Celsus
1270 2587 1431 2643 linem
1484 2588 1548 2643 de
1598 2590 1789 2659 apibus
1836 2590 2045 2645 dicendi

472 2678 642 2746 fecit,
689 2696 838 2750 quo,
902 2690 1164 2750 quantum
1216 2682 1268 2735 in
1326 2697 1384 2735 se
1439 2690 1564 2745 est,
1617 2699 1723 2737 non
1771 2682 2045 2738 Christia-

474 2788 667 2827 norum
744 2773 948 2838 modo,
1026 2774 1119 2828 sed
1204 2774 1367 2828 etiam
1452 2776 1691 2829 omnium
1768 2775 2045 2831 hominum

471 2863 629 2935 565
662 2863 847 2929 urbes,
896 2880 1077 2919 rerum
1106 2866 1443 2934 publicarum
1491 2866 1715 2932 formas,
1753 2868 2045 2939 magistra-

470 2969 578 3020 tus,
627 2956 853 3025 imperia
912 2968 967 3011 et
1001 2958 1146 3012 bella
1197 2974 1296 3029 pro
1327 2959 1503 3028 patria
1554 2969 1705 3029 gesta
1754 2961 2040 3030 deprimat,

468 3050 666 3103 transit
712 3050 779 3103 ad
832 3049 1196 3104 laudationem
1250 3050 1627 3106 formicarum.
1680 3052 1792 3106 Hoc
1847 3068 2041 3122 nempe

2156 1933 2272 1987 λεσι
2317 1934 2410 1987 καὶ
2440 1936 2689 2006 πονηρῶν
2721 1936 2918 2001 δίκαις,
2945 1938 3039 1991 καὶ
3066 1941 3187 2003 ταῖς
3217 1940 3337 1994 κατ’
3370 1941 3536 1994 αὐτῶν
3563 1943 3693 1996 κολά-

2158 2043 2340 2081 σεσιν’
2373 2028 2509 2092 ἀλλ’,
2543 2029 2617 2092 ὡς
2656 2032 2938 2101 προεῖπον,
2972 2030 3069 2103 τὴν
3119 2032 3216 2103 μὲν
3257 2032 3406 2087 θείαν
3451 2034 3594 2103 φύσιν
3634 2035 3695 2105 (6)

2154 2123 2212 2177 ὲν
2242 2122 2449 2189 τούτοις
2486 2123 2844 2195 θαυμαστέον,
2875 2124 2965 2177 τὸν
2996 2125 3041 2178 δ’
3084 2125 3393 2198 ἄνθρωπον,
3428 2128 3696 2195 ἐπιλογίσα-

2155 2214 2275 2269 σθαι
2317 2215 2386 2270 τὰ
2432 2217 2557 2289 περὶ
2595 2217 2810 2270 πάντων
2858 2218 3153 2289 δυνάμενον
3210 2220 3306 2274 καὶ
3352 2220 3599 2293 κοσμῆσαι
3635 2220 3694 2275 τά

2153 2309 2369 2362 πάντων
2420 2310 2535 2379 (ἆτε
2580 2310 2943 2380 συνεργοῦντα
2989 2310 3065 2381 (7)
3109 2315 3175 2383 τῇ
3217 2315 3491 2386 προνοίᾳ),
3528 2316 3693 2368 ἀποδε-

2150 2402 2304 2455 κτέον
2322 2418 2334 2433 ·
2371 2402 2465 2455 καὶ
2494 2402 2554 2455 ού
2585 2402 2747 2473 μόνης
2772 2403 3029 2474 προνοίας
3049 2404 3184 2457 Θεοῦ
3208 2405 3345 2478 ἔργα
3365 2406 3689 2468 ἐπιτελοῦντα.

2149 2493 2283 2547 ἀλλά
2317 2494 2409 2548 καὶ
2437 2494 2536 2564 τῆς
2565 2494 2781 2547 ἑαυτοῦ.

2218 2582 2401 2636 Εἰπὼν
2434 2583 2478 2636 δ’
2527 2585 2555 2635 ό
2596 2584 2801 2647 Κέλσος
2832 2586 2962 2656 περὶ
3008 2585 3116 2639 τῶν
3154 2585 3439 2656 μελισσῶν,
3484 2586 3559 2639 ἵνα
3605 2585 3688 2655 (τὸ

2147 2675 2268 2728 ὅσον
2297 2677 2380 2745 ἐφ’
2410 2676 2632 2747 έαυτῷ,)
2663 2676 2976 2751 ἑξευτελίσῃ
3003 2681 3035 2749 ἡ
3046 2679 3160 2749 μῶν
3188 2680 3264 2750 (8)
3299 2682 3359 2733 οὐ
3387 2680 3690 2750 Χριστιανῶν

2149 2768 2329 2837 μόνον,
2358 2768 2491 2820 ἀλλά
2529 2769 2621 2821 καὶ
2664 2769 2882 2823 πάντων
2916 2770 3220 2842 ἀνθρώπων
3260 2774 3358 2837 τὰς
3387 2774 3573 2839 πόλεις,
3604 2777 3683 2828 καὶ

2144 2860 2242 2921 τάς
2274 2860 2567 2923 πολιτείας,
2612 2862 2706 2913 καὶ
2748 2863 2847 2926 τὰς
2888 2862 3083 2935 ἀρχὰς,
3128 2865 3225 2919 καὶ
3266 2865 3365 2929 τάξ
3398 2869 3682 2939 ἠγεμονίαςν

2144 2952 2237 3005 καὶ
2265 2954 2388 3015 τοὺς
2418 2953 2558 3025 ὑπὲρ
2593 2951 2703 3006 τῶν
2742 2955 3014 3026 πατρίδων
3049 2957 3341 3027 πολέμους,
3372 2960 3493 3029 ἑξῆς
3521 2962 3688 3029 ἐπιφέ-

2147 3062 2248 3115 ρει,
2278 3044 2487 3109 διεξιὼν
2512 3047 2815 3118 μυρμήκων
2838 3047 3111 3119 ἐγκώμιον
3131 3067 3145 3080 ·
3174 3052 3325 3113 ὅπως
3346 3053 3422 3123 τῷ
3442 3054 3557 3123 περὶ
3571 3054 3690 3107 ἑκεί-

470 3141 727 3205 consilio,
766 3152 823 3195 ut
858 3157 1023 3211 quam
1054 3142 1122 3197 de
1157 3142 1303 3197 victu
1352 3158 1543 3197 curam
1578 3144 1840 3199 adhibent
1866 3144 2035 3198 homi-

2150 3156 2249 3191 νων
2295 3138 2555 3209 ἐγκωμίῳ
2600 3139 2661 3191 τὸ
2704 3138 2814 3193 τῶν
2867 3137 3167 3211 ἀνθρώπων
3216 3145 3347 3217 περὶ
3384 3146 3477 3217 τὴν
3510 3144 3687 3216 τροφὴν

471 3248 591 3295 nes,
636 3248 759 3286 cum
796 3231 1148 3287 formicarum
1198 3234 1392 3303 agendi
1440 3234 1649 3289 ratione
1688 3234 1952 3301 conferat,
1985 3244 2040 3290 et

468 3326 671 3381 hiemis
706 3325 906 3380 futura:
926 3326 1291 3396 provisionem
1309 3336 1569 3381 extenuet
1598 3337 1655 3381 ut
1679 3328 1849 3382 nihilo
1901 3344 2037 3398 pra:-

462 3417 777 3472 stantiorem
802 3418 887 3472 illa
919 3434 1079 3487 quam
1110 3420 1273 3473 etiam
1300 3419 1351 3471 in
1391 3418 1632 3475 formicis
1686 3421 1893 3475 ratione
1923 3422 2039 3490 pri-

465 3510 607 3563 vatis
645 3510 826 3565 inesse
856 3520 1012 3581 putat
1061 3511 1396 3581 provisione.
1443 3510 1677 3579 Ecquem
1708 3525 1901 3566 eorum
1946 3515 2036 3583 qui

463 3617 575 3669 prae
602 3603 955 3672 simplicitate
986 3604 1039 3657 in
1080 3618 1260 3657 rerum
1302 3605 1543 3657 omnium
1591 3612 1837 3657 naturam
1876 3621 2038 3673 pene-

466 3706 616 3750 lrare
650 3712 757 3750 non
791 3708 1043 3765 possunt,
1073 3712 1178 3749 non
1211 3707 1424 3751 avertat
1451 3697 1663 3763 Celsus,
1698 3709 1953 3767 quantum
1980 3701 2032 3756 in

464 3802 524 3842 se
551 3798 658 3851 est,
694 3802 723 3841 a
760 3790 985 3842 ferendo
1017 3789 1221 3857 pressis
1265 3804 1433 3844 onere
1466 3790 1691 3861 auxilio,
1729 3802 1784 3845 et
1814 3808 1840 3843 a
1880 3805 2035 3861 parte

460 3880 667 3935 laboris
688 3879 992 3943 subeunda,
1024 3895 1144 3933 cum
1188 3879 1449 3936 formicas
1476 3883 1611 3937 dicit
1655 3900 1675 3933 ι
1713 3886 1879 3939 sociis
1910 3902 2033 3941 suc-

460 3983 713 4032 currere,
744 3967 833 4022 ubi
878 3968 1003 4023 illas
1032 3969 1216 4022 vident
1251 3969 1545 4040 fatigatas?
1582 3991 1601 4023 ι
1637 3972 1785 4027 Dicet
1812 3975 1952 4028 enim
1988 3977 2031 4031 is

456 4058 550 4128 qui
590 4058 750 4114 bonis
786 4074 1064 4129 nunquam
1110 4060 1414 4130 disciplinis
1445 4064 1683 4118 imbutus
1717 4065 1899 4131 fuerit,
1936 4068 2027 4137 qui

458 4165 552 4205 eas
577 4164 644 4204 ne
666 4151 817 4205 audit
847 4152 1064 4220 quidem
1088 4168 1102 4216 ;
1129 4154 1347 4221 quando
1375 4154 1549 4208 nihilo
1572 4154 1817 4210 formicis
1846 4158 2030 4213 melio-

462 4259 552 4298 res
585 4260 783 4299 sumus
822 4244 908 4299 vel
948 4260 1070 4300 cum
1116 4248 1437 4315 gravissimo
1478 4262 1644 4303 onere
1679 4250 2028 4306 sublevamns

455 4350 772 4405 oppressos,
800 4351 1059 4407 quorsum
1106 4336 1160 4391 id
1188 4335 1391 4392 frustra
1430 4337 1704 4394 facimus?
1731 4342 1808 4394 Ac
1842 4341 2028 4395 formi-

452 4430 534 4483 cis
572 4428 789 4496 quidem
825 4438 1012 4499 utpote
1043 4428 1257 4485 ratione
1282 4430 1558 4487 destitutis
1589 4447 1694 4485 non
1723 4433 2022 4502 periculum

451 4529 536 4573 est
572 4536 639 4574 ne
670 4535 921 4591 magnam
972 4521 1041 4576 de
1080 4538 1139 4575 se
1177 4522 1487 4593 Opinionem
1528 4521 1735 4591 injiciat
1784 4525 2023 4592 ipsarum

448 4630 571 4669 cum
602 4615 914 4670 hominibus
962 4630 1190 4684 operum
1234 4617 1605 4685 comparatio;
1643 4616 1736 4670 sed
1775 4617 2021 4672 homines

447 4705 537 4775 qui
573 4722 670 4776 pro
708 4722 807 4761 sua
858 4707 1067 4762 ratione
1117 4708 1347 4762 audiunt
1389 4724 1551 4777 quam
1602 4709 1755 4762 nihili
1790 4710 2021 4765 ducatur

447 4812 637 4852 eorum
669 4797 721 4852 in
756 4799 893 4853 alios
927 4814 1105 4865 amor,
1136 4815 1245 4854 non
1276 4810 1386 4855 stat
1420 4816 1513 4869 per
1540 4800 1777 4867 Celsum,
1809 4804 2019 4871 quomi-

448 4904 553 4944 nus
582 4890 701 4958 ejns
737 4891 921 4945 verbis
963 4890 1262 4957 lmdantur;
1296 4907 1397 4947 nec
1425 4892 1574 4946 videt
1606 4906 1684 4956 se,
1730 4894 1856 4947 dum
1890 4909 2020 4949 suos

515 4997 591 5069 ('5)
626 4996 943 5070 Philocalia,
973 4999 1218 5070 ἡγεμόνι.
1247 4998 1582 5070 Haaschelius
1607 5009 1659 5052 et
1688 4998 2014 5065 Spencerus,

443 5068 785 5139 ἡγεμονίαις.
807 5069 971 5123 Paulo
993 5068 1112 5137 post
1138 5070 1454 5133 Philocalia,
1474 5069 1789 5123 διδασκαλία
1811 5070 2016 5124 ἑκκειν-

443 5136 564 5192 ται.
588 5136 720 5191 Vide
744 5136 1123 5194 adnotatibnes
1152 5142 1218 5194 ad
1259 5142 1354 5194 lib.
1396 5156 1512 5206 vm,
1543 5157 1690 5195 num.
1719 5140 1807 5205 75,
1843 5142 1931 5208 74,
1960 5150 2015 5197 et

446 5211 513 5261 ad
541 5207 633 5263 lib.
666 5224 716 5271 ν,
746 5224 892 5263 num.
917 5210 1010 5264 '55.

519 5277 595 5350 (ιι)
620 5279 695 5350 lla
730 5278 1043 5350 Philocalia.
1092 5279 1428 5335 Hoescbelius
1471 5292 1649 5335 autem
1686 5290 1739 5335 et
1774 5280 2012 5350 Spence-

444 5349 643 5422 τηε,ᾼοὺ
676 5349 826 5411 πόλις
851 5352 945 5422 μὲν
971 5352 1063 5404 καὶ
1086 5351 1368 5422 πρόπολις.
1406 5352 1471 5404 Ει
1496 5368 1617 5422 mox
1654 5352 1705 5404 in
1746 5349 2006 5418 margine,

445 5418 672 5491 σύμϐλοι
700 5435 795 5487 pro
822 5420 1057 5490 σίμϐλοι.
1091 5418 1286 5476 Ibidem
1328 5423 1484 5475 codd.
1525 5421 1723 5489 liegins
1752 5434 1805 5474 ct
1858 5422 2010 5475 Basi-

445 5491 632 5526 Innucic
675 5490 762 5526 νηε.
792 5491 859 5526 φλ,
882 5492 1119 5526 μένω...
1147 5493 1256 5526 ...τω
1281 5492 1545 5526 “summa...
1573 5492 1703 5526 sm-
1756 5491 2008 5526 nmmum

439 5490 653 5549 leehsis.
675 5490 767 5543 καὶ
792 5491 860 5543 τά
879 5492 1123 5561 ἑξάγωνα
1147 5493 1256 5545 τῶν
1279 5492 1545 5563 μελισσῶν
1572 5492 1728 5563 ἔργα.
1756 5491 2009 5546 "(nsi-be-

441 5561 543 5640 [ius
569 5560 1191 5640 εξξρειιςςιύεηκαὶ-τά
1220 5564 1464 5640 ἑξάγωνα
1486 5566 1579 5640 καὶ
1600 5564 1707 5640 τῶν
1739 5562 2007 5640 μελισσῶν

437 5630 1009 5705 εργαᾘῃξιορθιὶρμαὶ
1020 5634 1089 5687 τὰ
1102 5630 1347 5703 ἑξάγωνα
1358 5634 1453 5687 καὶ
1472 5634 1539 5687 τά
1566 5630 1831 5705 μελισσῶν
1844 5632 1980 5703 ἔργα
1990 5674 2002 5685 ,

506 5702 583 5770 (5)
606 5700 807 5769 Χάριν.
836 5702 974 5775 illrec
1030 5700 1301 5775 vox'q'ua:
1354 5708 1495 5775 apud
1535 5700 2006 5775 llmscbelimiret

437 5769 768 5845 Spencerum
810 5774 982 5845 deest,
1041 5769 1319 5845 suppletur
1365 5769 1403 5828 ε’
1466 5774 1785 5845 Philocalia.
1822 5771 2003 5845 APaulo

437 5852 555 5914 post
580 5843 768 5898 eadem
808 5842 1275 5901 Philocalia'rccte
1334 5847 1514 5914 habet,
1578 5844 1647 5897 τὰ
1704 5842 1846 5896 κατὰ
1895 5844 2002 5898 τῶν

2141 3230 2480 3301 οἰκονομικὸν
2525 3230 2815 3305 παραϐάλῃ
2845 3232 2918 3303 (9)
2948 3234 3027 3305 τῷ
3065 3235 3211 3306 λόγῳ
3258 3238 3393 3310 πρὸς
3423 3239 3537 3301 τοὺς
3571 3237 3689 3308 μύρ-

2143 3338 2341 3393 μηκαςο
2368 3322 2459 3374 καὶ
2477 3323 2537 3374 τὸ
2555 3323 2661 3375 τῶν
2689 3326 2985 3395 χειμαδίων
3006 3330 3360 3400 προνοητικὸν
3389 3328 3684 3401 καταρρίψῃ,

2139 3414 2213 3478 ὡς
2243 3414 2392 3468 οὐδὲν
2438 3416 2597 3468 πλέον
2632 3416 2753 3487 ἕχον
2800 3419 2902 3489 τῆς
2945 3419 3140 3488 ἀλόγου
3190 3422 3299 3475 τῶν
3336 3426 3617 3495 μυρμήκων
3638 3424 3687 3473 ἐν

2138 3500 2220 3569 οἷς
2263 3508 2467 3570 ἐκεῖνος
2494 3509 2701 3578 νομίζει
2749 3511 3025 3582 προνοίας.
3080 3514 3213 3567 Τίνα
3266 3514 3312 3567 δ’
3357 3517 3455 3569 οὐκ
3494 3515 3554 3568 ἂν
3594 3514 3686 3567 τῶν

2137 3598 2518 3669 ἁπλουστέρων
2544 3600 2865 3673 ἀνθρώπων,
2903 3605 2997 3657 καὶ
3040 3607 3139 3660 οὐκ
3186 3608 3547 3679 ἐπισταμένων
3590 3608 3687 3660 ἑνο-

2140 3692 2237 3762 ρᾷν
2268 3694 2333 3764 τῇ
2368 3692 2526 3761 φύσει
2556 3694 2775 3747 πάντων
2809 3698 3151 3767 πραγμάτων
3186 3700 3542 3772 άποτρέψαιτο
3567 3699 3683 3769 (10),

2134 3783 2195 3836 τὸ
2221 3784 2343 3837 ὅσον
2363 3786 2447 3855 ἐφ’
2472 3785 2667 3857 ἑαυτῷ,
2695 3788 2723 3839 ὁ
2753 3788 2959 3851 Κέλσος
2986 3789 3092 3842 ἀπὸ
3113 3792 3208 3843 τοῦ
3231 3795 3344 3855 τοῖς
3367 3792 3687 3864 βαρουμένοις

2134 3874 2239 3927 ὑπὸ
2267 3875 2500 3947 φορτίων
2523 3876 2757 3947 βοηθεῖν,
2787 3880 2880 3931 καὶ⁹
2913 3884 3187 3934 κοινωνεῖν
3218 3883 3446 3945 ἑκείνοις
3475 3884 3572 3936 τῶν
3599 3899 3688 3934 κα-

2136 3966 2339 4036 μάτων,
2371 3966 2541 4035 λέγων
2575 3969 2703 4039 περὶ
2737 3972 3060 4041 μυρμήκων,
3081 3971 3157 4035 ὡς
3188 3992 3207 4023 ι
3241 3974 3305 4027 ἂν
3334 3974 3566 4045 ἀλλήλοις
3590 3972 3685 4025 τῶν

2134 4058 2386 4127 φορτίων,
2422 4060 2639 4113 ἐπειδάν
2682 4078 2803 4113 τινα
2847 4061 3126 4132 κάμνοντα
3168 4064 3370 4132 ἴδωσιν,
3408 4064 3686 4135 ἑπιλαμὸάο

2131 4164 2363 4215 νωνται;
2418 4169 2435 4201 ι
2477 4152 2623 4223 Ἐρεῖ
2654 4151 2760 4224 γὰρ
2796 4152 2905 4223 (ll)
2934 4156 2961 4207 ό
2989 4154 3241 4225 δεόμενος
3287 4157 3386 4229 τῆς
3429 4156 3508 4210 διὰ
3543 4156 3684 4223 λόγου

2131 4243 2481 4310 παιδεύσεως,
2515 4247 2607 4299 καὶ
2640 4246 2902 4317 μηδαμῶς
2934 4248 3142 4301 ἐπαΐων
3174 4250 3379 4321 αὐτῆς·
3422 4248 3561 4304 Ἐπεὶ
3587 4246 3685 4300 τοί-

2129 4351 2224 4388 νυν
2273 4336 2437 4406 μηδὲν
2470 4336 2795 4408 διαφέρομεν
2846 4340 3152 4410 μυρμήκων
3191 4342 3289 4394 καὶ
3323 4342 3409 4394 ὅτε
3441 4342 3545 4403 τοῖς
3594 4337 3682 4391 κά-

2135 4442 2325 4496 μνουσι
2350 4426 2437 4479 διὰ
2462 4428 2521 4480 τὸ
2552 4428 2737 4499 φέρειν
2768 4429 3045 4498 βαρύτατα
3076 4432 3274 4501 φορτία
3303 4431 3609 4503 βοηθοῦμεν,
3639 4428 3684 4482 τί

2136 4518 2311 4588 μάτην
2341 4519 2401 4572 τὸ
2438 4519 2675 4572 τοιοῦτον
2705 4521 2997 4591 ποιοῦμεν;
3040 4525 3150 4576 Καὶ
3177 4526 3227 4577 οἱ
3260 4526 3358 4596 μὲν
3399 4524 3683 4597 μύρμηκες,

2133 4610 2229 4663 ᾶτε
2258 4611 2427 4679 ἄλογα
2452 4610 2565 4674 ζῶα
2595 4613 2972 4681 τυγχάνοντες,
3000 4615 3101 4669 οὐκ
3132 4616 3199 4670 ἂν
3242 4616 3521 4689 ὲπαρθείεν
3561 4614 3682 4685 πρὸς

2126 4699 2188 4751 τὸ
2216 4700 2357 4771 μέγα
2376 4702 2658 4772 φρονῆσαι,
2688 4701 2776 4755 διὰ
2807 4702 2867 4755 τὸ
2896 4704 3337 4775 παραϐάλλεσθαι
3360 4706 3465 4775 (12)
3493 4700 3682 4773 ἀνθρὼ-

2128 4810 2251 4856 ποις
2286 4793 2354 4846 τά
2383 4793 2520 4863 ἔργα
2566 4794 2776 4847 αὐτῶν·
2824 4796 2872 4848 οἱ
2914 4796 2959 4849 δ’
2988 4796 3266 4868 ἄνθρωποι
3305 4797 3393 4850 διὰ
3426 4788 3509 4849 τὸν
3540 4796 3683 4863 λόγον

2126 4884 2355 4937 ἀκούσαι
2382 4885 2698 4956 δυνηθέντες
2723 4886 2840 4939 τίνα
2858 4886 3057 4959 τρόπον
3081 4886 3413 4950 εὐτελίζεται
3438 4885 3606 4939 αὐτῶν
3629 4883 3683 4935 τὺ

2124 4998 2402 5119 ῧηφήνων.
2451 5000 2511 5083 'In
2563 4998 2852 5055 lloeschelii
2911 5010 2967 5054 et
3057 4999 3318 5070 Spenceri
3371 5000 3682 5056 editionibus

2162 5078 2296 5119 eest.
2330 5086 2489 5119 κατα-

2162 5078 2296 5132 eest,
2330 5078 2489 5125 κατὰ.

2193 5137 2286 5213 (6)
2302 5139 2644 5213 lloescbelius
2675 5150 2729 5194 et
2759 5140 3097 5213 Spencerus,
3151 5141 3252 5211 τὴν
3288 5141 3386 5213 μὲν
3413 5142 3556 5196 θείαν
3591 5137 3683 5208 φύ-

2122 5224 2226 5262 σιν.
2258 5210 2553 5265 Philocalia
2591 5212 2795 5265 omittit
2829 5212 3000 5265 θείαν.

2190 5278 2266 5418 (7)
2298 5281 2618 5344 Philocalia,
2653 5281 3033 5353 συναιροῦντα.

2212 5350 2266 5418 8)
2297 5353 2628 5418 Spencerus,
2654 5354 2821 5418 ἡμᾶς.

2212 5350 2266 5424 8)
2297 5353 2628 5422 Spencerus,
2654 5350 2821 5424 ἡμᾶς.

2189 5416 2268 5493 (9)
2294 5416 2373 5477 Ad
2400 5437 2551 5476 oram
2609 5416 2739 5479 libb.
2792 5424 3061 5477 editorum
3121 5423 3337 5494 legitur,
3370 5416 3671 5494 καταϐάλῃ.

2116 5488 2393 5567 Moyt'qua:
2416 5503 2735 5567 sequuntur,
2762 5494 2837 5564 τῷ
2870 5494 3012 5564 λόγῳ
3042 5488 3339 5567 πρὸξτοὺς
3370 5492 3671 5564 μύρμηκας,

2114 5562 2357 5617 addititia
2392 5564 2641 5616 videnlur
2662 5573 2715 5617 et
2747 5562 3053 5620 recidenda.

2211 5633 2296 5707 10)
2327 5632 2684 5707 ﬂtpLSChelius
2700 5636 2949 5707 interitu.
2972 5634 3303 5706 ἀποτρέψαι.

2210 5705 2297 5776 ll)
2324 5702 2645 5776 Philocalia,
2670 5702 3161 5776 ἑπιλαμϐάνοιντος
3189 5702 3307 5776 ἑρεῖ
3338 5704 3450 5775 μέν.

2183 5769 2295 5841 (12)
2324 5772 2637 5841 Philocalia,
2671 5776 2808 5829 ἐπάν
2838 5769 3312 5845 παραϐάλλωνται.
3338 5769 3667 5845 iltrschelius

2111 5852 2165 5901 et
2187 5846 2494 5915 Spencerus
2518 5845 2571 5901 in
2599 5848 2858 5916 margine,
2890 5844 3060 5908 διὰτὸ
3094 5844 3514 5919 mmmam.
