3840 6412
162 377 271 432 “57

1317 372 1597 428 CONTRA
1629 374 1905 432 CELSUM
1942 376 2067 433 LIB.
2106 375 2197 432 1V.

3222 383 3360 438 “58

158 492 454 555 κοινωνικὸν,
493 491 736 563 βλαϐεῖεν
778 493 863 553 ἂν,
892 491 953 543 τὸ
979 492 1100 543 ὅσον
1137 490 1228 543 ἐπὶ
1254 490 1330 561 τῷ
1360 489 1573 561 Κέλσῳ,
1603 507 1669 542 κα

1803 491 2033 547 lectores
2065 505 2095 545 a
2138 489 2557 546 Cbristianismo
2585 489 2699 545 vult
2742 505 2995 557 avocare,
3054 495 3214 571 etiam
3247 512 3365 563 eos,

154 592 243 653 τοῖς
270 587 438 655 λόγοις
462 585 647 638 αὑτοῦ·
678 585 776 638 οὐκ
813 584 969 638 ἰδόντι
993 582 1101 654 (15)
1130 583 1231 645 ὅτι,
1267 580 1690 654 Χριστιανισμοῦ

155 678 419 751 ἀποτρέψαι
440 677 606 730 Θέλων
622 678 746 741 τοὺς
767 677 1192 745 ἐντυγχάνοντας
1212 673 1378 728 αὑτοῦ
1395 677 1461 745 τῇ
1482 676 1688 745 γραφῇ,

156 772 416 845 ἀποτρέπει
453 771 546 823 καί.
575 770 682 824 τῶν
711 771 770 823 ού
807 768 1147 839 Χριστιανῶν
1179 767 1240 819 τὸ
1272 766 1407 837 πρὸς
1436 767 1563 829 τοὺς
1597 766 1691 834 φέ-

157 882 313 938 ροντας
338 864 403 917 τά
431 862 707 935 βαρύτατα
734 862 842 913 τῶν
871 860 1105 931 φορτίων
1140 858 1439 929 συμπαθές.
1491 858 1690 929 Ἐχρῆν

151 956 253 1011 δ’ἆν
276 954 450 1019 αὑτὸν,
476 954 635 1024 εἴπερ
664 948 732 1023 ἦν
754 952 843 1005 καὶ
872 951 1157 1020 φιλόσοφος
1184 949 1567 1019 αἰσθανόμενος
1596 950 1687 1002 τοῦ

152 1046 449 1113 κοινωνικοῦ,
477 1046 613 1117 πρὸς
646 1046 724 1116 τῷ
765 1045 835 1115 μὴ
882 1045 1218 1117 συναναιρεῖν
1265 1041 1343 1112 τῷ
1380 1043 1687 1111 Χριστιανι-

153 1140 250 1212 σμῷ
281 1139 409 1209 (Η),
440 1138 510 1190 τὰ
528 1116 782 1209 χρήσιμα
798 1136 906 1189 τῶν
935 1116 990 1188 ἐν
1018 1134 1343 1205 ἀνθρώποις,
1376 1134 1469 1187 καὶ
1497 1150 1687 1204 συνερ-

151 1237 242 1303 γεῖν
268 1235 344 1304 (εἰ
379 1228 487 1285 οἷόν
532 1232 580 1284 τ’
624 1227 750 1301 im)
782 1233 893 1293 τοῖς
944 1230 1143 1290 κοινοῖς
1176 1229 1233 1279 ἐν
1275 1225 1686 1299 Χριστιανισμῷ

150 1326 254 1398 πρὸς
296 1326 417 1389 τοὺς
447 1324 638 1387 ἄλλους
672 1320 985 1393 ἀνθρώπους
1030 1319 1234 1382 καλοῖς.
1273 1320 1333 1371 Εἰ
1370 1319 1425 1371 δέ
1459 1319 1553 1371 καὶ
1578 1318 1685 1372 τῶν

150 1417 511 1487 ἀποτιθεμένων
544 1414 773 1487 καρπῶν
802 1413 901 1477 τὰς
936 1411 1192 1482 ἐκφύσεις
1223 1409 1606 1464 ἀπεκτιθέασιν
1635 1412 1683 1463 οἰ

151 1510 421 1581 μύρμηκες,
463 1509 551 1561 ἵνα
596 1508 675 1578 μὴ
728 1504 1038 1576 σπαργῷεν,
1088 1503 1296 1575 μένοιεν
1341 1503 1397 1556 δέ
1428 1502 1495 1555 δι’
1531 1501 1684 1565 ἔτους

147 1603 298 1664 αὐτοῖς
335 1603 410 1664 εἰς
454 1601 693 1672 τροφήν·
743 1599 802 1651 ού
847 1595 1105 1667 λογισμὸν
1149 1590 1288 1648 εἶναι
1330 1594 1388 1646 ἐν
1437 1591 1682 1665 μύρμηξι

144 1691 311 1745 τούτων
330 1691 493 1745 αἴτιον
519 1689 867 1760 ὕπονοητέον,
898 1687 1033 1740 ἀλλά
1052 1687 1150 1757 τὴν
1176 1685 1511 1757 παμμήτορα
1523 1684 1684 1753 φύσιν

1794 582 1886 650 qui
1922 581 2217 636 Christiani
2254 596 2359 636 non
2407 593 2558 647 sunt,
2594 584 2892 650 deterrere,
2925 585 3217 653 quominus
3241 601 3369 656 gra-

1794 671 2035 727 vissimis
2086 671 2353 728 oneribus
2381 687 2674 742 oppressos
2713 673 3076 741 miserentur;
3112 691 3233 730 cum
3267 677 3367 732 de-

1793 763 1992 830 buerit,
2023 764 2067 819 si
2099 765 2317 834 quidem
2342 765 2693 836 philosophus
2714 776 2857 822 esset
2886 776 2943 822 et
2978 777 3165 823 mutua
3191 771 3368 824 socie-

1795 855 1921 909 tatis
1967 854 2143 911 cilicia
2187 857 2431 924 calleret,
2492 874 2599 913 non
2646 859 2808 913 modo
2865 875 2968 912 non
3004 860 3196 917 tollere
3238 877 3364 916 cum

1792 946 2209 1003 Christianismo
2256 964 2319 1004 ea
2365 965 2483 1020 quae
2533 950 2587 1003 in
2652 951 2965 1005 hominibus
3011 953 3163 1007 utilia
3217 964 3361 1021 sunt,

1794 1040 1891 1093 sed
1923 1046 1977 1093 et
2014 1040 2369 1109 patrocinari,
2400 1042 2443 1095 si
2471 1039 2584 1094 ﬁeri
2614 1050 2816 1109 posset,
2844 1043 2909 1096 iis
2945 1056 3064 1110 qua:
3093 1045 3357 1112 praeclare

1788 1132 1928 1199 apud
1966 1132 2205 1201 reliquos
2228 1132 2477 1186 homines
2498 1133 2725 1201 perinde
2754 1149 2817 1188 ac
2847 1134 2987 1202 apud
3017 1135 3363 1194 Chrisdanos

1787 1222 2175 1281 observantur.
2211 1224 2366 1290 Quod
2417 1225 2463 1279 si
2494 1234 2548 1278 et
2598 1227 3007 1281 reconditorum
3072 1244 3101 1281 a
3146 1244 3206 1284 se
3254 1232 3362 1283 fru-

1790 1323 1978 1367 ctuum
2012 1314 2251 1367 formica:
2270 1324 2538 1381 seponunt
2569 1330 2662 1370 eos
2684 1316 2773 1386 qui
2800 1321 3127 1411 germinant,
3159 1335 3225 1374 ne
3252 1336 3359 1375 cte—

1789 1407 1923 1462 teris
1953 1421 2171 1477 quoque
2212 1409 2671 1477 germinationem
2720 1423 3039 1482 procurent,
3073 1407 3127 1467 et
3164 1424 3222 1468 ut
3254 1414 3361 1469 illis

1786 1516 2112 1571 per—annum
2146 1511 2475 1566 vescantur;
2508 1503 2666 1572 hujus
2698 1506 2775 1559 rei
2804 1521 2907 1559 non
2940 1506 3357 1561 existimandum

1784 1602 1868 1647 est
1897 1608 2118 1647 causam
2149 1594 2203 1647 in
2228 1593 2479 1650 formicis
2509 1610 2630 1651 esse
2663 1598 2959 1663 rationem,
2986 1599 3079 1652 sed
3110 1599 3360 1668 omnipa-

1788 1696 1995 1741 rentem
2034 1695 2312 1751 naturam,
2347 1703 2466 1757 quae
2503 1688 2668 1742 etiam
2707 1689 2896 1745 brutas
2933 1691 3241 1745 animantes
3278 1692 3359 1747 sic

143 1785 219 1857 τὴν
245 1783 331 1837 καὶ
364 1783 427 1837 τὰ
451 1783 622 1851 ἄλογα
652 1782 1024 1851 κοσμήσασαν,
1055 1778 1129 1842 ὼς
1162 1777 1298 1849 μηδὲ
1328 1776 1669 1845 τούλάχιστον

1782 1779 2089 1842 exornavit,
2151 1787 2211 1832 ut
2243 1794 2330 1857 .ne
2383 1779 2605 1833 minima
2655 1780 2876 1848 quidem
2928 1782 3116 1835 relicta
3167 1781 3353 1847 fuerit,

143 1876 441 1939 καταλιπεῖν,
474 1873 741 1946 μηδαμῶς
773 1872 939 1943 φέρον
974 1870 1119 1941 ἴχνος
1148 1868 1244 1921 τοῦ
1292 1867 1400 1921 ἀπὸ
1444 1868 1543 1938 τῆς
1577 1866 1669 1936 φύ-

1783 1884 1904 1937 qure
1928 1869 2191 1939 impressa
2220 1884 2251 1924 a
2282 1878 2472 1923 natura
2509 1885 2616 1924 non
2650 1870 2820 1925 ferret
2844 1873 3072 1927 rationis
3102 1876 3351 1942 vestigia.

144 1984 252 2030 σεως
278 1966 450 2035 λόγου.
502 1967 565 2018 Εἰ
615 1963 689 2035 μὴ
722 1963 828 2035 ἄρα
877 1960 965 2014 διὰ
996 1959 1199 2015 τούτων
1226 1957 1525 2030 λεληθότως
1554 1957 1679 2028 βού-

140 2058 257 2112 λεται
295 2060 322 2112 ό
360 2058 567 2120 Κέλσος
622 2054 750 2127 (καὶ
798 2053 906 2126 γὰρ
954 2055 1011 2106 ἐν
1055 2051 1270 2116 πολλοῖς
1318 2050 1679 2115 Πλατωνίζειν

141 2150 281 2216 θέλει)
325 2149 538 2221 ὁμοειδῆ
574 2147 689 2217 (15)
738 2141 875 2199 εἶναι
922 2146 1100 2198 πᾶσαν
1135 2142 1331 2214 ψυχὴν,
1369 2142 1460 2196 καὶ
1514 2142 1677 2215 μηδὲν

138 2240 373 2314 διαφέρειν
397 2241 495 2313 τὴν
528 2238 623 2292 τοῦ
652 2236 937 2309 ἀνθρώπου
969 2236 1069 2306 τῆς
1097 2236 1206 2289 τῶν
1254 2235 1557 2306 μυρμήκων
1585 2235 1679 2287 καὶ

138 2332 220 2385 τῶν
248 2332 506 2405 μελισσῶν
524 2348 539 2362 ⁸
572 2332 711 2402 ὅπερ
739 2328 1069 2396 κατάγοντός
1097 2330 1211 2381 ἐστι
1240 2326 1338 2398 τὴν
1364 2325 1539 2397 ψυχὴν
1572 2325 1679 2379 ἀπὸ

135 2420 220 2474 τῶν
234 2422 424 2491 ἀψίδων
448 2420 545 2473 τοῦ
568 2417 821 2491 ούρανοῦ,
843 2418 943 2471 οὑκ
962 2418 1056 2470 ἐπὶ
1073 2416 1134 2469 τὸ
1156 2415 1493 2487 ἀνθρώπινον
1519 2415 1678 2487 σῶμα

142 2513 282 2582 μόνον,
314 2513 445 2567 ἀλλά
478 2513 575 2566 καὶ
604 2513 697 2565 ἐπὶ
724 2511 793 2564 τά
833 2510 1016 2564 λοιπά.
1049 2508 1271 2573 Τούτοις
1298 2508 1342 2561 δ’
1369 2510 1428 2562 οὐ
1458 2510 1674 2563 πείσον-

135 2620 203 2657 ται
228 2606 552 2676 Χριστιανοὶ,
583 2603 1079 2674 προκατειληφότες
1105 2602 1165 2655 τὸ
1209 2604 1330 2655 κατ’
1362 2602 1544 2656 εἰκόνα
1584 2620 1677 2672 γε-

134 2698 308 2763 γονέναι
326 2697 458 2751 Θεοῦ
482 2698 583 2767 τὴν
600 2696 945 2768 ἀνθρωπίνην
964 2694 1159 2765 ψυχὴν,
1184 2696 1276 2748 καὶ
1289 2695 1523 2767 ὁρῶντες
1542 2695 1648 2767 (i6)
1662 2737 1676 2762 ,

134 2785 194 2839 δτι
220 2788 485 2860 ἀμήχανόν
514 2790 633 2841 ἐστι
669 2788 769 2858 τὴν
807 2787 928 2839 κατ’
973 2785 1158 2837 εἰκόνα
1188 2784 1325 2838 Θεοῦ
1358 2785 1676 2858 δεδημιουρ-

132 2880 338 2951 γημένην
378 2878 541 2950 φύσιν
588 2879 768 2950 πάντη
811 2875 1105 2946 ἀπαλεῖψαι
1152 2877 1277 2941 τοὺς
1323 2878 1676 2948 χαρακτῆρας

134 2971 285 3041 a’m‘Ic.
319 2974 408 3027 καὶ
434 2972 631 3035 ἄλλους
660 2970 950 3025 ἀναλαϐεῖν
989 2971 1089 3024 οὐκ
1128 2964 1246 3023 οἶδα
1294 2970 1416 3023 κατ’
1461 2970 1676 3034 εἰκόνας

130 3060 256 3115 τίνων
280 3064 678 3137 γεγενημένους
708 3063 817 3132 (17)
851 3064 908 3115 ἐν
935 3065 1047 3126 τοῖς
1073 3061 1309 3130 ἀλόγοις.

213 3155 350 3207 Ἐπεὶ
389 3155 445 3208 δὲ
494 3153 592 3208 καὶ
641 3172 659 3204 ι
712 3156 825 3216 τοῖς
883 3151 1284 3224 ἀποθνήσκουσι
1337 3150 1585 3223 μύρμηξι
1648 3169 1665 3202 ›

1781 1960 1887 2017 Sed
1929 1961 2167 2018 fortasse
2215 1960 2426 2029 Celsus,
2483 1964 2579 2032 qui
2632 1963 2920 2018 Platonem
2968 1965 3022 2020 in
3080 1967 3357 2035 plerisque

1780 2054 1981 2109 imitari
2016 2064 2188 2122 amat,
2219 2071 2313 2125 per
2330 2056 2455 2111 haec
2486 2058 2718 2114 obscure
2742 2060 2974 2125 indicat,
3001 2061 3211 2118 similes
3233 2078 3356 2117 esse

1779 2161 1975 2202 omnes
2005 2147 2240 2215 animas,
2273 2165 2377 2204 nec
2408 2150 2699 2205 humanam
2731 2151 2874 2206 inter
2915 2162 2968 2208 et
3004 2151 3352 2209 formicarum

1778 2250 1871 2295 aut
1886 2256 2044 2311 apum
2062 2242 2295 2298 animam
2314 2243 2478 2299 ullum
2494 2259 2613 2301 esse
2626 2245 2935 2303 discrimen.
2956 2246 3108 2316 Quod
3133 2250 3351 2321 quidem

1777 2340 1861 2385 est
1889 2332 2204 2389 deducentis
2230 2335 2463 2389 animam
2483 2352 2512 2390 a
2533 2338 2655 2392 coeli
2690 2337 2920 2406 fornice,
2958 2357 3064 2396 non
3101 2343 3272 2398 solum
3298 2346 3353 2399 in

1776 2422 1939 2496 566
1982 2426 2237 2492 humana,
2294 2428 2391 2483 sed
2449 2431 2617 2485 etiam
2668 2431 2720 2485 in
2770 2432 3100 2502 reliquorum
3141 2437 3354 2491 anima-

1782 2516 1911 2570 lium
1943 2531 2194 2587 corpora.
2224 2519 2281 2573 Id
2310 2533 2439 2574 vero
2464 2520 2761 2576 Christiani
2798 2524 2944 2578 nullo
2976 2526 3137 2581 modo
3166 2543 3352 2582 assen-

1783 2609 2011 2665 tientur.
2044 2609 2255 2680 Quippe
2276 2611 2367 2678 qui
2397 2611 2709 2667 didicerunt
2741 2614 2974 2671 hominis
3006 2619 3239 2671 animam
3280 2619 3348 2672 ad

1780 2702 2075 2773 imaginem
2104 2702 2197 2756 Dei
2222 2702 2423 2757 factam
2452 2718 2598 2770 esse,
2634 2713 2689 2759 et
2712 2706 2889 2761 sciunt
2918 2725 3022 2762 non
3052 2725 3209 2779 posse
3232 2710 3349 2765 fieri

1776 2807 1837 2852 ut
1862 2809 2052 2853 natura
2088 2797 2154 2851 ad
2191 2798 2482 2869 imaginem
2519 2797 2616 2854 Dei
2645 2800 2888 2863 condita,
2911 2801 3103 2857 deletis
3121 2802 3345 2858 omnino

1775 2887 1895 2958 ejus
1930 2889 2295 2955 lineamentis,
2333 2890 2438 2944 alia
2484 2890 2678 2946 induat
2726 2894 2779 2947 in
2814 2893 3002 2951 bestiis
3041 2898 3109 2950 ad
3157 2897 3346 2952 nescio

1775 2995 2008 3050 quorum
2035 2981 2297 3053 imagines
2322 2981 2487 3039 facta.

1847 3158 1937 3215 84.
1966 3158 2055 3213 Ait
2087 3168 2350 3228 prteterea
2391 3176 2410 3210 ι
2454 3159 2686 3214 mortuis
2722 3158 2966 3215 formicis
3001 3161 3150 3215 vivas
3179 3176 3346 3232 pecn-

134 3248 231 3315 φησί
263 3266 279 3297 ι
314 3247 437 3310 τοὺς
467 3246 678 3311 ζῶντας
711 3245 840 3299 ἴδιόν
885 3262 938 3297 τι
967 3244 1282 3316 ἀποκρίνειν
1318 3244 1536 3314 χωρίον,
1574 3245 1669 3296 κά-

1779 3247 1967 3302 liaretn
2001 3248 2289 3318 quemdam
2327 3247 2506 3300 locum
2539 3262 2847 3311 secernere,
2881 3249 3141 3318 illumque
3170 3253 3237 3306 ab
3264 3254 3346 3307 eis

132 3336 242 3387 κεῖνο
270 3338 447 3400 αὐτοῖς
492 3332 635 3390 εἶναι
670 3337 871 3407 πάτρια
920 3338 1197 3408 μνήματα’
1237 3356 1255 3387 ι
1311 3335 1554 3402 λεκτέον,
1588 3338 1667 3390 ὅτι

128 3414 212 3497 ὅσῳ
238 3430 448 3484 πλείονα
483 3430 635 3498 λέγει
664 3431 773 3483 τῶν
819 3430 1027 3499 ἀλόγων
1075 3428 1227 3492 ζώων
1256 3428 1536 3499 ἐγκώμια,
1584 3444 1670 3480 το-

130 3518 268 3589 σούτῳ
292 3522 471 3575 πλεῖον
501 3522 635 3590 (κᾶν
665 3522 738 3592 μὴ
772 3504 931 3592 Θέλῃ)
970 3519 1122 3584 αὖξει
1159 3520 1219 3573 τὸ
1246 3520 1339 3573 τοῦ
1377 3520 1553 3573 πάντα
1578 3536 1668 3572 κο-

129 3610 395 3679 σμήσαντος
422 3612 600 3681 Λόγου
629 3612 788 3683 ἔργον
806 3628 820 3641 ο
855 3613 949 3665 καὶ
976 3611 1212 3663 δείκνυσι
1244 3611 1343 3681 τὴν
1375 3612 1431 3663 ἐν
1464 3610 1670 3682 ἀνθρὼ-

126 3714 221 3761 tot:
244 3703 547 3774 ἐντρέχειαν
582 3702 890 3775 δυναμένην
929 3706 1152 3774 κοσμεῖν
1188 3702 1265 3773 τῷ
1305 3702 1445 3774 λόγῳ
1478 3705 1569 3756 καὶ
1600 3704 1670 3757 τά

126 3787 535 3865 πλεονεκτήματα
567 3794 666 3862 τῆς
697 3794 908 3862 φύσεως
932 3794 1040 3846 τῶν
1067 3794 1275 3861 ἀλόγων
1299 3810 1312 3823 ·
1353 3794 1404 3846 τί
1440 3794 1494 3847 δὲ
1527 3794 1667 3863 λέγω

122 3878 208 3932 τῶν
234 3883 433 3953 ἀλόγων
474 3884 612 3955 (18),
642 3884 764 3937 ἐπεὶ
792 3884 984 3955 Κέλσῳ
1008 3884 1154 3937 δοκεῖ
1181 3884 1299 3955 μηδ’
1327 3884 1501 3952 ἀλογα
1525 3880 1663 3938 εἶναι

124 3970 175 4023 τὰ
218 3976 346 4030 κατά
389 3976 492 4041 τὰς
540 3975 727 4040 κοινάς
768 3976 985 4029 πάντων
1019 3976 1226 4039 ἐννοίας
1261 3976 1430 4044 ἄλογα
1474 3976 1669 4031 καλού-

126 4080 260 4133 ﬂava;
277 4071 409 4125 Θύδέ
440 4071 569 4133 τοὺς
590 4070 889 4141 μύρμηκας
905 4069 1036 4137 γοῦν
1061 4070 1230 4122 οἴεται
1258 4066 1395 4122 εἶναι
1417 4069 1663 4137 ἀλόγους,

122 4156 365 4233 όπερίτῆς
408 4162 541 4233 ὅλης
588 4160 806 4229 φύσεως
849 4161 1315 4231 ἐπαγγειλάμενος
1344 4160 1541 4230 λέγειν,
1572 4163 1666 4215 καὶ

121 4244 196 4316 τὴν
228 4250 472 4323 ἀλήθειαν
516 4252 576 4303 ἐν
611 4252 676 4320 τῇ
717 4251 994 4321 ἐπιγραφῇ
1034 4249 1127 4302 τοῦ
1170 4250 1373 4320 βιϐλίου
1399 4252 1660 4323 αὑχήσας.

119 4337 231 4410 Φησὶ
252 4344 351 4415 γάρ
390 4343 524 4415 περί
555 4340 667 4395 τῶν
696 4343 999 4415 μυρμήκων
1041 4342 1116 4407 ῶς
1143 4342 1538 4415 διαλεγομένων
1567 4342 1661 4396 ἁλ-

119 4428 267 4500 ληλοις
294 4435 521 4492 τοιαῦτα
551 4453 565 4467 υ
615 4453 633 4485 t
668 4434 779 4487 Καὶ
816 4433 915 4504 μὲν
960 4433 1023 4505 δὴ
1054 4435 1145 4488 καὶ
1174 4434 1519 4498 ἀπαντῶντες
1550 4434 1662 4507 (19)

198 4679 272 4747 i3)
292 4678 501 4736 Philoc.
514 4719 530 4740 ,
565 4679 667 4731 οὐκ
701 4677 883 4732 εἰδότι.

198 4679 530 4747 i3)Philoc.,
565 4679 667 4731 οὐκ
701 4679 883 4732 εἰδότι.

173 4679 272 4819 ill)
298 4751 388 4805 Sic
426 4747 766 4819 Philocalia;
809 4748 1143 4819 Haaschelius
1180 4756 1359 4803 autem
1398 4757 1451 4803 et
1482 4748 1657 4818 Spen-

115 4816 268 4891 cerus,
306 4821 507 4891 Ἐχρῆν
532 4820 578 4872 δ’
606 4818 973 4891 αὐτὸν,,εἰ’περ
1011 4816 1079 4888 ἦν
1116 4818 1217 4873 κᾶν
1259 4816 1651 4891 φιλόσοφος....

115 4888 223 4973 προς
239 4881 312 4963 τῷ
449 4881 731 4973 συναιρεῖν
746 4881 1334 4973 τοῖξθΧριστιανίσμοῦ.

164 4957 643 5030 (15)Ῥιιίιοοοιίο”,
693 4957 993 5030 λεληθότως
1042 4960 1070 5011 ὁ
1118 4957 1322 5030 Κέλσος
1346 4962 1419 5030 ὲνΔ
1443 4958 1655 5023 πολλοῖς

113 5026 444 5099 Πλατῶνίζειν
481 5030 629 5083 Θέλει
657 5030 749 5082 καὶ
782 5026 1027 5099 βούλεται
1071 5029 1315 5099 ὁμοειδῆ.
1378 5028 1653 5099 Nusquam

114 5096 299 5172 invenio
326 5096 465 5172 apud
507 5096 794 5172 Platonem
822 5099 1033 5172 animas
1063 5096 1187 5153 aliis
1230 5096 1391 5172 alias
1422 5096 1545 5172 ortu
1598 5107 1654 5172 et

111 5170 292 5241 origine
318 5169 772 5241 praestantiores:
807 5184 907 5222 nec
932 5169 1094 5241 scio,_
1124 5185 1191 5223 an
1248 5170 1397 5225 ullibi
1422 5240 1425 5241 ν
1454 5170 1654 5223 dixerit

111 5236 366 5295 brutoruin
392 5244 610 5295 animas
637 5238 929 5308 perituras,
961 5250 1053 5293 aut
1084 5238 1138 5292 in
1162 5256 1388 5307 corpora
1416 5240 1649 5293 humana

110 5308 609 5379 migraturas;licet
663 5311 732 5363 de
774 5308 1023 5363 humanis
1076 5311 1277 5377 passim
1332 5309 1647 5374 asseruerit,

108 5390 187 5430 eas
214 5382 260 5434 in
307 5383 596 5436 brutorum
653 5392 877 5446 corp0ra
940 5380 1323 5436 detrudemlas.
1378 5380 1644 5447 Quoniam

110 5458 219 5521 fero
264 5465 303 5521 re
354 5448 745 5521 secretioribus
802 5446 1117 5519 Pythagora:
1166 5460 1220 5503 et
1271 5450 1647 5521 Egyptiorum

108 5514 381 5589 disciplinis
413 5524 557 5577 hanc
586 5514 897 5589 opinionem
925 5514 1202 5573 mutuatus
1228 5532 1308 5576 est
1330 5514 1529 5587 flia—cile
1563 5520 1645 5572 in-

106 5586 209 5642 duet
232 5586 467 5656 possum,
500 5601 560 5645 ut
583 5586 799 5644 credam
829 5588 1107 5644 Platonem
1166 5592 1304 5646 idem
1331 5586 1409 5646 de
1459 5592 1646 5644 bruto-

107 5669 206 5731 [nm
231 5663 508 5716 animabus
543 5659 821 5731 statuisse.
857 5657 1105 5731 Lactant.
1151 5660 1245 5715 lib.
1280 5677 1374 5726 vn,
1409 5676 1529 5731 cap.
1569 5660 1603 5715 '5
1632 5675 1651 5725 ',

104 5721 434 5853 mtbggoras,
482 5730 629 5802 apud
672 5728 955 5796 Ovidium,
1004 5730 1097 5785 lib.
1150 5746 1219 5785 xv
1270 5721 1647 5802 Metamorph.,

120 5810 195 5849 an.
228 5810 279 5853 ὃ.

166 5867 346 5925 Omnia
374 5880 648 5927 mutantur
672 5886 691 5924 :
716 5869 846 5924 nihil
869 5870 1041 5926 interit
1064 5888 1082 5937 ;
1107 5881 1271 5943 errat,
1294 5881 1342 5927 et
1365 5872 1513 5927 illinc

1773 3355 1872 3409 pro
1899 3340 2271 3394 monumentis
2301 3340 2494 3409 patriis
2521 3340 2727 3395 haberi.
2765 3360 2784 3393 ι
2819 3342 2924 3395 Sed
2947 3356 3150 3411 quanto
3177 3344 3346 3412 pluri-

1771 3432 1870 3485 bus
1904 3434 2092 3487 brutas
2118 3432 2425 3487 animantes
2461 3432 2712 3488 laudibus
2752 3433 2932 3499 effert,
2963 3446 3115 3490 tanto
3141 3438 3340 3506 magis,

1772 3524 1903 3579 velit
1943 3524 2097 3590 nolit,
2148 3524 2331 3587 Verbi,
2376 3524 2517 3593 quod
2566 3526 2750 3581 omnia
2808 3526 3099 3595 disposuit,
3132 3528 3344 3581 extollit

1770 3631 1943 3685 opus;
2004 3626 2060 3671 et
2112 3616 2393 3670 hominum
2444 3617 2782 3673 demonstrat
2820 3618 3169 3682 industriam,
3221 3634 3343 3689 qua:

1770 3710 1914 3763 dona
1951 3711 2129 3764 brutis
2166 3710 2536 3765 animantibus
2560 3724 2588 3763 a
2614 3722 2808 3763 natura
2844 3712 3039 3765 collata
3076 3726 3344 3768 exornare

1768 3802 2023 3870 potuerit.
2086 3801 2227 3867 Quid
2286 3804 2408 3857 dico
2458 3814 2641 3858 autem
2697 3802 2873 3857 brutis
2932 3804 3337 3869 animantibus,

1767 3891 2203 3961 quandoquidem
2232 3893 2405 3947 bruta:
2438 3909 2545 3947 non
2592 3904 2740 3959 sunt,
2770 3894 2909 3948 Celsi
2946 3895 3175 3964 judicio,
3219 3910 3342 3964 quae

1768 3997 1872 4035 una
1899 3983 2141 4037 omnium
2174 3998 2307 4037 voce
2346 3983 2521 4038 bruta:
2556 3987 2863 4039 vocantur?
2905 3985 3037 4040 Nam
3084 3986 3340 4042 formicas

1768 4074 1979 4128 ratione
2014 4088 2137 4129 esse
2164 4074 2413 4144 privatas
2442 4076 2782 4146 non~judicat
2828 4078 2939 4141 ille,
2984 4080 3075 4147 qui
3106 4080 3171 4132 de
3210 4079 3335 4133 uni—

1764 4180 1920 4219 versa
1951 4175 2143 4219 natura
2178 4168 2359 4222 dicere
2402 4169 2675 4237 pollicitus
2711 4178 2814 4235 est,
2846 4170 3048 4238 quique
3098 4170 3179 4223 vel
3217 4169 3336 4225 stlo

1765 4254 1889 4310 libri
1925 4254 2080 4308 titulo
2126 4256 2417 4311 veritatem
2461 4258 2768 4327 iactitabat.
2820 4257 2912 4311 Sic
2954 4258 3098 4311 enim
3139 4257 3226 4311 ille
3268 4258 3335 4311 de

1763 4342 2008 4397 formicis
2029 4343 2293 4412 loquitur,
2320 4359 2385 4400 ac
2408 4346 2453 4400 si
2485 4347 2628 4400 inter
2653 4361 2712 4400 se
2735 4345 3002 4415 colloquia
3033 4347 3330 4400 haberent:

1769 4455 1787 4489 ι
1840 4435 1974 4493 Cum
2025 4438 2225 4505 obviis,
2281 4438 2478 4508 inquit,
2522 4439 2947 4509 colloquuntur:
2997 4442 3137 4494 unde
3186 4455 3329 4494 nun-

1688 4648 1734 4703 Β
1837 4674 1956 4746 ῌυε
1982 4676 2139 4739 venit,
2161 4674 2282 4728 hinc
2306 4675 2452 4741 illuc,
2480 4686 2526 4729 et
2544 4677 2797 4746 quoslibet
2824 4686 3042 4743 occupat
3073 4686 3224 4730 artus

1836 4744 2068 4815 Spiritus
2098 4762 2117 4799 :
2149 4762 2274 4815 eque
2301 4748 2423 4814 feris
2455 4744 2684 4798 humana
2714 4749 2766 4797 in
2797 4762 3018 4811 corpora
3047 4748 3257 4811 transit,

1834 4813 2001 4884 Inque
2027 4817 2166 4883 {eras
2190 4813 2382 4880 noster,
2424 4834 2515 4869 nec
2541 4826 2766 4881 tempore
2789 4816 2987 4883 deperit
3022 4818 3149 4871 ulla.

1770 4885 1828 4939 In
1861 4888 2048 4939 eodem
2082 4887 2244 4939 etiam
2291 4895 2503 4940 cratere
2548 4901 2761 4940 omnem
2792 4888 3028 4938 animum
3088 4886 3327 4953 misceri,

1768 4955 2163 5024 temperarique
2182 4956 2364 5009 tradit.
2388 4957 2519 5011 Vide
2544 4956 2635 5010 lib.
2661 4971 2675 5008 ι
2707 4966 2886 5009 contra
2909 4953 3137 5018 Celsum,
3175 4974 3325 5018 num.

1761 5026 1851 5089 52,
1894 5025 1982 5089 ‘55;
2006 5026 2097 5080 lib.
2127 5042 2199 5089 Iv,
2225 5042 2374 5079 num.
2403 5026 2493 5091 54,
2530 5026 2617 5088 56,
2644 5036 2699 5079 et
2730 5026 2822 5079 lib.
2857 5039 2911 5091 τ,
2946 5041 3095 5078 num.
3118 5028 3325 5092 20,2l.

1763 5094 1895 5165 Vide
1914 5098 2081 5149 etiam
2127 5095 2404 5150 Platonem
2444 5096 2498 5149 in
2541 5097 2783 5160 Epinom.
2812 5110 2933 5165 pag.
2956 5097 3080 5161 980,
3116 5098 3243 5162 98f,
3270 5109 3327 5153 et

1761 5166 1814 5219 in
1842 5164 2065 5236 ηΤὶηιᾳίο,
2100 5182 2219 5236 pag.
2254 5166 2323 5220 90
2347 5176 2399 5219 et
2427 5166 2515 5236 91.
2543 5169 2807 5220 Susum-1a.

1830 5234 1942 5358 ([36)
1974 5234 2309 5289 Hmsehelius
2333 5247 2384 5289 et
2420 5234 2745 5303 Spencerns,
2780 5237 2872 5288 καὶ
2917 5236 3040 5290 ὅσον
3067 5235 3325 5308 ὁρῶντες,

1882 5306 2131 5358 hilocalia
2162 5307 2541 5358 recte'omittit
2570 5306 2711 5358 ὅσον.
2770 5305 2916 5358 infra
2954 5310 3142 5358 eadem
3192 5306 3324 5358 Phi-

1760 5316 1814 5359 at
1838 5305 2131 5359 Philocalia
2162 5307 2541 5360 recte'omittit
2570 5306 2711 5358 ὅσον.
2770 5305 2916 5359 infra
2954 5305 3142 5361 eadem
3192 5306 3324 5362 Phi-

1758 5375 1969 5451 localia.
2012 5376 2186 5451 πάντη
2242 5375 2534 5451 ἀπρλεῖψαι
2588 5377 2715 5438 τοὺς
2767 5378 3119 5449 χαρακτῆρας
3155 5378 3327 5451 αὐτῆς

1756 5447 1851 5499 καὶ
1876 5444 2103 5512 ἀλόγους
2138 5444 2440 5499 ἀναλαϐεῖν.

1830 5516 1940 5588 (l7)
1968 5516 2302 5590 liteschclius
2324 5528 2378 5571 et
2405 5516 2712 5590 _S_pen_ce_rus
2737 5516 2789 5590 in
2816 5518 3325 5590 marginemayevn-

1760 5585 1955 5657 μένων.
1991 5586 2111 5639 Mox
2136 5585 2368 5650 Pltiloc.,
2408 5587 2559 5639 Ἑπεί
2583 5588 2640 5641 δὲ
2672 5587 2767 5641 καὶ
2804 5585 2959 5652 τοῖς]
2978 5585 3323 5645 Ηωδύἰι-ειίιίε

1756 5666 1812 5711 et
1840 5658 2171 5729 Speucerus,
2195 5657 2378 5729 ἐπειδὴ
2402 5659 2494 5710 καὶ
2524 5662 2656 5721 τοῖς.

1829 5725 1940 5800 (l8l
1982 5726 2042 5778 Τί
2070 5725 2136 5780 δὲ
2150 5725 2309 5800 ,λέγω
2340 5725 2458 5800 τῶν
2477 5729 2729 5800 ἀλόγων.
2754 5728 2956 5797 ῐιωο,ἱη
2995 5739 3150 5785 antea
3187 5728 3319 5784 edit.

1756 5798 1985 5867 omissa,
2009 5798 2322 5867 supplentur
2351 5814 2382 5852 e
2411 5799 2547 5853 Phil.

1830 5866 1940 5940 (19)
1968 5866 2122 5925 Libb.
2164 5869 2291 5926 editi
2318 5870 2371 5925 in
2399 5870 2663 5942 margine,
2688 5868 3106 5935 διαπαντῶντες.
