3840 6412
520 330 655 386 1159

1961 327 2290 387 οιιισΕΝιε

3612 350 3718 405 “60

511 462 677 516 quam
724 463 754 502 a
800 449 891 503 via
945 448 1226 503 aberrant.
1267 445 1379 501 lllis
1428 446 1598 516 igitur
1631 446 1772 500 inest
1803 445 1944 500 ratio
1978 447 2074 500 suis

2194 446 2440 517 ἀλλήλοις
2484 447 2849 517 διαλέγονται,
2893 449 3016 504 ὅθεν
3047 451 3168 506 οὐδὲ
3207 455 3313 508 τῶν
3356 455 3486 512 ὁδῶν
3517 459 3720 536 ἀμαρτάρ

511 542 770 597 omnibus
800 539 1046 596 absoluta
1076 539 1346 608 partibus,
1377 553 1693 594 communes
1722 538 1923 593 habent
1956 553 2090 608 qna-

511 635 760 688 rumdam
806 633 1150 702 generalium
1195 631 1492 687 veritatum
1537 631 1808 695 notiones,
1855 640 1910 686 et
1939 633 2087 685 vocis

511 741 692 789 usum,
727 733 782 781 et
809 726 874 779 de
909 723 1149 778 fortuitis
1206 738 1512 778 sermonem
1558 721 1783 777 faciunt.
1821 743 1838 775 ι
1872 723 2083 777 Etenim

511 817 674 869 unius
725 831 848 870 cum
902 816 1084 869 altern
1133 813 1469 883 colloquium
1524 814 1583 866 fit
1636 828 1770 868 voce
1809 814 2085 883 quidpiam

509 908 692 960 verbis
743 916 985 960 notatum
1033 907 1370 970 declarante,
1423 916 1475 960 et
1521 921 1663 974 saepe
1693 921 1813 976 qua:
1859 904 2086 961 fortuita

509 1009 777 1054 vocantur
803 999 1170 1068 exprimente.
1207 998 1332 1054 llaec
1367 1013 1498 1052 vero
1536 996 1784 1052 formicis
1841 999 2086 1056 tribuere

2192 556 2403 594 νουσινο
2451 541 2782 595 ούκοῦνίκαὶ
2827 542 2986 612 λόγου
3029 547 3417 620 συμπλήρωσίς
3462 554 3571 607 ἐστι
3617 563 3717 631 παρ’

2191 633 2400 698 αὐτοῖς,
2427 634 2522 687 καὶ
2539 635 2716 689 κοιναὶ
2738 635 2936 690 ἔννοιαι
2953 638 3254 693 καθολικῶν
3273 660 3446 708 τινων,
3468 648 3556 700 καὶ
3577 652 3712 721 φωνὴ,

2187 729 2284 782 καὶ
2326 726 2660 798 τυγχάνοντα
2692 729 3083 801 σημαινόμενα.
3124 751 3142 784 ι
3185 734 3258 787 Τὸ
3289 734 3393 808 γὰρ
3425 736 3717 808 διαλέγεσθαί

2186 838 2308 874 τινα
2342 821 2480 891 πρὸς
2523 821 2729 894 ἓτερον,
2782 825 2839 875 ἐν
2873 828 3021 896 φωνῇ
3065 824 3274 893 γίνεται
3311 827 3538 902 δηλούσῃ
3565 849 3610 885 τι
3643 851 3714 906 cr.-

2191 912 2536 984 μαινόμενον,
2572 913 2832 978 πολλάκις
2877 915 2932 968 δὲ
2971 918 3064 970 καὶ
3100 919 3227 990 περὶ
3268 918 3376 973 τῶν
3420 922 3710 994 καλουμένωι

2187 1005 2565 1077 τυγχανόντων
2598 1007 3031 1078 ἀπαγγέλλουσιν
3061 1010 3173 1082 ('20)
3201 1030 3212 1041 ο
3247 1011 3388 1084 ἆπερ
3419 1016 3507 1068 καὶ
3535 1018 3586 1070 ἐν
3611 1019 3698 1091 μύρ

2191 1095 2320 1166 μηξι
2360 1095 2537 1165 λέγειν
2579 1092 2740 1163 εἶναι,
2787 1099 2909 1164 πῶς
2949 1101 3010 1153 οὑ
3056 1101 3276 1155 πάντων
3307 1102 3372 1156 ἂν
3409 1106 3490 1176 εἰη
3526 1124 3719 1178 καταγι-

2187 1183 2512 1242 λαστότατον
2529 1205 2544 1255 ;

2259 1280 2371 1333 Καὶ
2423 1281 2524 1334 οὐκ
2569 1281 2798 1337 αἰδεῖταί
2833 1301 2898 1352 γε
2945 1285 3222 1357 ἐπιφέρων
3265 1287 3489 1356 τούτοις,
3535 1291 3610 1345 ἵνα.
3645 1295 3718 1347 καὶ

2185 1373 2298 1435 τοῖς
2355 1373 2474 1460 μετ’
2529 1373 2693 1428 αὑτὸν
2745 1376 3026 1445 ἐσομένοις
3073 1379 3474 1452 ἐπιδεικνύηται
3509 1383 3596 1454 τὴν
3631 1385 3716 1437 τῶν

2186 1459 2473 1532 δογμάτων
2507 1464 2700 1519 ἑαυτοῦ
2735 1465 2844 1535 (21)
2893 1467 3300 1542 ἀσχημοσύνην,
3343 1471 3534 1540 λέγων·
3575 1494 3590 1524 ι
3619 1476 3715 1547 Φὲρ’

2186 1549 2300 1619 οὖν,
2335 1555 2389 1607 εἴ
2411 1573 2495 1620 τις
2520 1557 2613 1610 ἀπ’
2641 1559 2872 1630 ούρανοῦ
2901 1560 2992 1614 ἐπὶ
3023 1562 3119 1633 τὴν
3147 1563 3250 1634 γῆν
3283 1565 3576 1629 meum,
3601 1569 3645 1620 τί
3666 1568 3715 1621 ἂν

505 1109 685 1148 annon
723 1093 1108 1165 perridiCulum
1141 1093 1344 1151 fuerit?

576 1277 666 1332 85.
705 1275 818 1331 Nec
871 1290 996 1329 eum
1041 1273 1205 1343 pudet
1248 1273 1506 1344 adjicere,
1545 1288 1666 1342 qua:
1698 1273 1915 1342 quidem
1959 1287 2084 1327 suo-

503 1381 621 1420 rttm
676 1367 989 1436 dogmatum
1041 1365 1307 1435 ineptiam
1365 1365 1598 1433 posteris
1660 1365 1915 1419 omnibus
1962 1381 2088 1434 pera

503 1471 741 1530 spectant
759 1459 973 1513 factura
1005 1469 1176 1513 sunt:
1218 1477 1236 1509 ι
1266 1459 1402 1528 Age,
1433 1459 1477 1513 si
1506 1458 1627 1527 quis
1659 1471 1690 1512 e
1721 1456 1860 1511 cmlo
1892 1457 1943 1511 in
1977 1470 2086 1512 ter-

503 1568 620 1606 ram
668 1553 1002 1621 despiceret,
1063 1551 1323 1622 quidnam
1376 1551 1448 1606 illi
1495 1551 1770 1607 videretur
1815 1551 2084 1605 interesse

505 1645 844 1700 discriminis
887 1645 1030 1699 inter
1060 1659 1125 1698 ea
1160 1659 1280 1714 quae
1311 1644 1560 1698 homines
1603 1653 1657 1698 et
1697 1659 1816 1713 qtae
1843 1641 2074 1697 formica

2194 1647 2334 1713 δόξαι
2379 1647 2656 1722 διαφέρειν
2688 1652 2754 1705 τὰ
2788 1651 2877 1721 ὑφ’
2921 1653 3100 1724 ἡμῶν,
3141 1655 3175 1727 ἢ
3213 1656 3280 1708 τά
3311 1657 3413 1710 ὑπὸ
3457 1661 3715 1730 μυρμήκων

501 1751 741 1807 spesque
772 1735 1021 1790 faciunt?
1053 1755 1071 1790 ι
1116 1736 1185 1790 At
1223 1737 1313 1806 qui
1345 1751 1374 1790 e
1405 1736 1566 1800 (mlo,
1595 1744 1653 1790 ut
1693 1734 1863 1806 ponit,
1907 1735 2074 1789 homi-

2194 1742 2280 1793 καὶ
2315 1740 2582 1812 μελισσῶν
2608 1743 2857 1815 δρώμενα
2881 1762 2895 1810 ;
2928 1759 2945 1790 ι
2969 1747 3026 1798 ’0
3052 1748 3146 1801 ἀπ’
3169 1749 3397 1821 ούρανοῦ
3421 1750 3480 1823 δὴ
3508 1753 3589 1805 ἐπὶ
3616 1753 3713 1824 γῆν,

505 1848 634 1884 ntttn
669 1837 722 1883 et
758 1827 1119 1883 formicarum
1158 1845 1432 1898 apumque
1466 1829 1604 1882 facta
1652 1827 1972 1896 despiceret,
2013 1842 2074 1881 an

2194 1833 2328 1885 κατά
2361 1833 2461 1904 τὴν
2505 1835 2760 1890 ὑπόθεσιν
2795 1837 2983 1901 αὐτοῦ,
3011 1839 3223 1910 βλέπων
3260 1841 3328 1894 τὰ
3371 1842 3603 1914 δρώμενα
3634 1845 3716 1899 ύπὺ

440 1987 443 1992 ν
505 1924 554 1980 is
578 1939 811 1992 corpora
842 1923 1130 1978 hominum
1179 1923 1638 1991 formicarumque
1673 1921 1996 1983 intueretur,
2027 1931 2074 1974 et

2194 1924 2292 1980 τῶν
2321 1926 2645 2000 ἀνθρώπων,
2673 1930 2768 1983 καὶ
2792 1930 2860 1984 τά
2887 1932 2990 1985 ὑπὸ
3017 1932 3124 1987 τῶν
3153 1937 3455 2006 μυρμήκων
3478 1938 3712 2008 γινόμενα,

503 2032 610 2071 non
660 2017 878 2071 videret
927 2017 1142 2071 illorum
1200 2017 1418 2086 quidem
1473 2015 1811 2070 intellectum
1873 2014 2074 2068 ratione

2194 2017 2410 2090 πότερον
2441 2022 2602 2092 ἐνορᾷ
2635 2022 2732 2092 μὲν
2765 2023 2860 2076 ἀνθ
2872 2023 3067 2095 ρώπων
3099 2026 3194 2078 καὶ
3240 2030 3532 2099 μυρμήκων
3564 2030 3716 2101 σώμα-

503 2109 722 2164 ductum
751 2127 766 2172 ;
796 2111 990 2164 harum
1018 2125 1148 2164 vero
1180 2108 1509 2179 principium
1543 2110 1818 2178 quoddam
1856 2106 2074 2161 rationis

2194 2125 2290 2173 σιν,
2309 2110 2370 2162 ού
2397 2115 2647 2166 κατανοεῖ
2668 2113 2725 2166 δὲ
2740 2115 2800 2168 τὸ
2824 2114 3037 2184 λογικὸν
3055 2119 3379 2189 ἡγεμονικὸν
3406 2122 3492 2174 καὶ
3512 2121 3717 2194 λογισμῴ

500 2216 722 2269 expers,
760 2201 990 2272 impetu,
1038 2217 1178 2256 cmca
1214 2202 1632 2272 imaginatione,
1674 2200 1900 2254 naturali
1947 2214 2074 2268 qua-

2194 2200 2539 2273 κινούμενον;
2583 2205 2750 2260 Πάλιν
2781 2225 2839 2260 τε
2887 2205 2954 2262 αὖ
2986 2209 3044 2274 τὸ
3079 2209 3273 2279 ἄλογον
3319 2214 3613 2283 ἡγεμονικὸν
3637 2215 3715 2268 καὶ

502 2295 625 2348 dam
676 2295 927 2364 corporis
981 2295 1394 2348 construatione
1441 2293 1697 2348 motum?
1749 2292 1855 2346 Sed
1892 2291 2074 2346 absur-

2194 2295 2289 2348 ὕπὸ
2333 2298 2507 2368 ὁρμῆς
2539 2299 2632 2352 καὶ
2671 2302 2972 2369 φαντασίας
3015 2302 3225 2371 ἀλόγως
3271 2305 3562 2376 κινούμενον
3595 2309 3715 2377 μετά

506 2386 634 2439 dum
664 2396 748 2462 est
771 2401 922 2448 eum,
957 2388 1050 2456 qui
1086 2396 1236 2440 tanto
1270 2386 1564 2440 intervallo
1592 2386 1644 2439 in
1670 2393 1868 2438 terram
1897 2383 2074 2438 oculos

2194 2405 2326 2452 τινος
2357 2391 2594 2460 φυσικῆς
2627 2392 3111 2464 ύποκατασκευῆς;
3148 2397 3289 2450 Ἀλλ’
3324 2399 3506 2452 ἄτοπον
3529 2400 3605 2452 τὸν
3628 2401 3710 2452 ἀπ’

502 2480 826 2548 conjiceret,
863 2477 1002 2532 velle
1052 2493 1280 2546 corpora
1321 2478 1605 2532 hominum
1646 2486 1699 2530 et
1731 2476 2074 2530 formicarum

2194 2479 2412 2550 sup-avo?»
2457 2481 2724 2550 βλέποντα
2752 2485 2820 2538 τὰ
2852 2487 2942 2539 ἐπὶ
2971 2487 3074 2558 γῆς
3107 2490 3300 2560 ἐνορᾷν
3332 2491 3426 2560 μὲν
3454 2491 3602 2543 θέλειν
3623 2489 3715 2544 σώ-

508 2585 764 2636 cernere,
799 2581 851 2623 ct
883 2586 989 2625 non
1028 2572 1207 2640 potius
1237 2581 1486 2625 naturam
1529 2569 1921 2640 principiorum
1965 2569 2074 2623 fon-

2194 2589 2350 2642 μασιν
2391 2573 2692 2646 ἀνθρώπων
2735 2577 2827 2630 καὶ
2856 2580 3181 2650 μυρμήκων,
3217 2581 3325 2634 ἀπὸ
3367 2583 3593 2636 τοσούτου
3618 2583 3715 2636 δια-

501 2678 717 2736 temque
758 2665 899 2721 unde
941 2666 1184 2720 actiones
1248 2665 1444 2729 ﬂuunt,
1491 2663 1635 2719 sitne
1683 2663 1892 2717 ratione
1940 2677 2074 2730 prae-

2194 2669 2490 2740 ςτήματος·
2547 2671 2620 2742 μὴ
2665 2671 2798 2724 πολὺ
2828 2671 2883 2724 δὲ
2921 2672 3120 2743 μᾶλλον
3157 2673 3373 2743 βλέπειν
3417 2675 3715 2748 ἡγεμονικῶν

497 2765 669 2830 ditus,
720 2781 924 2821 annon.
952 2763 1007 2819 Si
1030 2764 1282 2818 omnium
1321 2764 1594 2818 actionum
1639 2760 1843 2814 fontem
1878 2759 2074 2823 videat,

2194 2757 2396 2828 φύσεις,
2438 2760 2531 2814 καὶ
2572 2761 2754 2834 πηγὴν
2797 2761 2982 2836 ὁρμῶν
3017 2762 3240 2836 λογικὴν
3278 2767 3311 2836 ἣ
3355 2765 3552 2833 ἄλογον.
3594 2765 3649 2818 Ei
3680 2764 3716 2817 δ’

497 2869 648 2912 certe
681 2856 978 2926 perspiciet
1019 2855 1336 2920 discrimen,
1383 2863 1439 2910 et
1485 2861 1748 2923 quantum
1777 2853 1940 2906 homo
1971 2865 2074 2904 non

2194 2852 2328 2919 ὶπαξ
2363 2853 2550 2923 βλέπει
2575 2853 2674 2926 τὴν
2707 2855 2895 2909 πασῶν
2922 2855 3108 2927 ὁρμῶν
3141 2859 3345 2930 πηγὴν,
3379 2859 3526 2930 δῆλον
3546 2859 3620 2912 ὅτι
3641 2857 3716 2911 καὶ

499 2948 661 3022 567
689 2949 864 3004 solum
897 2948 1168 3013 formicis,
1196 2951 1288 3004 sed
1313 2948 1481 3003 etiam
1516 2945 1898 3016 elcphantibus
1925 2953 2074 2998 ante-

2194 2943 2278 3016 εὴν
2307 2946 2570 3019 διαφορὰν
2607 2946 2703 3000 ῑὸοι
2737 2948 2822 3013 ἂν,
2856 2950 2948 3002 καὶ
2989 2950 3086 3020 τὴν
3129 2950 3403 3022 ὑπεροχὴν
3429 2950 3516 3004 τοῦ
3541 2948 3718 3022 ἀνθρώι

497 3043 686 3098 cellat.
720 3042 762 3097 E
803 3042 944 3096 cmlo
987 3042 1133 3095 enim
1182 3041 1520 3111 deSpiciens,
1578 3037 1782 3093 nullum
1842 3036 1983 3090 aliud
2023 3036 2074 3089 in

2194 3055 2306 3104 που,
2341 3041 2401 3092 ού
2439 3040 2598 3111 μόνον
2631 3041 2783 3113 παρά
2814 3043 2940 3106 τοὺς
2967 3041 3286 3115 μύρμηκας,
3317 3043 3450 3098 ἀλλά
3479 3044 3565 3098 καὶ
3591 3041 3716 3114 παρὰ

493 3133 670 3190 btutis
692 3134 1082 3196 animantibus,
1106 3133 1444 3203 quantalibet
1469 3132 1579 3186 sint
1605 3145 1792 3184 earum
1819 3143 2073 3199 corpora,

2194 3137 2307 3200 τοὺς
2336 3135 2652 3206 ἐλέφαντας.
2705 3137 2764 3190 'O
2796 3135 2904 3208 γὰρ
2939 3136 3148 3208 βλέπων
3184 3137 3278 3191 ἀπ’
3309 3136 3532 3210 ούρανοῦ
3555 3139 3606 3190 ὲν
3638 3137 3719 3205 μὲν

494 3229 820 3298 principium
851 3226 1274 3290 auimadvertct,
1305 3239 1494 3294 quam,
1529 3232 1586 3277 ut
1629 3224 1702 3278 ita
1731 3223 1948 3292 loquar,
1978 3237 2071 3274 ra-

2194 3228 2291 3289 ιοῖς
2319 3225 2556 3295 ἀλόγοις,
2592 3225 2696 3280 κᾶν
2730 3226 2940 3297 μεγάλα
3051 3225 3162 3296 (22)
3197 3227 3378 3281 αὐτῶν
3411 3227 3475 3280 τὰ
3503 3226 3715 3298 σώματα,

497 3322 663 3376 tionis
683 3321 1038 3390 privationem
1059 3337 1074 3385 ;
1103 3320 1156 3374 in
1184 3319 1394 3373 ratione
1413 3318 1656 3388 prteditis
1677 3325 1880 3383 autem,
1900 3315 2073 3370 ratio-

2194 3317 2280 3370 >ύκ
2306 3317 2471 3388 ἄλλην
2509 3317 2698 3388 ὄψεται
2742 3318 2913 3390 ἀρχὴν
2940 3318 2974 3389 ἢ
3003 3318 3100 3390 τὴν
3149 3320 3235 3389 (ἶν’
3282 3319 3453 3383 οὓτως
3483 3319 3716 3390 ὀνομάσω)

499 3427 624 3466 Leti:
691 3426 816 3481 qua”:
862 3411 1170 3465 hominibus
1206 3409 1511 3464 communis
1573 3417 1655 3462 est
1705 3421 1826 3461 cum
1877 3405 2074 3460 divinis

2194 3407 2420 3478 ὶλογίαν,
2454 3410 2512 3461 ἐν
2542 3409 2598 3462 δὲ
2627 3412 2739 3472 τοῖς
2770 3408 3006 3477 λογικοῖς
3033 3409 3189 3478 λόγον
3218 3411 3309 3463 τὸν
3343 3411 3514 3464 κοινὸν
3540 3408 3718 3480 ἀνθρώ-

493 3504 917 3572 cmlestihusque
949 3503 1184 3567 naturis,
1224 3500 1453 3555 fortasse
1474 3501 1640 3554 etiam
1663 3515 1786 3554 cum
1807 3498 1915 3552 Deo
1934 3498 2070 3567 ipso,

2194 3517 2297 3553 πων
2329 3500 2464 3572 πρὸς
2488 3499 2557 3552 τὰ
2585 3499 2703 3553 θεῖα
2729 3501 2822 3555 καὶ
2849 3502 3168 3572 ἐπουράνια,
3215 3502 3356 3572 τάχα
3388 3502 3442 3556 δὲ
3472 3503 3556 3556 καὶ
3584 3502 3717 3554 αὑτὸν

497 3606 552 3650 et
584 3610 688 3664 qua
719 3594 777 3648 fit
808 3605 867 3648 ιιι
899 3596 964 3648 ad
992 3595 1085 3649 Dei
1119 3593 1418 3660 imaginem
1452 3601 1672 3647 creatus
1695 3605 1813 3646 esse
1838 3591 2072 3646 dicatur.

2194 3594 2269 3648 τὸν
2303 3595 2395 3646 ἐπὶ
2429 3594 2733 3658 eameam,
2767 3595 2834 3648 δι’
2861 3595 2919 3647 ὂν
2949 3597 3070 3648 κατ’
3105 3596 3289 3649 εἰκόνα
3317 3596 3582 3664 γεγονέναι
3604 3594 3717 3646 ὠνόο

495 3689 562 3743 Et
595 3703 726 3744 sane
757 3690 952 3741 summi
985 3687 1076 3741 Dei
1120 3688 1322 3756 imago,
1358 3684 1593 3740 Verbum
1621 3685 1738 3755 ejus
1769 3693 1876 3739 est.

2194 3703 2384 3742 ιασται
2408 3686 2501 3740 τοῦ
2543 3687 2710 3740 Θεοῦ·
2760 3686 2923 3741 εἰκὼν
2967 3687 3076 3759 γὰρ
3116 3688 3210 3741 τοῦ
3249 3690 3344 3742 ἐπὶ
3381 3690 3509 3742 πᾶσι
3549 3686 3720 3740 Θεοῦό

2178 3774 2351 3844 Λόγος
2379 3776 2524 3829 ἐστὶν
2555 3776 2740 3830 αὑτοῦ.

2263 3870 2422 3941 Ἑξῆς
2465 3869 2522 3922 δὲ
2558 3870 2788 3935 τούτοις,
2839 3871 3082 3941 ὡσπερεὶ
3125 3871 3219 3923 ἐπὶ
3267 3870 3447 3925 πλεῖον
3491 3871 3591 3941 (2⁸5)
3637 3885 3720 3922 κα-

2175 3963 2468 4016 ταϐιϐάσαι
2497 3963 2895 4034 ἀγωνιζόμενος
2917 3963 2980 4016 τὸ
3003 3961 3112 4016 τῶν
3138 3963 3440 4035 ἀνθρώπων
3461 3963 3618 4033 γένος,
3641 3962 3719 4015 καὶ

2176 4056 2500 4128 ἐξομοιῶσαι
2524 4058 2635 4119 τοῖς
2671 4055 2903 4125 ἀλόγοις,
2946 4055 3041 4110 καὶ
3071 4055 3237 4126 μηδὲν
3276 4058 3305 4109 ὃ
3347 4074 3400 4110 τι
3438 4055 3720 4110 καταλιπεῖν

2175 4150 2343 4204 θέλων
2377 4150 2486 4204 τῶν
2519 4153 2577 4203 ἐν
2607 4153 2718 4214 τοῖς
2762 4149 2975 4219 ἀλόγοις
3018 4151 3436 4222 ἱστορουμένων,
3467 4148 3719 4221 ἐμφαινόνο

2173 4261 2282 4298 των
2305 4244 2368 4298 τὸ
2404 4243 2606 4316 μεῖζον,
2638 4245 2734 4299 καὶ
2776 4243 2844 4296 τά
2883 4243 2981 4313 τῆς
3013 4244 3266 4314 γοητείας
3297 4245 3457 4315 φησὶν
3495 4238 3722 4296 εἶναικαὶ

563 3800 654 3858 86.
687 3799 802 3855 Sub
851 3801 986 3863 hac,
1037 3799 1190 3868 quasi
1241 3799 1538 3853 humanum
1587 3813 1758 3868 genus
1802 3800 1974 3867 magis
2007 3813 2070 3851 ac

493 3896 668 3962 magis
695 3892 1012 3959 deprimere
1041 3899 1096 3945 et
1128 3891 1195 3944 ad
1225 3890 1508 3945 brutarum
1551 3889 1910 3944 animantium
1941 3905 2072 3944 con-

494 3985 758 4041 ditionem
809 3983 1046 4050 dejicere
1083 3983 1348 4047 studeret,
1396 3983 1664 4051 velletque
1711 3981 1845 4036 nihil
1882 3995 2070 4036 eorum

498 4076 950 4148 przctermittere,
1002 4091 1122 4144 qua:
1156 4075 1221 4128 de
1260 4075 1594 4130 animalibus
1628 4074 2074 4130 honorificentius

499 4171 717 4235 prodita
748 4178 912 4234 sunt;
946 4168 1022 4220 ait
1059 4183 1252 4222 eorum
1291 4167 1613 4236 quibusdam
1651 4181 1851 4219 arcana
1885 4167 2074 4235 magia

491 4264 782 4332 explorata
820 4277 963 4326 esse,
999 4272 1057 4315 ttt
1100 4277 1165 4314 ne
1223 4260 1352 4314 hinc
1403 4260 1620 4330 quidem
1668 4260 1916 4314 homines
1953 4259 2073 4329 glo-

487 4360 721 4421 rientur,
762 4356 961 4424 illaque
999 4353 1138 4408 infra
1169 4369 1230 4408 se
1265 4354 1488 4407 ducant.
1527 4353 1605 4407 Ac
1647 4353 1731 4407 sic
1778 4352 1871 4406 ille
1895 4351 2072 4421 loqui-

2194 4339 2232 4391 ἑν
2255 4355 2367 4392 τισι
2391 4337 2502 4391 τῶν
2536 4338 2745 4406 ἀλόγων
2775 4337 2883 4408 (ὼς
2920 4337 3047 4408 μηδ’
3075 4336 3168 4390 ἐπὶ
3194 4335 3370 4407 τούτῳ
3395 4339 3514 4400 τοὺς
3539 4330 3722 4404 ἀνθρὼ-

487 4464 621 4505 tur:
682 4469 701 4502 ι
741 4450 898 4517 Quod
946 4449 989 4502 si
1045 4451 1112 4502 de
1160 4447 1350 4514 magia:
1407 4449 1624 4501 arcanis
1680 4446 1780 4500 sibi
1809 4446 2065 4516 plaudant

2194 4449 2310 4496 τους
2341 4431 2631 4502 ἐξαιρέτως
2657 4430 2764 4501 (9.4)
2809 4428 3189 4500 σεμνύνεσθαι,
3233 4429 3369 4499 μηδέ
3407 4429 3568 4481 θέλειν
3598 4427 3721 4496 ἐχειν

489 4545 758 4608 homines,
793 4543 892 4596 hac
930 4555 990 4596 re
1012 4539 1375 4609 sapientiores
1407 4539 1511 4592 illis
1537 4547 1664 4593 sunt
1693 4547 1978 4606 serpentes
2013 4548 2068 4591 et

2194 4526 2272 4594 τὴν
2305 4523 2442 4595 πρὸς
2472 4523 2541 4577 τὰ
2571 4524 2739 4591 ἄλογα
2766 4521 3095 4592 ὑπεροχήν,)
3127 4521 3220 4574 καί
3249 4537 3387 4592 φησι
3413 4520 3588 4574 ταῦτα·
3623 4537 3639 4568 ι
3670 4515 3720 4568 El

487 4637 704 4707 aquilae.
733 4633 952 4691 Norttnt
986 4635 1130 4687 enim
1165 4632 1332 4688 multa
1363 4640 1552 4690 contra
1583 4647 1792 4686 venena
1827 4640 1882 4685 et
1919 4645 2064 4684 mor-

2194 4616 2230 4669 ἱέ
2253 4633 2306 4669 τι
2332 4617 2426 4670 καὶ
2453 4617 2544 4668 ἐπὶ
2577 4615 2800 4686 γοητείᾳ
2838 4614 3124 4686 φρονοῦσιν
3155 4613 3452 4685 ἄνθρωποι,
3496 4611 3598 4666 ἀλλ’
3636 4609 3723 4678 ἤδη

488 4702 589 4786 bos
628 4731 893 4795 remedia,
925 4728 1288 4800 quorumdam
1323 4726 1488 4780 etiam
1536 4726 1778 4795 lapidum
1831 4726 2063 4778 virtutes

2194 4712 2272 4765 (αἱ
2313 4710 2454 4764 κατά
2489 4710 2648 4764 τοῦτο
2684 4707 2980 4780 σοφώτεροι
3028 4708 3180 4777 ὄφεις
3219 4711 3314 4763 καὶ
3356 4707 3531 4762 ἀετοί·
3573 4702 3724 4758 πολλά

481 4834 622 4889 quas
651 4793 917 4872 curandis
943 4793 1106 4888 pullis
1154 4817 1435 4871 adhibent.
1477 4815 1533 4868 In
1585 4793 1724 4885 quos
1769 4815 1974 4886 lapides
2021 4816 2062 4869 si

2194 4804 2305 4871 (οὖν
2349 4803 2528 4856 ἴσασιν
2575 4800 2996 4872 ἀλεξιφάρμακα
3046 4801 3142 4854 καὶ
3179 4801 3496 4867 ἀλεξίκακα,
3541 4796 3630 4850 καὶ
3668 4793 3723 4858 δὴ

487 4910 706 4980 quando
731 4911 980 4965 homines
1015 4909 1337 4974 inciderint,
1379 4923 1632 4976 magnum
1677 4907 1805 4978 quid
1838 4909 2063 4976 adeptos

2194 4899 2272 4952 cat
2294 4897 2457 4950 λίθων
2481 4895 2642 4948 τινῶν
2663 4895 2940 4964 δυνάμεις,
2968 4895 3058 4948 ἐπὶ
3090 4894 3336 4966 σωτηρία
3360 4893 3466 4946 τῶν
3489 4885 3722 4942 νεοσσῶν.

487 5018 609 5057 esse
640 5015 699 5056 se
723 5000 988 5069 iudicant.
1027 5019 1046 5052 ι
1082 4999 1161 5053 Ac
1190 4999 1425 5068 primum
1457 4998 1673 5066 quidem
1707 4998 1892 5052 nescio
1923 5014 2062 5068 quo-

2194 4987 2265 5056 )ἶς
2314 4991 2381 5044 ἂν
2432 4989 2762 5060 ἐπιτύχωσιν
2808 4988 3104 5059 ἄνθρωποι,
3148 4986 3460 5058 θαυμαστόν
3487 5003 3534 5038 τι
3559 4983 3729 5053 κτῆμα

486 5098 650 5152 modo
692 5094 1083 5166 experientiam
1137 5094 1501 5163 quorumdam
1565 5093 1931 5147 remediorum
1971 5103 2064 5148 aut

2194 5087 2315 5159 Lxsw
2345 5082 2644 5155 νομίζουσι.
2681 5101 2699 5134 ι
2736 5083 2847 5136 Καὶ
2877 5080 3090 5152 πρῶτόν
3131 5098 3194 5149 γε
3221 5081 3322 5133 οὐκ
3353 5075 3444 5132 οἷδ’
3468 5079 3608 5139 ὅπως
3639 5073 3727 5141 τὴν

2172 5331 2288 5366 πων
2431 5313 2498 5366 δι’
2521 5311 2548 5364 ὃ
2574 5311 2694 5365 κατ’
2726 5308 2932 5362 εἰκόνα.

2237 5384 2351 5454 (9.5)
2386 5383 2614 5454 Philop,
2643 5381 2734 5434 ἐπὶ
2771 5379 2974 5434 πλεῖον.
3024 5375 3376 5432 Hmachelius
3406 5382 3457 5428 et
3507 5371 3730 5442 Spenee-

2171 5453 2282 5518 rus,
2315 5455 2406 5506 ἐπὶ
2439 5453 2720 5506 πλειόνων.

2237 5513 2348 5593 (ἐι)
2399 5523 2762 5592 Ἐξαιρέτως.
2827 5519 2997 5593 Deest
3061 5513 3628 5593 aptt_d_lltesclt_elin.m
3677 5518 3728 5591 et

2170 5581 2528 5665 Sp‘encerum,
2545 5581 2636 5665 sed
2667 5581 2934 5662 reperitur
2957 5581 3416 5665 in_c_o'tld.__Regio,
3441 5581 3726 5665 ﬁasileensi

2173 5652 2228 5720 ei
2261 5652 2575 5720 Philncalia.
2613 5652 2752 5716 tun-it
2787 5671 2936 5714 recte
2978 5652 3407 5720 Philocaliafel
3437 5655 3491 5710 δέ
3538 5671 3590 5707 τι
3644 5652 3729 5705 και

2165 5737 2258 5790 ἐπὶ
2287 5735 2532 5807 γοητείᾳ.
2564 5734 2715 5804 Apud
2735 5729 3108 5807 _Ilmsche|it_nn
3135 5736 3200 5807 et_
3225 5728 3550 5807 S‘pencetum
3587 5727 3730 5779 deest

2165 5807 2276 5861 ἐπί.
2300 5793 2505 5864 ibidem
2532 5793 2647 5876 lego
2682 5803 2823 5874 μέγα
2856 5799 3143 5872 φρονοῦσιν
3171 5793 3461 5869 ἄνθρωποι.

563 5317 673 5386 (20)
736 5317 1226 5388 Ἀπαγγέλλουσι.
1298 5314 1480 5370 Malim
1551 5331 1673 5368 cum
1759 5312 2062 5377 Boherello,

487 5389 921 5463 ἀτενγγελλούσῃ·

553 5454 1009 5530 (2⁷1)Ιμὶι)ι›.’ἐιιίιί
1039 5460 1090 5514 in
1143 5458 1408 5530 margine,
1454 5454 1646 5530 αύτού.
1700 5455 1879 5530 ΔξδιιιιΙο
1943 5463 2065 5530 post

490 5525 819 5602 Pliilocalia,_
836 5531 929 5583 ἀπ’
962 5529 1191 5602 ούρανοῦ
1223 5528 1297 5602 τάγ
1323 5529 1412 5602 ἐπὶ
1445 5528 1548 5602 γῆς
1587 5525 1899 5602 ’ἐπιϐλέπομ
1953 5525 2054 5602 Lit-

487 5608 675 5656 cianus
699 5601 750 5653 in
782 5594 1072 5667 Contemp'l.
1101 5601 1300 5670 aliquid
1332 5599 1444 5653 fere
1474 5594 1656 5652 simile
1678 5598 1885 5670 habet;
1924 5594 2066 5648 unde

489 5688 595 5726 non
651 5673 924 5726 immerito
954 5672 1131 5741 colligi
1167 5667 1343 5738 potest
1399 5683 1651 5738 magnam
1682 5680 1804 5720 eum
1835 5667 1978 5720 inter
2003 5675 2059 5720 et

485 5743 700 5802 Celsum
731 5743 897 5796 fuisse
933 5741 1411 5795 necessitudinem.

555 5799 667 5883 ζέε)
702 5813 859 5867 Libb.
898 5813 1028 5867 editi
1063 5812 1115 5883 in
1150 5821 1316 5883 texttt,
1359 5810 1460 5863 κᾶν
1494 5805 1705 5883 μεγάλα
1752 5799 2057 5883 {versuto

487 5877 626 5938 infra
651 5871 979 5943 'Philocalia.
1003 5884 1060 5936 ἐν
1086 5882 1143 5936 δὲ
1158 5885 1267 5943 τοῖς
1288 5871 1526 5949 λογικοῖς
1553 5871 1613 5930 τὸ
1640 5871 1818 5930 κοινδν
1844 5871 2055 5936 ἀνθρὼ-
