3840 6412
1299 283 1330 300 r'

515 363 660 424 1165

1968 345 2291 404 ORIGENIS

3633 355 3741 412 liful

517 499 641 540 cum
667 483 778 553 jam
805 477 998 548 nonin
1031 471 1336 546 proverbiis
1385 470 1576 540 loquar
1625 466 1780 522 vobis
1812 467 1876 519 ⁸¹.
1915 485 1934 518 ι
1975 463 2085 517 Non

2199 482 2216 513 ι
2256 460 2422 516 Ταῦτ’
2459 460 2519 516 ὲν
2562 462 2889 536 παροιμίαις
2923 461 3200 534 λελάκηκα
3245 464 3391 534 ὑμῖν,
3426 461 3534 515 ἀλλ’
3567 463 3745 534 ἔρχεται

518 575 685 643 igitur
711 567 1063 640 aspectabiles
1096 567 1182 623 ha:
1217 564 1462 618 formica:
1482 569 1610 618 sunt
1634 559 1974 631 sapientibus
2003 573 2092 612 sa—

515 657 964 734 pientiores;-sed
994 671 1130 726 quas
1169 655 1255 708 illa
1295 652 1708 723 proverbiornm
1761 651 1972 720 Species
2001 651 2093 702 de-

516 757 742 824 signat:
778 750 920 822 quod
957 749 1095 804 idem
1133 745 1416 801 ferendum
1469 745 1537 800 de
1579 743 1796 812 caeteris
1845 742 2093 796 animan-

515 847 663 902 tibus
691 842 982 913 judicium.
1017 839 1124 895 Sed
1148 837 1338 894 Celsus
1367 845 1522 908 putat
1547 833 1946 904 simplicissime
1971 831 2090 886 nul-

513 939 676 1010 laque
702 935 965 1010 sapientia
999 934 1235 1002 scriptos
1259 945 1383 986 esse
1411 929 1724 986 Judreorum
1752 935 1804 982 et
1823 924 2090 981 Chrisua-

513 1047 708 1090 norum
753 1029 922 1086 libros
951 1035 1005 1082 et
1026 1027 1136 1080 vim
1172 1022 1352 1080 afferri
1413 1023 1744 1094 scriptorum
1789 1021 2089 1090 proposito,

511 1140 638 1180 cum
685 1121 980 1192 allegorice
1039 1118 1406 1188 explicantur.
1455 1115 1552 1172 His
1602 1116 1792 1184 itaque
1841 1111 2094 1166 refutatu:

509 1215 715 1271 fuerint
741 1215 934 1269 inanes
968 1210 1084 1278 ejus
1109 1208 1433 1272 calumniae:
1487 1207 1790 1260 refutatum
1844 1203 2007 1257 fuerit
2036 1211 2093 1256 et

509 1309 568 1363 id
619 1307 762 1378 quod
818 1307 884 1360 de
931 1301 1279 1372 serpentibus
1327 1308 1382 1353 et
1429 1298 1626 1368 aquilis
1673 1293 2091 1366 pronuntiavit,

467 1461 476 1469 _
509 1408 772 1468 utrosque
807 1393 1121 1449 hominibus
1147 1405 1269 1446 esse
1299 1389 1686 1460 sapientiores.

578 1573 670 1629 88.
704 1571 883 1627 Multis
907 1579 1170 1641 praeterea
1215 1569 1449 1639 probare
1483 1569 1676 1622 nititur
1723 1581 1831 1621 non
1897 1563 2108 1620 melius

508 1667 758 1722 homines
787 1665 853 1720 de
889 1665 996 1718 Deo
1047 1661 1309 1732 cogitare,
1353 1675 1514 1729 quam
1547 1669 1744 1714 caetera
1801 1658 2088 1724 mortalia;

507 1769 564 1814 et
602 1759 862 1828 quasdam
917 1772 949 1811 e
995 1754 1174 1810 brutis
1227 1754 1603 1808 animantibus
1683 1752 1776 1806 Dei
1838 1751 2086 1805 notitiam

509 1826 715 1908 habere
752 1869 767 1906 :
800 1851 865 1905 de
897 1863 1002 1918 quo
1035 1857 1213 1902 tamen
1244 1856 1354 1900 tam
1387 1845 1552 1900 variat
1579 1853 1799 1915 tamque
1823 1844 2090 1899 dissiden-
2125 1826 2170 1882 Β

511 1955 598 2001 tes
628 1955 751 2000 sunt
788 1943 1074 1998 sententia:
1102 1939 1344 1994 omnium
1389 1940 1670 1995 hominum
1705 1949 1814 1994 tam
1867 1940 2089 1994 Graeco-

509 2053 632 2092 rum
691 2050 853 2106 quam
903 2035 1287 2090 barbarorum.
1347 2031 1472 2088 Haec
1531 2043 1660 2088 sunt
1709 2032 1826 2099 ejus
1883 2035 2085 2088 verba:

515 2151 534 2184 ι
570 2131 666 2186 Sin
698 2139 878 2184 autem
906 2131 1087 2194 homo,
1119 2129 1246 2198 quia
1268 2127 1478 2182 divinas
1505 2128 1672 2182 habet
1717 2127 1986 2190 notiones,
2027 2141 2090 2182 ea

509 2238 680 2278 causa
729 2237 788 2278 se
861 2231 1014 2292 putat
1071 2221 1287 2276 caeteris
1350 2221 1724 2276 animantibus
1797 2229 2086 2290 prazstare;

509 2317 703 2382 sciant,
732 2316 823 2386 qtti
855 2317 957 2370 hoc
989 2316 1198 2380 dicunt,
1230 2316 1429 2370 multas
1471 2329 1590 2369 esse
1625 2329 1748 2383 quae
1783 2315 1836 2368 id
1874 2329 2091 2384 quoque

506 2410 638 2464 boni
687 2409 791 2464 sibi
836 2409 1138 2464 vindicent.
1197 2408 1310 2464 Nec
1355 2407 1634 2462 immerito
1685 2422 1699 2459 :
1761 2405 1892 2474 quid
1943 2395 2088 2460 enim

507 2500 768 2565 divinius,
827 2514 986 2568 quam
1045 2515 1134 2554 res
1178 2499 1388 2554 futuras
1447 2511 1792 2568 praenoscere
1835 2505 1890 2552 et
1947 2509 2132 2568 pr:e-'

507 2593 800 2649 nuntiare?
830 2575 996 2662 Atqui
1031 2591 1178 2646 istud
1205 2591 1274 2646 ab
1307 2589 1430 2644 aliis
1463 2589 1832 2644 animantibus
1864 2597 1922 2643 et
1945 2605 2089 2659 pra).

506 2687 702 2742 sertim
735 2686 804 2740 ab
823 2683 1014 2738 avibus
1031 2683 1249 2738 discunt
1267 2683 1552 2748 homines;
1581 2691 1640 2736 ut
1669 2697 1760 2736 ars
1778 2681 2088 2734 divinorum

507 2778 676 2852 569
713 2786 822 2834 tota
886 2776 940 2831 in
991 2775 1352 2832 observandis
1406 2789 1594 2827 earum
1641 2773 2088 2844 prmdictionibus

505 2871 684 2942 posita
716 2870 808 2925 sit.
845 2867 906 2925 Si
936 2883 1064 2924 vero
1098 2882 1227 2922 aves
1261 2867 1478 2935 aliaque
1533 2865 1790 2920 animalia
1824 2866 1892 2920 ad
1923 2865 2086 2922 'divi-

504 2963 785 3020 nationem
845 2971 971 3033 apta
1029 2976 1132 3016 nos
1192 2961 1516 3030 quibusdam
1576 2959 1746 3030 signis
1795 2959 1994 3016 docent
2023 2974 2086 3014 ea

505 3069 630 3126 qua:
667 3055 800 3125 ipsis
839 3053 983 3110 Deus
1019 3053 1251 3118 retexit;
1289 3067 1420 3121 ergo
1467 3051 1760 3106 arctiorem
1815 3067 1942 3107 cum
1973 3052 2088 3108 Deo

2200 556 2340 627 ὥρα,
2369 557 2456 608 ὅτε
2485 555 2668 608 οὐκέτι
2691 557 2749 608 ἐν
2779 557 3098 627 παροιμίαις
3125 557 3344 626 λαλήσω
3367 556 3510 625 ὑμῖν.
3543 575 3560 607 ι
3587 559 3685 629 Οὐχ
3707 561 3745 613 oi

2201 648 2448 718 αἰσθητοὶ
2475 647 2655 700 τοίνυν
2699 646 2990 718 μύρμηκες
3023 649 3320 719 σοφώτεροι
3353 647 3570 700 καὶτῶν
3599 651 3745 720 σοφῶν

2201 743 2359 804 εἰσιν,
2413 739 2527 794 ἀλλ’
2574 741 2624 793 οἱ
2671 739 2992 812 δηλούμενοι
3039 741 3114 804 ὡς
3165 742 3223 794 ὲν
3275 739 3406 792 εῖδει
3455 743 3744 812 παροιμιῶν.

2202 833 2358 886 Οὕτω
2389 833 2446 887 δὲ
2475 834 2696 887 λεκτέον
2735 834 2830 886 xai.
2867 833 2992 904 περὶ
3026 833 3134 886 τῶν
3171 832 3375 886 λοιπῶν
3409 832 3583 896 {diem
3619 834 3746 888 Ἀλλά

2201 927 2344 979 πάνυ
2374 925 2727 980 ἁπλούστατα
2748 926 2958 997 νομίζει
2983 922 3120 979 εἶναι
3145 927 3239 978 καὶ
3271 925 3510 978 ἰδιωτικὰ
3527 925 3554 977 ὁ
3576 925 3746 990 Κέλσος

2201 1021 2268 1074 τὰ
2308 1019 2572 1074 Ἰουδαίων
2603 1022 2697 1075 καὶ
2725 1021 3064 1092 Χριστιανῶν
3108 1019 3306 1090 βιϐλία,
3334 1022 3429 1075 καὶ
3457 1021 3616 1074 οίεται
3649 1025 3746 1086 τοὺς

2201 1111 2636 1185 ἀλληγοροῦντας
2683 1111 2844 1176 αὐτὰ,
2896 1113 3248 1184 βιαζομένους
3287 1115 3348 1166 τὸ
3391 1113 3626 1184 βούλημα
3663 1116 3744 1168 τῶν

2199 1205 2544 1278 γραψάντων,
2577 1205 2736 1258 τοῦτο
2767 1209 2962 1259 ποιεῖν.
3022 1206 3371 1277 Ἐληλέγχθω
3415 1203 3504 1260 οῦν
3561 1208 3642 1260 καὶ
3680 1209 3745 1262 διὰ

2201 1299 2404 1353 τούτων
2441 1300 2469 1350 ὁ
2499 1297 2707 1370 Κέλσος
2743 1298 2918 1368 μάτην
2955 1299 2986 1368 ἡ
2998 1299 3102 1366 μᾶς
3131 1297 3451 1361 διαϐάλλων,
3481 1293 3745 1368 ὲληλέγχθω

2198 1393 2254 1446 δὲ
2285 1392 2449 1446 αὑτοῦ
2479 1391 2572 1445 καὶ
2603 1393 2631 1444 ὁ
2665 1391 2792 1462 περὶ
2817 1390 2992 1460 ὄφεων
3023 1391 3115 1443 καὶ
3155 1389 3329 1443 ἀετῶν
3361 1389 3535 1459 λόγος,
3567 1392 3743 1462 ἀποφη-

2202 1485 2432 1554 νάμενος
2460 1479 2596 1536 εἶναι
2627 1482 2852 1546 τούτους
2877 1481 3179 1554 ἀνθρώπων
3211 1483 3568 1555 σοφωτέφυς.

2269 1597 2449 1651 Θέλων
2478 1597 2521 1650 δ’
2569 1596 2647 1650 ἔτι
2685 1597 2798 1666 ('55)
2829 1595 2918 1670 διὰ
2947 1593 3208 1650 πλειόνων
3244 1585 3508 1668 μηδὲ’τας
3533 1597 3647 1668 περὶ
3671 1597 3741 1650 τοῦ

2199 1692 2356 1746 Θείου
2388 1692 2596 1754 ἑννοίας
2622 1691 2934 1762 ἐξαιρέτους
2963 1686 3104 1744 εἶναι
3133 1690 3287 1761 παρὰ
3313 1691 3382 1744 τὰ
3411 1691 3572 1762 θνητὰ
3599 1692 3742 1744 πάντα

2199 1788 2258 1839 ὲν
2287 1785 2365 1856 τῷ
2394 1785 2539 1854 γένει
2586 1785 2695 1837 τῶν
2743 1782 3067 1855 ἀνθρώπων,
3119 1783 3258 1838 ἀλλὰ
3298 1785 3392 1838 καὶ
3441 1784 3543 1837 τῶν
3569 1783 3742 1852 ἀλόγων

2197 1877 2352 1941 ζώων
2381 1877 2502 1932 τινὰ
2529 1877 2806 1945 ἀποφῆναι
2845 1875 3131 1930 ἐννοοῦντα
3165 1877 3296 1948 περὶ
3337 1877 3431 1929 τοῦ
3467 1876 3614 1940 Θεοῦ,
3645 1878 3742 1947 περὶ

2193 1966 2254 2025 οῦ
2295 1970 2536 2024 τοιαῦται
2564 1969 2852 2038 διαφωνίαι
2886 1968 2994 2038 (5-4)
3026 1968 3281 2038 γεγόνασι
3319 1969 3415 2022 καὶ
3457 1971 3562 2032 τοῖς
3589 1967 3738 2032 ὀξυτέ-

2195 2081 2309 2134 ροις
2347 2064 2454 2116 τῶν
2505 2061 2780 2131 πανταχοῦ
2827 2060 3151 2132 ἀνθρώπων,
3208 2061 3474 2133 Ἑλλήνων
3511 2063 3596 2115 καὶ
3637 2061 3738 2132 βαρ-

2194 2155 2398 2226 ϐάρων,
2431 2154 2594 2224 φησίν
2617 2173 2628 2182 ·
2663 2173 2680 2204 ι
2715 2155 2778 2206 Ei
2807 2153 2882 2218 δ’,
2913 2153 2996 2206 ὅτι
3035 2153 3130 2206 xui.
3162 2152 3313 2216 θείας
3343 2155 3544 2217 ἐννοίας
3569 2153 3740 2225 ἄνθρω-

2194 2263 2294 2310 πος
2341 2245 2686 2316 ἐπείληπται,
2741 2245 3021 2316 νομίζεται
3074 2245 3365 2316 ὑπερέχειν
3419 2244 3524 2298 τῶν
3571 2245 3736 2299 λοιπῶν

2193 2337 2367 2406 ζώων,
2401 2339 2634 2394 ἴστωσαν
2677 2341 2726 2392 οἱ
2771 2339 2925 2392 τοῦτο
2961 2341 3282 2409 φάσκοντες,
3330 2342 3408 2394 ’ότι
3455 2342 3540 2395 καὶ
3581 2341 3738 2394 τούτου

2193 2433 2365 2486 πολλὰ
2409 2435 2516 2506 τῷν
2563 2433 2739 2487 ἄλλων
2773 2431 2926 2496 ζώων
2965 2434 3450 2506 ἀντιποιηθήσεται
3493 2435 3608 2502 (55).
3649 2432 3740 2487 Καὶ

2194 2523 2340 2594 μάλα
2365 2525 2604 2586 εἰκότως·
2637 2523 2689 2576 τί
2735 2521 2844 2593 γὰρ
2877 2523 2941 2576 ἂν
2989 2523 3122 2591 φαίη
3157 2541 3242 2586 τις
3281 2523 3544 2594 θειότερον
3577 2522 3658 2576 τοῦ
3681 2522 3736 2576 τὰ

2193 2616 2455 2688 μέλλοντα
2503 2614 2936 2688 προγιγνώσκειν
2983 2633 3040 2668 τε
3085 2617 3180 2669 καὶ
3223 2617 3544 2688 προδηλοῦν;
3591 2615 3733 2669 Τοῦτο

2187 2707 2368 2760 τοίνυν
2389 2707 2668 2778 ἄνθρωποι
2699 2707 2849 2778 παρὰ
2881 2706 2988 2760 τῶν
3011 2707 3184 2762 ἄλλων
3213 2707 3390 2772 ζώων,
3418 2710 3508 2761 καὶ
3537 2707 3736 2778 μάλιστα

2189 2801 2320 2868 παρ’
2371 2799 2620 2870 ὀρνίθων,
2687 2799 3038 2869 μανθάνουσι·
3085 2800 3182 2854 καὶ
3233 2801 3348 2853 ὅσοι
3401 2800 3499 2870 τῆς
3545 2799 3735 2854 ἐκείνων

2189 2889 2466 2958 ἐνδείξεως
2516 2891 2822 2954 ἐπαΐουσιν,
2867 2883 3012 2944 οὗτοι
3060 2891 3332 2962 μαντικοί.
3376 2893 3440 2946 Εἰ
3481 2893 3522 2946 δ’
3549 2891 3728 2964 ὄρνιθες

2187 2982 2316 3054 ἄρα,
2347 2982 2443 3035 καὶ
2473 2983 2572 3036 ὅσα
2619 2983 2752 3036 ἄλλα
2783 2983 2893 3054 (56)
2925 2983 3040 3049 ζῶα
3081 2985 3321 3054 μαντικὰ
3367 2987 3434 3038 ὲκ
3461 2983 3586 3037 Θεοῦ
3625 2998 3732 3052 πριν

2187 3074 2546 3142 γινώσκοντα,
2583 3075 2672 3129 διὰ
2709 3077 2992 3147 συμϐόλων
3026 3079 3174 3148 ἡμᾶς
3213 3077 3480 3142 διδάσκει,
3511 3075 3732 3130 τοσοῦτον

503 3148 826 3203 societatem
877 3145 1102 3210 habent,
1133 3145 1465 3214 sapientiora
1516 3154 1664 3210 sunt,
1689 3153 1744 3200 et
1781 3144 1892 3201 Deo
1927 3160 2085 3200 acce-

2193 3165 2366 3220 ἔοικεν
2401 3167 2509 3236 (57)
2547 3144 2828 3240 ἐγγυτέρω
2885 3169 2986 3240 τῆς
3029 3144 3180 3234 θείας
3213 3170 3428 3242 ὁμιλίας
3469 3171 3632 3222 ἐκεῖνα
3661 3183 3736 3219 πε-

503 3240 704 3308 ptiora.
735 3237 906 3291 Aiunt
931 3245 1195 3306 praeterea
1223 3235 1854 3305 prudentiores,bestias
1881 3235 2085 3290 habere

505 3329 654 3384 inter
699 3343 759 3383 se
804 3328 1100 3399 colloquia,
1134 3344 1308 3400 eaque
1358 3330 1562 3386 nostris
1603 3344 1728 3386 esse
1776 3331 2080 3388 sanctiora:

505 3435 630 3492 quae
657 3420 878 3489 quidem
911 3421 1012 3493 ipsi
1045 3422 1360 3492 intelligunt
1389 3431 1444 3476 et
1470 3421 1545 3476 ita
1577 3436 1698 3478 esse
1731 3423 2084 3492 persuadent,

505 3530 656 3581 cum,
687 3521 972 3585 postquam
1005 3529 1104 3570 nos
1145 3523 1592 3582 praemonuerunt
1623 3527 1752 3570 aves
1785 3514 1988 3571 dixisse
2028 3531 2086 3572 se

505 3605 693 3678 aliquo
721 3606 963 3662 abituras
985 3615 1079 3660 aut
1115 3607 1224 3660 hoc
1265 3604 1466 3660 illudve
1495 3604 1770 3672 facturas;
1795 3619 1890 3662 eas
1927 3608 2085 3664 nobis

503 3699 804 3754 ostendunt
861 3697 953 3754 illo
1003 3697 1442 3767 proﬁciscentes,
1496 3705 1592 3752 aut
1639 3699 1907 3755 facientes
1963 3716 2085 3771 quae

506 3799 636 3848 ante
676 3791 953 3847 dixerunt.
1007 3790 1331 3860 Elephantis
1377 3798 1560 3846 autem
1607 3791 1740 3846 nihil
1784 3793 2082 3860 ju‘ramenti

506 3885 772 3949 tenacius,
807 3881 1003 3938 divinis
1037 3882 1203 3936 rebus
1227 3883 1500 3936 addictius
1529 3883 1666 3936 nihil
1689 3897 1810 3939 esse
1843 3885 2080 3953 videtur;

505 3979 672 4047 idque
698 3993 762 4031 ea
791 3991 952 4032 causa
981 3978 1100 4031 sine
1127 3976 1313 4042 dubio,
1333 3976 1478 4046 quod
1501 3975 1672 4030 Deum
1689 3986 2076 4046 cognoscant.»

505 4069 607 4126 Hic
641 4071 764 4126 vide
792 4079 925 4140 quot
957 4059 1225 4138 congerat
1256 4077 1308 4124 et
1339 4083 1438 4137 pro
1479 4069 1745 4124 confessis
1783 4079 1981 4135 sumat,
2017 4070 2084 4126 de

505 4163 706 4234 quibus
759 4173 939 4217 tamen
987 4162 1212 4216 minime
1248 4161 1506 4217 convenit
1559 4161 1700 4216 inter
1731 4161 2084 4232 phi1050phos

503 4263 615 4307 tam
655 4253 968 4308 Graecorum
1001 4267 1162 4322 quam
1199 4252 1576 4315 barbarorum,
1609 4253 1699 4322 qui
1735 4253 1814 4306 vel
1859 4253 2082 4308 invene-

503 4355 633 4400 runt
674 4344 757 4400 vel
804 4360 833 4398 a
875 4343 1157 4400 daemoniis
1189 4345 1509 4413 quibusdam
1553 4347 1695 4398 docti
1733 4345 1949 4400 fuerunt
1994 4361 2078 4410 ea,

500 4451 630 4508 quae
661 4438 729 4492 ad
757 4451 885 4493 aves
928 4436 1145 4506 aliaque
1183 4435 1440 4490 animalia
1490 4438 1790 4506 pertinent,
1817 4453 1845 4492 a
1878 4439 2078 4505 quibus

505 4531 764 4588 homines
817 4530 1208 4586 divinationem
1265 4529 1526 4586 didicisse
1571 4531 1952 4599 perhibentur.
1997 4531 2079 4586 Ac

501 4623 738 4694 primum
798 4623 1017 4692 quidem
1071 4623 1384 4693 disputatur
1431 4623 1504 4678 sit
1557 4637 1650 4677 ars
1703 4623 1984 4693 auguralis
2029 4633 2084 4678 et

502 4711 805 4782 generatim
859 4712 1128 4767 divinatio
1177 4727 1276 4782 per
1324 4712 1606 4780 animalia,
1641 4727 1836 4768 necne.
1873 4713 2082 4768 Deinde

503 4807 648 4860 inter
681 4819 796 4872 eos,
835 4806 926 4874 qui
971 4805 1366 4860 divinationem
1423 4819 1520 4874 per
1573 4820 1702 4862 aves
1766 4806 2078 4871 admittunt,

503 4907 613 4948 non
641 4903 858 4949 constat
891 4894 1035 4949 unde
1079 4907 1248 4948 causa
1283 4893 1640 4949 divinationis
1671 4896 1962 4964 repetenda
1985 4895 2078 4954 sit.

505 4981 612 5036 Alii
643 4982 830 5037 dicunt
871 4983 1129 5037 animalia
1171 4993 1266 5038 aut
1296 4999 1325 5038 a
1355 4983 1682 5052 quibusdam
1713 4985 2078 5051 daemonibus,

504 5082 598 5128 aut
626 5088 656 5126 a
685 5073 790 5127 diis
823 5087 1005 5128 rerum
1033 5074 1339 5130 futurarum
1365 5075 1670 5130 scientibus
1689 5077 1923 5139 moveri,
1949 5093 2081 5134 aves

505 5166 722 5237 quidem
777 5168 846 5221 ad
903 5167 1198 5222 volandum
1250 5167 1466 5222 diverse
1509 5168 1870 5239 diversasque
1917 5185 2082 5226 sonos

504 5257 852 5323 emittendos,
880 5259 1090 5328 reliqua
1123 5273 1250 5312 vero
1275 5257 1530 5312 animalia
1563 5259 1652 5313 his
1676 5267 1770 5312 aut
1803 5259 1909 5314 illis
1941 5262 2074 5320 cieri

463 5397 486 5461 ἕξ
571 5393 617 5426 ⁸¹
652 5391 809 5449 Joan.
837 5409 950 5461 xvi,
973 5395 1066 5450 25.

563 5487 678 5558 (35)
706 5487 866 5558 Libb.
891 5489 1016 5544 editi
1049 5490 1100 5544 in
1128 5497 1301 5555 textu,
1331 5493 1500 5548 θέλων
1548 5496 1604 5549 δέ
1637 5513 1710 5552 τι,

711 5557 943 5634 ξίιίίοοη
967 5560 1224 5634 τοσαῦται
1252 5563 1558 5634 διαφωνίαι,

711 5626 938 5705 ξιιὶιοεξ,
965 5626 1388 5705 ἀντιποιήσεται.

708 5697 1014 5786 Υρὶξ-ᾷλλα,
1048 5702 1096 5754 in
1125 5696 1284 5758 an'tea
1315 5707 1474 5762 editis
1525 5707 1892 5776 desideratur,
1935 5727 2065 5786 sup-

495 5767 728 5839 picture
757 5768 1073 5824 Philoculiu.

566 5839 678 5914 (3'1)
711 5839 854 5911 Lego
883 5855 1005 5924 cum
1031 5840 1336 5926 Boberello,
1368 5847 1622 5902 τοσούτου
1653 5847 1848 5906 ἔοικεν.

2191 3259 2438 3328 φυκέναι,
2471 3261 2564 3313 καὶ
2593 3257 2730 3314 εἶναι
2763 3261 3070 3334 σοφώτερα,
3093 3263 3189 3316 καὶ
3223 3263 3596 3332 θεοφιλέστερα
3625 3262 3732 3332 (58).

2188 3351 2324 3405 Φασὶ
2347 3351 2402 3404 δὲ
2437 3353 2544 3405 τῶν
2590 3352 2898 3424 ἀνθρώπιον
2923 3355 2974 3406 οί
3005 3355 3218 3408 συνετοὶ
3259 3357 3354 3408 καὶ
3383 3355 3592 3426 ὁμιλίας
3615 3351 3730 3406 ὲκεί-

2188 3459 2299 3506 νοις
2341 3441 2508 3508 εἶναι,
2546 3443 2786 3516 δηλονότι
2833 3445 2940 3498 τῶν
2983 3445 3271 3518 ἡμετέρων
3315 3446 3633 3518 ίερωτέρας,
3659 3444 3734 3496 καὶ

2189 3535 2342 3588 αὐτοί
2366 3553 2466 3588 που
2489 3537 2774 3608 γνωρίζειν
2797 3536 2866 3590 τὰ
2888 3537 3176 3608 λεγόμενα,
3205 3539 3298 3592 καὶ
3321 3537 3468 3610 ἔργῳ
3487 3535 3732 3597 δεικνύειν,

2189 3628 2270 3680 ὅτι
2318 3629 2708 3700 γνωρίζουσιν,
2753 3631 2882 3683 ὅταν
2915 3631 3302 3702 προειπόντες,
3353 3633 3436 3684 ὅτι
3477 3632 3666 3700 ἔφασαν
3693 3627 3734 3680 οἱ

2188 3719 2400 3790 ὄρνιθες
2442 3719 2517 3783 ὡς
2549 3721 2741 3774 ἀπίασί
2787 3739 2898 3789 ποι,
2941 3725 3036 3776 καὶ
3073 3725 3361 3792 ποιήσουσι
3403 3725 3516 3777 τόδε
3551 3724 3580 3793 ἢ
3619 3721 3732 3778 τόδε.

2187 3811 2502 3865 δεικνύωσιν
2553 3813 2886 3878 ἀπελθόντας
2933 3817 3082 3880 ἐκεῖ,
3143 3817 3238 3869 καὶ
3285 3815 3568 3878 ποιοῦντας
3617 3813 3646 3868 ἃ
3683 3811 3734 3880 δὴ

2189 3905 2470 3972 προεῖπον.
2524 3901 2862 3970 Ἐλεφάντων
2918 3905 2974 3957 δὲ
3029 3905 3180 3959 οὐδὲν
3229 3907 3596 3978 εύορκότερον,
3639 3902 3734 3957 οὐδὲ

2187 3995 2324 4062 πρὸς
2349 3993 2418 4047 τὰ
2455 3993 2572 4046 θεῖα
2603 3995 2924 4068 πιστότερον
2953 3993 3096 4050 εἷναι
3125 3997 3294 4060 δοκεῖ,
3329 4001 3543 4062 πάντως
3571 3999 3732 4068 δήπου.

2186 4086 2316 4138 διότι
2339 4087 2538 4154 γνῶσιν
2567 4087 2734 4140 αὑτοῦ
2767 4089 2980 4158 ἔχουσιν
3003 4089 3132 4160 (59).
3165 4109 3183 4141 ι
3215 4091 3360 4162 ’Ὀρα
3391 4091 3447 4144 δὲ
3481 4094 3534 4146 ἐν
3557 4088 3732 4146 τούτοις

2184 4177 2284 4229 ὅσα
2327 4175 2634 4248 ζητούμενα
2677 4181 2829 4249 παρὰ
2873 4183 2987 4244 τοῖς
3039 4179 3425 4250 φιλοσοφοῦσιν
3483 4181 3560 4250 (οὐ
3605 4178 3732 4250 μόνον

2197 4269 2485 4340 Ἑλλήνων,
2521 4271 2658 4325 ἀλλὰ
2701 4273 2794 4324 καὶ
2837 4270 2946 4322 τῶν
3001 4274 3058 4326 ὲν
3101 4271 3424 4344 βαρϐάροις,
3459 4270 3732 4340 εἴθέύρόνο

2184 4378 2315 4426 των,
2347 4361 2457 4415 εἴτε
2505 4364 2658 4434 παρά
2681 4381 2842 4418 τινων
2869 4365 3139 4434 δαιμόνων
3195 4365 3478 4435 μαθόντων
3529 4366 3594 4420 τά.
3631 4363 3730 4434 περὶ

2184 4453 2389 4508 οίωνῶν
2417 4455 2511 4508 καὶ
2543 4455 2650 4508 τῶν
2695 4455 2869 4510 ἄλλων
2895 4455 3070 4520 ζώων,
3101 4458 3196 4526 ἀφ’
3229 4451 3305 4512 ὧν
3345 4461 3588 4530 μαντεῖαί
3615 4471 3730 4512 τινες

2183 4544 2492 4616 ἀνθρώποις
2522 4545 2766 4615 γίνεσθαι
2813 4547 3096 4618 λέγονται)
3149 4551 3508 4621 συναρπάζει,
3551 4551 3634 4602 καὶ
3669 4544 3728 4604 ὡς

2179 4635 2582 4707 ὁμολογούμενα
2621 4637 2912 4692 ἐκτίθεται.
2947 4640 3170 4712 Πρῶτον
3205 4644 3304 4712 μὲν
3335 4644 3446 4712 γὰρ
3471 4643 3720 4710 ἐζήτηταιι

2181 4727 2408 4796 πότερόν
2441 4729 2556 4781 ὲστί
2597 4747 2682 4793 τις
2723 4717 2884 4800 τέχνη
2915 4733 3250 4804 οἰωνιστικὴ,
3289 4734 3384 4786 καὶ
3433 4729 3726 4796 ἁπαξαπλῶς

2181 4822 2214 4889 ἡ
2241 4819 2329 4872 διὰ
2361 4819 2512 4884 ζώων
2557 4824 2816 4893 μαντικὴ,
2854 4823 2886 4893 ἢ
2929 4825 3030 4876 οὐκ
3074 4824 3220 4876 ἐστι’
3250 4825 3498 4896 δεύτερον
3531 4825 3584 4878 δὲ
3605 4821 3728 4891 παρὰ

2180 4915 2293 4976 τοῖς
2323 4913 2792 4985 παραδεξαμένους
2825 4913 2960 4968 εἶναι
2991 4915 3092 4986 τὴν
3117 4916 3185 4968 δι’
3213 4917 3444 4987 ὀρνίθων
3476 4913 3726 4988 μαντικὴν.

2180 5006 2242 5057 οὐ
2275 5005 2706 5077 συμπεφώνηται
2736 5009 2768 5078 ἡ
2802 5008 2950 5061 αἰτία
2983 5007 3076 5062 τοῦ
3103 5009 3310 5079 τρόπου
3341 5011 3442 5080 τῆς
3471 5008 3724 5080 μαντείαις⁸

2180 5099 2476 5171 ἐπειδήπερ
2506 5102 2554 5152 οἱ
2590 5101 2686 5170 μὲν
2717 5101 2824 5153 ἀπό
2847 5117 3006 5156 τινων
3037 5103 3362 5174 δαιμόνωνῆ
3401 5105 3532 5157 θεῶν
3563 5115 3726 5172 μαντι-

2180 5189 2290 5244 κῶν
2328 5209 2458 5259 φασι
2500 5191 2782 5259 γίγνεσθαι
2809 5192 2908 5256 τὰς
2939 5195 3182 5265 κινήσεις
3213 5197 3326 5258 τοῖς
3357 5197 3548 5260 ζώοις
3573 5195 3724 5265 ὄρνισι
3755 5245 3758 5248 ,

2181 5281 2277 5349 μὲν
2303 5283 2382 5346 είς
2412 5281 2702 5354 διαφόρους
2734 5286 2961 5356 πτήσεις
2994 5286 3092 5338 καὶ
3119 5288 3200 5350 εἰς
3225 5287 3512 5358 διαφόρους
3543 5285 3722 5356 φωνὰς»

2257 5509 2368 5580 (58)
2427 5509 2718 5580 Philocalia
2743 5552 2757 5575 ,
2787 5510 3218 5580 ,θεοφιλέστερα.
3285 5510 3619 5568 llmschelius
3649 5579 3656 5580 γ
3681 5513 3726 5558 et

2185 5579 2966 5652 Spencerus,Decetiam”.
3023 5579 3188 5636 Paulo
3249 5595 3373 5652 post
3439 5579 3722 5636 Philae-alia.

2182 5649 2466 5744 γνωρίζειν
2497 5649 2564 5744 τιὰ
2596 5650 2879 5744 λεγόμενα.
2927 5649 3271 5710 Ηωεριιθλίυὲ
3319 5665 3375 5710 ct
3429 5653 3724 5722 Spcnt‘el'ﬂsi

2169 5721 2457 5794 γνωρίζειν
2481 5721 2547 5775 τὰ
2571 5721 2849 5792 γινόμενα.

2243 5791 2354 5862 (39)
2383 5791 2699 5862 Philocalia,
2727 5793 2878 5847 αὐτοὶ
2911 5790 3125 5863 ἔχουσιν
