3840 6412
121 427 235 485 H65

1281 419 1563 478 CONTRA
1593 419 1870 478 CELSUM
1907 421 2037 478 LIB.
2069 421 2159 479 ιν.

3191 430 3334 488 “66

121 547 210 608 τοῖς
249 543 302 597 δὲ
339 542 546 606 λοιποῖς
584 543 665 606 εἰς
705 543 803 606 τὰς
849 542 1058 597 τοιάσδε
1100 542 1394 612 κινήσειςῆ
1422 540 1654 595 τοιασδί·

1769 542 2024 598 motibus.
2057 542 2162 596 Alii
2204 552 2429 598 censent
2472 543 2685 601 animas
2711 519 2904 602 eorum
2937 561 3058 605 esse
3091 550 3334 606 divinio-

119 636 240 691 ἄλλοι
274 634 328 687 δὲ
375 633 654 704 θειοτέρας
695 633 894 695 αὐτῶν,
950 633 1043 686 καὶ
1095 632 1230 701 πρὸς
1277 631 1422 684 τοῦτ’
1470 633 1657 702 ἐπιτη-

118 727 265 789 δείους
305 725 413 796 (ιο)
459 721 597 779 εἶναι
645 725 741 789 τὰς
796 725 1000 796 ψυχάς·
1028 725 1163 796 ὅπερ
1207 725 1351 777 ἐστὶν
1380 723 1656 777 ἀπιθανώ-

116 832 268 871 τατον.

183 906 364 977 Ἐχρῆν
415 901 506 959 οὖν
543 906 638 959 τὸν
691 906 928 970 Κέλσον,
986 905 1071 959 διὰ
1120 906 1226 958 τῶν
1285 905 1658 976 προκειμένων

120 998 402 1068 βουλόμενον
459 997 706 1069 θειότερα
770 999 862 1051 καὶ
924 997 1204 1068 σοφώτερα
1262 998 1539 1065 ἀποδεῖξαι
1591 997 1659 1050 τὰ

122 1090 268 1156 ἄλογα
298 1087 406 1152 ζῶα
436 1089 544 1142 τῶν
576 1088 897 1161 ἀνθρώπων,
923 1090 1328 1143 κατασκευάσαι
1353 1091 1439 1144 διὰ
1473 1089 1658 1142 πλειό-

117 1199 223 1245 νων,
251 1181 320 1244 ὼς
347 1181 700 1252 ὑπάρχουσαν
735 1181 831 1252 τὴν
865 1181 1075 1235 τοιάνδε
1101 1184 1366 1253 μαντικήν
1385 1199 1397 1212 ο
1435 1181 1528 1234 καὶ
1558 1180 1659 1252 τὴν

117 1271 378 1338 ἀπολογίαν
411 1271 549 1341 μετά
600 1271 744 1325 τοῦτ’
777 1274 1182 1344 ὲνεργεστέρως
1207 1274 1314 1342 (41)
1346 1272 1656 1336 ἀποδεῖξαι·

119 1363 193 1416 καὶ
217 1362 602 1428 ἀποδεικτικῶς
633 1366 1034 1436 ἀποδοκιμάσαι
1071 1368 1167 1436 μὲν
1186 1369 1311 1429 τοὺς
1339 1365 1529 1434 λόγους
1554 1365 1660 1418 τῶν

119 1457 447 1528 ἀναιρούντων
486 1456 590 1519 τὰς
624 1457 836 1510 τοιάσδε
873 1459 1149 1528 μαντείας.
1178 1457 1572 1520 ἀποδεικτικῶς
1615 1457 1659 1509 δ’

119 1548 378 1619 ἀνατρέψαι
433 1548 529 1600 καὶ
576 1549 703 1610 τοὺς
745 1548 936 1616 λόγους
978 1549 1083 1602 τῶν
1113 1549 1374 1602 εἰπόντων
1404 1549 1511 1602 ἀπὸ
1547 1549 1663 1602 δαι-

121 1640 266 1708 μόνων
292 1640 322 1708 ἦ
344 1639 480 1692 θεῶν
495 1638 780 1708 γίγνεσθαι
816 1641 914 1704 τὰς
935 1643 1176 1712 κινήσεις
1206 1643 1317 1704 τοῖς
1346 1639 1503 1705 ζώοις
1526 1642 1662 1711 πρὸς

117 1730 164 1782 τὸ
212 1731 630 1800 μαντεύσασθαι·
690 1734 782 1785 καὶ
845 1733 982 1802 μετὰ
1027 1733 1198 1786 ταῦτα
1251 1735 1660 1788 κατασκευάσαι

119 1823 224 1890 περὶ
273 1822 365 1892 τῆς
409 1822 518 1874 τῶν
571 1823 780 1891 ἀλόγων
820 1823 973 1887 ζώων
1023 1823 1203 1894 ψυχῆς
1230 1824 1304 1888 ὡς
1357 1825 1657 1896 θειοτέρας.

119 1912 250 1964 θύτω
278 1914 381 1984 γὰρ
412 1913 476 1966 ἂν
504 1915 643 1984 πρὸς
668 1915 736 1968 τὰ
764 1915 965 1968 πιθανὰ
1001 1905 1197 1976 ἀὺτοῦ,
1251 1915 1659 1986 ἐπιδειξαμένου

119 2005 368 2072 φιλόσοφον
398 2007 527 2076 περὶ
556 2007 665 2058 τῶν
683 2006 1014 2077 τηλικούτων
1042 2007 1172 2072 ἕξιν,
1191 2007 1331 2060 κατὰ
1351 2008 1411 2059 τὸ
1437 2007 1661 2060 δυνατὸν

118 2098 226 2164 ἡμῖν
247 2097 564 2167 ἐνέστημεν’
601 2098 997 2169 ἀνατρέποντες
1039 2100 1137 2168 μὲν
1168 2099 1228 2150 τὸ
1254 2099 1335 2150 ὅτι
1377 2098 1662 2170 σοφώτερα

117 2187 172 2238 τὰ
193 2187 342 2256 ἄλογα
366 2188 478 2251 ζῶα
509 2189 619 2241 τῶν
654 2190 976 2260 ἀνθρώπων,
1005 2191 1453 2259 ψευδοποιοῦντες
1479 2191 1534 2244 δὲ
1568 2193 1662 2245 καὶ

119 2278 184 2331 ὅτι
218 2280 411 2342 ἑννοίας
469 2280 718 2350 ἔχειτοῦ
771 2282 927 2334 Θείου
985 2283 1278 2352 ἱερωτέρας
1338 2283 1491 2353 ἡμῶν
1523 2282 1658 2354 (42),

121 2373 194 2422 καὶ
218 2373 289 2424 ὅτι
317 2371 530 2443 ὁμιλίας
560 2371 676 2441 ἔχει
703 2373 839 2443 πρὸς
872 2373 1072 2442 ἄλληλα
1110 2374 1260 2444 ἱεράς
1304 2391 1476 2437 τινας.
1523 2375 1662 2427 Νυνὶ

121 2457 204 2512 δ’ὁ
245 2461 482 2528 ἐγκαλῶν
534 2463 668 2532 ἡμῖν
703 2502 717 2522 ,
769 2462 851 2514 ὅτι
899 2462 1239 2533 πιστεύομεν
1273 2465 1350 2533 τῷ
1389 2465 1478 2516 ἐπὶ
1529 2467 1660 2519 πᾶσι

122 2550 232 2620 Θεῷ,
253 2552 387 2616 ἁξιοί
418 2554 567 2623 ἡμᾶς
597 2553 893 2617 πιστεύειν,
936 2555 1016 2607 ὅτι
1039 2559 1091 2607 αἱ
1121 2556 1287 2624 ψυχαὶ
1311 2556 1416 2608 τῶν
1436 2557 1662 2628 ὀρνίθων

122 2640 357 2714 θειοτέρας
383 2645 602 2715 ἔχουσιν
655 2646 865 2708 ἐννοίας
908 2649 998 2700 καὶ
1065 2649 1391 2719 τρανοτέρας
1449 2649 1662 2720 ἀνθρώ-

123 2749 231 2785 πων.
260 2736 429 2805 Ὅπερ
462 2737 513 2787 εἱ
540 2734 742 2806 ἀληθές
772 2737 941 2799 ἐστιν,
967 2724 1186 2808 ’ὄρνιθες
1222 2737 1419 2808 μᾶλλον
1450 2755 1616 2810 τρανο
1639 2768 1661 2778 -

121 2824 254 2895 τέρας
283 2827 388 2898 (45)
422 2827 638 2880 Κέλσου
671 2827 854 2898 έχουσι
882 2831 1007 2901 περὶ
1041 2830 1177 2882 Θεοῦ
1207 2831 1432 2893 ἐννοίας.
1466 2831 1574 2884 Καὶ
1601 2831 1661 2883 οὐ

120 2913 389 2987 θαυμαστὸν
420 2921 469 2972 εἰ
503 2919 738 2981 Κέλσου,
768 2919 860 2972 τοῦ
886 2921 978 2973 ἐπὶ
1001 2920 1250 2974 τοσοῦτον
1272 2921 1360 2974 τὸν
1381 2922 1664 2992 ἄνθρωπον

121 3006 525 3075 ὲξευτελὶζοντος.
574 3011 738 3064 Ἀλλά
774 3011 900 3082 γὰρ,
937 3013 1058 3064 ὅσον
1084 3014 1175 3065 ἐπὶ
1208 3013 1417 3082 Κέλσῳ,
1444 3015 1492 3064 οἱ
1522 3013 1665 3081 ὅρνι-

120 3095 191 3159 θες
218 3101 456 3168 μείζονας
485 3103 583 3154 καὶ
613 3102 890 3174 θειοτέρας
917 3103 1127 3173 ἔχουσιν
1170 3105 1397 3168 ἐννοίας,
1433 3106 1491 3157 ού
1523 3105 1665 3173 λέγω

121 3189 248 3259 ἡμῶν
293 3194 638 3262 Χριστιανῶν
672 3195 705 3264 ἢ
735 3195 842 3246 τῶν
873 3199 992 3258 ταῖς
1023 3198 1212 3258 αὐταῖς
1242 3198 1369 3266 ἡμῖν
1421 3198 1662 3266 Γραφαῖς
1691 3227 1732 3282 C

121 3285 377 3352 χρωμένων
421 3286 719 3351 Ἰουδαίων,
766 3286 899 3339 ἀλλά
947 3286 1056 3358 γὰρ
1105 3290 1197 3340 καὶ
1228 3289 1336 3341 τῶν
1377 3291 1505 3360 παρ’
1532 3290 1662 3340 Ἕλ-

120 3373 216 3442 λησι
264 3377 548 3446 θεολόγων,
593 3378 870 3448 ἄνθρωποι
920 3381 1027 3452 γὰρ
1071 3377 1234 3450 ἦσαν.
1286 3382 1498 3434 Μᾶλλον
1549 3377 1661 3444 οὖν,

119 3467 232 3519 κατὰ
262 3469 482 3534 Κέλσον,
517 3470 816 3538 κατείληφε
845 3471 944 3541 τὴν
975 3471 1068 3524 τοῦ
1098 3473 1254 3524 Θείου
1285 3473 1444 3540 φύσιν
1474 3473 1533 3525 τὸ
1556 3473 1664 3526 τῶν

117 3554 247 3624 δῆθεν
294 3561 572 3629 μαντικῶν
621 3561 849 3630 ὀρνίθων
902 3561 1076 3629 γένος,
1121 3564 1152 3634 ἢ
1199 3564 1524 3634 Φερεκύδης,
1570 3565 1664 3617 καὶ

118 3645 433 3722 Πυθαγόρας,
465 3653 564 3705 καὶ
593 3654 912 3723 Σωκράτης,
950 3656 1042 3707 καὶ
1090 3655 1330 3711 Πλάτων.
1367 3657 1473 3708 Καὶ
1500 3657 1663 3726 ἐχρῆν

115 3755 164 3803 γε
195 3744 328 3811 ἡμᾶς
355 3745 492 3814 πρὸς
539 3745 667 3806 τοὺς
695 3744 912 3814 ὄρνιθας
946 3749 1130 3817 φοιτᾷν
1155 3747 1503 3810 διδασκάλους
1523 3789 1536 3810 ,
1566 3748 1657 3813 ἶν’,

113 3827 274 3904 ὥσπερ
306 3835 444 3888 κατὰ
494 3836 597 3906 τὴν
651 3834 744 3887 τοῦ
780 3837 985 3889 Κέλσου
1018 3838 1281 3908 ὑπόληψιν
1327 3839 1663 3892 διδάσκουσιν

113 3922 235 3989 ἡμᾶς
265 3927 542 3996 μαντικῶς
573 3926 646 3979 τά
676 3926 907 3996 ἐσόμενα
927 3969 941 3992 ,
974 3928 1117 3982 οὕτω
1147 3931 1241 3982 καὶ
1267 3931 1394 4000 περὶ⁵
1417 3930 1512 3982 τοῦ
1550 3931 1658 4000 ἀμ-

114 4014 358 4079 φιϐάλλεις)
400 4022 532 4090 περὶ
576 4019 674 4071 τοῦ
726 4019 881 4072 Θείου
929 4020 1276 4086 ἀπαλλάξωσι
1304 4023 1430 4085 τοὺς
1457 4021 1664 4093 ἀνθρώ-

113 4119 241 4168 πους,
270 4111 336 4179 ἦν
393 4109 763 4180 κατειλήφασι
815 4112 1014 4182 τρανὴν
1057 4112 1187 4181 περὶ
1239 4113 1401 4166 αὑτοῦ
1457 4112 1662 4167 ἔννοιαν

115 4201 485 4268 παραδιδόντες.
530 4203 730 4280 Κέλσῳ
767 4205 862 4274 μὲν
899 4200 988 4257 οὖν
1019 4204 1320 4266 ἀκολουθεῖ,
1363 4205 1440 4276 τῷ
1481 4205 1663 4274 διαφέ-

115 4313 206 4364 ρειν
251 4303 535 4374 ἡγουμένῳ
562 4303 676 4372 (44)
706 4302 813 4355 τῶν
871 4303 1174 4374 ἀνθρώπων
1229 4305 1355 4366 τοὺς
1419 4304 1659 4375 ὄρνιθας,

114 4385 416 4458 διδασκάλοις
473 4395 640 4448 αὐτον
683 4394 919 4464 χρῆσθαι
974 4399 1086 4458 τοῖς
1129 4395 1323 4465 ὄρνισι,
1355 4396 1448 4448 καὶ
1476 4395 1662 4466 μηδενὶ

114 4480 231 4552 ἄλλῳ
255 4487 358 4539 τῶν
381 4487 862 4556 φιλοσοφησάντων
884 4489 1011 4557 παρ’
1036 4487 1308 4556 Ἕλλησιν.

1763 649 1853 689 res
1883 645 1938 688 et
1987 635 2054 688 ad
2101 635 2152 689 id
2190 637 2432 692 muneris
2468 647 2624 708 aptas
2666 639 3010 712 habilesque;
3038 643 3183 714 quod
3212 645 3336 715 qui-

1761 728 1882 781 dem
1913 741 2137 796 prorsus
2171 738 2254 782 est
2285 728 2624 785 incredibile.

1836 900 1926 956 89.
1970 899 2166 954 Debuit
2199 901 2361 971 igitur
2408 901 2620 967 Celsus,
2657 905 2876 972 quando
2918 905 3136 961 volebat
3163 922 3332 976 supra

1763 991 1922 1047 dictis
1955 992 2245 1047 ostendere
2300 993 2493 1048 brutas
2524 995 2833 1050 animantes
2869 997 3179 1054 hominibus
3213 1014 3335 1054 csse

1761 1092 1817 1140 et
1849 1084 2140 1139 diviniores
2171 1095 2223 1139 et
2253 1085 2652 1154 sapientiores;
2687 1088 2898 1154 debuit,
2936 1090 3178 1160 inquam,
3213 1091 3328 1160 pri-

1763 1193 1910 1233 mum
1946 1176 2062 1230 fuse
2096 1176 2325 1245 probare
2353 1176 2498 1230 illam
2531 1177 2926 1232 divinationem
2951 1195 3139 1234 revera
3172 1196 3331 1248 esse;

1767 1267 1958 1322 deinde
1988 1265 2135 1319 illam
2179 1266 2350 1321 solide
2388 1267 2456 1321 ab
2497 1267 2644 1321 omni
2694 1284 2830 1323 noxa
2875 1271 3190 1339 vindicare;
3217 1281 3331 1326 tum

1764 1361 2002 1414 rationes
2033 1373 2219 1414 eorum
2254 1358 2463 1414 diluere
2490 1360 2581 1429 qui
2613 1359 2876 1429 ejusmodi
2907 1362 3272 1417 divinationes
3302 1379 3333 1418 e

1763 1451 1940 1505 medio
1989 1449 2212 1515 tollunt;
2245 1458 2431 1518 postea
2485 1465 2783 1506 occurrere
2817 1453 2905 1517 iis,
2941 1453 3030 1521 qui
3070 1453 3328 1508 animalia

1762 1543 1948 1596 volunt
2002 1542 2070 1595 ad
2132 1542 2487 1595 divinandum
2537 1544 2743 1598 moveri
2799 1553 2893 1598 aut
2927 1559 2956 1596 a
2991 1547 3335 1601 dannonibus

1763 1645 1909 1690 auta
1940 1634 2074 1697 diis;
2110 1634 2346 1702 denique
2392 1635 2730 1702 argumentis
2779 1637 3087 1704 approbare
3139 1637 3337 1693 bestia-

1764 1743 1883 1782 rum
1941 1727 2174 1780 animam
2215 1740 2337 1779 esse
2393 1725 2736 1780 diviniorem.
2773 1727 2903 1793 Qua:
2931 1728 2975 1781 si
3025 1729 3242 1783 fecisset
3280 1739 3336 1783 et

1766 1821 1871 1874 hac
1898 1819 1950 1872 in
1990 1834 2048 1873 re
2083 1817 2464 1886 philosophum
2497 1833 2552 1872 se
2581 1819 2921 1887 prazhuisset,
2947 1821 3065 1888 ejus
3097 1821 3336 1876 rationes

1765 1927 1862 1980 pro
1900 1910 2107 1964 viribus
2157 1907 2402 1963 refellere
2452 1918 2677 1963 conatus
2709 1925 2908 1965 essem.
2967 1913 3104 1967 Ante
3149 1915 3334 1969 omnia

1761 2002 2144 2057 convellissem
2187 2000 2356 2064 istud,
2382 2001 2696 2056 hominibus
2728 2003 2931 2057 bestias
2963 2018 3085 2058 esse
3115 2006 3337 2074 sapien.

1765 2097 1972 2149 tiores:
2014 2093 2132 2148 falsi
2173 2109 2386 2164 quoque
2427 2095 2727 2162 arguissem
2780 2096 2924 2162 quod
2977 2095 3072 2161 ait,
3112 2095 3231 2152 iilas
3266 2100 3336 2152 do

1763 2186 1873 2241 Deo
1906 2186 2208 2255 religiosius
2241 2186 2396 2239 nobis
2449 2185 2680 2248 sentire,
2735 2195 2790 2240 et
2842 2196 3029 2240 saneta
3088 2189 3334 2257 quaedam

1766 2279 1904 2331 inter
1933 2293 1990 2331 se
2023 2277 2222 2331 habere
2275 2277 2565 2346 colloquia.
2599 2277 2755 2330 Nunc
2807 2289 3010 2344 autem,
3055 2281 3146 2348 qui
3181 2282 3338 2335 nobis

1763 2370 1892 2422 vitio
1924 2371 2016 2421 dat
2052 2370 2192 2438 quod
2229 2385 2438 2422 summo
2488 2371 2594 2423 Deo
2644 2369 2802 2423 fidem
2847 2370 3161 2436 habeamus,
3191 2374 3333 2428 idem

1727 2529 1729 2532 γ
1767 2462 1854 2516 ille
1888 2461 2124 2530 postulat
2163 2476 2190 2512 a
2221 2461 2374 2514 nobis
2441 2472 2495 2514 ut
2527 2462 2814 2516 credamus
2839 2464 3126 2518 animabus
3154 2464 3334 2518 avimn

1766 2554 1942 2607 inesse
1971 2551 2060 2606 Dei
2089 2553 2336 2606 notiones
2360 2552 2654 2607 diviniores
2683 2553 2962 2622 magisque
3016 2557 3337 2624 perspicuas

1765 2636 1926 2714 570
1957 2660 2117 2712 quam
2173 2645 2504 2698 hominibus.
2543 2644 2698 2711 Quod
2731 2645 2776 2698 si
2812 2660 3000 2699 verum
3052 2655 3156 2710 est,
3199 2660 3336 2715 ergo

1765 2750 1891 2788 aves
1919 2735 2232 2798 clariorem,
2265 2750 2425 2804 quam
2449 2734 2658 2800 Celsus,
2690 2734 2782 2790 Dei
2808 2737 3008 2790 habent
3033 2738 3333 2793 notionem.

1766 2827 1819 2880 ltl
1845 2838 2024 2882 autem
2064 2827 2135 2880 ita
2168 2842 2288 2882 esse
2319 2827 2384 2880 de
2404 2826 2582 2891 Celso,
2606 2844 2710 2882 non
2742 2829 2970 2882 mirarer
3000 2829 3332 2894 admodum;

1765 2936 1888 2973 cum
1930 2919 2203 2973 hominem
2255 2928 2538 2988 tantOpere
2592 2918 2884 2987 deprimat.
2923 2918 3036 2973 Non
3063 2921 3206 2974 enim
3237 2935 3337 2990 per

1767 3012 1916 3065 illum
1977 3019 2107 3074 stat,
2149 3011 2438 3081 quominus
2491 3025 2618 3065 aves
2675 3011 2911 3064 habeant
2972 3012 3328 3067 sublimiores

1768 3103 2169 3170 divinioresque
2222 3103 2496 3165 notiones,
2533 3117 2638 3156 non
2680 3102 2803 3156 dico
2847 3119 3008 3171 quam
3039 3119 3136 3158 nos
3171 3102 3339 3158 Chri-

1767 3195 1927 3250 stiani
1963 3206 2053 3248 aut
2078 3190 2248 3249 Judaei
2275 3193 2364 3262 qni
2394 3193 2598 3248 eisdem
2631 3209 2693 3247 ac
2719 3210 2816 3248 nos
2843 3195 3142 3263 Scripturis
3172 3204 3334 3251 utun-

1771 3298 1875 3352 tur,
1917 3288 2012 3341 sed
2055 3302 2220 3356 quam
2274 3286 2584 3341 Graecorum
2643 3285 2896 3355 theologi.
2955 3286 3126 3342 Erant
3187 3289 3333 3343 enim

1768 3383 2034 3435 homines.
2080 3380 2301 3433 l’lanius
2359 3380 2542 3448 igitur,
2596 3379 2757 3434 Celso
2796 3379 3012 3447 judice,
3077 3391 3328 3437 naturam

1769 3476 2075 3532 Divinitatis
2100 3475 2481 3530 intellexerunt
2507 3488 2635 3528 aves
2665 3475 2730 3528 ad
2765 3474 3147 3530 divinationem
3171 3485 3331 3546 aptae,

1765 3581 1927 3636 quam
1955 3566 2316 3637 Pherecydes,
2346 3580 2504 3634 quam
2534 3565 2890 3635 Pythagoras.
2918 3581 3081 3635 quam
3133 3566 3336 3622 Socra-

1769 3671 1870 3723 tes,
1905 3675 2067 3729 quam
2096 3659 2271 3713 Plato.
2309 3657 2399 3712 Nae
2426 3672 2524 3712 nos
2550 3673 2646 3726 par
2677 3659 2778 3712 fuit
2813 3658 3102 3728 magistras
3141 3659 3333 3713 audire

1767 3744 1914 3815 aves,
1947 3757 2004 3802 ut
2035 3749 2512 3824 quemadmodum,
2545 3747 2588 3801 si
2619 3747 2774 3802 Celso
2803 3749 2956 3813 fides,
3002 3764 3100 3803 nos
3139 3751 3338 3804 docent

1766 3855 1854 3896 res
1882 3840 2096 3894 futuras
2127 3840 2370 3894 divinare
2397 3827 2522 3904 {ita
2574 3841 2728 3894 nobis
2760 3841 2962 3894 claram
2994 3841 3139 3894 illam
3171 3857 3332 3910 quam

1768 3933 1948 3987 animo
1998 3933 2444 3998 comprehensam
2483 3931 2688 3986 habent
2720 3932 3025 3986 Divinitatis
3056 3933 3335 3988 notionem

1767 4023 2130 4092 impertirent,
2165 4024 2348 4092 sicque
2395 4023 2463 4076 de
2518 4024 2605 4076 illa
2653 4023 2901 4077 homines
2933 4025 3079 4076 omni
3118 4023 3338 4078 dubita?-

1766 4116 1915 4170 tione
1972 4114 2286 4168 liberarent.
2341 4112 2446 4167 Sed
2501 4114 2656 4169 Celso
2694 4117 3025 4181 prrcsertim,
3068 4117 3160 4186 qui
3205 4133 3334 4172 aves

1766 4205 2077 4260 hominibus
2121 4204 2334 4258 anteire
2380 4212 2554 4270 putat,
2593 4213 3020 4257 consentaneum
3071 4214 3195 4260 erat
3273 4217 3334 4260 ut

1767 4297 1873 4352 illis
1894 4305 2141 4350 uteretur
2177 4297 2472 4364 magistris,
2495 4309 2700 4364 easque
2733 4295 2984 4350 omnibus
3015 4295 3332 4352 Graecorum

1765 4389 2109 4461 philosophis
2146 4395 2522 4456 anteponeret.

178 4573 322 4646 Ἡμῖν
351 4579 393 4630 δ’
424 4579 583 4646 ὀλίγα
623 4578 761 4648 πρὸς
799 4577 868 4630 τὰ
915 4579 1249 4648 προκείμενα
1302 4578 1409 4631 ἀπὸ
1454 4576 1658 4630 πολλῶν

1789 4560 1799 4566 ’
1835 4569 1926 4638 9ο.
1967 4567 2144 4621 Pauca
2177 4579 2206 4620 e
2239 4563 2424 4618 multis
2481 4563 2760 4627 addamus,
2813 4565 3010 4634 quibus
3056 4573 3336 4621 evertatur

113 4661 317 4731 λεκτέον,
345 4671 686 4740 διελέγχουσι
714 4669 812 4739 τὴν
843 4669 1137 4739 ἀχάριστον
1162 4668 1504 4738 ψευδοδοξίαν
1530 4668 1668 4738 πρὸς

113 4756 184 4810 τὸν
203 4764 528 4833 πεποιηκότα
558 4762 724 4815 αὐτόν
742 4778 754 4790 ·
797 4779 814 4810 ι
836 4761 1118 4831 ἄνθρωπος
1137 4779 1154 4812 ι
1189 4760 1297 4832 γὰρ
1337 4763 1432 4815 καὶ
1463 4760 1666 4822 Κέλσος

110 4845 187 4911 ὢν,
216 4869 233 4901 ι
262 4853 319 4904 ὲν
349 4856 482 4923 τιμῇ
508 4851 588 4905 ὢν
610 4853 671 4904 οὐ
693 4851 918 4920 συνῆκε·
955 4869 972 4900 ι
1005 4851 1083 4904 διὸ
1111 4851 1230 4904 οὐδὲ
1251 4851 1666 4924 παρασυνεὸλή-

111 4937 162 5010 θη
207 4945 310 5007 τοῖς
355 4946 555 5016 ὄρνισι,
592 4945 690 4998 καὶ
719 4947 831 5005 τοῖς
863 4944 1040 5008 ἄλλοις
1091 4944 1307 5013 ἀλόγοις
1334 4944 1446 5014 (45)
1470 4943 1659 5019 ζώοις,

171 5103 207 5132 ’⁸⁸
239 5103 375 5162 Psal.
407 5122 600 5170 xum,
639 5106 726 5159 15.

165 5270 636 5345 (ᾅθμῐαιεριιθιὶιιε
659 5281 733 5345 _et
789 5273 1090 5341 Spencerus
1148 5284 1269 5345 post
1317 5271 1657 5345 ἐπιτηδείους

110 5338 504 5464 ῗξιᾳυὴιΊνοςεηι
537 5343 744 5409 αὐτῶν,
780 5338 940 5413 qnam
971 5345 1090 5413 jure
1115 5338 1324 5416 respuit
1356 5338 1654 5399 Phiiocalia

123 5422 133 5455 ι
183 5422 303 5467 ιιιιιῑι
330 5430 440 5468 em.

165 5457 785 5556 (ᾖδ’λέἶὲλογεστὲρως.
819 5484 980 5539 Forte
1027 5485 1370 5542 scribendum
1425 5485 1652 5554 ἐναργε-

110 5548 302 5626 ςτέεωςρ
329 5548 599 5611 Czeierum
644 5548 687 5609 ’θ
733 5548 1027 5609 Philocalia
1079 5556 1232 5626 abest
1265 5570 1367 5626 vox
1419 5548 1654 5622 sequens

109 5622 357 5688 ἀποδεῖξαι
386 5638 442 5681 ut
468 5636 524 5682 et
564 5628 938 5697 prtecedentes
958 5626 1052 5697 τὴν
1077 5625 1658 5697 ἀπολογίαν,-ουεεεε-

110 5702 198 5764 que
223 5707 462 5764 possunt,
495 5697 652 5753 salva
685 5696 975 5750 sententia.
1012 5694 1202 5750 'Paulo
1250 5705 1369 5763 post
1406 5694 1660 5748 Philoca-

109 5754 184 5877 ξδ’,
209 5754 410 5820 τοιάσδε
449 5754 730 5838 μαντείας.
764 5764 918 5820 Libb.
953 5768 1118 5830 editi,
1150 5754 1402 5828 τοιαύτας
1430 5765 1495 5835 δὴ
1523 5781 1662 5834 μαν-

136 5843 253 5892 ἰας.

165 5870 265 5976 δῖ)
293 5904 421 5964 Post
465 5922 656 5964 vocem
706 5904 862 5977 ἡμῶν
915 5907 1064 5963 addit
1119 5905 1439 5981 Pbilocalia,
1469 5903 1503 5974 ἢ
1539 5902 1659 5957 οὐδὲ

1766 4663 1899 4718 falsa
1933 4660 2053 4730 ejus
2103 4667 2156 4714 et
2206 4658 2419 4728 ingrata
2448 4656 2502 4710 in
2538 4670 2701 4710 suum
2730 4655 3075 4712 Conditorem
3123 4657 3332 4727 opinio.

1765 4755 1897 4809 Nam
1924 4751 2116 4806 Celsus
2159 4768 2176 4800 ι
2209 4763 2330 4803 cum
2362 4747 2543 4813 homo,
2581 4765 2599 4798 ι
2635 4757 2796 4816 atque
2820 4747 2957 4803 adeo
2993 4766 3010 4800 ι
3035 4749 3089 4802 in
3124 4751 3337 4806 honore

1763 4854 1930 4907 esset,
1969 4858 2072 4897 non
2131 4839 2496 4894 intellexit”:
2530 4858 2548 4890 ι
2599 4853 2772 4907 quare
2824 4853 2928 4893 non
2986 4851 3337 4910 comparatus

1763 4947 1849 4993 est
1878 4935 2074 4990 avibus
2111 4932 2343 5002 aliisque
2373 4931 2583 4996 bestiis,
2616 4944 2752 4998 quas
2788 4929 3002 4986 divinas
3049 4947 3173 4989 esse
3218 4932 3339 4989 esi-

1763 5266 2230 5409 612,551;in
2262 5323 2635 5407 τρανοτέρας.
2678 5321 2948 5409 ϐειηΙίηειί
2978 5313 3344 5404 comparativi
3373 5290 3379 5295 ’

1765 5391 2012 5476 exempla
2079 5404 2246 5457 habes
2288 5391 2529 5466 'passim',
2591 5410 2724 5476 quae
2765 5391 3000 5474 plurima
3054 5395 3336 5460 congessit

1766 5478 2158 5522 Tanlimannus
2188 5470 2253 5522 ad
2288 5482 2434 5522 vers.
2493 5465 2562 5519 78
2605 5463 2824 5518 Culicis.
2854 5461 2988 5516 Vide
3021 5459 3190 5517 Marc.
3231 5477 3331 5522 vn,

1766 5478 2158 5534 Taubmannus
2188 5478 2253 5524 ad
2288 5482 2434 5523 vers.
2493 5478 2562 5519 'le
2605 5478 2824 5518 hunc“.
2862 5478 2988 5516 vute
3021 5478 3190 5517 mare.
3231 5478 3331 5525 rm,

1764 5551 1834 5604 56
1865 5543 2180 5619 etPhilipp.
2213 5537 2381 5619 1125..
2482 5617 2490 5619 _
2573 5614 2582 5619 Δ
2720 5601 2734 5619 ἱ
2780 5601 2804 5619 θ
3028 5618 3052 5619 η
3216 5599 3300 5619 HJ

1837 5599 1951 5687 (id)
1985 5599 2422 5687 llmséheliushin
2479 5614 2651 5687 testu,
2687 5601 2746 5687 τξ)
2777 5599 3333 5687 διαιρέρειγῃὴγουμέ-

1766 5669 1892 5742 νων.
1928 5669 2093 5738 i’aulo
2139 5669 2278 5750 post.
2303 5669 2980 5750 PhilocaliaaxatA31.3651}:
3012 5669 3155 5750 ἄλλέρ
3197 5669 3328 5723 τῶν.

1770 5742 2183 5827 Hmschelinsét
2206 5749 2531 5827 Spencerus,
2561 5745 2654 5798 καὶ
2673 5744 2860 5827 μηδενὶ
2877 5742 3184 5827 ,οΰτωρῶν

1843 5809 1954 5899 (45)
1997 5809 2274 5899 Ἀλόπιοίᾷ⁸
2310 5809 2841 5899 Βθεί-(Ιοῐέιιιυτέὶξιίξιιά
2876 5809 3242 5899 iitrscltelium
3275 5819 3330 5862 et

1771 5883 2262 5979 Spetieeruni,'_sed
2287 5889 2568 5959 suppletur
2603 5903 2632 5942 ο
2659 5883 2978 5941 Philocalia.
