3840 6412
503 426 636 480 “67

1937 417 2257 476 ORIGENIS

3587 425 3691 482 H68

498 544 716 606 stimat;
747 541 839 595 sed
873 541 974 593 illis
1016 539 1216 605 primas
1247 539 1436 592 detulit
1471 555 1579 608 prae
1611 537 1900 610 Egyptiis,
1931 541 2052 594 lieel

2169 538 2250 606 οἷς
2284 540 2494 612 νομίζει
2544 535 2680 594 εἶναι
2720 543 3000 612 μαντικοῖς
3024 558 3036 570 ·
3071 539 3184 593 ἀλλ’
3221 539 3440 604 ἐκείνοις
3483 557 3696 614 παραχω-

499 634 554 688 hi
597 633 797 694 bestias
825 632 1069 684 'denrnm
1125 631 1243 683 loco
1279 631 1510 696 ducant;
1547 645 1735 698 seque,
1769 639 1842 695 et,
1887 649 2059 699 quatt-

497 734 608 778 tum
642 725 691 776 in
719 737 777 777 se
805 721 928 787 fuit,
959 721 1272 776 universum
1313 736 1482 792 genus
1530 723 1827 776 lnnnannm
1861 723 2056 780 bestiis

495 813 762 884 subjecit,
803 821 988 883 ntpote
1045 811 1284 866 deterius
1339 811 1525 868 bestiis
1562 813 1942 884 indigninsque
1997 817 2060 868 de

495 906 604 960 Deo
635 904 898 960 sentiens.
922 903 1026 958 Sed
1055 903 1223 971 quaeri
1257 904 1308 956 in
1335 903 1526 972 primis
1555 913 1766 973 oportet
1794 909 1936 960 sitne
1963 921 2058 974 per

494 1014 622 1053 aves
649 997 862 1067 aliaque
895 995 1147 1050 animalia
1171 1011 1272 1066 pro
1305 995 1505 1050 divinis
1561 997 1744 1050 habita
1781 999 2056 1053 divinandi

493 1103 607 1154 ars,
635 1102 702 1142 an
737 1103 840 1140 non
871 1086 958 1140 sit.
996 1083 1128 1137 Nam
1161 1083 1404 1139 rationes
1453 1083 1504 1138 in
1533 1096 1819 1151 utramque
1849 1095 2057 1156 partem

492 1181 796 1236 aﬂ'ernntnr
835 1177 1057 1232 minime
1100 1177 1435 1246 spernendze.
1477 1177 1614 1232 Hinc
1668 1181 1810 1234 enim
1851 1179 2060 1248 puden-

492 1273 616 1326 dum
665 1269 783 1324 fore
833 1269 1110 1340 probatur,
1155 1267 1202 1322 si
1237 1269 1420 1334 homo,
1460 1271 1656 1325 divinis
1688 1271 1892 1324 relictis
1938 1285 2062 1323 ora-

491 1365 650 1430 culis,
705 1378 833 1418 aves
903 1363 1249 1426 consuleret;
1311 1363 1456 1418 illinc
1517 1365 1720 1418 diserte
1788 1371 2059 1417 testantur

488 1456 898 1528 quatnplurimi,
953 1457 1170 1520 tnnltos,
1217 1456 1322 1511 [ide
1380 1458 1696 1512 divinationi
1741 1455 1919 1509 avium
1965 1455 2062 1508 lia-

488 1551 624 1610 bita,
659 1563 690 1602 e
723 1549 976 1604 maximis
1031 1549 1267 1603 evasisse
1295 1549 1574 1618 periculis.
1616 1549 1812 1602 Demus
1843 1547 2056 1628 veroin

487 1643 777 1710 praesentia
813 1641 942 1709 quid
999 1641 1074 1694 rei
1128 1657 1250 1696 esse
1283 1643 1675 1696 divinationem
1743 1655 1837 1708 per
1888 1655 2056 1704 aves;

490 1741 567 1794 nt.
597 1734 760 1786 etiam
795 1733 894 1788 buc
921 1733 1068 1796 dato,
1099 1734 1178 1785 vel
1217 1733 1282 1788 iis
1309 1733 1397 1802 qni
1431 1733 1823 1802 praeconeeptis
1849 1731 2060 1800 opinio-

491 1824 652 1878 nibus
703 1831 1058 1892 occupantur,
1116 1825 1482 1878 demonstrem
1516 1839 1764 1890 tnagnam
1809 1838 1929 1875 esse
1967 1821 2064 1874 bo-

2169 635 2341 704 ρήσας
2372 632 2441 685 τὰ
2467 636 2728 704 πρωτεῖα,
2767 633 2907 702 ὑπὲρ
2937 631 3288 701 Αἰγυπτίους,
3318 633 3438 694 τοὺς
3474 632 3536 684 τὰ
3565 633 3700 702 ἄλογα

2165 724 2282 788 ζῶα
2311 726 2386 788 ὡς
2426 724 2580 788 θεοὺς
2635 723 3097 795 προσκυνοῦντας,
3121 723 3310 776 ἑαυτὸν
3339 721 3575 788 ὑπέταξε,
3601 725 3650 778 τὸ
3667 723 3702 778 δ’

2164 815 2288 868 ὅσον
2327 817 2412 868 ἐπ’
2448 815 2616 886 αὐτῷ,
2675 815 2772 868 καὶ
2837 817 2942 868 πᾶν
2992 815 3052 867 τὸ
3083 813 3192 867 τῶν
3226 811 3521 884 ἀνθρώπων
3562 815 3703 882 γένος,

2161 907 2238 970 ὡς
2290 911 2471 978 χεῖρον
2520 909 2612 962 καὶ
2651 907 2872 960 ἔλαττον
2929 906 3082 960 νοοῦν
3139 907 3270 977 περὶ
3317 905 3410 958 τοῦ
3453 905 3596 959 Θείου
3619 911 3705 971 τοῖς

2163 995 2380 1064 ἀλόγοις
2437 995 2614 1060 ζώοις.
2675 996 3108 1066 Προηγουμένως
3165 995 3264 1066 μὲν
3315 991 3406 1048 οῦν
3461 995 3702 1064 ζητείσθω,

2165 1089 2394 1159 πότερον
2423 1089 2656 1158 ὑπάρχει
2689 1090 2721 1158 ἡ
2749 1089 2815 1140 δι’
2849 1087 3077 1158 ὀρνίθων
3109 1089 3202 1142 καὶ
3233 1088 3341 1140 τῶν
3371 1087 3560 1140 λοιπῶν
3583 1087 3704 1151 ζώιιιν

2165 1178 2612 1250 πεπιστευμένων
2641 1175 2781 1232 εἶναι
2808 1179 3079 1249 μαντικῶν
3107 1179 3412 1250 μαντικὴ,ἢ
3462 1179 3530 1249 μὴ
3565 1179 3705 1248 ὑπάρ-

2165 1287 2285 1340 χει·
2325 1271 2418 1323 καὶ
2453 1269 2560 1339 γὰρ
2580 1271 2680 1322 οὐκ
2713 1270 3190 1341 εὐκαταφρόνητός
3217 1274 3366 1341 ἐστιν
3405 1273 3482 1334 είς
3507 1271 3706 1342 ἑκάτερα

2166 1360 2608 1432 ἐπιχειρούμενος
2637 1363 2664 1412 ό
2691 1361 2848 1429 λόγος
2867 1378 2879 1390 ·
2917 1362 3054 1414 ὅπου
3101 1361 3198 1432 μὲν
3238 1361 3497 1415 δυσωπῶν
3527 1362 3592 1433 μὴ
3617 1381 3702 1415 πα-

2169 1452 2491 1524 ραδέξασθαι
2525 1453 2584 1504 τὸ
2619 1452 2883 1514 τοιοῦτον,
2920 1454 3006 1506 ἵνα
3049 1454 3122 1524 μὴ
3165 1453 3224 1507 τὸ
3251 1454 3464 1523 λογικὸν
3491 1455 3598 1508 ἀντὶ
3620 1455 3706 1509 τῶν

2163 1543 2453 1614 δαιμονίων
2487 1543 2596 1616 (46)
2630 1547 2978 1616 χρηστηρίων
3013 1546 3496 1618 ὅρνισιχρήσηται,
3519 1547 3704 1600 καταλι-

2165 1635 2264 1688 πὸν
2297 1637 2477 1688 ἐκεῖνα
2501 1653 2512 1665 ·
2537 1637 2670 1688 ὅπου
2708 1636 2764 1688 δὲ
2797 1637 2884 1690 διὰ
2917 1638 3373 1710 μαρτυρουμένης
3405 1639 3504 1691 ὑπὸ
3529 1638 3704 1690 πολλῶν

2165 1729 2444 1798 ἐνεργείας
2477 1729 2765 1800 παριστὰς,
2799 1729 2880 1782 ὅτι
2906 1728 3091 1783 πολλοὶ
3125 1731 3232 1782 ἀπὸ
3266 1729 3526 1800 μεγίστων
3548 1729 3702 1782 διεσὼι

2167 1819 2337 1890 ϐησαν
2371 1821 2628 1874 κινδύνων
2654 1861 2667 1884 ,
2697 1821 3012 1883 πεισθέντες
3050 1825 3115 1892 τῇ
3140 1821 3206 1874 δι’
3239 1823 3461 1892 ὀρνίθιον
3486 1825 3699 1892 μαντικῇ.

493 1912 656 1968 tninis
681 1927 791 1984 prae
817 1914 1002 1969 bestiis
1036 1913 1120 1968 vel
1159 1915 1356 1968 divinis
1387 1915 1788 1976 excellentiam,
1825 1927 2052 1980 eamque

2177 1912 2300 1964 Ἐπὶ
2331 1911 2388 1964 δὲ
2421 1911 2515 1964 τοῦ
2559 1911 2830 1982 παρόντος
2878 1910 3128 1972 δεδόσθω,
3171 1911 3448 1977 ὑπαρκτδν
3474 1911 3598 1966 εἶναι
3625 1913 3702 1982 τὴν

491 2022 557 2063 ne
585 2023 710 2062 cum
740 2007 844 2062 illis
893 2005 1108 2077 quidem
1159 2007 1605 2076 comparandam.
1641 2005 1849 2074 Itaque,
1891 2005 1934 2059 si
1975 2005 2056 2058 di-

488 2099 614 2152 vina
646 2097 892 2167 quaedam
918 2098 1002 2151 vis
1036 2097 1146 2151 illis
1195 2098 1398 2152 inesset
1437 2097 1805 2165 prtenoscendi
1849 2096 2054 2158 futura,

495 2205 548 2250 et
599 2209 662 2249 ea
727 2194 944 2263 quidem
999 2194 1072 2247 ita
1137 2193 1380 2263 copiosa,
1435 2201 1496 2247 ut
1546 2193 1674 2261 quid
1729 2191 1918 2260 reliqui
1957 2191 2056 2245 sibi

499 2295 644 2340 esset
724 2285 866 2354 quod
939 2285 1250 2339 hominibus
1313 2285 1491 2339 futura
1557 2285 1696 2339 scire
1755 2284 2058 2338 volentibus

492 2377 650 2447 571
689 2375 1098 2445 impenderent;
1143 2386 1287 2430 certe
1331 2376 1500 2430 multo
1551 2375 1718 2444 magis
1761 2389 2058 2446 cognosce-

491 2476 613 2523 rent
638 2483 757 2536 quaa
786 2468 852 2522 ad
892 2467 1038 2537 ipsas
1077 2477 1356 2535 spectant;
1386 2475 1441 2520 et
1468 2482 1530 2520 ea
1563 2468 1604 2522 si
1636 2476 2053 2536 cognoscerent,

488 2557 734 2628 profecto
757 2568 1014 2614 caverent
1051 2559 1178 2613 illuc
1205 2559 1408 2623 volare,
1445 2561 1532 2614 ubi
1566 2559 1669 2612 illis
1709 2559 1957 2612 homines
1987 2558 2059 2612 la-

483 2663 656 2721 queos
702 2659 757 2704 et
787 2653 921 2704 retia
951 2650 1330 2714 tetendissent,
1363 2658 1457 2703 aut
1505 2649 1591 2702 ubi
1622 2649 1890 2718 sagittarii
1945 2648 2056 2702 illis

486 2743 792 2799 volantibus
824 2751 1076 2810 tanquam
1131 2757 1290 2811 scopo
1336 2742 1414 2796 nsi
1457 2739 1558 2795 tela
1610 2741 1661 2794 in
1705 2741 1846 2808 ipsas
1873 2740 2054 2793 vibra-

485 2844 623 2890 rent.
657 2834 724 2888 Et
757 2833 948 2902 aquilae
976 2832 1020 2885 si
1051 2842 1450 2904 praenoscerent
1483 2832 1724 2890 insidias.
1759 2845 1898 2900 quas
1937 2829 2056 2900 pul-

486 2927 552 2980 lis
581 2943 767 2983 eartttn
817 2935 1032 2980 struunt
1082 2932 1173 2978 aut
1216 2933 1499 2994 serpentes
1540 2923 1632 2993 qui
1688 2925 1754 2977 ad
1803 2924 1922 2978 illos
1962 2939 2053 2977 as-

480 3020 716 3074 cendunt
759 3027 818 3072 ιιι
859 3017 1211 3081 interliciant,
1249 3029 1342 3071 aut
1383 3017 1628 3073 homines
1667 3017 1910 3088 quidam,
1963 3016 2053 3085 qui

482 3123 578 3163 eos
607 3109 834 3186 capiunt
867 3116 924 3161 ιιι
956 3105 1057 3162 sibi
1085 3107 1164 3161 vel
1197 3107 1616 3172 delectamento,
1667 3107 1752 3162 vel
1812 3106 2058 3162 remedio

481 3199 612 3266 sint,
635 3208 782 3254 certe
811 3212 914 3253 non
947 3196 1122 3266 pullos
1140 3196 1492 3265 deponerent,
1518 3197 1608 3252 ubi
1631 3205 1850 3252 structae
1871 3205 2055 3252 essent

483 3290 710 3346 insidiar.
748 3289 866 3345 Uno
896 3287 1063 3344 verbo
1085 3287 1288 3344 nullum
1318 3289 1474 3344 exiis
1504 3289 1834 3344 animalibus
1865 3289 1932 3343 ab
1959 3289 2052 3344 ho-

485 3381 718 3436 minibus
753 3382 870 3451 capi
905 3391 1106 3454 posset,
1149 3397 1273 3437 eum
1313 3383 1443 3464 istis
1471 3391 1614 3438 esset
1644 3391 1698 3438 et
1733 3383 1968 3438 divinius
1998 3391 2052 3436 et

483 3471 802 3540 sapientius.

2162 2005 2538 2076 οίωνιστικήν·
2575 2005 2660 2056 ἵνα
2695 2004 2788 2055 καὶ
2839 2003 2979 2058 οὕτω
3024 2003 3183 2071 δείξω
3226 2008 3339 2068 τοῖς
3399 2004 3702 2075 προκαταλη-

2163 2097 2372 2168 φΟεῖσιν
2405 2097 2534 2167 (47),
2567 2098 2646 2149 ὅτι
2679 2098 2772 2150 καὶ
2805 2097 2994 2151 τούτου
3037 2097 3311 2168 διδομένου
3344 2097 3504 2168 πολλή
3529 2099 3702 2168 ἐστινὴ

2161 2189 2256 2242 τοῦ
2285 2187 2571 2258 ἀνθρώπου
2623 2189 2772 2258 παρὰ
2803 2188 2871 2242 τὰ
2913 2189 3079 2257 ἄλογα
3127 2187 3388 2252 ζῶα·καὶ
3443 2189 3561 2260 παρ’
3589 2189 3704 2243 αὐτὰ

2159 2281 2228 2334 τὰ
2267 2280 2501 2350 μαντικὰ
2557 2281 2821 2352 ὑπεροχὴ,
2869 2281 2963 2334 καὶ
2996 2281 3246 2352 οὐδαμῶς
3267 2282 3403 2353 πρὸς
3433 2283 3596 2335 ἐκεῖνα
3613 2280 3704 2348 (48)

2162 2373 2450 2444 συγκριτή.
2469 2373 2701 2425 Λεκτέον
2721 2370 2838 2436 οὖν,
2858 2374 2960 2436 ὅτι,
2977 2375 3132 2444 εἴπερ
3158 2391 3240 2436 τις
3267 2373 3386 2428 θεία
3409 2373 3559 2444 φύσις
3574 2367 3632 2443 ἦν
3655 2372 3702 2423 ἐν

2161 2465 2345 2528 αὐτοῖς
2380 2465 2486 2518 τῶν
2527 2465 2826 2535 μελλόντων
2861 2466 3267 2537 προγνωστικὴ,
3303 2468 3398 2520 καὶ
3430 2467 3515 2519 ἐπὶ
3551 2463 3701 2517 τοσοῦ-

2159 2573 2248 2609 τον
2280 2555 2615 2620 πλουσία,ώς
2640 2559 2704 2610 ὲκ
2727 2558 3061 2629 περιουσίας,
3085 2557 3175 2611 καὶ
3199 2557 3277 2628 τῷ
3308 2557 3592 2628 βουλομένῳ
3611 2556 3702 2608 τῶν

2161 2647 2462 2720 ἀνθρώπων
2493 2647 2685 2719 δηλοῦν
2713 2648 2782 2701 τὰ
2827 2649 3078 2720 ἐσόμενα,
3109 2649 3348 2722 δηλονότι
3381 2651 3506 2704 πολὺ
3536 2649 3699 2720 πρότεο

2162 2757 2253 2811 ρον
2279 2739 2346 2792 τὰ
2379 2740 2504 2809 περὶ
2533 2737 2738 2791 ἑαυτῶν
2770 2739 3085 2806 ἐγίνωσκον·
3121 2739 3454 2808 γινώσκοντα
3473 2739 3522 2793 δὲ
3549 2738 3607 2792 τὰ
3620 2756 3700 2792 πε-

2163 2831 2214 2900 ρὶ
2249 2829 2471 2892 ἑαυτῶν,
2507 2828 2808 2897 ἐφυλάξατο
2838 2829 2904 2882 ἂν
2935 2830 3242 2900 ἀναπτῆναι
3273 2831 3381 2902 (49)
3413 2831 3542 2884 κατὰ
3572 2828 3702 2883 τοῦδε

2157 2921 2251 2974 τοῦ
2279 2921 2464 2985 τόπου,
2500 2920 2582 2989 ἐφ’
2613 2915 2674 2974 οὗ
2691 2921 2920 2990 παγίδας
2954 2921 3048 2974 καὶ
3069 2921 3263 2975 δίκτυα
3290 2924 3548 2995 ἄνθρωποι
3571 2921 3704 2992 ἔστη-

2163 3032 2257 3066 σαν
2297 3013 2417 3066 κατ’
2477 3013 2675 3077 αὐτῶν,
2727 3012 2760 3082 ἦ
2812 3012 3026 3077 τοξόται
3087 3013 3276 3084 σκοπῷ
3325 3015 3579 3088 χρώμενοι
3611 3015 3704 3074 τοῖς

2163 3104 2476 3176 ἱπταμένοις
2503 3103 2628 3175 βέλη
2652 3105 2740 3158 ἐπ’
2772 3104 2912 3158 αὑτά
2943 3105 3202 3161 ἀπέλυον.
3245 3107 3466 3171 Πάντως
3483 3107 3523 3159 δ’
3543 3107 3602 3160 ἂν
3623 3103 3704 3159 καῖ

2163 3196 2663 3270 προγιγνώσκοντες
2699 3197 2846 3251 ἀετοὶ
2871 3198 2966 3270 τὴν
2986 3197 3129 3252 κατά
3147 3198 3260 3252 τῶν
3275 3199 3502 3254 νεοσσῶν
3526 3197 3704 3252 ἐπιϐου-

2157 3293 2276 3364 λὴν,
2303 3292 2412 3344 εἴτε
2442 3289 2550 3344 τῶν
2575 3289 2974 3345 ἀναϐαινόντων
3007 3291 3144 3362 πρὸς
3181 3291 3382 3356 αὐτοὺς
3429 3292 3587 3360 ὄφεων
3627 3289 3704 3343 καὶ

2156 3382 2571 3454 διαφθειρόντων
2601 3381 2818 3447 αὐτοὺς,
2855 3381 2963 3435 εἴτε
2989 3381 3082 3434 καί
3107 3399 3270 3436 τινων
3299 3383 3601 3456 ἀνθρώπων,
3624 3379 3706 3433 εἴτ’

2157 3475 2236 3536 εἰς
2271 3471 2490 3524 παιδιὰν
2521 3472 2630 3524 εἴτε
2657 3473 2751 3525 καὶ
2776 3474 2854 3536 είς
2873 3473 3042 3545 ἄλλην
3069 3475 3190 3528 τινὰ
3228 3475 3417 3546 χρείαν
3450 3475 3535 3528 καὶ
3565 3473 3704 3544 θερα-

483 3562 639 3615 πείαν
661 3563 1040 3632 λαμϐανόντων
1069 3566 1284 3629 αὐτοὺς,
1319 3568 1418 3620 οὐκ
1448 3567 1512 3620 ἂν
1539 3566 1883 3634 ἑνόσσευσαν,
1909 3568 2036 3623 ἔνθα
2059 3567 2282 3639 ἔμελλον
2334 3565 2802 3620 ιέιιιτιϐουλεύεσθαι.⁹
2829 3568 2918 3621 καὶ
2977 3569 3315 3636 ἁπαξαπλῶς
3361 3571 3460 3623 οὐκ
3499 3569 3556 3624 ἄν
3597 3581 3706 3619 ποτε

477 3654 588 3710 τῶν
611 3655 763 3720 ζώων
783 3673 838 3709 τι
855 3657 1059 3712 τούτων
1078 3658 1280 3712 ἁλωτὸν
1307 3659 1610 3731 ἀνθρώποις
1638 3658 1726 3734 ἦν,
1749 3663 1822 3727 ῶς
1849 3663 2149 3736 ἀνθρώπων
2180 3661 2447 3733 θειότερον
2479 3663 2572 3715 καὶ
2604 3661 2929 3736 σοφώτερον.

551 3751 639 3805 91.
671 3749 936 3808 Praeterea
963 3769 1086 3808 cum
1117 3769 1263 3822 aves,
1295 3757 1347 3812 id
1377 3760 1518 3826 quod
1562 3759 1752 3814 Celsus
1787 3761 1889 3826 ait,
1931 3777 2052 3815 cum

483 3844 674 3897 avibus
708 3845 1120 3914 colloquantur;
1162 3861 1280 3916 quae
1308 3863 1374 3904 ex
1405 3850 1484 3905 eis
1542 3851 1820 3906 divinandi
1858 3853 2054 3907 virtute

483 3931 707 4002 pollent,
736 3933 960 4002 aliaeque
999 3933 1218 4000 bestiae,
1253 3936 1298 3991 si
1351 3937 1531 3993 divina
1584 3947 1776 3993 natura
1817 3942 2054 4010 praedita:

481 4033 684 4088 essent,
717 4023 764 4078 si
813 4023 1122 4082 Divinitatis
1153 4029 1402 4085 notiones
1449 4031 1732 4096 haberent,
1778 4032 1820 4087 si
1867 4033 2044 4086 t'ntnra

479 4117 862 4188 prteviderent,
895 4134 957 4174 ea
1001 4119 1118 4175 sine
1145 4121 1309 4176 dubio
1331 4137 1514 4176 secum
1551 4123 1778 4178 invicem
1801 4139 2045 4178 conmm-

479 4211 724 4265 nicarent
748 4227 764 4278 ;
787 4227 964 4282 neque
986 4213 1121 4278 avis,
1156 4214 1220 4268 de
1247 4229 1351 4283 qua
1400 4215 1682 4280 Homerus.
1737 4217 1907 4286 pullos
1937 4219 2049 4271 edi-

477 4302 648 4358 disset
674 4304 765 4358 ubi
809 4305 925 4374 ipsa
959 4305 1200 4376 pullique
1237 4308 1358 4376 ejus
1391 4307 1613 4364 draconi
1653 4311 1829 4378 praeda
1884 4309 2046 4364 futuri

477 4401 664 4457 erant;
687 4407 861 4462 neque
890 4395 1080 4458 draco,
1105 4396 1170 4450 de
1194 4411 1300 4464 quo
1321 4398 1460 4452 idem
1491 4407 1668 4466 poeta,
1687 4401 2050 4456 commisisset

477 4493 538 4537 ιιι
561 4485 626 4537 ab
653 4484 830 4554 aquila
863 4495 1163 4556 raperetur.
1195 4487 1287 4542 Sic
1312 4489 1454 4543 enim
1487 4489 1554 4544 de
1595 4491 1776 4560 priore
1805 4492 2041 4546 admira-

477 4573 602 4630 bilis
625 4575 712 4629 ille
743 4575 1008 4632 Homerus
1039 4579 1092 4632 in
1132 4593 1228 4632 sua
1260 4579 1437 4634 Iliade
1459 4594 1478 4633 :

1342 4671 1458 4736 Quo
1489 4681 1715 4741 tempore
1739 4673 1903 4727 visum

479 4795 570 4852 Est
597 4799 776 4869 ingens
803 4801 948 4854 nobis
971 4812 1281 4868 monstrum,
1324 4805 1486 4858 draco
1513 4815 1654 4876 terga
1679 4810 1907 4862 cruentis

551 5083 672 5168 (46).
699 5085 1042 5168 lim'sclt'elins.
1083 5096 1137 5141 et
1191 5088 1520 5168 Spencerus,
1546 5093 1664 5146 ἀντὶ
1701 5093 1810 5168 τῶν
1834 5095 2036 5168 ,δαιμό-

479 5171 605 5234 νων.
641 5157 744 5234 sed
783 5155 1078 5234 i‘ltilocalia
1108 5169 1166 5212 nt
1197 5155 1469 5234 in_nostro
1508 5155 1678 5218 textu.
1715 5165 1880 5220 Paulo
1917 5155 2040 5234 post

480 5227 648 5280 codex
682 5227 879 5296 Regius
911 5235 1056 5280 recte
1083 5241 1098 5278 :
1121 5231 1418 5284 καταλιπὸν
1453 5233 1665 5286 ἐκεῖνα·
1701 5235 1837 5288 ὅπου
1869 5227 1929 5290 δὲ
1955 5237 2044 5290 διὰ

485 5296 950 5373 μαρτυρομμένης.
971 5296 1323 5373 ‘llgiscbclius
1345 5311 1400 5354 et
1447 5302 1751 5373 Speneerus
1777 5345 1793 5373 ,
1827 5309 2050 5360 καταλι-

480 5363 602 5442 πάξῖ
614 5363 834 5442 iisiis.“
865 5363 998 5420 ὅπου
1027 5367 1084 5420 δὲ
1103 5363 1659 5442 δλιαμᾳρτνρουιλένης·

553 5389 596 5416 ιν
630 5389 834 5417 εκεινα·
865 5389 998 5420 σπου
1027 5389 1084 5420 οε
1103 5389 1574 5442 οιαμαρτυρουμιεν
1615 5389 1659 5435 ς.

553 5435 666 5503 (47)
701 5433 928 5499 Pliiloc.,
992 5439 1541 5508 προκαταληφθεῖσιν.
1577 5389 1940 5502 τίίίιιεοιιιιιίιιιι
1991 5457 2046 5502 et

482 5503 813 5578 Speneerus,
849 5503 1410 5578 προκατειληφθεῖσιν.

553 5573 665 5645 (48)
700 5573 866 5628 Recte
893 5573 1134 5649 'Pbi_loc.,
1165 5573 1306 5649 πρὸς
1354 5581 1554 5636 ἐκεῖνα.
1614 5578 1957 5640 Hmschelins
1989 5597 2044 5642 et

483 5642 812 5712 Spent'rerns,
847 5645 976 5712 παρ’
999 5647 1200 5700 ἐκεῖνα.

553 5713 662 5800 (49)
693 5713 1027 5800 Ηιξεεείιθίίιιε
1045 5728 1099 5769 et
1115 5720 1437 5800 Sperne-erus,
1455 5719 1621 5800 ιδῇλον
1643 5722 1887 5800 ὄτι-πολὺ
1911 5727 2048 5800 πρό-

477 5779 986 5860 τερονγινώσκοντᾴ
1012 5779 1170 5860 γε-τᾶ
1189 5790 1313 5860 περὶ
1340 5779 1547 5842 ἑαυτῶῦ
1581 5793 1882 5860 ἐφυλάξατο
1911 5779 2043 5850 ἀνα-

480 5853 704 5926 πτῆναι,
739 5856 833 5911 sed
857 5854 1148 5913 Pliilocalia
1181 5869 1236 5912 ut
1263 5853 1321 5913 ἰιι
1352 5867 1540 5915 nostro
1566 5853 1731 5918 teittu.
1763 5853 1893 5921 Vide
1923 5881 2044 5936 (ιιιω

2241 3757 2400 3811 Ἀλλά
2428 3757 2541 3818 καὶ,
2573 3758 2730 3830 εἴπερ
2766 3758 2943 3812 οἰωνοὶ
2980 3762 3188 3826 οἰωνοῖς
3219 3761 3479 3832 μάχονται
3501 3757 3618 3830 (50),
3641 3755 3706 3820 ῶς

2163 3863 2324 3916 φησιν
2353 3849 2380 3899 ό
2405 3846 2628 3909 Κέλσος,
2653 3845 2802 3900 Θείαν
2830 3848 2988 3916 φύσιν
3021 3849 3236 3920 ἔχοντες
3269 3853 3318 3903 οἱ
3355 3849 3588 3921 μαντικοὶ
3626 3847 3706 3916 δρ-

2155 3955 2286 4000 νεις,
2322 3937 2415 3990 καὶ
2442 3937 2508 3990 τὰ
2529 3937 2662 3991 ἄλλα
2692 3939 2859 4008 ἄλογα
2886 3936 3023 4003 ζῶα,
3059 3941 3151 3994 καὶ
3197 3942 3404 4005 ἐννοίας
3433 3941 3520 3994 τοῦ
3550 3939 3706 3999 Θείου,

2155 4029 2250 4082 καὶ
2284 4029 2588 4100 πρόγνωσιν
2629 4030 2758 4100 περὶ
2791 4031 3113 4099 μελλόντων,
3148 4033 3242 4084 καὶ
3282 4034 3350 4086 τὰ
3379 4034 3588 4088 τοιαῦτα
3611 4031 3708 4102 (Si)

2154 4119 2360 4191 ἑτέροις
2393 4120 2736 4192 προεδήλουν,
2773 4121 2882 4173 οὔτ’
2911 4121 2977 4174 ἂν
3000 4125 3032 4192 ἡ
3059 4123 3178 4176 καῧ’
3213 4125 3456 4198 Ὅμηρον
3485 4123 3709 4198 atpoqu

2154 4213 2470 4266 ἐνόσσευσεν
2493 4214 2626 4266 ὅπου
2665 4214 2879 4284 δράκων
2903 4213 3126 4284 ἔμελλεν
3151 4217 3322 4286 αὐτὴν
3365 4219 3458 4272 καὶ
3485 4219 3548 4272 τὰ
3567 4217 3712 4270 τέκνα

2154 4304 2452 4372 ἀφανίσειν·
2481 4304 2589 4357 οὔτ’
2615 4304 2679 4358 ἂν
2713 4308 2741 4358 ό
2781 4305 2918 4359 κατά
2945 4306 3035 4360 τὸν
3064 4309 3227 4362 αὑτὸν
3266 4313 3490 4382 ποιητὴν
3521 4312 3714 4382 δράκων

2158 4396 2259 4447 οὐκ
2290 4393 2593 4462 ἐφυλάξατο
2621 4395 2726 4447 ὑπὸ
2760 4395 2853 4449 τοῦ
2893 4397 3051 4450 ἀετοῦ
3077 4399 3368 4471 ληφοῆναι.
3399 4405 3530 4474 Φησὶ
3556 4403 3650 4472 γὰρ
3687 4402 3714 4453 ὁ

2153 4486 2210 4538 ὲν
2241 4488 2454 4557 ποιήσει
2481 4485 2791 4557 Θαυμαστὸς
2811 4487 3056 4560 ’Όμηρος
3075 4492 3203 4562 περὶ
3231 4494 3330 4563 μὲν
3353 4495 3446 4548 τοῦ
3473 4493 3714 4567 προτέρου

2151 4576 2371 4630 τοιαῦτα
2407 4577 2540 4648 (5‘2)'

2503 4639 2508 4646 α

2076 4648 2123 4702 Ῑ)
2156 4670 2311 4722 Ἔνθ’
2352 4667 2541 4738 ἐφάνη
2576 4668 2730 4738 μέγα
2773 4670 2960 4741 σ·ῆμα”
2994 4673 3232 4743 δράκων
3267 4677 3368 4730 ἐπὶ
3413 4677 3560 4731 νῶτα
3615 4675 3712 4728 δας

2154 4808 2546 4876 Σμερδαλέος-
2603 4810 2710 4864 τὸν
2765 4811 2816 4864 δ’
2850 4814 3032 4880 αὐτὸς
3091 4816 3202 4888 (55)
3267 4748 3720 4960 Ὀλὲῐὲξιίόξνῆεε

3399 4905 3560 4958 φοωσ
3593 4903 3620 4938 ε

3399 4903 3620 4958 φόωσδε

2149 5098 2316 5154 refert
2375 5101 2645 5178 Iosephus
2692 5120 2756 5159 ex
2798 5106 3061 5178 illecataao
3111 5109 3186 5165 de
3227 5107 3538 5178 Masolamo,
3585 5111 3676 5164 lib.
3705 5123 3726 5164 ι

2145 5180 2334 5252 contra
2389 5174 2676 5252 Arionem;
2727 5177 2837 5252 vel,
2877 5188 2934 5231 ut
2961 5178 3242 5252 Eusebius,
3272 5181 3369 5233 lib.
3413 5174 3642 5250 tx,cap.
3673 5187 3727 5250 4,

2151 5237 2354 5320 Evam.
2383 5237 2544 5320 praep.
2571 5244 2754 5311 habet,
2785 5237 3136 5320 ῌυεοηιαηιο.
3163 5237 3432 5304 summa.

2223 5306 2334 5382 (50)
2383 5306 2750 5382 Mdzowatf
2785 5315 3140 5374 Scribendum
3199 5321 3416 5374 videtur
3465 5317 3730 5388 διαλέγον-

2153 5396 2265 5432 ται.

2227 5448 2340 5520 (fit)
2367 5451 2478 5504 Kal
2509 5451 2581 5505 τὰ
2601 5453 2869 5511 τοιαῦτα.
2919 5455 3002 5510 ΔΙ)
3047 5463 3208 5511 antea
3257 5459 3423 5516 editis
3460 5459 3734 5516 exciderat

2149 5517 2264 5590 καί,
2290 5517 2441 5590 quod
2469 5525 2646 5590 suppl.
2681 5538 2712 5577 e
2740 5525 2901 5578 codd.
2935 5541 3070 5580 mss.

2180 5533 2264 5582 Lat,
2339 5533 2441 5574 ttoa
2469 5533 2646 5590 suppl.
2681 5538 2712 5577 e
2740 5533 2901 5578 coud.
2935 5541 3070 5580 mss.

2180 5659 2191 5670 ν
2222 5533 2336 5663 (ὕῦ
2379 5590 2644 5670 Τοιαῦτα.
2673 5593 3332 5670 Prioresqnatnordeeim
3363 5613 3551 5654 versus
3575 5613 3732 5667 repe-

2150 5659 2368 5714 riuntur
2391 5659 2552 5714 Iliad.
2587 5660 2648 5726 Β,
2683 5675 2712 5714 a
2744 5679 2796 5718 ν.
2827 5659 2948 5718 508ζ
2971 5665 3161 5721 Latine
3189 5683 3288 5724 eos
3309 5671 3474 5724 etiam
3500 5659 3732 5723 reddidit

2149 5727 2342 5784 Cicero
2369 5731 2462 5784 lib.
2495 5746 2532 5784 ιι
2565 5730 2638 5786 De
2669 5734 3012 5791 divinatione.
3049 5737 3248 5794 Decem
3297 5753 3478 5798 autem
3503 5739 3588 5794 alii
3633 5753 3732 5794 cx-

2149 5807 2296 5852 stant
2319 5800 2478 5853 Iliad.
2506 5805 2581 5864 M,
2611 5819 2638 5854 a
2658 5819 2708 5858 ν.
2733 5804 2856 5860 200.

2220 5869 2332 5942 (55)
2364 5871 2532 5940 Alias,
2555 5872 2646 5926 τόν
2675 5875 2724 5942 ρ’
2759 5874 2943 5941 αὐτός.
