3840 6412
497 421 627 478 11⁸71

1976 380 2304 447 ORIGENIS

3585 379 3700 440 11·Ιί

483 509 680 565 harum
733 522 915 564 rerum
965 507 1155 578 peritis
1182 505 1532 561 observatum
1563 515 1668 573 est,
1712 507 1940 562 clariora
2002 508 2067 562 ab

2179 508 2350 578 5ρνεις
2404 507 2496 560 καὶ
2522 505 2646 568 τοὺς
2672 502 2993 575 δράκοντας,
3024 503 3103 555 ἔτι
3132 502 3175 554 δ’
3212 501 3489 564 ἀλώπεκας
3518 502 3604 556 καὶ
3627 503 3701 557 λύ-

483 604 607 659 istis
644 602 1014 658 animantibus
1052 601 1174 672 capi
1211 601 1476 671 przesagia
1509 620 1522 655 :
1556 615 1679 655 cum
1725 600 1780 655 in
1817 617 2073 656 mansue-

486 696 654 750 tiores
704 710 809 750 non
865 702 1074 749 tantum
1136 693 1424 764 potestatis
1475 692 1715 749 habeant
1773 693 2069 758 daemones,

2173 618 2321 664 κους.
2370 599 2477 652 Καὶ
2507 597 2615 667 γὰρ
2665 597 3112 667 παρατετήρηται
3151 597 3260 658 τοῖς
3286 595 3409 666 περὶ
3437 593 3593 648 ταῦτα
3619 596 3702 649 δει-

2170 695 2301 756 νοῖς,
2332 693 2414 744 ὅτι
2448 693 2502 745 αί
2529 693 2908 762 ὲνεργέστεραι
2955 690 3064 759 (60)
3120 687 3446 758 προγνώσεις
3494 685 3577 739 διὰ
3614 686 3703 741 τῶν

483 794 744 857 quantum
778 784 908 854 ipsis
958 785 1011 838 in
1069 783 1204 837 alias
1242 784 1330 837 dat
1381 781 1622 838 afﬁnitas
1677 783 1915 850 malitiae,
1951 801 2067 854 qua:

2179 784 2426 836 τοιούτων
2448 781 2600 846 ζώων
2622 784 2921 853 γίγνονται·
2955 782 3049 836 ἆτε
3074 779 3147 850 μὴ
3171 778 3475 848 δυναμένων
3498 777 3595 832 τῶν
3611 778 3706 832 δαι-

481 885 663 931 tamen
688 877 742 931 in
767 875 874 930 illis
907 875 1279 930 animantibus
1314 874 1520 930 malitia
1553 890 1660 930 non
1691 885 1792 943 est,
1819 877 1912 932 sed
1937 876 2066 946 quid

2179 877 2344 946 μόνων
2371 877 2428 929 ἐν
2454 879 2565 940 τοῖς
2599 875 2969 947 ἡμερωτέροις
2998 872 3104 925 τῶν
3139 870 3291 935 ζώων
3321 870 3581 934 τοσοῦτον,
3605 872 3705 924 ὅσον

480 967 676 1022 simile.

2163 967 2417 1024 δύνανται
2449 967 2537 1021 διὰ
2563 968 2624 1020 τὸ
2658 967 3036 1038 παραπλήσιον
3066 966 3164 1035 τῆς
3193 963 3408 1030 κακίας,
3434 965 3522 1018 καὶ
3552 965 3605 1018 οὗ
3623 983 3705 1020 κα-

480 1058 606 1113 κίαν
631 1058 750 1130 μὲν,
779 1060 939 1113 οἱονεὶ
971 1059 1025 1112 δὲ
1061 1059 1253 1112 κακίαν
1277 1053 1442 1112 οὖσαν
1479 1060 1536 1111 ὲν
1564 1059 1674 1120 τοῖς
1706 1057 1924 1111 τοιοισδὶ
1956 1057 2064 1111 τῶν
2098 1058 2271 1126 ζώων,
2307 1059 2597 1130 ἐνεργῆσαι
2623 1059 2746 1112 τάδε
2773 1059 2841 1111 τὰ
2868 1057 2980 1122 ζῶα
3012 1057 3144 1128 (61).

546 1239 635 1295 93.
668 1238 824 1296 Unde
877 1237 923 1293 si
959 1237 1086 1308 quid
1116 1237 1261 1293 aliud
1316 1236 1516 1308 Moysis
1558 1236 1858 1291 admiratus
1913 1251 2056 1303 sum,

475 1331 580 1387 hoc
616 1331 668 1385 in
730 1331 922 1400 primis
979 1331 1346 1386 admiratione
1391 1330 1614 1400 dignum
1661 1344 1782 1386 esse
1823 1329 2056 1397 afﬁrmo,

472 1418 642 1485 quod,
702 1419 1064 1473 consideratis
1114 1419 1473 1472 animantium
1530 1417 1762 1472 diversis
1822 1419 2058 1482 naturis,

473 1508 588 1562 sive
618 1523 739 1577 qua:
779 1510 848 1563 ad
876 1523 971 1563 eas
993 1509 1370 1577 daemonesque
1399 1508 1630 1578 singulis
1665 1508 1857 1564 afﬁnes
1899 1518 2062 1578 atque

473 1608 733 1668 cognatos
750 1599 1050 1669 pertinent,
1072 1615 1098 1653 a
1121 1599 1229 1656 Deo
1247 1600 1538 1669 acceperit,
1555 1600 1668 1655 sive
1682 1615 1775 1654 sua
1794 1602 2059 1670 sapientia

473 1692 587 1760 ipse
609 1691 896 1757 invenerit,
918 1693 970 1745 in
1003 1707 1099 1746 suo
1117 1693 1182 1746 de
1203 1692 1530 1747 animalibus
1554 1693 1734 1748 edicto
1758 1693 1805 1724 "
1835 1694 2060 1748 immun-

473 1783 541 1838 da
567 1783 656 1838 illa
682 1783 866 1838 omnia
903 1785 1154 1854 appellet,
1189 1800 1310 1853 quae
1333 1784 1576 1855 Egyptii
1629 1787 1925 1855 caaterique
1959 1787 2061 1841 ho-

474 1877 652 1932 mines
685 1876 911 1932 fatidica
950 1893 1072 1932 esse
1104 1885 1321 1947 putant,
1366 1891 1505 1946 pura
1552 1893 1684 1933 vero
1719 1878 1925 1948 reliqua
1951 1880 2064 1934 fere
2095 1861 2137 1915 Β

475 1970 682 2024 omnia.
744 1968 836 2025 Sic
875 1971 1016 2040 apud
1077 1969 1698 2040 Moysemininnnundis
1737 1973 2060 2042 suntlupus,

475 2060 688 2128 vulpes,
710 2061 898 2126 draco,
921 2060 1130 2130 aquila,
1154 2061 1438 2129 accipiter,
1472 2072 1525 2116 et
1554 2063 1620 2115 iis
1663 2063 1894 2117 similia:
1921 2073 1976 2118 et
2005 2073 2065 2118 nt

475 2152 768 2220 plurimum
806 2169 914 2208 non
947 2153 1122 2209 solum
1151 2155 1205 2207 in
1237 2153 1373 2223 lege.
1397 2153 1488 2207 sed
1512 2154 1677 2208 etiam
1709 2155 1762 2208 in
1788 2156 2065 2225 prophetis

479 2241 644 2314 573
673 2243 920 2297 invenias
952 2245 1056 2298 hoc
1089 2259 1290 2311 genere
1325 2245 1640 2298 animalium
1671 2247 2055 2314 rcprmsentari

477 2350 539 2389 ea
596 2351 718 2406 qua:
747 2337 990 2390 omnium
1025 2339 1266 2404 pessima
1299 2350 1453 2403 sunt,
1487 2353 1590 2392 nec
1623 2355 1864 2406 unquam
1896 2339 1948 2392 in
1977 2340 2068 2394 bo-

478 2444 606 2484 nam
640 2438 850 2499 partem
889 2430 1061 2497 accipi
1097 2429 1208 2498 lupi
1243 2439 1335 2482 ant
1367 2429 1543 2497 vulpis
1590 2430 1834 2486 nomina.
1869 2429 2061 2483 Credi-

480 2523 655 2576 derim
703 2523 871 2592 igitur
909 2523 1156 2592 singulas
1201 2522 1502 2574 dmntonum
1548 2522 1761 2590 species
1796 2537 1919 2575 cum
1951 2522 2064 2576 sin-

478 2614 624 2683 gulis
653 2613 973 2668 animalium
1005 2613 1293 2682 speciebus
1323 2614 1620 2680 quamdam
1657 2613 1858 2666 habere
1890 2611 2064 2665 afﬁni-

476 2715 646 2760 tatem
679 2723 693 2761 :
736 2716 786 2760 et
812 2707 1277 2776 quemadmodum
1308 2705 1559 2760 homines
1607 2705 1828 2773 quidam
1856 2746 1871 2770 ,
1914 2706 2062 2760 nulla

477 2811 694 2850 morum
716 2797 905 2851 habita
941 2798 1176 2862 ratione,
1227 2805 1356 2850 sunt
1383 2794 1505 2848 aliis
1549 2795 1864 2850 hominibus
1901 2797 2066 2849 robu-

479 2889 700 2955 stiores,
733 2889 807 2943 ita
838 2888 1146 2943 daemonum
1175 2889 1226 2942 in
1271 2891 1433 2944 rebus
1471 2888 1914 2943 indill‘erentibus
1947 2904 2064 2940 ma-

476 2982 648 3051 iorem
694 2996 817 3036 esse
856 2991 1204 3050 potestatem,
1236 2998 1399 3051 quam
1449 2983 1682 3036 aliormn
1713 2983 2064 3048 dietnonum;

479 3081 536 3128 et
571 3073 840 3143 quosdam
871 3074 1114 3142 quidem,
1142 3090 1241 3143 pro
1275 3087 1402 3128 nutu
1432 3075 1553 3144 ejus
1578 3089 1736 3143 quem
1767 3075 2065 3144 Scriptura:

477 3174 681 3218 nostrae
709 3173 908 3218 vocant
943 3181 959 3213 t
993 3164 1290 3233 principem
1321 3165 1481 3234 hujus
1505 3167 1689 3219 saeculi
1716 3167 2063 3235 “,tquibus-
2091 3201 2136 3258 Ο

481 3257 604 3310 dam
657 3255 989 3309 animalibus
1041 3257 1108 3308 ad
1163 3256 1429 3312 fallendos
1488 3259 1736 3313 homines
1768 3261 1876 3324 uti;
1925 3257 2063 3314 alios

483 3362 616 3402 vero
673 3362 768 3417 per
825 3347 988 3401 aliam
1047 3347 1366 3400 animalium
1424 3349 1662 3415 speciem
1712 3350 1892 3402 futura
1933 3366 2072 3418 prae-

485 3439 762 3494 nuntiare.
816 3439 894 3492 Ac
967 3439 1088 3492 \‘ide
1143 3455 1253 3508 quo
1334 3440 1663 3508 processerit
1725 3441 2071 3496 immunditia

485 3529 847 3594 daemonum,
939 3545 1173 3598 quorum
1263 3530 1485 3598 quidam
1575 3531 1740 3586 etiam
1812 3533 2072 3588 mnstelas

485 3624 840 3678 adhibueriut
868 3625 936 3678 ad
980 3639 1165 3678 rerum
1220 3623 1525 3678 futurarum
1559 3625 2019 3691 signiﬁcationem
2053 3645 2067 3680 :

485 3724 543 3770 et
581 3725 765 3770 tecum
811 3717 925 3784 ipse
975 3726 1192 3785 reputa.
1231 3727 1351 3770 ntra
1411 3718 1681 3771 sententia
1731 3718 1801 3771 sit
1860 3719 2061 3787 potior,

488 3821 626 3860 eane
659 3821 780 3873 quae
828 3806 1026 3859 statuit
1080 3808 1318 3861 motibus
1376 3805 1683 3861 futurorum
1747 3809 2064 3877 prmnuntiis

487 3912 615 3950 aves
661 3897 1010 3965 reliquasque
1057 3899 1362 3954 animantes
1398 3899 1591 3969 agitari
1636 3915 1664 3951 a
1701 3899 1808 3953 Deo
1850 3915 2065 3961 summo

485 3987 711 4058 ejusque
743 3988 915 4052 Filio;
950 4003 1017 4042 an
1049 4005 1110 4043 ea
1180 4007 1299 4059 quze
1339 3993 1390 4045 id
1420 3998 1701 4059 acceptum
1755 3991 1922 4044 refert
1952 3992 2063 4044 ἀίε-

490 4081 765 4146 monibus,
799 4084 984 4151 pravis
1020 4083 1128 4136 illis
1163 4093 1240 4148 et,
1275 4094 1332 4137 nt
1355 4084 1648 4152 loquuntur
1680 4082 2062 4152 Scriptum”,

2242 1235 2425 1297 Ὅθεν,
2463 1235 2620 1308 εἴπερ
2653 1236 2781 1292 ἄλλο
2807 1253 2858 1288 τι
2886 1233 3163 1298 Μωῦσέως
3193 1233 3528 1304 τεθαύμακα,
3557 1233 3636 1286 καὶ
3659 1232 3707 1286 τὸ

2166 1328 2404 1383 τοιοῦτον
2433 1328 2710 1400 θαύματος
2740 1326 3119 1396 ἀποφανοῦμαι
3151 1325 3300 1390 ἄξιον
3324 1321 3479 1388 εἶναι,
3515 1327 3587 1378 ὅτι
3624 1324 3706 1392 φύε

2167 1439 2280 1485 σεις
2313 1424 2655 1493 κατανοήσας
2708 1420 2860 1486 ζώων
2905 1421 3210 1491 διαφόρους,
3257 1419 3350 1472 καὶ
3382 1419 3478 1471 εἴτ’
3515 1417 3707 1470 ἀπὸτοῦ

2165 1515 2323 1569 Θείου
2363 1513 2550 1586 μαθὼν
2589 1515 2656 1588 τὰ
2687 1516 2814 1586 περὶ
2865 1513 3066 1576 αὐτῶν,
3101 1512 3195 1565 καὶ
3225 1511 3334 1563 τῶν
3381 1511 3581 1580 ἑκάστῳ
3609 1508 3708 1578 ζώῳ

2168 1606 2447 1674 συγγενῶν
2463 1605 2753 1676 δαιμόνων,
2773 1606 2880 1658 εἴτε
2897 1605 2992 1658 καὶ
3007 1605 3166 1666 αὐτὸς
3183 1602 3481 1656 ἀναϐαίνων
3500 1605 3562 1671 τῇ
3579 1602 3707 1670 σοφίᾳ

2167 1698 2344 1769 εὑρὼν
2363 1698 2495 1768 (6‘2),
2522 1699 2578 1751 ὲν
2602 1701 2668 1770 τῇ
2701 1715 2766 1750 πε
2777 1697 2828 1768 ρ).
2854 1695 3006 1760 ζώων
3030 1693 3290 1760 διατάξει,
3309 1693 3481 1747 πάντα
3497 1692 3584 1762 μὲν
3602 1693 3708 1744 ἀκά-

2168 1790 2340 1861 θαρτα
2361 1790 2561 1860 ἔφησεν
2579 1785 2716 1843 εἶναι
2739 1788 2810 1842 τά
2825 1787 3156 1859 νομιζόμενα
3181 1787 3311 1858 παρ’
3328 1785 3622 1854 Αἰγυπτίοις
3637 1784 3708 1837 καὶ

2165 1883 2275 1944 τοῖς
2292 1880 2497 1943 λοιποῖς
2513 1879 2620 1933 τῶν
2637 1879 2732 1933 ἀνθ
2740 1878 2936 1950 ρώπων
2958 1875 3093 1930 εἶναι
3116 1877 3371 1948 μαντικὰ,
3388 1877 3460 1940 ώς
3475 1877 3651 1929 ἐπίπαν
3666 1875 3708 1928 δὲ

2166 1968 2303 2025 εἶναι
2336 1971 2549 2042 καθαρά
2577 1971 2645 2024 τὰ
2681 1971 2753 2042 μὴ
2784 1969 3026 2023 τοιαῦτα.
3060 1971 3169 2022 Καὶ
3195 1969 3252 2020 ἐν
3278 1968 3592 2038 ἀκαθάρτοις
3624 1983 3708 2019 πα-

2168 2065 2236 2135 ρὰ
2266 2065 2477 2134 Μωῡσῇ
2511 2064 2626 2115 ἐστι
2655 2062 2836 2125 λύκος,
2863 2063 2958 2114 καὶ
2992 2059 3238 2130 ἀλώπηξ,
3270 2060 3364 2113 καὶ
3393 2060 3609 2129 δράκων,
3638 2059 3710 2111 ἀε-

2165 2157 2254 2220 τός
2283 2173 2341 2208 τε
2372 2156 2466 2209 καὶ
2505 2154 2679 2227 ἱέραξ,
2722 2156 2816 2207 καὶ
2849 2154 2918 2207 τὰ
2946 2155 3107 2224 ὃμοια
3135 2153 3368 2214 τούτοις·
3403 2153 3494 2204 καὶ
3526 2150 3593 2213 ὡς
3617 2149 3713 2201 Etti-

2167 2265 2275 2300 παν
2306 2247 2366 2299 ού
2405 2247 2562 2317 μόνον
2595 2248 2651 2298 ὲν
2677 2246 2753 2315 τῷ
2769 2247 2938 2316 νόμῳ,
2962 2245 3097 2298 ἀλλὰ
3127 2248 3221 2298 καὶ
3248 2247 3306 2298 ὲν
3324 2247 3436 2309 τοῖς
3451 2245 3714 2316 προφήτας

2168 2339 2350 2408 εῦροις
2376 2339 2440 2391 ἂν
2472 2338 2642 2391 ταῦτα
2676 2338 2742 2391 τὰ
2775 2335 2888 2402 ζῶα
2921 2340 3000 2401 είς
3046 2337 3400 2409 παράδειγμα
3439 2337 3539 2389 τῶν
3572 2335 3704 2390 mxi-

2171 2449 2310 2484 στων
2363 2430 2936 2503 παραλαμϐανόμενα,
2985 2430 3239 2483 οὐδέποτε
3291 2431 3348 2483 δὲ
3395 2433 3474 2493 είς
3514 2428 3712 2501 χρηστὸν

2171 2525 2407 2595 πρᾶγμα
2425 2523 2824 2594 ὀνομαζόμενον
2854 2522 3016 2576 λύκον
3049 2521 3382 2594 ἢάλώπεκα.
3417 2523 3616 2576 Ἔοικεν
3638 2517 3712 2574 οὖν

2167 2631 2250 2676 τις
2281 2610 2417 2666 εἶναι
2453 2614 2666 2684 ἑκάστῳ
2699 2613 2966 2683 δαιμόνων
3010 2613 3139 2666 εῖδει
3174 2613 3429 2666 κοινωνία
3461 2614 3584 2685 πρὸς
3611 2612 3714 2665 Exa-

2170 2723 2292 2758 στον
2321 2702 2461 2768 εἶδος
2494 2703 2667 2769 ζώων·
2703 2703 2794 2757 καὶ
2826 2703 3015 2774 ὥσπερ
3045 2705 3103 2756 ἐν
3119 2701 3431 2774 ἀνθρώποις
3455 2701 3714 2774 ἀνθρώπων

2170 2796 2448 2867 ἄνθρωποι
2486 2793 2823 2870 ίσχυρότίεροί
2851 2794 2994 2858 τινές
3023 2795 3159 2846 εἰσιν
3180 2833 3194 2857 ,
3231 2794 3292 2846 ού
3330 2794 3540 2857 πάντως
3575 2792 3650 2846 διὰ
3670 2793 3716 2844 τὸ

2165 2883 2318 2959 ἦθος,
2349 2888 2440 2940 τὸν
2477 2885 2640 2940 αὑτὸν
2677 2886 2878 2957 τρόπον
2925 2885 3176 2954 δαίμονες
3223 2886 3492 2956 δαιμόνων
3538 2880 3716 2938 εἶεν-ἃν

2167 2983 2224 3034 ὲν
2253 2979 2440 3050 μέσοις
2472 2976 2846 3048 δυνατώτεροι·
2885 2978 2978 3030 καὶ
3001 2977 3108 3029 οἵδε
3134 2978 3231 3046 μὲν
3261 2977 3436 3030 τοῖσδε
3460 2979 3565 3039 τοῖς
3586 2974 3716 3040 ζώοις

2167 3072 2440 3144 χρώμενοι
2493 3072 2570 3134 είς
2603 3071 2819 3139 ἀπάτην
2852 3069 2960 3122 τῶν
3001 3069 3330 3141 ἀνθρώπων,
3363 3069 3502 3124 κατά
3529 3069 3586 3123 τὸ

2167 3165 2317 3236 λημα
2349 3163 2442 3217 τοῦ
2476 3161 2809 3233 καλουμένου
2844 3163 2900 3213 ἐν
2939 3165 3051 3224 τοῖς
3082 3160 3262 3225 λόγοις
3298 3161 3453 3233 ἡμῶν
3499 3180 3517 3212 ι
3554 3160 3719 3232 ἄρχον-

2169 3275 2262 3320 τος
2293 3255 2385 3310 τοῦ
2418 3255 2611 3318 αἰῶνος
2642 3253 2830 3307 τούτου
2869 3254 3003 3323 (65),
3036 3273 3053 3304 ι
3091 3254 3272 3324 ἕτεροι
3305 3253 3364 3307 δὲ
3397 3254 3462 3306 δι’
3486 3252 3626 3307 άλλου
3654 3251 3719 3304 εί-

2175 3351 2297 3413 δους
2327 3347 2741 3420 προδηλοῦντες.
2779 3346 2890 3398 Καὶ
2911 3347 3013 3417 ὅρα
3045 3347 3131 3413 ἐφ’
3167 3345 3290 3398 ὅσον
3314 3347 3452 3398 είσὶν
3483 3345 3530 3397 οἱ
3562 3343 3720 3411 δαίμο-

2176 3460 2264 3504 νες
2301 3441 2503 3512 μιαροὶ,
2532 3441 2606 3503 ὡς
2640 3440 2731 3492 καὶ
2760 3437 2932 3506 γαλᾶς
2983 3438 3088 3490 ὑπό
3131 3455 3295 3490 τινων
3330 3435 3719 3508 παραλαμϐάνε-

2177 3534 2298 3586 σθαι
2333 3533 2466 3604 πρὸς
2497 3532 2557 3584 τὸ
2598 3529 2790 3601 δηλοῦν
2824 3529 2894 3582 τὰ
2927 3529 3208 3600 μέλλονταο
3262 3531 3357 3584 καὶ
3403 3531 3467 3583 σὺ
3511 3529 3563 3582 δὲ
3596 3527 3721 3598 παρᾶ

2177 3623 2358 3694 σαυτῷ
2403 3627 2588 3696 κρῖνον
2624 3621 2883 3692 ὁπότερόν
2929 3622 3046 3674 ἐστι
3083 3622 3291 3691 βέλτιον
3332 3618 3720 3694 παραδέξασθαι,

2171 3719 2254 3770 ὅτι
2286 3719 2314 3769 ὁ
2341 3716 2433 3768 ἐπὶ
2468 3717 2602 3768 πᾶσι
2635 3714 2765 3776 Θεὸς
2799 3712 2892 3766 καὶ
2923 3712 3116 3766 τούτου
3161 3716 3190 3768 ὁ
3227 3715 3358 3778 Υἱὸς
3400 3713 3599 3767 κινοῦσι
3619 3712 3722 3771 τοὺς

2169 3811 2388 3883 ὄρνιθας
2414 3809 2507 3862 καὶ
2525 3806 2596 3859 τά
2619 3807 2781 3858 λοιπά
2811 3805 2926 3870 ζῶα
2957 3806 3036 3868 είς
3067 3807 3359 3878 μαντικὴν,
3393 3809 3426 3879 ἢ
3462 3809 3509 3859 οἱ
3550 3802 3724 3858 κινοῦν-

2169 3921 2258 3966 τες
2287 3903 2355 3955 τὰ
2374 3901 2547 3954 τοιαδί,
2580 3899 2686 3952 τῶν
2720 3896 2893 3961 ζώων,
2929 3897 3022 3952 καὶ
3054 3900 3157 3952 οὐκ
3202 3898 3522 3970 ἀνθρώπους
3555 3895 3722 3965 παρόν-

2167 4012 2275 4048 των
2317 3991 2637 4064 ἀνθρώπων,
2667 3988 2914 4058 δαίμονές
2944 3990 3049 4041 εἰσι
3071 3990 3286 4058 φαῦλοι,
3303 3991 3398 4044 καὶ
3423 3991 3496 4053 ὡς
3513 3987 3723 4057 ὠνόμασε

2168 4084 2238 4138 τὰ
2274 4083 2396 4155 ἱερά
2416 4081 2573 4153 ἡμῶν
2606 4079 2940 4150 γράμματα,
2977 4077 3302 4150 ἀκάθαρτοι.

492 4174 719 4244 impuris
742 4175 1044 4245 Spiritibus,
1079 4175 1195 4246 qui,
1238 4175 1364 4232 licet
1407 4175 1720 4232 hominibus
1765 4177 2148 4246 praesentibus,
2187 4192 2293 4231 non
2343 4175 2598 4230 homines
2669 4181 2892 4233 tamen,
2945 4169 3041 4224 sed
3096 4173 3342 4242 quaedam
3376 4169 3615 4228 animalia
3634 4179 3727 4224 mo-

497 4273 647 4321 vent.

559 4357 649 4413 94.
692 4357 896 4416 Prteter
924 4361 1062 4426 hmc,
1095 4363 1139 4416 si
1168 4361 1350 4417 divina
1384 4363 1565 4417 avium
1592 4362 1716 4419 ideo
1749 4369 1835 4419 est
1861 4363 2068 4428 anima,
2101 4379 2148 4438 ι)

489 4449 616 4518 quia
657 4450 760 4506 illa:
794 4453 979 4507 futura
1007 4457 1414 4524 praanuntiant;
1463 4466 1671 4523 quanto
1699 4456 1877 4525 magis
1897 4495 1911 4518 ,
1940 4469 2063 4510 cum

491 4542 559 4597 ab
586 4542 902 4600 hominibus
941 4547 1123 4600 omina
1178 4547 1545 4616 accipiuntur,
1585 4546 1828 4600 divinam
1878 4546 2069 4599 dicen-

488 4635 616 4688 dum
654 4645 800 4689 esset
821 4649 1010 4690 eorum
1036 4651 1156 4691 esse
1187 4639 1422 4690 animam
1463 4652 1561 4706 per
1583 4651 1722 4706 quos
1762 4637 1943 4690 omina
1976 4651 2072 4688 au-

489 4725 755 4780 diuntur?
802 4727 948 4797 Ergo
996 4742 1062 4782 ex
1102 4729 1207 4781 illis
1231 4728 1414 4782 divina
1455 4728 1618 4782 fuerit
1671 4726 1760 4780 illa
1806 4727 2067 4793 molitrix,

486 4831 610 4887 quae
643 4819 788 4888 apud
821 4819 1115 4874 Homerum
1149 4821 1217 4873 de
1245 4819 1428 4889 procis
1451 4818 1668 4873 dicebat
1702 4835 1717 4872 :

672 4932 869 4989 Ultimo
906 4942 954 4986 et
983 4943 1241 5000 postremo
1265 4950 1402 4987 nunc
1430 4933 1714 4986 hiccanent
1738 4930 1782 4963 ⁸⁹
1820 4945 1835 4994 ;

488 5026 606 5090 illa,
636 5025 883 5094 inquam,
911 5024 1092 5078 divina
1124 5025 1320 5094 fuerit;
1360 5025 1584 5080 minime
1630 5038 1763 5078 vero
1829 5021 2069 5092 Ulysscs,

563 5141 612 5173 ³⁸
642 5139 812 5197 Levit.
844 5159 920 5197 ιιι.
992 5144 1037 5175 ⁸⁷
1063 5143 1218 5198 Joan.
1247 5161 1342 5210 xu,
1376 5145 1470 5203 l5;
1507 5143 1544 5196 ll
1575 5143 1700 5196 Cor.
1731 5158 1806 5206 IV,
1837 5142 1890 5197 4.

560 5235 678 5373 (6οἶ
729 5235 931 5288 Mavult
987 5237 1325 5298 Bohcrellus,
1363 5239 1418 5289 αἱ
1455 5237 1865 5308 ὲναργέστεραι.

561 5306 646 5373 (ﬁl
714 5305 858 5359 Τάδε
899 5310 969 5360 τὰ
992 5307 1124 5366 ζῶα.
1158 5307 1356 5362 Guieto
1399 5309 1514 5361 haec
1557 5308 1804 5361 addititia
1837 5324 1863 5360 ν

561 5306 675 5376 (ﬁl)
714 5306 858 5359 Τάδε

492 5384 548 5430 et
570 5376 872 5444 superflua.

565 5441 678 5532 (Q2)
711 5447 1027 5514 Pliilocalia,
1057 5441 1235 5521 εὗρεν.
1296 5445 1639 5502 ιιωεοιιοιίυε
1663 5455 1719 5502 et
1751 5444 2078 5516 Spcncerus,

742 5587 969 5674 Alco-Iros;
1005 5592 1252 5674 τούτοιέ
1317 5587 1473 5674 Joj‘in.
1535 5603 1649 5667 κιιη
1695 5589 1754 5641 3|
1791 5629 1805 5651 ,
1833 5587 2072 5674 ..κόσμου

491 5657 720 5780 ⁶ἓούτου,
751 5659 869 5779 ἰθύ
929 5659 1058 5723 Θεὸς
1149 5660 1244 5713 τοῦ
1304 5658 1501 5722 αἰῶνος
1561 5657 1752 5712 τούτου
1813 5657 2010 5713 dicitur
2056 5657 2076 5712 1

542 5741 620 5780 or.
655 5742 727 5792 tv,
792 5768 806 5782 .

571 5794 688 5919 $64)
744 5799 1228 5868 Ταῖ’ἀνθρώπων.
1274 5801 1348 5854 lta
1386 5799 1702 5881 Philocalia.
1748 5799 1931 5880 Alias,
1973 5800 2067 5851 ἀπ’

501 5865 568 5924 ἀν
607 5866 823 5940 ρώπων.
857 5869 1027 5928 Paulo
1060 5880 1182 5942 post
1213 5871 1409 5928 Guieto
1444 5873 1658 5930 videtur
1686 5870 2067 5933 scribendum,

2003 5141 2052 5171 ⁸⁸
2077 5141 2265 5198 Matth.
2300 5160 2355 5207 Χ,
2402 5144 2452 5198 1.

714 5305 858 5359 Τάδε
899 5310 969 5360 τὰ
992 5307 1124 5366 ζῶα.
1158 5307 1356 5362 Guieto
1399 5309 1514 5361 haec
1555 5305 1804 5361 addititia
1837 5308 2083 5361 videntur

2245 4358 2417 4432 Εἴπερ
2447 4360 2505 4414 δὲ
2541 4359 2659 4414 θεία
2685 4361 2832 4415 ἐστὶν
2857 4364 2890 4434 ὴ
2913 4361 3022 4416 τῶν
3049 4359 3281 4432 ὀρνίθων
3312 4359 3460 4431 ψυχὴ
3496 4358 3578 4412 διὰ
3605 4339 3726 4410 ea

2179 4450 2362 4503 αὐτῶν
2410 4452 2771 4523 προλέγεσθαι
2822 4453 2890 4507 τὰ
2933 4453 3219 4525 μέλλοντα,
3262 4452 3380 4516 πῶς
3412 4452 3529 4522 ούχὶ
3557 4451 3724 4522 μᾶλλον

2181 4545 2312 4596 ὅπου
2343 4542 2598 4616 κληδόνες
2617 4545 2707 4597 ὑπ’
2732 4545 3036 4616 ἀνθρώπων
3059 4545 3172 4616 (64)
3193 4545 3578 4615 λαμϐάνονται,
3603 4544 3728 4596 θείαν

2180 4629 2319 4687 εἶναι
2354 4635 2599 4704 φήσομεν
2627 4634 2724 4704 τὴν
2757 4635 2934 4705 ψυχὴν
2951 4633 3190 4704 εκείνην,
3223 4633 3290 4686 δι’
3318 4627 3396 4686 ὧν
3423 4635 3476 4686 αἱ
3511 4631 3726 4701 κληδόνες

2181 4726 2469 4779 ἀκούονται
2490 4742 2503 4792 ;
2533 4726 2663 4780 Θεία
2685 4722 2778 4780 οὖν
2797 4744 2877 4790 τις
2901 4723 2968 4796 ἦν
2989 4727 3130 4778 κατά
3152 4727 3278 4789 τοὺς
3297 4723 3535 4778 τοιούσδε
3562 4719 3729 4792 ἡπαρὰ

2175 4817 2253 4886 τῷ
2291 4819 2514 4890 Ὁμήρῳ
2545 4819 2782 4891 ἀλετρὶς,
2822 4819 2948 4890 περ).
2981 4816 3090 4870 τῶν
3129 4818 3458 4888 μνηστήρων
3487 4813 3728 4867 εἰποῦσα’

2182 4933 2440 4986 "rotam
2473 4934 2566 4986 καί
2592 4935 2831 5002 πύματα
2855 4930 3097 5003 (65)νῦγ
3110 4931 3327 4984 ἐνθάδε
3357 4929 3727 4996 δειπνήσειαν·

2183 5027 2408 5096 κάκείνη
2461 5027 2557 5096 μὲν
2604 5025 2722 5079 θεία
2753 5023 2839 5098 ἦν·
2883 5026 2968 5079 ὁδὲ
3013 5023 3335 5097 τηλικοῦτος
3377 5022 3734 5083 Ὀδυσσεὺς,ό

2533 5143 2578 5173 ⁵³
2616 5139 2812 5212 Odyss.
2851 5142 2916 5204 Υ,
2950 5158 3002 5195 v.
3040 5139 3140 5193 116
3169 5148 3224 5194 et
3251 5137 3374 5193 119.

2191 5238 2288 5308 τὴν
2317 5238 2493 5308 ψυχὴν
2526 5238 2752 5292 ἐκείνων
2780 5237 2848 5290 δι’
2869 5230 2974 5308 [ὃν.
3012 5236 3334 5292 Bolicrcllns
3376 5244 3553 5288 autem
3599 5230 3733 5298 legit.

2191 5257 2288 5308 την
2335 5256 2493 5308 ὐχην
2526 5256 2752 5292 εκεινων
2780 5256 2830 5290 οι
2879 5256 2951 5290 ων

2189 5308 2286 5379 τὴν
2316 5256 2492 5378 ἷυχὴν
2527 5310 2742 5378 ἐκείνην
2863 5304 2951 5381 ἦς.

2264 5372 3236 5449 (ὃὸγηύματαξιλίὶαεξ,πήματα,
3295 5375 3460 5429 male.
3498 5372 3736 5427 Caeterum

2193 5445 2283 5504 hic
2320 5445 2514 5502 versus
2542 5449 2718 5516 qualis
2749 5448 2816 5500 ab
2863 5445 3096 5514 Origene
3126 5447 3396 5508 affertur,
3438 5460 3540 5498 non
3589 5451 3733 5496 estex

2186 5522 2371 5588 Odyss.
2392 5523 2454 5580 Υ,
2485 5521 2578 5572 sed
2613 5534 2678 5571 ex
2705 5523 2771 5579 A.
2800 5517 2924 5572 685.
2953 5519 3026 5570 Ex
3048 5517 3320 5588 memoria
3349 5517 3511 5588 citat1
3527 5524 3586 5567 ut
3607 5527 3731 5588 mox.

2183 5591 2229 5643 δ’
2255 5584 2489 5660 ἔπταρεν
2541 5589 2875 5658 εὐχομένοιο,
2918 5587 3059 5660 quod
3110 5601 3219 5640 non
3255 5596 3440 5656 potest
3486 5584 3739 5648 Penelopa:

2180 5655 2498 5715 contienire.
2525 5660 2565 5712 A
2578 5655 2686 5726 pud
2719 5655 2943 5725 poetam
2962 5655 3159 5726 legitur
3181 5674 3194 5709 :

2288 5731 2389 5796 ...Ως
2431 5717 2600 5797 φάτοζ
2651 5717 2988 5796 τη-,λέμαχος
3012 5717 3094 5778 δὲ
3134 5727 3266 5798 μέγα
3302 5729 3573 5870 ἔπταρῧέ

3666 5806 3736 5862 μα

2277 5871 2322 5922 Σ
2319 5868 2651 5938 μερδαλέον
2680 5867 2994 5934 κονάϐησε.
3488 5867 3498 5916 ἶ
