3926 6546
133 442 154 492 I
176 437 292 492 175

1287 433 1566 491 CONTRA
1598 431 1876 490 CELSUM
1903 433 2041 510 Lm.
2083 433 2172 489 IV.

3282 432 3420 488 “'1’.

121 555 241 624 τῆς
295 553 601 626 Ὁμηρικῆς
623 552 876 622 ,Ἀθηνᾶς
912 553 1097 622 φίλος,
1127 553 1226 607 οὐκ
1259 548 1325 624 ἦν
1373 553 1550 618 θεῖος,
1609 553 1744 611 ἀλλὰ

1864 561 2032 606 .antus
2071 550 2162 605 ille
2203 548 2285 604 vir
2331 557 2515 602 tamen
2551 557 2606 602 et
2644 543 2948 600 Homerica:
2983 541 3238 600 Minervae
3291 549 3419 601 ami-

121 646 332 711 ουνεὶς
365 648 474 700 τῶν
497 647 606 700 ἀπὸ
636 647 735 717 τῆς
768 644 919 710 θείας
951 645 1228 719 ἁλετρίδος
1275 648 1578 719 εἰρημένων
1615 647 1744 720 κλῃ-

118 738 314 794 δόνων
348 739 592 811 ἔχαιρεν,
629 737 705 802 ὡς
737 738 766 790 6
790 737 1022 808 ποιητής
1056 753 1208 808 φησι·
1367 732 1371 735 ’

443 920 662 989 Χαζοεν
687 919 754 974 δὲ
777 919 1062 990 κλεηδόνι
1091 921 1221 988 δῖος
1255 920 1598 988 Ὀδυσσεύς.

123 1011 292 1082 Ἤδη
321 1012 382 1065 δὲ
415 1013 516 1084 ὅρα
538 1053 553 1078 ,
589 1013 748 1083 εἴπερ
793 1014 841 1066 οἱ
867 1013 1081 1084 ὄρνιθες
1129 1014 1278 1067 θείαν
1311 1013 1492 1084 ἔχουσι
1527 1013 1704 1084 ψυχὴν
1727 1052 1742 1077 ,

116 1103 225 1154 καὶ
254 1102 616 1157 αἰσθάνονται
639 1102 732 1156 τοῦ
764 1101 922 1168 Θεοῦ,
956 1105 988 1175 ἢ
1022 1104 1116 1176 (ὡς
1155 1104 1182 1154 6
1210 1105 1419 1169 Κέλσος
1443 1102 1744 1175 ὀνομάζει,)

117 1193 243 1246 τῶν
275 1192 449 1256 θεῶν,
483 1193 726 1264 δηλονότι
756 1192 848 1244 καὶ
881 1195 1044 1264 ἡμεῖς
1077 1195 1125 1246 οἱ
1177 1192 1455 1265 ἄνθρωποι
1506 1190 1745 1264 πταρνύ-

121 1303 325 1355 μενοι,
357 1285 470 1339 ἀπό
503 1304 645 1350 τινος
694 1290 753 1340 ὲν
795 1288 928 1357 ἡμῖν
975 1285 1141 1357 οὔσης
1182 1286 1455 1357 θειότητος
1501 1284 1608 1355 (66)
1652 1285 1746 1337 καὶ

120 1379 428 1448 μαντικῆς
468 1381 594 1452 περὶ
643 1382 741 1453 τὴν
787 1379 967 1452 ψυχὴν
1012 1379 1170 1450 ἡμῶν
1214 1377 1588 1450 πταρνύμεθα.
1637 1378 1747 1430 Καὶ

115 1470 243 1542 γὰρ
279 1472 452 1527 τοῦτο
488 1476 846 1546 μαρτυρεῖται
874 1472 980 1526 ὑπὸ
1018 1471 1249 1526 πολλῶν·
1281 1471 1360 1525 διὸ
1394 1471 1486 1524 καὶ
1519 1473 1548 1524 6
1594 1486 1748 1540 ποιη-

117 1564 234 1635 τὴς
263 1565 428 1635 λέγει
455 1567 536 1633 τὺ,

437 1659 498 1711 σὈ
526 1659 577 1712 δ’
611 1660 868 1727 ἔπταρεν
897 1658 1267 1729 εὐχομένοιο.

113 1749 219 1802 Διὸ
249 1750 358 1803 καὶ
380 1751 416 1820 ἡ
448 1750 734 1821 Πηνελόπη
765 1751 950 1821 φησίν·

119 1844 265 1910 Οὐχ
292 1841 508 1911 ὁράᾳς,
531 1841 564 1895 ὅ
579 1860 681 1911 μοι
708 1843 836 1908 υἱὸς
853 1841 1151 1909 ἐπέπταρε
1167 1839 1354 1895 πᾶσιν
1376 1840 1591 1894 ἔπεσσι
1612 1838 1746 1910 (67);

1845 662 1976 710 cus;
2032 642 2478 714 quandoquidem
2533 656 2661 697 eum
2689 649 2851 710 poeta
2909 639 3044 695 dicit
3090 638 3428 694 intellexisse

1847 747 2058 792 tantum
2080 737 2226 808 quod
2261 751 2292 790 a
2325 735 2508 790 divina
2551 733 2826 790 molitrice
2870 731 3057 788 datum
3106 747 3266 787 omen
3311 732 3428 787 fue-

1845 842 1950 896 rat,
1979 841 2034 884 et
2065 828 2310 900 gavisum
2339 841 2462 883 esse
2489 841 2504 880 :

2032 922 2268 977 Lanatus
2295 929 2372 975 est
2401 931 2578 974 autem
2619 917 2788 973 omine
2811 917 2962 972 diuus
2995 915 3209 987 Ulysses
3232 918 3298 975 ‘°.

1849 1015 1963 1072 Hoc
1989 1016 2154 1070 etiam
2188 1015 2443 1079 observa,
2479 1013 2525 1066 si
2553 1011 2737 1066 divina
2790 1017 2984 1063 natura
3027 1018 3153 1064 sunt
3189 1023 3338 1076 aves,
3373 1018 3429 1064 et

1850 1111 2041 1177 Deum,
2083 1125 2179 1164 seu
2216 1109 2368 1172 deos,
2401 1117 2459 1162 ut
2488 1105 2681 1163 Celsus
2703 1105 2982 1176 loquitur,
3010 1105 3264 1161 sensibus
3295 1118 3425 1174 per-

1850 1203 2078 1271 cipiunt,
2105 1216 2330 1257 necesse
2389 1215 2511 1256 esse
2556 1209 2652 1266 ut,
2683 1215 2807 1255 cum
2853 1215 2952 1254 nos
2992 1199 3242 1254 homines
3284 1209 3428 1254 ster-

1849 1295 2087 1357 nuimus,
2114 1294 2273 1363 hujus
2305 1293 2378 1347 rei
2412 1307 2573 1348 causa
2597 1293 2668 1347 sit
2698 1291 2970 1346 Divinitas
3011 1293 3261 1362 quredam
3310 1307 3430 1360 qua:

1849 1396 2054 1441 nostra:
2084 1386 2282 1439 anima:
2308 1384 2440 1440 insit
2466 1384 2837 1452 virtutemque
2854 1382 3132 1438 divinandi
3158 1382 3427 1437 conferat.

1848 1477 1984 1532 Nam
2021 1488 2075 1532 et
2103 1485 2601 1531 sternutamentum
2639 1475 2691 1529 in
2721 1475 3000 1546 praesagiis
3025 1489 3144 1531 esse
3164 1484 3432 1530 testantur

1849 1571 2027 1627 multi.
2058 1569 2213 1626 Unde
2235 1580 2392 1640 poeta
2423 1585 2438 1625 :

2175 1659 2431 1717 Precanti
2461 1663 2682 1717 sternuit
2713 1677 2863 1717 omen

1848 1758 1918 1813 Et
1954 1756 2224 1824 Penelope
2260 1771 2275 1810 :
2906 1744 2912 1752 ’

1855 1851 1977 1906 Νυη
2005 1850 2144 1905 vides
2167 1864 2336 1902 meum
2357 1847 2524 1902 verbis
2547 1847 2787 1902 omnibus
2817 1856 3142 1902 stcrnutasse
3170 1846 3341 1914 ﬁlium
3362 1845 3431 1902 θ’.

195 1933 290 1988 Τὸ
340 1934 391 1987 δ’
427 1932 626 2005 ἀληθὲς
667 1934 821 1988 Θεῖον
867 1936 946 1999 είς
978 1933 1077 2006 τὴν
1120 1931 1387 2004 περὶτῶν
1444 1931 1746 2003 μελλόντων

1919 1942 2010 1998 95.
2041 1941 2148 1996 Sed
2175 1955 2337 1994 verus
2364 1940 2508 1994 Deus
2551 1940 2616 1993 ad
2653 1937 3045 2006 signiﬁcandas
3098 1913 3186 1992 res
3219 1937 3435 1994 futuras

115 2025 352 2096 γνῶσιν
377 2024 503 2080 οὔτε
530 2028 641 2090 τοῖς
669 2025 885 2094 ἀλόγοις
912 2027 1107 2098 χρῆται
1142 2024 1320 2090 ζώοις,
1348 2022 1471 2077 οὗτε
1507 2024 1618 2086 τοῖς
1656 2040 1748 2075 τυ-

119 2116 308 2190 χοῦσι
352 2117 469 2189 (68)
513 2117 617 2171 τῶν
658 2117 962 2190 ἀνθρώπων
985 2159 998 2184 ,
1029 2117 1165 2172 ἀλλὰ
1203 2117 1404 2188 ψυχαῖς
1443 2115 1747 2187 ἀνθρώπων

121 2209 485 2281 ἱερωτάταις
531 2211 625 2262 καὶ
654 2209 1095 2280 καθαρωτάταις,
1133 2211 1357 2272 ἅστινας
1405 2208 1656 2281 θεοφορεῖ
1686 2225 1748 2262 τε

121 2303 226 2356 καὶ
255 2303 563 2374 προφήτας
581 2307 744 2358 ποιεῖ.
773 2303 996 2375 Διόπερ,
1026 2301 1080 2356 εἴ
1095 2320 1144 2355 τι
1176 2302 1302 2357 ἄλλο
1330 2301 1651 2373 θαυμασίως
1673 2301 1750 2354 εἴ·

125 2413 310 2468 ρηται
350 2398 415 2449 ὲν
439 2395 516 2466 τῷ
549 2396 828 2460 Μωῡσέως
854 2398 1003 2468 νόμῳ
1023 2437 1038 2460 ,
1075 2397 1167 2450 καὶ
1201 2395 1270 2450 τὰ
1292 2395 1518 2449 τοιαῦτα
1543 2398 1602 2449 ὲν
1637 2397 1748 2458 τοῖς

121 2487 424 2552 τοιούτοις
460 2489 847 2543 κατατακτέον·
893 2509 910 2540 ι
947 2490 1059 2544 Οὐκ
1098 2487 1398 2543 οἱωνιεῖσθε
1419 2530 1432 2552 ,
1461 2488 1569 2542 οὐδ’
1603 2488 1744 2559 ὀρνι-

122 2579 566 2652 θοσκοπήσεσθε
602 2580 732 2652 (69).
772 2601 790 2632 ι
837 2583 949 2635 Καὶ
975 2580 1231 2651 ἀλλαχοῦ·
1273 2600 1290 2632 ι
1334 2581 1414 2634 Τὰ
1458 2581 1567 2652 γὰρ
1597 2579 1748 2650 ἔθνη,

123 2672 227 2738 οὓς
266 2673 490 2745 Κύριος
526 2675 554 2726 6
595 2673 727 2737 Θεός
759 2691 850 2727 σου
897 2673 1268 2746 έξολοθρεύσει
1308 2673 1416 2726 ἀπὸ
1455 2669 1750 2744 προσώπου

131 2784 262 2830 σου,
301 2759 460 2820 οὗτοι
493 2766 764 2840 κλῃδόνων
793 2767 888 2820 καὶ
924 2766 1192 2837 μαντειῶν
1220 2765 1561 2819 ἀκούσονται·
1591 2764 1672 2816 σοὶ
1696 2765 1752 2817 δὲ

123 2853 236 2923 οὐχ
266 2853 459 2916 οὕτως
481 2853 646 2906 ἔδωκε
674 2853 878 2925 Κύριος
907 2857 935 2908 6
961 2854 1092 2918 Θεός
1120 2871 1234 2909 σου.
1271 2874 1288 2904 ›
1312 2850 1426 2907 Εἶθ’
1449 2854 1572 2924 ἑξῆς
1595 2871 1748 2924 φησι·

130 2965 151 2996 ι
186 2947 509 3018 Προφήτην
526 2948 818 3018 ἀναστήσει
855 2964 937 3000 σοι
964 2947 1168 3018 Κύριος
1196 2949 1224 2999 6
1252 2947 1384 3010 Θεὸς
1408 2964 1501 3000 σου
1524 2949 1587 3000 ὲκ
1641 2946 1750 3000 τῶν

125 3037 408 3106 ἀδελφῶν
447 3055 568 3092 σου.
609 3058 626 3089 ›
653 3039 946 3112 Βουληθεὶς
991 3040 1047 3093 δέ
1084 3058 1212 3093 ποτε
1244 3042 1272 3092 6
1311 3040 1442 3104 Θεὸς
1471 3040 1537 3093 δι’
1569 3043 1753 3093 οἰωνο-

127 3131 358 3185 σκόπου
399 3131 705 3203 ἀποτρέψαι
747 3133 854 3187 ἀπὸ
892 3132 993 3203 τῆς
1042 3134 1394 3204 οἰωνιστικῆς
1422 3174 1436 3197 ,
1485 3135 1754 3204 πεποίηκε

125 3222 386 3293 Πνεῦμα
432 3223 491 3275 ὲν
522 3222 598 3293 τῷ
643 3226 994 3296 οίωνοσκόπῳ
1033 3226 1226 3278 εἰπεῖν·
1287 3243 1305 3275 ι
1342 3225 1416 3278 Οὐ
1455 3226 1563 3295 γάρ
1607 3226 1756 3278 ἐστιν
1781 3263 1824 3320 C

125 3314 452 3385 οἰωνισμὸς
475 3317 533 3368 έν
574 3315 786 3380 Ἰακὼϐ,
815 3317 934 3369 οὐδὲ
966 3317 1192 3387 μαντεία
1219 3319 1276 3370 ὲν
1319 3317 1554 3390 Ἰσραήλ.
1594 3317 1750 3370 Κατὰ

128 3407 349 3478 καιρὸν
382 3405 684 3477 ῥηθήσεται
711 3406 788 3477 τῷ
831 3407 1023 3460 Ἰακὼὸ
1051 3408 1142 3460 καὶ
1170 3406 1247 3478 τῷ
1289 3397 1530 3480 Ἰσραὴλ,
1562 3408 1613 3461 τί
1641 3410 1754 3461 ἐπι-

125 3498 367 3551 τελέσει
395 3498 427 3549 6
452 3497 604 3562 Θεός.
638 3517 656 3550 ι
694 3497 880 3551 Ταῦτα
915 3499 979 3570 δὴ
1012 3499 1409 3569 γιγνώσκοντες
1457 3502 1621 3571 ἡμεῖς
1657 3501 1752 3554 καὶ

127 3589 205 3641 τὰ
244 3586 476 3650 τούτοις
502 3587 861 3659 παραπλήσια
880 3628 894 3651 ,
927 3591 1113 3660 τηρεῖν
1142 3588 1445 3660 βουλόμεθα
1474 3589 1752 3660 μυστικῶς

127 3679 467 3751 εἰρημένην
516 3679 733 3750 ἐντολὴν
769 3679 905 3750 τὴν,
939 3697 957 3730 ι
1000 3681 1158 3754 Πάσῃ
1203 3680 1414 3752 φυλακῇ
1460 3682 1614 3752 τήρει
1654 3681 1753 3751 σὴν

128 3771 417 3842 καρδίαν·
458 3790 476 3823 ι
508 3771 593 3822 ἵνα
632 3770 705 3842 μὴ
740 3771 904 3843 ἐπιϐῇ
938 3789 988 3826 τι
1013 3771 1122 3824 τῶν
1148 3771 1440 3843 δαιμονίων
1464 3773 1539 3843 τῷ
1559 3775 1756 3843 ἠγεμο-

130 3863 293 3934 νικῷ
322 3861 520 3934 ἡμῶν,
565 3863 598 3934 ἢ
627 3863 848 3934 πνεῦμά
876 3880 926 3916 τι
959 3862 1066 3917 τῶν
1097 3864 1353 3917 ἐναντίων
1386 3863 1522 3936 πρὸς
1554 3865 1588 3918 ἃ.
1628 3865 1751 3935 βοῦ-

131 3956 312 4010 λεται
349 3953 532 4026 τρέψῃ
553 3954 614 4006 τὸ
647 3955 1009 4023 φανταστικὸν
1032 3954 1209 4026 ἡμῶν.
1233 3949 1520 4025 Εὺχόμεθα
1543 3956 1599 4008 δὲ
1625 3957 1756 4026 λάμ-

130 4051 248 4120 ψαι
279 4050 347 4101 ὲν
383 4049 508 4109 ταῖς
535 4047 779 4118 καρδίαις
809 4047 964 4118 ἡμῶν
997 4064 1014 4098 ι
1056 4045 1146 4099 τὸν
1177 4047 1458 4117 φωτισμὸν
1483 4047 1580 4116 τῆς
1613 4046 1754 4116 γνώ-

136 4160 300 4207 σεως
345 4141 452 4212 τῆς
470 4141 629 4213 δόξης
661 4141 755 4194 τοῦ
780 4139 917 4194 Θεοῦ
937 4181 951 4203 ,
1004 4158 1022 4192 ι
1055 4139 1457 4211 ἐπιδημοῦντος
1481 4140 1636 4212 ήμῶν
1679 4139 1756 4212 τῷ

135 4233 524 4304 φανταστικῷ
550 4233 689 4285 Πνεύ
698 4250 867 4304 ματος
894 4232 1028 4286 Θεοῦ
1050 4273 1064 4296 ,
1090 4234 1184 4285 καὶ
1215 4230 1576 4301 φαντάζοντος
1610 4233 1755 4303 ἡμᾶς

138 4328 217 4382 τὰ
270 4324 378 4379 τοῦ
412 4324 568 4377 Θεοῦ·
623 4325 746 4378 ἐπεὶ
782 4344 798 4374 ι
840 4325 953 4378 ὅσοι
997 4323 1276 4395 Πνεῦματι
1318 4323 1451 4376 Θεοῦ
1501 4325 1754 4392 ἄγονται,

137 4413 309 4473 οὗτοι
339 4415 449 4468 υἱοί
473 4417 577 4467 εἰσι
612 4414 766 4467 Θεοῦ.
814 4433 830 4464 ›

219 4509 363 4580 Χρὴ
393 4508 442 4560 δ’
467 4508 685 4572 εἰδέναι,
721 4509 800 4560 ὅτι
829 4507 888 4560 τὸ
925 4507 990 4560 τὰ
1020 4506 1288 4577 μέλλοντα
1326 4503 1762 4576 προγιγνώσκειν

138 4605 210 4656 οὐ
250 4600 487 4663 πάντως
515 4600 655 4654 θεῖόν
683 4603 819 4653 ἐστι·
852 4598 972 4652 καθ’
1000 4598 1132 4652 αὐτὸ
1163 4597 1270 4667 γὰρ
1301 4597 1465 4667 μέσον
1495 4596 1636 4662 ἐστὶ,
1667 4597 1760 4650 καὶ
1792 4623 1836 4678 D

141 4691 374 4744 πῖπτον
411 4691 492 4752 εἰς
521 4690 756 4758 φαύλους
796 4689 888 4743 καὶ
929 4688 1198 4752 ἀστείους.
1245 4688 1354 4741 Καὶ
1401 4687 1573 4759 ἰατροὶ
1626 4687 1755 4756 γοῦν

140 4781 270 4838 ἀπὸ
316 4781 574 4852 ἰατρικῆς
603 4780 1076 4853 προγιγνώσκουσί
1125 4797 1281 4844 τινα,
1331 4779 1431 4833 κᾶν
1477 4778 1669 4849 φαῦλοι
1697 4778 1758 4833 τὸ

138 4873 293 4946 ἦθος
327 4875 694 4944 τυγχάνωσιν.
726 4874 882 4929 Οὕτω
914 4874 969 4927 δὲ
1004 4874 1096 4928 καὶ
1129 4873 1458 4946 κυϐερνῆται
1481 4912 1496 4936 ,
1530 4873 1631 4927 κᾶν
1668 4891 1767 4944 μο-

143 4967 368 5041 χθηροὶ
390 4966 733 5036 τυγχάνωσιν
762 4967 935 5030 ὄντες,
963 4965 1468 5039 προγιγνώσκουσιν
1491 4967 1764 5037 ἐπισημα-

147 5061 318 5125 σίας,
348 5059 447 5112 καὶ
479 5059 698 5129 ἀνέμων
733 5057 1102 5130 σφοδρότητας
1123 5099 1138 5122 ,
1169 5059 1265 5111 καὶ
1292 5057 1498 5129 τροπὰς
1543 5057 1669 5128 περὶ
1701 5057 1762 5110 τὸ

145 5151 436 5225 περιέχον
469 5149 534 5202 ἐκ
555 5167 700 5215 τινος
722 5150 918 5222 πείρας
939 5150 1034 5205 καὶ
1054 5151 1358 5222 τηρήσεως·
1388 5150 1480 5204 καὶ
1507 5151 1567 5203 οὺ
1588 5150 1762 5222 δήπου

145 5242 330 5315 παρὰ
360 5241 523 5294 τοῦτο
548 5241 726 5306 θείους
751 5259 834 5305 τις
862 5241 928 5296 ἃν
962 5242 1160 5306 αὐτοὺς
1188 5237 1326 5296 εἶναι
1361 5243 1544 5316 φήσει,
1572 5242 1638 5296 ἂν
1670 5243 1764 5296 τύ-

145 5353 310 5409 χωσι
343 5333 458 5405 (70)
490 5333 749 5404 μοχθηροὶ
778 5331 916 5388 εἶναι
949 5335 1010 5387 τὸ
1030 5329 1179 5405 ἦθος.
1205 5332 1415 5398 Ψεῦδος
1433 5330 1600 5388 οὖντὸ
1627 5333 1776 5405 παρὰ

1850 2049 1958 2090 non
1983 2033 2163 2089 brutis
2206 2031 2591 2086 animantibus
2617 2030 2812 2096 utitur,
2865 2042 2936 2083 ne
2967 2029 3284 2084 hominibus
3309 2030 3437 2098 qui-

1850 2128 1972 2181 dem
1999 2141 2030 2181 e
2059 2125 2244 2195 vulgo.
2280 2123 2447 2192 Eligit
2475 2122 2540 2176 ad
2575 2121 2718 2175 hanc
2765 2134 2878 2175 rem
2923 2121 3305 2176 sanctissimas
3337 2136 3436 2188 pu-

1851 2221 2208 2287 rissimasque
2237 2218 2469 2280 animas,
2496 2230 2634 2285 quas
2666 2212 2812 2268 amat
2840 2229 2938 2270 suo
2969 2216 3193 2269 numine
3228 2224 3283 2269 et
3307 2214 3436 2269 fati-

1851 2315 2004 2372 dicas
2032 2315 2226 2369 reddit.
2256 2312 2437 2380 Quare
2462 2311 2506 2367 si
2543 2311 2674 2382 quid
2709 2308 2855 2365 aliud
2881 2309 2935 2364 in
2971 2307 3174 2379 Moysis
3206 2309 3321 2378 lege
3355 2308 3437 2364 di-

1851 2417 2000 2463 ctum
2050 2415 2134 2463 est
2182 2403 2602 2470 admirabiliter,
2658 2403 2907 2474 profecto
2954 2400 3118 2473 574
3163 2402 3434 2471 ejusmodi

1854 2511 1985 2556 sunt
2015 2501 2176 2556 haec:
2222 2517 2240 2551 ι
2279 2497 2390 2553 Nec
2448 2513 2650 2568 augur,
2704 2510 2805 2550 nec
2864 2509 3097 2564 aruspex
3161 2494 3233 2550 sit
3289 2495 3434 2548 inter

1851 2593 2031 2647 vos“.
2070 2611 2090 2644 ι
2135 2591 2199 2646 Et
2227 2589 2401 2645 alibi:
2462 2607 2481 2640 ι
2549 2587 2682 2642 Nam
2737 2595 2926 2658 gentes
2979 2598 3118 2654 quas
3173 2584 3438 2640 Dominus

1854 2681 1998 2736 Deus
2035 2691 2158 2735 tuus
2192 2678 2396 2734 delebit
2425 2696 2454 2732 a
2493 2679 2632 2733 facie
2668 2687 2757 2731 tua
2779 2716 2794 2740 ,
2837 2676 2964 2744 ipsa:
2989 2677 3173 2732 omina
3208 2684 3264 2731 et
3296 2675 3439 2731 divi-

1853 2773 2101 2828 nationes
2140 2771 2405 2834 audient;
2445 2770 2538 2825 tibi
2563 2780 2742 2824 autem
2785 2785 2892 2826 non
2938 2769 3019 2825 sic
3051 2769 3202 2825 dedit
3251 2769 3434 2824 Domi-

1854 2881 1960 2920 nus
1995 2865 2204 2921 tuus“.
2246 2883 2265 2916 ι
2298 2863 2368 2919 Et
2395 2865 2743 2919 continenter
2773 2881 2787 2918 :
2821 2881 2840 2915 ι
2881 2863 3214 2934 Pr0phetam
3254 2863 3436 2920 susci-

1856 2956 1992 3011 tabit
2024 2957 2118 3011 tibi
2151 2956 2410 3012 Dominus
2442 2956 2585 3012 Deus
2623 2966 2749 3012 tuus
2777 2957 2844 3011 de
2873 2955 3134 3012 fratribus
3166 2956 3359 3013 tuis“.
3404 2974 3430 3012 ι

1856 3048 1997 3116 Quin
2027 3057 2081 3104 et
2113 3048 2301 3104 volens
2352 3049 2494 3104 Deus
2540 3056 2601 3104 ut
2647 3063 2821 3120 augur
2870 3050 2987 3120 ipse
3032 3049 3101 3103 ab
3134 3048 3437 3120 augurandi

1858 3140 2090 3195 scientia
2127 3150 2422 3205 averteret,
2457 3139 2590 3195 fecit
2624 3149 2683 3194 ut
2729 3140 2972 3210 Spiritus
3014 3141 3067 3196 in
3115 3155 3320 3210 augure
3357 3141 3439 3195 di-

1858 3243 2048 3287 ceret:
2088 3251 2108 3284 ι
2143 3233 2261 3286 Νοη
2293 3240 2373 3287 est
2407 3232 2694 3300 augurium
2731 3232 2784 3287 in
2816 3229 3006 3298 Jucob,
3044 3247 3146 3288 nec
3173 3231 3438 3287 divinatio

1862 3329 1914 3383 in
1949 3327 2128 3382 lsracl.
2170 3326 2530 3395 Temporibus
2555 3326 2668 3382 suis
2702 3326 2915 3381 dicetur
2943 3325 3112 3382 Jacob
3145 3336 3201 3381 et
3230 3325 3437 3392 lsraeti,

1861 3420 1988 3489 quid
2023 3418 2340 3488 operabitur
2367 3419 2587 3473 Deus“.
2627 3437 2644 3471 ι
2677 3418 2804 3473 Ilmc
2845 3427 2899 3474 et
2942 3419 3142 3474 similia
3180 3434 3300 3474 cum
3340 3433 3440 3474 co-

1860 3525 2208 3581 gnoscamus,
2227 3510 2478 3566 volumus
2501 3511 2627 3565 huic
2645 3513 2877 3583 mystico
2905 3520 3175 3582 prmeepto
3203 3525 3396 3580 parere
3415 3546 3432 3565 .

1867 3624 1886 3657 ι
1927 3603 2085 3661 Omni
2112 3605 2358 3660 custodia
2395 3619 2552 3659 serva
2590 3620 2689 3661 cor
2733 3613 2883 3659 tuum
2908 3605 2983 3670 “;
3030 3624 3048 3656 ι
3089 3613 3236 3658 utne
3267 3604 3440 3657 ullum

1861 3699 2190 3754 daemonium
2224 3699 2276 3752 in
2310 3708 2553 3754 nostram
2588 3705 2830 3752 mentem
2869 3697 3112 3764 invadat,
3145 3703 3240 3750 aut
3274 3682 3445 3765 spiri-

1865 3799 1951 3845 tus
1997 3791 2196 3860 aliquis
2257 3791 2512 3846 inimicus
2563 3789 2748 3845 ﬂectat
2789 3805 2897 3861 quo
2931 3788 3097 3845 vellet
3122 3788 3439 3844 facultatem

1862 3894 2107 3940 nostram
2182 3885 2481 3954 imaginum
2547 3886 2857 3952 artiticem,
2923 3896 3323 3951 precamurque
3379 3890 3442 3935 ut

1863 3977 2208 4045 splendescat
2243 3976 2294 4029 in
2329 3976 2584 4030 cordibus
2609 3975 2813 4030 nostris
2843 3994 2860 4025 ι
2897 3972 3228 4028 illuminatio
3261 3973 3442 4028 scien-

1865 4069 1952 4120 tiae
1974 4065 2239 4120 claritatis
2273 4066 2364 4120 Dei
2384 4065 2450 4130 ⁸⁷,
2486 4083 2504 4117 ι
2537 4063 2768 4134 ejusque
2803 4061 3041 4133 Spiritus
3063 4075 3182 4116 eam
3211 4060 3445 4115 faculta-

1867 4171 1973 4213 tem
2010 4173 2310 4226 occupans,
2343 4157 2394 4211 iu
2424 4172 2485 4211 ea
2515 4172 2696 4210 rerum
2731 4157 3038 4210 divinarum
3075 4152 3339 4221 imagines
3362 4153 3444 4208 ef-

1869 4250 2087 4305 formct.
2134 4249 2267 4303 Nam
2330 4267 2350 4300 ι
2400 4250 2488 4320 qui
2541 4248 2752 4319 Spiritu
2809 4247 2904 4304 Dei
2937 4257 3196 4320 aguntur,
3237 4247 3275 4302 ii
3313 4254 3461 4304 sunt.

1867 4341 1961 4395 lilii
1997 4340 2092 4396 Dci
2111 4341 2177 4392 ⁸³.
2215 4358 2234 4392 I

1939 4494 2028 4551 96.
2065 4493 2332 4550 Caeterum
2365 4493 2510 4548 scire
2541 4501 2758 4565 oportet
2786 4507 2970 4548 rerum
3008 4493 3316 4548 futurarum
3343 4507 3445 4548 no-

1869 4590 2047 4645 titiam
2087 4604 2193 4643 nou
2229 4604 2350 4643 esse
2405 4587 2715 4642 necessario
2750 4601 2864 4642 rem
2889 4585 3271 4642 divinam.Est
3297 4585 3444 4640 enim

1867 4698 1962 4752 per
1988 4697 2046 4737 se
2078 4684 2205 4750 quid
2240 4679 2578 4747 indifferens,
2613 4679 2757 4750 quod
2787 4679 2842 4733 in
2878 4679 3047 4733 malos
3094 4690 3246 4748 atque
3295 4692 3360 4732 ac
3388 4678 3447 4731 in

1867 4777 2037 4832 bonos
2065 4773 2228 4829 cadit.
2264 4771 2356 4827 Sic
2391 4770 2614 4837 medici,
2644 4769 2946 4840 quamlibet
2985 4769 3144 4828 malis
3176 4769 3440 4834 moribus,

1868 4866 2117 4936 quaedam
2144 4872 2264 4919 arte
2301 4879 2396 4918 sua
2428 4869 2798 4934 praenoscunt.
2862 4861 2996 4916 Item
3044 4862 3442 4932 gubernatores

1869 4954 2204 5031 experientia
2237 4959 2474 5030 quadam
2511 4969 2567 5016 et
2591 4955 3071 5015 observationibus
3117 4956 3265 5011 docti
3288 4955 3446 5026 signa

1871 5055 2093 5120 habent,
2109 5069 2174 5109 ex
2202 5054 2400 5123 quibus
2421 5063 2706 5110 ventorum
2732 5052 2968 5122 impetus
2986 5049 3275 5120 variasque
3298 5049 3452 5104 acris

1869 5146 2198 5202 mutationes
2247 5146 2600 5215 prsevideant.
2661 5143 2772 5201 Nec
2816 5159 2912 5202 eos
2976 5151 3265 5216 propterea
3323 5140 3448 5211 quis

1875 5239 2078 5295 dixerit
2113 5241 2330 5296 divinos
2361 5255 2500 5304 esse,
2543 5239 2588 5294 si
2644 5238 2785 5296 male
2826 5238 3025 5295 morati
3057 5240 3188 5290 sint.
3222 5232 3448 5288 Falsum

1880 5335 2052 5404 igitur
2114 5333 2243 5389 illud
2291 5333 2476 5388 Celsi:
2521 5351 2538 5383 σ
2577 5332 2710 5400 Quis
2759 5331 2889 5402 quid
2943 5327 3145 5385 dixerit
3207 5324 3449 5382 divinius

243 5471 298 5508 σε
335 5465 528 5534 Odyss.
561 5463 628 5525 γ,
657 5480 705 5514 ν.
740 5462 860 5516 420.
927 5462 977 5534 ί⁶¹
1012 5460 1201 5534 Odyss.
1231 5462 1293 5534 If,
1323 5477 1374 5514 v.
1404 5460 1527 5534 545.
1602 5460 1648 5534 ff
1679 5457 1750 5534 l_.c

1878 5457 2097 5534 xxx,2_6_.
2175 5455 2218 5489 ⁸³
2245 5455 2403 5511 Deut.
2435 5457 2700 5524 “111,14.
2778 5454 3117 5520 “ibid.,15.
3193 5455 3238 5489 ⁸⁸
3268 5455 3433 5514 Num.

155 5555 346 5603 xxrn,
377 5527 474 5590 23.
547 5535 592 5565 ⁶⁶
618 5534 776 5587 Prov.
813 5548 884 5596 ιν,
911 5533 1002 5587 25.
1080 5527 1122 5562 ⁸⁸⁷⁷
1149 5531 1196 5586 Il
1225 5531 1349 5586 Cor.
1381 5545 1453 5594 tv,
1478 5529 1530 5584 6.
1607 5528 1651 5560 ⁸⁸
1679 5527 1753 5580 Ro

1867 5544 1986 5592 vm,
2021 5528 2107 5580 M.

253 5625 382 5698 (66)
431 5623 726 5699 Philocalia
771 5636 953 5694 recte,
985 5626 1280 5699 θειότητος.
1328 5627 1669 5686 llueschelius
1718 5643 1747 5685 e

1882 5649 2052 5695 νουσι,
2086 5633 2248 5688 male.

162 5695 524 5767 Spegcerus,
553 5695 854 5767 ποιότητος.

253 5764 384 5839 (67)
411 5761 613 5839 [Ῑᾶσιν-
655 5761 895 5839 ἔπεσσι.
933 5766 1085 5836 Apud
1122 5778 1338 5838 poetam
1372 5784 1519 5824 nunc
1554 5767 1772 5839 legitur,

165 5833 364 5893 πᾶσιν
410 5833 620 5889 ἔπεσσι.
647 5837 731 5909 “in
776 5833 1090 5909 ΡιιίίοειὶΙίιιὲ
1124 5833 1314 5892 ’σοῖσιν
1365 5839 1575 5898 ἔπεσσι,
1610 5833 1776 5909 Ἀριιά

171 5910 538 5976 Spencerum
562 5915 615 5976 et
646 5906 1009 5968 Ilmschelius,
1036 5905 1197 5963 οἶσιν.

263 5975 389 6050 (68)
426 5975 706 6047 Tvxoi‘m.
741 5976 911 6036 Recte
965 5977 1284 6038 Philocalia.
1349 5981 1529 6046 Alias.
1569 5982 1772 6048 τυγϊάι·

1953 5703 2067 5776 (69)
2097 5702 2453 5776 lique-schelius
2477 5710 2533 5757 et
2565 5703 2873 5776 Spencerus
2895 5743 2911 5769 ,
2939 5701 3457 5776 ῥρνιθοσκοπήσετε.

1951 5769 2065 5844 (70)
2095 5774 2326 5846 Ρῄἱιοοη
2361 5774 2538 5838 Θείους
2571 5769 2655 5839 τις
2679 5775 2876 5838 αὐτοὺς
2913 5769 3051 5829 εἶναι
3071 5769 3322 5846 φήσειεκξ,
3344 5775 3456 5846 Δἐὰν

1879 5845 2105 5917 τύχωσι.
2139 5845 2480 5917 liteschelius
2509 5854 2564 5900 et
2597 5847 2912 5917 Spencerus
2941 5847 2995 5903 in
3038 5843 3187 5904 textu
3212 5885 3228 5913 ,
3273 5843 3458 5911 θείους

1880 5911 2179 5982 τιξαῢτοὺς
2206 5911 2344 5975 εἷναί
2375 5933 2559 5988 φησιν,
2585 5911 2654 5973 ἂν
2685 5914 2908 5988 τύχωσι.
