  <div class='ocr_page' id='page_1' title='image "/cluster/home/n/w/nwhite01/storage/ocr_20150623/11/hvd.32044024345175/593.png"; bbox 0 0 3840 6412; ppageno 0'>
   <div class='ocr_carea' id='block_1_1' title="bbox 503 407 646 465">
    <p class='ocr_par' dir='ltr' id='par_1_1' title="bbox 503 407 646 465">
     <span class='ocr_line' id='line_1_1' title="bbox 503 407 646 465; baseline -0.007 0"><span class='ocrx_word' id='word_1_1' title='bbox 503 407 646 465; x_wconf 76' lang='lat'><strong>“75</strong></span> 
     </span>
    </p>
   </div>
   <div class='ocr_carea' id='block_1_2' title="bbox 1978 412 2300 472">
    <p class='ocr_par' dir='ltr' id='par_1_2' title="bbox 1978 412 2300 472">
     <span class='ocr_line' id='line_1_2' title="bbox 1978 412 2300 472; baseline 0.012 -4"><span class='ocrx_word' id='word_1_2' title='bbox 1978 412 2300 472; x_wconf 76' lang='lat' dir='ltr'><strong>ORIGENIS</strong></span> 
     </span>
    </p>
   </div>
   <div class='ocr_carea' id='block_1_3' title="bbox 3604 430 3715 488">
    <p class='ocr_par' dir='ltr' id='par_1_3' title="bbox 3604 430 3715 488">
     <span class='ocr_line' id='line_1_3' title="bbox 3604 430 3715 488; baseline 0.036 -4"><span class='ocrx_word' id='word_1_3' title='bbox 3604 430 3715 488; x_wconf 73' lang='grc'><strong>1176</strong></span> 
     </span>
    </p>
   </div>
   <div class='ocr_carea' id='block_1_4' title="bbox 500 523 2083 614">
    <p class='ocr_par' dir='ltr' id='par_1_4' title="bbox 500 523 2071 594">
     <span class='ocr_line' id='line_1_4' title="bbox 500 523 2071 594; baseline 0.004 -21"><span class='ocrx_word' id='word_1_4' title='bbox 500 538 667 593; x_wconf 85' lang='lat' dir='ltr'><strong>quam</strong></span> <span class='ocrx_word' id='word_1_5' title='bbox 707 523 882 577; x_wconf 78' lang='lat' dir='ltr'><strong>futura</strong></span> <span class='ocrx_word' id='word_1_6' title='bbox 909 536 1249 592; x_wconf 67' lang='lat' dir='ltr'><strong>praenoscere</strong></span> <span class='ocrx_word' id='word_1_7' title='bbox 1273 533 1328 580; x_wconf 91' lang='lat' dir='ltr'><strong>et</strong></span> <span class='ocrx_word' id='word_1_8' title='bbox 1361 524 1766 594; x_wconf 70' lang='lat' dir='ltr'><strong>praenuntiam?</strong></span> <span class='ocrx_word' id='word_1_9' title='bbox 1800 545 1819 579; x_wconf 69' lang='grc' dir='ltr'><strong>ι</strong></span> <span class='ocrx_word' id='word_1_10' title='bbox 1853 527 2071 583; x_wconf 77' lang='lat' dir='ltr'><strong>Falsum</strong></span> 
     </span>
    </p>
   </div>
   <div class='ocr_carea' id='block_1_5' title="bbox 2191 523 3718 614">
    <p class='ocr_par' dir='ltr' id='par_1_5' title="bbox 2191 531 3718 614">
     <span class='ocr_line' id='line_1_5' title="bbox 2191 531 3718 614; baseline 0.01 -32"><span class='ocrx_word' id='word_1_11' title='bbox 2191 531 2253 602; x_wconf 74' lang='grc' dir='ltr'>τῷ</span> <span class='ocrx_word' id='word_1_12' title='bbox 2291 532 2489 602; x_wconf 83' lang='grc' dir='ltr'>Κέλσῳ</span> <span class='ocrx_word' id='word_1_13' title='bbox 2521 531 2809 604; x_wconf 81' lang='grc' dir='ltr'>λεγόμενον</span> <span class='ocrx_word' id='word_1_14' title='bbox 2839 533 2918 598; x_wconf 75' lang='grc' dir='ltr'>τὸ,</span> <span class='ocrx_word' id='word_1_15' title='bbox 2957 555 2974 586; x_wconf 84' lang='lat' dir='ltr'><strong>t</strong></span> <span class='ocrx_word' id='word_1_16' title='bbox 3018 537 3083 590; x_wconf 84' lang='grc' dir='ltr'>Τί</span> <span class='ocrx_word' id='word_1_17' title='bbox 3114 535 3181 591; x_wconf 76' lang='grc' dir='ltr'><strong>ἂν</strong></span> <span class='ocrx_word' id='word_1_18' title='bbox 3216 543 3348 609; x_wconf 71' lang='grc' dir='ltr'>φαίη</span> <span class='ocrx_word' id='word_1_19' title='bbox 3381 554 3460 602; x_wconf 77' lang='grc' dir='ltr'><strong>τις</strong></span> <span class='ocrx_word' id='word_1_20' title='bbox 3489 537 3718 614; x_wconf 81' lang='grc' dir='ltr'>θειότερον</span> 
     </span>
    </p>
   </div>
   <div class='ocr_carea' id='block_1_6' title="bbox 501 611 2076 672">
    <p class='ocr_par' dir='ltr' id='par_1_6' title="bbox 501 611 2076 672">
     <span class='ocr_line' id='line_1_6' title="bbox 501 611 2076 672; baseline 0.004 -7"><span class='ocrx_word' id='word_1_21' title='bbox 501 622 558 666; x_wconf 82' lang='lat' dir='ltr'><strong>et</strong></span> <span class='ocrx_word' id='word_1_22' title='bbox 588 613 689 668; x_wconf 92' lang='lat' dir='ltr'><strong>hoc</strong></span> <span class='ocrx_word' id='word_1_23' title='bbox 720 629 734 666; x_wconf 77' lang='grc' dir='ltr'><strong>ι</strong></span> <span class='ocrx_word' id='word_1_24' title='bbox 767 611 967 666; x_wconf 82' lang='lat' dir='ltr'><strong>tMulta</strong></span> <span class='ocrx_word' id='word_1_25' title='bbox 999 613 1262 668; x_wconf 88' lang='lat' dir='ltr'><strong>animalia</strong></span> <span class='ocrx_word' id='word_1_26' title='bbox 1289 612 1507 671; x_wconf 87' lang='lat' dir='ltr'><strong>divinas</strong></span> <span class='ocrx_word' id='word_1_27' title='bbox 1538 615 1826 672; x_wconf 80' lang='lat' dir='ltr'><strong>vindicare</strong></span> <span class='ocrx_word' id='word_1_28' title='bbox 1842 617 1947 672; x_wconf 87' lang='lat' dir='ltr'><strong>sibi</strong></span> <span class='ocrx_word' id='word_1_29' title='bbox 1975 631 2076 672; x_wconf 93' lang='lat' dir='ltr'><strong>no-</strong></span> 
     </span>
    </p>
   </div>
   <div class='ocr_carea' id='block_1_7' title="bbox 502 701 2074 766">
    <p class='ocr_par' dir='ltr' id='par_1_7' title="bbox 502 701 2074 766">
     <span class='ocr_line' id='line_1_7' title="bbox 502 701 2074 766; baseline 0.005 -10"><span class='ocrx_word' id='word_1_30' title='bbox 502 703 699 758; x_wconf 90' lang='lat' dir='ltr'><strong>tiones.</strong></span> <span class='ocrx_word' id='word_1_31' title='bbox 732 723 752 756; x_wconf 69' lang='grc' dir='ltr'><strong>ο</strong></span> <span class='ocrx_word' id='word_1_32' title='bbox 788 701 946 759; x_wconf 81' lang='lat' dir='ltr'><strong>Nulla</strong></span> <span class='ocrx_word' id='word_1_33' title='bbox 995 704 1140 760; x_wconf 90' lang='lat' dir='ltr'><strong>enim</strong></span> <span class='ocrx_word' id='word_1_34' title='bbox 1182 705 1359 762; x_wconf 79' lang='lat' dir='ltr'><strong>bestia</strong></span> <span class='ocrx_word' id='word_1_35' title='bbox 1408 707 1504 761; x_wconf 87' lang='lat' dir='ltr'><strong>Dei</strong></span> <span class='ocrx_word' id='word_1_36' title='bbox 1561 707 1838 764; x_wconf 89' lang='lat' dir='ltr'><strong>notionem</strong></span> <span class='ocrx_word' id='word_1_37' title='bbox 1889 709 2074 766; x_wconf 89' lang='lat' dir='ltr'><strong>habet.</strong></span> 
     </span>
    </p>
   </div>
   <div class='ocr_carea' id='block_1_8' title="bbox 499 793 2076 865">
    <p class='ocr_par' dir='ltr' id='par_1_8' title="bbox 499 793 2076 865">
     <span class='ocr_line' id='line_1_8' title="bbox 499 793 2076 865; baseline 0.004 -15"><span class='ocrx_word' id='word_1_38' title='bbox 499 793 720 850; x_wconf 77' lang='lat' dir='ltr'><strong>Falsum</strong></span> <span class='ocrx_word' id='word_1_39' title='bbox 750 810 968 865; x_wconf 91' lang='lat' dir='ltr'><strong>quoque</strong></span> <span class='ocrx_word' id='word_1_40' title='bbox 993 797 1174 852; x_wconf 90' lang='lat' dir='ltr'><strong>istud:</strong></span> <span class='ocrx_word' id='word_1_41' title='bbox 1211 817 1230 849; x_wconf 75' lang='grc' dir='ltr'><strong>ι</strong></span> <span class='ocrx_word' id='word_1_42' title='bbox 1263 799 1568 854; x_wconf 83' lang='lat' dir='ltr'><strong>Arctiorem</strong></span> <span class='ocrx_word' id='word_1_43' title='bbox 1618 815 1741 858; x_wconf 90' lang='lat' dir='ltr'><strong>esse</strong></span> <span class='ocrx_word' id='word_1_44' title='bbox 1775 803 2076 857; x_wconf 86' lang='lat' dir='ltr'><strong>bestiarum</strong></span> 
     </span>
    </p>
   </div>
   <div class='ocr_carea' id='block_1_9' title="bbox 499 887 2079 961">
    <p class='ocr_par' dir='ltr' id='par_1_9' title="bbox 499 887 2079 961">
     <span class='ocr_line' id='line_1_9' title="bbox 499 887 2079 961; baseline 0.008 -22"><span class='ocrx_word' id='word_1_45' title='bbox 499 902 626 940; x_wconf 89' lang='lat' dir='ltr'><strong>eum</strong></span> <span class='ocrx_word' id='word_1_46' title='bbox 655 887 767 944; x_wconf 92' lang='lat' dir='ltr'><strong>Deo</strong></span> <span class='ocrx_word' id='word_1_47' title='bbox 794 889 1115 945; x_wconf 86' lang='lat' dir='ltr'><strong>societatem</strong></span> <span class='ocrx_word' id='word_1_48' title='bbox 1145 910 1160 958; x_wconf 91' lang='lat'><strong>;</strong></span> <span class='ocrx_word' id='word_1_49' title='bbox 1203 911 1222 943; x_wconf 75' lang='grc' dir='ltr'><strong>ι</strong></span> <span class='ocrx_word' id='word_1_50' title='bbox 1261 893 1478 961; x_wconf 81' lang='lat' dir='ltr'><strong>quando</strong></span> <span class='ocrx_word' id='word_1_51' title='bbox 1511 893 1762 950; x_wconf 86' lang='lat' dir='ltr'><strong>homines</strong></span> <span class='ocrx_word' id='word_1_52' title='bbox 1787 896 1951 950; x_wconf 88' lang='lat' dir='ltr'><strong>etiam</strong></span> <span class='ocrx_word' id='word_1_53' title='bbox 1984 897 2079 951; x_wconf 86' lang='lat' dir='ltr'><strong>do-</strong></span> 
     </span>
    </p>
   </div>
   <div class='ocr_carea' id='block_1_10' title="bbox 505 979 2077 1056">
    <p class='ocr_par' dir='ltr' id='par_1_10' title="bbox 505 979 2077 1056">
     <span class='ocr_line' id='line_1_10' title="bbox 505 979 2077 1056; baseline 0.008 -25"><span class='ocrx_word' id='word_1_54' title='bbox 505 979 684 1033; x_wconf 87' lang='lat' dir='ltr'><strong>ctrina</strong></span> <span class='ocrx_word' id='word_1_55' title='bbox 712 981 1002 1050; x_wconf 85' lang='lat' dir='ltr'><strong>conspicui</strong></span> <span class='ocrx_word' id='word_1_56' title='bbox 1039 983 1198 1056; x_wconf 83' lang='lat' dir='ltr'><strong>longe</strong></span> <span class='ocrx_word' id='word_1_57' title='bbox 1229 989 1425 1044; x_wconf 89' lang='lat' dir='ltr'><strong>absunt</strong></span> <span class='ocrx_word' id='word_1_58' title='bbox 1471 990 1541 1046; x_wconf 88' lang='lat' dir='ltr'><strong>ab</strong></span> <span class='ocrx_word' id='word_1_59' title='bbox 1572 989 1673 1043; x_wconf 90' lang='lat' dir='ltr'><strong>hac</strong></span> <span class='ocrx_word' id='word_1_60' title='bbox 1705 989 2000 1054; x_wconf 87' lang='lat' dir='ltr'><strong>societate,</strong></span> <span class='ocrx_word' id='word_1_61' title='bbox 2031 989 2077 1044; x_wconf 87' lang='lat' dir='ltr'><strong>si</strong></span> 
     </span>
    </p>
   </div>
   <div class='ocr_carea' id='block_1_11' title="bbox 498 1071 2079 1140">
    <p class='ocr_par' dir='ltr' id='par_1_11' title="bbox 498 1071 2079 1140">
     <span class='ocr_line' id='line_1_11' title="bbox 498 1071 2079 1140; baseline 0.009 -15"><span class='ocrx_word' id='word_1_62' title='bbox 498 1071 554 1125; x_wconf 92' lang='lat' dir='ltr'><strong>in</strong></span> <span class='ocrx_word' id='word_1_63' title='bbox 608 1073 725 1129; x_wconf 90' lang='lat' dir='ltr'><strong>suis</strong></span> <span class='ocrx_word' id='word_1_64' title='bbox 779 1075 926 1130; x_wconf 84' lang='lat' dir='ltr'><strong>vitiis</strong></span> <span class='ocrx_word' id='word_1_65' title='bbox 958 1088 1237 1136; x_wconf 88' lang='lat' dir='ltr'><strong>maneant.</strong></span> <span class='ocrx_word' id='word_1_66' title='bbox 1302 1081 1496 1136; x_wconf 81' lang='lat' dir='ltr'><strong>Divina</strong></span> <span class='ocrx_word' id='word_1_67' title='bbox 1545 1082 1634 1135; x_wconf 91' lang='lat' dir='ltr'><strong>illa</strong></span> <span class='ocrx_word' id='word_1_68' title='bbox 1679 1083 2079 1140; x_wconf 84' lang='lat' dir='ltr'><strong>consuetudine</strong></span> 
     </span>
    </p>
   </div>
   <div class='ocr_carea' id='block_1_12' title="bbox 497 1165 2080 1244">
    <p class='ocr_par' dir='ltr' id='par_1_12' title="bbox 497 1165 2080 1244">
     <span class='ocr_line' id='line_1_12' title="bbox 497 1165 2080 1244; baseline 0.009 -28"><span class='ocrx_word' id='word_1_69' title='bbox 497 1165 596 1218; x_wconf 88' lang='lat' dir='ltr'><strong>soli</strong></span> <span class='ocrx_word' id='word_1_70' title='bbox 636 1166 710 1220; x_wconf 89' lang='lat' dir='ltr'><strong>illi</strong></span> <span class='ocrx_word' id='word_1_71' title='bbox 747 1168 1059 1235; x_wconf 83' lang='lat' dir='ltr'><strong>dignantur,</strong></span> <span class='ocrx_word' id='word_1_72' title='bbox 1091 1173 1185 1240; x_wconf 88' lang='lat' dir='ltr'><strong>qui</strong></span> <span class='ocrx_word' id='word_1_73' title='bbox 1232 1189 1360 1226; x_wconf 85' lang='lat' dir='ltr'><strong>vere</strong></span> <span class='ocrx_word' id='word_1_74' title='bbox 1389 1176 1668 1244; x_wconf 81' lang='lat' dir='ltr'><strong>sapientes</strong></span> <span class='ocrx_word' id='word_1_75' title='bbox 1689 1184 1849 1241; x_wconf 91' lang='lat' dir='ltr'><strong>sunt,</strong></span> <span class='ocrx_word' id='word_1_76' title='bbox 1885 1186 1942 1231; x_wconf 91' lang='lat' dir='ltr'><strong>et</strong></span> <span class='ocrx_word' id='word_1_77' title='bbox 1968 1177 2080 1231; x_wconf 82' lang='lat' dir='ltr'><strong>sin-</strong></span> 
     </span>
    </p>
   </div>
   <div class='ocr_carea' id='block_1_13' title="bbox 498 1262 2081 1336">
    <p class='ocr_par' dir='ltr' id='par_1_13' title="bbox 498 1262 2081 1336">
     <span class='ocr_line' id='line_1_13' title="bbox 498 1262 2081 1336; baseline 0.009 -23"><span class='ocrx_word' id='word_1_78' title='bbox 498 1276 627 1314; x_wconf 87' lang='lat' dir='ltr'><strong>cera</strong></span> <span class='ocrx_word' id='word_1_79' title='bbox 661 1262 712 1316; x_wconf 87' lang='lat' dir='ltr'><strong>itt</strong></span> <span class='ocrx_word' id='word_1_80' title='bbox 750 1263 918 1318; x_wconf 90' lang='lat' dir='ltr'><strong>Deum</strong></span> <span class='ocrx_word' id='word_1_81' title='bbox 949 1265 1172 1334; x_wconf 87' lang='lat' dir='ltr'><strong>pietate.</strong></span> <span class='ocrx_word' id='word_1_82' title='bbox 1227 1268 1544 1336; x_wconf 84' lang='lat' dir='ltr'><strong>Cujusmodi</strong></span> <span class='ocrx_word' id='word_1_83' title='bbox 1585 1270 1756 1325; x_wconf 81' lang='lat' dir='ltr'><strong>fuisse</strong></span> <span class='ocrx_word' id='word_1_84' title='bbox 1805 1271 2081 1328; x_wconf 81' lang='lat' dir='ltr'><strong>credimus</strong></span> 
     </span>
    </p>
   </div>
   <div class='ocr_carea' id='block_1_14' title="bbox 497 1355 2082 1431">
    <p class='ocr_par' dir='ltr' id='par_1_14' title="bbox 497 1355 2082 1431">
     <span class='ocr_line' id='line_1_14' title="bbox 497 1355 2082 1431; baseline 0.007 -26"><span class='ocrx_word' id='word_1_85' title='bbox 497 1355 796 1423; x_wconf 82' lang='lat' dir='ltr'><strong>prophetas</strong></span> <span class='ocrx_word' id='word_1_86' title='bbox 828 1367 881 1411; x_wconf 88' lang='lat' dir='ltr'><strong>et</strong></span> <span class='ocrx_word' id='word_1_87' title='bbox 909 1356 1172 1430; x_wconf 78' lang='lat' dir='ltr'><strong>Moysem,</strong></span> <span class='ocrx_word' id='word_1_88' title='bbox 1206 1361 1359 1428; x_wconf 87' lang='lat' dir='ltr'><strong>cujus</strong></span> <span class='ocrx_word' id='word_1_89' title='bbox 1404 1362 1620 1416; x_wconf 71' lang='lat' dir='ltr'><strong>eximia:</strong></span> <span class='ocrx_word' id='word_1_90' title='bbox 1669 1361 1891 1431; x_wconf 88' lang='lat' dir='ltr'><strong>puritati</strong></span> <span class='ocrx_word' id='word_1_91' title='bbox 1938 1378 2082 1418; x_wconf 86' lang='lat' dir='ltr'><strong>mer-</strong></span> 
     </span>
    </p>
   </div>
   <div class='ocr_carea' id='block_1_15' title="bbox 498 1449 2076 1524">
    <p class='ocr_par' dir='ltr' id='par_1_15' title="bbox 498 1449 2076 1524">
     <span class='ocr_line' id='line_1_15' title="bbox 498 1449 2076 1524; baseline 0.007 -24"><span class='ocrx_word' id='word_1_92' title='bbox 498 1449 688 1502; x_wconf 84' lang='lat' dir='ltr'><strong>cedem</strong></span> <span class='ocrx_word' id='word_1_93' title='bbox 741 1449 882 1504; x_wconf 87' lang='lat' dir='ltr'><strong>hane</strong></span> <span class='ocrx_word' id='word_1_94' title='bbox 933 1454 1118 1505; x_wconf 87' lang='lat' dir='ltr'><strong>datatn</strong></span> <span class='ocrx_word' id='word_1_95' title='bbox 1173 1467 1297 1507; x_wconf 88' lang='lat' dir='ltr'><strong>esse</strong></span> <span class='ocrx_word' id='word_1_96' title='bbox 1359 1455 1648 1524; x_wconf 84' lang='lat' dir='ltr'><strong>Scriptura</strong></span> <span class='ocrx_word' id='word_1_97' title='bbox 1711 1455 2076 1511; x_wconf 82' lang='lat' dir='ltr'><strong>testiﬁcatur:</strong></span> 
     </span>
    </p>
   </div>
   <div class='ocr_carea' id='block_1_16' title="bbox 503 1538 2080 1610">
    <p class='ocr_par' dir='ltr' id='par_1_16' title="bbox 503 1538 2080 1610">
     <span class='ocr_line' id='line_1_16' title="bbox 503 1538 2080 1610; baseline 0.01 -22"><span class='ocrx_word' id='word_1_98' title='bbox 503 1557 520 1588; x_wconf 76' lang='grc' dir='ltr'>σ</span> <span class='ocrx_word' id='word_1_99' title='bbox 567 1539 807 1594; x_wconf 83' lang='lat' dir='ltr'><strong>Accedet</strong></span> <span class='ocrx_word' id='word_1_100' title='bbox 835 1538 1048 1610; x_wconf 81' lang='lat' dir='ltr'><strong>Moyses</strong></span> <span class='ocrx_word' id='word_1_101' title='bbox 1087 1543 1239 1597; x_wconf 90' lang='lat' dir='ltr'><strong>solus</strong></span> <span class='ocrx_word' id='word_1_102' title='bbox 1266 1545 1332 1598; x_wconf 90' lang='lat' dir='ltr'><strong>ad</strong></span> <span class='ocrx_word' id='word_1_103' title='bbox 1373 1543 1568 1610; x_wconf 89' lang='lat' dir='ltr'><strong>Deum,</strong></span> <span class='ocrx_word' id='word_1_104' title='bbox 1598 1545 1782 1601; x_wconf 65' lang='lat' dir='ltr'><strong>caueri</strong></span> <span class='ocrx_word' id='word_1_105' title='bbox 1814 1560 1944 1601; x_wconf 92' lang='lat' dir='ltr'><strong>vero</strong></span> <span class='ocrx_word' id='word_1_106' title='bbox 1969 1563 2080 1604; x_wconf 91' lang='lat' dir='ltr'><strong>non</strong></span> 
     </span>
    </p>
   </div>
   <div class='ocr_carea' id='block_1_17' title="bbox 499 1627 904 1682">
    <p class='ocr_par' dir='ltr' id='par_1_17' title="bbox 499 1627 904 1682">
     <span class='ocr_line' id='line_1_17' title="bbox 499 1627 904 1682; baseline 0.002 -2"><span class='ocrx_word' id='word_1_107' title='bbox 499 1627 762 1682; x_wconf 88' lang='lat' dir='ltr'><strong>accedent</strong></span> <span class='ocrx_word' id='word_1_108' title='bbox 779 1627 842 1681; x_wconf 72' lang='grc'><strong>⁸³.</strong></span> <span class='ocrx_word' id='word_1_109' title='bbox 885 1648 904 1681; x_wconf 75' lang='grc' dir='ltr'><strong>ι</strong></span> 
     </span>
    </p>
   </div>
   <div class='ocr_carea' id='block_1_18' title="bbox 467 1723 2078 1799">
    <p class='ocr_par' dir='ltr' id='par_1_18' title="bbox 467 1723 2078 1799">
     <span class='ocr_line' id='line_1_18' title="bbox 467 1723 2078 1799; baseline 0.004 -22"><span class='ocrx_word' id='word_1_110' title='bbox 467 1751 477 1758; x_wconf 92' lang='grc'><strong>-</strong></span> <span class='ocrx_word' id='word_1_111' title='bbox 570 1723 664 1778; x_wconf 86' lang='grc'><strong>97.</strong></span> <span class='ocrx_word' id='word_1_112' title='bbox 702 1723 822 1779; x_wconf 85' lang='lat' dir='ltr'><strong>Jam</strong></span> <span class='ocrx_word' id='word_1_113' title='bbox 851 1724 993 1779; x_wconf 92' lang='lat' dir='ltr'><strong>istud</strong></span> <span class='ocrx_word' id='word_1_114' title='bbox 1031 1725 1293 1792; x_wconf 85' lang='lat' dir='ltr'><strong>hominis,</strong></span> <span class='ocrx_word' id='word_1_115' title='bbox 1325 1728 1416 1797; x_wconf 87' lang='lat' dir='ltr'><strong>qui</strong></span> <span class='ocrx_word' id='word_1_116' title='bbox 1451 1743 1548 1783; x_wconf 85' lang='lat' dir='ltr'><strong>nos</strong></span> <span class='ocrx_word' id='word_1_117' title='bbox 1590 1728 1891 1799; x_wconf 80' lang='lat' dir='ltr'><strong>impietatis</strong></span> <span class='ocrx_word' id='word_1_118' title='bbox 1916 1743 2078 1784; x_wconf 88' lang='lat' dir='ltr'><strong>accu-</strong></span> 
     </span>
    </p>
   </div>
   <div class='ocr_carea' id='block_1_19' title="bbox 497 1818 2077 1887">
    <p class='ocr_par' dir='ltr' id='par_1_19' title="bbox 497 1818 2077 1887">
     <span class='ocr_line' id='line_1_19' title="bbox 497 1818 2077 1887; baseline 0.004 -18"><span class='ocrx_word' id='word_1_119' title='bbox 497 1825 611 1882; x_wconf 87' lang='lat' dir='ltr'><strong>sat,</strong></span> <span class='ocrx_word' id='word_1_120' title='bbox 645 1831 808 1886; x_wconf 89' lang='lat' dir='ltr'><strong>qttam</strong></span> <span class='ocrx_word' id='word_1_121' title='bbox 867 1818 1095 1887; x_wconf 90' lang='lat' dir='ltr'><strong>impium</strong></span> <span class='ocrx_word' id='word_1_122' title='bbox 1158 1830 1244 1874; x_wconf 92' lang='lat' dir='ltr'><strong>est</strong></span> <span class='ocrx_word' id='word_1_123' title='bbox 1269 1861 1284 1883; x_wconf 92' lang='lat'><strong>,</strong></span> <span class='ocrx_word' id='word_1_124' title='bbox 1331 1838 1350 1870; x_wconf 73' lang='grc' dir='ltr'><strong>ι</strong></span> <span class='ocrx_word' id='word_1_125' title='bbox 1389 1821 1594 1875; x_wconf 87' lang='lat' dir='ltr'><strong>bestias</strong></span> <span class='ocrx_word' id='word_1_126' title='bbox 1626 1823 1938 1878; x_wconf 89' lang='lat' dir='ltr'><strong>hominibus</strong></span> <span class='ocrx_word' id='word_1_127' title='bbox 1971 1839 2077 1880; x_wconf 91' lang='lat' dir='ltr'><strong>non</strong></span> 
     </span>
    </p>
   </div>
   <div class='ocr_carea' id='block_1_20' title="bbox 2180 622 3714 701">
    <p class='ocr_par' dir='ltr' id='par_1_20' title="bbox 2180 622 3714 701">
     <span class='ocr_line' id='line_1_20' title="bbox 2180 622 3714 701; baseline 0.007 -26"><span class='ocrx_word' id='word_1_128' title='bbox 2180 622 2274 675; x_wconf 86' lang='grc' dir='ltr'><strong>τοῦ</strong></span> <span class='ocrx_word' id='word_1_129' title='bbox 2301 623 2369 677; x_wconf 85' lang='grc' dir='ltr'>τὰ</span> <span class='ocrx_word' id='word_1_130' title='bbox 2400 622 2665 693; x_wconf 86' lang='grc' dir='ltr'>μέλλοντα</span> <span class='ocrx_word' id='word_1_131' title='bbox 2691 625 3125 697; x_wconf 82' lang='grc' dir='ltr'><strong>προγιγνώσκειν</strong></span> <span class='ocrx_word' id='word_1_132' title='bbox 3153 645 3213 680; x_wconf 88' lang='grc' dir='ltr'><strong>τε</strong></span> <span class='ocrx_word' id='word_1_133' title='bbox 3245 628 3340 682; x_wconf 79' lang='grc' dir='ltr'><strong>καὶ</strong></span> <span class='ocrx_word' id='word_1_134' title='bbox 3367 629 3671 701; x_wconf 81' lang='grc' dir='ltr'>προδηλοῦν;</span> <span class='ocrx_word' id='word_1_135' title='bbox 3701 655 3714 686; x_wconf 79' lang='grc' dir='ltr'><strong>ι</strong></span> 
     </span>
    </p>
   </div>
   <div class='ocr_carea' id='block_1_21' title="bbox 2180 713 3717 783">
    <p class='ocr_par' dir='ltr' id='par_1_21' title="bbox 2180 713 3717 783">
     <span class='ocr_line' id='line_1_21' title="bbox 2180 713 3717 783; baseline 0.01 -18"><span class='ocrx_word' id='word_1_136' title='bbox 2180 713 2390 777; x_wconf 80' lang='grc' dir='ltr'><strong>Ψεῦδος</strong></span> <span class='ocrx_word' id='word_1_137' title='bbox 2420 714 2478 768; x_wconf 81' lang='grc' dir='ltr'>δὲ</span> <span class='ocrx_word' id='word_1_138' title='bbox 2511 716 2605 769; x_wconf 71' lang='grc' dir='ltr'>καὶ</span> <span class='ocrx_word' id='word_1_139' title='bbox 2634 717 2694 768; x_wconf 84' lang='grc' dir='ltr'><strong>τὸ</strong></span> <span class='ocrx_word' id='word_1_140' title='bbox 2716 758 2730 779; x_wconf 96' lang='grc'><strong>,</strong></span> <span class='ocrx_word' id='word_1_141' title='bbox 2777 735 2796 768; x_wconf 85' lang='grc'><strong>‹</strong></span> <span class='ocrx_word' id='word_1_142' title='bbox 2836 717 3013 770; x_wconf 88' lang='grc' dir='ltr'>Πολλά</span> <span class='ocrx_word' id='word_1_143' title='bbox 3041 718 3148 772; x_wconf 83' lang='grc' dir='ltr'>τῶν</span> <span class='ocrx_word' id='word_1_144' title='bbox 3180 717 3334 783; x_wconf 79' lang='grc' dir='ltr'>ζώων</span> <span class='ocrx_word' id='word_1_145' title='bbox 3370 721 3717 779; x_wconf 77' lang='grc' dir='ltr'>ἀντιποιεῖσθαι</span> 
     </span>
    </p>
   </div>
   <div class='ocr_carea' id='block_1_22' title="bbox 2183 805 3719 885">
    <p class='ocr_par' dir='ltr' id='par_1_22' title="bbox 2183 805 3719 885">
     <span class='ocr_line' id='line_1_22' title="bbox 2183 805 3719 885; baseline 0.008 -27"><span class='ocrx_word' id='word_1_146' title='bbox 2183 805 2332 872; x_wconf 81' lang='grc' dir='ltr'><strong>Θείας</strong></span> <span class='ocrx_word' id='word_1_147' title='bbox 2357 809 2587 872; x_wconf 78' lang='grc' dir='ltr'>ἑννοίας·</span> <span class='ocrx_word' id='word_1_148' title='bbox 2621 828 2637 861; x_wconf 82' lang='lat' dir='ltr'><strong>t</strong></span> <span class='ocrx_word' id='word_1_149' title='bbox 2660 809 2811 863; x_wconf 85' lang='grc' dir='ltr'>οὐδὲν</span> <span class='ocrx_word' id='word_1_150' title='bbox 2844 809 2952 880; x_wconf 85' lang='grc' dir='ltr'>γὰρ</span> <span class='ocrx_word' id='word_1_151' title='bbox 2963 809 3069 864; x_wconf 79' lang='grc' dir='ltr'>τῶν</span> <span class='ocrx_word' id='word_1_152' title='bbox 3087 810 3294 881; x_wconf 83' lang='grc' dir='ltr'><strong>ἀλόγων</strong></span> <span class='ocrx_word' id='word_1_153' title='bbox 3309 813 3510 866; x_wconf 75' lang='grc' dir='ltr'>ἔννοιαν</span> <span class='ocrx_word' id='word_1_154' title='bbox 3530 814 3719 885; x_wconf 76' lang='grc' dir='ltr'>ἔχειτοῦ</span> 
     </span>
    </p>
   </div>
   <div class='ocr_carea' id='block_1_23' title="bbox 2181 900 3720 979">
    <p class='ocr_par' dir='ltr' id='par_1_23' title="bbox 2181 900 3720 979">
     <span class='ocr_line' id='line_1_23' title="bbox 2181 900 3720 979; baseline 0.003 -24"><span class='ocrx_word' id='word_1_155' title='bbox 2181 901 2339 955; x_wconf 88' lang='grc' dir='ltr'>Θεοῦ.</span> <span class='ocrx_word' id='word_1_156' title='bbox 2373 900 2588 965; x_wconf 78' lang='grc' dir='ltr'>Ψεῦδος</span> <span class='ocrx_word' id='word_1_157' title='bbox 2622 901 2678 955; x_wconf 83' lang='grc' dir='ltr'><strong>δὲ</strong></span> <span class='ocrx_word' id='word_1_158' title='bbox 2719 901 2813 955; x_wconf 72' lang='grc' dir='ltr'>καὶ</span> <span class='ocrx_word' id='word_1_159' title='bbox 2840 902 2901 954; x_wconf 78' lang='grc' dir='ltr'>τὸ</span> <span class='ocrx_word' id='word_1_160' title='bbox 2921 941 2935 965; x_wconf 93' lang='grc'><strong>,</strong></span> <span class='ocrx_word' id='word_1_161' title='bbox 2961 921 2978 954; x_wconf 86' lang='lat' dir='ltr'><strong>t</strong></span> <span class='ocrx_word' id='word_1_162' title='bbox 3018 903 3332 975; x_wconf 82' lang='grc' dir='ltr'>Ἐγγυτέρω</span> <span class='ocrx_word' id='word_1_163' title='bbox 3355 904 3453 976; x_wconf 82' lang='grc' dir='ltr'><strong>τῆς</strong></span> <span class='ocrx_word' id='word_1_164' title='bbox 3471 904 3606 969; x_wconf 87' lang='grc' dir='ltr'>θείας</span> <span class='ocrx_word' id='word_1_165' title='bbox 3626 908 3720 979; x_wconf 83' lang='grc' dir='ltr'>ὁμι-</span> 
     </span>
    </p>
   </div>
   <div class='ocr_carea' id='block_1_24' title="bbox 2181 989 3717 1066">
    <p class='ocr_par' dir='ltr' id='par_1_24' title="bbox 2181 989 3717 1066">
     <span class='ocr_line' id='line_1_24' title="bbox 2181 989 3717 1066; baseline 0 -20"><span class='ocrx_word' id='word_1_166' title='bbox 2181 992 2302 1058; x_wconf 87' lang='grc' dir='ltr'>λίας</span> <span class='ocrx_word' id='word_1_167' title='bbox 2323 989 2464 1046; x_wconf 74' lang='grc' dir='ltr'>εἶναι</span> <span class='ocrx_word' id='word_1_168' title='bbox 2491 991 2559 1046; x_wconf 81' lang='grc' dir='ltr'><strong>τὰ</strong></span> <span class='ocrx_word' id='word_1_169' title='bbox 2587 991 2756 1060; x_wconf 81' lang='grc' dir='ltr'><strong>ἄλογα</strong></span> <span class='ocrx_word' id='word_1_170' title='bbox 2790 991 3112 1056; x_wconf 76' lang='grc' dir='ltr'>ζῶα-»ὃπου</span> <span class='ocrx_word' id='word_1_171' title='bbox 3144 1009 3209 1061; x_wconf 87' lang='grc' dir='ltr'><strong>γε</strong></span> <span class='ocrx_word' id='word_1_172' title='bbox 3253 992 3349 1046; x_wconf 71' lang='grc' dir='ltr'><strong>καὶ</strong></span> <span class='ocrx_word' id='word_1_173' title='bbox 3399 993 3503 1047; x_wconf 82' lang='grc' dir='ltr'>τῶν</span> <span class='ocrx_word' id='word_1_174' title='bbox 3545 995 3717 1066; x_wconf 82' lang='grc' dir='ltr'>ἀνθρὼ-</span> 
     </span>
    </p>
   </div>
   <div class='ocr_carea' id='block_1_25' title="bbox 2185 1082 3720 1157">
    <p class='ocr_par' dir='ltr' id='par_1_25' title="bbox 2185 1082 3720 1157">
     <span class='ocr_line' id='line_1_25' title="bbox 2185 1082 3720 1157; baseline 0 -19"><span class='ocrx_word' id='word_1_175' title='bbox 2185 1103 2304 1139; x_wconf 85' lang='grc' dir='ltr'><strong>πων</strong></span> <span class='ocrx_word' id='word_1_176' title='bbox 2331 1085 2380 1138; x_wconf 85' lang='grc' dir='ltr'><strong>οί</strong></span> <span class='ocrx_word' id='word_1_177' title='bbox 2407 1085 2487 1138; x_wconf 77' lang='grc' dir='ltr'>ἔτι</span> <span class='ocrx_word' id='word_1_178' title='bbox 2509 1083 2722 1154; x_wconf 75' lang='grc' dir='ltr'>φαῦλοι,</span> <span class='ocrx_word' id='word_1_179' title='bbox 2746 1082 2846 1137; x_wconf 80' lang='grc' dir='ltr'>κᾶν</span> <span class='ocrx_word' id='word_1_180' title='bbox 2876 1083 2961 1136; x_wconf 80' lang='grc' dir='ltr'><strong>ἐπ’</strong></span> <span class='ocrx_word' id='word_1_181' title='bbox 2991 1085 3158 1156; x_wconf 85' lang='grc' dir='ltr'>ἀκρον</span> <span class='ocrx_word' id='word_1_182' title='bbox 3177 1085 3540 1155; x_wconf 85' lang='grc' dir='ltr'>προκόπτωσι,</span> <span class='ocrx_word' id='word_1_183' title='bbox 3565 1088 3720 1157; x_wconf 62' lang='grc' dir='ltr'>πόρρω</span> 
     </span>
    </p>
   </div>
   <div class='ocr_carea' id='block_1_26' title="bbox 2185 1175 3717 1248">
    <p class='ocr_par' dir='ltr' id='par_1_26' title="bbox 2185 1175 3717 1248">
     <span class='ocr_line' id='line_1_26' title="bbox 2185 1175 3717 1248; baseline -0.001 -18"><span class='ocrx_word' id='word_1_184' title='bbox 2185 1177 2292 1231; x_wconf 75' lang='grc' dir='ltr'>εἰσὶ</span> <span class='ocrx_word' id='word_1_185' title='bbox 2325 1177 2424 1248; x_wconf 79' lang='grc' dir='ltr'><strong>τῆς</strong></span> <span class='ocrx_word' id='word_1_186' title='bbox 2460 1176 2610 1240; x_wconf 90' lang='grc' dir='ltr'>θείας</span> <span class='ocrx_word' id='word_1_187' title='bbox 2639 1175 2874 1246; x_wconf 87' lang='grc' dir='ltr'>ὁμιλίας.</span> <span class='ocrx_word' id='word_1_188' title='bbox 2918 1175 3084 1229; x_wconf 86' lang='grc' dir='ltr'>Μόνοι</span> <span class='ocrx_word' id='word_1_189' title='bbox 3115 1175 3179 1246; x_wconf 82' lang='grc' dir='ltr'><strong>δὴ</strong></span> <span class='ocrx_word' id='word_1_190' title='bbox 3219 1175 3328 1246; x_wconf 71' lang='grc' dir='ltr'>ἄρα</span> <span class='ocrx_word' id='word_1_191' title='bbox 3373 1177 3422 1228; x_wconf 77' lang='lat' dir='ltr'><strong>oi</strong></span> <span class='ocrx_word' id='word_1_192' title='bbox 3462 1176 3592 1230; x_wconf 80' lang='grc' dir='ltr'><strong>κατά</strong></span> <span class='ocrx_word' id='word_1_193' title='bbox 3613 1179 3717 1247; x_wconf 75' lang='grc' dir='ltr'>ἀλή-</span> 
     </span>
    </p>
   </div>
   <div class='ocr_carea' id='block_1_27' title="bbox 2183 1251 3721 1340">
    <p class='ocr_par' dir='ltr' id='par_1_27' title="bbox 2183 1251 3721 1340">
     <span class='ocr_line' id='line_1_27' title="bbox 2183 1251 3721 1340; baseline -0.002 -16"><span class='ocrx_word' id='word_1_194' title='bbox 2183 1272 2332 1325; x_wconf 86' lang='grc' dir='ltr'>θειαν</span> <span class='ocrx_word' id='word_1_195' title='bbox 2366 1270 2518 1339; x_wconf 73' lang='grc' dir='ltr'>σοφοὶ</span> <span class='ocrx_word' id='word_1_196' title='bbox 2534 1271 2627 1322; x_wconf 72' lang='grc' dir='ltr'><strong>καὶ</strong></span> <span class='ocrx_word' id='word_1_197' title='bbox 2651 1269 2896 1338; x_wconf 53' lang='lat' dir='ltr'><strong>sesese);</strong></span> <span class='ocrx_word' id='word_1_198' title='bbox 2913 1269 3157 1331; x_wconf 75' lang='grc' dir='ltr'>εὐσεϐεῖς</span> <span class='ocrx_word' id='word_1_199' title='bbox 3179 1251 3460 1340; x_wconf 72' lang='grc' dir='ltr'>ἐγγυτέρω</span> <span class='ocrx_word' id='word_1_200' title='bbox 3486 1268 3575 1338; x_wconf 75' lang='grc' dir='ltr'>τῆς</span> <span class='ocrx_word' id='word_1_201' title='bbox 3602 1269 3721 1332; x_wconf 81' lang='grc' dir='ltr'>θείας</span> 
     </span>
    </p>
   </div>
   <div class='ocr_carea' id='block_1_28' title="bbox 2181 1358 3721 1433">
    <p class='ocr_par' dir='ltr' id='par_1_28' title="bbox 2181 1358 3721 1433">
     <span class='ocr_line' id='line_1_28' title="bbox 2181 1358 3721 1433; baseline -0.003 -17"><span class='ocrx_word' id='word_1_202' title='bbox 2181 1362 2396 1433; x_wconf 78' lang='grc' dir='ltr'>ὁμιλίας</span> <span class='ocrx_word' id='word_1_203' title='bbox 2429 1362 2585 1415; x_wconf 83' lang='grc' dir='ltr'>είσίν·</span> <span class='ocrx_word' id='word_1_204' title='bbox 2611 1361 2786 1414; x_wconf 86' lang='grc' dir='ltr'>ὁποῖοί</span> <span class='ocrx_word' id='word_1_205' title='bbox 2813 1362 2951 1414; x_wconf 84' lang='grc' dir='ltr'>εἰσιν</span> <span class='ocrx_word' id='word_1_206' title='bbox 2972 1361 3022 1414; x_wconf 89' lang='grc' dir='ltr'>οἱ</span> <span class='ocrx_word' id='word_1_207' title='bbox 3047 1358 3168 1413; x_wconf 79' lang='grc' dir='ltr'>καθ’</span> <span class='ocrx_word' id='word_1_208' title='bbox 3201 1360 3348 1430; x_wconf 76' lang='grc' dir='ltr'>ἡμᾶς</span> <span class='ocrx_word' id='word_1_209' title='bbox 3379 1360 3629 1431; x_wconf 66' lang='grc' dir='ltr'>προφῆται</span> <span class='ocrx_word' id='word_1_210' title='bbox 3649 1362 3721 1412; x_wconf 64' lang='grc' dir='ltr'>καὶ</span> 
     </span>
    </p>
   </div>
   <div class='ocr_carea' id='block_1_29' title="bbox 2180 1447 3720 1526">
    <p class='ocr_par' dir='ltr' id='par_1_29' title="bbox 2180 1447 3720 1526">
     <span class='ocr_line' id='line_1_29' title="bbox 2180 1447 3720 1526; baseline -0.004 -17"><span class='ocrx_word' id='word_1_211' title='bbox 2180 1455 2443 1525; x_wconf 80' lang='grc' dir='ltr'>Μωῦσῆς,</span> <span class='ocrx_word' id='word_1_212' title='bbox 2468 1447 2512 1522; x_wconf 78' lang='grc' dir='ltr'>ᾧ</span> <span class='ocrx_word' id='word_1_213' title='bbox 2539 1453 2933 1526; x_wconf 75' lang='grc' dir='ltr'><strong>μεμαρτύρηκε</strong></span> <span class='ocrx_word' id='word_1_214' title='bbox 2959 1452 3047 1506; x_wconf 76' lang='grc' dir='ltr'><strong>διὰ</strong></span> <span class='ocrx_word' id='word_1_215' title='bbox 3064 1453 3161 1522; x_wconf 80' lang='grc' dir='ltr'>τὴν</span> <span class='ocrx_word' id='word_1_216' title='bbox 3188 1451 3390 1524; x_wconf 76' lang='grc' dir='ltr'>πολλὴν</span> <span class='ocrx_word' id='word_1_217' title='bbox 3415 1450 3720 1522; x_wconf 78' lang='grc' dir='ltr'>καθαρότητα</span> 
     </span>
    </p>
   </div>
   <div class='ocr_carea' id='block_1_30' title="bbox 2181 1545 3721 1617">
    <p class='ocr_par' dir='ltr' id='par_1_30' title="bbox 2181 1545 3721 1617">
     <span class='ocr_line' id='line_1_30' title="bbox 2181 1545 3721 1617; baseline -0.005 -14"><span class='ocrx_word' id='word_1_218' title='bbox 2181 1551 2210 1603; x_wconf 81' lang='grc' dir='ltr'><strong>ὁ</strong></span> <span class='ocrx_word' id='word_1_219' title='bbox 2255 1549 2410 1616; x_wconf 80' lang='grc' dir='ltr'>λόγος</span> <span class='ocrx_word' id='word_1_220' title='bbox 2467 1547 2655 1600; x_wconf 78' lang='grc' dir='ltr'>εἰπών·</span> <span class='ocrx_word' id='word_1_221' title='bbox 2714 1566 2732 1596; x_wconf 79' lang='lat' dir='ltr'><strong>t</strong></span> <span class='ocrx_word' id='word_1_222' title='bbox 2783 1548 2988 1614; x_wconf 82' lang='grc' dir='ltr'>Ἐγγιεῖ</span> <span class='ocrx_word' id='word_1_223' title='bbox 3032 1545 3272 1614; x_wconf 73' lang='grc' dir='ltr'>Μωΰσῆς</span> <span class='ocrx_word' id='word_1_224' title='bbox 3325 1546 3481 1616; x_wconf 78' lang='grc' dir='ltr'>μόνος</span> <span class='ocrx_word' id='word_1_225' title='bbox 3511 1545 3630 1617; x_wconf 71' lang='grc' dir='ltr'>πρὸς</span> <span class='ocrx_word' id='word_1_226' title='bbox 3654 1546 3721 1598; x_wconf 72' lang='grc' dir='ltr'><strong>τὸν</strong></span> 
     </span>
    </p>
   </div>
   <div class='ocr_carea' id='block_1_31' title="bbox 2182 1635 3188 1706">
    <p class='ocr_par' dir='ltr' id='par_1_31' title="bbox 2182 1635 3188 1706">
     <span class='ocr_line' id='line_1_31' title="bbox 2182 1635 3188 1706; baseline -0.009 -11"><span class='ocrx_word' id='word_1_227' title='bbox 2182 1641 2336 1704; x_wconf 79' lang='grc' dir='ltr'>Θεὸν,</span> <span class='ocrx_word' id='word_1_228' title='bbox 2367 1642 2416 1692; x_wconf 91' lang='grc' dir='ltr'>οἱ</span> <span class='ocrx_word' id='word_1_229' title='bbox 2441 1639 2496 1692; x_wconf 78' lang='grc' dir='ltr'>δὲ</span> <span class='ocrx_word' id='word_1_230' title='bbox 2526 1639 2704 1691; x_wconf 72' lang='grc' dir='ltr'>λοιποὶ</span> <span class='ocrx_word' id='word_1_231' title='bbox 2731 1640 2831 1690; x_wconf 83' lang='grc' dir='ltr'><strong>ούκ</strong></span> <span class='ocrx_word' id='word_1_232' title='bbox 2856 1635 3120 1706; x_wconf 79' lang='grc' dir='ltr'>ὲγγιοῦσι.</span> <span class='ocrx_word' id='word_1_233' title='bbox 3171 1657 3188 1686; x_wconf 75' lang='grc' dir='ltr'><strong>ι</strong></span> 
     </span>
    </p>
   </div>
   <div class='ocr_carea' id='block_1_32' title="bbox 2255 1725 3722 1797">
    <p class='ocr_par' dir='ltr' id='par_1_32' title="bbox 2255 1725 3722 1797">
     <span class='ocr_line' id='line_1_32' title="bbox 2255 1725 3722 1797; baseline -0.003 -15"><span class='ocrx_word' id='word_1_234' title='bbox 2255 1729 2378 1792; x_wconf 76' lang='grc' dir='ltr'><strong>Πῶς</strong></span> <span class='ocrx_word' id='word_1_235' title='bbox 2444 1730 2500 1782; x_wconf 80' lang='grc' dir='ltr'>δὲ</span> <span class='ocrx_word' id='word_1_236' title='bbox 2555 1728 2764 1792; x_wconf 73' lang='grc' dir='ltr'>ἀσεϐῶς</span> <span class='ocrx_word' id='word_1_237' title='bbox 2794 1729 2897 1780; x_wconf 79' lang='grc' dir='ltr'><strong>ὑπὸ</strong></span> <span class='ocrx_word' id='word_1_238' title='bbox 2921 1727 3012 1780; x_wconf 85' lang='grc' dir='ltr'><strong>τοῦ</strong></span> <span class='ocrx_word' id='word_1_239' title='bbox 3038 1725 3298 1780; x_wconf 69' lang='grc' dir='ltr'>ἀσέϐειαν</span> <span class='ocrx_word' id='word_1_240' title='bbox 3325 1728 3451 1797; x_wconf 74' lang='grc' dir='ltr'>ἡμῖν</span> <span class='ocrx_word' id='word_1_241' title='bbox 3479 1727 3722 1793; x_wconf 73' lang='grc' dir='ltr'>ἐγκαλοῦν-</span> 
     </span>
    </p>
   </div>
   <div class='ocr_carea' id='block_1_33' title="bbox 2182 1814 3722 1892">
    <p class='ocr_par' dir='ltr' id='par_1_33' title="bbox 2182 1814 3722 1892">
     <span class='ocr_line' id='line_1_33' title="bbox 2182 1814 3722 1892; baseline -0.004 -16"><span class='ocrx_word' id='word_1_242' title='bbox 2182 1838 2272 1885; x_wconf 85' lang='grc' dir='ltr'><strong>τος</strong></span> <span class='ocrx_word' id='word_1_243' title='bbox 2289 1822 2396 1890; x_wconf 80' lang='grc'><strong>(71)</strong></span> <span class='ocrx_word' id='word_1_244' title='bbox 2414 1821 2625 1892; x_wconf 79' lang='grc' dir='ltr'>εἴρηται</span> <span class='ocrx_word' id='word_1_245' title='bbox 2645 1820 2724 1884; x_wconf 78' lang='grc' dir='ltr'>τὸ,</span> <span class='ocrx_word' id='word_1_246' title='bbox 2751 1838 2766 1870; x_wconf 85' lang='lat' dir='ltr'><strong>t</strong></span> <span class='ocrx_word' id='word_1_247' title='bbox 2794 1820 2852 1873; x_wconf 84' lang='grc' dir='ltr'><strong>ού</strong></span> <span class='ocrx_word' id='word_1_248' title='bbox 2880 1818 3036 1890; x_wconf 86' lang='grc' dir='ltr'>μόνον</span> <span class='ocrx_word' id='word_1_249' title='bbox 3062 1817 3347 1890; x_wconf 77' lang='grc' dir='ltr'>σοφώτερα</span> <span class='ocrx_word' id='word_1_250' title='bbox 3369 1814 3575 1872; x_wconf 82' lang='grc' dir='ltr'>εἶναιτά</span> <span class='ocrx_word' id='word_1_251' title='bbox 3590 1819 3722 1885; x_wconf 65' lang='grc' dir='ltr'>ἄλογα</span> 
     </span>
    </p>
   </div>
   <div class='ocr_carea' id='block_1_34' title="bbox 501 1890 2083 1984">
    <p class='ocr_par' dir='ltr' id='par_1_34' title="bbox 501 1908 2079 1978">
     <span class='ocr_line' id='line_1_34' title="bbox 501 1908 2079 1978; baseline 0.007 -17"><span class='ocrx_word' id='word_1_252' title='bbox 501 1908 678 1962; x_wconf 89' lang='lat' dir='ltr'><strong>solum</strong></span> <span class='ocrx_word' id='word_1_253' title='bbox 742 1909 1148 1978; x_wconf 88' lang='lat' dir='ltr'><strong>sapientiores,</strong></span> <span class='ocrx_word' id='word_1_254' title='bbox 1236 1914 1329 1966; x_wconf 91' lang='lat' dir='ltr'><strong>sed</strong></span> <span class='ocrx_word' id='word_1_255' title='bbox 1396 1914 1563 1967; x_wconf 89' lang='lat' dir='ltr'><strong>etiam</strong></span> <span class='ocrx_word' id='word_1_256' title='bbox 1629 1914 1736 1969; x_wconf 88' lang='lat' dir='ltr'><strong>Deo</strong></span> <span class='ocrx_word' id='word_1_257' title='bbox 1794 1917 2079 1972; x_wconf 87' lang='lat' dir='ltr'><strong>chariores</strong></span> 
     </span>
    </p>
   </div>
   <div class='ocr_carea' id='block_1_35' title="bbox 2191 1890 3720 1984">
    <p class='ocr_par' dir='ltr' id='par_1_35' title="bbox 2191 1909 3720 1984">
     <span class='ocr_line' id='line_1_35' title="bbox 2191 1909 3720 1984; baseline -0.005 -17"><span class='ocrx_word' id='word_1_258' title='bbox 2191 1915 2288 1969; x_wconf 79' lang='grc' dir='ltr'><strong>τῶν</strong></span> <span class='ocrx_word' id='word_1_259' title='bbox 2314 1913 2466 1979; x_wconf 78' lang='grc' dir='ltr'>ζώων</span> <span class='ocrx_word' id='word_1_260' title='bbox 2498 1915 2594 1984; x_wconf 74' lang='grc' dir='ltr'>τῆς</span> <span class='ocrx_word' id='word_1_261' title='bbox 2628 1914 2736 1966; x_wconf 83' lang='grc' dir='ltr'>τῶν</span> <span class='ocrx_word' id='word_1_262' title='bbox 2766 1912 3068 1984; x_wconf 84' lang='grc' dir='ltr'>ἀνθρώπων</span> <span class='ocrx_word' id='word_1_263' title='bbox 3097 1911 3337 1980; x_wconf 72' lang='grc' dir='ltr'>φύσεως,</span> <span class='ocrx_word' id='word_1_264' title='bbox 3365 1910 3495 1963; x_wconf 68' lang='grc' dir='ltr'>ἀλλὰ</span> <span class='ocrx_word' id='word_1_265' title='bbox 3526 1913 3609 1963; x_wconf 75' lang='grc' dir='ltr'><strong>καὶ</strong></span> <span class='ocrx_word' id='word_1_266' title='bbox 3631 1909 3720 1961; x_wconf 76' lang='grc' dir='ltr'>θεο-</span> 
     </span>
    </p>
   </div>
   <div class='ocr_carea' id='block_1_36' title="bbox 499 2000 2076 2070">
    <p class='ocr_par' dir='ltr' id='par_1_36' title="bbox 499 2000 2076 2070">
     <span class='ocr_line' id='line_1_36' title="bbox 499 2000 2076 2070; baseline 0.004 -16"><span class='ocrx_word' id='word_1_267' title='bbox 499 2001 660 2054; x_wconf 88' lang='lat' dir='ltr'><strong>esse!</strong></span> <span class='ocrx_word' id='word_1_268' title='bbox 729 2018 748 2051; x_wconf 76' lang='grc' dir='ltr'><strong>ι</strong></span> <span class='ocrx_word' id='word_1_269' title='bbox 805 2000 1004 2069; x_wconf 83' lang='lat' dir='ltr'><strong>Ecquis</strong></span> <span class='ocrx_word' id='word_1_270' title='bbox 1059 2004 1288 2057; x_wconf 86' lang='lat' dir='ltr'><strong>audiens</strong></span> <span class='ocrx_word' id='word_1_271' title='bbox 1335 2006 1403 2058; x_wconf 90' lang='lat' dir='ltr'><strong>ab</strong></span> <span class='ocrx_word' id='word_1_272' title='bbox 1463 2006 1686 2060; x_wconf 90' lang='lat' dir='ltr'><strong>homine</strong></span> <span class='ocrx_word' id='word_1_273' title='bbox 1749 2007 2076 2070; x_wconf 91' lang='lat' dir='ltr'><strong>draconem,</strong></span> 
     </span>
    </p>
   </div>
   <div class='ocr_carea' id='block_1_37' title="bbox 499 2092 2079 2164">
    <p class='ocr_par' dir='ltr' id='par_1_37' title="bbox 499 2092 2079 2164">
     <span class='ocr_line' id='line_1_37' title="bbox 499 2092 2079 2164; baseline 0.006 -22"><span class='ocrx_word' id='word_1_274' title='bbox 499 2092 769 2160; x_wconf 80' lang='lat' dir='ltr'><strong>vulpem,</strong></span> <span class='ocrx_word' id='word_1_275' title='bbox 843 2092 1066 2161; x_wconf 88' lang='lat' dir='ltr'><strong>lttpunt,</strong></span> <span class='ocrx_word' id='word_1_276' title='bbox 1159 2095 1433 2164; x_wconf 85' lang='lat' dir='ltr'><strong>aquilam,</strong></span> <span class='ocrx_word' id='word_1_277' title='bbox 1510 2097 1825 2164; x_wconf 84' lang='lat' dir='ltr'><strong>accipitrem</strong></span> <span class='ocrx_word' id='word_1_278' title='bbox 1907 2098 2079 2152; x_wconf 87' lang='lat' dir='ltr'><strong>amari</strong></span> 
     </span>
    </p>
   </div>
   <div class='ocr_carea' id='block_1_38' title="bbox 504 2184 2076 2255">
    <p class='ocr_par' dir='ltr' id='par_1_38' title="bbox 504 2184 2076 2255">
     <span class='ocr_line' id='line_1_38' title="bbox 504 2184 2076 2255; baseline 0.007 -21"><span class='ocrx_word' id='word_1_279' title='bbox 504 2201 533 2234; x_wconf 83' lang='lat' dir='ltr'><strong>a</strong></span> <span class='ocrx_word' id='word_1_280' title='bbox 597 2184 707 2238; x_wconf 89' lang='lat' dir='ltr'><strong>Deo</strong></span> <span class='ocrx_word' id='word_1_281' title='bbox 752 2185 930 2254; x_wconf 79' lang='lat' dir='ltr'><strong>magis</strong></span> <span class='ocrx_word' id='word_1_282' title='bbox 984 2202 1148 2253; x_wconf 89' lang='lat' dir='ltr'><strong>quam</strong></span> <span class='ocrx_word' id='word_1_283' title='bbox 1231 2188 1526 2242; x_wconf 90' lang='lat' dir='ltr'><strong>humanam</strong></span> <span class='ocrx_word' id='word_1_284' title='bbox 1605 2200 1902 2255; x_wconf 84' lang='lat' dir='ltr'><strong>naturam,</strong></span> <span class='ocrx_word' id='word_1_285' title='bbox 1971 2206 2076 2245; x_wconf 92' lang='lat' dir='ltr'><strong>non</strong></span> 
     </span>
    </p>
   </div>
   <div class='ocr_carea' id='block_1_39' title="bbox 499 2275 2082 2348">
    <p class='ocr_par' dir='ltr' id='par_1_39' title="bbox 499 2275 2082 2348">
     <span class='ocr_line' id='line_1_39' title="bbox 499 2275 2082 2348; baseline 0.004 -18"><span class='ocrx_word' id='word_1_286' title='bbox 499 2275 663 2347; x_wconf 80' lang='lat'><strong>575</strong></span> <span class='ocrx_word' id='word_1_287' title='bbox 701 2279 887 2332; x_wconf 90' lang='lat' dir='ltr'><strong>statim</strong></span> <span class='ocrx_word' id='word_1_288' title='bbox 937 2279 1327 2334; x_wconf 77' lang='lat' dir='ltr'><strong>exhorrescat?</strong></span> <span class='ocrx_word' id='word_1_289' title='bbox 1371 2283 1524 2348; x_wconf 87' lang='lat' dir='ltr'><strong>Quod</strong></span> <span class='ocrx_word' id='word_1_290' title='bbox 1560 2283 1605 2335; x_wconf 90' lang='lat' dir='ltr'><strong>si</strong></span> <span class='ocrx_word' id='word_1_291' title='bbox 1643 2281 1826 2336; x_wconf 62' lang='lat' dir='ltr'><strong>bestiae</strong></span> <span class='ocrx_word' id='word_1_292' title='bbox 1860 2283 2082 2337; x_wconf 85' lang='lat' dir='ltr'><strong>cltario-</strong></span> 
     </span>
    </p>
   </div>
   <div class='ocr_carea' id='block_1_40' title="bbox 501 2368 2081 2441">
    <p class='ocr_par' dir='ltr' id='par_1_40' title="bbox 501 2368 2081 2441">
     <span class='ocr_line' id='line_1_40' title="bbox 501 2368 2081 2441; baseline 0.006 -19"><span class='ocrx_word' id='word_1_293' title='bbox 501 2385 592 2424; x_wconf 77' lang='lat' dir='ltr'><strong>t&#39;es</strong></span> <span class='ocrx_word' id='word_1_294' title='bbox 626 2368 738 2424; x_wconf 91' lang='lat' dir='ltr'><strong>Deo</strong></span> <span class='ocrx_word' id='word_1_295' title='bbox 770 2379 899 2424; x_wconf 90' lang='lat' dir='ltr'><strong>sunt</strong></span> <span class='ocrx_word' id='word_1_296' title='bbox 931 2384 1093 2440; x_wconf 90' lang='lat' dir='ltr'><strong>quam</strong></span> <span class='ocrx_word' id='word_1_297' title='bbox 1123 2371 1396 2438; x_wconf 82' lang='lat' dir='ltr'><strong>homines,</strong></span> <span class='ocrx_word' id='word_1_298' title='bbox 1435 2388 1776 2441; x_wconf 87' lang='lat' dir='ltr'><strong>consequens</strong></span> <span class='ocrx_word' id='word_1_299' title='bbox 1799 2384 1879 2429; x_wconf 72' lang='lat' dir='ltr'><strong>est.</strong></span> <span class='ocrx_word' id='word_1_300' title='bbox 1909 2387 1970 2430; x_wconf 92' lang='lat' dir='ltr'><strong>ut</strong></span> <span class='ocrx_word' id='word_1_301' title='bbox 1996 2377 2081 2430; x_wconf 90' lang='lat' dir='ltr'><strong>di-</strong></span> 
     </span>
    </p>
   </div>
   <div class='ocr_carea' id='block_1_41' title="bbox 500 2463 2081 2534">
    <p class='ocr_par' dir='ltr' id='par_1_41' title="bbox 500 2463 2081 2534">
     <span class='ocr_line' id='line_1_41' title="bbox 500 2463 2081 2534; baseline 0.004 -20"><span class='ocrx_word' id='word_1_302' title='bbox 500 2470 589 2514; x_wconf 89' lang='lat' dir='ltr'><strong>cat</strong></span> <span class='ocrx_word' id='word_1_303' title='bbox 615 2475 711 2517; x_wconf 89' lang='lat' dir='ltr'><strong>eas</strong></span> <span class='ocrx_word' id='word_1_304' title='bbox 748 2476 778 2514; x_wconf 91' lang='lat' dir='ltr'><strong>a</strong></span> <span class='ocrx_word' id='word_1_305' title='bbox 813 2463 925 2516; x_wconf 89' lang='lat' dir='ltr'><strong>Deo</strong></span> <span class='ocrx_word' id='word_1_306' title='bbox 956 2463 1129 2532; x_wconf 80' lang='lat' dir='ltr'><strong>magis</strong></span> <span class='ocrx_word' id='word_1_307' title='bbox 1164 2464 1358 2528; x_wconf 87' lang='lat' dir='ltr'><strong>amari,</strong></span> <span class='ocrx_word' id='word_1_308' title='bbox 1390 2480 1555 2534; x_wconf 81' lang='lat' dir='ltr'><strong>quant</strong></span> <span class='ocrx_word' id='word_1_309' title='bbox 1610 2464 1918 2533; x_wconf 86' lang='lat' dir='ltr'><strong>Socratem,</strong></span> <span class='ocrx_word' id='word_1_310' title='bbox 1955 2467 2081 2522; x_wconf 86' lang='lat' dir='ltr'><strong>Pla-</strong></span> 
     </span>
    </p>
   </div>
   <div class='ocr_carea' id='block_1_42' title="bbox 501 2553 2084 2627">
    <p class='ocr_par' dir='ltr' id='par_1_42' title="bbox 501 2553 2084 2627">
     <span class='ocr_line' id='line_1_42' title="bbox 501 2553 2084 2627; baseline 0.004 -20"><span class='ocrx_word' id='word_1_311' title='bbox 501 2563 710 2620; x_wconf 80' lang='lat' dir='ltr'><strong>Ionem,</strong></span> <span class='ocrx_word' id='word_1_312' title='bbox 749 2553 1138 2626; x_wconf 75' lang='lat' dir='ltr'><strong>Pythagoram,</strong></span> <span class='ocrx_word' id='word_1_313' title='bbox 1187 2554 1586 2627; x_wconf 85' lang='lat' dir='ltr'><strong>Pherecydem,</strong></span> <span class='ocrx_word' id='word_1_314' title='bbox 1641 2572 1830 2612; x_wconf 81' lang='lat' dir='ltr'><strong>omnes</strong></span> <span class='ocrx_word' id='word_1_315' title='bbox 1875 2560 2084 2614; x_wconf 86' lang='lat' dir='ltr'><strong>theolo-</strong></span> 
     </span>
    </p>
   </div>
   <div class='ocr_carea' id='block_1_43' title="bbox 499 2647 2085 2721">
    <p class='ocr_par' dir='ltr' id='par_1_43' title="bbox 499 2647 2085 2721">
     <span class='ocr_line' id='line_1_43' title="bbox 499 2647 2085 2721; baseline 0.006 -22"><span class='ocrx_word' id='word_1_316' title='bbox 499 2661 771 2716; x_wconf 79' lang='lat' dir='ltr'><strong>gos,quos</strong></span> <span class='ocrx_word' id='word_1_317' title='bbox 804 2649 966 2717; x_wconf 81' lang='lat' dir='ltr'><strong>paulo</strong></span> <span class='ocrx_word' id='word_1_318' title='bbox 990 2657 1118 2702; x_wconf 87' lang='lat' dir='ltr'><strong>ante</strong></span> <span class='ocrx_word' id='word_1_319' title='bbox 1147 2648 1216 2702; x_wconf 87' lang='lat' dir='ltr'><strong>ad</strong></span> <span class='ocrx_word' id='word_1_320' title='bbox 1247 2647 1447 2703; x_wconf 62' lang='lat' dir='ltr'><strong>caelum</strong></span> <span class='ocrx_word' id='word_1_321' title='bbox 1477 2647 1759 2705; x_wconf 73' lang='lat' dir='ltr'><strong>eﬂ’erebat.</strong></span> <span class='ocrx_word' id='word_1_322' title='bbox 1788 2652 1965 2721; x_wconf 85' lang='lat' dir='ltr'><strong>Atque</strong></span> <span class='ocrx_word' id='word_1_323' title='bbox 1998 2654 2085 2710; x_wconf 90' lang='lat' dir='ltr'><strong>hic</strong></span> 
     </span>
    </p>
   </div>
   <div class='ocr_carea' id='block_1_44' title="bbox 499 2738 2085 2810">
    <p class='ocr_par' dir='ltr' id='par_1_44' title="bbox 499 2738 2085 2810">
     <span class='ocr_line' id='line_1_44' title="bbox 499 2738 2085 2810; baseline 0.004 -16"><span class='ocrx_word' id='word_1_324' title='bbox 499 2738 580 2794; x_wconf 86' lang='lat' dir='ltr'><strong>illi</strong></span> <span class='ocrx_word' id='word_1_325' title='bbox 616 2741 946 2810; x_wconf 88' lang='lat' dir='ltr'><strong>apprecandi</strong></span> <span class='ocrx_word' id='word_1_326' title='bbox 979 2740 1132 2796; x_wconf 89' lang='lat' dir='ltr'><strong>locus</strong></span> <span class='ocrx_word' id='word_1_327' title='bbox 1155 2751 1301 2796; x_wconf 82' lang='lat' dir='ltr'><strong>esset</strong></span> <span class='ocrx_word' id='word_1_328' title='bbox 1331 2757 1348 2795; x_wconf 87' lang='lat'><strong>:</strong></span> <span class='ocrx_word' id='word_1_329' title='bbox 1377 2742 1424 2797; x_wconf 89' lang='lat' dir='ltr'><strong>si</strong></span> <span class='ocrx_word' id='word_1_330' title='bbox 1459 2742 1741 2798; x_wconf 88' lang='lat' dir='ltr'><strong>ehariores</strong></span> <span class='ocrx_word' id='word_1_331' title='bbox 1769 2743 1876 2800; x_wconf 86' lang='lat' dir='ltr'><strong>Deo</strong></span> <span class='ocrx_word' id='word_1_332' title='bbox 1896 2746 2085 2802; x_wconf 73' lang='lat' dir='ltr'><strong>bestia:</strong></span> 
     </span>
    </p>
   </div>
   <div class='ocr_carea' id='block_1_45' title="bbox 499 2831 2084 2900">
    <p class='ocr_par' dir='ltr' id='par_1_45' title="bbox 499 2831 2084 2900">
     <span class='ocr_line' id='line_1_45' title="bbox 499 2831 2084 2900; baseline 0.004 -14"><span class='ocrx_word' id='word_1_333' title='bbox 499 2839 627 2889; x_wconf 84' lang='lat' dir='ltr'><strong>sunt</strong></span> <span class='ocrx_word' id='word_1_334' title='bbox 678 2847 843 2900; x_wconf 84' lang='lat' dir='ltr'><strong>quam</strong></span> <span class='ocrx_word' id='word_1_335' title='bbox 877 2831 1147 2898; x_wconf 87' lang='lat' dir='ltr'><strong>homines,</strong></span> <span class='ocrx_word' id='word_1_336' title='bbox 1202 2834 1408 2888; x_wconf 86' lang='lat' dir='ltr'><strong>utinam</strong></span> <span class='ocrx_word' id='word_1_337' title='bbox 1445 2850 1567 2889; x_wconf 90' lang='lat' dir='ltr'><strong>cum</strong></span> <span class='ocrx_word' id='word_1_338' title='bbox 1606 2834 1712 2889; x_wconf 92' lang='lat' dir='ltr'><strong>illis</strong></span> <span class='ocrx_word' id='word_1_339' title='bbox 1745 2837 1854 2891; x_wconf 92' lang='lat' dir='ltr'><strong>Deo</strong></span> <span class='ocrx_word' id='word_1_340' title='bbox 1883 2838 2084 2893; x_wconf 90' lang='lat' dir='ltr'><strong>charus</strong></span> 
     </span>
    </p>
   </div>
   <div class='ocr_carea' id='block_1_46' title="bbox 500 2924 2082 2997">
    <p class='ocr_par' dir='ltr' id='par_1_46' title="bbox 500 2924 2082 2997">
     <span class='ocr_line' id='line_1_46' title="bbox 500 2924 2082 2997; baseline 0.003 -18"><span class='ocrx_word' id='word_1_341' title='bbox 500 2937 676 2988; x_wconf 85' lang='lat' dir='ltr'><strong>esses,</strong></span> <span class='ocrx_word' id='word_1_342' title='bbox 709 2933 768 2980; x_wconf 88' lang='lat' dir='ltr'><strong>et</strong></span> <span class='ocrx_word' id='word_1_343' title='bbox 799 2924 907 2979; x_wconf 90' lang='lat' dir='ltr'><strong>illis</strong></span> <span class='ocrx_word' id='word_1_344' title='bbox 936 2924 1134 2980; x_wconf 85' lang='lat' dir='ltr'><strong>similis</strong></span> <span class='ocrx_word' id='word_1_345' title='bbox 1188 2925 1351 2982; x_wconf 86' lang='lat' dir='ltr'><strong>ﬁeres</strong></span> <span class='ocrx_word' id='word_1_346' title='bbox 1397 2943 1520 2997; x_wconf 69' lang='lat' dir='ltr'><strong>qua:</strong></span> <span class='ocrx_word' id='word_1_347' title='bbox 1574 2936 1628 2981; x_wconf 91' lang='lat' dir='ltr'><strong>tu</strong></span> <span class='ocrx_word' id='word_1_348' title='bbox 1683 2928 1794 2983; x_wconf 90' lang='lat' dir='ltr'><strong>Deo</strong></span> <span class='ocrx_word' id='word_1_349' title='bbox 1831 2930 2082 2984; x_wconf 87' lang='lat' dir='ltr'><strong>chariora</strong></span> 
     </span>
    </p>
   </div>
   <div class='ocr_carea' id='block_1_47' title="bbox 501 3017 2086 3092">
    <p class='ocr_par' dir='ltr' id='par_1_47' title="bbox 501 3017 2086 3092">
     <span class='ocr_line' id='line_1_47' title="bbox 501 3017 2086 3092; baseline 0.003 -20"><span class='ocrx_word' id='word_1_350' title='bbox 501 3032 625 3073; x_wconf 84' lang='lat' dir='ltr'><strong>esse</strong></span> <span class='ocrx_word' id='word_1_351' title='bbox 653 3017 936 3073; x_wconf 82' lang='lat' dir='ltr'><strong>existimas</strong></span> <span class='ocrx_word' id='word_1_352' title='bbox 965 3020 978 3072; x_wconf 87' lang='lat'><strong>!</strong></span> <span class='ocrx_word' id='word_1_353' title='bbox 1012 3017 1204 3089; x_wconf 83' lang='lat' dir='ltr'><strong>Neque</strong></span> <span class='ocrx_word' id='word_1_354' title='bbox 1238 3020 1368 3074; x_wconf 91' lang='lat' dir='ltr'><strong>illud</strong></span> <span class='ocrx_word' id='word_1_355' title='bbox 1405 3029 1587 3076; x_wconf 87' lang='lat' dir='ltr'><strong>votqu</strong></span> <span class='ocrx_word' id='word_1_356' title='bbox 1625 3021 1679 3075; x_wconf 91' lang='lat' dir='ltr'><strong>in</strong></span> <span class='ocrx_word' id='word_1_357' title='bbox 1722 3021 1919 3076; x_wconf 90' lang='lat' dir='ltr'><strong>malam</strong></span> <span class='ocrx_word' id='word_1_358' title='bbox 1963 3038 2086 3092; x_wconf 87' lang='lat' dir='ltr'><strong>par-</strong></span> 
     </span>
    </p>
   </div>
   <div class='ocr_carea' id='block_1_48' title="bbox 503 3109 2086 3182">
    <p class='ocr_par' dir='ltr' id='par_1_48' title="bbox 503 3109 2086 3182">
     <span class='ocr_line' id='line_1_48' title="bbox 503 3109 2086 3182; baseline 0.003 -19"><span class='ocrx_word' id='word_1_359' title='bbox 503 3119 612 3174; x_wconf 84' lang='lat' dir='ltr'><strong>tem</strong></span> <span class='ocrx_word' id='word_1_360' title='bbox 645 3110 900 3179; x_wconf 86' lang='lat' dir='ltr'><strong>accipiat.</strong></span> <span class='ocrx_word' id='word_1_361' title='bbox 925 3109 1060 3177; x_wconf 87' lang='lat' dir='ltr'><strong>Quis</strong></span> <span class='ocrx_word' id='word_1_362' title='bbox 1092 3111 1239 3166; x_wconf 90' lang='lat' dir='ltr'><strong>enim</strong></span> <span class='ocrx_word' id='word_1_363' title='bbox 1269 3126 1376 3166; x_wconf 92' lang='lat' dir='ltr'><strong>non</strong></span> <span class='ocrx_word' id='word_1_364' title='bbox 1404 3113 1608 3182; x_wconf 89' lang='lat' dir='ltr'><strong>optarit</strong></span> <span class='ocrx_word' id='word_1_365' title='bbox 1638 3112 1705 3168; x_wconf 89' lang='lat' dir='ltr'><strong>iis</strong></span> <span class='ocrx_word' id='word_1_366' title='bbox 1734 3113 1850 3168; x_wconf 83' lang='lat' dir='ltr'><strong>ﬁeri</strong></span> <span class='ocrx_word' id='word_1_367' title='bbox 1877 3113 2086 3169; x_wconf 88' lang='lat' dir='ltr'><strong>similli-</strong></span> 
     </span>
    </p>
   </div>
   <div class='ocr_carea' id='block_1_49' title="bbox 501 3203 2088 3274">
    <p class='ocr_par' dir='ltr' id='par_1_49' title="bbox 501 3203 2088 3274">
     <span class='ocr_line' id='line_1_49' title="bbox 501 3203 2088 3274; baseline 0.004 -19"><span class='ocrx_word' id='word_1_368' title='bbox 501 3216 644 3265; x_wconf 82' lang='lat' dir='ltr'><strong>mus,</strong></span> <span class='ocrx_word' id='word_1_369' title='bbox 669 3217 793 3271; x_wconf 82' lang='lat' dir='ltr'><strong>quae</strong></span> <span class='ocrx_word' id='word_1_370' title='bbox 819 3217 1140 3272; x_wconf 86' lang='lat' dir='ltr'><strong>persuasum</strong></span> <span class='ocrx_word' id='word_1_371' title='bbox 1169 3203 1333 3259; x_wconf 92' lang='lat' dir='ltr'><strong>habet</strong></span> <span class='ocrx_word' id='word_1_372' title='bbox 1353 3204 1466 3262; x_wconf 85' lang='lat' dir='ltr'><strong>Deo</strong></span> <span class='ocrx_word' id='word_1_373' title='bbox 1495 3220 1616 3261; x_wconf 89' lang='lat' dir='ltr'><strong>esse</strong></span> <span class='ocrx_word' id='word_1_374' title='bbox 1639 3206 1914 3274; x_wconf 89' lang='lat' dir='ltr'><strong>chariora,</strong></span> <span class='ocrx_word' id='word_1_375' title='bbox 1947 3216 2007 3261; x_wconf 91' lang='lat' dir='ltr'><strong>ut</strong></span> <span class='ocrx_word' id='word_1_376' title='bbox 2033 3216 2088 3262; x_wconf 89' lang='lat' dir='ltr'><strong>et</strong></span> 
     </span>
    </p>
   </div>
   <div class='ocr_carea' id='block_1_50' title="bbox 503 3293 2086 3365">
    <p class='ocr_par' dir='ltr' id='par_1_50' title="bbox 503 3293 2086 3365">
     <span class='ocr_line' id='line_1_50' title="bbox 503 3293 2086 3365; baseline 0.003 -17"><span class='ocrx_word' id='word_1_377' title='bbox 503 3293 623 3362; x_wconf 86' lang='lat' dir='ltr'><strong>ipse</strong></span> <span class='ocrx_word' id='word_1_378' title='bbox 651 3295 880 3364; x_wconf 90' lang='lat' dir='ltr'><strong>perinde</strong></span> <span class='ocrx_word' id='word_1_379' title='bbox 920 3311 985 3350; x_wconf 91' lang='lat' dir='ltr'><strong>ac</strong></span> <span class='ocrx_word' id='word_1_380' title='bbox 1029 3297 1117 3350; x_wconf 90' lang='lat' dir='ltr'><strong>illa</strong></span> <span class='ocrx_word' id='word_1_381' title='bbox 1150 3298 1353 3351; x_wconf 89' lang='lat' dir='ltr'><strong>charus</strong></span> <span class='ocrx_word' id='word_1_382' title='bbox 1388 3297 1497 3351; x_wconf 90' lang='lat' dir='ltr'><strong>Deo</strong></span> <span class='ocrx_word' id='word_1_383' title='bbox 1541 3297 1653 3351; x_wconf 86' lang='lat' dir='ltr'><strong>sit?</strong></span> <span class='ocrx_word' id='word_1_384' title='bbox 1695 3297 1849 3365; x_wconf 83' lang='lat' dir='ltr'><strong>Quod</strong></span> <span class='ocrx_word' id='word_1_385' title='bbox 1884 3299 1950 3352; x_wconf 90' lang='lat' dir='ltr'><strong>ad</strong></span> <span class='ocrx_word' id='word_1_386' title='bbox 1993 3300 2086 3353; x_wconf 83' lang='lat' dir='ltr'><strong>be-</strong></span> 
     </span>
    </p>
   </div>
   <div class='ocr_carea' id='block_1_51' title="bbox 505 3385 2088 3457">
    <p class='ocr_par' dir='ltr' id='par_1_51' title="bbox 505 3385 2088 3457">
     <span class='ocr_line' id='line_1_51' title="bbox 505 3385 2088 3457; baseline 0.004 -17"><span class='ocrx_word' id='word_1_387' title='bbox 505 3385 736 3440; x_wconf 79' lang='lat' dir='ltr'><strong>stiarum</strong></span> <span class='ocrx_word' id='word_1_388' title='bbox 782 3387 1056 3456; x_wconf 89' lang='lat' dir='ltr'><strong>colloquia</strong></span> <span class='ocrx_word' id='word_1_389' title='bbox 1112 3389 1329 3452; x_wconf 89' lang='lat' dir='ltr'><strong>attinet,</strong></span> <span class='ocrx_word' id='word_1_390' title='bbox 1361 3389 1554 3444; x_wconf 87' lang='lat' dir='ltr'><strong>Celsus</strong></span> <span class='ocrx_word' id='word_1_391' title='bbox 1593 3391 1685 3457; x_wconf 91' lang='lat' dir='ltr'><strong>qui</strong></span> <span class='ocrx_word' id='word_1_392' title='bbox 1717 3391 1829 3444; x_wconf 90' lang='lat' dir='ltr'><strong>vult</strong></span> <span class='ocrx_word' id='word_1_393' title='bbox 1872 3406 1932 3445; x_wconf 92' lang='lat' dir='ltr'><strong>ea</strong></span> <span class='ocrx_word' id='word_1_394' title='bbox 1967 3405 2088 3446; x_wconf 86' lang='lat' dir='ltr'><strong>esse</strong></span> 
     </span>
    </p>
   </div>
   <div class='ocr_carea' id='block_1_52' title="bbox 502 3477 2088 3552">
    <p class='ocr_par' dir='ltr' id='par_1_52' title="bbox 502 3477 2088 3552">
     <span class='ocr_line' id='line_1_52' title="bbox 502 3477 2088 3552; baseline 0.003 -20"><span class='ocrx_word' id='word_1_395' title='bbox 502 3477 778 3532; x_wconf 74' lang='lat' dir='ltr'><strong>sanctiora</strong></span> <span class='ocrx_word' id='word_1_396' title='bbox 812 3479 1036 3542; x_wconf 87' lang='lat' dir='ltr'><strong>nostris,</strong></span> <span class='ocrx_word' id='word_1_397' title='bbox 1074 3480 1126 3533; x_wconf 91' lang='lat' dir='ltr'><strong>id</strong></span> <span class='ocrx_word' id='word_1_398' title='bbox 1173 3479 1330 3534; x_wconf 79' lang='lat' dir='ltr'><strong>fulcit</strong></span> <span class='ocrx_word' id='word_1_399' title='bbox 1386 3481 1715 3534; x_wconf 82' lang='lat' dir='ltr'><strong>auctaritate</strong></span> <span class='ocrx_word' id='word_1_400' title='bbox 1757 3499 1860 3536; x_wconf 91' lang='lat' dir='ltr'><strong>non</strong></span> <span class='ocrx_word' id='word_1_401' title='bbox 1903 3483 2088 3552; x_wconf 79' lang='lat' dir='ltr'><strong>vulga-</strong></span> 
     </span>
    </p>
   </div>
   <div class='ocr_carea' id='block_1_53' title="bbox 504 3569 2089 3646">
    <p class='ocr_par' dir='ltr' id='par_1_53' title="bbox 504 3569 2089 3646">
     <span class='ocr_line' id='line_1_53' title="bbox 504 3569 2089 3646; baseline 0 -18"><span class='ocrx_word' id='word_1_402' title='bbox 504 3569 649 3628; x_wconf 78' lang='lat' dir='ltr'><strong>rium</strong></span> <span class='ocrx_word' id='word_1_403' title='bbox 684 3569 989 3635; x_wconf 89' lang='lat' dir='ltr'><strong>hominum,</strong></span> <span class='ocrx_word' id='word_1_404' title='bbox 1028 3572 1121 3626; x_wconf 91' lang='lat' dir='ltr'><strong>sed</strong></span> <span class='ocrx_word' id='word_1_405' title='bbox 1152 3574 1606 3640; x_wconf 88' lang='lat' dir='ltr'><strong>prudentiorum;</strong></span> <span class='ocrx_word' id='word_1_406' title='bbox 1647 3576 1749 3630; x_wconf 85' lang='lat' dir='ltr'><strong>hoc</strong></span> <span class='ocrx_word' id='word_1_407' title='bbox 1772 3585 1874 3637; x_wconf 86' lang='lat' dir='ltr'><strong>est,</strong></span> <span class='ocrx_word' id='word_1_408' title='bbox 1902 3577 1944 3628; x_wconf 92' lang='lat' dir='ltr'><strong>si</strong></span> <span class='ocrx_word' id='word_1_409' title='bbox 1962 3591 2089 3646; x_wconf 84' lang='lat' dir='ltr'><strong>pro-</strong></span> 
     </span>
    </p>
   </div>
   <div class='ocr_carea' id='block_1_54' title="bbox 505 3659 2084 3735">
    <p class='ocr_par' dir='ltr' id='par_1_54' title="bbox 505 3659 2084 3735">
     <span class='ocr_line' id='line_1_54' title="bbox 505 3659 2084 3735; baseline 0.004 -22"><span class='ocrx_word' id='word_1_410' title='bbox 505 3661 625 3732; x_wconf 90' lang='lat' dir='ltr'><strong>prie</strong></span> <span class='ocrx_word' id='word_1_411' title='bbox 653 3659 949 3729; x_wconf 87' lang='lat' dir='ltr'><strong>loquimur,</strong></span> <span class='ocrx_word' id='word_1_412' title='bbox 981 3661 1270 3716; x_wconf 85' lang='lat' dir='ltr'><strong>bonorum.</strong></span> <span class='ocrx_word' id='word_1_413' title='bbox 1316 3659 1452 3716; x_wconf 87' lang='lat' dir='ltr'><strong>Nam</strong></span> <span class='ocrx_word' id='word_1_414' title='bbox 1499 3679 1660 3719; x_wconf 92' lang='lat' dir='ltr'><strong>nemo</strong></span> <span class='ocrx_word' id='word_1_415' title='bbox 1693 3667 1956 3735; x_wconf 90' lang='lat' dir='ltr'><strong>prudens,</strong></span> <span class='ocrx_word' id='word_1_416' title='bbox 1993 3667 2084 3734; x_wconf 91' lang='lat' dir='ltr'><strong>qui</strong></span> 
     </span>
    </p>
   </div>
   <div class='ocr_carea' id='block_1_55' title="bbox 505 3750 2089 3823">
    <p class='ocr_par' dir='ltr' id='par_1_55' title="bbox 505 3750 2089 3823">
     <span class='ocr_line' id='line_1_55' title="bbox 505 3750 2089 3823; baseline 0.001 -17"><span class='ocrx_word' id='word_1_417' title='bbox 505 3751 702 3806; x_wconf 87' lang='lat' dir='ltr'><strong>malus.</strong></span> <span class='ocrx_word' id='word_1_418' title='bbox 730 3750 822 3805; x_wconf 92' lang='lat' dir='ltr'><strong>Sic</strong></span> <span class='ocrx_word' id='word_1_419' title='bbox 853 3751 1018 3820; x_wconf 83' lang='lat' dir='ltr'><strong>igitur</strong></span> <span class='ocrx_word' id='word_1_420' title='bbox 1057 3750 1147 3805; x_wconf 92' lang='lat' dir='ltr'><strong>ille</strong></span> <span class='ocrx_word' id='word_1_421' title='bbox 1181 3769 1193 3804; x_wconf 90' lang='lat'>:</span> <span class='ocrx_word' id='word_1_422' title='bbox 1233 3769 1251 3802; x_wconf 90' lang='lat' dir='ltr'><strong>t</strong></span> <span class='ocrx_word' id='word_1_423' title='bbox 1290 3752 1457 3806; x_wconf 86' lang='lat' dir='ltr'><strong>Aiunt</strong></span> <span class='ocrx_word' id='word_1_424' title='bbox 1491 3763 1748 3822; x_wconf 65' lang='lat' dir='ltr'><strong>praeterea</strong></span> <span class='ocrx_word' id='word_1_425' title='bbox 1774 3756 2089 3823; x_wconf 88' lang='lat' dir='ltr'><strong>prudentio-</strong></span> 
     </span>
    </p>
   </div>
   <div class='ocr_carea' id='block_1_56' title="bbox 507 3842 2086 3916">
    <p class='ocr_par' dir='ltr' id='par_1_56' title="bbox 507 3842 2086 3916">
     <span class='ocr_line' id='line_1_56' title="bbox 507 3842 2086 3916; baseline 0.003 -19"><span class='ocrx_word' id='word_1_426' title='bbox 507 3857 597 3898; x_wconf 88' lang='lat' dir='ltr'><strong>res</strong></span> <span class='ocrx_word' id='word_1_427' title='bbox 633 3842 837 3896; x_wconf 88' lang='lat' dir='ltr'><strong>bestias</strong></span> <span class='ocrx_word' id='word_1_428' title='bbox 869 3842 1073 3897; x_wconf 89' lang='lat' dir='ltr'><strong>habere</strong></span> <span class='ocrx_word' id='word_1_429' title='bbox 1122 3843 1266 3896; x_wconf 90' lang='lat' dir='ltr'><strong>inter</strong></span> <span class='ocrx_word' id='word_1_430' title='bbox 1317 3859 1376 3898; x_wconf 85' lang='lat' dir='ltr'><strong>se</strong></span> <span class='ocrx_word' id='word_1_431' title='bbox 1417 3844 1688 3914; x_wconf 91' lang='lat' dir='ltr'><strong>colloquia</strong></span> <span class='ocrx_word' id='word_1_432' title='bbox 1718 3848 1908 3916; x_wconf 83' lang='lat' dir='ltr'><strong>eaque</strong></span> <span class='ocrx_word' id='word_1_433' title='bbox 1955 3862 2086 3902; x_wconf 62' lang='lat' dir='ltr'><strong>sano-</strong></span> 
     </span>
    </p>
   </div>
   <div class='ocr_carea' id='block_1_57' title="bbox 507 3935 2085 4006">
    <p class='ocr_par' dir='ltr' id='par_1_57' title="bbox 507 3935 2085 4006">
     <span class='ocr_line' id='line_1_57' title="bbox 507 3935 2085 4006; baseline 0.004 -18"><span class='ocrx_word' id='word_1_434' title='bbox 507 3935 683 3989; x_wconf 88' lang='lat' dir='ltr'><strong>ctiora</strong></span> <span class='ocrx_word' id='word_1_435' title='bbox 717 3935 957 4002; x_wconf 86' lang='lat' dir='ltr'><strong>nostris;</strong></span> <span class='ocrx_word' id='word_1_436' title='bbox 991 3935 1298 4006; x_wconf 82' lang='lat' dir='ltr'><strong>intelligere</strong></span> <span class='ocrx_word' id='word_1_437' title='bbox 1330 3952 1390 3991; x_wconf 92' lang='lat' dir='ltr'><strong>se</strong></span> <span class='ocrx_word' id='word_1_438' title='bbox 1411 3952 1534 4006; x_wconf 66' lang='lat' dir='ltr'><strong>quae</strong></span> <span class='ocrx_word' id='word_1_439' title='bbox 1567 3937 1673 3992; x_wconf 73' lang='lat' dir='ltr'><strong>illa:</strong></span> <span class='ocrx_word' id='word_1_440' title='bbox 1701 3938 1910 4004; x_wconf 92' lang='lat' dir='ltr'><strong>dicunt,</strong></span> <span class='ocrx_word' id='word_1_441' title='bbox 1936 3949 1988 3993; x_wconf 89' lang='lat' dir='ltr'><strong>et</strong></span> <span class='ocrx_word' id='word_1_442' title='bbox 2021 3953 2085 3994; x_wconf 88' lang='lat' dir='ltr'><strong>ea</strong></span> 
     </span>
    </p>
   </div>
   <div class='ocr_carea' id='block_1_58' title="bbox 504 4026 2087 4100">
    <p class='ocr_par' dir='ltr' id='par_1_58' title="bbox 504 4026 2087 4100">
     <span class='ocr_line' id='line_1_58' title="bbox 504 4026 2087 4100; baseline 0.003 -20"><span class='ocrx_word' id='word_1_443' title='bbox 504 4026 611 4080; x_wconf 88' lang='lat' dir='ltr'><strong>sibi</strong></span> <span class='ocrx_word' id='word_1_444' title='bbox 638 4035 767 4082; x_wconf 89' lang='lat' dir='ltr'><strong>nota</strong></span> <span class='ocrx_word' id='word_1_445' title='bbox 798 4041 919 4082; x_wconf 89' lang='lat' dir='ltr'><strong>esse</strong></span> <span class='ocrx_word' id='word_1_446' title='bbox 945 4029 1297 4096; x_wconf 88' lang='lat' dir='ltr'><strong>persuadere,</strong></span> <span class='ocrx_word' id='word_1_447' title='bbox 1326 4044 1484 4093; x_wconf 88' lang='lat' dir='ltr'><strong>cum,</strong></span> <span class='ocrx_word' id='word_1_448' title='bbox 1523 4040 1811 4100; x_wconf 89' lang='lat' dir='ltr'><strong>postquam</strong></span> <span class='ocrx_word' id='word_1_449' title='bbox 1859 4046 2087 4098; x_wconf 67' lang='lat' dir='ltr'><strong>prmmo-</strong></span> 
     </span>
    </p>
   </div>
   <div class='ocr_carea' id='block_1_59' title="bbox 505 4120 2088 4192">
    <p class='ocr_par' dir='ltr' id='par_1_59' title="bbox 505 4120 2088 4192">
     <span class='ocr_line' id='line_1_59' title="bbox 505 4120 2088 4192; baseline 0.001 -16"><span class='ocrx_word' id='word_1_450' title='bbox 505 4128 748 4176; x_wconf 85' lang='lat' dir='ltr'><strong>nuerunt</strong></span> <span class='ocrx_word' id='word_1_451' title='bbox 794 4134 927 4176; x_wconf 87' lang='lat' dir='ltr'><strong>aves</strong></span> <span class='ocrx_word' id='word_1_452' title='bbox 991 4120 1196 4175; x_wconf 78' lang='lat' dir='ltr'><strong>dixisse</strong></span> <span class='ocrx_word' id='word_1_453' title='bbox 1241 4136 1301 4175; x_wconf 89' lang='lat' dir='ltr'><strong>se</strong></span> <span class='ocrx_word' id='word_1_454' title='bbox 1345 4122 1528 4192; x_wconf 89' lang='lat' dir='ltr'><strong>aliquo</strong></span> <span class='ocrx_word' id='word_1_455' title='bbox 1565 4122 1809 4177; x_wconf 89' lang='lat' dir='ltr'><strong>abituras</strong></span> <span class='ocrx_word' id='word_1_456' title='bbox 1859 4131 1955 4178; x_wconf 82' lang='lat' dir='ltr'><strong>aut</strong></span> <span class='ocrx_word' id='word_1_457' title='bbox 1987 4124 2088 4178; x_wconf 88' lang='lat' dir='ltr'><strong>hoc</strong></span> 
     </span>
    </p>
   </div>
   <div class='ocr_carea' id='block_1_60' title="bbox 505 4213 2087 4278">
    <p class='ocr_par' dir='ltr' id='par_1_60' title="bbox 505 4213 2087 4278">
     <span class='ocr_line' id='line_1_60' title="bbox 505 4213 2087 4278; baseline -0.003 -5"><span class='ocrx_word' id='word_1_458' title='bbox 505 4214 706 4273; x_wconf 90' lang='lat' dir='ltr'><strong>illudve</strong></span> <span class='ocrx_word' id='word_1_459' title='bbox 737 4213 997 4278; x_wconf 84' lang='lat' dir='ltr'><strong>facturas,</strong></span> <span class='ocrx_word' id='word_1_460' title='bbox 1031 4213 1328 4268; x_wconf 89' lang='lat' dir='ltr'><strong>ostendunt</strong></span> <span class='ocrx_word' id='word_1_461' title='bbox 1350 4228 1443 4268; x_wconf 89' lang='lat' dir='ltr'><strong>eas</strong></span> <span class='ocrx_word' id='word_1_462' title='bbox 1471 4214 1563 4268; x_wconf 92' lang='lat' dir='ltr'><strong>illo</strong></span> <span class='ocrx_word' id='word_1_463' title='bbox 1586 4215 1852 4270; x_wconf 86' lang='lat' dir='ltr'><strong>abeuntes</strong></span> <span class='ocrx_word' id='word_1_464' title='bbox 1882 4225 1976 4268; x_wconf 90' lang='lat' dir='ltr'><strong>aut</strong></span> <span class='ocrx_word' id='word_1_465' title='bbox 2007 4215 2087 4268; x_wconf 79' lang='lat' dir='ltr'><strong>fa-</strong></span> 
     </span>
    </p>
   </div>
   <div class='ocr_carea' id='block_1_61' title="bbox 504 4305 2082 4376">
    <p class='ocr_par' dir='ltr' id='par_1_61' title="bbox 504 4305 2082 4376">
     <span class='ocr_line' id='line_1_61' title="bbox 504 4305 2082 4376; baseline -0.002 -16"><span class='ocrx_word' id='word_1_466' title='bbox 504 4306 715 4366; x_wconf 81' lang='lat' dir='ltr'><strong>cientes</strong></span> <span class='ocrx_word' id='word_1_467' title='bbox 749 4320 869 4375; x_wconf 73' lang='lat' dir='ltr'><strong>qute</strong></span> <span class='ocrx_word' id='word_1_468' title='bbox 900 4305 1286 4374; x_wconf 66' lang='lat' dir='ltr'><strong>praedixerant.</strong></span> <span class='ocrx_word' id='word_1_469' title='bbox 1327 4325 1346 4358; x_wconf 85' lang='lat' dir='ltr'><strong>t</strong></span> <span class='ocrx_word' id='word_1_470' title='bbox 1387 4305 1455 4359; x_wconf 90' lang='lat' dir='ltr'><strong>Ut</strong></span> <span class='ocrx_word' id='word_1_471' title='bbox 1481 4305 1659 4360; x_wconf 86' lang='lat' dir='ltr'><strong>dicam</strong></span> <span class='ocrx_word' id='word_1_472' title='bbox 1686 4307 1831 4376; x_wconf 87' lang='lat' dir='ltr'><strong>quod</strong></span> <span class='ocrx_word' id='word_1_473' title='bbox 1867 4321 1953 4359; x_wconf 88' lang='lat' dir='ltr'><strong>res</strong></span> <span class='ocrx_word' id='word_1_474' title='bbox 1980 4316 2082 4368; x_wconf 85' lang='lat' dir='ltr'><strong>est,</strong></span> 
     </span>
    </p>
   </div>
   <div class='ocr_carea' id='block_1_62' title="bbox 505 4393 2087 4465">
    <p class='ocr_par' dir='ltr' id='par_1_62' title="bbox 505 4393 2087 4465">
     <span class='ocr_line' id='line_1_62' title="bbox 505 4393 2087 4465; baseline -0.002 -14"><span class='ocrx_word' id='word_1_475' title='bbox 505 4411 672 4451; x_wconf 91' lang='lat' dir='ltr'><strong>nemo</strong></span> <span class='ocrx_word' id='word_1_476' title='bbox 722 4394 943 4465; x_wconf 86' lang='lat' dir='ltr'><strong>sapiens</strong></span> <span class='ocrx_word' id='word_1_477' title='bbox 974 4393 1026 4453; x_wconf 87' lang='lat' dir='ltr'><strong>id</strong></span> <span class='ocrx_word' id='word_1_478' title='bbox 1067 4408 1302 4461; x_wconf 90' lang='lat' dir='ltr'><strong>unquam</strong></span> <span class='ocrx_word' id='word_1_479' title='bbox 1349 4395 1622 4464; x_wconf 88' lang='lat' dir='ltr'><strong>prodidit;</strong></span> <span class='ocrx_word' id='word_1_480' title='bbox 1662 4409 1824 4448; x_wconf 93' lang='lat' dir='ltr'><strong>nemo</strong></span> <span class='ocrx_word' id='word_1_481' title='bbox 1871 4397 2087 4464; x_wconf 87' lang='lat' dir='ltr'><strong>sapiens</strong></span> 
     </span>
    </p>
   </div>
   <div class='ocr_carea' id='block_1_63' title="bbox 504 4488 2088 4558">
    <p class='ocr_par' dir='ltr' id='par_1_63' title="bbox 504 4488 2088 4558">
     <span class='ocr_line' id='line_1_63' title="bbox 504 4488 2088 4558; baseline -0.001 -14"><span class='ocrx_word' id='word_1_482' title='bbox 504 4488 642 4544; x_wconf 84' lang='lat' dir='ltr'><strong>dixit</strong></span> <span class='ocrx_word' id='word_1_483' title='bbox 677 4489 952 4543; x_wconf 90' lang='lat' dir='ltr'><strong>sanctiora</strong></span> <span class='ocrx_word' id='word_1_484' title='bbox 996 4502 1117 4541; x_wconf 87' lang='lat' dir='ltr'><strong>esse</strong></span> <span class='ocrx_word' id='word_1_485' title='bbox 1163 4488 1456 4542; x_wconf 85' lang='lat' dir='ltr'><strong>bestiarum</strong></span> <span class='ocrx_word' id='word_1_486' title='bbox 1502 4489 1772 4558; x_wconf 92' lang='lat' dir='ltr'><strong>colloquia</strong></span> <span class='ocrx_word' id='word_1_487' title='bbox 1799 4504 1960 4557; x_wconf 85' lang='lat' dir='ltr'><strong>quam</strong></span> <span class='ocrx_word' id='word_1_488' title='bbox 1992 4490 2088 4542; x_wconf 85' lang='lat' dir='ltr'><strong>ho-</strong></span> 
     </span>
    </p>
   </div>
   <div class='ocr_carea' id='block_1_64' title="bbox 2182 1999 3719 2079">
    <p class='ocr_par' dir='ltr' id='par_1_64' title="bbox 2182 1999 3719 2079">
     <span class='ocr_line' id='line_1_64' title="bbox 2182 1999 3719 2079; baseline -0.007 -18"><span class='ocrx_word' id='word_1_489' title='bbox 2182 2007 2397 2079; x_wconf 80' lang='grc' dir='ltr'>φιλέστε</span> <span class='ocrx_word' id='word_1_490' title='bbox 2410 2006 2632 2078; x_wconf 76' lang='grc' dir='ltr'>ρα.›Καὶ</span> <span class='ocrx_word' id='word_1_491' title='bbox 2651 2006 2734 2069; x_wconf 87' lang='grc' dir='ltr'><strong>τίς</strong></span> <span class='ocrx_word' id='word_1_492' title='bbox 2755 2005 2853 2059; x_wconf 78' lang='grc' dir='ltr'><strong>οὐκ</strong></span> <span class='ocrx_word' id='word_1_493' title='bbox 2872 2003 2939 2058; x_wconf 78' lang='grc' dir='ltr'>ἂν</span> <span class='ocrx_word' id='word_1_494' title='bbox 2955 2003 3324 2074; x_wconf 78' lang='grc' dir='ltr'>ἀποτραπείη,</span> <span class='ocrx_word' id='word_1_495' title='bbox 3344 2001 3610 2072; x_wconf 75' lang='grc' dir='ltr'>προσέχων</span> <span class='ocrx_word' id='word_1_496' title='bbox 3633 1999 3719 2068; x_wconf 74' lang='lat'><strong>(7&#39;2)</strong></span> 
     </span>
    </p>
   </div>
   <div class='ocr_carea' id='block_1_65' title="bbox 2181 2090 3722 2172">
    <p class='ocr_par' dir='ltr' id='par_1_65' title="bbox 2181 2090 3722 2172">
     <span class='ocr_line' id='line_1_65' title="bbox 2181 2090 3722 2172; baseline -0.008 -18"><span class='ocrx_word' id='word_1_497' title='bbox 2181 2098 2452 2172; x_wconf 79' lang='grc' dir='ltr'>ἀνθρώπῳ</span> <span class='ocrx_word' id='word_1_498' title='bbox 2479 2098 2688 2167; x_wconf 88' lang='grc' dir='ltr'>λέγοντι</span> <span class='ocrx_word' id='word_1_499' title='bbox 2720 2097 2987 2168; x_wconf 80' lang='grc' dir='ltr'>δράκοντα</span> <span class='ocrx_word' id='word_1_500' title='bbox 3008 2135 3021 2159; x_wconf 89' lang='grc'><strong>,</strong></span> <span class='ocrx_word' id='word_1_501' title='bbox 3069 2096 3165 2149; x_wconf 75' lang='grc' dir='ltr'><strong>καὶ</strong></span> <span class='ocrx_word' id='word_1_502' title='bbox 3215 2093 3474 2148; x_wconf 77' lang='grc' dir='ltr'>ἀλώπεκα</span> <span class='ocrx_word' id='word_1_503' title='bbox 3500 2132 3513 2154; x_wconf 97' lang='grc'><strong>,</strong></span> <span class='ocrx_word' id='word_1_504' title='bbox 3546 2092 3627 2144; x_wconf 68' lang='grc' dir='ltr'>καὶ</span> <span class='ocrx_word' id='word_1_505' title='bbox 3650 2090 3722 2142; x_wconf 77' lang='grc' dir='ltr'>λύ-</span> 
     </span>
    </p>
   </div>
   <div class='ocr_carea' id='block_1_66' title="bbox 2181 2184 3721 2259">
    <p class='ocr_par' dir='ltr' id='par_1_66' title="bbox 2181 2184 3721 2259">
     <span class='ocr_line' id='line_1_66' title="bbox 2181 2184 3721 2259; baseline -0.006 -14"><span class='ocrx_word' id='word_1_506' title='bbox 2181 2210 2296 2256; x_wconf 90' lang='grc' dir='ltr'>κον,</span> <span class='ocrx_word' id='word_1_507' title='bbox 2333 2193 2426 2244; x_wconf 75' lang='grc' dir='ltr'><strong>καὶ</strong></span> <span class='ocrx_word' id='word_1_508' title='bbox 2458 2191 2632 2254; x_wconf 77' lang='grc' dir='ltr'>ἀετὸν,</span> <span class='ocrx_word' id='word_1_509' title='bbox 2661 2190 2753 2243; x_wconf 67' lang='grc' dir='ltr'><strong>καὶ</strong></span> <span class='ocrx_word' id='word_1_510' title='bbox 2775 2188 2970 2257; x_wconf 82' lang='grc' dir='ltr'>ἱέρακα</span> <span class='ocrx_word' id='word_1_511' title='bbox 2989 2189 3086 2259; x_wconf 78' lang='grc' dir='ltr'><strong>τῆς</strong></span> <span class='ocrx_word' id='word_1_512' title='bbox 3103 2185 3210 2240; x_wconf 82' lang='grc' dir='ltr'><strong>τῶν</strong></span> <span class='ocrx_word' id='word_1_513' title='bbox 3230 2185 3327 2239; x_wconf 90' lang='grc' dir='ltr'><strong>ἀνθ</strong></span> <span class='ocrx_word' id='word_1_514' title='bbox 3337 2184 3528 2256; x_wconf 85' lang='grc' dir='ltr'>ρώπων</span> <span class='ocrx_word' id='word_1_515' title='bbox 3545 2184 3721 2254; x_wconf 75' lang='grc' dir='ltr'>φύσεως</span> 
     </span>
    </p>
   </div>
   <div class='ocr_carea' id='block_1_67' title="bbox 2182 2276 3718 2352">
    <p class='ocr_par' dir='ltr' id='par_1_67' title="bbox 2182 2276 3718 2352">
     <span class='ocr_line' id='line_1_67' title="bbox 2182 2276 3718 2352; baseline -0.008 -14"><span class='ocrx_word' id='word_1_516' title='bbox 2182 2282 2318 2338; x_wconf 84' lang='grc' dir='ltr'>εἶναι</span> <span class='ocrx_word' id='word_1_517' title='bbox 2356 2282 2777 2352; x_wconf 67' lang='grc' dir='ltr'>θεοφιλέστερα;</span> <span class='ocrx_word' id='word_1_518' title='bbox 2817 2280 3124 2334; x_wconf 80' lang='grc' dir='ltr'>Ἀκολουθεῖ</span> <span class='ocrx_word' id='word_1_519' title='bbox 3172 2279 3218 2332; x_wconf 77' lang='grc' dir='ltr'>δ’</span> <span class='ocrx_word' id='word_1_520' title='bbox 3259 2276 3408 2348; x_wconf 80' lang='grc' dir='ltr'>αύτῷ</span> <span class='ocrx_word' id='word_1_521' title='bbox 3451 2277 3509 2330; x_wconf 79' lang='grc' dir='ltr'>τὸ</span> <span class='ocrx_word' id='word_1_522' title='bbox 3537 2276 3718 2344; x_wconf 80' lang='grc' dir='ltr'>λέγειν,</span> 
     </span>
    </p>
   </div>
   <div class='ocr_carea' id='block_1_68' title="bbox 2182 2369 3717 2452">
    <p class='ocr_par' dir='ltr' id='par_1_68' title="bbox 2182 2369 3717 2452">
     <span class='ocr_line' id='line_1_68' title="bbox 2182 2369 3717 2452; baseline -0.01 -19"><span class='ocrx_word' id='word_1_523' title='bbox 2182 2381 2283 2443; x_wconf 78' lang='grc' dir='ltr'>ὅτι,</span> <span class='ocrx_word' id='word_1_524' title='bbox 2310 2381 2468 2452; x_wconf 75' lang='grc' dir='ltr'>εἴπερ</span> <span class='ocrx_word' id='word_1_525' title='bbox 2503 2376 2884 2447; x_wconf 70' lang='grc' dir='ltr'>θεοφιλέστερα</span> <span class='ocrx_word' id='word_1_526' title='bbox 2911 2373 3034 2427; x_wconf 80' lang='grc' dir='ltr'>τάδε</span> <span class='ocrx_word' id='word_1_527' title='bbox 3069 2373 3136 2426; x_wconf 77' lang='grc' dir='ltr'>τὰ</span> <span class='ocrx_word' id='word_1_528' title='bbox 3165 2372 3282 2438; x_wconf 79' lang='grc' dir='ltr'><strong>ζῶα</strong></span> <span class='ocrx_word' id='word_1_529' title='bbox 3312 2372 3419 2424; x_wconf 83' lang='grc' dir='ltr'><strong>τῶν</strong></span> <span class='ocrx_word' id='word_1_530' title='bbox 3444 2369 3717 2441; x_wconf 79' lang='grc' dir='ltr'>ἀνθρώπων,</span> 
     </span>
    </p>
   </div>
   <div class='ocr_carea' id='block_1_69' title="bbox 2182 2462 3721 2542">
    <p class='ocr_par' dir='ltr' id='par_1_69' title="bbox 2182 2462 3721 2542">
     <span class='ocr_line' id='line_1_69' title="bbox 2182 2462 3721 2542; baseline -0.006 -17"><span class='ocrx_word' id='word_1_531' title='bbox 2182 2471 2356 2542; x_wconf 80' lang='grc' dir='ltr'>δῆλον,</span> <span class='ocrx_word' id='word_1_532' title='bbox 2389 2472 2469 2523; x_wconf 85' lang='grc' dir='ltr'><strong>ὅτι</strong></span> <span class='ocrx_word' id='word_1_533' title='bbox 2501 2467 2947 2539; x_wconf 76' lang='grc' dir='ltr'>καὶΣωκράτους,</span> <span class='ocrx_word' id='word_1_534' title='bbox 2996 2466 3090 2518; x_wconf 74' lang='grc' dir='ltr'><strong>καὶ</strong></span> <span class='ocrx_word' id='word_1_535' title='bbox 3122 2465 3426 2528; x_wconf 84' lang='grc' dir='ltr'>Πλάτωνος,</span> <span class='ocrx_word' id='word_1_536' title='bbox 3455 2463 3541 2516; x_wconf 78' lang='grc' dir='ltr'>καὶ</span> <span class='ocrx_word' id='word_1_537' title='bbox 3577 2462 3721 2516; x_wconf 85' lang='grc' dir='ltr'>Πυθα-</span> 
     </span>
    </p>
   </div>
   <div class='ocr_carea' id='block_1_70' title="bbox 2183 2551 3720 2636">
    <p class='ocr_par' dir='ltr' id='par_1_70' title="bbox 2183 2551 3720 2636">
     <span class='ocr_line' id='line_1_70' title="bbox 2183 2551 3720 2636; baseline -0.007 -20"><span class='ocrx_word' id='word_1_538' title='bbox 2183 2564 2365 2636; x_wconf 86' lang='grc' dir='ltr'>γόρου,</span> <span class='ocrx_word' id='word_1_539' title='bbox 2407 2564 2500 2615; x_wconf 73' lang='grc' dir='ltr'><strong>καὶ</strong></span> <span class='ocrx_word' id='word_1_540' title='bbox 2533 2559 2851 2633; x_wconf 77' lang='grc' dir='ltr'>Φερεκύδου,</span> <span class='ocrx_word' id='word_1_541' title='bbox 2891 2560 2984 2611; x_wconf 73' lang='grc' dir='ltr'><strong>καὶ</strong></span> <span class='ocrx_word' id='word_1_542' title='bbox 3022 2551 3096 2612; x_wconf 84' lang='grc' dir='ltr'>ὧν</span> <span class='ocrx_word' id='word_1_543' title='bbox 3141 2558 3246 2628; x_wconf 77' lang='grc' dir='ltr'><strong>πρὸ</strong></span> <span class='ocrx_word' id='word_1_544' title='bbox 3293 2556 3516 2628; x_wconf 79' lang='grc' dir='ltr'>βραχέος</span> <span class='ocrx_word' id='word_1_545' title='bbox 3545 2555 3720 2624; x_wconf 72' lang='grc' dir='ltr'>ὕμνησε</span> 
     </span>
    </p>
   </div>
   <div class='ocr_carea' id='block_1_71' title="bbox 2185 2646 3721 2723">
    <p class='ocr_par' dir='ltr' id='par_1_71' title="bbox 2185 2646 3721 2723">
     <span class='ocr_line' id='line_1_71' title="bbox 2185 2646 3721 2723; baseline -0.008 -15"><span class='ocrx_word' id='word_1_546' title='bbox 2185 2654 2447 2723; x_wconf 83' lang='grc' dir='ltr'>θεολόγων</span> <span class='ocrx_word' id='word_1_547' title='bbox 2477 2654 2613 2721; x_wconf 77' lang='grc'><strong>(75),</strong></span> <span class='ocrx_word' id='word_1_548' title='bbox 2650 2651 3034 2721; x_wconf 65' lang='grc' dir='ltr'>θεοφιλέστερά</span> <span class='ocrx_word' id='word_1_549' title='bbox 3063 2652 3178 2703; x_wconf 80' lang='grc' dir='ltr'>ἐστι</span> <span class='ocrx_word' id='word_1_550' title='bbox 3201 2649 3375 2703; x_wconf 85' lang='grc' dir='ltr'>ταῦτα</span> <span class='ocrx_word' id='word_1_551' title='bbox 3395 2649 3463 2701; x_wconf 70' lang='grc' dir='ltr'>τὰ</span> <span class='ocrx_word' id='word_1_552' title='bbox 3495 2647 3616 2711; x_wconf 84' lang='grc' dir='ltr'>ζῶα.</span> <span class='ocrx_word' id='word_1_553' title='bbox 3635 2646 3721 2700; x_wconf 77' lang='grc' dir='ltr'>Καὶ</span> 
     </span>
    </p>
   </div>
   <div class='ocr_carea' id='block_1_72' title="bbox 2186 2739 3723 2815">
    <p class='ocr_par' dir='ltr' id='par_1_72' title="bbox 2186 2739 3723 2815">
     <span class='ocr_line' id='line_1_72' title="bbox 2186 2739 3723 2815; baseline -0.008 -12"><span class='ocrx_word' id='word_1_554' title='bbox 2186 2748 2472 2815; x_wconf 82' lang='grc' dir='ltr'>ὲπεύξαιτὸ</span> <span class='ocrx_word' id='word_1_555' title='bbox 2499 2764 2561 2815; x_wconf 87' lang='grc' dir='ltr'><strong>γε</strong></span> <span class='ocrx_word' id='word_1_556' title='bbox 2589 2747 2652 2801; x_wconf 76' lang='grc' dir='ltr'><strong>ἄν</strong></span> <span class='ocrx_word' id='word_1_557' title='bbox 2676 2763 2760 2810; x_wconf 88' lang='grc' dir='ltr'><strong>τις</strong></span> <span class='ocrx_word' id='word_1_558' title='bbox 2791 2744 2941 2815; x_wconf 76' lang='grc' dir='ltr'>αὐτῷ</span> <span class='ocrx_word' id='word_1_559' title='bbox 2972 2745 3165 2812; x_wconf 85' lang='grc' dir='ltr'>λέγων·</span> <span class='ocrx_word' id='word_1_560' title='bbox 3202 2745 3363 2815; x_wconf 74' lang='grc' dir='ltr'>εἴπερ</span> <span class='ocrx_word' id='word_1_561' title='bbox 3385 2739 3723 2812; x_wconf 73' lang='grc' dir='ltr'>θεοφιλέστερά</span> 
     </span>
    </p>
   </div>
   <div class='ocr_carea' id='block_1_73' title="bbox 2186 2833 3725 2909">
    <p class='ocr_par' dir='ltr' id='par_1_73' title="bbox 2186 2833 3725 2909">
     <span class='ocr_line' id='line_1_73' title="bbox 2186 2833 3725 2909; baseline -0.01 -12"><span class='ocrx_word' id='word_1_562' title='bbox 2186 2847 2298 2897; x_wconf 65' lang='grc' dir='ltr'>ἔστι</span> <span class='ocrx_word' id='word_1_563' title='bbox 2327 2841 2451 2895; x_wconf 78' lang='grc' dir='ltr'>τάδε</span> <span class='ocrx_word' id='word_1_564' title='bbox 2479 2840 2545 2893; x_wconf 81' lang='grc' dir='ltr'>τὰ</span> <span class='ocrx_word' id='word_1_565' title='bbox 2572 2840 2686 2905; x_wconf 76' lang='grc' dir='ltr'><strong>ζῶα</strong></span> <span class='ocrx_word' id='word_1_566' title='bbox 2724 2839 2832 2893; x_wconf 82' lang='grc' dir='ltr'>τῶν</span> <span class='ocrx_word' id='word_1_567' title='bbox 2855 2837 3173 2909; x_wconf 84' lang='grc' dir='ltr'>ἀνθρώπων,</span> <span class='ocrx_word' id='word_1_568' title='bbox 3196 2836 3373 2904; x_wconf 87' lang='grc' dir='ltr'>γένοιο</span> <span class='ocrx_word' id='word_1_569' title='bbox 3408 2835 3517 2906; x_wconf 88' lang='grc' dir='ltr'>μετ’</span> <span class='ocrx_word' id='word_1_570' title='bbox 3539 2833 3725 2886; x_wconf 80' lang='grc' dir='ltr'>ἐκείνων</span> 
     </span>
    </p>
   </div>
   <div class='ocr_carea' id='block_1_74' title="bbox 2186 2924 3723 3003">
    <p class='ocr_par' dir='ltr' id='par_1_74' title="bbox 2186 2924 3723 3003">
     <span class='ocr_line' id='line_1_74' title="bbox 2186 2924 3723 3003; baseline -0.008 -16"><span class='ocrx_word' id='word_1_571' title='bbox 2186 2933 2455 3003; x_wconf 71' lang='grc' dir='ltr'>θεοφιλὴς,</span> <span class='ocrx_word' id='word_1_572' title='bbox 2487 2934 2578 2986; x_wconf 73' lang='grc' dir='ltr'><strong>καὶ</strong></span> <span class='ocrx_word' id='word_1_573' title='bbox 2618 2931 3002 3002; x_wconf 79' lang='grc' dir='ltr'>ὲξομοιωθείης</span> <span class='ocrx_word' id='word_1_574' title='bbox 3040 2933 3152 2992; x_wconf 88' lang='grc' dir='ltr'>τοῖς</span> <span class='ocrx_word' id='word_1_575' title='bbox 3192 2929 3334 2982; x_wconf 84' lang='grc' dir='ltr'><strong>κατά</strong></span> <span class='ocrx_word' id='word_1_576' title='bbox 3375 2929 3431 2981; x_wconf 85' lang='grc' dir='ltr'>σὲ</span> <span class='ocrx_word' id='word_1_577' title='bbox 3465 2924 3723 2995; x_wconf 64' lang='grc' dir='ltr'>ἀνθρώπων</span> 
     </span>
    </p>
   </div>
   <div class='ocr_carea' id='block_1_75' title="bbox 2187 3011 3724 3094">
    <p class='ocr_par' dir='ltr' id='par_1_75' title="bbox 2187 3011 3724 3094">
     <span class='ocr_line' id='line_1_75' title="bbox 2187 3011 3724 3094; baseline -0.01 -16"><span class='ocrx_word' id='word_1_578' title='bbox 2187 3025 2637 3094; x_wconf 74' lang='grc' dir='ltr'>θεοφιλεστέροις.</span> <span class='ocrx_word' id='word_1_579' title='bbox 2679 3023 2789 3076; x_wconf 81' lang='grc' dir='ltr'>Καὶ</span> <span class='ocrx_word' id='word_1_580' title='bbox 2821 3021 2894 3094; x_wconf 73' lang='grc' dir='ltr'>μὴ</span> <span class='ocrx_word' id='word_1_581' title='bbox 2923 3020 3354 3090; x_wconf 75' lang='grc' dir='ltr'>ὑπολαμϐανέτω</span> <span class='ocrx_word' id='word_1_582' title='bbox 3376 3036 3438 3087; x_wconf 86' lang='grc' dir='ltr'><strong>γε</strong></span> <span class='ocrx_word' id='word_1_583' title='bbox 3469 3017 3596 3089; x_wconf 72' lang='grc' dir='ltr'>ἀρὰν</span> <span class='ocrx_word' id='word_1_584' title='bbox 3614 3011 3724 3068; x_wconf 70' lang='grc' dir='ltr'>εἶναι</span> 
     </span>
    </p>
   </div>
   <div class='ocr_carea' id='block_1_76' title="bbox 2186 3102 3726 3184">
    <p class='ocr_par' dir='ltr' id='par_1_76' title="bbox 2186 3102 3726 3184">
     <span class='ocr_line' id='line_1_76' title="bbox 2186 3102 3726 3184; baseline -0.008 -16"><span class='ocrx_word' id='word_1_585' title='bbox 2186 3115 2248 3168; x_wconf 75' lang='grc' dir='ltr'>τὸ</span> <span class='ocrx_word' id='word_1_586' title='bbox 2278 3114 2535 3167; x_wconf 86' lang='grc' dir='ltr'>τοιοῦτον·</span> <span class='ocrx_word' id='word_1_587' title='bbox 2562 3115 2646 3177; x_wconf 80' lang='grc' dir='ltr'><strong>τίς</strong></span> <span class='ocrx_word' id='word_1_588' title='bbox 2661 3112 2770 3184; x_wconf 77' lang='grc' dir='ltr'><strong>γὰρ</strong></span> <span class='ocrx_word' id='word_1_589' title='bbox 2797 3113 2895 3165; x_wconf 79' lang='grc' dir='ltr'><strong>οὐκ</strong></span> <span class='ocrx_word' id='word_1_590' title='bbox 2914 3112 2980 3165; x_wconf 84' lang='grc' dir='ltr'><strong>ἂν</strong></span> <span class='ocrx_word' id='word_1_591' title='bbox 3009 3111 3229 3178; x_wconf 68' lang='grc' dir='ltr'>εὔξαιτο</span> <span class='ocrx_word' id='word_1_592' title='bbox 3257 3105 3340 3174; x_wconf 79' lang='grc' dir='ltr'>οἷς</span> <span class='ocrx_word' id='word_1_593' title='bbox 3366 3102 3726 3162; x_wconf 79' lang='grc' dir='ltr'>πείθεταιεῖναι</span> 
     </span>
    </p>
   </div>
   <div class='ocr_carea' id='block_1_77' title="bbox 2190 3196 3727 3278">
    <p class='ocr_par' dir='ltr' id='par_1_77' title="bbox 2190 3196 3727 3278">
     <span class='ocr_line' id='line_1_77' title="bbox 2190 3196 3727 3278; baseline -0.007 -18"><span class='ocrx_word' id='word_1_594' title='bbox 2190 3207 2618 3278; x_wconf 75' lang='grc' dir='ltr'>θεοφιλεστέροις</span> <span class='ocrx_word' id='word_1_595' title='bbox 2650 3205 2900 3274; x_wconf 88' lang='grc' dir='ltr'>γενέσθαι</span> <span class='ocrx_word' id='word_1_596' title='bbox 2933 3205 3109 3274; x_wconf 80' lang='grc' dir='ltr'>πάντη</span> <span class='ocrx_word' id='word_1_597' title='bbox 3140 3203 3534 3274; x_wconf 83' lang='grc' dir='ltr'>παραπλήσιος,</span> <span class='ocrx_word' id='word_1_598' title='bbox 3558 3201 3634 3252; x_wconf 81' lang='grc' dir='ltr'>ἵνα</span> <span class='ocrx_word' id='word_1_599' title='bbox 3653 3196 3727 3250; x_wconf 69' lang='grc' dir='ltr'>καὶ</span> 
     </span>
    </p>
   </div>
   <div class='ocr_carea' id='block_1_78' title="bbox 2190 3289 3729 3368">
    <p class='ocr_par' dir='ltr' id='par_1_78' title="bbox 2190 3289 3729 3368">
     <span class='ocr_line' id='line_1_78' title="bbox 2190 3289 3729 3368; baseline -0.008 -14"><span class='ocrx_word' id='word_1_600' title='bbox 2190 3302 2350 3364; x_wconf 77' lang='grc' dir='ltr'>αὐτὸς</span> <span class='ocrx_word' id='word_1_601' title='bbox 2391 3302 2466 3364; x_wconf 84' lang='grc' dir='ltr'>ὼς</span> <span class='ocrx_word' id='word_1_602' title='bbox 2509 3302 2702 3353; x_wconf 78' lang='grc' dir='ltr'>ἐκεῖνοι</span> <span class='ocrx_word' id='word_1_603' title='bbox 2738 3299 2963 3368; x_wconf 86' lang='grc' dir='ltr'>γένηται</span> <span class='ocrx_word' id='word_1_604' title='bbox 3011 3296 3302 3368; x_wconf 75' lang='grc' dir='ltr'>θεοφιλής;</span> <span class='ocrx_word' id='word_1_605' title='bbox 3344 3295 3520 3349; x_wconf 86' lang='grc' dir='ltr'>Θέλων</span> <span class='ocrx_word' id='word_1_606' title='bbox 3555 3291 3606 3346; x_wconf 81' lang='grc' dir='ltr'>δὲ</span> <span class='ocrx_word' id='word_1_607' title='bbox 3647 3289 3729 3352; x_wconf 71' lang='grc' dir='ltr'>τὰς</span> 
     </span>
    </p>
   </div>
   <div class='ocr_carea' id='block_1_79' title="bbox 2188 3386 3726 3467">
    <p class='ocr_par' dir='ltr' id='par_1_79' title="bbox 2188 3386 3726 3467">
     <span class='ocr_line' id='line_1_79' title="bbox 2188 3386 3726 3467; baseline -0.01 -17"><span class='ocrx_word' id='word_1_608' title='bbox 2188 3394 2405 3467; x_wconf 84' lang='grc' dir='ltr'>ὁμιλίας</span> <span class='ocrx_word' id='word_1_609' title='bbox 2433 3393 2540 3447; x_wconf 82' lang='grc' dir='ltr'><strong>τῶν</strong></span> <span class='ocrx_word' id='word_1_610' title='bbox 2573 3391 2783 3459; x_wconf 81' lang='grc' dir='ltr'>ἀλόγων</span> <span class='ocrx_word' id='word_1_611' title='bbox 2815 3390 2967 3454; x_wconf 78' lang='grc' dir='ltr'><strong>ζώων</strong></span> <span class='ocrx_word' id='word_1_612' title='bbox 2990 3386 3129 3442; x_wconf 78' lang='grc' dir='ltr'>εἶναι</span> <span class='ocrx_word' id='word_1_613' title='bbox 3159 3388 3268 3442; x_wconf 82' lang='grc' dir='ltr'>τῶν</span> <span class='ocrx_word' id='word_1_614' title='bbox 3301 3387 3572 3459; x_wconf 80' lang='grc' dir='ltr'>ἡμετέρων</span> <span class='ocrx_word' id='word_1_615' title='bbox 3596 3386 3726 3454; x_wconf 85' lang='grc' dir='ltr'>ίερω-</span> 
     </span>
    </p>
   </div>
   <div class='ocr_carea' id='block_1_80' title="bbox 2187 3476 3728 3558">
    <p class='ocr_par' dir='ltr' id='par_1_80' title="bbox 2187 3476 3728 3558">
     <span class='ocr_line' id='line_1_80' title="bbox 2187 3476 3728 3558; baseline -0.008 -19"><span class='ocrx_word' id='word_1_616' title='bbox 2187 3486 2394 3558; x_wconf 85' lang='grc' dir='ltr'>τέραςὸ</span> <span class='ocrx_word' id='word_1_617' title='bbox 2420 3483 2651 3546; x_wconf 83' lang='grc' dir='ltr'>Κέλσος,</span> <span class='ocrx_word' id='word_1_618' title='bbox 2676 3482 2736 3534; x_wconf 82' lang='grc' dir='ltr'><strong>οὐ</strong></span> <span class='ocrx_word' id='word_1_619' title='bbox 2777 3485 2887 3546; x_wconf 75' lang='grc' dir='ltr'>τοῖς</span> <span class='ocrx_word' id='word_1_620' title='bbox 2910 3481 3160 3552; x_wconf 81' lang='grc' dir='ltr'>τυχοῦσιν</span> <span class='ocrx_word' id='word_1_621' title='bbox 3193 3480 3477 3550; x_wconf 75' lang='grc' dir='ltr'>ἀνατίθησι</span> <span class='ocrx_word' id='word_1_622' title='bbox 3504 3476 3728 3548; x_wconf 67' lang='lat' dir='ltr'><strong>ti;va</strong></span> 
     </span>
    </p>
   </div>
   <div class='ocr_carea' id='block_1_81' title="bbox 2193 3563 3729 3648">
    <p class='ocr_par' dir='ltr' id='par_1_81' title="bbox 2193 3563 3729 3648">
     <span class='ocr_line' id='line_1_81' title="bbox 2193 3563 3729 3648; baseline -0.008 -20"><span class='ocrx_word' id='word_1_623' title='bbox 2193 3576 2311 3648; x_wconf 85' lang='grc' dir='ltr'>ρίαν</span> <span class='ocrx_word' id='word_1_624' title='bbox 2339 3574 2569 3645; x_wconf 79' lang='grc' dir='ltr'>ταύτην,</span> <span class='ocrx_word' id='word_1_625' title='bbox 2606 3573 2741 3627; x_wconf 89' lang='grc' dir='ltr'><strong>ἀλλά</strong></span> <span class='ocrx_word' id='word_1_626' title='bbox 2787 3575 2898 3636; x_wconf 86' lang='grc' dir='ltr'>τοῖς</span> <span class='ocrx_word' id='word_1_627' title='bbox 2942 3575 3204 3634; x_wconf 85' lang='grc' dir='ltr'>συνετοῖς.</span> <span class='ocrx_word' id='word_1_628' title='bbox 3254 3571 3471 3624; x_wconf 70' lang='grc' dir='ltr'>Συνετοὶ</span> <span class='ocrx_word' id='word_1_629' title='bbox 3513 3569 3563 3621; x_wconf 82' lang='grc' dir='ltr'>δὲ</span> <span class='ocrx_word' id='word_1_630' title='bbox 3612 3563 3729 3619; x_wconf 72' lang='grc' dir='ltr'>κατὰ</span> 
     </span>
    </p>
   </div>
   <div class='ocr_carea' id='block_1_82' title="bbox 2189 3658 3730 3736">
    <p class='ocr_par' dir='ltr' id='par_1_82' title="bbox 2189 3658 3730 3736">
     <span class='ocr_line' id='line_1_82' title="bbox 2189 3658 3730 3736; baseline -0.008 -17"><span class='ocrx_word' id='word_1_631' title='bbox 2189 3664 2448 3736; x_wconf 80' lang='grc' dir='ltr'>ἀλήθειάν</span> <span class='ocrx_word' id='word_1_632' title='bbox 2471 3665 2608 3716; x_wconf 88' lang='grc' dir='ltr'>είσιν</span> <span class='ocrx_word' id='word_1_633' title='bbox 2637 3663 2687 3716; x_wconf 77' lang='lat' dir='ltr'><strong>oi</strong></span> <span class='ocrx_word' id='word_1_634' title='bbox 2729 3662 3022 3714; x_wconf 83' lang='grc' dir='ltr'>σπουδαῖοι·</span> <span class='ocrx_word' id='word_1_635' title='bbox 3051 3660 3227 3722; x_wconf 71' lang='grc' dir='ltr'>οὐδεὶς</span> <span class='ocrx_word' id='word_1_636' title='bbox 3248 3658 3359 3731; x_wconf 77' lang='grc' dir='ltr'><strong>γὰρ</strong></span> <span class='ocrx_word' id='word_1_637' title='bbox 3393 3658 3580 3726; x_wconf 72' lang='grc' dir='ltr'>φαῦλος</span> <span class='ocrx_word' id='word_1_638' title='bbox 3601 3671 3730 3708; x_wconf 80' lang='grc' dir='ltr'>συνε-</span> 
     </span>
    </p>
   </div>
   <div class='ocr_carea' id='block_1_83' title="bbox 2188 3743 3730 3826">
    <p class='ocr_par' dir='ltr' id='par_1_83' title="bbox 2188 3743 3730 3826">
     <span class='ocr_line' id='line_1_83' title="bbox 2188 3743 3730 3826; baseline -0.012 -12"><span class='ocrx_word' id='word_1_639' title='bbox 2188 3759 2298 3823; x_wconf 83' lang='grc' dir='ltr'>τός.</span> <span class='ocrx_word' id='word_1_640' title='bbox 2347 3759 2508 3826; x_wconf 82' lang='grc' dir='ltr'>Λέγει</span> <span class='ocrx_word' id='word_1_641' title='bbox 2553 3755 2731 3808; x_wconf 85' lang='grc' dir='ltr'>τοίνυν</span> <span class='ocrx_word' id='word_1_642' title='bbox 2770 3755 2862 3806; x_wconf 77' lang='grc' dir='ltr'>τὸν</span> <span class='ocrx_word' id='word_1_643' title='bbox 2899 3753 3100 3824; x_wconf 85' lang='grc' dir='ltr'>τρόπον</span> <span class='ocrx_word' id='word_1_644' title='bbox 3137 3751 3349 3814; x_wconf 86' lang='grc' dir='ltr'>τοῦτον,</span> <span class='ocrx_word' id='word_1_645' title='bbox 3385 3751 3466 3803; x_wconf 80' lang='grc' dir='ltr'>ὅτι</span> <span class='ocrx_word' id='word_1_646' title='bbox 3491 3769 3506 3799; x_wconf 74' lang='grc' dir='ltr'><strong>ι</strong></span> <span class='ocrx_word' id='word_1_647' title='bbox 3543 3743 3730 3816; x_wconf 50' lang='lat' dir='ltr'><strong>cui?)</strong></span> 
     </span>
    </p>
   </div>
   <div class='ocr_carea' id='block_1_84' title="bbox 2186 3833 3730 3919">
    <p class='ocr_par' dir='ltr' id='par_1_84' title="bbox 2186 3833 3730 3919">
     <span class='ocr_line' id='line_1_84' title="bbox 2186 3833 3730 3919; baseline -0.012 -15"><span class='ocrx_word' id='word_1_648' title='bbox 2186 3850 2296 3903; x_wconf 83' lang='grc' dir='ltr'><strong>τῶν</strong></span> <span class='ocrx_word' id='word_1_649' title='bbox 2317 3847 2617 3919; x_wconf 86' lang='grc' dir='ltr'>ἀνθρώπων</span> <span class='ocrx_word' id='word_1_650' title='bbox 2645 3847 2693 3898; x_wconf 77' lang='lat' dir='ltr'><strong>oi</strong></span> <span class='ocrx_word' id='word_1_651' title='bbox 2727 3846 2936 3898; x_wconf 76' lang='grc' dir='ltr'>συνετοὶ</span> <span class='ocrx_word' id='word_1_652' title='bbox 2965 3845 3060 3898; x_wconf 74' lang='grc' dir='ltr'><strong>καὶ</strong></span> <span class='ocrx_word' id='word_1_653' title='bbox 3088 3843 3307 3914; x_wconf 84' lang='grc' dir='ltr'>ὁμιλίας</span> <span class='ocrx_word' id='word_1_654' title='bbox 3336 3843 3555 3903; x_wconf 77' lang='grc' dir='ltr'>ἐκείνοις</span> <span class='ocrx_word' id='word_1_655' title='bbox 3581 3833 3699 3890; x_wconf 75' lang='grc' dir='ltr'>εἶναι</span> <span class='ocrx_word' id='word_1_656' title='bbox 3718 3872 3730 3894; x_wconf 91' lang='grc'><strong>,</strong></span> 
     </span>
    </p>
   </div>
   <div class='ocr_carea' id='block_1_85' title="bbox 2187 3931 3731 4015">
    <p class='ocr_par' dir='ltr' id='par_1_85' title="bbox 2187 3931 3731 4015">
     <span class='ocr_line' id='line_1_85' title="bbox 2187 3931 3731 4015; baseline -0.008 -19"><span class='ocrx_word' id='word_1_657' title='bbox 2187 3944 2424 4015; x_wconf 84' lang='grc' dir='ltr'>δηλονότι</span> <span class='ocrx_word' id='word_1_658' title='bbox 2459 3942 2570 4011; x_wconf 71' lang='grc'>(74)</span> <span class='ocrx_word' id='word_1_659' title='bbox 2593 3940 2700 3993; x_wconf 84' lang='grc' dir='ltr'>τῶν</span> <span class='ocrx_word' id='word_1_660' title='bbox 2724 3939 3004 4010; x_wconf 80' lang='grc' dir='ltr'>ἡμετέρων</span> <span class='ocrx_word' id='word_1_661' title='bbox 3030 3938 3355 4010; x_wconf 86' lang='grc' dir='ltr'>ἱερωτέρας·</span> <span class='ocrx_word' id='word_1_662' title='bbox 3383 3931 3628 3990; x_wconf 67' lang='lat' dir='ltr'><strong>mia-310i</strong></span> <span class='ocrx_word' id='word_1_663' title='bbox 3648 3944 3731 3981; x_wconf 78' lang='grc' dir='ltr'><strong>που</strong></span> 
     </span>
    </p>
   </div>
   <div class='ocr_carea' id='block_1_86' title="bbox 2188 4020 3732 4106">
    <p class='ocr_par' dir='ltr' id='par_1_86' title="bbox 2188 4020 3732 4106">
     <span class='ocr_line' id='line_1_86' title="bbox 2188 4020 3732 4106; baseline -0.011 -18"><span class='ocrx_word' id='word_1_664' title='bbox 2188 4034 2473 4106; x_wconf 78' lang='grc' dir='ltr'>γνωρίζειν</span> <span class='ocrx_word' id='word_1_665' title='bbox 2508 4033 2576 4086; x_wconf 73' lang='grc' dir='ltr'>τὰ</span> <span class='ocrx_word' id='word_1_666' title='bbox 2616 4033 2884 4102; x_wconf 81' lang='grc' dir='ltr'>λεγόμενα</span> <span class='ocrx_word' id='word_1_667' title='bbox 2905 4071 2918 4095; x_wconf 94' lang='grc'><strong>,</strong></span> <span class='ocrx_word' id='word_1_668' title='bbox 2957 4031 3048 4083; x_wconf 71' lang='grc' dir='ltr'><strong>καὶ</strong></span> <span class='ocrx_word' id='word_1_669' title='bbox 3079 4030 3225 4102; x_wconf 79' lang='grc' dir='ltr'>ἔργῳ</span> <span class='ocrx_word' id='word_1_670' title='bbox 3253 4029 3513 4083; x_wconf 75' lang='grc' dir='ltr'>δεικνύειν</span> <span class='ocrx_word' id='word_1_671' title='bbox 3543 4027 3618 4078; x_wconf 79' lang='grc' dir='ltr'><strong>ὅτι</strong></span> <span class='ocrx_word' id='word_1_672' title='bbox 3649 4020 3732 4074; x_wconf 81' lang='grc' dir='ltr'><strong>οὐκ</strong></span> 
     </span>
    </p>
   </div>
   <div class='ocr_carea' id='block_1_87' title="bbox 2188 4112 3732 4192">
    <p class='ocr_par' dir='ltr' id='par_1_87' title="bbox 2188 4112 3732 4192">
     <span class='ocr_line' id='line_1_87' title="bbox 2188 4112 3732 4192; baseline -0.007 -17"><span class='ocrx_word' id='word_1_673' title='bbox 2188 4121 2470 4192; x_wconf 80' lang='grc' dir='ltr'>ἀγνοοῦσιν</span> <span class='ocrx_word' id='word_1_674' title='bbox 2503 4120 2637 4191; x_wconf 78' lang='grc'><strong>(75),</strong></span> <span class='ocrx_word' id='word_1_675' title='bbox 2663 4123 2811 4184; x_wconf 83' lang='grc' dir='ltr'>ὅταν,</span> <span class='ocrx_word' id='word_1_676' title='bbox 2846 4121 3222 4190; x_wconf 82' lang='grc' dir='ltr'>προειπόντες,</span> <span class='ocrx_word' id='word_1_677' title='bbox 3251 4121 3334 4172; x_wconf 84' lang='grc' dir='ltr'>ὅτι</span> <span class='ocrx_word' id='word_1_678' title='bbox 3366 4118 3560 4187; x_wconf 73' lang='grc' dir='ltr'>ἔφασαν</span> <span class='ocrx_word' id='word_1_679' title='bbox 3589 4116 3632 4168; x_wconf 82' lang='grc' dir='ltr'>οἱ</span> <span class='ocrx_word' id='word_1_680' title='bbox 3660 4112 3732 4180; x_wconf 79' lang='grc' dir='ltr'>δρ-</span> 
     </span>
    </p>
   </div>
   <div class='ocr_carea' id='block_1_88' title="bbox 2188 4204 3732 4283">
    <p class='ocr_par' dir='ltr' id='par_1_88' title="bbox 2188 4204 3732 4283">
     <span class='ocr_line' id='line_1_88' title="bbox 2188 4204 3732 4283; baseline -0.005 -16"><span class='ocrx_word' id='word_1_681' title='bbox 2188 4215 2331 4277; x_wconf 88' lang='grc' dir='ltr'>νιθες</span> <span class='ocrx_word' id='word_1_682' title='bbox 2361 4215 2436 4277; x_wconf 86' lang='grc' dir='ltr'>ὠς</span> <span class='ocrx_word' id='word_1_683' title='bbox 2478 4214 2669 4267; x_wconf 85' lang='grc' dir='ltr'>ἀπίασί</span> <span class='ocrx_word' id='word_1_684' title='bbox 2697 4230 2808 4277; x_wconf 86' lang='grc' dir='ltr'>ποι,</span> <span class='ocrx_word' id='word_1_685' title='bbox 2837 4213 2930 4265; x_wconf 73' lang='grc' dir='ltr'>καὶ</span> <span class='ocrx_word' id='word_1_686' title='bbox 2972 4213 3259 4283; x_wconf 78' lang='grc' dir='ltr'>ποιήσουσι</span> <span class='ocrx_word' id='word_1_687' title='bbox 3286 4211 3406 4265; x_wconf 87' lang='grc' dir='ltr'>τόδε</span> <span class='ocrx_word' id='word_1_688' title='bbox 3436 4211 3467 4282; x_wconf 80' lang='grc' dir='ltr'>ἦ</span> <span class='ocrx_word' id='word_1_689' title='bbox 3495 4208 3624 4269; x_wconf 80' lang='grc' dir='ltr'>τόδε,</span> <span class='ocrx_word' id='word_1_690' title='bbox 3643 4204 3732 4259; x_wconf 65' lang='grc' dir='ltr'>δεῖ·</span> 
     </span>
    </p>
   </div>
   <div class='ocr_carea' id='block_1_89' title="bbox 2189 4297 3732 4372">
    <p class='ocr_par' dir='ltr' id='par_1_89' title="bbox 2189 4297 3732 4372">
     <span class='ocr_line' id='line_1_89' title="bbox 2189 4297 3732 4372; baseline -0.005 -14"><span class='ocrx_word' id='word_1_691' title='bbox 2189 4305 2421 4366; x_wconf 84' lang='grc' dir='ltr'>κνύωσιν</span> <span class='ocrx_word' id='word_1_692' title='bbox 2449 4303 2777 4366; x_wconf 80' lang='grc' dir='ltr'>ἀπελθόντας</span> <span class='ocrx_word' id='word_1_693' title='bbox 2811 4303 2945 4362; x_wconf 78' lang='grc' dir='ltr'>ἐκεῖ,</span> <span class='ocrx_word' id='word_1_694' title='bbox 2966 4302 3058 4354; x_wconf 65' lang='grc' dir='ltr'><strong>καὶ</strong></span> <span class='ocrx_word' id='word_1_695' title='bbox 3079 4301 3365 4365; x_wconf 85' lang='grc' dir='ltr'>ποιοῦντας</span> <span class='ocrx_word' id='word_1_696' title='bbox 3391 4301 3425 4355; x_wconf 80' lang='grc' dir='ltr'><strong>ἀ</strong></span> <span class='ocrx_word' id='word_1_697' title='bbox 3456 4302 3548 4372; x_wconf 70' lang='grc' dir='ltr'><strong>ἤδη</strong></span> <span class='ocrx_word' id='word_1_698' title='bbox 3577 4297 3732 4370; x_wconf 76' lang='grc' dir='ltr'>προεῖ-</span> 
     </span>
    </p>
   </div>
   <div class='ocr_carea' id='block_1_90' title="bbox 2190 4389 3733 4468">
    <p class='ocr_par' dir='ltr' id='par_1_90' title="bbox 2190 4389 3733 4468">
     <span class='ocr_line' id='line_1_90' title="bbox 2190 4389 3733 4468; baseline -0.009 -16"><span class='ocrx_word' id='word_1_699' title='bbox 2190 4415 2306 4452; x_wconf 87' lang='grc' dir='ltr'>πον.</span> <span class='ocrx_word' id='word_1_700' title='bbox 2333 4417 2351 4449; x_wconf 77' lang='grc' dir='ltr'><strong>ι</strong></span> <span class='ocrx_word' id='word_1_701' title='bbox 2372 4397 2526 4450; x_wconf 74' lang='grc' dir='ltr'>Κατὰ</span> <span class='ocrx_word' id='word_1_702' title='bbox 2552 4399 2648 4468; x_wconf 78' lang='grc' dir='ltr'>μὲν</span> <span class='ocrx_word' id='word_1_703' title='bbox 2677 4393 2768 4450; x_wconf 83' lang='grc' dir='ltr'><strong>οὖν</strong></span> <span class='ocrx_word' id='word_1_704' title='bbox 2800 4396 2860 4448; x_wconf 86' lang='grc' dir='ltr'><strong>τὸ</strong></span> <span class='ocrx_word' id='word_1_705' title='bbox 2875 4395 3074 4464; x_wconf 75' lang='grc' dir='ltr'>ἀληθὲς</span> <span class='ocrx_word' id='word_1_706' title='bbox 3094 4395 3269 4458; x_wconf 69' lang='grc' dir='ltr'>οὐδεὶς</span> <span class='ocrx_word' id='word_1_707' title='bbox 3302 4395 3514 4456; x_wconf 81' lang='grc' dir='ltr'>συνετὸς</span> <span class='ocrx_word' id='word_1_708' title='bbox 3539 4389 3733 4444; x_wconf 74' lang='grc' dir='ltr'>τοιαῦτα</span> 
     </span>
    </p>
   </div>
   <div class='ocr_carea' id='block_1_91' title="bbox 2193 4477 3732 4562">
    <p class='ocr_par' dir='ltr' id='par_1_91' title="bbox 2193 4477 3732 4562">
     <span class='ocr_line' id='line_1_91' title="bbox 2193 4477 3732 4562; baseline -0.005 -20"><span class='ocrx_word' id='word_1_709' title='bbox 2193 4489 2461 4562; x_wconf 80' lang='grc' dir='ltr'>ἱστόρησε,</span> <span class='ocrx_word' id='word_1_710' title='bbox 2490 4488 2584 4540; x_wconf 73' lang='grc' dir='ltr'><strong>καὶ</strong></span> <span class='ocrx_word' id='word_1_711' title='bbox 2613 4486 2786 4548; x_wconf 69' lang='grc' dir='ltr'>οὐδεὶς</span> <span class='ocrx_word' id='word_1_712' title='bbox 2810 4485 2969 4554; x_wconf 67' lang='grc' dir='ltr'>σοφὸς</span> <span class='ocrx_word' id='word_1_713' title='bbox 2994 4485 3038 4536; x_wconf 84' lang='grc' dir='ltr'><strong>ίε</strong></span> <span class='ocrx_word' id='word_1_714' title='bbox 3050 4484 3291 4554; x_wconf 80' lang='grc' dir='ltr'>ρωτέρας</span> <span class='ocrx_word' id='word_1_715' title='bbox 3319 4479 3469 4536; x_wconf 82' lang='grc' dir='ltr'>εἶπεν</span> <span class='ocrx_word' id='word_1_716' title='bbox 3506 4479 3633 4534; x_wconf 77' lang='grc' dir='ltr'>εἶναι</span> <span class='ocrx_word' id='word_1_717' title='bbox 3653 4477 3732 4535; x_wconf 70' lang='grc' dir='ltr'><strong>τὶς</strong></span> 
     </span>
    </p>
   </div>
   <div class='ocr_carea' id='block_1_92' title="bbox 507 4567 2083 4652">
    <p class='ocr_par' dir='ltr' id='par_1_92' title="bbox 507 4581 2082 4652">
     <span class='ocr_line' id='line_1_92' title="bbox 507 4581 2082 4652; baseline -0.003 -14"><span class='ocrx_word' id='word_1_718' title='bbox 507 4583 737 4638; x_wconf 89' lang='lat' dir='ltr'><strong>minum.</strong></span> <span class='ocrx_word' id='word_1_719' title='bbox 773 4581 878 4637; x_wconf 90' lang='lat' dir='ltr'><strong>Sed</strong></span> <span class='ocrx_word' id='word_1_720' title='bbox 905 4581 972 4636; x_wconf 90' lang='lat' dir='ltr'><strong>ad</strong></span> <span class='ocrx_word' id='word_1_721' title='bbox 1009 4581 1245 4651; x_wconf 87' lang='lat' dir='ltr'><strong>penitius</strong></span> <span class='ocrx_word' id='word_1_722' title='bbox 1296 4582 1635 4650; x_wconf 88' lang='lat' dir='ltr'><strong>inspicienda</strong></span> <span class='ocrx_word' id='word_1_723' title='bbox 1686 4581 1830 4639; x_wconf 81' lang='lat' dir='ltr'><strong>Celsi</strong></span> <span class='ocrx_word' id='word_1_724' title='bbox 1887 4583 2082 4652; x_wconf 89' lang='lat' dir='ltr'><strong>placita</strong></span> 
     </span>
    </p>
   </div>
   <div class='ocr_carea' id='block_1_93' title="bbox 2191 4567 3732 4652">
    <p class='ocr_par' dir='ltr' id='par_1_93' title="bbox 2191 4567 3732 4648">
     <span class='ocr_line' id='line_1_93' title="bbox 2191 4567 3732 4648; baseline -0.01 -14"><span class='ocrx_word' id='word_1_725' title='bbox 2191 4581 2298 4634; x_wconf 82' lang='grc' dir='ltr'><strong>τῶν</strong></span> <span class='ocrx_word' id='word_1_726' title='bbox 2327 4581 2536 4648; x_wconf 87' lang='grc' dir='ltr'>ἀλόγων</span> <span class='ocrx_word' id='word_1_727' title='bbox 2566 4577 2720 4643; x_wconf 82' lang='grc' dir='ltr'><strong>ζώων</strong></span> <span class='ocrx_word' id='word_1_728' title='bbox 2750 4577 2963 4647; x_wconf 79' lang='grc' dir='ltr'>ὁμιλίας</span> <span class='ocrx_word' id='word_1_729' title='bbox 3013 4576 3113 4647; x_wconf 79' lang='grc' dir='ltr'><strong>τῆς</strong></span> <span class='ocrx_word' id='word_1_730' title='bbox 3153 4575 3263 4630; x_wconf 85' lang='grc' dir='ltr'>τῶν</span> <span class='ocrx_word' id='word_1_731' title='bbox 3295 4573 3606 4646; x_wconf 62' lang='grc' dir='ltr'>ἀνθρώπων</span> <span class='ocrx_word' id='word_1_732' title='bbox 3636 4572 3676 4622; x_wconf 81' lang='grc' dir='ltr'>εξ</span> <span class='ocrx_word' id='word_1_733' title='bbox 3697 4567 3732 4619; x_wconf 81' lang='grc' dir='ltr'>δ’</span> 
     </span>
    </p>
   </div>
   <div class='ocr_carea' id='block_1_94' title="bbox 505 4669 2088 4741">
    <p class='ocr_par' dir='ltr' id='par_1_94' title="bbox 505 4669 2088 4741">
     <span class='ocr_line' id='line_1_94' title="bbox 505 4669 2088 4741; baseline -0.001 -13"><span class='ocrx_word' id='word_1_734' title='bbox 505 4673 554 4728; x_wconf 81' lang='lat' dir='ltr'><strong>si</strong></span> <span class='ocrx_word' id='word_1_735' title='bbox 589 4672 719 4740; x_wconf 90' lang='lat' dir='ltr'><strong>quid</strong></span> <span class='ocrx_word' id='word_1_736' title='bbox 759 4686 822 4725; x_wconf 85' lang='lat' dir='ltr'><strong>ex</strong></span> <span class='ocrx_word' id='word_1_737' title='bbox 851 4669 918 4724; x_wconf 90' lang='lat' dir='ltr'><strong>iis</strong></span> <span class='ocrx_word' id='word_1_738' title='bbox 949 4679 1324 4739; x_wconf 87' lang='lat' dir='ltr'><strong>consequatur</strong></span> <span class='ocrx_word' id='word_1_739' title='bbox 1356 4671 1712 4736; x_wconf 88' lang='lat' dir='ltr'><strong>advertimus,</strong></span> <span class='ocrx_word' id='word_1_740' title='bbox 1751 4672 1970 4741; x_wconf 87' lang='lat' dir='ltr'><strong>planum</strong></span> <span class='ocrx_word' id='word_1_741' title='bbox 2003 4681 2088 4727; x_wconf 87' lang='lat' dir='ltr'><strong>est</strong></span> 
     </span>
    </p>
   </div>
   <div class='ocr_carea' id='block_1_95' title="bbox 505 4763 2084 4833">
    <p class='ocr_par' dir='ltr' id='par_1_95' title="bbox 505 4763 2084 4833">
     <span class='ocr_line' id='line_1_95' title="bbox 505 4763 2084 4833; baseline -0.001 -14"><span class='ocrx_word' id='word_1_742' title='bbox 505 4779 571 4819; x_wconf 84' lang='lat' dir='ltr'><strong>ex</strong></span> <span class='ocrx_word' id='word_1_743' title='bbox 595 4763 683 4818; x_wconf 89' lang='lat' dir='ltr'><strong>illo</strong></span> <span class='ocrx_word' id='word_1_744' title='bbox 704 4764 974 4818; x_wconf 84' lang='lat' dir='ltr'><strong>sanctiora</strong></span> <span class='ocrx_word' id='word_1_745' title='bbox 991 4777 1112 4818; x_wconf 89' lang='lat' dir='ltr'><strong>esse</strong></span> <span class='ocrx_word' id='word_1_746' title='bbox 1137 4763 1435 4817; x_wconf 87' lang='lat' dir='ltr'><strong>bestiarum</strong></span> <span class='ocrx_word' id='word_1_747' title='bbox 1463 4763 1756 4831; x_wconf 88' lang='lat' dir='ltr'><strong>colloquia,</strong></span> <span class='ocrx_word' id='word_1_748' title='bbox 1779 4779 1938 4833; x_wconf 90' lang='lat' dir='ltr'><strong>quam</strong></span> <span class='ocrx_word' id='word_1_749' title='bbox 1960 4780 2084 4833; x_wconf 76' lang='lat' dir='ltr'><strong>gra-</strong></span> 
     </span>
    </p>
   </div>
   <div class='ocr_carea' id='block_1_96' title="bbox 507 4853 2086 4926">
    <p class='ocr_par' dir='ltr' id='par_1_96' title="bbox 507 4853 2086 4926">
     <span class='ocr_line' id='line_1_96' title="bbox 507 4853 2086 4926; baseline 0.004 -19"><span class='ocrx_word' id='word_1_750' title='bbox 507 4871 603 4909; x_wconf 81' lang='lat' dir='ltr'><strong>ves</strong></span> <span class='ocrx_word' id='word_1_751' title='bbox 629 4857 752 4908; x_wconf 88' lang='lat' dir='ltr'><strong>illos</strong></span> <span class='ocrx_word' id='word_1_752' title='bbox 783 4854 1133 4926; x_wconf 79' lang='lat' dir='ltr'><strong>Pherecydis,</strong></span> <span class='ocrx_word' id='word_1_753' title='bbox 1164 4853 1504 4925; x_wconf 63' lang='lat' dir='ltr'><strong>Pythagorae,</strong></span> <span class='ocrx_word' id='word_1_754' title='bbox 1546 4857 1808 4916; x_wconf 82' lang='lat' dir='ltr'><strong>Socratis.</strong></span> <span class='ocrx_word' id='word_1_755' title='bbox 1845 4857 2086 4916; x_wconf 84' lang='lat' dir='ltr'><strong>Platonis</strong></span> 
     </span>
    </p>
   </div>
   <div class='ocr_carea' id='block_1_97' title="bbox 510 4946 2083 5018">
    <p class='ocr_par' dir='ltr' id='par_1_97' title="bbox 510 4946 2083 5018">
     <span class='ocr_line' id='line_1_97' title="bbox 510 4946 2083 5018; baseline 0.006 -21"><span class='ocrx_word' id='word_1_756' title='bbox 510 4946 850 5013; x_wconf 87' lang='lat' dir='ltr'><strong>aliorumque</strong></span> <span class='ocrx_word' id='word_1_757' title='bbox 876 4946 1322 5014; x_wconf 88' lang='lat' dir='ltr'><strong>philosophorum</strong></span> <span class='ocrx_word' id='word_1_758' title='bbox 1369 4950 1638 5018; x_wconf 80' lang='lat' dir='ltr'><strong>dialogos.</strong></span> <span class='ocrx_word' id='word_1_759' title='bbox 1680 4949 1833 5015; x_wconf 85' lang='lat' dir='ltr'><strong>Quod</strong></span> <span class='ocrx_word' id='word_1_760' title='bbox 1867 4951 2083 5018; x_wconf 86' lang='lat' dir='ltr'><strong>quidem</strong></span> 
     </span>
    </p>
   </div>
   <div class='ocr_carea' id='block_1_98' title="bbox 507 5036 2086 5105">
    <p class='ocr_par' dir='ltr' id='par_1_98' title="bbox 507 5036 2086 5105">
     <span class='ocr_line' id='line_1_98' title="bbox 507 5036 2086 5105; baseline 0.005 -18"><span class='ocrx_word' id='word_1_761' title='bbox 507 5051 605 5104; x_wconf 81' lang='lat' dir='ltr'><strong>per</strong></span> <span class='ocrx_word' id='word_1_762' title='bbox 641 5052 698 5088; x_wconf 87' lang='lat' dir='ltr'><strong>se</strong></span> <span class='ocrx_word' id='word_1_763' title='bbox 733 5053 835 5089; x_wconf 85' lang='lat' dir='ltr'><strong>non</strong></span> <span class='ocrx_word' id='word_1_764' title='bbox 871 5036 1045 5090; x_wconf 89' lang='lat' dir='ltr'><strong>solum</strong></span> <span class='ocrx_word' id='word_1_765' title='bbox 1082 5037 1438 5105; x_wconf 78' lang='lat' dir='ltr'><strong>improbabile</strong></span> <span class='ocrx_word' id='word_1_766' title='bbox 1472 5049 1551 5092; x_wconf 92' lang='lat' dir='ltr'><strong>cst</strong></span> <span class='ocrx_word' id='word_1_767' title='bbox 1575 5080 1590 5104; x_wconf 95' lang='lat'><strong>,</strong></span> <span class='ocrx_word' id='word_1_768' title='bbox 1628 5040 1722 5092; x_wconf 88' lang='lat' dir='ltr'><strong>sed</strong></span> <span class='ocrx_word' id='word_1_769' title='bbox 1777 5041 1943 5092; x_wconf 87' lang='lat' dir='ltr'><strong>etiam</strong></span> <span class='ocrx_word' id='word_1_770' title='bbox 1992 5044 2086 5095; x_wconf 54' lang='lat' dir='ltr'><strong>ab.</strong></span> 
     </span>
    </p>
   </div>
   <div class='ocr_carea' id='block_1_99' title="bbox 508 5125 2084 5200">
    <p class='ocr_par' dir='ltr' id='par_1_99' title="bbox 508 5125 2084 5200">
     <span class='ocr_line' id='line_1_99' title="bbox 508 5125 2084 5200; baseline 0.003 -20"><span class='ocrx_word' id='word_1_771' title='bbox 508 5128 913 5180; x_wconf 68' lang='lat' dir='ltr'><strong>surdi.simum.</strong></span> <span class='ocrx_word' id='word_1_772' title='bbox 953 5125 1152 5180; x_wconf 78' lang='lat' dir='ltr'><strong>Verum</strong></span> <span class='ocrx_word' id='word_1_773' title='bbox 1185 5139 1241 5182; x_wconf 92' lang='lat' dir='ltr'><strong>ut</strong></span> <span class='ocrx_word' id='word_1_774' title='bbox 1271 5131 1616 5183; x_wconf 86' lang='lat' dir='ltr'><strong>crederemus</strong></span> <span class='ocrx_word' id='word_1_775' title='bbox 1653 5144 1772 5185; x_wconf 89' lang='lat' dir='ltr'><strong>esse</strong></span> <span class='ocrx_word' id='word_1_776' title='bbox 1821 5134 2084 5200; x_wconf 79' lang='lat' dir='ltr'><strong>quosdam</strong></span> 
     </span>
    </p>
   </div>
   <div class='ocr_carea' id='block_1_100' title="bbox 508 5218 2088 5292">
    <p class='ocr_par' dir='ltr' id='par_1_100' title="bbox 508 5218 2088 5292">
     <span class='ocr_line' id='line_1_100' title="bbox 508 5218 2088 5292; baseline 0.006 -25"><span class='ocrx_word' id='word_1_777' title='bbox 508 5218 600 5285; x_wconf 90' lang='lat' dir='ltr'><strong>qui</strong></span> <span class='ocrx_word' id='word_1_778' title='bbox 668 5219 1042 5274; x_wconf 88' lang='lat' dir='ltr'><strong>indistinctam</strong></span> <span class='ocrx_word' id='word_1_779' title='bbox 1111 5221 1293 5274; x_wconf 88' lang='lat' dir='ltr'><strong>avium</strong></span> <span class='ocrx_word' id='word_1_780' title='bbox 1359 5235 1548 5276; x_wconf 81' lang='lat' dir='ltr'><strong>vocem</strong></span> <span class='ocrx_word' id='word_1_781' title='bbox 1626 5223 1966 5292; x_wconf 81' lang='lat' dir='ltr'><strong>intelligant,</strong></span> <span class='ocrx_word' id='word_1_782' title='bbox 2033 5233 2088 5278; x_wconf 92' lang='lat' dir='ltr'><strong>et</strong></span> 
     </span>
    </p>
   </div>
   <div class='ocr_carea' id='block_1_101' title="bbox 584 5337 1087 5407">
    <p class='ocr_par' dir='ltr' id='par_1_101' title="bbox 584 5337 1087 5407">
     <span class='ocr_line' id='line_1_101' title="bbox 584 5337 1087 5407; baseline 0.014 -18"><span class='ocrx_word' id='word_1_783' title='bbox 584 5337 627 5368; x_wconf 78' lang='grc'><strong>⁶⁰</strong></span> <span class='ocrx_word' id='word_1_784' title='bbox 654 5337 829 5393; x_wconf 82' lang='lat' dir='ltr'><strong>Exod.</strong></span> <span class='ocrx_word' id='word_1_785' title='bbox 859 5355 1008 5407; x_wconf 76' lang='lat' dir='ltr'><strong>xxiv,</strong></span> <span class='ocrx_word' id='word_1_786' title='bbox 1029 5341 1087 5396; x_wconf 73' lang='lat'><strong>2.</strong></span> 
     </span>
    </p>
   </div>
   <div class='ocr_carea' id='block_1_102' title="bbox 583 5453 2082 5526">
    <p class='ocr_par' dir='ltr' id='par_1_102' title="bbox 583 5453 2082 5526">
     <span class='ocr_line' id='line_1_102' title="bbox 583 5453 2082 5526; baseline 0.001 -16"><span class='ocrx_word' id='word_1_787' title='bbox 583 5455 696 5526; x_wconf 88' lang='lat'><strong>(7|)</strong></span> <span class='ocrx_word' id='word_1_788' title='bbox 724 5453 1064 5512; x_wconf 68' lang='lat' dir='ltr'><strong>iimschelius</strong></span> <span class='ocrx_word' id='word_1_789' title='bbox 1115 5467 1169 5512; x_wconf 86' lang='lat' dir='ltr'><strong>et</strong></span> <span class='ocrx_word' id='word_1_790' title='bbox 1215 5458 1560 5526; x_wconf 84' lang='lat' dir='ltr'><strong>Spencerns,</strong></span> <span class='ocrx_word' id='word_1_791' title='bbox 1593 5459 1787 5523; x_wconf 77' lang='grc' dir='ltr'>ἀσεϐὲς</span> <span class='ocrx_word' id='word_1_792' title='bbox 1833 5460 1937 5512; x_wconf 82' lang='grc' dir='ltr'>ὑπὸ</span> <span class='ocrx_word' id='word_1_793' title='bbox 1988 5458 2082 5513; x_wconf 87' lang='grc' dir='ltr'><strong>τοῦ</strong></span> 
     </span>
    </p>
   </div>
   <div class='ocr_carea' id='block_1_103' title="bbox 510 5525 2080 5596">
    <p class='ocr_par' dir='ltr' id='par_1_103' title="bbox 510 5525 2080 5596">
     <span class='ocr_line' id='line_1_103' title="bbox 510 5525 2080 5596; baseline 0.004 -18"><span class='ocrx_word' id='word_1_794' title='bbox 510 5525 768 5581; x_wconf 78' lang='grc' dir='ltr'>ἀσέϐειαν</span> <span class='ocrx_word' id='word_1_795' title='bbox 821 5528 1202 5596; x_wconf 79' lang='grc' dir='ltr'>ἐγκαλοῦντος,</span> <span class='ocrx_word' id='word_1_796' title='bbox 1239 5525 1333 5583; x_wconf 77' lang='lat' dir='ltr'><strong>sed</strong></span> <span class='ocrx_word' id='word_1_797' title='bbox 1384 5529 1678 5586; x_wconf 80' lang='lat' dir='ltr'><strong>Philocalia</strong></span> <span class='ocrx_word' id='word_1_798' title='bbox 1720 5542 1778 5585; x_wconf 90' lang='lat' dir='ltr'><strong>ut</strong></span> <span class='ocrx_word' id='word_1_799' title='bbox 1832 5532 1884 5584; x_wconf 87' lang='lat' dir='ltr'><strong>in</strong></span> <span class='ocrx_word' id='word_1_800' title='bbox 1932 5542 2080 5584; x_wconf 83' lang='lat' dir='ltr'><strong>textu</strong></span> 
     </span>
    </p>
   </div>
   <div class='ocr_carea' id='block_1_104' title="bbox 511 5607 2084 5740">
    <p class='ocr_par' dir='ltr' id='par_1_104' title="bbox 511 5607 2084 5740">
     <span class='ocr_line' id='line_1_104' title="bbox 511 5607 2084 5740; baseline 0.003 -22"><span class='ocrx_word' id='word_1_801' title='bbox 511 5607 1024 5736; x_wconf 42' lang='lat' dir='ltr'><strong>n(’(s&#39;i‘rzg&#39;i’hilocalia</strong></span> <span class='ocrx_word' id='word_1_802' title='bbox 1045 5708 1060 5732; x_wconf 94' lang='lat'><strong>,</strong></span> <span class='ocrx_word' id='word_1_803' title='bbox 1089 5669 1399 5740; x_wconf 84' lang='grc' dir='ltr'>προσέχειν.</span> <span class='ocrx_word' id='word_1_804' title='bbox 1433 5670 1772 5727; x_wconf 74' lang='lat' dir='ltr'><strong>Hmschclius</strong></span> <span class='ocrx_word' id='word_1_805' title='bbox 1820 5681 1873 5725; x_wconf 91' lang='lat' dir='ltr'><strong>et</strong></span> <span class='ocrx_word' id='word_1_806' title='bbox 1907 5669 2084 5740; x_wconf 89' lang='lat' dir='ltr'><strong>Spen-</strong></span> 
     </span>
    </p>
   </div>
   <div class='ocr_carea' id='block_1_105' title="bbox 513 5739 1023 5810">
    <p class='ocr_par' dir='ltr' id='par_1_105' title="bbox 513 5739 1023 5810">
     <span class='ocr_line' id='line_1_105' title="bbox 513 5739 1023 5810; baseline 0.002 -20"><span class='ocrx_word' id='word_1_807' title='bbox 513 5752 698 5810; x_wconf 77' lang='lat' dir='ltr'><strong>cct&#39;tts,</strong></span> <span class='ocrx_word' id='word_1_808' title='bbox 722 5739 1023 5810; x_wconf 85' lang='grc' dir='ltr'>προσέχων.</span> 
     </span>
    </p>
   </div>
   <div class='ocr_carea' id='block_1_106' title="bbox 562 5807 2082 5886">
    <p class='ocr_par' dir='ltr' id='par_1_106' title="bbox 562 5807 2082 5886">
     <span class='ocr_line' id='line_1_106' title="bbox 562 5807 2082 5886; baseline -0.001 -25"><span class='ocrx_word' id='word_1_809' title='bbox 562 5807 696 5886; x_wconf 35' lang='lat'><strong>“(73)</strong></span> <span class='ocrx_word' id='word_1_810' title='bbox 742 5807 1080 5865; x_wconf 71' lang='lat' dir='ltr'><strong>llwschelius</strong></span> <span class='ocrx_word' id='word_1_811' title='bbox 1100 5819 1153 5864; x_wconf 88' lang='lat' dir='ltr'><strong>et</strong></span> <span class='ocrx_word' id='word_1_812' title='bbox 1183 5811 1489 5881; x_wconf 76' lang='lat' dir='ltr'><strong>Speucerus</strong></span> <span class='ocrx_word' id='word_1_813' title='bbox 1527 5813 1578 5866; x_wconf 91' lang='lat' dir='ltr'><strong>in</strong></span> <span class='ocrx_word' id='word_1_814' title='bbox 1613 5811 1876 5882; x_wconf 79' lang='lat' dir='ltr'><strong>margine,</strong></span> <span class='ocrx_word' id='word_1_815' title='bbox 1913 5809 2082 5864; x_wconf 63' lang='grc' dir='ltr'>θές-λι).</span> 
     </span>
    </p>
   </div>
   <div class='ocr_carea' id='block_1_107' title="bbox 510 5890 644 5951">
    <p class='ocr_par' dir='ltr' id='par_1_107' title="bbox 510 5890 644 5951">
     <span class='ocr_line' id='line_1_107' title="bbox 510 5890 644 5951; baseline -0.015 -16"><span class='ocrx_word' id='word_1_816' title='bbox 510 5890 644 5951; x_wconf 77' lang='grc' dir='ltr'>των.</span> 
     </span>
    </p>
   </div>
   <div class='ocr_carea' id='block_1_108' title="bbox 2194 4665 3733 4745">
    <p class='ocr_par' dir='ltr' id='par_1_108' title="bbox 2194 4665 3733 4745">
     <span class='ocr_line' id='line_1_108' title="bbox 2194 4665 3733 4745; baseline -0.009 -19"><span class='ocrx_word' id='word_1_817' title='bbox 2194 4673 2333 4745; x_wconf 79' lang='grc' dir='ltr'>ὑπὲρ</span> <span class='ocrx_word' id='word_1_818' title='bbox 2361 4670 2453 4724; x_wconf 90' lang='grc' dir='ltr'><strong>τοῦ</strong></span> <span class='ocrx_word' id='word_1_819' title='bbox 2489 4670 2739 4736; x_wconf 78' lang='grc' dir='ltr'>ἐξετάσαι</span> <span class='ocrx_word' id='word_1_820' title='bbox 2763 4668 2832 4721; x_wconf 77' lang='grc' dir='ltr'>τὰ</span> <span class='ocrx_word' id='word_1_821' title='bbox 2866 4667 3072 4722; x_wconf 85' lang='grc' dir='ltr'>Κέλσου</span> <span class='ocrx_word' id='word_1_822' title='bbox 3105 4667 3242 4738; x_wconf 85' lang='grc'><strong>(76),</strong></span> <span class='ocrx_word' id='word_1_823' title='bbox 3283 4665 3596 4721; x_wconf 76' lang='grc' dir='ltr'>τάκόλουθον</span> <span class='ocrx_word' id='word_1_824' title='bbox 3629 4679 3733 4714; x_wconf 68' lang='lat' dir='ltr'><strong>rm-</strong></span> 
     </span>
    </p>
   </div>
   <div class='ocr_carea' id='block_1_109' title="bbox 2193 4752 3736 4836">
    <p class='ocr_par' dir='ltr' id='par_1_109' title="bbox 2193 4752 3736 4836">
     <span class='ocr_line' id='line_1_109' title="bbox 2193 4752 3736 4836; baseline -0.012 -16"><span class='ocrx_word' id='word_1_825' title='bbox 2193 4767 2422 4836; x_wconf 87' lang='grc' dir='ltr'>ποῦμεν,</span> <span class='ocrx_word' id='word_1_826' title='bbox 2463 4763 2624 4832; x_wconf 76' lang='grc' dir='ltr'>δῆλον</span> <span class='ocrx_word' id='word_1_827' title='bbox 2647 4763 2728 4814; x_wconf 79' lang='grc' dir='ltr'>ὅτι</span> <span class='ocrx_word' id='word_1_828' title='bbox 2763 4761 2882 4814; x_wconf 81' lang='grc' dir='ltr'>κατ’</span> <span class='ocrx_word' id='word_1_829' title='bbox 2906 4759 3065 4812; x_wconf 77' lang='grc' dir='ltr'>αὑτὸν</span> <span class='ocrx_word' id='word_1_830' title='bbox 3099 4758 3384 4828; x_wconf 85' lang='grc' dir='ltr'>ἱερώτεραι</span> <span class='ocrx_word' id='word_1_831' title='bbox 3421 4757 3523 4810; x_wconf 84' lang='grc' dir='ltr'><strong>τῶν</strong></span> <span class='ocrx_word' id='word_1_832' title='bbox 3549 4752 3736 4824; x_wconf 68' lang='grc' dir='ltr'>σεμνῷν</span> 
     </span>
    </p>
   </div>
   <div class='ocr_carea' id='block_1_110' title="bbox 2191 4845 3738 4929">
    <p class='ocr_par' dir='ltr' id='par_1_110' title="bbox 2191 4845 3738 4929">
     <span class='ocr_line' id='line_1_110' title="bbox 2191 4845 3738 4929; baseline -0.005 -19"><span class='ocrx_word' id='word_1_833' title='bbox 2191 4857 2525 4929; x_wconf 79' lang='grc' dir='ltr'>Φερεκύδου,</span> <span class='ocrx_word' id='word_1_834' title='bbox 2579 4855 2672 4908; x_wconf 73' lang='grc' dir='ltr'><strong>καὶ</strong></span> <span class='ocrx_word' id='word_1_835' title='bbox 2719 4852 3064 4923; x_wconf 84' lang='grc' dir='ltr'>Πυθαγόρου,</span> <span class='ocrx_word' id='word_1_836' title='bbox 3111 4852 3207 4906; x_wconf 76' lang='grc' dir='ltr'><strong>καὶ</strong></span> <span class='ocrx_word' id='word_1_837' title='bbox 3262 4851 3610 4922; x_wconf 75' lang='grc' dir='ltr'>Σωκράτους,</span> <span class='ocrx_word' id='word_1_838' title='bbox 3663 4845 3738 4897; x_wconf 64' lang='grc' dir='ltr'>καὶ</span> 
     </span>
    </p>
   </div>
   <div class='ocr_carea' id='block_1_111' title="bbox 2195 4934 3736 5014">
    <p class='ocr_par' dir='ltr' id='par_1_111' title="bbox 2195 4934 3736 5014">
     <span class='ocr_line' id='line_1_111' title="bbox 2195 4934 3736 5014; baseline -0.007 -12"><span class='ocrx_word' id='word_1_839' title='bbox 2195 4950 2496 5010; x_wconf 74' lang='grc' dir='ltr'>Πλάτωνος,</span> <span class='ocrx_word' id='word_1_840' title='bbox 2534 4947 2625 4999; x_wconf 69' lang='grc' dir='ltr'>καὶ</span> <span class='ocrx_word' id='word_1_841' title='bbox 2649 4945 2757 4998; x_wconf 82' lang='grc' dir='ltr'><strong>τῶν</strong></span> <span class='ocrx_word' id='word_1_842' title='bbox 2796 4943 3098 5014; x_wconf 71' lang='grc' dir='ltr'>φιλοσόφων</span> <span class='ocrx_word' id='word_1_843' title='bbox 3113 4943 3341 5014; x_wconf 74' lang='grc' dir='ltr'>ὁμιλιῶν</span> <span class='ocrx_word' id='word_1_844' title='bbox 3375 4945 3507 4995; x_wconf 85' lang='grc' dir='ltr'>εἰσιν</span> <span class='ocrx_word' id='word_1_845' title='bbox 3564 4942 3616 4992; x_wconf 76' lang='grc' dir='ltr'>αἱ</span> <span class='ocrx_word' id='word_1_846' title='bbox 3646 4934 3736 4990; x_wconf 71' lang='grc' dir='ltr'>τῶν</span> 
     </span>
    </p>
   </div>
   <div class='ocr_carea' id='block_1_112' title="bbox 2194 5032 3735 5109">
    <p class='ocr_par' dir='ltr' id='par_1_112' title="bbox 2194 5032 3735 5109">
     <span class='ocr_line' id='line_1_112' title="bbox 2194 5032 3735 5109; baseline -0.008 -16"><span class='ocrx_word' id='word_1_847' title='bbox 2194 5043 2400 5109; x_wconf 80' lang='grc' dir='ltr'>ἀλόγων</span> <span class='ocrx_word' id='word_1_848' title='bbox 2427 5038 2596 5104; x_wconf 81' lang='grc' dir='ltr'>ζώων·</span> <span class='ocrx_word' id='word_1_849' title='bbox 2636 5040 2772 5109; x_wconf 82' lang='grc' dir='ltr'>ὅπερ</span> <span class='ocrx_word' id='word_1_850' title='bbox 2798 5037 2914 5090; x_wconf 73' lang='grc' dir='ltr'>ἐστὶ</span> <span class='ocrx_word' id='word_1_851' title='bbox 2943 5037 3038 5090; x_wconf 77' lang='grc' dir='ltr'>καὶ</span> <span class='ocrx_word' id='word_1_852' title='bbox 3063 5035 3287 5089; x_wconf 81' lang='grc' dir='ltr'>αὐτόθεν</span> <span class='ocrx_word' id='word_1_853' title='bbox 3308 5035 3368 5088; x_wconf 85' lang='grc' dir='ltr'>οὺ</span> <span class='ocrx_word' id='word_1_854' title='bbox 3399 5035 3550 5105; x_wconf 86' lang='grc' dir='ltr'>μόνον</span> <span class='ocrx_word' id='word_1_855' title='bbox 3575 5032 3735 5096; x_wconf 74' lang='grc' dir='ltr'>ἀπεμο</span> 
     </span>
    </p>
   </div>
   <div class='ocr_carea' id='block_1_113' title="bbox 2195 5121 3741 5200">
    <p class='ocr_par' dir='ltr' id='par_1_113' title="bbox 2195 5121 3741 5200">
     <span class='ocr_line' id='line_1_113' title="bbox 2195 5121 3741 5200; baseline -0.01 -16"><span class='ocrx_word' id='word_1_856' title='bbox 2195 5135 2399 5200; x_wconf 70' lang='grc' dir='ltr'>φαῖνον,</span> <span class='ocrx_word' id='word_1_857' title='bbox 2427 5129 2561 5182; x_wconf 88' lang='grc' dir='ltr'><strong>ἀλλά</strong></span> <span class='ocrx_word' id='word_1_858' title='bbox 2589 5129 2684 5182; x_wconf 73' lang='grc' dir='ltr'><strong>καὶ</strong></span> <span class='ocrx_word' id='word_1_859' title='bbox 2714 5125 3079 5182; x_wconf 85' lang='grc' dir='ltr'>ἀτοπώτατον.</span> <span class='ocrx_word' id='word_1_860' title='bbox 3113 5127 3232 5179; x_wconf 82' lang='grc' dir='ltr'>Ἵνα</span> <span class='ocrx_word' id='word_1_861' title='bbox 3261 5125 3318 5180; x_wconf 82' lang='grc' dir='ltr'>δὲ</span> <span class='ocrx_word' id='word_1_862' title='bbox 3353 5127 3446 5179; x_wconf 76' lang='grc' dir='ltr'>καὶ</span> <span class='ocrx_word' id='word_1_863' title='bbox 3474 5121 3741 5176; x_wconf 76' lang='grc' dir='ltr'>πιστεύσω-</span> 
     </span>
    </p>
   </div>
   <div class='ocr_carea' id='block_1_114' title="bbox 2199 5212 3740 5296">
    <p class='ocr_par' dir='ltr' id='par_1_114' title="bbox 2199 5212 3740 5296">
     <span class='ocr_line' id='line_1_114' title="bbox 2199 5212 3740 5296; baseline -0.01 -19"><span class='ocrx_word' id='word_1_864' title='bbox 2199 5241 2293 5294; x_wconf 89' lang='grc' dir='ltr'><strong>μεν</strong></span> <span class='ocrx_word' id='word_1_865' title='bbox 2315 5222 2467 5286; x_wconf 75' lang='grc' dir='ltr'>τινὰς</span> <span class='ocrx_word' id='word_1_866' title='bbox 2490 5223 2553 5274; x_wconf 80' lang='grc' dir='ltr'>ὲκ</span> <span class='ocrx_word' id='word_1_867' title='bbox 2577 5221 2676 5296; x_wconf 77' lang='grc' dir='ltr'>τῆς</span> <span class='ocrx_word' id='word_1_868' title='bbox 2707 5221 2920 5291; x_wconf 83' lang='grc' dir='ltr'>ἀσήμου</span> <span class='ocrx_word' id='word_1_869' title='bbox 2959 5217 3144 5288; x_wconf 76' lang='grc' dir='ltr'>φωνῆς</span> <span class='ocrx_word' id='word_1_870' title='bbox 3171 5218 3281 5271; x_wconf 85' lang='grc' dir='ltr'><strong>τῶν</strong></span> <span class='ocrx_word' id='word_1_871' title='bbox 3315 5217 3537 5290; x_wconf 81' lang='grc' dir='ltr'>ὀρνίθων</span> <span class='ocrx_word' id='word_1_872' title='bbox 3563 5212 3740 5286; x_wconf 79' lang='grc' dir='ltr'>μαθόν-</span> 
     </span>
    </p>
   </div>
   <div class='ocr_carea' id='block_1_115' title="bbox 2264 5447 3744 5525">
    <p class='ocr_par' dir='ltr' id='par_1_115' title="bbox 2264 5447 3744 5525">
     <span class='ocr_line' id='line_1_115' title="bbox 2264 5447 3744 5525; baseline -0.009 -14"><span class='ocrx_word' id='word_1_873' title='bbox 2264 5460 2374 5525; x_wconf 71' lang='grc' dir='ltr'>(τι)</span> <span class='ocrx_word' id='word_1_874' title='bbox 2416 5456 2723 5521; x_wconf 69' lang='grc' dir='ltr'>Δηλονότι.</span> <span class='ocrx_word' id='word_1_875' title='bbox 2745 5455 3086 5510; x_wconf 73' lang='lat' dir='ltr'><strong>limsehelius</strong></span> <span class='ocrx_word' id='word_1_876' title='bbox 3113 5451 3493 5525; x_wconf 68' lang='lat' dir='ltr'><strong>etSpencertts</strong></span> <span class='ocrx_word' id='word_1_877' title='bbox 3511 5449 3612 5525; x_wconf 77' lang='lat' dir='ltr'><strong>hoc</strong></span> <span class='ocrx_word' id='word_1_878' title='bbox 3640 5447 3744 5498; x_wconf 82' lang='lat' dir='ltr'><strong>loco</strong></span> 
     </span>
    </p>
   </div>
   <div class='ocr_carea' id='block_1_116' title="bbox 2193 5519 3742 5596">
    <p class='ocr_par' dir='ltr' id='par_1_116' title="bbox 2193 5519 3742 5596">
     <span class='ocr_line' id='line_1_116' title="bbox 2193 5519 3742 5596; baseline -0.003 -14"><span class='ocrx_word' id='word_1_879' title='bbox 2193 5519 2413 5586; x_wconf 76' lang='lat' dir='ltr'><strong>habent.</strong></span> <span class='ocrx_word' id='word_1_880' title='bbox 2447 5519 2606 5596; x_wconf 77' lang='grc' dir='ltr'>δῆλον</span> <span class='ocrx_word' id='word_1_881' title='bbox 2643 5528 2746 5592; x_wconf 77' lang='grc' dir='ltr'>ὅτι,</span> <span class='ocrx_word' id='word_1_882' title='bbox 2783 5528 2997 5581; x_wconf 85' lang='lat' dir='ltr'><strong>tametsi</strong></span> <span class='ocrx_word' id='word_1_883' title='bbox 3033 5519 3404 5594; x_wconf 44' lang='lat' dir='ltr'><strong>supra,&#39;nutn.</strong></span> <span class='ocrx_word' id='word_1_884' title='bbox 3432 5520 3518 5586; x_wconf 88' lang='lat'><strong>88,</strong></span> <span class='ocrx_word' id='word_1_885' title='bbox 3551 5519 3742 5588; x_wconf 68' lang='lat' dir='ltr'><strong>legum.</strong></span> 
     </span>
    </p>
   </div>
   <div class='ocr_carea' id='block_1_117' title="bbox 2189 5599 2448 5669">
    <p class='ocr_par' dir='ltr' id='par_1_117' title="bbox 2189 5599 2448 5669">
     <span class='ocr_line' id='line_1_117' title="bbox 2189 5599 2448 5669; baseline -0.012 -18"><span class='ocrx_word' id='word_1_886' title='bbox 2189 5599 2448 5669; x_wconf 67' lang='grc' dir='ltr'>δηλονότι.</span> 
     </span>
    </p>
   </div>
   <div class='ocr_carea' id='block_1_118' title="bbox 2263 5656 3744 5739">
    <p class='ocr_par' dir='ltr' id='par_1_118' title="bbox 2263 5656 3744 5739">
     <span class='ocr_line' id='line_1_118' title="bbox 2263 5656 3744 5739; baseline -0.005 -17"><span class='ocrx_word' id='word_1_887' title='bbox 2263 5669 2373 5739; x_wconf 69' lang='lat'><strong>(75)</strong></span> <span class='ocrx_word' id='word_1_888' title='bbox 2418 5669 2538 5718; x_wconf 83' lang='grc' dir='ltr'>Ὅτι</span> <span class='ocrx_word' id='word_1_889' title='bbox 2564 5666 2673 5719; x_wconf 83' lang='grc' dir='ltr'>οὐκ</span> <span class='ocrx_word' id='word_1_890' title='bbox 2695 5667 3048 5739; x_wconf 68' lang='grc' dir='ltr'>ἀγνοοῦσιν.</span> <span class='ocrx_word' id='word_1_891' title='bbox 3091 5665 3267 5739; x_wconf 69' lang='lat' dir='ltr'><strong>supra</strong></span> <span class='ocrx_word' id='word_1_892' title='bbox 3305 5659 3643 5739; x_wconf 83' lang='lat' dir='ltr'><strong>n_tt_tt_tero__88</strong></span> <span class='ocrx_word' id='word_1_893' title='bbox 3673 5656 3744 5739; x_wconf 63' lang='grc' dir='ltr'><strong>[θ’</strong></span> 
     </span>
    </p>
   </div>
   <div class='ocr_carea' id='block_1_119' title="bbox 2191 5725 3744 5809">
    <p class='ocr_par' dir='ltr' id='par_1_119' title="bbox 2191 5725 3744 5809">
     <span class='ocr_line' id='line_1_119' title="bbox 2191 5725 3744 5809; baseline -0.005 -21"><span class='ocrx_word' id='word_1_894' title='bbox 2191 5725 2465 5805; x_wconf 50' lang='grc' dir='ltr'>ςὶιὶιιίὸτι</span> <span class='ocrx_word' id='word_1_895' title='bbox 2510 5725 2884 5809; x_wconf 69' lang='grc' dir='ltr'>γνωρίζουσιν.</span> <span class='ocrx_word' id='word_1_896' title='bbox 2926 5738 3090 5791; x_wconf 83' lang='lat' dir='ltr'><strong>Paulo</strong></span> <span class='ocrx_word' id='word_1_897' title='bbox 3134 5725 3275 5788; x_wconf 80' lang='lat' dir='ltr'><strong>infra</strong></span> <span class='ocrx_word' id='word_1_898' title='bbox 3323 5731 3640 5794; x_wconf 81' lang='lat' dir='ltr'><strong>Philocalia,</strong></span> <span class='ocrx_word' id='word_1_899' title='bbox 3670 5725 3744 5781; x_wconf 71' lang='grc' dir='ltr'>ὅτι</span> 
     </span>
    </p>
   </div>
   <div class='ocr_carea' id='block_1_120' title="bbox 2189 5809 2537 5862">
    <p class='ocr_par' dir='ltr' id='par_1_120' title="bbox 2189 5809 2537 5862">
     <span class='ocr_line' id='line_1_120' title="bbox 2189 5809 2537 5862; baseline -0.003 -1"><span class='ocrx_word' id='word_1_900' title='bbox 2189 5809 2380 5862; x_wconf 79' lang='grc' dir='ltr'>ἀπίασί</span> <span class='ocrx_word' id='word_1_901' title='bbox 2412 5824 2537 5860; x_wconf 89' lang='grc' dir='ltr'>που.</span> 
     </span>
    </p>
   </div>
   <div class='ocr_carea' id='block_1_121' title="bbox 2264 5873 3434 5952">
    <p class='ocr_par' dir='ltr' id='par_1_121' title="bbox 2264 5873 3434 5952">
     <span class='ocr_line' id='line_1_121' title="bbox 2264 5873 3434 5952; baseline -0.005 -20"><span class='ocrx_word' id='word_1_902' title='bbox 2264 5881 2371 5952; x_wconf 79' lang='lat' dir='ltr'><strong>(7h)</strong></span> <span class='ocrx_word' id='word_1_903' title='bbox 2413 5877 2751 5943; x_wconf 66' lang='lat' dir='ltr'><strong>llmscbelius</strong></span> <span class='ocrx_word' id='word_1_904' title='bbox 2782 5878 2833 5932; x_wconf 90' lang='lat' dir='ltr'><strong>itt</strong></span> <span class='ocrx_word' id='word_1_905' title='bbox 2873 5885 3042 5945; x_wconf 69' lang='lat' dir='ltr'><strong>textu,</strong></span> <span class='ocrx_word' id='word_1_906' title='bbox 3080 5874 3170 5929; x_wconf 83' lang='grc' dir='ltr'><strong>τοῦ</strong></span> <span class='ocrx_word' id='word_1_907' title='bbox 3209 5873 3434 5928; x_wconf 83' lang='grc' dir='ltr'>Κέλσου.</span> 
     </span>
    </p>
   </div>
  </div>
