3840 6412
269 314 386 372 m7

1355 311 1638 370 CONTRA
1671 315 1950 372 CELSUM
1989 317 2118 372 LIB.
2157 313 2247 372 Ν.

3347 323 3486 380 1178

264 449 366 496 τας,
386 431 463 484 ὅτι
485 426 678 510 ἀπίασί
707 444 794 480 ποι
811 425 859 479 οἱ
879 425 1106 498 δρνιθες,
1131 427 1226 507 και
1247 430 1531 501 ποιήσουσι
1558 431 1679 486 τόδε
1701 432 1801 503 (77]

1919 447 2038 486 eam
2091 432 2160 486 ob
2205 446 2318 487 rem
2373 430 2684 502 significent
2720 447 2826 502 quo
2875 431 3200 502 profecturae
3250 440 3305 490 et
3357 437 3489 506 quid

260 523 430 597 ῆτόδε,
460 519 778 592 προδηλοῦνο
807 519 898 572 καὶ
920 518 1062 571 τοῦτ’
1093 519 1325 590 ἐροῦμεν
1362 523 1469 576 ἀπὸ
1492 523 1601 578 τῶν
1633 523 1817 594 δαιμό-

259 636 350 690 νων
386 613 720 686 συμϐολικῶς
736 611 1040 684 ἀνθρώποις
1062 612 1410 682 δεδηλῶσθαι,
1438 615 1582 669 κατὰ
1613 617 1814 669 σκοπὸν

257 712 335 765 τὸν
370 711 489 782 περὶ
520 708 618 762 τοῦ
653 707 995 779 ἀπατηθῆναι
1038 708 1143 762 ὑπὸ
1181 709 1289 763 τῶν
1315 710 1584 782 δαιμόνων
1607 713 1700 765 τὸν
1729 711 1817 766 ἄν·

257 804 483 874 θρωπον,
519 801 614 854 καὶ
665 797 1112 871 κατασπασθῆναι
1145 799 1308 852 αὑτοῦ
1341 801 1431 854 τὸν
1464 800 1588 855 νοῦν
1613 803 1708 856 ἀπ’
1733 801 1817 855 οὐ·

260 891 406 964 ρανοῦ
425 891 516 944 καί⁸
535 889 672 944 Θεοῦ
701 890 793 944 ἐπὶ⁸
816 889 920 958 γῆν
945 889 1038 942 κα)⁸
1060 889 1129 943 τὰ
1156 889 1236 943 ἔτι
1270 892 1584 964 κατωτέρω.

317 985 420 1038 Οὐκ
442 981 556 1037 οἶδα
571 983 616 1036 δ’
629 983 779 1046 ὅπως
796 984 824 1034 ὁ
841 980 1045 1045 Κέλσος
1068 981 1161 1034 καὶ
1179 983 1345 1054 ὅρκου
1368 984 1678 1054 ἐλεφάντων
1697 984 1809 1056 (78)

251 1078 448 1146 ἢκουσε,
488 1076 582 1128 καὶ
615 1076 699 1128 ὅτι
736 1075 871 1128 εἰσιν
897 1067 1039 1127 οὗτοι
1065 1074 1369 1146 πιστότεροι
1393 1078 1530 1149 πρὸς
1557 1077 1618 1130 τὸ
1658 1077 1812 1131 Θεϊον

249 1167 407 1237 ἡμῶν,
435 1168 525 1219 καὶ
555 1166 756 1236 γνῶσιν
786 1166 966 1238 ἔχουσι
1014 1172 1108 1225 τοῦ
1135 1173 1291 1226 Θεοῦ.
1329 1170 1470 1240 Ἐγὼ
1499 1169 1609 1241 γὰρ
1642 1168 1813 1223 πολλὰ

251 1261 337 1328 μὲν
358 1260 446 1311 καὶ
467 1258 759 1329 θαυμαστὰ
782 1256 898 1314 οἴδα
922 1264 1049 1335 περὶ
1072 1265 1172 1334 τῆς
1206 1264 1419 1334 φύσεως
1443 1261 1536 1315 τοῦ
1561 1261 1700 1326 ζώου
1718 1260 1811 1314 καὶ

245 1353 336 1421 τῆς
369 1351 706 1422 ἡμερότητος
730 1354 1107 1425 ἱστορούμενα,
1131 1358 1190 1409 οὐ
1229 1357 1336 1427 μὴν
1357 1356 1449 1408 καὶ
1478 1354 1605 1424 περ).
1633 1354 1811 1424 ὅρκων

246 1444 513 1512 ἐλέφαντος
538 1443 756 1498 σύνοιδα
785 1446 1034 1516 εἰρῆσθαι
1063 1450 1211 1519 παρά
1236 1465 1360 1500 τινι.
1403 1447 1466 1498 Εἰ
1503 1445 1576 1516 μὴ
1618 1445 1725 1517 ἄρα
1749 1445 1809 1498 τὸ

242 1537 446 1605 ἥμερον,
473 1536 566 1588 καὶ
589 1535 688 1607 τὴν
716 1537 955 1609 ὡσπερεὶ
976 1539 1112 1609 πρὸς
1136 1538 1455 1609 ἀνθρώπους
1483 1536 1661 1590 αὐτῶν
1683 1553 1807 1589 συν-

243 1627 403 1698 θήκην
437 1627 584 1692 ἅπαξ
619 1629 929 1700 γενομένων
956 1631 1068 1701 (79)
1093 1631 1182 1683 ὑπ’
1214 1632 1414 1694 αὐτοῖς,
1446 1629 1700 1701 εὐορκίαν
1723 1646 1807 1699 τη-

241 1720 487 1792 ρουμένην
519 1722 822 1792 ὠνόμασεν,
860 1724 994 1795 amp
1022 1725 1112 1776 καὶ
1139 1725 1271 1776 αὐτὸ
1299 1721 1490 1791 ψεῦδός
1529 1725 1697 1774 ἐστιν.
1745 1721 1807 1773 ΕΞ

1920 523 2148 578 facturae
2204 523 2376 578 sint:
2439 524 2541 578 hoc
2612 523 2774 578 etiam
2837 524 3080 578 dicemus
3140 540 3167 576 a
3231 524 3488 581 daemoni-

1919 617 2020 671 bus
2069 631 2168 684 per
2195 616 2347 686 signa
2377 615 2605 670 indicari
2648 615 2994 682 hominibus;
3030 617 3192 687 idque
3245 632 3309 673 eo
3351 633 3490 674 con-

1917 708 2063 774 silio,
2104 717 2163 761 ut
2212 709 2459 762 homines
2503 707 2798 778 decipiant,
2837 718 2892 762 et
2938 719 3172 764 mentem
3215 716 3402 766 eurum
3453 726 3487 768 a

1916 800 2056 855 cmlo
2084 800 2306 870 Deoque
2343 800 2584 857 avulsam
2612 802 2665 856 in
2701 810 2899 856 terram
2928 811 2981 857 et
3019 801 3246 858 inferius
3289 802 3487 873 praeci-

1916 893 2110 962 pitent.

1988 983 2078 1037 98.
2107 982 2437 1050 Elephantos
2461 981 2664 1051 jnrare,
2711 997 2836 1052 erga
2867 981 3037 1038 Deum
3066 983 3339 1040 fideliores
3363 998 3486 1040 esse

1917 1077 2096 1140 nobis,
2125 1077 2324 1132 habere
2351 1077 2440 1131 Dei
2465 1075 2760 1136 notionem.
2792 1078 2975 1132 nescio
3004 1078 3145 1131 unde
3177 1075 3367 1131 Celsus
3389 1091 3484 1130 ac-

1914 1170 2140 1238 ceperit.
2173 1169 2283 1238 Ego
2317 1169 2462 1223 enim
2486 1169 2650 1223 multa
2677 1169 2892 1238 quidem
2917 1179 2970 1223 et
2995 1169 3223 1224 mirifica
3257 1170 3378 1222 novi
3417 1168 3483 1224 dc

1914 1269 2105 1313 natura
2133 1259 2291 1329 hujus
2316 1261 2607 1314 animantis
2634 1260 2859 1329 ejusque
2885 1261 3295 1312 mansuetudine
3319 1258 3486 1313 fuisse

1916 1352 2151 1414 tradita;
2191 1359 2248 1406 at
2283 1351 2348 1404 de
2383 1351 2500 1418 ejus
2546 1351 2874 1419 juramentis
2915 1350 3118 1402 nullum
3148 1351 3332 1403 videre
3364 1363 3475 1402 me-

1913 1444 2068 1508 mini,
2093 1444 2185 1514 qui
2217 1445 2549 1498 mentionem
2590 1442 2799 1496 fecerit.
2833 1441 2945 1495 Nisi
2988 1441 3125 1494 forte
3162 1449 3478 1494 mansuetu-

1913 1536 2091 1590 dinem
2123 1550 2308 1589 eorum
2341 1546 2393 1588 et
2413 1535 2564 1602 quasi
2590 1534 2766 1588 fmdus
2794 1533 2860 1587 ab
2892 1533 2994 1588 illis
3023 1547 3142 1587 cum
3168 1529 3480 1585 hominibus

1910 1626 2128 1688 initutn,
2157 1624 2247 1678 ubi
2280 1622 2448 1677 semel
2474 1623 2552 1677 eis
2584 1622 2786 1678 subditi
2818 1631 2964 1686 sunt,
2987 1619 3280 1688 juramenti
3318 1617 3476 1671 fidem

1914 1720 2165 1790 appellet.
2217 1717 2322 1774 Sed
2376 1733 2443 1773 ne
2488 1719 2538 1772 id
2569 1719 2784 1787 quidem
2834 1731 3021 1771 verum
3063 1724 3167 1770 est.
3211 1712 3345 1767 Natu
3373 1712 3480 1767 etsi

369 1785 643 1876 σπανίως,
681 1811 797 1864 ἀλλ’
831 1810 923 1866 οὖν
964 1785 1037 1882 ’γε
1082 1785 1394 1885 ἱστόρηται,
1435 1814 1516 1865 ὅτι
1553 1812 1688 1884 μετὰ
1710 1812 1801 1884 τὴν

1914 1829 2060 1877 raro,
2097 1827 2482 1882 nonnunquam
2532 1821 2710 1865 tamen
2748 1809 2912 1880 576
2953 1809 3220 1863 accidisse
3271 1807 3473 1869 fertur,

237 1901 480 1956 δοκοῦσαν
511 1903 830 1975 ἡμερότητα
867 1904 1280 1977 ἐξηγριώθησαν
1326 1906 1620 1974 ἐλέφαντες
1666 1906 1805 1960 κατὰ

236 1994 331 2046 τῶν
359 1993 681 2067 ἀνθρώπων,
727 1996 822 2050 καὶ
864 1997 1058 2066 φόνους
1094 1999 1355 2069 ἐποίησαν
1388 1998 1533 2065 (80),
1577 1999 1670 2051 καὶ
1715 1998 1804 2051 διὰ

235 2086 378 2139 τοῦτο
399 2087 871 2160 κατεδικάσθησαν
896 2091 1272 2161 ἀναιρεθῆναι,
1293 2091 1370 2154 ὡς
1402 2091 1582 2144 οὐκέτι
1620 2074 1809 2163 χρήσι-

238 2195 333 2246 μοι.
374 2179 523 2232 Ἐπεὶ
550 2179 608 2232 δὲ
622 2180 1044 2252 παραλαμϐάνει
1064 2181 1202 2252 μετὰ
1229 2181 1420 2245 ταῦτα,
1448 2184 1529 2246 εἰς
1555 2183 1615 2235 τὸ
1634 2200 1805 2236 κατα-

236 2269 478 2322 σκευάσαι
498 2269 598 2340 (ὡς
617 2271 832 2340 οἴεται),
852 2273 1268 2344 εὐσεϐεστέρους
1287 2269 1426 2326 εἶναι
1456 2275 1581 2336 τοὺς
1604 2273 1803 2348 πελαρ-

234 2359 348 2425 γοὺς
362 2359 887 2431 τῶνάνθρώπων,τὰ
910 2362 1146 2433 περὶτοῦ
1169 2362 1307 2427 ζώου
1336 2363 1688 2435 ἱστορούμενα
1720 2367 1807 2419 ἀν·-

233 2451 692 2523 τιπελαργοῦντος,
708 2455 800 2506 καὶ
816 2455 1022 2525 τροφάς
1040 2455 1293 2526 φέροντος
1307 2459 1417 2519 τοῖς
1434 2458 1800 2526 γεγεννηκόσι·

232 2542 451 2609 λεκτέον,
469 2547 554 2598 ὃτι
565 2546 664 2598 καὶ
686 2545 831 2598 τοῦτ’
851 2547 950 2599 οὐκ
967 2548 1076 2600 ἀπὸ
1097 2546 1448 2618 θεωρήματος
1462 2549 1555 2601 τοῦ
1569 2566 1635 2600 πε
1646 2549 1696 2617 pi.
1710 2548 1803 2602 τοῦ

231 2636 546 2707 καθήκοντος
563 2635 816 2689 ποιοῦσιν
848 2639 895 2689 οἱ
922 2637 1204 2708 πελαργοὶ,
1244 2638 1351 2690 οὐδ’
1378 2639 1486 2692 ἀπὸ
1511 2638 1800 2710 λογισμοῦ,

231 2724 332 2777 ἀλλ’
355 2726 459 2778 ἀπὸ
493 2725 744 2794 φύσεως,
785 2727 1144 2798 βουληθείσης
1174 2730 1273 2800 τῆς
1295 2729 1805 2802 κατασκευαζούσης

229 2816 408 2879 αὐτοὺς
439 2816 661 2886 φύσεως
678 2818 1027 2890 παράδειγμα
1051 2820 1103 2871 ἐν
1125 2820 1339 2888 ἀλόγοις
1365 2819 1522 2886 ζώοις
1556 2823 1805 2895 δυσωπῆ-

229 2921 309 2956 σαι
331 2906 436 2974 (81)
459 2906 764 2976 δυνάμενον
791 2906 1113 2976 ἀνθρώπους
1141 2909 1394 2964 ἐκθέσθαι
1433 2913 1563 2983 περὶ
1593 2913 1686 2966 τοῦ
1716 2915 1807 2984 χά-

227 3013 368 3066 ριτας
385 2997 732 3051 άποτιννύειν
750 3002 863 3063 τοῖς
883 3002 1288 3072 γεγεννηκόσιν.
1307 3003 1368 3055 ΕΞ
1387 3004 1444 3057 δὲ
1463 3004 1580 3075 ᾔδει
1598 3006 1804 3070 Κέλσος

222 3087 322 3159 ὅσῳ
351 3089 604 3160 διαφέρει
644 3088 789 3160 λόγῳ
829 3090 998 3144 ταῦτα
1053 3094 1225 3145 ποιεῖν
1260 3091 1357 3145 τοῦ
1401 3093 1612 3164 ἀλόγως
1658 3095 1802 3149 αὐτὰ
1829 3121 1872 3178 C

222 3181 304 3234 καὶ
325 3183 573 3251 φυσικῶς
601 3185 866 3254 ἐνεργεῖν,
898 3184 996 3236 οὐκ
1014 3183 1078 3237 ἂν
1093 3185 1511 3258 εὐσεϐεστέρους
1532 3183 1652 3240 εἷπε
1673 3188 1800 3252 τοὺς

219 3270 516 3342 πελαργοὺς
553 3271 666 3324 τῶν
701 3271 1026 3344 ἀνθρώπων.
1068 3275 1188 3327 Ἔτι
1225 3276 1313 3339 δὲ,
1349 3276 1425 3339 ὡς
1471 3277 1612 3349 ὑπὲρ
1647 3278 1798 3330 εὐσε-

216 3359 360 3424 ϐείας
384 3363 496 3416 τῶν
523 3361 740 3430 ἀλόγων
763 3361 915 3425 ζώων
948 3364 1248 3434 μαχόμενος
1271 3365 1380 3432 (82)
1400 3368 1428 3418 ὁ
1443 3366 1668 3432 Κέλσος,
1695 3387 1800 3421 παν

218 3454 552 3524 ραλαμϐάνει
585 3452 650 3506 τὸ
695 3453 943 3524 Ἀράϐιον
967 3453 1101 3518 ζῶον
1122 3493 1135 3518 ,
1165 3456 1255 3508 τὸν
1287 3456 1506 3510 Φοίνικα
1543 3459 1675 3528 (85),
1709 3459 1797 3512 διὰ

217 3546 416 3598 πολλῶν
452 3544 597 3599 ἐτῶν
633 3543 933 3615 ἐπιδημοῦν
965 3547 1246 3618 Αἰγύπτῳ,
1283 3549 1374 3601 καὶ
1401 3549 1562 3621 φέρον
1591 3551 1798 3606 ἀποθα-

216 3637 364 3692 νόντα
395 3639 489 3691 τὸν
526 3637 766 3708 πατέρα,
798 3638 891 3690 καὶ
926 3638 1166 3706 ταφέντα
1198 3642 1256 3692 ἐν
1292 3641 1496 3713 σφαίρᾳ
1531 3643 1793 3714 σμύρνης,

215 3732 302 3783 καὶ
333 3730 580 3784 ἐπιτιθέν
633 3729 745 3800 (84)
791 3731 924 3783 ὅπου
957 3730 1018 3782 τὸ
1065 3731 1159 3783 τοῦ
1200 3732 1350 3802 ἡλίου
1394 3734 1637 3803 τέμενος.
1687 3738 1794 3789 Καὶ

216 3824 364 3876 τοῦτο
397 3824 687 3896 ἱστόρηται
741 3822 867 3893 μὲν,
901 3822 1120 3875 δύναται
1153 3823 1228 3882 δὲ,
1266 3824 1470 3894 ἐάνπερ
1566 3826 1760 3896 ἀληθὲς
1783 3867 1797 3890 ,

219 3916 304 3971 καὶ
328 3917 462 3969 αὐτὸ
487 3915 722 3985 φυσικὸν
753 3915 1038 3984 τυγχάνειν
1061 3932 1073 3944 ·
1109 3915 1672 3988 ἐπιδαψιλευσαμένης
1701 3919 1800 3989 τῆς

221 4008 358 4072 θείας
390 4008 666 4079 Προνοίας
700 4007 794 4060 καὶ
821 4007 880 4059 ἐν
911 4010 1031 4070 ταῖς
1060 4006 1344 4079 διαφοραῖς
1374 4009 1482 4060 τῶν
1516 4009 1666 4073 ζώων
1691 4027 1798 4061 πα-

223 4101 480 4170 ραστῆσαι
507 4101 624 4162 τοῖς
658 4098 965 4169 ἀνθρώποις
996 4098 1056 4150 τὸ
1088 4099 1331 4152 ποικίλον
1372 4101 1468 4171 τῆς
1501 4101 1608 4153 τῶν
1642 4103 1699 4154 ἐν
1723 4100 1799 4171 τῷ

221 4191 399 4262 κόσμῳ
441 4192 822 4261 κατασκευῆς,
867 4191 1065 4259 φθάνον
1104 4192 1197 4244 καὶ
1227 4192 1321 4243 ἐπὶ
1358 4191 1426 4244 τὰ
1474 4191 1666 4263 ὄρνεα·
1705 4194 1798 4245 καὶ

1912 1911 1971 1956 ιιι
2001 1901 2294 1969 elephanti,
2325 1901 2417 1970 qui
2448 1899 2804 1961 mansuefacti
2840 1899 2935 1952 visi
2972 1908 3150 1964 erant,
3176 1897 3240 1951 ad
3290 1896 3478 1966 pristi-

1908 2008 2032 2047 nam
2068 1991 2338 2047 feritatem
2373 1992 2634 2057 redirent,
2667 1991 2842 2046 caedes
2884 1999 3280 2060 perpetrarent,
3311 1998 3477 2057 atque

1911 2087 2112 2142 idcirm
2130 2096 2301 2140 morte
2319 2085 2707 2140 damnarentur
2735 2091 2793 2136 ut
2811 2081 3047 2136 inutiles.
3063 2080 3329 2148 Quoniam
3345 2091 3477 2131 vero

1907 2181 1961 2234 in
1996 2179 2368 2247 sequentibus.
2400 2186 2458 2231 ut
2489 2178 2683 2245 probet
2702 2175 2942 2230 ciconias
2967 2173 3138 2242 magis
3167 2170 3476 2226 hominibus

1907 2273 2028 2341 pias
2083 2286 2226 2335 esse,
2285 2278 2554 2325 memorat
2582 2285 2644 2323 ea
2693 2283 2812 2336 qua:
2863 2269 2929 2320 de
2975 2265 3134 2332 hujus
3184 2262 3477 2317 animantis

1909 2372 2064 2433 grato
2096 2363 2280 2418 animo
2323 2362 2376 2416 in
2427 2369 2686 2431 parentes
2739 2374 2943 2426 eosque
2973 2355 3252 2411 nutriendi
3297 2354 3477 2408 studio

1907 2464 2126 2508 narrata
2162 2462 2289 2508 sunt
2314 2470 2329 2520 ;
2367 2455 2434 2507 ad
2456 2453 2560 2506 hoc
2579 2451 2889 2510 dicendum,
2917 2449 2970 2503 id
2998 2463 3102 2502 non
3129 2447 3307 2500 facere
3331 2444 3476 2498 cico—

1908 2547 2024 2600 nias
2062 2544 2222 2600 cilicii
2253 2542 2560 2613 cognitione
2593 2551 2683 2595 aut
2707 2540 2915 2594 ratione
2940 2578 2955 2603 ,
3000 2539 3095 2594 sed
3125 2548 3334 2591 natura:
3372 2536 3472 2588 du—

1907 2645 2019 2702 ctu,
2043 2651 2162 2704 quae
2195 2636 2268 2688 ita
2292 2635 2412 2690 illas
2438 2633 2743 2688 machinata
2777 2641 2882 2696 est,
2931 2639 2991 2686 ut
3017 2630 3180 2685 etiam
3208 2630 3259 2682 in
3287 2628 3475 2682 bestiis

1905 2727 2213 2796 exemplum
2252 2734 2422 2791 esset,
2453 2726 2595 2779 unde
2629 2724 2876 2779 homines
2902 2723 3324 2778 admonerentur
3350 2734 3479 2788 gra-

1908 2821 2038 2872 tiam
2073 2817 2280 2872 referre
2303 2817 2640 2885 parentibus.
2693 2816 2750 2869 Si
2789 2814 2955 2870 sciret
2983 2811 3171 2868 Celsus
3205 2821 3468 2881 quantum

1906 2910 2120 2964 intersit
2154 2909 2489 2964 rationehznc
2520 2909 2676 2972 fiant,
2697 2922 2764 2961 an
2795 2921 2936 2962 caeco
2959 2916 3166 2959 naturae
3191 2904 3472 2967 instinctu,

1907 3015 2181 3069 nunquam
2214 3000 2455 3054 eiconias
2502 3000 2673 3070 magis
2713 2997 3028 3053 hominibus
3068 2997 3184 3067 pias
3227 3009 3349 3050 esse
3389 2997 3474 3049 diu

1907 3093 2096 3149 sisset.
2122 3091 2313 3146 Postea
2343 3091 2496 3162 quasi
2522 3091 2737 3162 pietatis
2762 3089 3076 3144 animalium
3106 3088 3471 3157 patrocinium

1906 3184 2256 3253 suscepisset,
2287 3184 2352 3239 de
2382 3184 2640 3254 phaznice
2671 3183 2885 3238 Arabia:
2924 3183 3052 3236 alite
3099 3181 3284 3245 refert,
3321 3182 3471 3236 illum

1905 3285 2026 3344 post
2063 3277 2258 3330 multos
2295 3290 2469 3330 annos
2519 3275 2571 3328 in
2609 3274 2902 3347 {Egyptian
2947 3275 3361 3344 transmigrare,
3405 3289 3473 3328 eo

1905 3365 2049 3418 ferre
2073 3362 2308 3418 defuncti
2339 3365 2511 3434 patris
2527 3379 2726 3434 corpus
2754 3364 2916 3432 globo
2935 3366 3186 3434 myrrheo
3215 3375 3469 3432 tanquam

1903 3455 2153 3522 sepulcro
2190 3454 2456 3510 inclusum
2481 3495 2496 3518 ,
2530 3455 2766 3525 illudque
2791 3457 2865 3510 ibi
2903 3456 3170 3511 collocare
3201 3456 3290 3510 ubi
3327 3455 3471 3510 Solis

1908 3547 2163 3615 templum
2191 3558 2293 3602 est.
2324 3548 2401 3602 Ita
2433 3549 2706 3617 proditum
2754 3558 2861 3615 est,
2889 3549 3088 3603 fateor.
3119 3548 3225 3603 Sed
3256 3549 3470 3602 etiamsi

1905 3660 2091 3698 verum
2117 3655 2281 3709 esset,
2316 3643 2567 3698 naturale
2614 3652 2792 3696 tamen
2825 3656 2944 3696 esse
2979 3651 3184 3709 potest;
3241 3655 3362 3694 cum
3392 3641 3472 3694 di.

1904 3737 2026 3790 vina
2060 3737 2426 3804 Providentia,
2461 3736 2716 3792 creandis
2749 3742 2896 3789 tanta
2922 3735 3074 3804 copia
3106 3735 3355 3802 tantaque
3378 3749 3473 3784 va-

1903 3829 2096 3884 rietate
2156 3831 2506 3894 animalibus,
2563 3830 2838 3898 explicare
2886 3826 3196 3882 hominibus
3244 3825 3471 3879 voluerit

1903 3918 2268 3975 diversitatem
2294 3937 2506 3986 rerum,
2539 3939 2605 3978 ex
2636 3923 2836 3992 quibus
2863 3921 3006 3992 hunc
3039 3920 3292 3973 mundum
3321 3925 3472 3971 tom-

1901 4014 2107 4079 posuit;
2140 4030 2260 4082 quae
2285 4015 2572 4069 diversitas
2601 4015 2766 4070 etiam
2798 4015 2848 4068 in
2881 4014 3074 4068 avibus
3104 4013 3464 4082 conspicitur.

1903 4101 2051 4157 lianc
2077 4104 2243 4172 igitur
2280 4107 2461 4159 alitem
2492 4121 2604 4163 suae
2645 4105 2846 4176 speciei
2877 4106 3091 4160 unicam
3118 4105 3379 4168 condidit,
3412 4113 3472 4156 ut

1902 4209 2008 4248 non
2035 4187 2202 4256 illam,
2233 4199 2325 4251 sed
2354 4199 2472 4264 ejus
2501 4198 2840 4252 conditorem
2873 4198 3287 4252 admirarentur.

221 4287 347 4351 ζῶόν
392 4307 443 4342 τι
502 4288 792 4359 μονογενὲς
821 4286 1160 4357 ὑπέστησεν,
1209 4289 1296 4341 ἵνα
1342 4287 1443 4340 κάν
1474 4287 1648 4358 τούτῳ
1685 4287 1795 4358 (85)
1853 4290 2050 4360 ποιήσῃ
2106 4290 2484 4362 θαυμασθῆναι
2529 4293 2589 4346 οὐ
2636 4293 2698 4346 τὸ
2744 4292 2903 4357 ζῶον,
2939 4291 3072 4344 ἀλλὰ
3103 4290 3192 4342 τὸν
3240 4303 3471 4358 πεποιης-

224 4383 346 4436 κάτα
383 4384 538 4436 αὑτό.

294 4482 444 4533 Ἐπεὶ
494 4475 592 4532 οὖν
634 4462 842 4542 τοῦτοις
891 4481 1056 4533 πᾶσιν
1107 4481 1356 4550 ἐπιφέρει
1390 4480 1417 4530 ὁ
1453 4479 1654 4541 Κέλσος
1692 4479 1753 4530 τὸ
1777 4518 1790 4542 ,

1972 4480 2060 4534 99.
2093 4479 2214 4535 "me
2243 4482 2459 4536 tandem
2487 4483 2558 4535 ita
2590 4481 2778 4536 Celsus
2809 4478 3085 4534 concludit
3113 4495 3126 4532 :
3167 4495 3185 4528 ι
3221 4475 3336 4530 Non
3368 4476 3470 4545 ἱεῖς

225 4590 242 4622 ι
272 4571 476 4625 Οὔκουν
502 4570 778 4640 ἀνθρώπῳ
812 4572 1101 4642 πεποίηται
1133 4572 1200 4623 τὰ
1231 4571 1405 4623 πάντα
1440 4570 1574 4637 (86),
1608 4571 1795 4642 ὥσπερ

218 4664 328 4717 οὐδὲ
360 4665 561 4725 λέοντι,
599 4663 719 4715 οὐδὲ
750 4662 926 4732 ἀετῷ,
957 4664 1075 4716 οὐδὲ
1111 4663 1347 4733 δελφῖνι·
1385 4661 1498 4714 ἀλλ’
1531 4663 1680 4724 ὅπως
1708 4661 1793 4714 ὅδε

217 4756 462 4826 όκόσμος
496 4755 574 4818 ὡς
609 4755 677 4807 ἂν
707 4752 841 4806 Θεοῦ
874 4753 1030 4826 ἔργον
1059 4756 1350 4827 ὁλόκληρον
1384 4756 1702 4830 καὶοτέλειον
1736 4755 1795 4821 ἐξ

218 4847 468 4902 ἁπάντων
488 4847 737 4917 γένηται·
756 4845 943 4900 τούτου
960 4847 1118 4918 χάριν
1150 4848 1487 4919 μεμέτρηται
1512 4852 1581 4902 τὰ
1616 4848 1794 4901 πάντα

287 5094 397 5160 (Π)
441 5091 873 5164 Ηαξεςῐιειίυείρι
906 5091 1241 5164 Spencerns,
1266 5092 1390 5146 τάδε
1425 5094 1456 5164 ἢ
1484 5095 1621 5147 τόδε.

287 5163 394 5234 (78)
434 5162 548 5217 Καὶ
581 5162 764 5230 ὅρκου
789 5161 1151 5234 ἐλεφάντων.
1188 5163 1350 5234 ΡΙίιιε,
1384 5161 1475 5217 lib.
1511 5181 1628 5225 VIII,
1668 5176 1788 5231 cap.

225 5233 246 5286 i
284 5233 303 5286 :'
338 5252 356 5285 ι
399 5234 608 5288 Aliena:
638 5247 851 5300 quoque
889 5233 1167 5302 religionis
1193 5233 1464 5288 intellectu
1491 5235 1790 5289 creduntur

227 5305 388 5357 maria
411 5304 700 5357 transituri
721 5319 824 5356 non
857 5312 980 5356 ante
1010 5318 1172 5356 naves
1204 5305 1595 5366 conscendere,
1626 5318 1789 5371 quam

228 5373 432 5427 invitati
454 5373 702 5443 rectoris
729 5372 1080 5443 jurejurando
1113 5375 1178 5425 de
1213 5374 1410 5427 reditu.
1448 5393 1466 5424 ι
1520 5373 1788 5428 Set-mem.

447 5441 790 5520 licescheljus
825 5443 877 5495 in
903 5451 1077 5520 textu,
1108 5443 1469 5520 ταττομένων.

289 5512 400 5581 (80)
457 5513 572 5566 Καὶ
631 5512 858 5581 φόνους
914 5512 1229 5578 ἐποίησαν.
1280 5512 1414 5566 Haec
1464 5529 1584 5581 qua:
1649 5513 1790 5575 apud

227 5580 590 5704 lH-rslehelium
617 5580 671 5637 et
687 5584 1018 5652 Spencerum
1039 5584 1250 5647 desunt,
1273 5580 1591 5651 Sttppietilur
1617 5600 1645 5639 e
1672 5581 1795 5636 Ριιὶ-

243 5668 285 5704 o:
305 5670 331 5704 a
362 5669 430 5704 ia.

243 5668 285 5704 οῖ
305 5668 430 5705 alia.

287 5722 398 5841 (81)
439 5721 825 5789 Δυσωπῆσιιι.
865 5720 997 5802 Male
1027 5722 1176 5804 abest
1206 5739 1232 5774 a
1263 5721 1577 5782 Philuealia,

309 5795 398 5841 82)
434 5794 807 5841 Μηγόιιενορ.
838 5791 1122 5841 l‘lnlm-alta
1145 5793 1443 5841 ἱστάμενος.
1464 5792 1577 5841 Mox

309 5795 398 5860 8;?)
434 5794 807 5860 Μαχόιιενος.
838 5791 1122 5847 I‘hilm-alia
1145 5793 1443 5856 ἱστάμενος.
1464 5792 1579 5850 Mox
1602 5793 1787 5852 eadem

1903 4579 1990 4625 tur
2039 4574 2243 4626 homini
2294 4574 2432 4627 facta
2469 4583 2594 4627 sunt
2626 4573 2738 4626 haec
2767 4571 2972 4632 omnia,
3006 4581 3062 4620 ut
3096 4581 3269 4638 neque
3307 4567 3470 4631 leoni,

1904 4682 2081 4735 neque
2110 4667 2323 4733 aquila‘,
2356 4682 2530 4734 neque
2558 4665 2835 4733 delphini;
2880 4665 2970 4720 sed
2998 4675 3054 4716 ut
3086 4662 3176 4716 hic
3209 4661 3474 4724 mundus,

1903 4757 2044 4824 quod
2071 4771 2204 4823 opus
2240 4755 2328 4808 Dei
2366 4764 2468 4819 est,
2516 4756 2727 4823 integer
2758 4762 2812 4806 et
2840 4753 2987 4807 omni
3015 4766 3078 4805 ex
3113 4760 3264 4820 parte
3289 4748 3472 4819 perfe-

1903 4858 2024 4904 ctus
2055 4859 2228 4914 esset;
2280 4859 2613 4918 quapropter
2661 4860 2852 4903 omnes
2899 4847 3013 4915 ejus
3047 4855 3230 4916 partes
3261 4860 3367 4898 non
3397 4843 3471 4898 ita

1901 5093 2227 5165 i‘hilocaﬁlia,
2271 5094 2326 5148 τὸ
2371 5093 2614 5165 Ἀράϐιον
2645 5094 2906 5165 ζῶονζῧθ
2939 5094 3192 5164 phmnire
3232 5093 3383 5157 vide,
3422 5096 3468 5153 si

1899 5177 2084 5223 vacat.
2114 5164 2345 5218 Plinium
2383 5164 2471 5220 lili.
2513 5181 2566 5226 χ,
2597 5181 2642 5217 c.
2682 5167 2748 5229 ‘2;
2782 5164 2950 5218 Tacit.
2986 5165 3176 5219 Annal.
3213 5165 3302 5216 ιιι».
3327 5179 3465 5226 v1,c.

1900 5237 2008 5298 :28;
2062 5237 2218 5290 Dion.
2249 5236 2343 5288 lib.
2381 5251 2484 5288 Lm
2516 5253 2529 5299 ;
2565 5235 2825 5302 Pompou.
2863 5235 2985 5289 Mel.
3023 5234 3112 5288 lib.
3142 5249 3222 5297 tu,
3253 5250 3370 5301 cap.
3411 5235 3463 5290 8.

1973 5305 2084 5374 (85)
2132 5301 2261 5359 Vide
2283 5304 2608 5374 ilerndotum
2643 5301 2735 5358 lib.
2769 5321 2828 5358 ιι.

1972 5376 2086 5444 (84)
2139 5373 2451 5428 Ἐπιτιθέν.
2504 5375 2668 5429 Recte
2706 5376 2927 5428 omnino
2972 5374 3286 5437 Pliilocalia,
3323 5374 3468 5428 male

1899 5456 2076 5499 autem
2110 5445 2452 5498 llmsehelius
2482 5445 2877 5512 etSpencerns,
2903 5445 3231 5499 ἐπιτιθέντα.

1972 5514 2080 5586 (85)
2123 5515 2439 5586 Philoealia,
2469 5513 2570 5568 κᾶν
2597 5511 2788 5586 τούτῳ.
2832 5515 3166 5570 llwschelius
3194 5523 3248 5568 ct
3295 5511 3464 5582 Spcn~

1901 5583 2078 5646 certis,
2109 5586 2204 5637 καὶ
2236 5583 2411 5637 τοῦτο.

1972 5653 2081 5725 (86)
2129 5657 2203 5707 Ti:
2242 5655 2458 5708 πάντα.
2506 5655 2596 5708 Sic
2632 5656 2960 5723 Philocalia,
2993 5652 3329 5711 llmsrltelius
3364 5666 3460 5708 att-

1901 5735 2006 5780 tcm
2042 5737 2093 5779 et
2127 5727 2447 5796 Speneerus,
2483 5724 2673 5781 ταῦτα.
