3840 6412
437 360 574 416 1179

1848 353 2008 408 Οἰὶίϐ
2019 350 2173 406 ENlS

3519 347 3623 407 “80

426 485 758 545 comparatae
789 484 912 530 sunt
943 483 1002 528 ιιι
1031 472 1096 527 ad
1128 487 1188 526 se
1216 471 1470 537 invicem,
1505 471 1607 526 nisi
1650 472 1999 536 secundario,

2114 471 2207 523 οὐκ
2235 468 2509 539 ἀλλήλων,
2547 467 2659 520 ἀλλ’
2697 467 2744 520 εἰ
2789 467 2862 538 μὴ
2911 466 3016 520 πᾶν
3055 464 3214 536 ἔργον
3247 463 3375 536 (87),
3419 465 3535 519 ἀλλὰ
3558 467 3627 524 τοῦ

427 569 526 622 sed
553 567 618 621 ad
652 567 964 620 universum
1007 562 1364 618 referrentur.
1395 562 1506 617 Hoc
1541 563 1857 618 universum
1888 564 1999 619 Deo

426 673 573 712 cura:
602 667 720 721 est;
748 655 875 710 illud
909 668 1184 720 nunquam
1211 651 1552 721 providentia
1587 654 1823 721 deserit;
1855 671 1997 708 nun-

427 767 586 820 quam
633 751 693 804 fit
746 751 1021 812 deterius;
1075 747 1204 801 illud
1237 748 1303 802 ad
1351 762 1410 802 se
1450 763 1557 802 non
1602 760 1823 804 revocat
1859 749 2001 805 Dens

426 843 611 912 elapso
637 841 871 909 quodam
908 850 1184 906 tempore;
1230 854 1504 908 nunquam
1536 840 1849 896 hominibus
1887 841 2000 896 ira-

426 934 620 994 scitur,
656 941 714 985 ut
742 930 918 1000 neqne
967 929 1168 996 simiis,
1217 944 1393 999 neque
1427 933 1670 997 muscis;
1725 947 2000 1002 nunquam

425 1026 532 1080 illis
566 1024 794 1078 intendit
819 1025 1012 1087 minas,
1047 1039 1167 1077 cum
1197 1039 1536 1092 unaquaeque
1592 1041 1679 1079 res
1731 1040 1854 1080 eum
1884 1039 2002 1081 ser-

423 1125 512 1170 vet
543 1115 718 1168 locum
763 1114 816 1167 in
848 1111 955 1181 quo
979 1114 1243 1169 collocata
1277 1113 1400 1168 fuit.
1445 1135 1463 1166 ›
1505 1115 1714 1181 Quibus
1741 1131 2003 1171 occurra-

425 1223 545 1261 mus
563 1207 776 1276 paucis.
801 1206 976 1275 Supra
1006 1207 1290 1276 probatum
1323 1208 1561 1262 arbitror
1578 1207 1760 1260 omnia
1782 1216 2004 1277 propter

423 1297 697 1353 hominem
716 1306 770 1352 et
784 1307 1001 1368 propter
1015 1314 1202 1353 omnes
1219 1308 1444 1352 naturas
1466 1299 1692 1354 rationis
1713 1301 2004 1370 participes

419 1404 542 1443 esse
572 1388 739 1446 facta.
759 1390 816 1445 Si
847 1406 978 1462 ergo
1012 1392 1282 1462 praecipue
1306 1401 1529 1461 propter
1559 1393 1758 1447 animal
1793 1394 2004 1448 ratione

418 1482 702 1550 prmditum
728 1483 910 1537 omnia
939 1495 1118 1539 creata
1147 1494 1272 1539 sunt
1308 1523 1325 1550 ,
1366 1497 1530 1556 neget
1561 1485 1751 1542 Celsus
1795 1487 2002 1542 homini

421 1575 595 1642 magis
654 1589 815 1643 quam
859 1573 999 1628 leoni
1043 1575 1278 1645 aliisque
1311 1575 1380 1630 ab
1422 1591 1488 1631 eo
1523 1579 1859 1633 enumeratis
1889 1579 2007 1632 ani-

423 1669 698 1724 mantibus
715 1675 899 1722 creata
922 1680 1066 1734 esse;
1087 1683 1184 1724 nos
1205 1670 1320 1725 haec
1337 1671 1695 1741 negabimusa
1717 1671 2006 1726 Conditore

419 1755 564 1811 facta
589 1772 710 1812 esse
732 1769 954 1829 pr0pter
985 1761 1220 1827 leonem,
1264 1768 1358 1814 aut
1389 1761 1646 1831 aquilam,
1666 1770 1760 1814 aut
1791 1761 2008 1830 delphi-

2109 563 2252 618 ὅλου.
2290 563 2400 615 Καὶ
2436 561 2690 631 μέλειτῴ
2721 559 2840 630 Θεῷ
2880 559 2973 612 τοῦ
3009 559 3155 622 ὅλου,
3201 558 3294 610 καὶ
3321 554 3454 609 τοῦτ’
3483 557 3628 614 οὕποτε

2111 655 2398 709 ἀπολείπει
2446 655 2704 724 πρόνοια,
2748 652 2866 704 οὐδὲ
2918 651 3107 704 κάκιον
3153 649 3375 716 γίνεται,
3419 649 3524 702 οὐδὲ
3565 651 3630 717 διὰ

2109 751 2301 821 χρόνου
2339 748 2474 821 πρὸς
2505 746 2634 801 αὐτὸ
2656 745 2806 817 (88)ὁ
2827 745 2957 808 Θεὸς
2984 743 3317 814 ἐπιστρέφει,
3347 743 3446 795 οὐδ’
3471 743 3632 814 ἀνθρὼ-

2112 859 2229 894 πων
2275 842 2441 894 ἐνεκα
2497 839 2806 911 ὀργίζεται,
2854 837 3042 907 ὥσπερ
3087 835 3209 888 οὐδὲ
3261 833 3632 905 πιθήκων,οὑδὲ

2114 934 2289 1005 μυιῶν
2311 951 2324 964 °
2359 934 2480 986 οὐδὲ
2513 933 2720 995 τούτοις
2750 929 2984 994 ἀπειλεῖ,
3015 922 3090 981 ὧν
3122 928 3349 980 ἕκαστον
3386 930 3440 980 ἐν
3465 926 3530 997 τῷ
3563 930 3633 998 μὲ-

2113 1045 2195 1101 ρει
2224 1028 2322 1098 τὴν
2363 1025 2526 1079 αὑτοῦ
2567 1027 2758 1096 μοῖραν
2793 1023 2980 1094 εἴληφε
3005 1038 3016 1051 ο
3060 1040 3077 1072 ι
3117 1019 3268 1090 φέρε,
3303 1018 3404 1072 κᾶν
3433 1019 3511 1072 διὰ
3537 1020 3636 1092 βρα-

2111 1119 2251 1188 χέων
2285 1118 2421 1188 πρὸς
2451 1114 2602 1168 ταῦτ’
2635 1115 3034 1183 ἀπαντήσωμεν
3063 1109 3197 1180 (89).
3231 1104 3392 1178 οἶμαι
3409 1108 3468 1180 δὴ
3490 1109 3636 1162 ἁποδε.

2110 1210 2342 1280 δειχέναι
2383 1211 2446 1262 ἐκ
2485 1208 2591 1261 τῶν
2635 1206 3076 1280 προειρημένων,
3128 1201 3247 1265 πῶς
3279 1200 3530 1273 ἀνθρώπῳ
3571 1206 3637 1255 καὶ

2114 1302 2278 1356 παντ)⁴
2332 1299 2537 1370 λογικῷ
2586 1299 2655 1352 τὰ
2711 1299 2885 1351 πάντα
2943 1295 3273 1366 πεποίηται’
3350 1296 3637 1363 προηγουμέ-

2112 1413 2217 1459 νως
2263 1394 2373 1465 (90)
2419 1393 2528 1464 γὰρ
2559 1391 2646 1444 διὰ
2687 1389 2748 1444 τὸ
2787 1389 3000 1456 λογικὸν
3034 1387 3171 1452 ζῶον
3208 1386 3275 1439 τὰ
3327 1385 3493 1438 πάντα
3527 1384 3641 1453 δεδη-

2116 1486 2466 1558 μιούργηται.
2495 1483 2699 1546 Κέλσος
2736 1483 2830 1553 μέν
2869 1477 2960 1534 οὖν
2985 1480 3221 1548 λεγέτω,
3252 1481 3333 1532 ὅτι
3359 1479 3454 1531 οὐκ
3475 1479 3640 1550 ἀνθρὼο

2114 1597 2220 1650 πῳ,
2246 1579 2322 1642 ὡς
2353 1577 2475 1630 οὐδέ
2507 1576 2678 1630 λέοντι
2711 1575 2854 1645 (9i),
2889 1573 2995 1625 οὐδ’
3030 1567 3110 1636 οἷς
3151 1571 3422 1642 ὀνομάζει·
3453 1572 3586 1641 ἡμεῖς
3609 1573 3640 1624 δ’

2114 1671 2370 1743 ἐροῦμεν,
2413 1670 2473 1722 οὐ
2519 1669 2690 1722 λέοντι
2717 1670 2745 1721 ὁ
2773 1665 3152 1739 Δημιουργὸς,
3196 1664 3315 1718 οὐδὲ
3363 1665 3528 1735 ἀετῷ,
3555 1664 3643 1718 οὐδὲ

2113 1765 2316 1834 δελφῖνι
2351 1761 2524 1816 ταῦτα
2558 1760 2854 1831 πεποίηκεν
2874 1777 2888 1789 ·
2934 1758 3068 1812 ἀλλά
3116 1758 3295 1811 πάντα
3339 1756 3423 1810 διά
3450 1757 3506 1809 τὸ
3531 1757 3643 1824 λογι-

421 1862 544 1902 nem
564 1868 579 1915 ;
601 1850 846 1906 dicemus
866 1851 982 1907 haec
1000 1853 1180 1907 omnia
1202 1866 1386 1908 creata
1405 1868 1526 1908 esse
1557 1862 1783 1922 propter
1803 1855 2000 1908 animai

2114 1858 2206 1910 κὸν
2247 1854 2404 1919 ζῶον,
2446 1855 2570 1907 «καὶ
2614 1854 2760 1915 ὅπως
2784 1851 2862 1920 (ἂν
2891 1851 2976 1904 ὅδε
3013 1853 3042 1904 ό
3082 1850 3287 1920 κόσμος
3324 1847 3395 1911 ὡς
3433 1847 3496 1901 ἂν
3539 1848 3642 1900 Θεοῦ

424 1937 585 2008 577
632 1941 859 1996 rationis
907 1957 1165 2010 compos,
1219 1960 1236 1993 ι
1264 1952 1321 1996 ει
1349 1953 1406 1996 ιιι
1439 1942 1527 1997 hic
1575 1943 1826 2005 mundus,
1857 1944 2000 2011 quod

420 2044 561 2097 opus
611 2029 709 2109 Ilei
755 2042 870 2098 est,
927 2033 1140 2103 integer
1167 2041 1222 2088 et
1263 2032 1411 2088 omni
1447 2047 1511 2088 ex
1547 2042 1700 2102 parte
1727 2033 2002 2103 perfectus

424 2130 593 2174 esset.
627 2141 646 2174 ι
681 2123 840 2178 Dicto
875 2123 1017 2178 enim
1052 2133 1159 2178 tam
1193 2125 1421 2193 pulchro
1460 2126 1867 2182 assentiendum
1897 2136 1998 2182 est.

419 2210 583 2267 Curze
633 2221 814 2268 autem
865 2222 948 2270 est
996 2214 1106 2270 Deo
1164 2231 1273 2270 non
1319 2217 1494 2270 solum
1546 2217 1890 2282 universum,
1945 2227 2003 2271 ιιι

421 2304 683 2372 Opinatnr
737 2305 948 2370 Celsus,
1007 2307 1099 2361 sed
1147 2323 1255 2376 pra“:
1287 2309 1543 2362 universo
1577 2318 1764 2362 natura
1796 2311 2004 2365 ratione

421 2395 674 2464 prmdita.
733 2395 844 2452 Nec
888 2413 1126 2467 unquam
1175 2399 1590 2454 universitatem
1623 2402 1826 2455 deserit
1873 2401 2001 2456 Pro-

422 2485 688 2548 videntia.
726 2485 860 2542 Nam
907 2489 1009 2543 etsi
1061 2489 1246 2558 aliqua
1289 2490 1411 2560 ejus
1457 2507 1584 2559 pars
1624 2493 1864 2547 deterior
1909 2494 2004 2548 fiat

420 2586 643 2647 propter
674 2589 884 2632 natura:
921 2579 1274 2648 intelligentis
1323 2593 1647 2650 peccatum,
1704 2595 1862 2638 curat
1930 2596 1986 2638 ut

422 2677 709 2740 purgetur,
747 2669 1003 2740 Deusqne
1037 2681 1186 2726 certo
1222 2681 1342 2740 post
1391 2683 1636 2742 tempore
1689 2675 2002 2729 universum

421 2775 606 2816 secum
658 2762 870 2817 reducit
929 2762 982 2817 in
1039 2763 1295 2832 gratiam.
1356 2761 1546 2833 Neque
1597 2765 1764 2818 etiam
1825 2765 2002 2821 simiis

419 2853 691 2908 muscisve
743 2855 1030 2921 irascitur;
1071 2857 1166 2909 sed
1220 2855 1416 2925 inﬂigit
1460 2871 1649 2926 pmnas
1693 2858 2003 2913 hominibus

423 2945 515 3013 qui
552 2945 700 3016 leges
728 2955 934 3000 naturae
962 2946 1194 3010 violant,
1229 2945 1444 3016 illisque
1473 2963 1569 3016 per
1612 2951 1906 3018 pr0phetas
1947 2958 2003 3005 et

421 3033 763 3092 Salvatorem
800 3038 891 3106 qui
931 3037 1078 3091 inter
1106 3038 1354 3092 homines
1388 3041 1574 3106 venit,
1629 3043 1861 3096 intentat
1904 3044 2003 3096 mi.

420 3140 563 3191 nas;
597 3127 756 3194 idque
790 3127 965 3196 utqui
995 3123 1202 3179 dociles
1225 3138 1282 3178 se
1307 3127 1647 3195 praebebunt,
1687 3128 1910 3182 redeant
1946 3130 1998 3182 in

2106 1949 2265 2021 ἔργον
2321 1946 2611 2019 ὁλόκληρον
2637 1943 2732 1996 κα).
2776 1943 2975 1996 τέλειον
3010 1941 3068 2006 ἐξ
3113 1940 3367 1994 ἀπάντων
3389 1940 3640 2011 γένηται.»

2107 2043 2294 2113 Τούτῳ
2351 2041 2462 2112 γὰρ
2495 2036 2928 2105 συγκαταθετέον
2977 2036 3050 2100 ὡς
3111 2035 3266 2104 (92)
3316 2033 3484 2098 καλῶς
3527 2036 3645 2104 εἰρη-

2107 2135 2270 2204 μένῳ.
2334 2131 2501 2185 Μέλει
2563 2129 2621 2181 δὲ
2676 2125 2754 2197 τῷ
2814 2125 2930 2196 Θεῷ
2978 2126 3114 2194 οὐχ,
3174 2123 3247 2188 ὡς
3313 2124 3506 2188 Κέλσος
3561 2125 3645 2174 ofe-

2105 2241 2230 2287 ται,
2277 2221 2443 2292 μόνου
2478 2217 2569 2271 τοῦ
2609 2215 2732 2270 ὅλου
2755 2256 2769 2280 ,
2803 2214 2938 2269 ἀλλὰ
2971 2212 3122 2284 παρὰ
3153 2212 3214 2264 τὸ
3247 2213 3363 2264 ὅλον
3397 2211 3646 2283 ἐξαιρέτοις

2107 2315 2308 2378 παντὸς
2332 2308 2571 2379 λογικοῦ.
2609 2309 2720 2363 Καὶ
2751 2307 3005 2361 οὐδέποτε
3055 2303 3339 2374 ἀπολείψει
3380 2302 3584 2375 Πρόνοια
3603 2302 3647 2355 τὸ

2106 2407 2253 2459 ὅλον’
2287 2405 2567 2473 οἰκονομεῖ
2592 2402 2700 2472 γὰρ
2734 2401 2858 2470 (κᾶν
2885 2399 3076 2454 κάκιον
3105 2397 3476 2470 γίνηται’(95),
3507 2396 3580 2450 διὰ
3601 2396 3648 2449 τὸ

2106 2496 2324 2565 λογικὸν
2357 2493 2695 2566 ἁμαρτάνον,
2735 2492 2899 2562 μέρος
2960 2509 3010 2544 τι
3069 2489 3165 2544 τοῦ
3201 2490 3346 2560 ὅλου)
3398 2489 3648 2559 καθάρσιον

2108 2585 2270 2640 αὑτοῦ
2312 2588 2508 2647 ποιεῖν,
2555 2583 2650 2638 καὶ
2692 2582 2781 2636 διὰ
2828 2583 3020 2654 χρόνου
3055 2583 3403 2654 ἐπιστρέφειν
3455 2582 3511 2634 τὸ
3555 2581 3648 2634 ὅλον

2107 2679 2243 2750 πρὸς
2288 2676 2500 2730 ἑαυτόν.
2553 2674 2693 2730 Ἀλλ’
2727 2674 2845 2726 οὐδὲ
2871 2674 3120 2746 πιθήκων
3151 2675 3248 2746 μὲν
3283 2675 3439 2728 ἕνεκα
3467 2672 3646 2745 ὀργίζε-

2104 2787 2193 2824 ται
2229 2769 2350 2823 οὐδέ
2387 2768 2596 2840 μυιῶν·
2641 2764 2948 2837 ἀνθρώποις
2994 2766 3050 2820 δέ
3087 2767 3318 2834 ἐπάγει,
3368 2768 3456 2821 ᾰτε
3499 2783 3644 2837 παρα-

2105 2860 2234 2914 ϐᾶσι
2271 2860 2369 2924 τὰς
2428 2859 2664 2930 φυσικὰς
2697 2860 2982 2932 ἀφορμὰς,
3010 2858 3166 2929 δίκην
3200 2859 3296 2912 καὶ
3329 2858 3552 2920 κόλασιν,
3575 2858 3648 2910 καὶ

2104 2952 2314 3016 τούτοις
2348 2952 2436 3006 διὰ
2479 2951 2775 3024 προφητῶν
2821 2950 3064 3015 ἀπειλεῖ,
3113 2949 3208 3003 καὶ
3257 2949 3345 3003 διὰ
3375 2949 3463 3004 τοῦ
3495 2948 3648 3017 ἐπιδη-

2109 3045 2382 3116 μήσαντος
2415 3044 2522 3114 ὅλῳ
2573 3043 2650 3114 τῷ
2701 3044 2847 3112 γένει
2902 3041 3008 3095 τῶν
3052 3040 3357 3112 ἀνθρώπων
3402 3040 3646 3110 Σωτῆρος’

2104 3135 2191 3186 ἵνα
2217 3135 2305 3188 διὰ
2331 3135 2429 3205 τῆς
2463 3134 2690 3204 ἀπειλῆς
2714 3123 3101 3203 ’ἐπιστραφῶσι
3138 3133 3238 3202 μὲν
3267 3135 3315 3185 οἱ
3339 3130 3648 3192 ἀκούσαντες,

417 3217 600 3283 viam;
633 3220 724 3286 qui
756 3233 886 3273 vero
932 3229 1284 3275 contemnent
1317 3219 1438 3275 illos
1467 3220 1710 3275 melioris
1744 3221 1867 3274 vita:
1898 3222 1996 3275 sti-

2114 3225 2151 3276 οἱ
2187 3223 2244 3276 δὲ
2278 3197 2656 3295 ἀμελήσαντες
2699 3222 2802 3275 τῶν
2848 3197 3285 3293 ἐπιστρεπτικῶν
3319 3221 3484 3290 λόγων
3522 3219 3648 3282 δίκας

416 3308 631 3372 mulos,
668 3309 702 3364 ii
751 3324 942 3378 poenas
994 3311 1184 3376 luant,
1213 3313 1410 3382 quibus
1460 3313 1630 3366 Deum
1667 3313 1854 3379 decet,
1902 3327 2001 3383 pro

414 3415 514 3454 sua
551 3400 921 3456 universitatis
967 3400 1112 3457 bono
1145 3403 1462 3458 consulendi
1513 3403 1825 3472 voluntate,
1881 3405 2002 3461 illos

421 3491 640 3545 allicere
672 3493 762 3560 qui
812 3501 959 3546 tanta
1020 3503 1238 3562 tamque
1286 3495 1558 3550 laboriosa
1611 3498 1897 3552 curatione
1949 3509 2003 3553 et

418 3587 761 3639 eorreCtione
804 3585 1071 3654 indigent.
1136 3585 1244 3641 Sed
1283 3585 1442 3654 hujus
1494 3588 1676 3656 quarti
1719 3588 1841 3644 libri
1885 3589 2002 3658 jam

413 3675 563 3746 jnsta
589 3685 671 3729 est
699 3676 896 3733 moles.
923 3677 1294 3758 Quareﬁnem
1322 3679 1411 3734 hic
1434 3683 1566 3735 mihi
1595 3681 1808 3736 dicendi
1838 3682 1998 3737 facio.

416 3766 576 3822 Faxit
601 3770 738 3824 Deus
771 3785 868 3839 per
888 3785 1044 3824 suum
1074 3770 1294 3838 Filium,
1329 3772 1422 3841 qui
1451 3781 1537 3828 est
1571 3773 1715 3827 Deus
1741 3773 1996 3837 Verbum,

419 3862 728 3930 sapientia,
765 3865 1001 3928 veritas,
1050 3863 1266 3932 iustitia
1301 3866 1346 3898 ⁷ο
1388 3877 1444 3920 ει
1489 3867 1754 3936 quidquid
1809 3881 1998 3921 sacra-

417 3965 540 4006 rum
575 3953 982 4023 Scripturarum
1027 3957 1300 4026 theologia
1337 3957 1404 4011 de
1434 3958 1524 4012 illo
1560 3946 1816 4028 p'rzedicat
1839 4002 1854 4027 ,
1908 3971 1962 4015 ut
1985 4002 2000 4027 ,

417 4041 536 4110 ejus
565 4043 743 4098 Verbo
792 4055 1034 4100 nostram
1081 4048 1318 4101 animam
1353 4047 1696 4117 illustrante,
1749 4054 1998 4121 quintum

415 4133 615 4190 librum
658 4139 940 4193 ordiamur
970 4150 1026 4194 ct
1060 4139 1406 4196 absolvamus
1455 4141 1688 4198 feliciter
1715 4154 1769 4199 et
1811 4147 1878 4200 ad
1926 4146 2004 4201 le-

419 4238 632 4284 Ctorum
665 4231 956 4286 utilitatem
1003 4234 1432 4288 accommodate.

489 4499 534 4533 ⁷⁰
567 4498 724 4557 Joan.
769 4516 807 4568 ι,
844 4502 895 4565 1;
933 4516 1044 4568 xw,
1075 4499 1128 4565 6,
1158 4510 1209 4556 et
1243 4502 1256 4553 l
1284 4502 1410 4556 Cor.
1442 4517 1482 4568 !,
1513 4502 1602 4558 50.

2105 3316 2226 3368 κατ’
2260 3315 2416 3378 ἀξίαν
2447 3315 2688 3380 τίσωσιν,
2723 3314 2786 3378 ἃς
2816 3314 3024 3386 πρέπον
3061 3315 3192 3367 Θεὸν
3218 3313 3506 3367 ἐπιτιθέναι
3535 3313 3649 3365 κατὰ

2106 3407 2168 3460 τὸ
2203 3407 2396 3461 ἑαυτοῦ
2425 3406 2534 3478 (94)
2573 3407 2960 3478 συμφερόντως
2997 3406 3068 3476 τῷ
3101 3407 3266 3460 παντὶ
3301 3406 3533 3478 βούλημα
3560 3407 3652 3466 τοῖς

2105 3498 2359 3570 τοιαύτης
2387 3500 2487 3552 ικαὶ
2539 3497 2711 3561 οὕτως
2762 3499 3016 3551 ἐπιπόνου
3067 3498 3339 3568 δεομένοις
3394 3496 3651 3568 θεραπείας

2110 3594 2202 3646 καὶ
2238 3591 2596 3665 διορθώσεως.
2641 3591 2802 3644 ’Λλλά
2833 3591 2943 3662 γάρ
2977 3592 3070 3645 καὶ
3107 3590 3198 3645 τοῦ
3235 3591 3481 3661 τετάρτου
3509 3590 3649 3658 τόμον

2110 3685 2356 3754 αὐτάρκη
2402 3682 2751 3754 περιγραφὴν
2793 3682 3104 3751 εἰληφότος,
3153 3680 3320 3732 αὑτοῦ
3369 3696 3463 3731 που
3515 3692 3651 3729 κατα-

2111 3773 2408 3842 παύσωμεν
2429 3772 2542 3842 (95)
2577 3773 2668 3825 τὸν
2701 3773 2879 3840 λόγον.
2912 3773 3045 3834 Θεὸς
3072 3771 3129 3824 δὲ
3159 3771 3274 3843 δοίη
3312 3771 3396 3825 διὰ
3426 3770 3511 3824 τοῦ
3543 3765 3649 3821 Υίοῦ

2110 3865 2296 3927 αὐτοῦ,
2329 3865 2387 3927 ὅς
2423 3866 2538 3918 ἐστι
2567 3865 2698 3926 Θεὸς
2725 3864 2898 3933 Λόγος
2920 3905 2932 3928 ,
2961 3863 3055 3917 καὶ
3097 3864 3289 3934 σοφία.
3325 3864 3414 3918 καὶ
3438 3861 3648 3933 ἀλήθεια,

2106 3957 2201 4010 καὶ
2233 3956 2570 4028 δικαιοσύνη,
2608 3957 2700 4010 καὶ
2729 3959 2836 4010 πᾶν
2869 3957 2896 4011 ὃ
2929 3974 2980 4010 τι
3014 3957 3146 4010 ποτὲ
3185 3956 3516 4025 θεολογοῢσαι
3545 3944 3651 4022 περ).

2108 4049 2272 4104 αὑτοῦ
2322 4067 2485 4118 φασιν
2522 4051 2664 4121 ἱεραὶ
2700 4049 2918 4121 Γραφα).
2951 4049 3083 4121 (96),
3120 4048 3386 4121 ἄρξασθαι
3413 4049 3544 4118 ἡμᾶς
3574 4044 3651 4096 καὶ

2109 4141 2200 4195 τοῦ
2237 4140 2492 4211 πέμπτου
2528 4143 2718 4212 τόμου,
2755 4141 2840 4194 ἐπ’
2862 4141 3098 4212 ὠφελείᾳ
3127 4141 3237 4194 τῶν
3272 4137 3649 4208 ἐντευξομένων,

2109 4234 2203 4287 καὶ
2232 4232 2477 4287 διανύσαι
2508 4234 2782 4296 κάκεῖνον,
2810 4234 2945 4304 μετά
2969 4233 3070 4303 τῆς
3102 4232 3196 4285 τοῦ
3217 4233 3388 4300 Λόγου
3413 4228 3559 4284 αὑτοῦ
3585 4228 3649 4291 είς

2109 4324 2208 4395 τὴν
2236 4326 2513 4398 ἡμετέραν
2547 4324 2727 4396 ψυχὴν
2762 4325 3052 4396 ἐπιδημίας
3073 4366 3087 4390 ,
3123 4324 3323 4388 καλῶς.

487 4660 600 4731 (87)
652 4659 802 4712 Ἀλλ’
836 4660 888 4711 εὶ
910 4659 996 4731 μὴ
1027 4655 1365 4727 narem-or.
1400 4656 1523 4712 llaec
1567 4672 1595 4710 a
1617 4657 1998 4731 Δ(ἶειειιῖοῄῐιοιι

2114 4659 2330 4730 θρώπῳ,
2361 4659 2478 4713 ούδέ
2507 4659 2703 4714 λέοντι.

417 4727 806 4800 agnoscuntur,
848 4727 1128 4800 et’AGuieto
1161 4732 1414 4800 videntur
1440 4727 1754 4797 superflua;
1793 4729 1998 4784 Bober.

414 4798 593 4871 autem
624 4800 775 4871 legit,
814 4798 927 4852 ἀλλ’
963 4801 1011 4871 εί
1050 4799 1124 4871 μὴ
1160 4798 1454 4871 πάρεργον.

485 4869 597 4937 (88)
629 4867 786 4936 Πρὸς
803 4871 969 4923 αὑτό.
995 4867 1132 4939 Lege
1156 4867 1276 4923 eum
1310 4867 1593 4924 Boherello
1626 4868 1764 4939 πρὸς
1796 4868 1960 4922 αὐτόν
1979 4907 1996 4934 ,

415 4939 498 5011 vel
526 4939 662 5011 πρὸς
692 4940 904 5011 ἑαυτόν,
939 4941 1019 5011 sic
1054 4938 1198 5011 enim
1221 4939 1322 5011 inf
1325 4955 1380 5011 ra
1407 4939 1659 5011 habetur,
1690 4938 1777 5011 διὰ
1803 4939 1997 5011 χρόνου

412 5008 762 5079 ἐπιστρέφειν
803 5009 864 5079 τὸ
910 5009 1029 5061 ὅλον
1054 5009 1190 5079 πρὸς
1213 5009 1423 5062 ἑαυτόν.
1461 5009 1578 5062 Mox
1610 5008 1928 5072 Philocaiia,
1967 5009 1997 5061 ὁ

413 5075 546 5148 Θεὸς
579 5075 1080 5148 ’ἐπιστρέψειηίῖοιι
1101 5075 1278 5133 inulto
1312 5089 1456 5148 post,
1489 5079 1610 5132 οὐδὲ
1645 5079 1840 5148 μυιῶν,
1875 5079 1996 5132 οὺδέ

412 5147 623 5220 τούτοις
644 5145 899 5220 ἀπειλεῖ.
923 5145 1282 5220 llwschelius
1312 5145 1372 5203 in
1432 5159 1580 5220 textu
1608 5189 1622 5213 ,
1646 5145 1791 5201 ὀὐδὲ
1840 5149 1992 5220 μυῶν

411 5217 533 5269 οὑδέ
565 5217 768 5290 τούτων
789 5218 1019 5270 ἀπειλεῖ.
1059 5221 1382 5289 Speneerus,
1409 5219 1530 5272 οὐδὲ
1559 5220 1708 5290 μυῶν
1729 5217 1850 5273 ούδέ
1870 5219 1995 5274 τού-

412 5303 527 5350 τοις
561 5287 794 5340 ἀπειλεῖ.

485 5356 596 5438 (89)
640 5356 1000 5438 Ηωεειιεικίιι
1049 5368 1231 5438 testu,
1275 5358 1419 5412 τοῦτ’
1449 5361 1874 5432 ἀπαντήσωμεν.
1926 5359 1994 5415 Ει

413 5425 859 5498 maxinnnargq
878 5425 1029 5498 οἶμαι
1063 5429 1140 5482 δέ,

485 5495 600 5572 (ξω)
637 5495 1071 5572 ldermitrtextn,
1096 5502 1536 5572 προειρημένωςο

484 5567 600 5638 (91)
643 5566 984 5623 iltesehclius
1013 5577 1067 5625 et
1091 5566 1426 5640 spencerus,
1466 5573 1548 5626 ὅτι
1581 5571 1752 5636 οὕτως
1784 5573 1883 5625 οὐκ
1909 5571 1996 5628 άν-

1989 5756 2060 5772 οι-

2178 4724 2292 4799 (92)
2331 4733 2384 4782 ln
2417 4741 2576 4784 antea
2609 4730 2771 4787 editis
2804 4730 2993 4796 deest,
3027 4728 3136 4792 ὡς,
3168 4728 3314 4797 quod
3345 4724 3604 4796 suppletur
3627 4735 3655 4776 e

2108 4800 2434 4854 Philocalia.

2176 4870 2292 4938 (95)
2337 4869 2936 4943 l'hiiocalia,yéquat.
2977 4869 3146 4925 Paulo
3171 4868 3312 4924 infra
3337 4867 3651 4923 llteschel.et

2105 4939 2390 5016 Spe_n_c_er.,
2427 4939 2760 5016 ούδὲμυῶν.
3043 5009 3063 5016 _
3347 5007 3402 5016 _.
3428 5007 3460 5016 ..
3559 5005 3587 5016 ..

2176 5009 2285 5084 (94)
2321 5011 2481 5065 Κατά
2513 5005 2853 5084 [ι’-ι)’ἐαυτίοή
2887 5009 3120 5084 etc._lta
3162 5019 3309 5064 recte
3347 5005 3648 5084 Philocalia.

2103 5079 2470 5135 ma‘le’autem
2514 5079 2858 5137 Hmschelius
2899 5091 2953 5136 et
2997 5081 3339 5150 Spencerus,
3387 5079 3517 5132 κατά
3557 5079 3652 5126 τῶν

2099 5151 2292 5222 ἑαυτοῦ
2329 5151 2718 5222 συμφερόντως
2743 5151 2820 5221 τῷ
2850 5153 3010 5205 παντὶ
3044 5151 3362 5222 βουλήματι.

2173 5221 2286 5290 (95)
2329 5221 2678 5277 Haaschelius
2708 5233 2761 5275 ct
2803 5223 3127 5291 Spencerus,
3161 5221 3584 5291 καταπαύσομεν.

2172 5289 2286 5365 (96),
2322 5292 2724 5365 Θερλογοῦσαι
2748 5289 2877 5360 περὶ
2906 5291 3096 5365 αὑτρῦ
3116 5290 3486 5365 ’φασιν-ζειαὶ
3514 5289 3650 5365 1"pr-

2099 5361 2225 5432 φαῖ.
2264 5361 2360 5418 Sic
2387 5363 2712 5426 Philocalia,
2738 5375 2792 5417 et
2815 5363 2975 5417 codd.
3011 5361 3214 5433 Regius
3243 5371 3298 5433 et
3322 5361 3644 5433 Basilcensis.

2105 5424 2443 5488 liceschelius
2469 5441 2657 5504 autem
2681 5424 2737 5487 et
2779 5424 3120 5504 Spencerus,‘
3143 5430 3273 5504 περὶ
3303 5429 3460 5486 αὑτοῦ
3487 5424 3646 5481 θεολο-

2100 5503 2284 5572 γοῦσιν
2315 5507 2368 5560 αί
2402 5503 2544 5567 ἱεραὶ
2574 5501 2807 5575 Γραφαί.
