3840 6412
191 292 316 349 H81

1294 286 1579 345 CONTRA
1618 285 1895 344 CELSUM
1929 287 2058 344 LIB.
2114 287 2180 342 ν.

3284 293 3426 351 “8‘2

195 444 3383 473 μ-ρι-ι--ί-ᾙἭ

777 603 1620 722 ΩΡΙΓΕΝΟΥΣ
1677 599 2099 720 ΚΑΤΑ
2177 598 2797 722 ΚΕΛΣΟΥ

1243 827 1625 921 ΤΟΜΟΣ
1662 827 2240 918 ΠΕΜΠΤΟΣ.

390 1166 970 1262 ORIGENIS
1043 1165 1524 1261 CONTRA
1600 1163 2066 1260 CELSUM
2142 1163 2508 1257 LIBER
2579 1167 3166 1274 QUINTUS.

238 1509 304 1562 οὺ
332 1506 422 1577 τὴν
454 1500 909 1574 ἀπηγορευμένην
930 1499 1254 1568 πολυλογίαν
1282 1497 1725 1570 μεταδιώκοντες,
1756 1503 1804 1559 Α

176 1603 256 1671 ἀφ’
287 1598 346 1672 ἧς
373 1599 466 1652 οὐκ
501 1596 617 1648 ἔστι
653 1597 842 1664 φυγεῖν
872 1594 969 1664 τὴν
1001 1593 1296 1665 ἁμαρτίαν,
1332 1592 1430 1662 ἤδη
1481 1590 1727 1660 πέμπτου

175 1691 429 1766 ἀρχόμεθα
456 1688 665 1761 βιϐλίου
702 1687 837 1758 πρὸς
863 1686 924 1738 τὸ
958 1685 1170 1738 Κέλσου
1206 1683 1574 1753 σύγγραμμα,
1617 1681 1729 1751 ίερέ

185 1783 476 1855 Ἀμϐρόσιε·
503 1780 640 1843 ἀλλ’,
669 1780 769 1848 ὅση
793 1777 1050 1848 δύναμις,
1078 1775 1406 1847 πειρώμενοι
1437 1771 1600 1842 μηδὲν
1621 1770 1729 1823 τῶν

175 1879 252 1930 ὑπ’
286 1873 436 1928 αὑτοῦ
485 1872 792 1943 λεχθέντων
852 1870 1144 1943 παρελθεῖν
1180 1867 1573 1930 ἀϐασάνιστον,
1634 1865 1730 1918 καὶ

176 1971 382 2041 μάλιστα
407 1971 461 2021 ἐν
487 1962 570 2032 οἷς
602 1968 752 2034 δόξαι
779 1968 843 2022 ἄν
863 1983 970 2020 τισι
1007 1962 1244 2027 συνετῶς
1268 1961 1426 2032 ἡμῶν
1455 1959 1552 2012 καὶ
1597 1960 1728 2012 Ἰου-

172 2061 312 2115 δαίων
345 2060 799 2132 κατηγορηκέναι.
853 2059 960 2112 Καὶ
1010 2059 1055 2110 εἰ
1095 2057 1196 2130 μὲν
1243 2051 1351 2109 οἷόν
1401 2057 1447 2108 τ’
1483 2049 1552 2126 ἦν
1589 2052 1728 2123 μετά

173 2151 251 2205 τοῦ
281 2151 424 2220 λόγου
448 2151 762 2204 εἰσελθόντα
796 2151 906 2223 (97)
949 2153 1027 2214 εἰς
1058 2149 1158 2222 τὴν
1191 2149 1390 2213 παντὸς
1422 2149 1729 2203 οὑτινοσοῦν

175 2245 446 2315 συνείδησιν
475 2245 583 2298 τῶν
621 2244 1052 2314 ἐντυγχανόντων
1085 2243 1163 2314 τῷ
1197 2244 1405 2297 ἐκείνου
1442 2245 1731 2317 συγγράμ-

176 2353 318 2404 ματι,
370 2335 598 2388 ἕκαστον
646 2334 935 2401 ἐξελκύσαι
980 2333 1132 2405 βέλος
1163 2333 1463 2406 τιτρῶσκον
1517 2336 1608 2389 τὸν
1665 2337 1726 2390 οὐ

173 2431 324 2500 πάντη
374 2427 766 2501 πεφραγμένον
820 2432 886 2499 τῇ
929 2427 1201 2499 πανοπλίᾳ
1262 2428 1356 2480 τοῦ
1413 2428 1576 2493 Θεοῦ,
1632 2431 1726 2482 καὶ

173 2522 407 2575 ἐπιθεῖναι
441 2521 661 2590 λογικὸν
696 2521 1008 2592 φάρμακον,
1034 2520 1335 2592 θεραπεῦον
1365 2523 1424 2574 τὸ
1459 2523 1564 2575 ἀπὸ
1591 2519 1726 2574 Κέλ-

173 2631 250 2666 σου
283 2613 522 2686 τραῦμα,
562 2614 750 2667 ποιοῦν
791 2613 862 2685 μὴ
903 2634 919 2663 ι
946 2614 1210 2681 ὑγιαίνειν
1243 2617 1307 2685 τῇ
1341 2614 1565 2667 πίστει»
1597 2615 1724 2679 τοὺς

174 2705 506 2775 προσέχοντας
571 2704 738 2758 αὑτοῦ
789 2707 899 2767 τοῖς
934 2704 1150 2772 λόγοις’
1211 2704 1352 2756 τοῦτ’
1398 2703 1462 2757 ἂν
1498 2705 1724 2774 πεποιή-

170 2811 351 2866 ιειμεν·
375 2797 493 2850 ἐπεὶ
525 2797 582 2850 δέ
605 2795 764 2850 τοῦτο
803 2797 898 2866 μὲν
929 2797 1062 2849 Θεοῦ
1091 2795 1250 2866 ἔργον
1279 2796 1445 2858 ἐστὶν,
1478 2797 1722 2866 ἀοράτως

168 2888 421 2959 ἐπιδημεῖν
463 2889 604 2942 κατά
632 2890 693 2941 τὸ
720 2889 912 2942 ἐαυτοῦ
946 2888 1161 2958 πνεῦμα
1191 2889 1326 2959 μετά
1360 2888 1450 2941 τοῦ
1480 2889 1721 2960 πνεύμα-

169 2997 241 3043 τος
271 2981 518 3053 Χριστοῦ,
550 2978 633 3044 οἷς
674 2980 850 3051 κρίνει
886 2981 995 3033 δεῖν
1023 2979 1335 3050 ἐπιδημεῖν·
1373 2982 1505 3050 ἡμῖν
1539 2980 1594 3032 δὲ
1637 2979 1724 3032 διὰ

168 3071 314 3143 λόγων
355 3077 444 3129 καὶ
498 3077 948 3146 συγγραμμάτων
995 3075 1358 3147 πειρωμένοις
1404 3075 1724 3146 ἀνθρώπους

171 3171 491 3232 πιστοποιεῖν,
542 3168 830 3239 πρόκειται
865 3169 1040 3222 πάντα
1076 3171 1254 3222 ποιεῖν
1285 3169 1424 3238 ὑπὲρ
1460 3168 1550 3221 τοῦ
1591 3187 1725 3239 χρη-

171 3259 362 3326 ματίσαι
399 3279 414 3311 ι
442 3261 680 3330 ἐργάτας
719 3260 1178 3330 ἀνεπαισχύντους
1206 3260 1339 3331 (98),
1370 3260 1726 3332 ὀρθοτομοῦν-

166 3365 244 3413 τας
287 3352 369 3406 τὸν
418 3352 574 3421 λόγον
630 3353 728 3422 τῆς
763 3352 1048 3423 ἀληθείας·
1084 3373 1102 3404 ι
1151 3351 1208 3404 ἓν
1264 3352 1320 3404 δὲ
1345 3351 1452 3404 τῶν
1507 3352 1723 3404 πάντων

167 3436 278 3494 εἶναι
313 3443 435 3514 ἡμῖν
480 3444 734 3512 φαίνεται
777 3443 868 3494 καὶ
905 3442 970 3496 τὰ
1027 3442 1227 3495 πιθανά
1273 3441 1349 3512 τῷ
1378 3442 1575 3512 Κέλσῳ
1613 3440 1721 3512 (99)

167 3533 280 3585 κατά
311 3536 366 3588 τὸ
395 3535 616 3588 δυνατὸν
637 3536 769 3605 ἡμῖν
798 3534 953 3588 λῦσαι
981 3535 1185 3598 πιστῶς
1213 3534 1425 3588 ποιοῦσι
1453 3534 1512 3586 τὸ
1551 3549 1720 3604 προσ-

170 3626 464 3694 τεταγμένον
505 3626 613 3679 ὑπὸ
681 3625 811 3678 σοῦ·
865 3627 984 3698 φέρ’
1021 3627 1306 3698 ἐκθέμενοι
1339 3625 1408 3679 τὰ
1447 3625 1573 3695 ἐξῆς
1613 3627 1724 3689 τοῖς

166 3713 345 3768 Κέλσου
397 3715 606 3785 λόγοις,
656 3716 791 3788 πρὸς
837 3715 930 3780 οὓς
976 3717 1278 3786 φθάσαντες
1327 3715 1724 3786 ἀπηντήσαμεν

167 3810 337 3875 (κρινεῖ
357 3808 410 3862 δὲ
435 3811 462 3862 ὁ
503 3809 874 3879 ἐντυγχάνων,
908 3811 956 3861 εί
986 3809 1081 3863 καὶ
1110 3808 1492 3880 ἀνετρέψαμεν
1519 3807 1624 3877 (1)’
1655 3805 1724 3859 τὰ

168 3899 280 3969 πρὸς
317 3902 444 3955 αὐτά
483 3902 874 3972 ἐπαγάγωμενο
920 3902 1050 3965 Θεὸς
1100 3901 1156 3954 δὲ
1185 3901 1297 3973 δῴη
1343 3901 1418 3973 μὴ
1456 3900 1598 3971 ψιλῴ
1631 3901 1725 3953 καὶ

166 3992 325 4063 γυμνῷ
363 3995 637 4065 θειότητος
684 3993 762 4064 τῷ
791 3994 1043 4065 ἡμετέρῳ
1080 3995 1157 4065 νῷ
1191 3997 1285 4048 καὶ
1318 3995 1464 4065 λόγῳ
1495 3994 1630 4067 πρὸς
1663 3994 1722 4046 τὸ

168 4088 490 4159 προκείμενον
523 4087 812 4158 γενέσθαιί
864 4089 988 4160 ἴν’ή
1028 4090 1209 4154 πίστις
1256 4091 1383 4153 τῶν,
1427 4090 1520 4154 οὒς
1570 4091 1722 4161 εὐχό-

1905 1497 1958 1555 i.
1997 1497 2152 1563 Quod
2198 1497 2312 1566 jam
2349 1499 2596 1569 quintum
2627 1506 2820 1555 contra
2859 1501 3000 1558 Celsi
3053 1502 3422 1573 censet-iptio.-

1832 1607 1956 1647 nem
1989 1592 2188 1646 librum
2219 1593 2532 1662 aggredior,
2566 1593 2655 1664 pie
2684 1595 2970 1673 Ambrosi,
3002 1610 3108 1649 non
3143 1610 3210 1651 eo
3246 1597 3409 1663 iacio,

1832 1687 1975 1757 quod
2006 1687 2234 1741 multum
2268 1688 2412 1757 loqui
2444 1689 2608 1744 velim
2635 1704 2651 1744 :
2681 1685 2734 1745 id
2766 1692 2910 1746 enim
2939 1691 3166 1746 vetitum
3225 1702 3307 1748 est
3337 1693 3409 1759 ⁷⁸,

1831 1794 1932 1833 nec
1984 1779 2100 1834 ﬁeri
2136 1781 2253 1835 sine
2281 1790 2504 1852 peccato
2543 1791 2752 1852 potest;
2804 1784 2898 1840 sed
2944 1793 3022 1851 ut,
3054 1783 3232 1854 quoad
3267 1785 3416 1840 vires

1831 1869 1977 1927 ferre
2006 1881 2259 1941 possunt,
2289 1872 2425 1927 nihil
2453 1888 2640 1929 eorum
2661 1889 2782 1944 quae
2809 1876 2968 1941 dixit,
3001 1884 3057 1930 et
3081 1889 3142 1927 ea
3176 1877 3415 1931 maxime

1832 1978 1954 2033 quae
1998 1966 2324 2034 quibusdam
2359 1967 2580 2020 videtur
2612 1981 2720 2020 non
2751 1968 2985 2022 absurde
3015 1966 3169 2021 nobis
3190 1964 3416 2020 Judaeis—

1830 2071 1937 2126 que
1964 2056 2296 2127 objectasse,
2332 2073 2438 2113 non
2469 2059 2840 2113 examinatum
2890 2067 3196 2128 prmtereat.
3238 2058 3415 2127 Atque

1830 2151 2036 2204 utinam
2093 2166 2309 2222 possem
2347 2151 2508 2206 simul
2545 2167 2667 2206 eum
2715 2166 2968 2206 sermone
3023 2160 3310 2216 penetrare
3359 2151 3415 2207 in

1830 2240 2040 2295 animos
2068 2242 2311 2296 omnium
2340 2243 2429 2311 qui
2464 2243 2516 2296 in
2548 2242 2667 2311 ejus
2710 2242 2976 2312 scriptum
3009 2243 3293 2307 incidunt,
3325 2242 3412 2296 in-

1829 2333 2005 2403 deque
2028 2333 2189 2387 telum
2218 2333 2452 2389 evellere
2475 2349 2584 2403 quo
2607 2333 2931 2390 vulneratur
2965 2334 3278 2404 quicunque
3305 2350 3414 2390 non

1829 2438 1912 2485 est
1945 2437 2226 2483 armatura
2261 2429 2356 2484 Dei
2384 2430 2626 2484 munitus
2644 2430 2711 2495 ⁷¹,
2741 2429 3123 2496 idoneumque'
3149 2428 3414 2486 adhibere

1829 2520 2129 2573 remedium
2163 2519 2406 2582 vulneri,
2436 2535 2541 2589 quo
2577 2521 2637 2575 ﬁt
2668 2530 2726 2574 ιιι
2762 2522 2881 2592 ejus
2912 2521 3143 2576 lectores
3170 2536 3273 2576 non
3300 2522 3413 2576 sint

1834 2626 1853 2659 ι
1878 2609 1993 2663 sani
2025 2609 2080 2662 in
2113 2609 2314 2676 ﬁde";
2342 2629 2360 2662 ι
2398 2611 2500 2664 hoc
2527 2610 2782 2679 equidem
2821 2611 2952 2665 nihil
2983 2609 3206 2666 fecerim
3237 2611 3412 2666 liben-

1829 2698 1954 2753 tius.
1996 2698 2103 2754 Sed
2126 2701 2385 2770 quoniam
2414 2701 2582 2755 solius
2603 2701 2692 2755 Dei
2715 2709 2796 2756 est
2821 2701 2981 2757 modo
2995 2703 3226 2771 quodam
3246 2701 3415 2774 578

1829 2790 2089 2846 invisibili
2122 2793 2275 2846 adire
2307 2793 2605 2846 secundum
2656 2807 2813 2846 suum
2863 2795 3114 2860 spiritum
3146 2809 3252 2847 una
3283 2809 3409 2848 cum

1827 2883 2034 2938 Christi
2088 2884 2282 2954 spiritu
2314 2898 2443 2947 eos,
2478 2883 2544 2938 ad
2588 2897 2724 2952 quos
2757 2883 2944 2938 venire
2990 2884 3200 2953 judicat
3231 2899 3412 2955 operte

1826 2977 2096 3045 pretium;
2132 2975 2315 3041 nobis,
2350 2978 2593 3045 quicum
2630 2991 2884 3032 sermone
2920 2984 3032 3031 tum
3057 2977 3275 3048 scriptis
3309 2980 3409 3034 ho-

1825 3065 2000 3119 mines
2031 3068 2099 3118 ad
2118 3064 2275 3119 ﬁdem
2309 3080 2571 3119 conamur
2603 3065 2898 3133 adducere,
2938 3066 2990 3120 id
3022 3082 3185 3122 unum
3213 3081 3412 3138 propo-

1825 3162 1989 3215 situm
2043 3168 2127 3212 est
2185 3158 2370 3212 omnia
2419 3158 2670 3224 elliccre,
2720 3169 2780 3212 ut
2813 3174 3076 3214 vocemur
3130 3161 3410 3230 «operarii

1828 3252 2269 3319 inconfusibiles,
2296 3261 2443 3307 recte
2466 3259 2767 3305 tractantes
2788 3253 3012 3306 verbum
3035 3252 3285 3307 veritatis
3302 3252 3406 3308 τι.)

1829 3348 2002 3402 Unum
2053 3355 2236 3400 autem
2271 3360 2337 3399 ex
2381 3346 2447 3399 iis
2475 3344 2728 3399 omnibus
2761 3344 2977 3398 videtur
3006 3360 3160 3410 esse,
3208 3346 3253 3401 si
3302 3347 3410 3402 tuis

1819 3439 1988 3510 jussis
2041 3437 2278 3492 ﬁdeliter
2330 3439 2752 3508 obtemperans,
2818 3453 2916 3508 pro
2967 3438 3177 3492 viribus
3228 3439 3410 3494 enitar

1825 3532 2135 3589 convellere
2171 3547 2293 3600 quae
2327 3531 2487 3585 Celso
2525 3531 2722 3586 similia
2756 3531 2871 3585 veri
2902 3533 3018 3585 visa
3049 3539 3195 3587 sunt.
3228 3533 3411 3599 Quare

1825 3639 1946 3694 age,
1980 3639 2127 3678 nunc
2153 3623 2469 3678 refellamus
2497 3639 2615 3693 qua:
2653 3622 2844 3679 Celsus
2867 3625 3015 3677 addit
3045 3625 3113 3680 iis
3145 3641 3266 3695 quae
3298 3629 3406 3696 jam

1827 3727 1952 3772 ante
1997 3716 2322 3786 repulimus.
2386 3718 2468 3771 An
2520 3716 2684 3770 etiam
2734 3717 3132 3784 everterimus,
3188 3719 3408 3775 lectoris

1826 3821 1943 3866 esto
1989 3811 2276 3880 judicium.
2320 3811 2479 3865 Faxit
2513 3811 2658 3864 Deus
2689 3818 2747 3863 ut
2793 3826 2860 3865 ne
2892 3813 2958 3866 ad
2997 3812 3137 3868 hanc
3167 3813 3412 3883 disputa-

1828 3905 2030 3960 tionem
2062 3903 2353 3958 aﬁ‘eramus
2395 3905 2638 3957 animum
2667 3918 3088 3975 sermonemque
3112 3907 3313 3961 nudum
3345 3922 3409 3962 ac

1827 3999 2109 4053 divinitate
2140 4013 2409 4062 vacuum,
2464 3997 2581 4052 sine
2634 4014 2737 4068 qua
2792 3998 2925 4053 ﬁdes
2973 4014 3159 4053 eorum
3209 3999 3408 4069 quibus

1826 4091 2087 4159 prodesse
2119 4092 2402 4159 cupimus,
2439 4091 2676 4144 humana
2724 4097 2934 4145 tantum
2970 4091 3235 4160 sapientia
3270 4091 3408 4144 nite-

169 4177 283 4246 μεθα
312 4170 802 4253 ιῖιφεληθῆναι,’μὴ
921 4181 977 4232 ἐν
1018 4182 1179 4253 σοφίᾳ
1222 4181 1559 4253 ἀνθρώπων·
1595 4183 1718 4236 νοῦν

1831 4190 2024 4237 retur:
2066 4183 2160 4237 sed
2208 4192 2267 4236 ut
2314 4183 2507 4251 spiritu
2541 4182 2742 4237 Christi
2791 4192 3019 4252 accepto
3065 4183 3133 4236 ab
3181 4197 3248 4236 eo
3314 4182 3406 4250 qui

165 4265 208 4321 δὲ
234 4273 450 4342 Χριστοῦ
500 4273 760 4337 λαϐόντες
809 4274 915 4326 ἀπὸ
953 4275 1046 4327 τοῦ
1100 4275 1260 4345 μόνου
1289 4276 1522 4340 διδόντος
1554 4277 1714 4331 αὑτὸν

167 4358 347 4434 Πατρὸς
376 4364 557 4429 αὐτοῦ,
595 4367 690 4418 καὶ
725 4365 861 4437 πρὸς
888 4366 982 4436 τὴν
1019 4368 1253 4438 μετοχὴν
1291 4368 1385 4420 τοῦ
1433 4369 1587 4436 λόγου
1621 4369 1714 4422 τοῦ

167 4447 274 4504 Θεοῦ
313 4454 698 4526 βοηθηθέντες,
742 4475 758 4507 ι
787 4457 894 4508 πᾶν
937 4456 1139 4528 ὕψωμα
1173 4459 1531 4529 ἐπαιρόμενον
1577 4458 1719 4512 κατὰ

167 4540 242 4611 τῆς
267 4545 507 4612 γνώσεως
538 4549 632 4601 τοῦ
664 4546 799 4600 Θεοῦ
825 4567 841 4598 ι
877 4548 1218 4619 καθέλοιμεν,
1244 4552 1338 4603 καὶ
1363 4553 1422 4604 τὸ
1447 4551 1614 4623 οἴημα
1642 4552 1716 4624 (‘2)

166 4632 341 4691 Κέλσου
381 4639 502 4692 καθ’
530 4640 692 4711 ἡμῶν
728 4640 820 4693 καὶ
856 4641 995 4693 κατά
1028 4641 1121 4694 τοῦ
1160 4641 1333 4711 Ἰησοῦ
1369 4641 1526 4712 ἡμῶν
1561 4645 1718 4695 ἐπαι-

169 4727 379 4794 ρομένου,
413 4729 490 4783 ἐτι
524 4730 582 4783 δέ
629 4731 725 4783 καὶ
762 4731 902 4783 κατὰ
932 4731 1215 4795 Μωῦσέως
1239 4772 1252 4796 ,
1302 4733 1394 4786 καὶ
1440 4733 1546 4786 τῶν
1583 4751 1718 4804 προ-

168 4819 317 4887 φητῶν
336 4839 347 4851 ·
383 4823 596 4878 ἴναιτοῦ
624 4825 859 4889 διδόντος
888 4827 953 4896 ρῆ
963 4845 1038 4896 μα
1065 4829 1178 4890 τοῖς
1204 4825 1718 4897 εὐαγγελιζομένοις

167 4907 354 4982 δυνάμει
386 4916 552 4989 πολλῇ
579 4919 730 4982 ,ικαὶ
765 4921 896 4990 ἡμῖν
923 4919 1064 4973 τοῦτ’
1100 4919 1584 4990 ἐπιχορηγοῦντός,
1623 4921 1716 4973 καὶ

168 5000 242 5072 τὴν
272 5008 459 5081 πολλὴν
509 5010 738 5081 δύναμιν
770 5011 1134 5082 δωρουμένου,
1188 5012 1478 5084 ἐγγένηται
1529 5012 1712 5077 πίστις

169 5096 255 5158 τοῖς
294 5100 689 5174 ἐντευξομένοις
732 5105 790 5155 ἐν
823 5103 964 5173 λόγῳ
997 5103 1092 5158 καὶ
1134 5103 1361 5173 δυνάμει
1405 5103 1499 5156 τοῦ
1549 5103 1705 5157 Θεοῦ.

1826 4273 1974 4328 solus
2005 4273 2157 4327 illum
2189 4274 2281 4327 dat
2310 4272 2496 4339 Pater,
2530 4283 2584 4326 et
2610 4275 2675 4326 ad
2717 4273 3124 4342 intelligendum
3159 4273 3253 4326 Dei
3283 4287 3409 4326 ver-

1826 4369 1955 4423 bum
1992 4367 2161 4436 adjuti
2189 4409 2203 4436 ,
2243 4385 2260 4419 ι
2286 4383 2502 4422 omnem
2541 4366 2879 4420 altitudinem
2916 4377 3108 4423 contra
3145 4369 3413 4436 cognitio-

1828 4475 1952 4515 nem
1993 4459 2084 4515 Dei
2111 4475 2171 4515 se
2205 4461 2623 4518 extollentem"
2651 4481 2670 4514 ι
2708 4463 3058 4517 dcslruamus
3080 4501 3095 4526 ,
3137 4461 3410 4530 simulque

1830 4553 1975 4609 Celsi
2015 4551 2250 4620 fastum,
2289 4569 2398 4623 quo
2448 4555 2499 4608 in
2534 4569 2657 4620 nos,
2712 4555 2765 4606 iu
2799 4551 2983 4608 Jesum
3036 4563 3316 4617 nostrum,
3354 4552 3411 4608 in

1831 4646 2074 4716 Moysen]
2101 4655 2158 4699 et
2183 4647 2477 4716 prophetas
2503 4646 2807 4712 insolescit,
2842 4641 3220 4716 reprimamus.
3252 4644 3414 4699 Faxit

1831 4741 1957 4805 ille,
2011 4739 2274 4808 inquam,
2321 4740 2413 4808 qui
2453 4739 2590 4793 idat
2635 4739 2862 4794 verbum
2908 4739 3412 4808 evangelizantibus
3450 4743 3459 4752 '

1829 4832 2033 4886 virtute
2066 4832 2236 4885 inulta
2258 4831 2327 4896 ⁷⁸,
2354 4851 2371 4878 ι
2408 4840 2502 4896 ut,
2533 4830 2723 4886 eodem
2757 4832 2924 4886 verbo
2964 4832 3121 4888 nobis
3146 4846 3411 4887 concesso

1827 4923 2107 4991 multaque
2143 4923 2340 4976 virtute
2366 4924 2528 4988 data,
2559 4923 2694 4979 ﬁdes
2729 4925 2892 4980 verbo
2924 4935 2978 4978 et
3002 4932 3270 4995 potestate
3312 4923 3410 4981 Dei

1826 5017 2047 5072 ﬁrmata
2086 5017 2140 5071 in
2171 5017 2464 5073 lectoribus
2499 5017 2831 5076 innascatur.

226 5262 262 5296 "
297 5265 446 5323 Prov.
489 5270 658 5336 3,19.
731 5271 778 5303 ⁷⁸
807 5269 1006 5341 Eplies.
1028 5289 1108 5340 vt,
1141 5273 1228 5328 Η.
1305 5273 1352 5305 ⁷³
1377 5272 1486 5328 Tit.
1516 5290 1576 5342 ιι,
1609 5273 1662 5329 2.

1836 5275 1857 5330 l
1890 5276 2032 5332 Tim.
2065 5291 2124 5344 ll,
2157 5276 2240 5332 15.
2313 5275 2359 5306 ⁷⁵
2387 5272 2429 5328 ιι
2470 5273 2598 5330 Cor.
2624 5289 2681 5341 ι,
2706 5273 2760 5330 5.
2834 5273 2882 5306 ⁷⁸
2912 5271 3057 5327 Psal.
3092 5285 3262 5338 uvu,
3290 5267 3380 5328 12.

226 5430 319 5514 {97)
353 5438 744 5514 utquam-ta.
774 5439 963 5494 Melius
981 5440 1335 5514 scriberetur,
1351 5439 1714 5508 εἰσελθόντας,

1831 5444 2043 5514 quidem
2079 5443 2334 5514 videtur,
2371 5443 2531 5496 codd.
2564 5439 2871 5514 Anglicani
2902 5438 3106 5514 habent
3155 5437 3206 5491 in
3255 5451 3407 5514 mar-

174 5500 240 5573 vel
265 5500 578 5573 εἰσελθόντος
605 5550 620 5573 ,
659 5518 718 5562 ιιι
767 5520 950 5564 mouet
981 5511 1319 5566 Bohercllus.

362 5570 924 5652 ᾉΪεπᾴιὰχύντρινς.
980 5583 1136 5645 Mss.,
1173 5581 1639 5652 ἁνεπαισχύντως.

178 5642 320 5766 Κὲἓέ
357 5647 436 5713 τῷ
489 5642 724 5718 Κέλοῖξρ.
800 5642 976 5706 Malim
1033 5642 1158 5710 cum
1214 5642 1529 5719 Boherello,
1603 5642 1712 5707 ’τοῦ

266 5746 270 5756 ι
319 5736 362 5769 υ.

439 5792 534 5848 καὶ
575 5793 1045 5878 ἀνετρέεῧοαμεν.-
1088 5792 1164 5849 Ιιιι
1221 5803 1398 5864 recte,
1463 5805 1521 5850 ut
1580 5793 1711 5850 mihi

305 5573 321 5714 ξ

1822 5505 1966 5585 έίιιιι.
2011 5513 2166 5569 Libb.
2201 5513 2369 5585 editi,
2397 5515 2446 5565 εἰ
2494 5512 2586 5566 καὶ
2629 5505 2810 5585 καλῶς
2850 5509 3272 5585 ἀνεγράψαμεν.-
3297 5505 3412 5585 ﬁle-

1822 5576 1943 5666 runt
1995 5587 2076 5666 ab_
2104 5584 2370 5666 omnibus
2409 5600 2549 5666 _mss.
2592 5583 2746 5638 abest
2790 5576 3004 5666 καλῷς,
3053 5576 3164 5666 quo
3193 5576 3406 5634 sublato

1819 5655 2029 5710 nullum
2065 5655 2153 5708 hic
2194 5655 2372 5708 locum
2409 5654 2613 5710 habere
2647 5663 2854 5722 potest,
2888 5648 3294 5724 ἀνεγράψαμενῖ

1894 5724 1971 5796 (2)
2011 5724 2237 5798 Καί-τὸ
2293 5724 2492 5798 οἴημα.
2571 5717 2736 5781 Forte
2765 5717 3308 5798 .scribend'um,’xa.l.
3342 5717 3402 5770 τὸ

1821 5794 2021 5870 νόημα,
2062 5811 2091 5851 c
2121 5794 2160 5850 ll
2189 5797 2314 5852 Cor.
2342 5812 2396 5862 ιι,
