3840 6412
1966 287 2287 347 ORIGE-NIS

580 385 637 443 2.
678 386 757 443 Ac
805 390 1036 460 primum
1084 395 1302 464 quidem
1335 402 1618 461 refutanda
1662 417 1788 465 sunt
1821 411 1934 470 hare
1963 417 2024 482 ejl

580 475 672 511 νιν»
707 491 721 506 ο
756 496 776 511 ι
807 478 987 511 Nan-un
1021 481 1162 511 nn..-
1231 502 1256 511 ..
1312 487 1474 511 1--›---
1521 502 1559 511 -.
1608 494 1664 511 η.
1721 499 1732 511 .
1773 500 1804 511 _.
1887 502 1898 511 .

2131 415 2158 472 ι
2254 417 2547 489 Πρόκειται
2581 421 2672 478 οὖν
2703 425 2798 479 νῦν
2832 428 2927 500 τὴν
2954 431 3123 499 οὕτως
3151 437 3376 509 ἔχουσαν
3420 445 3564 503 αὐτοῦ
3603 455 3697 511 ἀνα-

508 475 673 529 verba
706 491 721 529 :
756 496 776 528 ι
803 478 987 548 Neque
1018 481 1192 555 Deus,
1227 502 1260 543 ο
1305 487 1474 547 ,ἰυᾱωὶ
1511 502 1566 549 et
1606 494 1934 567 Christiani,
1973 475 2072 559 ne-

504 578 610 633 que
641 565 736 623 Dei
773 569 946 628 Filius
977 584 1070 630 aut
1103 577 1386 638 descendit
1431 595 1525 640 aut
1565 587 1881 648 descendet.
1917 565 2073 662 Quod

501 657 545 709 si
592 657 660 712 de
702 660 908 730 a'ngelis
954 664 1097 722 istud
1153 672 1562 746 intelligendum
1618 697 1744 742 esse
1787 687 2070 756 dixeritis,

500 746 726 814 quinam
762 751 838 806 illi
878 754 1022 821 sint,
1059 759 1245 818 dicite.
1288 766 1442 825 Diine
1470 784 1626 840 sunt,
1657 793 1726 832 an
1756 783 1897 848 quod
1925 746 2070 840 aliud

497 840 711 906 genus?
750 842 950 914 Audio,
977 861 1100 907 sunt
1121 857 1253 924 quid
1287 860 1470 930 aliud,
1507 880 1702 939 nempe
1733 840 2022 933 dieniones.
2045 897 2064 930 ι

496 925 657 983 Celso
680 933 880 1002 saepius
903 940 1094 996 eadem
1133 945 1351 1005 iteranti
1388 952 1528 1024 (jam
1558 959 1702 1015 enim
1736 964 1854 1019 haec
1890 969 1940 1021 in
1976 984 2068 1024 su-

493 1023 802 1088 perioribus
851 1044 957 1089 non
1011 1038 1180 1092 semel
1228 1023 1466 1118 dixerat)
1519 1051 1653 1105 nihil
1713 1070 1935 1115 necesse
1983 1073 2065 1118 est

490 1113 737 1179 pluribus
764 1126 1121 1190 respondere.
1162 1131 1307 1189 Salis
1327 1137 1530 1195 fuerint
1557 1159 1619 1198 ea
1650 1162 1770 1217 quae
1801 1151 2064 1212 hactenus

489 1205 792 1263 attulimus.
835 1211 1013 1270 Pauca
1047 1227 1226 1276 tamen
1268 1240 1330 1280 ex
1370 1227 1648 1301 pluribus,
1677 1253 1911 1298 consona
1942 1249 2063 1314 qui-

495 1293 605 1314 ,,A__
644 1295 682 1314 ,ί
805 1303 834 1314 ..
900 1305 910 1314 .
1093 1312 1101 1314 ξ

1370 1293 1381 1297 _
1635 1293 1646 1301 ,
1791 1293 1911 1298 ηπ
1945 1293 2031 1314 .,,.

489 1293 610 1348 dem
637 1295 750 1364 jam
784 1303 978 1372 dictis,
1010 1312 1103 1364 sed
1143 1330 1261 1382 qua:
1287 1333 1393 1372 non
1431 1327 1654 1380 omnino
1686 1336 1934 1390 eumdem
1966 1342 2062 1393 ha-

482 1381 614 1438 bent
669 1404 927 1461 sensum,
969 1400 1293 1460 referemus.
1350 1408 1487 1466 llinc
1546 1417 1691 1471 enim
1733 1425 1912 1489 palam
1970 1430 2060 1485 lict

481 1472 730 1545 Celsum,
787 1500 910 1541 cum
957 1497 1259 1559 generatim
1306 1515 1469 1574 negat
1521 1511 1587 1564 ad
1636 1513 1888 1575 homines
1958 1523 2056 1579 de—

477 1571 763 1629 scendisse
818 1579 982 1636 ullum
1030 1585 1199 1644 Deum
1245 1603 1338 1650 aut
1390 1597 1490 1654 Dei
1529 1600 1762 1676 Filium,
1809 1624 2057 1674 evertere

474 1655 724 1720 funditus
760 1670 1072 1737 opinionem
1107 1683 1248 1750 apud
1295 1688 1498 1747 mullos
1530 1655 1903 1770 pervulg'atam
1933 1715 1986 1761 et
2023 1725 2055 1764 ιι

475 1761 537 1804 se
571 1752 686 1822 ipso
726 1773 886 1829 supra
919 1780 1317 1839 propugnatam
1345 1820 1360 1845 ,
1413 1782 1581 1838 Deum
1621 1785 1764 1843 inter
1807 1792 2054 1855 homines
2082 1771 2131 1832 Β

477 1845 814 1911 apparuisse.
857 1851 923 1906 Et
949 1855 1103 1912 eerte
1147 1863 1191 1916 si
1226 1879 1416 1922 verum
1463 1883 1547 1926 est
1579 1877 1723 1944 quod
1757 1883 2050 1942 universim

471 1933 586 2001 ait,
635 1952 738 1993 nec
775 1941 943 1998 ullum
993 1949 1202 2020 Deum,
1236 1972 1338 2013 nec
1363 1960 1458 2016 Dei
1483 1964 1679 2021 Filium
1707 1969 2052 2036 descendisse

470 2034 569 2080 aut
601 2029 992 2092 descensurum
1019 2057 1171 2108 esse;
1206 2047 1425 2106 frustra.
1440 2066 1562 2111 sunt
1586 2061 1678 2130 qui
1708 2075 1899 2134 putant
1928 2084 2052 2127 esse

469 2115 602 2173 deos
632 2123 721 2190 qui
755 2139 784 2178 e
821 2129 961 2184 caelo
1008 2132 1336 2195 delabuntur
1368 2143 1421 2198 in
1455 2157 1654 2204 terram
1680 2193 1694 2219 ,
1747 2167 1804 2211 ut
1836 2160 1920 2214 vel
1952 2162 2049 2218 bo-

467 2208 645 2266 mines
705 2215 771 2269 de
829 2218 1027 2278 futuris
1061 2229 1223 2284 rebus
1255 2247 1664 2309 prmmoneant,
1711 2248 1797 2302 vel
1842 2253 2046 2310 morbis

464 2311 566 2366 per
604 2306 824 2360 oracula
860 2317 1201 2373 medeantur.
1256 2321 1427 2394 Igitur
1479 2346 1577 2385 nec
1621 2333 1883 2406 Pythius,
1944 2357 2045 2399 nec

463 2388 833 2464 Esculapius,
870 2417 967 2456 nec
997 2405 1132 2462 alius
1161 2388 1389 2481 quilibet
1417 2433 1481 2473 ex
1513 2421 1604 2486 iis,
1634 2388 1893 2498 adquibus
1927 2434 2042 2492 lucc

459 2479 576 2537 ﬁeri
615 2486 852 2556 vulgaris
889 2492 997 2550 fert
1030 2500 1248 2572 opinio,
1306 2507 1448 2565 Deus
1487 2513 1652 2570 fuerit
1712 2521 1766 2573 in
1834 2532 2036 2582 terram

458 2573 738 2647 delapsus;
770 2594 860 2638 aut
889 2587 932 2640 si
969 2589 1107 2647 Deus
1138 2595 1229 2661 sit,
1275 2599 1416 2657 Deus
1451 2615 1534 2659 est
1580 2624 1609 2660 a
1642 2612 1770 2667 sede
1806 2615 2032 2674 deorum

453 2668 609 2722 exsul
655 2683 816 2742 atque
848 2683 1084 2738 extorris
1115 2688 1316 2758 quique
1350 2700 1550 2751 terram
1599 2714 1862 2771 perpetuo
1880 2709 2036 2768 inco-

452 2759 667 2820 lendam
698 2771 940 2838 accepit;
971 2785 1066 2830 aut
1094 2794 1234 2836 unus
1265 2797 1329 2838 ex
1360 2786 1467 2843 illis
1496 2759 1615 2858 est,
1639 2759 1804 2868 5'79
1835 2759 2033 2871 quibus

453 2854 680 2911 deorum
713 2866 992 2920 consortio
1021 2869 1126 2923 frui
1157 2887 1267 2928 non
1305 2877 1464 2934 datur
1490 2904 1502 2937 :
1539 2894 1635 2940 aut
1661 2893 1898 2966 omnino,
1922 2914 2028 2956 non

457 2943 525 2966 J22
559 2958 677 2966 ---μ-
719 2951 734 2966 ι
831 2953 862 2966 ¹¹
1045 2958 1085 2966 ”“
1197 2963 1206 2966 ³

453 2943 529 3000 dii
556 2958 684 3002 sunt
705 2951 902 3021 Apollo
932 2967 988 3011 et
1019 2958 1372 3035 Esculapius
1409 2983 1462 3026 et
1494 2986 1760 3048 quotquot
1788 2985 1842 3040 in
1883 2961 2027 3046 terra

447 3036 727 3107 quidpiam
778 3043 964 3103 facere
1007 3055 1336 3125 creduntur;
1394 3036 1525 3119 sunt

446 3127 717 3188 (immunes
787 3137 957 3194 multo
1029 3141 1098 3199 iis
1164 3146 1481 3209 hominibus
1541 3157 1868 3232 inferiores,
1929 3173 2022 3240 qui

444 3221 714 3289 sapientia
762 3229 1125 3304 claruerunt,
1185 3255 1433 3315 quosque
1478 3249 1666 3319 virtus,
1703 3258 1770 3313 ad
1825 3263 2021 3320 caelum

441 3313 644 3369 evexit.

511 3404 565 3460 5.
600 3407 674 3462 Ex
705 3409 771 3465 iis
807 3412 924 3468 vide
953 3416 1194 3490 Celsum,
1225 3423 1352 3479 dum
1389 3439 1570 3485 nostra
1611 3434 1828 3494 diruere
1860 3446 2022 3501 moli-

439 3502 546 3563 tur,
579 3507 749 3556 totum
780 3503 1106 3574 Epicureum
1141 3529 1280 3581 esse,
1305 3523 1553 3586 quamvis
1579 3525 1720 3583 istud
1750 3547 2018 3603 nusquam

1569 3070 1748 3137 potius
1804 3077 2096 3171 quidam:
2131 3090 2329 3156 σοφῶν,
2385 3096 2478 3149 καὶ
2538 3101 2632 3152 ἐπὶ
2683 3103 2780 3176 τὴν
2825 3070 2996 3176 ’ἁψῖδα

433 3591 516 3644 sui
555 3594 739 3665 scripti
772 3597 1021 3656 fateatur.
1056 3605 1316 3676 Quisquis
1357 3611 1521 3682 igitur
1548 3617 1693 3676 Celsi
1735 3638 2017 3688 sermenes

433 3682 569 3754 legis
599 3695 653 3742 et
688 3694 982 3759 approbas,
1013 3707 1102 3751 aut
1131 3706 1437 3772 negandum
1471 3711 1564 3766 tibi
1595 3725 1679 3770 est
1709 3717 1875 3777 Deum
1910 3726 2015 3781 huc

432 3775 722 3848 advenire,
773 3784 867 3854 qui
903 3788 1128 3858 singulis
1181 3795 1495 3856 hominibus
1532 3809 1858 3878 prospiciat;
1919 3830 2012 3874 aut

428 3864 538 3923 hoc
563 3871 607 3924 si
637 3873 956 3943 admiseris,
992 3883 1184 3941 Celsus
1220 3892 1488 3947 mendacii
1539 3903 1867 3968 arguendus.
1911 3909 2008 3964 Sin

429 3967 634 4027 autem,
661 3973 720 4018 ιιι
750 3967 862 4022 haec
891 3969 1034 4027 Celsi
1072 3988 1197 4030 vera
1233 3980 1364 4046 sint,
1399 3967 1802 4048 Providentiam
1826 4007 2005 4055 sustu-

425 4046 557 4106 leris
585 4069 598 4118 ;
642 4055 832 4112 falsum
857 4063 961 4116 erit
990 4068 1132 4134 quod
1165 4070 1271 4125 alio
1303 4073 1355 4127 in
1384 4076 1504 4133 loco
1532 4081 1785 4153 afﬁrmat,
1813 4107 1829 4140 ι
1862 4092 1992 4148 deos

422 4153 546 4196 csse
599 4154 653 4200 et
706 4147 1140 4212 Providentiam.
1208 4180 1226 4213 ι
1286 4163 1439 4230 Quod
1495 4171 1539 4224 si
1585 4173 1746 4232 Celso
1785 4186 2001 4253 neganti

427 4248 447 4284 ι
486 4233 652 4291 Deum
679 4250 771 4294 aut
804 4242 896 4298 Dei
929 4244 1123 4302 Filium
1156 4252 1504 4316 descendisse
1535 4266 1601 4319 ad
1637 4233 1885 4328 homine;
1909 4286 2000 4332 aut

418 4325 803 4390 descensurum
835 4351 955 4393 esse
989 4360 1008 4391 ι
1045 4357 1150 4398 non
1179 4353 1478 4407 assenseris
1505 4395 1518 4419 ,
1569 4356 2002 4421 Providentiam-

2180 509 2381 580 τρέψαι
2412 511 2556 578 λέξιν
2576 532 2589 546 ·
2634 537 2652 569 ι
2675 518 2807 584 Θεὸς
2827 524 2944 592 μὲν,
2971 519 3015 578 ὦ
3060 529 3296 587 Ἰουδαῖοι
3313 537 3402 588 καὶ
3426 539 3694 617 Χριστιανοὶ,

2185 616 2192 617 ,
2253 595 2278 617 c-
2311 602 2350 617 n
2417 603 2443 614 ~
2559 610 2580 617 ·-
2685 610 2735 617 ’⁸
2768 612 2778 617 ‘
2887 614 2906 617 "

2181 595 2278 654 καῖ
2309 602 2444 656 Θεοῦ
2480 610 2609 671 παῖς
2646 610 2821 678 οὐδεὶς
2853 614 2974 669 οὔτε
3009 621 3310 692 κατῆλθεν,
3341 595 3693 697 οὗτεικατέλθοζ

2176 690 2239 744 Ei
2273 692 2328 746 δέ
2380 712 2534 762 τινας
2567 699 2831 770 ἀγγέλους
2887 711 3056 778 φατὲ,
3105 690 3257 781 τίνας
3298 690 3510 790 τούτους

2178 785 2332 852 θεοὺς
2357 829 2372 853 ,
2421 789 2453 861 ἧ
2497 792 2625 850 ἄλλο
2677 816 2730 852 τι
2779 801 2967 869 γένος;
3028 807 3189 862 Ἀλλο
3231 830 3284 866 τι
3324 816 3432 887 (5),
3470 785 3537 886 ῶς
3569 785 3692 893 είκὸς,

2175 881 2301 945 τοὺς
2332 883 2613 955 δαίμονας.
2641 909 2660 942 ι
2705 893 2848 964 Πρὸς
2895 898 3068 962 ταῦτα
3121 903 3179 956 δὲ
3225 881 3602 980 παλ-ιλλογοῦντι

2174 971 2371 1044 Κέλσῳ
2411 973 2693 1050 (ἀνωτέρω
2729 983 2837 1056 γὰρ
2870 988 2969 1059 ἤδη
3005 991 3265 1059 πολλάκις
3296 971 3602 1077 ταῦτ”αὺτῷ

2143 1061 2380 1136 .λεκται)
2425 1070 2523 1124 οὐκ
2581 1074 2873 1143 ἀναγκαῖον
2905 1083 2996 1135 ἐπὶ
3036 1086 3219 1140 πλεῖον
3243 1088 3591 1164 διαλεχθῆναι·
3618 1101 3692 1172 ἁρ-

2172 1156 2331 1210 κέσαι
2365 1160 2473 1233 γὰρ
2507 1165 2573 1218 τὰ
2622 1171 2702 1233 εἰς
2747 1171 2891 1224 τοῦθ’
2925 1175 3055 1245 ἡμῖν
3109 1156 3424 1252 λελεγμέναί
3477 1156 3689 1258 ’Ὀλίγαθ

2168 1249 2278 1302 ἀπὸ
2320 1251 2600 1322 πλειόνων,
2642 1260 2677 1314 ἃ.
2709 1262 2968 1334 δοκοῦμεν
3003 1263 3140 1322 εἶναι
3169 1275 3458 1344 συνᾴδοντα
3493 1281 3574 1350 μὲν
3610 1286 3688 1347 τοῖς

2168 1348 2615 1425 προειρημένοις,
2677 1355 2737 1406 οὐ
2789 1357 2880 1410 τὸν
2944 1360 3104 1413 αὑτὸν
3162 1362 3220 1414 δὲ
3280 1365 3453 1439 πάντη
3511 1372 3685 1439 ἐκείνοις

2167 1432 2358 1503 ἔχοντα
2385 1439 2528 1505 νοῦν,
2566 1445 2910 1518 ἐκθησόμεθα
2930 1469 2941 1481 ·
2977 1454 3033 1505 ἐν
3057 1448 3138 1518 οἷς
3167 1462 3584 1533 παραστήσομεν,
3609 1468 3682 1532 ὅτι,

2168 1525 2473 1595 καθολικῶς
2522 1535 2940 1610 ἀποφηνάμενος
2989 1544 3119 1598 Θεὸν
3153 1548 3347 1604 οὐδένα
3374 1553 3500 1623 πρὸς
3523 1556 3682 1628 ἀνθρὼ-

2163 1634 2299 1684 πους
2333 1623 2791 1696 κατεληλυθέναι,
2822 1632 2854 1703 ἢ
2880 1634 3012 1687 Θεοῦ
3047 1638 3237 1704 Παῖδα,
3289 1643 3493 1715 ἀναιρεῖ
3531 1651 3606 1702 καὶ
3634 1651 3684 1707 τὰ

2163 1710 2266 1762 ὑπὸ
2300 1713 2407 1765 τῶν
2445 1716 2653 1772 πολλῶν
2692 1725 2818 1794 περὶ¹
2858 1726 2990 1780 Θεοῦ
3027 1729 3348 1799 ἐπιφανείας
3386 1737 3680 1814 δοξαζόμενα,

2159 1804 2252 1857 καὶ
2277 1805 2368 1858 ὑπ’
2392 1807 2556 1862 αὑτοῦ
2589 1815 2644 1864 ἐν
2677 1818 2787 1879 τοῖς
2815 1817 3071 1890 ἀνωτέρω
3106 1842 3332 1898 προειρη
3343 1830 3490 1899 μένα.
3525 1835 3575 1887 El
3602 1837 3682 1908 γὰρ

2154 1897 2383 1952 καθόλου
2426 1902 2746 1975 λελεγμένον
2778 1908 2871 1975 τὸ,
2908 1912 3043 1977 Θεὸς
3077 1917 3169 1969 καὶ
3202 1918 3337 1974 Θεοῦ
3385 1928 3504 1989 παῖς
3548 1928 3680 1992 οὐδεὶς

2153 1990 2438 2061 κατῆλθεν,
2468 1996 2586 2050 οὐδὲ
2622 2000 2892 2068 κατέλθοι,
2919 2005 3132 2078 ἀληθῶς
3158 2012 3235 2082 τῷ
3267 2015 3454 2087 Κέλσῳ
3479 2019 3675 2091 εἴρηται·

2151 2079 2392 2150 δηλονότι
2427 2087 2694 2159 ἀνῄρηται
2729 2093 2816 2158 τὸ,
2871 2094 3008 2152 εἶναι
3043 2103 3197 2168 θεοὺς
3228 2106 3321 2158 ἐπὶ
3351 2110 3480 2179 γῆς,
3531 2114 3677 2166 κατελ-

2150 2169 2342 2237 θόντας
2375 2175 2432 2242 ἐξ
2465 2179 2693 2250 οὐρανοῦ
2716 2224 2730 2248 ,
2776 2186 2861 2239 ἵνα
2895 2189 3011 2257 ἦτοι
3051 2195 3452 2262 μαντεύσωνται
3483 2205 3577 2267 τοῖς
3603 2207 3673 2258 ἀν-

2148 2261 2423 2333 θρώποις,
2483 2269 2514 2340 ἢ
2566 2272 2653 2325 διὰ
2708 2281 2969 2349 χρησμῶν
3021 2284 3429 2355 θεραπεύσωσιο
3477 2295 3671 2352 καὶοΰτε

2144 2354 2172 2405 ὁ
2206 2356 2432 2424 Πύθιος,
2459 2361 2569 2416 οὔτ’
2610 2366 2934 2441 Ἀσκληπιὸς
2950 2415 2980 2452 ,-
2995 2377 3104 2429 οὔτ’
3137 2379 3296 2446 ἄλλος
3330 2402 3408 2449 τις
3437 2387 3535 2440 τῶν
3561 2408 3671 2443 νενο-

2147 2448 2422 2518 μισμένων
2452 2455 2520 2506 τὰ
2549 2458 2772 2514 τοιαῦτα
2822 2469 2994 2519 ποιεῖν
3023 2509 3037 2534 ,
3092 2471 3227 2536 Θεὸς
3269 2474 3335 2528 ἂν
3367 2477 3447 2550 εἴη
3476 2481 3668 2545 καταϐὰς

2145 2537 2203 2602 ἐξ
2235 2539 2460 2611 οὐρανοῦ
2486 2562 2497 2573 ·
2535 2545 2566 2617 ἦ
2597 2548 2730 2614 Θεὸς
2761 2554 2860 2622 μὲν
2893 2555 2958 2610 ἂν
2992 2558 3075 2631 εἴη
3098 2601 3112 2624 ,
3143 2562 3230 2617 ἀεὶ
3258 2565 3314 2618 δὲ
3348 2537 3516 2640 λαέὼν
3539 2537 3666 2626 οἰκεῖν

2137 2626 2236 2698 τὴν
2282 2630 2403 2699 γῆν,
2435 2635 2529 2687 καὶ
2557 2637 2796 2711 ὡσπερεὶ
2847 2646 3024 2714 φυγὰς
3065 2650 3159 2703 τοῦ
3211 2654 3375 2708 τόπου
3407 2659 3506 2712 τῶν
3534 2661 3661 2714 θεῶν·

2138 2716 2171 2788 ἡ
2211 2736 2295 2784 τις
2334 2723 2441 2776 τῶν
2484 2727 2558 2797 μὴ
2602 2728 2850 2793 ἐξουσίαν
2884 2738 3116 2808 ἐχόντων
3150 2751 3422 2821 κοινωνεῖν
3455 2755 3551 2815 τοῖς
3576 2753 3665 2805 ἐκεῖ

2136 2808 2300 2875 θείοις
2356 2813 2440 2886 εἴη
2493 2818 2590 2872 ἄν’
2649 2821 2776 2893 ἤού
2835 2827 2946 2882 θεοὶ
3000 2827 3107 2886 εἷεν
3158 2839 3187 2890 ό
3252 2813 3506 2896 Ἀπόλλων
3534 2808 3662 2899 καὶὸ

2147 2903 2507 2978 Ἀσκληπιὸς,
2554 2916 2648 2969 καὶ
2693 2918 2805 2973 ὅσοι
2855 2924 2946 2976 ἐπὶ
2977 2928 3077 2997 γῆς
3118 2948 3170 2983 τι
3216 2938 3388 2988 ποιεῖν
3416 2955 3658 2991 πεπιστευ-

2135 2997 2283 3066 μένοι
2327 3003 2487 3069 είσὶν,
2531 3005 2667 3062 ἀλλά
2702 3029 2846 3077 τινες
2869 3015 3120 3087 δαίμονες
3149 3024 3259 3076 τῶν
3296 3029 3353 3080 ἐν
3403 3031 3658 3100 ἀνθρώποις

3038 3113 3132 3164 τοῦ
3201 3118 3427 3189 οὐρανοῦ
3471 3121 3546 3177 διὰ
3583 3121 3659 3193 τὴν

2130 3181 2328 3256 ἀρετὴν
2356 3188 2774 3264 ἀναϐαινόντων,
2816 3201 2994 3274 πολλῷ
3027 3205 3263 3279 χείρους.

2199 3448 2336 3518 Ὅρα
2368 3451 2450 3522 δὴ,
2479 3453 2579 3517 ὅτι,
2616 3454 2935 3529 βουλόμενος
2963 3463 3031 3517 τὰ
3056 3465 3300 3540 ἡμέτερα
3327 3471 3520 3529 ἀνελεῖν
3547 3473 3570 3526 6
3594 3473 3654 3544 μὴ

2121 3539 2455 3613 ὁμολογήσας
2487 3546 2554 3599 δι’
2584 3547 2704 3602 ὸλου
2737 3551 2830 3605 τοῦ
2867 3539 3300 3629 συγγράμματος
3335 3539 3654 3637 Ἐπικούρειπ

2120 3627 2288 3700 εἶναι,
2345 3636 2482 3707 πρὸς
2519 3639 2611 3692 τὸν
2674 3643 2991 3718 Ἐπίκουρον
3034 3651 3352 3723 αὐτομολῶν
3396 3657 3650 3727 ἐλέγχεται.

2121 3722 2261 3794 Ὥρα
2292 3725 2352 3799 δή
2386 3747 2466 3781 σοι
2490 3731 2566 3801 τῷ
2601 3734 2979 3807 ἐντυγχάνοντι
3003 3744 3118 3808 τοῖς
3144 3722 3352 3800 Κέλσου
3381 3748 3560 3817 λόγοις,
3579 3750 3654 3801 καὶ

2118 3824 2626 3896 συγκατατιθεμένῳ
2653 3831 2765 3891 τοῖς
2799 3835 3200 3906 προκειμένοις,
3237 3840 3354 3910 ἦτοι
3371 3841 3586 3913 ἀναιρεῖν
3604 3841 3653 3893 τὸ

2113 3911 2246 3965 Θεὸν
2296 3915 2612 3986 ἐπιδημεῖν,
2651 3923 3384 4000 προνοούμενον-ἀνθρώπων
3415 3911 3512 3987 τῶν
3550 3931 3650 3985 καθ’

2111 4002 2225 4071 ἕνα,
2262 4005 2315 4075 ἢ,
2342 4007 2545 4062 τιθέντι
2576 4012 2637 4064 τὸ
2670 4015 2909 4069 τοιοῦτον
2929 4060 2943 4083 ,
2977 4019 3319 4088 ψευδοποιεῖν
3357 4025 3445 4078 τὸν
3473 4025 3649 4078 Κέλσου

2109 4094 2282 4163 λόγον.
2308 4099 2368 4151 Ei
2405 4103 2502 4169 μὲν
2537 4101 2628 4157 οὖν
2671 4107 2844 4179 πάντη
2890 4110 3155 4181 Πρόνοιαν
3199 4117 3453 4188 ἀναιρεῖς,
3489 4116 3648 4187 ψευδο-

2109 4190 2356 4260 ποιήσεις
2387 4193 2551 4248 αὑτοῦ
2582 4199 2709 4261 τοὺς
2732 4199 2943 4268 λόγους,
2976 4203 3034 4256 ἐν
3059 4199 3140 4268 οἷς
3171 4206 3353 4279 τίθησι
3389 4209 3528 4272 θεοὺς
3571 4207 3648 4261 καὶ

2105 4281 2390 4350 Πρόνοιαν,
2423 4287 2508 4338 ἵνα
2538 4289 2709 4343 ταῦτα
2746 4295 2921 4364 φήσῃς
2952 4291 3089 4349 εἶναι
3118 4297 3314 4370 ἀληθῆο
3348 4303 3392 4353 εἰ
3432 4301 3483 4354 δὲ
3516 4301 3646 4370 τίθης

2102 4373 2252 4426 οὐδὲν
2271 4372 2430 4447 ἦττον
2455 4379 2736 4451 Πρόνοιαν,
2761 4385 2834 4448 ὡς
2857 4389 2916 4439 οῦ
2944 4393 3462 4465 συγκατατιθέμενος
3481 4394 3644 4461 Κέλσῳ

416 4431 521 4486 (lue
551 4425 852 4495 conliteris;
883 4446 981 4486 cur
1010 4449 1076 4490 ex
1126 4438 1192 4492 iis
1225 4455 1346 4510 qua:
1382 4445 1450 4500 de
1490 4446 1621 4504 Jcsu
1653 4453 1891 4513 diximus
1940 4473 1994 4517 ει

416 4527 533 4556 num
562 4517 628 4556 ιΙρ
656 4518 746 4556 illn
783 4525 1055 4556 npnnlmlm
1080 4531 1356 4556 ..-.:-:_-.g
1396 4555 1406 4556 γ
1500 4551 1510 4556 -

2177 4425 2184 4426 ,
2235 4425 2240 4426 ,
2277 4425 2303 4447 _‘
2323 4425 2332 4428 -
2353 4425 2366 4429 ν
2383 4425 2396 4429 ν
2413 4425 2422 4430 .
2455 4425 2736 4451 --μσνυη-ν,
2762 4425 2831 4448 w,
2858 4425 2916 4439 νυ
2945 4425 3006 4440 νυ
3023 4425 3033 4458 ε
3050 4425 3118 4443 nu.
3133 4425 3460 4465 υυιιιιιυεμανυι,
3483 4425 3641 4461 ﬂuat?

2136 4466 2312 4532 έγοντι
2347 4488 2364 4519 ‹
2409 4472 2546 4541 μήτε
2575 4474 2706 4527 Θεὸν
2744 4478 2878 4548 μήτε
2911 4479 3046 4534 Θεοῦ
3102 4484 3275 4538 Παῖδα
3321 4483 3641 4556 κατεληλυθέ-

413 4527 533 4580 quae
562 4517 628 4570 de
654 4518 746 4574 illo
781 4525 1057 4593 propheta:
1080 4531 1356 4591 vaticinati
1390 4551 1537 4608 sunt,
1570 4560 1674 4601 non
1707 4550 1994 4620 diligenter

411 4611 700 4677 perpendis
731 4623 850 4669 uter
877 4620 1049 4688 magis
1077 4622 1359 4684 habendus
1384 4631 1456 4687 sit
1485 4633 1626 4692 Deus
1663 4649 1716 4694 et
1760 4643 1852 4700 Dei
1895 4647 1988 4702 Fi-

411 4695 516 4752 lius
551 4704 615 4755 ad
644 4704 890 4763 homines
919 4711 1194 4784 delapsus,
1228 4718 1459 4779 Jesusne
1489 4727 1582 4795 qui
1610 4738 1753 4787 tanta
1780 4739 1981 4793 consli-

414 4791 512 4844 tnil
539 4803 590 4846 et
625 4797 864 4865 perfecit;
895 4819 962 4856 an
996 4805 1069 4859 illi
1098 4809 1187 4877 qui
1215 4813 1327 4867 suis
1352 4819 1588 4876 oraculis
1619 4832 1671 4876 et
1699 4826 1984 4887 divinatio-

410 4881 569 4940 nibus
591 4894 791 4942 tantum
813 4891 965 4948 abest
992 4907 1050 4950 ut
1075 4913 1292 4956 suorum
1314 4905 1579 4965 cultorum
1599 4930 1778 4972 mores
1795 4934 1982 4978 emen-

406 4972 556 5035 dent,
593 4986 650 5027 ut
683 4987 869 5033 contra
905 4983 1020 5040 illos
1047 4989 1313 5047 deducant
1342 5012 1369 5048 a
1404 4999 1618 5056 sincero
1661 5006 1753 5062 illo
1798 5023 1978 5068 casto-

406 5075 512 5130 que
544 5064 687 5118 Cultu
711 5069 807 5135 qui
845 5086 1023 5127 rerum
1054 5079 1292 5134 omnium
1333 5082 1608 5144 Conditori
1643 5093 1839 5151 deferri
1885 5102 1980 5154 de-

405 5151 516 5214 bet,
553 5165 605 5205 et
639 5157 845 5213 animos
872 5175 1095 5230 eorum,
1143 5170 1233 5236 qui
1277 5171 1416 5228 inter
1451 5177 1690 5246 ipsorum
1743 5188 1976 5248 cultores

404 5255 600 5304 nomen
634 5255 954 5313 urolitentur
983 5275 1163 5332 suum,
1189 5268 1258 5324 ab
1298 5285 1409 5328 uno
1434 5313 1450 5339 ,
1491 5278 1604 5336 solo
1629 5321 1645 5348 ,
1684 5285 1976 5345 manifesto

470 5527 549 5599 (5)
592 5530 783 5631 vitam
809 5551 883 5616 τι.
913 5536 1024 5631 rSic
1052 5541 1183 5599 libb.
1211 5547 1343 5631 editi
1381 5551 1583 5631 habent
1615 5557 1666 5631 in
1703 5562 1968 5631 margine,

405 5597 594 5665 Bic‘qne
623 5602 823 5698 legitur
854 5606 990 5661 inl'ra
1043 5629 1272 5698 numero
1300 5620 1331 5672 4
1352 5623 1506 5698 ,μιῲῇ
1537 5628 1723 5681 cadent
1756 5597 1972 5698 plagasis

399 5673 658 5723 occurrit.
683 5673 841 5768 llllale
883 5695 1010 5746 ergo
1043 5683 1129 5738 hic
1167 5687 1298 5741 libb.
1327 5673 1458 5746 e'llili
1492 5695 1540 5768 in
1570 5705 1717 5752 textu
1747 5673 1970 5768 habent,

400 5737 513 5768 λη’
543 5739 623 5768 κ-.
706 5747 983 5768 )...-|._,--.
1035 5767 1042 5768 ,
1109 5754 1119 5768 ι
1228 5757 1263 5768 ..
1334 5761 1367 5768 ..

399 5737 513 5793 ἀλλ’
542 5739 646 5798 ὅτι.
681 5743 847 5800 l’auln
869 5737 990 5816 post
1023 5737 1552 5822 codexwliasilecnsis
1579 5779 1723 5825 recte
1748 5742 1969 5830 omnim;

2102 4574 2208 4620 ναι,
2251 4559 2282 4628 ἦ
2319 4562 2680 4634 κατέρχεσθαι
2724 4569 2858 4639 πρὸς
2892 4572 3231 4643 ἀνθρώπους
3272 4597 3289 4628 ›
3326 4578 3409 4632 διὰ
3457 4578 3503 4629 τί
3540 4576 3638 4645 οὐχὶ

2098 4649 2371 4720 ἐπιμελῶς
2405 4654 2678 4722 ἐξετάσεις
2710 4661 2771 4713 ἐκ
2821 4663 2927 4716 τῶν
2963 4667 3090 4737 περὶ
3137 4669 3309 4739 Ἰησοῦ
3357 4671 3477 4741 ἡμῖν
3513 4668 3637 4722 λελε-

2093 4741 2310 4810 γμένων
2362 4745 2453 4797 καὶ
2499 4747 2606 4798 τῶν
2648 4751 2772 4821 περὶ
2807 4755 2969 4808 αὐτοῦ
3015 4762 3509 4831 προφητευομένων,
3535 4759 3635 4812 τῖ’-ἀ

2097 4833 2295 4904 μᾶλλον
2330 4837 2434 4908 χρὴ
2477 4840 2717 4909 νομίζειν
2751 4843 2878 4898 Θεὸν
2914 4847 3006 4899 καὶ
3055 4849 3188 4903 Θεοῦ
3226 4853 3393 4905 Παῖδα
3433 4851 3634 4920 κατελη·

2089 4923 2304 4980 λυθέναι
2334 4928 2468 4999 πρὸς
2493 4931 2832 5001 ἀνθρώπους,
2861 4937 2949 4990 τὸν
2983 4941 3215 4996 τοσαῦτα
3241 4947 3635 5016 οἰκονομήσαντα

2090 5019 2182 5071 καὶ
2222 5023 2522 5092 ποιήσαντα
2563 5026 2809 5096 Ἰησοῦν,
2845 5029 2876 5098 ἣ
2916 5033 3042 5095 τοὺς
3088 5036 3354 5104 προφάσει
3399 5035 3633 5108 χρησμῶν

2088 5114 2181 5164 καὶ
2216 5116 2482 5184 μαντειῶν
2509 5120 2583 5188 μὴ
2618 5121 3048 5193 ἐπανορθοῦντας
3078 5125 3178 5196 μὲν
3207 5128 3272 5181 τὰ
3301 5130 3401 5200 ἤθη
3429 5129 3525 5182 τῶν
3554 5129 3629 5181 θε-

2041 5261 2048 5266 ,
2089 5209 2494 5279 ραπευομένων,
2539 5212 2636 5264 καὶ
2673 5216 2894 5285 προσέτι
2942 5217 2984 5269 δ’
3020 5219 3357 5286 ἀποστάντας
3393 5223 3486 5292 τῆς
3515 5220 3629 5273 εἰλι-

2085 5302 2304 5373 κρινοῦς
2336 5303 2429 5356 καὶ
2455 5305 2702 5378 καθαρᾶς
2736 5309 2872 5380 πρὸς
2892 5309 2984 5364 τὸν
3007 5312 3114 5366 τῶν
3139 5314 3276 5370 ὅλων
3307 5315 3519 5388 ποιητὴν
3548 5328 3629 5368 ac—

2082 5565 2234 5619 ταῦτ’
2270 5567 2416 5640 αὐτῷ
2449 5569 2717 5647 λέλεκται,
2773 5591 2892 5630 cum
2929 5581 3176 5647 proxime
3203 5583 3385 5636 eodem
3416 5590 3619 5647 numero

2080 5641 2349 5705 praecedat
2389 5624 2541 5712 ⁸πρὸς
2574 5624 2767 5699 ταῦτα
2810 5647 2864 5699 δὲ
2907 5624 3346 5720 παλιλλογοῦντι,
3398 5662 3447 5705 ct
3485 5646 3615 5717 queil

2078 5709 2324 5772 sequitur
2355 5709 2608 5776 εἰς’τοῦθ’
2637 5719 2790 5786 ἡμῖν.
2826 5709 3152 5802 vertendum.
3176 5725 3261 5805 sit‘
3281 5725 3609 5805 (hactenus:

2082 5776 2213 5805 I'.|.l.
2265 5783 2664 5805 n_|:.:|.--|_-.
2707 5790 2833 5805 .,.s
2886 5799 2896 5805 .
3082 5793 3093 5805 .
3171 5795 3182 5805 .

2078 5776 2234 5831 Lllll).
2263 5783 2390 5837 cditi
2423 5785 2524 5840 hoc
2556 5776 2923 5858 Iocd'babent,
2953 5791 3093 5846 τοῦτ’
3125 5793 3271 5863 αὖτῴ
3301 5793 3543 5846 λέλεκται.
