3840 6412
462 295 598 356 “87

1908 287 2237 347 ORIGENIS

3571 295 3685 356 1188

458 428 614 490 gnct,
638 416 732 474 sed
763 431 884 486 qua:
915 415 1080 471 etiam
1115 412 1317 470 clarior
1348 411 1404 467 in
1435 411 1552 473 dies
1590 410 2032 482 explanatiorque

2144 408 2273 481 περὶ
2311 406 2475 460 αὐτοῦ
2517 406 2766 478 διαλήψει
2804 406 2912 460 τῶν
2954 407 3124 478 ἁγίων
3157 408 3429 478 ἀγγέλων,
3473 409 3577 464 ἀλλ’
3613 416 3684 472 ἐπ’

459 510 607 568 facta
631 511 698 565 ad
733 509 881 563 illam
911 505 1172 563 accedere
1207 504 1519 561 contendat.
1552 503 1710 560 Unde
1739 503 1890 573 quod
1918 502 2044 558 Cel-

461 616 556 658 sus
588 600 879 667 respondet
905 599 1011 653 sibi
1043 597 1204 668 quasi
1240 597 1423 652 verbis
1441 597 1675 661 nostris,
1716 613 1734 646 ι
1791 595 2039 666 angelos,

461 692 552 762 qui
586 687 651 742 ad
686 690 994 757 prmstanda
1029 689 1343 745 [nominibus
1374 689 1643 744 beneﬁcia
1677 688 2041 753 descendunt,

459 798 580 840 esse
609 782 826 853 aliquod
853 796 1026 852 genus
1059 781 1338 836 diversum
1372 796 1404 835 a
1437 781 1567 846 diis,
1604 795 1809 850 eosque
1850 781 2045 850 proba-

459 875 638 931 biliter
671 890 794 931 esse
823 875 1120 942 daemones;
1170 894 1189 928 ι
1228 876 1279 930 id
1312 875 1550 931 hominis
1584 883 1670 931 est
1715 876 1806 942 qui
1855 889 2045 930 sacras

457 979 675 1023 nostras
724 969 1035 1039 Scripturas
1078 983 1186 1025 non
1221 968 1368 1039 legit.
1406 968 1518 1023 Nec
1552 969 1699 1022 videt
1737 968 2043 1022 daemonum

456 1074 653 1115 nomen
681 1061 1099 1131 haudquaquam
1122 1075 1244 1116 esse
1271 1069 1363 1114 aut
1389 1059 1727 1124 indill‘erens,
1752 1068 1812 1114 ut
1839 1068 1923 1114 est
1947 1060 2043 1114 ho-

455 1153 660 1207 minum
694 1152 835 1208 inter
862 1167 1000 1222 quos
1032 1152 1160 1208 boni
1192 1161 1320 1216 sunt
1351 1161 1406 1207 et
1445 1153 1608 1219 mali;
1662 1160 1756 1206 aut
1800 1153 2033 1219 bonum,

453 1245 613 1314 quale
631 1253 720 1300 est
753 1246 979 1302 deorum
1010 1246 1157 1316 quod
1197 1259 1296 1300 nec
1328 1245 1488 1300 malis
1521 1246 1858 1300 daemonibus
1880 1285 1894 1310 ,
1941 1260 2042 1301 nec

453 1339 787 1403 simulacris,
813 1353 914 1394 nec
939 1336 1268 1393 animalibus
1286 1337 1451 1392 datur
1467 1353 1497 1391 a
1528 1353 1708 1392 rerum
1729 1336 2040 1392 divinarum

450 1433 663 1500 peritis,
684 1433 778 1487 sed
795 1431 1005 1487 naturis
1036 1443 1164 1485 vere
1193 1429 1395 1485 divinis
1419 1439 1472 1484 et
1493 1430 1699 1495 beatis;
1735 1429 1836 1484 hoc
1861 1439 2041 1485 autent

451 1524 755 1579 dazmonum
783 1538 973 1578 nomen
1004 1523 1167 1578 tribui
1192 1536 1411 1591 semper
1426 1520 1692 1575 maleﬁcis
1713 1521 1820 1575 illis
1853 1534 2040 1590 potes-

453 1616 654 1671 tatibus
669 1617 1168 1686 crassioricorpore
1188 1613 1381 1671 solutis
1403 1629 1522 1684 quae
1549 1613 1798 1669 homines
1821 1614 1871 1666 in
1897 1629 2045 1668 erro-

456 1723 570 1763 rem
589 1708 854 1764 indueunt
876 1716 1148 1778 aguntque
1174 1717 1516 1762 transversos
1531 1716 1587 1760 et
1608 1707 1752 1761 aDeo
1772 1705 2042 1776 rebusque

451 1802 767 1856 coelestibus
795 1811 1052 1856 avocatas
1085 1800 1154 1854 ad
1201 1799 1317 1854 haec
1354 1798 1461 1853 ima
1494 1799 1823 1867 deprimunt.

2147 501 2362 572 ἐκείνην
2393 501 2661 572 ὁσημέραι
2686 503 2752 572 τῇ
2776 501 3063 572 τρανότητι
3098 502 3193 555 καὶ
3211 501 3524 574 διαρθρώσει
3555 510 3686 562 σπεύ-

2145 594 2328 648 δουσα.
2375 593 2462 657 Ὠς
2495 595 2568 665 μὴ
2600 594 2866 662 ἀναγνοὺς
2893 593 2950 647 δὲ
2979 593 3077 658 τὰς
3103 595 3254 667 ἱερὰς
3277 597 3429 667 ἡμῶν
3453 598 3687 670 Γραφὰςὸ

2145 689 2351 751 Κέλσος
2373 688 2550 758 ἐαυτῷ
2582 685 2936 759 ἀποκρίνεται
2969 688 3044 752 ώς
3071 691 3166 760 ἀφ’
3189 689 3367 760 ἡμῶν,
3405 690 3484 745 ὅτι
3532 712 3550 745 ι
3584 695 3688 750 ἄλλο

2143 800 2195 835 τι
2227 782 2381 850 γένος
2413 783 2565 852 παρά
2605 781 2739 835 Θεοῦ
2771 782 2883 854 (12)
2931 800 3108 854 φαμεν
3141 784 3268 846 τοὺς
3303 784 3686 854 καταϐαίνοντας

2145 875 2230 927 ἐπ’
2260 875 2547 946 εὐεργεσίᾳ
2584 874 2691 927 τῶν
2723 873 3023 947 ἀνθρώπων
3051 875 3335 944 ἀγγέλους,
3373 895 3390 927 ι
3425 877 3513 930 καί
3531 896 3684 950 φησιν,

2150 986 2168 1019 ι
2217 968 2292 1031 ώς
2319 967 2380 1020 τὸ
2407 967 2573 1031 εἰκὸς,
2607 967 2861 1038 λεχθῆναι
2891 967 2956 1021 ἂν
2989 969 3187 1032 αὐτοὺς
3217 969 3306 1036 ὐφ’
3339 969 3489 1040 ἡμῶν
3529 971 3687 1043 δαίμο-

2144 1077 2260 1124 ναςο
2308 1079 2325 1110 ›
2359 1059 2458 1129 οὐχ
2491 1059 2652 1130 ὁρῶν,
2695 1061 2777 1113 ὅτι
2826 1059 2887 1112 τὸ
2922 1060 3030 1113 τῶν
3073 1059 3342 1131 δαιμόνων
3393 1061 3552 1134 ὄνομα
3585 1064 3683 1119 οὐδὲ

2148 1152 2310 1222 μέσον
2347 1151 2514 1226 ἐστὶν,
2548 1151 2622 1214 ώς
2650 1151 2710 1204 τὸ
2735 1150 2844 1204 τῶν
2871 1150 3193 1222 ἀνθρώπων,
3235 1154 3294 1205 ἐν
3325 1146 3406 1216 οἷς
3444 1171 3575 1218 τινες
3606 1157 3683 1226 μὲν

2143 1247 2367 1308 ἀστεῖοι,
2407 1243 2552 1306 τινές
2592 1243 2648 1296 δέ
2679 1243 2870 1310 φαῦλοί
2916 1245 3072 1298 εἰσιν·
3116 1245 3229 1296 οὐτ’
3266 1246 3491 1311 ἀστεῖον,
3535 1248 3683 1302 ὁποῖόν

2143 1337 2257 1388 ἐστι
2285 1335 2347 1389 τὸ
2371 1335 2479 1389 τῶν
2503 1335 2660 1400 θεῶν,
2691 1335 3024 1406 τασσόμενον
3055 1338 3156 1390 οὐκ
3182 1338 3274 1390 ἐπί
3303 1337 3513 1406 φαύλων
3537 1340 3685 1410 δαιμο-

2142 1427 2289 1490 νίων,
2325 1427 2356 1498 ἢ
2388 1429 2478 1481 ἐπὶ
2509 1428 2860 1499 ἀγαλμάτων,
2888 1427 2920 1499 ἢ
2949 1429 3038 1480 ἐπὶ
3063 1427 3239 1494 ζώων,
3267 1429 3380 1483 ἀλλ’
3405 1431 3503 1483 ὑπὸ
3521 1432 3611 1484 τῶν
3630 1431 3683 1485 τὰ

2142 1520 2278 1574 Θεοῦ
2313 1522 2629 1590 ἐγνωκότων
2661 1521 2756 1575 ἐπλ⁹
2783 1520 2891 1574 τῶν
2925 1520 3140 1592 ἀληθῶς
3186 1521 3471 1593 θειοτέρων
3496 1524 3578 1576 καὶ
3603 1541 3682 1594 μα-

2143 1618 2369 1688 καρίωψ
2403 1615 2490 1669 ἀεὶ
2513 1614 2555 1667 δ’
2578 1614 2670 1668 ἐπὶ
2695 1614 2804 1667 τῶν
2826 1613 3042 1682 φαύλων
3064 1613 3168 1678 ἔξω
3189 1615 3282 1667 τοῦ
3302 1617 3586 1687 παχυτέρου
3608 1618 3681 1669 σώ-

2147 1725 2314 1778 ματος
2359 1707 2636 1777 δυνάμεων
2685 1705 2944 1758 τάσσεται
2988 1705 3048 1758 τὸ
3085 1705 3192 1758 τῶν
3227 1705 3491 1776 δαιμόνων
3525 1706 3677 1778 ὄνομα,

2069 1789 2111 1843 Β
2142 1799 2467 1854 πλανώντων
2492 1800 2585 1852 καὶ
2609 1796 3000 1868 περισπώντων
3021 1797 3146 1860 τοὺς
3165 1796 3261 1849 ἀνθ
3271 1795 3494 1867 ρώπους,
3516 1799 3597 1851 καὶ
3610 1817 3681 1853 κα.

451 1892 752 1946 θελκόντων
785 1893 897 1946 ἀπὸ
923 1891 1018 1946 τοῦ
1049 1891 1185 1944 Θεοῦ
1217 1892 1313 1944 καὶ
1345 1891 1454 1945 τῶν
1499 1892 1907 1962 ὑπερουρανίων
1952 1893 2042 1946 ἐπὶ
2078 1893 2145 1946 τά
2172 1893 2299 1964 τῇδε
2338 1892 2658 1964 πράγματα.

522 1987 578 2042 6.
613 1988 808 2042 Postea
845 1988 922 2041 sic
950 1987 1018 2041 de
1047 1985 1250 2042 Iudaeis
1281 1988 1523 2058 loquitur
1555 2005 1568 2041 :
1609 2007 1627 2038 ι
1665 1987 1778 2043 Hoc
1799 1989 2035 2058 primum

450 2081 519 2136 de
549 2079 752 2135 Judzeis
793 2079 926 2133 mihi
961 2079 1161 2134 mirum
1186 2080 1408 2144 accidit,
1440 2081 1607 2149 quod,
1653 2081 1900 2149 quamvis
1930 2095 2039 2135 etn-

449 2174 560 2228 lum
594 2182 648 2227 et
673 2172 765 2243 qui
797 2173 850 2226 in
884 2172 974 2228 illo
1007 2180 1134 2228 sunt
1188 2174 1410 2241 angelos
1455 2182 1784 2227 venerentur
1810 2211 1826 2236 ,
1868 2171 2036 2228 solem

453 2276 662 2334 tamen,
699 2265 885 2319 lunam
908 2264 1156 2334 aliasque
1181 2264 1368 2320 stellas
1394 2279 1516 2320 cum
1545 2265 1680 2319 lixas
1710 2273 1820 2318 tum
1850 2259 2038 2319 erran-

390 2373 422 2416 ’;”
450 2369 553 2428 tes,
585 2374 706 2429 quae
745 2367 895 2412 certe
940 2367 1068 2412 sunt
1098 2357 1506 2428 augustissima
1540 2366 1596 2412 et
1645 2357 2037 2427 potentissimae.

395 2432 406 2444 ’
449 2453 574 2506 uel:
629 2461 837 2522 partes,
869 2451 1095 2505 minime
1132 2450 1357 2506 colenda
1395 2463 1514 2504 esse
1551 2448 1822 2519 judicent.
1868 2447 2034 2513 Quasi

447 2543 566 2600 lucc
578 2545 740 2601 simul
761 2545 1042 2599 cohmrere
1065 2543 1225 2615 581
1249 2551 1493 2613 possent,
1523 2549 1698 2597 totum
1716 2555 1837 2596 esse
1863 2539 2031 2595 Deum

447 2646 504 2692 et
536 2646 718 2705 partes
749 2635 916 2691 totius
952 2651 1060 2691 non
1111 2649 1235 2690 esse
1270 2634 1523 2688 divinas:
1554 2633 1710 2701 quasi
1744 2630 1830 2686 fas
1882 2639 2033 2687 esset

449 2743 663 2784 summo
692 2728 901 2784 honore
925 2727 1181 2798 prosequi
1214 2741 1329 2790 eos,
1358 2726 1450 2795 qui
1478 2726 1530 2779 in
1557 2725 1799 2780 tenebris
1831 2723 2032 2779 alicubi

446 2819 502 2874 vi
536 2819 795 2890 improbae
819 2819 954 2874 artis
974 2817 1202 2889 magica:
1231 2818 1537 2882 occaecatis,
1561 2826 1650 2871 aut
1679 2831 1774 2885 per
1797 2817 2030 2870 obscura

449 2923 666 2982 spectra
699 2909 1102 2967 somniantibus
1126 2923 1395 2980 apparere
1424 2909 1712 2974 dicuntur;
1755 2907 1873 2962 illos
1904 2923 2031 2963 vero

449 3005 604 3061 nihili
636 3004 872 3074 pendere
901 3001 1305 3058 illustrissimos
1335 3015 1519 3056 rerum
1552 3015 1714 3071 supra
1750 3015 1851 3055 nos
1881 3001 2028 3071 posi-

453 3107 630 3149 tarum
667 3107 966 3163 praecones,
1003 3091 1126 3148 illos
1170 3106 1300 3147 vere
1354 3092 1605 3147 caelestes
1659 3092 1903 3161 angelos,
1937 3093 2031 3162 qui

451 3198 560 3242 tam
610 3186 900 3257 perspicua
953 3185 1230 3252 omnibus,
1285 3195 1395 3240 tam
1445 3185 1729 3254 Splendida
1765 3186 2025 3241 vaticinia

2212 1990 2367 2044 Μετά
2397 1990 2569 2043 ταῦτα
2596 1990 2652 2042 δέ
2689 1989 2947 2060 τοιαύτην
2976 1987 3249 2041 ἐκτίθεται
3290 1989 3418 2060 περὶ
3457 1989 3678 2042 Ἰουδαίων

2140 2081 2301 2145 λέξιν⁸
2334 2099 2351 2131 ι
2381 2079 2601 2150 Πρῶτον
2620 2075 2712 2132 οῦν
2734 2080 2840 2132 τῶν
2876 2079 3140 2132 Ἰουδαίων
3163 2079 3460 2150 θαυμάζειν
3481 2079 3622 2146 ἄξιον,
3641 2084 3676 2134 εἰ

2140 2175 2230 2228 τὸν
2255 2175 2356 2245 μὲν
2374 2173 2599 2243 οὐρανὸν
2621 2172 2855 2235 καὶτοὺς
2877 2173 2934 2224 ἐν
2954 2171 3089 2241 τῷδε
3110 2171 3376 2241 ἀγγέλους
3401 2173 3608 2236 σέϐουσι,
3627 2173 3676 2226 τὰ

2142 2265 2448 2336 σεμνότατα
2467 2263 2521 2317 δὲ
2550 2263 2715 2316 αὐτοῦ
2747 2263 2888 2335 μέρη
2919 2264 3014 2317 καὶ
3041 2262 3414 2327 δυνατώτατα,
3436 2265 3582 2336 ἥλιον,
3604 2266 3674 2318 καὶ

2140 2356 2393 2427 σελήνην,
2438 2355 2530 2407 καὶ
2565 2355 2690 2418 τοὺς
2735 2353 2923 2416 ἄλλους
2953 2354 3209 2424 ἀστέρας,
3249 2355 3496 2418 ἀπλανεῖς
3528 2373 3577 2407 τε
3603 2357 3672 2406 καὶ

2139 2446 2451 2516 πλανήτας,
2507 2445 2682 2499 ταῦτα
2741 2447 3241 2517 παραπέμπουσιν.
3299 2448 3387 2511 Ὠς
3437 2447 3671 2518 ἐνδεχόμε-

2137 2555 2224 2592 νον
2256 2539 2386 2610 (l5),
2421 2537 2481 2592 τὸ
2515 2539 2610 2609 μὲν
2658 2538 2775 2590 ὅλον
2817 2534 2956 2591 εἶναι
2994 2537 3146 2600 Θεὸν,
3188 2538 3257 2592 τά
3287 2539 3344 2592 δὲ
3380 2540 3510 2611 μέρη
3542 2539 3671 2592 αὐτοῦ

2140 2631 2212 2701 μὴ
2254 2630 2391 2683 θεῖα·
2424 2629 2457 2701 ἦ
2492 2629 2618 2692 τούς
2659 2630 2755 2701 μὲν
2789 2632 2846 2682 ἐν
2877 2629 3055 2700 σκότῳ
3088 2647 3192 2683 που
3232 2633 3298 2684 ἐκ
3337 2633 3570 2704 γοητείας
3596 2634 3673 2686 οὐκ

2135 2723 2302 2792 ὀρθῆς
2322 2720 2737 2791 τυφλώττουσιν,
2757 2721 2790 2792 ἢ
2807 2721 2871 2774 δι’
2890 2721 3146 2794 ἀμυδρῶν
3168 2725 3460 2794 φασμάτων
3478 2724 3672 2797 ὀνειρώτ-

2135 2832 2318 2868 τουσιν
2351 2816 2708 2887 ἐγχρίμπτειν
2739 2814 3082 2885 λεγομένους,
3112 2812 3171 2868 εὖ
3205 2817 3350 2886 μάλα
3382 2815 3669 2889 θρησκεύειν

2136 2907 2264 2968 τοὺς
2304 2905 2349 2958 δ’
2384 2906 2625 2978 ἐναργῶς
2670 2905 2812 2960 οὕτω
2855 2907 2948 2961 καὶ⁹
2991 2907 3262 2980 λαμπρῶς
3306 2910 3469 2962 ἅπασι
3505 2925 3674 2980 προςη-

2137 2996 2412 3063 τεύοντας,
2441 2998 2505 3051 δι’
2532 2992 2606 3052 ὧν
2653 2999 2840 3062 ὑετούς
2868 3016 2928 3052 τε
2959 3000 3049 3053 καὶ
3083 3001 3287 3072 θάλπη,
3322 3002 3413 3055 καὶ
3439 3001 3577 3070 νέφη,
3602 2999 3674 3053 καὶ

2138 3091 2366 3163 βροντὰς
2411 3090 2496 3162 (ἃς
2539 3091 2946 3164 προσκυνοῦσι,)
2981 3096 3075 3147 καὶ
3108 3097 3412 3164 ἀστραπὰς,
3447 3095 3532 3148 καὶ
3570 3110 3674 3164 καρ-

2137 3187 2290 3249 ποὺς,
2337 3184 2431 3238 καὶ
2473 3184 2634 3252 γονὰς
2674 3185 2891 3249 ἁπάσας
2937 3185 3296 3256 ταμιεύεσθαι
3353 3187 3477 3257 (14),
3517 3185 3574 3240 δι’
3615 3177 3672 3237 ὧν

449 3281 637 3342 edunt,
687 3277 779 3346 qui
831 3274 1060 3345 pluvias,
1119 3285 1308 3340 aestus,
1367 3274 1616 3339 nebulas,
1681 3276 1919 3329 tonitrua
1959 3278 2027 3330 ab

2139 3279 2316 3342 αὐτοῖς
2345 3277 2818 3332 ἀνακαλύπτεσθαι
2849 3278 2940 3332 τὸν
2969 3279 3123 3344 Θεὸν,
3149 3281 3277 3343 τούς
3310 3278 3671 3350 φανερωτάτους

451 3370 584 3440 ipsis
625 3369 875 3433 adorata,
914 3365 1165 3437 fulgura,
1219 3365 1451 3431 fructus,
1506 3376 1806 3436 proventus
1843 3383 2032 3422 omnes

451 3458 863 3521 administrant,
910 3457 1112 3526 quibus
1142 3455 1378 3525 denique
1413 3455 1505 3509 Dei
1538 3456 1906 3526 cognitionem
1939 3458 2032 3510 de-

449 3552 642 3605 bent.»
683 3548 781 3604 Hic
836 3548 969 3602 mihi
1016 3545 1208 3602 Celsus
1254 3548 1467 3601 videtur
1508 3547 1564 3601 in
1619 3549 2032 3617 perturbatione

448 3651 698 3700 versatus
744 3642 1031 3712 scripsisse
1075 3658 1195 3714 quae
1241 3641 1541 3705 nesciebat,
1592 3648 1688 3694 aut
1728 3655 1852 3709 quae
1894 3641 2030 3694 male

449 3735 818 3791 intellexerat.
843 3733 1042 3803 Liquet
1070 3734 1215 3789 enim
1242 3747 1328 3787 res
1353 3729 1664 3785 Iudaeorum
1696 3731 2026 3786 exarninanti

449 3835 505 3880 et
535 3839 660 3880 cum
693 3822 1135 3879 Christianorum
1171 3821 1332 3876 rebus
1363 3822 1688 3884 conlerenti,
1723 3821 1858 3875 nihil
1887 3822 2030 3874 aliud

450 3931 480 3970 a
540 3915 740 3971 Iudaeis
800 3917 1022 3970 adorari
1075 3923 1273 3985 praeter
1326 3913 1497 3966 Deum
1557 3912 1683 3967 ραςιί
1739 3927 2030 3980 rerumque

448 4009 691 4064 omnium
725 4007 1092 4062 conditorem.
1128 4005 1338 4076 Quippe
1385 4005 1476 4073 qui
1526 4003 1698 4074 legem
1731 4013 2031 4072 sequuntur

449 4119 482 4158 a
515 4103 627 4158 Deo
655 4102 918 4157 sancitam
947 4100 1030 4155 his
1061 4099 1244 4154 verbis
1277 4113 1292 4152 :
1327 4116 1346 4151 ι
1368 4097 1483 4152 Non
1515 4106 1677 4152 erunt
1707 4097 1803 4151 tibi
1831 4096 1921 4151 alii
1954 4096 2026 4150 dii

445 4204 647 4265 praeter
676 4207 763 4247 me
789 4197 936 4248 :‘non
974 4192 1143 4246 facies
1176 4190 1270 4246 tibi
1301 4190 1573 4260 sculptile,
1601 4207 1776 4260 neque
1808 4204 2028 4245 omnem

447 4285 882 4348 similitudinem,
918 4297 1038 4352 quae
1064 4292 1148 4337 est
1177 4281 1230 4335 in
1264 4281 1405 4336 cmlo
1441 4281 1695 4351 desuper,
1737 4289 1790 4334 et
1824 4295 1948 4350 quae
1974 4281 2026 4335 in

449 4386 593 4433 terra
632 4375 912 4442 deorsum;
961 4388 1061 4428 nec
1093 4388 1286 4428 eorum
1318 4386 1438 4442 qua:
1487 4381 1611 4425 sunt
1640 4372 1693 4424 in
1736 4372 1892 4441 aquis
1926 4371 2028 4426 sub

447 4480 618 4528 terra.
643 4468 762 4525 Non
798 4466 1051 4524 adorabis
1072 4481 1155 4528 ea,
1187 4481 1363 4535 neque
1395 4464 1658 4519 coles’M
1697 4463 1825 4518 Inde
1853 4471 2026 4532 patet.

447 4565 541 4634 qui
576 4579 644 4619 ex
697 4560 1011 4632 prmscripto
1054 4557 1192 4627 legis
1226 4557 1414 4610 vivunt
1453 4564 1508 4610 et
1547 4553 1864 4609 Creatorem
1901 4551 2026 4607 coeli

447 4657 704 4720 adorant,
737 4654 806 4708 ab
849 4655 916 4708 iis
962 4651 1152 4707 eodem
1193 4649 1246 4703 in
1291 4649 1498 4702 honore
1547 4648 1746 4701 ccelum
1785 4659 1889 4698 non
1921 4644 2024 4697 ba-

448 4745 806 4817 beri.Nequc
845 4747 1010 4802 etiam
1043 4743 1293 4812 angelos,
1334 4741 1427 4809 qui
1459 4741 1510 4793 in
1558 4738 1698 4793 caelo
1731 4745 1874 4798 sunt,
1935 4736 2028 4790 ad.

450 4852 596 4906 orat,
628 4840 876 4908 quisquis
919 4837 1211 4890 Mosaicam
1247 4835 1419 4902 legem
1442 4829 2025 4896 observat.‘Quemad'

452 4933 671 4986 modum
703 4930 846 4983 enim
894 4927 1063 4982 solem
1093 4935 1148 4979 et
1178 4925 1356 4978 lunam
1397 4932 1451 4976 et
1480 4920 1682 4984 stellas,
1720 4918 1904 4972 mundi
1932 4909 2024 4971 or-

451 5031 728 5085 namenta,
771 5001 877 5074 non
920 5019 1177 5082 adorant;
1224 5017 1304 5072 sic
1335 5015 1474 5072 caelo
1518 5023 1572 5068 et
1613 5011 1820 5080 angelis
1850 5008 1943 5080 qui
1973 5010 2024 5062 in

451 5114 545 5169 illo
581 5121 726 5176 sunt,
772 5112 914 5166 hunc
969 5112 1227 5164 honorem
1280 5108 1481 5162 habere
1521 5105 1797 5175 refugiunt
1826 5123 1838 5158 ;
1865 5102 2024 5156 obsc-

451 5214 680 5276 quentes
713 5204 834 5258 huic
879 5203 984 5269 legi
1012 5221 1022 5255 :
1049 5219 1069 5255 ι
1092 5199 1170 5255 Ne
1219 5199 1448 5256 elevatis
1481 5197 1654 5254 oculis
1703 5197 1772 5251 ad
1803 5193 2020 5259 coelum,

555 5391 602 5422 ⁷³
640 5390 810 5446 Exod.
836 5407 926 5458 xx,
961 5392 1013 5456 5,
1043 5390 1098 5455 4,
1137 5390 1189 5444 5.

526 5543 1050 5626 (μὶληαρὰθεοῦῖ
1071 5547 1211 5624 [θέε
1245 5545 1368 5610 eain
1400 5551 1686 5608 Boherello
1719 5551 1774 5607 ct
1802 5551 2018 5616 Guieto,

453 5626 606 5698 ’παρὰ
625 5624 791 5689 θεούς
815 5627 898 5698 vel
919 5624 1068 5698 παρά
1087 5626 1233 5679 Θεόν.

528 5691 638 5767 (lii)
664 5698 760 5759 Ὠ(-
775 5691 1186 5764 ἐυνδεχόμενον.
1201 5696 1554 5750 Accusalivus
1575 5709 1751 5767 casus.
1779 5691 2026 5767 absolute

455 5763 682 5840 poSitus,
719 5763 1027 5839 quanquam
1056 5766 1248 5823 Guieto
1283 5767 1626 5823 scribendum
1662 5766 1875 5820 videtur
1899 5803 1915 5832 ,
1946 5763 2022 5829 ὡς

2134 3368 2242 3422 τῶν
2272 3369 2383 3423 ἄνω
2422 3370 2689 3441 κήρυκας,
2723 3371 2846 3434 τοὺς
2879 3372 2955 3434 ὡς
2987 3371 3201 3442 ἀληθῶς
3245 3373 3516 3444 οὐρανίους
3542 3369 3673 3439 ἀγγέ-

2135 3461 2280 3523 λους,
2319 3459 2541 3522 τούτους
2586 3461 2834 3528 ἡγεῖσθαι
2872 3462 2933 3515 τὸ
2982 3465 3167 3534 μηδέν.
3197 3484 3214 3515 ι
3268 3467 3353 3518 Ἐν
3411 3464 3596 3528 τούτοις
3628 3462 3674 3516 δὲ

2135 3554 2280 3606 δοκεῖ
2302 3571 2390 3624 μοι
2413 3553 2778 3624 συγκεχύσθαι
2799 3555 3064 3620 ὁΚέλσος,
3083 3559 3179 3611 καὶ
3201 3559 3310 3612 ἀπὸ
3331 3555 3674 3631 παρακουσμά-

2135 3661 2264 3706 των,
2290 3643 2325 3696 δι
2356 3642 2429 3714 μὴ
2463 3643 2598 3714 ᾔδει,
2620 3646 2976 3715 γεγραφέναι·
3013 3649 3181 3716 σαφὲς
3211 3650 3320 3722 γὰρ
3353 3652 3459 3712 τοῖς
3484 3650 3543 3703 τὰ
3572 3649 3672 3700 ’1ου-

2097 3719 2296 3790 ’δαίων
2344 3733 2674 3800 ἐξετάζουσι,
2728 3738 2822 3790 καὶ
2861 3738 2928 3790 τὰ
2962 3739 3304 3808 Χριστιανῶν
3344 3741 3550 3802 ἐκείνοις
3577 3756 3673 3792 συν-

2135 3826 2416 3890 άπτουσιν,
2462 3825 2543 3878 ὅτι
2593 3824 2670 3896 τῷ
2715 3826 2814 3897 μὲν
2847 3827 2995 3898 νόμῳ
3027 3829 3442 3894 ἀκολουθοῦντες
3477 3828 3672 3882 Ἰουδαῖοι

2133 3917 2344 3984 λέγοντι
2391 3918 2456 3970 ἐκ
2502 3915 2796 3987 προσώπου
2828 3917 2986 3970 Θεοῦ·
3041 3937 3059 3969 ι
3086 3919 3198 3972 Οὐκ
3231 3919 3440 3972 ἔσονταί
3480 3936 3552 3971 σοι
3587 3914 3672 3967 θεοὶ

2133 4009 2311 4082 ἕτεροι
2341 4009 2478 4080 πλὴν
2515 4008 2669 4080 ἐμοῦ.
2699 4010 2773 4063 Οὐ
2807 4011 3055 4082 ποιήσεις
3085 4011 3295 4082 σεαυτῷ
3327 4010 3549 4070 εἴδωλον.
3579 4006 3672 4060 οὐδὲ

2133 4102 2334 4165 παντὸς
2362 4102 2635 4173 ὁμοίωμα,
2667 4103 2766 4156 ὅσα
2796 4103 2852 4156 ἐν
2881 4102 2959 4173 τῷ
2988 4102 3204 4173 οὐρανῷ
3239 4103 3372 4167 ἄνω,
3403 4104 3490 4156 καὶ
3518 4102 3603 4155 ὅσα
3629 4099 3672 4150 ἐν

2131 4195 2196 4263 τῇ
2218 4195 2287 4264 γῇ
2310 4194 2476 4256 κάτω,
2496 4194 2590 4247 καὶ
2605 4193 2704 4245 ὃσα
2721 4195 2777 4245 ἐν
2793 4195 2902 4255 τοῖς
2921 4192 3107 4247 ὕδασιν
3129 4193 3386 4247 ὑποκάτω
3400 4193 3490 4264 τῆς
3502 4191 3607 4261 γῆς,
3626 4188 3670 4240 οὐ

2133 4287 2532 4356 προσκυνήσεις
2564 4285 2769 4349 αὐτοῖς,
2815 4285 2933 4338 οὐδέ
2980 4286 3055 4356 μὴ
3097 4285 3414 4356 λατρεύσεις
3459 4284 3668 4344 αὐτοῖς’

2132 4375 2282 4428 οὐδὲν
2309 4375 2435 4430 ἄλλο
2468 4375 2735 4438 σέϐουσιν,
2763 4375 2796 4446 ἢ
2823 4377 2913 4429 τὸν
2938 4378 3030 4430 ἐπὶ
3054 4377 3189 4429 πᾶσι
3219 4377 3371 4440 Θεὸν,
3401 4376 3458 4439 ὃς
3487 4373 3669 4441 ἐποίησε

2132 4467 2222 4519 τὸν
2257 4467 2484 4538 οὐρανὸν
2531 4468 2625 4520 καὶ
2675 4467 2746 4520 τά
2800 4467 2963 4520 λοιπὰ
3005 4469 3203 4524 πάντα.
3239 4469 3407 4540 Δῆλον
3449 4467 3490 4520 δ’
3529 4467 3599 4520 ὅτι
3634 4464 3670 4514 οξ

2132 4559 2273 4612 κατά
2299 4559 2389 4612 τὸν
2413 4559 2574 4629 νόμον
2606 4558 2866 4628 βιοῦντες,
2905 4559 3149 4624 σέϐοντες
3181 4560 3274 4614 τὸν
3306 4562 3584 4627 ποιήσαντα
3603 4557 3670 4608 τὸν

2131 4651 2380 4722 οὐρανὸν,
2420 4652 2480 4704 οὐ
2519 4651 2837 4704 συσσέϐουσι
2873 4652 2950 4722 τῷ
2991 4651 3110 4722 Θεῷ
3143 4652 3234 4705 τὸν
3262 4653 3502 4724 οὐρανόν.
3545 4645 3670 4701 Ἀλλὰ

2132 4743 2226 4796 καὶ
2253 4745 2378 4808 τοὺς
2401 4745 2456 4796 ἐν
2476 4742 2554 4814 τῷ
2573 4743 2786 4814 οὐρανῷ
2814 4743 3078 4814 ἀγγέλους
3097 4744 3273 4810 οὐδεὶς
3307 4744 3412 4800 τῶν
3437 4741 3669 4798 δουλευόν-

2130 4851 2238 4886 των
2284 4833 2360 4905 τῷ
2405 4835 2682 4899 Μωύσέως
2723 4835 2873 4907 νόμῳ
2926 4839 3240 4907 προσκυνεῖ·
3285 4837 3476 4906 ὁμοίως
3515 4834 3565 4886 δὲ
3610 4827 3669 4897 τῷ

2136 4922 2210 4992 μὴ
2240 4927 2563 4995 προσκυνεῖν
2597 4925 2766 4995 ἥλιον,
2793 4926 2886 4980 καὶ
2916 4924 3165 4996 σελήνην,
3197 4926 3432 4989 καὶτοὺς
3455 4923 3666 4992 ἀστέρας,

2134 5011 2224 5062 τὸν
2258 5012 2460 5083 κόσμον
2496 5012 2590 5066 τοῦ
2620 5016 2870 5087 οὐρανοῦ,
2907 5015 3201 5085 ἀπέχονται
3251 5016 3344 5069 τοῦ
3389 5011 3668 5086 προσκυνεῖν

2134 5103 2362 5174 οὐρανὸν
2414 5104 2508 5160 καὶ
2539 5108 2665 5171 τούς
2699 5110 2754 5160 ἐν
2798 5109 2945 5178 αὐτῷ
2977 5109 3262 5178 ἀγγέλους,
3297 5100 3668 5178 πειθόμενοιτῴ

2133 5194 2346 5264 λέγοντι
2377 5199 2546 5270 νόμῳ·
2584 5219 2601 5251 ι
2623 5201 2731 5253 Καὶ
2778 5201 2851 5272 μὴ
2895 5201 3204 5272 ἀναϐλέψας
3232 5203 3311 5267 εἰς
3344 5200 3430 5254 τὸν
3458 5192 3666 5270 οὐρανὸν,

2101 5550 2109 5553 ”
2129 5550 2498 5622 ἐνδεχομένου.

2202 5613 2330 5693 (ΠΥ
2357 5623 2759 5693 Ταμιεύεσθαι.
2791 5620 3136 5692 Addendum,
3168 5623 3252 5680 vel
3279 5613 3658 5679 subaudiendum

2131 5691 2310 5762 δῆλον,
2341 5691 2440 5750 aut
2468 5696 2597 5766 quid
2620 5695 2813 5752 simile.
