3926 6526
505 367 641 428 ΗΜ

1910 347 2230 409 ORIGENIS

3626 353 3735 411 H92

501 494 842 554 consequens
870 479 996 534 item
1031 483 1136 539 est,
1164 482 1223 529 ut
1249 480 1554 550 animantes
1585 485 1833 541 qmeque,
1861 484 2080 532 muscre,

2191 464 2364 534 μυῖαι,
2401 475 2493 516 και
2531 463 2773 531 σκνίφες,
2810 464 2904 518 καὶ
2950 463 3251 536 σκώληκες,
3283 466 3379 519 καὶ
3421 467 3524 520 πᾶν
3559 468 3614 522 τὺ
3651 471 3736 528 τῶν

502 579 728 641 culices,
782 587 1020 638 vermes,
1071 587 1232 626 omne
1278 577 1592 638 serpentum
1645 580 1839 636 genus,
1895 579 2085 619 omnes

504 674 784 731 volucrum
835 667 1179 737 pisciumque
1228 660 1461 734 species,
1513 660 1658 714 inter
1703 659 1836 712 deos
1890 656 2084 712 referri

503 765 755 820 debeant.
809 760 962 828 Quod
1019 773 1118 812 nec
1163 755 1531 810 asseutientur
1583 753 1618 806 ii
1674 753 1764 823 qui
1820 752 2084 804 mundum

505 854 673 911 Deum
709 869 830 910 esse
867 853 1140 908 dictitant.
1171 849 1341 904 Judaei
1365 855 1545 902 autem
1573 845 1666 916 qui
1698 845 1764 900 ad
1791 843 2082 898 Mosaicam

503 949 675 1021 legem
711 947 877 1001 vitam
925 945 1175 1014 exigunt,
1210 941 1427 997 etiamsi
1463 955 1568 996 non
1619 941 1828 1008 possint
1860 953 1922 992 ea
1953 937 2085 1009 legis

499 1057 624 1114 qurc
652 1042 886 1096 obscure
915 1037 1118 1105 scripta
1159 1044 1285 1090 sunt
1316 1043 1374 1089 et
1403 1032 1535 1103 quid
1571 1032 1915 1087 recomlitmn
1947 1046 2081 1085 cou-

501 1135 677 1188 tinent
706 1127 1086 1197 interpretari,
1123 1139 1403 1194 nunquam
1443 1133 1621 1179 tamen
1671 1122 1855 1176 dicent
1886 1121 2083 1178 cmlum

499 1231 593 1277 aut
626 1221 849 1289 angelos
881 1221 934 1272 iu
968 1220 1100 1271 deos
1133 1229 1256 1270 esse
1284 1214 1672 1270 conferendos.

573 1314 626 1368 8.
654 1312 923 1378 Quoniam
955 1325 1082 1363 vero
1119 1309 1354 1362 diximus
1397 1307 1615 1362 Celsum
1647 1321 1714 1360 ex
1758 1304 2083 1374 quibusdam

502 1407 644 1462 male
667 1405 960 1460 intellectis
982 1405 1032 1458 in
1060 1401 1524 1473 perturbationem
1556 1399 1829 1461 incidisse,
1861 1399 1910 1450 id
1941 1412 2084 1451 nunc

499 1513 602 1569 pro
646 1497 856 1551 viribus
910 1496 1192 1550 declarare
1240 1493 1396 1564 juvat
1433 1511 1446 1546 :
1481 1491 1849 1561 quoniamque
1897 1489 2084 1544 Celsus

500 1591 742 1646 animum
766 1589 981 1642 induxit
1014 1588 1066 1640 in
1101 1601 1253 1641 more
1286 1597 1448 1655 atque
1483 1584 1736 1639 instituto
1772 1580 2082 1637 Judmorum

500 1697 623 1738 esse
654 1682 888 1751 positum
929 1690 988 1734 ut
1017 1680 1214 1735 cmlum
1247 1688 1302 1733 et
1349 1677 1444 1746 qui
1479 1677 1532 1730 in
1568 1677 1659 1730 illo
1691 1687 1819 1731 sunt
1861 1674 2084 1746 angelos

498 1777 746 1839 adorent,
785 1775 1135 1830 ostendamus
1169 1771 1389 1827 illarum
1441 1785 1626 1824 rerum
1661 1769 1806 1825 sicut
1836 1778 1891 1824 et
1925 1769 2080 1834 solis,

497 1867 660 1933 lunas,
686 1865 962 1920 stellarum
991 1863 1521 1930 simulacrorumque
1548 1862 1755 1914 cultum
1784 1875 1886 1914 non
1919 1860 2082 1916 modo

498 1969 607 2009 non
662 1970 791 2010 esse
840 1953 1084 2009 Judaicis
1137 1953 1400 2008 institutis
1448 1961 1919 2017 consentaneum,
1985 1953 2079 2007 sed

499 2047 667 2102 etiam
714 2045 782 2100 ab
838 2046 947 2100 illis
988 2059 1113 2101 esse
1165 2061 1327 2116 quam
1371 2045 1794 2101 alienissimum.
1849 2045 1912 2100 Et
1948 2060 2083 2100 vero

501 2139 647 2194 Deus
668 2141 807 2210 apud
832 2139 1126 2194 leremiam
1153 2138 1476 2208 prophetam
1495 2153 1617 2192 cum
1645 2135 2082 2206 populoJudaico

499 2235 832 2305 exposmlat,
869 2235 1012 2300 quod
1055 2247 1142 2288 res
1186 2231 1306 2288 illas
1343 2233 1598 2286 adoraret
1635 2239 1689 2284 et
1724 2231 1921 2300 reginae
1956 2231 2079 2285 cceli

501 2328 708 2397 totique
759 2325 880 2380 creli
934 2323 1142 2378 militiae
1181 2338 1338 2377 sacra
1395 2325 1602 2376 faceret
1633 2321 1703 2374 ⁸ο.
1755 2321 1895 2388 Quid
1939 2320 2081 2389 quod

431 2450 458 2490 -τ-
498 2419 644 2474 inter
664 2417 916 2484 crimina,
937 2433 1166 2487 quorum
1184 2413 1402 2470 Iudaeos
1420 2423 1683 2470 accusant
1699 2414 1903 2484 scripta
1922 2413 2083 2468 Chri~

497 2510 823 2574 stianorum,
859 2508 1001 2562 idem
1037 2508 1164 2562 illud
1191 2507 1462 2577 reperias,
1485 2515 1540 2560 et
1564 2507 1633 2560 ob
1656 2520 1776 2561 eam
1803 2520 2023 2558 causam
2049 2519 2082 2558 a

499 2602 609 2655 Deo
631 2599 797 2655 fuisse
829 2599 1162 2669 repudiatos.
1183 2599 1272 2653 Sic
1295 2599 1442 2653 enim
1466 2599 1518 2652 in
1538 2599 1690 2652 Actis
1711 2596 2079 2666 apostolorum

497 2693 566 2744 dc
591 2689 827 2744 Iudaeis:
858 2707 876 2740 ι
897 2689 1180 2744 Convertit
1227 2699 1412 2744 autem
1456 2689 1597 2744 Deus
1641 2698 1699 2743 et
1735 2689 1958 2742 tradidit
1989 2703 2083 2742 eos

497 2780 661 2852 583
707 2780 912 2836 servire
960 2781 1168 2836 militia:
1225 2781 1370 2847 cceli,
1423 2782 1566 2836 sicut
1611 2781 1876 2850 scriptum
1905 2791 1990 2835 est
2022 2781 2078 2834 in

495 2871 638 2930 libro
679 2874 1072 2944 Prophetarum
1135 2891 1148 2926 :
1208 2873 1463 2944 Nunquid
1522 2875 1771 2930 victimas
1798 2876 2082 2929 ethostias

495 2965 772 3021 obtulistis
799 2967 928 3022 mihi
955 2967 1112 3023 annis
1134 2968 1492 3037 quadraginta
1529 2969 1581 3021 in
1615 2969 1849 3030 deserto,
1881 2970 2080 3024 domus

496 3058 712 3114 Israel?
747 3059 810 3114 Et
863 3061 1188 3131 suscepistis
1220 3061 1630 3116 tabernaculum
1679 3060 1892 3116 Moloeb
1925 3072 1977 3116 et
2006 3063 2081 3115 si—

2188 560 2364 628 ὄφεων
2393 555 2548 622 εἶδος
2584 557 2720 612 ἀλλὰ
2764 559 2857 612 καὶ
2905 560 2964 613 τὸ
3006 560 3111 613 τῶν
3156 561 3381 632 ὀρνέων,
3427 563 3520 616 καὶ
3563 565 3618 617 τὸ
3651 565 3736 620 τῶν

2191 650 2408 720 ίχθύων.
2443 634 2623 722 ’Ἀπερ
2646 651 2752 704 οὐδ’
2783 649 2833 704 οἱ
2854 651 3104 718 λέγοντες
3129 651 3262 706 Θεὸν
3292 647 3430 705 εἶναι
3454 653 3541 706 τὸν
3570 656 3737 726 κόσμον

2188 745 2470 815 φήσουσιν.
2504 745 2566 796 0i
2596 743 2653 796 δὲ
2683 743 2826 797 κατὰ
2863 743 2954 796 τὸν
2999 745 3282 808 Μωῦσέως
3335 746 3496 816 νόμον
3533 747 3738 816 βιοῦντες

2200 837 2460 899 Ἰουδαῖοι,
2492 835 2593 889 κᾶν
2629 837 2792 907 μηδὲν
2822 837 3034 890 εἰδῶσιν
3053 837 3166 906 (‘20)
3187 837 3501 908 ἐκδέχεσθαι
3534 857 3736 913 κεκρυμ-

2190 931 2370 1001 μένως
2402 929 2690 1001 εἰρημένον
2720 931 2814 986 τοῦ
2843 931 3008 1002 νόμου
3045 930 3310 1002 βούλημα,
3344 932 3437 984 καὶ
3467 932 3736 1003 ἀπόρρητόν

2185 1038 2236 1074 τι
2269 1024 2552 1092 ἐμφαῖνον,
2598 1020 2725 1074 οὔτε
2758 1022 2848 1074 τὸν
2876 1023 3106 1094 οὐρανὸν
3155 1024 3420 1094 φήσουσιν
3447 1020 3583 1076 εἶναι
3612 1025 3734 1088 θεὸν,

2186 1113 2310 1166 οὔτε
2348 1113 2475 1176 τοὺς
2507 1113 2791 1182 ἀγγέλους.

2269 1207 2421 1259 Ἐπεὶ
2459 1207 2516 1259 δέ
2577 1206 2859 1277 φάσκομεν
2904 1207 3066 1260 αὑτὸν
3118 1206 3488 1279 συγκεχύσθαι
3519 1208 3577 1260 ἐκ
3607 1227 3736 1262 τινων

2187 1298 2687 1370 παρακουσμάτιον,
2740 1299 2893 1370 φέρε,
2930 1301 3026 1353 καὶ
3065 1299 3240 1354 ταῦτα
3289 1304 3474 1370 ἡμεῖς,
3528 1304 3653 1355 κατὰ
3692 1306 3736 1356 τὸ

2185 1391 2408 1444 δυνατὸν
2441 1392 2594 1461 ἡμῖν,
2625 1390 3014 1462 τρανὼσωμεν,
3048 1393 3142 1445 καὶ
3175 1396 3629 1465 παραστήσωμεν,
3655 1396 3733 1458 δτι,

2189 1482 2395 1537 Κέλσου
2446 1483 2760 1555 νομίζοντος
2819 1485 3109 1538 Ἰουδαϊκὸν
3157 1481 3293 1540 εἶναι
3339 1487 3400 1538 τὸ
3453 1493 3735 1557 προσκυνεῖν

2185 1576 2399 1648 οὐρανῷ
2445 1576 2538 1631 καὶ
2577 1579 2690 1640 τοῖς
2736 1579 2792 1630 ἐν
2835 1577 2985 1648 αὑτῷ
3030 1577 3300 1648 ἀγγέλοις,
3346 1579 3448 1632 οὐκ
3492 1580 3734 1634 Ἰουδαϊκὸν

2191 1670 2288 1740 μὲν
2315 1668 2375 1723 τὸ
2409 1664 2668 1733 τοιοῦτον,
2717 1671 3094 1741 παραὸατικὸν
3135 1671 3193 1725 δέ
3239 1673 3574 1744 Ἰουδαίσμοῦ
3603 1675 3732 1726 ἐστιν’

2187 1760 2377 1834 ὥσπερ
2425 1763 2519 1816 καὶ
2568 1753 2629 1816 τὸ
2680 1766 3006 1834 προσκυνεῖν
3050 1764 3206 1835 ἡλίῳ,
3256 1765 3351 1819 καὶ
3398 1766 3623 1838 σελήνῃ,
3665 1769 3737 1820 καὶ

2187 1855 2424 1928 ἄστροις,
2471 1854 2609 1908 ἀλλὰ
2654 1856 2750 1909 καὶ
2793 1858 2907 1920 τοῖς
2946 1856 3277 1928 ἀγάλμασιν.
3331 1859 3596 1930 Εὑρήσεις
3635 1859 3734 1925 γοῦν

2189 1947 2422 2016 μάλιστα
2454 1949 2512 2001 ἐν
2552 1947 2630 2019 τῷ
2689 1949 2926 2020 Ἱερεμίᾳ
2956 1950 3047 2003 τὸν
3079 1950 3172 2003 τοῦ
3201 1951 3337 2003 Θεοῦ
3366 1943 3520 2019 λόγον
3555 1953 3636 2006 διὰ
3666 1951 3736 2006 τοῦ

2155 2033 2158 2036 ⁴
2186 2041 2467 2112 προφήτου
2500 2042 2850 2112 μεμφόμενον
2876 2041 2954 2112 τῷ
2985 2041 3256 2095 Ἰουδαίων
3279 2043 3411 2113 λαῷ,
3429 2044 3504 2107 ὡς
3534 2062 3735 2116 προσκυ-

2185 2130 2363 2184 νοῦντι
2390 2131 2459 2184 τὰ
2483 2132 2712 2187 τοιαῦτα
2742 2133 2837 2186 καὶ
2865 2132 3045 2186 θύοντι
3067 2137 3132 2206 τῇ
3170 2125 3458 2209 βασιλίσσῃ
3486 2137 3580 2189 τοῦ
3607 2137 3738 2206 obpa-

2186 2222 2276 2276 νοῦ
2311 2225 2406 2276 καὶ
2441 2223 2590 2296 πάσῃ
2621 2226 2686 2294 τῇ
2725 2226 2954 2296 στρατιᾷ
3005 2224 3098 2278 τοῦ
3151 2227 3406 2298 ούρανοῦ.
3453 2227 3664 2297 Δηλοῦσι
3695 2229 3738 2282 δὲ

2185 2313 2280 2366 καὶ
2307 2315 2357 2366 oi
2385 2315 2727 2384 Χριστιανῶν
2749 2315 2916 2384 λόγοι,
2953 2317 3386 2388 κατηγοροῦντες
3413 2319 3519 2372 τῶν
3548 2321 3605 2372 ἐν
3641 2320 3737 2371 ’1ου-

2184 2405 2354 2468 δαίοις
2379 2407 2864 2479 ἁμαρτανομένων,
2889 2409 2974 2462 ὅτι
3005 2407 3138 2463 Θεοῦ
3163 2411 3735 2479 ἐγκαταλείποντοςίὶί)

2184 2496 2276 2550 τὸν
2315 2497 2441 2551 λαὸν
2483 2500 2687 2552 ἐκεῖνον
2727 2501 2818 2554 ἐπί
2849 2517 2988 2554 τισιν
3031 2503 3446 2576 ἁμαρτήμασιν,
3482 2505 3574 2557 καὶ
3618 2504 3737 2558 ταῦτ’

2185 2588 2367 2652 αὐτοῖς
2403 2590 2768 2662 ἡμαρτάνετο.
2812 2592 2901 2644 Ἐν
2933 2591 3032 2662 μὲν
3078 2593 3189 2662 γὰρ
3221 2595 3340 2655 ταῖς
3387 2593 3619 2665 Πράξεσι
3663 2593 3734 2659 γέ-

2183 2698 2427 2752 γραπται
2443 2683 2550 2736 τῶν
2569 2683 2884 2743 ἀποστόλων
2909 2702 2976 2738 πε
2987 2685 3038 2756 ρὶ
3080 2687 3372 2751 Ἰουδαίων,
3395 2689 3477 2740 ὅτι
3499 2707 3516 2737 ι
3541 2688 3735 2758 ἔστρεψε

2181 2773 2239 2828 δὲ
2295 2776 2326 2828 ὁ
2379 2774 2530 2842 Θεὸς,
2592 2777 2686 2831 καὶ
2741 2776 3060 2850 παρέδωκεν
3110 2781 3310 2844 αὐτοὺς
3361 2779 3634 2852 λατρεύειν
3685 2781 3736 2851 τῇ

2187 2871 2418 2941 στρατιᾷ
2461 2869 2555 2922 τοῦ
2602 2869 2869 2940 οὐρανοῦ,
2927 2869 3109 2936 καθὼς
3158 2873 3465 2945 γέγραπται
3512 2875 3566 2926 ἐν
3603 2871 3738 2944 βίϐλῳ

2181 2965 2290 3019 τῶν
2322 2963 2648 3035 προφητῶνο
2699 2965 2789 3033 Μὴ
2846 2963 3051 3032 σφάγια
3094 2966 3188 3018 καὶ
3240 2965 3432 3029 θυσίας
3465 2968 3738 3038 προσηνέγ-

2199 3055 2333 3110 κατὲ
2369 3074 2457 3127 μοι
2505 3060 2564 3110 ἐν
2596 3059 2663 3126 τῇ
2693 3057 2884 3127 ἐρήμῳ
2917 3058 3324 3128 τεσσαράκοντα
3350 3059 3466 3130 ἐτη,
3495 3056 3635 3124 οἶκος
3658 3061 3737 3112 ἰσ-

499 3153 602 3207 ‘dus
637 3152 730 3207 Dei
764 3152 1074 3222 Rempbau,
1107 3163 1163 3206 et
1195 3153 1397 3222 ﬁguras
1424 3169 1560 3222 quas
1595 3153 1806 3209 fecistis
1852 3155 2081 3209 adorare

2189 3150 2326 3220 ραήλ
2351 3166 2364 3214 ;
2402 3151 2511 3201 Καὶ
2543 3148 2831 3201 ἀνελάϐετε
2862 3149 2961 3220 τὴν
2991 3151 3196 3222 σκηνὴν
3228 3151 3322 3204 τοῦ
3347 3151 3545 3222 Μολόχ,
3581 3152 3666 3204 καὶ
3691 3150 3740 3202 τὸ

498 3255 593 3296 cas
625 3242 691 3296 ⁸⁸.
734 3261 752 3293 ›
799 3243 863 3295 Et
892 3242 1094 3297 Paulus
1120 3243 1337 3313 egregie
1379 3243 1622 3300 Judaicis
1664 3245 1924 3300 institutis
1959 3263 2082 3300 eru-

500 3333 666 3399 ditus,
690 3345 745 3387 et
770 3333 990 3401 insuper
1014 3343 1327 3403 portentosa
1353 3335 1554 3389 Christi
1585 3336 1796 3392 visione
1825 3340 1891 3390 ad
1924 3339 2083 3392 Cbri-

498 3427 736 3480 stianam
793 3426 1110 3495 religionem
1164 3442 1466 3484 conversus
1514 3429 1630 3484 hmc
1686 3430 1848 3483 habet
1882 3432 1933 3483 in
1981 3448 2078 3485 sua

495 3515 567 3570 ad
598 3515 953 3570 Colosseuses
983 3535 995 3569 :
1040 3535 1058 3568 ι
1098 3515 1266 3571 Nemo
1291 3532 1387 3570 vos
1419 3519 1642 3572 seducat
1681 3520 1864 3574 volens
1900 3521 1951 3572 in
1988 3522 2083 3574 bu-

499 3607 733 3664 militate
760 3619 815 3664 et
843 3609 1104 3679 religione
1128 3609 1476 3677 angelorum,
1507 3624 1626 3679 quae
1658 3627 1764 3665 non
1803 3613 1932 3666 vidit
1963 3628 2081 3666 am-

498 3701 720 3766 bulans,
751 3701 955 3756 frustra
1004 3700 1222 3756 inﬂatus
1272 3718 1434 3756 sensu
1488 3704 1673 3756 carnis
1712 3719 1844 3767 suae,
1878 3717 1933 3759 et
1975 3723 2079 3760 non

502 3802 698 3850 tenens
724 3805 910 3864 caput,
939 3810 1007 3850 ex
1055 3807 1164 3864 quo
1215 3803 1386 3848 totum
1434 3810 1632 3863 corpus
1665 3810 1761 3864 per
1804 3813 1976 3852 ucaus
2027 3807 2080 3852 et

495 3888 916 3958 conjunctiones
949 3887 1424 3942 subministratum
1451 3896 1504 3940 et
1541 3897 1913 3941 constructqu
1964 3903 2084 3942 cre-

497 3983 603 4037 scit
645 3983 698 4036 in
748 3991 1099 4053 augmentum
1149 3981 1244 4036 Dei
1272 3981 1339 4034 3'.
1391 3998 1408 4031 ι
1449 3978 1573 4034 llaec
1603 3979 1793 4035 Celsus
1823 3995 1943 4034 cum
1984 3995 2083 4034 nec

499 4075 720 4145 legisset
753 4089 852 4130 nec
899 4075 1204 4139 didicisset,
1241 4075 1397 4144 ﬁngit
1439 4075 1624 4128 nescio
1666 4074 1939 4144 quomodo
1969 4091 2082 4128 ete-

499 4164 613 4218 lum
664 4174 718 4218 et
769 4165 990 4235 angelos
1018 4166 1111 4236 qui
1148 4167 1218 4222 ibi
1251 4177 1398 4230 sunt,
1438 4166 1697 4220 inviolata
1749 4166 1885 4234 lege,
1925 4184 1952 4219 ιι
1983 4166 2080 4221 Ju-

499 4257 630 4311 daﬁs
662 4257 901 4312 adorari.

574 4529 628 4584 9.
667 4528 794 4585 Pari
831 4531 1032 4586 mentis
1075 4531 1511 4601 perturbatione,
1545 4545 1643 4584 nec
1675 4530 1862 4584 sedulo
1910 4528 2082 4583 mcdi-
2121 4542 2161 4597 ι)

499 4625 647 4679 tatus
679 4639 797 4694 qva:
836 4626 941 4680 buc
975 4626 1312 4695 spectabant,
1347 4623 1652 4679 arbitratus
1696 4633 1780 4676 est
1806 4621 2020 4676 Jmlmos
2047 4638 2075 4675 a

500 4716 725 4786 magicis
759 4717 1082 4786 quibusdam
1113 4713 1599 4778 'incanlatoribus,
1655 4723 1871 4782 spcctra
1929 4730 2079 4783 qum-

499 4801 621 4860 tiam
660 4807 798 4860 hanc
829 4808 883 4860 in
921 4823 1032 4862 rem
1068 4811 1276 4877 magico
1299 4807 1544 4860 carmine
1576 4806 1951 4867 evocantibus,
1987 4805 2081 4857 asi-

500 4895 693 4954 ductos
723 4900 890 4955 fuisse
921 4910 979 4953 ut
1015 4901 1264 4956 cmlestes
1293 4899 1518 4969 angelos
1542 4898 1792 4953 colerent
1821 4917 1832 4951 :
1870 4901 2084 4952 nescius

500 4990 756 5046 videlicet
776 5004 829 5046 et
850 4993 992 5047 istud
1020 5009 1142 5050 esse
1174 5006 1362 5048 contra
1391 4995 1587 5064 legem,
1615 5009 1738 5063 qua:
1763 4993 1842 5047 sic
1869 4994 2042 5045 fertur
2067 5011 2080 5046 :

503 5091 527 5136 4
573 5082 648 5138 Ne
699 5083 982 5140 declinetis
1037 5086 1103 5138 ad
1137 5101 1341 5153 magos,
1384 5103 1483 5141 nec
1531 5088 1598 5141 ab
1634 5086 1822 5140 ariolis
1875 5084 2076 5153 aliquid

499 5174 880 5244 sciscitemini,
919 5187 978 5233 ut
1019 5178 1335 5248 polluatniui
1369 5195 1468 5250 per
1499 5194 1628 5245 eos;
1683 5196 1783 5250 ego
1816 5178 2079 5234 Dominus

573 5313 618 5349 '°
641 5314 844 5372 Jerem.
882 5332 973 5382 vn,
1000 5317 1084 5385 l8,
1108 5334 1218 5385 xu,
1248 5318 1332 5374 l3.

548 5469 687 5549 “(‘20)
723 5470 1001 5528 Είδῶσιν.
1027 5473 1199 5529 Codd.
1249 5474 1448 5544 Regius
1477 5484 1531 5529 et
1578 5473 1925 5537 Basiieeusis,
1953 5472 2091 5544 0αρ-

504 5539 691 5614 ρῶσιν.

576 5613 687 5684 (2i)
727 5611 894 5684 Codd.
923 5614 1120 5682 Regius
1144 5628 1198 5671 et
1223 5616 1574 5674 Basilecnsis.
1601 5613 2084 5684 ἐγκαταλιπόντος.

503 5679 677 5752 Paulo
699 5693 815 5752 post
850 5679 1190 5740 llmscﬁhelius
1221 5691 1272 5740 in
1299 5699 1470 5745 textu.
1497 5687 1591 5740 καὶ
1621 5679 1765 5739 τοῦτ’
1793 5686 2000 5749 αὐτοῖς,
2036 5696 2090 5737 ιιι

504 5749 733 5828 ibidem,
783 5753 976 5825 ἔτρεψε
1022 5756 1077 5810 δὲ
1129 5761 1157 5810 ό
1197 5757 1348 5821 Θεός.
1403 5759 1565 5823 inira,
1617 5757 1678 5810 τὸ
1736 5759 1934 5828 ἄστρον
1992 5754 2088 5808 τοῦ

505 5822 628 5876 θεοῦ
685 5822 912 5894 Ῥομῴᾶ.

1411 5320 1453 5350 ⁸¹
1486 5321 1604 5374 Act.
1641 5334 1736 5383 νη,
1765 5317 1854 5380 42,
1883 5317 1985 5384 45;
2020 5317 2186 5375 Amos
2214 5335 2266 5384 γ,
2288 5317 2381 5373 9.5.

2189 3241 2387 3312 ἄστρον
2421 3241 2514 3294 τοῦ
2545 3240 2668 3293 θεοῦ
2722 3240 2986 3312 Ῥεμφὰν,
3018 3243 3108 3294 καὶ
3137 3240 3343 3306 τύπους
3369 3242 3464 3306 οὓς
3484 3245 3738 3313 ἐποιήσατε

2190 3337 2513 3406 προσκυνεῖν
2543 3335 2744 3397 αὐτοῖς.
2785 3334 2970 3404 »Παρὰ
3000 3335 3056 3388 δὲ
3088 3335 3166 3405 τῷ
3185 3335 3401 3406 Παύλῳ,
3437 3335 3663 3408 ἀκριδῶς
3683 3333 3741 3387 τὰ

2201 3424 2468 3477 Ἰουδαίων
2522 3423 2884 3489 παιδευθέντι,
2939 3425 3034 3477 καὶ
3085 3424 3309 3495 ὕστερον
3357 3427 3421 3477 ὲκ
3475 3424 3738 3495 παραδὸᾣυ

2190 3516 2514 3585 ἐπιφανείας
2541 3515 2716 3586 Ἰησοῦ
2747 3515 3194 3586 χριστιανίσαντι,
3219 3516 3421 3570 τοιαῦτ’
3453 3519 3510 3570 ἐν
3536 3521 3596 3589 τῇ

2188 3608 2525 3670 Κολασσαεῖς
2556 3606 2836 3661 λέλεκται·
2871 3625 2889 3658 ι
2913 3609 3118 3679 Μηδεὶς
3145 3607 3289 3680 ὑμᾶς
3318 3608 3741 3683 καταϐραϐευέτω

2189 3700 2356 3754 θέλων
2387 3701 2497 3771 (9.2)
2532 3701 2589 3752 ἐν
2615 3701 3088 3775 ταπεινοφροσύνῃ
3114 3703 3207 3755 καὶ
3239 3701 3505 3773 θρησκείᾳ
3539 3702 3637 3754 τῶν
3662 3702 3741 3767 ἀγα

2188 3793 2380 3862 γέλων,
2409 3793 2444 3846 ἃ
2490 3793 2562 3864 μὴ
2607 3793 2850 3865 ἑώρακεν
2896 3794 3233 3863 ἐμϐατεύων,
3266 3795 3386 3864 εἶκῆ
3419 3794 3741 3864 φυσιούμενος

2190 3884 2295 3938 ὑπὸ
2327 3883 2422 3938 τοῦ
2451 3885 2571 3949 νοὸς
2608 3886 2706 3957 τῆς
2741 3886 2944 3958 σαρκὸς
2977 3886 3142 3939 αὑτοῦ
3169 3904 3181 3916 '
3219 3887 3313 3939 καὶ
3338 3887 3400 3939 οὺ
3432 3887 3634 3958 κρατῶν
3661 3884 3742 3959 τὴν

2190 3975 2450 4046 κεφαλὴν,
2488 3975 2545 4040 ἐξ
2571 3968 2633 4028 οὗ
2669 3978 2775 4030 πᾶν
2806 3977 2868 4029 τὸ
2899 3977 3078 4048 σῶμα,
3105 3977 3192 4031 διὰ
3225 3978 3332 4031 τῶν
3359 3980 3511 4048 ἁφῶν
3537 3979 3620 4032 καὶ
3642 3995 3743 4030 συν-

2189 4067 2402 4138 δέσμων
2431 4067 2932 4141 ἐπιχορηγούμενον
2964 4072 3056 4124 καὶ
3093 4071 3559 4143 συμειὸαζόμενον
3578 4115 3592 4138 ,
3618 4067 3741 4134 αὔξει

2189 4161 2287 4232 τὴν
2341 4159 2568 4232 αὔξησιν
2624 4163 2717 4216 τοῦ
2751 4164 2906 4217 Θεοῦ.
2957 4183 2974 4215 ι
3011 4165 3196 4218 Ταῦτα
3239 4165 3295 4217 δὲ
3333 4166 3460 4236 μήτ’
3489 4165 3739 4234 ἀναγνοὺς,

2196 4256 2333 4324 μήτε
2368 4253 2551 4324 μαθὼν
2581 4254 2608 4305 ό
2641 4255 2868 4316 Κέλσος,
2916 4256 3015 4308 οὐκ
3047 4250 3164 4309 οῖδα
3191 4257 3338 4320 ὅπως
3369 4258 3654 4327 πεποίηκεν
3678 4254 3741 4315 ὡς

2192 4345 2251 4398 οὐ
2286 4345 2740 4417 παρανομοῦντας
2781 4347 3065 4412 Ἰουδαίους
3095 4351 3423 4422 προσκυνεῖν
3455 4349 3532 4420 τῷ
3563 4344 3742 4420 οὐρανῷ

2194 4437 2289 4489 καὶ
2323 4439 2434 4500 τοῖς
2464 4439 2522 4489 ὲν
2551 4437 2699 4508 αύτῴ
2731 4439 3002 4507 ἀγγέλοις.

2268 4531 2388 4582 Ἔτι
2439 4530 2483 4583 δ’
2533 4531 3042 4603 ὑποσυγκεχυμένος
3073 4532 3205 4604 (25),
3240 4534 3336 4587 καὶ
3387 4533 3462 4605 μὴ
3504 4530 3740 4604 ἐπιμελῶς

2192 4622 2314 4677 ἰδὼν
2356 4623 2424 4676 τὰ
2461 4625 2602 4678 κατὰ
2634 4624 2725 4678 τὸν
2756 4623 2940 4690 τόπον,
2984 4626 3136 4698 ᾠήθη
3169 4625 3274 4680 ἀπὸ
3301 4627 3409 4680 τῶν
3467 4631 3524 4681 ἐν
3561 4641 3739 4698 pay?!-

2189 4718 2360 4782 νείαις
2408 4719 2499 4770 καὶ
2557 4717 2830 4788 γοητείαις
2887 4717 3112 4788 ἐπῳδῶν
3175 4720 3586 4791 προτραπέντας
3639 4719 3740 4767 Ἰου-

2189 4809 2371 4872 δαίους
2400 4808 2463 4861 ἐκ
2494 4825 2654 4860 τινων
2685 4807 2823 4860 κατὰ
2853 4808 2953 4872 τὰς
2989 4807 3202 4879 ἐπῳδὰς
3230 4809 3528 4879 φασμάτων
3557 4812 3740 4874 ἐπιφαι-

2191 4900 2430 4972 νομένων
2463 4903 2576 4964 τοῖς
2604 4902 2884 4971 ἐπᾴδουσι,
2939 4905 3262 4973 προσκυνεῖν
3300 4903 3426 4966 τοὺς
3459 4903 3514 4954 ἐν
3561 4895 3738 4970 οὐρανῷ

2191 4995 2454 5064 ἀγγέλους
2477 5012 2489 5025 ο
2523 4996 2582 5048 ού
2618 4994 2863 5056 συνιδὼν,
2897 4995 2978 5047 ὅτι
3011 4995 3285 5048 καὶτοῦτο
3313 4995 3464 5064 παρὰ
3496 4993 3579 5046 τὸν
3605 4990 3738 5059 νόμον

2189 5090 2302 5150 τοῖς
2330 5103 2393 5155 γε
2422 5086 2596 5140 ταῦτα
2616 5089 2766 5142 ποιοῦ
2777 5103 2859 5139 σιν
2877 5083 3085 5154 ἐγίνετο
3115 5087 3340 5154 λέγοντα
3362 5102 3376 5116 ⁶
3395 5097 3412 5130 ί
3433 5086 3540 5138 Οὐκ
3573 5085 3738 5134 ἐπακτν

2190 5179 2479 5251 λουθήσετε
2544 5177 3035 5250 ἐγγαστριμύθοις,
3079 5179 3172 5232 καὶ
3228 5181 3342 5242 τοῖς
3391 5173 3641 5234 ἐπαοιδοῖς
3684 5167 3736 5221 σὺ

2479 5317 2524 5349 ⁸⁸
2555 5316 2763 5374 Coloss.
2808 5331 2866 5383 ιι,
2893 5318 2981 5385 l8,
3015 5317 3098 5372 l9.

2259 5473 2372 5552 ('22)
2415 5474 2636 5552 6é.2wr.
2703 5477 3059 5552 Desideratur
3108 5473 3606 5552 in_aittea_editis.
3651 5465 3730 5552 sed

2191 5549 2464 5615 reperitur
2495 5549 2545 5600 in
2593 5563 2724 5601 mss.
2756 5549 2924 5601 l’aulo
2957 5556 3077 5613 post
3109 5547 3239 5602 libb.
3272 5547 3402 5601 cditi
3439 5548 3490 5598 in
3527 5553 3672 5615 textu.
3706 5547 3736 5591 α

2189 5610 2433 5688 ἑώρακεν
2465 5616 2805 5688 ἐμϐατεύων,
2844 5629 2900 5673 at
2939 5610 3198 5674 Gelenius
3233 5619 3382 5686 legit,
3412 5617 3446 5671 ἃ
3484 5616 3554 5687 μὴ
3590 5610 3731 5683 £13,:-

2229 5705 2306 5740 εν.

2191 5705 2376 5830 κῦξέὅ)
2416 5755 2758 5816 Hmscbclius
2788 5761 2840 5815 in
2868 5768 3039 5822 textu.
3073 5759 3603 5830 ὑποσυγκεχυμὲνως.

2200 5887 2241 5920 ξ..
