3840 6412
457 309 596 366 1195

1888 303 2214 362 OHIGENIS

3574 315 3684 374 H96

456 430 551 498 qui
603 426 670 484 ad
719 425 984 496 justitiam
1037 425 1292 481 erudiunt
1351 424 1587 491 multos,
1649 424 1812 494 quasi
1861 425 2027 482 stellae

2145 444 2274 496 ματι
2320 425 2777 500 ἐξεγερθήσονται
2803 466 2818 492 ,
2871 420 3016 484 οὗτοι
3045 430 3126 494 εἰς
3155 427 3301 502 ζωὴν
3329 429 3565 496 αἰώνιον,
3616 432 3691 488 καὶ

456 521 515 577 in
545 522 879 578 aeternitates
913 528 967 576 et
1000 518 1140 573 ultra
1172 519 1240 573 ⁸⁸.
1285 537 1303 570 ι
1353 519 1481 574 Inde
1508 517 1710 574 Paulus
1742 528 2035 588 acceperat

455 616 513 672 id
540 615 679 687 quod
707 613 843 670 dixit
872 611 941 668 de
968 613 1376 668 resurrectione
1407 625 1574 682 agens
1605 630 1617 666 :
1653 627 1673 662 ι
1710 610 1778 666 Ει
1805 625 2036 681 corpora

457 706 702 762 eozlcst‘ia
730 713 784 760 et
810 718 1039 774 corpora
1067 704 1347 760 terrestria
1373 721 1389 770 ;
1414 704 1508 759 sed
1539 703 1645 759 alia
1672 704 1893 774 quidem
1926 717 2039 760 eoe-

457 798 674 856 lestium
711 795 1022 866 gloria,alia
1044 805 1221 851 autem
1257 796 1620 852 terrestrium.
1657 797 1778 851 Alia
1811 796 2038 854 claritas

452 891 603 957 solis,
623 890 727 947 alia
759 888 984 945 claritas
1021 891 1179 953 lunae,
1225 899 1282 944 et
1311 889 1414 945 alia
1460 889 1681 944 claritas
1727 889 2032 945 stellarum.

453 985 621 1044 Stella
638 986 780 1042 enim
813 985 1016 1042 astella
1045 985 1226 1042 ditl‘ert
1257 987 1310 1041 in
1341 985 1613 1043 claritate.
1649 987 1742 1044 Sic
1768 997 1823 1043 et
1845 1003 2035 1045 resur-

452 1078 628 1137 rectio
645 1079 1064 1136 mortuorum”.
1087 1099 1106 1132 ι
1127 1077 1283 1133 Nulla
1312 1077 1477 1149 igitur
1509 1079 1608 1134 fuit
1627 1079 1786 1146 ratio,
1801 1095 1921 1146 cur,
1941 1081 2033 1151 qui

450 1178 635 1226 creata
661 1169 842 1226 omnia
878 1183 1143 1241 generose
1175 1168 1403 1238 pedibus
1439 1169 1758 1238 proculcare
1779 1181 1832 1224 et
1863 1185 1893 1225 a
1922 1171 2034 1226 Deo

447 1259 901 1330 praestantissima
939 1257 1061 1314 vitae
1114 1258 1253 1314 bene
1275 1267 1413 1313 actm
1465 1260 1686 1328 praemia
1717 1266 2033 1327 exspectare

449 1351 778 1417 didicerant,
811 1348 904 1420 qui
928 1349 1213 1405 audierant
1239 1366 1251 1402 :
1275 1368 1293 1402 ι
1335 1346 1444 1405 Vos
1466 1351 1597 1406 estis
1627 1348 1716 1404 lux
1745 1349 1964 1416 mundi;
2008 1367 2027 1401 ι

446 1451 546 1497 et:
589 1459 607 1492 ι
645 1441 851 1498 Luceat
894 1442 989 1498 lux
1020 1450 1205 1497 vestra
1250 1453 1439 1496 coram
1487 1441 1820 1506 hominibus,
1869 1447 1927 1495 ut
1955 1439 2032 1494 vi-

445 1535 614 1590 deant
662 1548 828 1604 opera
875 1543 1058 1591 veStra
1112 1536 1294 1600 bona,
1349 1543 1406 1589 et
1456 1533 1764 1602 gloriﬁcent
1811 1533 2028 1589 Patrem

445 1637 690 1682 vestrum
727 1629 816 1697 qui
870 1627 925 1684 in
975 1629 1128 1684 caelis
1160 1635 1243 1683 est
1275 1627 1359 1696 9°;
1413 1645 1433 1682 ›
1485 1627 1578 1697 qui
1611 1641 1824 1682 summo
1849 1626 2032 1683 studio

446 1721 513 1774 ad
548 1719 889 1790 splendidam
915 1719 1063 1776 illam
1089 1731 1144 1776 et
1164 1721 1652 1776 incontaminatam
1676 1721 2028 1791 sapientiam,

2146 513 2291 574 οὗτοι
2321 522 2404 584 εἰς
2433 519 2738 592 ὀνειδισμὸν
2777 520 2871 575 καὶ
2913 522 3175 594 αἰσχύνην
3225 519 3460 577 αἰώνιον.
3516 522 3615 577 Καὶ
3653 527 3693 579 οἱ

2151 612 2427 675 συνιέντες
2451 611 2823 684 ἐκλάμψουσιν
2851 614 2927 679 ῶς
2954 616 2986 686 ή
3019 615 3342 687 λαμπρότης
3371 613 3464 670 τοῦ
3492 616 3696 691 στερεὼ-

2149 720 2318 774 ματος
2334 720 2346 733 ·
2378 703 2475 757 ml.
2500 703 2609 758 ἀπὸ
2636 704 2746 759 τῶν
2774 705 2995 760 δικαίων
3019 708 3130 762 τῶν
3170 707 3378 763 πολλῶν
3400 710 3474 774 ὡς
3495 709 3540 762 οί
3569 709 3697 764 ἀστέ-

2150 813 2242 868 ρες
2283 797 2366 861 είς
2391 796 2520 861 τοὺς
2549 797 2772 863 αίῶνας,
2805 797 2900 852 καὶ
2930 797 3031 852 ἔτι.
3079 818 3099 853 ι
3137 800 3298 856 Ὅθεν
3341 801 3434 854 ml.
3461 804 3490 855 ὁ
3516 801 3695 866 liable;

2143 887 2324 941 λαϐὼν
2351 889 2410 942 ὲν
2434 890 2546 954 τοῖς
2579 889 2708 962 περὶ
2735 890 3086 956 ἀναστάσεῶς
3110 909 3270 964 φησι·
3311 911 3330 945 ι
3367 894 3475 948 Καὶ
3503 897 3693 963 σώματα

2145 980 2476 1051 ἐπουράνια,
2525 981 2620 1035 ml
2667 983 2894 1054 σώματα
2945 983 3201 1054 ἐπίγειαο
3253 984 3369 1039 ἀλλ’
3414 985 3566 1058 ἑτέρα
3614 988 3694 1058 μὲν

2142 1077 2176 1145 ὴ
2208 1074 2318 1128 τῶν
2363 1075 2706 1146 ἐπουρανίων
2749 1077 2898 1143 δόξα,
2929 1078 3091 1150 ἑτέρα
3132 1079 3190 1132 δὲ
3235 1079 3270 1150 ἡ
3317 1078 3424 1133 τῶν
3453 1081 3690 1148 ἐπιγείων.

2146 1167 2314 1233 Ἀλλη
2351 1165 2479 1232 δόξα
2511 1167 2686 1239 ἡλίου,
2718 1170 2812 1223 ml
2852 1160 3004 1242 ἄλλη’
3020 1171 3145 1237 δόξα
3175 1169 3422 1242 σελήνης,
3463 1171 3548 1225 καὶ
3583 1157 3691 1243 ἀλλη

2139 1257 2267 1322 δόξα
2296 1259 2543 1331 ἀστέρων
2562 1277 2575 1290 ·
2614 1261 2792 1334 ἀστὴρ
2822 1262 2932 1334 γὰρ
2961 1263 3193 1335 ἀστέρος
3222 1263 3465 1335 διαφέρει
3496 1264 3548 1318 ὲν
3569 1263 3688 1337 δόξῃ.

2141 1350 2299 1406 Οὕτω
2339 1352 2437 1406 καὶ
2463 1356 2496 1423 ἡ
2529 1353 2826 1419 ἀνάστασις
2863 1353 2972 1408 τῶν
3005 1355 3236 1426 νεκρῶν.
3292 1375 3310 1409 ι
3355 1356 3428 1410 Οὐ
3458 1355 3616 1410 τοίνυν
3637 1353 3692 1429 ἦν

2141 1442 2363 1513 εὔλογον
2412 1445 2548 1516 (50),
2600 1447 2728 1511 τοὺς
2779 1445 3126 1518 διδαχθέντας
3189 1447 3536 1519 μεγαλοφυῶς
3554 1447 3692 1520 ὑπερ-

2140 1535 2456 1590 αναὸαίνειν
2491 1537 2670 1592 πάντα
2711 1537 2780 1592 τὰ
2822 1539 3306 1612 δημιουργήματα,
3353 1541 3448 1596 καὶ
3490 1542 3690 1606 ἐλπίζειν

2140 1629 2209 1684 τὰ
2235 1631 2434 1702 ἄριστα
2448 1631 2576 1701 περὶ
2603 1631 2783 1703 αὐτῶν
2801 1632 2953 1706 παρὰ
2982 1631 3062 1704 τῷ
3085 1634 3206 1706 Θεῷ
3235 1635 3330 1689 ἐπὶ
3355 1633 3433 1706 τῷ
3457 1634 3689 1705 καλλίστῳ

2140 1721 2261 1794 βίῳ,
2303 1724 2400 1777 ml.
2443 1723 2782 1788 ἀκούσαντας
2829 1725 2911 1791 τὸ,
2951 1746 2970 1780 ι
3019 1728 3207 1799 Ὑμεῖς
3249 1727 3373 1780 ἐστε
3398 1727 3457 1781 τὸ
3483 1727 3586 1797 φῶς
3612 1727 3688 1781 τοῦ

445 1813 623 1882 ipsum
674 1811 813 1869 lucis
862 1821 1079 1869 teternae
1107 1813 1453 1882 splendorem
1487 1815 1907 1881 contendebant,
1941 1824 2027 1872 aut

2140 1812 2386 1882 κόσμου’
2450 1833 2470 1864 ι
2522 1814 2614 1867 ml.
2653 1813 2734 1876 τὸ,
2789 1833 2808 1867 ι
2852 1815 3138 1888 Λαμψάτω
3169 1817 3231 1870 τὸ
3276 1817 3392 1887 φῶς
3433 1817 3571 1889 ὑμῶν
3611 1817 3687 1888 ἔμ-

437 1901 551 1970 jam
579 1913 740 1959 erant
767 1905 1083 1972 consecuti;
1127 1906 1201 1961 illi
1233 1907 1305 1962 ita
1348 1906 1597 1962 sensibili
1628 1906 1766 1964 solis
1793 1917 1847 1962 et
1889 1908 2033 1964 lunae

445 2007 503 2052 et
545 1999 828 2056 stellarum
861 1999 1062 2053 lumine
1107 1998 1555 2069 percellerentur,
1591 2007 1671 2065 ut,
1702 1999 1828 2057 licet
1875 2001 2034 2056 intel-

442 2089 708 2161 ligibilem
767 2090 1033 2145 haberent
1084 2089 1297 2156 lucem,
1351 2091 1526 2145 lucem
1585 2104 1795 2157 veram,
1850 2090 2030 2146 lucem

441 2184 662 2250 mundi,
710 2181 889 2237 lucem
943 2183 1249 2249 hominum,
1282 2197 1343 2238 se
1390 2192 1570 2238 tamen
1623 2181 1764 2237 inira
1793 2183 2031 2238 sensibi-

441 2276 549 2332 lem
574 2275 722 2331 illam
751 2275 925 2330 lucem
950 2289 1072 2331 esse
1089 2274 1490 2330 arbitrarentur
1511 2289 1708 2345 resque
1732 2274 1821 2328 illa
1847 2276 2032 2344 praedi-

443 2379 529 2425 tas
541 2371 834 2424 adorarent
852 2385 864 2421 :
882 2383 1016 2438 quas
1033 2367 1247 2436 quidem
1263 2365 1306 2422 si
1327 2367 1542 2422 adorari
1557 2369 1906 2436 Oportuisset,
1925 2381 2030 2421 non

443 2461 612 2536 585
658 2462 900 2533 proiecto
934 2473 1153 2530 propter
1183 2461 1313 2515 illud
1364 2460 1545 2516 lumen
1585 2461 1844 2516 sensibile
1885 2461 2028 2530 quod

439 2558 624 2613 inultis
653 2557 962 2642 adorationi
996 2564 1117 2619 est;
1150 2554 1243 2610 sed
1287 2554 1474 2623 potius
1503 2563 1727 2623 propter
1771 2553 2028 2622 intelligi-

443 2647 555 2703 bile
607 2648 739 2703 illud
772 2641 828 2704 et
859 2661 1046 2702 verum
1082 2645 1264 2698 lumen
1310 2642 1522 2696 adorari
1572 2641 1900 2712 eportuisset
1930 2659 1945 2694 :
1979 2642 2026 2694 si

439 2741 660 2809 quidem
691 2749 838 2796 astra
876 2737 1001 2794 coeli
1033 2745 1162 2791 sunt
1207 2734 1460 2790 animalia
1499 2734 1710 2788 ratione
1738 2742 1792 2787 et
1827 2735 2031 2788 virtute

441 2833 689 2902 praedita,
727 2839 889 2900 atque
927 2831 994 2884 ab
1024 2828 1117 2883 illa
1143 2825 1414 2896 sapientia
1438 2863 1454 2889 ,
1489 2839 1611 2892 quae
1641 2823 1782 2878 lucis
1811 2834 2030 2878 αξιοι-ηαξ

444 2923 700 2994 splendor
728 2932 836 2987 est,
860 2920 1196 2991 cognitionis
1227 2917 1434 2972 lumine
1469 2914 1690 2972 fuerunt
1730 2916 2026 2971 illustrata.

437 3016 573 3072 Nam
625 3015 756 3071 illud
804 3029 995 3070 eorum
1046 3011 1227 3065 lumen
1273 3007 1531 3064 sensibile
1581 3009 1700 3076 ejus
1760 3017 1845 3062 cst
1891 3021 2029 3076 opus

439 3109 534 3179 qui
577 3107 783 3163 creavit
833 3105 1062 3161 omnia:
1107 3101 1250 3170 quod
1301 3109 1481 3154 autent
1533 3099 1880 3167 intelligibile
1927 3099 2030 3153 fer.

2135 1901 2372 1974 προσθεν
2415 1903 2524 1956 τῶν
2557 1901 2881 1975 ἀνθρώπων,
2914 1907 3062 1970 ὅπως
3089 1907 3243 1962 ἴδωσι
3288 1908 3359 1961 τὰ.
3390 1908 3523 1962 καλά
3562 1908 3686 1979 ὑμῶν

2133 1994 2292 2066 ἔργα,
2335 1998 2435 2050 καὶ
2486 1997 2750 2062 δοξάσωσι
2791 2000 2884 2053 τὸν
2915 2001 3135 2072 Πατέρα
3184 2001 3362 2072 ὑμῶν,
3404 2001 3490 2056 τὸν
3520 2004 3570 2055 ἐν
3596 2005 3687 2066 τοῖς

2133 2086 2382 2158 οὐρανοῖς
2406 2106 2418 2118 °
2462 2108 2483 2142 ι
2518 2091 2820 2158 ἀσκοῦντας
2847 2093 2993 2163 ἔχειν
3032 2097 3132 2164 τὴν
3164 2094 3424 2165 λαμπρὰν
3467 2097 3552 2148 καὶ
3578 2095 3688 2165 ἀμά-

2137 2192 2331 2246 ραντον
2374 2177 2589 2246 σοφίαν,
2620 2180 2652 2250 ἢ
2695 2182 2790 2234 καὶ
2817 2183 2930 2253 (51)
2956 2185 3319 2255 ἀνειληφότας
3351 2185 3512 2258 αὐτὴν
3549 2182 3685 2240 οὖσαν

2135 2270 2480 2341 ἀπαύγασμα
2535 2274 2712 2340 φωτὸς
2771 2275 2986 2339 ἀϊδίου,
3040 2277 3459 2349 καταπλαγῆναι
3516 2277 3570 2331 τὺ
3614 2279 3683 2332 al-

2136 2361 2332 2432 σθητὸν
2371 2363 2548 2434 ἡλίου,
2583 2367 2678 2419 καὶ
2717 2369 2966 2440 σελήνης,
3003 2369 3100 2423 ml.
3137 2370 3353 2442 ἄστρων
3381 2370 3491 2440 φῶς
3521 2369 3598 2424 ὲπὶ
3613 2386 3681 2423 το-

2136 2451 2345 2517 σοῦτον,
2380 2454 2521 2508 ὥστε
2559 2457 2648 2510 διὰ
2696 2459 2757 2512 τὸ
2797 2461 3054 2531 αἰσθητὸν
3093 2461 3210 2530 φῶς
3252 2462 3471 2516 ἐκείνων
3505 2460 3679 2532 νομίεαι

2134 2546 2362 2610 ἑαυτοὺς
2393 2549 2543 2602 κάτω
2575 2567 2677 2604 που
2720 2548 2882 2618 εἶναι,
2923 2552 3146 2624 ἔχοντας
3185 2552 3496 2625 τηλικοῦτον
3525 2552 3680 2623 νοητὸν

2134 2637 2389 2706 γνώσεως
2411 2642 2656 2710 φῶς,καὶ
2687 2644 2801 2713 φῶς
2821 2644 3098 2716 ἀληθινὸν,
3123 2647 3218 2699 καὶ
3240 2645 3354 2716 φῶς
3381 2645 3470 2699 τοῦ
3494 2647 3678 2714 κόσμου,

2127 2733 2228 2784 καὶ
2245 2731 2362 2800 φῶς
2384 2733 2489 2787 τῶν
2506 2734 2603 2787 ἀνθ
2611 2736 2830 2806 ρώπων,
2851 2737 3126 2800 κάκείνοις
3145 2739 3533 2810 προσκυνῆσαιο
3547 2735 3680 2799 οὓςεί

2132 2825 2240 2896 ἄρα
2275 2828 2694 2896 προσκυνεῖσθαι
2725 2830 2891 2902 ἐχρῆν
2915 2870 2929 2896 ,
2985 2829 3047 2883 οὔ
3080 2829 3171 2886 διὰ
3207 2830 3269 2884 τὸ
3312 2828 3680 2900 θαυμαζόμενον

2133 2917 2238 2969 ὑπὸ
2266 2917 2374 2971 τῶν
2409 2920 2617 2974 πολλῶν
2648 2922 2906 2991 αἰσθητὸν
2934 2922 3052 2992 φῶς
3081 2922 3251 2994 ἐχρῆν
3279 2921 3678 2994 προσκυνεῖσθαι,

2131 3010 2268 3064 ἀλλά
2313 3011 2404 3065 διὰ
2450 3013 2513 3066 τὸ
2565 3015 2747 3084 νοητὸν
2778 3013 2890 3085 (5‘2)
2921 3016 3016 3071 ml.
3049 3014 3304 3086 ἀληθινόν
3327 3031 3340 3046 ⁸
3371 3015 3518 3085 εἴπερ
3539 3013 3618 3067 καὶ
3639 3011 3679 3063 οξ

2133 3105 2191 3157 ἐν
2218 3105 2434 3176 οὐρανῷ
2482 3106 2713 3178 ἀστέρες
2757 3105 2874 3171 ζῶα
2929 3108 3036 3160 εἰσι
3088 3105 3284 3175 λογικὰ
3318 3107 3410 3160 καὶ
3439 3103 3678 3163 σπουδαῖα,

441 3164 588 3256 ιίιεεε
623 3200 848 3264 habent,
896 3199 949 3253 id
983 3211 1049 3252 ex
1081 3207 1271 3250 eorum
1319 3192 1488 3248 libera
1523 3164 1802 3249 voluntate
1856 3193 2025 3262 proﬁ-

2136 3195 2230 3248 καὶ
2259 3164 2637 3270 ἐξωτοίσθησαν
2668 3198 2747 3270 τῷ
2781 3200 2919 3269 φωτὶ
2956 3199 3058 3270 τῆς
3085 3164 3342 3268 γνῶσεως
3373 3198 3474 3252 ὑπὸ
3498 3198 3585 3269 τῆς
3607 3213 3678 3250 σο-

439 3294 686 3350 ciscitur.
2137 3290 2296 3356 φίας,
2328 3293 2450 3360 ἣτις
2486 3293 2632 3345 ἐστὶν
2677 3277 3019 3363 ἀπαύγασμα
3051 3292 3228 3360 φωτὸς
3259 3291 3448 3346 ἀϊδίου.
3472 3290 3569 3346 Kal
3592 3287 3682 3359 γὰρ

433 3387 496 3441 τὸ
529 3389 631 3460 μὲν
663 3385 916 3456 αἰσθητὸν
945 3385 1060 3454 φῶς
1088 3384 1265 3438 αὐτῶν
1294 3385 1455 3456 ἔργον
1483 3385 1600 3438 ἐστὶ
1624 3383 1719 3437 τοῦ
1751 3382 1859 3436 τῶν
1888 3382 2024 3437 ὅλων
2053 3384 2414 3457 δημιουργοῦ,
2447 3389 2507 3441 τὺ
2536 3388 2593 3442 δὲ
2624 3389 2812 3459 νοητὸν
2839 3389 2981 3459 τάχα
3015 3389 3109 3441 καὶ
3160 3389 3342 3444 αὐτῶν
3371 3389 3461 3443 ml.
3505 3387 3562 3440 ἐκ
3603 3383 3680 3438 τοῦ

435 3477 496 3532 ὲν
522 3475 708 3539 αὐτοῖς
740 3473 1087 3538 αὑτεξουσὶου
1114 3473 1395 3545 ἐληλυθός.

511 3573 598 3626 Η.
621 3573 690 3626 At
719 3584 897 3641 neque
928 3571 1032 3627 hoc
1062 3571 1238 3640 ipsum
1263 3570 1445 3626 colere
1476 3569 1695 3635 debent,
1713 3571 1806 3637 qui
1839 3569 2020 3626 lumen

434 3679 654 3731 verum,
677 3664 820 3720 unde
849 3661 982 3718 illud
1028 3661 1330 3726 derivatur,
1365 3671 1461 3716 aut
1491 3661 1663 3717 Deum
1690 3661 1875 3717 vident
1903 3663 2020 3718 veri

434 3756 658 3814 luminis
682 3753 1002 3826 patrem,de
1027 3768 1135 3822 quo
1165 3753 1392 3822 pulchre
1420 3753 1626 3810 dictum
1658 3761 1742 3808 est
1770 3770 1785 3806 :
1819 3770 1838 3804 ι
1878 3753 2024 3810 Deus

435 3847 530 3904 lux
563 3854 670 3913 est,
709 3853 764 3902 et
792 3843 1034 3901 tenebrae
1069 3845 1122 3898 in
1178 3857 1246 3898 eo
1274 3859 1378 3900 non
1407 3843 1682 3914 sunt.ull:e
1709 3843 1778 3897 θί.
1815 3861 1835 3895 ι
1869 3843 2025 3900 Sicut

432 3945 582 3998 enim
628 3941 720 4012 qui
771 3949 993 4011 propter
1043 3935 1307 3994 sensibile
1351 3938 1457 3992 hoc
1497 3945 1554 3992 et
1585 3936 1807 3993 caeleste
1836 3936 2020 3993 lumen

433 4033 610 4090 solem
635 4069 652 4099 ,
684 4033 868 4087 lunam
917 4039 974 4086 et
1015 4028 1202 4084 stellas
1245 4026 1520 4092 adorant,
1573 4041 1682 4082 non
1724 4026 2024 4084 adorarent

434 4123 732 4181 scintillam
775 4124 950 4181 nostri
997 4122 1158 4192 hujus
1202 4121 1344 4190 ignis
1387 4128 1483 4174 aut
1534 4119 1837 4187 lucernam,
1875 4122 2021 4189 quod

433 4220 688 4276 viderent
735 4216 1036 4274 scintillam
1077 4224 1172 4271 aut
1202 4216 1443 4272 lucernas
1473 4213 1658 4270 lumen
1692 4228 1761 4269 ne
1801 4227 2023 4284 compa-

435 4314 608 4370 randa
649 4311 869 4382 quidem
923 4325 1047 4367 esse
1091 4324 1217 4366 eum
1267 4306 1660 4366 excellentibus
1709 4305 1814 4362 illis
1856 4305 2022 4362 astris

2205 3571 2279 3625 Οὐ
2311 3570 2417 3643 χρὴ
2461 3569 2504 3623 δ’
2532 3568 2640 3623 οὐδ’
2689 3567 2819 3621 αὐτὸ
2860 3567 3286 3639 προσκυνεῖσθαι
3324 3566 3426 3620 ὑπὸ
3466 3564 3552 3619 τοῦ
3581 3560 3680 3633 βλέ-

2133 3681 2327 3726 ποντος
2358 3662 2452 3716 καὶ
2481 3663 2754 3724 συνιέντος
2785 3660 2844 3713 τὸ
2870 3659 3128 3730 ἀληθινὸν
3153 3659 3292 3729 φῶς,
3311 3654 3372 3715 οὗ
3403 3658 3583 3732 μετοχῇ
3605 3655 3681 3708 καὶ

2133 3755 2289 3807 ταυτὶ
2320 3754 2427 3824 ἄρα
2457 3750 2794 3820 πεφὼτισται
2826 3751 2937 3822 (55)
2963 3791 2978 3815 ,
3010 3751 3120 3805 οὐδ’
3156 3751 3264 3805 ὑπὸ
3305 3751 3401 3804 τοῦ
3433 3749 3678 3821 βλέποντος

2131 3845 2223 3898 τὸν
2247 3846 2468 3917 Πατέρα
2500 3842 2595 3896 τοῦ
2629 3842 2886 3914 ἀληθινοῦ
2913 3843 3091 3914 φωτὸς
3113 3842 3268 3909 Θεὸν,
3305 3845 3431 3916 περὶ
3454 3836 3510 3897 οὗ
3531 3839 3679 3900 ιιαώ

2131 3939 2380 3991 λέλεκται
2403 3939 2488 3999 τὸ,
2520 3954 2539 3987 ι
2587 3936 2646 3990 '0
2674 3935 2808 3999 Θεὸς
2837 3935 2953 4004 φῶς
2978 3936 3118 4002 ἐστι,
3147 3937 3244 3990 καὶ
3275 3935 3457 4002 σκοτία
3479 3935 3531 3988 ἐν
3556 3929 3679 4002 αὐτῷ

2129 4032 2228 4084 οὐκ
2270 4031 2413 4082 ἐστιν
2440 4028 2683 4098 οὐδεμία.
2726 4047 2744 4080 ι
2778 4029 2889 4082 Καὶ
2921 4028 3112 4102 ὥσπερ
3156 4030 3208 4083 οἱ
3228 4071 3242 4097 ,
3275 4031 3364 4084 διὰ
3395 4029 3452 4082 τὸ
3481 4027 3581 4097 φῶς
3611 4025 3678 4078 ai-

2131 4123 2324 4193 σθητὸν
2357 4124 2447 4176 ml
2477 4122 2726 4192 οὐράνιον
2774 4117 2914 4174 εἷναι
2937 4161 2950 4187 ,
2983 4122 3420 4193 προσκυνοῦντες
3446 4120 3577 4192 ἥλιον
3600 4115 3678 4170 καὶ

2129 4216 2358 4287 σελήνην
2388 4217 2480 4269 καὶ
2525 4216 2698 4286 ἄστρα
2726 4214 2826 4268 οὐκ
2861 4213 2926 4267 ἂν
2971 4215 3413 4286 προσκυνήσαιεν
3443 4209 3677 4280 σπινθῆρα

2127 4305 2299 4376 πυρὸς
2352 4305 2385 4376 ἢ
2429 4305 2620 4375 λύχνον
2662 4306 2756 4358 ἐπὶ
2797 4305 2936 4376 γῆς,
2971 4305 3211 4376 ὁρῶντες
3238 4305 3341 4376 τὴν
3386 4301 3674 4373 ἀσύγκριτον

504 4454 552 4485 ⁸⁸
577 4453 715 4511 Dan.
744 4467 845 4520 xu,
879 4452 933 4519 1,
967 4451 1021 4518 2,
1045 4451 1100 4504 5.
1175 4449 1221 4481 ⁸⁵
1249 4449 1268 4503 ι
1301 4448 1426 4504 Cor.
1465 4465 1555 4513 xv,
1588 4447 1676 4514 40,
1717 4446 1803 4511 Η,
1831 4445 1921 4499 42.
1997 4447 2027 4478 ⁹⁴

2136 4445 2258 4499 lilii.
2292 4441 2572 4510 ν,14,·16.
2644 4440 2689 4473 οι
2731 4421 2931 4496 tioan.
2974 4440 3094 4504 1,5.

505 4615 622 4688 (ὅθ)
664 4615 756 4672 Sic
810 4625 957 4671 recte
990 4627 1199 4688 _omn_es
1243 4614 1403 4668 codd.
1457 4627 1588 4670 mss.
1641 4610 1791 4668 Libri
1835 4617 2017 4665 autem
2051 4609 2096 4665 D
2128 4605 2203 4661 lib
2232 4622 2272 4688 ιι
2328 4607 2406 4688 De
2435 4615 2628 4688 natura
2655 4605 2912 4688 d'gprum';
2952 4602 3124 4688 Stoici
3153 4603 3297 4676 apud
3330 4601 3571 4688 Tulliam,
3590 4600 3672 4688 lib.

435 4681 704 4751 edi'ti,'0£t
750 4689 930 4740 τοίνυν
960 4681 1052 4740 οὖν
1082 4683 1322 4753 εὔλογον.

471 4757 624 4882 ι(ΜΞ
667 4758 742 4882 ’ἕ
776 4758 914 4823 καί,
957 4767 1063 4813 etc.
1111 4755 1184 4809 lta
1220 4750 1405 4811 codex
1453 4753 1673 4824 llegius.
1721 4750 1824 4806 Alii
1862 4765 2020 4818 vero,

530 4845 645 4882 κα.
737 4842 787 4881 Co

436 4837 488 4882 ει
530 4837 645 4894 καί,
677 4837 787 4882 etc.

509 4891 761 4968 (salua
781 4895 854 4968 ((757
872 4897 1115 4963 νοητόν.
1143 4893 1318 4965 Orig.,
1336 4893 1433 4949 lib.
1470 4905 1658 4968 l,_(_3:tp.
1685 4892 1738 4952 7,
1777 4892 1852 4945 De
1874 4891 2024 4959 prin-

441 4963 640 5037 cipiis:
670 4984 690 5017 ι
723 4966 908 5021 Stella:
942 4980 1072 5021 vero
1100 4981 1225 5037 cum
1251 4963 1410 5037 :tanlo
1439 4963 1631 5017 ordine
1654 4978 1721 5017 ac
1743 4973 1896 5016 tanta
1935 4976 2024 5015 ra-

441 5034 594 5093 tione
617 5043 963 5101 moveantur,
1000 5047 1065 5091 ut
1097 5036 1149 5090 in
1176 5034 1319 5089 nulla
1348 5047 1574 5104 prorsus
1602 5048 1797 5104 cursus
1831 5047 2022 5086 earum

443 5107 739 5176 aliquando
780 5107 932 5162 visus
969 5106 1052 5176 sit
1096 5103 1386 5174 impeditus
1411 5143 1427 5170 ,
1461 5103 1734 5176 quomodo
1789 5117 1896 5156 non
1944 5109 2028 5155 est

444 5174 586 5233 ultra
623 5191 843 5232 omnem
875 5175 1230 5230 stoliditatem
1265 5183 1478 5229 tantum
1511 5174 1758 5228 ordinem
1792 5182 2026 5227 tantam-

442 5264 550 5318 que
580 5247 886 5316 disciplina:
921 5247 1169 5318 rationis
1186 5245 1588 5318 observantiam
1639 5244 1825 5318 dicere
1855 5243 1924 5298 ab
1949 5242 2029 5318 ir—

443 5313 869 5373 rationabilibus
908 5317 1051 5386 exigi
1083 5316 1173 5371 vel
1222 5316 1428 5384 expleri
1453 5315 1479 5368 ?
1523 5335 1542 5368 ι
1570 5323 1681 5386 etc.
1718 5313 1933 5386 Verum,
1970 5314 2027 5368 in

441 5390 713 5460 prooemio
759 5389 884 5460 libri
932 5383 1095 5456 primi
1144 5387 1223 5441 De
1274 5383 1546 5460 principiis
1597 5384 1815 5460 Videtur
1863 5383 2028 5439 aliter

443 5456 672 5516 sentire.
705 5476 728 5512 ι
771 5459 848 5515 De
882 5460 996 5514 sole
1029 5467 1233 5523 autem,
1256 5466 1310 5512 et
1332 5457 1481 5521 luna,
1510 5466 1566 5510 et
1596 5456 1766 5511 stellis
1790 5497 1805 5522 ,
1844 5466 2024 5510 utrum

443 5529 744 5585 animantia
805 5529 953 5594 sint,
987 5543 1056 5583 an
1104 5528 1357 5582 exanima
1383 5566 1398 5592 ,
1436 5525 1728 5581 manifeste
1775 5543 1879 5580 non
1916 5535 2027 5578 tra-

427 5597 612 5656 ditur.
655 5616 675 5651 ι
718 5598 1065 5668 νίἀεῌθιὶιιιιι
1116 5597 1386 5668 Pamphili
1447 5597 1706 5667 martyris
1749 5597 2022 5668 xlpologel.

440 5686 536 5736 pro
565 5666 980 5738 Ονὶςεηεηίῐιιὶο
1007 5665 1471 5738 dogmatifayent
1515 5665 1640 5738 cuin
1676 5665 1858 5721 multis
1901 5666 2025 5738 aliis

443 5735 703 5797 Bodittus.
726 5741 782 5792 in
810 5737 1035 5792 Theatra
1067 5735 1309 5801 italum;
1336 5737 1543 5800 Ricius,
1572 5736 1646 5790 De
1667 5738 1845 5789 anima
1868 5735 1984 5791 ειηίί
2001 5753 2023 5801 ,·

443 5809 806 5879 Pythagoras,
833 5807 1015 5869 Laert.
1049 5811 1100 5866 in
1148 5807 1402 5880 Pythag.,
1436 5807 1669 5877 Tullius,
1713 5808 1764 5864 iu
1799 5804 2020 5876 Tinuco,

2125 4692 2182 4731 tv
2239 4679 2406 4732 Acad.
2429 4686 2641 4747 σωθείη
2671 4674 2850 4739 Plato,
2880 4677 2933 4730 in
2970 4671 3249 4747 Ερίηοηῐη
3276 4689 3403 4747 pag.
3434 4673 3529 4730 982
3553 4689 3566 4741 ;
3587 4671 3674 4747 Lu-

2125 4692 2182 4731 tv
2239 4691 2406 4732 Acad.
2429 4691 2641 4747 quwst.,
2671 4691 2850 4739 nato,
2880 4692 2933 4730 ιιι
2970 4691 3249 4747 npmom.,
3276 4691 3403 4799 pag.
3434 4691 3529 4730 ac:
3553 4691 3566 4741 ;
3587 4691 3667 4728 w-

2124 4749 2285 4803 cilius
2314 4750 2531 4804 Stoicus
2557 4749 2702 4817 apud
2733 4747 3081 4817 Ciceronem,
3113 4745 3285 4817 lib._n
3394 4762 3420 4799 ε
3442 4745 3667 4817 nautico;

2122 4835 2243 4872 rum
2267 4837 2285 4884 ;
2317 4820 2494 4884 Plato,
2529 4812 2623 4888 lib.
2653 4834 2686 4871 x
2707 4816 2794 4888 De
2821 4817 3022 4888 legibus
3047 4833 3067 4881 ;
3091 4817 3148 4888 in
3171 4812 3669 4888 _Timwo,pag._56.

2124 4888 2271 4972 Vide.
2303 4887 2814 4972 Aristotele't‘n,‘lib._
2834 4884 2898 4954 ιι,
2925 4903 3046 4958 cap.
3079 4885 3240 4972 ἦρε
3262 4889 3423 4972 .caelo.
3445 4884 3667 4972 Eamdeitt

2122 4960 2441 5029 opinionem
2484 4961 2533 5016 ei
2579 4958 2903 5040 Plutarchus
2953 4954 3221 5022 ascribit,
3262 4956 3360 5014 lib.
3388 4972 3461 5023 ιι,
3487 4969 3594 5026 cap.
3623 4954 3668 5018 5,

2127 5029 2206 5084 De
2246 5032 2462 5098 placitis
2505 5029 2962 5098 plnlasOpItorum.
3012 5028 3392 5098 Contrarium_
3423 5032 3666 5098 statuunt,

2127 5095 2363 5170 Cyrinus
2390 5095 2552 5155 Alei.
2588 5100 2684 5170 lib.
2716 5113 2754 5151 ιι
2796 5107 2984 5151 contra
3022 5097 3331 5170 lulianum;
3371 5095 3662 5170 Lactantius,

2126 5167 2220 5243 lib.
2252 5188 2315 5236 ιι,
2345 5187 2466 5243 cap.
2489 5172 2562 5243 ὃς
2595 5168 2964 5243 Hieronymus
2989 5168 3054 5220 ad
3088 5168 3336 5243 ﬁnitum,
3368 5167 3489 5236 quid
3511 5181 3666 5243 caven-

2125 5242 2253 5297 dum
2275 5233 2343 5297 ait
2376 5233 2434 5296 ἱὴ
2456 5242 2604 5295 libris
2635 5237 2774 5306 Περὶ
2800 5233 3011 5308 ἀρχῶν
3038 5259 3057 5295 :
3080 5237 3256 5294 Solem
3285 5233 3514 5307 quoque,
3537 5233 3662 5308 elle-

2126 5328 2272 5379 nam,
2304 5321 2354 5369 et
2381 5320 2527 5366 astra
2559 5303 2753 5364 δαεῖεν-α
2779 5303 3238 5364 εεὲῐαιιὶηιαηιὶα.
3277 5303 3546 5379 Setiam-:31
3554 5303 3660 5379 Vide

2126 5372 2351 5463 insuper
2389 5382 2574 5439 lluetii
2606 5379 2964 5453 quaestionem
2997 5390 3250 5436 octavam
3287 5378 3386 5436 lib.
3426 5392 3464 5434 ιι
3508 5372 3662 5444 Orige-

2127 5468 2437 5508 tuanorunu
2723 5499 2726 5503 λ

2198 5523 2312 5598 (ὄό)
2341 5521 2753 5598 liteselteliusin
2789 5530 2956 5598 textu,
2980 5517 3091 5598 [οὐ]
3118 5511 3180 5573 οὗ
3207 5518 3408 5591 μετοχὴ
3430 5511 3647 5598 καὶ

2123 5595 2174 5648 εἰ
2202 5585 2311 5668 ἀρά
2337 5595 2692 5668 πεφώτισται.
2728 5594 2811 5649 Ad
2831 5585 3313 5668 attat-giném‘v'ero
3341 5585 3560 5668 'emljicit
3598 5585 3657 5668 le-

2124 5658 2360 5744 gendgm
2383 5707 2396 5732 ,
2422 5658 2529 5744 ’γει
2557 5660 2618 5720 οὗ
2655 5662 2864 5744 μετοχὴ.
2896 5663 2999 5744 mlL
3022 5662 3182 5714 ταυτὶ
3213 5661 3321 5744 ἀρα
3352 5658 3656 5728 πεφὼτισταιι

2125 5731 2209 5795 νει
2239 5734 2300 5796 οὗ
2336 5731 2551 5811 μετέχει
2587 5731 2682 5792 καὶ
2711 5731 2865 5789 ταῦτ’
2890 5737 2937 5787 εί
2971 5734 3080 5806 ἄρα
3103 5731 3456 5803 πεφώτισται.
