3926 6530
462 328 595 384 1199

1884 329 2041 386 ORIG
2050 328 2203 386 ENIS

3581 335 3706 392 19.00

458 446 534 497 rei
568 454 889 517 argumento
914 455 999 503 est
1024 446 1076 503 id
1111 449 1254 517 quod
1292 449 1343 502 in
1376 447 1602 505 Joannis
1632 450 1930 519 Evangelio
1960 452 2021 505 ait

2138 451 2194 504 δὲ
2236 452 2328 504 καὶ
2363 450 2501 522 μετὰ
2547 451 2655 505 τῶν
2689 452 2791 506 οὑκ
2822 452 3038 507 εἰδότων
3072 450 3232 506 αὑτὸν
3267 451 3536 521 πανταχοῦ
3586 454 3706 508 ἔστι.

452 534 696 593 Joannes
724 535 967 609 Baptista
1010 554 1024 593 :
1068 556 1086 590 ι
1130 538 1335 595 Medius
1365 548 1606 597 vestrum
1649 542 1822 609 stetit,
1872 555 2033 611 quem

454 643 552 684 vos
582 629 828 687 nescitis.
856 628 976 701 Ipse
999 638 1085 687 est
1126 631 1221 701 qui
1256 641 1380 702 post
1408 647 1492 687 me
1531 643 1789 689 venturus
1825 635 1971 690 est‘.
2010 654 2028 687 ι

450 720 572 779 Jam
599 735 734 778 vero
760 720 1057 779 absurdum
1086 730 1203 792 est,
1231 724 1361 778 dum
1390 724 1537 779 illum
1568 765 1581 789 ,
1614 727 1707 796 qui
1750 727 1951 783 coelum
1980 738 2035 783 et

451 825 657 871 terram
694 813 914 887 implet,
944 826 1004 872 ut
1032 818 1147 885 ipse
1178 816 1354 874 dicit:
1392 837 1411 870 ι
1446 817 1699 888 Nunquid
1740 820 1939 874 coelum
1978 830 2035 875 et

454 918 657 964 terram
687 923 789 981 ego
840 908 1089 981 impleo?
1121 909 1253 965 dicit
1293 906 1556 965 Dominus
1578 912 1625 975 ³,
1662 928 1681 961 ι
1746 908 2032 966 nobiscum

448 1002 714 1059 habemus
759 1011 816 1057 et
857 1016 1027 1073 prope
1074 1015 1173 1055 nos
1219 1000 1366 1071 (ejus
1410 1002 1559 1056 enim
1589 1003 1774 1058 verbis
1817 1003 2028 1060 credo:

454 1110 474 1146 ι
514 1094 656 1149 Deus
688 1106 718 1148 e
743 1092 924 1147 vicino
956 1107 1056 1163 ego
1085 1106 1202 1145 sum
1236 1102 1291 1147 et
1316 1106 1422 1147 non
1464 1092 1604 1148 Deus
1636 1094 1702 1149 de
1740 1092 1924 1164 longe,
1945 1092 2032 1155 di-

448 1186 521 1243 cit
553 1186 814 1242 Dominus
838 1185 858 1218 ³
890 1188 963 1253 ι),
994 1184 1293 1241 absurdum
1327 1194 1431 1250 est,
1462 1185 1704 1253 inquam,
1731 1185 1869 1241 velle
1901 1200 2028 1255 pre-

446 1278 604 1335 cibus
635 1291 835 1335 vocare
865 1277 1036 1335 solem
1061 1277 1157 1347 qui
1186 1278 1255 1333 ad
1279 1278 1462 1332 omnia
1496 1293 1603 1334 non
1638 1278 1908 1349 pervadit,
1938 1290 2031 1334 aut

445 1372 665 1438 lunam,
691 1377 788 1427 aut
812 1369 959 1427 aliud
987 1386 1053 1427 ex
1082 1370 1267 1426 astris.
1296 1371 1375 1427 Do
1403 1385 1534 1427 vero
1565 1388 1585 1423 ι
1611 1386 1641 1427 a
1670 1371 1804 1437 sole,
1829 1372 1958 1427 luna
1975 1383 2031 1428 et

445 1463 620 1522 stellis
650 1460 794 1536 (ipsa
838 1470 966 1518 sunt
1007 1460 1151 1518 Celsi
1186 1461 1378 1530 verba)
1407 1461 1660 1532 pluvias,
1688 1469 1854 1519 castus
1882 1501 1897 1529 ,
1931 1477 2028 1520 ne-

445 1556 621 1620 bulas,
654 1554 899 1611 tonitrua
937 1552 1292 1623 praznuntiari
1322 1570 1337 1619 ;
1368 1573 1387 1606 ι
1416 1564 1475 1609 ut
1510 1568 1598 1611 res
1627 1554 1699 1609 ita
1729 1555 1824 1621 sit,
1851 1570 2031 1611 nonne

444 1658 628 1707 tamen
657 1648 835 1706 satius
866 1657 949 1704 cst
989 1646 1225 1704 adorare
1267 1655 1322 1703 et
1354 1649 1605 1704 venerari
1654 1649 1843 1714 Deum,
1874 1648 2029 1717 cujus

440 1742 595 1815 jussu
641 1741 982 1813 prazdicunt,
1019 1753 1182 1809 quam
1228 1739 1623 1797 vaticinatores
1663 1739 1856 1809 ipsos?
1890 1738 2027 1797 Volo

444 1836 607 1892 etiam
638 1835 705 1892 ab
746 1833 876 1906 ipsis
904 1831 1313 1903 praesigniﬁcari
1362 1833 1599 1903 fulgura,
1644 1834 1874 1901 fructus,
1908 1850 2032 1906 pro-

443 1935 641 1984 ventus
684 1938 877 1983 omnes
921 1942 937 1990 ;
982 1935 1037 1981 et
1072 1926 1253 1981 omnia
1286 1924 1375 1979 illa
1406 1927 1476 1982 ab
1505 1925 1575 1981 iis
1612 1909 2028 1996 administrari,

444 2023 499 2073 at
525 2031 635 2073 non
672 2013 877 2072 idcirco
905 2014 1257 2071 adorabimus
1287 2030 1375 2072 res
1396 2056 1412 2082 ,
1444 2032 1565 2087 quae
1593 2019 1723 2089 ipsa:
1750 2017 1984 2075 adorant
2012 2037 2027 2088 ;

444 2123 546 2171 nec
576 2108 722 2165 enim
750 2111 1046 2165 adoramus
1076 2107 1319 2180 Moysem
1349 2118 1401 2164 et
1448 2109 1567 2179 ejus
1604 2112 1656 2169 in
1685 2113 2025 2171 vaticinandi

444 2216 672 2260 munere
696 2216 1074 2270 successores,
1091 2203 1344 2274 quamvis
1362 2204 1471 2272 isti,
1493 2206 1600 2261 Deo
1615 2206 1852 2272 amante,
1871 2206 2029 2280 longe

444 2295 670 2351 meliora
696 2292 914 2365 pluviis,
944 2294 1188 2360 testibus,
1219 2295 1452 2361 nebulis,
1480 2297 1758 2363 tonitruis,
1794 2297 2027 2370 fulguri-

442 2388 567 2453 bus,
626 2386 917 2453 fructibus,
978 2386 1440 2457 proventibusque
1491 2388 1576 2443 his
1612 2389 1815 2446 nostris
1850 2390 2031 2448 omni.

442 2480 549 2537 bus
565 2478 731 2552 587
746 2480 1111 2552 praedixerint.
1130 2480 1186 2536 Id
1202 2496 1417 2553 quoque
1433 2482 1623 2539 damus
1645 2485 1831 2551 solem,
1850 2484 2030 2542 lunam

445 2583 501 2630 et
518 2572 709 2631 stellas
724 2586 884 2644 posse
907 2588 996 2628 res
1012 2571 1208 2641 pluviis
1230 2574 1466 2644 potiores
1481 2576 1847 2643 praenuntiare
1878 2595 1892 2633 :
1923 2594 2029 2634 non

445 2665 570 2724 ideo
602 2673 780 2721 tamen
830 2674 979 2721 astra
1043 2665 1130 2718 illa
1182 2664 1557 2733 adorabimus,
1598 2667 1693 2721 sed
1744 2676 2021 2722 auctorem

440 2758 880 2830 praedictionum,
904 2768 958 2813 et
984 2756 1078 2812 Dei
1110 2757 1364 2821 Verbum,
1397 2756 1540 2825 quod
1580 2772 1767 2814 earum
1800 2766 1885 2814 est
1914 2761 2021 2815 mi-

366 2920 369 2923 λ
441 2850 632 2907 nister.
667 2848 811 2907 Sane
865 2849 976 2905 sint
1022 2849 1115 2904 Dei
1176 2863 1454 2919 praecones
1487 2856 1543 2903 et
1595 2863 1726 2906 vere
1773 2850 2022 2908 caelestes

441 2939 656 3012 angeli;
687 2949 744 2997 at
770 2955 870 2998 cur
896 2956 1007 2997 non
1031 2940 1208 3010 potius
1231 2940 1492 2997 colendus
1522 2939 1614 2995 ille
1642 2940 1788 2998 solus
1816 2950 1900 2998 est
1928 2942 2020 3012 qui

438 3031 771 3103 prmdicatur
800 3035 1269 3101 etannuntiatur,
1298 3045 1461 3103 quam
1492 3032 1671 3104 angeli
1706 3040 1763 3091 et
1808 3050 2019 3106 praeco-

438 3138 536 3180 nes
563 3122 588 3179 ?

2138 543 2247 597 Καὶ
2290 544 2449 598 τοῦτό
2494 562 2558 613 γε
2606 547 2634 597 ό
2680 546 2741 599 τὸ
2774 546 3108 617 Εὑαγγέλιον
3138 545 3353 617 γράψας
3394 545 3710 617 Ἰωάννηςὲκ

2137 636 2431 706 προσώπου
2460 636 2552 690 τοῦ
2584 637 2884 707 βαπτιστοῦ
2933 638 3179 691 Ἰωάννου
3213 636 3400 708 δηλοῖ,
3435 636 3673 705 λέγοντος
3694 655 3706 671 ·

2144 745 2161 778 ι
2202 729 2383 793 Μέσος
2416 729 2572 800 ὑμῶν
2600 731 2849 801 ἔστηκεν,
2891 731 2950 784 ὃν
2989 730 3145 801 ὑμεῖς
3179 730 3280 782 οὑκ
3322 730 3495 783 οἴδατε
3520 746 3537 761 °
3565 730 3711 795 αὑτός

2136 821 2285 873 ἔστιν
2314 822 2343 874 ὁ
2370 822 2545 875 ὀπίσω
2579 841 2679 893 μου
2709 823 3023 894 ἐρχόμενος.
3069 842 3086 874 ι
3124 823 3362 875 Ἄτοπον
3390 822 3434 876 δ’
3462 822 3595 887 ἐστὶ,
3625 825 3709 879 τοῦ

2137 914 2526 987 πληρώσαντος
2556 915 2647 968 τὸν
2672 915 2733 967 οὑ
2742 916 2924 986 ρανὸν,
2952 914 3046 967 καὶ⁸
3069 913 3165 985 τὴν
3187 913 3314 983 γῆν,
3350 915 3441 967 καὶ
3462 914 3707 978 είτώντος,

2140 1025 2159 1059 ι
2193 1006 2331 1076 Οὐχὶ
2370 1007 2463 1060 τὸν
2508 1007 2738 1078 οὑρανὸν
2768 1007 2863 1060 καὶ
2892 1005 2991 1078 τὴν
3019 1008 3121 1080 γῆν
3152 1005 3264 1075 ὲγὼ
3301 1006 3497 1078 πληρῶ
3524 1024 3537 1073 ;
3580 1007 3707 1075 λέγε·

2135 1099 2359 1169 Κύριος,
2401 1118 2421 1150 ι
2458 1099 2611 1163 ὄντος
2645 1099 2764 1169 μεθ’
2814 1098 2995 1171 ἡμῶν,
3029 1101 3123 1153 καὶ
3152 1098 3382 1170 πλησίον
3412 1099 3569 1171 ήμῶν
3596 1116 3705 1169 τυγ-

2134 1190 2421 1261 χάνοντος,
2460 1189 2725 1259 (πιστεύω
2753 1189 2862 1263 γὰρ
2895 1190 3045 1261 αὑτῷ
3078 1190 3291 1260 λέγοντι
3316 1207 3331 1221 ο
3372 1209 3390 1242 ι
3423 1191 3555 1257 Θεὸς
3579 1194 3709 1261 ἐγγί-

2158 1272 2266 1334 ζων
2291 1272 2401 1340 ἐγώ
2426 1275 2560 1344 είμι,
2584 1274 2679 1328 καὶ
2698 1274 2759 1329 οὑ
2780 1276 2911 1340 Θεὸς
2933 1276 3233 1349 πόρρωθεν,
3263 1275 3415 1346 λέγει
3437 1277 3633 1350 Κύριος
3650 1287 3706 1348 ι),

2158 1360 2341 1429 ζητεῖν
2378 1362 2631 1432 εὔχεσθαι
2669 1365 2747 1435 τῷ
2787 1365 2862 1438 μὴ
2903 1366 3157 1436 φθάνοντι
3203 1370 3299 1422 ἐπὶ
3333 1367 3405 1421 τά
3444 1369 3708 1438 σύμπαντα

2158 1448 2310 1520 ἡλίῳ,
2343 1451 2377 1519 ἢ
2406 1452 2633 1525 σελήνῃ,
2664 1454 2699 1524 ἡ
2728 1472 2832 1510 τινι
2866 1457 2975 1511 τῶν
3006 1451 3272 1529 ἀστέρων.
3312 1460 3497 1514 Ἔστω
3524 1460 3611 1525 δὲ,
3636 1462 3707 1514 ἵνα

2132 1556 2324 1621 αὑταῖς
2360 1558 2481 1621 ταῖς
2510 1558 2693 1624 λέξεσι
2720 1558 2931 1612 Κέλσου
2956 1560 3269 1631 χρήσωμαι,
3302 1580 3319 1611 ι
3354 1561 3707 1633 προφητεύον-

2130 1664 2229 1713 τας
2260 1644 2399 1703 εἶναι
2434 1651 2644 1716 ὑετοὺς,
2675 1649 2771 1703 καὶ
2800 1649 3001 1721 Οάλπη,
3028 1652 3121 1705 καὶ
3156 1652 3315 1723 νέφη,
3349 1653 3445 1707 καὶ
3472 1651 3704 1726 βροντὰς,

2131 1740 2280 1811 ἥλιον
2299 1780 2313 1805 ,
2340 1742 2435 1795 καὶ
2465 1740 2713 1813 σελήνην,
2747 1742 2840 1796 καὶ
2871 1742 3109 1814 ἀστέρας
3134 1759 3148 1773 ·
3187 1761 3205 1796 ι
3236 1739 3325 1816 ἆρ’
3358 1740 3451 1799 οὖν
3471 1785 3487 1811 ,
3518 1748 3564 1799 εί
3589 1763 3706 1815 προ·

2071 1820 2113 1876 Β
2142 1831 2463 1904 φητεύουσιν
2484 1827 2628 1888 οὗτοι
2649 1832 2718 1887 τὰ
2746 1833 3070 1904 τηλικαῦτα,
3102 1834 3222 1906 οὑχὶ
3255 1836 3455 1907 μᾶλλον
3485 1837 3559 1908 τῷ
3583 1836 3704 1907 Θεῷ,

2136 1918 2182 1993 ᾧ
2210 1927 2610 1998 ὑπουργοῦντες
2634 1928 3064 2000 προφητεύουσι,
3088 1930 3518 2001 προσκυνητέον,
3549 1932 3708 1984 κάκεῖ-

2137 2035 2227 2075 νον
2260 2019 2485 2074 σεπτέον
2515 2019 2625 2092 (41)
2648 2059 2662 2084 ,
2692 2021 2838 2092 ήπερ
2869 2023 2983 2085 τοῖς
3017 2022 3323 2093 προφήταις
3353 2023 3554 2087 αὑτοῦς
3586 2024 3707 2095 Προ-

2136 2110 2524 2183 φητευέτωσαν
2589 2108 2683 2167 οὖν
2748 2113 2843 2166 καὶ
2898 2112 3185 2184 ἀστραπὰς
3215 2154 3229 2177 ,
3292 2113 3388 2168 καὶ
3442 2117 3703 2187 καρποὺς.

2135 2205 2229 2259 καὶ
2278 2203 2442 2274 γονὰς
2496 2204 2747 2270 ἁπάσας,
2787 2204 2883 2259 καὶ
2927 2206 3106 2260 πάντα
3153 2205 3600 2278 ταμιευέσθωσαν
3647 2208 3704 2259 τὰ

2133 2295 2391 2352 τοιαῦταο
2448 2296 2563 2351 ἀλλ’
2615 2298 2675 2351 οὑ
2734 2296 2825 2352 διὰ
2881 2297 3041 2350 τοῦτο
3093 2301 3543 2371 προσκυνήσομεν
3596 2300 3704 2362 τώς

2132 2390 2610 2463 προσκυνοῦντας,
2667 2390 2743 2454 ὡς
2795 2388 2915 2444 οὑδὲ
2971 2390 3215 2445 Μωῦσέα
3266 2392 3361 2446 καὶ
3416 2394 3544 2456 τοὺς
3602 2393 3701 2463 μετ’

2128 2482 2291 2537 αὑτὸν
2347 2482 2414 2537 ἐκ
2466 2482 2604 2537 Θεοῦ
2658 2484 3143 2555 προφητεύσαντας
3181 2483 3250 2537 τὰ
3301 2485 3587 2555 κρείττονα
3630 2485 3703 2537 ὑε-

2126 2572 2235 2626 τῶν
2270 2590 2332 2625 τε
2369 2572 2463 2626 καὶ
2502 2573 2772 2638 Θάλπους,
2810 2574 2905 2629 καὶ
2943 2573 3149 2644 νεφῶν,
3189 2575 3283 2628 καὶ
3320 2574 3581 2646 βροντῶν,
3620 2575 3702 2629 καὶ

2128 2665 2443 2737 ἀστραπῶν,
2468 2666 2562 2721 καὶ
2597 2668 2848 2737 καρπῶν,
2879 2667 2972 2721 καὶ
2995 2667 3187 2722 πασῶν
3212 2668 3388 2738 γονῶν
3417 2666 3698 2739 αἰσθητῶν.

2141 2755 2301 2810 ’Λλλά
2326 2756 2429 2810 κᾶν
2452 2756 2646 2830 ἔχωσιν
2677 2758 2828 2827 ἥλιος
2858 2757 2951 2811 καὶ
2982 2755 3176 2829 σελήνη
3202 2757 3297 2809 καὶ
3320 2756 3547 2827 ἀστέρες
3575 2774 3695 2831 προ-

2129 2849 2385 2919 φητεύειν
2435 2850 2774 2922 προφητείας
2820 2850 3133 2921 κρείττονας
3163 2849 3365 2915 ὑετῶν,
3400 2849 3506 2902 οὐδ’
3538 2848 3703 2915 οὕτως

2127 2943 2346 3009 αὐτοὺς,
2373 2943 2511 2999 ἀλλά
2540 2944 2632 2998 τὸν
2664 2942 2885 3014 Πατέρα
2918 2942 3028 2996 τῶν
3060 2944 3118 2996 ὲν
3152 2942 3332 3005 αὑτοῖς
3350 2943 3703 3013 προφητειῶν,

2127 3036 2222 3090 καὶ
2248 3036 2342 3089 τὸν
2372 3036 2619 3090 διάκονον
2654 3036 2767 3106 (42)
2798 3035 2977 3089 αὑτῶν
2998 3034 3171 3103 Λόγον
3206 3032 3300 3087 τοῦ
3348 3033 3483 3087 Θεοῦ
3543 3051 3709 3106 προσ-ἰ

2048 3120 2090 3177 C
2127 3128 2454 3199 κυνὴσομεν.
2496 3128 2633 3181 Ἀλλ’
2668 3128 2809 3181 ἔστω
2844 3128 2938 3181 καὶ⁸
2966 3127 3214 3198 κήρυκας
3245 3127 3412 3181 αὑτοῦ
3443 3122 3577 3180 εἶναι
3620 3124 3704 3179 καὶ

437 3215 653 3289 ἀληθῶς
680 3217 967 3289 οὐρανίους
1025 3217 1459 3295 ἀγγέλους-»πῶς
1492 3211 1584 3271 οὖν
1615 3218 1735 3289 οὐχὶ
1770 3220 1865 3273 καὶ
1902 3219 2044 3273 οὑτω
2078 3220 2169 3273 τὸν
2227 3223 2634 3294 κηρυσσόμενον
2667 3221 2759 3274 ὑπ’
2818 3218 2999 3275 αὑτῶν
3040 3218 3172 3272 Θεὸν
3205 3219 3301 3273 καὶ
3341 3216 3433 3273 τὸν
3465 3215 3705 3287 ἀγγελλό-

442 3326 603 3381 μενον
632 3310 792 3382 μόνον
825 3311 1021 3381 μᾶλλον
1077 3310 1483 3383 προσκυνητέον
1518 3310 1551 3382 ἢ
1581 3312 1707 3375 τοὺς
1750 3313 1996 3384 κήρυκας
2044 3314 2135 3366 καὶ⁸
2164 3314 2291 3378 τοὺς
2310 3312 2575 3384 ἀγγέλους
2596 3312 2797 3378 autem");

512 3404 599 3460 l3.
632 3404 840 3474 Arripit
869 3405 973 3459 hoc
1006 3404 1170 3458 etiam
1203 3403 1305 3458 sibi
1354 3403 1566 3470 Celsus,
1617 3403 1809 3469 solem,
1838 3404 2023 3459 lunam

441 3495 737 3565 stellasque
784 3510 814 3549 a
853 3495 1012 3551 nobis
1048 3510 1145 3563 pro
1180 3493 1349 3552 nihilo
1403 3493 1613 3549 haberi.
1662 3490 1799 3548 Nam
1839 3501 1890 3549 et
1930 3492 2021 3547 illa

441 3586 676 3644 ﬁliorum
706 3585 803 3643 Dei
844 3586 1228 3641 revelationem
1264 3594 1583 3657 exspectare
1629 3585 1952 3640 conﬁtemur
1979 3584 2021 3651 ‘,

442 3688 634 3751 utpote
663 3689 784 3747 qum
841 3678 1107 3734 hactenus
1140 3692 1323 3733 rerum
1369 3692 1762 3746 corporearum
1796 3676 2021 3731 vanitati

440 3769 685 3840 subjecta
722 3777 852 3826 sunt
904 3777 1125 3839 prepter
1156 3768 1302 3849 illpm
1329 3768 1420 3838 qui
1461 3769 1691 3836 subjecit
1729 3770 1781 3823 in
1817 3783 1932 3837 spe.
1962 3768 2021 3825 Si

438 3876 678 3933 unquam
714 3862 932 3931 legisset
959 3861 1048 3916 ille
1089 3870 1349 3916 sexcenta
1377 3860 1507 3927 alia,
1537 3875 1657 3931 qua:
1702 3863 1769 3915 de
1816 3860 1932 3915 sole
1967 3869 2022 3916 et

437 3955 567 4011 luna
594 3964 652 4011 et
681 3954 854 4012 stellis
883 3954 1025 4023 apud
1050 3962 1270 4009 nostros
1292 3963 1546 4010 auctores
1580 3955 1784 4023 passim
1824 3969 2018 4009 occur-

440 4056 587 4113 runt,
620 4047 761 4104 istud
818 4046 963 4102 inter
1014 4055 1209 4103 caetera
1245 4061 1259 4100 :
1322 4064 1340 4099 ι
1377 4046 1620 4102 Laudate
1654 4062 1801 4112 etim,
1829 4060 2020 4105 omnes

438 4139 609 4195 stellae
642 4140 938 4205 etlumcn;
975 4158 994 4192 ι
1037 4138 1225 4194 ethoc
1269 4138 1459 4194 aliud:
1514 4157 1532 4190 ι
1566 4137 1807 4194 Laudate
1869 4150 2017 4202 eum,

436 4231 923 4297 cmlicmlorum“,
977 4250 997 4284 ι
1057 4229 1214 4286 nobis
1275 4244 1384 4285 non
1441 4230 1828 4301 exprobrasset
1869 4229 2018 4300 quod

438 4326 553 4392 illa,
590 4339 712 4396 quae
751 4322 1039 4394 magniﬁce
1068 4321 1292 4377 laudant
1311 4321 1505 4391 Deum,
1534 4321 1691 4377 nihili
1729 4322 2014 4378 faciamus.

437 4416 623 4487 Neque
672 4417 788 4473 ha’c
846 4415 1033 4472 Celsus
1081 4423 1311 4471 noverat
1360 4436 1372 4471 :
1427 4433 1447 4467 ι
1511 4413 1648 4469 Nam
1678 4414 2018 4483 exspectatio

437 4514 705 4561 creatura:
728 4504 1114 4561 revelationem
1140 4503 1374 4560 ﬁliorum
1405 4503 1500 4561 Dei
1528 4514 1837 4575 exspectat.
1864 4502 2018 4559 Vani-

436 4598 531 4653 tati
561 4597 707 4655 enim
759 4607 1013 4654 creatura
1060 4596 1306 4668 subjecta
1357 4606 1442 4653 est
1493 4611 1599 4652 non
1654 4595 1876 4660 volens,
1920 4598 2015 4651 sed
2072 4652 2073 4655 η

2215 3401 2425 3473 Ἐαυτῷ
2452 3402 2508 3455 δὲ
2550 3402 2817 3473 λαμϐάνει
2848 3400 3074 3465 Κέλσος,
3111 3401 3192 3453 ὅτι
3244 3398 3399 3470 ἥλιον
3428 3398 3518 3453 καὶ
3549 3398 3696 3469 σελίΓ

2126 3514 2225 3567 νην
2274 3495 2368 3549 καὶ
2426 3495 2661 3567 ἀστέρας
2707 3494 2987 3566 ἡγούμεθα
3038 3490 3177 3548 εἶναι
3223 3493 3285 3547 τὸ
3341 3492 3527 3562 μηδέν.
3573 3492 3697 3564 Περὶ

2124 3580 2199 3641 ὧν
2221 3586 2333 3659 (45)
2368 3586 2757 3656 ὁμολογοῦμεν,
2789 3585 2874 3639 ὅτι
2900 3585 2993 3640 καὶ
3026 3586 3183 3638 αὐτοί¹
3214 3585 3313 3655 τὴν
3371 3582 3696 3653 ἀποκάλυψιν

2122 3679 2233 3733 τῶν
2263 3677 2394 3731 υἱῶν
2437 3676 2533 3729 τοῦ
2582 3676 2716 3730 Θεοῦ
2765 3676 3189 3747 ἀπεκδέχονται,
3248 3678 3317 3747 τῇ
3349 3676 3461 3729 τῶν
3508 3674 3695 3728 ὑλικῶν

2127 3771 2393 3840 σωμάτων
2428 3768 2751 3839 ματαιότητι
2782 3768 2876 3821 ἐπὶ
2907 3769 3000 3822 τοῦ
3036 3769 3303 3839 παρόντος
3336 3767 3695 3837 ὑποτεταγμέ-

2123 3880 2203 3917 νοι
2231 3862 2320 3917 διὰ
2344 3864 2435 3916 τὸν
2460 3863 2547 3915 ἐπ’
2577 3862 2751 3916 ἐλπίδι
2786 3861 3151 3928 ὑποτάξαντα.
3184 3862 3246 3914 Εἰ
3285 3861 3330 3913 δ’
3359 3858 3693 3929 ἀνεγνώκειό

2122 3956 2327 4021 Κέλσος
2361 3957 2455 4010 καὶ¹
2478 3954 2613 4011 ἄλλα
2650 3954 2748 4025 μὲν
2790 3954 2979 4025 μυρία,
3035 3954 3136 4006 ὅσα
3196 3953 3325 4025 περὶ
3382 3952 3556 4022 ἡλίου,
3606 3951 3693 4006 καὶ

2122 4047 2351 4117 σελήνης
2383 4047 2476 4099 καὶ
2509 4046 2725 4116 ἄστρων
2753 4043 2954 4113 φαμὲν,
2990 4044 3085 4097 καὶ
3112 4041 3195 4109 τὸ,
3242 4060 3260 4094 ι
3287 4044 3499 4097 Αἰνεῖτε
3545 4041 3691 4098 αὑτὸν

2121 4138 2299 4192 πάντα
2319 4136 2428 4209 (44)
2455 4136 2524 4190 τὰ
2552 4137 2729 4207 ἄστρα
2763 4134 2857 4189 καὶ
2885 4132 2947 4188 τὸ
2974 4134 3110 4203 φῶς,
3150 4154 3168 4187 ι
3207 4135 3302 4190 καὶ
3334 4132 3420 4202 τὸ,
3445 4154 3463 4188 ι
3496 4134 3689 4189 Δίνείτε

2119 4230 2279 4284 αὑτὸν
2299 4231 2346 4284 οἱ
2380 4231 2601 4302 οὑρανοὶ
2629 4231 2736 4285 τῶν
2758 4230 3004 4302 οὐρανῶν
3026 4246 3038 4258 ⁸
3081 4247 3099 4281 ι
3137 4229 3238 4282 οὑκ
3273 4229 3341 4282 ἂν
3385 4228 3518 4302 περὶ
3548 4224 3689 4298 ήμῶν

2119 4321 2435 4392 ἀπεφήνατο
2470 4361 2484 4387 ,
2538 4322 2622 4377 ὅτι
2667 4322 2899 4395 λέγομεν
2945 4322 3015 4376 τὰ
3052 4318 3355 4392 τηλικαῦτα
3384 4360 3400 4385 ,
3453 4318 3686 4374 αἰνοῦντα

2121 4410 2371 4480 μεγάλως
2423 4411 2515 4465 τὸν
2560 4411 2710 4476 Θεὸν,
2763 4408 2903 4466 εῖναι
2952 4410 3019 4464 τὸ
3068 4408 3253 4482 μηδέν.
3306 4408 3421 4462 Οὐκ
3447 4404 3557 4463 οἶδε
3592 4407 3687 4463 δὲὸ

2117 4503 2323 4569 Κέλσος
2373 4505 2495 4558 οὐδὲ
2530 4505 2611 4574 τό,
2643 4522 2661 4556 ι
2684 4506 2748 4557 'll
2768 4505 2873 4577 γὰρ
2901 4502 3312 4573 ἀποκαραδοκία
3336 4501 3436 4572 τῆς
3473 4500 3682 4563 κτίσεως

2116 4597 2215 4666 τὴν
2238 4597 2578 4667 ἀποκάλυψιν
2601 4598 2708 4651 τῶν
2735 4598 2867 4652 υἱῶν
2901 4597 2994 4651 τοῦ
3034 4597 3167 4649 Θεοῦ
3208 4596 3595 4666 ἀπεκδέχεται·
3624 4596 3681 4663 τῇ

435 4700 660 4763 propter
679 4705 829 4758 eum,
858 4690 950 4761 qui
974 4687 1208 4758 subjecit
1237 4703 1358 4746 eam
1386 4690 1442 4744 in
1472 4702 1604 4758 spe;
1639 4688 1762 4757 quia
1787 4695 1844 4743 et
1893 4688 2008 4757 ipsa

2133 4687 2225 4757 γὰρ
2250 4689 2566 4760 ματαιότητι
2598 4690 2631 4758 ἡ
2663 4689 2841 4752 κτίσις
2875 4686 3122 4758 ὑπετάγη
3161 4689 3259 4757 οὐχ
3290 4685 3516 4752 ἑκοῦσα,
3566 4683 3685 4742 ἀλλὰ

506 4883 522 4913 ¹
548 4879 705 4936 Joan.
738 4895 777 4943 ι,
807 4877 900 4940 26,
935 4877 1025 4930 27.
1103 4878 1122 4908 ³
1151 4875 1266 4931 Jer.
1294 4873 1566 4938 xxnt,2l.
1644 4871 1664 4901 ³
1688 4870 1841 4935 lbid.,
1874 4870 1965 4927 25.

2134 4890 2242 4928 om.
2270 4890 2387 4940 vm,
2415 4874 2500 4940 19,
2532 4874 2621 4941 20,
2663 4875 2754 4929 ει.

510 5070 620 5153 en
671 5068 955 5153 Σεπτέρνο
998 5065 1055 5153 ιη
1082 5065 1623 5153 emitteres-ﬁ!
1661 5062 2009 5153 ίίίξτίὲἒάἓιὲε

434 5134 656 5211 legitur,
684 5138 971 5211 σκεπτέον,
1002 5138 1094 5191 sed
1122 5136 1175 5189 in
1203 5135 1387 5211 codice
1416 5134 1629 5211 doliano
1662 5134 1874 5211 punctis
1910 5151 2007 5211 no-

436 5204 586 5266 taiur
614 5209 796 5266 littera
854 5209 925 5273 Κ,
956 5218 1207 5275 tanquam
1238 5206 1493 5275 delenda,
1531 5217 1628 5258 nec.
1663 5204 1849 5275 dubito
1875 5206 2007 5273 quin

436 5280 782 5337 scribendum
841 5279 913 5333 sit
964 5274 1189 5331 σεπτέον
1237 5290 1268 5329 a
1324 5274 1573 5345 σέϐομαι.
1625 5274 1758 5329 Vide
1790 5274 2006 5345 llenrici

440 5350 701 5421 Stephani
734 5350 1062 5421 Thesaurum
1096 5348 1293 5421 litigare
1333 5343 1529 5421 Crm'cfc
1562 5347 1611 5399 in
1652 5343 1865 5421 σεπτός.
1898 5345 2000 5400 Co-

438 5414 553 5477 dex'
576 5421 799 5491 Regius,
831 5420 946 5475 loco
987 5414 1242 5491 σεπτέον,
1276 5417 1440 5491 habet
1466 5414 1753 5491 ὑμνητέον.

512 5492 624 5562 (42)
648 5482 953 5562 Ᾰιάκρνον,
985 5500 1091 5545 etc.
1117 5489 1197 5542 An
1230 5482 1720 5562 scribendum,
1758 5482 1865 5562 τὸν.
1899 5483 2008 5538 διά-

438 5554 617 5618 κονον
648 5560 811 5617 αὑτοῦ
846 5559 1015 5628 Λόγον
1070 5556 1557 5630 προσκυνήσομεν)
1602 5556 1807 5630 Quieto
1853 5554 2005 5630 locus

443 5634 797 5702 interpolatus
826 5625 997 5702 fuisse
1025 5625 1245 5702 videtur:
1261 5625 1721 5702 apostetjoribus
1771 5625 2004 5697 Origene

440 5695 903 5770 Christianis,qui
953 5699 1032 5762 τὸ,
1086 5695 1899 5770 advexit}AudyBVAmutarunt,
1952 5704 2006 5751 et

2830 4876 2851 4906 ⁸
2880 4873 3021 4931 Psal.
3059 4888 3279 4937 cxnvm,
3313 4875 3366 4941 5,
3392 4872 3447 4929 ὁ.

2120 5078 2314 5118 norum
2360 5062 2554 5129 vulgus
2610 5062 2810 5115 indicat
2862 5062 3101 5115 scltolion
3165 5059 3307 5129 quod
3351 5059 3405 5113 iu
3447 5057 3678 5129 margine

2120 5133 2251 5188 lihb.
2280 5133 2551 5185 editorum
2584 5142 2638 5186 et
2690 5130 2895 5186 codicis
2940 5130 3221 5194 Anglicani
3264 5129 3421 5195 primi
3454 5130 3677 5194 legitur:

2116 5203 2208 5283 Μὴ
2241 5202 2364 5292 λέγε
2397 5202 2661 5292 διάέονον
2680 5202 2841 5292 sxa?
2868 5200 3201 5292 spina-cpe;
3232 5200 3402 5283 Λόγος
3423 5197 3677 5292 ξὺοέντης

2115 5269 2224 5326 τῶν
2252 5271 2444 5344 ἑαυτοῦ
2476 5272 2680 5344 ἔργων,
2709 5269 2824 5344 ἀλλ’
2858 5272 2922 5344 οὑ,
2947 5269 3248 5344 ,διάκονος-μ
3267 5270 3328 5344 ⁸ἡ
3376 5269 3489 5344 γὰρ
3522 5285 3675 5344 anpu-

2119 5345 2207 5396 σία
2234 5343 2373 5413 αῦτη
2402 5338 2560 5408 τάξις
2579 5342 2828 5413 δουλικὴ,
2878 5342 2990 5395 ἀλλ’
3037 5342 3137 5413 οὐκ
3190 5338 3501 5409 αὑθεντική.
3555 5338 3671 5391 Vide

2114 5412 2473 5482 quaestionem
2506 5412 2798 5469 secundum
2834 5414 2929 5468 lib.
2957 5428 2993 5467 tt
3025 5412 3504 5481 Origem‘auorum,
3540 5421 3670 5463 nunt.

2115 5485 2199 5539 15.

2185 5551 2301 5623 (45)
2333 5550 2474 5620 Περὶ
2497 5544 2604 5619 ὧν,
2631 5564 2734 5609 etc.
2774 5552 2905 5608 Vide
2936 5554 3156 5622 insuper
3177 5548 3468 5607 clarissimi
3513 5544 3667 5605 lluetii

2112 5624 2468 5694 quaestionem
2493 5634 2746 5678 octavam
2777 5623 2869 5679 lib.
2909 5639 2945 5694 lt
2975 5624 3439 5694 Origenianorum.

2184 5693 2297 5762 (44)
2328 5694 2554 5748 Αἰνεῖτε
2604 5694 2791 5748 αὐτὸν
2842 5682 3483 5761 πάντα.’8ιιιιρ1ειι‹ίιιηι
3525 5682 3665 5762 Δ(ιιιοά

440 5784 563 5840 pust
597 5758 786 5839 Λόγον,
832 5758 1308 5840 ἒιόιιδιιὰτιιιιμτοῦ
1355 5766 1509 5821 Θεοῦ.
1554 5758 2002 5840 Quidquid-est,

2133 5758 2237 5840 inte
2267 5758 2382 5820 huic
2410 5764 3012 5833 verba.deest,_utvaite
3049 5758 3244 5823 ,αὑτὸν
3268 5762 3418 5832 ἥλιος
3456 5758 3546 5813 καὶ
3593 5772 3663 5809 σεο

440 5836 571 5899 voce
605 5836 847 5897 διάκονον
872 5836 1133 5897 oITensum
1169 5838 1333 5894 fuisse
1368 5836 2004 5915 posteriorumCltristia-

2107 5831 2267 5905 λήνη.
