3840 6412
492 375 637 435 ιεοδ

1920 353 2243 434 οιὶιαεΝῐε

3600 372 3709 432 120i

486 497 706 554 huerint
725 497 767 553 ".
796 497 999 554 Docent
1030 497 1194 554 etiam
1218 499 1412 556 divitum
1442 499 1740 572 Scriptura:
1773 499 2061 557 Dominum

2173 501 2468 572 μήσαντας.
2493 498 2632 554 Φασῖ
2655 497 2713 554 δ”
2729 497 2785 552 oi
2810 497 2943 552 θεῖοι
2973 495 3120 566 λόγοι
3150 493 3242 550 τὸν
3273 493 3490 566 Κύριον,
3508 493 3603 560 «ὡς
3620 495 3709 570 πῦρ

491 607 512 642 ι
542 599 603 646 ιιι
651 591 831 661 ignem
885 589 1188 647 conflatorii
1225 601 1280 648 et
1310 594 1537 650 herbam
1593 593 1857 649 fullonum
1882 594 1904 626 ⁸
1932 611 1952 646 ι
1995 593 2069 647 ad

482 697 583 739 eos
659 697 1011 742 accessurum
1058 701 1215 753 esse,
1273 688 1364 758 qui
1440 695 1664 757 propter
1718 687 2062 744 commistam

485 779 781 846 quamdam
814 791 886 836 ex
910 780 1120 836 malitia
1171 781 1458 835 materiam
1507 781 1630 850 igne
1665 780 1924 850 indigent,
1956 793 2064 850 quo

485 868 577 923 illa
603 869 755 938 aeris,
787 873 968 926 stanni
1002 869 1316 940 plumbique
1353 871 1639 939 permistio
1681 871 1835 941 quasi
1867 869 2065 927 conﬂo-

486 966 593 1013 tur.
628 957 741 1015 Hoc
766 959 911 1017 idem
943 961 1127 1016 videre
1151 973 1232 1016 est
1275 963 1414 1032 apud
1444 963 1802 1026 Ezechielem,
1859 963 1903 1017 si
1941 961 2064 1032 quis

485 1049 695 1104 discere
745 1049 984 1110 voluerit
1009 1052 1052 1106 θ.
1131 1052 1308 1108 Testis
1364 1069 1583 1125 quoque
1639 1055 1743 1109 erit
1795 1053 2064 1124 propheta

483 1140 654 1198 Isaias
688 1152 930 1200 nostram
963 1160 1073 1201 non
1102 1161 1219 1202 esse
1249 1149 1598 1212 sententiam,
1639 1145 1807 1201 Deum
1861 1155 1921 1200 ut
1971 1160 2065 1201 co-

429 1243 436 1252 '
482 1251 650 1308 quum
703 1236 908 1296 inferre
940 1239 1142 1310 ignem,
1177 1241 1270 1298 sed
1305 1252 1363 1295 ut
1394 1242 1445 1295 in
1488 1255 1582 1297 eos
1619 1239 1941 1306 beneficum,
1969 1237 2063 1310 qui

483 1329 680 1386 labore
701 1338 754 1387 et
788 1331 920 1400 igne
949 1347 1082 1402 opus
1117 1335 1341 1390 habent.
1377 1333 1472 1390 Sic
1515 1334 1662 1390 enim
1711 1334 1852 1403 apud
1911 1333 2062 1388 illum

478 1437 618 1493 gens
645 1425 1201 1496 qumdamgpeecatrix
1228 1427 1501 1484 admonita
1543 1427 1788 1483 dicitur:
1825 1444 1844 1478 ι
1882 1424 2064 1482 llabes

482 1515 752 1572 carbones
777 1515 953 1588 ignis,
979 1519 1108 1574 sede
1140 1533 1301 1588 super
1325 1535 1450 1585 eos;
1484 1519 1538 1574 hi
1576 1519 1670 1574 tibi
1711 1527 1871 1574 cruut
1911 1517 2065 1570 auxi-

483 1601 558 1659 lio
586 1605 654 1661 ¹⁰.
691 1624 710 1658 ι
746 1606 822 1662 Ita
863 1607 1148 1680 Scriptura
1177 1611 1337 1678 vulgo
1373 1611 1639 1666 lectorqu
1686 1609 2064 1666 convenientia

481 1695 748 1762 tribuens,
774 1698 949 1753 tristia
986 1699 1332 1754 obscuritate
1360 1702 1637 1770 sapienter
1687 1699 1932 1760 involvit,
1956 1711 2064 1768 quo

482 1792 748 1842 terrorem
782 1788 846 1843 iis
873 1791 1102 1845 incutiat
1157 1792 1248 1860 qui
1277 1807 1304 1846 a
1355 1792 1576 1862 profusa
1607 1793 1860 1861 peccandi
1897 1791 2062 1847 licen-

2175 590 2539 664 χωνευτηρίου
2568 592 2663 646 καὶ
2694 591 2770 656 ὡς
2791 592 2929 645 πόαν
2958 587 3296 652 πλυνόντων,
3330 606 3349 640 ι
3378 586 3595 664 ⁵ιῑεκόιστῳ
3623 587 3709 641 τῶν

2173 685 2443 756 δεομένων
2499 685 2880 756 ἐπιδημήσειν,
2937 682 3026 736 διὰ
3067 681 3129 735 τὸ
3181 678 3539 750 ἀναμεμίχθαι
3579 680 3708 734 οἱονεὶ

2174 777 2387 850 φαύλην
2406 777 2571 850 χυτὴν
2595 777 2730 849 ’ύλην
2761 776 2858 848 τὴν
2889 777 2998 831 ἀπὸ
3024 775 3126 846 τῆς
3154 773 3373 838 κακίας,
3393 772 3636 843 δεομένων
3663 772 3707 826 δὲ

2173 869 2315 939 λέγω
2338 869 2458 941 (51)·
2481 869 2686 940 πυρὸς,
2721 869 2884 924 οἱονεὶ
2913 868 3242 939 χωνεύοντος
3283 866 3406 928 τοὺς
3447 865 3709 935 ἀναμεμιγ-

2176 962 2370 1032 μένους
2399 961 2618 1033 χαλκῷ,
2650 963 2746 1016 καὶ
2799 959 3129 1032 κασσιτέρῳ,
3192 958 3286 1013 καὶ
3344 956 3578 1028 μολίϐδῳ.
3619 957 3709 1011 Καὶ

2174 1054 2346 1108 ταῦτα
2369 1054 2463 1108 τὸν
2494 1054 2814 1126 βουλόμενόν
2847 1056 2994 1107 ἐστιν
3015 1052 3125 1107 ἀπὸ
3153 1050 3246 1106 τοῦ
3278 1050 3546 1121 προφήτου
3581 1049 3706 1113 Ἰεζε-

2175 1146 2298 1218 κιὴλ
2329 1147 2540 1218 μαθεῖν.
2590 1149 2713 1201 Ὅτι
2750 1146 2806 1201 δὲ
2845 1145 2992 1218 (52),
3019 1146 3119 1216 οὐχ
3149 1145 3226 1208 ὠς
3258 1143 3530 1216 μάγειρον,
3558 1142 3705 1213 φαμὲν

2171 1239 2234 1292 τὸ
2265 1239 2376 1310 πῦρ
2410 1240 2694 1312 ἐπιφέρειν
2733 1239 2824 1294 τὸν
2852 1239 3005 1303 Θεὸν,
3037 1237 3152 1291 ἀλλ’
3187 1236 3264 1300 ὡς
3287 1235 3416 1290 Θεὸν
3456 1233 3706 1306 εὐεργέτην

2173 1333 2279 1388 τῶν
2308 1333 2621 1406 χρῃζόντων
2655 1333 2817 1386 πόνου
2847 1333 2941 1387 καὶ
2970 1332 3163 1403 πυρὸς,
3203 1329 3533 1402 μαρτυρήσει
3566 1328 3646 1381 καὶ
3681 1327 3705 1380 ό

2174 1428 2460 1499 προφήτης
2489 1424 2739 1488 Ἡσαΐας.
2764 1427 2820 1478 ἐν
2844 1416 2888 1494 ᾧ
2911 1423 3220 1495 γέγραπται
3247 1420 3488 1491 λελέχθαι
3515 1418 3633 1492 πρός
3661 1434 3706 1472 τι·

2173 1519 2323 1582 ἔθνος
2351 1518 2697 1590 ἁμαρτωλὸν,
2725 1518 2805 1570 ὅτι
2843 1518 3060 1587 «Ἔχεις
3086 1515 3362 1587 ἄνθρακας
3383 1512 3559 1584 πυρὸς,
3581 1509 3703 1566 καθί-

2178 1626 2268 1662 σαι
2299 1609 2386 1661 ἐπ’
2423 1609 2628 1670 αύτοῖ-ς·
2664 1603 2808 1664 οὗτοι
2850 1606 3062 1660 ἔσονταί
3089 1622 3168 1659 σοι
3192 1603 3432 1674 βοήθεια.
3459 1622 3478 1656 ι
3521 1603 3702 1656 Οἰκονο-

2176 1701 2274 1772 μού
2285 1718 2443 1772 μενος
2475 1701 2520 1754 δ’
2550 1701 2578 1754 ὁ
2606 1701 2762 1768 λόγος
2792 1699 3138 1772 ἁρμοζόντως
3162 1696 3271 1766 (55)
3291 1696 3540 1769 πλήθεσιν
3558 1697 3702 1749 ἐντευ-

2175 1792 2419 1863 ξομένοις
2449 1795 2514 1863 τῇ
2560 1793 2772 1864 Γραφῇ,
2828 1789 3322 1861 ἐπικεκρυμμένως
3369 1787 3499 1860 μετὰ
3547 1786 3701 1855 σοφίας

479 1875 556 1932 tia
592 1889 869 1947 nequeunt
889 1879 1047 1935 aliter
1075 1882 1310 1936 avocari.
1349 1881 1478 1946 Qua:
1525 1893 1704 1937 tamen
1761 1882 2066 1938 obscuritas

2173 1884 2411 1953 λέγειτὰ
2461 1882 2762 1954 σκυθρωπά
2803 1884 2882 1946 εἰς
2927 1881 3090 1952 φόϐον
3138 1879 3248 1934 τῶν
3309 1879 3382 1951 μὴ
3436 1877 3700 1949 δυναμένων

483 1982 547 2023 ea
591 1984 696 2024 non
747 1977 855 2036 est,
887 1972 1044 2043 quin,
1074 1973 1165 2041 qui
1218 1972 1410 2027 sedulo
1433 1973 1801 2044 perpenderit,
1833 1972 1989 2028 facile
2019 1974 2066 2028 is

485 2058 773 2132 intelligat,
797 2077 906 2132 quo
949 2063 1056 2120 fine
1109 2065 1372 2120 molestiis
1419 2075 1472 2120 et
1513 2066 1788 2120 laboribus
1818 2065 2065 2124 homines

483 2153 613 2207 mali
667 2155 947 2212 cruciandi
976 2157 1110 2213 sint.
1159 2157 1340 2226 Quare
1369 2160 1421 2212 in
1456 2159 1740 2228 prmsentia
1783 2161 1912 2215 satis
1945 2160 2062 2216 fue-

478 2247 558 2300 rit
606 2247 713 2301 huc
755 2247 1026 2304 adducere
1075 2249 1204 2304 illud
1261 2250 1462 2307 lsaize:
1523 2269 1542 2303 ι
1575 2251 1802 2322 Propter
1867 2266 2062 2308 nomen

481 2354 664 2394 meum
689 2340 971 2396 ostendam
999 2340 1091 2394 tibi
1129 2341 1364 2397 furorem
1391 2351 1658 2406 mcum,et
1683 2342 1919 2411 gloriosa
1943 2357 2061 2397 mea

484 2431 736 2486 inducam
763 2432 818 2487 in
845 2440 914 2496 te,
953 2446 1021 2487 ne
1053 2435 1273 2503 perdam
1321 2433 1488 2505 539
1519 2443 1572 2489 te
1597 2436 1659 2486 ¹¹.
1695 2455 1712 2484 υ
1739 2435 1914 2504 Atque
1948 2434 2064 2489 haec

481 2522 661 2578 minus
678 2524 1087 2580 accommodata
1118 2525 1414 2594 simplicius
1439 2525 1788 2580 credentibus
1817 2526 2061 2595 adeoque

480 2613 808 2684 simpliciori
869 2616 1081 2672 ratione
1129 2617 1444 2672 erudiendis
1491 2615 1836 2671 subiudicare
1883 2617 2060 2672 coacti

480 2720 694 2771 sumus,
726 2712 787 2760 ut
811 2720 881 2761 ne
914 2705 1242 2775 incastigata
1271 2707 1450 2763 abiret
1493 2707 1608 2763 haec
1632 2706 1772 2764 Celsi
1803 2707 2063 2762 crimina-

480 2795 559 2850 tio
613 2813 627 2850 :
691 2813 710 2848 ι
769 2795 1060 2868 Postquam
1135 2796 1274 2854 Deus
1330 2797 1511 2871 ignem
1570 2797 1814 2869 injcccrit
1871 2806 1930 2852 ut
1971 2813 2064 2855 co-

483 2902 644 2957 quus.
681 2908 705 2943 ›

553 3073 643 3132 16.
676 3073 758 3130 Ex
797 3073 962 3134 dictis
1004 3083 1154 3145 patet
1203 3073 1738 3146 intciligcntioribus,
1790 3075 2062 3146 quomodo

477 3165 835 3223 refellendum
896 3167 971 3223 sit
1013 3177 1070 3222 et
1123 3169 1268 3224 istud
1304 3184 1318 3224 :
1367 3187 1384 3220 ι
1425 3168 1562 3223 Tum
1595 3178 1793 3224 czctera
1843 3167 2058 3238 quidem

476 3265 679 3313 tostum
706 3259 794 3324 iri,
822 3258 918 3315 sed
941 3273 998 3315 se
1022 3260 1170 3316 solos
1200 3275 1462 3316 evasuros
1522 3259 1844 3316 incolumes.
1882 3277 1900 3312 ι
1947 3257 2057 3315 Nec

477 3349 675 3404 mirum
705 3351 757 3404 in
785 3350 888 3407 hac
915 3351 1172 3420 opinione
1197 3351 1526 3407 versarieos
1565 3365 1596 3406 e
1637 3350 1861 3417 nosuis,
1919 3365 2058 3420 quos

481 3437 756 3505 appellant
783 3438 1080 3510 Scriptura:
1120 3457 1138 3492 ι
1175 3441 1339 3496 stulta
1380 3442 1587 3507 mundi,
1619 3440 1892 3510 ignobilia,
1923 3457 2058 3497 con-

483 3528 828 3596 tetuptibilia,
864 3538 920 3585 et
963 3544 1026 3584 ea
1059 3545 1180 3600 qua:
1233 3546 1336 3584 non
1383 3541 1510 3585 sunt
1542 3531 1607 3584 η.
1634 3549 1653 3583 ι
1677 3530 1884 3602 Quippe
1915 3551 1935 3583 ι
1962 3547 2060 3604 per

480 3617 768 3675 stultitiam
803 3621 1215 3691 praedicationis
1250 3623 1455 3693 placuit
1504 3623 1616 3679 Deo
1652 3624 1832 3682 salvos
1878 3626 2060 3686 facere

477 3711 768 3768 credentes
801 3713 925 3783 ipsi,
948 3715 1076 3786 quia
1113 3714 1164 3768 iu
1193 3715 1284 3770 Dei
1316 3715 1584 3784 sapientia
1640 3734 1742 3774 non
1803 3721 2060 3792 cognovit

482 3801 721 3858 mundus
768 3817 868 3874 per
909 3806 1235 3875 sapientiam
1291 3807 1461 3864 Deum
1494 3809 1558 3862 ⁸³.
1597 3827 1615 3862 ι
1648 3811 1726 3865 llli
1767 3813 1908 3868 enim
1952 3830 2058 3872 non

479 3905 708 3970 possunt
733 3896 946 3968 singula
980 3899 1096 3954 loca
1120 3902 1476 3968 perscrutari,
1529 3917 1628 3959 nec
1671 3903 2060 3977 investigandis

481 3984 786 4058 Scripturis
814 3989 1132 4046 incumbere
1163 3990 1373 4056 volunt,
1403 3995 1652 4062 quamvis
1681 3994 1840 4051 Jcsus
1869 4016 1885 4048 ι
1911 4013 2064 4054 scru-

479 4080 583 4135 tari
627 4079 941 4150 Scripturas
995 4083 1040 4114 “
1093 4101 1112 4137 ι
1170 4085 1413 4148 iusserit.
1468 4085 1607 4142 ilinc
1651 4099 1755 4157 est,
1802 4092 1944 4162 quod
1981 4091 2063 4148 sic

477 4176 756 4233 senserint
783 4177 850 4233 de
891 4175 1016 4247 igne
1042 4191 1201 4248 quem
1227 4180 1370 4235 Deus
1405 4177 1592 4248 infert,
1639 4193 1695 4238 et
1739 4183 1805 4240 de
1832 4184 1899 4240 iis
1941 4199 2063 4255 qum

479 4267 864 4336 peccatoribus
887 4280 1147 4326 eventura
1185 4280 1335 4326 sunt.
1375 4271 1520 4328 Fieri
1565 4281 1744 4330 tamen
1776 4285 1972 4347 potest,
2004 4283 2064 4331 ut

478 4359 936 4429 quemadmodum
994 4352 1230 4432 pueriles
1261 4363 1474 4419 animos
1526 4364 1594 4420 ad
1658 4367 1886 4423 meliora
1942 4382 2064 4438 pro-

477 4452 681 4508 vehere
722 4450 924 4508 volenti
967 4455 1240 4522 convenit,
1279 4465 1338 4510 ut
1373 4459 1439 4513 ad
1485 4473 1672 4514 eorum
1728 4473 1788 4514 se
1847 4473 2062 4514 mensu-

2168 1976 2342 2040 ἄλλως
2374 1975 2721 2046 ἐπιστρέψειν
2750 1972 2858 2028 ἀπὸ
2887 1974 2987 2045 τῆς
3021 1972 3233 2044 χύσεως
3263 1971 3370 2041 (5i)
3414 1971 3516 2024 τῶν
3559 1971 3701 2041 ἀμαρ-

2164 2087 2232 2140 τη
2241 2069 2426 2140 μάτων
2449 2084 2462 2098 ·
2494 2068 2633 2138 πλὴν
2659 2067 2754 2121 καὶ
2783 2066 2954 2130 οὕτως
2977 2068 3004 2120 ό
3034 2065 3217 2137 τηρῶν
3241 2065 3457 2136 εὑρήσει
3483 2063 3700 2134 ἐμφαινό-

2169 2176 2329 2232 μενον
2363 2158 2423 2212 τὺ
2455 2158 2564 2212 ἀπὸ
2594 2157 2701 2211 τῶν
2737 2157 3077 2230 σκυθρωπῶν
3114 2156 3211 2210 καὶ
3241 2157 3506 2210 ἐπιπόνων
3538 2155 3700 2222 ἐπαγόο

2169 2270 2327 2326 μενον
2350 2253 2464 2314 τοῖς
2495 2250 2719 2318 ἁλγοῦσι
2745 2251 2917 2314 τέλος.
2954 2251 3140 2322 Ἀρκεῖ
3169 2249 3215 2303 δ’
3247 2249 3340 2303 ἐπὶ
3367 2248 3457 2303 τοῦ
3479 2249 3699 2318 παρόντος

2165 2343 2504 2415 παραθέσθαι
2538 2341 2646 2395 ἀπὸ
2675 2341 2768 2395 τοῦ
2817 2341 3038 2396 Ἡσαΐου
3072 2343 3160 2406 τὸ,
3191 2341 3446 2394 (Ἕνεκεν
3483 2338 3566 2412 τού
3591 2335 3696 2408 ἐμοῦ

2163 2436 2425 2508 ὀνόματος
2461 2433 2620 2500 δείξω
2654 2451 2735 2487 σοι
2775 2433 2944 2504 θυμόν
2985 2449 3110 2505 μου,
3151 2431 3248 2487 καὶ
3293 2432 3364 2484 τὰ
3407 2430 3576 2494 ἔνδοξα
3615 2443 3695 2498 μου

2169 2530 2354 2595 ἐπάξω
2379 2528 2469 2581 ἐπὶ
2502 2527 2579 2592 σέ,
2613 2527 2701 2579 ἵνα
2733 2527 2805 2598 μὴ
2843 2524 3217 2596 ἐξολοθρεύσω
3277 2541 3356 2578 σε.
3397 2542 3417 2576 ι
3471 2517 3696 2587 Ἦναγκά-

2171 2623 2271 2693 σθη
2281 2640 2376 2694 μεν
2395 2621 2458 2692 δὴ
2473 2620 2539 2674 τὰ
2573 2619 2648 2691 μὴ
2677 2617 2983 2692 ἁρμόζοντα
3003 2620 3118 2682 τοῖς
3139 2616 3496 2686 ἁπλούστερον
3523 2609 3697 2666 πιστεύ-

2163 2735 2222 2772 ου
2233 2734 2281 2770 σι
2307 2716 2401 2769 καὶ
2421 2714 2693 2786 δεομένοις
2714 2715 2810 2784 τῆς
2833 2711 3208 2784 ἁπλουστέρας
3233 2713 3292 2766 ἐν
3320 2710 3492 2779 λόγοις
3539 2708 3697 2760 οἰκονοο

2165 2809 2294 2881 μίας
2326 2805 2630 2871 αἰνίξασθαι
2829 2807 2915 2858 ἵνα
2946 2805 3019 2878 μὴ
3073 2804 3322 2870 δοκῶμεν
3366 2801 3695 2868 ἀνεξέλεγκτον

2164 2903 2260 2972 ἐᾷν
2290 2901 2388 2971 τὴν
2415 2899 2507 2953 τοῦ
2532 2898 2743 2954 Κέλσου
2789 2897 3149 2970 κατηγορίαν,
3191 2895 3439 2964 λέγοντος
3461 2911 3475 2926 ο
3512 2913 3528 2945 ι
3551 2894 3696 2947 Ἐπι-

2161 2993 2257 3047 δὰν
2285 2996 2313 3047 ό
2351 2993 2482 3056 Θεὸς
2510 2993 2699 3064 ὥσπερ
2733 2991 2994 3064 μάγειρος
3021 2990 3293 3062 ἐπενέγκῃ
3325 2987 3385 3041 τὸ
3412 2987 3560 3058 πῦρ.ι

2247 3086 2341 3139 Ἐκ
2364 3084 2419 3138 δὲ
2451 3084 2560 3137 τῶν
2600 3083 2906 3156 εἰρημένων
2937 3083 3051 3145 τοῖς
3098 3080 3455 3152 συνετώτερον
3483 3075 3694 3133 ἀκούουσι

2163 3179 2341 3250 δῆλον,
2377 3177 2495 3242 πῶς
2526 3175 2864 3250 ἀπαντητέον
2899 3175 2992 3230 καὶ
3027 3174 3164 3246 πρὸς
3197 3177 3290 3238 τὸ,
3319 3192 3338 3225 ι
3371 3173 3442 3227 Τὸ
3479 3171 3564 3242 μὲν
3596 3167 3696 3224 ἄλλο

2163 3270 2271 3323 πᾶν
2303 3266 2771 3340 ἐξοπτηθήσεσθαι
2800 3267 2976 3336 γένος,
3001 3265 3201 3329 αὐτοὺς
3232 3265 3289 3317 δέ
3332 3264 3514 3336 μόνους
3543 3260 3696 3330 διαμεν

2163 3365 2293 3418 νεῖν.
2332 3380 2349 3413 ι
2388 3361 2461 3414 Ού
2497 3359 2808 3430 θαυμαστὸν
2830 3357 2896 3423 δ’,
2929 3358 2976 3410 εἱ
3007 3355 3185 3432 ταύτα
3221 3357 3331 3428 (56)
3356 3356 3560 3427 νενόηκε
3577 3353 3633 3406 τὰ
3651 3352 3696 3404 ἐν

2163 3453 2294 3524 ἡμῖν
2327 3450 2432 3505 ὑπὸ
2456 3451 2548 3504 τοῦ
2583 3449 2740 3518 λόγου
2769 3468 2787 3502 ι
2824 3449 2982 3520 μωρὰ
3001 3447 3096 3502 τοῦ
3124 3449 3328 3519 κόσμου
3352 3446 3694 3518 ὀνομαζόμενα,

2165 3544 2258 3598 καὶ
2291 3542 2509 3612 ἀγεννῆ,
2545 3542 2640 3596 κα).
2679 3540 3098 3613 ἐξουδενημένα,
3143 3543 3243 3595 καὶ
3282 3540 3356 3612 μὴ
3394 3541 3532 3594 δνταο
3572 3556 3587 3590 ι
3619 3535 3696 3590 ἅτε

2165 3633 2253 3688 διὰ
2279 3633 2378 3704 τῆς
2419 3631 2632 3703 μωρίας
2671 3630 2767 3685 τοῦ
2817 3629 3174 3702 κηρύγματος
3215 3629 3500 3700 εὐδόκησεν
3533 3629 3558 3680 ό
3590 3623 3698 3686 Θεὸς

2168 3723 2340 3776 σῶσαι
2373 3722 2502 3786 τοὺς
2535 3720 2890 3784 πιστεύοντας
2923 3719 3093 3791 αὐτῷ,
3142 3719 3266 3774 ἐπεὶ
3300 3719 3372 3792 μὴ
3400 3720 3452 3772 ἐν
3473 3720 3534 3788 τῇ
3569 3713 3697 3783 σοφίᾳ

2165 3815 2258 3869 τοῦ
2292 3813 2427 3867 Θεοῦ
2457 3813 2596 3882 ἔγνω
2627 3813 2656 3864 ὁ
2682 3813 2884 3883 κόσμος
2906 3812 2994 3866 διὰ
3023 3813 3126 3882 τῆς
3168 3811 3359 3882 σοφίας
3379 3812 3466 3864 τὸν
3490 3808 3619 3862 Θεόν·
3648 3805 3696 3858 ού

2164 3909 2435 3980 δυνάμενα
2465 3906 2796 3978 διαρθρῶσαι
2825 3905 2895 3958 τὰ
2927 3904 3068 3958 κατά
3094 3905 3219 3968 τοὺς
3237 3905 3451 3968 τόπους,
3476 3901 3580 3956 οὐδὲ
3601 3898 3698 3970 βου·

2165 4001 2398 4074 ληθέντα
2431 3999 2689 4070 σχολάσαι
2737 3999 2804 4069 τῇ
2853 3997 3050 4068 ἐρεύνῃ
3095 3995 3197 4067 τῆς
3221 3996 3460 4070 Γραᾳῆς,
3498 3991 3696 4054 καίτοιγε

2165 4091 2262 4147 τοῦ
2305 4091 2482 4163 Ἰησοῦ
2511 4090 2782 4160 λέγοντος,
2812 4109 2831 4141 ι
2856 4090 3144 4159 Ἐρευνᾶτε
3169 4089 3273 4154 τὰς
3303 4089 3531 4161 Γραφός.
3571 4105 3586 4136 ι
3610 4081 3696 4137 Καὶ

2165 4183 2388 4238 τοιαῦτα
2430 4183 2696 4255 ὑπείληφε
2746 4183 2875 4253 περὶ
2911 4179 3006 4235 τοῦ
3044 4180 3382 4252 ἐπαγομένου
3428 4179 3578 4250 πυρὸς
3615 4172 3696 4227 ὑπὸ

2167 4275 2258 4330 τοῦ
2285 4274 2419 4328 Θεοῦ
2456 4275 2550 4328 καὶ
2580 4276 2708 4347 περὶ
2735 4274 2844 4328 τῶν
2889 4273 3321 4345 συμϐησομένων
3352 4275 3460 4336 τοῖς
3490 4266 3695 4341 ἁμαρτή-

2169 4387 2294 4423 σασι
2324 4369 2458 4439 (57).
2492 4369 2599 4421 Καὶ
2631 4369 2772 4437 τάχα
2800 4367 2988 4439 ὥσπερ
3021 4370 3136 4430 τοῖς
3168 4367 3354 4420 παισὶν
3381 4357 3696 4437 ἁρμόζει-τινὶ

2167 4458 2419 4527 λέγεσθαι
2458 4457 2770 4528 κατάλληλα
2815 4459 2880 4529 τῇ
2941 4457 3230 4528 νηπιότητι
3273 4455 3448 4510 αὐτῶν
3481 4452 3598 4525 πρὸς
3631 4449 3692 4506 τὸ.

479 4558 599 4599 ram
623 4543 939 4610 submittat;
977 4545 1048 4598 ita
1079 4545 1169 4611 iis,
1195 4562 1334 4616 quos
1367 4551 1652 4606 nominaut
1681 4551 1984 4620 Scriptura:
2014 4553 2058 4584 ¹⁵

2173 4552 2244 4614 ῶς
2290 4551 2488 4613 παῖδας
2527 4549 2728 4620 κομιδῆ
2773 4549 3022 4619 νηπίους,
3053 4547 3400 4618 ἐπιστρέφειν
3433 4544 3602 4605 αὐτοὺς
3625 4538 3696 4593 ἐπὶ

479 4635 678 4692 stultos
729 4635 940 4702 mundi,
996 4637 1262 4708 ignobiles
1319 4642 1889 4714 contemptibilesque,
1928 4660 2061 4701 con-

479 4729 705 4789 veniens
732 4725 898 4786 fuerit
942 4732 1098 4786 obvia
1125 4731 1239 4787 haec
1267 4745 1457 4800 ptrnas
1480 4734 1820 4804 intelligendi
1881 4737 2057 4806 ratio;

479 4825 670 4886 utpote
703 4821 795 4890 qui
821 4836 928 4877 non
953 4822 1113 4876 aliter
1145 4837 1306 4891 quam
1341 4833 1549 4878 terrore
1579 4833 1632 4880 et
1666 4827 2060 4896 suppliciorum

482 4910 814 4979 cogitatione
845 4913 1089 4970 converti
1143 4923 1195 4968 et
1239 4929 1269 4968 a
1305 4915 1453 4971 vitiis
1505 4917 1753 4973 revocari
1810 4929 2060 4988 possunt.

485 4997 598 5056 Iloc
629 5001 791 5072 igitur
820 5002 1102 5076 Scriptura
1148 5006 1444 5077 signiﬁcat,
1484 5009 1576 5077 qui
1622 5010 1928 5066 doctrinam
1987 5011 2064 5067 in-

486 5103 817 5164 corruptam,
843 5095 1082 5167 integros
1114 5113 1316 5165 mores,
1357 5109 1594 5155 mentem
1619 5101 1837 5156 omnino
1869 5117 2058 5172 puram

552 5229 617 5289 ⁷1
655 5233 784 5291 Cor.
823 5251 904 5300 ιιι,
934 5237 1020 5292 i2.
1129 5239 1153 5271 ⁸
1179 5238 1302 5296 Μηί.
1331 5257 1415 5302 ιιι.
1439 5241 1496 5296 2.

488 5301 532 5334 ¹²
580 5304 596 5357 I
643 5305 774 5362 Cor.
810 5322 848 5371 ι,
880 5309 973 5374 27,
1000 5308 1095 5363 28.

557 5392 1007 5464 (ξ’)1)Δεομένων
1043 5397 1111 5450 δὲ
1135 5399 1208 5451 λέ

488 5469 544 5546 ει
577 5461 923 5546 Basileensjs.
965 5461 1304 5546 limscbelius
1331 5473 1798 5546 ουιθιιι,δεομένῳ
1823 5473 1880 5526 δὲ
1905 5461 2068 5546 λόγῳ.

487 5532 820 5608 Spencertts,
843 5535 1104 5608 δεομένην
1134 5537 1191 5590 δὲ
1222 5537 1385 5608 λόγῳ.

557 5602 672 5670 (52)
707 5593 863 5673 μοι).
895 5593 1028 5660 eam
1059 5593 1128 5662 'ad
1151 5593 1497 5673 omnifotsm
1527 5611 1603 5668 δέ.

562 5673 677 5758 (ὕξ)
706 5672 780 5758 ita
815 5676 974 5758 codd.
1008 5676 1209 5758 ῐξςςῑιιε
1241 5672 1683 5758 etBasileensis,
1731 5695 1784 5739 at
1831 5685 2070 5758 Spencc-

490 5759 606 5824 Lus,
712 5744 870 5824 λόγος
906 5744 1240 5824 ἁρμόζοντα,
1269 5766 1376 5824 non
1440 5753 1612 5824 male;
1671 5744 1908 5824 pessime
1940 5773 2069 5815 vero

487 5811 832 5892 "Urebant?
858 5817 909 5870 ίιι
942 5811 1122 5892 tam.
1152 5819 1287 5884 ὅλως
1319 5811 1649 5892 ἁρμόζοντα.

560 5885 673 5957 (5.5)
705 5885 857 5942 Libb.
895 5887 1024 5944 editi
1056 5889 1124 5946 ad
1152 5904 1325 5960 oram,
1355 5885 1687 5964 συγχύσεως.

1628 5243 1656 5324 ξι
1685 5241 1843 5324 ῌῑρε.
1869 5258 2023 5324 χχιι,Δ
2051 5241 2376 5324 18,__i‘._i,n‘20.
2480 5241 2554 5324 A’:
2579 5241 2747 5324 [ξμς

1207 5311 1250 5342 ¹³
1292 5313 1425 5367 Ibid.
1451 5312 1542 5368 2|.
1622 5312 1665 5344 “
1692 5313 1848 5369 Joau.
1878 5331 1931 5379 ν,
1961 5316 2051 5373 39.
2132 5319 2178 5350 ¹³
2205 5313 2370 5369 lCor.
2404 5328 2445 5376 ι,
2480 5311 2570 5374 27,
2595 5309 2685 5364 ‘28.

1214 5413 1314 5468 γω.
1341 5399 1420 5454 Ita
1465 5401 1662 5455 habent
1687 5403 1842 5456 codd.
1874 5402 2073 5470 Regius

2166 4641 2228 4694 τὸ
2263 4641 2486 4712 βέλτιον·
2521 4640 2693 4703 οὕτως
2721 4634 2801 4704 οἷς
2833 4639 3119 4709 ὠνόμασεν
3153 4639 3182 4691 ὁ
3223 4637 3380 4706 λόγος
3423 4637 3597 4707 μωροῖς
3621 4626 3693 4683 τθῧ

2169 4736 2377 4806 κόσμου
2421 4734 2514 4787 καὶ
2551 4733 2803 4800 ἀγεννέσι
2834 4732 2924 4785 καὶ
2954 4730 3422 4801 ἐξουδενωμένοις,
3452 4733 3484 4801 ή
3521 4727 3696 4799 πρόχει-

2173 4844 2266 4900 ρος
2295 4825 2527 4897 ἁρμόζει
2561 4841 2628 4876 πε
2637 4825 2691 4895 pi
2715 4823 2825 4878 τῶν
2850 4823 3123 4878 κολάσεων
3148 4824 3366 4895 ἐκδοχὴ,
3392 4824 3449 4875 ού
3480 4815 3698 4892 χωροῦσιν

2170 4919 2394 4992 ἄλληνῆ
2424 4919 2521 4991 τὴν
2553 4917 2642 4972 διὰ
2663 4917 2828 4987 φόϐου
2866 4918 2956 4970 κα)⁸
2986 4917 3291 4986 φαντασίας
3328 4917 3433 4970 τῶν
3472 4912 3698 4966 κολάσεων

2170 5015 2524 5084 ἐπιστροφὴν,
2565 5011 2657 5064 καὶ
2691 5009 2800 5063 τῶν
2831 5008 3038 5062 πολλῶν
3079 5009 3268 5062 κακῶν
3302 5007 3516 5078 ἀποχήν.
3560 5003 3607 5054 '0
3632 4995 3700 5049 λό-

2168 5124 2265 5176 γος
2294 5103 2388 5161 οὖν
2430 5106 2622 5178 μόνους
2669 5105 2765 5176 μὲν
2813 5101 3108 5173 ἀγεύστους
3152 5101 3247 5155 τοῦ
3291 5100 3453 5172 πυρὸς
3494 5093 3576 5150 καὶ
3613 5088 3700 5143 τῶν

2511 5237 2906 5303 ¹⁰1ςτιί.,χι.νιι,
2933 5235 3020 5303 14,
3055 5236 3146 5292 15.
3275 5235 3316 5268 ¹¹
3342 5233 3440 5290 lsa.
3470 5242 3627 5288 xm",
3651 5221 3698 5274 9.

2245 5402 2360 5476 (55)
2403 5399 2607 5476 ςὶοιίιι.Δ
2636 5398 2874 5476 Regius,
2930 5397 3258 5476 Basiieensis
3300 5407 3358 5454 et
3395 5385 3700 5476 duo-A‘ngli-

2172 5462 2318 5534 cani.
2341 5462 2910 5538 ἀίνίξασθαιζιιίὺί).
2964 5473 3212 5542 impressi
3246 5471 3300 5526 in
3333 5478 3471 5526 textu
3514 5462 3699 5520 habent:

2169 5543 2527 5608 ἐνδείξασθαι.

2241 5603 2355 5685 (56)
2385 5614 2544 5669 Libb.
2577 5613 2832 5683 impressi
2867 5614 2932 5670 ad
2956 5629 3131 5685 oram,
3159 5612 3403 5668 τοιαῦτα.
3431 5603 3702 5685 Paulopoti}

2174 5673 2513 5756 "(iaschelitts
2541 5685 2594 5756 in
2624 5673 2796 5748 textu,
2852 5673 3282 5756 ἐξουδενώμενα,
3321 5693 3375 5737 ct
3407 5693 3540 5741 mox,

2167 5757 2257 5812 διὰ
2294 5755 2396 5838 τῆς
2433 5754 2684 5838 μωρίας,
2707 5748 2918 5838 sicque
2936 5748 3138 5838 magna
3170 5770 3312 5837 pars.
3346 5748 3695 5812 manuscripio-

2167 5842 2309 5884 rum.
2343 5821 2484 5894 Quid
2519 5821 2563 5881 si
2583 5826 2812 5894 legatur,
2830 5821 2910 5890 οἷς
2930 5825 3018 5879 διὰ
3040 5821 3140 5895 τῆς
3171 5821 3394 5895 μωρίας.

2244 5895 2354 5970 (57)
2383 5896 2544 5954 Libb.
2581 5898 2711 5954 editi
2746 5897 2800 5952 in
2833 5897 3096 5966 margine,
3125 5895 3492 5968 ἁμαρτήμασι.
