3840 6412
185 360 304 416 ηυξ,
726 388 729 391 η
1308 353 1590 411 CONTRA
1623 352 1899 410 caesum
1934 352 2065 407 LIB.
2107 351 2171 407 v.
3256 358 3395 418 προς

182 467 420 527 κολάσεών
467 484 598 539 φησι
640 468 929 538 διαμενεῖν,
959 468 1085 534 τοὺς
1123 468 1193 522 τὰ
1229 469 1474 541 δόγματα
1516 469 1611 523 καὶ
1653 485 1698 521 τι

1881 468 2284 534 mservaverint,
2338 481 2431 524 eos
2481 467 2548 523 ab
2601 470 2723 542 igne
2775 472 3065 544 poenisque
3130 476 3397 534 immunes

179 562 270 634 ἢθη
296 560 380 613 καὶ
420 558 481 612 τὸ
514 558 832 630 ἡγεμονικὸν
872 559 1057 630 ἄκρως
1098 559 1561 632 κεκαθαρμένουςο
1596 559 1690 613 τοὺ

1884 575 1971 627 re;
2001 562 2192 619 horum
2220 576 2353 620 vero
2378 562 2691 631 dissimiles,
2720 577 2776 622 et
2814 566 2867 622 in
2896 581 3027 636 quos
3061 568 3199 641 ignis
3231 574 3396 629 casti-

178 653 227 707 δὲ
263 650 326 722 μὴ
350 647 619 712 τοιούτους
661 648 801 702 κατά
825 648 922 721 τὴν
955 648 1111 715 ἀξίαν
1148 650 1449 721 χρῄζοντας
1489 648 1591 721 τῆς
1633 649 1694 703 δις

1882 652 2037 707 itione
2060 668 2158 724 pro
2188 656 2402 713 meritis
2433 657 2799 728 dispensanda
2858 661 3213 720 animadverti
3262 680 3398 735 opus

177 744 325 816 πυρὸς
352 742 621 807 κολάσεως
659 742 967 814 οἰκονομίας
1012 742 1070 797 ἐν
1109 742 1321 805 τούτοις
1367 742 1461 795 ἐπί
1492 759 1598 795 τινι
1640 743 1693 796 τέ

1879 749 1951 815 ιῖι,
1986 762 2082 805 eos
2133 750 2310 821 poenis
2372 759 2524 807 certo
2576 753 2810 823 quodam
2863 757 3097 813 consilio
3141 756 3395 816 affectum

174 840 245 893 λει
279 835 379 910 (58)
426 836 590 907 φησὶν
626 836 829 901 ἐσεθαι,
872 836 901 890 ὃ
942 836 1020 909 τῷ
1059 836 1178 908 Θεῷ
1210 836 1440 909 ἁρμόζει
1492 836 1688 904 ἐπάγει

1880 851 1889 906 I
1921 863 2056 922 quas
2081 849 2249 908 Deum
2273 853 2431 909 decet
2458 852 2524 909 iis
2554 853 2820 925 inﬂigere,
2850 856 2940 926 qui
2964 857 3029 912 ad
3060 857 3229 927 ipsius
3260 858 3396 915 ima'

173 933 270 995 τοῖς
295 929 407 986 me?
436 929 620 985 εἰκόνα
654 929 817 985 αὐτοῦ
864 928 1273 1001 πεποιημένοις,
1318 928 1413 983 καὶ
1466 926 1620 1001 παρὰ
1658 945 1687 980 τ

1856 951 1989 991 mem
2019 938 2142 992 facti
2174 949 2335 994 vitam
2376 942 2729 1000 traduxerunt
2752 925 2959 1003 naturae
2988 947 3055 1004 ad
3080 925 3372 1022 imaginem

178 1023 395 1095 βούλημα
436 1022 536 1093 τῆς
578 1021 697 1076 κατ’
750 1020 937 1076 εἰκόνα
986 1022 1202 1091 φύσεως
1254 1020 1562 1093 βεϐιωκόσι.
1609 1021 1694 1075 Κα

1857 1033 2001 1079 -εειιεε
2029 1024 2250 1081 minime
2276 1039 2715 1088 consentaneam.
2749 1033 2921 1105 Atque
2962 1037 3078 1094 ltree
3117 1019 3373 1098 adversus

174 1115 326 1173 ταῦτα
364 1116 417 1171 δέ
467 1115 602 1189 πρὸς
640 1116 727 1183 τὸ,
764 1134 783 1168 ι
832 1116 907 1170 To
955 1114 1054 1187 μὲν
1090 1114 1220 1169 ἄλλο
1266 1114 1377 1169 πᾶν
1412 1111 1689 1185 ὲξοπτηθή

1856 1114 1939 1170 iud
1984 1114 2169 1173 Celsi:
2206 1136 2226 1172 ι
2257 1118 2463 1175 Caetera
2509 1122 2727 1192 quidem
2767 1132 2966 1182 tostum
3001 1126 3095 1197 iri,
3140 1143 3201 1186 se
3243 1146 3372 1193 vero

175 1206 337 1261 σεσθαι
365 1206 534 1276 γένος,
558 1206 753 1273 αὐτοὺς
776 1206 833 1262 δὲ
861 1206 1054 1279 μόνους
1083 1204 1374 1276 διαμενεῖν.
1411 1221 1431 1257 3

1135 1206 1374 1276 αμενεῖν.
1411 1221 1431 1257 3
1810 1207 1953 1263 solos
1989 1222 2246 1266 evasuros
2278 1211 2594 1269 incolumes.
2629 1233 2648 1268 3

232 1297 350 1353 Εἶτα
390 1298 596 1364 τούτοις
634 1298 781 1367 ἑξῆς,
833 1296 1187 1371 παρακούσας
1225 1298 1348 1369 ἦτοι
1392 1296 1503 1352 τῶν
1556 1294 1720 1370 ἱερῶν

1893 1298 1983 1354 17.
2010 1300 2165 1366 Quod
2196 1312 2380 1371 postea
2416 1303 2572 1357 nobis
2625 1304 2766 1359 hane
2820 1306 3141 1363 sententiam
3184 1308 3394 1376 tribuit,

170 1389 481 1463 γραμμάτων
519 1389 554 1461 ῆ
600 1388 710 1445 τῶν
746 1388 821 1461 μὴ
858 1389 1192 1460 νενοηκότων
1244 1387 1315 1443 τὰ
1367 1388 1491 1461 ἱερά
1532 1389 1686 1460 γράμ

1879 1405 1931 1447 to
1964 1398 2205 1460 tempore
2234 1392 2463 1448 mundus
2517 1395 2640 1462 igne
2687 1397 3028 1468 purgabitur,
3064 1417 3083 1451 ι
3120 1414 3218 1455 nos
3249 1401 3395 1454 solos

173 1499 317 1554 ματα,
344 1482 541 1553 φησὶν,
596 1500 616 1534 ι
667 1480 756 1552 ὑφ’
798 1480 957 1554 ἡμῶν
989 1481 1242 1551 λέγεσθαι
1292 1479 1486 1553 μόνους
1522 1480 1685 1552 διαμε

1884 1480 2124 1538 columes
2151 1496 2567 1553 permansuros,
2595 1502 2694 1541 nec
2728 1490 2902 1543 solum
2933 1503 3029 1547 eos
3060 1492 3148 1561 qui
3185 1492 3237 1546 in
3262 1492 3397 1548 vivis

170 1591 267 1627 vsw
291 1573 418 1628 κατά
439 1572 529 1628 τὸν
554 1574 747 1646 καιρὸν
780 1573 877 1629 τοῦ
915 1571 1360 1645 ἐπαχθησομένου
1406 1570 1486 1643 τῷ
1527 1571 1686 1644 κόσμι

1874 1579 1999 1639 ὐηῐ,
2028 1572 2124 1629 sed
2152 1574 2318 1628 etiam
2350 1576 2439 1645 qui
2460 1575 2785 1644 jampridem
2816 1577 3056 1636 defuncti
3094 1579 3330 1645 fuerint;
3370 1599 3390 1634 3

168 1664 244 1718 διά
279 1665 432 1737 πυρὸς
468 1664 795 1737 καθαρσίου,
845 1664 906 1719 οὐ
956 1664 1116 1736 μόνον
1146 1665 1273 1729 τοὺς
1321 1661 1530 1729 ζῶντας
1558 1662 1681 1716 τότε

1878 1674 2037 1722 »οι-ιρι
2065 1676 2158 1723 aut
2179 1666 2319 1723 male
2343 1684 2530 1725 sacras
2558 1669 2771 1727 litteras
2820 1672 3173 1740 intellexerit,
3202 1685 3293 1729 aut
3318 1675 3394 1729 is-

312 1756 398 1813 καὶ
436 1756 564 1823 τοὺς
599 1756 768 1812 πάλαι
805 1756 939 1810 ποτὲ
976 1754 1365 1821 ἀποθανόντας.
1411 1774 1428 1807 3
1462 1755 1561 1825 οὐχ
1586 1754 1684 1809 ὑπο

1883 1758 1915 1813 d
1940 1772 1969 1812 a
1997 1770 2107 1813 non
2139 1756 2573 1828 intelligentibus
2624 1759 2884 1816 audierit.
2918 1760 3037 1816 Non
3097 1761 3241 1816 enim
3283 1762 3398 1816 aui-

169 1848 324 1903 λαὸὼν
364 1811 496 1921 μετά
538 1811 683 1914 τινος
726 1848 1039 1921 ἀπορρήτου
1076 1846 1187 1919 (59)
1231 1811 1425 1919 σοφίας
1463 1811 1685 1917 λελέχθαι

1882 1849 2120 1906 advertit
2164 1863 2366 1905 arcana
2406 1852 2643 1920 quadam
2715 1852 2983 1920 sapientia
3055 1853 3256 1909 dictum
3329 1854 3396 1907 ab

168 1940 300 2013 παρὰ
345 1942 419 2012 τῷ
473 1940 779 2012 ’Δποστόλῳ
817 1939 913 1994 τοῦ
973 1938 1150 2011 Ἰησοῦ
1188 1939 1271 2005 τό,
1323 1957 1342 1991 ι
1393 1938 1469 1994 Ob
1514 1936 1682 1993 πάντε

1882 1942 2069 1999 ιοειοιο
2114 1940 2244 1998 Jcsu
2299 1939 2525 1998 fuisse:
2576 1960 2593 1994 ι
2634 1940 2751 1997 Non
2803 1957 2995 1998 omnes
3046 1943 3398 2011 dormiemus,

169 2032 604 2104 κοιμηθησόμεθα,
641 2032 843 2097 πάντες
873 2031 931 2086 δὲ
963 2031 1381 2105 ἀλλαγησόμεθα
1413 2032 1473 2085 ἐν
1504 2031 1685 2105 ἀτόμῳ

1882 2050 2014 2093 nnes
2045 2044 2225 2092 autem
2264 2036 2698 2101 immutabitnur,
2752 2035 2806 2092 in
2846 2043 3140 2103 momento,
3176 2037 3230 2091 in
3287 2036 3398 2091 ictu

166 2125 216 2178 ἐν
245 2126 365 2197 ῥιπῇ
402 2125 700 2196 ὀφθαλμοῦ,
736 2126 795 2181 ἐν
830 2127 895 2197 τῇ
922 2124 1126 2197 ἐσχάτῃ
1176 2124 1435 2195 σάλπιγγι
1464 2124 1682 2179 σαλπίσε

1885 2129 1990 2197 ;uli,
2021 2131 2075 2187 in
2098 2131 2396 2187 novissima
2430 2129 2596 2196 tuba;
2629 2139 2789 2184 canet
2830 2129 2976 2185 enim
3025 2128 3151 2184 tuba
3177 2136 3231 2184 et
3258 2144 3401 2185 mor-

166 2214 278 2289 γὰρ,
307 2215 393 2269 καὶ
412 2217 458 2269 οί
493 2216 678 2288 νεκροὶ
703 2215 1087 2288 ἐγερθήσονται
1116 2214 1404 2286 ἄφθαρτοι,
1433 2212 1530 2268 καὶ
1553 2215 1682 2287 ἡμεϊ

1878 2222 1901 2277 ίί
1938 2232 2232 2292 resurgent
2262 2220 2586 2292 incorrupti,
2620 2230 2673 2275 et
2701 2235 2800 2276 nos
2847 2219 3256 2277 imtnutabimur
3282 2220 3346 2276 '5.
3375 2237 3394 2273 3

166 2306 566 2379 ἀλλαγησόμεθα.
614 2326 643 2360 ~3
712 2308 910 2380 Ἐχρῆν
959 2307 1005 2362 δ’
1066 2307 1231 2361 αὐτὸν
1282 2306 1611 2379 ἐπιστῆσαι,
1662 2322 1682 2359 1

1887 2317 1981 2370 :lre
2006 2323 2185 2371 tamen
2220 2313 2372 2369 illum
2428 2311 2671 2383 Oportuit
2722 2312 2851 2382 quid
2908 2312 2961 2367 in
3017 2311 3202 2368 animo
3238 2312 3403 2368 babe-

168 2400 338 2471 νοήσας
369 2399 396 2452 ό
416 2398 587 2467 λέγων
617 2398 806 2465 ταῦτα,
845 2398 920 2464 ὡς
955 2398 1205 2471 οὐδαμῶς
1236 2399 1426 2472 νεκρὸς
1466 2398 1543 2453 ὣν
1580 2396 1684 2468 (60]

1888 2405 1983 2461 tis
2002 2406 2093 2475 qui
2121 2404 2201 2460 sic
2229 2404 2470 2476 loquitur
2521 2401 2579 2459 itt
2607 2402 2722 2473 ipse
2750 2418 2855 2458 non
2892 2413 3171 2467 mortuus;
3215 2404 3307 2474 qui
3342 2418 3403 2460 se

167 2492 378 2564 χωρίσας
398 2494 586 2549 ἑαυτὸν
618 2494 713 2549 ἀπ’
748 2493 995 2557 ἐκείνων,
1024 2492 1267 2557 καὶτοὺς
1302 2490 1683 2564 παραπλησίου

1889 2496 2017 2567 ique
2043 2496 2248 2553 similes
2269 2512 2299 2551 a
2332 2496 2560 2552 mortuis
2593 2506 2869 2566 segregat;
2913 2495 3029 2565 qui,
3062 2494 3226 2566 590
3246 2504 3400 2565 post-

167 2584 337 2657 ἑαυτῷ,
360 2585 508 2655 ἐλεγε
540 2586 681 2658 μετά
711 2586 801 2655 τὸ,
830 2603 849 2638 ι
891 2587 1000 2640 Καὶ
1030 2586 1078 2638 οἱ
1112 2584 1296 2655 νεκροὶ
1327 2584 1683 2657 ἐγερθήσοντο

1879 2603 1984 2642 iam
2031 2587 2194 2654 dixit,
2240 2606 2259 2639 ‹
2309 2596 2365 2643 et
2409 2589 2606 2643 mortui
2668 2595 2959 2656 resurgent
3004 2585 3336 2657 incorrupti,
3376 2606 3395 2640 3

168 2678 419 2750 ἄφθαρτοι,
470 2679 566 2733 καὶ
625 2680 788 2750 ἡμεῖς
835 2677 1270 2749 ἀλλαγησόμεθα,
1329 2698 1347 2729 ι
1391 2678 1486 2741 El;
1528 2677 1585 2730 δὲ
1630 2676 1684 2747 βε

1886 2679 1993 2746 ldit,
2030 2697 2049 2732 ι
2091 2687 2145 2735 et
2169 2694 2268 2734 nos
2313 2677 2743 2735 immutabimur.
2783 2696 2802 2733 3
2834 2677 3015 2749 Atque
3058 2679 3203 2735 hunc
3244 2678 3402 2734 intel-

167 2767 365 2823 ϐαίωσιν
384 2768 477 2823 τοῦ
508 2768 734 2823 τοιαῦτά
764 2786 886 2824 τινα
933 2768 1223 2840 νενοηκότα
1257 2768 1350 2821 τὸν
1392 2765 1683 2821 Ἀπόστολο

1884 2779 2021 2826 etum
2056 2786 2242 2827 eorum
2280 2784 2425 2837 esse,
2469 2785 2590 2842 quae
2636 2785 2702 2828 ex
2760 2770 2944 2842 priore
2966 2769 3032 2826 ad
3083 2769 3400 2827 Corinthios

169 2860 471 2931 γεγραφέναι
501 2861 539 2917 ἃ.
591 2860 910 2934 παρεθέμην
956 2861 1022 2915 ἐκ
1072 2860 1174 2931 τῆς
1214 2861 1350 2933 πρὸς
1398 2859 1684 2933 Κορινθίου

1886 2861 2063 2917 )istola
2087 2860 2788 2932 protulimus,contirmant
2834 2875 2898 2916 ea
2948 2875 3071 2931 quae
3116 2861 3172 2916 in
3219 2860 3402 2930 priore

169 2952 429 3024 προτέρας,
463 2953 859 3025 παραθήσομαι
893 2951 989 3005 καί¹
1018 2950 1089 3006 τά
1115 2951 1182 3005 ἐκ
1205 2950 1307 3021 τῆς
1337 2951 1473 3023 πρὸς
1511 2950 1685 3005 Θεσσα

1885 2955 1893 3009 l
1920 2952 2435 3011 Tltessalonicenses
2468 2953 2761 3009 habentur.
2803 2952 2857 3008 ln
2886 2952 2989 3009 hac
3029 2953 3172 3010 enim
3201 2951 3401 3008 Paulus

168 3043 366 3110 λονικεῖς
404 3044 696 3119 προτέρας,
736 3044 794 3099 ἐν
842 3040 877 3119 ᾖ
922 3062 1086 3118 φησιν
1121 3045 1149 3097 ὁ
1190 3042 1419 3110 Παῦλος,
1468 3044 1546 3108 ὡς
1585 3043 1684 3109 ζῶν

1884 3046 2068 3101 vivus
2101 3054 2157 3102 et
2180 3044 2411 3115 vigilans
2452 3055 2506 3103 et
2539 3049 2763 3102 omnino
2810 3061 2839 3100 a
2876 3048 3105 3102 mortuis
3150 3046 3400 3101 diversus

170 3138 247 3190 καὶ
293 3136 624 3209 ἐγρηγορὼς,
672 3139 768 3193 καὶ
810 3137 999 3209 ἕτερος
1042 3136 1117 3191 ὢν
1164 3136 1274 3189 τῶν
1323 3135 1686 3207 κοιμηθέντων

1884 3147 1901 3192 ι
1922 3151 1939 3191 :
1966 3154 1985 3190 ‹
2014 3135 2127 3192 Hoc
2152 3136 2293 3192 enim
2312 3134 2465 3192 vobis
2488 3133 2719 3191 dicimus
2745 3136 2797 3191 in
2818 3135 2985 3192 verbo
3013 3134 3252 3201 Domini,
3274 3137 3400 3206 quia

169 3228 378 3283 τοιαῦταυ
416 3246 435 3282 ι
462 3228 637 3283 Τοῦτο
676 3227 785 3301 γὰρ
812 3228 942 3299 ὑμῖν
977 3226 1209 3298 λέγομεν
1240 3227 1298 3280 ἐν
1328 3226 1470 3298 λόγῳ
1491 3228 1685 3298 Κυρίοι

1884 3245 1928 3286 »ε
1960 3231 2053 3300 qui
2082 3228 2338 3296 vivimus,
2388 3229 2481 3300 qui
2541 3227 2742 3285 residui
2778 3243 2967 3285 sumus
3005 3228 3061 3285 in
3107 3229 3400 3284 adventum

168 3319 235 3374 ὅτι
258 3323 427 3393 ἡμεῖς,
456 3322 507 3376 οί
539 3322 764 3400 ζῶντες,
803 3321 855 3376 οί
892 3320 1335 3395 περιλειπόμενοι
1368 3322 1446 3383 εἰς
1476 3320 1575 3392 τὴν
1613 3337 1684 3372 πα

1880 3322 2064 3391 omini,
2110 3337 2216 3379 non
2270 3321 2665 3392 praeveniemus
2728 3334 2826 3378 eos
2884 3322 2977 3392 qui
3036 3320 3396 3377 dormierunt.

172 3415 361 3481 ρουσίαν
408 3413 505 3470 τοῦ
558 3415 789 3486 Κυρίου,
823 3413 884 3468 οὐ
920 3414 996 3486 μὴ
1042 3412 1338 3484 φθάσωμεν
1370 3414 1497 3476 τοὺς
1528 3430 1688 3483 κοιμη

1884 3416 2093 3473 ueniam
2122 3415 2239 3486 ipse
2279 3413 2542 3469 Dominus
2588 3414 2642 3469 in
2674 3412 2852 3485 jussu,
2898 3412 2952 3468 in
2983 3426 3115 3470 voce
3163 3412 3400 3469 archan-

170 3506 350 3573 θέντας
375 3509 456 3564 ὅτι
485 3507 649 3571 αὐτὸς
681 3508 709 3562 ὁ
742 3507 944 3579 Κύριος
978 3508 1036 3560 ἐν
1079 3506 1430 3577 κελεύσματι,
1470 3506 1530 3558 ἐν
1569 3523 1683 3576 (ρων

1886 3510 1951 3577 ili,
1983 3518 2041 3565 et
2070 3510 2124 3565 in
2155 3510 2287 3565 tuba
2311 3506 2406 3564 Dei
2432 3506 2733 3564 descendet
2764 3508 2830 3563 de
2860 3508 3003 3563 creto
3035 3509 3099 3564 ¹⁷.
3144 3526 3163 3559 3
3197 3508 3402 3564 Deinde

168 3598 500 3670 ἀρχαγγέλου,
531 3600 627 3655 καὶ
664 3600 723 3653 ἐν
750 3599 1011 3668 σάλπιγγι
1050 3597 1186 3652 Θεοῦ
1220 3599 1589 3671 καταϐήσεται
1624 3600 1684 3653 ἀπ

1887 3617 1952 3657 un
1979 3600 2165 3665 sciret,
2188 3607 2388 3671 praeter
2408 3611 2469 3655 se
2495 3598 2689 3667 suique
2708 3596 2934 3664 similes,
2965 3597 3102 3653 alios
3124 3597 3238 3654 fore
3256 3612 3403 3655 mor-

169 3691 387 3763 ούρανοῦ.
427 3712 447 3746 3
480 3688 616 3746 Εἶτα
646 3692 809 3746 πάλιν
842 3691 970 3762 ἐξῆς
1020 3691 1250 3756 τούτοις,
1270 3691 1461 3755 ἄλλους
1490 3693 1685 3748 ἐπιστὰ

1892 3704 1953 3746 os
2000 3688 2055 3745 in
2107 3688 2369 3757 Christo,
2449 3686 2779 3758 subiungit:
2848 3705 2868 3739 ι
2937 3686 3132 3743 Morlui
3201 3688 3294 3760 qui
3348 3688 3403 3744 in

171 3800 306 3853 μενος
330 3787 451 3849 τοὺς
480 3785 539 3840 ἐν
564 3784 788 3856 Χριστῷ
818 3784 1043 3856 νεκροὺς
1073 3784 1204 3855 παρ’
1246 3785 1436 3839 ἑαυτὸν
1467 3785 1560 3839 καὶ
1594 3787 1687 3840 τοῦ

1886 3783 2047 3839 uristo
2067 3790 2218 3846 sunt,
2254 3788 2540 3849 resurgent
2574 3778 2772 3849 primi;
2803 3778 3002 3836 deinde
3036 3794 3136 3835 nos
3178 3780 3270 3849 qui
3323 3780 3402 3834 vi-

170 3874 552 3948 παραπλησίους
581 3874 751 3947 αὐτῷ,
784 3875 1035 3947 ἐπιφέρει
1065 3875 1257 3944 λέγων·
1294 3894 1311 3927 ι
1353 3877 1417 3929 Oi
1450 3877 1633 3947 νεκροὶ
1662 3878 1686 3930 ἐ

1889 3890 2032 3943 mus,
2076 3876 2168 3946 qui
2206 3872 2588 3944 relinquimur,
2629 3871 2795 3928 simul
2831 3873 3107 3944 rapietnur
3141 3889 3263 3931 cum
3300 3872 3405 3929 illis

171 3963 361 4038 Χριστῷ
395 3967 794 4039 ἀναστήσονται
817 3966 1054 4037 πρῶτονο
1090 3965 1281 4020 ἔπειτα
1322 3968 1482 4037 ἡμεῖς
1507 3970 1557 4022 0i
1584 3969 1687 4034 ζῶν

1463 3970 1557 4032 ςοῐ
1584 3969 1721 4034 ζῶν·
1830 3970 1884 4026 in
1915 3969 2148 4024 nubibus
2179 3965 2396 4022 obviam
2430 3960 2651 4021 Christo
2688 3966 2741 4020 in
2769 3979 2920 4021 aera.
2960 3983 2979 4019 3

171 4072 265 4123 τες,
316 4059 363 4113 οί
427 4057 891 4132 περιλειπόμενοι,
954 4059 1071 4130 ἅμα
1135 4060 1232 4113 σῦν
1289 4059 1473 4122 αὐτοῖς
1547 4062 1979 4135 ἁρπαγησόμεθα
2028 4062 2086 4115 ἐν
2134 4059 2384 4129 νεφέλαις
2439 4059 2520 4122 εἰς
2576 4057 2878 4128 ἀπάντησιν
2931 4057 3023 4109 τοῦ
3074 4057 3283 4129 Κυρίου
3324 4056 3405 4122 είς

171 4152 302 4225 ἀέρα.
338 4174 355 4207 3

238 4248 377 4304 Ἐπεὶ
409 4250 454 4304 δ’
487 4250 583 4305 ἐπὶ
626 4248 790 4303 πλέον
837 4248 1206 4322 κεκωμῴδηκε
1246 4249 1346 4320 τὴν
1381 4250 1725 4321 κεκηρυγμέ-

1908 4248 1997 4305 18.
2027 4243 2159 4301 Cum
2206 4235 2390 4298 autem
2413 4240 2573 4313 plura
2607 4239 2809 4295 fuerint
2833 4239 2901 4295 ab
2932 4252 2999 4295 eo
3023 4238 3165 4294 dicta
3202 4238 3405 4294 scurri-

172 4356 253 4411 νην
279 4341 367 4412 μὲν
397 4343 495 4414 τῆς
524 4342 729 4414 σαρκὸς
773 4342 1067 4397 ἀνάστασιν
1100 4343 1157 4395 ἐν
1192 4342 1310 4405 ταῖς
1354 4340 1688 4412 Ἐκκλησίαις

1886 4355 1956 4395 .er
1977 4339 2239 4394 adversus
2260 4334 2441 4392 carnis
2474 4331 2964 4400 resurrectionem,
2996 4344 3117 4401 quae
3136 4330 3191 4387 in
3210 4329 3402 4387 Eccle-

172 4431 261 4485 ὑπὸ
288 4432 338 4487 δὲ
360 4433 465 4489 τῶν
488 4433 870 4505 συνετωτέρων
898 4434 1221 4505 τρανότερον
1253 4431 1602 4504 νενοημένην,
1629 4450 1688 4486 κο

1892 4433 1928 4488 is
1960 4428 2281 4501 praedicata,
2321 4424 2632 4481 distinetius
2665 4438 2695 4478 a
2732 4421 3175 4495 prudentioribus
3232 4422 3408 4494 perci-

176 4525 225 4575 οὖ
244 4524 336 4596 χρὴ
361 4521 514 4592 αὖθις
543 4524 854 4581 ἐκτίθεσθαι
877 4528 976 4597 τὴν
998 4526 1142 4590 λέξιν
1173 4524 1340 4579 αὑτοῦ
1374 4523 1521 4591 ἅπαξ
1545 4543 1692 4598 προει

1892 4533 2005 4589 tur;
2038 4534 2139 4576 nec
2170 4531 2393 4573 necesse
2423 4517 2494 4571 sit
2519 4516 2750 4571 adducta
2789 4514 3044 4583 superius
3084 4513 3202 4583 ejus
3240 4514 3402 4569 verba

177 4617 404 4689 ρημὲνηψ
444 4619 601 4691 φέρε,
651 4619 746 4671 καὶ
790 4618 917 4690 περὶ
949 4616 1047 4672 τοῦ
1079 4617 1465 4691 προϐλήματος
1504 4617 1693 4670 τούτου

1899 4626 2019 4669 rsus
2048 4611 2139 4665 hic
2165 4608 2519 4676 exscribere;
2556 4621 2679 4676 age,
2730 4618 2830 4676 pro
2873 4602 3082 4660 viribus
3127 4614 3183 4660 et
3220 4604 3405 4659 habita

172 4705 233 4769 ὡς
258 4708 310 4761 ἐν
334 4712 397 4781 τῇ
426 4711 564 4783 πρὸς
590 4706 875 4785 ἀλλότριον
906 4710 1007 4780 τῆς
1033 4709 1269 4773 πίστεως
1298 4709 1569 4780 ἀπολογία
1597 4725 1688 4780 γρι

1894 4704 2090 4775 jusque
2111 4699 2331 4757 lectoris
2366 4700 2607 4763 ratione;
2653 4694 2989 4752 disseramus
3034 4696 3101 4752 de
3153 4696 3258 4752 isto
3289 4710 3409 4766 pro-

174 4798 372 4872 ςομένῃ,
392 4801 481 4856 διά
510 4803 640 4866 τοὺς
667 4801 747 4854 ἔτι
785 4818 802 4852 t
837 4801 1083 4872 νηπίους,
1106 4800 1199 4855 καὶ
1218 4800 1690 4871 κλυδωνιζομένους

1893 4803 2091 4862 emate,
2113 4800 2379 4864 quantum
2419 4805 2561 4862 opus
2597 4797 2683 4846 est
2714 4790 2770 4847 in
2798 4788 3046 4862 apologia
3085 4798 3275 4846 contra
3310 4790 3409 4845 lto-

174 4890 251 4942 καί
275 4892 731 4966 περιφερομένους
756 4893 921 4948 παντὶ
950 4892 1137 4964 ἀνέμῳ
1169 4892 1541 4957 διδασκαλίας,
1572 4892 1629 4945 ἐν
1660 4910 1690 4945 τ

1890 4891 2033 4944 inem
2085 4902 2115 4941 a
2169 4884 2274 4942 fide
2339 4882 2573 4939 alienum
2628 4882 2831 4953 scripta
2879 4891 3105 4955 propter
3163 4898 3259 4940 eos
3310 4885 3406 4955 qui

175 4981 343 5055 κυϐείᾳ
365 4984 470 5039 τῶν
494 4985 822 5058 ἀνθρώπων,
857 4986 915 5038 ἐν
953 4984 1260 5057 πανουργίᾳ
1302 4984 1412 5055 (61)
1456 4982 1594 5055 πρὸς
1633 4983 1691 5054 τὴ

1893 4982 2012 5036 ihue
2072 4995 2092 5033 ι
2144 4973 2355 5049 parvuli
2408 4982 2463 5031 et
2517 4974 2888 5040 ﬂuctuantes,
2942 4972 3409 5031 circumferuntur

178 5072 393 5140 μεθοδίαν
430 5077 530 5147 τῆς
582 5076 826 5148 πλάνης,
890 5094 910 5129 3
961 5076 1117 5145 όλίγα
1165 5074 1578 5147 ἐστοχασμένως
1619 5074 1694 5128 τῶ

1895 5072 1983 5129 nni
2011 5080 2169 5128 vento
2194 5066 2459 5125 doctrina:
2491 5065 2544 5121 in
2575 5067 2819 5139 nequitia
2856 5066 3160 5132 hominum,
3189 5066 3243 5123 in
3268 5074 3411 5123 astu-

176 5165 564 5241 ἐντευξομένων,
597 5168 741 5223 κατά
764 5168 826 5223 τὸ
851 5168 1073 5224 δυνατὸν
1120 5170 1271 5239 ἡμῖν,
1306 5167 1593 5238 ἐκθὼμεθα
1631 5186 1692 5222 κα

1893 5179 1909 5218 1
1946 5162 2015 5218 ad
2063 5162 2585 5219 eireumventionem
2631 5160 2844 5216 erroris
2881 5158 2944 5216 ιθ.
2994 5177 3014 5212 3
3058 5158 3198 5229 Ergo
3231 5172 3409 5229 neque

177 5262 608 5332 παραστήσωμεν.
645 5257 783 5313 υῦτε
831 5258 931 5330 μὲν
977 5252 1073 5311 οὖν
1112 5259 1310 5329 ἡμεῖς,
1352 5255 1476 5311 οὕτε
1504 5256 1587 5331 τά,
1606 5255 1693 5311 θεῖ.

1893 5270 1957 5322 lS,
2007 5268 2184 5325 neque
2225 5254 2420 5310 divina:
2454 5252 2653 5308 littera:
2695 5251 2847 5307 aiunt
2878 5268 2899 5304 ι
2935 5264 3030 5308 eos
3081 5250 3173 5322 qui
3195 5250 3409 5321 jamdu-

176 5348 445 5422 γράμματα
502 5371 521 5405 ‹
561 5351 751 5415 αὐταῖς
791 5368 926 5421 φησι
964 5350 1142 5423 σαρξὶ,
1186 5366 1205 5402 3
1239 5348 1511 5421 μηδεμίαν
1559 5364 1692 5419 μετα

1893 5365 1961 5403 nn
2001 5349 2240 5405 obierint
2271 5357 2528 5414 mortem,
2557 5362 2589 5403 e
2619 5355 2764 5402 terra
2787 5360 3036 5417 egressos
3056 5344 3260 5407 eisdem
3285 5360 3409 5403 car-

235 5465 310 5521 “l
336 5467 461 5525 Cor.
493 5482 586 5535 xv,
614 5465 706 5532 51,
731 5465 821 5523 52.
926 5466 970 5499 ετ
1003 5463 1236 5521 lTbess.
1263 5478 1342 5531 tv,
1372 5463 1456 5530 14,
1487 5462 1575 5530 15,
1603 5460 1692 5533 16,
1722 5462 1749 5519 1

926 5466 970 5499 ετ
1003 5463 1236 5521 iness.
1263 5478 1342 5531 tv,
1372 5463 1456 5530 14,
1487 5462 1575 5530 15,
1603 5460 1692 5533 16,
1722 5462 1812 5519 17.
1907 5463 1952 5495 ¹⁸
1977 5462 2176 5533 Ephes.
2208 5477 2284 5530 tv,
2319 5461 2408 5517 14.

235 5583 506 5707 ξδηξξπι
536 5601 656 5642 τινι
687 5584 865 5640 τέλει.
894 5580 1033 5641 Vide
1046 5582 1428 5640 adnatationes
1450 5574 1519 5638 ad
1538 5580 1633 5637 lib.
1658 5593 1731 5649 tv,

1914 5581 2025 5707 (6%)
2063 5580 2264 5665 Yocula
2313 5580 2408 5664 ὢν,
2438 5596 2575 5662 ⁸(ωδε
2602 5588 2783 5638 exstat
2804 5580 2858 5637 in
2886 5580 3045 5641 codd.
3064 5579 3199 5653 Reg.
3224 5589 3280 5638 et
3306 5578 3408 5637 Ba-

1894 5652 1956 5707 i..
2025 5654 2327 5707 esrderatur
2356 5669 2407 5706 tn
2436 5668 2599 5707 tritor.
2782 5698 2785 5701 .

179 5652 424 5711 num.'10.
1563 5719 1573 5721 Α
1674 5719 1681 5721 ξ
1841 5652 1956 5718 sill,
1987 5652 2327 5708 desideratur
2356 5655 2407 5706 in
2436 5652 2599 5721 impr.
2782 5698 2785 5701 .
3158 5652 3166 5653 “
3312 5712 3329 5721 _

235 5724 335 5795 (59)
362 5725 515 5782 Libb.
547 5723 703 5790 editi,
746 5722 887 5794 μετά
928 5740 1076 5788 τινος
1114 5722 1369 5796 ἀπορίας,
1414 5722 1509 5796 sed
1562 5719 1725 5796 lectio

1909 5722 2022 5795 (61)
2064 5724 2165 5778 Ἐν
2193 5719 2546 5796 πανουργία.
2582 5722 2654 5796 71ι1
2686 5720 3116 5796 desideraturin
3157 5720 3409 5778 omnibus

178 5791 327 5861 quam
348 5796 626 5866 sequimur
652 5791 1016 5866 reperiturjn
1041 5797 1199 5866 codd.
1230 5791 1365 5866 Reg.
1399 5804 1451 5849 et
1482 5791 1646 5849 Basil.
1670 5799 1727 5848 et
1835 5791 2081 5862 mss.,'et
2107 5793 2379 5850 uncinulis
2411 5791 2709 5851 includitur
2736 5795 2793 5852 in
2825 5793 2954 5852 libb.
2990 5792 3168 5849 editis.

183 5862 466 5934 agnoscitur
496 5866 562 5922 ab
598 5862 897 5934 interprete
924 5862 1167 5921 Gelenio.
