3840 6412
512 304 647 379 ιοοτ
1917 303 2054 360 onn

2157 304 2239 361 ilS
3584 309 3683 367 1308

508 424 687 487 nibus,
723 442 743 476 ο
788 421 934 479 nulla
968 424 1025 478 in
1066 420 1258 478 melius
1292 421 1434 475 facta
1477 423 1800 487 mutatione,
1848 440 1866 473 1
1910 428 2051 477 victu

2185 422 2345 493 ϐολὴν
2391 423 2765 501 ἀνειληφυξαις
2798 422 2896 493 τὴν
2931 420 3022 474 ἐπὶ
3056 420 3118 473 τὸ
3159 420 3391 489 βέλτιον,
3427 438 3445 473 1
3485 420 3686 495 ζήσεσθαι

508 531 597 571 ros
619 529 761 571 esse.
802 534 823 569 ι
860 514 988 570 Haec
1016 528 1164 569 mera
1202 523 1288 568 est
1311 512 1456 567 Celsi
1494 513 1793 567 calumnia.
1818 514 2054 584 Legimus

2178 516 2303 577 τοὺς
2339 515 2502 569 πάλαι
2545 514 2932 575 ἀποθανόντας,
2973 513 3081 566 ἀπὸ
3112 514 3211 582 τῆς
3242 514 3344 583 γῆς
3375 514 3643 580 ἀναδύντας
3670 539 3683 572 ι

508 606 651 671 enim
696 607 748 662 in
792 604 1093 676 Scripturis
1146 604 1316 661 multa
1374 606 1443 661 de
1497 606 1923 673 resurrectione,
1978 623 2054 664 se1

2174 608 2202 658 ό
2228 604 2283 658 δὲ
2310 605 2513 669 Κέλσος
2542 605 2869 673 συκοφαντεῖ
2888 606 3055 675 ἡμᾶς,
3094 604 3266 657 ταῦτα
3295 604 3480 673 λέγων.
3521 607 3687 662 Ἀκούο-

509 699 620 759 Deo
644 699 826 768 digna.
858 697 1007 755 Satis
1035 712 1181 754 nunc
1211 694 1378 753 fuerit
1417 698 1546 755 illud
1589 699 1741 755 Pauli
1784 716 1853 755 ex
1891 703 2054 772 prior1

2177 714 2277 767 μεν
2298 695 2408 768 γὰρ
2438 698 2530 749 καὶ
2555 696 2764 749 πολλῶν
2789 696 3019 767 Γραφῶν
3053 696 3180 767 ’περὶ¹
3207 696 3539 762 ἀναστάσεως
3564 699 3688 765 ἀξίως

506 789 573 845 ad
609 789 961 846 Corinthios:
1006 806 1027 840 1
1065 787 1175 845 Sed
1218 790 1365 846 dicet
1418 790 1635 863 aliquis,
1682 795 1955 863 quomodo
1986 810 2054 850 re-

2173 787 2307 842 Θεοῦ
2334 788 2628 858 λεγουσῶν
2660 790 2823 859 ἀρκεῖ
2849 788 2893 841 δ’
2926 788 3017 841 ἐπὶ
3048 788 3144 841 τοῦ
3177 788 3439 860 παρόντος
3472 791 3559 862 τὴν
3584 795 3691 847 Παύ-

507 888 740 951 surguut
794 878 1033 934 mortui?
1081 878 1294 948 qualive
1334 893 1567 951 corpore
1623 883 1879 939 venient?
1928 883 2054 939 Insi-

2174 880 2266 934 λου
2304 879 2645 953 παραθέσθαι
2672 879 2780 933 ἀπὸ
2802 880 2898 949 τῆς
2924 880 3060 950 πρὸς
3105 880 3431 952 Κορινθίους
3475 883 3690 955 προτέρας

505 972 682 1042 piens,
717 976 771 1025 tu
802 971 945 1041 quod
972 972 1217 1026 seminas
1272 985 1379 1026 non
1432 973 1758 1040 viviﬁcatur,
1809 974 1912 1030 nisi
1950 988 2071 1029 mo-

508 1063 701 1118 riatur.
756 1061 823 1117 Et
858 1062 1005 1133 quod
1041 1063 1301 1129 seminas,
1348 1077 1455 1118 non
1506 1078 1704 1134 corpus
1742 1066 1887 1136 quod
1924 1066 2073 1122 futti-

502 1172 623 1215 rum
645 1164 728 1213 est
754 1160 1015 1223 seminas,
1054 1163 1149 1216 sed
1174 1159 1376 1216 nudum
1422 1176 1671 1232 granum,
1704 1169 1763 1217 ut
1796 1173 1947 1233 puta,
1973 1164 2073 1218 tri-

502 1252 596 1308 tici
626 1262 719 1308 aut
746 1252 981 1323 alicujus
1025 1264 1370 1312 cacterorum.
1438 1258 1580 1315 Deus
1626 1268 1806 1314 autem
1857 1259 1955 1314 dat
1994 1260 2069 1315 illi

500 1357 699 1414 corpus
727 1346 869 1415 quod
900 1347 1030 1414 vult,
1054 1357 1108 1402 et
1148 1347 1440 1419 unicuique
1473 1352 1742 1407 seminum
1792 1353 2071 1423 proprium

501 1447 697 1503 corpus
720 1433 788 1489 ".
820 1454 839 1488 ι
879 1436 1008 1491 \‘ide
1037 1440 1309 1505 quomodo
1328 1438 1417 1495 hic
1436 1440 1579 1496 dicat
1610 1441 1684 1509 id,
1710 1444 1853 1513 quod
1899 1444 2069 1500 semi-

500 1532 681 1592 natur,
718 1540 824 1580 non
862 1540 983 1583 esse
1008 1543 1209 1597 corpus
1258 1529 1337 1586 rei
1392 1533 1721 1598 nasciturae;
1769 1533 1866 1590 sed
1898 1538 2069 1591 semi-

498 1622 625 1668 nato
645 1615 868 1683 etjacto
898 1617 951 1673 in
984 1629 1181 1674 terram
1235 1623 1379 1678 nudo
1408 1624 1641 1691 semine,
1683 1626 1793 1680 Deo
1849 1628 2069 1684 unicui-

2172 973 2335 1040 λέξιν,
2370 974 2686 1041 φάσκοντοςο
2734 992 2752 1024 1
2806 971 2964 1025 ’Λλλά
2997 972 3114 1043 ἐρεῖ
3150 990 3255 1036 τις·
3294 974 3416 1039 Πῶς
3448 974 3691 1046 ἐγείρονται

2171 1064 2221 1116 οἱ
2248 1064 2461 1135 νεκροί;
2499 1064 2636 1135 ποίῳ
2665 1063 2723 1117 δὲ
2766 1064 2978 1135 σώματι
3021 1064 3305 1135 ἔρχονται;
3349 1067 3560 1137 Ἀφρον,
3595 1070 3691 1123 οὺὸ

2174 1157 2418 1227 σπείρεις
2496 1158 2557 1209 οὐ
2604 1158 2969 1221 ζωοποιεῖται,
3010 1158 3107 1211 ἐάν
3146 1158 3221 1229 μὴ
3264 1158 3525 1233 ἀποθάνῃ·
3574 1163 3691 1216 καὶὸ

2174 1247 2434 1320 σπείρεις,
2458 1248 2519 1301 ού
2542 1248 2605 1301 τὺ
2642 1248 2803 1319 σῶμα
2832 1250 2893 1303 τὸ
2919 1250 3283 1320 γενησόμενον
3313 1250 3562 1322 σπείρεις,
3591 1252 3691 1307 ἀλλὰ

2172 1338 2375 1410 γυμνὸν
2395 1339 2610 1404 κόκκον,
2648 1341 2697 1392 εί
2730 1339 2903 1410 τύχοι,
2948 1340 3093 1393 σίτου
3140 1340 3347 1410 ἥτινος
3372 1340 3478 1393 τῶν
3517 1342 3689 1398 λοιπῶν.

2182 1431 2239 1483 Ὀ
2264 1430 2321 1481 δὲ
2352 1428 2482 1491 Θεὸς
2509 1429 2723 1482 δίδωσιν
2752 1428 2901 1498 αὐτῷ
2939 1428 3117 1497 σῶμα,
3149 1428 3332 1492 καθὼς
3366 1428 3597 1499 ἠθέλησε,
3621 1432 3691 1485 καὶ

2170 1520 2383 1591 ἑκάστῳ
2405 1520 2512 1572 τῶν
2552 1519 2880 1590 σπερμάτων
2914 1518 2976 1572 τὸ
3030 1519 3159 1572 ῖδιον
3192 1520 3403 1589 σῶμα.)
3456 1520 3578 1591 Ὅρα
3613 1521 3692 1591 γὰρ

2168 1613 2287 1665 τίνα
2316 1614 2515 1683 τρόπον
2533 1614 2589 1666 ἐν
2612 1610 2818 1673 τούτοις
2841 1610 2901 1663 οὐ
2924 1610 2985 1663 τὸ
3019 1610 3381 1681 γενησόμενον
3422 1609 3567 1681 σῶμά
3595 1628 3692 1683 φησι

497 1715 603 1771 que
654 1705 923 1761 seminum
993 1724 1188 1780 corpus
1251 1716 1529 1785 proprium
1586 1716 1883 1787 largiente,
1950 1722 2066 1777 ﬁeri

496 1794 783 1862 quamdam
836 1800 989 1868 quasi
1055 1805 1545 1871 resurrectionem;
1602 1807 1674 1863 ita
1724 1818 1783 1864 ut
1833 1824 1896 1865 ex
1942 1811 2066 1882 qui-

498 1885 725 1943 busdam
750 1890 899 1960 spica
924 1892 1249 1961 etilorescat,
1290 1906 1349 1951 ut
1370 1912 1437 1953 ex
1460 1900 1675 1969 sinapi;
1710 1916 1776 1957 ex
1800 1901 1920 1957 aliis
1936 1918 2067 1961 vero

495 1974 641 2032 celsa
669 1981 854 2047 arbor,
888 1991 950 2036 ut
982 1997 1050 2059 ex
1070 1984 1225 2041 oliva:
1248 1988 1441 2046 nucleo
1470 1991 1845 2063 similibusque
1866 1994 2062 2053 fructi-

496 2065 619 2124 bus.

565 2348 653 2405 l9.
688 2350 755 2409 Ut
786 2352 954 2451 igitur
989 2357 1134 2415 Deus
1158 2363 1245 2418 dat
1278 2366 1569 2439 unicuique
1601 2374 1862 2432 seminum
1900 2377 2057 2451 591

492 2457 688 2541 corpus
720 2448 863 2541 quod
918 2450 1018 2520 ipsi
1070 2456 1292 2525 placuit,
1346 2460 1419 2516 ita
1468 2463 1629 2521 faciet
1660 2484 1786 2541 erga
1823 2448 2061 2530 mortuos

491 2536 582 2603 qui
612 2539 775 2593 veluti
825 2542 1169 2601 seminantur:
1198 2549 1249 2603 in
1281 2559 1458 2620 terra;
1516 2536 1747 2628 quique,
1768 2576 1891 2616 cum
1927 2573 2061 2619 tem-

487 2630 915 2719 pusadvenerit,
962 2642 1231 2706 recepturi
1290 2654 1509 2701 suntex
1550 2651 1868 2719 corporibus
1897 2657 2061 2711 semi-

488 2717 632 2811 natis
680 2720 810 2778 illud
846 2737 1043 2794 corpus
1099 2733 1244 2799 quod
1303 2732 1409 2791 illis
1443 2736 1581 2793 Deus
1619 2717 1716 2811 pro
1745 2744 1953 2800 meritis
1988 2748 2061 2803 in-

486 2808 654 2877 duere
680 2813 936 2873 voluerit.
958 2816 1037 2873 Ac
1064 2820 1182 2878 l‘use
1213 2823 1496 2895 Scriptura
1530 2808 1688 2886 docet
1729 2836 1857 2904 quid
1887 2836 2060 2893 inter-

486 2902 556 2979 sit
583 2903 728 2995 inter
784 2922 984 2981 corpus
1005 2918 1150 2985 quod
1188 2928 1445 2991 tanquam
1494 2902 1814 2995 seminatur,
1843 2939 1897 2987 et
1927 2931 2057 2990 illud

485 2994 627 3063 quod
654 3012 718 3053 ex
746 3013 815 3056 eo
848 3005 1001 3074 quasi
1031 3010 1356 3069 renascitur.
1383 3015 1479 3069 Ait
1525 3018 1671 3074 enim
1703 3037 1717 3075 :
1752 3040 1771 3074 1
1802 2994 2059 3082 Semina-

485 3094 578 3142 tur
606 3085 660 3144 iu
691 3096 1065 3166 corruptione,
1106 3114 1293 3175 surget
1324 3104 1378 3161 in
1404 3107 1838 3181 incorruptione.
1878 3116 2060 3176 Semi-
2093 3104 2137 3161 (ἶ

482 3276 537 3328 in
558 3274 905 3377 infirmitate,
937 3299 1122 3359 surget
1156 3291 1207 3346 in
1240 3295 1461 3351 virtute.
1514 3274 1829 3358 Seminatur
1854 3320 2054 3377 corpus

484 3367 739 3437 animale,
760 3384 943 3445 surget
970 3394 1167 3447 corpus
1192 3385 1437 3454 spiritale
1452 3390 1518 3448 ὀ.
1540 3408 1559 3443 ›
1581 3390 1680 3457 Qui
1704 3397 1939 3461 potuerit
1955 3367 2052 3452 au-

485 3466 615 3525 tem,
641 3464 821 3533 capiat
849 3473 977 3539 quid
1010 3476 1111 3531 sibi
1146 3480 1398 3548 voluerit,
1427 3488 1519 3551 qui
1546 3484 1684 3540 dixit
1736 3504 1752 3541 :
1795 3506 1815 3540 1
1868 3490 2054 3557 Qualis

482 3558 751 3647 terrenus,
789 3558 922 3616 tales
953 3574 1005 3619 ct
1034 3573 1271 3638 terreni;
1303 3574 1479 3643 qualis
1512 3576 1771 3647 caelestis,
1809 3582 1941 3637 tales
1998 3592 2054 3638 et

482 3641 747 3741 caelestes.
794 3648 860 3706 Et
903 3654 1044 3710 sicut
1101 3641 1429 3728 portavimus
1486 3667 1777 3741 imaginem
1828 3677 2047 3743 terreni,

480 3742 553 3786 ita
591 3745 865 3803 portemus
908 3745 1197 3818 imaginem
1247 3755 1565 3814 cazlestis".
1604 3780 1622 3814 ι
1660 3761 1918 3829 Quamvis
1955 3742 2051 3822 an?

477 3830 588 3876 lem
611 3827 899 3927 Apostolus
932 3840 1208 3894 occultare
1237 3843 1468 3901 voluerit
1491 3827 1855 3909 reconditiora
1889 3856 2050 3927 hujus

478 3919 761 4019 mysterii,-
787 3931 856 4019 ,ιιι
919 3939 1040 4019 qua:
1088 3932 1505 4003 simplicioribus
1530 3981 1546 4005 ,
1586 3950 1641 3997 ct
1692 3943 1871 4015 vulgo,
1902 3919 2045 4019 quod

476 4008 705 4077 simplici
729 4013 834 4071 ﬁde
870 4018 939 4073 ad
971 4020 1160 4080 melius
1190 4024 1475 4086 vivendum
1524 4008 1811 4105 excitatur:
1858 4008 2046 4098 minus

475 4111 658 4169 essent
710 4114 1159 4182 accommodata,
1230 4128 1409 4177 tamen
1459 4138 1679 4183 coactus
1743 4141 1829 4186 est
1885 4135 2044 4201 paulo

473 4203 621 4289 post,
658 4213 726 4255 ne
755 4201 896 4260 male
926 4203 1042 4274 ejus
1066 4211 1227 4268 verba
1278 4217 1668 4289 acciperemus,
1702 4222 1768 4277 iis
1809 4226 1993 4281 verbis
2023 4244 2037 4281 :

477 4304 497 4337 1
530 4287 810 4351 Portemus
846 4296 1135 4371 imaginem
1163 4307 1420 4377 caelestis,
1453 4330 1473 4366 ι
1505 4314 1735 4374 addere:
1766 4335 1785 4369 1
1806 4318 1917 4374 Hoc
1939 4335 2041 4375 au-

473 4392 580 4453 tem
602 4387 756 4493 .dico,
789 4388 1007 4479 fratres,
1040 4398 1169 4466 quia
1196 4416 1326 4459 caro
1356 4412 1409 4459 et
1438 4408 1660 4476 sanguis
1697 4424 1921 4479 regnum
1947 4413 2039 4468 lrei
2073 4439 2117 4495 ι)

466 4479 748 4623 possidere
774 4499 881 4540 non
909 4478 1154 4556 possunt,
1190 4506 1366 4567 neque
1392 4498 1671 4567 corruptio
1699 4500 2040 4572 incorrupte-

492 4584 576 4623 am
603 4576 1012 4623 υοεεῑάρίιῖιη-»
1043 4582 1240 4623 “nimiis
1270 4600 1391 4623 num
1421 4590 1581 4623 enirn!
1637 4594 2037 4623 ιιιηηιηι-ηηεηοη

492 4584 576 4626 am
603 4576 1012 4641 possidebit’h
1040 4582 1240 4638 Deinde
1270 4600 1391 4640 cum
1420 4590 1605 4652 sciret,
1637 4600 1823 4659 utpote
1840 4594 2040 4664 scripta

466 4662 702 4727 posteris
746 4666 1041 4725 relicturus
1091 4672 1536 4733 documentorum
1584 4683 1763 4750 plena,
1801 4683 1929 4751 quid
1953 4662 2043 4738 aro

2174 1705 2508 1776 σπείρεσθαι·
2550 1704 2664 1759 ἀλλ’
2709 1704 2817 1758 ἀπὸ
2858 1702 2954 1756 τοῦ
2998 1702 3358 1775 σπειρομένου
3412 1705 3500 1757 καὶ
3530 1705 3691 1775 γυμνοῦ

2174 1793 2497 1864 βαλλομένου
2546 1792 2637 1846 ἐπὶ
2688 1792 2788 1863 τὴν
2829 1792 2935 1863 γῆν
2977 1791 3147 1861 λέγει,
3200 1792 3430 1857 διδόντος
3474 1792 3558 1850 τοῦ
3591 1794 3691 1848 Θεοῦ

2170 1881 2383 1952 ἑκάστῳ
2410 1881 2520 1935 τῶν
2544 1881 2872 1952 σπερμάτων
2914 1880 3044 1935 ἴδιον
3093 1881 3272 1951 σῶμα,
3314 1884 3471 1936 οἱονεὶ
3504 1882 3693 1938 ἀνάστα-

2168 1990 2253 2025 σιν
2277 1974 2577 2042 γίγνεσθαι’
2615 1972 2729 2027 ἀπὸ
2773 1973 2867 2026 τοῦ
2906 1972 3385 2045 καταϐεϐλημένου
3437 1974 3691 2046 σπέρματος

2166 2065 2511 2135 ἐγειρομένου
2539 2066 2779 2135 στάχυος
2804 2064 2861 2117 ἐν
2887 2067 3000 2129 τοῖς
3026 2066 3277 2118 τοιοῖσδε·
3300 2065 3459 2119 οἱονεὶ
3481 2067 3534 2119 ἐν
3546 2066 3689 2131 νάπυῑ,

2164 2156 2316 2229 ἥέπὶ
2347 2156 2588 2226 μείζονος
2625 2157 2847 2229 δένδρου
2882 2158 2944 2211 ἐν
2988 2156 3174 2220 ἐλαίας
3217 2156 3419 2228 πυρῆνι
3444 2156 3691 2229 (6Ξ)ἦτινι

2162 2246 2272 2301 τῶν
2301 2245 2633 2319 ἀκροδρύων.

2244 2340 2301 2393 '0
2332 2339 2463 2402 Θεὸς
2514 2334 2605 2392 οὖν
2667 2339 2880 2394 δίδωσιν
2930 2340 3145 2411 ἑκάστῳ
3191 2338 3384 2411 σῶμα,
3421 2339 3581 2405 καθὼς
3602 2339 3689 2411 ἠθέ·

2160 2430 2344 2499 λησεν,
2386 2429 2573 2501 ὥσπερ
2608 2431 2699 2483 ἐπὶ
2740 2432 2850 2484 τῶν
2892 2431 3301 2502 σπειρομένων,
3343 2430 3481 2485 οὕτω
3520 2432 3596 2485 καὶ
3622 2432 3689 2485 ἐπὶ

2161 2523 2268 2575 τῶν
2289 2524 2449 2575 οἱονεὶ
2473 2523 2843 2593 σπειρομένων
2863 2524 2922 2576 ἐν
2938 2522 3015 2594 τῷ
3044 2524 3426 2595 ἀποθνήσκειν,
3452 2525 3536 2579 καὶ
3554 2525 3689 2596 καιῄ

2160 2612 2447 2682 ἐπιτηδείῳ
2500 2613 2987 2685 ἀναλαμϐανόντων
3017 2617 3083 2668 ἐκ
3114 2615 3222 2667 τῶν
3269 2616 3609 2686 σπειρομένων
3644 2615 3688 2669 ιδ

2160 2704 2567 2775 περιτιθέμενον
2600 2706 2815 2775 ἐκάστῳ
2840 2706 2982 2759 κατὰ
3011 2706 3111 2778 τὴν
3141 2704 3299 2771 ἀξίαν
3331 2708 3481 2779 σῶμα
3508 2706 3597 2760 ὑπὸ
3618 2705 3689 2759 τοῦ

2158 2796 2314 2851 Θεοῦ.
2355 2795 2645 2867 Ἀκούομεν
2668 2797 2726 2853 δὲ
2747 2798 2841 2851 καὶ
2865 2798 2958 2851 τοῦ
2986 2797 3075 2850 διὰ
3103 2798 3363 2853 πλειόνων
3408 2798 3691 2860 διδάσκοντος

2159 2889 2313 2958 λόγου
2338 2890 2436 2961 τὴν
2469 2890 2730 2961 διαφοράν
2760 2888 2856 2942 τοῦ
2902 2889 3069 2944 οἱονεὶ
3115 2891 3469 2961 σπειρομένου
3510 2890 3626 2961 πρὸς
3647 2887 3692 2941 τὸ

2159 2980 2397 3051 ὠσπερεὶ
2413 2980 2757 3051 ἐγειρόμενον
2785 2980 2881 3034 ἀπ’
2908 2980 3093 3043 αὑτοῦ,
3112 2982 3207 3034 καὶ
3230 2981 3500 3050 λέγοντοςο
3526 2999 3543 3032 1
3566 2978 3693 3034 Σπεί-

2174 3088 2321 3142 ρεται
2358 3072 2417 3126 ἐν
2446 3072 2650 3142 φθορᾷ,
2696 3072 2964 3143 ἐγείρεται
3007 3072 3068 3124 ἐν
3111 3071 3423 3145 ἀφθαρσίᾳ·
3460 3070 3692 3141 σπείρεται

2161 3163 2220 3215 ἐν
2252 3163 2475 3234 ἀτιμία,
2517 3163 2785 3240 ἐγείρεται
2807 3166 2866 3217 ἐν
2892 3162 3017 3234 δόξῃ
3046 3180 3059 3195 ·
3087 3164 3368 3235 σπείρεται
3389 3165 3444 3217 ἐν
3464 3161 3691 3233 ἀσθενείᾳ,

2154 3254 2425 3324 ἐγείρεται
2476 3255 2536 3308 ἐν
2585 3254 2844 3325 δυνάμει⁹
2898 3256 3181 3327 σπείρεται
3252 3256 3410 3327 σῶμα
3469 3254 3691 3324 ψυχικὸν,

2154 3347 2425 3416 ἐγείρεται
2473 3345 2629 3416 σῶμα
2660 3346 3047 3415 πνευματικόν.
3082 3364 3100 3398 ι
3147 3346 3205 3399 '0
3234 3344 3292 3398 δὲ
3320 3346 3592 3417 δυνάμενος
3630 3343 3692 3396 ἔτι

2152 3436 2636 3507 καταλαμϐανέτω,
2686 3437 2741 3490 τί
2789 3437 3036 3507 νενόηται
3064 3438 3141 3507 τῷ
3172 3437 3414 3505 λέγοντι’
3472 3456 3492 3489 1
3543 3432 3692 3499 Οἴοςό

2152 3530 2349 3601 χοϊκός,
2378 3528 2603 3583 τοιοῦτοι
2631 3530 2724 3583 καὶ
2746 3530 2796 3583 οἰ
2823 3529 2998 3599 χοϊκοί
3028 3548 3043 3561 ·
3075 3530 3170 3583 καὶ
3208 3526 3322 3594 οἷος
3340 3531 3368 3584 ὁ
3390 3530 3688 3602 ἐπουράνιος,

2150 3622 2378 3675 τοιοῦτοι
2418 3622 2512 3693 καὶ
2568 3622 2615 3674 οἱ
2665 3622 3002 3691 ἐπουράνιοι.
3040 3622 3151 3676 Καὶ
3187 3620 3370 3685 καθὼς
3399 3621 3693 3692 ἐφορέσαμεν

2150 3712 2247 3783 τὴν
2275 3712 2457 3765 εἰκόνα
2480 3712 2573 3765 τοῦ
2602 3714 2783 3781 χοϊκοῦ
2804 3754 2819 3776 ,
2843 3714 2985 3766 οὔτω
3020 3713 3342 3785 φορέσωμεν
3370 3712 3476 3785 (65)
3510 3712 3593 3765 καὶ
3614 3710 3694 3781 τὴν

2151 3804 2335 3857 εἰκόνα
2401 3803 2495 3856 τοῦ
2569 3805 2914 3874 ἐπουρανίου.
2972 3822 2991 3855 ι
3053 3806 3243 3857 Καίτοι
3301 3806 3359 3859 δὲ
3417 3804 3694 3875 βουλόμενος

2150 3896 2412 3965 κρύπτειν
2446 3896 2474 3947 ό
2509 3882 2824 3958 ’Λπόστολος
2850 3896 2919 3949 τά
2948 3895 3088 3951 κατὰ
3115 3897 3205 3949 τὸν
3234 3898 3396 3951 τόπον
3422 3896 3691 3968 ἀπόρρητα,

2149 3986 2245 4038 καὶ
2278 3984 2351 4055 μὴ
2383 3984 2692 4057 ἁρμόζοντα
2718 3988 2828 4048 τοῖς
2859 3986 3247 4058 ἁπλουστέροις
3270 3989 3364 4041 καὶ
3382 3990 3447 4059 τῇ
3467 3986 3693 4056 πανδήμῳ

2148 4075 2285 4145 ἀκοῇ
2320 4074 2428 4128 τῶν
2448 4075 2535 4129 διά
2562 4075 2656 4128 τοῦ
2681 4074 2953 4129 πιστεύειν
2983 4077 3268 4147 ἀγομένων
3299 4079 3391 4132 ἐπὶ
3419 4078 3476 4133 τὸ
3499 4077 3689 4148 βέλτιον,

2146 4165 2297 4229 ὅμως
2338 4166 2653 4238 ἠναγκάσθη
2695 4164 2939 4237 ὕστερον,
2974 4168 3116 4239 ὑπὲρ
3150 4170 3242 4223 τοῦ
3280 4170 3355 4241 μὴ
3386 4167 3689 4242 παρακοῦσαι

2144 4254 2293 4322 ἡμᾶς
2312 4254 2419 4306 τῶν
2450 4254 2621 4322 λόγων
2648 4253 2829 4316 αὐτοῦ,
2854 4257 3028 4310 εἰπεῖν
3060 4258 3197 4327 μετά
3230 4261 3317 4326 τὸ,
3350 4277 3368 4309 1
3412 4258 3691 4331 φορέσωμεν

2147 4342 2247 4412 τὴν
2294 4342 2477 4396 εἰκόνα
2529 4343 2622 4396 τοῦ
2686 4344 3007 4414 ἐπουρανίου
3031 4384 3047 4408 ,
3088 4364 3105 4395 ι
3138 4349 3205 4401 τὸ
3230 4365 3248 4396 1
3295 4346 3448 4401 τοῦτο
3474 4346 3526 4401 δέ
3553 4361 3687 4415 φημι,

2146 4429 2382 4507 ἀδελφοὶ,
2411 4430 2492 4484 ὅτι
2534 4429 2668 4499 σάρξ
2700 4430 2793 4483 καὶ
2822 4425 2961 4501 αἷμα
2995 4431 3274 4501 βασιλείαν
3301 4434 3433 4488 Θεοῦ
3465 4435 3687 4505 κληρονο-

2145 4520 2310 4590 μῆσαι
2336 4521 2395 4574 ού
2424 4521 2672 4581 δύνανται
2706 4522 2840 4592 (64),
2870 4524 2975 4575 ούδ¹
3007 4525 3041 4593 ἡ
3078 4524 3255 4595 φθορὰ
3286 4526 3387 4597 τὴν
3416 4523 3689 4596 ἀφθαρσίαν

2142 4611 2465 4681 κληρονομεῖ
2504 4629 2519 4641 ·
2572 4630 2589 4662 ι
2639 4608 2735 4663 εἶτ’
2784 4612 3143 4682 ἐπιστάμενος
3192 4615 3495 4686 ἀπόρρητόν
3525 4631 3572 4667 τι
3612 4612 3689 4665 καὶ

2145 4702 2399 4771 μυστικὸν
2425 4702 2565 4756 κατά
2593 4702 2684 4755 τὸν
2712 4703 2895 4767 τόπον,
2932 4704 3008 4768 ὡς
3030 4704 3236 4775 ἔπρεπε
3268 4706 3355 4759 διὰ
3386 4705 3686 4778 γραμμάτων

465 4757 586 4811 cani
619 4764 676 4812 et
709 4759 906 4815 occulti
941 4764 1162 4820 haberet
1193 4768 1293 4821 ista
1320 4772 1567 4839 quazstio,
1592 4773 1773 4840 adjicit
1805 4774 1857 4828 id
1898 4776 2039 4844 quod

472 4846 571 4869 .12-:
834 4866 847 4869 _
995 4856 1008 4869 .
1126 4859 1135 4869 .
1322 4862 1333 4869 .
1494 4865 1549 4869 -_
1626 4868 1651 4869 η

2157 4792 2486 4847 ιαταλιπόντι
2506 4796 2617 4857 τοῖς
2644 4796 2759 4864 μετ’
2772 4757 2933 4848 αὐτόν
2946 4757 3015 4849 τά
3034 4757 3187 4866 νενοη
3195 4757 3557 4869 μέναήρηματά
3574 4757 3684 4866 ίίίἵὶ),

466 4846 573 4903 dici
628 4850 789 4920 solet,
823 4866 945 4908 cum
977 4856 1040 4911 de
1061 4859 1220 4914 rebus
1250 4862 1431 4931 agitur
1457 4865 1743 4922 altioribus
1773 4869 2034 4924 occultio-

2141 4882 2391 4955 ἐπιφέρει
2416 4885 2510 4937 καὶ
2542 4886 2723 4953 λέγει’
2762 4903 2780 4936 1
2834 4886 2988 4949 Ἰδοὺ,
3050 4890 3349 4961 μυστήριον
3378 4890 3680 4961 ύμῖνλέγω.»

464 4937 724 5010 ribusque
756 4950 811 4995 et
843 4958 976 5013 quas
1007 4949 1165 5017 vulgo
1196 4951 1357 5005 celari
1406 4958 1655 5014 convenit
1687 4974 1739 5012 :1
1765 4959 2033 5031 Ecccmy-

2157 4937 2328 5045 ἱτιπερ
2360 4974 2479 5039 ἔθος
2505 4937 2652 5029 ἐστίν
2700 4937 3063 5047 ἐπιφέρεσθαιι
3103 4937 3260 5043 τοῖς.Γ
3278 4937 3588 5052 βαθυιτέροις⁸
3610 4975 3687 5030 καὶ

465 5030 690 5085 sterium
744 5034 899 5090 vobis
962 5039 1082 5094 dico
1111 5041 1177 5095 ’3.
1219 5064 1237 5095 ι
1274 5045 1740 5111 Quemadmodum
1786 5060 1841 5107 et
1891 5030 2032 5121 apud

2140 5066 2592 5135 μυστικωτέροις,
2648 5066 2743 5148 κα).
2790 5066 3138 5136 καθηκόντως
3186 5068 3294 5121 ἀπὸ
3345 5070 3448 5123 τῶν
3506 5065 3686 5121 πολλῶν

466 5121 688 5179 Tobiam
716 5125 953 5196 legitur:
980 5148 999 5181 1
1036 5132 1445 5193 Sacramentum
1488 5143 1626 5210 regis
1678 5141 1876 5197 bonum
1952 5151 2037 5198 est

2157 5121 2787 5226 ιρυπτομένοις’·.ὧσπέρ
2819 5121 2931 5210 καὶ⁶
2950 5156 3007 5210 ἐν
3034 5121 3133 5226 τῷ,
3155 5158 3349 5229 Τωϐὴτ
3392 5121 3682 5229 γέγραπται.

464 5214 794 5273 abscondere
824 5237 839 5276 :
870 5222 965 5277 sed
998 5238 1159 5292 opera
1190 5227 1283 5283 Dei
1314 5232 1515 5286 sincere
1547 5234 1811 5295 revelare,
1844 5250 1865 5285 δ
1910 5247 2032 5288 cum

537 5330 579 5361 ¹⁹
604 5328 781 5388 Ι--ϐοτ.
820 5350 910 5403 xv,
935 5338 1027 5404 35,
1064 5339 1155 5405 56,
1174 5340 1265 5408 57,
1296 5343 1389 5398 38.
1463 5346 1511 5376 ²⁰
1541 5345 1560 5400 l
1590 5346 1713 5402 Cor.
1746 5362 1835 5411 xv,
1863 5348 1954 5415 42,
1977 5352 2068 5418 45,
2092 5353 2187 5411 44.

680 5427 835 5513 Dibh:
864 5434 988 5487 editi
1018 5432 1367 5513 inﬁniargine,
1401 5441 1621 5513 πυρίνῃ.

2143 5261 2161 5293 1
2198 5243 2512 5316 Μυστήριον
2543 5244 2805 5315 βασιλέως
2831 5245 2993 5299 καλόν
3022 5246 3138 5299 ἐστι
3176 5248 3435 5320 κρύπτειν
3457 5265 3470 5279 ·
3504 5246 3684 5319 πρὸςῶ

2278 5358 2322 5388 ²¹
2357 5355 2490 5412 Ibid.
2517 5358 2607 5424 48,
2634 5358 2722 5416 49.
2823 5359 2868 5390 ²²
2890 5358 3024 5413 Ibid.
3066 5360 3154 5417 50.
3261 5364 3308 5395 ³³
3341 5362 3467 5417 Ibid.
3494 5362 3576 5414 51.

2139 5449 2377 5523 ρημένα.
2401 5448 2459 5504 ln
2486 5452 2641 5523 codd.
2669 5452 2839 5521 Regio
2863 5452 3219 5523 et_Basilensi
3258 5468 3432 5521 neque
3469 5454 3679 5523 ῥήματα,

666 5501 1157 5591 ειξιρρέσωιιενηδίο
1184 5496 1374 5591 οὗιηοε
1406 5496 1737 5591 ροὶιιίτῗιωεη
1756 5510 1848 5591 qui
1872 5514 2036 5591 etiam

2157 5496 2893 5591 [έιῗιιθείρημέναωτρρῖιῖίδεῖ
2929 5521 3097 5591 Paulo
3156 5532 3275 5590 post
3298 5496 3495 5591 optime
3520 5496 3677 5591 foder

463 5566 623 5633 paulo
666 5566 805 5651 infra
870 5566 1101 5653 habent,
1147 5574 1468 5697 ¢Ofédwpav
1508 5580 1611 5653 τὴν
1654 5566 1853 5636 εἰκόνα.
1876 5566 2031 5639 Libb.

465 5650 713 5697 mpressr
753 5644 1061 5697 utrobtuue.
1097 5663 1202 5697 ooo
1238 5664 1425 5697 σομεν.

465 5644 713 5704 impressi
753 5644 1061 5711 utrobique,
1097 5644 1425 5717 φορέσομεν.
1564 5644 1577 5653 ’

678 5710 831 5785 Libl).
866 5715 995 5785 editi
1032 5715 1083 5767 in
1123 5719 1386 5785 tuargine.
1413 5718 1634 5773 δύναται

533 5712 647 5850 ὶϐό)
678 5712 831 5765 Libl).
866 5715 995 5767 editi
1032 5715 1083 5767 in
1111 5712 1386 5785 ﬁttt'argine.
1413 5718 1659 5776 δύναται.

555 5780 643 5849 65)
683 5782 824 5837 Loco
867 5784 1086 5854 ῥήματα
1116 5786 1454 5849 limschclius
1490 5793 1541 5844 in
1584 5800 1729 5847 textu
1766 5792 1925 5851 habet
1956 5793 2032 5847 εί-

2133 5585 2563 5667 Χςιιὶείιιιιιέέςότι
2596 5585 2709 5667 περ’
2733 5590 3044 5667 ἔθος-λίθω
3076 5585 3223 5667 libb._
3252 5585 3413 5667 edi-ti,
3454 5594 3530 5667 ὅτι
3566 5588 3678 5667 παρ’

2129 5657 2412 5731 ἔθος.Μοκ
2443 5662 2599 5716 iidem
2661 5657 2903 5731 impressi
2940 5664 2991 5714 iu
3022 5673 3168 5716 textu
3213 5663 3441 5725 habent,
3470 5663 3541 5725 ὡς
3585 5659 3679 5729 γὰρ

2129 5728 2241 5791 καί,
2269 5730 2319 5785 in
2349 5732 2592 5802 margine
2623 5728 2774 5801 vero,
2802 5732 2989 5803 ὥσπερ
3021 5732 3136 5800 καί,
3168 5733 3313 5804 quod
3334 5734 3613 5805 sequimur.
