3840 6412
467 346 608 403 €215
1905 340 1983 396 Oli

2114 339 2225 396 NIS
3531 351 3628 406 iﬁlli

459 466 640 521 omnia
669 465 849 536 dirigi,
880 475 938 518 ut
970 478 1075 519 non
1124 463 1343 518 tollatur
1379 470 1558 517 tamen
1589 475 1771 516 rerum
1820 458 1975 512 conti:

2126 460 2377 520 ἑκάστου,
2394 462 2794 534 οἰκονομεῖσθαι
2824 466 2928 519 ὑπὸ
2952 465 3044 518 τοῦ
3067 465 3200 520 Θεοῦ
3223 465 3457 534 λέγοντες
3477 467 3525 521 τὸ
3539 471 3630 536 πᾶν,

457 557 670 628 gentia;
703 557 828 612 item
864 570 987 610 cum
1044 565 1294 610 naturam
1347 553 1683 623 explicamus
1719 560 1916 605 nostrae
1968 547 1973 600 1

2127 554 2222 608 καὶ
2261 553 2348 606 ἀεὶ
2381 553 2612 622 ἄγεσθαι
2634 555 2775 610 κατὰ
2803 557 2862 610 τὸ
2894 557 3236 629 ἐνδεχόμενον
3259 559 3346 612 ἐπὶ
3375 558 3432 612 τὸ
3462 557 3631 628 βέλτιον,

459 647 702 714 bertatis,
733 649 786 702 in
822 661 1009 718 quam,
1042 649 1298 717 quoniam
1345 643 1802 700 immutabilitatis
1829 641 1975 697 divin

2129 647 2223 700 καὶ
2253 645 2352 716 τὴν
2382 646 2478 700 τοῦ
2509 648 2596 716 ἐφ’
2625 647 2756 719 ἡμῖν
2787 648 2948 718 φύσιν
2975 649 3365 718 γιγνώσκοντες
3409 650 3633 723 ἐνδεχομέ-

457 756 627 812 capax
661 755 768 796 non
794 751 900 804 est,
924 741 1299 811 contingentia
1325 754 1506 795 rerum
1530 738 1709 803 cadit;
1743 752 1848 792 non
1879 735 1966 788 vid

2129 754 2220 792 νου
2264 737 2299 792 ἃ
2345 738 2616 809 ἐνδέχεται
2651 739 2730 810 (οὐ
2773 741 2881 813 γὰρ
2912 742 3131 796 δύναται
3164 743 3402 814 xum-jam
3429 743 3484 796 τὸ
3507 745 3635 810 πάντη

457 847 578 887 mur
629 832 788 902 digna
848 832 1030 889 dicere
1115 847 1236 904 qua:
1278 831 1648 902 expendautur
1703 838 1758 885 et
1804 829 1973 884 invest

2128 830 2396 902 ἄτρεπτον
2428 832 2522 884 τοῦ
2547 832 2706 904 Θεοῦ)
2726 851 2739 862 ο
2773 833 2833 887 ού
2868 834 3132 906 δοκοῦμεν
3171 835 3298 902 ἄξια
3323 834 3488 904 λέγειν
3514 835 3638 906 βασάι

455 933 669 996 gentur.

2129 942 2220 978 νου
2249 926 2342 978 καὶ
2372 926 2692 993 ἐξετάσεως.
2966 986 2970 990 _

524 1016 616 1072 22.
669 1017 860 1089 Neque
901 1031 1034 1074 vero
1075 1016 1368 1087 quisquam
1399 1015 1714 1085 suspicetur
1750 1027 1868 1076 nos,
1907 1025 2030 1065 cum

2193 1016 2284 1086 Μὴ
2313 1016 2609 1069 ύπονοείτω
2650 1016 2707 1068 δέ
2747 1033 2829 1079 τις
2856 1017 3032 1086 ἡμᾶς,
3067 1014 3241 1068 ταῦτα
3281 1015 3629 1089 λέγοντας,ἀπ’

456 1109 571 1166 haec
605 1109 976 1180 disputamus,
1010 1123 1078 1164 ex
1102 1122 1292 1163 eorum
1320 1121 1445 1163 esse
1485 1118 1736 1171 numero,
1765 1103 1882 1172 qui,
1907 1100 1972 1155 lic

2123 1106 2346 1159 ἐκείνων
2364 1101 2504 1160 εἶναι
2519 1107 2626 1162 τῶν
2641 1107 2947 1177 λεγομένων
2967 1108 3065 1178 μὲν
3077 1106 3428 1178 Χριστιανῶν,
3440 1109 3634 1164 ἀϐετούν·

453 1199 748 1260 Christiani
781 1210 1066 1268 vocentur,
1097 1199 1350 1270 rejiciunt
1383 1197 1738 1254 nihilominus
1777 1207 1968 1263 compr

2119 1214 2235 1251 των
2262 1197 2318 1251 δὲ
2345 1198 2406 1252 τὸ
2435 1199 2564 1270 περὶ
2595 1199 2940 1264 ἀναστάσεως
2962 1199 3103 1254 κατά
3122 1199 3220 1265 τὰς
3244 1200 3457 1271 Γραφὰς
3481 1199 3631 1274 δόγμα·

453 1293 638 1349 batum
683 1307 716 1350 a
778 1291 1082 1362 Scripturis
1131 1294 1202 1348 de
1249 1291 1658 1348 resurrectione
1710 1288 1928 1355 dogma.

2120 1288 2317 1343 ἐκεῖνοι
2338 1289 2436 1362 μὲν
2459 1289 2566 1360 γάρ
2581 1290 2671 1343 τὸν
2687 1291 2848 1346 οίονεὶ
2866 1292 2974 1346 ἀπὸ
2995 1291 3196 1346 κόκκου
3219 1293 3361 1347 σίτου
3377 1294 3544 1365 ἧστινος
3555 1295 3636 1350 τῶν

451 1388 600 1446 enim
624 1401 656 1444 e
681 1387 798 1444 suis
828 1388 1114 1459 principiis
1141 1386 1292 1443 nullo
1315 1384 1478 1442 modo
1503 1392 1752 1439 astruere
1785 1393 1966 1451 possm

2134 1381 2336 1434 λοιπῶν
2360 1383 2710 1456 ἀνιστάμενον
2752 1385 2948 1454 στάχυν
2974 1383 3241 1456 ἢδένδρον
3259 1383 3495 1454 οὐδαμῶς
3514 1399 3643 1454 παρα-

451 1493 516 1536 ex
551 1493 725 1550 grano
791 1479 963 1536 tritici
1000 1489 1096 1534 aut
1129 1477 1268 1534 alius
1290 1476 1598 1548 cuiuspiam
1641 1471 1828 1542 stirpis
1867 1470 1967 1526 velt

2140 1475 2336 1545 στῆσαι
2364 1475 2596 1546 ἔχουσιν,
2614 1477 2736 1531 ὅσον
2759 1476 2940 1548 ἐπὶτῷ
2960 1477 3246 1549 ἀρέσκοντι
3277 1475 3498 1528 ἑαυτῶν·
3524 1475 3643 1545 ἡμεῖς

452 1586 740 1644 resurgere
799 1571 1008 1644 apicem
1056 1582 1151 1628 aut
1201 1572 1474 1627 arborem.
1516 1567 1625 1624 Nos
1654 1573 1835 1620 autem
1867 1577 1968 1618 crel

2135 1567 2216 1630 δὲ,
2234 1567 2561 1639 πειθόμενοι,
2585 1571 2666 1624 ὅτι
2686 1569 2748 1623 τὸ
2770 1572 3121 1642 σπειρόμενον
3148 1571 3209 1623 ού
3239 1567 3646 1633 ζωοποιεῖται,ὲάν

458 1678 584 1721 mus
626 1663 680 1721 id
726 1667 875 1736 quod
905 1664 1208 1721 seminatur
1243 1678 1353 1719 non
1403 1659 1697 1725 viviﬁcari,
1735 1658 1842 1713 nisi
1889 1655 1970 1729 pri

2145 1659 2220 1732 μὴ
2251 1661 2518 1734 ἀποθάνῃ,
2551 1664 2645 1716 καὶ
2695 1663 2778 1718 ὅτι
2807 1663 2870 1716 οὐ
2914 1662 2976 1716 τὸ
3015 1663 3375 1733 γενησόμενον
3408 1661 3508 1732 (80)
3530 1661 3647 1730 σῶμα

451 1755 745 1822 moriatur,
781 1770 884 1812 nec
928 1755 1190 1812 seminari
1220 1768 1416 1824 corpus
1445 1751 1590 1822 quod
1624 1748 1864 1804 futurum
1913 1761 1967 1804 es

2145 1754 2426 1825 σπείρεται
2454 1752 2670 1827 (ιόγάρ
2713 1755 2846 1819 Θεὸς
2882 1753 3032 1825 αὐτῷ
3079 1754 3263 1808 δίδωσι
3312 1753 3478 1824 σῶμα,
3511 1751 3648 1816 καθὼς

451 1847 897 1919 quandoquidem
931 1865 950 1899 ι
984 1845 1132 1902 Deus
1158 1847 1253 1902 dat
1277 1845 1352 1900 illi
1376 1858 1580 1913 corpus
1609 1842 1751 1896 sicut
1775 1840 1924 1903 vult;
1957 1837 1967 1894 ἱ

2136 1846 2364 1917 ἠθέλησε
2382 1863 2397 1878 ·
2431 1846 2569 1917 μετὰ
2591 1847 2654 1901 τὸ
2682 1848 2958 1923 σπαρῆναι
3007 1848 3065 1901 ἐν
3104 1847 3300 1918 φθορᾷ,
3328 1845 3534 1917 ἐγείρων
3554 1844 3651 1899 sine

453 1949 512 1995 ut
543 1942 687 2010 quod
736 1939 1067 1995 seminatum
1101 1946 1186 1992 est
1238 1935 1291 1991 in
1327 1934 1701 2002 corruptione,
1734 1937 1922 1999 surgat

2133 1939 2192 1991 ἐν
2216 1937 2494 2009 ἀφθαρσίᾳ
2511 1954 2526 1969 ο
2556 1937 2652 1992 καὶ
2675 1938 2814 2009 μετὰ
2838 1939 2900 1993 τὸ
2937 1938 3214 2010 σπαρῆναι
3238 1936 3369 1990 αὐτὸ
3405 1937 3459 1989 ἐν
3481 1934 3649 2006 ἀτιμίᾳ,

454 2029 894 2102 incorruptione;
925 2029 1070 2099 quod
1094 2027 1146 2084 in
1181 2025 1535 2098 ignobilitate,
1551 2031 1736 2094 surgat
1753 2021 1804 2075 in
1823 2019 1970 2090 glori:

2137 2029 2360 2100 ἐγείρων
2382 2030 2512 2085 αὐτὸ
2620 2031 2750 2104 δόξῃ
2767 2049 2780 2062 ο
2814 2031 2908 2086 καὶ
2935 2030 3071 2103 μετά
3097 2030 3160 2084 τὸ
3180 2029 3447 2100 σπαρῆναι
3466 2029 3517 2082 ἐν
3532 2026 3653 2081 ἀσθε-

452 2122 598 2194 quod
649 2122 702 2176 in
744 2119 1085 2184 infirmitate,
1117 2127 1306 2189 surgat
1365 2116 1420 2172 in
1464 2116 1697 2183 virtute;
1731 2113 1875 2183 quod
1915 2127 1968 2166 at

2135 2121 2270 2192 νεία,
2301 2121 2529 2195 ἐγείρων
2553 2123 2684 2178 αὐτὸ
2712 2126 2770 2177 ἐν
2809 2122 3071 2195 δυνάμει·
3115 2124 3210 2176 καὶ
3245 2121 3381 2194 μετά
3405 2120 3462 2173 τὸ
3482 2119 3651 2190 σπαρῆ-

456 2213 601 2269 male
643 2227 844 2283 corpus
891 2211 998 2266 fuit
1044 2211 1396 2274 seminatum,
1427 2215 1613 2278 surgat
1641 2203 1968 2277 spiritale”.

2135 2228 2222 2265 ναι
2246 2211 2403 2284 σῶμα
2439 2214 2690 2286 ψυχικὸν,
2723 2215 2952 2286 ἐγείρων
2981 2213 3114 2269 αὐτὸ
3130 2209 3651 2284 πνευματικόν.›)Τη-

457 2301 724 2367 Quocirca
780 2301 1088 2356 doctrinam
1145 2299 1403 2356 Ecclesia:
1455 2297 1658 2352 Christi
1715 2296 1973 2351 retinemu

2134 2304 2331 2377 ροῦμεν
2363 2307 2457 2360 καὶ
2486 2308 2546 2360 τὸ
2575 2307 2820 2379 βούλημα
2843 2307 2945 2376 τῆς
2977 2304 3302 2374 Ἐκκλησίας
3323 2300 3414 2355 τοῦ
3442 2298 3650 2372 Χριστοῦ,

460 2401 744 2462 totamque
775 2407 928 2448 suam
960 2389 1340 2463 pollicitationi
1363 2389 1559 2444 divina;
1591 2388 1887 2442 asserimus‘
1911 2400 1976 2439 tu:

2139 2396 2226 2450 καὶ
2254 2399 2314 2451 τὸ
2334 2397 2559 2468 μέγεθος
2579 2401 2678 2470 τῆς
2700 2397 3030 2468 ἐπαγγελίας
3049 2395 3144 2450 τοῦ
3168 2392 3326 2459 Θεοῦ,
3350 2391 3655 2464 παριστάντες

455 2483 834 2555 guitudinem,
890 2483 1105 2554 impleri
1161 2496 1318 2554 posse
1374 2481 1520 2537 illam
1574 2480 1870 2550 probantes
1923 2494 1971 2533 nt

2135 2486 2295 2540 αὑτοῦ
2325 2490 2420 2543 καὶ
2449 2489 2508 2543 τὸ
2538 2489 2784 2555 δυνατὸν,
2815 2489 2913 2544 ούκ
2934 2488 3228 2559 ἀποφάσει,
3254 2485 3390 2540 ἀλλά
3419 2484 3504 2540 καὶ
3520 2484 3651 2554 λόγῳ·

458 2577 642 2633 verbis
684 2585 920 2643 tantum,
959 2576 1055 2632 sed
1090 2580 1256 2632 etiam
1288 2575 1644 2644 argumentis.
1674 2572 1862 2644 Neque
1886 2573 1971 2628 eni

2138 2577 2351 2645 εἰδότες,
2375 2581 2457 2635 ὅτι
2489 2581 2590 2636 κᾶν
2615 2581 2843 2656 οὐρανὸς
2866 2581 2962 2636 καὶ
2981 2583 3053 2652 γῆ
3077 2579 3338 2654 παρέλθοι
3368 2576 3491 2650 «81),
3514 2574 3654 2631 καὶτὰ

454 2668 594 2724 clam
618 2668 777 2724 nobis
797 2677 900 2736 est,
924 2668 1027 2724 etsi
1066 2668 1262 2724 caelum
1297 2678 1351 2724 et
1377 2675 1527 2722 terra
1569 2666 1864 2722 transitura
1900 2665 1970 2721 sir

2138 2678 2189 2731 ἐν
2237 2677 2438 2743 αὐτοῖς,
2466 2678 2580 2733 ἀλλ’
2619 2681 2668 2733 oi
2714 2680 2842 2751 περὶ
2886 2678 3115 2734 ἑκάστου
3159 2677 3310 2746 λόγοι
3334 2675 3494 2738 ὅντες,
3526 2672 3587 2736 ὡς
3613 2673 3654 2725 ὲν

456 2769 516 2818 ut
549 2769 604 2814 et
644 2760 828 2815 omnia
860 2771 982 2828 qua:
1013 2760 1066 2814 in
1115 2760 1199 2816 eis
1230 2768 1379 2825 sunt,
1411 2759 1578 2814 verba
1606 2768 1784 2813 tamen
1813 2773 1932 2828 qua:
1963 2775 1972 2810 ι

2139 2768 2234 2838 ἕλιξ)
2305 2769 2468 2842 μέρη,
2512 2770 2546 2842 ἢ
2579 2772 2655 2835 ὡς
2690 2772 2748 2825 ἐν
2789 2770 2937 2840 γένει
2983 2770 3118 2842 εἴδη,
3143 2767 3239 2823 τοῦ
3265 2769 3324 2822 ὲν
3350 2769 3484 2838 ἀρχῇ
3518 2763 3655 2832 Λόγου

455 2850 683 2922 singulis
728 2849 955 2920 protulit
1003 2849 1071 2918 is,
1100 2851 1192 2920 qui
1242 2850 1294 2904 in
1331 2849 1598 2920 principio
1629 2849 1866 2903 Verbum
1909 2862 1971 2902 er

2247 2875 2269 2921 ς
2307 2837 2407 2922 τὸν
2433 2837 2577 2918 ⁷Θεὸν
2609 2861 2746 2916 Θεοῦ
2775 2837 2935 2928 λόγου
2967 2837 3220 2928 οὐδαμῶς
3246 2852 3654 2926 παρελεύσονταιο
3752 2837 3763 2847 ’

456 2945 597 3015 apud
631 2943 801 2999 Deum
831 2942 972 2997 Deus
1002 2941 1230 2997 Verbum
1262 2943 1347 3010 ⁸ος
1380 2958 1484 2997 non
1508 2940 1850 3011 prmteritura
1872 2955 1972 2996 οδες

2142 2967 2355 3038 θέλομεν
2400 2960 2508 3032 γὰρ
2555 2955 2772 3014 ἀκούειν
2798 2953 2893 3008 τοῦ
2920 2951 3163 3013 εἰπόντος
3185 2966 3199 2978 ·
3233 2967 3252 3002 ι
3275 2948 3334 3002 Ὀ
3359 2944 3561 3018 οὐρανὸς

455 3035 653 3105 quippe
682 3048 807 3106 quae
833 3048 961 3105 erga
989 3033 1143 3089 illum
1181 3044 1326 3096 sunt.
1360 3044 1420 3088 ut
1458 3044 1644 3104 partes
1672 3046 1800 3102 erga
1832 3040 1971 3087 totur

2139 3033 2268 3130 inii
2305 3051 2750 3128 παρελεύσονται,
2780 3047 2831 3100 οἱ
2870 3045 2927 3099 δὲ
2956 3043 3104 3113 λόγοι
3141 3059 3242 3114 μου
3274 3040 3336 3094 οὐ
3382 3038 3454 3110 μὴ
3493 3033 3655 3106 mpii.

455 3135 516 3178 ut
561 3125 770 3196 species
823 3139 952 3194 erga
1003 3139 1208 3194 genus;
1258 3140 1435 3195 neque
1485 3133 1812 3179 cunctamur
1865 3123 2025 3178 iidem
2056 3132 2099 3191 ο

454 3216 656 3273 habere
685 3216 886 3272 dicenti
918 3229 934 3269 :
961 3233 982 3268 ‹
1013 3216 1218 3273 Caelum
1253 3223 1308 3271 et
1335 3224 1482 3270 terra
1513 3215 1841 3283 transibunt,
1865 3216 2031 3271 verba

455 3316 635 3364 autem
670 3321 790 3364 mea
828 3323 934 3362 non
962 3305 1406 3376 pra-teribunt".
1443 3323 1463 3358 ι

2195 3317 2386 3388 Ἡμεῖς
2415 3317 2513 3387 μὲν
2539 3311 2632 3369 οῦν
2675 3313 2736 3368 οῦ
2768 3329 2948 3384 φαμεν
2975 3310 3040 3364 τὸ
3072 3307 3369 3380 διαφθαρὲν
3397 3304 3539 3375 σῶμα
3569 3303 3647 3356 ἑπ-

521 3398 617 3454 23.
650 3397 763 3454 Nus
821 3398 988 3468 igitur
1041 3412 1151 3454 non
1201 3397 1436 3454 dicimus
1482 3404 1797 3467 corruptum
1831 3411 2028 3468 corpus

2133 3408 2439 3480 ινὲρχεσθαι
2465 3410 2545 3470 είς
2577 3406 2674 3478 τὴν
2703 3405 2761 3472 ἐξ
2791 3405 2966 3476 ἀρχῆς
2993 3402 3185 3471 φύσιν,
3213 3401 3289 3464 ὡς
3312 3398 3430 3452 οὐδὲ
3455 3396 3535 3450 τὸν
3557 3394 3649 3446 δια-

455 3494 636 3550 redire
659 3495 726 3548 ad
749 3495 1043 3563 pristinam
1086 3499 1362 3556 naturam;
1404 3501 1463 3546 ut
1514 3503 1688 3558 neque
1715 3501 1969 3560 eorruptu

2133 3500 2392 3572 ροαρέντα
2448 3499 2645 3553 κόκκον
2696 3497 2791 3550 τοῦ
2844 3497 2991 3550 σίτου
3043 3490 3434 3566 ἐπανέρχεσθαι
3480 3487 3548 3551 είς
3579 3484 3649 3536 τὸν

457 3579 620 3634 tritici
652 3592 880 3648 granum
907 3577 1085 3633 denuo
1114 3575 1231 3630 ﬁeri
1259 3589 1483 3644 granum
1514 3575 1678 3630 tritici
1701 3573 1821 3641 ;scd
1842 3590 1973 3646 quem

2145 3601 2321 3654 ιοκκον
2374 3595 2468 3650 τοῦ
2521 3596 2700 3648 σίτου·
2770 3592 3000 3662 λέγομεν
3051 3587 3160 3658 γὰρ
3227 3586 3412 3655 ὥσπερ
3461 3579 3544 3633 ἐπὶ
3584 3572 3661 3628 τοῦ

457 3671 745 3736 admodum
788 3682 820 3724 e
865 3682 1038 3739 grano
1074 3666 1244 3722 tritici
1275 3666 1422 3736 spica
1458 3666 1721 3733 exoritur,
1765 3666 1846 3722 sic
1898 3669 1973 3722 ins

2148 3693 2323 3746 ιόκκου
2369 3686 2464 3742 τοῦ
2522 3688 2666 3740 σίτου
2727 3685 2998 3755 ἐγείρεται
3054 3681 3294 3751 στάχυς,
3355 3676 3490 3730 οὕτω
3534 3671 3664 3737 λόγος

455 3773 567 3818 tam
599 3775 720 3818 esse
759 3761 976 3831 corpori
1007 3761 1116 3814 vim
1150 3758 1464 3830 quamdam,
1496 3773 1619 3827 qua:
1644 3773 1751 3814 non
1781 3773 1971 3815 corrun

2147 3802 2207 3847 rt;
2257 3783 2498 3852 ἔγκειται
2547 3777 2626 3849 τῷ
2677 3777 2909 3848 σώματι,
2961 3775 3052 3843 ἀφ’
3106 3767 3167 3828 οὗ
3225 3772 3300 3844 μὴ
3351 3764 3663 3852 φθειρομένου

454 3854 621 3922 pitur,
657 3861 714 3908 et
742 3867 848 3924 qua
876 3853 936 3907 ﬁt
967 3860 1026 3907 ut
1061 3866 1256 3920 corpus
1283 3849 1336 3906 in
1365 3851 1770 3920 incorruptione
1815 3866 1970 3920 surga

2154 3849 2394 3946 γείρεται
2457 3870 2519 3924 τὸ
2576 3869 2730 3939 σῶμα
2774 3870 2832 3920 ἐν
2876 3863 3184 3937 ἀφθαρσίᾳ.
3243 3860 3305 3914 Ol
3333 3860 3428 3932 μέν
3465 3875 3539 3910 τοι
3578 3849 3665 3907 ἀπὸ

454 3948 765 4005 Stoicorum
818 3962 948 4004 vero
991 3947 1110 4002 haec
1163 3947 1349 4018 opinio
1403 3955 1508 4013 est,
1563 3960 1761 4016 corpus
1803 3946 1970 4001 omni:

2149 3968 2224 4036 τῆς
2270 3965 2440 4028 Στοᾶς
2497 3963 2555 4015 τὸ
2587 3961 2760 4031 πάντη
2814 3957 3112 4031 διαφθαρὲν
3168 3953 3330 4025 σῶμά
3367 3965 3519 4022 φασιν
3555 3948 3665 3999 ἑπα-

455 4048 773 4112 corruptum
836 4041 903 4095 ad
947 4039 1234 4111 pristinam
1284 4038 1465 4094 redire
1515 4049 1798 4105 naturam;
1852 4052 1971 4106 eoqt

2150 4057 2406 4130 ’ἔρχεσθαι
2441 4057 2520 4120 εἰς
2547 4053 2644 4126 τὴν
2670 4052 2728 4118 ἐξ
2757 4053 2932 4124 ἀρχῆς
2980 4050 3163 4120 φύσιν,
3193 4047 3282 4102 διὰ
3313 4045 3382 4101 τὰ
3412 4039 3666 4130 δεδογμένα

454 4131 580 4188 illos
631 4132 860 4188 deduxit
920 4146 1018 4186 sua
1091 4131 1258 4196 ratio,
1311 4144 1398 4185 res
1444 4139 1568 4200 post
1613 4130 1968 4184 eonversioue

2151 4129 2307 4212 ιύτοῖς
2349 4147 2477 4218 περὶ
2504 4145 2612 4199 τῶν
2659 4143 2803 4198 κατά
2851 4143 3096 4214 περίοδον
3131 4137 3565 4212 ἀπαραλλάκτων,
3590 4129 3667 4183 καὶ

450 4225 610 4296 plane
660 4224 869 4281 similes
926 4237 1264 4289 reversuras,
1291 4222 1653 4293 eamdemque
1687 4222 1832 4277 illam
1874 4221 1966 4291 prit

2149 4240 2293 4310 ιύτὴν
2345 4237 2577 4307 ἐκείνην,
2629 4235 2688 4301 ἐξ
2731 4231 2799 4308 ἧς
2847 4234 3032 4305 ἐλύθη,
3064 4234 3164 4304 τὴν
3207 4230 3430 4302 πρώτην
3497 4225 3665 4278 σύστα-

450 4331 734 4388 rem,qu:e
770 4317 1030 4373 dissoluta
1081 4325 1188 4381 est,
1245 4329 1446 4370 rursus
1488 4329 1806 4386 compagem
1854 4313 1966 4369 fore

2152 4349 2212 4384 τιν
2295 4328 2458 4382 πάλιν
2527 4328 2660 4398 φασὶ
2722 4325 3122 4397 συστήσεσθαιο
3187 4319 3540 4380 διαλεκτικαῖς
3588 4312 3668 4382 (ὡς

456 4408 617 4483 595
632 4409 792 4480 idque
809 4409 1136 4465 necessariis
1155 4407 1456 4463 rationibus
1477 4422 1508 4462 e
1533 4408 1819 4463 dialectica
1840 4409 1972 4478 petit

2151 4419 2380 4491 ἴονται,)
2415 4420 2681 4487 ἀνάγκαις
2712 4416 2886 4472 ταῦτα
2932 4415 3316 4487 παριστάντες.
3352 4411 3460 4465 Καὶ
3487 4408 3577 4462 οὐκ
3603 4404 3667 4466 εἰς

449 4472 754 4573 ἧιῦὧὺοιίο
782 4501 886 4559 sibi
915 4501 1188 4556 videntur.
1210 4499 1395 4570 Neque
1422 4502 1585 4556 etiam
1608 4502 1673 4554 ad
1696 4472 1965 4555 absurdiss

2149 4513 2484 4584 ιτοπωτάτην
2515 4529 2579 4580 γε
2618 4509 2962 4582 ἀναχώρησιν
2994 4505 3276 4579 ἀναχωροῦ
3286 4521 3402 4576 μεν,
3431 4501 3665 4569 λέγοντες,

449 4607 597 4649 mum
631 4593 760 4649 illud
789 4594 1103 4665 prasidium
1154 4591 1517 4663 confugimus,
1566 4593 1742 4647 ontnia
1774 4609 1884 4646 esse
1913 4591 1960 4644 Β

2149 4608 2206 4659 ἑτι
2236 4605 2360 4660 πᾶν
2385 4604 2646 4658 δυνατὸν
2680 4603 2762 4669 τῷ
2788 4602 2940 4668 θεῷ·
2979 4601 3200 4672 οἴδαμεν
3229 4599 3340 4669 γὰρ
3361 4595 3562 4652 ἀκούειν
3586 4585 3665 4643 τοῦ

447 4687 739 4756 possibilia.
775 4687 990 4744 Scimus
1037 4687 1180 4744 enim
1219 4685 1348 4740 illud
1389 4689 1568 4741 omnia
1600 4702 1705 4742 non
1735 4685 1963 4755 complet

2151 4697 2246 4752 τᾶν
2277 4697 2378 4750 οὐκ
2407 4696 2500 4750 ἐπὶ
2532 4696 2638 4748 τῶν
2673 4694 3051 4766 ἀνυπάρκτων,
3078 4691 3186 4744 οὐδ’
3208 4691 3302 4745 ἐπὶ
3326 4689 3431 4743 τῶν
3457 4681 3667 4752 ἀδιανοή-

451 4793 516 4835 ea
551 4793 674 4850 quae
720 4779 834 4836 ﬁeri
868 4795 1030 4850 posse
1071 4788 1340 4850 repugnat
1386 4788 1441 4834 et
1480 4779 1730 4849 cogitari.
1785 4778 1967 4834 Diciml

2149 4807 2250 4844 νων.
2299 4787 2482 4859 Φαμὲν
2515 4787 2571 4840 δὲ
2596 4786 2715 4858 -καὶ
2752 4786 2832 4838 ὅτι
2876 4785 2936 4838 ού
2977 4784 3197 4838 δύναται
3230 4779 3428 4853 αἰσχρὰ
3468 4777 3494 4831 ὁ
3534 4771 3665 4834 Θεὸς.

447 4869 614 4925 etiam
643 4871 812 4926 Deum
849 4873 1026 4940 turpia
1067 4888 1174 4928 non
1206 4887 1402 4943 posse;
1433 4870 1632 4939 alioqui
1665 4872 1808 4926 Deus
1835 4885 1962 4938 poss

2156 4883 2245 4933 πελ.
2276 4879 2428 4934 ἔσται
2460 4881 2488 4933 ὁ
2529 4878 2662 4940 Θεὸς
2699 4877 2991 4947 δυνάμενος
3026 4876 3098 4946 μὴ
3129 4868 3266 4926 εἶναι
3301 4871 3460 4933 Θεός·
3502 4867 3546 4921 εί
3577 4861 3667 4932 γὰρ

448 4969 557 5010 non
585 4969 708 5011 esse
729 4957 895 5014 Deus.
925 4957 1060 5014 Nam
1089 4959 1134 5014 si
1165 4959 1292 5030 quid
1321 4969 1476 5029 turpe
1517 4959 1659 5015 Deus
1687 4960 1837 5022 facit,
1878 4959 1964 5015 De:

2152 4972 2349 5042 εἰσχρὸν
2381 4990 2432 5025 τι
2475 4971 2576 5042 δρᾷ
2621 4971 2648 5021 ὁ
2679 4968 2828 5034 Θεὸς,
2881 4967 2979 5020 οὑκ
3012 4965 3127 5019 ἔστι
3158 4965 3310 5028 Θεός.
3357 4959 3504 5017 Ἐπεὶ
3531 4956 3580 5010 δὲ
3602 4951 3668 5006 τί·

452 5059 559 5100 non
596 5055 701 5103 est.
744 5045 897 5113 Quod
936 5058 1114 5105 autem
1162 5051 1313 5121 ponit
1363 5052 1531 5107 Deum
1585 5067 1690 5108 non
1733 5052 1871 5108 velle
1901 5067 1968 5122 qu

2150 5075 2303 5134 ιησιν,
2356 5065 2439 5117 ὅτι
2473 5065 2564 5117 καὶ
2596 5063 2665 5116 τὰ
2714 5060 2860 5134 παρὰ
2891 5057 3051 5130 φύσιν
3078 5059 3105 5111 ὁ
3142 5057 3274 5120 Θεὸς
3325 5055 3384 5108 ού
3432 5052 3666 5123 βούλεται,

450 5145 576 5193 sunt
612 5149 801 5196 contra
836 5150 1124 5210 naturam,
1180 5145 1622 5215 distinguendum
1670 5154 1772 5202 est.
1832 5147 1966 5203 Verb

2151 5155 2542 5228 ιαστελλὸμεοα
2579 5153 2639 5206 τὸ
2677 5154 3000 5224 λεγόμενον·
3037 5151 3117 5203 ὅτι
3146 5149 3194 5203 εἰ
3227 5149 3326 5219 μὲν
3357 5143 3500 5216 παρὰ
3530 5140 3667 5209 φύσιν

450 5229 563 5286 illis
583 5230 628 5287 si
655 5231 778 5301 quis
802 5233 1062 5290 malitiam
1091 5235 1360 5308 designat,
1379 5254 1638 5309 negamus
1654 5249 1707 5296 et
1727 5257 1824 5296 nos
1852 5239 1959 5296 Deu

2149 5266 2206 5312 ἰς
2233 5247 2332 5318 τὴν
2361 5247 2560 5302 κακίαν
2585 5245 2756 5312 λέγει,
2787 5247 2880 5297 καὶ
2908 5244 3066 5314 ἡμεῖς
3095 5241 3344 5311 λέγομεν,
3373 5240 3449 5291 ὅτι
3485 5235 3540 5287 ού
3565 5228 3665 5300 βού-

448 5321 588 5378 velle
624 5337 747 5394 quae
791 5335 986 5382 contra
1029 5336 1278 5383 naturam
1329 5339 1478 5396 sunt,
1511 5345 1634 5401 quae
1683 5331 1823 5386 mala
1871 5348 1964 5387 sun

2147 5358 2274 5394 ,εται
2300 5339 2368 5392 τὰ
2393 5338 2544 5410 παρά
2576 5337 2735 5406 φύσιν
2759 5338 2787 5389 ὸ
2812 5335 2964 5399 Θεὸς,
2989 5333 3111 5388 οὕτε
3133 5333 3199 5386 τὰ
3229 5331 3338 5386 ἀπὸ
3362 5327 3545 5389 κακίας
3559 5319 3663 5410 οὔτε

451 5429 572 5484 qua
633 5415 834 5471 rationi
874 5427 1003 5472 sunt
1034 5420 1348 5488 contraria;
1394 5421 1477 5475 siu
1530 5432 1707 5478 autem
1757 5423 1958 5494 quidqu

2146 5432 2194 5487 τὰ
2227 5431 2434 5498 ἀλόγως
2464 5406 2753 5499 γινόμενα·
2798 5429 2846 5481 εἰ
2883 5427 2939 5479 δὲ
2969 5425 3035 5479 τὰ
3069 5424 3210 5479 κατὰ
3240 5422 3396 5491 λόγον
3432 5412 3554 5472 Θεοῦ
3587 5406 3662 5464 καὶ

521 5525 570 5558 ’⁸
598 5525 618 5580 Ι
647 5526 778 5582 Cor.
826 5541 921 5593 xv,
969 5528 1060 5592 '56,
1116 5531 1205 5594 57,
1243 5532 1332 5596 58,
1368 5532 1461 5599 49.,
1493 5535 1586 5596 45.
1618 5535 1711 5592 44.
1789 5537 1833 5568 ³⁰
1864 5539 2018 5597 Juan.

1368 5532 1461 5599 49.,
1493 5535 1586 5596 45,
1618 5535 1711 5592 44.
1789 5537 1833 5568 ³ο
1864 5539 2018 5597 Juan.
2068 5558 2107 5607 ι,
2162 5542 2210 5595 Ι.
2288 5541 2328 5571 ³¹
2387 5542 2576 5597 Matth.
2613 5557 2764 5609 xxiv,
2797 5541 2883 5595 55.

517 5637 640 5726 (8ολ
794 5638 862 5692 τὸ
912 5643 1334 5726 ῖεζῃσόέεενον.
1367 5646 1450 5726 Δρ
1491 5650 1842 5726 _scrilu-_udum
1871 5655 1931 5708 οὐ
1964 5656 2023 5708 τὸ

1574 5650 1842 5726 Pilttjirlttiu
1871 5655 1931 5708 ού
1964 5656 2023 5708 τὸ
2132 5657 2226 5711 lib.
2255 5673 2289 5708 tt
2323 5656 2787 5722 Oriqenianorum,
2812 5665 3004 5726 quaest.
3038 5654 3090 5706 9.

443 5708 948 5797 γεννηθησομενονῖ
969 5709 1097 5797 Non
1127 5708 1373 5797 displicet
1401 5717 1618 5796 Quieto.
1648 5721 1920 5797 puerum
1956 5751 1959 5772 ι

1825 5737 1923 5797 um
1956 5726 2021 5779 de
2137 5708 2280 5797 ⁷⁷⁷⁷(δι
2293 5729 2312 5796 )
2336 5708 2655 5784 ursam
2681 5708 2758 5783 illi
2774 5708 3040 5796 ἱιίέιιτεῑηο,
3079 5723 3341 5795 παρέλθῃ.

447 5781 858 5838 resurrectione
890 5781 1018 5865 quid
1057 5781 1284 5842 senserit
1327 5786 1612 5866 Origenes,
1643 5790 1758 5846 fuse
1781 5795 2022 5860 aperitur

2135 3152 2324 3206 θωσιν.
2374 3167 2391 3200 ι
