3926 6556
173 393 325 450 1217

1426 402 1702 459 CONTRA
1737 401 2014 459 CELSU‘M
2052 400 2179 454 LIB.
2214 401 2280 456 ν.

3313 401 3451 459 i213

173 511 439 584 βούλησιν
465 513 629 567 αὑτοῦ
659 503 916 585 γινόμενα
947 515 1259 584 ἀναγκαίως
1292 517 1501 582 εὐθέως
1528 515 1667 572 εἶναι
1700 518 1750 589 μὲ

1879 517 2104 573 consilio
2128 515 2222 568 Dei
2253 511 2612 568 etvoluutate
2653 514 2728 578 lit,
2762 513 2814 567 id
2841 514 3148 570 necessario
3183 517 3451 571 confitcn-

171 601 332 676 παρὰ
359 603 538 674 φύσιν,
567 606 628 658 οὐ
666 605 816 676 παρὰ
849 605 1007 676 φύσιν
1039 607 1107 660 τά
1153 608 1503 678 πραττόμενα
1533 611 1637 662 ὑπὸ
1673 607 1799 664 τοῦ’

170 694 338 761 Θεοῦ,
381 697 484 750 κᾶν
523 696 804 768 παράδοξα
833 695 889 770 ᾗ,
937 699 970 769 ἢ
1006 698 1266 753 δοκοῦντά
1313 719 1420 753 τισι
1467 702 1765 774 παράδοξα.

168 787 242 842 Εἰ
277 774 338 841 δὲ
370 786 476 860 χρὴ
530 787 904 859 βεϐιασμένως
939 791 1226 860 ὀνομάσαι,
1264 793 1516 864 ἐροῦμεν,
1567 796 1647 848 ὅτι
1693 795 1768 860 ὡς

172 880 318 953 πρὸς
352 880 450 952 τὴν
479 883 786 954 κοινοτέραν
819 883 1116 954 νοουμένην
1147 885 1305 953 φύσιν
1333 887 1448 938 ὲστί
1471 904 1593 941 τινα
1625 889 1766 960 ὑπὲρ

169 974 276 1045 τὴν
305 973 468 1043 φύσιν
491 973 527 1026 ἂ
555 976 779 1046 ποιήσαι
804 975 869 1029 ἄν
900 993 1029 1028 ποτε
1067 977 1219 1042 Θεὸς,
1259 977 1399 1050 ὑπὲρ
1426 980 1526 1050 τὴν
1559 980 1768 1050 ἀνθρω-

171 1066 342 1138 πίνην
386 1067 547 1137 φύσιν
594 1067 937 1133 ἀναϐιϐάζων
984 1068 1077 1122 τὸν
1120 1069 1433 1140 ἄνθρωπον,
1470 1072 1565 1124 καὶ
1598 1071 1767 1124 ποιῶν

170 1159 344 1214 αὑτὸν
380 1160 731 1232 μεταϐάλλειν
765 1160 858 1213 ἐπὶ
900 1161 1060 1230 φύσιν
1107 1161 1390 1234 κρείττονα
1431 1163 1527 1214 καὶ
1561 1162 1764 1215 θειοτέ-

175 1269 299 1324 ρανο
325 1254 420 1306 καὶ
440 1253 624 1324 τηρῶν
661 1251 924 1318 τοιοῦτον,
951 1255 1074 1307 ὅσον
1109 1253 1220 1325 (8:2)
1252 1253 1345 1305 καὶ
1373 1256 1402 1306 6
1433 1255 1762 1324 τηρούμενος

170 1344 244 1398 δι’
273 1339 354 1401 ὧν
387 1347 618 1419 πράττει
650 1345 1001 1417 παρίστησιν,
1032 1347 1114 1399 ὅτι
1143 1346 1412 1416 βούλεται.

247 1526 436 1592 Ἀπαξ
465 1525 511 1578 δ’
551 1524 816 1590 εἰπόντες,
852 1525 930 1578 ὅτι
973 1524 1125 1577 οὐδὲν
1173 1524 1246 1595 μὴ
1278 1523 1486 1595 πρέπον
1528 1524 1703 1596 ἐαυτῷ
1735 1527 1764 1579 6

169 1615 309 1680 Θεὸς
333 1615 601 1688 βούλεται,
645 1614 988 1686 ἀναιρετικὸν
1015 1614 1281 1684 τυγχάνον
1315 1612 1408 1666 τοῦ
1435 1609 1572 1666 εἷναι
1601 1614 1765 1668 αὐτὸν

168 1710 332 1776 Θεὸν,
359 1711 626 1782 φήσομεν,
659 1711 761 1776 ὅτι,
793 1710 887 1763 ἐάν
919 1726 970 1762 τι
1004 1710 1144 1763 κατὰ
1169 1710 1270 1781 τὴν
1305 1709 1606 1781 μοχθηρίαν
1637 1709 1764 1762 ὲαυ-

169 1804 266 1857 τοῦ
293 1804 583 1875 ἄνθρωπος
614 1803 866 1875 βδελυρὸν
905 1802 1181 1873 βούληται,
1210 1802 1354 1856 τοῦτ’
1384 1802 1444 1855 οὐ
1476 1802 1762 1873 δυνήσεται

1878 613 2002 664 dum
2029 618 2112 663 est
2139 623 2243 661 non
2271 605 2386 660 fieri
2414 613 2603 660 contra
2627 615 2878 659 naturam
2901 646 2915 672 ,
2945 621 3278 676 quaecunque
3308 608 3450 665 Dens

1879 702 2024 766 facit,
2057 700 2173 754 haec
2199 700 2328 753 licet
2358 695 2698 752 incredibilia
2733 697 2845 751 sint
2883 707 2976 752 aut
3007 699 3330 769 quibusdam
3359 700 3445 754 iu-

1876 790 2155 848 credibilia
2196 789 2502 854 videantur,
2536 804 2641 842 non
2672 797 2800 843 sunt
2833 797 3016 843 tamen
3056 801 3244 844 contra
3287 801 3450 845 uatu-

1879 898 2014 937 ram.
2050 881 2200 948 Quod
2231 880 2276 934 si
2330 878 2492 932 verba
2520 893 2712 950 urgere
2743 889 2982 947 Oportet,
3035 879 3280 936 dicemus
3311 897 3454 951 quaa-

1875 973 1996 1025 dam
2024 985 2143 1025 esse
2162 982 2325 1038 supra
2351 977 2622 1029 naturam,
2650 980 2809 1038 prout
2834 972 2972 1026 hanc
2995 985 3179 1027 vocem
3209 971 3454 1040 plerique

1875 1059 2204 1129 intelligunt,
2251 1071 2371 1126 quae
2404 1057 2548 1112 Deus
2591 1057 2808 1114 ellicere
2849 1060 3023 1128 possit
3060 1075 3073 1113 :
3113 1071 3170 1114 ut
3199 1076 3321 1116 cum
3355 1063 3450 1116 ho-

1876 1153 2072 1207 minem
2105 1165 2266 1220 supra
2300 1161 2551 1206 naturam
2583 1152 2880 1205 humanam
2922 1150 3180 1217 ell'ereus,
3227 1153 3452 1222 partici-

1871 1259 1992 1314 pem
2043 1243 2172 1298 lacit
2216 1242 2457 1300 melioris
2504 1240 2902 1312 diviniorisque
2956 1253 3186 1310 naturae,
3217 1258 3452 1314 eumque

1874 1334 1946 1388 ita
1979 1344 2292 1399 conservat,
2333 1333 2568 1404 quandiu
2614 1333 2682 1398 is,
2723 1331 2816 1402 qui
2849 1327 3225 1399 conservatur,
3256 1346 3356 1402 per
3383 1349 3448 1391 ea

1872 1442 1993 1494 quae
2028 1425 2180 1491 facil,
2207 1427 2278 1480 ita
2310 1440 2371 1480 se
2399 1423 2536 1481 velle
2570 1424 2789 1494 probat.

1941 1517 2032 1570 26.
2061 1516 2179 1571 Jam
2210 1531 2333 1570 cum
2358 1515 2796 1570 concesserimus
2823 1517 2991 1571 Deum
3023 1518 3154 1573 nihil
3197 1517 3335 1574 velle
3367 1519 3450 1574 in-

1873 1610 2128 1665 decorum
2160 1608 2284 1675 sibi,
2323 1614 2510 1677 utpote
2534 1621 2643 1674 quo
2666 1606 2848 1662 divina
2885 1623 2984 1664 sua
3014 1619 3202 1664 natura
3233 1609 3449 1667 tollere-

1873 1710 1983 1766 tur,
2012 1716 2122 1756 uou
2153 1702 2503 1766 gravabimur
2539 1699 2720 1764 fateri,
2759 1701 2936 1770 siquid
2967 1711 3122 1772 turpe
3149 1702 3311 1758 homo
3348 1718 3447 1772 pro

1871 1805 1966 1844 sua
1994 1790 2266 1861 pravitate
2300 1789 2552 1857 voluerit,
2599 1791 2767 1845 Deum
2812 1791 2865 1844 id
2902 1791 3085 1846 facere
3117 1809 3222 1849 non
3263 1808 3444 1864 posse.

169 1899 198 1950 6
236 1895 393 1960 Θεὸς.
429 1894 584 1950 Οὕτω
614 1895 671 1949 δὲ
703 1895 803 1948 οῦκ
853 1896 1019 1966 ἐσμεν
1053 1895 1346 1964 φιλόνεικοι
1371 1895 1506 1964 πρὸς
1550 1893 1619 1947 τά
1659 1893 1750 1946 ὑπί

1871 1883 1980 1937 Nec
2009 1897 2138 1938 vero
2169 1897 2286 1947 nos,
2322 1882 2414 1952 qui
2440 1883 2688 1937 veritatis
2719 1897 2902 1937 amore
2933 1883 3070 1939 Celsi
3097 1885 3291 1953 placita
3324 1902 3449 1956 pcr-

167 1991 387 2044 Κέλσου
414 1988 680 2060 λεγόμενα
698 2006 710 2019 ο
735 1988 869 2042 ἀλλὰ
896 1988 1205 2063 φιλαλήθως
1228 1986 1368 2040 αὐτὰ
1390 1987 1758 2054 ἐξετάζοντες,

167 2082 556 2153 συμφὴσομεν,
589 2081 672 2135 ὅτι
719 2080 819 2134 οὐκ
854 2079 967 2133 ἔστι
1001 2078 1100 2152 τῆς
1147 2078 1501 2151 πλημμελοῦς
1534 2079 1762 2152 ὀρέξεως

164 2174 293 2228 οὐδὲ
329 2173 431 2245 τῆς
477 2172 900 2244 πεπλανημένης
941 2172 1232 2243 ἀκοσμίας,
1274 2171 1409 2224 ἀλλὰ
1450 2172 1552 2243 τῆς
1593 2171 1762 2244 όρθῆς

167 2267 265 2318 καὶ
284 2263 502 2327 δικαίας
536 2263 888 2332 φύσεως-(85)
920 2265 947 2316 6
979 2261 1132 2328 Θεὸς,
1177 2263 1270 2315 ἅτε
1303 2261 1612 2332 ἀρχηγέτης
1638 2277 1763 2330 τυγ-

167 2355 354 2424 χάνων
389 2353 598 2415 παντὸς
631 2352 818 2407 καλοῦ.
854 2354 964 2406 Καὶ
992 2355 1072 2406 ὅτι
1112 2353 1290 2423 ψυχῆς
1326 2354 1545 2407 αἰώνιον
1577 2352 1760 2426 βιοτὴν

163 2444 395 2498 δύναται
428 2447 753 2515 παρασχεῖν,
799 2443 1170 2516 ὁμολογοῦμεν
1195 2461 1208 2475 ο
1247 2447 1340 2498 καὶ
1378 2446 1438 2498 οὐ
1479 2445 1636 2516 μόνον
1671 2445 1759 2499 δύο·

165 2547 349 2596 ναται,
388 2529 524 2584 ἀλλά
555 2532 650 2584 καὶ
688 2532 937 2604 παρέχει.
979 2533 1144 2586 Οὐδὲν
1185 2533 1242 2586 δὲ
1288 2534 1522 2603 μάλιστα
1563 2535 1650 2588 διὰ
1688 2537 1758 2590 τά

163 2618 547 2690 προειρημένα
579 2619 738 2673 λυπεῖ
783 2621 930 2691 ἡμᾶς
979 2619 1100 2674 οὐδὲ
1144 2621 1206 2674 τὸ
1243 2623 1350 2676 ὑπὸ
1400 2623 1756 2694 Ἡρακλείτου

163 2713 484 2784 λεγόμενον,
536 2713 673 2785 ὅπερ
711 2714 918 2779 Κέλσος
956 2715 1317 2788 παρείληφεν,
1359 2719 1442 2771 ὅτι
1491 2736 1509 2770 ι
1567 2719 1756 2782 νέκυές

166 2808 276 2860 εἰσι
315 2807 560 2879 κοπρίων
603 2805 1014 2880 ἐκϐλητότεροι·
1061 2827 1078 2860 ι
1117 2809 1360 2878 καίτοιγε
1395 2808 1539 2863 εἴποι
1571 2828 1655 2875 τις
1688 2810 1756 2867 ἂν

166 2898 263 2952 καὶ
297 2898 431 2969 περὶ
455 2897 667 2963 τούτου,
693 2900 775 2952 ὅτι
798 2899 866 2952 τὰ
888 2898 988 2969 μὲν
1016 2900 1223 2970 κόπρια
1248 2900 1484 2971 ἔκϐλητά
1513 2903 1682 2966 ἐστιν,
1704 2904 1755 2956 oi

163 2989 210 3042 δ’
246 2989 306 3056 ἐξ
339 2987 628 3061 ἀνθρώπου
671 2990 860 3054 νέκυες
901 2989 989 3043 διὰ
1025 2990 1122 3061 τὴν
1161 2992 1522 3064 ὲνοικήσασαν
1553 2993 1753 3066 ψυχὴν,

165 3081 268 3135 καὶ
312 3079 551 3137 μάλιστα
581 3081 677 3135 ἐὰν
786 3082 1126 3154 ἁστειοτέρα,
1160 3084 1261 3138 οὐκ
1293 3084 1561 3156 ὲκϐλητοί.
1598 3086 1755 3141 Κατὰ

167 3172 280 3244 γάρ
305 3173 435 3238 τοὺς
463 3171 838 3246 ἀστειοτέρους
863 3173 973 3228 τῶν
1006 3175 1204 3246 νόμων,
1240 3176 1377 3247 μετὰ
1405 3177 1504 3247 τῆς
1549 3177 1756 3249 ἐνδεχο-

171 3265 343 3336 μένης
361 3265 440 3328 ὠς
463 3265 599 3337 πρὸς
614 3265 680 3322 τὰ
696 3265 917 3320 τοιαῦτα
936 3266 1101 3336 τιμῆς
1125 3268 1303 3339 ταφῆς
1320 3267 1594 3333 ἀξιοῦνται
1615 3269 1748 3341 (84)⁸
1784 3248 1826 3307 C

167 3358 258 3411 ἵνα
294 3355 369 3428 μὴ
414 3356 723 3429 ὑϐρίζωμεν
750 3360 814 3429 τῇ
861 3358 1086 3429 δυνάμει
1115 3359 1212 3430 τὴν
1251 3361 1612 3432 ὲνοικήσασοιν
1651 3362 1752 3432 ψυ-

165 3447 292 3519 χὴν,
338 3448 803 3521 ἀπορριπτοῦντες
857 3449 996 3520 μετὰ
1045 3447 1105 3501 τὸ
1153 3448 1387 3514 ἐξελθεῖν
1427 3453 1640 3521 ἐκείνην
1689 3452 1752 3506 τὸ

165 3539 351 3610 σῶμα,
377 3540 454 3603 ὡς
482 3540 574 3592 καὶ
607 3538 674 3592 τὰ
704 3540 812 3592 τῶν
841 3541 1055 3612 κτηνῶν
1084 3541 1328 3612 σώματα.
1359 3541 1450 3599 Mi:
1481 3541 1750 3613 βουλέσθω

162 3627 260 3686 οὖν
303 3632 336 3684 6
366 3630 502 3695 Θεὸς
539 3631 866 3702 παραλόγως
906 3632 1121 3687 αἰώνιον
1163 3635 1436 3704 ἀποφῆναι
1479 3635 1616 3704 μήτε
1658 3635 1749 3687 τὸν

161 3720 261 3775 τοῦ
296 3721 446 3775 σίτου
474 3722 695 3787 κόκκον,
725 3722 840 3776 ἀλλ’
876 3724 908 3793 ἢ
948 3724 1055 3794 ἄρα
1083 3723 1194 3794 (85)
1221 3724 1311 3776 τὸν
1340 3724 1398 3791 ἐξ
1427 3723 1590 3778 αὑτοῦ
1624 3724 1750 3778 στά-

163 3831 288 3886 χυν,
327 3813 464 3886 μηδὲ
495 3814 558 3867 τὸ
590 3814 946 3886 σπειρόμενον
980 3816 1037 3868 ἐν
1069 3814 1244 3887 φθορᾷ
1267 3814 1404 3869 ἀλλὰ
1429 3815 1490 3867 τὸ
1517 3814 1612 3867 ἀπ’
1647 3814 1748 3867 αὑ-

160 3905 261 3960 τοῦ
294 3906 642 3976 ἐγειρόμενον
669 3907 728 3959 ὲν
760 3905 1055 3977 ἀφθαρσίᾳ.
1095 3907 1254 3959 Ἀλλά
1290 3908 1384 3960 καὶ
1415 3908 1442 3960 6
1470 3907 1580 3959 τῶν
1613 3906 1748 3959 πάνθ

159 4014 273 4052 των
296 3996 454 4066 λόγος
485 3998 603 4051 ἐστὶ
638 3997 780 4054 κατὰ
814 3998 911 4070 μὲν
940 3999 1146 4052 Κέλσον
1172 3998 1334 4062 αὐτὸς
1365 4000 1392 4050 6
1421 3998 1572 4064 Θεὸς,
1606 3995 1748 4050 κατὰ

159 4087 219 4141 δὲ
249 4088 401 4159 ἡμᾶς
425 4088 454 4141 6
485 4087 615 4152 Υἱὸς
651 4085 816 4143 αὐτοῦ
835 4105 848 4117 ”
891 4089 1019 4159 περὶ
1051 4081 1115 4143 οὗ
1143 4088 1558 4157 φιλοσοφοῦντες
1594 4090 1746 4160 λέγο-

165 4195 268 4252 μεν
296 4179 379 4234 τό·
415 4197 435 4233 ι
492 4181 582 4234 Ἐν
608 4182 749 4252 ἀρχῇ
775 4176 841 4252 ἧν
866 4181 894 4232 6
917 4179 1109 4250 Λόγος,
1136 4181 1229 4234 καὶ
1257 4187 1283 4236 6
1316 4183 1485 4252 Λόγος
1505 4179 1573 4256 ἦν
1607 4191 1744 4262 πρὸς

158 4273 252 4327 τὸν
297 4273 450 4338 Θεὸν,
494 4273 589 4328 καὶ
637 4273 771 4337 Θεὸς
807 4269 874 4345 ἦν
911 4274 939 4326 6
984 4273 1172 4342 Λόγος.
1214 4293 1231 4324 ι
1284 4274 1440 4328 Ἀλλά
1485 4279 1580 4331 καὶ
1625 4282 1743 4335 καθ’

158 4363 309 4432 ἡμᾶς
332 4361 485 4415 οὐδὲν
507 4357 617 4426 οἷός
637 4379 698 4416 τε
725 4363 1032 4434 παράλογον
1060 4361 1181 4416 οὔτε
1210 4365 1338 4434 παρ’
1368 4365 1556 4420 ἑαυτὸν
1579 4367 1743 4438 ἐργά-

160 4452 362 4507 σασθαί
394 4452 542 4508 ἐστιν
573 4455 602 4508 6
634 4453 788 4518 656;.-

233 4545 465 4616 Ἴδωμεν
503 4545 559 4599 δὲ
603 4546 698 4599 καὶ
727 4546 827 4618 τὴν
863 4541 990 4617 έξῆς
1030 4547 1124 4600 τοῦ
1153 4548 1357 4602 Κέλσου
1380 4548 1544 4615 λέξιν,
1568 4549 1740 4615 οὕτως

156 4634 420 4707 ἔχουσανο
461 4655 481 4690 ε
534 4638 770 4693 Ἰουδαῖοι
803 4638 905 4710 μὲν
936 4634 1050 4704 οὖν,
1087 4641 1238 4705 ἔθνος
1269 4641 1396 4695 ἴδιον
1441 4641 1742 4714 γενόμενοι,

157 4727 254 4782 καὶ
291 4729 436 4783 κατὰ
464 4729 524 4782 τὸ
561 4727 852 4801 ἐπιχώριον
889 4731 1087 4801 νόμους
1130 4732 1364 4803 θέμενοι,
1402 4735 1495 4787 καὶ
1525 4733 1747 4798 τούτους

156 4821 215 4874 ὲν
269 4821 456 4889 σφίσιν
504 4821 584 4875 ἔτι
639 4821 734 4876 νῦν
788 4822 1245 4894 περιστέλλοντες,
1305 4825 1398 4878 καὶ
1447 4824 1746 4897 θρησκείαν

155 4910 350 4964 ὁποίαν
388 4910 475 4983 δὴ,
510 4911 738 4984 πάτριον
771 4912 814 4965 δ’
855 4908 970 4978 οὖν,
1007 4913 1389 4983 φυλάσσοντες,
1431 4918 1591 4986 ὃμοια
1632 4917 1744 4980 τοῖς

153 5003 338 5067 ἄλλοις
383 5003 690 5075 ἀνθρώποις
736 5004 966 5076 δρῶσιν·
1015 5006 1095 5059 ὅτι
1136 5007 1356 5060 ἕκαστοι
1397 5008 1463 5061 τά
1515 5007 1741 5079 πάτρια,

152 5095 314 5151 ὁποῖά
346 5095 468 5149 ποτ’
493 5094 560 5148 ἂν
581 5095 720 5168 τύχῃ
741 5096 1115 5168 καθεστηκότα
1134 5100 1453 5171 περιέπουσι
1481 5100 1614 5171 (86).
1646 5103 1744 5154 Δο-

223 5189 269 5219 ³²
303 5187 465 5245 Joan.
521 5205 559 5255 ι,
601 5188 654 5243 1.

221 5279 339 5360 (8?)
382 5278 680 5360 Τοιοᾷτρν,
707 5280 876 5360 ὅσοςν.
897 5285 1005 5360 _Sic
1035 5299 1161 5360 mss.
1191 5284 1328 5360 Quid
1355 5286 1725 5360 siscrihatur,

149 5351 540 5429 τοιοῦτον,“ὲφ’
581 5351 704 5429 ὅσον
750 5353 846 5429 καῖ
887 5355 915 5406 ὀ
959 5356 1327 5429 τηρούμενοςῖ
1361 5355 1534 5429 Lihb._
1563 5351 1728 5422 editi,

151 5421 374 5486 τοῦτον,
404 5421 554 5498 ὅσον.
601 5421 720 5478 Mox
773 5425 935 5480 iidem
981 5421 1044 5480 nr
1071 5421 1346 5495 margine,
1386 5421 1730 5498 περιίστησιν

151 5493 624 5567 ρω,ῖεμείστησινσ

221 5563 536 5646 (85)].ibb.
579 5563 740 5646 editi,
778 5567 1010 5646 φόσεως.
1043 5567 1212 5646 Codd.
1252 5568 1547 5646 Regiusnet
1578 5568 1729 5646 Basi-

152 5633 372 5706 leensis,
407 5635 661 5706 κρίσεως.
699 5633 868 5694 Paulo
897 5650 1019 5706 post
1061 5639 1223 5693 iidem
1255 5633 1384 5694 libb.
1412 5639 1575 5706 editi,
1615 5639 1727 5693 Καὶ

154 5657 372 5702 mensis,
407 5657 661 5706 κρισεως.
701 5657 868 5694 rauto
913 5657 1019 5693 ‘OSI
1061 5657 1223 5693 nuem
1255 5657 1384 5694 uno.
1412 5657 1575 5706 eutu,
1615 5657 1720 5693 nat

153 5703 277 5779 ᾷλλο
307 5723 362 5759 τι
407 5706 602 5779 ψυχῆς
637 5706 852 5764 αἰώνιον
886 5657 1070 5779 ὲιοτὴν
1111 5709 1398 5772 δύνασθαι,
1435 5713 1527 5764 scd
1564 5711 1720 5764 codd.

155 5776 352 5850 li‘egius
378 5787 435 5831 et
466 5778 810 5850 Basileettsis,
839 5776 947 5832 Kal
979 5776 1060 5832 ὅτι
1083 5779 1261 5849 ψυχῆς
1291 5780 1506 5836 αἰώνιον
1539 5779 1720 5850 βιοτὴν

153 5843 514 5926 adﬁgit-ubi
550 5863 646 5926 pro
677 5848 873 5926 ψυχῆς,
913 5843 1123 5926 mallent

222 5915 364 6016 (δι)ἱ
390 5915 731 5981 Ἀξιοῦνται.
752 5915 928 5974 liecle
962 5921 1115 5976 codd.
1148 5915 1344 5989 Iit-gius
1371 5930 1419 5974 cl
1454 5918 1717 5974 Basilacn-

1870 1975 2174 2044 pendimus,
2201 1975 2276 2028 ita
2295 1974 2635 2028 contentiose
2665 1974 2780 2042 ejus
2812 1973 2969 2028 dictis
2996 1977 3440 2046 repugnabimus,

1871 2076 1928 2122 ul
1961 2066 2036 2122 illi
2068 2083 2172 2120 non
2212 2066 2571 2121 assentiamur
2601 2065 2862 2119 asserenti
2898 2066 3062 2121 Deum
3091 2083 3192 2124 nec
3215 2068 3418 2126 vitioso

1870 2174 1986 2215 rum
2018 2159 2408 2215 desideriorum
2438 2175 2539 2215 uec
2569 2159 2994 2214 inordinatarum
3014 2160 3318 2227 libidinum,
3348 2164 3442 2218 sed

1868 2254 2302 2324 rectmjustzeque
2318 2265 2526 2309 natura:
2550 2254 2722 2306 Deum
2750 2266 2893 2317 esse,
2933 2252 3134 2321 quippe
3152 2254 3243 2322 qui
3261 2253 3440 2309 oumis

1867 2345 2082 2402 honesti
2104 2344 2225 2401 fons
2241 2354 2390 2401 estet
2409 2345 2756 2415 principium.
2771 2345 3259 2414 Fatemurquoque
3273 2345 3438 2402 Deum

1865 2449 2026 2505 posse
2057 2437 2222 2491 vitam
2252 2437 2450 2490 anima:
2484 2434 2669 2506 largiri
2698 2437 3106 2506 sempiternam,
3132 2452 3232 2494 nec
3263 2439 3438 2495 solum

1865 2543 2042 2598 posse,
2077 2528 2170 2583 sed
2181 2528 2344 2583 etiam
2362 2529 2539 2597 reipsa
2553 2527 2767 2598 largiri.
2783 2529 2958 2598 Atque
2977 2543 3040 2584 ex
3062 2529 3144 2584 his
3156 2545 3278 2600 qua:
3295 2531 3438 2586 dicta

1864 2621 2302 2681 sunthactenus,
2329 2618 2636 2688 intelligere
2672 2617 2800 2675 licet
2825 2618 2982 2675 nobis
3007 2620 3296 2675 molestum
3327 2635 3437 2677 non

1863 2726 1986 2768 esse
2012 2712 2064 2768 id
2094 2713 2238 2782 quod
2265 2712 2455 2768 Celsus
2481 2709 2669 2778 objicit
2705 2726 2773 2768 ex
2803 2710 3100 2778 Heraclito,
3131 2729 3150 2763 ι
3170 2711 3436 2768 cadavera

1861 2802 1947 2858 vel
1979 2802 2308 2858 stercoribus
2329 2817 2450 2857 esse
2481 2801 2702 2867 viliora;
2741 2818 2760 2852 ι
2791 2815 3101 2871 quanquam
3140 2799 3241 2857 hac
3266 2800 3334 2856 de
3379 2814 3439 2856 re

1863 2897 2044 2951 dicere
2074 2896 2197 2965 quis
2223 2904 2403 2964 potest
2429 2894 2559 2950 vilia
2595 2895 2810 2965 quidem
2849 2907 2971 2950 esse
2997 2903 3273 2962 stercora,
3327 2908 3435 2950 nou

1862 2995 2042 3042 autem
2073 2987 2368 3041 humanum
2397 2985 2653 3050 cadaver,
2697 2984 2842 3056 quod
2892 2984 3072 3040 anima
3102 2985 3346 3049 incoluit,
3381 2993 3438 3041 et

1862 3081 2162 3150 praesertim
2223 3078 2268 3134 si
2335 3078 2498 3134 fuerit
2547 3078 2794 3133 studiosa
2842 3077 3080 3133 virtutis.
3142 3075 3254 3134 [loc
3287 3077 3434 3133 enim

1864 3171 2134 3240 aequiores
2163 3170 2310 3238 leges
2340 3170 2530 3225 donari
2559 3169 2840 3239 sepultura
2879 3169 3085 3234 volunt,
3132 3168 3294 3239 idque
3335 3169 3435 3227 ho-

1858 3262 2091 3320 noriﬁco
2119 3266 2228 3319 ritu
2257 3263 2348 3334 qui
2395 3274 2505 3319 tum
2553 3262 2800 3318 adhiberi
2845 3263 2986 3318 solet
3020 3281 3032 3318 :
3072 3278 3142 3320 ne
3179 3263 3433 3320 videlicet

1859 3359 2156 3411 humanum
2185 3369 2407 3421 corpus,
2450 3363 2511 3409 ut
2533 3364 2729 3410 caetera
2769 3356 3094 3421 bestiarum,
3142 3355 3432 3426 projicieu—

1861 3455 1962 3515 tes,
1994 3447 2231 3501 animam
2262 3459 2293 3501 e
2316 3459 2544 3517 corpore
2573 3461 2849 3518 egressam
2881 3455 3140 3516 quantum
3171 3448 3224 3503 in
3274 3447 3431 3504 nobis

1856 3549 1943 3594 est
1979 3539 2274 3594 alliciamus
2298 3539 2651 3595 contumelia.
2705 3537 2789 3593 Sit
2821 3539 2983 3610 igitur
3014 3538 3306 3594 absurdum
3334 3540 3410 3596 im

1856 3631 2243 3685 mortalitatem
2275 3646 2305 3684 a
2334 3630 2446 3684 Deo
2497 3631 2612 3686 dari
2659 3644 2832 3702 grano
2864 3630 3054 3695 tritici,
3085 3641 3178 3686 aut
3207 3632 3286 3688 rei
3310 3647 3430 3701 qua:

1855 3725 2157 3780 seminatur
2189 3723 2240 3777 in
2276 3724 2628 3794 corruptione
2649 3742 2663 3791 ;
2682 3725 2778 3781 sed
2807 3724 3012 3794 spicam
3037 3739 3102 3780 ex
3131 3739 3299 3791 grano
3331 3739 3431 3780 na-

1859 3825 1966 3872 tam
2003 3831 2098 3872 seu
2129 3817 2180 3872 id
2214 3817 2358 3886 quod
2385 3817 2559 3887 surgit
2582 3817 2635 3870 iu
2662 3816 3091 3886 incorruptione,
3125 3816 3431 3872 immortale

1856 3908 1976 3965 lieri
2012 3925 2116 3965 non
2153 3920 2237 3964 est
2261 3910 2579 3964 absurdum.
2617 3908 2880 3979 Denique,
2917 3909 3082 3980 596
3118 3908 3164 3965 si
3211 3907 3427 3964 Celsum

1855 4003 2068 4069 audias,
2097 4001 2239 4057 Deus
2267 4003 2383 4072 ipse
2408 4017 2594 4059 rerum
2632 4004 2874 4059 omnium
2909 4004 3045 4058 ratio
3074 4012 3188 4067 est;
3233 4000 3328 4056 sed
3358 4014 3425 4055 ex

1855 4095 2032 4161 nobis,
2067 4094 2187 4162 ejus
2216 4102 2302 4148 est
2333 4093 2505 4150 Filius
2529 4112 2543 4162 ;
2580 4095 2646 4149 de
2675 4108 2786 4164 quo
2811 4094 3258 4165 philoSOphantcs
3281 4091 3424 4148 dici-

1853 4201 1973 4240 mus
2006 4203 2020 4240 :
2055 4204 2072 4238 ι
2111 4183 2169 4239 in
2205 4186 2474 4256 principio
2502 4195 2618 4242 erat
2643 4185 2915 4250 Verbum,
2959 4193 3016 4238 et
3042 4183 3280 4238 Verbum
3308 4191 3426 4238 erat

1851 4275 1990 4345 apud
2024 4276 2217 4342 Deum,
2264 4284 2320 4331 et
2350 4277 2494 4333 Deus
2539 4285 2658 4330 erat
2689 4274 2923 4331 Verbum
2954 4275 3022 4329 ³⁸.
3062 4292 3082 4327 ι
3121 4272 3226 4327 Sed
3253 4280 3309 4327 et
3342 4269 3424 4328 fac

1853 4378 2030 4422 temur
2059 4369 2230 4423 Deum
2281 4367 2418 4423 nihil
2468 4377 2659 4424 contra
2709 4368 2996 4431 rationem,
3048 4364 3185 4421 nihil
3232 4369 3422 4420 contra

1848 4458 2085 4527 seipsum
2119 4475 2278 4530 posse
2306 4461 2506 4516 facere.

1920 4550 2012 4606 25.
2037 4550 2158 4607 Jam
2188 4552 2470 4608 videamus
2499 4567 2620 4621 quae
2661 4559 2964 4622 sequuntur
2994 4547 3138 4619 apud
3178 4547 3419 4606 Celsum.

1851 4641 1944 4700 Sic
1989 4643 2125 4700 ille:
2163 4661 2183 4696 ι
2233 4643 2366 4698 Cum
2420 4643 2582 4715 igitur
2638 4642 2807 4698 Judaei
2863 4639 3123 4712 peculiari
3180 4637 3416 4709 quadam

1845 4745 2006 4806 gente
2051 4735 2347 4791 constituta
2372 4735 2512 4792 latas
2543 4751 2644 4806 pro
2686 4749 2785 4790 suo
2831 4732 3048 4804 ingenio
3079 4731 3224 4802 leges
3249 4730 3414 4786 etiam

1845 4843 1990 4883 nunc
2033 4827 2354 4892 observant,
2387 4837 2442 4884 et
2475 4828 2790 4898 religionem
2843 4841 2964 4896 quae
3012 4823 3406 4892 qualiscunque

1842 4919 1932 4983 sit,
1967 4919 2140 4989 patria
2175 4929 2256 4975 est
2287 4929 2492 4986 tamen,
2524 4927 2885 4981 conservant;
2947 4915 3152 4970 faciunt
3183 4912 3414 4984 perinde

1843 5026 1908 5066 ac
1935 5013 2120 5067 ca'teri
2149 5013 2416 5080 homines,
2449 5011 2541 5083 qui
2578 5010 2754 5080 patria
2789 5009 3037 5064 instituta
3087 5017 3412 5078 sequuntur,

1843 5102 2244 5175 qualiacunque
2272 5104 2401 5161 sint.
2428 5105 2605 5174 Atque
2633 5104 2706 5158 ita
2754 5101 2871 5157 ﬁeri
2902 5098 3241 5156 conducibile
3269 5097 3417 5152 vide-
3462 5112 3478 5124 ο

1838 5289 1935 5350 sis.
1964 5287 2192 5340 refertur
2238 5286 2384 5342 enim
2430 5288 2494 5338 ad
2535 5286 2803 5352 superius,
2849 5285 2899 5337 οἱ
2936 5283 2978 5337 δ’
3012 5281 3072 5348 ἐξ
3115 5278 3405 5352 ἀνθρώπου

1835 5359 2046 5420 νέκυες.
2080 5357 2234 5411 Libb.
2263 5358 2411 5420 editi,
2437 5356 2701 5420 ἀξιοῦται.

1907 5429 2020 5495 (85)
2074 5430 2225 5481 Ἀλλ’
2335 5426 2465 5494 ἄρα.
2517 5430 2607 5482 Sic
2652 5442 2784 5482 mss.
2817 5425 2971 5480 Lihb.
3021 5432 3200 5479 autem
3237 5423 3400 5490 editi,

1831 5495 1944 5553 ἀλλ’
1977 5501 2025 5550 εί
2057 5499 2186 5568 ἄρα.

1905 5569 2016 5638 (86)
2058 5562 2394 5624 Πωδεὶιριὶιιε
2417 5577 2471 5621 et
2504 5567 2828 5634 Spcncerus,
2861 5566 2968 5635 ὅπη
3003 5564 3120 5617 ποτ’
3144 5564 3210 5617 ἂν
3236 5562 3397 5638 τύχῃ,

1831 5635 2171 5702 περιέπουσι,
2199 5639 2288 5693 sed
2324 5638 2614 5693 Philoealia
2642 5647 2700 5692 ut
2731 5639 2782 5691 in
2816 5648 3000 5690 nostro
3032 5645 3202 5691 textu.
3234 5635 3401 5688 l‘aulo

1833 5704 1973 5765 infra
2007 5711 2194 5765 eadem
2229 5709 2541 5771 Philocalia,
2575 5709 2667 5761 xui.
2688 5708 2769 5761 δεῖ
2800 5707 3104 5776 φυλάττειν.
3139 5704 3399 5760 iimsche—

1830 5781 1931 5834 lius
1971 5791 2025 5835 et
2076 5781 2402 5848 Speucerus,
2449 5780 2544 5833 καὶ
2574 5779 2682 5831 δεῖν
2718 5779 3021 5847 φυλάττειν.
3060 5778 3124 5831 Et
3174 5792 3296 5829 mox
3345 5776 3394 5828 in

1830 5855 2096 5919 margine,
2121 5850 2254 5903 ἀλλὰ
2286 5849 2379 5903 καὶ
2413 5850 2560 5912 ὅπως
2587 5849 2754 5912 εἰκός,
