  <div class='ocr_page' id='page_1' title='image "/cluster/home/n/w/nwhite01/storage/ocr_20150623/11/hvd.32044024345175/615.png"; bbox 0 0 3840 6412; ppageno 0'>
   <div class='ocr_carea' id='block_1_1' title="bbox 494 281 635 339">
    <p class='ocr_par' dir='ltr' id='par_1_1' title="bbox 494 281 635 339">
     <span class='ocr_line' id='line_1_1' title="bbox 494 281 635 339; baseline 0.021 -3"><span class='ocrx_word' id='word_1_1' title='bbox 494 281 635 339; x_wconf 68' lang='grc'><strong>1919</strong></span> 
     </span>
    </p>
   </div>
   <div class='ocr_carea' id='block_1_2' title="bbox 1930 272 2254 338">
    <p class='ocr_par' dir='ltr' id='par_1_2' title="bbox 1930 272 2254 338">
     <span class='ocr_line' id='line_1_2' title="bbox 1930 272 2254 338; baseline -0.006 0"><span class='ocrx_word' id='word_1_2' title='bbox 1930 272 2254 338; x_wconf 81' lang='lat' dir='ltr'><strong>ORIGENIS</strong></span> 
     </span>
    </p>
   </div>
   <div class='ocr_carea' id='block_1_3' title="bbox 3591 280 3693 340">
    <p class='ocr_par' dir='ltr' id='par_1_3' title="bbox 3591 280 3693 340">
     <span class='ocr_line' id='line_1_3' title="bbox 3591 280 3693 340; baseline 0.059 -6"><span class='ocrx_word' id='word_1_3' title='bbox 3591 280 3693 340; x_wconf 64' lang='grc' dir='ltr'><strong>12ἓο</strong></span> 
     </span>
    </p>
   </div>
   <div class='ocr_carea' id='block_1_4' title="bbox 491 390 2062 469">
    <p class='ocr_par' dir='ltr' id='par_1_4' title="bbox 491 394 2062 469">
     <span class='ocr_line' id='line_1_4' title="bbox 491 394 2062 469; baseline -0.002 -14"><span class='ocrx_word' id='word_1_4' title='bbox 491 410 581 456; x_wconf 88' lang='lat' dir='ltr'><strong>tur</strong></span> <span class='ocrx_word' id='word_1_5' title='bbox 611 416 624 454; x_wconf 76' lang='grc' dir='ltr'><strong>ι</strong></span> <span class='ocrx_word' id='word_1_6' title='bbox 655 406 767 454; x_wconf 90' lang='lat' dir='ltr'><strong>tum</strong></span> <span class='ocrx_word' id='word_1_7' title='bbox 799 397 928 469; x_wconf 82' lang='lat' dir='ltr'><strong>quia</strong></span> <span class='ocrx_word' id='word_1_8' title='bbox 974 395 1092 453; x_wconf 67' lang='lat' dir='ltr'><strong>alite</strong></span> <span class='ocrx_word' id='word_1_9' title='bbox 1136 395 1259 452; x_wconf 87' lang='lat' dir='ltr'><strong>aliis</strong></span> <span class='ocrx_word' id='word_1_10' title='bbox 1289 395 1441 466; x_wconf 81' lang='lat' dir='ltr'><strong>leges</strong></span> <span class='ocrx_word' id='word_1_11' title='bbox 1474 394 1530 452; x_wconf 89' lang='lat' dir='ltr'><strong>in</strong></span> <span class='ocrx_word' id='word_1_12' title='bbox 1566 403 1806 452; x_wconf 92' lang='lat' dir='ltr'><strong>mentem</strong></span> <span class='ocrx_word' id='word_1_13' title='bbox 1843 409 2062 464; x_wconf 85' lang='lat' dir='ltr'><strong>venere,</strong></span> 
     </span>
    </p>
   </div>
   <div class='ocr_carea' id='block_1_5' title="bbox 2173 390 3696 469">
    <p class='ocr_par' dir='ltr' id='par_1_5' title="bbox 2173 390 3696 466">
     <span class='ocr_line' id='line_1_5' title="bbox 2173 390 3696 466; baseline 0.002 -18"><span class='ocrx_word' id='word_1_14' title='bbox 2173 397 2259 448; x_wconf 85' lang='grc' dir='ltr'><strong>κεί</strong></span> <span class='ocrx_word' id='word_1_15' title='bbox 2286 393 2330 448; x_wconf 85' lang='grc' dir='ltr'>δ’</span> <span class='ocrx_word' id='word_1_16' title='bbox 2351 393 2494 448; x_wconf 73' lang='grc' dir='ltr'>οὕτω</span> <span class='ocrx_word' id='word_1_17' title='bbox 2523 390 2618 447; x_wconf 65' lang='grc' dir='ltr'>καὶ</span> <span class='ocrx_word' id='word_1_18' title='bbox 2651 391 2975 466; x_wconf 74' lang='grc' dir='ltr'><strong>συμφέρειν,</strong></span> <span class='ocrx_word' id='word_1_19' title='bbox 3005 393 3066 448; x_wconf 78' lang='grc' dir='ltr'>οὔ</span> <span class='ocrx_word' id='word_1_20' title='bbox 3100 393 3258 464; x_wconf 87' lang='grc' dir='ltr'>μόνον</span> <span class='ocrx_word' id='word_1_21' title='bbox 3285 391 3465 448; x_wconf 79' lang='grc' dir='ltr'><strong>καθότι</strong></span> <span class='ocrx_word' id='word_1_22' title='bbox 3495 393 3578 448; x_wconf 75' lang='grc' dir='ltr'><strong>ἐπὶ</strong></span> <span class='ocrx_word' id='word_1_23' title='bbox 3611 396 3696 451; x_wconf 65' lang='grc' dir='ltr'>νοῦν</span> 
     </span>
    </p>
   </div>
   <div class='ocr_carea' id='block_1_6' title="bbox 491 487 2066 560">
    <p class='ocr_par' dir='ltr' id='par_1_6' title="bbox 491 487 2066 560">
     <span class='ocr_line' id='line_1_6' title="bbox 491 487 2066 560; baseline -0.004 -10"><span class='ocrx_word' id='word_1_24' title='bbox 491 502 546 550; x_wconf 88' lang='lat' dir='ltr'><strong>et</strong></span> <span class='ocrx_word' id='word_1_25' title='bbox 562 489 770 549; x_wconf 91' lang='lat' dir='ltr'><strong>servari</strong></span> <span class='ocrx_word' id='word_1_26' title='bbox 805 497 1023 558; x_wconf 90' lang='lat' dir='ltr'><strong>oportet</strong></span> <span class='ocrx_word' id='word_1_27' title='bbox 1052 502 1116 544; x_wconf 89' lang='lat' dir='ltr'><strong>ea</strong></span> <span class='ocrx_word' id='word_1_28' title='bbox 1147 503 1271 558; x_wconf 71' lang='lat' dir='ltr'><strong>qua:</strong></span> <span class='ocrx_word' id='word_1_29' title='bbox 1314 487 1530 560; x_wconf 87' lang='lat' dir='ltr'><strong>publice</strong></span> <span class='ocrx_word' id='word_1_30' title='bbox 1562 488 1863 542; x_wconf 87' lang='lat' dir='ltr'><strong>constituta</strong></span> <span class='ocrx_word' id='word_1_31' title='bbox 1893 497 2066 558; x_wconf 86' lang='lat' dir='ltr'><strong>sunt;</strong></span> 
     </span>
    </p>
   </div>
   <div class='ocr_carea' id='block_1_7' title="bbox 493 578 2070 654">
    <p class='ocr_par' dir='ltr' id='par_1_7' title="bbox 493 578 2070 654">
     <span class='ocr_line' id='line_1_7' title="bbox 493 578 2070 654; baseline -0.003 -14"><span class='ocrx_word' id='word_1_32' title='bbox 493 592 606 640; x_wconf 90' lang='lat' dir='ltr'><strong>tum</strong></span> <span class='ocrx_word' id='word_1_33' title='bbox 625 580 767 654; x_wconf 91' lang='lat' dir='ltr'><strong>quod</strong></span> <span class='ocrx_word' id='word_1_34' title='bbox 789 579 1071 652; x_wconf 83' lang='lat' dir='ltr'><strong>probabile</strong></span> <span class='ocrx_word' id='word_1_35' title='bbox 1091 588 1175 636; x_wconf 90' lang='lat' dir='ltr'><strong>est</strong></span> <span class='ocrx_word' id='word_1_36' title='bbox 1189 579 1437 635; x_wconf 88' lang='lat' dir='ltr'><strong>diversas</strong></span> <span class='ocrx_word' id='word_1_37' title='bbox 1454 587 1612 634; x_wconf 80' lang='lat' dir='ltr'><strong>terrae</strong></span> <span class='ocrx_word' id='word_1_38' title='bbox 1633 588 1820 650; x_wconf 88' lang='lat' dir='ltr'><strong>partes</strong></span> <span class='ocrx_word' id='word_1_39' title='bbox 1839 578 2070 635; x_wconf 83' lang='lat' dir='ltr'><strong>diversis</strong></span> 
     </span>
    </p>
   </div>
   <div class='ocr_carea' id='block_1_8' title="bbox 491 672 2070 749">
    <p class='ocr_par' dir='ltr' id='par_1_8' title="bbox 491 672 2070 749">
     <span class='ocr_line' id='line_1_8' title="bbox 491 672 2070 749; baseline -0.003 -16"><span class='ocrx_word' id='word_1_40' title='bbox 491 675 869 749; x_wconf 82' lang='lat' dir='ltr'><strong>potestatibus,</strong></span> <span class='ocrx_word' id='word_1_41' title='bbox 901 672 1061 745; x_wconf 88' lang='lat' dir='ltr'><strong>quasi</strong></span> <span class='ocrx_word' id='word_1_42' title='bbox 1096 672 1362 744; x_wconf 88' lang='lat' dir='ltr'><strong>quasdam</strong></span> <span class='ocrx_word' id='word_1_43' title='bbox 1395 672 1788 742; x_wconf 73' lang='lat' dir='ltr'><strong>praefecturas,</strong></span> <span class='ocrx_word' id='word_1_44' title='bbox 1814 672 2070 728; x_wconf 88' lang='lat' dir='ltr'><strong>commis-</strong></span> 
     </span>
    </p>
   </div>
   <div class='ocr_carea' id='block_1_9' title="bbox 490 761 2071 831">
    <p class='ocr_par' dir='ltr' id='par_1_9' title="bbox 490 761 2071 831">
     <span class='ocr_line' id='line_1_9' title="bbox 490 761 2071 831; baseline -0.004 -7"><span class='ocrx_word' id='word_1_45' title='bbox 490 781 578 824; x_wconf 89' lang='lat' dir='ltr'><strong>sas</strong></span> <span class='ocrx_word' id='word_1_46' title='bbox 606 767 675 821; x_wconf 87' lang='lat' dir='ltr'><strong>ab</strong></span> <span class='ocrx_word' id='word_1_47' title='bbox 727 764 906 831; x_wconf 88' lang='lat' dir='ltr'><strong>initio,</strong></span> <span class='ocrx_word' id='word_1_48' title='bbox 955 763 1146 821; x_wconf 88' lang='lat' dir='ltr'><strong>eodem</strong></span> <span class='ocrx_word' id='word_1_49' title='bbox 1197 777 1343 820; x_wconf 93' lang='lat' dir='ltr'><strong>nunc</strong></span> <span class='ocrx_word' id='word_1_50' title='bbox 1372 763 1533 818; x_wconf 91' lang='lat' dir='ltr'><strong>modo</strong></span> <span class='ocrx_word' id='word_1_51' title='bbox 1566 761 1966 819; x_wconf 85' lang='lat' dir='ltr'><strong>administrari.</strong></span> <span class='ocrx_word' id='word_1_52' title='bbox 1999 762 2071 818; x_wconf 86' lang='lat' dir='ltr'><strong>Et</strong></span> 
     </span>
    </p>
   </div>
   <div class='ocr_carea' id='block_1_10' title="bbox 488 853 2068 925">
    <p class='ocr_par' dir='ltr' id='par_1_10' title="bbox 488 853 2068 925">
     <span class='ocr_line' id='line_1_10' title="bbox 488 853 2068 925; baseline -0.001 -13"><span class='ocrx_word' id='word_1_53' title='bbox 488 866 637 914; x_wconf 84' lang='lat' dir='ltr'><strong>recte</strong></span> <span class='ocrx_word' id='word_1_54' title='bbox 661 869 784 912; x_wconf 90' lang='lat' dir='ltr'><strong>cum</strong></span> <span class='ocrx_word' id='word_1_55' title='bbox 808 853 1038 925; x_wconf 85' lang='lat' dir='ltr'><strong>singulis</strong></span> <span class='ocrx_word' id='word_1_56' title='bbox 1067 853 1270 923; x_wconf 81' lang='lat' dir='ltr'><strong>agitur,</strong></span> <span class='ocrx_word' id='word_1_57' title='bbox 1301 866 1421 909; x_wconf 90' lang='lat' dir='ltr'><strong>cum</strong></span> <span class='ocrx_word' id='word_1_58' title='bbox 1448 863 1717 922; x_wconf 75' lang='lat' dir='ltr'><strong>reguntur</strong></span> <span class='ocrx_word' id='word_1_59' title='bbox 1742 867 1807 910; x_wconf 87' lang='lat' dir='ltr'><strong>ea</strong></span> <span class='ocrx_word' id='word_1_60' title='bbox 1831 853 2068 920; x_wconf 88' lang='lat' dir='ltr'><strong>ratione,</strong></span> 
     </span>
    </p>
   </div>
   <div class='ocr_carea' id='block_1_11' title="bbox 487 946 2071 1018">
    <p class='ocr_par' dir='ltr' id='par_1_11' title="bbox 487 946 2071 1018">
     <span class='ocr_line' id='line_1_11' title="bbox 487 946 2071 1018; baseline -0.003 -12"><span class='ocrx_word' id='word_1_61' title='bbox 487 962 609 1006; x_wconf 75' lang='lat' dir='ltr'><strong>uuae</strong></span> <span class='ocrx_word' id='word_1_62' title='bbox 640 947 747 1003; x_wconf 88' lang='lat' dir='ltr'><strong>illis</strong></span> <span class='ocrx_word' id='word_1_63' title='bbox 771 946 1134 1016; x_wconf 88' lang='lat' dir='ltr'><strong>potestatibus</strong></span> <span class='ocrx_word' id='word_1_64' title='bbox 1162 946 1380 1018; x_wconf 89' lang='lat' dir='ltr'><strong>placet;</strong></span> <span class='ocrx_word' id='word_1_65' title='bbox 1413 961 1517 1004; x_wconf 89' lang='lat' dir='ltr'><strong>nec</strong></span> <span class='ocrx_word' id='word_1_66' title='bbox 1549 946 1633 1002; x_wconf 82' lang='lat' dir='ltr'><strong>fas</strong></span> <span class='ocrx_word' id='word_1_67' title='bbox 1655 955 1740 1003; x_wconf 90' lang='lat' dir='ltr'><strong>est</strong></span> <span class='ocrx_word' id='word_1_68' title='bbox 1769 947 2071 1003; x_wconf 84' lang='lat' dir='ltr'><strong>dissolvere</strong></span> 
     </span>
    </p>
   </div>
   <div class='ocr_carea' id='block_1_12' title="bbox 487 1039 2071 1113">
    <p class='ocr_par' dir='ltr' id='par_1_12' title="bbox 487 1039 2071 1113">
     <span class='ocr_line' id='line_1_12' title="bbox 487 1039 2071 1113; baseline 0.001 -20"><span class='ocrx_word' id='word_1_69' title='bbox 487 1057 607 1113; x_wconf 71' lang='lat' dir='ltr'><strong>qute</strong></span> <span class='ocrx_word' id='word_1_70' title='bbox 635 1057 731 1112; x_wconf 91' lang='lat' dir='ltr'><strong>pro</strong></span> <span class='ocrx_word' id='word_1_71' title='bbox 757 1041 873 1096; x_wconf 89' lang='lat' dir='ltr'><strong>suis</strong></span> <span class='ocrx_word' id='word_1_72' title='bbox 905 1052 1132 1110; x_wconf 68' lang='lat' dir='ltr'><strong>qumque</strong></span> <span class='ocrx_word' id='word_1_73' title='bbox 1165 1039 1300 1096; x_wconf 88' lang='lat' dir='ltr'><strong>locis</strong></span> <span class='ocrx_word' id='word_1_74' title='bbox 1343 1040 1452 1110; x_wconf 86' lang='lat' dir='ltr'><strong>jam</strong></span> <span class='ocrx_word' id='word_1_75' title='bbox 1483 1050 1598 1096; x_wconf 92' lang='lat' dir='ltr'><strong>tum</strong></span> <span class='ocrx_word' id='word_1_76' title='bbox 1621 1041 1690 1096; x_wconf 90' lang='lat' dir='ltr'><strong>ab</strong></span> <span class='ocrx_word' id='word_1_77' title='bbox 1719 1040 1873 1096; x_wconf 92' lang='lat' dir='ltr'><strong>initio</strong></span> <span class='ocrx_word' id='word_1_78' title='bbox 1909 1040 2071 1096; x_wconf 91' lang='lat' dir='ltr'><strong>insti-</strong></span> 
     </span>
    </p>
   </div>
   <div class='ocr_carea' id='block_1_13' title="bbox 489 1131 2071 1204">
    <p class='ocr_par' dir='ltr' id='par_1_13' title="bbox 489 1131 2071 1204">
     <span class='ocr_line' id='line_1_13' title="bbox 489 1131 2071 1204; baseline 0.001 -15"><span class='ocrx_word' id='word_1_79' title='bbox 489 1144 600 1189; x_wconf 88' lang='lat' dir='ltr'><strong>tuta</strong></span> <span class='ocrx_word' id='word_1_80' title='bbox 626 1142 771 1189; x_wconf 89' lang='lat' dir='ltr'><strong>sunt.</strong></span> <span class='ocrx_word' id='word_1_81' title='bbox 806 1156 827 1187; x_wconf 77' lang='grc' dir='ltr'><strong>ι</strong></span> <span class='ocrx_word' id='word_1_82' title='bbox 870 1132 971 1187; x_wconf 87' lang='lat' dir='ltr'><strong>llic</strong></span> <span class='ocrx_word' id='word_1_83' title='bbox 993 1131 1180 1187; x_wconf 91' lang='lat' dir='ltr'><strong>Celsus</strong></span> <span class='ocrx_word' id='word_1_84' title='bbox 1211 1131 1416 1189; x_wconf 87' lang='lat' dir='ltr'><strong>indicat</strong></span> <span class='ocrx_word' id='word_1_85' title='bbox 1446 1131 1664 1189; x_wconf 72' lang='lat' dir='ltr'><strong>Judteos</strong></span> <span class='ocrx_word' id='word_1_86' title='bbox 1697 1135 1765 1188; x_wconf 89' lang='lat' dir='ltr'><strong>ab</strong></span> <span class='ocrx_word' id='word_1_87' title='bbox 1797 1132 2071 1204; x_wconf 62' lang='lat' dir='ltr'><strong>Algypliis</strong></span> 
     </span>
    </p>
   </div>
   <div class='ocr_carea' id='block_1_14' title="bbox 485 1225 2071 1297">
    <p class='ocr_par' dir='ltr' id='par_1_14' title="bbox 485 1225 2071 1297">
     <span class='ocr_line' id='line_1_14' title="bbox 485 1225 2071 1297; baseline 0.001 -16"><span class='ocrx_word' id='word_1_88' title='bbox 485 1227 746 1282; x_wconf 89' lang='lat' dir='ltr'><strong>oriundos</strong></span> <span class='ocrx_word' id='word_1_89' title='bbox 771 1225 1104 1295; x_wconf 86' lang='lat' dir='ltr'><strong>peculiarem</strong></span> <span class='ocrx_word' id='word_1_90' title='bbox 1138 1234 1322 1297; x_wconf 88' lang='lat' dir='ltr'><strong>postea</strong></span> <span class='ocrx_word' id='word_1_91' title='bbox 1351 1225 1699 1281; x_wconf 88' lang='lat' dir='ltr'><strong>constituisse</strong></span> <span class='ocrx_word' id='word_1_92' title='bbox 1721 1235 1958 1296; x_wconf 77' lang='lat' dir='ltr'><strong>gentem,</strong></span> <span class='ocrx_word' id='word_1_93' title='bbox 1992 1225 2071 1283; x_wconf 92' lang='lat' dir='ltr'><strong>le-</strong></span> 
     </span>
    </p>
   </div>
   <div class='ocr_carea' id='block_1_15' title="bbox 488 1319 2069 1391">
    <p class='ocr_par' dir='ltr' id='par_1_15' title="bbox 488 1319 2069 1391">
     <span class='ocr_line' id='line_1_15' title="bbox 488 1319 2069 1391; baseline 0 -17"><span class='ocrx_word' id='word_1_94' title='bbox 488 1334 584 1390; x_wconf 78' lang='lat' dir='ltr'><strong>ges</strong></span> <span class='ocrx_word' id='word_1_95' title='bbox 621 1319 837 1386; x_wconf 87' lang='lat' dir='ltr'><strong>tulisse,</strong></span> <span class='ocrx_word' id='word_1_96' title='bbox 863 1333 1066 1391; x_wconf 89' lang='lat' dir='ltr'><strong>easque</strong></span> <span class='ocrx_word' id='word_1_97' title='bbox 1106 1319 1426 1375; x_wconf 88' lang='lat' dir='ltr'><strong>observare.</strong></span> <span class='ocrx_word' id='word_1_98' title='bbox 1471 1319 1670 1390; x_wconf 89' lang='lat' dir='ltr'><strong>Atque,</strong></span> <span class='ocrx_word' id='word_1_99' title='bbox 1715 1327 1775 1372; x_wconf 93' lang='lat' dir='ltr'><strong>ut</strong></span> <span class='ocrx_word' id='word_1_100' title='bbox 1803 1332 1872 1374; x_wconf 91' lang='lat' dir='ltr'><strong>ne</strong></span> <span class='ocrx_word' id='word_1_101' title='bbox 1903 1321 2069 1376; x_wconf 85' lang='lat' dir='ltr'><strong>verba</strong></span> 
     </span>
    </p>
   </div>
   <div class='ocr_carea' id='block_1_16' title="bbox 487 1409 2072 1489">
    <p class='ocr_par' dir='ltr' id='par_1_16' title="bbox 487 1409 2072 1489">
     <span class='ocr_line' id='line_1_16' title="bbox 487 1409 2072 1489; baseline 0.001 -22"><span class='ocrx_word' id='word_1_102' title='bbox 487 1409 604 1480; x_wconf 76' lang='lat' dir='ltr'><strong>eius</strong></span> <span class='ocrx_word' id='word_1_103' title='bbox 638 1413 922 1489; x_wconf 85' lang='lat' dir='ltr'><strong>iteremus,</strong></span> <span class='ocrx_word' id='word_1_104' title='bbox 951 1412 1278 1482; x_wconf 84' lang='lat' dir='ltr'><strong>signiﬁcate</strong></span> <span class='ocrx_word' id='word_1_105' title='bbox 1311 1427 1372 1467; x_wconf 92' lang='lat' dir='ltr'><strong>re</strong></span> <span class='ocrx_word' id='word_1_106' title='bbox 1402 1411 1600 1479; x_wconf 79' lang='lat' dir='ltr'><strong>fuisse,</strong></span> <span class='ocrx_word' id='word_1_107' title='bbox 1631 1420 1691 1466; x_wconf 87' lang='lat' dir='ltr'><strong>ut</strong></span> <span class='ocrx_word' id='word_1_108' title='bbox 1715 1411 1950 1481; x_wconf 88' lang='lat' dir='ltr'><strong>patriam</strong></span> <span class='ocrx_word' id='word_1_109' title='bbox 1985 1425 2072 1468; x_wconf 89' lang='lat' dir='ltr'><strong>re-</strong></span> 
     </span>
    </p>
   </div>
   <div class='ocr_carea' id='block_1_17' title="bbox 486 1503 2068 1576">
    <p class='ocr_par' dir='ltr' id='par_1_17' title="bbox 486 1503 2068 1576">
     <span class='ocr_line' id='line_1_17' title="bbox 486 1503 2068 1576; baseline 0.002 -19"><span class='ocrx_word' id='word_1_110' title='bbox 486 1504 740 1576; x_wconf 83' lang='lat' dir='ltr'><strong>ligionem</strong></span> <span class='ocrx_word' id='word_1_111' title='bbox 774 1513 1088 1571; x_wconf 89' lang='lat' dir='ltr'><strong>tuerentur,</strong></span> <span class='ocrx_word' id='word_1_112' title='bbox 1136 1503 1593 1576; x_wconf 87' lang='lat' dir='ltr'><strong>quemadmodum</strong></span> <span class='ocrx_word' id='word_1_113' title='bbox 1621 1513 1832 1559; x_wconf 64' lang='lat' dir='ltr'><strong>caetera:</strong></span> <span class='ocrx_word' id='word_1_114' title='bbox 1881 1509 2068 1574; x_wconf 75' lang='lat' dir='ltr'><strong>gentes</strong></span> 
     </span>
    </p>
   </div>
   <div class='ocr_carea' id='block_1_18' title="bbox 487 1594 2070 1666">
    <p class='ocr_par' dir='ltr' id='par_1_18' title="bbox 487 1594 2070 1666">
     <span class='ocr_line' id='line_1_18' title="bbox 487 1594 2070 1666; baseline -0.002 -15"><span class='ocrx_word' id='word_1_115' title='bbox 487 1594 707 1666; x_wconf 87' lang='lat' dir='ltr'><strong>propria</strong></span> <span class='ocrx_word' id='word_1_116' title='bbox 738 1611 838 1651; x_wconf 89' lang='lat' dir='ltr'><strong>sua</strong></span> <span class='ocrx_word' id='word_1_117' title='bbox 867 1597 1114 1652; x_wconf 88' lang='lat' dir='ltr'><strong>instituta</strong></span> <span class='ocrx_word' id='word_1_118' title='bbox 1154 1596 1408 1653; x_wconf 85' lang='lat' dir='ltr'><strong>retinent.</strong></span> <span class='ocrx_word' id='word_1_119' title='bbox 1436 1596 1578 1664; x_wconf 83' lang='lat' dir='ltr'><strong>Quin</strong></span> <span class='ocrx_word' id='word_1_120' title='bbox 1624 1606 1680 1651; x_wconf 92' lang='lat' dir='ltr'><strong>et</strong></span> <span class='ocrx_word' id='word_1_121' title='bbox 1709 1596 2070 1662; x_wconf 88' lang='lat' dir='ltr'><strong>arcaniorem,</strong></span> 
     </span>
    </p>
   </div>
   <div class='ocr_carea' id='block_1_19' title="bbox 488 1685 2074 1752">
    <p class='ocr_par' dir='ltr' id='par_1_19' title="bbox 488 1685 2074 1752">
     <span class='ocr_line' id='line_1_19' title="bbox 488 1685 2074 1752; baseline -0.001 -10"><span class='ocrx_word' id='word_1_122' title='bbox 488 1701 586 1742; x_wconf 88' lang='lat' dir='ltr'><strong>cur</strong></span> <span class='ocrx_word' id='word_1_123' title='bbox 625 1686 679 1742; x_wconf 86' lang='lat' dir='ltr'><strong>id</strong></span> <span class='ocrx_word' id='word_1_124' title='bbox 710 1687 844 1743; x_wconf 80' lang='lat' dir='ltr'><strong>utile</strong></span> <span class='ocrx_word' id='word_1_125' title='bbox 876 1686 1042 1743; x_wconf 85' lang='lat' dir='ltr'><strong>fuerit</strong></span> <span class='ocrx_word' id='word_1_126' title='bbox 1065 1727 1080 1752; x_wconf 87' lang='lat'><strong>,</strong></span> <span class='ocrx_word' id='word_1_127' title='bbox 1119 1701 1341 1743; x_wconf 85' lang='lat' dir='ltr'><strong>causam</strong></span> <span class='ocrx_word' id='word_1_128' title='bbox 1375 1687 1561 1752; x_wconf 82' lang='lat' dir='ltr'><strong>all&#39;ert,</strong></span> <span class='ocrx_word' id='word_1_129' title='bbox 1605 1701 1732 1743; x_wconf 90' lang='lat' dir='ltr'><strong>cum</strong></span> <span class='ocrx_word' id='word_1_130' title='bbox 1765 1685 2074 1742; x_wconf 89' lang='lat' dir='ltr'><strong>subindicat</strong></span> 
     </span>
    </p>
   </div>
   <div class='ocr_carea' id='block_1_20' title="bbox 2154 481 3697 557">
    <p class='ocr_par' dir='ltr' id='par_1_20' title="bbox 2154 481 3697 557">
     <span class='ocr_line' id='line_1_20' title="bbox 2154 481 3697 557; baseline 0.004 -21"><span class='ocrx_word' id='word_1_131' title='bbox 2154 481 2336 557; x_wconf 77' lang='grc' dir='ltr'>’ἦλθεν</span> <span class='ocrx_word' id='word_1_132' title='bbox 2365 483 2546 548; x_wconf 81' lang='grc' dir='ltr'>ἄλλοις</span> <span class='ocrx_word' id='word_1_133' title='bbox 2575 482 2752 549; x_wconf 85' lang='grc' dir='ltr'>ἄλλως</span> <span class='ocrx_word' id='word_1_134' title='bbox 2779 483 3021 555; x_wconf 87' lang='grc' dir='ltr'>νομίσαι,</span> <span class='ocrx_word' id='word_1_135' title='bbox 3047 485 3144 538; x_wconf 72' lang='grc' dir='ltr'><strong>καὶ</strong></span> <span class='ocrx_word' id='word_1_136' title='bbox 3176 484 3258 538; x_wconf 80' lang='grc' dir='ltr'>δεῖ</span> <span class='ocrx_word' id='word_1_137' title='bbox 3285 483 3555 552; x_wconf 79' lang='grc' dir='ltr'><strong>φυλάττειν</strong></span> <span class='ocrx_word' id='word_1_138' title='bbox 3573 486 3626 541; x_wconf 81' lang='grc' dir='ltr'>ιὰ</span> <span class='ocrx_word' id='word_1_139' title='bbox 3656 491 3697 554; x_wconf 77' lang='grc' dir='ltr'>ἐς</span> 
     </span>
    </p>
   </div>
   <div class='ocr_carea' id='block_1_21' title="bbox 2173 573 3697 652">
    <p class='ocr_par' dir='ltr' id='par_1_21' title="bbox 2173 573 3697 652">
     <span class='ocr_line' id='line_1_21' title="bbox 2173 573 3697 652; baseline 0.001 -22"><span class='ocrx_word' id='word_1_140' title='bbox 2173 575 2352 630; x_wconf 77' lang='grc' dir='ltr'>κοινὸν</span> <span class='ocrx_word' id='word_1_141' title='bbox 2382 575 2761 646; x_wconf 79' lang='grc' dir='ltr'><strong>κεκυρωμένα,</strong></span> <span class='ocrx_word' id='word_1_142' title='bbox 2795 574 2930 629; x_wconf 83' lang='grc' dir='ltr'><strong>ἀλλά</strong></span> <span class='ocrx_word' id='word_1_143' title='bbox 2965 577 3058 629; x_wconf 72' lang='grc' dir='ltr'><strong>καὶ</strong></span> <span class='ocrx_word' id='word_1_144' title='bbox 3084 575 3184 640; x_wconf 81' lang='grc' dir='ltr'>δτι,</span> <span class='ocrx_word' id='word_1_145' title='bbox 3205 573 3281 640; x_wconf 83' lang='grc' dir='ltr'><strong>ὡς</strong></span> <span class='ocrx_word' id='word_1_146' title='bbox 3315 574 3474 642; x_wconf 81' lang='grc' dir='ltr'>εἰκὸς,</span> <span class='ocrx_word' id='word_1_147' title='bbox 3504 576 3566 631; x_wconf 81' lang='grc' dir='ltr'>τὰ</span> <span class='ocrx_word' id='word_1_148' title='bbox 3590 578 3697 652; x_wconf 86' lang='grc' dir='ltr'>μέρη</span> 
     </span>
    </p>
   </div>
   <div class='ocr_carea' id='block_1_22' title="bbox 2169 665 3698 742">
    <p class='ocr_par' dir='ltr' id='par_1_22' title="bbox 2169 665 3698 742">
     <span class='ocr_line' id='line_1_22' title="bbox 2169 665 3698 742; baseline 0.003 -22"><span class='ocrx_word' id='word_1_149' title='bbox 2169 667 2267 738; x_wconf 84' lang='grc' dir='ltr'><strong>τῆς</strong></span> <span class='ocrx_word' id='word_1_150' title='bbox 2300 665 2401 737; x_wconf 83' lang='grc' dir='ltr'>γῆς</span> <span class='ocrx_word' id='word_1_151' title='bbox 2427 665 2487 731; x_wconf 83' lang='grc' dir='ltr'>ἐξ</span> <span class='ocrx_word' id='word_1_152' title='bbox 2516 666 2692 737; x_wconf 81' lang='grc' dir='ltr'>ἀρχῆς</span> <span class='ocrx_word' id='word_1_153' title='bbox 2720 665 2855 720; x_wconf 84' lang='grc' dir='ltr'>ἄλλα</span> <span class='ocrx_word' id='word_1_154' title='bbox 2879 666 3060 730; x_wconf 80' lang='grc' dir='ltr'>ἄλλοις</span> <span class='ocrx_word' id='word_1_155' title='bbox 3097 667 3359 731; x_wconf 87' lang='grc' dir='ltr'>ἐπόπταις</span> <span class='ocrx_word' id='word_1_156' title='bbox 3385 670 3698 742; x_wconf 78' lang='grc' dir='ltr'><strong>νενεμημένα,</strong></span> 
     </span>
    </p>
   </div>
   <div class='ocr_carea' id='block_1_23' title="bbox 2171 757 3701 834">
    <p class='ocr_par' dir='ltr' id='par_1_23' title="bbox 2171 757 3701 834">
     <span class='ocr_line' id='line_1_23' title="bbox 2171 757 3701 834; baseline 0.003 -22"><span class='ocrx_word' id='word_1_157' title='bbox 2171 758 2266 812; x_wconf 73' lang='grc' dir='ltr'>καὶ</span> <span class='ocrx_word' id='word_1_158' title='bbox 2296 758 2438 812; x_wconf 80' lang='grc' dir='ltr'>κατὰ</span> <span class='ocrx_word' id='word_1_159' title='bbox 2470 775 2621 821; x_wconf 88' lang='grc' dir='ltr'>τινας</span> <span class='ocrx_word' id='word_1_160' title='bbox 2649 757 3005 830; x_wconf 76' lang='grc' dir='ltr'><strong>ἐπικρατείας</strong></span> <span class='ocrx_word' id='word_1_161' title='bbox 3043 758 3424 828; x_wconf 81' lang='grc' dir='ltr'><strong>διειλημμένα,</strong></span> <span class='ocrx_word' id='word_1_162' title='bbox 3453 759 3606 834; x_wconf 81' lang='grc' dir='ltr'>ταύτῃ</span> <span class='ocrx_word' id='word_1_163' title='bbox 3631 763 3701 817; x_wconf 73' lang='grc' dir='ltr'><strong>καὶ</strong></span> 
     </span>
    </p>
   </div>
   <div class='ocr_carea' id='block_1_24' title="bbox 2169 848 3704 922">
    <p class='ocr_par' dir='ltr' id='par_1_24' title="bbox 2169 848 3704 922">
     <span class='ocr_line' id='line_1_24' title="bbox 2169 848 3704 922; baseline 0.001 -18"><span class='ocrx_word' id='word_1_164' title='bbox 2169 848 2473 904; x_wconf 71' lang='grc' dir='ltr'>διοικπῖται.</span> <span class='ocrx_word' id='word_1_165' title='bbox 2505 849 2616 903; x_wconf 74' lang='grc' dir='ltr'><strong>Καὶ</strong></span> <span class='ocrx_word' id='word_1_166' title='bbox 2647 849 2712 920; x_wconf 86' lang='grc' dir='ltr'>δὴ</span> <span class='ocrx_word' id='word_1_167' title='bbox 2740 849 2808 902; x_wconf 83' lang='grc' dir='ltr'>τὰ</span> <span class='ocrx_word' id='word_1_168' title='bbox 2842 851 2970 921; x_wconf 83' lang='grc' dir='ltr'>παρ’</span> <span class='ocrx_word' id='word_1_169' title='bbox 2997 848 3247 912; x_wconf 78' lang='grc' dir='ltr'>ἑκάστοις</span> <span class='ocrx_word' id='word_1_170' title='bbox 3275 849 3447 921; x_wconf 81' lang='grc' dir='ltr'><strong>ὀρθῶς</strong></span> <span class='ocrx_word' id='word_1_171' title='bbox 3480 850 3541 904; x_wconf 83' lang='grc' dir='ltr'>ἂν</span> <span class='ocrx_word' id='word_1_172' title='bbox 3568 852 3704 922; x_wconf 74' lang='grc' dir='ltr'>πράτ-</span> 
     </span>
    </p>
   </div>
   <div class='ocr_carea' id='block_1_25' title="bbox 2168 937 3702 1012">
    <p class='ocr_par' dir='ltr' id='par_1_25' title="bbox 2168 937 3702 1012">
     <span class='ocr_line' id='line_1_25' title="bbox 2168 937 3702 1012; baseline 0.003 -20"><span class='ocrx_word' id='word_1_173' title='bbox 2168 956 2314 993; x_wconf 90' lang='grc' dir='ltr'>τοιτο</span> <span class='ocrx_word' id='word_1_174' title='bbox 2340 937 2514 1012; x_wconf 83' lang='grc' dir='ltr'>ταύτῃ</span> <span class='ocrx_word' id='word_1_175' title='bbox 2544 937 2821 1010; x_wconf 86' lang='grc' dir='ltr'>δρώμενα,</span> <span class='ocrx_word' id='word_1_176' title='bbox 2853 940 2960 1012; x_wconf 86' lang='grc' dir='ltr'>ὅπη</span> <span class='ocrx_word' id='word_1_177' title='bbox 2989 939 3217 1003; x_wconf 87' lang='grc' dir='ltr'>ἐκείνοις</span> <span class='ocrx_word' id='word_1_178' title='bbox 3243 939 3419 1008; x_wconf 72' lang='grc' dir='ltr'>φίλον·</span> <span class='ocrx_word' id='word_1_179' title='bbox 3457 941 3702 1012; x_wconf 73' lang='grc' dir='ltr'>παραλύειν</span> 
     </span>
    </p>
   </div>
   <div class='ocr_carea' id='block_1_26' title="bbox 2169 1025 3704 1102">
    <p class='ocr_par' dir='ltr' id='par_1_26' title="bbox 2169 1025 3704 1102">
     <span class='ocr_line' id='line_1_26' title="bbox 2169 1025 3704 1102; baseline 0.002 -18"><span class='ocrx_word' id='word_1_180' title='bbox 2169 1030 2227 1084; x_wconf 82' lang='grc' dir='ltr'>δὲ</span> <span class='ocrx_word' id='word_1_181' title='bbox 2252 1031 2348 1100; x_wconf 72' lang='grc' dir='ltr'><strong>οὐχ</strong></span> <span class='ocrx_word' id='word_1_182' title='bbox 2381 1029 2529 1084; x_wconf 85' lang='grc' dir='ltr'>ὅσιον</span> <span class='ocrx_word' id='word_1_183' title='bbox 2565 1025 2706 1084; x_wconf 71' lang='grc' dir='ltr'>εἶναι</span> <span class='ocrx_word' id='word_1_184' title='bbox 2752 1030 2822 1084; x_wconf 73' lang='grc' dir='ltr'>τὰ</span> <span class='ocrx_word' id='word_1_185' title='bbox 2874 1029 2934 1095; x_wconf 79' lang='grc' dir='ltr'>ἐξ</span> <span class='ocrx_word' id='word_1_186' title='bbox 2977 1030 3153 1102; x_wconf 80' lang='grc' dir='ltr'>ἀρχῆς</span> <span class='ocrx_word' id='word_1_187' title='bbox 3189 1032 3332 1084; x_wconf 74' lang='grc' dir='ltr'>κατὰ</span> <span class='ocrx_word' id='word_1_188' title='bbox 3375 1031 3704 1096; x_wconf 78' lang='grc' dir='ltr'>τόπουςνενο-</span> 
     </span>
    </p>
   </div>
   <div class='ocr_carea' id='block_1_27' title="bbox 2175 1120 3703 1193">
    <p class='ocr_par' dir='ltr' id='par_1_27' title="bbox 2175 1120 3703 1193">
     <span class='ocr_line' id='line_1_27' title="bbox 2175 1120 3703 1193; baseline 0.003 -21"><span class='ocrx_word' id='word_1_189' title='bbox 2175 1121 2450 1192; x_wconf 83' lang='grc' dir='ltr'>μισμένα⁶</span> <span class='ocrx_word' id='word_1_190' title='bbox 2496 1139 2512 1172; x_wconf 79' lang='grc' dir='ltr'><strong>ι</strong></span> <span class='ocrx_word' id='word_1_191' title='bbox 2559 1121 2618 1174; x_wconf 89' lang='grc' dir='ltr'><strong>ἐν</strong></span> <span class='ocrx_word' id='word_1_192' title='bbox 2640 1120 2851 1186; x_wconf 81' lang='grc' dir='ltr'><strong>τούτοις</strong></span> <span class='ocrx_word' id='word_1_193' title='bbox 2882 1121 2947 1192; x_wconf 81' lang='grc' dir='ltr'>δὴ</span> <span class='ocrx_word' id='word_1_194' title='bbox 2984 1122 3013 1174; x_wconf 85' lang='grc' dir='ltr'>ὁ</span> <span class='ocrx_word' id='word_1_195' title='bbox 3045 1120 3254 1185; x_wconf 82' lang='grc' dir='ltr'>Κέλσος</span> <span class='ocrx_word' id='word_1_196' title='bbox 3287 1123 3550 1193; x_wconf 62' lang='grc' dir='ltr'>ἐμφαίνει,</span> <span class='ocrx_word' id='word_1_197' title='bbox 3585 1124 3703 1177; x_wconf 85' lang='grc' dir='ltr'>ὅτιοὶ</span> 
     </span>
    </p>
   </div>
   <div class='ocr_carea' id='block_1_28' title="bbox 2171 1212 3702 1289">
    <p class='ocr_par' dir='ltr' id='par_1_28' title="bbox 2171 1212 3702 1289">
     <span class='ocr_line' id='line_1_28' title="bbox 2171 1212 3702 1289; baseline 0.005 -25"><span class='ocrx_word' id='word_1_198' title='bbox 2171 1212 2340 1268; x_wconf 84' lang='grc' dir='ltr'>πάλαι</span> <span class='ocrx_word' id='word_1_199' title='bbox 2372 1212 2662 1284; x_wconf 79' lang='grc' dir='ltr'>Αἰγύπτιοι</span> <span class='ocrx_word' id='word_1_200' title='bbox 2695 1214 2932 1268; x_wconf 85' lang='grc' dir='ltr'>Ἰουδαῖοι</span> <span class='ocrx_word' id='word_1_201' title='bbox 2958 1213 3181 1286; x_wconf 73' lang='grc' dir='ltr'>ὕστερον</span> <span class='ocrx_word' id='word_1_202' title='bbox 3202 1215 3352 1281; x_wconf 81' lang='grc' dir='ltr'><strong>ἔθνος</strong></span> <span class='ocrx_word' id='word_1_203' title='bbox 3373 1218 3601 1285; x_wconf 82' lang='grc' dir='ltr'>ἐγένοντο</span> <span class='ocrx_word' id='word_1_204' title='bbox 3618 1219 3702 1289; x_wconf 79' lang='grc'><strong>(87)</strong></span> 
     </span>
    </p>
   </div>
   <div class='ocr_carea' id='block_1_29' title="bbox 2173 1301 3700 1380">
    <p class='ocr_par' dir='ltr' id='par_1_29' title="bbox 2173 1301 3700 1380">
     <span class='ocr_line' id='line_1_29' title="bbox 2173 1301 3700 1380; baseline 0.007 -26"><span class='ocrx_word' id='word_1_205' title='bbox 2173 1301 2324 1368; x_wconf 78' lang='grc' dir='ltr'>ἴδιον,</span> <span class='ocrx_word' id='word_1_206' title='bbox 2372 1305 2468 1360; x_wconf 76' lang='grc' dir='ltr'><strong>καὶ</strong></span> <span class='ocrx_word' id='word_1_207' title='bbox 2509 1305 2707 1376; x_wconf 87' lang='grc' dir='ltr'>νόμους</span> <span class='ocrx_word' id='word_1_208' title='bbox 2749 1306 3002 1378; x_wconf 90' lang='grc' dir='ltr'>θέμενοι,</span> <span class='ocrx_word' id='word_1_209' title='bbox 3049 1307 3274 1371; x_wconf 78' lang='grc' dir='ltr'><strong>τούτους</strong></span> <span class='ocrx_word' id='word_1_210' title='bbox 3324 1309 3700 1380; x_wconf 73' lang='grc' dir='ltr'>περιστέλλουσι.</span> 
     </span>
    </p>
   </div>
   <div class='ocr_carea' id='block_1_30' title="bbox 2172 1396 3706 1470">
    <p class='ocr_par' dir='ltr' id='par_1_30' title="bbox 2172 1396 3706 1470">
     <span class='ocr_line' id='line_1_30' title="bbox 2172 1396 3706 1470; baseline 0.001 -18"><span class='ocrx_word' id='word_1_211' title='bbox 2172 1397 2282 1452; x_wconf 77' lang='grc' dir='ltr'>Καὶ</span> <span class='ocrx_word' id='word_1_212' title='bbox 2312 1398 2400 1452; x_wconf 81' lang='grc' dir='ltr'><strong>ἵνα</strong></span> <span class='ocrx_word' id='word_1_213' title='bbox 2443 1396 2518 1470; x_wconf 84' lang='grc' dir='ltr'>μὴ</span> <span class='ocrx_word' id='word_1_214' title='bbox 2548 1397 2979 1470; x_wconf 77' lang='grc' dir='ltr'>ἐπαναλάϐωμεν</span> <span class='ocrx_word' id='word_1_215' title='bbox 3008 1398 3108 1462; x_wconf 77' lang='grc' dir='ltr'>τὰς</span> <span class='ocrx_word' id='word_1_216' title='bbox 3130 1399 3453 1469; x_wconf 84' lang='grc' dir='ltr'>ἐκκειμένας</span> <span class='ocrx_word' id='word_1_217' title='bbox 3488 1401 3572 1454; x_wconf 83' lang='grc' dir='ltr'>τοῦ</span> <span class='ocrx_word' id='word_1_218' title='bbox 3599 1403 3706 1455; x_wconf 84' lang='grc' dir='ltr'>Κέλ-</span> 
     </span>
    </p>
   </div>
   <div class='ocr_carea' id='block_1_31' title="bbox 2173 1484 3706 1558">
    <p class='ocr_par' dir='ltr' id='par_1_31' title="bbox 2173 1484 3706 1558">
     <span class='ocr_line' id='line_1_31' title="bbox 2173 1484 3706 1558; baseline 0.003 -20"><span class='ocrx_word' id='word_1_219' title='bbox 2173 1501 2268 1539; x_wconf 91' lang='grc' dir='ltr'><strong>σου</strong></span> <span class='ocrx_word' id='word_1_220' title='bbox 2311 1484 2510 1550; x_wconf 79' lang='grc' dir='ltr'><strong>λέξεις,</strong></span> <span class='ocrx_word' id='word_1_221' title='bbox 2545 1485 2680 1557; x_wconf 69' lang='grc' dir='ltr'>φησι</span> <span class='ocrx_word' id='word_1_222' title='bbox 2707 1485 2802 1539; x_wconf 70' lang='grc' dir='ltr'><strong>καὶ</strong></span> <span class='ocrx_word' id='word_1_223' title='bbox 2841 1487 3140 1558; x_wconf 76' lang='grc' dir='ltr'>συμφέρειν</span> <span class='ocrx_word' id='word_1_224' title='bbox 3174 1486 3285 1558; x_wconf 86' lang='grc'><strong>(88)</strong></span> <span class='ocrx_word' id='word_1_225' title='bbox 3313 1486 3512 1552; x_wconf 83' lang='grc' dir='ltr'><strong>τούτοις</strong></span> <span class='ocrx_word' id='word_1_226' title='bbox 3548 1487 3606 1543; x_wconf 68' lang='grc' dir='ltr'>τὲ</span> <span class='ocrx_word' id='word_1_227' title='bbox 3628 1491 3706 1543; x_wconf 68' lang='grc' dir='ltr'><strong>τὰς</strong></span> 
     </span>
    </p>
   </div>
   <div class='ocr_carea' id='block_1_32' title="bbox 2173 1575 3706 1648">
    <p class='ocr_par' dir='ltr' id='par_1_32' title="bbox 2173 1575 3706 1648">
     <span class='ocr_line' id='line_1_32' title="bbox 2173 1575 3706 1648; baseline 0.005 -20"><span class='ocrx_word' id='word_1_228' title='bbox 2173 1593 2302 1647; x_wconf 84' lang='grc' dir='ltr'>τρια</span> <span class='ocrx_word' id='word_1_229' title='bbox 2341 1575 2685 1647; x_wconf 79' lang='grc' dir='ltr'>θρησκεύειν,</span> <span class='ocrx_word' id='word_1_230' title='bbox 2728 1577 2929 1648; x_wconf 87' lang='grc' dir='ltr'>ὁμοίως</span> <span class='ocrx_word' id='word_1_231' title='bbox 2971 1579 3084 1642; x_wconf 86' lang='grc' dir='ltr'>τοῖς</span> <span class='ocrx_word' id='word_1_232' title='bbox 3122 1577 3302 1643; x_wconf 77' lang='grc' dir='ltr'>ἄλλοις</span> <span class='ocrx_word' id='word_1_233' title='bbox 3345 1578 3516 1635; x_wconf 79' lang='grc' dir='ltr'>ἔθνεσι</span> <span class='ocrx_word' id='word_1_234' title='bbox 3539 1580 3600 1634; x_wconf 78' lang='grc' dir='ltr'>τὰ</span> <span class='ocrx_word' id='word_1_235' title='bbox 3625 1581 3706 1635; x_wconf 81' lang='grc' dir='ltr'>ίδια</span> 
     </span>
    </p>
   </div>
   <div class='ocr_carea' id='block_1_33' title="bbox 2175 1669 3705 1746">
    <p class='ocr_par' dir='ltr' id='par_1_33' title="bbox 2175 1669 3705 1746">
     <span class='ocr_line' id='line_1_33' title="bbox 2175 1669 3705 1746; baseline 0.003 -24"><span class='ocrx_word' id='word_1_236' title='bbox 2175 1669 2523 1740; x_wconf 85' lang='grc' dir='ltr'>περιέπουσι.</span> <span class='ocrx_word' id='word_1_237' title='bbox 2554 1669 2665 1724; x_wconf 73' lang='grc' dir='ltr'>Καὶ</span> <span class='ocrx_word' id='word_1_238' title='bbox 2697 1669 2998 1742; x_wconf 81' lang='grc' dir='ltr'>βαθυτέραν</span> <span class='ocrx_word' id='word_1_239' title='bbox 3029 1671 3153 1726; x_wconf 80' lang='grc' dir='ltr'>τινὰ</span> <span class='ocrx_word' id='word_1_240' title='bbox 3185 1673 3456 1727; x_wconf 76' lang='grc' dir='ltr'>ἐκτίθεται</span> <span class='ocrx_word' id='word_1_241' title='bbox 3497 1675 3610 1746; x_wconf 74' lang='grc' dir='ltr'>περὶ</span> <span class='ocrx_word' id='word_1_242' title='bbox 3635 1673 3705 1727; x_wconf 81' lang='grc' dir='ltr'><strong>τιύ</strong></span> 
     </span>
    </p>
   </div>
   <div class='ocr_carea' id='block_1_34' title="bbox 489 1759 2062 1848">
    <p class='ocr_par' dir='ltr' id='par_1_34' title="bbox 489 1773 2062 1848">
     <span class='ocr_line' id='line_1_34' title="bbox 489 1773 2062 1848; baseline -0.002 -17"><span class='ocrx_word' id='word_1_243' title='bbox 489 1791 607 1841; x_wconf 89' lang='lat' dir='ltr'><strong>eos,</strong></span> <span class='ocrx_word' id='word_1_244' title='bbox 642 1776 844 1848; x_wconf 89' lang='lat' dir='ltr'><strong>quibus</strong></span> <span class='ocrx_word' id='word_1_245' title='bbox 877 1777 1074 1833; x_wconf 88' lang='lat' dir='ltr'><strong>sortito</strong></span> <span class='ocrx_word' id='word_1_246' title='bbox 1099 1775 1298 1844; x_wconf 82' lang='lat' dir='ltr'><strong>obtigit</strong></span> <span class='ocrx_word' id='word_1_247' title='bbox 1327 1774 1660 1846; x_wconf 90' lang='lat' dir='ltr'><strong>quibusdam</strong></span> <span class='ocrx_word' id='word_1_248' title='bbox 1695 1783 1858 1830; x_wconf 61' lang='lat' dir='ltr'><strong>terra:</strong></span> <span class='ocrx_word' id='word_1_249' title='bbox 1897 1773 2062 1845; x_wconf 89' lang='lat' dir='ltr'><strong>parti-</strong></span> 
     </span>
    </p>
   </div>
   <div class='ocr_carea' id='block_1_35' title="bbox 2173 1759 3705 1848">
    <p class='ocr_par' dir='ltr' id='par_1_35' title="bbox 2177 1759 3705 1836">
     <span class='ocr_line' id='line_1_35' title="bbox 2177 1759 3705 1836; baseline 0.004 -24"><span class='ocrx_word' id='word_1_250' title='bbox 2177 1759 2475 1831; x_wconf 69' lang='grc' dir='ltr'>συμφέρειν</span> <span class='ocrx_word' id='word_1_251' title='bbox 2531 1761 2801 1828; x_wconf 84' lang='grc' dir='ltr'>Ἰουδαίοις</span> <span class='ocrx_word' id='word_1_252' title='bbox 2853 1763 3137 1834; x_wconf 82' lang='grc' dir='ltr'>περιέπειν</span> <span class='ocrx_word' id='word_1_253' title='bbox 3186 1762 3256 1818; x_wconf 80' lang='grc' dir='ltr'>τὰ</span> <span class='ocrx_word' id='word_1_254' title='bbox 3299 1763 3499 1836; x_wconf 85' lang='grc' dir='ltr'>πάτρια</span> <span class='ocrx_word' id='word_1_255' title='bbox 3547 1765 3705 1830; x_wconf 73' lang='grc' dir='ltr'>αἰτίαν,</span> 
     </span>
    </p>
   </div>
   <div class='ocr_carea' id='block_1_36' title="bbox 489 1866 2074 1939">
    <p class='ocr_par' dir='ltr' id='par_1_36' title="bbox 489 1866 2074 1939">
     <span class='ocr_line' id='line_1_36' title="bbox 489 1866 2074 1939; baseline -0.003 -14"><span class='ocrx_word' id='word_1_256' title='bbox 489 1871 592 1927; x_wconf 92' lang='lat' dir='ltr'><strong>bus</strong></span> <span class='ocrx_word' id='word_1_257' title='bbox 621 1883 887 1939; x_wconf 74' lang='lat' dir='ltr'><strong>praeesse,</strong></span> <span class='ocrx_word' id='word_1_258' title='bbox 928 1884 1083 1926; x_wconf 86' lang='lat' dir='ltr'><strong>suam</strong></span> <span class='ocrx_word' id='word_1_259' title='bbox 1113 1871 1182 1926; x_wconf 88' lang='lat' dir='ltr'><strong>ad</strong></span> <span class='ocrx_word' id='word_1_260' title='bbox 1211 1867 1528 1924; x_wconf 88' lang='lat' dir='ltr'><strong>condendas</strong></span> <span class='ocrx_word' id='word_1_261' title='bbox 1559 1866 1708 1936; x_wconf 82' lang='lat' dir='ltr'><strong>leges</strong></span> <span class='ocrx_word' id='word_1_262' title='bbox 1742 1881 1965 1937; x_wconf 85' lang='lat' dir='ltr'><strong>Operam</strong></span> <span class='ocrx_word' id='word_1_263' title='bbox 1995 1867 2074 1922; x_wconf 83' lang='lat' dir='ltr'><strong>le-</strong></span> 
     </span>
    </p>
   </div>
   <div class='ocr_carea' id='block_1_37' title="bbox 489 1955 2072 2033">
    <p class='ocr_par' dir='ltr' id='par_1_37' title="bbox 489 1955 2072 2033">
     <span class='ocr_line' id='line_1_37' title="bbox 489 1955 2072 2033; baseline 0 -18"><span class='ocrx_word' id='word_1_264' title='bbox 489 1961 842 2033; x_wconf 81' lang='lat' dir='ltr'><strong>gislatoribus</strong></span> <span class='ocrx_word' id='word_1_265' title='bbox 870 1960 1282 2018; x_wconf 84' lang='lat' dir='ltr'><strong>commodasse.</strong></span> <span class='ocrx_word' id='word_1_266' title='bbox 1336 1960 1539 2016; x_wconf 85' lang='lat' dir='ltr'><strong>Statuit</strong></span> <span class='ocrx_word' id='word_1_267' title='bbox 1560 1959 1726 2030; x_wconf 78' lang='lat' dir='ltr'><strong>igitur</strong></span> <span class='ocrx_word' id='word_1_268' title='bbox 1758 1955 2072 2015; x_wconf 70' lang='lat' dir='ltr'><strong>Iudaeorum</strong></span> 
     </span>
    </p>
   </div>
   <div class='ocr_carea' id='block_1_38' title="bbox 489 2050 2074 2123">
    <p class='ocr_par' dir='ltr' id='par_1_38' title="bbox 489 2050 2074 2123">
     <span class='ocr_line' id='line_1_38' title="bbox 489 2050 2074 2123; baseline 0.002 -18"><span class='ocrx_word' id='word_1_269' title='bbox 489 2051 696 2121; x_wconf 62' lang='lat' dir='ltr'><strong>regioni</strong></span> <span class='ocrx_word' id='word_1_270' title='bbox 721 2052 976 2123; x_wconf 78' lang='lat' dir='ltr'><strong>gentique</strong></span> <span class='ocrx_word' id='word_1_271' title='bbox 1009 2051 1156 2107; x_wconf 84' lang='lat' dir='ltr'><strong>illam</strong></span> <span class='ocrx_word' id='word_1_272' title='bbox 1190 2051 1447 2108; x_wconf 88' lang='lat' dir='ltr'><strong>incolenti</strong></span> <span class='ocrx_word' id='word_1_273' title='bbox 1482 2050 1718 2122; x_wconf 84' lang='lat' dir='ltr'><strong>aliquem</strong></span> <span class='ocrx_word' id='word_1_274' title='bbox 1736 2059 1832 2106; x_wconf 91' lang='lat' dir='ltr'><strong>aut</strong></span> <span class='ocrx_word' id='word_1_275' title='bbox 1861 2052 2074 2121; x_wconf 88' lang='lat' dir='ltr'><strong>aliquos</strong></span> 
     </span>
    </p>
   </div>
   <div class='ocr_carea' id='block_1_39' title="bbox 491 2129 2075 2218">
    <p class='ocr_par' dir='ltr' id='par_1_39' title="bbox 491 2129 2075 2218">
     <span class='ocr_line' id='line_1_39' title="bbox 491 2129 2075 2218; baseline 0.001 -18"><span class='ocrx_word' id='word_1_276' title='bbox 491 2129 828 2217; x_wconf 79' lang='lat' dir='ltr'><strong>invigilasse,</strong></span> <span class='ocrx_word' id='word_1_277' title='bbox 866 2160 976 2217; x_wconf 91' lang='lat' dir='ltr'><strong>quo</strong></span> <span class='ocrx_word' id='word_1_278' title='bbox 1013 2144 1094 2200; x_wconf 91' lang='lat' dir='ltr'><strong>vel</strong></span> <span class='ocrx_word' id='word_1_279' title='bbox 1120 2146 1318 2218; x_wconf 85' lang='lat' dir='ltr'><strong>quibus</strong></span> <span class='ocrx_word' id='word_1_280' title='bbox 1361 2145 1741 2202; x_wconf 79' lang='lat' dir='ltr'><strong>collaborante</strong></span> <span class='ocrx_word' id='word_1_281' title='bbox 1783 2146 1866 2202; x_wconf 88' lang='lat' dir='ltr'><strong>vel</strong></span> <span class='ocrx_word' id='word_1_282' title='bbox 1905 2145 2075 2202; x_wconf 83' lang='lat' dir='ltr'><strong>colla-</strong></span> 
     </span>
    </p>
   </div>
   <div class='ocr_carea' id='block_1_40' title="bbox 488 2231 1903 2308">
    <p class='ocr_par' dir='ltr' id='par_1_40' title="bbox 488 2231 1903 2308">
     <span class='ocr_line' id='line_1_40' title="bbox 488 2231 1903 2308; baseline 0.003 -20"><span class='ocrx_word' id='word_1_283' title='bbox 488 2231 808 2291; x_wconf 87' lang='lat' dir='ltr'><strong>borautibus</strong></span> <span class='ocrx_word' id='word_1_284' title='bbox 844 2233 1014 2306; x_wconf 83' lang='lat' dir='ltr'><strong>Moysi</strong></span> <span class='ocrx_word' id='word_1_285' title='bbox 1047 2236 1196 2308; x_wconf 78' lang='lat' dir='ltr'><strong>leges</strong></span> <span class='ocrx_word' id='word_1_286' title='bbox 1224 2234 1466 2292; x_wconf 68' lang='lat' dir='ltr'><strong>Judaicze</strong></span> <span class='ocrx_word' id='word_1_287' title='bbox 1495 2237 1719 2292; x_wconf 73' lang='lat' dir='ltr'><strong>sancitte</strong></span> <span class='ocrx_word' id='word_1_288' title='bbox 1752 2245 1903 2292; x_wconf 85' lang='lat' dir='ltr'><strong>sunt.</strong></span> 
     </span>
    </p>
   </div>
   <div class='ocr_carea' id='block_1_41' title="bbox 563 2517 2068 2598">
    <p class='ocr_par' dir='ltr' id='par_1_41' title="bbox 563 2517 2068 2598">
     <span class='ocr_line' id='line_1_41' title="bbox 563 2517 2068 2598; baseline 0.005 -25"><span class='ocrx_word' id='word_1_289' title='bbox 563 2517 654 2574; x_wconf 75' lang='lat'><strong>26.</strong></span> <span class='ocrx_word' id='word_1_290' title='bbox 691 2536 710 2573; x_wconf 85' lang='grc' dir='ltr'><strong>ι</strong></span> <span class='ocrx_word' id='word_1_291' title='bbox 745 2518 925 2592; x_wconf 86' lang='lat' dir='ltr'><strong>Atque</strong></span> <span class='ocrx_word' id='word_1_292' title='bbox 953 2529 1188 2591; x_wconf 86' lang='lat' dir='ltr'><strong>oportet,</strong></span> <span class='ocrx_word' id='word_1_293' title='bbox 1224 2521 1421 2593; x_wconf 91' lang='lat' dir='ltr'><strong>inquit,</strong></span> <span class='ocrx_word' id='word_1_294' title='bbox 1471 2537 1696 2580; x_wconf 88' lang='lat' dir='ltr'><strong>servare</strong></span> <span class='ocrx_word' id='word_1_295' title='bbox 1745 2522 1917 2598; x_wconf 82' lang='lat' dir='ltr'><strong>leges,</strong></span> <span class='ocrx_word' id='word_1_296' title='bbox 1957 2534 2068 2581; x_wconf 89' lang='lat' dir='ltr'><strong>tum</strong></span> 
     </span>
    </p>
   </div>
   <div class='ocr_carea' id='block_1_42' title="bbox 491 2611 2068 2686">
    <p class='ocr_par' dir='ltr' id='par_1_42' title="bbox 491 2611 2068 2686">
     <span class='ocr_line' id='line_1_42' title="bbox 491 2611 2068 2686; baseline 0.006 -22"><span class='ocrx_word' id='word_1_297' title='bbox 491 2613 616 2681; x_wconf 83' lang='lat' dir='ltr'><strong>quia</strong></span> <span class='ocrx_word' id='word_1_298' title='bbox 644 2611 780 2668; x_wconf 91' lang='lat' dir='ltr'><strong>alias</strong></span> <span class='ocrx_word' id='word_1_299' title='bbox 802 2613 926 2669; x_wconf 82' lang='lat' dir='ltr'><strong>aliis</strong></span> <span class='ocrx_word' id='word_1_300' title='bbox 960 2614 1301 2671; x_wconf 89' lang='lat' dir='ltr'><strong>constituere</strong></span> <span class='ocrx_word' id='word_1_301' title='bbox 1337 2615 1487 2686; x_wconf 81' lang='lat' dir='ltr'><strong>leges</strong></span> <span class='ocrx_word' id='word_1_302' title='bbox 1518 2615 1742 2686; x_wconf 87' lang='lat' dir='ltr'><strong>placuit,</strong></span> <span class='ocrx_word' id='word_1_303' title='bbox 1777 2629 1832 2673; x_wconf 91' lang='lat' dir='ltr'><strong>et</strong></span> <span class='ocrx_word' id='word_1_304' title='bbox 1857 2618 2068 2674; x_wconf 88' lang='lat' dir='ltr'><strong>servari</strong></span> 
     </span>
    </p>
   </div>
   <div class='ocr_carea' id='block_1_43' title="bbox 487 2706 2068 2781">
    <p class='ocr_par' dir='ltr' id='par_1_43' title="bbox 487 2706 2068 2781">
     <span class='ocr_line' id='line_1_43' title="bbox 487 2706 2068 2781; baseline 0.006 -26"><span class='ocrx_word' id='word_1_305' title='bbox 487 2713 704 2773; x_wconf 86' lang='lat' dir='ltr'><strong>oportet</strong></span> <span class='ocrx_word' id='word_1_306' title='bbox 729 2717 790 2759; x_wconf 90' lang='lat' dir='ltr'><strong>ea</strong></span> <span class='ocrx_word' id='word_1_307' title='bbox 827 2721 948 2776; x_wconf 63' lang='lat' dir='ltr'><strong>quae</strong></span> <span class='ocrx_word' id='word_1_308' title='bbox 994 2706 1214 2777; x_wconf 86' lang='lat' dir='ltr'><strong>publice</strong></span> <span class='ocrx_word' id='word_1_309' title='bbox 1247 2709 1542 2763; x_wconf 89' lang='lat' dir='ltr'><strong>constituta</strong></span> <span class='ocrx_word' id='word_1_310' title='bbox 1592 2716 1759 2778; x_wconf 87' lang='lat' dir='ltr'><strong>sunt;</strong></span> <span class='ocrx_word' id='word_1_311' title='bbox 1797 2718 1908 2764; x_wconf 89' lang='lat' dir='ltr'><strong>tum</strong></span> <span class='ocrx_word' id='word_1_312' title='bbox 1943 2711 2068 2781; x_wconf 86' lang='lat' dir='ltr'><strong>quia</strong></span> 
     </span>
    </p>
   </div>
   <div class='ocr_carea' id='block_1_44' title="bbox 489 2793 2068 2871">
    <p class='ocr_par' dir='ltr' id='par_1_44' title="bbox 489 2793 2068 2871">
     <span class='ocr_line' id='line_1_44' title="bbox 489 2793 2068 2871; baseline 0.007 -24"><span class='ocrx_word' id='word_1_313' title='bbox 489 2793 784 2866; x_wconf 83' lang='lat' dir='ltr'><strong>probabile</strong></span> <span class='ocrx_word' id='word_1_314' title='bbox 842 2805 929 2852; x_wconf 89' lang='lat' dir='ltr'><strong>est</strong></span> <span class='ocrx_word' id='word_1_315' title='bbox 975 2797 1220 2854; x_wconf 83' lang='lat' dir='ltr'><strong>diversas</strong></span> <span class='ocrx_word' id='word_1_316' title='bbox 1243 2806 1407 2852; x_wconf 67' lang='lat' dir='ltr'><strong>terrm</strong></span> <span class='ocrx_word' id='word_1_317' title='bbox 1430 2811 1614 2869; x_wconf 86' lang='lat' dir='ltr'><strong>partes</strong></span> <span class='ocrx_word' id='word_1_318' title='bbox 1646 2800 1877 2858; x_wconf 80' lang='lat' dir='ltr'><strong>diversis</strong></span> <span class='ocrx_word' id='word_1_319' title='bbox 1913 2812 2068 2871; x_wconf 87' lang='lat' dir='ltr'><strong>pote—</strong></span> 
     </span>
    </p>
   </div>
   <div class='ocr_carea' id='block_1_45' title="bbox 489 2889 2071 2962">
    <p class='ocr_par' dir='ltr' id='par_1_45' title="bbox 489 2889 2071 2962">
     <span class='ocr_line' id='line_1_45' title="bbox 489 2889 2071 2962; baseline 0.004 -19"><span class='ocrx_word' id='word_1_320' title='bbox 489 2889 743 2958; x_wconf 88' lang='lat' dir='ltr'><strong>statibus,</strong></span> <span class='ocrx_word' id='word_1_321' title='bbox 759 2889 920 2959; x_wconf 89' lang='lat' dir='ltr'><strong>quasi</strong></span> <span class='ocrx_word' id='word_1_322' title='bbox 946 2891 1211 2961; x_wconf 88' lang='lat' dir='ltr'><strong>quasdam</strong></span> <span class='ocrx_word' id='word_1_323' title='bbox 1241 2890 1624 2962; x_wconf 79' lang='lat' dir='ltr'><strong>praefecturas,</strong></span> <span class='ocrx_word' id='word_1_324' title='bbox 1655 2895 1978 2951; x_wconf 88' lang='lat' dir='ltr'><strong>commissas</strong></span> <span class='ocrx_word' id='word_1_325' title='bbox 2003 2894 2071 2950; x_wconf 93' lang='lat' dir='ltr'><strong>ab</strong></span> 
     </span>
    </p>
   </div>
   <div class='ocr_carea' id='block_1_46' title="bbox 488 2980 2069 3059">
    <p class='ocr_par' dir='ltr' id='par_1_46' title="bbox 488 2980 2069 3059">
     <span class='ocr_line' id='line_1_46' title="bbox 488 2980 2069 3059; baseline 0.007 -25"><span class='ocrx_word' id='word_1_326' title='bbox 488 2980 665 3048; x_wconf 87' lang='lat' dir='ltr'><strong>initio,</strong></span> <span class='ocrx_word' id='word_1_327' title='bbox 716 2980 911 3036; x_wconf 70' lang='lat' dir='ltr'><strong>eodem</strong></span> <span class='ocrx_word' id='word_1_328' title='bbox 965 2997 1112 3039; x_wconf 89' lang='lat' dir='ltr'><strong>nunc</strong></span> <span class='ocrx_word' id='word_1_329' title='bbox 1157 2982 1320 3038; x_wconf 88' lang='lat' dir='ltr'><strong>modo</strong></span> <span class='ocrx_word' id='word_1_330' title='bbox 1369 2983 1768 3042; x_wconf 84' lang='lat' dir='ltr'><strong>administrari.</strong></span> <span class='ocrx_word' id='word_1_331' title='bbox 1813 2987 2069 3059; x_wconf 22' lang='lat' dir='ltr'><strong>tlDe&#39;mde</strong></span> 
     </span>
    </p>
   </div>
   <div class='ocr_carea' id='block_1_47' title="bbox 2175 1851 3706 1927">
    <p class='ocr_par' dir='ltr' id='par_1_47' title="bbox 2175 1851 3706 1927">
     <span class='ocr_line' id='line_1_47' title="bbox 2175 1851 3706 1927; baseline 0.004 -23"><span class='ocrx_word' id='word_1_332' title='bbox 2175 1851 2570 1923; x_wconf 77' lang='grc' dir='ltr'>αἰνισσόμενος,</span> <span class='ocrx_word' id='word_1_333' title='bbox 2613 1853 2694 1908; x_wconf 82' lang='grc' dir='ltr'>ὅτι</span> <span class='ocrx_word' id='word_1_334' title='bbox 2727 1855 2854 1918; x_wconf 79' lang='grc' dir='ltr'>τοὺς</span> <span class='ocrx_word' id='word_1_335' title='bbox 2897 1854 3146 1909; x_wconf 77' lang='grc' dir='ltr'>ἑκάστων</span> <span class='ocrx_word' id='word_1_336' title='bbox 3176 1855 3378 1926; x_wconf 91' lang='grc' dir='ltr'>νόμους</span> <span class='ocrx_word' id='word_1_337' title='bbox 3411 1857 3460 1909; x_wconf 90' lang='grc' dir='ltr'><strong>οἱ</strong></span> <span class='ocrx_word' id='word_1_338' title='bbox 3497 1857 3706 1927; x_wconf 79' lang='grc' dir='ltr'>λαχόντες</span> 
     </span>
    </p>
   </div>
   <div class='ocr_carea' id='block_1_48' title="bbox 2175 1939 3707 2020">
    <p class='ocr_par' dir='ltr' id='par_1_48' title="bbox 2175 1939 3707 2020">
     <span class='ocr_line' id='line_1_48' title="bbox 2175 1939 3707 2020; baseline 0.003 -24"><span class='ocrx_word' id='word_1_339' title='bbox 2175 1942 2411 1998; x_wconf 80' lang='grc' dir='ltr'>ἐπόπται</span> <span class='ocrx_word' id='word_1_340' title='bbox 2449 1939 2589 1999; x_wconf 69' lang='grc' dir='ltr'>εἶναι</span> <span class='ocrx_word' id='word_1_341' title='bbox 2630 1945 2729 2016; x_wconf 81' lang='grc' dir='ltr'>τῆς</span> <span class='ocrx_word' id='word_1_342' title='bbox 2770 1947 2873 2016; x_wconf 81' lang='grc' dir='ltr'><strong>γῆς</strong></span> <span class='ocrx_word' id='word_1_343' title='bbox 2901 1946 3006 2000; x_wconf 86' lang='grc' dir='ltr'>τῶν</span> <span class='ocrx_word' id='word_1_344' title='bbox 3040 1946 3526 2018; x_wconf 84' lang='grc' dir='ltr'>νομοθετουμένων,</span> <span class='ocrx_word' id='word_1_345' title='bbox 3556 1966 3707 2020; x_wconf 82' lang='grc' dir='ltr'>συνερ-</span> 
     </span>
    </p>
   </div>
   <div class='ocr_carea' id='block_1_49' title="bbox 2173 2035 3708 2112">
    <p class='ocr_par' dir='ltr' id='par_1_49' title="bbox 2173 2035 3708 2112">
     <span class='ocr_line' id='line_1_49' title="bbox 2173 2035 3708 2112; baseline 0.004 -23"><span class='ocrx_word' id='word_1_346' title='bbox 2173 2035 2393 2104; x_wconf 78' lang='grc' dir='ltr'>γοῦντες</span> <span class='ocrx_word' id='word_1_347' title='bbox 2423 2039 2534 2103; x_wconf 83' lang='grc' dir='ltr'>τοῖς</span> <span class='ocrx_word' id='word_1_348' title='bbox 2564 2037 2881 2108; x_wconf 78' lang='grc' dir='ltr'>νομοθέταις</span> <span class='ocrx_word' id='word_1_349' title='bbox 2912 2038 3022 2110; x_wconf 83' lang='grc'><strong>(89)</strong></span> <span class='ocrx_word' id='word_1_350' title='bbox 3059 2039 3262 2094; x_wconf 75' lang='grc' dir='ltr'>ἔθεντο.</span> <span class='ocrx_word' id='word_1_351' title='bbox 3301 2040 3508 2095; x_wconf 85' lang='grc' dir='ltr'>Ἔοικεν</span> <span class='ocrx_word' id='word_1_352' title='bbox 3537 2035 3617 2094; x_wconf 73' lang='grc' dir='ltr'><strong>οὖν</strong></span> <span class='ocrx_word' id='word_1_353' title='bbox 3639 2041 3708 2112; x_wconf 83' lang='grc' dir='ltr'>δη-</span> 
     </span>
    </p>
   </div>
   <div class='ocr_carea' id='block_1_50' title="bbox 2173 2128 3709 2204">
    <p class='ocr_par' dir='ltr' id='par_1_50' title="bbox 2173 2128 3709 2204">
     <span class='ocr_line' id='line_1_50' title="bbox 2173 2128 3709 2204; baseline 0.003 -23"><span class='ocrx_word' id='word_1_354' title='bbox 2173 2128 2319 2193; x_wconf 80' lang='grc' dir='ltr'>λοῦν,</span> <span class='ocrx_word' id='word_1_355' title='bbox 2353 2129 2435 2183; x_wconf 81' lang='grc' dir='ltr'><strong>ὅτι</strong></span> <span class='ocrx_word' id='word_1_356' title='bbox 2475 2129 2570 2184; x_wconf 75' lang='grc' dir='ltr'><strong>καὶ</strong></span> <span class='ocrx_word' id='word_1_357' title='bbox 2599 2128 2699 2201; x_wconf 80' lang='grc' dir='ltr'>τὴν</span> <span class='ocrx_word' id='word_1_358' title='bbox 2743 2128 3011 2184; x_wconf 85' lang='grc' dir='ltr'>Ἰουδαίων</span> <span class='ocrx_word' id='word_1_359' title='bbox 3040 2129 3227 2204; x_wconf 81' lang='grc' dir='ltr'>χώραν</span> <span class='ocrx_word' id='word_1_360' title='bbox 3257 2132 3351 2186; x_wconf 76' lang='grc' dir='ltr'><strong>καὶ</strong></span> <span class='ocrx_word' id='word_1_361' title='bbox 3377 2131 3437 2186; x_wconf 78' lang='grc' dir='ltr'>τὸ</span> <span class='ocrx_word' id='word_1_362' title='bbox 3467 2133 3545 2186; x_wconf 81' lang='grc' dir='ltr'>ἐπ’</span> <span class='ocrx_word' id='word_1_363' title='bbox 3575 2133 3709 2204; x_wconf 71' lang='grc' dir='ltr'>αὐτῆς</span> 
     </span>
    </p>
   </div>
   <div class='ocr_carea' id='block_1_51' title="bbox 2172 2215 3707 2294">
    <p class='ocr_par' dir='ltr' id='par_1_51' title="bbox 2172 2215 3707 2294">
     <span class='ocr_line' id='line_1_51' title="bbox 2172 2215 3707 2294; baseline 0.003 -22"><span class='ocrx_word' id='word_1_364' title='bbox 2172 2219 2324 2284; x_wconf 74' lang='grc' dir='ltr'>ἔθνος</span> <span class='ocrx_word' id='word_1_365' title='bbox 2352 2218 2644 2274; x_wconf 77' lang='grc' dir='ltr'>ἐποπτεύει</span> <span class='ocrx_word' id='word_1_366' title='bbox 2670 2237 2754 2284; x_wconf 88' lang='grc' dir='ltr'><strong>τις</strong></span> <span class='ocrx_word' id='word_1_367' title='bbox 2786 2221 2820 2292; x_wconf 84' lang='grc' dir='ltr'>ἦ</span> <span class='ocrx_word' id='word_1_368' title='bbox 2849 2238 3011 2286; x_wconf 84' lang='grc' dir='ltr'>τινες,</span> <span class='ocrx_word' id='word_1_369' title='bbox 3046 2216 3137 2292; x_wconf 72' lang='grc' dir='ltr'><strong>ὕφ’</strong></span> <span class='ocrx_word' id='word_1_370' title='bbox 3165 2215 3227 2276; x_wconf 77' lang='grc' dir='ltr'>οὗ</span> <span class='ocrx_word' id='word_1_371' title='bbox 3248 2223 3286 2294; x_wconf 74' lang='grc' dir='ltr'><strong>ἢ</strong></span> <span class='ocrx_word' id='word_1_372' title='bbox 3319 2222 3407 2292; x_wconf 81' lang='grc' dir='ltr'><strong>ὑφ’</strong></span> <span class='ocrx_word' id='word_1_373' title='bbox 3439 2216 3509 2279; x_wconf 82' lang='grc' dir='ltr'>ὧν</span> <span class='ocrx_word' id='word_1_374' title='bbox 3530 2225 3574 2278; x_wconf 83' lang='lat' dir='ltr'><strong>ol</strong></span> <span class='ocrx_word' id='word_1_375' title='bbox 3610 2224 3707 2278; x_wconf 84' lang='grc' dir='ltr'>Ἰου-</span> 
     </span>
    </p>
   </div>
   <div class='ocr_carea' id='block_1_52' title="bbox 2171 2309 3709 2386">
    <p class='ocr_par' dir='ltr' id='par_1_52' title="bbox 2171 2309 3709 2386">
     <span class='ocr_line' id='line_1_52' title="bbox 2171 2309 3709 2386; baseline 0.001 -24"><span class='ocrx_word' id='word_1_376' title='bbox 2171 2309 2336 2364; x_wconf 85' lang='grc' dir='ltr'>δαίων</span> <span class='ocrx_word' id='word_1_377' title='bbox 2383 2309 2536 2382; x_wconf 79' lang='grc' dir='ltr'>νόμοι</span> <span class='ocrx_word' id='word_1_378' title='bbox 2585 2310 2970 2383; x_wconf 70' lang='grc' dir='ltr'>συνεργοῦντος</span> <span class='ocrx_word' id='word_1_379' title='bbox 3017 2313 3051 2384; x_wconf 74' lang='grc' dir='ltr'><strong>ἢ</strong></span> <span class='ocrx_word' id='word_1_380' title='bbox 3100 2314 3499 2386; x_wconf 78' lang='grc' dir='ltr'>συνεργούντων</span> <span class='ocrx_word' id='word_1_381' title='bbox 3528 2315 3709 2370; x_wconf 81' lang='grc' dir='ltr'><strong>Μωῡσεί</strong></span> 
     </span>
    </p>
   </div>
   <div class='ocr_carea' id='block_1_53' title="bbox 2172 2402 2456 2473">
    <p class='ocr_par' dir='ltr' id='par_1_53' title="bbox 2172 2402 2456 2473">
     <span class='ocr_line' id='line_1_53' title="bbox 2172 2402 2456 2473; baseline 0.007 -19"><span class='ocrx_word' id='word_1_382' title='bbox 2172 2402 2456 2473; x_wconf 84' lang='grc' dir='ltr'>ἐτέθησαν.</span> 
     </span>
    </p>
   </div>
   <div class='ocr_carea' id='block_1_54' title="bbox 2248 2517 3709 2592">
    <p class='ocr_par' dir='ltr' id='par_1_54' title="bbox 2248 2517 3709 2592">
     <span class='ocr_line' id='line_1_54' title="bbox 2248 2517 3709 2592; baseline 0.002 -22"><span class='ocrx_word' id='word_1_383' title='bbox 2248 2536 2267 2570; x_wconf 82' lang='grc' dir='ltr'><strong>ι</strong></span> <span class='ocrx_word' id='word_1_384' title='bbox 2306 2517 2417 2571; x_wconf 69' lang='grc' dir='ltr'><strong>Καὶ</strong></span> <span class='ocrx_word' id='word_1_385' title='bbox 2453 2517 2581 2589; x_wconf 75' lang='grc' dir='ltr'>χρὴ,</span> <span class='ocrx_word' id='word_1_386' title='bbox 2633 2517 2786 2590; x_wconf 67' lang='grc' dir='ltr'>φησι,</span> <span class='ocrx_word' id='word_1_387' title='bbox 2819 2517 2947 2585; x_wconf 74' lang='grc' dir='ltr'>τοὺς</span> <span class='ocrx_word' id='word_1_388' title='bbox 2985 2518 3185 2590; x_wconf 86' lang='grc' dir='ltr'>νόμους</span> <span class='ocrx_word' id='word_1_389' title='bbox 3231 2521 3452 2592; x_wconf 81' lang='grc' dir='ltr'>τηρεῖν,</span> <span class='ocrx_word' id='word_1_390' title='bbox 3485 2521 3543 2576; x_wconf 82' lang='grc' dir='ltr'><strong>ού</strong></span> <span class='ocrx_word' id='word_1_391' title='bbox 3584 2519 3709 2592; x_wconf 77' lang='grc' dir='ltr'>μόνον</span> 
     </span>
    </p>
   </div>
   <div class='ocr_carea' id='block_1_55' title="bbox 2172 2608 3709 2686">
    <p class='ocr_par' dir='ltr' id='par_1_55' title="bbox 2172 2608 3709 2686">
     <span class='ocr_line' id='line_1_55' title="bbox 2172 2608 3709 2686; baseline 0 -22"><span class='ocrx_word' id='word_1_392' title='bbox 2172 2609 2362 2665; x_wconf 84' lang='grc' dir='ltr'>καθότι</span> <span class='ocrx_word' id='word_1_393' title='bbox 2390 2612 2484 2665; x_wconf 79' lang='grc' dir='ltr'>ἐπὶ</span> <span class='ocrx_word' id='word_1_394' title='bbox 2516 2611 2640 2666; x_wconf 75' lang='grc' dir='ltr'>νοῦν</span> <span class='ocrx_word' id='word_1_395' title='bbox 2669 2608 2831 2683; x_wconf 84' lang='grc' dir='ltr'>ἦλθεν</span> <span class='ocrx_word' id='word_1_396' title='bbox 2862 2612 3042 2678; x_wconf 83' lang='grc' dir='ltr'>ἄλλοις</span> <span class='ocrx_word' id='word_1_397' title='bbox 3071 2612 3248 2678; x_wconf 77' lang='grc' dir='ltr'>ἄλλως</span> <span class='ocrx_word' id='word_1_398' title='bbox 3273 2615 3508 2685; x_wconf 85' lang='grc' dir='ltr'>νομίσαι,</span> <span class='ocrx_word' id='word_1_399' title='bbox 3539 2613 3622 2686; x_wconf 74' lang='grc' dir='ltr'>καὶ</span> <span class='ocrx_word' id='word_1_400' title='bbox 3646 2614 3709 2666; x_wconf 77' lang='grc' dir='ltr'>ὅτι</span> 
     </span>
    </p>
   </div>
   <div class='ocr_carea' id='block_1_56' title="bbox 2170 2701 3712 2777">
    <p class='ocr_par' dir='ltr' id='par_1_56' title="bbox 2170 2701 3712 2777">
     <span class='ocr_line' id='line_1_56' title="bbox 2170 2701 3712 2777; baseline 0.001 -20"><span class='ocrx_word' id='word_1_401' title='bbox 2170 2702 2252 2757; x_wconf 85' lang='grc' dir='ltr'>δεῖ</span> <span class='ocrx_word' id='word_1_402' title='bbox 2292 2701 2586 2773; x_wconf 78' lang='grc' dir='ltr'>φυλάσσειν</span> <span class='ocrx_word' id='word_1_403' title='bbox 2623 2703 2694 2757; x_wconf 78' lang='grc' dir='ltr'>τὰ</span> <span class='ocrx_word' id='word_1_404' title='bbox 2732 2704 2792 2767; x_wconf 87' lang='grc' dir='ltr'><strong>ἐς</strong></span> <span class='ocrx_word' id='word_1_405' title='bbox 2834 2702 3013 2757; x_wconf 83' lang='grc' dir='ltr'>κοινὸν</span> <span class='ocrx_word' id='word_1_406' title='bbox 3057 2708 3442 2777; x_wconf 80' lang='grc' dir='ltr'>κεκυρωμένα,</span> <span class='ocrx_word' id='word_1_407' title='bbox 3477 2705 3598 2760; x_wconf 83' lang='grc' dir='ltr'>ἀλλὰ</span> <span class='ocrx_word' id='word_1_408' title='bbox 3638 2705 3712 2758; x_wconf 80' lang='grc' dir='ltr'>καὶ</span> 
     </span>
    </p>
   </div>
   <div class='ocr_carea' id='block_1_57' title="bbox 2169 2794 3710 2870">
    <p class='ocr_par' dir='ltr' id='par_1_57' title="bbox 2169 2794 3710 2870">
     <span class='ocr_line' id='line_1_57' title="bbox 2169 2794 3710 2870; baseline 0.003 -21"><span class='ocrx_word' id='word_1_409' title='bbox 2169 2795 2272 2860; x_wconf 79' lang='grc' dir='ltr'>ὅτι,</span> <span class='ocrx_word' id='word_1_410' title='bbox 2305 2794 2382 2860; x_wconf 81' lang='grc' dir='ltr'>ὡς</span> <span class='ocrx_word' id='word_1_411' title='bbox 2428 2796 2594 2863; x_wconf 73' lang='grc' dir='ltr'>εἰκὸς,</span> <span class='ocrx_word' id='word_1_412' title='bbox 2636 2795 2706 2851; x_wconf 82' lang='grc' dir='ltr'>τὰ</span> <span class='ocrx_word' id='word_1_413' title='bbox 2740 2797 2881 2868; x_wconf 87' lang='grc' dir='ltr'>μέρη</span> <span class='ocrx_word' id='word_1_414' title='bbox 2918 2795 3020 2867; x_wconf 80' lang='grc' dir='ltr'><strong>τῆς</strong></span> <span class='ocrx_word' id='word_1_415' title='bbox 3051 2797 3158 2867; x_wconf 80' lang='grc' dir='ltr'><strong>γῆς</strong></span> <span class='ocrx_word' id='word_1_416' title='bbox 3194 2799 3256 2864; x_wconf 85' lang='grc' dir='ltr'>ἐξ</span> <span class='ocrx_word' id='word_1_417' title='bbox 3289 2801 3460 2870; x_wconf 76' lang='grc' dir='ltr'>ἀρχῆς</span> <span class='ocrx_word' id='word_1_418' title='bbox 3487 2799 3604 2852; x_wconf 74' lang='grc' dir='ltr'>ἄλλα</span> <span class='ocrx_word' id='word_1_419' title='bbox 3635 2797 3710 2852; x_wconf 73' lang='grc' dir='ltr'><strong>ἅλ-</strong></span> 
     </span>
    </p>
   </div>
   <div class='ocr_carea' id='block_1_58' title="bbox 2169 2885 3709 2960">
    <p class='ocr_par' dir='ltr' id='par_1_58' title="bbox 2169 2885 3709 2960">
     <span class='ocr_line' id='line_1_58' title="bbox 2169 2885 3709 2960; baseline 0.001 -21"><span class='ocrx_word' id='word_1_420' title='bbox 2169 2885 2282 2950; x_wconf 87' lang='grc' dir='ltr'>λοις</span> <span class='ocrx_word' id='word_1_421' title='bbox 2312 2887 2578 2954; x_wconf 76' lang='grc' dir='ltr'>ἐπόπταις</span> <span class='ocrx_word' id='word_1_422' title='bbox 2608 2889 2984 2960; x_wconf 83' lang='grc' dir='ltr'>νενεμημένα,</span> <span class='ocrx_word' id='word_1_423' title='bbox 3017 2889 3115 2943; x_wconf 74' lang='grc' dir='ltr'>καὶ</span> <span class='ocrx_word' id='word_1_424' title='bbox 3157 2890 3302 2944; x_wconf 86' lang='grc' dir='ltr'>κατά</span> <span class='ocrx_word' id='word_1_425' title='bbox 3333 2909 3479 2955; x_wconf 85' lang='grc' dir='ltr'>τινας</span> <span class='ocrx_word' id='word_1_426' title='bbox 3516 2894 3709 2960; x_wconf 83' lang='grc' dir='ltr'>ἐπικρα-</span> 
     </span>
    </p>
   </div>
   <div class='ocr_carea' id='block_1_59' title="bbox 2170 2977 3714 3052">
    <p class='ocr_par' dir='ltr' id='par_1_59' title="bbox 2170 2977 3714 3052">
     <span class='ocr_line' id='line_1_59' title="bbox 2170 2977 3714 3052; baseline -0.001 -20"><span class='ocrx_word' id='word_1_427' title='bbox 2170 2977 2320 3042; x_wconf 85' lang='grc' dir='ltr'>τείας</span> <span class='ocrx_word' id='word_1_428' title='bbox 2359 2979 2754 3051; x_wconf 87' lang='grc' dir='ltr'>διειλημμένα,</span> <span class='ocrx_word' id='word_1_429' title='bbox 2786 2979 2959 3052; x_wconf 78' lang='grc' dir='ltr'>ταύτῃ</span> <span class='ocrx_word' id='word_1_430' title='bbox 2987 2981 3082 3035; x_wconf 78' lang='grc' dir='ltr'><strong>καὶ</strong></span> <span class='ocrx_word' id='word_1_431' title='bbox 3104 2980 3406 3036; x_wconf 80' lang='grc' dir='ltr'>διοικεῖται.</span> <span class='ocrx_word' id='word_1_432' title='bbox 3443 3001 3460 3034; x_wconf 74' lang='grc' dir='ltr'>ι</span> <span class='ocrx_word' id='word_1_433' title='bbox 3487 2979 3607 3044; x_wconf 73' lang='grc' dir='ltr'>Εἶθ’,</span> <span class='ocrx_word' id='word_1_434' title='bbox 3626 2979 3714 3032; x_wconf 82' lang='grc' dir='ltr'><strong>ὠσ-</strong></span> 
     </span>
    </p>
   </div>
   <div class='ocr_carea' id='block_1_60' title="bbox 486 3065 2062 3174">
    <p class='ocr_par' dir='ltr' id='par_1_60' title="bbox 486 3075 2062 3150">
     <span class='ocr_line' id='line_1_60' title="bbox 486 3075 2062 3150; baseline 0.006 -21"><span class='ocrx_word' id='word_1_435' title='bbox 486 3075 679 3130; x_wconf 83' lang='lat' dir='ltr'><strong>Celsus</strong></span> <span class='ocrx_word' id='word_1_436' title='bbox 700 3076 854 3145; x_wconf 86' lang='lat' dir='ltr'><strong>quasi</strong></span> <span class='ocrx_word' id='word_1_437' title='bbox 875 3089 1064 3131; x_wconf 88' lang='lat' dir='ltr'><strong>eorum</strong></span> <span class='ocrx_word' id='word_1_438' title='bbox 1094 3076 1429 3150; x_wconf 73' lang='lat' dir='ltr'><strong>oblitusquac</strong></span> <span class='ocrx_word' id='word_1_439' title='bbox 1454 3089 1647 3136; x_wconf 87' lang='lat' dir='ltr'><strong>contra</strong></span> <span class='ocrx_word' id='word_1_440' title='bbox 1664 3079 1881 3137; x_wconf 67' lang='lat' dir='ltr'><strong>Judznos</strong></span> <span class='ocrx_word' id='word_1_441' title='bbox 1907 3082 2062 3150; x_wconf 76' lang='lat' dir='ltr'><strong>dixit,</strong></span> 
     </span>
    </p>
   </div>
   <div class='ocr_carea' id='block_1_61' title="bbox 2173 3065 3711 3174">
    <p class='ocr_par' dir='ltr' id='par_1_61' title="bbox 2173 3065 3711 3159">
     <span class='ocr_line' id='line_1_61' title="bbox 2173 3065 3711 3159; baseline 0 -37"><span class='ocrx_word' id='word_1_442' title='bbox 2173 3071 2327 3142; x_wconf 73' lang='grc' dir='ltr'>περεὶ</span> <span class='ocrx_word' id='word_1_443' title='bbox 2347 3070 2734 3142; x_wconf 82' lang='grc' dir='ltr'>ἐπιλαθόμενος</span> <span class='ocrx_word' id='word_1_444' title='bbox 2755 3072 2785 3126; x_wconf 87' lang='grc' dir='ltr'><strong>ό</strong></span> <span class='ocrx_word' id='word_1_445' title='bbox 2808 3071 3012 3134; x_wconf 85' lang='grc' dir='ltr'>Κέλσος</span> <span class='ocrx_word' id='word_1_446' title='bbox 3041 3065 3118 3126; x_wconf 81' lang='grc' dir='ltr'>ὧν</span> <span class='ocrx_word' id='word_1_447' title='bbox 3137 3069 3262 3159; x_wconf 73' lang='grc' dir='ltr'>εἷπε</span> <span class='ocrx_word' id='word_1_448' title='bbox 3288 3074 3429 3129; x_wconf 80' lang='grc' dir='ltr'>κατὰ</span> <span class='ocrx_word' id='word_1_449' title='bbox 3464 3071 3711 3133; x_wconf 77' lang='grc' dir='ltr'>Ἰουδαίων,</span> 
     </span>
    </p>
   </div>
   <div class='ocr_carea' id='block_1_62' title="bbox 487 3161 2062 3240">
    <p class='ocr_par' dir='ltr' id='par_1_62' title="bbox 487 3165 2062 3240">
     <span class='ocr_line' id='line_1_62' title="bbox 487 3165 2062 3240; baseline 0.006 -21"><span class='ocrx_word' id='word_1_450' title='bbox 487 3181 631 3220; x_wconf 90' lang='lat' dir='ltr'><strong>nunc</strong></span> <span class='ocrx_word' id='word_1_451' title='bbox 669 3165 817 3235; x_wconf 87' lang='lat' dir='ltr'><strong>ipsos</strong></span> <span class='ocrx_word' id='word_1_452' title='bbox 849 3165 1088 3236; x_wconf 77' lang='lat' dir='ltr'><strong>generali</strong></span> <span class='ocrx_word' id='word_1_453' title='bbox 1113 3165 1292 3234; x_wconf 87' lang='lat' dir='ltr'><strong>laude,</strong></span> <span class='ocrx_word' id='word_1_454' title='bbox 1319 3183 1482 3239; x_wconf 87' lang='lat' dir='ltr'><strong>quam</strong></span> <span class='ocrx_word' id='word_1_455' title='bbox 1514 3172 1818 3240; x_wconf 82' lang='lat' dir='ltr'><strong>patriorum</strong></span> <span class='ocrx_word' id='word_1_456' title='bbox 1845 3171 2062 3229; x_wconf 86' lang='lat' dir='ltr'><strong>institu-</strong></span> 
     </span>
    </p>
   </div>
   <div class='ocr_carea' id='block_1_63' title="bbox 2173 3161 3716 3240">
    <p class='ocr_par' dir='ltr' id='par_1_63' title="bbox 2173 3161 3716 3236">
     <span class='ocr_line' id='line_1_63' title="bbox 2173 3161 3716 3236; baseline 0.001 -21"><span class='ocrx_word' id='word_1_457' title='bbox 2173 3161 2266 3215; x_wconf 81' lang='grc' dir='ltr'>νῦν</span> <span class='ocrx_word' id='word_1_458' title='bbox 2300 3163 2358 3215; x_wconf 89' lang='grc' dir='ltr'><strong>ἐν</strong></span> <span class='ocrx_word' id='word_1_459' title='bbox 2384 3163 2464 3235; x_wconf 83' lang='grc' dir='ltr'>τῷ</span> <span class='ocrx_word' id='word_1_460' title='bbox 2494 3161 2766 3235; x_wconf 86' lang='grc' dir='ltr'>καθολικῷ</span> <span class='ocrx_word' id='word_1_461' title='bbox 2796 3163 2926 3235; x_wconf 81' lang='grc' dir='ltr'>περὶ</span> <span class='ocrx_word' id='word_1_462' title='bbox 2958 3163 3180 3218; x_wconf 77' lang='grc' dir='ltr'>πάντων</span> <span class='ocrx_word' id='word_1_463' title='bbox 3208 3164 3319 3218; x_wconf 82' lang='grc' dir='ltr'><strong>τῶν</strong></span> <span class='ocrx_word' id='word_1_464' title='bbox 3349 3165 3420 3220; x_wconf 76' lang='grc' dir='ltr'>τὰ</span> <span class='ocrx_word' id='word_1_465' title='bbox 3442 3165 3624 3236; x_wconf 78' lang='grc' dir='ltr'>πάτρια</span> <span class='ocrx_word' id='word_1_466' title='bbox 3641 3179 3716 3232; x_wconf 75' lang='grc' dir='ltr'>τηο</span> 
     </span>
    </p>
   </div>
   <div class='ocr_carea' id='block_1_64' title="bbox 490 3257 2063 3333">
    <p class='ocr_par' dir='ltr' id='par_1_64' title="bbox 490 3257 2063 3333">
     <span class='ocr_line' id='line_1_64' title="bbox 490 3257 2063 3333; baseline 0.008 -24"><span class='ocrx_word' id='word_1_467' title='bbox 490 3266 666 3312; x_wconf 88' lang='lat' dir='ltr'><strong>torum</strong></span> <span class='ocrx_word' id='word_1_468' title='bbox 691 3257 1054 3314; x_wconf 83' lang='lat' dir='ltr'><strong>retinentibus</strong></span> <span class='ocrx_word' id='word_1_469' title='bbox 1077 3257 1344 3329; x_wconf 89' lang='lat' dir='ltr'><strong>impertit,</strong></span> <span class='ocrx_word' id='word_1_470' title='bbox 1366 3262 1771 3333; x_wconf 89' lang='lat' dir='ltr'><strong>complectitur,</strong></span> <span class='ocrx_word' id='word_1_471' title='bbox 1795 3278 1921 3320; x_wconf 91' lang='lat' dir='ltr'><strong>cum</strong></span> <span class='ocrx_word' id='word_1_472' title='bbox 1945 3265 2022 3320; x_wconf 87' lang='lat' dir='ltr'><strong>ait</strong></span> <span class='ocrx_word' id='word_1_473' title='bbox 2050 3285 2063 3322; x_wconf 93' lang='lat'><strong>:</strong></span> 
     </span>
    </p>
   </div>
   <div class='ocr_carea' id='block_1_65' title="bbox 493 3345 2065 3424">
    <p class='ocr_par' dir='ltr' id='par_1_65' title="bbox 493 3345 2065 3424">
     <span class='ocr_line' id='line_1_65' title="bbox 493 3345 2065 3424; baseline 0.01 -26"><span class='ocrx_word' id='word_1_474' title='bbox 493 3364 513 3398; x_wconf 76' lang='grc' dir='ltr'><strong>ι</strong></span> <span class='ocrx_word' id='word_1_475' title='bbox 551 3345 818 3402; x_wconf 76' lang='lat' dir='ltr'><strong>Prteclare</strong></span> <span class='ocrx_word' id='word_1_476' title='bbox 849 3361 972 3403; x_wconf 90' lang='lat' dir='ltr'><strong>cum</strong></span> <span class='ocrx_word' id='word_1_477' title='bbox 1003 3350 1239 3414; x_wconf 78' lang='lat' dir='ltr'><strong>singulis</strong></span> <span class='ocrx_word' id='word_1_478' title='bbox 1269 3352 1479 3421; x_wconf 81' lang='lat' dir='ltr'><strong>agitur,</strong></span> <span class='ocrx_word' id='word_1_479' title='bbox 1503 3351 1550 3408; x_wconf 90' lang='lat' dir='ltr'><strong>si</strong></span> <span class='ocrx_word' id='word_1_480' title='bbox 1586 3365 1852 3424; x_wconf 79' lang='lat' dir='ltr'><strong>reguntur</strong></span> <span class='ocrx_word' id='word_1_481' title='bbox 1881 3371 1944 3413; x_wconf 88' lang='lat' dir='ltr'><strong>ea</strong></span> <span class='ocrx_word' id='word_1_482' title='bbox 1979 3372 2065 3413; x_wconf 87' lang='lat' dir='ltr'><strong>ra-</strong></span> 
     </span>
    </p>
   </div>
   <div class='ocr_carea' id='block_1_66' title="bbox 489 3436 2062 3516">
    <p class='ocr_par' dir='ltr' id='par_1_66' title="bbox 489 3436 2062 3516">
     <span class='ocr_line' id='line_1_66' title="bbox 489 3436 2062 3516; baseline 0.007 -26"><span class='ocrx_word' id='word_1_483' title='bbox 489 3436 659 3503; x_wconf 89' lang='lat' dir='ltr'><strong>tione,</strong></span> <span class='ocrx_word' id='word_1_484' title='bbox 682 3453 804 3509; x_wconf 74' lang='lat' dir='ltr'><strong>quze</strong></span> <span class='ocrx_word' id='word_1_485' title='bbox 826 3439 1182 3510; x_wconf 91' lang='lat' dir='ltr'><strong>potestatibus</strong></span> <span class='ocrx_word' id='word_1_486' title='bbox 1209 3440 1318 3496; x_wconf 90' lang='lat' dir='ltr'><strong>illis</strong></span> <span class='ocrx_word' id='word_1_487' title='bbox 1339 3440 1538 3511; x_wconf 92' lang='lat' dir='ltr'><strong>placet.</strong></span> <span class='ocrx_word' id='word_1_488' title='bbox 1569 3461 1590 3497; x_wconf 73' lang='grc' dir='ltr'><strong>ι</strong></span> <span class='ocrx_word' id='word_1_489' title='bbox 1612 3443 1691 3499; x_wconf 89' lang='lat' dir='ltr'><strong>Ac</strong></span> <span class='ocrx_word' id='word_1_490' title='bbox 1717 3444 1839 3502; x_wconf 87' lang='lat' dir='ltr'><strong>vide</strong></span> <span class='ocrx_word' id='word_1_491' title='bbox 1863 3462 2062 3516; x_wconf 84' lang='lat' dir='ltr'><strong>annon,</strong></span> 
     </span>
    </p>
   </div>
   <div class='ocr_carea' id='block_1_67' title="bbox 485 3528 2065 3610">
    <p class='ocr_par' dir='ltr' id='par_1_67' title="bbox 485 3528 2065 3610">
     <span class='ocr_line' id='line_1_67' title="bbox 485 3528 2065 3610; baseline 0.009 -28"><span class='ocrx_word' id='word_1_492' title='bbox 485 3538 752 3599; x_wconf 88' lang='lat' dir='ltr'><strong>quantum</strong></span> <span class='ocrx_word' id='word_1_493' title='bbox 782 3528 836 3586; x_wconf 91' lang='lat' dir='ltr'><strong>in</strong></span> <span class='ocrx_word' id='word_1_494' title='bbox 867 3543 926 3586; x_wconf 87' lang='lat' dir='ltr'><strong>se</strong></span> <span class='ocrx_word' id='word_1_495' title='bbox 949 3540 1057 3598; x_wconf 89' lang='lat' dir='ltr'><strong>est,</strong></span> <span class='ocrx_word' id='word_1_496' title='bbox 1093 3529 1341 3589; x_wconf 83' lang='lat' dir='ltr'><strong>Judaeum</strong></span> <span class='ocrx_word' id='word_1_497' title='bbox 1385 3534 1520 3591; x_wconf 89' lang='lat' dir='ltr'><strong>velit</strong></span> <span class='ocrx_word' id='word_1_498' title='bbox 1551 3535 1608 3590; x_wconf 92' lang='lat' dir='ltr'><strong>in</strong></span> <span class='ocrx_word' id='word_1_499' title='bbox 1637 3551 1859 3592; x_wconf 88' lang='lat' dir='ltr'><strong>suarum</strong></span> <span class='ocrx_word' id='word_1_500' title='bbox 1888 3538 2065 3610; x_wconf 71' lang='lat' dir='ltr'><strong>legum</strong></span> 
     </span>
    </p>
   </div>
   <div class='ocr_carea' id='block_1_68' title="bbox 485 3623 2064 3698">
    <p class='ocr_par' dir='ltr' id='par_1_68' title="bbox 485 3623 2064 3698">
     <span class='ocr_line' id='line_1_68' title="bbox 485 3623 2064 3698; baseline 0.008 -21"><span class='ocrx_word' id='word_1_501' title='bbox 485 3623 877 3681; x_wconf 84' lang='lat' dir='ltr'><strong>observatione</strong></span> <span class='ocrx_word' id='word_1_502' title='bbox 911 3639 1296 3696; x_wconf 86' lang='lat' dir='ltr'><strong>perseverare,</strong></span> <span class='ocrx_word' id='word_1_503' title='bbox 1334 3629 1491 3697; x_wconf 87' lang='lat' dir='ltr'><strong>quasi</strong></span> <span class='ocrx_word' id='word_1_504' title='bbox 1539 3629 1767 3698; x_wconf 87' lang='lat' dir='ltr'><strong>impium</strong></span> <span class='ocrx_word' id='word_1_505' title='bbox 1818 3631 2064 3690; x_wconf 83' lang='lat' dir='ltr'><strong>futurum</strong></span> 
     </span>
    </p>
   </div>
   <div class='ocr_carea' id='block_1_69' title="bbox 485 3710 2066 3779">
    <p class='ocr_par' dir='ltr' id='par_1_69' title="bbox 485 3710 2066 3779">
     <span class='ocr_line' id='line_1_69' title="bbox 485 3710 2066 3779; baseline 0.007 -12"><span class='ocrx_word' id='word_1_506' title='bbox 485 3710 534 3767; x_wconf 93' lang='lat' dir='ltr'><strong>si</strong></span> <span class='ocrx_word' id='word_1_507' title='bbox 563 3712 632 3766; x_wconf 91' lang='lat' dir='ltr'><strong>ab</strong></span> <span class='ocrx_word' id='word_1_508' title='bbox 662 3711 771 3769; x_wconf 87' lang='lat' dir='ltr'><strong>illis</strong></span> <span class='ocrx_word' id='word_1_509' title='bbox 799 3713 1142 3770; x_wconf 85' lang='lat' dir='ltr'><strong>abscederet.</strong></span> <span class='ocrx_word' id='word_1_510' title='bbox 1173 3714 1264 3769; x_wconf 88' lang='lat' dir='ltr'><strong>Ait</strong></span> <span class='ocrx_word' id='word_1_511' title='bbox 1293 3719 1438 3772; x_wconf 90' lang='lat' dir='ltr'><strong>enim</strong></span> <span class='ocrx_word' id='word_1_512' title='bbox 1474 3735 1490 3774; x_wconf 88' lang='lat'><strong>:</strong></span> <span class='ocrx_word' id='word_1_513' title='bbox 1522 3736 1540 3770; x_wconf 81' lang='grc' dir='ltr'><strong>ι</strong></span> <span class='ocrx_word' id='word_1_514' title='bbox 1576 3715 1688 3775; x_wconf 85' lang='lat' dir='ltr'><strong>Nec</strong></span> <span class='ocrx_word' id='word_1_515' title='bbox 1725 3721 1809 3777; x_wconf 85' lang='lat' dir='ltr'><strong>l&#39;as</strong></span> <span class='ocrx_word' id='word_1_516' title='bbox 1838 3730 1922 3777; x_wconf 89' lang='lat' dir='ltr'><strong>est</strong></span> <span class='ocrx_word' id='word_1_517' title='bbox 1953 3723 2066 3779; x_wconf 90' lang='lat' dir='ltr'><strong>dis-</strong></span> 
     </span>
    </p>
   </div>
   <div class='ocr_carea' id='block_1_70' title="bbox 485 3805 2064 3883">
    <p class='ocr_par' dir='ltr' id='par_1_70' title="bbox 485 3805 2064 3883">
     <span class='ocr_line' id='line_1_70' title="bbox 485 3805 2064 3883; baseline 0.007 -22"><span class='ocrx_word' id='word_1_518' title='bbox 485 3805 697 3862; x_wconf 86' lang='lat' dir='ltr'><strong>solvere</strong></span> <span class='ocrx_word' id='word_1_519' title='bbox 720 3822 841 3876; x_wconf 75' lang='lat' dir='ltr'><strong>qute</strong></span> <span class='ocrx_word' id='word_1_520' title='bbox 864 3823 964 3878; x_wconf 93' lang='lat' dir='ltr'><strong>pro</strong></span> <span class='ocrx_word' id='word_1_521' title='bbox 988 3809 1105 3867; x_wconf 91' lang='lat' dir='ltr'><strong>suis</strong></span> <span class='ocrx_word' id='word_1_522' title='bbox 1126 3824 1357 3881; x_wconf 62' lang='lat' dir='ltr'><strong>quaeque</strong></span> <span class='ocrx_word' id='word_1_523' title='bbox 1386 3811 1521 3868; x_wconf 90' lang='lat' dir='ltr'><strong>locis</strong></span> <span class='ocrx_word' id='word_1_524' title='bbox 1540 3811 1655 3883; x_wconf 86' lang='lat' dir='ltr'><strong>jam</strong></span> <span class='ocrx_word' id='word_1_525' title='bbox 1681 3823 1790 3868; x_wconf 93' lang='lat' dir='ltr'><strong>tum</strong></span> <span class='ocrx_word' id='word_1_526' title='bbox 1815 3815 1882 3871; x_wconf 86' lang='lat' dir='ltr'><strong>ab</strong></span> <span class='ocrx_word' id='word_1_527' title='bbox 1909 3814 2064 3872; x_wconf 88' lang='lat' dir='ltr'><strong>initio</strong></span> 
     </span>
    </p>
   </div>
   <div class='ocr_carea' id='block_1_71' title="bbox 485 3896 2063 3975">
    <p class='ocr_par' dir='ltr' id='par_1_71' title="bbox 485 3896 2063 3975">
     <span class='ocr_line' id='line_1_71' title="bbox 485 3896 2063 3975; baseline 0.006 -24"><span class='ocrx_word' id='word_1_528' title='bbox 485 3896 647 3968; x_wconf 83' lang='lat'><strong>597</strong></span> <span class='ocrx_word' id='word_1_529' title='bbox 671 3899 921 3955; x_wconf 85' lang='lat' dir='ltr'><strong>instituta</strong></span> <span class='ocrx_word' id='word_1_530' title='bbox 949 3909 1097 3956; x_wconf 91' lang='lat' dir='ltr'><strong>sunt.</strong></span> <span class='ocrx_word' id='word_1_531' title='bbox 1128 3919 1146 3953; x_wconf 75' lang='grc' dir='ltr'><strong>ι</strong></span> <span class='ocrx_word' id='word_1_532' title='bbox 1179 3901 1282 3957; x_wconf 84' lang='lat' dir='ltr'><strong>Hic</strong></span> <span class='ocrx_word' id='word_1_533' title='bbox 1303 3902 1452 3958; x_wconf 87' lang='lat' dir='ltr'><strong>illum</strong></span> <span class='ocrx_word' id='word_1_534' title='bbox 1479 3901 1788 3975; x_wconf 80' lang='lat' dir='ltr'><strong>eademque</strong></span> <span class='ocrx_word' id='word_1_535' title='bbox 1811 3921 1934 3960; x_wconf 89' lang='lat' dir='ltr'><strong>cum</strong></span> <span class='ocrx_word' id='word_1_536' title='bbox 1969 3904 2063 3962; x_wconf 84' lang='lat' dir='ltr'><strong>illo</strong></span> 
     </span>
    </p>
   </div>
   <div class='ocr_carea' id='block_1_72' title="bbox 484 3991 2062 4067">
    <p class='ocr_par' dir='ltr' id='par_1_72' title="bbox 484 3991 2062 4067">
     <span class='ocr_line' id='line_1_72' title="bbox 484 3991 2062 4067; baseline 0.004 -22"><span class='ocrx_word' id='word_1_537' title='bbox 484 3991 784 4048; x_wconf 84' lang='lat' dir='ltr'><strong>sentientes</strong></span> <span class='ocrx_word' id='word_1_538' title='bbox 832 3993 1285 4065; x_wconf 82' lang='lat' dir='ltr'><strong>interrogaverim</strong></span> <span class='ocrx_word' id='word_1_539' title='bbox 1316 3994 1553 4052; x_wconf 87' lang='lat' dir='ltr'><strong>lubens:</strong></span> <span class='ocrx_word' id='word_1_540' title='bbox 1588 3997 1782 4067; x_wconf 88' lang='lat' dir='ltr'><strong>ecquis</strong></span> <span class='ocrx_word' id='word_1_541' title='bbox 1812 3996 1904 4054; x_wconf 91' lang='lat' dir='ltr'><strong>ille</strong></span> <span class='ocrx_word' id='word_1_542' title='bbox 1939 3998 2062 4067; x_wconf 80' lang='lat' dir='ltr'><strong>fuit,</strong></span> 
     </span>
    </p>
   </div>
   <div class='ocr_carea' id='block_1_73' title="bbox 483 4082 2060 4154">
    <p class='ocr_par' dir='ltr' id='par_1_73' title="bbox 483 4082 2060 4154">
     <span class='ocr_line' id='line_1_73' title="bbox 483 4082 2060 4154; baseline 0.008 -19"><span class='ocrx_word' id='word_1_543' title='bbox 483 4082 575 4153; x_wconf 91' lang='lat' dir='ltr'><strong>qui</strong></span> <span class='ocrx_word' id='word_1_544' title='bbox 605 4091 765 4138; x_wconf 72' lang='lat' dir='ltr'><strong>terrm</strong></span> <span class='ocrx_word' id='word_1_545' title='bbox 789 4094 977 4154; x_wconf 90' lang='lat' dir='ltr'><strong>partes</strong></span> <span class='ocrx_word' id='word_1_546' title='bbox 1003 4087 1072 4142; x_wconf 88' lang='lat' dir='ltr'><strong>ab</strong></span> <span class='ocrx_word' id='word_1_547' title='bbox 1105 4087 1262 4143; x_wconf 88' lang='lat' dir='ltr'><strong>initio</strong></span> <span class='ocrx_word' id='word_1_548' title='bbox 1288 4087 1426 4144; x_wconf 89' lang='lat' dir='ltr'><strong>alias</strong></span> <span class='ocrx_word' id='word_1_549' title='bbox 1455 4086 1579 4146; x_wconf 92' lang='lat' dir='ltr'><strong>aliis</strong></span> <span class='ocrx_word' id='word_1_550' title='bbox 1603 4088 1948 4147; x_wconf 84' lang='lat' dir='ltr'><strong>distribuerit</strong></span> <span class='ocrx_word' id='word_1_551' title='bbox 1972 4093 2060 4148; x_wconf 92' lang='lat' dir='ltr'><strong>in-</strong></span> 
     </span>
    </p>
   </div>
   <div class='ocr_carea' id='block_1_74' title="bbox 481 4175 2062 4250">
    <p class='ocr_par' dir='ltr' id='par_1_74' title="bbox 481 4175 2062 4250">
     <span class='ocr_line' id='line_1_74' title="bbox 481 4175 2062 4250; baseline 0.008 -21"><span class='ocrx_word' id='word_1_552' title='bbox 481 4175 1086 4248; x_wconf 84' lang='lat' dir='ltr'><strong>spectoribus?Ecquis</strong></span> <span class='ocrx_word' id='word_1_553' title='bbox 1117 4176 1428 4234; x_wconf 82' lang='lat' dir='ltr'><strong>Judaeorum</strong></span> <span class='ocrx_word' id='word_1_554' title='bbox 1451 4179 1727 4250; x_wconf 76' lang='lat' dir='ltr'><strong>regionem</strong></span> <span class='ocrx_word' id='word_1_555' title='bbox 1756 4189 1814 4239; x_wconf 92' lang='lat' dir='ltr'><strong>et</strong></span> <span class='ocrx_word' id='word_1_556' title='bbox 1845 4180 2062 4241; x_wconf 68' lang='lat' dir='ltr'><strong>Judteos</strong></span> 
     </span>
    </p>
   </div>
   <div class='ocr_carea' id='block_1_75' title="bbox 481 4265 2060 4342">
    <p class='ocr_par' dir='ltr' id='par_1_75' title="bbox 481 4265 2060 4342">
     <span class='ocr_line' id='line_1_75' title="bbox 481 4265 2060 4342; baseline 0.006 -22"><span class='ocrx_word' id='word_1_557' title='bbox 481 4265 628 4336; x_wconf 85' lang='lat' dir='ltr'><strong>ipsos</strong></span> <span class='ocrx_word' id='word_1_558' title='bbox 660 4268 942 4325; x_wconf 87' lang='lat' dir='ltr'><strong>commisit</strong></span> <span class='ocrx_word' id='word_1_559' title='bbox 975 4267 1052 4324; x_wconf 89' lang='lat' dir='ltr'><strong>illi</strong></span> <span class='ocrx_word' id='word_1_560' title='bbox 1109 4268 1198 4324; x_wconf 85' lang='lat' dir='ltr'><strong>vel</strong></span> <span class='ocrx_word' id='word_1_561' title='bbox 1244 4268 1354 4326; x_wconf 83' lang='lat' dir='ltr'><strong>illis</strong></span> <span class='ocrx_word' id='word_1_562' title='bbox 1409 4271 1736 4340; x_wconf 70' lang='lat' dir='ltr'><strong>prmsidibus</strong></span> <span class='ocrx_word' id='word_1_563' title='bbox 1769 4272 1865 4342; x_wconf 90' lang='lat' dir='ltr'><strong>qui</strong></span> <span class='ocrx_word' id='word_1_564' title='bbox 1913 4272 2060 4330; x_wconf 88' lang='lat' dir='ltr'><strong>illam</strong></span> 
     </span>
    </p>
   </div>
   <div class='ocr_carea' id='block_1_76' title="bbox 480 4359 2063 4433">
    <p class='ocr_par' dir='ltr' id='par_1_76' title="bbox 480 4359 2063 4433">
     <span class='ocr_line' id='line_1_76' title="bbox 480 4359 2063 4433; baseline 0.003 -19"><span class='ocrx_word' id='word_1_565' title='bbox 480 4359 662 4415; x_wconf 85' lang='lat' dir='ltr'><strong>sortiti</strong></span> <span class='ocrx_word' id='word_1_566' title='bbox 689 4359 854 4416; x_wconf 81' lang='lat' dir='ltr'><strong>sunt?</strong></span> <span class='ocrx_word' id='word_1_567' title='bbox 883 4360 965 4415; x_wconf 83' lang='lat' dir='ltr'><strong>An</strong></span> <span class='ocrx_word' id='word_1_568' title='bbox 987 4359 1221 4431; x_wconf 85' lang='lat' dir='ltr'><strong>Jupiter,</strong></span> <span class='ocrx_word' id='word_1_569' title='bbox 1265 4371 1326 4418; x_wconf 90' lang='lat' dir='ltr'><strong>ut</strong></span> <span class='ocrx_word' id='word_1_570' title='bbox 1355 4361 1507 4433; x_wconf 86' lang='lat' dir='ltr'><strong>loqui</strong></span> <span class='ocrx_word' id='word_1_571' title='bbox 1542 4372 1691 4420; x_wconf 89' lang='lat' dir='ltr'><strong>amat</strong></span> <span class='ocrx_word' id='word_1_572' title='bbox 1720 4363 1933 4431; x_wconf 85' lang='lat' dir='ltr'><strong>Celsus,</strong></span> <span class='ocrx_word' id='word_1_573' title='bbox 1971 4365 2063 4420; x_wconf 82' lang='lat' dir='ltr'><strong>Ju-</strong></span> 
     </span>
    </p>
   </div>
   <div class='ocr_carea' id='block_1_77' title="bbox 2175 3253 3711 3332">
    <p class='ocr_par' dir='ltr' id='par_1_77' title="bbox 2175 3253 3711 3332">
     <span class='ocr_line' id='line_1_77' title="bbox 2175 3253 3711 3332; baseline 0.001 -24"><span class='ocrx_word' id='word_1_574' title='bbox 2175 3253 2411 3327; x_wconf 86' lang='grc' dir='ltr'>ρούντων</span> <span class='ocrx_word' id='word_1_575' title='bbox 2458 3257 2666 3327; x_wconf 83' lang='grc' dir='ltr'>ἐπαίνῳ</span> <span class='ocrx_word' id='word_1_576' title='bbox 2706 3257 2803 3310; x_wconf 77' lang='grc' dir='ltr'>καὶ</span> <span class='ocrx_word' id='word_1_577' title='bbox 2842 3256 3069 3322; x_wconf 87' lang='grc' dir='ltr'>τούτους</span> <span class='ocrx_word' id='word_1_578' title='bbox 3115 3259 3504 3332; x_wconf 76' lang='grc' dir='ltr'>περιλαμϐάνει</span> <span class='ocrx_word' id='word_1_579' title='bbox 3541 3259 3711 3326; x_wconf 70' lang='grc' dir='ltr'>λέγων·</span> 
     </span>
    </p>
   </div>
   <div class='ocr_carea' id='block_1_78' title="bbox 2177 3345 3717 3420">
    <p class='ocr_par' dir='ltr' id='par_1_78' title="bbox 2177 3345 3717 3420">
     <span class='ocr_line' id='line_1_78' title="bbox 2177 3345 3717 3420; baseline 0.002 -23"><span class='ocrx_word' id='word_1_580' title='bbox 2177 3363 2196 3396; x_wconf 79' lang='grc' dir='ltr'>ι</span> <span class='ocrx_word' id='word_1_581' title='bbox 2258 3345 2368 3398; x_wconf 76' lang='grc' dir='ltr'>Καὶ</span> <span class='ocrx_word' id='word_1_582' title='bbox 2420 3345 2484 3416; x_wconf 79' lang='grc' dir='ltr'>δὴ</span> <span class='ocrx_word' id='word_1_583' title='bbox 2538 3345 2608 3399; x_wconf 71' lang='grc' dir='ltr'>τὰ</span> <span class='ocrx_word' id='word_1_584' title='bbox 2658 3347 2787 3418; x_wconf 83' lang='grc' dir='ltr'>παρ’</span> <span class='ocrx_word' id='word_1_585' title='bbox 2847 3347 3100 3413; x_wconf 75' lang='grc' dir='ltr'>ἑκάστοις</span> <span class='ocrx_word' id='word_1_586' title='bbox 3139 3349 3318 3420; x_wconf 82' lang='grc' dir='ltr'>ὀρθῶς</span> <span class='ocrx_word' id='word_1_587' title='bbox 3363 3351 3428 3406; x_wconf 82' lang='grc' dir='ltr'>ἂν</span> <span class='ocrx_word' id='word_1_588' title='bbox 3468 3350 3717 3420; x_wconf 82' lang='grc' dir='ltr'>πράττοιτο</span> 
     </span>
    </p>
   </div>
   <div class='ocr_carea' id='block_1_79' title="bbox 2169 3435 3717 3512">
    <p class='ocr_par' dir='ltr' id='par_1_79' title="bbox 2169 3435 3717 3512">
     <span class='ocr_line' id='line_1_79' title="bbox 2169 3435 3717 3512; baseline 0.003 -24"><span class='ocrx_word' id='word_1_589' title='bbox 2169 3435 2342 3508; x_wconf 87' lang='grc' dir='ltr'>ταύτῃ</span> <span class='ocrx_word' id='word_1_590' title='bbox 2372 3435 2648 3508; x_wconf 82' lang='grc' dir='ltr'>δρώμενα,</span> <span class='ocrx_word' id='word_1_591' title='bbox 2683 3437 2790 3509; x_wconf 82' lang='grc' dir='ltr'><strong>ὅπη</strong></span> <span class='ocrx_word' id='word_1_592' title='bbox 2823 3438 3054 3503; x_wconf 83' lang='grc' dir='ltr'>ἐκείνοις</span> <span class='ocrx_word' id='word_1_593' title='bbox 3086 3439 3261 3510; x_wconf 84' lang='grc' dir='ltr'>φίλον.</span> <span class='ocrx_word' id='word_1_594' title='bbox 3301 3458 3319 3491; x_wconf 78' lang='grc' dir='ltr'><strong>ι</strong></span> <span class='ocrx_word' id='word_1_595' title='bbox 3351 3441 3457 3494; x_wconf 77' lang='grc' dir='ltr'><strong>Καὶ</strong></span> <span class='ocrx_word' id='word_1_596' title='bbox 3474 3443 3566 3512; x_wconf 82' lang='grc' dir='ltr'><strong>δρα</strong></span> <span class='ocrx_word' id='word_1_597' title='bbox 3589 3438 3717 3509; x_wconf 80' lang='grc' dir='ltr'>εἰμὴ</span> 
     </span>
    </p>
   </div>
   <div class='ocr_carea' id='block_1_80' title="bbox 2171 3526 3720 3603">
    <p class='ocr_par' dir='ltr' id='par_1_80' title="bbox 2171 3526 3720 3603">
     <span class='ocr_line' id='line_1_80' title="bbox 2171 3526 3720 3603; baseline 0.003 -22"><span class='ocrx_word' id='word_1_598' title='bbox 2171 3526 2452 3601; x_wconf 84' lang='grc' dir='ltr'>ἄντικρυς,</span> <span class='ocrx_word' id='word_1_599' title='bbox 2487 3528 2551 3582; x_wconf 88' lang='grc' dir='ltr'><strong>τὸ</strong></span> <span class='ocrx_word' id='word_1_600' title='bbox 2583 3530 2708 3584; x_wconf 79' lang='grc' dir='ltr'>ὅσον</span> <span class='ocrx_word' id='word_1_601' title='bbox 2745 3531 2830 3601; x_wconf 76' lang='grc' dir='ltr'><strong>ἐφ’</strong></span> <span class='ocrx_word' id='word_1_602' title='bbox 2865 3532 3064 3603; x_wconf 81' lang='grc' dir='ltr'>ἐαυτῷ,</span> <span class='ocrx_word' id='word_1_603' title='bbox 3113 3533 3208 3586; x_wconf 82' lang='grc' dir='ltr'><strong>τὸν</strong></span> <span class='ocrx_word' id='word_1_604' title='bbox 3261 3533 3506 3587; x_wconf 79' lang='grc' dir='ltr'>Ἰουδαῖον</span> <span class='ocrx_word' id='word_1_605' title='bbox 3533 3536 3584 3587; x_wconf 84' lang='grc' dir='ltr'><strong>ἐν</strong></span> <span class='ocrx_word' id='word_1_606' title='bbox 3621 3533 3720 3594; x_wconf 60' lang='lat' dir='ltr'><strong>rei;</strong></span> 
     </span>
    </p>
   </div>
   <div class='ocr_carea' id='block_1_81' title="bbox 2174 3622 3722 3695">
    <p class='ocr_par' dir='ltr' id='par_1_81' title="bbox 2174 3622 3722 3695">
     <span class='ocr_line' id='line_1_81' title="bbox 2174 3622 3722 3695; baseline 0.002 -20"><span class='ocrx_word' id='word_1_607' title='bbox 2174 3622 2322 3685; x_wconf 78' lang='grc' dir='ltr'>ἰδίοις</span> <span class='ocrx_word' id='word_1_608' title='bbox 2367 3623 2553 3694; x_wconf 89' lang='grc' dir='ltr'>νόμοις</span> <span class='ocrx_word' id='word_1_609' title='bbox 2605 3622 2853 3693; x_wconf 85' lang='grc' dir='ltr'>βούλεται</span> <span class='ocrx_word' id='word_1_610' title='bbox 2900 3622 3123 3695; x_wconf 80' lang='grc' dir='ltr'>βιοῦντα</span> <span class='ocrx_word' id='word_1_611' title='bbox 3168 3623 3242 3695; x_wconf 81' lang='grc' dir='ltr'>μὴ</span> <span class='ocrx_word' id='word_1_612' title='bbox 3290 3624 3595 3695; x_wconf 70' lang='grc' dir='ltr'>ἀφίστασθαι</span> <span class='ocrx_word' id='word_1_613' title='bbox 3637 3624 3722 3679; x_wconf 75' lang='grc' dir='ltr'><strong>αύ-</strong></span> 
     </span>
    </p>
   </div>
   <div class='ocr_carea' id='block_1_82' title="bbox 2168 3714 3726 3790">
    <p class='ocr_par' dir='ltr' id='par_1_82' title="bbox 2168 3714 3726 3790">
     <span class='ocr_line' id='line_1_82' title="bbox 2168 3714 3726 3790; baseline 0.001 -21"><span class='ocrx_word' id='word_1_614' title='bbox 2168 3715 2276 3770; x_wconf 83' lang='grc' dir='ltr'>τῶν</span> <span class='ocrx_word' id='word_1_615' title='bbox 2312 3714 2444 3788; x_wconf 84' lang='grc'>(90),</span> <span class='ocrx_word' id='word_1_616' title='bbox 2473 3716 2548 3781; x_wconf 85' lang='grc' dir='ltr'>ὼς</span> <span class='ocrx_word' id='word_1_617' title='bbox 2581 3716 2681 3788; x_wconf 84' lang='grc' dir='ltr'>ούχ</span> <span class='ocrx_word' id='word_1_618' title='bbox 2711 3717 2856 3771; x_wconf 83' lang='grc' dir='ltr'>ὅσιον</span> <span class='ocrx_word' id='word_1_619' title='bbox 2896 3717 3230 3788; x_wconf 86' lang='grc' dir='ltr'>πράττοντα,</span> <span class='ocrx_word' id='word_1_620' title='bbox 3262 3717 3358 3772; x_wconf 84' lang='grc' dir='ltr'><strong>ἐὰν</strong></span> <span class='ocrx_word' id='word_1_621' title='bbox 3390 3719 3614 3790; x_wconf 85' lang='grc' dir='ltr'>ἀποστῇ·</span> <span class='ocrx_word' id='word_1_622' title='bbox 3645 3717 3726 3771; x_wconf 87' lang='grc' dir='ltr'>λέ-</span> 
     </span>
    </p>
   </div>
   <div class='ocr_carea' id='block_1_83' title="bbox 2168 3798 3728 3881">
    <p class='ocr_par' dir='ltr' id='par_1_83' title="bbox 2168 3798 3728 3881">
     <span class='ocr_line' id='line_1_83' title="bbox 2168 3798 3728 3881; baseline 0.001 -21"><span class='ocrx_word' id='word_1_623' title='bbox 2168 3823 2257 3877; x_wconf 81' lang='grc' dir='ltr'>γει</span> <span class='ocrx_word' id='word_1_624' title='bbox 2293 3807 2424 3879; x_wconf 83' lang='grc' dir='ltr'>γὰρ,</span> <span class='ocrx_word' id='word_1_625' title='bbox 2455 3808 2536 3862; x_wconf 82' lang='grc' dir='ltr'>ὅτι</span> <span class='ocrx_word' id='word_1_626' title='bbox 2573 3826 2591 3860; x_wconf 83' lang='grc' dir='ltr'><strong>ι</strong></span> <span class='ocrx_word' id='word_1_627' title='bbox 2640 3807 2939 3880; x_wconf 85' lang='grc' dir='ltr'>παραλύειν</span> <span class='ocrx_word' id='word_1_628' title='bbox 2987 3808 3088 3878; x_wconf 82' lang='grc' dir='ltr'>οὐχ</span> <span class='ocrx_word' id='word_1_629' title='bbox 3127 3810 3276 3863; x_wconf 81' lang='grc' dir='ltr'>ὅσιον</span> <span class='ocrx_word' id='word_1_630' title='bbox 3310 3805 3446 3866; x_wconf 82' lang='grc' dir='ltr'>εἶναι</span> <span class='ocrx_word' id='word_1_631' title='bbox 3475 3811 3536 3864; x_wconf 82' lang='grc' dir='ltr'><strong>τὰ</strong></span> <span class='ocrx_word' id='word_1_632' title='bbox 3560 3798 3618 3875; x_wconf 76' lang='grc' dir='ltr'>ἐξ</span> <span class='ocrx_word' id='word_1_633' title='bbox 3638 3809 3728 3881; x_wconf 84' lang='grc' dir='ltr'><strong>ἀρ-</strong></span> 
     </span>
    </p>
   </div>
   <div class='ocr_carea' id='block_1_84' title="bbox 2170 3900 3728 3975">
    <p class='ocr_par' dir='ltr' id='par_1_84' title="bbox 2170 3900 3728 3975">
     <span class='ocr_line' id='line_1_84' title="bbox 2170 3900 3728 3975; baseline 0.002 -23"><span class='ocrx_word' id='word_1_634' title='bbox 2170 3901 2271 3972; x_wconf 81' lang='grc' dir='ltr'>χῆς</span> <span class='ocrx_word' id='word_1_635' title='bbox 2299 3901 2442 3954; x_wconf 79' lang='grc' dir='ltr'>κατὰ</span> <span class='ocrx_word' id='word_1_636' title='bbox 2469 3900 2665 3964; x_wconf 88' lang='grc' dir='ltr'>τόπους</span> <span class='ocrx_word' id='word_1_637' title='bbox 2688 3901 3072 3972; x_wconf 87' lang='grc' dir='ltr'>νενομισμένα.</span> <span class='ocrx_word' id='word_1_638' title='bbox 3115 3919 3134 3953; x_wconf 78' lang='grc' dir='ltr'><strong>ι</strong></span> <span class='ocrx_word' id='word_1_639' title='bbox 3183 3901 3508 3975; x_wconf 74' lang='grc' dir='ltr'>Ἐϐουλόμην</span> <span class='ocrx_word' id='word_1_640' title='bbox 3528 3902 3577 3956; x_wconf 81' lang='grc' dir='ltr'>δὲ</span> <span class='ocrx_word' id='word_1_641' title='bbox 3602 3901 3728 3972; x_wconf 72' lang='grc' dir='ltr'>πρὸς</span> 
     </span>
    </p>
   </div>
   <div class='ocr_carea' id='block_1_85' title="bbox 2167 3991 3727 4066">
    <p class='ocr_par' dir='ltr' id='par_1_85' title="bbox 2167 3991 3727 4066">
     <span class='ocr_line' id='line_1_85' title="bbox 2167 3991 3727 4066; baseline -0.001 -21"><span class='ocrx_word' id='word_1_642' title='bbox 2167 3991 2341 4046; x_wconf 83' lang='grc' dir='ltr'>ταῦτα</span> <span class='ocrx_word' id='word_1_643' title='bbox 2373 3991 2539 4048; x_wconf 77' lang='grc' dir='ltr'>αὐτοῦ</span> <span class='ocrx_word' id='word_1_644' title='bbox 2573 3991 2608 4062; x_wconf 75' lang='grc' dir='ltr'>ἢ</span> <span class='ocrx_word' id='word_1_645' title='bbox 2641 3992 2752 4047; x_wconf 82' lang='grc' dir='ltr'><strong>τῶν</strong></span> <span class='ocrx_word' id='word_1_646' title='bbox 2783 3993 3240 4064; x_wconf 75' lang='grc' dir='ltr'>συμφρονούντων</span> <span class='ocrx_word' id='word_1_647' title='bbox 3273 3994 3423 4066; x_wconf 78' lang='grc' dir='ltr'>αύτῷ</span> <span class='ocrx_word' id='word_1_648' title='bbox 3466 3995 3727 4055; x_wconf 79' lang='grc' dir='ltr'>πυθέσθαι,</span> 
     </span>
    </p>
   </div>
   <div class='ocr_carea' id='block_1_86' title="bbox 2166 4084 3730 4161">
    <p class='ocr_par' dir='ltr' id='par_1_86' title="bbox 2166 4084 3730 4161">
     <span class='ocr_line' id='line_1_86' title="bbox 2166 4084 3730 4161; baseline -0.001 -22"><span class='ocrx_word' id='word_1_649' title='bbox 2166 4084 2251 4149; x_wconf 85' lang='grc' dir='ltr'><strong>τίς</strong></span> <span class='ocrx_word' id='word_1_650' title='bbox 2274 4085 2385 4156; x_wconf 84' lang='grc' dir='ltr'>ἄρα</span> <span class='ocrx_word' id='word_1_651' title='bbox 2412 4085 2497 4156; x_wconf 78' lang='grc' dir='ltr'><strong>εἴη</strong></span> <span class='ocrx_word' id='word_1_652' title='bbox 2523 4085 2552 4138; x_wconf 90' lang='grc' dir='ltr'>ὁ</span> <span class='ocrx_word' id='word_1_653' title='bbox 2583 4085 2652 4138; x_wconf 86' lang='grc' dir='ltr'>τὰ</span> <span class='ocrx_word' id='word_1_654' title='bbox 2688 4085 2828 4157; x_wconf 85' lang='grc' dir='ltr'>μέρη</span> <span class='ocrx_word' id='word_1_655' title='bbox 2855 4085 2956 4154; x_wconf 79' lang='grc' dir='ltr'><strong>τῆς</strong></span> <span class='ocrx_word' id='word_1_656' title='bbox 2983 4085 3089 4155; x_wconf 84' lang='grc' dir='ltr'><strong>γῆς</strong></span> <span class='ocrx_word' id='word_1_657' title='bbox 3115 4085 3176 4154; x_wconf 80' lang='grc' dir='ltr'>ἐξ</span> <span class='ocrx_word' id='word_1_658' title='bbox 3202 4087 3381 4161; x_wconf 78' lang='grc' dir='ltr'>ἀρχῆς</span> <span class='ocrx_word' id='word_1_659' title='bbox 3413 4088 3536 4144; x_wconf 80' lang='grc' dir='ltr'>ἄλλα</span> <span class='ocrx_word' id='word_1_660' title='bbox 3564 4086 3730 4147; x_wconf 69' lang='grc' dir='ltr'>ἄλλοις</span> 
     </span>
    </p>
   </div>
   <div class='ocr_carea' id='block_1_87' title="bbox 2168 4176 3730 4252">
    <p class='ocr_par' dir='ltr' id='par_1_87' title="bbox 2168 4176 3730 4252">
     <span class='ocr_line' id='line_1_87' title="bbox 2168 4176 3730 4252; baseline -0.001 -22"><span class='ocrx_word' id='word_1_661' title='bbox 2168 4177 2433 4242; x_wconf 76' lang='grc' dir='ltr'>ἐπόπταις</span> <span class='ocrx_word' id='word_1_662' title='bbox 2464 4177 2775 4248; x_wconf 85' lang='grc' dir='ltr'>διανείμας;</span> <span class='ocrx_word' id='word_1_663' title='bbox 2807 4176 2917 4230; x_wconf 79' lang='grc' dir='ltr'><strong>Καὶ</strong></span> <span class='ocrx_word' id='word_1_664' title='bbox 2948 4176 3192 4247; x_wconf 84' lang='grc' dir='ltr'>δηλονότι</span> <span class='ocrx_word' id='word_1_665' title='bbox 3226 4180 3340 4252; x_wconf 75' lang='lat' dir='ltr'><strong>(9i)</strong></span> <span class='ocrx_word' id='word_1_666' title='bbox 3361 4180 3456 4251; x_wconf 83' lang='grc' dir='ltr'>τὴν</span> <span class='ocrx_word' id='word_1_667' title='bbox 3487 4178 3730 4234; x_wconf 77' lang='grc' dir='ltr'>Ἰουδαίων</span> 
     </span>
    </p>
   </div>
   <div class='ocr_carea' id='block_1_88' title="bbox 2167 4269 3732 4344">
    <p class='ocr_par' dir='ltr' id='par_1_88' title="bbox 2167 4269 3732 4344">
     <span class='ocr_line' id='line_1_88' title="bbox 2167 4269 3732 4344; baseline 0 -22"><span class='ocrx_word' id='word_1_668' title='bbox 2167 4269 2351 4342; x_wconf 82' lang='grc' dir='ltr'>χώραν</span> <span class='ocrx_word' id='word_1_669' title='bbox 2384 4271 2478 4322; x_wconf 68' lang='grc' dir='ltr'>καὶ</span> <span class='ocrx_word' id='word_1_670' title='bbox 2507 4270 2634 4334; x_wconf 72' lang='grc' dir='ltr'>τοὺς</span> <span class='ocrx_word' id='word_1_671' title='bbox 2674 4269 2958 4335; x_wconf 83' lang='grc' dir='ltr'>Ἰουδαίους</span> <span class='ocrx_word' id='word_1_672' title='bbox 2988 4269 3068 4342; x_wconf 81' lang='grc' dir='ltr'>τῷ</span> <span class='ocrx_word' id='word_1_673' title='bbox 3099 4271 3323 4342; x_wconf 85' lang='grc' dir='ltr'>λαχόντι</span> <span class='ocrx_word' id='word_1_674' title='bbox 3356 4274 3389 4344; x_wconf 78' lang='grc' dir='ltr'><strong>ἢ</strong></span> <span class='ocrx_word' id='word_1_675' title='bbox 3420 4275 3524 4336; x_wconf 83' lang='grc' dir='ltr'>τοῖς</span> <span class='ocrx_word' id='word_1_676' title='bbox 3548 4270 3732 4341; x_wconf 72' lang='grc' dir='ltr'>λαχοῦο</span> 
     </span>
    </p>
   </div>
   <div class='ocr_carea' id='block_1_89' title="bbox 2168 4355 3736 4435">
    <p class='ocr_par' dir='ltr' id='par_1_89' title="bbox 2168 4355 3736 4435">
     <span class='ocr_line' id='line_1_89' title="bbox 2168 4355 3736 4435; baseline -0.001 -20"><span class='ocrx_word' id='word_1_677' title='bbox 2168 4379 2252 4416; x_wconf 91' lang='grc' dir='ltr'><strong>σιν</strong></span> <span class='ocrx_word' id='word_1_678' title='bbox 2296 4362 2501 4434; x_wconf 79' lang='grc' dir='ltr'>αὐτήν;</span> <span class='ocrx_word' id='word_1_679' title='bbox 2534 4355 2682 4432; x_wconf 71' lang='grc' dir='ltr'>Ἀρα</span> <span class='ocrx_word' id='word_1_680' title='bbox 2721 4363 2848 4434; x_wconf 80' lang='grc' dir='ltr'>γὰρ,</span> <span class='ocrx_word' id='word_1_681' title='bbox 2880 4361 2956 4428; x_wconf 83' lang='grc' dir='ltr'>ὡς</span> <span class='ocrx_word' id='word_1_682' title='bbox 2989 4363 3260 4435; x_wconf 81' lang='grc' dir='ltr'>ὀνομάσαι</span> <span class='ocrx_word' id='word_1_683' title='bbox 3293 4366 3360 4420; x_wconf 82' lang='grc' dir='ltr'><strong>ἂν</strong></span> <span class='ocrx_word' id='word_1_684' title='bbox 3397 4369 3426 4420; x_wconf 87' lang='grc' dir='ltr'>ὁ</span> <span class='ocrx_word' id='word_1_685' title='bbox 3462 4365 3680 4427; x_wconf 70' lang='grc' dir='ltr'>Κέλσος,</span> <span class='ocrx_word' id='word_1_686' title='bbox 3707 4362 3736 4413; x_wconf 78' lang='grc' dir='ltr'><strong>ό</strong></span> 
     </span>
    </p>
   </div>
   <div class='ocr_carea' id='block_1_90' title="bbox 480 4452 2062 4530">
    <p class='ocr_par' dir='ltr' id='par_1_90' title="bbox 480 4452 2060 4525">
     <span class='ocr_line' id='line_1_90' title="bbox 480 4452 2060 4525; baseline 0.003 -20"><span class='ocrx_word' id='word_1_687' title='bbox 480 4452 720 4507; x_wconf 68' lang='grc' dir='ltr'>ιιίοοτυιη</span> <span class='ocrx_word' id='word_1_688' title='bbox 754 4460 972 4523; x_wconf 78' lang='lat' dir='ltr'><strong>gentem</strong></span> <span class='ocrx_word' id='word_1_689' title='bbox 1020 4452 1413 4524; x_wconf 80' lang='lat' dir='ltr'><strong>regionemque</strong></span> <span class='ocrx_word' id='word_1_690' title='bbox 1450 4454 1670 4510; x_wconf 85' lang='lat' dir='ltr'><strong>cuidam</strong></span> <span class='ocrx_word' id='word_1_691' title='bbox 1705 4463 1800 4510; x_wconf 90' lang='lat' dir='ltr'><strong>aut</strong></span> <span class='ocrx_word' id='word_1_692' title='bbox 1837 4455 2060 4525; x_wconf 88' lang='lat' dir='ltr'><strong>quibus-</strong></span> 
     </span>
    </p>
   </div>
   <div class='ocr_carea' id='block_1_91' title="bbox 2173 4452 3735 4530">
    <p class='ocr_par' dir='ltr' id='par_1_91' title="bbox 2173 4452 3735 4526">
     <span class='ocr_line' id='line_1_91' title="bbox 2173 4452 3735 4526; baseline -0.004 -17"><span class='ocrx_word' id='word_1_693' title='bbox 2173 4452 2302 4517; x_wconf 78' lang='grc' dir='ltr'>Ζεὺς</span> <span class='ocrx_word' id='word_1_694' title='bbox 2329 4452 2438 4508; x_wconf 89' lang='grc' dir='ltr'>τίνι</span> <span class='ocrx_word' id='word_1_695' title='bbox 2464 4454 2498 4525; x_wconf 76' lang='grc' dir='ltr'><strong>ἢ</strong></span> <span class='ocrx_word' id='word_1_696' title='bbox 2531 4455 2642 4507; x_wconf 83' lang='grc' dir='ltr'>τίσι</span> <span class='ocrx_word' id='word_1_697' title='bbox 2675 4454 2908 4526; x_wconf 86' lang='grc' dir='ltr'>διένειμε</span> <span class='ocrx_word' id='word_1_698' title='bbox 2937 4453 2998 4508; x_wconf 85' lang='grc' dir='ltr'>τὸ</span> <span class='ocrx_word' id='word_1_699' title='bbox 3047 4455 3322 4510; x_wconf 87' lang='grc' dir='ltr'>Ἰουδαίων</span> <span class='ocrx_word' id='word_1_700' title='bbox 3355 4457 3500 4521; x_wconf 79' lang='grc' dir='ltr'>ἔθνος</span> <span class='ocrx_word' id='word_1_701' title='bbox 3526 4454 3613 4508; x_wconf 77' lang='grc' dir='ltr'><strong>καὶ</strong></span> <span class='ocrx_word' id='word_1_702' title='bbox 3645 4454 3735 4522; x_wconf 75' lang='grc' dir='ltr'><strong>τὴν</strong></span> 
     </span>
    </p>
   </div>
   <div class='ocr_carea' id='block_1_92' title="bbox 479 4543 2059 4617">
    <p class='ocr_par' dir='ltr' id='par_1_92' title="bbox 479 4543 2059 4617">
     <span class='ocr_line' id='line_1_92' title="bbox 479 4543 2059 4617; baseline 0.006 -21"><span class='ocrx_word' id='word_1_703' title='bbox 479 4543 604 4600; x_wconf 85' lang='lat' dir='ltr'><strong>dam</strong></span> <span class='ocrx_word' id='word_1_704' title='bbox 638 4545 889 4610; x_wconf 84' lang='lat' dir='ltr'><strong>credidit,</strong></span> <span class='ocrx_word' id='word_1_705' title='bbox 917 4544 1197 4617; x_wconf 83' lang='lat' dir='ltr'><strong>voluitque</strong></span> <span class='ocrx_word' id='word_1_706' title='bbox 1233 4555 1315 4611; x_wconf 90' lang='lat' dir='ltr'><strong>ut,</strong></span> <span class='ocrx_word' id='word_1_707' title='bbox 1347 4545 1435 4602; x_wconf 90' lang='lat' dir='ltr'><strong>cui</strong></span> <span class='ocrx_word' id='word_1_708' title='bbox 1471 4546 1807 4616; x_wconf 80' lang='lat' dir='ltr'><strong>obtingeret,</strong></span> <span class='ocrx_word' id='word_1_709' title='bbox 1843 4547 1892 4603; x_wconf 89' lang='lat' dir='ltr'><strong>is</strong></span> <span class='ocrx_word' id='word_1_710' title='bbox 1923 4547 2059 4605; x_wconf 89' lang='lat' dir='ltr'><strong>tales</strong></span> 
     </span>
    </p>
   </div>
   <div class='ocr_carea' id='block_1_93' title="bbox 478 4635 2059 4708">
    <p class='ocr_par' dir='ltr' id='par_1_93' title="bbox 478 4635 2059 4708">
     <span class='ocr_line' id='line_1_93' title="bbox 478 4635 2059 4708; baseline 0.001 -16"><span class='ocrx_word' id='word_1_711' title='bbox 478 4635 681 4692; x_wconf 66' lang='lat' dir='ltr'><strong>Judazis</strong></span> <span class='ocrx_word' id='word_1_712' title='bbox 725 4637 869 4707; x_wconf 78' lang='lat' dir='ltr'><strong>leges</strong></span> <span class='ocrx_word' id='word_1_713' title='bbox 916 4637 1258 4706; x_wconf 77' lang='lat' dir='ltr'><strong>imponeret?</strong></span> <span class='ocrx_word' id='word_1_714' title='bbox 1293 4637 1379 4693; x_wconf 83' lang='lat' dir='ltr'><strong>An</strong></span> <span class='ocrx_word' id='word_1_715' title='bbox 1413 4638 1464 4692; x_wconf 88' lang='lat' dir='ltr'><strong>id</strong></span> <span class='ocrx_word' id='word_1_716' title='bbox 1497 4641 1700 4694; x_wconf 80' lang='lat' dir='ltr'><strong>factum</strong></span> <span class='ocrx_word' id='word_1_717' title='bbox 1745 4645 1830 4694; x_wconf 90' lang='lat' dir='ltr'><strong>est</strong></span> <span class='ocrx_word' id='word_1_718' title='bbox 1856 4647 2059 4708; x_wconf 57' lang='lat' dir='ltr'><strong>praeter</strong></span> 
     </span>
    </p>
   </div>
   <div class='ocr_carea' id='block_1_94' title="bbox 476 4729 2058 4800">
    <p class='ocr_par' dir='ltr' id='par_1_94' title="bbox 476 4729 2058 4800">
     <span class='ocr_line' id='line_1_94' title="bbox 476 4729 2058 4800; baseline 0.001 -14"><span class='ocrx_word' id='word_1_719' title='bbox 476 4729 626 4786; x_wconf 82' lang='lat' dir='ltr'><strong>Jovis</strong></span> <span class='ocrx_word' id='word_1_720' title='bbox 655 4729 1027 4787; x_wconf 82' lang='lat' dir='ltr'><strong>voluntatem?</strong></span> <span class='ocrx_word' id='word_1_721' title='bbox 1084 4729 1365 4788; x_wconf 88' lang='lat' dir='ltr'><strong>Utrumvis</strong></span> <span class='ocrx_word' id='word_1_722' title='bbox 1405 4731 1749 4800; x_wconf 69' lang='lat' dir='ltr'><strong>respondeant,</strong></span> <span class='ocrx_word' id='word_1_723' title='bbox 1777 4730 1931 4788; x_wconf 90' lang='lat' dir='ltr'><strong>vides</strong></span> <span class='ocrx_word' id='word_1_724' title='bbox 1957 4746 2058 4787; x_wconf 84' lang='lat' dir='ltr'><strong>an-</strong></span> 
     </span>
    </p>
   </div>
   <div class='ocr_carea' id='block_1_95' title="bbox 481 4821 2059 4893">
    <p class='ocr_par' dir='ltr' id='par_1_95' title="bbox 481 4821 2059 4893">
     <span class='ocr_line' id='line_1_95' title="bbox 481 4821 2059 4893; baseline 0.003 -20"><span class='ocrx_word' id='word_1_725' title='bbox 481 4821 690 4892; x_wconf 72' lang='lat' dir='ltr'><strong>gustias</strong></span> <span class='ocrx_word' id='word_1_726' title='bbox 703 4835 845 4878; x_wconf 89' lang='lat' dir='ltr'><strong>esse.</strong></span> <span class='ocrx_word' id='word_1_727' title='bbox 866 4821 981 4877; x_wconf 88' lang='lat' dir='ltr'><strong>Nisi</strong></span> <span class='ocrx_word' id='word_1_728' title='bbox 999 4830 1181 4878; x_wconf 87' lang='lat' dir='ltr'><strong>autem</strong></span> <span class='ocrx_word' id='word_1_729' title='bbox 1201 4823 1272 4878; x_wconf 87' lang='lat' dir='ltr'><strong>ab</strong></span> <span class='ocrx_word' id='word_1_730' title='bbox 1289 4835 1396 4877; x_wconf 90' lang='lat' dir='ltr'><strong>uno</strong></span> <span class='ocrx_word' id='word_1_731' title='bbox 1413 4822 1668 4893; x_wconf 78' lang='lat' dir='ltr'><strong>quapiam</strong></span> <span class='ocrx_word' id='word_1_732' title='bbox 1692 4831 1876 4892; x_wconf 86' lang='lat' dir='ltr'><strong>partes</strong></span> <span class='ocrx_word' id='word_1_733' title='bbox 1899 4830 2059 4878; x_wconf 73' lang='lat' dir='ltr'><strong>terra:</strong></span> 
     </span>
    </p>
   </div>
   <div class='ocr_carea' id='block_1_96' title="bbox 387 4912 2059 4986">
    <p class='ocr_par' dir='ltr' id='par_1_96' title="bbox 387 4912 2059 4986">
     <span class='ocr_line' id='line_1_96' title="bbox 387 4912 2059 4986; baseline 0.004 -21"><span class='ocrx_word' id='word_1_734' title='bbox 387 4963 398 4974; x_wconf 86' lang='grc'><strong>,</strong></span> <span class='ocrx_word' id='word_1_735' title='bbox 481 4912 802 4980; x_wconf 74' lang='lat' dir='ltr'><strong>praesidibus</strong></span> <span class='ocrx_word' id='word_1_736' title='bbox 852 4915 1154 4970; x_wconf 82' lang='lat' dir='ltr'><strong>distributae</strong></span> <span class='ocrx_word' id='word_1_737' title='bbox 1183 4913 1424 4981; x_wconf 82' lang='lat' dir='ltr'><strong>iuerint,</strong></span> <span class='ocrx_word' id='word_1_738' title='bbox 1474 4929 1604 4984; x_wconf 76' lang='lat' dir='ltr'><strong>ergo</strong></span> <span class='ocrx_word' id='word_1_739' title='bbox 1629 4913 1826 4986; x_wconf 81' lang='lat' dir='ltr'><strong>singuli</strong></span> <span class='ocrx_word' id='word_1_740' title='bbox 1854 4914 2059 4985; x_wconf 85' lang='lat' dir='ltr'><strong>quique</strong></span> 
     </span>
    </p>
   </div>
   <div class='ocr_carea' id='block_1_97' title="bbox 484 5005 2053 5078">
    <p class='ocr_par' dir='ltr' id='par_1_97' title="bbox 484 5005 2053 5078">
     <span class='ocr_line' id='line_1_97' title="bbox 484 5005 2053 5078; baseline 0.003 -22"><span class='ocrx_word' id='word_1_741' title='bbox 484 5005 707 5060; x_wconf 74' lang='lat' dir='ltr'><strong>fortuito</strong></span> <span class='ocrx_word' id='word_1_742' title='bbox 731 5015 785 5062; x_wconf 86' lang='lat' dir='ltr'><strong>et</strong></span> <span class='ocrx_word' id='word_1_743' title='bbox 815 5006 932 5061; x_wconf 84' lang='lat' dir='ltr'><strong>sine</strong></span> <span class='ocrx_word' id='word_1_744' title='bbox 947 5007 1242 5078; x_wconf 84' lang='lat' dir='ltr'><strong>superioris</strong></span> <span class='ocrx_word' id='word_1_745' title='bbox 1271 5016 1408 5062; x_wconf 85' lang='lat' dir='ltr'><strong>nutu</strong></span> <span class='ocrx_word' id='word_1_746' title='bbox 1441 5015 1642 5064; x_wconf 77' lang='lat' dir='ltr'><strong>terrain</strong></span> <span class='ocrx_word' id='word_1_747' title='bbox 1675 5007 1862 5077; x_wconf 84' lang='lat' dir='ltr'><strong>partiti</strong></span> <span class='ocrx_word' id='word_1_748' title='bbox 1890 5010 2053 5062; x_wconf 79' lang='lat' dir='ltr'><strong>sunt:</strong></span> 
     </span>
    </p>
   </div>
   <div class='ocr_carea' id='block_1_98' title="bbox 551 5249 2049 5336">
    <p class='ocr_par' dir='ltr' id='par_1_98' title="bbox 551 5249 2049 5336">
     <span class='ocr_line' id='line_1_98' title="bbox 551 5249 2049 5336; baseline -0.002 -28"><span class='ocrx_word' id='word_1_749' title='bbox 551 5252 663 5336; x_wconf 56' lang='lat'><strong>(87)</strong></span> <span class='ocrx_word' id='word_1_750' title='bbox 703 5250 1224 5321; x_wconf 69' lang='grc' dir='ltr'>Ρίιίιοο.,ὶγένοντο.</span> <span class='ocrx_word' id='word_1_751' title='bbox 1263 5251 1602 5309; x_wconf 73' lang='grc' dir='ltr'>Ιῐωεοι.ο1ῑυε</span> <span class='ocrx_word' id='word_1_752' title='bbox 1633 5260 1685 5306; x_wconf 90' lang='lat' dir='ltr'><strong>et</strong></span> <span class='ocrx_word' id='word_1_753' title='bbox 1723 5249 2049 5320; x_wconf 77' lang='lat' dir='ltr'><strong>Spencerus,</strong></span> 
     </span>
    </p>
   </div>
   <div class='ocr_carea' id='block_1_99' title="bbox 480 5322 773 5393">
    <p class='ocr_par' dir='ltr' id='par_1_99' title="bbox 480 5322 773 5393">
     <span class='ocr_line' id='line_1_99' title="bbox 480 5322 773 5393; baseline 0.003 -17"><span class='ocrx_word' id='word_1_754' title='bbox 480 5322 773 5393; x_wconf 80' lang='grc' dir='ltr'>ἐγίγνοντο.</span> 
     </span>
    </p>
   </div>
   <div class='ocr_carea' id='block_1_100' title="bbox 554 5389 2054 5466">
    <p class='ocr_par' dir='ltr' id='par_1_100' title="bbox 554 5389 2054 5466">
     <span class='ocr_line' id='line_1_100' title="bbox 554 5389 2054 5466; baseline -0.001 -18"><span class='ocrx_word' id='word_1_755' title='bbox 554 5389 666 5464; x_wconf 82' lang='lat'><strong>(88)</strong></span> <span class='ocrx_word' id='word_1_756' title='bbox 704 5393 1045 5466; x_wconf 68' lang='lat' dir='ltr'><strong>Hmscltelius</strong></span> <span class='ocrx_word' id='word_1_757' title='bbox 1081 5394 1135 5450; x_wconf 85' lang='lat' dir='ltr'><strong>in</strong></span> <span class='ocrx_word' id='word_1_758' title='bbox 1169 5406 1339 5459; x_wconf 79' lang='lat' dir='ltr'><strong>textu,</strong></span> <span class='ocrx_word' id='word_1_759' title='bbox 1383 5391 1708 5466; x_wconf 79' lang='grc' dir='ltr'>θρησκεύειν</span> <span class='ocrx_word' id='word_1_760' title='bbox 1745 5389 1958 5454; x_wconf 88' lang='grc' dir='ltr'>τούτοις</span> <span class='ocrx_word' id='word_1_761' title='bbox 1985 5389 2054 5446; x_wconf 75' lang='grc' dir='ltr'>τὰ</span> 
     </span>
    </p>
   </div>
   <div class='ocr_carea' id='block_1_101' title="bbox 480 5462 1922 5535">
    <p class='ocr_par' dir='ltr' id='par_1_101' title="bbox 480 5462 1922 5535">
     <span class='ocr_line' id='line_1_101' title="bbox 480 5462 1922 5535; baseline -0.008 -17"><span class='ocrx_word' id='word_1_762' title='bbox 480 5462 684 5534; x_wconf 78' lang='grc' dir='ltr'>πάτρια</span> <span class='ocrx_word' id='word_1_763' title='bbox 709 5463 993 5535; x_wconf 76' lang='grc' dir='ltr'>συμφέρει.</span> <span class='ocrx_word' id='word_1_764' title='bbox 1528 5533 1536 5535; x_wconf 87' lang='lat'><em>_</em></span> <span class='ocrx_word' id='word_1_765' title='bbox 1919 5504 1922 5506; x_wconf 77' lang='lat'><strong>.</strong></span> 
     </span>
    </p>
   </div>
   <div class='ocr_carea' id='block_1_102' title="bbox 555 5532 2055 5607">
    <p class='ocr_par' dir='ltr' id='par_1_102' title="bbox 555 5532 2055 5607">
     <span class='ocr_line' id='line_1_102' title="bbox 555 5532 2055 5607; baseline -0.001 -19"><span class='ocrx_word' id='word_1_766' title='bbox 555 5532 666 5607; x_wconf 29' lang='grc' dir='ltr'>(ις-ν)</span> <span class='ocrx_word' id='word_1_767' title='bbox 708 5532 848 5607; x_wconf 64' lang='lat' dir='ltr'><strong>Ideni</strong></span> <span class='ocrx_word' id='word_1_768' title='bbox 879 5532 932 5607; x_wconf 75' lang='lat' dir='ltr'><strong>in</strong></span> <span class='ocrx_word' id='word_1_769' title='bbox 970 5545 1138 5607; x_wconf 62' lang='lat' dir='ltr'><strong>textu,</strong></span> <span class='ocrx_word' id='word_1_770' title='bbox 1172 5536 1396 5607; x_wconf 43' lang='lat' dir='ltr'><strong>vortam.</strong></span> <span class='ocrx_word' id='word_1_771' title='bbox 1412 5533 1578 5588; x_wconf 85' lang='lat' dir='ltr'><strong>Paulo</strong></span> <span class='ocrx_word' id='word_1_772' title='bbox 1604 5542 1730 5602; x_wconf 89' lang='lat' dir='ltr'><strong>post</strong></span> <span class='ocrx_word' id='word_1_773' title='bbox 1764 5541 1912 5607; x_wconf 66' lang='lat' dir='ltr'><strong>recte</strong></span> <span class='ocrx_word' id='word_1_774' title='bbox 1935 5532 2055 5588; x_wconf 65' lang='lat' dir='ltr'><strong>Pltia</strong></span> 
     </span>
    </p>
   </div>
   <div class='ocr_carea' id='block_1_103' title="bbox 482 5602 2054 5675">
    <p class='ocr_par' dir='ltr' id='par_1_103' title="bbox 482 5602 2054 5675">
     <span class='ocr_line' id='line_1_103' title="bbox 482 5602 2054 5675; baseline 0 -19"><span class='ocrx_word' id='word_1_775' title='bbox 482 5603 704 5675; x_wconf 80' lang='lat' dir='ltr'><strong>localia,</strong></span> <span class='ocrx_word' id='word_1_776' title='bbox 733 5602 794 5654; x_wconf 83' lang='grc' dir='ltr'><strong>τὸ</strong></span> <span class='ocrx_word' id='word_1_777' title='bbox 814 5604 914 5675; x_wconf 43' lang='grc' dir='ltr'><strong>ἐπί</strong></span> <span class='ocrx_word' id='word_1_778' title='bbox 938 5605 1108 5675; x_wconf 79' lang='grc' dir='ltr'>αὐτῆς</span> <span class='ocrx_word' id='word_1_779' title='bbox 1149 5602 1316 5669; x_wconf 76' lang='grc' dir='ltr'>ἔθνος.</span> <span class='ocrx_word' id='word_1_780' title='bbox 1354 5604 1695 5660; x_wconf 71' lang='grc' dir='ltr'>Ηωερίιειιιιε</span> <span class='ocrx_word' id='word_1_781' title='bbox 1721 5612 1777 5675; x_wconf 76' lang='lat' dir='ltr'><strong>et</strong></span> <span class='ocrx_word' id='word_1_782' title='bbox 1815 5603 2054 5675; x_wconf 74' lang='lat' dir='ltr'><strong>Speuee-</strong></span> 
     </span>
    </p>
   </div>
   <div class='ocr_carea' id='block_1_104' title="bbox 485 5673 2050 5740">
    <p class='ocr_par' dir='ltr' id='par_1_104' title="bbox 485 5673 2050 5740">
     <span class='ocr_line' id='line_1_104' title="bbox 485 5673 2050 5740; baseline 0.002 -16"><span class='ocrx_word' id='word_1_783' title='bbox 485 5689 597 5736; x_wconf 88' lang='lat' dir='ltr'><strong>rus,</strong></span> <span class='ocrx_word' id='word_1_784' title='bbox 629 5673 690 5726; x_wconf 82' lang='grc' dir='ltr'><strong>τδ</strong></span> <span class='ocrx_word' id='word_1_785' title='bbox 741 5673 824 5725; x_wconf 83' lang='grc' dir='ltr'>ἐπ’</span> <span class='ocrx_word' id='word_1_786' title='bbox 859 5673 1245 5740; x_wconf 73' lang='grc' dir='ltr'>αὐτοῖς’έθνος.</span> <span class='ocrx_word' id='word_1_787' title='bbox 1301 5676 1464 5731; x_wconf 82' lang='lat' dir='ltr'><strong>Paulo</strong></span> <span class='ocrx_word' id='word_1_788' title='bbox 1523 5675 1665 5730; x_wconf 84' lang='lat' dir='ltr'><strong>infra</strong></span> <span class='ocrx_word' id='word_1_789' title='bbox 1719 5673 2050 5740; x_wconf 80' lang='lat' dir='ltr'><strong>l’ltilocalia,</strong></span> 
     </span>
    </p>
   </div>
   <div class='ocr_carea' id='block_1_105' title="bbox 479 5742 996 5817">
    <p class='ocr_par' dir='ltr' id='par_1_105' title="bbox 479 5742 996 5817">
     <span class='ocr_line' id='line_1_105' title="bbox 479 5742 996 5817; baseline 0 -19"><span class='ocrx_word' id='word_1_790' title='bbox 479 5742 686 5815; x_wconf 81' lang='grc' dir='ltr'>Μωῡσῇ</span> <span class='ocrx_word' id='word_1_791' title='bbox 717 5743 996 5817; x_wconf 85' lang='grc' dir='ltr'>ἐτέθησαν.</span> 
     </span>
    </p>
   </div>
   <div class='ocr_carea' id='block_1_106' title="bbox 2163 4545 3732 4622">
    <p class='ocr_par' dir='ltr' id='par_1_106' title="bbox 2163 4545 3732 4622">
     <span class='ocr_line' id='line_1_106' title="bbox 2163 4545 3732 4622; baseline -0.002 -23"><span class='ocrx_word' id='word_1_792' title='bbox 2163 4545 2347 4618; x_wconf 86' lang='grc' dir='ltr'>χώραν</span> <span class='ocrx_word' id='word_1_793' title='bbox 2369 4545 2580 4611; x_wconf 84' lang='grc' dir='ltr'>αὑτῶν;</span> <span class='ocrx_word' id='word_1_794' title='bbox 2607 4547 2697 4602; x_wconf 68' lang='grc' dir='ltr'><strong>καὶ</strong></span> <span class='ocrx_word' id='word_1_795' title='bbox 2723 4547 2972 4601; x_wconf 80' lang='grc' dir='ltr'>ἐϐούλετο</span> <span class='ocrx_word' id='word_1_796' title='bbox 2991 4546 3088 4601; x_wconf 81' lang='grc' dir='ltr'><strong>τὸν</strong></span> <span class='ocrx_word' id='word_1_797' title='bbox 3111 4547 3346 4621; x_wconf 88' lang='grc' dir='ltr'>λαχόντα</span> <span class='ocrx_word' id='word_1_798' title='bbox 3367 4549 3463 4622; x_wconf 80' lang='grc' dir='ltr'><strong>τὴν</strong></span> <span class='ocrx_word' id='word_1_799' title='bbox 3493 4546 3732 4602; x_wconf 78' lang='grc' dir='ltr'>Ἰουδαίαν</span> 
     </span>
    </p>
   </div>
   <div class='ocr_carea' id='block_1_107' title="bbox 2161 4635 3736 4714">
    <p class='ocr_par' dir='ltr' id='par_1_107' title="bbox 2161 4635 3736 4714">
     <span class='ocr_line' id='line_1_107' title="bbox 2161 4635 3736 4714; baseline 0 -23"><span class='ocrx_word' id='word_1_800' title='bbox 2161 4637 2440 4704; x_wconf 87' lang='grc' dir='ltr'>τοιούτους</span> <span class='ocrx_word' id='word_1_801' title='bbox 2475 4637 2662 4692; x_wconf 87' lang='grc' dir='ltr'>θέσθαι</span> <span class='ocrx_word' id='word_1_802' title='bbox 2710 4641 2768 4694; x_wconf 84' lang='grc' dir='ltr'><strong>ἐν</strong></span> <span class='ocrx_word' id='word_1_803' title='bbox 2809 4637 3085 4703; x_wconf 88' lang='grc' dir='ltr'>Ἰουδαίοις</span> <span class='ocrx_word' id='word_1_804' title='bbox 3130 4641 3371 4711; x_wconf 88' lang='grc' dir='ltr'>νόμους;</span> <span class='ocrx_word' id='word_1_805' title='bbox 3412 4642 3444 4714; x_wconf 83' lang='grc' dir='ltr'>ἢ</span> <span class='ocrx_word' id='word_1_806' title='bbox 3491 4639 3634 4711; x_wconf 81' lang='grc' dir='ltr'>παρᾶ</span> <span class='ocrx_word' id='word_1_807' title='bbox 3681 4635 3736 4686; x_wconf 77' lang='grc' dir='ltr'><strong>τὸ</strong></span> 
     </span>
    </p>
   </div>
   <div class='ocr_carea' id='block_1_108' title="bbox 2165 4728 3737 4803">
    <p class='ocr_par' dir='ltr' id='par_1_108' title="bbox 2165 4728 3737 4803">
     <span class='ocr_line' id='line_1_108' title="bbox 2165 4728 3737 4803; baseline -0.002 -21"><span class='ocrx_word' id='word_1_808' title='bbox 2165 4728 2414 4800; x_wconf 84' lang='grc' dir='ltr'>βούλημα</span> <span class='ocrx_word' id='word_1_809' title='bbox 2438 4728 2603 4784; x_wconf 76' lang='grc' dir='ltr'>αὑτοῦ</span> <span class='ocrx_word' id='word_1_810' title='bbox 2631 4728 2788 4784; x_wconf 81' lang='grc' dir='ltr'>τοῦτο</span> <span class='ocrx_word' id='word_1_811' title='bbox 2817 4729 2927 4802; x_wconf 74' lang='grc'>(92)</span> <span class='ocrx_word' id='word_1_812' title='bbox 2958 4731 3290 4803; x_wconf 75' lang='grc' dir='ltr'>γεγένηταις</span> <span class='ocrx_word' id='word_1_813' title='bbox 3334 4731 3420 4796; x_wconf 82' lang='grc' dir='ltr'>Ὦς</span> <span class='ocrx_word' id='word_1_814' title='bbox 3447 4731 3489 4785; x_wconf 87' lang='grc' dir='ltr'>δ“</span> <span class='ocrx_word' id='word_1_815' title='bbox 3519 4729 3577 4784; x_wconf 80' lang='grc' dir='ltr'><strong>ἂν</strong></span> <span class='ocrx_word' id='word_1_816' title='bbox 3606 4729 3737 4782; x_wconf 71' lang='grc' dir='ltr'>ἁπο-</span> 
     </span>
    </p>
   </div>
   <div class='ocr_carea' id='block_1_109' title="bbox 2163 4815 3740 4894">
    <p class='ocr_par' dir='ltr' id='par_1_109' title="bbox 2163 4815 3740 4894">
     <span class='ocr_line' id='line_1_109' title="bbox 2163 4815 3740 4894; baseline -0.016 -2"><span class='ocrx_word' id='word_1_817' title='bbox 2163 4819 2437 4893; x_wconf 79' lang='grc' dir='ltr'>κρίνηται,</span> <span class='ocrx_word' id='word_1_818' title='bbox 2465 4820 2620 4894; x_wconf 73' lang='grc' dir='ltr'>ὁρᾷς,</span> <span class='ocrx_word' id='word_1_819' title='bbox 2652 4820 2734 4874; x_wconf 82' lang='grc' dir='ltr'><strong>ὅτι</strong></span> <span class='ocrx_word' id='word_1_820' title='bbox 2766 4822 2794 4874; x_wconf 83' lang='grc' dir='ltr'>ὁ</span> <span class='ocrx_word' id='word_1_821' title='bbox 2820 4819 2976 4889; x_wconf 79' lang='grc' dir='ltr'>λόγος</span> <span class='ocrx_word' id='word_1_822' title='bbox 3014 4820 3562 4893; x_wconf 76' lang='grc' dir='ltr'>στενοχωρηθήσεται.</span> <span class='ocrx_word' id='word_1_823' title='bbox 3601 4817 3664 4870; x_wconf 82' lang='grc' dir='ltr'><strong>ΕΞ</strong></span> <span class='ocrx_word' id='word_1_824' title='bbox 3688 4815 3740 4866; x_wconf 77' lang='grc' dir='ltr'>δὲ</span> 
     </span>
    </p>
   </div>
   <div class='ocr_carea' id='block_1_110' title="bbox 2171 4908 3737 4986">
    <p class='ocr_par' dir='ltr' id='par_1_110' title="bbox 2171 4908 3737 4986">
     <span class='ocr_line' id='line_1_110' title="bbox 2171 4908 3737 4986; baseline 0.003 -20"><span class='ocrx_word' id='word_1_825' title='bbox 2171 4914 2246 4985; x_wconf 83' lang='grc' dir='ltr'>μὴ</span> <span class='ocrx_word' id='word_1_826' title='bbox 2268 4913 2377 4966; x_wconf 83' lang='grc' dir='ltr'><strong>ἀπό</strong></span> <span class='ocrx_word' id='word_1_827' title='bbox 2397 4930 2541 4976; x_wconf 86' lang='grc' dir='ltr'>τινος</span> <span class='ocrx_word' id='word_1_828' title='bbox 2565 4913 2683 4978; x_wconf 80' lang='grc' dir='ltr'>ἐνὸς</span> <span class='ocrx_word' id='word_1_829' title='bbox 2711 4913 3094 4984; x_wconf 86' lang='grc' dir='ltr'>διανενέμηται</span> <span class='ocrx_word' id='word_1_830' title='bbox 3123 4911 3192 4965; x_wconf 79' lang='grc' dir='ltr'><strong>τὰ</strong></span> <span class='ocrx_word' id='word_1_831' title='bbox 3218 4914 3364 4986; x_wconf 89' lang='grc' dir='ltr'>μέρη</span> <span class='ocrx_word' id='word_1_832' title='bbox 3390 4913 3484 4982; x_wconf 78' lang='grc' dir='ltr'>τῆς</span> <span class='ocrx_word' id='word_1_833' title='bbox 3511 4910 3610 4980; x_wconf 78' lang='grc' dir='ltr'><strong>γῆς</strong></span> <span class='ocrx_word' id='word_1_834' title='bbox 3634 4908 3737 4970; x_wconf 73' lang='grc' dir='ltr'>τοῖς</span> 
     </span>
    </p>
   </div>
   <div class='ocr_carea' id='block_1_111' title="bbox 2164 5001 3739 5092">
    <p class='ocr_par' dir='ltr' id='par_1_111' title="bbox 2164 5001 3739 5092">
     <span class='ocr_line' id='line_1_111' title="bbox 2164 5001 3739 5092; baseline 0.002 -32"><span class='ocrx_word' id='word_1_835' title='bbox 2164 5007 2431 5072; x_wconf 82' lang='grc' dir='ltr'>ἐπόπταις</span> <span class='ocrx_word' id='word_1_836' title='bbox 2455 5007 2652 5074; x_wconf 76' lang='grc' dir='ltr'>αὐτῶν,</span> <span class='ocrx_word' id='word_1_837' title='bbox 2687 5007 2796 5081; x_wconf 81' lang='grc' dir='ltr'>ἄρα</span> <span class='ocrx_word' id='word_1_838' title='bbox 2824 5006 2934 5092; x_wconf 79' lang='grc'><strong>(9⁸5)</strong></span> <span class='ocrx_word' id='word_1_839' title='bbox 2963 5007 3434 5079; x_wconf 79' lang='grc' dir='ltr'>ἁποκληρωτικῶς</span> <span class='ocrx_word' id='word_1_840' title='bbox 3463 5006 3551 5060; x_wconf 78' lang='grc' dir='ltr'>καὶ</span> <span class='ocrx_word' id='word_1_841' title='bbox 3579 5001 3739 5076; x_wconf 69' lang='grc' dir='ltr'>χωρὶς</span> 
     </span>
    </p>
   </div>
   <div class='ocr_carea' id='block_1_112' title="bbox 2230 5245 3739 5321">
    <p class='ocr_par' dir='ltr' id='par_1_112' title="bbox 2230 5245 3739 5321">
     <span class='ocr_line' id='line_1_112' title="bbox 2230 5245 3739 5321; baseline -0.003 -16"><span class='ocrx_word' id='word_1_842' title='bbox 2230 5250 2343 5321; x_wconf 83' lang='lat'><strong>(90)</strong></span> <span class='ocrx_word' id='word_1_843' title='bbox 2385 5247 2618 5306; x_wconf 78' lang='grc' dir='ltr'>Αὗτων.</span> <span class='ocrx_word' id='word_1_844' title='bbox 2659 5247 2826 5304; x_wconf 78' lang='lat' dir='ltr'><strong>[lecte</strong></span> <span class='ocrx_word' id='word_1_845' title='bbox 2870 5245 3220 5321; x_wconf 79' lang='lat' dir='ltr'><strong>Philocalia;</strong></span> <span class='ocrx_word' id='word_1_846' title='bbox 3260 5249 3616 5321; x_wconf 67' lang='lat' dir='ltr'><strong>llmscbelius</strong></span> <span class='ocrx_word' id='word_1_847' title='bbox 3644 5263 3739 5302; x_wconf 86' lang='lat' dir='ltr'><strong>au-</strong></span> 
     </span>
    </p>
   </div>
   <div class='ocr_carea' id='block_1_113' title="bbox 2159 5319 3741 5392">
    <p class='ocr_par' dir='ltr' id='par_1_113' title="bbox 2159 5319 3741 5392">
     <span class='ocr_line' id='line_1_113' title="bbox 2159 5319 3741 5392; baseline -0.003 -16"><span class='ocrx_word' id='word_1_848' title='bbox 2159 5319 2266 5392; x_wconf 77' lang='lat' dir='ltr'><strong>tem</strong></span> <span class='ocrx_word' id='word_1_849' title='bbox 2293 5319 2347 5375; x_wconf 81' lang='lat' dir='ltr'><strong>et</strong></span> <span class='ocrx_word' id='word_1_850' title='bbox 2381 5321 2717 5390; x_wconf 75' lang='lat' dir='ltr'><strong>Speucerus,</strong></span> <span class='ocrx_word' id='word_1_851' title='bbox 2749 5319 2930 5373; x_wconf 77' lang='grc' dir='ltr'>αὐτόν.</span> <span class='ocrx_word' id='word_1_852' title='bbox 2964 5320 3133 5392; x_wconf 68' lang='lat' dir='ltr'><strong>Paulo</strong></span> <span class='ocrx_word' id='word_1_853' title='bbox 3163 5333 3287 5392; x_wconf 82' lang='lat' dir='ltr'><strong>post</strong></span> <span class='ocrx_word' id='word_1_854' title='bbox 3307 5363 3338 5388; x_wconf 58' lang='lat'><strong>,,</strong></span> <span class='ocrx_word' id='word_1_855' title='bbox 3357 5339 3450 5392; x_wconf 84' lang='lat' dir='ltr'><strong>pro</strong></span> <span class='ocrx_word' id='word_1_856' title='bbox 3478 5323 3570 5390; x_wconf 79' lang='grc' dir='ltr'><strong>οὐχ</strong></span> <span class='ocrx_word' id='word_1_857' title='bbox 3598 5319 3741 5376; x_wconf 74' lang='grc' dir='ltr'>ὅσιον</span> 
     </span>
    </p>
   </div>
   <div class='ocr_carea' id='block_1_114' title="bbox 2156 5389 3378 5460">
    <p class='ocr_par' dir='ltr' id='par_1_114' title="bbox 2156 5389 3378 5460">
     <span class='ocr_line' id='line_1_114' title="bbox 2156 5389 3378 5460; baseline -0.001 -14"><span class='ocrx_word' id='word_1_858' title='bbox 2156 5389 2317 5456; x_wconf 75' lang='grc' dir='ltr'>εἶναι,</span> <span class='ocrx_word' id='word_1_859' title='bbox 2354 5389 2639 5460; x_wconf 75' lang='lat' dir='ltr'><strong>legendum</strong></span> <span class='ocrx_word' id='word_1_860' title='bbox 2673 5392 2904 5453; x_wconf 87' lang='lat' dir='ltr'><strong>videtur,</strong></span> <span class='ocrx_word' id='word_1_861' title='bbox 2931 5389 3030 5460; x_wconf 76' lang='grc' dir='ltr'><strong>οὐχ</strong></span> <span class='ocrx_word' id='word_1_862' title='bbox 3060 5390 3206 5443; x_wconf 85' lang='grc' dir='ltr'>ὅσιόν</span> <span class='ocrx_word' id='word_1_863' title='bbox 3238 5389 3378 5445; x_wconf 67' lang='grc' dir='ltr'>ἐστι.</span> 
     </span>
    </p>
   </div>
   <div class='ocr_carea' id='block_1_115' title="bbox 2229 5461 3494 5535">
    <p class='ocr_par' dir='ltr' id='par_1_115' title="bbox 2229 5461 3494 5535">
     <span class='ocr_line' id='line_1_115' title="bbox 2229 5461 3494 5535; baseline -0.002 -18"><span class='ocrx_word' id='word_1_864' title='bbox 2229 5464 2344 5535; x_wconf 68' lang='lat' dir='ltr'><strong>(9i)</strong></span> <span class='ocrx_word' id='word_1_865' title='bbox 2388 5461 2810 5535; x_wconf 63' lang='lat' dir='ltr'><strong>lltnscheliuset</strong></span> <span class='ocrx_word' id='word_1_866' title='bbox 2842 5463 3181 5535; x_wconf 62' lang='lat' dir='ltr'><strong>Spencerus,</strong></span> <span class='ocrx_word' id='word_1_867' title='bbox 3203 5461 3366 5532; x_wconf 79' lang='grc' dir='ltr'>δῆλον</span> <span class='ocrx_word' id='word_1_868' title='bbox 3392 5462 3494 5535; x_wconf 81' lang='grc' dir='ltr'>ὅτι.</span> 
     </span>
    </p>
   </div>
   <div class='ocr_carea' id='block_1_116' title="bbox 2231 5529 3746 5605">
    <p class='ocr_par' dir='ltr' id='par_1_116' title="bbox 2231 5529 3746 5605">
     <span class='ocr_line' id='line_1_116' title="bbox 2231 5529 3746 5605; baseline -0.003 -16"><span class='ocrx_word' id='word_1_869' title='bbox 2231 5529 2356 5602; x_wconf 70' lang='lat'><strong>(99.)</strong></span> <span class='ocrx_word' id='word_1_870' title='bbox 2403 5532 2636 5599; x_wconf 77' lang='lat' dir='ltr'><strong>Pliiloc.,</strong></span> <span class='ocrx_word' id='word_1_871' title='bbox 2673 5530 2852 5584; x_wconf 79' lang='grc' dir='ltr'>τοῦτο.</span> <span class='ocrx_word' id='word_1_872' title='bbox 2904 5529 3270 5590; x_wconf 47' lang='lat' dir='ltr'><strong>Hasscltelius&#39;</strong></span> <span class='ocrx_word' id='word_1_873' title='bbox 3296 5543 3354 5590; x_wconf 86' lang='lat' dir='ltr'><strong>et</strong></span> <span class='ocrx_word' id='word_1_874' title='bbox 3416 5534 3746 5605; x_wconf 77' lang='lat' dir='ltr'><strong>Spencerm,</strong></span> 
     </span>
    </p>
   </div>
   <div class='ocr_carea' id='block_1_117' title="bbox 2157 5605 2510 5658">
    <p class='ocr_par' dir='ltr' id='par_1_117' title="bbox 2157 5605 2510 5658">
     <span class='ocr_line' id='line_1_117' title="bbox 2157 5605 2510 5658; baseline -0.006 0"><span class='ocrx_word' id='word_1_875' title='bbox 2157 5605 2220 5658; x_wconf 81' lang='grc' dir='ltr'>τὸ</span> <span class='ocrx_word' id='word_1_876' title='bbox 2251 5605 2510 5657; x_wconf 75' lang='grc' dir='ltr'>τοιοῦτον.</span> 
     </span>
    </p>
   </div>
   <div class='ocr_carea' id='block_1_118' title="bbox 2235 5669 3430 5748">
    <p class='ocr_par' dir='ltr' id='par_1_118' title="bbox 2235 5669 3430 5748">
     <span class='ocr_line' id='line_1_118' title="bbox 2235 5669 3430 5748; baseline -0.001 -19"><span class='ocrx_word' id='word_1_877' title='bbox 2235 5676 2347 5748; x_wconf 67' lang='grc'><strong>(95)</strong></span> <span class='ocrx_word' id='word_1_878' title='bbox 2389 5674 2723 5731; x_wconf 72' lang='grc' dir='ltr'>ιιωεοιιοιίυε</span> <span class='ocrx_word' id='word_1_879' title='bbox 2752 5672 2805 5726; x_wconf 92' lang='lat' dir='ltr'><strong>in</strong></span> <span class='ocrx_word' id='word_1_880' title='bbox 2835 5679 3007 5738; x_wconf 82' lang='lat' dir='ltr'><strong>textu,</strong></span> <span class='ocrx_word' id='word_1_881' title='bbox 3031 5671 3270 5740; x_wconf 77' lang='grc' dir='ltr'>ἑαυτῶν,</span> <span class='ocrx_word' id='word_1_882' title='bbox 3301 5669 3430 5747; x_wconf 78' lang='grc' dir='ltr'>ἄρα.</span> 
     </span>
    </p>
   </div>
  </div>
