3840 6412
482 343 624 399 1225

1931 305 2259 381 emergens

3587 329 3690 384 liii

481 463 612 518 licet
652 459 792 530 apud
824 455 1088 525 quosdam
1147 451 1346 521 impius
1378 447 1672 511 habeatur,
1719 437 1838 516 qui,
1895 444 2072 513 patria

2188 444 2502 516 νομισθέντα
2536 445 2748 500 ἀνόσιον
2777 442 2915 502 εῖναι
2960 449 3110 522 παρὰ
3139 451 3252 511 τοῖς
3285 446 3342 501 δέ
3371 463 3476 499 τισι
3507 447 3570 518 μὴ
3594 443 3692 502 εἶναι

483 565 714 612 servans
741 547 1006 609 instituta,
1033 545 1315 614 impugnat
1340 551 1395 596 et
1419 539 1696 610 epulando
1719 537 1958 592 absumit
1981 551 2064 602 ea,

481 659 602 718 qua:
629 640 811 712 populi
843 637 966 692 aliis
995 633 1210 692 astricti
1240 633 1452 704 legibus
1478 631 1688 686 colunt.
1740 627 1863 684 Haec
1886 637 2066 682 autem

483 738 610 794 vide
629 748 812 790 annon
853 729 1022 786 multa
1069 727 1303 798 dejusto
1334 735 1527 781 saneto
1564 731 1621 778 et
1669 722 1760 792 pio
1785 718 2066 790 perturba-

485 827 688 882 tionem
723 821 1008 879 inducaut.
1041 817 1132 874 Sic
1169 817 1314 874 enim
1338 830 1445 870 non
1477 813 1838 883 distinguitur
1867 812 2066 884 pietas,

485 933 594 973 non
630 913 908 986 propriam
933 918 1184 966 naturam
1227 909 1415 974 habet,
1465 921 1567 962 nec
1596 905 1892 976 quidquam
1921 903 2068 958 aliud

481 1023 592 1082 quo
619 1009 739 1077 pios
770 1005 894 1061 illos
925 1003 1176 1074 judicare
1205 1001 1407 1072 possis,
1433 997 1526 1069 qui
1556 998 1810 1068 pietatem
1851 1003 2070 1051 sectan-

481 1111 590 1158 tur.
625 1097 816 1169 Itaque
846 1097 892 1152 si
923 1095 1125 1166 pietas,
1153 1093 1198 1148 si
1231 1091 1501 1148 sanctitas
1530 1097 1587 1144 et
1609 1087 1824 1158 justitia
1853 1098 2067 1143 suntex

477 1207 668 1250 earum
699 1203 884 1245 rerum
911 1199 1164 1253 numero,
1183 1197 1304 1256 quae
1328 1181 1464 1240 tales
1489 1197 1597 1239 non
1629 1189 1758 1240 sunt
1785 1177 1886 1234 nisi
1919 1192 2067 1234 com-

485 1297 705 1355 parate;
729 1293 900 1338 utres
923 1282 1014 1353 pia
1045 1280 1230 1336 sitaut
1263 1277 1448 1350 impia,
1483 1285 1644 1348 prout
1683 1291 1808 1330 cum
1841 1273 2074 1330 diversis

484 1376 708 1448 legibus
739 1383 1124 1443 comparatur;
1173 1371 1353 1440 cogita
1384 1385 1564 1424 annon
1597 1367 1738 1424 idem
1771 1367 1840 1422 dc
1865 1375 2072 1437 tempe-

485 1471 688 1533 i'antia,
725 1469 794 1522 de
821 1465 1170 1528 fortitudine,
1207 1465 1274 1518 de
1299 1461 1612 1532 prudentia,
1642 1459 1710 1517 de
1753 1458 1978 1516 scientia
2017 1467 2075 1514 et

487 1563 555 1618 de
591 1561 716 1616 aliis
757 1559 1056 1614 virtutibus
1087 1555 1276 1612 dicere
1325 1553 1488 1610 liceat
1519 1569 1534 1608 :
1563 1567 1673 1622 qua
1727 1558 1908 1605 tamen
1941 1563 2071 1604 sen-

491 1655 661 1710 tentia
713 1651 852 1706 nihil
880 1647 1198 1704 absurdius.
1219 1648 1400 1716 Atque
1423 1647 1540 1702 lucc
1569 1661 1597 1697 a
1625 1643 1786 1698 nobis
1809 1643 2072 1699 hactenus

485 1747 632 1803 dicta
657 1743 908 1800 sufﬁcere
935 1729 1164 1813 possent
1199 1741 1286 1802 iis,
1316 1739 1515 1809 quibus
1545 1737 1678 1794 satis
1707 1745 1852 1792 esset
1879 1747 2069 1792 contra

2178 537 2411 600 ἀνόσιον,
2449 538 2574 590 ὅταν
2599 538 2740 591 κατὰ
2762 540 2832 593 τὰ
2859 541 3062 613 πάτρια
3097 541 3164 594 τὰ
3191 541 3288 612 μὲν
3311 539 3415 592 ἴδια
3443 539 3642 610 σέϐῃ,τὰ
3655 541 3693 596 δὲ

2178 631 2326 700 παρὰ
2358 633 2468 694 τοῖς
2509 632 2788 696 ἐναντίους
2820 633 3002 704 ἔχουσι
3044 635 3245 705 νόμους
3275 632 3599 705 προσπολεμῇ
3629 637 3694 688 καὶ

2177 722 2585 776 καταθοινᾶται.
2625 723 2808 780 Ταῦτα
2838 725 2894 780 δὲ
2939 727 3036 798 ὅρα
3075 728 3125 780 εἰ
3163 725 3240 798 μὴ
3277 724 3473 795 πολλὴν
3505 725 3694 796 ἐμφαίνει

2175 815 2274 886 τὴν
2313 817 2444 888 περὶ
2474 816 2570 870 τοῦ
2606 817 2816 872 δικαίου
2849 816 2941 870 καὶ
2974 818 3122 872 ὁσίου
3151 818 3264 872 καὶ.
3285 815 3552 880 εὐσεϐείας
3576 833 3678 887 rapa.

2176 909 2294 980 χὴν,
2324 911 2382 962 οὐ
2406 909 2859 982 ὁιαρθρουμένης,
2879 911 3000 964 οὐδὲ
3027 911 3188 982 φύσιν
3211 909 3335 965 τινὰ
3361 909 3488 964 ἰδίαν
3507 909 3695 982 ἐχούσης,

2175 1003 2270 1054 καὶ
2316 1002 2560 1067 εὐσεϐεῖς
2605 998 2744 1058 εἶναι
2786 1003 3300 1075 χαρακτηριζούσης
3345 1003 3472 1068 τοὺς
3515 1003 3574 1056 τὰ
3611 1001 3697 1057 κατ’

2172 1090 2344 1163 αὐτὴν
2380 1093 2724 1166 πράττοντας
2757 1095 2855 1168 (5).
2899 1095 3073 1168 Εἴπερ
3097 1091 3190 1150 οὖν
3237 1096 3270 1166 ἡ
3309 1094 3696 1165 εὐσέϐεια,καὶὴ

2171 1179 2414 1253 ὁσιότης,
2447 1183 2540 1238 καὶ
2567 1186 2601 1257 ή
2636 1184 2950 1257 δικαιοσύνη
2987 1185 3098 1239 τῶν
3137 1185 3277 1258 πρός
3311 1185 3364 1238 τί
3394 1186 3549 1250 ἐστιν,
3577 1184 3635 1250 ὡς
3658 1185 3699 1238 τὸ

2179 1274 2314 1328 αὐτὸ
2355 1270 2497 1332 εἶναι
2543 1277 2691 1333 ὅσιον
2739 1277 2836 1332 καὶ
2879 1279 3092 1334 ἀνόσιον
3139 1277 3294 1352 παρὰ
3333 1277 3431 1341 τὰς
3478 1277 3704 1348 διαφόρους

2183 1367 2400 1437 σχέσεις
2438 1369 2532 1422 καὶ
2564 1369 2691 1434 τοὺς
2731 1369 2958 1442 νόμους·
2993 1371 3116 1443 ὅρα,
3157 1371 3204 1423 εἰ
3241 1369 3319 1440 μὴ
3355 1369 3507 1440 καὶὴ
3547 1385 3704 1438 σωφρο-

2181 1459 2312 1532 σύνη
2346 1459 2455 1514 τῶν
2497 1461 2634 1532 πρός
2677 1479 2730 1515 τι
2777 1461 3083 1526 ἀκολούθως
3117 1463 3290 1526 ἔσται,
3337 1463 3430 1515 καὶ
3460 1463 3490 1534 ἡ
3523 1461 3706 1533 ἀνδρεία,

2179 1553 2273 1607 καὶ
2301 1556 2336 1625 ή
2371 1555 2654 1626 φρόνησις,
2691 1557 2784 1608 καὶ
2815 1556 2848 1626 ἡ
2883 1556 3188 1627 ἐπιστήμη,
3224 1555 3320 1609 καὶ
3351 1555 3408 1608 αἱ
3439 1553 3599 1608 λοιπαὶ
3623 1555 3710 1626 ἀρε·

2178 1645 2268 1699 ταί
2289 1661 2302 1676 ⁶
2339 1641 2415 1700 ὧν
2445 1647 2599 1700 οὐδὲν
2633 1646 2700 1702 ἂν
2725 1648 2812 1717 εἴη
2841 1645 3190 1718 ἀτοπώτερον
3231 1647 3330 1718 (4).
3383 1645 3710 1716 ’Δπλοὺστερον

2183 1739 2280 1810 μὲν
2311 1733 2406 1792 οὖν
2445 1739 2538 1792 καὶ
2570 1740 2874 1810 κοινότερον
2909 1739 3221 1810 ἱσταμένοις
3259 1737 3396 1810 πρὸς
3425 1737 3520 1802 τὰς
3553 1737 3708 1792 Κέλσου

486 1839 706 1896 Celsum
741 1835 942 1892 aﬂ‘erre
977 1836 1032 1890 id
1063 1833 1206 1906 quod
1232 1831 1539 1902 simplicius
1566 1837 1647 1884 est
1678 1839 1734 1886 et
1757 1827 2074 1899 vulgarius;

2188 1831 2508 1902 ὲκκειμένας
2537 1830 2714 1897 λέξεις
2745 1831 2995 1904 αὐτάρκη
3020 1830 3090 1884 τὰ
3119 1832 3388 1904 εἰρημένα
3406 1849 3419 1861 ·
3449 1830 3560 1884 ἐπεὶ
3583 1831 3628 1883 δὲ
3649 1845 3710 1884 νο-

488 1929 750 2000 quoniam
783 1943 915 1984 vero
963 1934 1221 1998 putamus
1257 1925 1360 1978 hoc
1407 1923 1674 1994 scriptum
1715 1921 1768 1976 in
1814 1935 2075 1990 quorum-

489 2019 637 2084 dam,
670 2016 762 2087 qui
786 2033 876 2072 res
897 2015 1061 2071 altius
1087 2021 1426 2075 scrutantur.
1458 2027 1652 2067 manus
1683 2021 2074 2080 perventurum

489 2124 642 2176 esse;
675 2122 776 2178 age
795 2120 974 2177 pauca
1012 2119 1080 2158 ex
1114 2103 1580 2159 reconditioribus
1611 2101 1858 2172 proferre
1902 2109 2080 2156 tente-

493 2216 632 2256 nms.
657 2199 766 2255 ltes
791 2207 878 2255 est
903 2199 1158 2254 abstrusa
1188 2205 1244 2250 et
1287 2205 1538 2252 serntatu
1579 2193 1838 2250 diiiicilis.
1883 2194 2080 2261 Agitur

490 2293 638 2348 enim
670 2292 736 2348 de
767 2290 1185 2354 distributione,
1239 2303 1344 2358 qua
1388 2299 1548 2343 terrae
1593 2297 1778 2358 partes
1812 2287 1880 2342 ab
1921 2285 2079 2340 initio

494 2388 614 2442 alia:
641 2385 764 2440 aliis
795 2383 1193 2454 inspectoribus
1217 2383 1440 2437 crcditze
1461 2389 1612 2436 sunt.
1645 2379 1750 2434 Sed
1777 2377 2078 2448 przesertim

493 2477 968 2542 demonstremus,
1024 2476 1206 2544 quoad
1245 2472 1368 2544 ejus
1409 2473 1524 2528 tieri
1565 2469 1792 2542 poterit,
1835 2478 2079 2524 nostram

493 2569 801 2625 doctrinam
835 2567 903 2622 iis
946 2567 1245 2623 immunem
1285 2559 1408 2622 eSse
1455 2564 1730 2630 absurdis,
1769 2563 1892 2633 Qua:
1915 2575 2080 2632 supra

493 2668 795 2718 memorata
828 2667 980 2714 sunt.

563 2752 655 2808 29.
695 2752 774 2808 Ac
802 2749 934 2809 mihi
967 2749 1186 2818 quidem
1229 2747 1444 2804 videtur
1467 2746 1660 2804 Celsus
1699 2763 1806 2802 non
1853 2754 2004 2802 recte
2049 2761 2080 2800 a

494 2845 821 2918 quibusdam
845 2845 1125 2914 accepisse
1137 2843 1464 2900 occultiores
1487 2841 1716 2912 hujusce
1734 2839 2080 2896 distributio-

493 2939 582 2995 nis
615 2937 880 3001 rationes,
913 2950 1052 3006 quas
1091 2943 1271 2990 tamen
1299 2935 1486 3004 aliquo
1525 2935 1686 2990 modo
1725 2933 1908 3002 attigit
1931 2930 2084 2988 Grae-

494 3033 681 3086 Canica
720 3029 974 3086 historia.
997 3027 1054 3084 ln
1081 3043 1146 3084 ea
1169 3029 1314 3083 enim
1343 3029 1402 3090 ii,
1423 3027 1516 3097 qui
1541 3041 1641 3096 pro
1663 3023 1770 3082 diis
1801 3023 2082 3080 habeban-

497 3135 608 3187 tur,
643 3137 828 3178 secum
863 3121 1094 3178 invicem
1118 3133 1470 3178 concertasse
1499 3118 1755 3190 leguntur
1777 3117 1845 3171 de
1877 3117 2078 3181 Attica,

493 3226 548 3271 et
571 3215 713 3285 apud
748 3223 937 3284 poetas
957 3213 1176 3283 quidam
1205 3227 1274 3268 ex
1305 3212 1412 3267 illis
1440 3211 1543 3266 diis
1565 3211 1812 3280 quaedam
1831 3209 1948 3264 loca
1971 3205 2075 3262 sibi

495 3309 670 3378 magis
701 3307 948 3362 arridere
999 3307 1259 3376 cordique
1301 3319 1423 3361 esse
1469 3305 1828 3358 contitentur.
1871 3302 2078 3370 Quibus

494 3401 742 3469 quaedam
765 3398 964 3453 similia
993 3398 1243 3454 videntur
1271 3398 1320 3452 in
1341 3397 1702 3452 barbarorum
1732 3393 2079 3464 maximeque

494 3489 876 3562 {Egyptiornm
907 3489 1136 3546 historia
1167 3491 1234 3544 de
1260 3487 1482 3558 Egypti
1515 3487 1568 3542 in
1593 3485 1910 3558 provincias
1939 3483 2078 3540 divi-

495 3580 670 3636 sione.
695 3577 807 3634 Illic
837 3579 982 3634 enim
1031 3578 1238 3647 legitur
1272 3579 1405 3632 Sain
1443 3577 1642 3632 sortito
1679 3576 1948 3646 obtigisse
1977 3575 2079 3630 hli-

495 3685 700 3737 nervze,
741 3685 866 3739 quae
895 3669 1060 3726 etiam
1090 3669 1287 3725 Atticae
1325 3670 1662 3740 provinciam
1691 3669 1952 3738 possidet.
2013 3667 2078 3722 Et

498 3763 882 3835 Egyptiorum
914 3761 1190 3833 sapientes
1216 3763 1502 3817 innumera
1533 3761 1584 3815 id
1625 3775 1797 3831 genus
1829 3769 2074 3825 narrant,

497 3867 600 3911 nec
629 3855 742 3911 scio
773 3868 956 3910 annon
988 3855 1154 3909 etiam
1187 3853 1402 3910 Judaeos
1447 3868 1750 3921 eorumque
1798 3853 2076 3922 regionem

498 3945 554 4001 in
579 3948 681 4002 hac
709 3945 978 4003 divisione
1001 3945 1486 4017 comprehendant.
1521 3945 1720 4001 Verum
1747 3947 1814 4001 de
1833 3947 1920 4000 his
1943 3948 2079 4003 satis

498 4039 912 4104 auctoritatum,
970 4051 1090 4108 quae
1121 4039 1305 4093 divina
1345 4038 1592 4094 doctrina
1645 4053 1752 4093 non
1803 4039 2076 4095 nituntur.

497 4127 608 4184 Nos
640 4143 766 4186 vero
789 4129 1017 4187 dicimus
1045 4127 1284 4201 Moysen:
1309 4131 1631 4202 prophetam
1657 4130 1748 4186 Dei
1779 4133 2080 4187 sincerqu-

497 4237 604 4293 que
635 4224 755 4292 ejus
784 4224 1053 4279 cultorem
1079 4220 1246 4294 599
1275 4225 1340 4278 de
1368 4222 1459 4278 illa
1491 4224 1726 4294 partium
1757 4233 1916 4278 terra:
1934 4223 2080 4276 divi.

497 4315 654 4371 sione
721 4315 969 4372 locutum
1022 4329 1148 4372 esse
1205 4317 1260 4370 in
1327 4315 1736 4371 Deuteronomii
1792 4315 2009 4370 cantico
2060 4332 2074 4368 :

504 4425 526 4460 ε
561 4407 836 4477 Quando,
891 4409 1087 4479 inquit,
1146 4408 1423 4464 dividebat
1481 4407 1794 4462 Altissimus
1851 4417 2077 4478 gentes,

2182 1921 2414 1994 μίζομεν
2443 1925 2538 1976 καὶ
2564 1923 2674 1976 τῶν
2704 1923 3215 1997 ἐξεταστικωτέρων
3245 1923 3398 1987 τινὰς
3429 1923 3709 1990 ἐντεύξεσθαι

2179 2013 2306 2084 τῇδε
2351 2017 2420 2086 τῇ
2463 2019 2672 2087 γραφῇ,
2707 2017 2862 2088 φέρε,
2896 2015 3052 2085 ὀλίγα
3101 2016 3212 2070 τῶν
3253 2016 3550 2088 βαθυτέρων
3577 2031 3710 2086 παρα-

2179 2107 2584 2172 κινδυνεύοντες
2629 2107 2938 2180 έκθώμεθα,
2980 2109 3176 2180 ἔχοντα
3214 2126 3338 2162 τινα
3385 2109 3620 2180 μυστικὴν
3645 2106 3712 2160 καὶ

2179 2197 2492 2272 ἀπόρρητον
2529 2200 2781 2273 Θεωρίαν,
2819 2201 2948 2274 περί¹
2978 2200 3073 2255 τοῦ
3113 2200 3174 2268 ἐξ
3213 2201 3392 2273 ἀρχῆς
3429 2199 3554 2255 ἄλλα
3577 2199 3711 2260 ἄλλοις

2179 2291 2448 2354 ἐπόπταις
2479 2293 2813 2363 νενεμῆσθαι
2853 2293 3028 2366 χωρία
3075 2291 3187 2346 τῶν
3221 2293 3318 2346 ἐπὶ
3356 2295 3482 2364 γῆς·
3531 2290 3710 2346 καὶτῶν

2181 2383 2619 2454 κατειλεγμένων
2651 2385 2890 2454 ἀτόπων,
2925 2385 3081 2458 φέρε,
3117 2386 3220 2459 ὅση
3253 2385 3498 2457 δυνάμις,
3529 2382 3712 2454 meum

2181 2478 2629 2550 παραστήσωμεν
2663 2478 2739 2550 (ὅ)
2775 2478 2866 2534 τὸν
2896 2478 3074 2550 λόγον.

2255 2751 2414 2804 Δοκεῖ
2431 2751 2494 2823 δή
2525 2769 2617 2822 μοι
2637 2749 3050 2824 παρακηκοέναι
3071 2749 3237 2806 τινῶν
3256 2751 3288 2804 ὁ
3303 2748 3504 2812 Κέλσος
3521 2744 3716 2820 περὶτῆς

2181 2841 2554 2913 διανεμήσεως
2588 2841 2696 2896 τῶν
2741 2843 2832 2896 ἐπὶ
2865 2843 2970 2914 γῆς
3004 2841 3430 2914 μυστικωτέρων
3459 2833 3629 2908 λόγων,
3661 2825 3718 2890 ὧν

2183 2935 2485 3004 ἐφάπτεται
2537 2936 2634 3006 μέν
2660 2953 2778 3000 πως
2811 2937 2905 2990 καὶ
2946 2939 2980 3008 ἡ
3023 2934 3316 3007 Ἑλληνικὴ
3357 2931 3572 3003 ἱστορία,
3601 2930 3718 2983 εἱσα-

2184 3025 2432 3095 γαγοῦσά
2452 3045 2603 3090 τινας
2631 3027 2739 3082 τῶν
2770 3027 3142 3100 νομιζομένων
3163 3027 3303 3081 θεῶν
3325 3025 3557 3098 περὶτῆς
3589 3024 3720 3077 Ἄττι-

2185 3118 2290 3188 κῆς
2321 3120 2458 3190 πρὸς
2485 3119 2750 3191 ἀλλήλους
2781 3120 3113 3191 ὴμιλλῆσθαι
3145 3119 3262 3192 (6)·
3299 3118 3518 3173 ποιοῦσα
3537 3117 3587 3170 δὲ
3607 3114 3722 3185 παρὰ

2183 3215 2295 3273 τοῖς
2321 3213 2572 3281 ποιηταῖς
2592 3226 2750 3276 τινας
2765 3212 2874 3265 τῶν
2892 3213 3203 3283 λεγομένων
3228 3211 3368 3264 θεῶν
3391 3209 3644 3281 ὁμολογεῖν
3663 3221 3722 3258 τι·

2184 3321 2281 3368 νας
2315 3305 2514 3368 τόπους
2547 3306 2910 3376 οἰκειοτέρους
2940 3303 3146 3367 αὐτοῖς.
3179 3305 3292 3358 Καὶ
3319 3303 3352 3375 ή
3389 3300 3664 3374 βαρϐαρικὴ
3685 3295 3724 3348 δὲ

2188 3399 2418 3470 ίστορία,
2449 3400 2543 3453 καὶ
2574 3398 2806 3469 μάλιστα
2837 3398 2870 3467 ἡ
2901 3395 3240 3465 Αἰγυπτίων,
3272 3393 3497 3449 τοιαῦτά
3521 3409 3624 3447 τινα
3651 3393 3726 3458 Ep-

2187 3495 2366 3562 φαίνει
2397 3492 2529 3563 περὶ
2558 3490 2652 3544 τοῦ
2697 3488 2968 3562 μερισμοῦ
3000 3488 3109 3541 τῶν
3140 3488 3244 3560 τῆς
3275 3486 3544 3555 Αἰγύπτου
3575 3483 3730 3537 καλου-

2189 3587 2365 3658 μένων
2403 3584 2584 3655 νομῶν
2633 3583 2896 3652 λέγουσα·
2951 3581 3032 3634 ὅτι
3113 3579 3147 3651 ἡ
3206 3579 3448 3651 λαχοῦσα
3495 3574 3730 3649 τὴννΣίῑν

2200 3675 2416 3745 Ἀθηνᾶ,
2459 3677 2493 3746 ή
2531 3671 2666 3744 αὐτὴ
2703 3671 2815 3742 ἔχει
2853 3671 2947 3725 καὶ
3005 3669 3110 3740 τὴν
3164 3669 3436 3740 Ἀττικήν.
3471 3663 3732 3736 Αἰγυπτίων

2185 3771 2242 3826 δὲ
2275 3772 2321 3824 οἱ
2369 3770 2544 3838 λόγιοι
2595 3769 2765 3844 μυρία
2801 3769 2900 3822 ὅσα
2944 3766 3174 3821 τοιαῦτα
3209 3770 3500 3840 φήσουσιν·
3531 3757 3732 3818 οὺκιοῑδα

2185 3865 2232 3916 δ’
2284 3867 2332 3918 εί
2383 3863 2480 3916 καὶ
2534 3863 2822 3926 Ἰουδαίους
2859 3861 3514 3932 συμπαραλαμϐάνοντες,
3545 3859 3630 3911 καὶ
3658 3853 3734 3923 τὴν

2187 3955 2372 4029 χώραν
2401 3955 2606 4020 αὐτῶν,
2644 3957 2712 4027 τῇ
2748 3956 2886 4027 πρός
2921 3971 3044 4007 τινα
3075 3955 3418 4026 διανεμήσει·
3459 3949 3604 4005 Ἀλλὰ
3637 3945 3736 4016 περὶ

2191 4051 2288 4121 μὲν
2309 4049 2418 4103 τῶν
2438 4047 2545 4114 ἔξω
2569 4047 2662 4102 τοῦ
2687 4047 2831 4101 θείου
2865 4046 3024 4115 λόγου
3063 4045 3378 4118 λεγομένων
3405 4046 3484 4108 είς
3505 4043 3658 4097 ταῦτα
3679 4036 3735 4106 (7)

2189 4143 2308 4205 ἃλις
2341 4142 2434 4194 ἐπὶ
2475 4141 2572 4194 τοῦ
2621 4139 2918 4210 παρόντος·
2966 4139 3150 4211 φαμὲν
3198 4139 3242 4190 δ’
3285 4140 3368 4191 ὅτι
3406 4139 3434 4192 ὁ
3473 4135 3586 4191 καθ’
3619 4131 3736 4202 ἡμᾶς

2189 4233 2474 4303 προφήτης
2489 4231 2584 4285 τοῦ
2610 4229 2743 4284 Θεοῦ
2775 4230 2869 4283 καὶ
2897 4231 3120 4300 γνήσιος
3147 4229 3404 4301 θεράπων
3425 4227 3580 4282 αὑτοῦ
3603 4225 3737 4279 Maii-

2191 4324 2292 4394 σῆς
2315 4325 2374 4376 ὲν
2401 4327 2472 4393 τῇ
2501 4323 2596 4377 τοῦ
2619 4325 3040 4394 Δευτερονομίου
3072 4322 3186 4393 ᾠδῇ
3221 4323 3490 4376 ἐκτίθεται
3521 4317 3636 4390 περὶ
3664 4311 3734 4366 τῡῦ

2193 4414 2464 4487 μερισμοῦ
2501 4416 2609 4468 τῶν
2644 4415 2734 4468 ἐπὶ
2766 4415 2869 4484 γῆς
2899 4412 3132 4467 τοιαῦτα
3171 4414 3346 4482 λέγων
3383 4433 3402 4466 ι
3445 4416 3565 4466 Ὅτε
3591 4405 3737 4478 διεμέ-

497 4501 716 4568 quando
741 4499 1036 4573 separabat
1067 4499 1208 4556 ﬁlios
1235 4501 1429 4564 Adam,
1484 4501 1771 4555 constituit
1813 4500 2076 4556 terminos

2193 4507 2341 4579 ριζεν
2373 4510 2402 4562 ὁ
2441 4509 2706 4578 ’Ύψιστος
2741 4506 2890 4578 ἔθνη,
2928 4508 3002 4570 ὡς
3035 4507 3351 4579 διέσπειρεν
3389 4509 3530 4569 υἱοὺς
3581 4499 3736 4568 ’Λδαμν

497 4591 824 4660 populorum
855 4593 1157 4648 secundum
1187 4605 1476 4646 numerum
1502 4591 1816 4660 angelorum
1857 4589 1976 4646 Dei.
2014 4591 2076 4645 Et

2188 4601 2405 4672 ἔστησεν
2425 4600 2552 4672 ὅρια
2581 4599 2748 4653 ἐθνῶν
2779 4599 2919 4653 κατὰ
2939 4599 3174 4670 ἀριθμὸν
3215 4599 3464 4668 ἀγγέλων
3483 4593 3628 4652 Θεοῦ.
3655 4589 3739 4644 Καὶ

501 4684 675 4738 tactus
700 4696 783 4739 est
809 4699 936 4754 pars
963 4683 1174 4740 Domini
1209 4683 1443 4754 populus
1483 4685 1602 4752 ejus
1629 4682 1824 4748 Jacob,
1863 4683 2080 4738 funicu-

499 4778 584 4833 lus
619 4779 952 4834 baareditatis
999 4777 1116 4846 ejus
1149 4776 1320 4833 lsrael
1351 4777 1416 4832 ⁸³.
1455 4795 1474 4828 ›
1511 4775 1588 4830 De
1615 4776 1806 4830 eadem
1839 4775 1926 4828 illa
1953 4791 2087 4845 gen-

501 4871 632 4923 tium
662 4870 1046 4924 distributione
1076 4869 1317 4939 Moyses,
1348 4870 1402 4923 in
1433 4867 1572 4924 libro
1626 4867 1720 4938 qui
1766 4867 2087 4924 inscribitur

499 4957 746 5025 Genesis,
779 4962 893 5016 hmc
925 4961 1082 5030 quasi
1135 4963 1396 5018 historice
1451 4970 1640 5015 narrat
1673 4977 1687 5013 :
1729 4979 1748 5012 ‹
1789 4960 1919 5014 Erat
1961 4960 2086 5016 uni—

501 5067 660 5106 versa
699 5063 846 5108 terra
885 5053 1088 5110 labium
1141 5073 1332 5120 unum,
1369 5064 1424 5110 et
1477 5071 1582 5110 una
1633 5069 1742 5108 vox
1801 5053 2078 5110 omnibus.

585 5195 628 5226 ³³
658 5193 814 5250 Deut.
835 5208 1008 5261 χχχιι,
1028 5195 1081 5260 8,
1110 5195 1170 5253 9.

573 5333 648 5406 (ὅ)
693 5337 774 5388 Oi")
811 5329 1298 5406 διαρθρουμένης,
1337 5332 1478 5406 οὐδὲ
1514 5333 1701 5403 φύσιν
1743 5329 1890 5406 τιν-ἰιῄ
1919 5330 2076 5406 Ιδίαν

500 5400 792 5474 ἐχούσης.
843 5405 942 5458 καί
979 5400 1258 5472 ἐὐσεϐεῖς
1306 5400 1459 5458 εἶναι
1515 5400 2077 5474 ’χαρακτιηριζούςτης

502 5471 644 5542 τοὺς
681 5477 752 5528 τὰ
789 5477 914 5528 κατ’
942 5475 1134 5542 αὐτὴν
1169 5471 1558 5542 πράττοντας.
1594 5473 1716 5526 llzee
1767 5489 1888 5538 qua:
1943 5471 2076 5527 Phi-

501 5544 691 5600 localia
743 5546 993 5608 exhibet,
1035 5546 1288 5601 videntur
1335 5543 1618 5600 Boberello
1670 5543 1936 5610 glossema
1988 5551 2080 5599 aut

503 5617 748 5672 Scholion
803 5629 1024 5682 sapere,
1074 5617 1166 5670 sed
1215 5632 1337 5671 cum
1401 5617 1451 5670 in
1491 5614 1746 5668 Omnibus
1791 5613 2075 5684 exempla-

501 5686 655 5740 ribus
705 5699 838 5754 rnss.
886 5685 1067 5751 operis
1110 5699 1294 5739 contra
1345 5685 1552 5738 Celsum
1598 5685 1965 5754 reperiantur,
2013 5699 2076 5738 ea

505 5756 672 5825 textui
695 5753 984 5825 inserenda
1013 5770 1130 5810 esse
1156 5758 1414 5825 judicavi.

576 5823 652 5896 (4)
691 5823 1033 5880 llmsehelius
1075 5834 1129 5882 et
1160 5823 1512 5896 ‘Spencerus,
1558 5826 1939 5890 ἀτοπώτατον,
1989 5825 2084 5880 sed

2180 4694 2606 4770 éyavﬁO‘q’psp‘t;
2631 4694 2840 4765 Κυρίου
2880 4693 3005 4756 λαὸς
3039 4692 3204 4746 αὑτοῦ
3251 4691 3464 4755 Ἰακὼϐ,
3499 4686 3739 4760 exui-mp1

2185 4784 2560 4856 κληρονομίας
2583 4785 2750 4840 αὐτοῦ
2785 4783 3015 4856 Ἰσραήλ.
3051 4803 3067 4834 ι
3091 4783 3174 4836 Τὰ
3199 4783 3254 4836 δὲ
3282 4783 3406 4854 περὶ
3421 4781 3512 4851 τῆς
3530 4771 3740 4841 διανεμή-

2186 4893 2325 4941 σεως
2335 4877 2446 4930 τῶν
2471 4879 2642 4932 ἐθνῶν
2664 4882 2690 4932 ὁ
2713 4879 2872 4941 αὐτὸς
2888 4877 3130 4946 Μωῡσῆς
3151 4878 3208 4928 ὲν
3225 4876 3306 4946 τῷ
3325 4866 3740 4943 ἐπιγεγραμμένῳ

2194 4967 2385 5040 βιϐλίῳ
2407 4969 2626 5034 Γένεσις
2651 4974 2708 5024 ὲν
2731 4971 2970 5041 ἱστορίας
2994 4970 3180 5041 τρόπῳ
3201 4969 3364 5040 φησιν
3387 4965 3574 5025 οὕτως·
3607 4976 3624 5010 ι
3657 4952 3740 5006 Καὶ

2188 5055 2258 5131 ἦν
2291 5065 2436 5116 πᾶσα
2464 5065 2498 5134 ἡ
2529 5065 2596 5134 γῆ
2621 5063 2796 5134 χεῖλος
2821 5063 2900 5130 ἓν,
2932 5062 3025 5115 καὶ
3053 5061 3208 5132 φωνὴ
3229 5060 3330 5131 μία
3352 5059 3497 5114 πᾶσι.
3521 5051 3621 5107 Καὶ
3643 5042 3738 5111 ἒτέ’

2186 5331 2488 5388 Pliilocalia
2502 5372 2516 5398 ,
2557 5330 2927 5401 ἀτοπώτερον,
2961 5328 3184 5401 rectius.
3365 5393 3376 5401 Δ
3613 5384 3632 5401 ,
3653 5383 3662 5394 ,

2266 5378 3584 5475 erasin."ingessia.ga;;‘;ep...m....
3613 5378 3740 5439 nn.

2184 5473 2341 5545 editi,
2378 5473 2834 5545 παραστήσομεν.

2259 5537 2336 5614 (6)
2379 5543 2418 5614 L3
2445 5537 2536 5598 lib.
2565 5537 2778 5598 ed'iti'in
2812 5541 3079 5614 margine,
3115 5537 3466 5614 ἀμιλλὲισθαι.

2260 5589 2338 5684 ἰή
2380 5613 2722 5684 llmsebelius
2747 5621 2800 5684 et
2838 5589 3263 5684 Schﬁlce#l:us;'Eﬁ
3302 5589 3746 5684 ριανεμήςει

2260 5627 2338 5684 (Ἰ)
2380 5627 2722 5670 ι-ιαξεοιιοιιηε
2747 5627 2800 5668 el
2838 5627 3171 5677 δνοιὶοετυε,
3197 5629 3247 5682 ’ἶῗ⁸
3302 5627 3602 5676 οιανεμτπσει
3637 5627 3744 5669 λιιι-αττ

2187 5703 2309 5738 τινα
2353 5683 2513 5740 ἄλλα.
2550 5683 2687 5756 Περὶ
2739 5683 2835 5754 μὲν
2869 5677 2961 5736 οὖν
2995 5680 3124 5734 τῶν.
3160 5627 3270 5736 50.3
3303 5647 3576 5735 Philoca‘lia
3619 5674 3672 5720 ut
3704 5675 3745 5712 Ill

2195 5766 2381 5812 IIOSU'O
2411 5764 2499 5811 [CX
2511 5769 2583 5810 ιιι.
