3840 6412
191 357 310 414 1225

1346 312 1628 411 eorum
1666 355 1944 412 CELSUM
1980 355 2107 411 LIB.
2147 356 2212 412 v.

3289 374 3429 434 i223

188 490 289 528 νετο
313 472 366 525 ἐν
395 466 467 541 τῷ
496 468 716 538 κινῆσαι
746 466 943 531 αὐτοὺς
971 466 1079 521 ἀπὸ
1106 468 1411 536 ἀνατολῶν,
1454 465 1610 544 εὗρον
1638 490 1729 525 πε-

1842 475 2082 545 Cumque
2133 474 2613 544 proﬁciscerentur
2659 482 2725 536 de
2776 482 3033 551 Oriente,
3092 487 3426 549 invenermit

182 566 280 621 δίον
306 563 357 619 ἐν
385 564 451 633 γῇ
483 560 742 632 Σενναὰρ,
777 558 869 613 καὶ
897 557 1223 631 κατῴκησαν
1251 562 1384 614 ἐκεῖ.
1428 581 1447 613 ι
1478 563 1585 615 Καὶ
1617 564 1732 633 μετ’

183 657 339 725 ὀλίγα,
374 673 393 706 r
433 652 675 724 Κατέὸη,
719 654 876 725 φησὶ,
908 651 1112 724 Κύριος
1149 652 1223 724 (8)
1268 653 1394 707 ἰδεῖν
1422 658 1519 726 τὴν
1559 656 1732 721 πόλιν,

182 749 263 802 καὶ
298 746 382 800 τὸν
416 743 642 816 πύργον,
675 742 735 797 ὃν
774 742 1129 814 ᾠκοδόμησαν
1162 744 1210 795 οἱ
1245 743 1350 795 υἱοὶ
1381 742 1488 796 τῶν
1524 743 1735 817 ἀνθρὼ-

183 855 307 893 πων·
339 838 426 891 καὶ
453 832 571 889 εἷπε
599 834 803 907 Κύριος
826 851 839 864 ⁸
895 833 1027 887 Ἰδοὺ
1058 834 1213 903 γένος
1246 833 1323 900 ἓν,
1354 835 1449 889 καὶ
1474 836 1652 906 χεῖλος
1678 834 1734 888 ἒν

182 934 389 987 πάντων·
412 930 500 983 καὶ
516 929 673 983 τοῦτο
696 929 928 1001 ἧρξαντο
948 928 1190 997 ποιῆσαι,
1215 928 1307 983 καὶ
1329 928 1425 983 νῦν
1445 931 1544 983 οὐκ
1570 930 1736 983 ἐκλεί-

178 1026 255 1095 est
278 1025 362 1078 ἀπ’
382 1022 555 1075 αὐτῶν
574 1021 773 1083 πάντα,
793 1021 891 1073 ὅσα
905 1019 971 1073 ἂν
995 1019 1289 1075 ἐπιθῶνται
1316 1024 1489 1074 ποιεῖν
1516 1038 1526 1052 ·
1556 1020 1731 1085 δεῦτε,

181 1098 609 1179 καὶκκαταϐἀντες
637 1114 955 1185 ωγχὲωμεν
984 1116 1101 1167 ἐκεῖ
1126 1112 1223 1185 τὴν
1246 1113 1496 1183 γλῶσσαν
1530 1114 1729 1179 αὐτῶν,

182 1210 253 1262 ἵνα
281 1207 349 1279 μὴ
388 1207 689 1261 ἀκούσωσιν
737 1208 809 1277 (9)
840 1206 1073 1269 ἕκαστος
1116 1205 1210 1277 τὴν
1247 1207 1428 1277 φωνὴν
1458 1207 1552 1259 τοῦ
1593 1206 1731 1277 πλη-

180 1302 275 1355 σίον
304 1299 477 1355 αὐτοῦ.
533 1302 645 1354 Καὶ
685 1300 989 1370 διέσπειρεν
1033 1300 1227 1364 αὐτοὺς
1273 1298 1475 1371 Κύριος
1523 1300 1734 1353 ἐκεῖθεν

180 1393 257 1447 ἐπὶ
277 1393 331 1446 τὸ
352 1393 634 1464 πρόσωπον
656 1392 835 1464 πάσης
859 1391 961 1463 τῆς
985 1391 1108 1461 γῆς,
1127 1392 1223 1445 καὶ
1252 1390 1562 1445 ἐπαύσαντο
1590 1394 1733 1445 οἰκο-

178 1486 436 1557 δομοῦντες
482 1486 582 1557 τὴν
633 1484 806 1548 πόλιν,
852 1486 946 1539 καὶ
997 1485 1086 1539 τὸν
1139 1484 1367 1558 πύργον.
1424 1484 1523 1538 Διὰ
1575 1485 1733 1538 τοῦτο

180 1577 351 1648 ἐκλήθη
379 1578 437 1630 τὸ
468 1578 643 1649 ὄνομα
678 1580 847 1650 αύτῆς
882 1579 994 1651 (10)
1022 1578 1303 1650 σύγχυσις,
1339 1580 1419 1632 ὅτι
1450 1580 1568 1632 ἐκεῖ
1610 1596 1732 1633 συν-

178 1670 278 1741 ἐχεε
300 1670 491 1742 Κύριος
515 1673 543 1724 ὀ
568 1671 701 1735 Θεὸς
724 1672 793 1725 τὰ
818 1671 970 1742 χείλη
998 1671 1179 1743 πάσης
1207 1672 1305 1743 τῆς
1324 1671 1450 1741 γῆς,
1478 1672 1731 1726 κάκεῖθεν

175 1763 445 1835 διέσπειρεν
473 1764 673 1828 αὐτοὺς
695 1764 899 1836 Κύριος
917 1767 946 1819 ὁ
968 1765 1099 1830 θεὸς
1122 1764 1215 1818 ἐπὶ
1238 1764 1527 1835 πρόσωπον
1551 1765 1731 1836 πάσης

1843 582 2092 638 campum
2125 570 2175 624 in
2211 580 2356 625 terra
2383 572 2635 628 Sennaar
2661 584 2709 627 et
2742 576 3123 635 habitaverunt
3148 582 3201 637 in
3233 600 3297 639 eo
3319 585 3421 639 ⁸⁸.»

1844 661 1910 715 Ει
1942 662 2104 732 paulo
2132 672 2298 732 post:
2341 682 2358 714 ι
2394 664 2699 727 Descendit,
2734 667 2929 735 inquit,
2964 672 3226 729 Dominus
3252 686 3310 731 ut
3341 682 3425 731 vi-

1843 753 1995 808 deret
2022 754 2303 809 civitatem
2344 764 2395 811 et
2432 758 2647 823 turrim,
2683 772 2845 827 quam
2880 761 3284 822 mdiﬁcaverant
3327 770 3420 824 ﬁlii

1846 845 2146 912 hominum,
2172 857 2225 902 et
2252 848 2390 902 dixit
2423 849 2686 905 Dominus
2724 867 2735 903 :
2770 853 2909 907 Ecce
2946 871 3086 913 unus
3121 869 3204 914 est
3254 877 3425 931 pepu-

1843 937 1927 992 lus
1959 948 2010 993 et
2040 954 2205 995 untur.
2232 940 2431 997 labium
2465 944 2721 999 omnibus
2750 964 2762 999 :
2797 960 3190 1022 cceperuntque
3222 954 3323 1011 hoc
3342 955 3425 1011 fa-

1842 1045 1989 1097 cere,
2027 1046 2127 1086 nec
2162 1034 2428 1089 desistent
2456 1050 2485 1089 a
2516 1038 2934 1106 cegitationibus
2970 1044 3103 1109 suis,
3132 1045 3306 1103 donec
3328 1065 3423 1106 eas

1841 1139 2006 1196 opere
2030 1127 2372 1198 compleant;
2430 1129 2610 1185 venite
2642 1131 2805 1200 igitur
2828 1142 2882 1187 et
2914 1136 3335 1205 descendamus,
3363 1150 3423 1197 et

1841 1220 2238 1274 caul'undamus
2305 1220 2375 1275 ibi
2431 1221 2671 1292 linguam
2717 1238 2932 1288 eorum,
2980 1237 3034 1283 et
3090 1246 3197 1285 non
3233 1234 3422 1289 audiat

1841 1312 2217 1382 unusquisque
2246 1328 2432 1369 vocem
2466 1315 2698 1383 proximi
2743 1318 2849 1373 sui.
2900 1321 3078 1390 Atque
3124 1324 3198 1378 ita
3234 1325 3423 1382 divisit

1839 1418 1937 1459 eos
1978 1404 2242 1459 Dominus
2269 1421 2333 1460 ex
2362 1406 2455 1462 illo
2485 1407 2603 1463 loco
2625 1423 2786 1477 super
2813 1410 3003 1467 faciem
3031 1415 3210 1472 omnis
3239 1427 3419 1483 terrae,

1839 1505 1894 1552 et
1928 1506 2280 1552 cessaverunt
2311 1498 2583 1555 zediﬁcare
2606 1499 2881 1555 civitatem
2912 1511 2968 1556 et
2993 1505 3209 1560 turrim.
3242 1507 3306 1561 Et
3335 1508 3420 1563 id-

1840 1587 1991 1643 circo
2035 1600 2287 1644 vocatum
2315 1602 2399 1645 est
2452 1606 2646 1647 nomen
2700 1592 2814 1661 ejus
2859 1594 3139 1665 Confusio,
3178 1600 3307 1669 quia
3346 1602 3419 1656 ibi

1838 1675 2083 1731 confudit
2122 1676 2426 1735 Deuslabia
2458 1682 2725 1737 universa:
2747 1693 2925 1750 terrae,
2959 1696 3012 1741 et
3043 1688 3166 1744 inde
3212 1691 3421 1761 disper-

1839 1768 1913 1822 sit
1936 1780 2032 1824 eos
2066 1768 2322 1824 Dominus
2354 1784 2521 1839 super
2564 1771 2760 1826 faciem
2799 1774 2966 1829 totius
3001 1786 3166 1833 terra:
3189 1779 3254 1835 ³⁵.
3292 1800 3311 1833 ι
3353 1781 3419 1836 Et

175 1855 258 1927 τῆς
284 1856 396 1927 γῆς.
440 1875 459 1907 ι
494 1856 605 1909 Καὶ
638 1857 695 1924 ἐν
726 1858 793 1928 τῇ
829 1857 1283 1930 ἐπιγεγραμμένη
1312 1858 1368 1912 δὲ
1396 1857 1729 1929 Σολομῶντος

1845 1858 1898 1915 in
1930 1860 2072 1916 libro
2118 1860 2211 1931 qui
2250 1860 2527 1933 Sapientia
2558 1865 2867 1922 Salomonis
2925 1881 3176 1937 vocatur,
3212 1878 3418 1931 mentio

176 1947 318 2019 Σοφία
347 1948 469 2018 περὶ
507 1948 607 2019 τῆς
640 1945 864 2017 σοῴίας,
899 1949 993 2002 καὶ
1024 1949 1131 2003 τῶν
1169 1950 1310 2004 κατὰ.
1336 1949 1438 2022 τὴν
1473 1950 1734 2021 σύγχυσιν

173 2040 262 2093 τῶν
292 2041 601 2106 διαλέκτων,
630 2042 687 2095 ἐν
800 2041 1090 2113 γεγένηται
1126 2044 1155 2096 ὁ
1190 2043 1457 2115 μερισμὸς
1498 2042 1608 2098 τῶν
1640 2043 1734 2098 ἐπὶ

172 2132 254 2205 τῆς
274 2134 385 2205 γῆς,
405 2132 632 2187 τοιαῦτα
658 2136 787 2204 περὶ
813 2134 911 2204 τῆς
929 2134 1125 2205 Σοφίας
1142 2134 1377 2205 εἴρηταν
1416 2154 1434 2186 ι
1453 2134 1604 2208 Αὕτη
1639 2137 1735 2191 καὶ

173 2225 220 2279 ἐν
246 2226 449 2299 ὁμονοίᾳ
493 2225 761 2297 πονηρίας
800 2225 970 2280 ἐθνῶν
1027 2226 1404 2299 συγχυθέντων
1445 2226 1588 2297 ἔγνω
1638 2228 1732 2295 τὸν

172 2316 367 2382 δίκαιον,
406 2319 505 2372 καὶ
537 2318 804 2388 ἐφύλαξεν
838 2318 1000 2372 αὑτὸν
1038 2318 1324 2391 ἄμεμπτον
1352 2318 1431 2391 τῷ
1466 2319 1605 2392 Θεῷ,
1637 2322 1732 2376 καὶ

174 2409 250 2463 ἐπὶ
277 2410 457 2465 τέκνου
502 2413 834 2484 σπλάγχνοις
865 2413 1082 2484 ἰσχυρὸν
1114 2412 1369 2483 ἐφύλαξε.
1414 2432 1433 2465 ι
1483 2413 1657 2478 Πολὺς
1686 2414 1730 2469 δ’

172 2502 355 2571 ὁλόγος
392 2506 490 2559 καὶ
526 2507 789 2577 μυστικὸς
819 2508 848 2559 ὁ
895 2506 1022 2579 περὶ
1051 2506 1280 2570 τούτων,
1308 2501 1353 2577 ᾧ
1385 2506 1616 2577 ἁρμόζει
1646 2507 1729 2575 τὸ,

177 2612 191 2646 ι
225 2596 525 2669 Μυστήριον
567 2598 836 2668 βασιλέως
869 2598 1131 2670 κρύπτειν
1156 2598 1342 2663 καλόν,
1379 2618 1396 2651 ι
1435 2600 1522 2652 ἵνα
1554 2598 1628 2670 μὴ
1652 2602 1731 2663 είς

171 2688 251 2753 τὰς
273 2691 533 2761 τυχούσας
561 2692 733 2755 ἀκοὰς
754 2693 781 2745 ὁ
812 2693 941 2762 περὶ
962 2691 1148 2763 ψυχῶν
1175 2691 1287 2762 (11)
1316 2691 1419 2746 οὐκ
1452 2692 1517 2744 ἐκ
1545 2707 1729 2762 μετεν-

173 2782 519 2853 σωματώσεως
546 2786 627 2848 είς
664 2783 823 2853 σῶμα
850 2783 1183 2853 ἐνδυομένων
1218 2784 1329 2853 (19.)
1357 2783 1513 2852 λόγος
1539 2781 1732 2855 ῥιπτῆ·

170 2891 259 2941 ται,
292 2877 422 2949 μηδὲ
441 2877 508 2932 τὰ
531 2878 663 2947 ἆγια
690 2877 907 2931 διδῶται
932 2879 1043 2940 τοῖς
1067 2876 1215 2940 κυσὶ,
1245 2876 1369 2947 μηδ’
1390 2876 1440 2929 οἱ
1466 2878 1730 2949 μαργαρῖ-

169 2981 239 3018 ται
263 2966 711 3039 παραϐάλλωνται
734 2968 954 3039 χοίροις.
998 2968 1217 3031 Ἀσεὸὲς
1241 2968 1348 3040 γὰρ
1383 2968 1443 3023 τὸ
1468 2968 1725 3033 τοιοῦτον,

173 3060 431 3130 προδοσίαν
458 3059 713 3131 περιέχον
738 3058 849 3112 τῶν
875 3061 1201 3132 ἀπορρήτων
1227 3060 1326 3130 τῆς
1352 3058 1446 3113 τοῦ
1476 3059 1610 3114 Θεοῦ
1644 3077 1729 3113 σο-

173 3148 275 3215 φίας
295 3150 507 3221 λογίων,
540 3152 671 3224 περὶ
703 3148 772 3224 ἧς
804 3151 984 3217 καλῶς
1012 3153 1349 3225 γέγραπται·
1385 3156 1421 3204 «⁷
1447 3153 1542 3217 Εἰς
1573 3152 1732 3206 κακό⁴

172 3256 327 3311 τεχνον
366 3244 548 3315 ψυχὴν
588 3244 691 3297 ούκ
732 3238 1117 3298 εἰσελεύσεται
1149 3246 1340 3316 σοφία,
1381 3246 1501 3299 οὐδὲ
1545 3262 1725 3299 κατοι-

171 3333 303 3402 κήσει
332 3336 389 3388 ἐν
428 3334 639 3405 σώματι
667 3335 958 3406 κατάχρεῳ
985 3336 1282 3409 ἁμαρτίας.
1314 3356 1332 3389 ι
1376 3338 1563 3410 Ἀρκεῖ
1585 3338 1639 3392 δὲ
1657 3339 1725 3393 τὰ

168 3427 537 3499 κεκρυμμένως
581 3427 658 3492 ὡς
684 3429 741 3481 ἐν
778 3428 1019 3499 ἱστορίας
1059 3430 1244 3502 τρόπῳ
1276 3430 1543 3501 εἰρημένα
1584 3431 1726 3485 κατὰ

169 3517 241 3571 τὸν
261 3519 352 3591 τῆς
388 3520 632 3593 ίστορίας
659 3522 1005 3593 παραστῆσαι
1030 3522 1234 3593 τρόπον
1267 3522 1333 3576 ἵν’
1360 3523 1410 3575 oi
1438 3522 1725 3594 δυνάμενοι

167 3609 350 3677 ἑαυτοῖς
382 3613 861 3685 ἐπεξεργάσωνται
889 3613 957 3667 τὰ
980 3613 1123 3668 κατὰ
1144 3614 1236 3668 τὸν
1263 3615 1450 3670 τόπον.

223 3702 556 3758 Νοείσθωσαν
606 3706 785 3761 τοίνυν
830 3705 1029 3769 πάντες
1074 3707 1124 3759 οί
1173 3704 1267 3759 ἐπὶ
1307 3705 1413 3777 γῆς
1471 3707 1570 3777 μιᾷ
1624 3723 1726 3759 τινι

166 3792 401 3868 διαλέκτῳ
452 3797 573 3869 θείᾳ
630 3797 927 3869 χρώμενοι,
990 3798 1084 3851 καὶ
1135 3799 1325 3866 ὅσονγε
1374 3797 1726 3869 συμφωνοῦσι

169 3886 281 3957 πρὸς
316 3889 595 3961 ἀλλήλους,
650 3888 1024 3961 τηρείσθωσαν
1064 3892 1121 3944 ἐν
1164 3893 1231 3961 τῇ
1267 3890 1387 3961 θείᾳ
1426 3889 1722 3961 διαλέκτῳ·

170 3978 245 4032 καὶ
273 3980 510 4059 εστωσαν
534 3982 783 4053 ἀκίνητοι
816 3982 924 4036 τῶν
955 3983 1248 4049 ἀνατολῶν,
1283 3984 1341 4048 ἐς
1368 3984 1492 4038 ὅσον
1522 3985 1629 4038 sic).
1659 3986 1728 4039 τὰ

168 4068 245 4123 τοῦ
273 4073 444 4141 φωτὸς
476 4075 569 4128 καὶ
600 4072 697 4129 τοῦ
732 4074 842 4131 ἀπὸ
875 4075 1053 4144 φωτὸς
1087 4076 1261 4130 ἀϊδίου
1294 4077 1729 4148 ἀπαυγάσματος

170 4164 481 4233 ςρονοῦντες.
512 4168 622 4221 Καὶ
654 4160 821 4232 οὗτοι,
850 4168 987 4222 ἐπὰν
1012 4170 1309 4241 κινήσωσιν
1332 4170 1440 4223 ἀπὸ
1466 4170 1575 4223 τῶν
1598 4171 1726 4224 ἀνα-

168 4256 310 4311 τολῶν
344 4261 586 4325 ἑαυτοὺς,
633 4260 889 4333 ἀλλότρια
936 4262 1209 4316 ἀνατολῶν
1255 4261 1611 4334 φρονοῦντες,
1647 4262 1727 4314 εύ-

171 4352 476 4417 ρισκέτωσαν
498 4354 680 4408 πεδίον
712 4355 770 4407 ἐν
798 4355 869 4425 γῇ
899 4353 1138 4426 Σενναὰρ
1179 4355 1339 4427 (ὅπερ
1368 4353 1728 4425 ἑρμηνεύεται

171 4440 404 4498 ὀδόντων
424 4445 799 4516 ἐκτιναγμὸς,
836 4446 974 4499 κατὰ
999 4446 1268 4518 σύμϐολον
1305 4445 1400 4500 τοῦ
1433 4446 1727 4500 ἀπολλύναι

1841 1961 2063 2018 quoque
2110 1948 2169 2004 ﬁt
2195 1952 2264 2006 de
2292 1950 2381 2005 illa
2419 1951 2728 2023 linguarum
2780 1956 3106 2017 confusione
3133 1977 3296 2033 quam
3328 1981 3417 2021 sc-

1836 2049 1958 2095 cuta
1994 2050 2079 2096 est
2106 2041 2347 2112 gentium
2383 2045 2597 2101 divisio.
2652 2048 2745 2103 Sic
2778 2051 2926 2104 enim
2962 2053 3031 2107 ibi
3063 2054 3129 2110 de
3180 2055 3415 2127 Sapien-

1837 2132 1957 2187 tia:
1993 2151 2013 2185 ι
2051 2133 2177 2189 Ilaec
2210 2142 2265 2191 et
2310 2136 2363 2191 in
2413 2152 2683 2194 consensu
2738 2144 2993 2212 nequitiae
3043 2162 3166 2203 cum
3228 2160 3417 2219 gentes

1835 2223 2075 2281 confusa
2098 2224 2346 2291 fuissent,
2383 2229 2543 2283 scivit
2573 2230 2799 2299 justum,
2831 2243 2887 2291 et
2912 2242 3254 2296 conservavit
3296 2245 3416 2301 sine

1832 2318 2054 2386 querela
2078 2317 2213 2384 Deo,
2252 2328 2308 2377 et
2358 2321 2409 2375 in
2447 2322 2540 2377 lilii
2587 2326 2962 2383 misericordia
3003 2331 3202 2388 fortem
3231 2346 3413 2392 custn.

1834 2407 1971 2463 divit
1999 2408 2065 2463 ³⁸.
2096 2428 2115 2461 ι
2162 2410 2236 2467 De
2272 2414 2472 2483 quibus
2513 2414 2676 2488 longa
2714 2428 2767 2473 et
2802 2434 2997 2477 arcana
3028 2424 3197 2480 fuerit
3227 2428 3413 2497 dispu.

1832 2500 1988 2555 tatio.
2018 2499 2125 2556 Sed
2154 2517 2237 2557 me
2265 2502 2511 2560 deterret
2544 2506 2722 2561 istud:
2762 2527 2781 2560 ι
2818 2508 3232 2569 Sacramentnm
3266 2518 3413 2587 regis

1832 2591 2168 2650 abscondere
2182 2595 2382 2650 bonum
2412 2605 2495 2652 est
2512 2598 2576 2663 ",
2592 2617 2609 2650 ι
2634 2614 2699 2654 ne
2722 2600 3025 2656 doctrinam
3042 2606 3107 2659 de
3126 2607 3414 2664 animabus

1832 2698 1957 2753 qua:
2009 2685 2062 2740 in
2110 2700 2362 2757 corpora,
2403 2690 2497 2745 sed
2532 2706 2637 2745 non
2670 2708 2735 2746 ex
2781 2695 3101 2763 corporibus
3150 2698 3410 2769 migrant,

1832 2776 2077 2846 profanis
2098 2781 2323 2835 auribus
2355 2781 2693 2849 instillando,
2720 2796 2906 2840 sancta
2938 2788 3163 2843 canibus
3191 2792 3322 2845 dare
3356 2803 3410 2845 ct

1834 2870 2162 2941 margaritas
2187 2881 2314 2927 ante
2339 2888 2532 2942 porcos
2557 2878 2821 2945 projicere
2861 2878 3054 2935 videar
3077 2880 3144 2935 ³⁸.
3180 2881 3406 2952 lmpium

1831 2964 1977 3020 enim
2007 2964 2078 3020 sit
2106 2966 2340 3035 prodere
2378 2982 2579 3023 arcana
2622 2970 2820 3025 divinae
2871 2973 3175 3043 sapientiae,
3208 2977 3274 3033 de
3300 2992 3407 3050 qua

1831 3057 2058 3126 pulchre
2092 3059 2353 3127 scriptum
2386 3068 2510 3116 est:
2547 3079 2565 3112 ι
2594 3061 2650 3116 In
2677 3062 2998 3119 malevolam
3027 3067 3265 3123 animam
3300 3083 3406 3125 neu

1833 3150 2080 3207 introibit
2111 3150 2399 3222 sapientia,
2426 3168 2524 3209 nec
2558 3155 2826 3211 habitabit
2851 3157 2903 3210 in
2937 3172 3169 3230 corpore
3193 3162 3410 3217 subdito

1833 3246 2070 3314 peccatis
2106 3246 2171 3299 ³⁸.
2204 3266 2222 3299 ι
2263 3244 2409 3301 Satis
2440 3261 2570 3317 ergo
2613 3246 2776 3303 fuerit
2821 3249 3086 3306 historico
3125 3267 3276 3308 more
3309 3270 3406 3309 ex-

1780 3368 1789 3373 ~
1834 3337 2021 3393 hibere
2060 3352 2181 3407 qure
2220 3339 2434 3393 occulte
2462 3342 2615 3408 quasi
2646 3340 2873 3397 historia
2908 3345 3106 3399 tradita
3148 3354 3301 3410 sunt,
3351 3354 3411 3400 ut

1833 3430 1923 3501 qui
1957 3441 2204 3499 possunt,
2238 3432 2339 3486 sibi
2391 3432 2491 3500 ipsi
2542 3432 2640 3486 loci
2693 3433 2851 3502 hujus
2887 3436 3222 3491 intellectum
3257 3454 3406 3508 quic-

1834 3533 1975 3577 rant.

1906 3703 1995 3758 30.
2032 3702 2123 3758 Sic
2146 3703 2314 3770 igitur
2341 3703 2688 3774 intelligenda
2719 3719 2807 3758 res
2836 3713 2917 3759 est
2956 3724 2968 3759 :
3005 3706 3104 3771 Qui
3133 3721 3326 3762 omnes
3356 3708 3409 3761 in

1838 3803 1981 3848 terra
2008 3796 2301 3849 utebantur
2326 3809 2429 3871 una
2460 3795 2695 3864 quadam
2741 3794 2923 3849 divina
2973 3797 3186 3866 lingua,
3238 3798 3290 3851 in
3317 3796 3409 3850 illa

1836 3886 2035 3940 utenda
2068 3886 2381 3956 perstitere,
2415 3887 2656 3955 quandiu
2695 3886 2837 3941 inter
2869 3901 2929 3941 se
2972 3896 3409 3955 consenserunt;

1837 3994 1936 4035 nec
1964 3994 2023 4035 se
2057 3978 2335 4034 dimovent
2365 3979 2433 4034 ab
2465 3980 2687 4035 Oriente
2712 4019 2729 4045 ,
2772 3981 2942 4036 donec
2998 3980 3103 4036 illis
3147 3981 3327 4035 lumen
3358 3993 3413 4034 et

1835 4069 2060 4123 luminis
2088 4070 2280 4123 a‘terni
2316 4068 2574 4138 splendor
2596 4070 2761 4139 sapit.
2790 4071 2951 4125 Iidem
2988 4071 3066 4124 illi
3090 4062 3157 4125 ab
3189 4072 3412 4126 Oriente

1838 4162 2123 4227 recedunt,
2175 4162 2341 4232 600
2391 4177 2514 4216 cum
2547 4178 2633 4217 res
2686 4164 2792 4218 illis
2842 4165 2911 4219 ab
2945 4164 3167 4218 Oriente
3218 4166 3411 4219 aliena:

1836 4253 2091 4324 placent;
2136 4263 2363 4322 tumque
2390 4268 2643 4321 campum
2678 4254 2957 4308 inveniunt
3002 4256 3052 4309 in
3094 4265 3238 4309 terra
3275 4256 3413 4311 Sen-

1836 4361 1970 4402 naar
1998 4348 2142 4416 (quae
2165 4362 2268 4399 vox
2297 4347 2437 4400 idem
2462 4355 2619 4400 sonat
2638 4362 2701 4399 ac
2730 4348 2966 4401 dentium
2989 4353 3251 4411 excussio,
3276 4364 3416 4418 qna-

1836 4454 1943 4509 que
1971 4439 2314 4508 signiﬁcatur
2344 4452 2437 4493 eos
2480 4440 2735 4495 amisisse
2786 4457 2848 4495 ea
2910 4442 3108 4510 quibus
3147 4441 3410 4513 aluntur).

172 4533 344 4601 αὐτοὺς
382 4538 448 4590 τὰ
499 4538 567 4592 δι’
616 4533 693 4592 ὧν
749 4537 1099 4609 τρέφονται),
1162 4540 1256 4592 καὶ
1305 4538 1729 4593 κατοικείτωσαν

1842 4532 2019 4604 ibique
2046 4531 2319 4586 habitant.
2356 4530 2491 4586 Cum
2521 4540 2704 4585 autem
2738 4531 2995 4603 colligere
3028 4534 3288 4588 materias
3308 4548 3413 4586 vo—

172 4626 287 4681 ἐκεῖ.
338 4627 464 4685 Εἶτα
504 4632 573 4686 τὰ
617 4631 720 4702 τῆς
768 4630 901 4703 ὕλης
948 4635 1272 4700 συναγαγεῖν
1317 4631 1581 4695 θέλοντες,
1632 4632 1726 4684 καὶ

175 4718 342 4776 κολλᾶν
371 4723 436 4777 τὰ
476 4724 552 4797 μὴ
600 4724 883 4795 πεφυκότα
916 4724 1206 4778 κολλᾶσθαι
1234 4724 1469 4796 οὐρανῷ,
1512 4726 1601 4778 ἵνα
1639 4723 1728 4778 διὰ

174 4810 266 4864 τῶν
293 4814 479 4871 ύλικῶν
520 4815 955 4871 ἐπιϐουλεύσωσι
992 4820 1104 4881 τοῖς
1137 4816 1341 4882 ἀΰλοις,
1389 4817 1723 4887 λεγέτωσανο

180 4920 196 4951 ι
229 4905 391 4972 Δεῦτε,
422 4908 835 4981 πλινθεύσωμεν
862 4908 1134 4974 πλίνθους,
1166 4909 1261 4963 καὶ
1283 4911 1612 4983 ὀπτήσωμεν
1639 4910 1732 4963 αύ-

176 4991 259 5056 τὲις
283 4996 383 5068 (15)
416 4999 567 5072 πυρί.
606 5018 625 5050 ι
672 4999 759 5062 Ὠς
782 4992 875 5052 οὖν
908 4998 1267 5069 κρατύνοντες
1299 5001 1391 5053 κει)⁵
1425 4997 1732 5072 πηγνύντες

177 5083 237 5137 τὰ
278 5088 459 5160 πήλινα
490 5094 585 5145 καὶ
633 5091 816 5156 ὑλικὰ,
851 5091 944 5144 καὶ
977 5091 1075 5164 τὴν
1113 5091 1330 5146 πλίνθον
1377 5092 1523 5146 λίθον
1559 5094 1732 5145 ποιεῖν

238 5201 279 5275 'f
308 5202 433 5261 Gen.
468 5224 548 5273 χι,
598 5208 651 5275 1,
683 5208 741 5264 2.

182 5269 221 5301 ⁸⁸
244 5271 359 5330 Gen.
389 5294 464 5340 XI,
486 5269 540 5333 5.

183 5365 325 5500 Θεὲξ)
376 5370 672 5427 Philocalia
736 5379 857 5441 post
918 5385 1145 5437 vocem,
1201 5370 1440 5444 Κύριος,
1501 5370 1652 5425 addit
1698 5371 1728 5421 ὁ

249 5508 311 5584 (9)
346 5508 653 5584 Philocalia,
685 5511 1002 5584 συγχέωμεν
1033 5511 1319 5577 αύτῶντάς
1348 5512 1620 5582 γλώσσας,
1638 5510 1727 5564 ἵνα

189 5574 255 5644 μὴ
280 5578 549 5637 ἀκούωσιν.

250 5647 350 5725 (10)-
382 5652 717 5725 llmsrhelius
764 5662 818 5707 et
870 5652 1428 5725 Spencerus,ab=oii,
1471 5650 1727 5725 Philocm-

189 5711 267 5791 ϋηλᾴ
302 5711 476 5791 αὐτῆς.
512 5725 677 5777 Paulo
712 5733 835 5791 post
874 5711 1059 5780 eadem
1102 5711 1429 5788 Philocalia,
1475 5721 1728 5776 κάκεῖθεν

186 5781 475 5910 ξξπειρέν.
516 5781 860 5851 ιιωεειιέιὶυε
901 5804 956 5851 et
1006 5796 1344 5869 Spencerus,
1392 5781 1554 5848 κάκεῖ
1616 5791 1728 5844 διέ-

227 5874 396 5910 ιἹοεν.

227 5874 396 5933 πειρεν.

836 5206 879 5240 ⁸⁸
922 5207 1093 5275 lbid.,
1139 5207 1260 5263 5-9.

474 5961 748 6022 Pnaoc.
786 5956 902 6021 Gn.
942 5960 1055 6023 XI.

1364 5208 1408 5239 ’°
1458 5208 1584 5277 Sap.
1630 5221 1683 5271 x,
1736 5204 1790 5258 5.

1834 4626 1972 4692 lunt,
2004 4637 2060 4681 et
2081 4626 2223 4682 caalo
2246 4640 2333 4681 res
2357 4625 2692 4697 conjungere
2721 4640 2840 4696 qua:
2871 4624 3124 4697 conjungi
3154 4642 3261 4681 non
3285 4636 3414 4683 sunt

1838 4716 2069 4781 idoneze,
2096 4724 2155 4770 ut
2180 4726 2277 4784 per
2302 4728 2388 4769 res
2410 4716 2640 4770 materia
2664 4722 2950 4769 concretas
2972 4715 3040 4768 ad
3074 4730 3161 4771 res
3183 4720 3414 4772 materia

1843 4808 2051 4864 solutas
2078 4805 2335 4861 affectent
2359 4806 2539 4869 viam;
2577 4814 2689 4859 tum
2725 4804 2911 4858 dicunt
2942 4822 2954 4857 :
2991 4821 3009 4856 ι
3044 4804 3240 4861 Venite
3263 4846 3278 4872 ,
3326 4806 3412 4861 fa-

1840 4900 2049 4956 ciamus
2070 4897 2273 4953 lateres
2304 4907 2361 4952 et
2389 4910 2687 4965 coqnamus
2710 4909 2803 4950 eos
2832 4895 2952 4964 igne
2970 4896 3037 4950 "°.
3081 4914 3099 4949 ι
3136 4895 3245 4953 Sed
3276 4908 3421 4968 post-

1840 5006 2041 5064 quam,
2091 4990 2320 5045 ﬁrmatis
2347 4987 2751 5057 compactisque
2785 4987 2894 5041 luto
2925 4998 2977 5042 et
3026 4990 3267 5045 materiis
3290 5031 3306 5055 ,
3350 5009 3416 5048 ex

1843 5082 2111 5142 lateribus
2134 5079 2342 5149 lapides
2372 5085 2428 5133 et
2452 5091 2519 5132 ex
2549 5076 2663 5131 luto
2692 5076 2935 5131 bitumen
2977 5076 3201 5133 efﬁcere
3230 5092 3417 5135 tenta-

1896 5203 1940 5236 ³⁷
1971 5198 2106 5256 Tob.
2133 5212 2231 5263 xu,
2262 5195 2312 5247 7.
2422 5192 2467 5225 ⁸⁸
2519 5192 2708 5247 Matth.
2754 5208 2850 5257 vn,
2886 5190 2939 5245 6.
3038 5193 3082 5227 ³ο
3112 5195 3237 5267 sap,
3284 5212 3322 5261 ι,
3356 5197 3416 5253 Α,

1916 5360 2209 5436 (mneo!
2252 5355 2491 5428 ψυχῶν.
2538 5358 2672 5413 Vide
2714 5357 3092 5413 adnutatioues
3136 5360 3201 5414 ad
3240 5362 3333 5415 lib.
3370 5382 3415 5426 I,

1836 5432 1989 5493 num.
2017 5435 2108 5494 '52.
2136 5432 2224 5487 53.

1908 5506 2020 5573 (12)
2076 5503 2243 5556 Recte
2292 5498 2629 5573 Dhjlocalia,
2677 5497 3033 5573 ἐνδυομένων.
3071 5499 3416 5573 lim-'chclins

1833 5587 1890 5632 et
1916 5567 2260 5644 ’Sp'encerus,
2294 5569 2657 5644 ἐνδψμένων.
2695 5571 2812 5623 Mox
2840 5567 3130 5644 PhilomL,
3167 5571 3239 5644 τὰ
3286 5570 3416 5638 ἄγω

1834 5641 2072 5701 διδῶται.
2122 5641 2467 5696 lloeschclius
2511 5651 2566 5695 et
2625 5642 2972 5711 Spenccrus,
3026 5641 3093 5693 τὰ
3151 5642 3281 5710 am
3336 5645 3412 5695 6v.-

1837 5719 2310 5858 δωῖίῗῖίὴῑιοοη
2360 5781 2563 5849 αὑτάς,
2623 5781 2896 5840 llmschel.
2946 5795 2997 5839 ct
3049 5784 3268 5853 Spenc.,
3320 5780 3416 5833 αὺς

1839 5858 1984 5923 τούς.

3060 5947 3138 6004 39
