3926 6526
203 390 342 447 1237

1399 389 1679 448 CONTRA
1719 392 1991 452 CELSUM
2030 389 2160 449 LIB.
2202 389 2266 446 γ.

3311 391 3450 445 ηδε

195 511 286 565 let
336 508 413 581 τῷ
463 509 602 581 Θεῷ,
657 509 782 563 ἔνθα
816 510 908 564 καὶ
954 505 1259 583 δοκεῖπερὶ
1311 508 1446 579 βοῶν
1493 510 1524 580 ἢ
1571 510 1777 578 ἀλόγων

1885 509 2156 565 velamine
2184 506 2460 562 naturales
2487 504 2731 575 quaedam
2766 505 3027 561 veritates
3070 507 3453 578 investiganda:

195 601 358 666 ζώων
386 601 723 672 νομοθετεῖνο
770 601 905 655 ἀλλὰ
932 601 1000 654 τά
1044 600 1111 652 δι’
1148 599 1464 673 ἀνθρώπους
1504 601 1780 673 γραφέντα

195 698 259 749 ὲν
305 696 648 767 προσχήματι
700 694 778 765 τῷ
825 695 952 764 περὶ
991 693 1200 762 ἀλόγων
1235 693 1388 758 ζώων
1435 693 1777 763 φυσιολογίαν

193 787 324 841 τινὰ
370 787 630 858 περιέχει.
667 786 873 850 Κέλσος
927 785 1023 856 μὲν
1069 781 1163 838 οῦν
1216 785 1369 838 οὐδὲν
1419 784 1601 838 ἄδικόν
1647 801 1778 855 φησι

198 879 374 930 ποιεῖν
402 877 652 938 ἕκαστον,
695 875 764 929 τὰ
801 875 1035 946 σφέτερα
1066 875 1272 945 νόμιμα
1306 873 1625 946 θρησκεύειν
1665 873 1780 926 ἐθέ-

194 969 393 1023 λοντα·
430 968 523 1022 καὶ
553 967 833 1022 ἀκολουθεί
858 969 976 1021 κατ’
1007 967 1167 1020 αὑτὸν
1199 966 1362 1038 μηδὲν
1394 965 1576 1021 ἄδικον
1611 969 1782 1018 ποιεῖν

195 1059 435 1123 Σκύθας,
466 1060 588 1114 ἐπεὶ
613 1058 755 1113 κατὰ
784 1059 851 1113 τὰ
878 1059 1082 1132 πάτρια
1119 1059 1393 1111 δαίνυνται
1427 1056 1777 1129 ἀνθρώπουςο

193 1151 294 1205 καὶ
330 1151 510 1205 Ἰνδῶν
555 1151 612 1204 δὲ
653 1150 702 1202 οἱ
746 1151 871 1214 τοὺς
904 1149 1146 1220 πατέρας
1189 1148 1456 1212 ἐσθίοντες
1489 1151 1610 1202 ὅσια
1645 1150 1781 1222 δρᾷν

190 1241 476 1312 νομίζουσι
502 1243 598 1296 καὶ
627 1241 738 1312 (45)
767 1241 908 1294 κατὰ
937 1242 1026 1294 τόν
1058 1241 1282 1305 Κέλσον,
1313 1242 1346 1312 ἢ
1380 1243 1480 1294 οὐκ
1511 1242 1670 1296 ἄδικά
1694 1259 1776 1311 γε.

203 1331 515 1386 Ἐπιτίθεται
564 1333 696 1402 γοῦν
764 1333 1046 1408 Ἡροδότου
1112 1333 1255 1398 λέξιν
1311 1335 1774 1408 συναγορεύουσαν

187 1421 270 1494 τῷ
299 1421 533 1477 ἕκαστον
572 1425 684 1487 τοῖς
733 1424 982 1496 πατρίοις
1017 1423 1202 1494 νόμοις
1243 1424 1591 1496 καθηκόντως
1640 1424 1778 1496 χρῆ-

191 1514 354 1568 σθαιο
387 1515 480 1569 καὶ
506 1514 685 1568 ἔοικεν
707 1514 1085 1587 ἀποδεχομένῳ
1110 1515 1233 1579 τοὺς
1264 1516 1356 1570 ἐπὶ
1380 1516 1602 1589 Δαρείου
1632 1517 1776 1570 Καλ-

186 1605 384 1670 λατίας
428 1604 796 1676 καλουμένους
832 1606 1045 1671 Ἰνδοὺς,
1077 1609 1203 1672 τοὺς
1249 1610 1426 1677 γονεῖς
1469 1606 1776 1660 κατεσθίον-

1886 611 2294 672 proponuntur.
2332 600 2422 653 Ait
2455 601 2621 671 igitur
2647 600 2834 655 Celsus
2884 599 3016 654 nihil
3067 600 3325 668 injustum
3376 601 3453 654 fa-

1885 709 2030 760 cere,
2069 695 2162 764 qui
2197 694 2448 763 proprios
2481 709 2609 748 suos
2657 694 2792 749 ritus
2829 697 3079 748 observat
3110 711 3125 750 :
3155 694 3293 750 unde
3322 709 3446 752 con-

1886 800 2123 853 sequens
2158 796 2240 840 est
2271 785 2498 852 injustos
2523 801 2626 840 non
2663 801 2784 841 esse
2821 787 3073 857 Scythas,
3103 801 3224 841 cum
3258 800 3323 842 ex
3357 803 3451 858 pa-

1886 875 2004 931 triis
2036 875 2299 930 institutis
2331 877 2579 931 homines
2602 877 2900 944 devorant;
2933 886 2988 931 ct
3009 877 3166 933 Indos
3193 876 3334 941 illos,
3360 879 3448 948 qui

1883 970 2100 1041 pietatis
2140 985 2264 1026 esse
2311 979 2504 1039 putant
2539 979 2792 1040 parentes
2833 971 3146 1034 comedere,
3183 979 3329 1025 recte
3373 969 3452 1024 fa-

1883 1073 2026 1122 cere,
2062 1069 2153 1112 aut
2185 1058 2377 1113 saltem
2427 1074 2529 1111 non
2580 1058 2794 1128 injuste.
2841 1057 3144 1126 thnidem
3192 1057 3448 1113 llerodmi

1885 1149 2252 1204 testimonium
2287 1149 2472 1214 aﬂ'crt,
2517 1151 2660 1218 quod
2707 1149 2835 1202 huic
2882 1150 3121 1217 opinioni
3158 1149 3320 1214 favet,
3354 1151 3450 1203 dc-

1884 1241 2014 1296 bere
2045 1256 2318 1310 quemque
2360 1243 2552 1308 patriis
2588 1242 2794 1312 legibus
2836 1243 3098 1312 obsequi;
3151 1251 3203 1296 cl
3234 1244 3448 1310 probari

1886 1333 1986 1400 ipsi
2022 1333 2277 1386 videntur
2302 1333 2412 1386 ludi
2440 1333 2512 1388 illi
2541 1333 2779 1388 Callatire
2811 1336 2900 1403 qui
2934 1351 3060 1390 suos
3083 1346 3332 1403 parentes
3359 1337 3454 1389 de-

1881 1433 2103 1490 vorant,
2129 1425 2332 1493 quique
2357 1427 2530 1496 rogati
2566 1443 2591 1480 a
2620 1427 2779 1480 Dario
2805 1442 2906 1495 qua
2936 1429 3183 1482 mercede
3207 1427 3345 1480 hanc
3372 1427 3452 1481 le-

1882 1530 1998 1588 gem
2032 1517 2383 1586 abrogarent,
2412 1519 2622 1590 magnis
2643 1519 2975 1574 (iamoribus
3003 1521 3280 1591 jusserunt
3310 1520 3447 1575 bona

1880 1608 2044 1664 verba
2075 1610 2274 1665 dicere.

186 1720 290 1766 τας
315 1719 328 1732 °
360 1702 482 1755 ἐπεὶ
514 1700 650 1774 πρὸς
679 1703 770 1756 τόν
800 1705 1023 1775 Δαρεῖον
1053 1703 1451 1776 πυνθανόμενον
1486 1704 1580 1757 ἐπὶ
1606 1703 1757 1776 πόσῳ
1781 1706 2022 1778 χρήματι
2055 1705 2352 1760 ἀποθέσθαι
2383 1706 2569 1760 τοῦτον
2589 1707 2679 1762 τὸν
2705 1707 2864 1780 νόμον
2894 1705 3189 1779 βούλονται,
3224 1705 3453 1777 ἀναϐοή-

189 1815 393 1862 σαντες
422 1798 586 1870 μέγα,
617 1799 884 1871 εὐφημεῖν
914 1799 1075 1854 αὑτὸν
1103 1801 1368 1855 ἐκέλευον.

259 1892 372 1946 Δύο
415 1893 592 1948 τοίνυν
637 1895 816 1966 νόμων
849 1897 1220 1970 προκειμένων
1266 1896 1517 1965 γενικῶς,
1554 1897 1648 1952 καλ⁴
1677 1895 1770 1950 τοῦ

1947 1892 2036 1947 37.
2064 1892 2248 1962 Itaque
2295 1906 2416 1947 cum
2448 1895 2565 1949 dua:
2587 1894 2883 1964 generatim
2916 1894 3022 1950 sint
3057 1894 3222 1968 leges,
3245 1906 3451 1954 natura:

189 1987 297 2058 μὲν
325 1987 477 2052 ὄντος
503 1989 596 2059 τῆς
628 1986 839 2058 φύσεως
873 1989 1059 2060 νόμου,
1081 1991 1138 2044 ὃν
1164 1990 1293 2054 Θεὸς
1313 1991 1378 2045 ἂν
1398 1993 1774 2064 νομοθετῆσαι,

186 2079 384 2151 ἑτέρου
413 2079 468 2133 δὲ
497 2081 600 2161 τοῦι
621 2083 742 2144 ταῖς
765 2081 954 2134 πόλεσι
983 2082 1256 2154 γραπτοῦ·
1291 2085 1474 2148 καλὸν,
1517 2085 1649 2138 ὅπου
1679 2085 1776 2158 μὲν

189 2172 268 2244 μὴ
319 2172 653 2226 ἐναντιοῦται
703 2174 732 2226 ὁ
763 2173 1007 2245 γραπτδς
1031 2174 1230 2245 νόμους
1257 2174 1334 2247 τῷ
1361 2175 1454 2230 τοῦ
1495 2177 1651 2242 Θεοῦ,
1703 2177 1778 2251 μὴ

185 2263 375 2316 λιπεῖν
421 2261 532 2332 (46)
585 2263 711 2326 τοὺς
747 2263 971 2330 πολίτας
1025 2266 1294 2337 προφάσει
1344 2267 1512 2332 ξένων
1558 2269 1772 2339 νόμων·

187 2351 328 2405 ἔνθα
358 2352 415 2404 δὲ
454 2353 524 2406 τὰ
564 2352 779 2406 ἐναντία
806 2353 886 2425 τῷ
914 2355 1146 2427 γραπτῷ
1191 2357 1339 2429 νόμῳ
1387 2359 1719 2430 προστάσσει
1748 2361 1776 2413 ό

185 2443 294 2512 τῆς
328 2443 562 2513 φύσεως,
608 2444 856 2498 τουτέστι
895 2446 991 2500 τοῦ
1029 2447 1187 2510 Θεοῦ,
1225 2449 1328 2520 ὅρα
1361 2451 1409 2502 εί
1461 2450 1533 2522 μὴ
1567 2453 1595 2504 ό
1622 2451 1776 2521 λόγος

188 2538 316 2607 ἐρεῖ
345 2536 479 2607 (47),
517 2537 735 2610 μακρὰν
767 2539 863 2607 μὲν
889 2540 1100 2612 χαίρειν
1130 2543 1306 2596 εἰπεῖν
1326 2547 1436 2608 τοῖς
1467 2545 1775 2615 γεγραμμέ-

185 2647 309 2693 νοις
362 2631 460 2684 καὶ
506 2631 583 2703 τῷ
618 2633 919 2704 βουλήματι
963 2634 1072 2688 τῶν
1104 2633 1434 2706 νομοθετῶν,
1485 2636 1775 2690 ἐπιδιδόναι

184 2720 243 2772 δὲ
266 2721 438 2775 αὑτὸν
469 2721 545 2794 τῷ
579 2723 698 2796 Θεῷ
725 2725 1007 2799 νομοθέτῃ,
1039 2727 1132 2781 καὶ
1159 2726 1297 2780 κατὰ
1335 2727 1427 2782 τὸν
1456 2727 1644 2782 τούτου
1689 2729 1776 2782 λό-

187 2825 289 2876 γον
322 2810 592 2882 αίρείσθαι
625 2813 792 2883 βιοῦν,
827 2816 929 2869 κᾶν
962 2815 1098 2886 μετὰ
1130 2815 1408 2883 κινδύνων,
1435 2819 1528 2871 καὶ
1569 2820 1774 2890 μορίοιν

189 2899 402 2965 πόνων,
457 2901 552 2955 κα).
601 2901 866 2969 θανάτων,
899 2906 992 2958 καὶ
1021 2905 1237 2970 ἀδοξίας
1268 2907 1424 2961 τοῦτο
1458 2909 1550 2980 δέῃ
1581 2914 1772 2964 ποιάν.

191 2991 308 3044 Καὶ
349 2991 460 3063 γὰρ
504 2992 723 3060 ἀτοπον,
771 2995 879 3049 τῶν
927 2997 1270 3068 ἀρεσκόντων
1303 2999 1380 3070 τῷ
1411 3000 1530 3072 Θεῷ
1570 3001 1775 3074 ἑτέρων

188 3083 367 3136 ὀντων
393 3083 547 3154 παρὰ
572 3084 638 3138 τά
665 3085 966 3157 ἀρέσκοντά
983 3105 1093 3142 τισι
1119 3090 1226 3144 τῶν
1251 3091 1308 3144 ἐν
1335 3093 1455 3154 ταῖς
1476 3092 1660 3146 πόλεσι
1690 3094 1776 3148 νό-

189 3191 341 3245 μων,
387 3175 481 3228 καὶ
511 3177 792 3247 ἀμηχάνου
837 3180 1194 3250 τυγχάνοντος
1226 3182 1483 3254 ἀρέσκειν
1515 3185 1637 3257 Θεῷ
1681 3187 1775 3240 καὶ

1879 1987 2050 2041 altera
2099 1986 2257 2056 cujus
2315 1986 2457 2041 Deus
2514 1998 2731 2051 auctor,
2764 1988 2933 2043 altera
2975 1990 3195 2044 urbibus
3249 1993 3452 2059 scripto

1879 2078 2041 2143 data;
2072 2078 2162 2131 ubi
2194 2079 2392 2148 scripta
2429 2080 2626 2133 divinae
2657 2096 2762 2134 non
2794 2082 3132 2146 adversatur,
3166 2082 3310 2137 illam
3357 2085 3452 2139 de-

1879 2177 1966 2223 cet
1997 2183 2025 2221 a
2056 2168 2266 2224 civibus
2289 2170 2659 2235 observari,et
2694 2169 2904 2239 legibus
2930 2171 3132 2226 exteris
3155 2174 3448 2242 anteponi;

1878 2262 1973 2316 sed
2012 2263 2099 2316 ubi
2140 2261 2362 2330 scriptae
2410 2260 2512 2332 legi
2548 2261 2627 2316 lex
2664 2273 2891 2329 naturae,
2924 2263 3024 2317 hoc
3047 2274 3130 2320 est
3175 2265 3291 2336 Dei,
3323 2281 3451 2322 cou-

1881 2353 2045 2408 traria
2079 2353 2345 2424 praecipit,
2380 2351 2503 2408 vide
2535 2367 2716 2409 annon
2765 2354 2907 2410 ratio
2935 2355 3085 2422 velit,
3126 2365 3186 2411 ut
3224 2358 3450 2428 scriptis

1877 2443 2089 2513 legibus
2128 2445 2308 2499 valere
2338 2443 2530 2513 jussis,
2563 2447 3233 2517 spretaquelegislatorum
3261 2450 3452 2505 volun-

1881 2544 2004 2597 tate,
2042 2533 2140 2588 soli
2173 2535 2284 2611 Deo
2311 2533 2608 2605 legislatori
2643 2545 2925 2605 pareatur,
2960 2546 3014 2590 et
3061 2553 3125 2592 cx
3158 2540 3274 2609 ejus
3314 2555 3454 2611 prte-

1877 2627 2084 2695 seripto
2117 2627 2226 2680 vita
2260 2608 2642 2696 componatur,
2668 2629 2878 2682 etiamsi
2909 2629 2962 2684 id
2994 2608 3277 2687 facientem
3308 2608 3453 2703 peri-

1877 2718 2020 2784 cula,
2057 2717 2267 2774 labores
2301 2719 2594 2784 innumeri,
2625 2735 2790 2789 mors,
2822 2720 3118 2792 ignominia
3148 2738 3450 2780 manerent.

1876 2807 2009 2864 Cum
2039 2810 2178 2863 enim
2204 2825 2288 2874 ea,
2325 2825 2444 2880 qua:
2478 2809 2586 2864 Deo
2610 2811 2842 2879 placent,
2896 2828 3038 2883 saepe
3074 2814 3287 2870 diversa
3341 2816 3453 2871 sint

1878 2911 1906 2951 a
1932 2898 2261 2968 quibusdam
2309 2900 2522 2970 legibus
2552 2916 2652 2972 pro
2683 2903 2942 2960 societate
2984 2905 3148 2977 606
3184 2907 3451 2963 constitu-

1880 2989 1970 3054 tis,
1999 2999 2055 3045 et
2095 2989 2432 3062 impossibile
2468 2992 2536 3047 sit
2571 2992 2680 3047 Deo
2709 2994 2870 3048 simul
2903 3005 2959 3050 et
2984 2997 3339 3065 quarumdam
3374 2999 3451 3054 le-

1879 3099 2001 3151 gum
2049 3083 2314 3138 latoribus
2348 3083 2604 3154 placere;
2643 3087 2942 3142 absurdum
2996 3088 3159 3144 fuerit
3207 3091 3450 3148 actiones

1881 3175 1998 3228 illas
2027 3186 2385 3232 contemnere
2430 3179 2627 3248 quibus
2679 3195 2860 3235 rerum
2897 3182 3137 3236 omnium
3171 3182 3449 3240 Conditori

189 3269 309 3328 τοῖς
339 3266 701 3338 πρεσϐεύουσι
739 3270 865 3334 τοὺς
897 3271 1136 3326 τοιούσδε
1165 3272 1380 3343 νόμους,
1413 3278 1769 3348 καταφρονεῖν

1883 3266 2073 3334 placcri
2109 3278 2311 3337 potest;
2345 3270 2467 3324 illas
2497 3279 2674 3325 autem
2693 3271 2910 3341 eligere,
2933 3273 3153 3354 quibus,
3185 3275 3450 3346 placenda

191 3357 298 3426 μὲν
342 3358 615 3430 πράξεων,
666 3360 732 3413 δι’
763 3354 838 3417 ὧν
870 3363 1055 3435 ἀρέσει
1092 3381 1176 3428 τις
1229 3364 1308 3436 τῷ
1339 3365 1447 3418 τῶν
1493 3367 1628 3421 ὅλων
1672 3369 1776 3439 Δη-

192 3449 468 3520 μιουργῷ,
497 3450 772 3522 αἱρεῖσθαι
798 3452 854 3505 δὲ
882 3454 1114 3519 ὲκείνας,
1147 3454 1206 3519 ἐξ
1227 3449 1302 3510 ὦν
1331 3457 1642 3528 ἀπάρεστος
1679 3457 1778 3529 μέν

187 3561 277 3608 τις
308 3542 462 3597 ἔσται
492 3545 569 3616 τῷ
601 3545 740 3616 Θεῷ,
777 3547 1006 3619 ἀρεστὸς
1038 3549 1094 3602 δὲ
1133 3551 1246 3614 τοῖς
1274 3550 1494 3622 ἀνόμοις
1543 3550 1653 3622 (48)
1693 3551 1778 3605 νό-

193 3655 322 3708 μοις
376 3639 470 3690 καὶ
510 3641 624 3703 τοῖς
674 3639 880 3694 τούτων
913 3641 1105 3711 φίλοις.
1147 3642 1318 3714 Εἴπερ
1345 3644 1400 3696 δὲ
1434 3643 1657 3713 εῦλογον
1686 3645 1778 3698 ἐπὶ

188 3729 304 3782 τῶν
339 3729 535 3794 ἄλλων,
585 3731 676 3783 τὸν
723 3732 822 3803 τῆς
863 3732 1076 3810 φύσεως
1106 3737 1380 3805 προτιμᾷν
1420 3735 1603 3805 νόμον,
1650 3736 1779 3791 ὄντα

189 3823 360 3893 νόμον
393 3821 486 3875 τοῦ
511 3822 667 3888 Θεοῦ,
699 3824 850 3896 παρὰ
878 3825 967 3878 τὸν
995 3827 1379 3896 γεγραμμένον
1404 3827 1496 3880 καὶ
1528 3828 1632 3882 ὑπὸ
1669 3828 1778 3883 τῶν

191 3915 504 3986 ἀνθρώπων
538 3916 795 3980 ἐναντίως
841 3917 916 3988 τῷ
944 3917 1093 3988 νόμῳ
1125 3917 1220 3971 τοῦ
1264 3919 1399 3973 Θεοῦ
1429 3921 1779 3992 νενομοθετη-

195 4005 361 4076 μένον
389 4005 498 4075 (49)
520 4023 532 4035 ⁸
577 4005 695 4069 πῶς
718 4007 838 4077 οὐχὶ
860 4007 1016 4060 τοῦτο
1054 4008 1250 4078 μᾶλλον
1282 4009 1339 4062 ὲν
1367 4011 1478 4073 τοῖς
1503 4012 1629 4082 περὶ
1645 4012 1798 4065 Θεοῦ

187 4097 384 4168 νόμοις
418 4097 696 4169 ποιητέον;
733 4099 827 4151 καὶ
877 4098 1000 4150 οὔτε
1040 4099 1116 4162 ὡς
1142 4099 1414 4164 Αἰθίοπες,
1456 4105 1504 4156 οἱ
1541 4102 1608 4155 τὰ
1652 4103 1780 4174 περὶ

190 4189 294 4258 τὴν
319 4188 541 4260 Μερόην
564 4189 857 4254 οἰκοῦντες,
882 4190 980 4243 Δία
1013 4191 1104 4244 καὶ
1129 4192 1380 4246 Διόνυσον
1415 4193 1511 4264 (ὡς
1555 4195 1780 4259 ἐκείνοις

193 4281 467 4352 ἀρέσκει),
499 4282 691 4352 μόνους
721 4284 1196 4354 προσκυνήσομεν·
1237 4285 1352 4338 ἀλλ’
1385 4286 1494 4338 οὐδ’
1530 4287 1665 4352 ὅλως
1688 4289 1780 4342 Αί-

188 4374 481 4435 θιοπικοῦς
521 4371 674 4435 θεοὺς
719 4371 1056 4438 Αίθιοπικῶς
1092 4375 1424 4446 τιμήσομεν·
1464 4373 1598 4440 οὗθ’,
1628 4375 1702 4440 ὡς
1733 4379 1788 4431 οἶ·

206 4462 262 4515 Ἀ
274 4462 474 4533 ράϐιοι,
498 4463 596 4534 τὴν
617 4461 886 4533 Οὐρανίαν
918 4463 1009 4516 καὶ
1035 4463 1125 4516 τὸν
1149 4464 1400 4518 Διόνυσον
1424 4464 1616 4535 μόνους
1645 4467 1780 4536 ήγη-

195 4554 407 4624 σόμεθα
443 4553 596 4618 θεούς
620 4571 633 4585 ο
679 4555 793 4608 ἀλλ’
837 4555 945 4608 οὐδ’
975 4555 1109 4619 ὅλως
1144 4555 1319 4619 θεοὺς,
1353 4555 1411 4608 ἐν
1440 4552 1520 4619 οἷς
1551 4555 1611 4608 τὸ
1643 4556 1775 4627 θῆλυ

195 4647 291 4699 καὶ
327 4647 388 4700 τὸ
435 4645 601 4717 ἄρρεν
641 4645 950 4712 δεδόξασται
985 4644 1080 4714 (ὡς
1129 4646 1345 4718 θήλειαν
1386 4646 1494 4718 γὰρ
1535 4647 1776 4717 Ἀράϐιοι

193 4742 294 4811 τὴν
323 4741 593 4810 Οὐρανίαν
615 4741 998 4811 προσκυνοῦσι,
1027 4741 1122 4794 καὶ
1149 4741 1222 4804 ὡς
1249 4741 1454 4813 ἄρρενα
1481 4741 1572 4794 τὸν
1596 4742 1776 4794 Διόνυ-

195 4835 308 4901 σον)
331 4849 344 4862 ’
378 4831 494 4885 ἀλλ’
523 4833 656 4896 οὐδ’,
690 4834 764 4896 ὡς
791 4833 992 4896 πάντες
1028 4831 1337 4902 Αἰγύπτιοι,
1368 4831 1522 4899 θεοὺς
1559 4835 1776 4904 νομίσο-

198 4944 298 4996 μεν
329 4927 542 4995 Ὄσιριν
567 4925 660 4978 καὶ
692 4926 827 4979 Ἶσιν
846 4943 858 4955 θ
893 4925 1012 4978 οὐδὲ
1043 4927 1252 4990 τούτοις
1274 4926 1773 4998 συγκατατάξομεν,

197 5019 338 5072 κατᾶ
370 5017 441 5071 τὰ
484 5022 597 5081 τοῖς
631 5019 850 5081 Σαΐταις
887 5018 1165 5082 δοκοῦντα,
1201 5017 1299 5089 τὴν
1336 5018 1583 5090 Ἀθηνᾶν.
1619 5021 1682 5072 Ei
1720 5020 1774 5074 δὲ

198 5111 290 5162 καὶ
311 5109 718 5178 Ναυκρατίταις
743 5109 875 5162 ἄλλα
906 5109 1002 5179 μὲν
1029 5109 1171 5173 ἔδοξε
1201 5107 1376 5162 σέϐειν
1402 5113 1512 5173 τοῖς
1544 5111 1781 5181 πρεσϐυ-

196 5202 404 5273 τέροις,
429 5201 518 5253 τὸν
547 5201 789 5274 Σάραπιν
823 5201 878 5255 δὲ
908 5203 1018 5265 τοῖς
1046 5201 1171 5281 χθὲς
1201 5201 1294 5255 καὶ
1324 5200 1513 5276 πρώην
1539 5201 1779 5275 ἀρξαμέ-

266 5437 382 5506 (£5)
418 5434 738 5506 [νομίξουσι
769 5438 888 5490 καί.
944 5437 1096 5506 Legit
1144 5435 1478 5494 Boherellus.
1521 5436 1769 5506 νομίζον-

194 5525 301 5570 ται.
336 5505 512 5561 Paulo
565 5519 684 5575 post
727 5524 856 5560 mss.
904 5507 1374 5578 συναγορεύουσαν
1413 5505 1771 5578 ἕκαστον.

198 5579 351 5631 Ltbb.
382 5579 536 5641 editi,
575 5578 1040 5649 συναγορεύουσαν
1064 5577 1124 5631 τδ
1155 5577 1400 5649 ἕκαστον.

270 5649 386 5718 (46)
420 5645 861 5718 Λιπεῖνηιιοὸιο
907 5649 1012 5700 duo
1059 5649 1216 5718 codd.
1276 5646 1582 5716 Anglicani.
1637 5645 1774 5702 Male

198 5715 542 5772 "amelli-lius
577 5728 632 5774 et
663 5717 987 5788 Speucerus,
1016 5715 1207 5770 λιπών.

269 5789 383 5856 (i7)
449 5786 781 5845 llmschelius
811 5789 866 5842 in
911 5798 1056 5842 textu
1099 5788 1282 5854 habet,
1313 5788 1399 5840 ἀεὶ
1430 5786 1646 5860 μακρὰν
1677 5788 1775 5858 μὲν

197 5860 431 5930 χαίρειν.

1879 3357 2056 3428 impiis
2105 3360 2316 3427 legibus
2339 3375 2641 3432 carumque
2683 3363 3014 3431 fautoribus,
3050 3367 3161 3423 Deo
3191 3368 3433 3440 displice-

1879 3464 2078 3506 remns.
2111 3451 2229 3506 Jam
2262 3452 2304 3506 si
2338 3453 2532 3508 rationi
2559 3465 2986 3513 consentaneum
3020 3469 3100 3514 est
3138 3460 3189 3514 in
3213 3461 3337 3517 aliis
3367 3477 3452 3517 rev

1877 3540 1977 3596 bns
2011 3551 2219 3598 natura:
2239 3544 2434 3613 legem,
2471 3560 2592 3616 quae
2624 3547 2713 3602 Dei
2748 3548 2831 3602 lex
2863 3559 2967 3613 est,
3001 3550 3104 3620 legi
3135 3552 3357 3622 scripta:
3396 3564 3448 3609 et

1878 3633 1945 3686 ab
1997 3633 2306 3690 hominibus
2365 3646 2557 3690 contra
2609 3637 2702 3693 Dei
2757 3638 2929 3707 legem
2989 3641 3110 3696 latae
3151 3643 3449 3709 anteferri;

1877 3735 2081 3795 quanto
2123 3727 2296 3797 magis
2336 3727 2384 3783 id
2447 3727 2498 3781 in
2557 3729 2648 3784 Dei
2703 3729 2912 3799 legibus
2965 3731 3271 3790 faciendum
3335 3737 3452 3792 cSI?

1879 3813 1994 3868 Non
2029 3817 2212 3885 igitur,
2245 3825 2303 3871 ut
2335 3816 2641 3888 Ethiopes,
2671 3821 2766 3890 qui
2823 3821 2968 3877 circa
3023 3822 3242 3880 Meroen
3299 3826 3453 3882 habi-

1883 3916 2019 3971 tant,
2045 3905 2228 3962 Jovem
2267 3918 2321 3962 et
2345 3907 2625 3977 Liberum,
2660 3926 2797 3983 quos
2819 3911 2963 3969 solos
2991 3915 3122 3971 deos
3151 3915 3257 3973 illis
3283 3931 3452 3988 agno-

1879 4013 2033 4054 scere
2058 4001 2231 4055 visum
2261 4011 2363 4067 est,
2415 4002 2798 4071 adorabimus;
2852 4021 3029 4078 neque
3074 4009 3296 4066 omnino
3321 4013 3452 4068 deos

1881 4090 2225 4162 Ᾱῐιιιίορὶοοε
2255 4093 2574 4165 Ethiopum
2624 4097 2728 4150 ritu
2784 4099 3202 4169 venerabimur;
3252 4117 3450 4173 neque,

1883 4193 1941 4237 ut
1968 4186 2199 4252 Arabes,
2232 4184 2490 4242 Uraniain
2524 4199 2578 4244 et
2610 4189 2883 4245 Bacchum
2914 4191 3062 4248 solos
3086 4209 3186 4264 pro
3213 4195 3316 4252 diis
3363 4197 3456 4252 ha-

1881 4277 2162 4343 bebimus;
2196 4293 2371 4349 neque
2392 4281 2548 4336 nobis
2582 4283 2803 4337 deorum
2839 4283 2955 4339 loco
2981 4299 3140 4342 erunt
3167 4289 3223 4352 ii,
3256 4289 3306 4344 in
3335 4291 3455 4360 qui-

1881 4371 1983 4426 bus
2013 4387 2178 4428 sexus
2218 4375 2571 4444 distinguitur
2604 4376 2836 4444 (Arabes
2869 4377 3016 4432 enim
3068 4378 3324 4436 Uraniam
3355 4397 3453 4452 pro

1883 4473 2085 4529 femina
2115 4484 2172 4530 et
2203 4474 2473 4530 Bacchum
2503 4491 2603 4547 pro
2626 4492 2776 4533 mare
2800 4478 3024 4548 colunt);
3053 4495 3249 4550 neque,
3275 4492 3333 4536 ut
3358 4482 3455 4538 ΑΞ-

1884 4562 2053 4635 gyptii
2073 4579 2283 4632 omnes,
2305 4566 2434 4622 deos
2456 4568 2826 4638 reputabimus
2848 4570 3112 4627 Osiridem
3143 4581 3197 4629 et
3222 4573 3413 4632 Isidem
3435 4593 3451 4643 ;

1885 4676 2063 4732 neque
2089 4663 2194 4718 diis
2231 4664 2671 4731 accensebimus,
2703 4674 2763 4720 ut
2797 4666 2965 4724 Saitis
3003 4669 3199 4739 placet,
3252 4669 3451 4726 Miner.

1885 4767 2031 4807 vam.
2072 4753 2137 4808 Et
2171 4757 2214 4807 si
2243 4756 2439 4823 priscis
2465 4757 2682 4826 quidem
2712 4758 3046 4816 Naucratitis
3079 4762 3181 4816 alia
3209 4762 3450 4828 numina,

1886 4843 2289 4898 recentioribus
2340 4855 2521 4902 autem
2579 4848 2809 4922 Serapini
2863 4854 2956 4923 qui
3007 4868 3280 4923 nunquam
3321 4853 3454 4910 deus

1886 4933 2084 5002 fuerat,
2113 4937 2295 4993 colere
2339 4940 2512 4996 visum
2535 4955 2661 5009 est;
2693 4961 2794 5000 nos
2825 4959 2973 5002 certe
3012 4947 3064 5002 in
3093 4948 3316 5004 deorum
3352 4964 3452 5004 nu-

1886 5043 2092 5082 merum
2132 5047 2235 5084 nou
2271 5032 2576 5089 referemus
2618 5037 2781 5092 deum
2824 5051 3125 5100 recentem,
3161 5041 3252 5109 qui
3290 5051 3452 5099 antea

1885 5135 1990 5172 non
2025 5130 2170 5184 erat,
2213 5122 2306 5190 qui
2346 5132 2508 5179 notus
2547 5127 2779 5181 antehac
2827 5127 3142 5183 hominibus
3185 5145 3290 5184 nun
3331 5127 3450 5186 fuit.

1885 5206 2069 5278 Neque
2096 5211 2241 5266 enim
2281 5212 2372 5267 Dei
2407 5213 2572 5270 Filius
2603 5218 2694 5291 qui
2729 5237 2750 5269 (
2788 5219 3182 5298 primogenitus
3219 5229 3303 5276 est
3331 5235 3452 5275 om-

1943 5443 2056 5518 (48)
2097 5445 2360 5518 ’Λνόμοις
2406 5447 2632 5515 νόμοις.
2676 5445 2770 5500 Sic
2811 5447 2916 5518 duo
2948 5447 3106 5518 codd.
3151 5447 3350 5518 Regius
3397 5459 3452 5504 et

1872 5509 2302 5589 BaSileeii_sis,'et
2334 5509 2432 5589 est!
2453 5509 2788 5574 vera—lectio.
2817 5515 3160 5575 llwschelius
3183 5509 3260 5574 et:
3273 5520 3454 5589 Spen-

1873 5597 2053 5658 cerus,
2079 5586 2140 5658 ού
2167 5585 2352 5658 νόμοις
2376 5587 2580 5658 νόμοις.

1942 5652 2056 5730 (49)
2085 5652 2421 5712 llmsehelius
2442 5652 2700 5730 intextu,
2741 5660 3119 5730 τετιμημένον.
3169 5658 3296 5730 Post
3321 5673 3454 5729 pau-

1874 5723 2040 5803 Iulum
2081 5738 2244 5803 recte
2271 5743 2426 5803 mss._
2443 5729 2660 5790 habent,
2689 5723 2762 5803 ty
2785 5723 3054 5803 referat-api.
3079 5728 3214 5784 Θεοῦ
3241 5723 3452 5803 νόμοις,

1878 5797 2013 5849 male
2041 5797 2199 5851 codd.
2233 5797 2386 5866 imp.,
2413 5800 2469 5851 ἐν
2500 5804 2610 5864 τοῖς
2642 5802 2767 5871 περὶ
2797 5801 2929 5854 Θεοῦ
2961 5797 3143 5875 νόμον.
