3840 6412
477 345 615 403 lii?

1957 326 2283 388 ORlGENlS

3571 320 3679 377 lilii

475 463 717 525 tionem;
750 465 804 515 et
830 457 946 512 illos
977 458 1183 511 incusat
1206 454 1555 527 arrogantire,
1581 454 1725 523 quod
1753 448 1847 506 Dei
1872 448 2051 519 magni

2159 444 2369 510 ζονείας
2406 442 2537 515 γοῦν
2577 444 2757 499 αὐτῶν
2802 439 3117 512 κατηγορεῖ,
3162 436 3238 502 ὡς
3276 434 3568 508 αὐχούντων
3608 440 3683 510 μὲν

477 552 885 624 cognitionem,
935 565 1098 618 quam
1138 562 1247 603 non
1294 548 1497 603 habent
1539 545 1877 614 gloriemur;
1924 557 2049 598 cum

478 657 669 701 contra
700 642 951 697 fascinati
974 660 1001 693 a
1035 641 1213 709 Moyse
1240 649 1294 696 et
1323 639 1532 709 decepti
1559 652 1658 691 suo
1684 651 1881 706 magno
1911 635 2052 689 malo

477 751 538 793 se
566 737 617 788 in
644 733 763 802 ejus
790 732 1137 798 disciplinam
1173 730 1521 786 tradiderint.
1556 728 1660 785 Sed
1696 746 1723 783 a
1763 724 2051 794 nobisjam

475 843 640 895 supra
684 826 876 881 saltem
910 840 975 879 ex
1016 833 1169 895 parte
1203 824 1406 879 dictum
1466 832 1551 877 est
1599 837 1763 892 quam
1797 828 2051 890 augusta,

475 933 638 987 quam
683 917 886 972 eximia
923 915 1089 971 fuerit
1119 914 1400 970 societatis
1444 912 1686 968 Iudaicae
1722 912 1896 975 ratio,
1924 913 2051 967 dum

475 1018 660 1067 essent
691 1008 832 1080 apud
873 1023 989 1073 eos,
1024 1009 1182 1077 quasi
1217 1007 1439 1061 totidem
1474 1003 1755 1075 symbolo,
1799 1003 1890 1059 Dei
1923 1002 2054 1058 urbs

474 1112 531 1157 et
558 1104 814 1173 templum
837 1115 1116 1170 sacrzeque
1143 1099 1346 1154 ibidem
1371 1108 1423 1153 et
1453 1100 1504 1153 in
1534 1097 1692 1151 altari
1716 1096 2054 1151 cmremouite

475 1196 656 1265 peragi
689 1194 883 1248 solitae.
914 1193 1067 1259 Quod
1090 1192 1134 1247 si
1157 1192 1281 1261 quis
1307 1191 1489 1245 animo
1521 1189 1806 1244 consilium
1840 1187 2055 1258 legisla-

476 1287 613 1340 toris
650 1285 1050 1355 centemplatus
1079 1322 1095 1347 .
1127 1294 1185 1336 et
1223 1282 1287 1337 ad
1344 1281 1460 1351 ejus
1499 1282 1905 1336 ordinationem
1957 1280 2055 1336 Ju-

474 1377 662 1431 daieos
694 1392 873 1432 mores
926 1378 1177 1447 exigens,
1212 1375 1331 1429 illus
1358 1383 1637 1444 comparet
1676 1389 1799 1429 cmn
1830 1383 2055 1428 caetera-

474 1484 594 1524 rum
635 1470 878 1539 gentium
912 1468 1102 1537 agendi
1150 1468 1395 1532 ratione;
1439 1466 1581 1520 nulla
1622 1480 1755 1536 gens
1788 1475 1902 1528 est,
1934 1478 2055 1534 qua:

475 1560 646 1629 magis
678 1560 750 1613 illi
781 1560 1147 1615 admiratione
1176 1558 1337 1625 digna
1372 1558 1644 1613 videatur.
1676 1556 1827 1611 Illinc
1861 1557 2004 1610 enim
2038 1593 2054 1622 ,

475 1665 739 1721 quantum
763 1654 906 1707 inter
936 1652 1185 1707 homines
1211 1651 1328 1706 tieri
1357 1659 1559 1721 potest,
1585 1648 1806 1719 expulsa
1840 1648 2056 1703 fuerant

475 1760 815 1816 qua-cunque
844 1745 1030 1817 generi
1080 1746 1323 1800 humano
1382 1744 1595 1799 inutilia
1628 1745 1793 1805 sunt‘,
1844 1750 2053 1798 retenta

475 1839 565 1893 illa
598 1838 711 1893 sola
746 1852 813 1893 ex
836 1838 1036 1907 quibus
1068 1838 1189 1906 capi
1223 1836 1432 1892 fructus
1463 1846 1695 1907 poterat.
1732 1834 1886 1891 Unde
1909 1834 2052 1903 apud

474 1946 566 1984 eos
598 1947 699 1988 nec
736 1934 1070 1987 athletarum
1098 1972 1115 1998 ,
1159 1945 1258 1986 nec
1294 1931 1670 1994 scenicorum,
1712 1944 1812 1985 nec
1842 1929 2054 1985 circen-

474 2026 613 2079 sium
638 2034 801 2079 erant
829 2025 1155 2089 certamina;
1183 2039 1291 2079 non
1320 2022 1554 2087 feminae,
1582 2038 1705 2092 qum
1739 2037 1891 2077 suam
1921 2037 2054 2078 ven-

474 2119 663 2171 derent
708 2115 939 2174 formam
975 2117 1203 2172 cuilibet
1258 2120 1474 2171 inanem
1526 2114 1857 2185 voluptatem
1901 2130 2052 2185 qute-

475 2211 616 2264 renti
649 2219 811 2281 atque
841 2210 975 2266 adeo
1011 2209 1321 2269 constitutis
1350 2208 1756 2278 propagationis
1801 2208 2054 2262 humanae

476 2303 685 2373 legibus
719 2302 971 2370 iujuriam
1015 2301 1299 2357 inferenti.
1336 2300 1404 2355 Et
1441 2300 1567 2354 illud
1600 2300 1742 2370 apud
1772 2313 1868 2354 eos
1891 2297 2052 2369 quale

475 2394 597 2459 fuit,
632 2394 948 2463 docerijam
996 2404 1111 2448 tum
1140 2408 1169 2447 a
1221 2392 1427 2447 teneris
1455 2391 1764 2462 unguiculis
1798 2407 1921 2447 sese
1955 2408 2050 2447 su-

475 2503 568 2556 pra
610 2496 859 2547 naturam
889 2500 1105 2540 omnem
1144 2486 1459 2541 Sensibilem
1489 2485 1743 2547 evellere,
1779 2484 2048 2541 inclusum

474 2579 526 2631 in
553 2592 614 2632 ea
649 2577 817 2632 Deum
848 2593 954 2632 non
989 2576 1331 2641 existimare,
1363 2592 1575 2632 sursum
1609 2576 1756 2631 illum
1790 2587 1846 2631 et
1887 2593 2047 2647 supra

472 2685 701 2739 corpora
751 2670 1045 2739 quaerere?
1085 2669 1221 2723 Tum
1257 2670 1451 2738 quanti
1501 2670 1633 2734 fuit,
1667 2670 1756 2724 vix
1808 2679 1963 2724 natos
1995 2678 2053 2725 et

473 2758 649 2814 adhuc
670 2759 1034 2829 balbutientcs
1061 2759 1314 2814 didicisse
1342 2761 1535 2814 animre
1561 2759 2049 2829 immortalitatem,

473 2852 834 2908 subterranea
869 2852 1189 2918 tribunalia,
1228 2854 1537 2907 mercedem
1567 2861 1714 2907 recte
1742 2854 2051 2909 viventibus

473 2943 803 2998 destinatam
830 2942 855 2997 ἲ
886 2944 1016 3009 Qua:
1047 2944 1268 3012 quidem
1300 2942 1481 2996 omnia
1511 2943 1697 3013 pueris
1729 2952 1785 2998 et
1819 2945 2051 3013 puerilia

468 3035 807 3107 sapientibus
849 3035 1019 3090 veluti
1054 3036 1154 3091 sub
1185 3035 1492 3091 fabularum
1525 3036 1809 3093 involucro
1852 3052 2049 3103 narra-

2154 538 2246 592 τὸν
2274 538 2453 608 μέγαν
2475 537 2627 603 Θεὸν,
2661 536 2763 590 οὐκ
2794 535 3010 589 εἰδότων
3042 533 3087 586 δ’
3112 531 3298 596 αὐτὸν,
3323 530 3432 584 ἀλλ’
3459 529 3684 601 ὑπαχθέν-

2154 649 2262 685 των
2284 633 2350 702 τῇ
2381 629 2656 695 Μωῦσέως
2682 629 2906 700 γοητείᾳ
2930 628 3027 682 καὶ
3055 624 3395 696 ψευσθέντων
3414 623 3499 677 ὑπ’
3530 624 3681 690 αὐτοῦ,

2152 724 2253 777 ούκ
2277 723 2363 775 ἐπ’
2397 721 2587 795 ἀγαθῷ
2607 723 2752 776 τέλει
2777 718 3236 792 μαθητευθέντων-
3251 716 3416 788 αὐτῷ.
3457 717 3577 771 Ἀπὸ
3606 718 3683 788 μέ-

2157 831 2284 886 ρους
2324 814 2423 886 μὲν
2454 810 2547 869 οὖν
2586 815 2717 886 ἡμῖν
2765 813 2823 865 έν
2854 813 2967 874 τοῖς
2998 809 3104 883 πρὸ
3138 808 3344 862 τούτων
3375 807 3602 860 λέλεκται
3632 808 3684 861 τὰ

2153 905 2255 975 τῆς
2278 905 2484 977 σεμνῆς
2517 905 2608 959 καὶ⁵
2642 901 2919 974 ὲξαιρέτου
2958 901 3226 956 Ἰουδαίων
3252 898 3533 965 πολιτείας,
3559 900 3684 970 ἡνίκα

2155 1000 2339 1064 αὐτοῖς
2364 999 2702 1070 συνειστήκει
2726 998 2788 1051 τὸ
2814 995 3079 1068 σύμϐολον
3100 995 3200 1065 τῆς
3221 993 3316 1048 τοῦ
3342 992 3472 1047 Θεοῦ
3496 995 3681 1058 πόλεως,

2157 1092 2251 1145 καὶ
2283 1090 2377 1144 τοῦ
2411 1091 2539 1146 ναοῦ
2578 1091 2763 1155 αὐτοῦ,
2801 1090 2892 1143 καὶ
2921 1089 3018 1158 τῆς
3051 1088 3182 1160 παρ’
3222 1086 3371 1157 αὐτῷ
3402 1085 3491 1139 καὶ
3520 1086 3585 1156 τῷ
3612 1086 3683 1138 θυ-

2157 1182 2457 1254 σιαστηρίῳ
2494 1183 2775 1254 ἱερατικῆς
2805 1179 3089 1253 λατρείας·
3138 1180 3186 1233 εί
3219 1178 3275 1231 δέ
3308 1195 3410 1241 τις,
3440 1175 3684 1247 ἐπερείσας

2153 1274 2253 1345 τὴν
2294 1274 2532 1328 διάνοιαν
2564 1272 2640 1343 τῷ
2679 1273 2771 1326 τοῦ
2816 1270 3104 1342 νομοθέτου
3155 1266 3474 1338 βουλήματι,
3518 1264 3599 1317 καὶ
3634 1266 3685 1334 τῇ

2156 1368 2275 1420 κατ’
2321 1367 2483 1421 αὐτὸν
2517 1366 2761 1438 πολιτεία
2791 1363 3059 1431 ἐξετάζων
3091 1362 3157 1415 τὰ
3194 1359 3316 1414 κατ’
3347 1359 3551 1421 αὐτοὺς,
3583 1374 3685 1426 συγ-

2158 1456 2329 1529 κρίνοι
2376 1460 2440 1527 τῇ
2483 1456 2577 1510 νῦν
2627 1458 2817 1526 ἀγωγῇ
2871 1454 2977 1507 τῶν
3024 1451 3226 1506 λοιπῶν
3267 1448 3465 1503 ἐθνῶν·
3507 1448 3685 1512 οὐδένας

2160 1551 2358 1621 μᾶλλον
2385 1549 2451 1603 ἂν
2480 1547 2755 1619 θαυμάσαι
2779 1565 2791 1577 ·
2821 1547 2896 1612 ὡς
2921 1550 2977 1601 έν
3007 1543 3305 1617 ἀνθρώποις
3331 1541 3505 1595 πάντα
3528 1540 3612 1611 μὲν
3637 1540 3688 1595 τὰ

2160 1644 2235 1715 μὴ
2266 1628 2513 1715 χρήσιμα
2538 1641 2615 1713 τῷ
2642 1640 2787 1709 γένει
2815 1638 2923 1692 τῶν
2948 1635 3249 1708 ἀνθρώπων
3276 1633 3684 1705 περιῃρημένους,

2160 1738 2297 1809 μόνα
2346 1737 2407 1790 δὲ
2461 1735 2531 1791 τὰ
2589 1733 2866 1805 εὔχρηστα
2922 1729 3419 1801 παραδεξαμένους,
3472 1727 3556 1780 Διὸ
3604 1724 3685 1779 οὓς

2156 1828 2367 1899 ἀγῶνες
2404 1824 2545 1900 ἦσαν
2576 1824 2856 1897 γυμνικοὶ,
2890 1822 2924 1894 ἢ
2960 1822 3260 1893 θυμελικοὶ,
3289 1821 3321 1891 ἢ
3358 1817 3560 1873 ἱππικοὶ
3588 1817 3686 1887 παρ’

2154 1921 2369 1983 αὐτοῖς’
2396 1919 2518 1974 οὐδὲ
2545 1920 2804 1987 γυναῖκες
2832 1915 3243 1986 πιπράσκουσαι
3269 1912 3371 1983 τὴν
3393 1910 3535 1983 ὥραν
3562 1910 3690 1964 παντὶ

2152 2014 2233 2085 τῷ
2279 2011 2587 2084 βουλομένῳ
2636 2010 2879 2080 σπείρειν
2925 2006 3120 2070 κενῶς,
3168 2003 3266 2059 καὶ
3317 2001 3601 2074 ἐνυϐρίζειν
3638 2004 3686 2071 τῇ

2153 2108 2316 2179 φύσει
2360 2105 2472 2160 τῶν
2512 2101 2867 2177 ἀνθρωπίνων
2914 2099 3270 2171 σπερμάτων.
3319 2097 3524 2151 Ὁποῖον
3566 2094 3605 2148 δ’
3637 2090 3688 2166 ἦν

2154 2200 2289 2272 παρ’
2330 2198 2517 2262 αὐτοῖς
2560 2196 2623 2251 τὸ
2657 2194 2716 2263 ἐξ
2759 2193 2838 2247 ἔτι
2874 2190 3096 2247 ἁπαλῶν
3142 2190 3351 2261 ὀνύχων
3391 2186 3688 2243 διδάσκεσθαι

2154 2290 2609 2365 ύπεραναϐαίνειν
2647 2288 2747 2361 μὲν
2780 2288 2961 2341 πᾶσαν
2998 2285 3099 2356 τὴν
3130 2282 3395 2355 αἰσθητὴν
3426 2280 3590 2352 φύσιν,
3618 2279 3688 2334 καὶ

2155 2381 2406 2458 μηδαμοῦ
2439 2380 2610 2452 αὐτῆς
2647 2378 2890 2450 νομίζειν
2932 2374 3179 2449 ίδρύσθαι
3212 2374 3304 2429 τὸν
3336 2373 3485 2436 Θεὸν,
3516 2372 3611 2428 ἀνω
3645 2369 3688 2424 δὲ

2154 2477 2248 2532 καὶ
2280 2476 2421 2547 ὑπὲρ
2463 2473 2533 2529 τὰ
2580 2471 2810 2544 σώματα
2847 2469 3029 2542 ζητεῖν
3073 2467 3270 2532 αύτόν;
3318 2465 3542 2538 Πηλίκον
3572 2461 3687 2518 δὲτὸ

2155 2568 2341 2642 σχεδὸν
2387 2568 2505 2640 ἅμα
2538 2563 2749 2636 γενέσει
2782 2563 2879 2618 καὶ
2912 2558 3305 2633 συμπληρώσει
3342 2556 3437 2612 τοῦ
3468 2556 3607 2626 λόγου
3629 2555 3688 2608 δι-

2150 2658 2451 2717 δάσκεσθαι
2484 2657 2682 2720 αὐτοὺς
2709 2655 2810 2727 τὴν
2846 2654 2947 2725 τῆς
2986 2652 3165 2723 ψυχῆς
3197 2648 3509 2713 ἀθανασίαν,
3537 2646 3617 2701 καὶ
3635 2644 3687 2698 τὰ

2153 2754 2259 2809 ὑπὸ
2290 2753 2392 2824 γῆν
2424 2750 2804 2821 δικαιωτήρια,
2838 2747 2934 2801 καὶ
2966 2746 3063 2810 τὰς
3089 2743 3255 2815 τιμὰς
3288 2741 3398 2795 τῶν
3439 2738 3600 2801 καλῶς
3620 2735 3689 2807 βε·

2153 2846 2463 2909 6ιωκότων;
2499 2844 2689 2912 Ἀπερ
2732 2839 2812 2892 ἔτι
2848 2837 2954 2909 (66)
2999 2833 3373 2908 μυθικώτερον
3416 2830 3507 2903 μὲν
3542 2825 3688 2889 παισὶ,

2151 2936 2336 2994 καὶτὰ
2374 2935 2580 2989 παίδων
2613 2930 2898 3004 φρονοῦσιν
2922 2930 3127 2991 αὐτοῖς,
3152 2922 3509 2998 ἐκηρύσσετο·
3538 2918 3623 2990 ήδη
3646 2915 3690 2970 δὲ

2153 3028 2378 3102 ζητοῦσι
2414 3027 2507 3082 τὸν
2538 3025 2718 3095 λόγον,
2753 3023 2849 3078 καί⁵
2883 3020 3228 3093 βουλομένοις
3263 3018 3321 3071 έν
3354 3012 3496 3083 αὐτῷ
3534 3007 3691 3083 προκό-

469 3106 692 3195 bantur;
728 3127 821 3182 sed
857 3141 983 3195 erga
1007 3141 1123 3193 eos,
1156 3128 1248 3197 qui
1284 3127 1598 3198 diligentius
1625 3128 1896 3199 inspicere
1931 3129 2044 3184 lucc

2155 3138 2328 3186 πτειν,
2361 3121 2412 3173 oi
2445 3119 2582 3182 τέως
2634 3115 2795 3188 μῦθοι
2826 3113 2915 3186 (ἵν’
2955 3112 3130 3175 οὕτως
3163 3106 3433 3180 ὀνομάσω)
3463 3117 3689 3199 μετεμορ-

470 3233 671 3273 arcana
708 3229 763 3273 et
806 3218 861 3272 in
903 3218 1006 3271 bac
1052 3217 1411 3287 inquisitione
1451 3218 1720 3288 prolicere
1745 3220 2045 3288 volebant,

473 3311 590 3374 bar,
616 3320 675 3365 ut
706 3310 785 3365 ita
813 3310 1042 3380 loquar,
1075 3311 1273 3366 fabulae
1314 3310 1848 3366 transformabantur
1874 3313 1927 3367 in
1958 3328 2051 3369 ve-

472 3405 686 3458 ritatem
752 3419 872 3472 quae
914 3403 981 3459 iis
1012 3404 1250 3458 involuta
1288 3412 1426 3459 erat.
1468 3403 1691 3459 Certum
1718 3419 1939 3477 quoque
1964 3415 2051 3461 est

471 3510 587 3561 eos,
616 3504 674 3549 ut
701 3495 959 3565 papulum
990 3495 1221 3551 decebat
1254 3495 1348 3565 qui
1384 3497 1477 3550 Dei
1512 3497 1688 3566 portio
1728 3500 2046 3566 vocabatur,

471 3586 783 3656 despicatos
807 3602 929 3642 esse
951 3602 1115 3643 omne
1138 3587 1490 3642 divinationis
1511 3603 1704 3657 genus,
1728 3600 1917 3660 utpote
1942 3607 2047 3659 qua

473 3680 652 3749 decipi
685 3680 935 3736 homines
974 3678 1150 3735 solent
1179 3717 1196 3742 ,
1238 3694 1469 3748 qumque
1507 3695 1534 3732 a
1570 3678 1727 3733 malis
1769 3681 2051 3735 dzemoniis

472 3774 658 3843 potius
700 3788 862 3842 quam
892 3788 921 3826 a
962 3770 1342 3841 praestantiore
1399 3769 1631 3838 quadam
1670 3780 1860 3823 natura
1890 3772 2053 3840 proli-

473 3868 731 3932 ciscitur;
763 3877 818 3921 et
849 3881 1032 3921 rerum
1080 3862 1390 3919 futurarum
1428 3861 1678 3917 notitiam
1728 3863 1797 3918 ab
1826 3863 1895 3920 iis
1920 3864 2052 3921 viris

2157 3215 2355 3286 φοῦντο
2398 3214 2479 3277 εἰς
2519 3211 2619 3283 τὴν
2658 3203 3217 3278 ὲναποκεκρυμμένην
3260 3203 3319 3254 ὲν
3368 3198 3541 3259 αὐτοῖς
3583 3193 3688 3286 ἀλη-

2154 3284 2320 3362 θειαν.
2361 3302 2504 3374 Ἐγὼ
2529 3302 2585 3356 δὲ
2609 3299 2812 3371 νομίζω
2840 3297 3003 3362 ἀξίως
3030 3294 3125 3350 τοῦ
3152 3288 3508 3366 χρηματίζειν
3529 3284 3690 3344 αὐτοὺς

2155 3399 2350 3473 μερίδα
2399 3394 2557 3460 Θεοῦ,
2610 3392 2791 3465 πάσης
2832 3408 2897 3461 γε
2932 3388 3042 3461 (67)
3096 3386 3379 3459 μαντείας,
3432 3383 3503 3446 ὡς

2150 3465 2424 3567 κηλούσης
2469 3492 2598 3556 τοὺς
2640 3487 2981 3560 ἀνθρώπους,
3021 3474 3586 3551 καταπεφρονηκέναιο
3617 3465 3691 3567 καὶ

2154 3559 2265 3643 ἀπὸ
2294 3559 2563 3655 δαιμόνων
2599 3559 2887 3653 μοχθηρῶν
2924 3575 3121 3649 μᾶλλον
3152 3572 3187 3644 ἢ
3221 3570 3332 3625 ἀπό
3377 3582 3513 3631 τινος
3540 3559 3691 3655 κρείτ-

2153 3695 2308 3743 τονος
2332 3652 2548 3747 φύσεως
2571 3652 2872 3745 ἐρχομένης
2892 3685 2907 3699 ·
2941 3666 3124 3738 ζητεῖν
3154 3663 3212 3717 δὲ
3239 3660 3338 3732 τὴν
3368 3658 3475 3714 τῶν
3506 3652 3692 3729 μελλόνο

2154 3790 2265 3826 των
2295 3770 2498 3840 γνῶσιν
2535 3767 2595 3821 έν
2626 3764 2824 3835 ψυχαῖς
2857 3760 2926 3814 δι’
2959 3760 3137 3830 ἄκραν
3168 3754 3511 3825 καθαρότητα
3549 3762 3694 3819 παρα-

2157 3861 2480 3934 δεξαμέναις
2510 3854 2734 3927 Πνεῦμα
2765 3852 2858 3907 τοῦ
2892 3850 2984 3905 ἐπὶ
3016 3849 3153 3903 πᾶσι
3184 3845 3343 3902 Θεοῦ.

474 3974 599 4016 esse
663 3961 1006 4028 sciscitatos,
1047 3973 1281 4031 quorum
1332 3959 1531 4014 animae
1574 3968 1800 4029 propter
1853 3973 2122 4018 summam
2186 3974 2344 4018 suam
2398 3952 2768 4026 integritatem
2822 3947 3065 4020 supremi
3128 3945 3227 4002 Dei
3276 3941 3523 4014 spiritum
3560 3946 3691 3992 acce-

472 4064 691 4126 perant.

541 4153 636 4213 45.
694 4152 833 4210 Tum
890 4152 1083 4218 istud,
1135 4151 1413 4208 neminem
1471 4150 1715 4221 ejusdem
1772 4151 2053 4225 religionis

470 4260 632 4316 posse
663 4244 867 4303 diutius
890 4244 1153 4300 sexennio
1179 4243 1581 4312 servire,quam
1602 4242 1796 4297 rationi
1825 4258 2055 4298 consen-

2232 4145 2306 4201 Τὸ
2331 4143 2390 4199 δὲ
2427 4143 2502 4215 μὴ
2532 4141 2727 4209 ἐξεῖναι
2755 4136 3026 4193 δουλεύειν
3056 4133 3149 4189 τὸν
3176 4131 3285 4187 ἀπὸ
3307 4130 3416 4186 τῶν
3444 4127 3605 4185 αὐτῶν
3621 4125 3696 4197 ὁρ-

2164 4237 2413 4311 μώμενον
2438 4233 2725 4305 δογμάτων
2752 4230 2931 4284 πλεῖον
2963 4228 3105 4282 ἐτῶν
3136 4226 3197 4291 ἒξ
3227 4225 3346 4289 πῶς
3376 4226 3489 4278 ἐστι
3520 4219 3692 4311 λελογι-

473 4340 735 4407 taneum,‘
757 4354 918 4410 quam
953 4353 1081 4410 erga
1120 4337 1313 4393 herum
1347 4346 1401 4391 et
1424 4350 1644 4391 servum
1676 4336 1825 4405 juste
1846 4334 2050 4389 consti-

2160 4308 2377 4399 σμένον,
2403 4324 2499 4379 καὶ
2538 4323 2662 4377 οθτε
2701 4321 2792 4376 τὸν
2824 4318 3094 4389 δεσπότην
3131 4316 3255 4370 οὔτε
3288 4316 3379 4370 τὸν
3409 4312 3580 4410 δοῦλον
3605 4308 3695 4409 ἀδι-

472 4444 650 4490 ιυιιιιη
691 4434 802 4499 sit,
830 4434 965 4505 quid
1007 4434 1206 4489 attinet
1239 4430 1461 4488 dicere?
1491 4430 1610 4485 Non
1657 4429 1826 4499 igitur
1854 4426 2053 4482 Judaeis

472 4531 663 4585 eadem
696 4538 781 4585 est
825 4544 890 4585 ac
923 4528 1134 4585 caeteris
1162 4526 1415 4599 gentibus
1439 4526 1584 4580 ratio
1619 4538 1747 4579 suas
1783 4524 1940 4577 firme
1966 4536 2053 4578 re-

472 4622 680 4679 tinendi
709 4623 896 4694 leges;
930 4622 1041 4678 imo
1063 4620 1354 4678 damnandi
1385 4626 1602 4681 essent,
1636 4617 1680 4672 si
1719 4630 1944 4673 suarum
1972 4613 2052 4668 le-

472 4730 596 4784 gum
632 4713 1011 4770 excellentiam
1068 4728 1175 4767 non
1209 4713 1479 4767 sentirent
1511 4742 1527 4772 ,
1574 4708 1619 4763 si
1665 4708 1852 4762 eodem
1888 4706 2050 4760 modo

471 4821 635 4876 atque
666 4807 997 4877 reliquarum
1044 4805 1287 4875 gentium
1318 4804 1486 4875 leges,
1534 4801 1636 4857 sibi
1672 4801 1906 4868 scriptas
1933 4797 2053 4854 illas

470 4915 594 4952 esse
612 4898 1204 4968 existimarentJtaque
1219 4896 1349 4953 velit
1366 4895 1501 4952 nolit
1516 4893 1727 4959 Celsus,
1745 4890 1911 4947 ,ιιιᾶωί
1927 4899 2054 4944 sunt

476 4989 684 5057 majore
720 4990 991 5059 sapientia
1027 4989 1272 5060 prmditi.
1306 5003 1415 5045 non
1450 4987 1624 5043 solum
1659 4999 1822 5055 quam
1855 4983 2050 5051 vulgus

475 5082 758 5139 hominum
784 5121 797 5144 ,
841 5082 935 5135 sed
965 5080 1129 5135 etiam
1165 5095 1325 5147 quam
1367 5080 1421 5136 bi
1455 5079 1544 5148 qui
1582 5092 1683 5146 pro
1713 5072 2051 5146 pbil050pbis

476 5173 766 5227 habentur.
816 5170 882 5226 Hi
913 5171 1055 5226 enim
1096 5170 1228 5226 licet
1252 5170 1510 5240 praeclara
1545 5169 1705 5240 611
1740 5166 1905 5219 multa
1936 5164 2051 5217 dis-

476 5271 690 5331 putent,
726 5262 793 5315 ad
826 5260 1242 5316 simulacrorum
1274 5268 1453 5315 tamen
1488 5261 1898 5325 dwmoaumque
1937 5253 2052 5309 eul-

480 5363 593 5408 tum
647 5355 1048 5424 prolabuntur;
1083 5352 1392 5409 Judceorum
1444 5367 1574 5408 vero
1624 5349 1709 5405 vel
1757 5348 2053 5402 vilissimus

477 5443 531 5497 in
578 5442 693 5498 solo
742 5442 855 5499 Deo
900 5444 1103 5500 mentis
1155 5444 1325 5499 aciem
1370 5441 1591 5510 deﬁgit;
1643 5449 1809 5508 atque
1855 5436 1957 5491 hac
1985 5436 2053 5490 de

476 5548 642 5589 causa
675 5534 867 5589 merito
894 5550 948 5589 se
968 5534 1214 5603 e/ferunt,
1245 5543 1296 5587 et
1330 5532 1559 5586 aliorum
1588 5541 1643 5584 ut
1673 5529 1962 5597 impiormu
1997 5532 2051 5580 et

477 5627 833 5697 profanorum
876 5628 1175 5689 societatem
1225 5634 1557 5680 aversantur.
1600 5620 1819 5677 Utinam
1855 5624 2049 5672 contra

552 5743 674 5801 (itm
716 5744 897 5812 "Amp
966 5744 1070 5797 ἔτι.
1141 5744 1335 5799 Gnieto
1390 5741 1736 5797 scribcndum
1813 5737 2046 5803 videtur,

480 5817 622 5885 ὅπερ
656 5816 771 5885 ἔθη.

2154 4396 2307 4481 κοῦν,
2351 4415 2407 4468 τί
2453 4413 2562 4487 χρὴ
2603 4411 2818 4481 λέγειν;
2871 4408 2944 4463 Οὐ
3002 4407 3143 4462 κατά
3184 4406 3255 4460 τά
3297 4403 3437 4460 αὐτὰ
3481 4396 3566 4455 οὖν
3605 4396 3696 4457 τοῖς

2150 4511 2360 4573 λοιποῖς
2408 4506 2587 4561 ἔθνεσι
2634 4501 3034 4578 περιστέλλοιεν
3067 4501 3137 4555 ἂν
3188 4497 3431 4553 Ἰουδαῖοι
3469 4494 3551 4549 τὸν
3591 4489 3695 4543 ίδιον

2151 4604 2349 4674 νόμονο
2396 4598 2646 4672 μεμπτὸν
2678 4598 2787 4668 γάρ
2830 4597 2978 4649 ἐστιν
3011 4593 3215 4657 αὐτοῖς,
3250 4590 3348 4645 καὶ
3368 4582 3693 4657 ’ἀναισθησίας

2151 4694 2403 4766 ἔγκλημα
2442 4690 2553 4764 (68)
2588 4690 2795 4757 ἐπάγον
2826 4689 2921 4758 τῆς
2957 4686 3088 4758 περὶ
3120 4685 3220 4756 τῆς
3252 4682 3361 4736 τῶν
3392 4682 3558 4751 νόμων
3585 4675 3692 4728 ὑπε-

2157 4785 2342 4857 ροχῆς,
2385 4784 2436 4837 εί
2468 4781 2737 4854 νομίζοιεν
2777 4778 2973 4840 αὐτοὺς
3017 4776 3221 4847 ὁμοίως
3265 4776 3377 4837 τοῖς
3420 4771 3584 4832 ἀλλοις
3617 4782 3691 4835 γεο

2150 4876 2397 4950 γράφθαι
2448 4877 2562 4939 τοῖς
2617 4874 2759 4927 κατά
2804 4870 2869 4925 τὰ
2914 4868 3067 4939 ἔθνη.
3115 4867 3237 4922 Κᾶν
3280 4867 3356 4939 μὴ
3395 4858 3690 4937 βούληταιᾶ

2151 4971 2378 5035 Κέλσος,
2407 4966 2714 5039 σοφώτερόν
2738 4983 2789 5019 τι
2817 4966 2952 5018 εἰσιν
2981 4963 3182 5027 εἰδότες
3223 4962 3464 5015 Ἰουδαῖοι
3488 4958 3542 5012 οὐ
3563 4954 3692 5028 μόνον

2152 5061 2262 5115 τῶν
2288 5060 2518 5125 πολλῶν,
2553 5057 2687 5112 ἀλλά
2712 5057 2805 5111 καὶ
2830 5055 2937 5109 τῶν
2961 5055 3270 5124 φιλοσοφεῖν
3290 5051 3599 5107 δοκούντων·
3626 5045 3691 5097 ὅτι

2151 5155 2201 5208 οἱ
2240 5155 2336 5225 μὲν
2362 5150 2775 5222 φιλοσοφοῦντες
2800 5148 2935 5221 μετά
2969 5148 3094 5210 τοὺς
3118 5146 3354 5217 σεμνοὺς
3374 5146 3430 5198 έν
3447 5135 3690 5214 φιλοσοφίᾳ

2150 5246 2345 5316 λόγους
2370 5244 2803 5299 καταπίπτουσιν
2829 5245 2920 5298 ἐπὶ
2947 5242 3013 5296 τὰ
3045 5240 3241 5295 εἴδωλα
3273 5241 3368 5294 καὶ
3396 5238 3516 5301 τοὺς
3538 5233 3691 5303 δαίμο-

2151 5353 2277 5401 ναςο
2328 5336 2599 5391 Ἰουδαίων
2627 5336 2683 5389 δὲ
2715 5335 2809 5389 καὶ
2853 5337 2880 5387 ό
2914 5334 3139 5404 ἔσχατος
3177 5332 3323 5403 μόνῳ
3349 5331 3499 5403 ἐνορᾷ
3525 5327 3592 5399 τῷ
3615 5318 3690 5376 ἐπὶ

2153 5429 2285 5480 πᾶσι
2298 5426 2435 5496 Θεῷ·
2458 5427 2551 5481 καὶ
2569 5425 2746 5491 καλῶς
2758 5442 2842 5495 γε,
2857 5426 2977 5478 ὅσον
2989 5424 3082 5476 ἐπὶ
3098 5424 3294 5495 τούτῳ,
3310 5421 3686 5492 σεμνύνου-των

2154 5519 2253 5573 καὶ
2285 5517 2399 5585 τὴν
2420 5518 2538 5572 τῶν
2558 5517 2785 5583 ἄλλων,
2818 5518 2891 5580 ὡς
2913 5515 3121 5585 ἐναγῶν
3148 5517 3242 5569 καὶ
3269 5513 3495 5579 ἀσεϐῶν,
3521 5502 3686 5575 ἐκτρέ-

2154 5628 2368 5665 πονται
2415 5611 2755 5667 κοινωνίαν.
2803 5609 2915 5663 Καὶ
2964 5608 3076 5661 εῖθε
3109 5608 3292 5672 «incl;
3337 5606 3411 5679 μὴ
3447 5602 3690 5677 ἡμάρτητο

2232 5730 2344 5799 (6'7)
2387 5729 2541 5788 Libb.
2568 5731 2692 5785 editi
2733 5731 2782 5783 in
2818 5729 3080 5795 margine.
3121 5727 3239 5799 μέν.

2240 5798 2348 5875 (0'8)
2390 5802 2558 5855 Codd.
2592 5802 2788 5874 licgius
2813 5811 2862 5856 et
2892 5798 3242 5866 Basilceusis,
3268 5798 3451 5869 ὄνομα.
