3840 6412
110 385 222 442 ess

1265 367 1544 428 CONTRA
1575 366 1853 425 CELSUM
1886 365 2009 421 LIB.
2056 365 2116 420 V.

3183 365 3322 424 1254

106 521 146 556 τι
171 499 293 556 κατά
322 496 415 571 τὴν
455 496 785 566 ἐπαγγελίαν
816 491 926 548 τῶν
952 490 1167 547 τοιωνδὶ
1200 489 1542 560 ὲπικλήσεων
1574 488 1638 540 ὲκ

1770 500 1921 550 uum,
1948 493 2039 538 aut
2068 483 2412 554 oumipotens
2444 481 2690 554 (diverse
2713 481 2856 536 enim
2887 481 3029 555 illam
3058 481 3327 552 interpre-

106 596 186 667 τῆς
215 593 409 648 τοιασδ).
440 591 645 662 φωνῆς.
689 589 761 641 Τὸ
800 587 843 640 δ’
888 586 1072 658 ὅμοιον
1101 582 1335 656 ὲροῦμεν
1380 580 1475 634 καὶ
1517 578 1649 649 περ)⁸

106 688 186 756 τῆς
205 683 417 739 Σαϐαὼθ
441 682 645 753 φωνῆς,
673 678 943 750 πολλαχοῦ
975 676 1082 731 τῶν
1111 674 1336 748 ἐπῳδῶν
1353 671 1648 744 παραλαμ-

108 778 388 848 ϐανομένης,
427 778 532 840 ὅτι,
567 777 615 829 εί
660 769 1145 845 μεταλαμϐάνομεν
1171 767 1232 820 τὸ
1261 767 1430 837 δνομα
1453 766 1533 827 εἰς
1563 762 1645 828 τὸ,

108 871 276 941 Κύριος
301 869 407 922 τῶν
433 867 737 938 δυνάμεων,
777 865 811 936 ἢ
852 865 1058 935 Κύριος
1103 860 1393 933 στρατιῶν,
1428 858 1462 929 ἢ
1510 873 1647 910 παν..

109 963 353 1036 πκράτωρ
386 961 694 1033 (διαφόρως
732 958 842 1029 γὰρ
882 952 1014 1011 αὐτὸ
1058 953 1366 1021 ἐξεδέξαντο
1403 953 1452 1005 οἱ
1479 953 1652 1021 ἑρμη-

109 1054 312 1116 νεύοντες
341 1052 512 1123 αύτόο)
540 1051 693 1105 οὐδὲν
733 1050 1062 1120 ποιήσομεν·
1109 1046 1401 1119 τηροῦντες
1444 1042 1487 1096 δ’
1522 1039 1654 1095 αὐτὸ

108 1149 150 1197 ἐν
181 1147 278 1208 τοῖς
317 1144 464 1207 ἰδίοις
499 1143 775 1212 φθόγγοις,
825 1139 1126 1212 ποιήσομέν
1177 1155 1250 1202 τι,
1286 1135 1362 1200 ὦς
1405 1151 1568 1204 φασιν
1602 1131 1654 1186 οἰ

110 1239 212 1308 περί
237 1236 402 1290 ταῦτα
423 1235 604 1288 δεινοί.
641 1235 712 1287 Τὸ
740 1234 796 1288 δὲ
817 1234 1002 1304 ὅμοιον
1029 1229 1261 1304 ἐροῦμεν
1288 1229 1383 1282 καὶ
1407 1226 1534 1296 περ).
1555 1223 1652 1277 τοῦ

110 1327 321 1383 ’Λδωναῖ.
343 1327 514 1400 Εἴπερ
536 1322 631 1381 οὗν
659 1325 781 1380 οὗτε
807 1325 865 1379 τὸ
891 1323 1118 1377 Σαϐαὼθ
1150 1321 1275 1376 οὔτε
1301 1320 1362 1374 τὸ
1404 1315 1650 1381 Ἀδωναῗς

1751 591 1830 635 tes
1854 577 2131 646 explicant
2155 575 2196 645 ),
2228 575 2360 630 nihil
2389 573 2701 645 proﬁcitur:
2735 573 2876 644 quod
2902 588 3061 628 secus
3089 575 3323 642 accidet,

1749 680 1806 726 ut
1849 669 2125 723 afﬁrmant
2160 669 2350 723 harum
2382 670 2579 722 artium
2611 667 2865 732 consulti,
2901 668 2944 722 si
2975 669 3192 738 propria
3225 681 3324 723 sua

1748 762 1928 835 lingua
1956 761 2364 832 pronuntietur.
2398 760 2470 813 De
2488 760 2695 814 Adonai
2732 760 2869 814 idem
2903 775 3118 829 quoque
3141 758 3326 813 dicere

1750 853 1896 908 licet.
1920 851 2041 907 Jam
2067 853 2110 907 si
2135 867 2308 921 neque
2336 851 2606 916 Sabaoth,
2637 867 2810 921 neque
2833 851 3038 906 AdOuai
3068 851 3325 906 translata

1752 946 1804 1002 iu
1841 960 1963 1000 eam
1993 944 2465 1014 signiﬁcationem,
2501 959 2663 1014 quam
2689 944 2877 999 Grreee
2909 944 3110 997 habere
3139 942 3327 996 viden-

1752 1047 1858 1100 tur,
1890 1037 2022 1092 nihil
2049 1036 2292 1091 elﬁciuut
2321 1079 2336 1104 ,
2378 1048 2582 1105 quanto
2623 1037 2798 1090 minus
2825 1035 3078 1100 etlicient,
3122 1045 3330 1105 quanto

1751 1130 1948 1186 minori
2007 1131 2212 1184 virtute
2257 1138 2418 1183 erunt
2453 1128 2594 1198 apud
2627 1143 2720 1182 eos
2759 1129 2850 1198 qui
2889 1129 3021 1183 nihil
3065 1131 3329 1184 interesse

1751 1229 2062 1285 autumant,
2098 1219 2286 1275 Jovem
2337 1228 2432 1273 aut
2482 1219 2789 1277 Excelsum.
2845 1231 2936 1273 aut
2971 1221 3205 1288 lenem,
3239 1230 3331 1275 aut

1752 1313 2068 1378 Adonteum,
2095 1321 2186 1365 aut
2221 1311 2462 1366 Sabaoth
2505 1311 2810 1379 appellari?

111 1425 592 1497 μεταλαμϐανόμενα
626 1427 704 1488 εἰς
747 1423 781 1477 ἃ
813 1423 959 1476 δοκεῖ
999 1421 1284 1493 σημαίνειν
1331 1419 1389 1471 ὲν
1435 1414 1643 1468 Ἐλλάδι
1675 1411 1846 1480 φωνῇ,
1883 1406 2034 1461 ἀνύει
2068 1425 2139 1461 τι·
2171 1408 2322 1478 πόσῳ
2349 1408 2509 1461 πλέον
2542 1407 2695 1462 οὐδὲν
2720 1407 2786 1461 ἂν
2813 1409 3055 1479 ποιήσαι,
3090 1409 3209 1464 οὐδὲ
3244 1410 3334 1461 δυ-

109 1519 267 1591 νηθείη
292 1519 437 1590 παρὰ
469 1523 583 1583 τοῖς
632 1520 798 1591 μηδὲν
831 1518 1106 1589 διαφέρειν
1136 1515 1403 1587 οἰομένοις
1436 1511 1534 1566 Δία
1566 1507 1828 1578 ’Ὕψιστον
1857 1503 2061 1570 καλεῖν,
2091 1504 2124 1574 ἦ
2152 1505 2312 1574 Ζῆνα,
2345 1504 2378 1576 ἢ
2425 1504 2729 1568 Ἀδωναῖον›
2765 1506 2797 1576 ἢ
2828 1503 3087 1570 Σαδαὼθ;

165 1615 330 1668 Ταῦτα
389 1615 452 1686 δὴ
510 1617 604 1669 καὶ
647 1615 716 1668 τὰ
754 1616 963 1678 τούτοις
1013 1613 1274 1681 ἀνάλογον
1325 1611 1433 1681 (Si)
1488 1607 1658 1679 ἁττόρ-

1831 1602 1920 1656 46.
1963 1602 2139 1671 Atque
2171 1603 2286 1656 haec
2319 1602 2537 1671 aliaque
2568 1604 2619 1656 id
2652 1619 2822 1672 genus
2855 1618 3050 1658 arcana
3086 1604 3140 1658 in
3170 1619 3334 1658 causa

110 1705 223 1772 ρητα
247 1703 588 1774 ἐπιστάμενοι
635 1705 874 1775 Μωῢσῆς
918 1704 1010 1758 καὶ
1043 1704 1092 1755 οἱ
1120 1703 1418 1774 προφῆται,
1451 1701 1660 1768 ἀπαγο-

110 1795 320 1864 ρεύουσιν
339 1796 506 1866 ὄνομα
523 1796 659 1849 θεῶν
681 1798 881 1868 ἐτέρων
897 1797 1180 1865 ὀνομάζειν
1201 1797 1258 1848 ἐν
1279 1795 1504 1866 στόματι
1524 1793 1656 1864 (82),

111 1889 426 1960 μελετήσαντι
451 1889 526 1960 τῷ
543 1891 634 1942 ἐπὶ
659 1891 788 1943 πᾶσι
817 1891 960 1961 μόνῳ
985 1889 1238 1959 εὔχεσθαι
1261 1887 1400 1959 Θεῷ,
1424 1888 1516 1940 καὶ
1539 1889 1660 1941 ἁνα-

112 1979 428 2053 μνημονεύειν
471 1984 530 2036 ὲν
571 1983 765 2054 καρδία
801 1982 1158 2056 διδασκομένη
1200 1981 1521 2052 καθαρεύειν
1552 1982 1660 2036 ἀπὸ

109 2074 260 2146 πάσης
282 2079 636 2146 ματαιότητος
663 2075 946 2146 νοημάτων
975 2075 1065 2128 καὶ
1083 2074 1296 2140 λέξεων.
1320 2075 1430 2130 Καὶ
1449 2074 1533 2129 διὰ
1554 2091 1661 2128 τοι-

109 2166 222 2220 αῦτα
247 2168 416 2220 πᾶσαν
445 2168 630 2221 αἰκίαν
661 2167 775 2239 (85)
807 2168 1097 2239 ὑπομένειν
1131 2168 1328 2240 μᾶλλον
1360 2168 1660 2240 αἱρούμεθα

109 2258 235 2326 ἤτδν
261 2260 352 2312 Δία
388 2260 719 2330 ὁμολογῆσαι
753 2259 902 2314 Θεὸν.
936 2261 1011 2313 UO
1040 2260 1148 2333 γὰρ
1189 2261 1280 2314 τὸν
1324 2263 1485 2316 αὑτὸν
1525 2259 1660 2318 εἶναι

111 2351 532 2424 ὑπολαμϐάνομεν
568 2351 684 2422 (84)
717 2353 815 2404 Δία
837 2354 932 2406 καὶ
965 2353 1192 2408 Σαϐαὼθ
1213 2372 1226 2386 ·
1249 2355 1366 2410 ἄλλ’
1389 2358 1496 2410 οὐδ’
1528 2359 1663 2423 ὅλως

110 2446 224 2499 θεῖόν
251 2448 402 2501 τιτὺν
430 2450 550 2500 Δία·
582 2447 808 2519 δαίμονα
848 2448 904 2501 δέ
946 2467 1066 2502 τινα
1107 2449 1318 2522 χαίρειν
1346 2451 1516 2517 οὕτως
1549 2453 1663 2505 ὀνο-

113 2538 408 2610 μαζόμενον,
453 2541 515 2594 ού
562 2541 714 2610 φίλον
771 2541 1077 2614 ἀνθρώποις
1127 2545 1248 2598 οὐδὲ
1289 2546 1368 2618 τῷ
1426 2546 1664 2618 ἀληθινῷ

110 2630 221 2700 Θεῷ.
244 2633 352 2686 Κᾶν
373 2633 662 2701 Αἰγύπτιοι
686 2633 741 2686 δὲ
765 2634 855 2688 τὸν
898 2635 1138 2706 ’Λμμοῦν
1159 2638 1291 2708 ἡμῖν
1318 2637 1660 2708 προτείνωσι,

110 2724 300 2779 θάνατον
329 2726 438 2799 (85)
467 2727 839 2792 ἀπειλοῦντες,
883 2727 1249 2799 τεθνηξόμεθα
1285 2730 1482 2800 μᾶλλον
1515 2731 1545 2802 ἦ
1574 2735 1664 2786 τὸν

119 2818 329 2890 Ἀμμοῦν
381 2820 855 2891 ἀναγορεύσαιμεν
900 2819 1042 2884 θεὸν,
1083 2821 1662 2894 παραλαμϐανόμενον,

109 2910 167 2973 ὡς
189 2913 338 2974 εἰκὸς,
382 2911 437 2964 ἔν
463 2929 606 2964 τισιν
637 2911 962 2979 Αἰγυπτίαις
996 2911 1285 2977 καλούσαις
1314 2915 1404 2968 τὸν
1436 2916 1666 2987 δαίμονα

110 3001 264 3056 τοῦτον
300 3003 558 3073 ἐπῳδαῖς.
596 3004 918 3071 Λεγέτωσαν
950 3003 1005 3056 δὲ
1039 3006 1128 3057 καὶ
1157 3005 1357 3059 Σκῦθαι
1386 3006 1476 3060 τὸν
1515 3010 1668 3062 Παπ-

111 3097 237 3148 τ-αἰον
263 3095 387 3149 Θεὸν
422 3091 564 3151 εἶναι
606 3097 696 3149 τὸν
736 3097 826 3149 ἐπὶ
875 3098 1039 3160 πᾶσιν
1059 3113 1072 3126 °
1118 3096 1231 3151 ἀλλ’
1263 3101 1424 3170 ἡμεῖς
1453 3101 1513 3153 ού
1543 3119 1666 3154 πει-

113 3186 303 3256 σόμεθα,
329 3188 574 3250 τιθέντες
611 3188 708 3258 μὲν
739 3189 833 3241 τὸν
860 3188 951 3241 ἐπὶ
977 3191 1110 3242 πᾶσι
1135 3189 1288 3254 Θεὸν,
1321 3190 1396 3254 ὡς
1426 3191 1483 3244 δὲ
1517 3191 1667 3261 φίλον

110 3278 173 3348 τῷ
197 3278 395 3349 λαχόντι
423 3281 524 3352 τὴν
554 3279 776 3332 Σκυθῶν
806 3279 1060 3351 ἐρημίαν,
1096 3283 1189 3335 καὶ
1213 3281 1274 3336 τὸ
1308 3283 1458 3346 ἔθνος
1490 3284 1666 3337 αὐτῶν

112 3369 186 3422 ut!
213 3371 302 3442 τὴν
327 3369 628 3434 διάλεκτον,
661 3371 758 3424 οὐκ
792 3369 1146 3441 ὀνομάζοντες
1177 3371 1268 3425 τὸν
1307 3371 1440 3425 Θεὸν
1466 3373 1542 3436 ὡς
1573 3391 1670 3426 κυ-

113 3459 193 3529 ρίῳ
225 3460 436 3532 ὀνόματι
469 3461 548 3533 τῷ
595 3461 901 3516 Παππαῖον.
939 3462 1193 3517 Σκυθιστὶ
1239 3462 1346 3535 γὰρ
1390 3464 1452 3517 τὸ
1496 3483 1667 3537 προσ-

111 3553 332 3621 ηγορικὸν
357 3554 448 3606 τὸν
482 3553 638 3617 Θεὸν,
671 3553 763 3606 καὶ
805 3555 1150 3622 Αἰγυπτιστὶ,
1187 3557 1281 3610 καὶ
1319 3558 1468 3630 πάσῃ
1492 3558 1668 3614 διαλέ-

111 3657 222 3713 κτῳ,
301 3645 530 3710 ἕκαστος
571 3645 950 3718 ἐντέθραπται,
975 3648 1274 3719 ὀνομάζων,
1300 3650 1397 3721 οὐχ
1426 3651 1670 3725 ἁμαρτή-

115 3751 261 3793 σεται.

170 4005 234 4060 Τὸ
263 4008 304 4062 δ’
352 4009 524 4064 αἴτιον
542 4010 646 4081 τῆς
706 4011 972 4067 Ἰουδαίων
1009 4016 1311 4088 περιτομῆς
1357 4017 1418 4070 οὐ
1472 4021 1669 4076 ταυτὸν

111 4098 294 4170 ἐστιτῷ
321 4102 477 4173 αἰτίῳ
505 4102 608 4172 τῆς
639 4104 948 4172 Αἰγυπτίων
983 4105 1092 4177 (86)
1124 4108 1429 4180 περιτομῆς
1461 4109 1494 4181 ἢ
1527 4111 1668 4164 Κόλ-

111 4206 228 4259 χων*
266 4192 341 4246 διὸ
375 4194 476 4264 οὐχ
514 4196 548 4266 ἠ
594 4194 733 4265 αὐτὴ
777 4197 1054 4269 νομισθείη
1108 4198 1176 4253 ἂν
1216 4202 1508 4273 περιτομή.
1557 4204 1670 4256 Kal.

1761 1695 2006 1758 fuerunt,
2064 1709 2162 1748 cur
2209 1693 2420 1766 Moyses
2466 1705 2520 1748 et
2572 1697 2850 1764 propheta:
2896 1698 3230 1763 vetarent",
3270 1715 3338 1753 ne

1758 1786 1990 1840 aliorum
2022 1789 2248 1840 deorum
2300 1801 2494 1840 nomen
2529 1787 2869 1855 proferretur
2896 1804 3019 1852 ore,
3050 1789 3193 1858 quod
3229 1792 3334 1845 soli

1761 1877 1870 1932 Deo
1899 1893 2091 1947 preces
2125 1878 2352 1933 fundere
2383 1878 2764 1947 proﬁtebatur,
2793 1890 2848 1934 ct
2896 1895 3083 1934 eorum
3131 1897 3340 1936 memo-

1758 1971 1837 2026 ria
1876 1971 1928 2024 in
1961 1973 2128 2025 corde
2159 1983 2502 2038 servaretur,
2550 1973 2694 2042 quod
2725 1992 2752 2025 a
2801 1974 2958 2028 vanis
2993 1975 3338 2044 cogitationi—

1759 2065 1861 2120 bus
1895 2067 2159 2134 vanisque
2194 2066 2356 2120 dictis
2407 2081 2605 2134 purum
2641 2081 2700 2121 se
2753 2077 3016 2137 prmstare
3048 2070 3337 2126 didicerat.

1762 2157 1884 2212 llaec
1929 2158 2093 2211 etiam
2146 2157 2378 2223 faciunt,
2409 2167 2466 2212 ttt
2517 2160 2724 2229 quaevis
2780 2171 3051 2215 tormenta
3095 2161 3340 2231 perferre

1762 2251 2046 2313 malimus,
2108 2267 2272 2321 quam
2323 2251 2509 2306 Jovem
2571 2252 2822 2308 conﬁteri
2897 2256 3087 2308 Deum.
3149 2254 3342 2325 Neque

1761 2345 1908 2399 enim
1959 2354 2216 2415 putamus
2273 2348 2524 2401 eumdem
2575 2347 2761 2403 Jovem
2805 2365 2926 2404 esse
2963 2367 3027 2407 ac
3055 2350 3338 2419 Sabaoth;

1765 2438 1874 2492 imo
1914 2455 1982 2493 ne
2009 2437 2138 2508 quid
2170 2438 2412 2492 divimun
2454 2441 2671 2508 quidem
2700 2457 2820 2496 esse
2851 2440 3063 2508 Jovem,
3095 2445 3193 2500 sed
3234 2447 3343 2500 da:-

1765 2545 1975 2584 monem
2010 2531 2321 2600 quempiam
2356 2541 2410 2585 et
2444 2533 2756 2586 hominibus
2813 2543 2868 2588 et
2914 2550 3046 2590 vero
3104 2537 3215 2592 Deo
3260 2537 3344 2591 in-
3434 2563 3441 2566 -

1765 2618 2000 2686 tensum,
2052 2623 2141 2688 qui
2194 2636 2252 2676 se
2305 2623 2406 2676 hoc
2459 2623 2678 2676 nomine
2738 2624 2985 2679 decorari
3023 2627 3241 2696 gaudet.
3277 2628 3344 2681 Et

1764 2713 2086 2768 Ammonem
2149 2713 2277 2770 licet
2326 2714 2564 2785 Aigyptii
2640 2716 2795 2771 nobis
2851 2718 3115 2774 intentata
3163 2730 3342 2776 morte

1766 2804 2100 2860 adorandum
2181 2816 2584 2876 proponerent,
2655 2809 2791 2862 mori
2867 2811 3342 2881 prmoptabimus,

1767 2914 1929 2967 qttam
1960 2898 2125 2952 Deum
2152 2897 2423 2968 appellare
2451 2898 2749 2953 dannonem
2790 2898 2961 2963 illum,
2986 2902 3078 2971 qui
3106 2902 3211 2969 hoc
3242 2919 3346 2959 no—

1694 2971 1738 3030 C
1771 2989 1912 3044 mine
1947 2989 2134 3059 procul
2167 2990 2331 3045 dubio
2360 2989 2698 3061 Egyptiacis
2736 2992 3058 3060 quibusdam
3094 2993 3344 3050 incanta-

1769 3082 2010 3138 tionibus
2063 3081 2370 3137 iuvoeatur.
2419 3083 2615 3137 Dicant
2676 3093 2729 3138 ct
2782 3084 3000 3156 Scytha:
3049 3086 3340 3158 Pappmum

1768 3191 1889 3232 esse
1923 3189 2196 3228 sunnnum
2225 3174 2393 3230 Deum
2422 3191 2435 3228 :
2464 3190 2564 3232 nos
2615 3175 2722 3230 illis
2756 3177 2914 3232 (idem
2961 3194 3067 3234 non
3123 3180 3346 3236 habebi-

1770 3283 1910 3320 mus.
1975 3265 2112 3320 Nam
2165 3266 2416 3334 ponimus
2477 3267 2698 3336 quidem
2778 3269 2899 3324 esse
2970 3272 3346 3328 univcrsitatis

1770 3360 1962 3426 Deum,
1993 3364 2084 3416 scd
2149 3376 2409 3431 negamus
2463 3361 2740 3429 proprium
2794 3361 2910 3431 ejus
2961 3378 3086 3421 esse
3147 3381 3344 3422 nomen

1769 3454 2079 3524 Pappieum,
2113 3469 2220 3523 quo
2247 3455 2473 3509 nomine
2516 3453 2819 3509 delectatur
2850 3456 2960 3523 ille,
2998 3459 3088 3528 qui
3115 3457 3347 3532 Scytha-

1774 3561 1892 3599 rum
1923 3545 2266 3609 solitudines,
2293 3545 2570 3600 nationem
2629 3555 2685 3601 et
2734 3548 2976 3618 linguam
3009 3551 3207 3606 sortito
3249 3551 3350 3607 ob«

1774 3637 1952 3691 tinuit.
1981 3636 2252 3692 Cancrum
2277 3637 2420 3706 quod
2458 3652 2651 3692 nomen
2688 3638 2740 3692 iu
2769 3640 3028 3711 Scythica
3060 3643 3144 3699 vel
3172 3643 3342 3718 Egy-

1769 3728 1946 3798 ptiaca
1972 3728 2056 3782 vel
2105 3728 2159 3782 in
2186 3729 2378 3798 quavis
2416 3728 2523 3781 alia
2561 3730 2790 3799 quisque
2820 3733 3085 3789 educatus
3121 3746 3204 3791 est
3245 3737 3347 3791 lin-

1771 3835 1872 3889 gua
1907 3820 2075 3874 Deum
2105 3820 2400 3891 signiﬁcat,
2432 3820 2560 3875 illud
2600 3821 2710 3878 Deo
2757 3824 2922 3878 tribui
2977 3826 3101 3882 sine
3125 3840 3347 3896 peccato

1770 3921 1968 3981 potest.

1840 4005 1930 4060 47.
1968 4006 2049 4060 Ad
2081 4005 2560 4063 circumcisionem
2620 4011 2764 4080 quod
2821 4019 3060 4078 spectat,
3102 4027 3210 4068 non
3255 4027 3350 4069 οε·
3431 4021 3433 4029 ‘

1770 4099 1892 4152 dem
1936 4098 2052 4166 ejus
2082 4101 2414 4168 usurpanda:
2457 4115 2622 4154 causa
2647 4111 2732 4156 est
2759 4103 2902 4172 apud
2957 4103 3196 4175 Judazos,
3227 4121 3350 4178 qua:

1771 4189 1912 4260 apud
1939 4188 2228 4262 Egyptios
2263 4201 2358 4244 aut
2391 4191 2648 4247 Colchos.
2702 4193 2780 4247 Ex
2813 4210 2918 4263 quo
2963 4196 3200 4253 efﬁcitur
3239 4215 3350 4257 non

110 4279 273 4354 ὥσπερ
296 4287 322 4338 ό
350 4285 492 4340 θύων
520 4287 582 4340 οὐ
611 4286 690 4357 τῷ
717 4287 866 4359 αὐτῷ
907 4289 1044 4354 θύει,
1089 4293 1136 4345 εἰ
1172 4293 1266 4346 καὶ
1292 4293 1494 4364 ὁμοίως
1521 4293 1662 4348 θύειν

1770 4283 2017 4338 eamdem
2106 4298 2227 4339 esse
2303 4286 2799 4344 circumcisionem.
2883 4286 3350 4354 Quemadmodum

110 4371 251 4438 δοκεῖ,
275 4379 360 4430 καὶ
391 4379 419 4431 ὁ
449 4379 747 4450 εὐχόμενος
777 4380 838 4432 οὐ
887 4381 965 4452 τῷ
1006 4384 1154 4455 αὐτῷ
1190 4384 1428 4456 εὔχεται,
1482 4389 1531 4441 εἰ
1573 4391 1668 4444 καὶ

111 4463 167 4516 τὰ
191 4466 312 4521 αύτὰ
341 4469 398 4522 ἐν
422 4473 546 4534 ταῖς
577 4471 765 4540 εὐχαῖς
791 4471 960 4537 ἀξιοῖ’
996 4474 1168 4540 οὕτως
1191 4477 1299 4530 οὐδ’
1333 4479 1388 4531 εἴ
1416 4497 1498 4544 τις
1522 4499 1671 4554 περι-

109 4555 350 4626 τέμνεται,
383 4563 669 4634 ἁδιαφορεί
696 4563 913 4629 πάντως
942 4568 1042 4638 τῆς
1069 4569 1203 4640 πρὸς
1235 4571 1422 4645 ἕτερον
1457 4592 1672 4647 περιτο-

115 4647 206 4739 μῆς
231 4652 350 4722 (87).
386 4656 451 4708 Ἡ
479 4657 592 4728 γὰρ
628 4657 904 4726 πρόθεσις,
937 4661 1033 4714 καὶ
1065 4662 1098 4712 ὁ
1125 4663 1307 4734 νόμος,
1345 4667 1438 4719 καὶ
1464 4667 1526 4720 τὸ
1555 4667 1673 4739 βού-

112 4738 166 4810 λη
172 4759 237 4811 μα
249 4745 333 4798 τοῦ
357 4765 422 4800 πε
429 4749 547 4819 ριτέ
556 4767 799 4820 μνοντος,
823 4751 1027 4807 ἀλλοῖον
1046 4759 1192 4808 ποιεῖ
1204 4758 1264 4810 τὸ
1285 4761 1434 4830 πρᾶγ
1441 4779 1542 4831 μαι
1555 4763 1599 4814 "l
1608 4779 1672 4815 vat

111 4833 148 4886 δ’
173 4835 242 4890 ἔτι
268 4841 458 4911 μᾶλλον
487 4843 654 4914 νοηθῇ
690 4845 750 4897 τὸ
785 4847 892 4898 πᾶν
921 4847 1064 4900 κατὰ
1094 4849 1185 4902 τὸν
1216 4851 1400 4916 τόπον,
1430 4853 1669 4920 λεκτέον,

111 4926 260 4982 ὅτιτὸ
287 4937 380 5004 τῆς
407 4933 758 5007 δικαιοσύνης
798 4936 965 5008 ὄνομα
1005 4941 1201 4995 ταυτὸν
1236 4943 1336 5014 μέν
1375 4946 1490 4998 ἐστι
1521 4946 1675 5020 παρὰ

113 5021 251 5074 πᾶσιν
277 5025 561 5098 Ἕλλησιν·
628 5028 730 5100 ἤδη
770 5029 827 5083 δὲ
869 5032 1254 5089 ἀποδείκνυται
1299 5037 1431 5109 ἄλλη
1487 5041 1587 5111 μὲν
1637 5042 1672 5111 ἡ

113 5113 211 5164 κατ’
247 5116 559 5192 Ἐπίκουρον
607 5121 919 5196 δικαιοσύνη
965 5125 1100 5194 (88),
1142 5127 1274 5200 ἄλλη
1326 5129 1386 5183 δὲ
1440 5133 1473 5202 ἡ
1535 5131 1677 5185 κατὰ

171 5211 212 5242 ⁸⁸
247 5215 404 5272 Exod.
445 5234 606 5282 nm,
649 5219 753 5285 15;
787 5219 930 5275 Psal.
967 5238 1062 5286 xv,
1103 5223 1158 5278 4.

308 5312 647 5383 ᾉνάλογον.
674 5313 992 5381 Philocalia,
1021 5319 1164 5372 κατὰ
1184 5317 1244 5372 τὸ
1264 5316 1548 5383 ἀνάλογον.

177 5377 274 5458 (82)
308 5377 649 5458 Hggschelius
677 5393 733 5438 et
759 5377 1068 5458 Speticerus
1101 5389 1152 5441 in
1196 5400 1366 5449 textu.
1418 5377 1476 5439 ὲν
1527 5384 1657 5458 [ἐνὶ]

114 5449 328 5528 ςτόματι.
361 5453 502 5528 Mox.
541 5470 642 5521 pro
694 5449 1075 5528 μελετήσαντι,
1133 5458 1391 5515 Gelenius
1443 5449 1660 5511 vidétur

115 5515 282 5596 legisse
313 5523 503 5596 μελετή
511 5515 725 5586 σαντεξ.

176 5589 503 5670 (Quidam;
529 5597 756 5670 ςιίκίιιν.
787 5595 870 5651 Jo.
906 5596 1122 5670 $ehlen.
1164 5607 1432 5670 syntagm.
1469 5601 1525 5663 2.
1588 5597 1664 5653 De

115 5658 202 5740 iiiis
227 5659 363 5731 Syris
398 5682 416 5719 :
470 5682 504 5740 ι.
528 5666 626 5721 Pie
683 5667 859 5721 fateor
882 5658 1210 5740 Origenes:
1244 5658 1354 5738 qui,
1387 5658 1662 5725 non'Vult

117 5725 454 5810 IDeum'verum
478 5733 670 5810 Jovem
705 5739 925 5810 vocari,
945 5725 1033 5793 id"
1047 5748 1151 5806 est,
1180 5725 1354 5810 Ζῆνα,
1380 5743 1450 5796 ob
1502 5741 1662 5796 fabu-

117 5793 264 5884 larum
292 5805 355 5884 tle
389 5821 452 5860 eo
485 5793 1064 5884 spurcitiem.__V'ideas
1125 5793 1474 5882 ejus'llib'ruin
1504 5793 1664 5884 quin-

118 5874 210 5923 tum
240 5879 472 5930 adversus
500 5875 734 5932 Celsum.
775 5895 794 5929 ι
831 5876 1095 5936 SPENCER.

1774 4376 1921 4432 enim
1956 4390 2022 4430 ex
2054 4392 2118 4432 eo
2159 4378 2301 4447 quod
2333 4379 2457 4442 quis
2487 4379 2675 4433 eadem
2726 4381 2937 4436 ratione
2988 4396 3146 4436 sacra
3198 4385 3349 4452 facit,

1777 4495 1884 4534 non
1915 4495 2038 4535 eum
2087 4477 2338 4550 sequitur
2367 4481 2544 4535 eidem
2599 4495 2758 4536 sacra
2793 4481 2997 4546 facere,
3028 4493 3123 4537 aut
3168 4485 3346 4540 eidem

1772 4573 1970 4628 offerre
2002 4587 2212 4643 preces,
2247 4572 2339 4642 qui
2395 4572 2583 4628 eadem
2641 4573 2693 4627 in
2751 4574 3004 4642 precibus
3061 4577 3346 4646 postulat:

1774 4669 1876 4736 sic,
1912 4667 2131 4723 etiamsi
2196 4666 2318 4736 quis
2374 4666 2828 4732 circumcidatur,
2885 4667 3109 4724 minime
3156 4683 3349 4725 consc-

1773 4775 1946 4830 quens
1975 4768 2060 4814 est
2094 4758 2215 4827 ejus
2241 4758 2720 4814 circumcisionem
2752 4759 2820 4814 ab
2855 4757 3082 4813 alterius
3111 4759 3350 4815 circum-

1774 4852 1986 4909 cisione
2045 4865 2151 4906 non
2207 4851 2541 4920 discrepare.
2575 4850 2858 4904 Diversum
2907 4852 3051 4904 enim
3099 4853 3350 4923 proposi-
3435 4914 3441 4922 ,

1777 4957 1912 5010 ῑιιιη,
1946 4945 2161 4999 diversa
2218 4943 2328 5003 lex.
2360 4943 2634 4997 diversum
2668 4943 3116 5002 circumcideutis
3173 4947 3354 5002 consi-

1777 5038 1910 5091 lium
1942 5036 2180 5100 faciunt,
2204 5043 2260 5089 ut
2296 5033 2462 5105 614
2505 5035 2722 5088 diversa
2784 5033 2854 5089 sit
2901 5034 3066 5088 etiam
3110 5035 3353 5090 circurn-

1778 5132 1934 5187 cisio.
1969 5130 2124 5197 Quod
2150 5129 2367 5200 quidem
2401 5138 2458 5182 ut
2502 5129 2743 5198 penitius
2774 5127 3130 5198 intelligatur,
3162 5128 3352 5186 dicen-

1844 5316 1956 5388 (84)
1995 5314 2538 5384 Ὑπολαμϐάνομεν.
2576 5315 2701 5388 rSie
2740 5315 3058 5388 Philocalia.
3092 5315 3358 5375 Hmsche-

1771 5386 1873 5442 lius
1901 5398 2079 5458 autem
2117 5396 2171 5440 et
2201 5388 2530 5458 Speucerus,
2563 5387 3102 5458 ὑπολαμϐανόμενον.

1839 5455 2324 5530 (8ᾃ)ῌωςι·1ιθιὶιιε
2378 5457 2446 5530 in
2491 5455 2948 5530 ιοχιιιηκὸλασιν.
3007 5459 3175 5530 Paulo
3235 5469 3356 5530 post

1771 5529 1860 5583 ubi
1899 5527 2190 5600 Philoealia
2227 5529 2408 5600 habet,
2425 5527 2894 5600 ἀναγορεύσαιμεν
2913 5528 3058 5600 θεόν,
3094 5527 3356 5600 Ηαεερίιθ-

1771 5601 1878 5672 ii'u‘s
1911 5607 1996 5672 et_
2024 5599 2338 5672 Spetteet‘us
2397 5599 2609 5672 habent
2634 5640 2647 5660 ,
2677 5599 3146 5672 ﬁvdyopaécopsv
3207 5599 3349 5656 θεόν.

1769 5667 2262 5741 lufr_a_i’hjlocalia,
2292 5669 2454 5740 ἡμεῖς
2483 5669 2544 5721 ού
2574 5667 2896 5741 πειθόμεθαξ

1845 5737 1958 5810 (86)
1988 5737 2410 5810 HmschqliuSin
2453 5751 2621 5802 textu,
2653 5737 2972 5809 Αἰγυπτίου.

1995 5810 2170 5884 Mallet
2200 5808 2445 5884 Guietus,
2483 5812 2549 5884 τῇ
2585 5811 2725 5884 πρὸς
2755 5811 2942 5884 ἕτερον
2969 5813 3260 5884 περιτομῇ.

1848 5879 1960 5954 (88)
2001 5881 2184 5949 Ἄλλη
2207 5880 2324 5952 μὲν
2355 5882 2394 5950 ἡ
2425 5879 2551 5936 καθ
2595 5879 2949 5951 Ἐπίκουρον
2973 5879 3351 5954 διᾶιαιόσῧνη.
