3840 6412
218 303 348 360 1261

1366 312 1647 368 CONTRA
1686 311 1961 369 CELSUM
2017 313 2144 370 LIB.
2186 313 2249 370 V.

3329 323 3470 384 1263

224 418 476 488 Ῥωμαῖοι
507 416 648 470 κατὰ
674 417 1019 488 Χριστιανῶν
1059 421 1152 474 ἐπὶ
1187 423 1264 493 τῷ
1310 425 1552 480 κωλῦσαι
1596 427 1772 480 αὐτοὺς

1899 427 2024 498 gnto
2047 428 2274 484 verbum
2313 441 2467 482 suum
2503 429 2556 483 in
2597 437 2764 485 totum
2806 445 2979 502 genus
3027 433 3304 491 hominum
3339 455 3470 509 pro.

212 507 289 562 ἔτι
319 506 470 574 εἶναι,
494 509 553 562 οὐ
587 507 904 581 δεδύνηνται
922 527 936 540 ο
961 505 1029 582 ἦν
1059 513 1166 580 γὰρ
1196 514 1592 586 ὑπερμαχοῦσα
1616 517 1796 570 αὐτῶν

1909 533 2042 588 paga
2052 529 2218 574 retur.

213 602 328 656 θεία
387 606 524 675 χεὶρ,
575 605 669 657 καὶ
715 603 1015 678 βουλομένη
1067 607 1157 660 τὸν
1198 609 1290 661 τοῦ
1339 610 1473 664 Θεοῦ
1523 613 1678 682 λόγον
1730 612 1838 665 ἀπὸ
1892 615 2020 683 μιᾶς
2053 616 2150 686 τῆς
2178 616 2316 668 κατὰ
2351 617 2447 687 τὴν
2489 617 2744 672 Ἰουδαίαν
2770 621 2872 692 γῆν
2916 623 3116 691 γωνίας
3151 625 3471 702 ἐπισπείραι

209 701 312 772 ὅλῳ
337 700 410 770 τῷ
433 700 577 768 γένει
607 699 716 754 τῶν
747 701 1071 773 ἀνθρώπων.

288 793 419 845 Ἀλλ’
437 794 556 845 ἐιιιιε)⁵
583 793 724 849 κατὰ
753 795 815 848 τὺ
837 795 1060 850 δυνατὸν
1094 799 1224 870 ἡμῖν
1251 800 1499 855 λέλεκται
1533 803 1667 874 πρὸς
1697 805 1786 857 τὸν

207 885 426 950 Κέλσον,
463 889 876 960 κατηγοροῦντα
919 891 1185 947 Ἰουδαίων
1218 894 1311 948 καὶ
1357 895 1450 949 τοῦ
1493 897 1652 966 λόγου
1686 901 1788 953 αὐ-

204 979 328 1044 τῶν,
355 980 421 1034 τὰ
447 981 738 1052 ἐγκείμενα
775 983 874 1054 (7),
905 983 1066 1055 Φέρε,
1104 985 1174 1040 τὰ
1202 986 1330 1057 ἐξῆς
1358 987 1643 1060 ἐκθέμενοι
1679 1009 1786 1046 πα-

208 1076 574 1146 ραστήσωμεν,
607 1074 689 1126 δτι
713 1074 839 1128 οὔτε
862 1075 1298 1150 ἁλαζονευόμεθα
1321 1082 1784 1154 ἐπαγγελλόμενοι

205 1165 388 1222 εἰδέναι
433 1165 522 1219 τὸν
570 1167 742 1237 μέγαν
785 1169 917 1222 Θεόν
943 1186 956 1200 ⁸
1008 1169 1132 1224 οὔτε
1175 1173 1420 1245 γοητείᾳ,
1463 1175 1538 1238 ὡς
1576 1175 1782 1240 Κέλσος

204 1259 381 1321 οἴεται,
419 1259 742 1332 ὑπήχθημεν
771 1263 1069 1328 Μωῦσέως,
1115 1265 1147 1335 ἢ
1191 1267 1285 1319 καὶ
1335 1267 1498 1324 αὐτοῦ
1543 1269 1636 1322 τοῦ
1670 1271 1782 1325 Σω-

203 1353 358 1424 τῆρος
391 1353 543 1423 ἡμῶν
585 1352 757 1424 Ἰησοῦ
778 1371 791 1384 ο
821 1354 935 1408 ἀλλ’
972 1357 1059 1410 ἐπ’
1082 1357 1272 1429 ἀγαθῷ
1301 1359 1442 1420 τέλει
1470 1362 1564 1414 καὶ
1594 1362 1686 1416 τοῦ
1721 1366 1780 1417 ἐν

203 1446 402 1514 Μωῡσῇ
436 1442 569 1497 Θεοῦ
614 1445 907 1515 ἀκούομεν,
955 1447 1048 1500 καὶ
1082 1448 1171 1508 τὸν
1213 1451 1659 1523 μαρτυρούμενον
1688 1457 1779 1508 ὑπ’

203 1533 356 1586 αὐτοῦ
385 1533 514 1587 Θεὸν
555 1533 761 1604 Ἰησοῦν
787 1535 863 1598 ὡς
889 1535 1020 1589 Υίὸν
1065 1537 1200 1590 Θεοῦ
1231 1540 1665 1614 παρεδεξάμεθα,
1711 1546 1780 1600 τά

202 1627 387 1697 ἄριστα
416 1625 749 1692 ἐλπίζοντες,
785 1626 924 1680 ἐπὰν
955 1629 1096 1689 κατά
1133 1630 1226 1682 τὸν
1263 1631 1419 1701 λόγον
1460 1635 1627 1690 αὑτοῦ
1662 1637 1782 1712 βιώ-

1961 805 2048 859 51.
2083 804 2189 860 Sed
2245 809 2502 874 quoniam
2559 823 2657 876 pro
2709 810 2916 866 viribus
2947 813 3016 867 ad
3054 811 3195 868 Celsi
3247 814 3466 872 Iudaeos

1888 911 2182 966 eorumque
2254 900 2508 968 dogmata
2602 900 2929 957 inseetantis
3000 903 3301 962 calumnias
3382 924 3467 963 re-

1885 988 2233 1057 spondimus,
2264 1005 2396 1060 age,
2450 993 2792 1060 sequentium
2839 994 3090 1052 examine
3115 1001 3468 1056 ostendamus

1885 1081 2210 1150 arrogantia:
2262 1084 2398 1138 verti
2432 1099 2538 1137 non
2571 1085 2804 1154 debere,
2868 1088 3012 1156 quod
3073 1091 3228 1146 nobis
3284 1095 3463 1163 magni

1885 1172 2049 1242 317
2085 1172 2179 1227 Dei
2208 1174 2454 1228 notitiam
2483 1176 2858 1244 vindicamus;
2888 1195 2990 1234 nos
3015 1179 3215 1252 Moysis
3242 1195 3336 1238 aut
3387 1188 3466 1255 ip-

1889 1262 2003 1317 sius
2044 1263 2170 1318 Jesu
2221 1266 2392 1319 nostri
2445 1266 2745 1324 Salvatoris
2797 1271 3084 1341 praestigiis
3134 1289 3237 1328 non
3298 1261 3494 1331 fuisse.

1888 1355 2320 1422 circumventos;
2351 1358 2480 1426 quin
2519 1359 2697 1428 potius
2734 1377 2832 1416 nos
2868 1378 3064 1433 magno
3096 1378 3283 1422 nosne
3315 1383 3465 1424 corn-

1889 1444 2052 1502 modo
2079 1448 2245 1514 Deum
2277 1449 2331 1503 in
2363 1449 2548 1520 Moyse
2594 1451 2903 1520 loquentem
2937 1459 3143 1524 audire,
3175 1472 3228 1516 et
3253 1460 3464 1529 Jesum,

1886 1556 2049 1609 quem
2086 1539 2229 1595 Deus
2253 1542 2366 1610 ipse
2406 1542 2574 1597 Deum
2607 1559 2729 1599 esse
2761 1556 3008 1613 testatur,
3047 1561 3104 1604 ut
3145 1552 3234 1608 Dei
3267 1555 3462 1610 Filium

1890 1634 2153 1702 recipere.
2189 1651 2311 1689 cum
2342 1651 2436 1705 spe
2461 1635 2596 1702 fore,
2634 1648 2710 1702 nt,
2753 1640 2798 1694 si
2825 1639 2939 1708 ejus
2974 1647 3260 1714 przeceptis
3297 1650 3461 1704 vitam

202 1735 392 1788 σωμεν.
432 1717 680 1782 Ἐκόντες
711 1717 755 1770 δ’
784 1719 1212 1791 ὑπερϐησόμεθα
1242 1723 1418 1778 εἰπεῖν
1458 1727 1538 1787 είς
1585 1727 1620 1780 ἂ
1651 1746 1772 1800 προ-

1887 1728 2280 1794 componimus,
2356 1729 2593 1783 maxima
2644 1731 2784 1787 bona
2835 1748 3254 1806 consequamur.
3335 1742 3464 1808 Qum

200 1807 444 1874 λαϐόντες
497 1810 825 1881 ἐξεθέμεθα,
881 1811 1228 1877 διδάσκοντες
1292 1835 1310 1865 ι
1341 1817 1504 1870 πόθεν
1551 1818 1778 1891 ἥκομεν,

200 1901 286 1954 καὶ
316 1901 434 1953 τίνα
482 1902 724 1972 ἀρχηγὸν
772 1901 987 1974 ἔχομεν,
1035 1904 1127 1956 καὶ
1158 1904 1244 1968 τίς
1275 1906 1303 1958 ὁ
1330 1906 1439 1959 ἀπὸ
1485 1908 1674 1962 τούτου
1705 1911 1781 1964 νό-

201 2010 310 2063 μος.
338 2012 354 2044 ι
393 1977 520 2054 Κᾶν
557 1993 816 2064 βούληταί
867 2012 928 2063 γε
977 1997 1123 2066 ἡμᾶς
1156 1997 1324 2069 μηδὲν
1369 1997 1647 2073 διαφέρειν
1670 2004 1780 2058 τῶν

196 2088 279 2142 τὸν
299 2090 519 2160 τράγον,
544 2089 577 2160 ἢ
603 2090 695 2143 τὸν
710 2090 936 2162 κριὸν,
956 2091 1046 2144 τὸν
1073 2091 1433 2163 κροκόδειλον,
1461 2095 1492 2164 ἢ
1518 2097 1608 2150 τὸν
1627 2097 1776 2168 βοῦν,

197 2183 226 2254 ἦ
258 2182 348 2235 τὸν
379 2183 540 2235 ἵππον
566 2183 658 2235 τὸν
686 2184 952 2254 ποτάμιον
981 2184 1078 2254 (8),
1127 2183 1159 2255 ἢ
1194 2185 1285 2238 τὸν
1321 2189 1707 2258 κυνοκέφαλον.
1743 2193 1775 2270 ἢ

197 2275 434 2348 αἴλουρον
487 2277 754 2330 σεϐόντων
806 2277 1140 2346 Αἰγυπτίων,
1192 2281 1220 2331 ό
1257 2279 1465 2344 Κέλσος
1519 2283 1679 2348 αὐτὸς
1713 2285 1778 2338 ἂν

198 2370 375 2441 εἰδείη,
403 2371 494 2422 καὶ
516 2373 576 2426 εἴ
606 2386 690 2433 τις
725 2368 874 2439 αὐτῷ
908 2369 1037 2441 περὶ
1070 2369 1261 2423 τούτου
1301 2371 1578 2441 ὀμοδοξεῖ·
1617 2377 1777 2447 ἡμεῖς

195 2459 266 2524 δὲ,
322 2462 414 2533 ὅση
465 2461 715 2532 δύναμις,
767 2459 856 2514 διά
906 2460 1112 2514 πολλῶν
1163 2463 1221 2515 ἐν
1272 2466 1384 2529 τοῖς
1421 2466 1527 2538 πρὸ
1571 2468 1778 2523 τούτων

198 2553 318 2624 περὶ
370 2554 468 2623 τῆς
505 2555 600 2622 ,είς
651 2553 745 2607 τὸν
784 2553 990 2624 Ἰησοῦν
1041 2553 1196 2626 ἡμῶν
1231 2558 1395 2629 τιμῆς
1431 2559 1775 2632 ἀπελογησά-

201 2648 352 2719 μεθα,
397 2648 723 2713 δεικνύντες,
780 2649 860 2702 ὅτι
897 2652 1142 2722 κρεῖττον
1177 2651 1442 2722 εὕρομενο
1497 2655 1588 2710 καὶ
1628 2657 1776 2727 μόνοι

198 2741 367 2812 ἡμεῖς,
414 2740 474 2792 τὸ
523 2738 785 2811 καθαρῶς
820 2739 914 2792 καὶ
960 2739 1157 2810 ἀμιγὲς
1193 2740 1268 2812 (9)
1303 2741 1440 2812 πρὸς
1483 2742 1546 2796 τὸ
1583 2742 1775 2813 ψεῦδος

199 2831 380 2902 ἀληθὲς
427 2832 484 2883 ἐν
529 2833 596 2902 τῇ
643 2829 819 2902 Ἰησοῦ
850 2830 1087 2901 Χριστοῦ
1131 2831 1450 2905 διδασκαλίᾳ
1482 2836 1777 2905 ἀποφαινό-

201 2906 342 2994 μενοι
374 2917 532 2989 εἷναι,
569 2923 668 2993 οὐχ
714 2923 962 2987 ἐαυτους,
992 2922 1128 2977 ἀλλά
1173 2924 1264 2977 τὸν
1296 2925 1613 2982 διδάσκαλον
1649 2947 1775 2982 συν-

201 3017 431 3088 ίσταμεν,
481 3015 588 3070 ὑπὸ
617 3015 714 3069 τοῦ
749 3017 842 3070 ἐπὶ
872 3018 1003 3070 πᾶσι
1037 3016 1174 3070 Θεοῦ
1211 3017 1300 3072 διὰ
1333 3019 1594 3075 πλειόνων
1629 3039 1773 3094 μαρ-

1887 1832 2012 1870 vero
2061 1833 2159 1872 nos
2204 1818 2292 1873 hic
2343 1819 2664 1892 interrogat,
2713 1827 2899 1883 «unde
2932 1831 3251 1888 veniamus?
3302 1853 3460 1903 quem

1884 1904 2184 1962 habeamus
2215 1908 2448 1964 ducem?
2495 1927 2744 1982 quaenam
2799 1917 2870 1970 sit
2902 1917 3018 1986 ejus
3049 1919 3216 1975 lex?»
3273 1940 3334 1978 ea
3383 1927 3464 1980 ln-

1882 1997 2018 2051 bens
2049 2008 2337 2067 praetereo.
2375 2001 2501 2058 llaec
2532 2006 2676 2059 enim
2713 2010 2892 2062 omnia
2914 2011 3030 2079 jam
3055 2017 3461 2084 occupavimus.

1883 2089 2036 2155 Quod
2087 2090 2163 2144 ‘ait
2199 2092 2332 2146 nihil
2369 2110 2469 2148 nos
2521 2097 2739 2154 dillerre
2789 2099 2858 2154 ab
2887 2101 3172 2174 Egyptiis,
3234 2111 3326 2177 qui
3371 2121 3464 2165 aut

1883 2180 2120 2246 hircum,
2177 2194 2271 2238 aut
2321 2186 2568 2256 arietem,
2605 2200 2698 2244 aut
2743 2195 3095 2264 crocodilmn,
3126 2213 3220 2254 aut
3244 2200 3460 2271 bovem,

1885 2283 1978 2327 aut
2007 2276 2478 2345 hippopotamum,
2534 2291 2628 2335 aut
2665 2289 3114 2356 rynocephalum,
3165 2304 3258 2348 aut
3303 2295 3460 2350 felcm

1881 2365 2088 2430 colunt,
2127 2370 2242 2437 ipse
2270 2370 2468 2425 viderit
2504 2383 2559 2427 et
2597 2375 2640 2428 si
2683 2377 2774 2444 qui
2808 2377 2860 2433 in
2897 2383 3084 2435 eadem
3117 2397 3180 2438 ac
3220 2384 3307 2439 ille
3340 2402 3464 2440 sen-

1883 2461 2048 2514 tentia
2078 2473 2349 2516 versatur.
2410 2463 2518 2517 Nos
2565 2481 2660 2535 pro
2699 2469 2837 2522 virili
2874 2471 3121 2540 pluribus
3155 2491 3314 2545 sapra
3356 2481 3461 2533 cul-

1883 2563 1968 2606 tus
1991 2551 2116 2608 Jesu
2144 2569 2172 2607 a
2204 2555 2362 2610 nobis
2386 2557 2574 2611 trilmti
2631 2562 2894 2616 rationem
2938 2566 3293 2634 reddidimus,
3330 2586 3460 2639 pro-

1880 2647 2237 2715 bavimusque
2271 2663 2378 2702 non
2412 2649 2581 2705 fuisse
2630 2652 2912 2708 meliorem
2948 2668 3156 2725 partem
3203 2661 3269 2712 ad
3298 2675 3457 2729 quam

1882 2754 1982 2793 nos
2031 2738 2454 2807 applicaremus.
2516 2741 2650 2796 Cum
2701 2753 2879 2798 antem
2942 2747 2994 2798 in
3035 2745 3160 2800 Jesu
3211 2750 3458 2804 dmtrina

1880 2831 2262 2885 contendimus
2306 2830 2536 2886 inveniri
2575 2849 2765 2902 puram
2815 2847 2867 2889 et
2899 2837 2966 2891 ab
2999 2839 3144 2892 omni
3178 2844 3460 2897 mendacio

1882 2935 2107 2976 vacuam
2131 2923 2418 2976 veritatem
2440 2961 2454 2988 ,
2487 2939 2592 2978 non
2643 2941 2740 2980 nos
2771 2927 2898 2996 ipsi,
2927 2930 3023 2984 sed
3055 2929 3329 2987 doctorem
3364 2951 3463 2989 no-

1882 3024 2053 3070 strum
2083 3015 2549 3078 commendamus,
2582 3016 2668 3070 cui
2718 3017 2899 3073 multis
2945 3023 3278 3088 argumentis
3313 3039 3464 3078 sunh

197 3109 504 3181 τυρηθέντα,
533 3109 630 3163 καὶ
661 3109 771 3163 τῶν
807 3109 1158 3182 προφητικῶν
1188 3111 1246 3164 ἐν
1284 3111 1550 3177 Ἰουδαίοις
1579 3113 1771 3184 λόγων,

1887 3119 2006 3160 mus
2050 3106 2214 3170 Dens,
2265 3107 2582 3175 prophetica
2623 3105 2934 3162 Jndaeorum
2965 3109 3187 3180 scripta.
3233 3113 3461 3181 ipsumet

199 3203 284 3256 καὶ
316 3203 482 3275 αὐτῆς
532 3204 635 3274 τῆς
667 3204 954 3276 ἐναργείας
977 3222 990 3235 ·
1026 3203 1294 3258 δείκνυται
1329 3206 1438 3280 γὰρ
1487 3209 1587 3261 οὐκ
1625 3209 1776 3271 ἀθεεὶ

199 3293 260 3347 τὰ
285 3295 579 3368 τηλικαῦτα
603 3295 792 3372 δεδυνη
803 3297 982 3367 μένος.

268 3478 363 3532 Ἦν
386 3476 440 3529 δὲ
466 3475 770 3547 βουλόμεθα
801 3477 1053 3541 ἐξετάσαι
1083 3478 1178 3532 νῦν
1234 3479 1326 3532 τοῦ
1361 3479 1566 3532 Κέλσου
1600 3479 1770 3546 λέξιν,

199 3568 358 3632 οὕτως
388 3569 498 3640 ἔχει
519 3587 531 3599 ·
593 3587 611 3619 ι
640 3570 752 3622 Καὶ
781 3569 846 3640 δὴ
880 3570 1308 3642 παραλείπωμεν
1344 3571 1452 3640 (10)
1506 3572 1603 3625 ὅσα
1645 3574 1773 3643 περὶ

199 3661 282 3714 τοῦ
325 3661 642 3716 διδασκάλου
709 3660 1096 3731 διελέγχονται,
1156 3663 1251 3716 καὶ
1288 3664 1512 3718 δοκείτω
1567 3683 1650 3729 τις
1697 3667 1772 3730 ὼς

199 3753 396 3826 ἀληθῶς
421 3754 673 3824 ἄγγελος.
703 3746 846 3806 τΗκε
892 3753 948 3807 δὲ
984 3754 1207 3826 πότερον
1253 3751 1405 3819 οὗτος
1438 3756 1652 3827 πρῶτος
1679 3761 1773 3812 καὶ

203 3849 364 3919 μόνος,
399 3849 430 3920 ἢ
479 3851 575 3902 καὶ
607 3847 756 3902 ἄλλοι
781 3847 1077 3918 πρότερον;
1116 3848 1177 3900 Εἰ
1216 3847 1313 3917 μὲν
1352 3851 1529 3918 φαῖεν,
1560 3851 1639 3902 ὅτι
1678 3851 1773 3920 μό-

200 3956 295 4004 νος,
346 3938 650 4010 ἐλέγχοιντο
701 3937 767 3997 ἂν
814 3936 1029 3989 ἐναντία
1077 3937 1226 4008 σφίσι
1270 3937 1604 4009 ψευδόμενοι.
1659 3939 1769 3992 Ἐλ-

200 4029 297 4089 θείν
329 4029 432 4101 γὰρ
476 4030 571 4088 καὶ
603 4027 795 4092 ἄλλους
843 4027 1058 4100 λέγουσι
1092 4027 1369 4093 πολλάκις,
1419 4030 1512 4081 καὶ
1539 4029 1672 4098 ὁμοῦ
1707 4046 1769 4100 γε

199 4123 507 4195 ἐξήκονταῆ
552 4122 943 4194 ἐϐδομήκοντα,
1000 4121 1094 4184 οὓς
1132 4121 1195 4191 δὴ
1240 4122 1490 4190 γενέσθαι
1545 4124 1767 4187 κακοὺς,

198 4215 282 4267 καὶ
311 4213 632 4280 κολάζεσθαι
665 4213 886 4284 δεσμοῖς
937 4211 1348 4283 ,ὑποϐληθέντας
1385 4214 1441 4265 ἐν
1505 4216 1575 4286 γῇ
1597 4231 1608 4242 ·
1647 4213 1770 4266 ὅθεν

198 4308 278 4360 καὶ
305 4307 399 4371 τὰς
424 4305 633 4378 θερμὰς
667 4303 852 4377 πηγὰς
878 4305 1014 4358 εἶναι
1045 4304 1114 4358 τὰ
1147 4305 1368 4358 ἐκείνων
1394 4305 1622 4376 δάκρυα.
1661 4307 1769 4366 Καὶ

202 4398 292 4470 μὴν
322 4401 410 4460 καὶ
444 4399 581 4470 πρὸς
615 4397 706 4451 τὸν
729 4396 893 4450 αὐτοῦ
929 4397 1079 4458 τοῦδε
1107 4398 1277 4467 τάφον
1313 4395 1486 4452 ἐλθεῖν
1515 4397 1764 4467 ἄγγελον,

199 4493 240 4544 οἱ
269 4493 360 4562 μὲν
391 4493 507 4557 ἐνα,
543 4494 590 4544 ei
622 4492 678 4545 δὲ
714 4491 827 4551 δύο,
862 4491 987 4555 τοὺς
1021 4491 1486 4562 ἀποκρινομένους
1519 4493 1638 4555 ταῖς
1666 4508 1765 4560 γυ-

199 4583 370 4648 ναιξὶν,
398 4585 480 4637 ὅτι
516 4583 738 4654 ἀνέστη.
783 4583 840 4635 Ὀ
893 4581 1002 4653 γὰρ
1031 4580 1125 4634 τοῦ
1175 4581 1310 4634 Θεοῦ
1349 4583 1505 4646 Παῖς,
1553 4581 1628 4645 ὡς
1663 4581 1768 4634 ἔοι..

199 4689 297 4738 κεν,
327 4677 423 4729 οὐκ
451 4675 678 4735 ἐδύνατο
720 4674 924 4738 ἀνοῖξαι
952 4675 1042 4728 τὸν
1073 4675 1262 4745 τάφον,
1299 4672 1411 4727 ἀλλ’
1447 4671 1636 4749 ἐδεήθη
1676 4670 1770 4724 ἆλ-

198 4766 278 4826 λου
320 4769 741 4840 ἀποκινήσοντος
787 4767 896 4838 (ll)
931 4768 1029 4838 τὴν
1081 4768 1304 4839 πέτραν.
1362 4767 1482 4819 Ἔτι
1522 4766 1620 4836 μὲν
1673 4764 1767 4818 καὶ

200 4859 321 4932 ὑπὲρ
365 4863 464 4933 τῆς
512 4861 734 4932 Μαρίας
781 4858 1019 4931 κυούσης
1056 4860 1194 4931 πρὸς
1238 4859 1330 4912 τὸν
1372 4858 1600 4910 τέκτονα
1633 4851 1766 4928 ἧκεν

198 5117 263 5187 τῷ
286 5117 486 5188 Θεῳ,οι
519 5115 590 5172 ad
611 5130 762 5192 oratu
784 5114 862 5186 τῷ
902 5113 1098 5192 Ἰησοῦ.
1121 5112 1273 5192 Quid
1286 5111 1506 5192 slvere.
1527 5119 1759 5192 utraque

200 5180 343 5245 hit-tio
370 5180 663 5246 coalescat
709 5188 764 5241 in
798 5180 974 5240 uitam
1015 5185 1174 5239 istam
1205 5180 1283 5254 τῷ
1311 5180 1430 5252 Θεῷ
1469 5180 1666 5254 Ἰησοῦ,
1700 5191 1760 5236 ιιι

198 5259 445 5314 referatur
470 5256 646 5334 Ἰησοῦ
674 5259 725 5334 in
755 5256 994 5334 genitivo
1023 5255 1089 5309 ad
1120 5250 1585 5334 μεταστήσαντος
1622 5250 1760 5334 [οι-ιο

199 5331 341 5403 etiam
390 5331 491 5401 legi
520 5321 1140 5403 Aipossitjto’teucgvvaé
1173 5321 1575 5403 αὐτῷίςῐησοῦ.
1617 5321 1760 5403 _Utnt

199 5410 288 5465 est,
314 5395 623 5457 Bohevrell'us
646 5408 700 5456 el.
719 5398 950 5455 Guietus
980 5398 1182 5466 legunt,
1215 5395 1312 5448 τοῦ
1353 5395 1550 5465 Ἰησοῦ,
1575 5401 1628 5446 et
1665 5406 1754 5446 re-

199 5467 444 5546 {erantad
458 5472 788 5546 praecedens
813 5467 1289 5546 μεταστήσαντος..
1473 5535 1485 5546 _

259 5542 328 5610 (7)
357 5544 428 5596 Τὰ
445 5531 781 5612 ἐγκείμενα.
811 5531 1007 5599 Cuieto
1035 5531 1386 5592 scribendum
1436 5534 1652 5590 videtur
1687 5531 1756 5584 τὰ

199 5610 487 5668 ἐκκείμενα.

261 5631 487 5682 κειμενα.
1673 5675 1684 5685 .

261 5681 328 5758 (8)
363 5685 571 5758 ’Ἰππονζ
599 5679 1043 5758 τὸν-ποτάμιριξ.
1079 5679 1159 5733 lta
1184 5676 1525 5758 recte-codd.
1556 5675 1756 5758 [Segius

201 5745 631 5828 et'llasileensisu.
687 5745 899 5828 εἰιζῳιεί
937 5748 1260 5828 Aristoteles
1315 5747 1410 5801 lib.
1451 5745 1752 5828 tImHt'stor.

202 5825 422 5893 enimah,
451 5842 572 5894 cap.
599 5825 654 5892 7,
696 5826 723 5877 ό
756 5816 811 5878 δέ
846 5823 1008 5890 ἵππος
1043 5824 1071 5878 ό
1097 5819 1386 5891 ποτάμιος,
1425 5826 1478 5872 ct
1507 5816 1600 5872 lib.
1628 5831 1748 5879 tht,

1885 3209 2062 3248 rerum
2095 3194 2366 3248 evidentia
2417 3195 2783 3249 testimonium
2817 3198 3122 3266 perhibent.
3166 3201 3267 3256 Tot
3314 3206 3458 3260 enim

1880 3287 1948 3341 ab
1981 3287 2072 3341 illo
2102 3286 2216 3341 ﬁeri
2249 3300 2352 3341 non
2387 3288 2630 3357 patuisse
2659 3289 2778 3344 sine
2809 3289 2919 3346 Deo
2953 3293 3238 3361 miracula,
3289 3300 3462 3359 mani-

1880 3377 2078 3434 festum
2111 3389 2208 3435 est.

1949 3471 2040 3526 59..
2084 3471 2214 3539 Quae
2242 3489 2388 3529 nunc
2416 3474 2560 3530 Celsi
2613 3478 2776 3532 verba
2809 3479 3022 3534 animus
3063 3489 3148 3534 est
3182 3489 3456 3544 excutere.

1879 3567 1993 3621 haec
2024 3579 2150 3623 sunt
2184 3588 2198 3623 :
2239 3589 2256 3623 ι
2280 3571 2423 3626 Sane
2469 3569 2845 3640 relinquamus
2879 3586 2966 3631 ea.
3001 3587 3124 3641 qua:
3171 3583 3357 3627 contra
3392 3575 3459 3628 il-

1878 3659 1963 3716 los
1993 3662 2061 3718 de
2097 3677 2195 3718 suo
2233 3663 2494 3734 magistro
2529 3661 2712 3716 alIerri
2771 3671 3018 3731 possunt.
3070 3663 3284 3738 Demus,
3311 3665 3468 3736 illum

1879 3768 2005 3809 vere
2059 3769 2181 3808 esse
2215 3752 2504 3823 quemdam
2549 3753 2820 3823 angelum.
2851 3797 2854 3800 .
2885 3755 2954 3809 At
2977 3755 3200 3810 venitne
3235 3756 3322 3810 ille
3353 3758 3462 3826 pri-

1877 3863 1998 3902 mus
2037 3863 2103 3901 ac
2131 3847 2316 3902 solus?
2375 3846 2457 3900 An
2492 3846 2582 3900 alii
2617 3847 2770 3916 prius
2796 3847 3096 3901 venerunt?
3148 3846 3204 3901 Si
3237 3863 3461 3916 respon.

1876 3938 2056 3992 derint
2109 3937 2283 3993 solum
2338 3938 2576 4002 venisse,
2638 3939 2857 3992 mentiri
2911 3953 3094 3994 secum
3167 3943 3459 4008 pugnantia

1875 4038 2193 4098 arguentur.
2238 4030 2394 4099 Saepe
2440 4030 2586 4083 enim
2613 4039 2667 4084 et
2721 4029 2858 4084 alios
2890 4031 3101 4084 venisse
3137 4030 3459 4098 pradicant,

1877 4136 2068 4191 nempe
2097 4122 2380 4192 sexaginta
2416 4121 2600 4185 simul,
2655 4131 2747 4175 aut
2795 4121 3157 4192 septuaginta,
3190 4123 3304 4191 qui,
3337 4139 3458 4178 cum

1877 4211 2004 4269 facti
2055 4213 2286 4267 fuissent
2330 4213 2480 4277 mali,
2539 4211 2770 4268 vinculis
2823 4213 2923 4266 sub
2988 4221 3131 4266 terra
3179 4215 3457 4268 constricti

1873 4321 2096 4363 suorum
2133 4305 2424 4359 criminum
2473 4320 2663 4374 poenas
2688 4303 2859 4367 luunt,
2892 4313 2945 4360 et
2977 4317 3041 4360 ex
3067 4317 3253 4360 eorum
3283 4303 3462 4380 lacrj.

1877 4401 1979 4454 mis
2007 4397 2211 4454 calidos
2263 4397 2438 4452 fontes
2471 4397 2702 4452 exoriri.
2743 4397 2808 4450 Et
2841 4399 2907 4451 ad
2959 4397 3118 4465 hujus
3145 4399 3458 4467 sepulcrum

1873 4494 1965 4548 alii
1998 4506 2188 4556 unum,
2229 4489 2320 4543 alii
2375 4490 2510 4543 duos
2562 4489 2744 4544 ferunt
2780 4489 3006 4558 angelos
3060 4490 3276 4544 venisse
3321 4507 3458 4544 lllltl-

1875 4586 2068 4639 tiatum
2099 4581 2444 4645 mulieribus,
2475 4580 2622 4636 illum
2655 4599 2686 4638 e
2728 4581 2954 4636 mortuis
2984 4579 3308 4637 surrexisse.
3362 4583 3458 4644 Dei

1873 4672 2018 4726 enim
2051 4669 2242 4735 Filius,
2272 4670 2456 4730 credo,
2490 4683 2595 4722 non
2626 4671 2800 4739 potuit
2845 4669 3156 4738 sepulcrum
3192 4681 3455 4740 relegere,

1875 4775 1929 4819 et
1965 4764 2071 4820 alio
2124 4779 2261 4834 opus
2310 4762 2502 4817 halmit
2548 4764 2638 4832 qui
2670 4763 2899 4833 lapidem
2943 4773 3268 4818 removeret.
3309 4765 3460 4826 Alter

1876 4859 2054 4912 adhuc
2093 4855 2316 4928 angelus
2353 4853 2566 4912 labrum
2618 4855 2899 4911 admonuit
2928 4855 3151 4910 Mariam
3185 4871 3305 4912 esse
3337 4871 3459 4928 gra-

1864 5127 1912 5187 e_.
1938 5112 2142 5187 24,δῴ
2159 5113 2250 5164 καὶ
2281 5110 2434 5187 ηντοῦ
2472 5110 2742 5187 ποταμίου
2767 5109 2934 5187 ἵππου
2955 5109 3132 5187 φύσις.
3165 5110 3301 5187 Male
3328 5126 3461 5177 ergo

1868 5183 2207 5238 llmsehelius
2237 5178 2640 5248 et'Spencerus
2683 5180 2785 5234 hoc
2815 5178 2933 5234 loco
2969 5181 3186 5243 habent,
3224 5181 3459 5234 ἱππόπο-

1863 5253 2079 5324 τάμιον.
2123 5250 2437 5321 Legendum
2470 5259 2591 5304 erat
2625 5250 2806 5320 potius
2837 5249 3238 5319 ίπποπόταμον.

1937 5346 2010 5426 (ρ)
2049 5343 2118 5426 Τί)
2149 5341 2416 5426 καραρῷς
2461 5341 2577 5426 θερί,
2603 5339 2831 5426 ἀμιγές.
2886 5340 3066 5394 Malim
3117 5356 3239 5395 cum
3285 5339 3457 5396 Bohe-

1869 5411 2028 5478 rello,
2057 5415 2119 5474 τὸ
2157 5411 2396 5483 καθαρὸν
2431 5411 2526 5465 καὶ
2555 5411 2778 5482 ἀμιγές.

1939 5507 2050 5581 (l0)
2091 5505 2318 5588 Primus
2343 5505 2541 5588 “codex
2593 5505 2950 5588 Anglicanus,
3001 5502 3451 5588 παραλείπωμεν,

1868 5575 2058 5648 sicque
2090 5578 2309 5648 legebat
2339 5575 2618 5632 Gelenius.
2665 5575 3008 5632 lleeschelius
3038 5589 3165 5629 vero
3195 5585 3249 5627 et
3275 5575 3452 5641 Spen.

1868 5646 2046 5712 cet'us,
2081 5646 2511 5720 παραλείπομεν.

1944 5743 2055 5815 (ll)
2085 5744 2287 5797 Omnes
2319 5745 2472 5803 codd.
2501 5761 2659 5814 mss.,
2691 5742 3135 5814 ἀποκινήσοντος.
3176 5735 3448 5809 Impressi,

1871 5816 2326 5888 ἀποκινήσαντος.

3471 3730 3546 3737 --μ
3559 3733 3568 3736 ,ν
