3840 6412
421 312 562 370 ηοδ

419 536 729 592 capessere.
782 519 846 574 Et
873 533 1136 588 quorsum
1167 522 1282 577 haec
1315 530 1459 575 tanta
1495 519 1814 590 diligentia?
1861 521 2000 590 Quid

419 629 558 686 opus
587 624 672 670 est
705 615 1017 670 enumerari
1055 627 1245 668 omnes
1321 615 1414 684 qui
1487 615 1553 668 ad
1587 613 1806 686 Moysen
1849 623 1903 670 et
1937 615 2002 668 ad

417 707 557 762 alios
585 719 650 761 ex
690 705 819 773 ipsis
873 705 1021 760 missi
1055 705 1220 759 sunt?
1257 703 1350 760 Sin
1399 705 1565 776 igitur
1616 707 1764 760 missi
1795 715 1921 760 sunt
1950 717 2003 762 ct

415 799 529 867 alii,
581 799 802 869 planum
860 807 946 852 est
991 807 1046 852 et
1099 798 1242 852 hunc
1298 798 1366 853 ab
1397 799 1586 854 eodem
1629 799 1737 854 Deo
1777 799 1998 855 missum

416 907 556 948 esse.
617 891 752 946 Volo
803 889 966 945 etiam
1011 890 1159 944 illum
1213 891 1283 945 ob
1341 904 1428 944 res
1472 889 1697 959 majoris
1743 891 2000 946 momenti

413 987 652 1054 legatum
691 982 882 1050 fuisse,
923 993 1017 1039 aut
1049 991 1266 1052 propter
1295 991 1517 1052 peccata
1546 981 1876 1050 Judaaorum,
1905 991 1998 1038 aut

409 1084 634 1149 propter
685 1075 1162 1146 interpretationes
1209 1073 1407 1144 quibus
1465 1089 1618 1130 suam
1677 1074 1996 1146 religionem

410 1171 798 1239 depravarent,
863 1177 958 1222 aut
1013 1177 1237 1236 propter
1303 1181 1518 1222 morum
1569 1166 1993 1240 improbitatem.

408 1259 537 1314 llaec
570 1259 716 1315 enim
751 1257 1102 1313 subindicare
1131 1257 1404 1312 videnlur.
1437 1277 1460 1311 ι

475 1351 644 1422 618
671 1351 762 1408 55.
802 1349 930 1405 [hee
961 1358 1018 1404 ut
1055 1347 1462 1419 refellerentur,
1497 1351 1630 1408 satis
1657 1352 1874 1422 quidem
1903 1367 1996 1410 es—

405 1451 532 1498 sent
579 1458 700 1512 quae
755 1458 918 1514 supra
949 1443 1094 1498 dicta
1138 1451 1292 1514 sunt,
1321 1442 1411 1499 ubi
1444 1443 1673 1500 seorsim
1707 1446 1773 1500 de
1805 1444 1994 1500 Salva-

409 1547 528 1592 tore
571 1545 766 1592 nostro
791 1535 918 1592 Jesu
951 1535 1173 1592 Christo
1203 1547 1394 1591 contra
1428 1533 1646 1592 Celsum
1680 1551 1990 1595 sermonem

403 1629 634 1684 fecimus
661 1648 675 1684 :
709 1630 827 1696 sed,
861 1645 930 1685 ne
957 1629 1240 1686 videamur
1268 1629 1474 1700 aliquid
1499 1631 1616 1702 ejus
1642 1633 1832 1704 Scripti
1865 1649 1993 1704 pra:-

405 1722 736 1788 termittere,
787 1723 942 1794 quasi
997 1723 1134 1778 nihil
1185 1723 1344 1778 nobis
1386 1733 1532 1778 esset
1583 1725 1724 1794 quod
1777 1741 1992 1798 reSpon-

1917 310 2240 370 ORIGENIS

419 432 628 486 vidam.
691 428 846 484 Alter
890 428 1055 484 etiam
1099 431 1283 500 jussit,
1319 437 1542 501 accepto
1589 442 1774 498 puero,
1822 427 2000 498 fugam
2031 431 2079 490 Λ
2111 426 2376 496 ἄγγελος·

3541 318 3650 376 tant

2927 427 3120 501 βρέφος
3155 431 3366 503 ἐξαρπά
3379 451 3552 500 ςαντας
3581 457 3650 508 φυ-

2417 427 2509 480 καὶ
2542 427 2680 497 ὑπὲρ
2715 427 2806 482 τοῦ
2835 428 2892 480 τὸ
2925 427 3019 501 βρέ

2107 524 2224 589 γεῐν
2277 521 2436 586 ἄλλος
2472 522 2722 590 ἄγγελος.
2778 523 2886 576 Καὶ
2921 523 2972 575 τί
3007 523 3088 575 δεῖ
3120 527 3296 578 πάντα
3325 527 3650 600 ἀκριϐολογεῖ-

2108 613 2252 678 σθαι,
2288 615 2528 678 καὶτοὺς
2553 616 2760 685 Μωῦσῇ
2793 631 2850 667 τε
2879 616 2972 669 καὶ
3000 615 3180 680 ἄλλοις
3207 617 3386 670 αὐτῶν
3416 620 3517 690 (12)
3542 640 3650 693 πεμ-

2106 705 2306 775 φθῆναι
2355 706 2682 777 λεγομένους
2723 705 3091 778 ἀπαριθμεῖν;
3123 709 3185 762 ΕΞ
3212 709 3387 764 τοίνυν
3412 711 3649 784 ἐπέμφθη-

2107 813 2206 849 σαν
2261 799 2354 852 xui.
2407 797 2574 862 ἄλλοι,
2632 798 2812 870 δῆλον,
2859 800 2940 853 ὅτι
2989 800 3084 853 καὶ
3108 801 3190 854 ὅδε
3223 803 3372 874 παρὰ
3401 803 3487 858 τοῦ
3517 806 3652 860 αὑτοῦ

2104 889 2258 942 Θεοῦ.
2311 890 2502 944 Πλείον
2529 891 2586 946 δέ
2625 909 2678 944 τι
2723 891 3004 961 ἀγγέλλειν
3038 893 3285 956 δοκείτω,
3321 895 3468 968 φέρε,
3496 895 3652 971 ὥσπερ

2103 978 2568 1051 πλημμελούντων
2617 999 2670 1036 τι
2734 981 3020 1050 Ἰουδαίων,
3070 985 3102 1056 ἦ
3167 987 3650 1057 παραχαραττόντων

2100 1067 2198 1138 τὴν
2247 1069 2551 1134 εὐσέϐειαν,
2652 1071 2751 1143 οὐχ
2779 1073 2900 1126 ὅσια
2935 1072 3184 1146 δρώντων
3205 1093 3218 1104 ·
3255 1074 3425 1128 ταῦτα
3455 1075 3551 1150 γὰρ
3584 1079 3648 1130 αί-

2101 1159 2369 1214 νίττονται
2401 1161 2537 1232 (1⁸5).
2565 1180 2584 1214 ι

2174 1339 2372 1410 Ἤρκει
2415 1339 2512 1410 μὲν
2545 1333 2638 1392 οῦν
2672 1339 2742 1392 τὰ
2786 1341 3158 1412 προειρημένα
3182 1342 3240 1395 ὲν
3269 1347 3381 1408 τοῖς
3413 1344 3512 1416 ἰδίᾳ
3548 1349 3648 1420 περὶ

2099 1429 2191 1483 τοῦ
2225 1429 2478 1502 Σωτῆρος
2514 1430 2670 1501 ἡμῶν
2705 1429 2879 1501 Ἰησοῦ
2915 1431 3149 1502 Χριστοῦ
3185 1432 3509 1496 ἐξετασθεῖσι
3541 1437 3646 1507 πρὸς

2095 1523 2195 1586 τὰς
2229 1522 2436 1576 Κέλσου
2463 1521 2634 1589 λέξεις
2656 1539 2668 1552 ·
2695 1523 2781 1576 ἵνα
2813 1523 2869 1576 δὲ
2899 1522 2972 1594 μὴ
2995 1523 3243 1594 δοκῶμεν
3267 1526 3429 1579 τόπον
3454 1527 3561 1582 τινὰ
3580 1531 3649 1583 αὺ-

2095 1615 2189 1668 τοῦ
2217 1615 2315 1686 τῆς
2341 1615 2558 1687 γραφῆς
2609 1615 2956 1688 ὑπερϐαίνειν
2986 1615 3224 1681 ἑκόντες,
3260 1618 3336 1682 ὡς
3361 1618 3433 1690 μὴ
3468 1619 3644 1694 δεδυνη-

2100 1706 2248 1776 μένοι
2280 1705 2458 1774 λέγειν
2493 1707 2628 1778 πρὸς
2673 1709 2868 1762 αὐτόν’
2916 1707 3068 1780 φέρε,
3105 1711 3152 1762 εἰ
3207 1711 3302 1762 καὶ
3347 1712 3647 1781 ταυτολογεῖν

403 1815 660 1880 deamus;
708 1829 830 1886 age,
879 1815 1094 1872 etiamsi
1126 1815 1317 1871 eadem
1345 1815 1542 1871 iterare
1572 1815 1732 1872 Celso
1764 1795 1982 1887 cogente

2102 1795 2390 1868 μέλλομεν,
2428 1795 2519 1849 ἐπὶ
2563 1795 2722 1850 τοῦτο
2765 1799 2912 1868 ἡμᾶς
2943 1799 3036 1851 τοῦ
3067 1799 3277 1853 Κέλσου
3314 1804 3646 1874 προκαλουμέ-

403 1920 628 1961 necesse
665 1906 756 1972 sit,
807 1914 988 1962 tamen
1025 1922 1186 1977 quam
1241 1905 1542 1978 poterimus
1592 1909 1780 1980 paucis
1821 1913 1994 1967 disse-

400 2017 611 2057 ramus.
653 2002 913 2058 Fortasse
967 2003 1162 2059 iisdem
1201 2004 1270 2058 de
1325 2005 1488 2058 rebus
1519 2003 1814 2075 disputanti
1867 2022 1994 2062 suc-

401 2103 588 2150 curret
619 2095 900 2166 quidpiam
939 2109 1136 2154 novum
1185 2106 1239 2151 et
1269 2095 1583 2152 dilucidius.
1635 2097 1711 2154 Ac
1753 2100 1988 2170 primum

400 2189 480 2242 ait
515 2202 574 2243 se
615 2207 632 2239 ι
662 2189 975 2260 relinquere
1021 2205 1085 2246 ea
1117 2205 1234 2261 qua:
1285 2199 1482 2246 contra
1531 2191 1873 2249 Christianos
1925 2194 1991 2251 de

398 2293 498 2334 suo
553 2281 820 2352 magistro
873 2282 979 2338 dici
1042 2291 1339 2352 possunt.»
1397 2281 1750 2352 Perspicuum
1810 2295 1988 2341 tamen

399 2381 483 2426 est
514 2387 581 2427 ex
612 2373 678 2430 iis
707 2388 828 2443 qua:
861 2389 1026 2445 supra
1061 2374 1222 2440 dixit,
1267 2373 1401 2429 nihil
1431 2375 1499 2430 ab
1537 2375 1628 2430 illo
1663 2377 1990 2447 praetermis-

397 2475 518 2518 sum
577 2479 696 2520 esse
747 2465 891 2533 quod
941 2465 1182 2537 ohjicere
1235 2466 1431 2536 potuit.
1496 2465 1609 2523 lloc
1638 2483 1768 2523 vero
1819 2468 1988 2524 fuerit

395 2557 616 2612 schema
649 2557 1010 2614 rhetoricum.
1052 2559 1158 2615 Sed
1196 2559 1332 2615 nihil
1367 2559 1522 2616 nobis
1554 2561 1621 2616 de
1653 2572 1842 2618 nostro
1876 2561 1988 2618 Sal-

393 2657 586 2704 vatore
639 2650 959 2721 euprobrari
1017 2666 1199 2721 posse,
1249 2653 1516 2722 quidquid
1571 2653 1662 2708 ille
1706 2655 1984 2710 criminari

392 2741 668 2808 videatur,
703 2753 914 2798 eertum
969 2743 1190 2800 habebit
1232 2745 1484 2815 quisquis
1522 2747 1770 2802 veritatis
1801 2763 1986 2805 amore

391 2835 587 2892 ductus
619 2834 909 2906 diligenter
956 2838 1279 2908 expenderit
1334 2853 1397 2894 ea
1449 2855 1572 2910 qua:
1616 2842 1684 2896 de
1715 2843 1810 2898 illo
1839 2859 1982 2913 prte-

392 2929 537 2984 dicta
570 2939 624 2986 et
657 2932 862 3000 scripta
893 2941 1044 2986 sunt.
1103 2932 1311 2988 Deinde
1345 2935 1500 3002 quasi
1540 2948 1638 3004 per
1667 2937 1897 3007 gratiam
1931 2938 1984 2992 id

389 3021 551 3080 nobis
602 3025 670 3080 de
718 3025 1010 3080 Salvatore
1062 3026 1419 3081 concedens:
1466 3026 1729 3093 tDemus,
1787 3031 1982 3100 inquit,

389 3118 540 3174 illum
591 3135 721 3176 vere
766 3136 893 3178 esse
942 3121 1256 3193 quempiam
1306 3123 1632 3192 angelum.»
1675 3123 1875 3179 Verum
1930 3126 1980 3180 id
2010 3155 2053 3215 ρ

389 3211 694 3281 accipimus
725 3228 831 3267 non
867 3221 1128 3284 tanquam
1157 3230 1185 3268 ει
1214 3213 1374 3268 Ocho
1403 3215 1588 3270 datum
1622 3234 1636 3271 :
1663 3231 1776 3272 rem
1807 3219 1978 3288 ipsam

387 3301 566 3355 oculis
595 3303 910 3368 hausimus;
945 3303 1217 3373 siquidem
1265 3304 1332 3358 ad
1367 3314 1537 3359 totum
1580 3321 1753 3377 genus
1787 3308 1982 3362 huma-

387 3409 521 3448 num
573 3394 796 3450 advenit
843 3397 1010 3450 verbo
1065 3411 1168 3451 suo
1223 3407 1277 3450 et
1331 3396 1604 3464 doctrina,
1648 3409 1808 3470 prout
1856 3415 1979 3454 eum

385 3485 618 3556 quisque
667 3501 866 3556 capere
916 3497 1134 3557 poterat
1173 3505 1187 3541 :
1229 3489 1372 3558 quod
1427 3490 1647 3558 quidem
1697 3506 1835 3561 opus
1871 3507 1977 3546 non

387 3577 490 3632 fuit
539 3577 802 3646 simplicis
833 3578 1035 3647 angeli,
1086 3581 1182 3634 sed
1213 3599 1232 3631 ‹
1261 3579 1462 3650 angeli,
1497 3590 1556 3635 ut
1599 3583 1860 3652 prepheta
1895 3582 1978 3639 lo-

385 3672 598 3742 quitur,
632 3672 811 3743 magni
847 3672 1062 3727 consilii
1091 3672 1160 3726 “.
1187 3691 1206 3726 ο
1242 3671 1526 3730 Νυηιὶοι·ἰι
1561 3676 1708 3732 enim
1735 3678 1976 3733 homini-

386 3767 488 3820 bus
519 3779 776 3837 magnum
826 3765 892 3818 de
925 3763 1031 3819 illis
1066 3764 1158 3820 Dei
1195 3775 1252 3820 et
1279 3766 1524 3820 omnium
1575 3769 1820 3836 parentis
1845 3785 1978 3825 con-

381 3853 606 3923 silium,
658 3870 854 3925 nempe
887 3863 944 3909 ut
975 3855 1064 3924 qui
1104 3855 1267 3910 vitam
1319 3857 1370 3910 in
1409 3873 1540 3928 pura
1582 3858 1847 3928 religione
1875 3859 1973 3916 de-

381 3957 602 4018 gerent,
635 3947 670 4002 ii
701 3962 800 4018 per
832 3947 1068 4019 insignia
1100 3946 1242 4002 facta
1276 3949 1342 4004 ad
1377 3949 1544 4004 Deum
1579 3949 1748 4006 veluti
1779 3965 1973 4006 ascen-

279 4063 284 4068 ·
379 4040 610 4104 tierent;
641 4039 733 4110 qui
765 4053 896 4095 vero
926 4039 1004 4096 sic
1024 4039 1208 4094 vivere
1239 4051 1578 4110 recusarent,
1609 4043 1645 4096 ii
1669 4043 1830 4114 longe
1864 4045 1975 4098 dis-

381 4135 639 4190 cederent
674 4151 704 4188 a
754 4135 889 4200 Deo,
937 4145 992 4190 et
1040 4135 1424 4191 incredulitate
1469 4151 1566 4192 sua
1595 4137 1698 4192 sibi
1727 4137 1870 4191 viam
1905 4139 1972 4193 ad

379 4227 607 4283 exitium
636 4227 906 4282 facerent.
963 4227 1184 4294 Postea,
1227 4245 1247 4279 ι
1275 4228 1320 4283 si
1353 4227 1600 4298 angelus,
1643 4227 1839 4298 inquit,
1873 4228 1974 4284 fuit

377 4317 482 4373 iste
516 4318 607 4387 qui
661 4318 729 4374 ad
767 4318 1020 4374 homines
1055 4319 1223 4384 venit,
1271 4319 1493 4374 venitne
1529 4319 1618 4374 ille
1663 4320 1876 4390 primus
1907 4335 1972 4375 ac

378 4409 564 4466 solus?
620 4425 688 4464 an
725 4408 816 4464 alii
867 4408 1018 4480 prius
1063 4409 1414 4464 venerunt?-
1467 4411 1622 4476 Quod
1671 4419 1968 4482 utrumque

375 4504 626 4572 pturibus
661 4500 903 4556 refutare
943 4501 1046 4556 sibi
1081 4501 1316 4556 videtur.
1375 4502 1456 4558 Ac
1488 4502 1616 4558 licet
1649 4518 1808 4558 nemo
1838 4519 1966 4560 vere
1999 4505 2042 4559 D

375 4592 727 4649 Christianus
755 4591 902 4648 dicat
925 4591 1203 4648 Christum
1229 4593 1404 4650 solum
1439 4595 1748 4660 advenisse,
1785 4604 1962 4650 tamen

374 4685 564 4742 Celsus
617 4685 714 4752 ait,
768 4705 786 4738 ‹
811 4687 858 4741 si
894 4686 1132 4741 dixerint
1165 4687 1376 4742 venisse
1423 4687 1616 4753 solum,
1649 4708 1668 4740 ι
1723 4687 1860 4744 alios
1895 4690 1963 4743 ab

375 4779 689 4836 hominibus
719 4781 864 4836 visos
901 4779 1093 4835 fuisse.

467 5074 513 5109 “
545 5081 648 5138 lsa.
678 5098 751 5148 ix,
783 5085 835 5138 5.

469 5245 555 5385 12;
595 5245 936 5305 llmschelius
970 5251 1021 5304 in
1055 5258 1225 5318 textu,
1278 5251 1536 5322 ἀγγέλοις
1561 5253 1762 5318 αὐτῶν,
1793 5253 1954 5310 male.

469 5316 534 5369 15
604 5317 806 5374 Omnes
860 5322 1022 5377 codd.
1079 5337 1233 5385 inss.,
1291 5323 1642 5385 αἰνίττονται,
1693 5325 1951 5380 nimirum

469 5316 573 5390 i_5)_
604 5317 1022 5390 Omnesieodd.
1079 5316 1233 5386 "355.,
1291 5316 1642 5390 αἰνίττονται,
1693 5316 1951 5380 nimirum

369 5381 691 5460 Christiani.
737 5389 842 5442 Sed
876 5391 1006 5445 libb.
1041 5393 1198 5460 editi,
1221 5381 1542 5448 αἰνίττεται.

445 5454 760 5540 (ΜζΜξεη
805 5461 1136 5540 ἐγχειρήσει.
1183 5454 1460 5540 '“lmpressi
1515 5467 1668 5540 libri,
1720 5467 1956 5540 ἐγχειρί-

371 5539 490 5607 aet.‘
539 5525 714 5607 Paule
750 5525 1372 5607 pos't"ii_ilémuedi_ti'iu
1429 5525 1673 5607 margine
1725 5525 1951 5604 habent,

370 5594 736 5678 meum
750 5594 1067 5678 λεηλρκοψτορ
1094 5603 1367 5678 2mm;-

2098 1907 2209 1952 νου,
2241 1889 2340 1960 ὅση
2394 1887 2646 1960 δύναμις,
2679 1887 3070 1961 ἐπιτεμώμεοα
3111 1891 3205 1944 τὸν
3230 1891 3417 1962 λόγον·
3458 1895 3540 1949 ἐὰν
3568 1898 3648 1967 ἄρα

2093 1999 2146 2035 τι
2179 1981 2427 2054 ὑποπέσῃ
2465 1981 2592 2052 περὶ
2619 1979 2728 2034 τῶν
2761 1979 2940 2033 αὐτῶν
2971 1981 3003 2052 ἦ
3027 1981 3418 2056 ἐναργέστερον
3447 1985 3476 2057 ἥ
3502 1989 3646 2040 καινός

2093 2089 2270 2145 τερον.
2302 2071 2439 2144 Φησὶ
2471 2070 2535 2142 δὴ
2587 2090 2602 2120 ι
2631 2069 2960 2141 παραλιπεῖν
2993 2071 3094 2124 ὅσα
3139 2073 3270 2143 περὶ
3309 2072 3402 2126 τοῦ
3435 2073 3648 2128 διδασκά-

2092 2166 2184 2220 λου
2215 2165 2532 2239 Χριστιανοὶ
2577 2163 2944 2236 διελέγχοντα
2967 2181 2980 2194 ·
3009 2183 3027 2216 ι
3081 2167 3144 2218 οὐ
3174 2165 3490 2238 παραλιπών
3511 2184 3556 2220 τι
3587 2161 3645 2222 ὧν

2092 2259 2313 2313 ἐδύνατο
2357 2258 2537 2328 λέγειν
2557 2275 2570 2288 ι
2602 2259 2742 2330 ὅπερ
2779 2259 2896 2311 ἐστὶ
2932 2261 3165 2330 φανερὸν
3194 2258 3258 2312 ὲκ
3288 2259 3395 2312 τῶν
3428 2261 3648 2334 ἀνωτέρω

2093 2351 2239 2423 αὐτῷ
2295 2351 2670 2423 λελεγμένων·
2725 2351 2899 2416 ἄλλως
2946 2351 3000 2404 δὲ
3053 2354 3316 2424 ῥητορικῇ
3377 2355 3644 2426 ὲγχειρήσει

2093 2443 2202 2516 (14)
2239 2442 2657 2498 κατακολουθῶν
2687 2444 2748 2496 τὸ
2791 2443 3002 2496 τοιοῦτο
3034 2445 3196 2496 ποιεῖ.
3263 2444 3420 2498 Ἀλλὰ
3460 2447 3542 2500 καὶ
3577 2445 3642 2500 ὅτι

2089 2537 2148 2589 οὐ
2183 2535 2570 2608 διελεγχόμεϐα
2603 2538 2730 2609 περὶ
2755 2537 2848 2591 τοῦ
2870 2537 3193 2608 τηλικούτου
3223 2539 3468 2612 Σωτῆρος
3493 2540 3642 2612 ἡμῶν,

2090 2628 2191 2682 κᾶν
2217 2627 2346 2700 δοκῇ
2376 2629 2403 2680 ὁ
2431 2629 2679 2697 ἐγκαλῶν
2726 2629 3044 2701 διελέγχειν,
3081 2629 3240 2700 δῆλον
3277 2633 3424 2684 ἔσται
3451 2636 3548 2696 τοῖς
3574 2650 3642 2702 cpt-

2087 2717 2334 2790 λαληοῶς
2375 2719 2468 2772 καὶ
2495 2717 2857 2784 ἐξεταστικῶς
2885 2719 3026 2784 ὅλοις
3053 2724 3168 2784 τοῖς
3197 2723 3326 2792 περὶ
3357 2720 3510 2775 αὑτοῦ
3536 2737 3641 2792 προ-

2089 2813 2478 2884 φητευομένοις
2526 2813 2618 2865 καὶ
2677 2813 3192 2886 ἀναγεγραμμένοις
3246 2814 3638 2885 ἐντυγχάνουσιν.

2097 2905 2254 2979 Ἑξῆς
2286 2907 2342 2960 δὲ
2367 2907 2561 2970 είπεῖν,
2602 2905 2880 2976 νομίζεται
2908 2907 3018 2977 (l5)
3049 2909 3472 2980 συγχωρητικῶς
3494 2907 3639 2974 λέγειν

2087 2999 2214 3070 περὶ
2239 2998 2330 3051 τοῦ
2363 2999 2634 3070 Σωτῆρος,
2672 2997 2774 3061 ὅτι,
2813 3017 2829 3048 ι
2851 2999 3088 3052 Δοκείτω
3115 3017 3201 3064 τις
3232 3000 3308 3064 ὡς
3333 3000 3532 3074 ἀληθῶς
3557 3001 3640 3069 ἆτ’

2087 3091 2242 3159 γελος
2271 3083 2424 3153 οὗτος
2449 3084 2606 3142 εἶναι.
2637 3107 2655 3140 ι
2691 3090 2893 3160 Φαμὲν,
2927 3090 3008 3144 ὅτι
3033 3091 3198 3156 τοῦτ’,
3233 3093 3332 3164 οὐχ
3360 3093 3430 3158 ὡς
3463 3109 3640 3162 συγχω-

2089 3183 2370 3257 ρούμενον,
2419 3183 2526 3237 ἀπὸ
2559 3181 2769 3238 Κέλσου
2800 3184 3179 3256 λαμϐάνομεν*
3218 3185 3296 3258 τῷ
3327 3186 3370 3240 δ’
3400 3185 3532 3259 ἔργῳ
3557 3185 3636 3239 αὐ-

2084 3275 2178 3329 τοῦ
2209 3276 2503 3348 ἐνορῶντες
2531 3275 2638 3348 ὅλῳ
2671 3275 2748 3348 τῷ
2772 3277 2918 3346 γένει
2951 3276 3060 3330 τῶν
3095 3277 3400 3350 ἀνθρώπων
3426 3278 3636 3348 ἐπιδεδη-

2087 3369 2342 3439 μηκότος,
2397 3367 2535 3422 κατὰ
2585 3368 2677 3422 τὸν
2703 3369 2894 3423 ἑαυτοῦ
2947 3369 3103 3438 λόγον
3152 3371 3248 3424 καὶ
3283 3369 3377 3442 τὴν
3423 3371 3640 3424 διδασκα-

2082 3459 2222 3524 λίαν,
2257 3459 2332 3522 ὡς
2381 3459 2611 3524 ἕκαστος
2641 3459 2834 3531 ἐχώρει
2899 3461 3008 3514 τῶν
3062 3463 3434 3532 προσιεμένων
3481 3462 3633 3515 αὐτόν.

2084 3553 2260 3624 Ὅπερ
2309 3551 2470 3624 ἔργον
2513 3547 2580 3623 ἦν
2631 3551 2746 3614 τοῦ,
2781 3553 2856 3616 ὡς
2906 3552 3190 3624 ὠνόμασεν
3241 3555 3274 3624 ἡ
3329 3556 3452 3626 περὶ
3499 3552 3636 3608 αὐτοῦ

2081 3643 2410 3715 προφητεία,
2445 3645 2543 3714 οὐχ
2577 3642 2914 3708 ἁπαξαπλῶς
2944 3645 3202 3714 ἀγγέλου,
3231 3645 3366 3699 ἀλλὰ
3404 3664 3422 3696 ι
3449 3643 3530 3699 τοῦ
3553 3644 3640 3713 τῆς

2082 3733 2325 3805 μεγάλης
2361 3733 2556 3804 βουλῆς
2589 3733 2818 3801 ἀγγέλου
2839 3751 2854 3763 ο
2881 3753 2898 3785 ι
2955 3735 3178 3806 ἧγγειλε
3209 3735 3320 3808 γὰρ
3363 3733 3637 3807 ἀνθρώποις

2080 3824 2100 3893 (
2109 3823 2191 3894 16)
2222 3824 2322 3894 τὴν
2378 3824 2620 3895 μεγάλην
2666 3825 2758 3879 τοῦ
2792 3824 2927 3879 Θεοῦ
2972 3827 3068 3879 καὶ
3105 3827 3320 3900 Πατρός
3371 3827 3474 3881 τῶν
3521 3825 3636 3880 ὅλων

2078 3915 2206 3988 περὶ
2240 3915 2419 3968 αὐτῶν
2453 3915 2669 3988 βουλὴν,
2699 3917 2955 3970 εἰκόντων
2987 3915 3086 3987 μὲν
3117 3916 3196 3988 τῷ
3227 3917 3374 3988 βιοῦν
3413 3920 3467 3970 ὲν
3494 3915 3634 3970 καθα-

2080 4008 2148 4078 ρᾷ
2197 4007 2498 4080 θεοσεϐείᾳ,
2547 4008 2622 4072 ὡς
2675 4009 3072 4063 ἀναϐαινόντων
3121 4009 3210 4064 διὰ
3250 4009 3359 4063 τῶν
3414 4007 3634 4082 μεγάλω

2076 4099 2328 4172 πράξεων
2379 4102 2514 4174 πρὸς
2565 4102 2660 4155 τὸν
2692 4102 2854 4156 Θεόν·
2917 4101 2992 4172 μὴ
3039 4103 3408 4174 προσιεμένων
3453 4101 3522 4166 δὲ,
3570 4099 3634 4160 ὡς

2075 4193 2303 4256 ἑαυτοὺς
2357 4195 2745 4264 μακρυνόντων
2796 4194 2904 4248 ἀπὸ
2949 4191 3044 4247 τοῦ
3080 4193 3238 4258 Θεοῦ,
3291 4195 3382 4250 καὶ
3434 4193 3516 4248 ἐπὶ
3549 4190 3636 4262 τὴν

2074 4282 2349 4338 ἀπώλειαν
2399 4285 2488 4338 διὰ
2540 4285 2640 4354 τῆς
2687 4285 2814 4357 περὶ
2869 4285 3006 4338 Θεοῦ
3052 4286 3310 4350 ἀπιστίας
3352 4283 3628 4340 ὁδευόντων.

2075 4369 2188 4427 Εἶθ’
2219 4373 2349 4444 ἑξῆς
2400 4392 2584 4444 φησιν,
2650 4377 2750 4428 «Εἰ
2783 4376 2878 4428 καὶ
2908 4375 3139 4444 ἄγγελος
3189 4371 3342 4440 οὗτος
3387 4375 3509 4446 πρὸς
3553 4373 3634 4426 ἁν-

2074 4464 2326 4537 Ορώπους
2355 4463 2540 4538 ἦλθεν,
2585 4463 2694 4538 ἆρα
2727 4467 2944 4538 πρῶτος
2989 4462 3092 4539 ἧκε
3143 4468 3240 4520 καὶ
3281 4467 3452 4538 μόνος,
3493 4461 3628 4535 ῆκαὶ

2074 4561 2223 4616 ἄλλοι
2259 4561 2553 4633 πρότερον;
2580 4579 2596 4612 ι
2653 4561 2761 4613 Καὶ
2807 4561 2944 4631 πρὸς
2975 4560 3234 4631 ἑκάτερον
3265 4559 3322 4614 δὲ
3362 4557 3444 4612 διὰ
3473 4555 3630 4608 πλειό-

2073 4669 2180 4707 νων
2214 4651 2384 4706 οἴεται
2418 4653 2663 4724 ἀπαντᾷν
2685 4671 2696 4682 ·
2726 4652 2938 4715 οὐδενὸς
2963 4651 3026 4722 δὴ
3053 4652 3162 4704 τῶν
3193 4651 3268 4714 ὡς
3284 4649 3490 4722 άληθῶς
3513 4649 3627 4716 Χρι-

2071 4745 2304 4799 στιανῶν
2353 4745 2621 4815 λέγοντος,
2679 4747 2837 4814 μόνον
2867 4746 2957 4798 τὸν
3003 4745 3237 4816 Χριστὸν
3269 4741 3625 4813 ἐπιδεδημηκὲ-

1993 4859 2000 4866 ·
2069 4855 2154 4891 ναι
2187 4837 2295 4908 (l7)
2330 4837 2440 4908 τῷ·
2496 4839 2588 4890 καὶ
2631 4837 2821 4900 ἄλλους
2867 4830 3044 4904 ὧφθαί
3083 4851 3246 4906 φησιν
3293 4832 3574 4905 ἀνθρώποις
3599 4828 3626 4878 ὁ

2069 4929 2298 4997 Κέλσος,
2339 4951 2356 4982 ί
2381 4933 2426 4983 εἰ
2455 4933 2552 5002 μὲν
2583 4930 2645 5001 δὴ
2679 4933 2856 4998 φαῖεν,
2891 4931 2972 4982 ὅτι
3005 4929 3186 5000 μόνος.
3215 4949 3232 4980 ι

2065 5251 2282 5326 μίζεται
2340 5251 2770 5325 συγχωρητικῶς
2839 5251 3037 5322 λέγειν,
3098 5262 3232 5316 ete.,
3293 5251 3477 5321 φαμὲν,
3531 5247 3622 5308 ὅτι,

2061 5335 2168 5381 etc.

2134 5394 2561 5466 “ﬁfth-reue
2601 5395 2714 5466 γὰρ
2739 5393 3094 5464 ἀνθρώποις.
3116 5465 3119 5466 ν
3141 5391 3412 5466 Reclesic
3441 5386 3620 5466 habent

2059 5455 2456 5535 coddfllegius
2485 5477 2538 5520 et
2572 5455 2926 5522 B'as'ileens'is.
2977 5455 3063 5520 At.
3087 5465 3220 5521 libb.
3255 5464 3397 5528 editi,
3441 5455 3616 5530 ἤγγεὶε

2059 5537 2168 5607 γὰρ
2197 5536 2504 5608 ἄνθρωπος,
2540 5538 2701 5608 male.

2133 5595 2246 5679 (l7)
2277 5595 2406 5679 Κίος-ι
2437 5595 2897 5679 ἐπιδεδημηκέναι
2942 5605 3244 5661 addendum
3277 5607 3408 5679 "puto
3433 5599 3504 5670 τῷ
3531 5595 3612 5665 γέ-

800 5663 868 5724 δὲ
911 5663 1466 5752 εἰπεῖνηνοὶζίζετιιι.
1527 5677 1849 5752 Boherellus
1901 5689 1958 5752 et

2091 5663 2268 5752 εξτῇν
2303 5663 3150 5752 ἀνορῴπων,’ἱειέοιιςείιυεηιοι-
3182 5663 3609 5752 lcgéndnnlesscf

370 5730 596 5818 Quietus
631 5730 808 5792 είτέεῖν
836 5751 1072 5818 _rnutant
1109 5730 1171 5796 in
1220 5730 1542 5818 sin—meego
1576 5730 1957 5818 iet-“.{in'énéi

2091 5747 2152 5818 ai.
2179 5730 2630 5812 inoo,;‘.p.uu'
2653 5730 2776 5818 post
2795 5730 2972 5818 *rg‘ét'é’
2991 5730 3398 5818 όηιιὶίηόῖοᾳά.
3413 5741 3610 5818 begins

371 5799 624 5860 libentius
654 5812 928 5875 mutarint,
967 5821 1024 5864 ut
1065 5827 1256 5868 sensus
1289 5799 1548 5883 εἰῐ,’ὲξ’ἥς
1594 5799 1693 5882 δὲ,⁷
1721 5799 1953 5874 ἐπεί

2091 5829 2105 5871 ι
2494 5799 2713 5874 habent
2747 5837 2760 5874 :
2791 5813 2906 5872 Εἶτ’
2933 5820 3152 5888 ἀπαντᾷ
3183 5817 3370 5888 ἐαυτῷ,
3399 5813 3464 5876 ὡς
3491 5804 3606 5880 βοά*
