3840 6412
527 269 667 327 12Ἶὸ

1979 262 2303 326 ORIGENIS

3627 268 3727 324 lii")

530 388 594 440 Et
620 386 777 456 quasi
815 401 930 442 rem
972 400 1076 442 non
1109 385 1417 442 confessam
1465 387 1724 458 probans,
1767 407 1785 441 ι
1822 390 2021 462 quippe
2050 393 2081 446 ἰι

2206 389 2335 449 νοῖς.
2366 386 2496 450 Καὶ,
2521 384 2761 458 ὡσπερεὶ
2786 383 2846 437 τὸ
2873 383 2973 438 οὑκ
2995 382 3062 437 ἂν
3089 383 3364 454 διδόμενον
3394 384 3731 453 severum-:05-

525 493 720 548 magna
750 479 1025 545 Ecclesia,
1070 499 1088 530 ι
1120 480 1330 549 pergit,
1375 499 1393 529 ι
1431 487 1619 548 aperte
1647 481 1960 548 confitetur,
1981 500 2103 554 qua:

523 570 688 624 etiam
735 569 974 623 admittit
1022 581 1080 622 nt
1121 585 1272 636 vera,
1307 586 1426 640 quae
1470 569 1641 626 Judaei
1671 587 2101 630 commemorant

523 660 594 715 de
625 660 811 714 nmndi
842 663 1138 725 creatione,
1179 662 1248 716 de
1277 678 1372 716 sex
1421 662 1614 718 diebus
1635 703 1650 727 ,
1684 663 1749 719 de
1787 665 2012 734 septima
2047 667 2098 721 in

520 761 627 816 qua
653 749 813 815 Deus,
840 758 896 803 ut
926 759 1111 804 narrat
1135 749 1443 821 Scriptura,
1469 755 1739 824 requievit
1761 755 1828 809 ab
1845 757 2100 827 operibus

521 839 638 894 suis
673 858 692 891 ι
721 839 773 893 in
805 841 889 896 sui
919 841 1439 913 contemplationem
1477 861 1538 901 se
1575 847 1877 916 recipiens;
1921 857 1977 902 ut
2003 864 2102 903 au-

521 937 627 982 tem
664 927 874 997 Celsus,
901 945 1022 1000 qua:
1051 933 1255 1002 scripta
1288 944 1415 990 sunt
1441 950 1541 991 nec
1569 936 1870 993 observans
1895 955 1993 994 nec
2017 939 2099 995 in-

521 1017 790 1088 telligens,
846 1022 943 1090 ait,
985 1025 1261 1094 requievit,
1318 1028 1464 1095 quod
1506 1043 1774 1098 nusquam
1834 1031 2096 1101 scriptum

516 1120 618 1164 Cal.
645 1108 752 1166 Sed
781 1114 848 1167 de
877 1115 1059 1170 mundi
1089 1117 1368 1174 creatione
1386 1128 1440 1174 et
1463 1119 1824 1186 sabbatismo,
1855 1123 1945 1192 qui
1975 1131 2097 1193 post

516 1216 636 1256 eam
672 1204 766 1258 Dei
794 1207 994 1275 populo
1044 1219 1378 1275 reservatur,
1413 1225 1615 1266 arcana
1648 1221 1752 1278 est,
1778 1212 1885 1266 alta
1916 1225 1971 1267 et
1992 1215 2096 1268 dif.

514 1293 679 1350 ficilis
731 1297 1080 1365 disceptatio.
1125 1300 1329 1356 Deinde
1367 1303 1578 1368 Celsus,
1617 1305 1831 1370 opinor,
1867 1316 1923 1360 ut
1954 1307 2097 1364 volu-

513 1400 637 1439 ιιιςξη
691 1388 989 1457 amplificet
1020 1391 1264 1462 adeoque
1297 1395 1470 1464 majus
1503 1396 1735 1466 pretium
1768 1397 1966 1454 addere
2011 1400 2092 1454 vi-

512 1477 728 1544 datur,
761 1480 926 1534 ntulta
956 1482 1166 1537 inutilia
1223 1488 1506 1556 congerit:
1535 1499 1723 1558 utputa
1758 1489 1913 1546 nobis
1939 1507 2092 1546 eum—

513 1569 634 1621 dem
667 1585 788 1624 esse
821 1573 1056 1640 primum
1099 1579 1402 1647 hominem,
1431 1581 1524 1648 qui
1563 1581 1768 1637 Judazis
1797 1593 1899 1649 est,
1941 1596 1992 1640 et
2025 1587 2092 1640 ab

510 1657 606 1713 illo
629 1662 998 1733 genealogiam
1017 1667 1130 1732 pari
1153 1671 1312 1724 modo
1330 1685 1428 1725 nos
1444 1671 1662 1728 ducere.
1692 1673 2090 1744 Nequescimns

2207 482 2268 534 τό
2302 498 2453 552 φησιο
2490 500 2507 532 ι
2561 480 2755 550 Σαφῶς
2801 497 2864 549 γε
2896 479 3001 533 τῶν
3030 478 3142 533 ἀπὸ
3179 478 3420 550 μεγάλης
3471 480 3732 552 Ἐκκλησίας

2205 573 2362 628 τοῦτο
2386 573 2787 644 ὁμολογούντων
2816 573 2908 626 καὶ
2933 571 3000 626 τὰ
3032 573 3134 642 τῆς
3150 572 3301 644 παρὰ
3341 571 3595 636 Ἰουδαίοις
3617 591 3732 644 φερο-

2207 668 2375 739 μένης
2404 666 2790 736 κοσμογενείας
2819 665 3193 737 προσιεμένων
3228 665 3303 728 ὡς
3322 665 3511 736 ἀληθῆ,
3548 668 3652 738 περί
3688 686 3731 737 γε

2202 763 2310 816 τῶν
2343 763 2403 828 ἓξ
2453 761 2694 834 ἡμερῶν,
2745 761 2838 814 καὶ
2870 761 2968 832 τῆς
3008 761 3267 832 ἑϐδόμης,
3320 761 3376 812 ὲν
3423 756 3476 835 ᾗ,
3508 763 3575 825 ὡς
3612 763 3730 834 μὲνὴ

2202 855 2394 926 Γραφὴ
2437 854 2606 923 λέγει,
2661 853 3000 906 κατέπαυσεν
3051 853 3160 906 ἀπὸ
3183 851 3291 906 τῶν
3337 851 3509 923 ἔργων
3534 854 3733 908 ἑαυτοῦὸ

2201 947 2352 1010 Θεὸς,
2399 965 2416 997 ι
2452 946 2749 1018 ἀναχωρῶν
2776 948 2856 1009 εἰς
2880 946 2978 1017 τὴν
3012 944 3210 1000 ἑαυτοῦ
3251 946 3547 1015 περιωπήν·
3578 945 3640 1010 ὡς
3660 947 3732 999 δ’ὁ

2199 1039 2427 1103 Κέλσος,
2461 1040 2534 1111 μὴ
2572 1041 2819 1112 τηρήσας
2871 1038 2937 1092 τὰ
2984 1039 3377 1110 γεγραμμένα,
3411 1038 3538 1109 μηδὲ
3580 1040 3731 1104 συνιεὶς

2199 1131 2357 1194 αὐτὰ,
2393 1133 2577 1203 φησὶν,
2614 1130 3145 1201 ἀναπαυσάμενος
3195 1131 3334 1202 ὅπερ
3357 1131 3418 1184 οὐ
3456 1131 3727 1202 γέγραπται.

2199 1222 2334 1292 Περὶ
2375 1221 2432 1276 δὲ
2485 1223 2582 1294 τῆς
2624 1223 2978 1294 κοσμοποιίας
3027 1223 3124 1276 καὶ
3159 1221 3254 1275 τοῦ
3312 1224 3427 1293 μετ’
3460 1223 3608 1276 αὑτὸν
3647 1224 3725 1292 (Η)

2198 1311 2624 1382 ἀπολειπομένου
2661 1312 3034 1384 σαϐϐατισμοῦ
3071 1311 3150 1384 τῷ
3183 1313 3301 1384 λαῷ
3335 1313 3428 1366 τοῦ
3455 1313 3579 1366 Θεοῦ
3606 1315 3728 1379 πολὺς

2197 1401 2261 1455 ἂν
2293 1403 2378 1474 εἴη
2421 1404 2514 1456 καὶ
2569 1405 2850 1474 μυστικὸς,
2883 1407 2976 1459 καὶ
3014 1405 3204 1475 βαθὺς.
3234 1407 3330 1459 καὶ
3358 1405 3726 1477 δυσερμήνευτος

2195 1493 2369 1564 λόγος.
2421 1492 2554 1548 Εἶτα
2587 1496 2736 1550 δοκεῖ
2771 1515 2882 1568 μοι,
2914 1497 2974 1551 τὸ
3019 1497 3224 1567 βιϐλίον
3269 1497 3725 1569 συμπληρῶσαι

2195 1586 2320 1650 λων,
2358 1588 2450 1641 καὶ
2485 1587 2628 1658 μέγα
2656 1590 2831 1643 δοκεῖν
2875 1585 3014 1644 εἶναι
3055 1590 3226 1645 ποιῶν
3278 1591 3404 1660 εἰκῆ
3439 1590 3725 1661 προστιθέναι

2193 1681 2336 1734 τινά·
2385 1681 2545 1734 ὁποῖά
2574 1682 2690 1734 ἐστι
2718 1683 2811 1735 καὶ⁵
2840 1683 2908 1735 τὰ
2941 1684 3085 1735 κατὰ
3113 1683 3204 1736 τὸν
3233 1682 3450 1753 πρῶτον
3480 1682 3723 1752 ἄνθρωπον,

511 1763 636 1819 quae
665 1771 683 1803 ι
717 1753 820 1809 illae
853 1756 1069 1811 insidi-.e
1110 1778 1128 1809 ι
1161 1759 1290 1826 sint,
1327 1780 1346 1812 ι
1373 1777 1510 1832 quas
1545 1764 1648 1819 sibi
1683 1765 1882 1822 fratres
1911 1779 2081 1826 mutm

2198 1771 2274 1834 ὠς
2297 1771 2405 1844 ἄρα
2438 1772 2668 1842 λέγομεν
2691 1773 2781 1827 τὸν
2814 1773 2976 1827 αὐτὸν
3011 1769 3243 1838 εἷναιὼς
3272 1774 3367 1826 καὶ
3411 1774 3643 1838 Ἰουδαῖοι,
3657 1774 3726 1827 ‘u‘t

507 1857 999 1917 comparaverunt;
1037 1870 1055 1902 ι
1086 1867 1395 1922 quanquam
1428 1856 1634 1912 scimus
1653 1858 1880 1916 Cainum
1907 1862 2088 1930 Aheli,

507 1930 714 1989 Iacobo
753 1936 954 1992 Esaum
1006 1939 1238 1996 insidias
1271 1945 1572 2013 paravisse.
1625 1946 1761 2002 Nam
1805 1965 1909 2006 nec
1953 1952 2088 2009 Abel

511 2024 707 2094 Caino,
742 2045 843 2084 nec
899 2029 1139 2089 Jacobus
1181 2034 1325 2094 Esao
1361 2038 1655 2108 insidiatus
1689 2053 1798 2109 est,
1829 2047 1971 2112 quod
2005 2055 2087 2100 ta-

508 2130 634 2170 men
671 2117 1020 2177 factumesse
1055 2127 1319 2193 oportuit,
1351 2139 1408 2182 ut
1455 2131 1616 2186 Celso
1655 2132 1805 2190 locus
1833 2146 1977 2192 esset
2009 2139 2088 2192 di-

507 2207 693 2272 cendi,
727 2227 746 2260 ι
782 2226 882 2265 nos
915 2214 1146 2282 perinde
1193 2232 1261 2272 ac
1291 2217 1508 2276 Iudaeos
1545 2222 1692 2292 loqui
1735 2225 1803 2280 de
1849 2226 2086 2294 insidiis,

505 2310 644 2363 quas
681 2295 885 2356 fratres
918 2312 1113 2359 mutuo
1145 2305 1250 2361 sibi
1305 2315 1645 2368 struxerunt.
1683 2332 1704 2366 ι
1739 2315 1875 2372 Volo
1905 2328 2084 2375 autem

505 2395 535 2434 a
574 2383 732 2439 nobis
759 2390 1224 2455 quemadmodum
1253 2410 1281 2448 a
1311 2394 1512 2455 Judaeis
1548 2405 1757 2459 narrari
1792 2407 2078 2475 profectio-

505 2483 628 2569 nem
658 2471 710 2524 in
740 2473 1064 2546 Egyptum,
1099 2491 1153 2537 et
1197 2501 1262 2539 ex
1299 2484 1537 2558 Egyplo
1579 2471 1885 2563 egressum,
1921 2515 2082 2569 quam

503 2559 696 2618 Celsus
727 2580 1014 2636 perperam
1047 2574 1284 2644 appellat
1309 2578 1528 2648 fugam;
1572 2559 1702 2654 quid
1739 2559 2083 2646 indecontra

501 2670 603 2709 nos
628 2667 722 2710 aut
751 2672 941 2714 contra
967 2661 1227 2722 Iudaeos?
1266 2669 1364 2726 Ubi
1401 2673 1613 2729 videtur
1638 2677 1729 2733 ille
1753 2680 1852 2734 sibi
1894 2693 2084 2739 nactus

500 2753 848 2807 occasionem
879 2769 978 2808 nos
1004 2758 1316 2831 vellicandi,
1364 2763 1718 2825 llebrmorum
1747 2789 1812 2828 ex
1843 2774 2084 2847 A'Igypto

499 2853 777 2910 egressum
809 2857 967 2901 vocat
999 2848 1216 2918 fugam;
1248 2857 1338 2910 ubi
1371 2871 1501 2914 vero
1533 2876 1620 2915 res
1648 2867 1962 2931 postulabat
2025 2880 2082 2922 ut

499 2931 684 3002 plagas
735 2937 931 3004 quibus
985 2941 1124 2997 Deus
1175 2945 1467 3017 )Egyptum
1507 2951 1769 3012 aﬁlixisse
1849 2960 2084 3016 traditur

497 3029 847 3096 expenderet,
875 3032 1156 3089 silentium
1199 3037 1439 3095 affectat.

2191 1862 2290 1934 τὴν
2323 1864 2416 1916 ἀπ’
2453 1864 2662 1917 ἐκείνου
2692 1864 2943 1937 διαδοχὴν
2977 1867 3181 1937 ὁμοίως
3222 1867 3408 1930 αὐτοῖς
3436 1865 3726 1935 γενεαλογοῦ·

2188 1972 2314 2025 μεν.
2363 1955 2522 2009 Ἀλλά
2559 1959 2651 2010 καὶ
2688 1976 2706 2009 ι
2757 1959 2835 2022 εἰς
2881 1958 3145 2029 ἀλλήλους
3179 1959 3279 2029 μὲν
3315 1958 3590 2029 ἐπιϐουλὴν
3616 1957 3726 2012 ἀδελ-

2191 2047 2305 2115 φῶν
2356 2067 2373 2100 ι
2421 2049 2520 2102 οὐκ
2556 2049 2736 2120 ῐσμενσ
2763 2049 2856 2103 τὸν
2884 2051 2940 2104 δὲ
2974 2052 3115 2104 Κάἳν
3147 2051 3633 2105 ἐπιϐεϐουλευκέναι

2193 2139 2379 2207 ΙἍϐελ,
2414 2142 2509 2195 καὶ
2549 2142 2641 2196 τὸν
2682 2142 2846 2217 Ἑσαῦ
2884 2143 2963 2214 τῷ
3013 2144 3228 2197 Ἰακώϐο
3263 2144 3324 2197 οὐ
3367 2143 3473 2216 γάρ
3505 2143 3646 2196 Ἀϐελ
3667 2143 3724 2213 τῷ

2189 2232 2328 2285 Κάῖν
2374 2233 2786 2300 ἐπεϐούλευσεν,
2864 2235 2983 2289 οὐδὲ
3051 2235 3246 2290 Ἰακὼϐ
3302 2236 3380 2307 τῷ
3429 2235 3577 2290 Ἐσαῦ
3623 2235 3721 2306 (45)·

2187 2322 2327 2394 ὅπερ
2348 2324 2396 2376 εἰ
2420 2326 2680 2394 ἐγεγόνει,
2710 2327 3023 2390 ἀκολούθως
3055 2329 3123 2383 ἂν
3154 2325 3309 2382 εἶπεν
3328 2329 3357 2381 ὁ
3389 2329 3580 2392 Κέλσος
3609 2348 3624 2380 ι
3652 2326 3724 2390 τὰς

2187 2417 2268 2478 εἰς
2293 2416 2554 2488 ἀλλήλους
2578 2418 2688 2472 τῶν
2713 2419 2957 2490 ἀδελφῶν
2979 2419 3277 2488 ἐπιϐουλὰς
3307 2419 3408 2483 τὰς
3438 2419 3590 2482 αὑτὰς
3613 2420 3723 2488 ἡμᾶς

2199 2508 2473 2572 Ἰουδαίοις
2495 2512 2748 2582 ἱστορεῖν.
2793 2532 2810 2563 ι
2849 2513 3030 2564 Ἔστω
3064 2512 3119 2565 δὲ
3151 2513 3248 2566 καὶ
3277 2515 3379 2584 τὴν
3407 2514 3483 2574 εἰς
3506 2509 3722 2576 Αἴγυπτον

2187 2599 2336 2670 ἡμᾶς
2377 2601 2684 2672 ἀποδημίαν
2717 2604 2815 2676 τὴν
2838 2604 3008 2673 αὐτὴν
3039 2605 3216 2673 λέγειν
3251 2605 3497 2667 ἐκείνοις,
3545 2599 3622 2652 καὶ
3648 2597 3722 2666 τὴν

2185 2691 2392 2745 ἐκεῖθεν
2441 2695 2719 2758 ἐπάνοδον,
2753 2697 2847 2750 καὶ
2885 2696 2946 2748 οὺ
2990 2695 3217 2766 φυγὴν,
3273 2697 3350 2760 ὡς
3379 2697 3407 2749 ὁ
3444 2697 3626 2761 Κέλσος
3660 2715 3719 2749 νο-

2189 2782 2352 2853 μίζει·
2390 2785 2442 2838 τί
2469 2783 2563 2841 οὖν
2586 2788 2757 2842 ταῦτα
2785 2788 3154 2860 συμϐάλλεται
3183 2789 3322 2862 πρὸς
3348 2789 3445 2860 τὴν
3471 2790 3582 2843 καθ’
3602 2789 3722 2861 ἡμῶν

2184 2875 2216 2946 ἦ
2270 2876 2410 2930 κατὰ
2469 2879 2740 2934 Ἰουδαίων
2787 2881 3160 2954 κατηγορίαν;
3194 2882 3324 2936 ἔνθα
3356 2885 3452 2953 μὲν
3501 2881 3584 2937 οὖν

2185 2967 2467 3036 χλευάζειν
2521 2975 2668 3042 ἡμᾶς
2721 2974 2780 3025 ἐν
2829 2973 2908 3044 τῷ
2965 2973 3092 3045 περὶ
3143 2974 3255 3027 τῶν
3308 2975 3560 3046 Ἐϐραίων
3593 2975 3720 3044 λόγῳ,

2182 3060 2388 3128 φυγὴν
2438 3062 2741 3134 ὠνόμαζε-δ’
2786 3066 2919 3119 ὅπου
2954 3065 2997 3117 δ’
3036 3061 3104 3136 ἦν
3137 3066 3198 3118 τὸ
3243 3068 3604 3138 πραγματικὸν
3631 3068 3714 3132 ἐξε-

497 3121 658 3176 τάσαι
696 3126 824 3197 περὶ
869 3126 978 3182 τῶν
1005 3129 1513 3206 ἀναγεγραμμένων
1563 3141 1842 3210 μαστίγων
1887 3121 2295 3219 ἐπεληλυθέναι
2331 3121 2397 3226 σῇ
2451 3121 2710 3230 Myth:qu
2761 3160 2870 3213 ἀπὸ
2915 3158 3011 3213 τοῦ
3043 3121 3200 3225 (θεοῦ,
3253 3121 3410 3214 τοῦθ’.
3430 3161 3559 3214 ἑκὼν
3601 3159 3724 3215 ἐσιώ-

497 3234 693 3291 πησεν.

566 3313 658 3369 60.
687 3316 978 3385 Craterum,
1015 3322 1058 3376 si
1093 3337 1191 3378 nos
1221 3335 1476 3382 accurate
1504 3332 1830 3400 respondere
1859 3345 2076 3404 oportet

2249 3340 2313 3392 El
2363 3338 2408 3392 δ’
2474 3340 2719 3411 ἀκριϐῶς
2781 3341 2885 3412 χρὴ
2943 3343 3094 3412 ἡμᾶς
3141 3339 3321 3411 λέγειν
3366 3341 3435 3395 τὰ
3479 3341 3599 3412 πρὸς
3650 3339 3721 3391 τὸν

498 3405 565 3457 ad
598 3406 834 3473 Celsum,
869 3412 1183 3482 opinantem
1205 3419 1451 3472 eamdem
1476 3432 1718 3476 nostram
1739 3441 1858 3479 esse
1894 3442 1958 3482 ac
1986 3427 2081 3484 Ju-

498 3496 735 3552 dazorum
764 3502 829 3555 de
858 3503 941 3558 liis
966 3506 1130 3560 rebus
1164 3511 1512 3573 sententiam,
1564 3513 1814 3570 dicemus
1850 3517 1904 3571 in
1941 3535 2078 3574 con-

499 3587 646 3643 fesso
702 3608 823 3647 esse
878 3598 1022 3664 apud
1085 3609 1371 3670 utrosque,
1414 3603 1585 3658 libros
1630 3605 1814 3661 divino
1869 3609 2077 3680 Spiritu

494 3679 666 3735 fuisse
706 3685 980 3752 scriptos:
1013 3689 1079 3744 de
1114 3690 1330 3746 illorum
1376 3695 1544 3767 624
1593 3705 1771 3753 autem
1808 3699 2073 3758 librorum

497 3772 950 3842 interpretatione
979 3796 1078 3836 nos
1109 3798 1230 3837 cum
1263 3784 1465 3842 Iudaeis
1495 3789 1817 3846 dissentire.
1865 3794 2077 3866 Quippe

498 3879 605 3918 non
637 3875 697 3920 ut
734 3866 902 3924 Judaei
938 3872 1190 3940 vivimus,
1227 3892 1599 3950 negamnsque
1648 3895 1886 3939 mentem
1941 3887 2076 3960 legis

495 3959 767 4014 contineri
821 3976 983 4017 sensu
1048 3981 1208 4035 quem
1255 3970 1429 4040 legum
1465 3972 1642 4027 littera
1688 3991 1800 4044 pra:
1841 3992 1900 4032 se
1947 3959 2071 4035 fert.

494 4048 753 4114 Qninimo
789 4053 1150 4126 afiirmamus,
1185 4080 1204 4113 ι
1243 4078 1367 4118 cum
1401 4063 1600 4136 legitur
1646 4067 1891 4141 Moyses,
1921 4073 2072 4128 vela-

492 4158 614 4198 men
672 4150 906 4214 positum
955 4165 1077 4206 esse
1113 4170 1276 4226 super
1313 4174 1409 4214 cor
1461 4177 1651 4217 eorum
1678 4163 1746 4228 ⁸⁸,
1790 4183 1808 4214 ι
1840 4180 1960 4219 eam
2001 4168 2072 4222 ob

489 4248 734 4306 causam,
765 4241 890 4307 quia
919 4238 1058 4312 legis
1081 4245 1334 4304 Mosaicae
1354 4266 1505 4307 mens
1530 4254 1838 4309 occultatur
1865 4257 1928 4313 iis
1975 4259 2069 4328 qui

487 4326 631 4380 viam
679 4343 711 4382 a
755 4328 884 4386 Jesu
921 4335 1144 4391 Christo
1187 4349 1544 4397 monstratam
1595 4346 1818 4417 ingredi
1850 4326 2070 4405 recusa-

486 4427 633 4473 runt.
669 4421 884 4479 Scimus
917 4436 1119 4495 autem,
1155 4433 1374 4501 quando
1409 4449 1468 4490 se
1493 4437 1613 4506 quis
1655 4440 1721 4493 ad
1754 4438 2067 4508 Dominum,

482 4509 578 4578 qui
609 4509 845 4582 Spiritus
867 4526 970 4583 est,
996 4523 1356 4591 converterit,
1385 4527 1626 4583 velamen
1657 4531 1889 4598 auferri,
1914 4548 2070 4587 eum-

486 4615 592 4668 que
615 4619 633 4651 ι
665 4613 866 4662 retecta
934 4608 1072 4666 facie
1102 4612 1311 4669 Domini
1340 4616 1570 4686 gloriam
1599 4621 1744 4675 velut
1767 4623 1820 4677 in
1843 4626 2067 4692 speculo

2184 3431 2412 3493 Κέλσον,
2455 3431 2702 3502 οἰόμενον
2737 3432 2804 3486 τὰ
2837 3433 2978 3486 αὐτὰ
3009 3433 3157 3504 ἡμᾶς
3199 3432 3470 3496 Ἰουδαίοις
3505 3430 3720 3503 περὶτῶν

2183 3523 2516 3594 ἐγκειμένων
2551 3523 2662 3594 (435)
2691 3522 2952 3590 δοξάζειν·
2988 3525 3255 3595 φήσομεν,
3283 3525 3364 3576 ὅτι
3385 3523 3451 3576 τά
3479 3524 3568 3592 μὲν
3581 3521 3720 3592 βιϐλία

2183 3613 2311 3684 θείῳ
2339 3615 2646 3685 γεγράφθαι
2705 3615 3008 3686 Πνεύματι,
3052 3616 3424 3688 ὁμολογοῦμεν
3451 3616 3716 3687 ἀμφότερον

2182 3706 2309 3776 περὶ
2351 3705 2408 3757 δὲ
2461 3706 2561 3776 τῆς
2589 3706 2814 3778 ἐκδοχῆς
2842 3707 2950 3761 τῶν
2982 3709 3040 3760 ἐν
3075 3711 3186 3772 τοῖς
3219 3709 3443 3779 βιϐλίοις
3470 3708 3629 3762 οὐκέτι
3668 3705 3720 3757 τὰ

2179 3798 2343 3869 ὅμοιά
2385 3815 2582 3869 φαμεν·
2635 3801 2688 3852 οἵ
2722 3817 2784 3868 γε
2823 3801 2942 3854 οὐδὲ
2998 3801 3222 3873 βιοῦμεν
3261 3803 3337 3866 ὠς
3389 3802 3626 3856 Ἰουδαῖοι.
3661 3797 3720 3867 τῷ

2181 3893 2395 3961 φρονεῖν
2425 3891 2486 3943 οὐ
2515 3890 2612 3961 τὴν
2647 3891 2785 3944 κατὰ
2807 3891 2866 3944 τὸ
2900 3893 3063 3962 ῥητὸν
3103 3894 3330 3966 ἐκδοχὴν
3356 3894 3459 3948 τῶν
3479 3895 3636 3962 νόμων
3660 3886 3719 3942 εἷ-

2180 3995 2267 4032 ναι
2290 3980 2388 4050 τὴν
2420 3981 2780 4052 περιέχουσαν
2803 3979 2861 4035 τὸ
2895 3982 3142 4054 βούλημα
3167 3985 3266 4055 τῆς
3292 3984 3605 4056 νομοθεσίας.
3634 3979 3719 4033 Καὶ

2176 4071 2406 4143 λέγομεν
2443 4071 2508 4136 δ’,
2553 4093 2571 4122 ι
2611 4074 2899 4145 ὃτι,ὴνίκα
2931 4074 2996 4129 ἂν
3037 4076 3475 4150 ἀναγινώσκηται
3496 4073 3713 4140 Μωυσῆς.

2177 4164 2437 4235 κάλυμμα
2462 4166 2555 4217 ἐπὶ
2581 4166 2679 4236 τὴν
2727 4166 2954 4238 καρδίαν
2984 4171 3182 4233 κεῖται,
3220 4189 3238 4221 ι
3294 4170 3374 4242 τῷ
3402 4173 3506 4233 τοῖς
3543 4167 3625 4238 τὴν
3650 4164 3716 4217 διὰ

2188 4255 2361 4326 Ἰησοῦ
2393 4256 2630 4326 Χριστοῦ
2668 4259 2752 4328 ,μὴ
2787 4260 3199 4330 ἀσπασαμένοις
3223 4261 3342 4315 ὁδὸν
3368 4257 3714 4331 ἐπικεκρύφθαι

2173 4344 2234 4396 τὸ
2272 4343 2516 4416 βούλημα
2556 4345 2652 4398 τοῦ
2682 4347 2960 4412 Μωῦσέως
3008 4350 3192 4421 νόμου.
3231 4354 3419 4423 Ἰσμεν
3449 4353 3490 4406 δ’
3526 4352 3615 4414 ὅτι,
3643 4347 3714 4400 tia

2174 4433 2473 4505 ἐπιστρέψῃ
2523 4452 2606 4498 τις
2656 4435 2792 4506 πρὸς
2839 4437 2931 4491 τὸν
2994 4438 3200 4510 Κύριον
3247 4442 3297 4509 (ὁ
3349 4441 3404 4496 δὲ
3449 4441 3628 4513 Κύριος
3668 4438 3714 4489 τὸ

2174 4525 2392 4596 πνεῦμά
2423 4526 2586 4596 ἐστι’)
2619 4527 2987 4602 περιαιρεθεὶς
3019 4531 3080 4583 τὸ
3111 4532 3398 4605 κάλυμμα,
3430 4553 3447 4586 ι
3485 4535 3710 4587 ἀνακεκαο

2172 4615 2434 4688 λυμμένῳ
2465 4616 2763 4688 προσώπῳ,
2809 4638 2827 4670 ι
2853 4618 2951 4690 τὴν
2986 4622 3045 4675 ἐν
3071 4625 3184 4686 τοῖς
3209 4623 3593 4696 κεκρυμμένοις
3614 4620 3711 4688 νοή-

482 4691 680 4750 intueri
714 4698 756 4728 ⁸⁷
793 4717 811 4750 ι
846 4701 897 4753 in
947 4701 1053 4757 illis
1088 4707 1341 4762 sensibus
1378 4725 1515 4776 quos
1555 4712 1734 4766 littera
1776 4715 1910 4785 legis
1937 4711 2064 4772 ahsé

2188 4730 2306 4766 ιασι
2333 4713 2472 4767 κατὰ
2504 4715 2572 4767 τὰ
2597 4713 2900 4785 γράμματα
2936 4733 2953 4764 ι
2983 4714 3141 4778 δόξαν
3165 4714 3258 4768 τοῦ
3295 4689 3493 4788 Κυρίου
3514 4710 3708 4782 ὡσπερεὶ

481 4787 772 4855 condebat,
806 4800 862 4845 et
915 4793 966 4846 in
1002 4810 1152 4849 snam
1189 4798 1359 4866 ipsius
1392 4801 1617 4871 gloriam
1653 4805 1836 4874 gloriae
1865 4808 2060 4864 divina:

480 4883 800 4952 participem
825 4887 964 4941 fieri.
1003 4889 1139 4944 Nam
1190 4893 1244 4946 id
1275 4896 1422 4962 quod
1455 4898 1544 4952 hic
1579 4913 1678 4968 per
1711 4899 1938 4968 figuram
1968 4916 2061 4955 vo-

479 4981 638 5026 catur
678 4976 862 5042 facies,
894 4991 1080 5048 aperte
1109 4986 1347 5052 loquenti
1379 4999 1462 5042 est
1493 4991 1823 5056 intellectus,
1858 4995 1909 5047 in
1947 5009 2056 5063 quo

480 5073 564 5116 est
598 5065 875 5124 interioris
908 5072 1142 5130 hominis
1191 5077 1380 5143 facies,
1410 5095 1562 5151 qua},
1601 5095 1890 5153 perspecto
1925 5102 2054 5142 vero

480 5153 658 5220 legum
689 5174 873 5228 sensu,
903 5173 1008 5218 tota
1043 5166 1248 5225 lumine
1283 5184 1335 5227 et
1370 5173 1543 5243 gloria
1579 5177 1910 5246 resplendet.

551 5380 595 5409 °“
625 5379 662 5432 ll
695 5382 823 5436 Cor.
861 5401 910 5449 v,
944 5387 1027 5441 15.
1106 5389 1149 5421 ⁸⁷
1182 5389 1320 5446 Ibid.
1350 5392 1438 5451 18.

549 5499 661 5590 (μ)
702 5503 837 5555 Μετ’
867 5508 1074 5562 αὐτόν.
1113 5510 1473 5568 Scribendum
1521 5516 1758 5588 videtur,
1807 5521 1926 5590 μετ’
1956 5521 2053 5574 ab-

475 5568 1044 5733 :ﬂé'é‘qllmsclteiin‘s
1069 5653 1131 5733 ἐτι
1181 5661 1360 5733 ιιιξῐιιζ
1381 5657 1578 5733 ὁμγάρ-
1595 5659 1760 5712 Ἀϐελ
1794 5662 1871 5733 τῷ
1917 5663 2053 5716 Κάῖν

478 5708 884 5770 ἐπεϐούλευσεν.
917 5719 945 5770 ὀ
977 5719 1031 5771 δὲ
1069 5721 1260 5776 Ἰακὼϐ
1295 5708 1604 5788 101135213.
1639 5733 1795 5787 male.

2165 4806 2606 4878 κατοπτρίζεται,
2649 4827 2666 4858 ι
2707 4809 2801 4860 καὶ
2838 4807 3248 4878 μεταλαμϐάνει
3291 4809 3389 4880 τῆς
3419 4805 3707 4877 καλουμένης

2165 4896 2314 4962 θείας
2336 4898 2494 4971 δόξης
2529 4902 2610 4965 εἰς
2639 4901 2740 4972 τὴν
2769 4899 2963 4954 ἑαυτοῦ
2983 4899 3160 4966 δόξανο
3194 4899 3466 4971 τροπικῶς
3488 4897 3705 4969 μὲνλεγο·

2165 4991 2324 5060 μένου
2373 4993 2719 5060 προσώπου,
2779 4994 3116 5064 γυμνότερον
3163 4993 3232 5058 δ’,
3274 4992 3350 5057 ὡς
3379 4993 3442 5047 ἂν
3487 4990 3703 5062 ὀνομάσαι

2160 5099 2263 5147 τις,
2295 5082 2389 5136 τοῦ
2422 5090 2535 5150 νοῦ,
2579 5089 2635 5140 ὲν
2663 5080 2707 5154 ᾧ
2732 5088 2848 5140 ἐστι
2878 5087 2938 5140 τὸ
2973 5086 3064 5140 τοῦ
3095 5087 3238 5140 κατὰ
3270 5089 3360 5142 τὸν
3404 5087 3504 5140 ἔσω
3533 5083 3705 5151 ἄνθρω·

2174 5192 2269 5228 πον
2312 5176 2600 5247 πρόσωπον
2649 5179 2780 5250 (47),
2837 5178 3214 5250 πληρούμενον
3258 5181 3430 5248 φωτὸς
3461 5179 3544 5232 καὶ
3577 5173 3702 5242 δόξης

2167 5266 2274 5320 ἀπὸ
2301 5267 2399 5338 τῆς
2431 5271 2558 5342 περὶ
2585 5271 2693 5327 τῶν
2724 5273 2865 5326 κατὰ
2895 5273 3021 5336 τοὺς
3047 5271 3246 5344 νόμους
3265 5271 3524 5344 ἀληδειας.

2235 5519 2347 5589 (⁵6)
2380 5589 2383 5590 ν
2413 5519 2829 5590 Ἐινκειμένωη
2881 5522 3077 5578 Gnieto
3137 5521 3475 5580 scribendum
3516 5516 3692 5573 videtur

2163 5589 2518 5644 ἐκκειμένων.

2235 5655 2346 5776 $.57)
2380 5661 2471 5714 Sic
2507 5678 2634 5716 mss.
2668 5663 2984 5719 Boherellus
3015 5663 3147 5732 legit
3187 5666 3248 5719 τὸ
3270 5665 3361 5719 τοῦ
3387 5663 3515 5719 κατὰ
3537 5655 3689 5710 sua"

2249 5729 2456 5776 lminva
2493 5734 2797 5776 πρόσωπον
2845 5735 2994 5776 Annal
3033 5735 3398 5776 llmcnlmlinm
3421 5747 3465 5776 ρι
3489 5734 3682 5776 ςιιειιςε·

2169 5734 2456 5800 ἀνθρώπου
2493 5734 2799 5801 πρόσωπον.
2841 5735 2994 5806 Apud
3031 5735 3398 5794 llmschctium
3421 5747 3470 5791 et
3489 5734 3686 5807 Spence:
