3840 6412
488 396 628 452 1⁸⁵387

1978 396 2303 455 ORIGENlS

3612 405 3714 462 l'zSS

488 534 521 573 e
542 516 692 572 Pauli
715 516 935 575 Litteris
947 518 1212 576 memoria
1228 508 1447 574 videtur
1466 516 1778 573 retinuisse.
1794 515 1907 572 Cur
1926 517 2053 572 enin

2178 535 2268 571 vov
2295 516 2405 571 ἀπὸ
2434 516 2527 570 τοῦ
2547 516 2761 571 Παύλου
2790 516 2931 571 ἔοικε
2962 517 3465 591 μεμνημονευκέναι
3490 519 3517 574 ό
3536 522 3715 588 Κέλσῳ

490 623 597 664 non
634 609 736 663 alia
771 622 1032 666 sexcenta
1079 612 1388 666 diceremus
1427 626 1547 681 (pne
1579 610 1835 665 similiter
1860 610 2053 678 Seript:

2176 609 2263 663 διὰ
2289 610 2343 662 τί
2373 610 2483 681 γὰρ
2512 608 2574 663 οῦ
2600 627 2781 681 φαμεν
2809 611 2902 663 καὶ
2930 611 3067 665 ἄλλα
3100 613 3270 683 μυρία
3306 612 3413 665 τῶν
3446 616 3717 686 γεγραμμέ-

488 708 644 764 sunt;
672 710 731 754 ut
762 701 906 757 istud
941 720 955 756 :
993 721 1011 754 ι
1044 702 1100 756 1η
1134 717 1302 756 earne
1337 704 1603 766 viventes,
1632 718 1737 756 non
1774 702 2053 756 sceundun

2176 720 2316 768 νων;
2353 704 2428 767 ὡς
2455 703 2542 769 τὸ,
2569 722 2587 754 ι
2635 704 2721 757 Ἐν
2753 705 2917 777 σαρκὶ
2940 704 3049 777 γὰρ
3080 704 3305 769 ζῶντες,
3340 706 3399 759 οὐ
3430 706 3561 760 κατά
3584 709 3719 778 σάρκα

489 806 710 846 carnem
737 794 1037 848 militamus
1065 795 1213 867 (nam
1251 810 1403 849 arma
1449 796 1656 849 militia:
1710 804 1910 850 nostra!
1963 809 2071 849 non

486 882 730 936 carnalia
763 894 913 948 sunt,
945 884 1039 939 sed
1082 887 1326 952 polentia
1379 884 1487 939 Deo
1532 885 1599 939 ad
1632 885 2065 939 destructionem

487 974 908 1047 munitionum),
937 977 1164 1031 consilia
1196 978 1573 1039 destruentes.
1611 986 1668 1032 et
1697 993 1913 1032 omnem
1947 977 2073 1031 alti-

489 1068 733 1122 tudinem
762 1069 1116 1125 extollentem
1147 1084 1205 1125 se
1234 1068 1499 1126 adversus
1527 1070 1817 1125 scientiam
1853 1071 1945 1125 Dei
1964 1070 2062 1124 ".i

551 1247 641 1302 65.
680 1247 949 1315 Quoniam
979 1265 1110 1305 vero
1145 1250 1221 1304 ait
1247 1251 1613 1320 Christianos,
1642 1254 1746 1309 etsi
1777 1264 2066 1323 tantopere

483 1341 812 1403 dissideant.
865 1342 1050 1399 dicere
1103 1353 1285 1401 tamen
1317 1361 1508 1402 omnes
1544 1365 1557 1401 :
1599 1365 1618 1398 ι
1658 1346 1788 1402 Mihi
1829 1349 2067 1402 mundus

479 1436 780 1494 crucifixus
805 1447 912 1501 est,
935 1448 989 1494 et
1015 1454 1117 1510 ego
1148 1442 1348 1497 mundo
1365 1446 1431 1508 ’⁸,
1477 1460 1496 1494 ι
1536 1452 1592 1498 et
1632 1444 1735 1498 hoc
1766 1445 1937 1511 ipsum
1972 1444 2068 1499 l'al-

478 1543 599 1582 sum
628 1543 748 1585 esse
783 1531 1304 1589 demonstrabimus.
1349 1536 1489 1591 Sunt
1518 1538 1665 1591 enim
1709 1548 1872 1593 secta:
1941 1552 2063 1607 quae

475 1620 629 1679 Pauli
681 1627 949 1696 Epistolas
981 1645 1087 1683 non
1124 1630 1439 1695 admittunt,
1473 1642 1532 1686 ut
1564 1633 1784 1701 utrique
1819 1631 2061 1687 Ebionmi

476 1726 528 1772 et
554 1718 846 1777 Eneratitae
869 1722 1019 1779 dicti.
1055 1723 1133 1777 Illi
1166 1725 1351 1793 igitur,
1384 1741 1506 1779 cum
1531 1724 1762 1781 Paulum
1803 1740 1904 1797 pro
1933 1740 2065 1781 san-

474 1820 565 1864 cto
594 1822 646 1866 et
676 1813 927 1882 sapiente
960 1830 1069 1869 non
1095 1825 1416 1886 agnoscant,
1454 1826 1603 1871 certe
1632 1818 1736 1873 hoc
1774 1817 1892 1886 ejus
1924 1816 2060 1873 eﬂ‘a-

2177 795 2620 867 στρατευόμεθαο
2672 796 2761 866 (τά
2809 796 2918 869 γὰρ
2962 797 3102 851 ὅπλα
3148 798 3249 869 τῆς
3285 798 3561 870 στρατείας
3600 801 3719 871 ἡμῶν

2173 886 2233 939 οῦ
2294 886 2535 957 σαρκικὰ
2562 928 2577 953 ,
2633 888 2771 942 ἀλλά
2821 889 3023 943 δυνατά
3080 889 3159 961 τῷ
3221 888 3340 960 Θεῷ
3394 890 3525 963 πρὸς
3568 892 3718 946 καθαί-

2175 996 2325 1051 ρεσιν
2428 979 2851 1053 ὀχυρωμάτων)
2953 982 3253 1053 λογισμοὺς
3341 982 3716 1055 καθαιροῦντες,

2170 1073 2266 1125 καὶ
2297 1074 2404 1127 πᾶν
2433 1072 2636 1145 ὕψωμα
2665 1074 3027 1146 ἐπαιρόμενον
3067 1073 3210 1129 κατὰ
3236 1074 3335 1144 τῆς
3378 1074 3612 1144 γνώσεως
3650 1076 3716 1129 τοῦ

2170 1164 2328 1219 Θεοῦ.
2373 1185 2392 1219 ι

2253 1259 2409 1313 Ἐπεὶ
2461 1260 2520 1313 δέ
2572 1278 2772 1331 φησιν,
2831 1262 2912 1316 ὃτι
2978 1262 3199 1317 πάντων
3262 1260 3467 1332 ἀκούσῃ
3518 1260 3612 1313 τῶν
3651 1262 3717 1314 ἐπὶ

2168 1350 2426 1405 τοσοῦτον
2458 1352 2824 1426 διεστηκότων
2850 1397 2864 1420 ,
2890 1355 3162 1424 λεγόντων
3189 1353 3250 1407 τό
3270 1371 3282 1384 ’
3320 1372 3339 1406 σ
3391 1354 3536 1423 Ἐμοὶ
3559 1353 3716 1425 κόσμος

2166 1444 2548 1516 ἐσταύρωται,
2590 1447 2745 1515 κάγὼ
2789 1447 2867 1518 τῷ
2906 1448 3099 1518 κόσμῳ
3133 1465 3146 1477 ο
3188 1467 3205 1499 ι
3257 1446 3533 1499 καὶτοῦτο
3564 1446 3714 1516 ψεῦδος

2164 1533 2534 1606 διελέγξομεν.
2603 1538 2723 1591 Εἰσὶ
2781 1539 2889 1609 γάρ
2934 1555 3081 1601 τινες
3130 1537 3373 1609 αἱρέσεις
3419 1537 3513 1601 τὰς
3543 1538 3711 1591 Παύλου

2165 1622 2457 1689 ἐπιστολὰς
2508 1626 2604 1679 τοῦ
2656 1627 2957 1681 ἀποστόλου
3022 1626 3099 1698 μὴ
3136 1628 3524 1699 προσιέμεναι,
3566 1628 3712 1698 ὥσπερ

2178 1717 2481 1772 Ἐϐιωναῖοι
2510 1720 2846 1791 ἀμφότεροι,
2877 1722 2971 1776 καὶ
3008 1724 3059 1774 οί
3100 1721 3425 1793 καλούμενοι
3463 1722 3712 1793 Ἐγκρατη-

2162 1808 2251 1861 ταί
2277 1809 2411 1878 (71).
2446 1812 2558 1864 Οὐκ
2586 1811 2650 1864 ἂν
2668 1808 2759 1865 οὖν
2782 1814 2830 1865 οἱ
2864 1813 2938 1884 μὴ
2953 1812 3227 1885 χρώμενοι
3246 1812 3324 1883 τῷ
3351 1813 3711 1883 Ἀποστόλῳ,ὼς

475 1912 588 1958 tum
625 1878 758 1958 non-
784 1878 1181 1977 usurpabuntv:
1222 1926 1241 1959 ι
1284 1907 1411 1963 Mihi
1468 1910 1704 1964 mundus
1759 1911 2053 1966 crucifixus

2166 1899 2419 1971 μακαρίῳ
2432 1902 2539 1954 τινὶ
2558 1904 2653 1956 καὶ
2666 1902 2814 1975 σοφῷ
3149 1922 3167 1953 ι
3191 1878 3346 1974 Ἐμοὶ
3369 1904 3558 1974 κόσμος
3571 1878 3713 1957 ἐσταύ-

474 2004 586 2060 est,
611 2006 666 2049 et
694 2012 794 2067 ego
820 2000 1046 2055 mundo.
1087 2020 1108 2054 ι
1142 2000 1402 2056 Mentitur
1437 2002 1600 2072 igitur
1635 2003 1734 2057 hac
1770 2004 1820 2057 in
1857 2020 1915 2059 re
1939 2004 2056 2060 Cel-

473 2102 592 2145 sus.
619 2089 683 2145 Et
712 2091 763 2143 in
795 2094 1101 2147 accusanda
1133 2094 1351 2163 quidem
1388 2104 1667 2151 sectarum
1715 2096 2058 2152 dissensione

474 2187 691 2248 tempus
718 2182 867 2246 terit,
904 2186 1000 2237 sed
1032 2199 1139 2238 non
1185 2184 1315 2239 mihi
1352 2186 1566 2240 videtur
1604 2186 1828 2240 omnino
1869 2187 2057 2256 expla-

473 2286 609 2328 nare
657 2289 780 2343 qua:
833 2275 989 2343 dicit,
1041 2292 1217 2347 neque
1247 2279 1591 2346 exploratum
1623 2288 1677 2333 et
1706 2290 2055 2350 perspcetmu

475 2365 697 2432 habere,
729 2384 831 2423 cur
858 2370 1160 2426 Christiani
1191 2372 1283 2442 qui
1312 2373 1365 2427 in
1404 2374 1666 2442 religione
1700 2376 2053 2445 progressio-

472 2472 571 2513 nes
612 2459 880 2527 fecerunt,
930 2463 1116 2519 dicant
1148 2479 1206 2519 se
1254 2464 1406 2534 plura
1436 2463 1638 2519 Judaris
1690 2481 2053 2537 cOgnoseere;

472 2566 541 2605 an
571 2553 824 2609 videlicet
868 2558 1012 2626 quod
1056 2561 1279 2613 eosdem
1330 2560 1500 2614 libros
1556 2560 1898 2617 admittendo
1948 2562 2057 2617 alio

467 2654 633 2697 sensu
690 2645 812 2700 illos
863 2648 1323 2718 interpretentur,
1378 2668 1446 2706 an
1498 2653 1641 2721 quod
1691 2668 1786 2708 eos
1833 2655 2056 2710 omnino

469 2746 755 2805 respuant.
779 2738 913 2794 Nam
944 2752 1176 2813 utraque
1208 2760 1335 2813 pars
1357 2760 1485 2800 suos
1513 2748 1565 2801 in
1594 2747 1761 2801 sectis
1793 2759 2055 2817 patronos

468 2826 635 2881 habet
706 2828 904 2885 Postea
941 2846 958 2885 :
1014 2852 1032 2883 ι
1076 2834 1217 2899 Ergo
1246 2849 1367 2905 age,
1405 2836 1607 2906 inquit,
1638 2838 1806 2909 629
1838 2840 2054 2895 etiamsi

467 2919 625 2975 nullo
660 2921 912 2993 dogmata
954 2925 1169 2980 illorqu
1220 2926 1576 2983 fundamento
1635 2932 1915 2997 nitantur;
1976 2935 2057 3003 ip-

472 3025 707 3069 sanimet
737 3031 925 3072 eorum
958 3020 1261 3076 doctrinam
1295 3022 1682 3092 inspectemus.
1714 3025 1791 3079 Ac
1817 3028 2053 3096 primmn

472 3104 855 3164 disserendum
882 3110 948 3166 de
968 3112 1057 3176 iis,
1093 3128 1213 3181 qua:
1237 3114 1376 3168 male
1406 3116 1774 3186 intelligentes
1793 3119 2057 3187 perigno-

2160 2011 2350 2065 ρωται,
2368 1992 2523 2063 κάγὼ
2536 1994 2614 2066 τῷ
2630 1997 2840 2067 κόσμῳ.
2858 2016 2873 2047 ι
2884 1996 2974 2050 Διὸ
2993 1998 3090 2050 καὶ
3115 1999 3172 2049 ἐν
3188 1996 3363 2066 τούτῳ
3379 1996 3602 2060 όΚέλσος
3614 1996 3711 2066 ψεύ-

2156 2084 2325 2139 δεται.
2354 2086 2463 2139 Καὶ
2490 2086 2847 2159 ἐπιδιατρίϐει
2868 2105 2931 2157 γε
2954 2087 3279 2159 κατηγορῶν
3294 2088 3392 2157 τῆς
3410 2089 3464 2141 ἐν
3478 2091 3583 2151 ταῖς
3604 2088 3716 2157 αἱρέ-

2160 2192 2275 2230 σεσι
2292 2178 2576 2250 διαφορᾶς,
2595 2180 2654 2233 ού
2688 2180 2827 2234 πάνυ
2854 2180 2910 2233 δέ
2929 2197 3019 2252 μοι
3044 2180 3193 2233 δοκεῖ
3216 2178 3502 2252 διαρθροῦν
3528 2179 3559 2233 ἃ
3576 2178 3708 2247 λέγειν

2156 2268 2263 2322 οὐδ’
2282 2268 2555 2340 ἐπιμελῶς
2570 2268 2709 2324 αύτά
2726 2270 3150 2342 τεθεωρηκέναι,
3166 2269 3709 2341 ούδέκατανενοηκέναι

2157 2360 2275 2425 πῶς
2306 2360 2488 2415 πλεῖον
2518 2361 2789 2417 Ἰουδαίων
2818 2362 3148 2417 ἐπίστασθαι
3177 2362 3427 2431 λέγουσιν
3453 2362 3650 2424 ἑαυτοὺς
3670 2362 3705 2412 οξ

2158 2456 2217 2509 ἐν
2246 2457 2357 2518 τοῖς
2389 2454 2571 2523 λόγοις
2600 2454 2987 2527 διαϐεϐηκότες
3017 2458 3061 2509 Χ
3073 2458 3340 2529 ριστιανοί
3366 2476 3379 2489 ο
3413 2458 3501 2511 καὶ
3523 2458 3708 2527 πότερον

2156 2554 2267 2614 τοῖς
2292 2550 2389 2621 μὲν
2409 2550 2635 2619 βιϐλίοις
2663 2548 3205 2622 συγκατατιθέμενοι,
3234 2551 3325 2604 τὸν
3344 2550 3399 2603 δέ
3426 2550 3541 2603 νοῦν
3560 2547 3709 2614 ἀντεξ-

2154 2641 2475 2713 ηγούμενοι,
2524 2642 2556 2713 ἦ
2603 2642 2723 2695 οὐδὲ
2775 2643 3302 2713 συγκατατιθέμενοι
3348 2646 3458 2707 τοῖς
3522 2642 3707 2696 ἐκείνων

2157 2742 2500 2813 γράμμασιν.
2544 2740 2811 2814 Ἐκάτερα
2843 2740 2955 2812 γὰρ
2972 2740 3235 2811 εὖροιμεν
3267 2741 3331 2795 ἂν
3365 2742 3420 2794 ὲν
3446 2744 3556 2804 ταῖς
3582 2738 3705 2809 “ips;

2160 2849 2294 2887 σεσι.
2321 2832 2476 2887 Μετὰ
2508 2832 2681 2887 ταῦτά
2711 2850 2879 2905 φησι·
2912 2852 2930 2884 ι
2959 2833 3084 2904 Φέρ’
3116 2830 3209 2886 οὖν
3230 2875 3244 2899 ,
3277 2838 3325 2887 εἰ
3361 2836 3450 2888 καὶ
3481 2833 3707 2905 μηδεμίαν

2158 2926 2334 2999 ἀρχὴν
2370 2926 2466 2979 τοῦ
2513 2924 2782 2997 δόγματος
2816 2924 3031 2996 ἔχουσιν
3053 2968 3067 2991 ,
3105 2926 3268 2980 αὐτὸν
3299 2927 3617 2998 ἐξετάζωμεν
3639 2925 3708 2977 τὸν

2155 3018 2332 3085 λόγον.
2352 3018 2623 3091 Πρότερον
2651 3019 2705 3073 δὲ
2733 3021 2833 3074 ὅσα
2852 3039 2925 3075 πα
2936 3024 3271 3094 ρακηκοότες
3295 3022 3385 3075 ὑπ’
3404 3022 3603 3091 ἀγνοίας
3619 3019 3708 3091 (72)

2157 3111 2561 3183 διαφθείρουσιν
2586 3154 2598 3177 ,
2629 3113 2729 3167 οὐκ
2773 3114 3026 3184 ἐμμελῶς
3075 3118 3133 3168 ἐν
3166 3116 3364 3185 ἀρχαῖς
3388 3114 3536 3176 εὐθὺς
3562 3115 3709 3167 ἀπαν-

477 3200 716 3255 rantiam
763 3202 1081 3272 depravaut.
1135 3206 1433 3261 insolenter
1468 3208 1765 3277 gloriantes
1794 3210 1860 3266 de
1896 3212 2053 3267 rebus

2163 3204 2538 3275 θαδιαζόμενοι
2580 3206 2710 3276 περὶ
2760 3200 2835 3260 ὧν
2868 3208 2969 3261 ούκ
3016 3208 3202 3271 ἴσασι,
3254 3210 3497 3265 λεκτέον
3531 3204 3710 3261 ἔστιδὲ

469 3306 609 3361 quas
636 3294 910 3349 nesciunt.
946 3294 1069 3351 Ha‘c
1093 3308 1276 3351 autem
1319 3308 1470 3357 sunt.
1512 3318 1530 3352 ι
1579 3300 1891 3373 Statimque
1924 3318 2050 3357 sen-

466 3384 656 3438 tentiis
682 3386 1036 3455 quibusdam,
1066 3404 1201 3459 quas
1230 3390 1283 3443 in
1315 3406 1410 3444 ore
1440 3407 1657 3462 semper
1691 3394 1893 3448 habent
1922 3395 2051 3451 lide-

464 3474 565 3543 les,
601 3476 738 3532 alias
764 3480 995 3549 opponit
1026 3497 1090 3536 ex
1120 3483 1460 3552 philosophis
1491 3487 1875 3556 depromptas;
1918 3502 2051 3543 con-

465 3569 749 3638 tenditque
778 3572 1045 3642 quidquid
1078 3575 1360 3641 pulchrius
1396 3578 1658 3632 tribuitur
1681 3577 2044 3650 Christianis,

466 3659 520 3713 id
555 3675 585 3713 a
624 3662 966 3734 philosophis
1001 3667 1198 3722 melius
1223 3679 1279 3723 et
1310 3670 1603 3726 dilucidius
1634 3672 1838 3727 dictum
1884 3691 2004 3731 esse
2028 3717 2046 3745 ,

464 3758 526 3803 ut
580 3753 647 3806 ad
704 3755 1106 3826 philosophiam
1160 3762 1341 3829 rapiat
1387 3778 1482 3819 eos
1514 3765 1606 3834 qui
1658 3767 1800 3835 capti
1836 3767 2053 3825 fuerant

464 3840 740 3912 dogmatis
810 3862 1045 3917 quormn
1090 3853 1351 3921 maiestas
1398 3856 1685 3926 pietasque
1747 3860 1923 3927 primo
1969 3864 2052 3917 in-

464 3938 642 3992 tuenti
675 3952 797 3994 sese
818 3942 1075 4012 explicat.
1102 3944 1210 4002 Sed
1234 3948 1347 4002 haec
1370 3964 1469 4019 pro
1494 3952 1688 4022 quinto
1720 3952 1861 4009 libro
1890 3956 2047 4011 satis.

465 4026 701 4086 Sextum
735 4032 806 4089 ab
837 4035 906 4090 iis
964 4052 1084 4107 qua:
1115 4051 1425 4111 sequuntur
1477 4046 1780 4101 ordiemur.

2159 3297 2307 3352 τάδε.
2345 3316 2363 3349 ι
2399 3298 2509 3350 Καὶ
2544 3297 2748 3362 ευθέως
2774 3299 2961 3369 ,λέξεσι
3004 3317 3152 3365 τισι,
3192 3304 3305 3366 τοῖς
3336 3296 3710 3367 πιστεύουσιτῴ

2157 3386 2501 3457 Χριστιανῶν
2532 3389 2675 3462 λόγῳ
2711 3391 2951 3462 συνεχῶς
2973 3393 3421 3466 ὀνομαζομέναις,
3450 3397 3711 3464 ἀντιπαρα-

2154 3479 2367 3550 τίθησιν
2397 3482 2506 3534 ἀπὸ
2532 3481 2642 3535 τῶν
2666 3483 2973 3553 φιλοσόφων
2994 3500 3007 3513 ·
3044 3485 3371 3557 βουλόμενος
3395 3486 3460 3541 τὰ
3481 3486 3605 3540 καλά
3622 3483 3709 3537 τῶν

2156 3570 2532 3644 νομιζομένων
2580 3574 2775 3646 Κέλσῳ
2810 3576 2958 3648 παρά
2988 3578 3339 3649 Χριστιανοῖς
3377 3576 3608 3647 λέγεσθαι
3632 3574 3707 3629 καὶ

2157 3662 2366 3732 βέλτιον
2406 3665 2501 3718 καὶ
2542 3650 2867 3738 τρανότερον
2920 3657 3172 3740 εἰρῆσθαι
3209 3670 3356 3743 παρὰ
3388 3673 3493 3735 τοῖς
3532 3668 3711 3739 φιλοσο-

2157 3756 2347 3824 φοῦσιν
2369 3796 2383 3821 ,
2414 3757 2503 3811 ἵνα
2530 3760 2845 3830 περισπάσῃ
2878 3761 2971 3813 ἐπὶ
3016 3762 3337 3832 φιλοσοφίαν
3364 3763 3485 3826 τοὺς
3520 3761 3709 3815 dittch-

2158 3856 2353 3928 μένους
2389 3857 2494 3909 ὑπὸ
2540 3858 2650 3910 τῶν
2682 3859 2908 3912 αὐτόθεν
2949 3861 3327 3931 ἐμφαινόντων
3367 3860 3629 3933 δογμάτων
3663 3856 3710 3908 τδ

2156 3948 2319 4002 καλὸν
2351 3951 2445 4002 καὶ
2475 3948 2535 4002 τὸ
2564 3950 2808 4014 εὐσεϐές.
2832 3951 2943 4004 Καὶ
2964 3953 3057 4006 τὸν
3085 3953 3336 4023 πέμπτον
3362 3952 3423 4023 δὴ
3455 3951 3604 4022 τόμον
3630 3946 3711 3999 αύ-

2154 4042 2271 4096 τόθι
2301 4044 2789 4108 καταπαύσαντες,
2824 4044 3119 4118 ἀρξώμεθα
3156 4046 3269 4118 (75)
3307 4044 3398 4100 τοῦ
3439 4046 3583 4099 ἕκτου
3621 4038 3708 4093 ἀπὸ

2158 4134 2265 4189 τῶν
2291 4136 2435 4206 ἑξῆς.

494 4264 3685 4310 ——___.__________________________________________________

1096 4399 1328 4513 ΩΡ]
1350 4401 1760 4519 ΓΕΝΟ
1778 4407 1944 4518 ΥΣ
2003 4406 2425 4518 ΚΑΤΑ
2483 4400 3105 4522 ΚΕΛΣΟΥ

1669 4617 2043 4704 ΓΟΜΟΣ
2124 4617 2519 4703 ΕΚΤΟΣ.

2076 4783 2149 4799 Μ

741 4901 1328 5000 ORIGENIS
1401 4911 1879 5004 CONTRA
1953 4914 2419 5007 CELSUM
2504 4916 2869 5005 LIBER
2946 4914 3446 5009 SEXTUS.

2070 5097 2143 5108 ,-

534 5184 585 5241 1.
608 5183 663 5240 In
694 5185 795 5242 hoc
817 5196 994 5252 sexto.
1020 5204 1179 5258 quem
1204 5194 1573 5262 aggredimur,
1599 5195 1761 5260 libro,
1792 5197 1877 5267 pie
1899 5198 2029 5252 Am-

2163 5200 2403 5257 ';"I‘:XZO‘J
2446 5201 2633 5256 τοῦτον
2668 5204 3007 5275 ἐνιστάμενοι
3056 5206 3212 5277 λόγον
3235 5250 3249 5274 ,
3297 5208 3429 5279 πρὸς
3456 5205 3548 5270 τὰς,
3585 5203 3706 5260 Κέλ-

462 5276 630 5341 brosi,
671 5278 976 5351 impugnari
1011 5297 1039 5335 a
1086 5284 1240 5339 nobis
1269 5295 1485 5355 oportet
1517 5287 1658 5344 Celsi
1690 5289 2031 5344 criminatio-

532 5414 642 5468 "ll
676 5412 862 5482 Cor.x,
888 5420 943 5474 3.
1022 5422 1067 5455 ⁷⁸
1103 5421 1279 5480 Galat.
1316 5441 1386 5490 Vl,
1426 5428 1511 5485 Μ.

556 5532 989 5618 ’71)Ἑ6ιωῂαζοι
1044 5543 1362 5618 ἀμφότεροι
1418 5547 1513 5599 καὶ
1560 5550 1616 5601 ol
1674 5548 2034 5618 καλούμενοι

465 5602 879 5688 ΒἘγκρατητιῑί.
932 5602 1173 5688 Ιιίθιγῖἆε
1215 5602 1542 5688 ilelcesaitis
1575 5620 1734 5673 tradit
1770 5602 2033 5688 Origenes

464 5681 625 5754 inps.
654 5690 862 5754 uiuit,
893 5681 986 5754 sed
1019 5699 1091 5754 ex
1132 5683 1435 5754 Epiphanio
1464 5688 1555 5753 '50,
1591 5690 1643 5753 5,
1681 5681 1892 5745 ςοηεῑειῖ
1920 5691 2036 5744 alli-

462 5755 561 5822 nes
582 5743 682 5824 bos
713 5744 981 5824 Ebionitis
1010 5743 1435 5824 fuisse'q'uorum
1475 5743 2033 5815 in'Pa'qumvcalum-

466 5812 589 5895 nias
622 5822 846 5895 tangunt
878 5812 1383 5895 ideanpiphitnius
1417 5812 1525 5893 '50,
1548 5829 1613 5882 ιο
1643 5840 1694 5883 et
1717 5812 1791 5883 25”
1813 5812 1843 5895 ;7
1864 5812 2039 5887 Euse-

463 5879 586 5936 bius
626 5879 836 5955 libfnt,
866 5903 987 5961 cap.
1018 5879 1111 5959 25;
1148 5879 1289 5948 Hist.
1324 5879 1529 5962 εεσιίεεί,
1552 5879 2036 5971 ’ρἰξΤιὶὲοἱιοῖὲῐιῖε

2142 5307 2236 5344 σου
2303 5294 2446 5347 κατὰ
2514 5297 2861 5367 Χριστιανῶν
2933 5299 3267 5371 κατηγορίας
3350 5298 3605 5371 χρῄζομεν
3656 5298 3705 5347 ὲν

2144 5552 2241 5624 lib.
2278 5566 2330 5624 ll,
2368 5550 2625 5606 Ila’retic.
2674 5552 2807 5621 fab.,
2864 5569 2984 5624 cap.
3055 5556 3108 5617 l,
3163 5556 3238 5610 De
3289 5552 3570 5610 Encratitis
3606 5550 3706 5624 sire

3620 5618 3682 5649 οη

2143 5622 2463 5676 Severianis
2506 5638 2723 5690 quoque
2766 5626 2905 5676 idem
2936 5622 3152 5680 Euseb.
3184 5627 3281 5680 lib.
3328 5642 3403 5687 tu,
3461 5640 3570 5685 cap.
3620 5622 3703 5683 ‘27,

2142 5692 2536 5765 llis_t.__e§cles.;
2562 5693 2931 5765 Hieronymus
2972 5697 3183 5764 praefat.
3217 5698 3282 5750 ad
3314 5695 3503 5749 Titum.

2214 5762 2327 5833 (7‘2)
2357 5763 2511 5827 Μέθη
2547 5762 2786 5831 ἀγνοίαςξ
2828 5762 2983 5821 Libb.
3017 5769 3166 5831 e‘diti,
3200 5768 3405 5830 ἀνοίας.

2215 5831 2333 5908 (75)
2386 5834 2727 5908 Ἀρξώμεθα.
2787 5836 3009 5908 Mavult
3062 5836 3374 5893 Bohercllus
3424 5831 3701 5908 ἀρξόμεθα.

2147 5902 2467 5973 Videlinem
2505 5906 2624 5959 libri
2658 5907 2798 5961 sexti
2827 5916 2879 5962 et
2908 5907 3033 5963 libri
3065 5910 3305 5982 septimi.
