3840 6412
178 293 291 347 1239

1343 293 1620 349 CONTRA
1659 294 1933 352 CELSUM
1971 295 2098 353 LIB.
2138 301 2221 358 Vl.

3250 315 3386 369 123i)

169 415 308 484 αὐτῷ,
340 413 445 483 ἰερὲ
488 411 793 483 Ἀμϐρόσιε,
826 412 1212 481 ἀγωνίσασθαι,
1247 413 1308 466 οὐ
1339 417 1474 485 πρὸς
1503 416 1571 469 τὰ
1601 418 1674 470 ἀπ

1812 434 1928 486 nes,
1954 437 2058 477 non
2091 437 2220 478 vero
2297 439 2358 480 ea
2393 439 2513 494 qua:
2557 441 2618 480 ex
2667 427 3009 500 philospphia
3060 432 3272 502 objicit,
3326 446 3383 488 nt

167 504 444 575 φιλοσοφίας
475 503 567 555 ὑπ’
596 503 759 558 αὑτοῦ
785 506 1124 577 ὲκτιθέμενα,
1157 507 1231 570 ὡς
1257 507 1470 579 οἰηθείη
1495 509 1561 562 ἄν
1599 527 1701 573 τις.

167 597 405 670 Παρέθετο
435 595 540 666 γὰρ
572 595 808 661 πλείονα,
832 598 1064 668 μάλιστα
1091 599 1398 666 Πλάτωνος,
1420 603 1449 653 ὁ
1477 601 1700 667 Κέλσος,

164 691 443 745 καινοποιῶν
490 693 559 747 τά
589 692 858 763 δυνάμενα
892 692 1030 746 ἑλεῖν
1076 709 1196 746 τινα
1243 693 1338 746 καὶ
1386 695 1605 750 συνετὸν
1641 697 1704 750 ὲκ

159 785 250 838 τῶν
297 781 447 857 ίερῶν
486 785 825 857 γραμμάτων
854 823 872 848 ,
917 785 1172 855 φάσκωψ
1225 804 1243 838 ι
1299 786 1514 840 Βέλτιον
1564 789 1702 843 αὑτά

163 877 270 949 παρ’
299 879 541 949 Ἕλλησιν
591 877 835 949 εἰρῆσθαι
863 918 876 941 ,
913 879 1008 930 καὶ
1051 877 1220 947 χωρὶς
1258 877 1573 945 ἀνατάσεως
1609 884 1700 935 καὶ

159 968 446 1040 ἐπαγγελίας
474 970 570 1041 τῆς
597 970 704 1023 ἀπὸ
735 969 947 1041 Θεοῦ,ἦ
982 969 1097 1023 υἰοῦ
1127 969 1284 1025 Θεοῦ.
1328 991 1345 1023 ι
1376 974 1558 1043 Φαμὲν
1583 971 1697 1038 οὖν,

156 1062 241 1126 δτι,
268 1061 410 1133 εἴπερ
435 1061 492 1114 τὸ
525 1062 879 1131 προκείμενόν
915 1062 1029 1115 ἐστι
1065 1064 1176 1138 τοῖς
1228 1064 1586 1136 πρεσϐεύουσι
1631 1067 1699 1122 τά

155 1155 235 1224 τῆς
272 1153 510 1224 ἀληθείας
537 1153 648 1222 (74)
675 1194 688 1218 ,
728 1154 970 1218 πλείους,
1005 1154 1104 1224 ὅση
1146 1154 1406 1226 δύναμις,
1444 1157 1695 1228 ὠφελεῖν,

157 1247 232 1300 καὶ
254 1247 551 1317 προσάγειν,
580 1246 653 1310 ὡς
682 1242 789 1299 οἶόν
821 1246 881 1300 τέ
916 1249 1082 1312 ἐστιν,
1107 1249 1242 1320 αὐτῇ
1273 1249 1364 1303 διὰ
1391 1250 1696 1322 φιλανθρωο

156 1339 264 1392 πίαν
304 1337 448 1392 πάνθ’
486 1339 722 1392 ὁντινοῦν
745 1383 760 1408 ,
809 1341 870 1393 οὐ
920 1341 1080 1411 μόνον
1131 1342 1391 1415 ὲντρεχῆ,
1432 1344 1566 1398 ἀλλά
1603 1347 1694 1400 καὶ

153 1431 370 1502 ἀνόητονο
408 1430 564 1484 πάλιν
592 1431 635 1484 δ’
665 1427 730 1486 αὖ
765 1431 886 1504 οὐχὶ
913 1434 1179 1504 Ἕλληνας
1212 1435 1330 1506 μὲν,
1365 1438 1566 1508 οὐχὶ’δὲ
1603 1440 1693 1492 καί

155 1520 441 1594 βαρϐάρους,
477 1523 609 1578 πολὺ
640 1524 696 1577 δὲ
727 1524 789 1578 τὸ
810 1525 1015 1597 ἥμερον
1043 1525 1137 1580 ὲάν
1166 1529 1258 1581 καὶ
1284 1530 1409 1593 τοὺς
1436 1531 1689 1601 ἀγροικο-

151 1613 314 1678 vitae;
339 1617 426 1668 καὶ
460 1615 671 1680 ἰδιώτας
693 1612 801 1680 οἶός
827 1619 886 1672 τέ
917 1637 1000 1682 τις
1041 1619 1265 1691 γένηται
1298 1623 1646 1692 ἐπιστρέφειν
1672 1640 1685 1652 °

150 1709 277 1778 δῆλόν
311 1711 482 1774 ἐστιν,
524 1710 606 1764 ὅτι
651 1712 996 1784 χαρακτῆρος
1045 1714 1102 1765 ὲν
1149 1713 1227 1785 τῷ
1260 1713 1439 1784 λέγειν
1470 1734 1687 1787 φροντι-

1811 512 2076 582 quispiam
2111 525 2292 578 posset
2326 517 2610 588 suSpit-ari.
2665 519 2828 576 Multa
2860 524 3004 577 enim
3027 566 3041 590 ,
3095 537 3121 578 e
3157 523 3381 580 Platone

1810 606 2063 674 maxime,
2093 608 2366 678 proponit,
2397 619 2456 664 ut
2487 613 2744 668 ostendat
2771 629 2833 670 ea
2867 617 3030 673 etiam
3068 633 3097 672 e
3125 617 3375 689 Scriptu-

1807 696 1902 762 ris,
1931 715 2052 768 qua:
2079 700 2164 755 vel
2199 710 2418 783 acutum
2454 705 2757 760 auditorem
2786 722 3102 777 permovere
3131 723 3377 780 possunt,

1805 789 1964 846 nobis
1993 806 2116 846 cum
2151 792 2272 847 aliis
2313 809 2432 850 esse
2465 798 2802 863 communia,
2849 799 3196 870 afﬁrmatqne
3257 802 3372 856 haec

1804 881 1921 950 ipsa
1947 900 1965 932 ι
2009 883 2204 938 melius
2235 902 2262 938 a
2288 883 2492 940 Graecis
2524 887 2668 942 dicta
2718 887 2885 946 fuisse
2926 900 2980 946 et
3009 892 3226 960 quidem
3255 893 3375 948 sine

1803 971 1910 1028 illis
1959 989 1987 1028 a
2036 976 2148 1032 Deo
2206 977 2412 1034 Filiove
2459 978 2554 1033 Dei
2608 981 2768 1036 minis
2809 993 2862 1038 et
2890 986 3200 1054 promissis.
3234 1005 3253 1039 ι
3291 987 3372 1040 Atl

1800 1067 1943 1133 quod
1969 1066 2081 1120 haec
2102 1078 2284 1123 nostra
2307 1072 2588 1138 responsio
2613 1080 2731 1126 est:
2759 1075 2804 1127 si
2835 1076 3092 1132 veritatis
3115 1078 3373 1134 doctores

1801 1155 1852 1209 id
1884 1157 1986 1211 sibi
2022 1171 2356 1228 proponunt,
2391 1163 2862 1236 humanitatisque
2893 1183 3014 1224 esse
3049 1172 3276 1234 ducunt,
3316 1184 3372 1225 ut

1799 1263 1960 1318 quam
1995 1261 2221 1320 possunt
2255 1254 2504 1324 plurimis
2539 1256 2747 1325 prosint
2769 1268 2823 1312 et
2857 1259 2921 1314 ad
2953 1261 3237 1316 veritatem
3270 1265 3368 1318 ad-

1797 1341 1996 1396 ducant
2017 1357 2412 1413 quemcunque,
2435 1346 2668 1415 tardum,
2695 1349 3104 1422 intelligentem,
3123 1352 3365 1418 Grmcm,

1795 1437 2056 1492 barbaros
2108 1437 2343 1509 (eximia:
2394 1450 2574 1497 autem
2620 1444 2974 1502 humanitatis
3033 1457 3120 1502 est
3163 1449 3362 1506 lucrari

1793 1519 1906 1573 Deo
1937 1521 2021 1575 vel
2053 1523 2281 1578 rusticos
2306 1535 2359 1579 et
2397 1526 2717 1596 imperitos),
2747 1532 3093 1601 perspicuum
3121 1545 3205 1589 est
3241 1551 3360 1588 eam

1791 1612 1894 1668 illis
1919 1614 2280 1683 usurpandam
2307 1632 2426 1670 esse
2450 1619 2749 1674 orationem
2773 1637 2835 1676 ac
2858 1623 3051 1694 stylum
3079 1625 3168 1694 qui
3193 1641 3361 1695 popu-

1792 1705 1918 1760 laris
1957 1707 2026 1762 sit
2055 1716 2108 1761 et
2139 1709 2202 1762 ad
2231 1710 2470 1764 omnium
2515 1722 2730 1782 captum
2763 1719 3231 1785 accommodatus;
3266 1722 3356 1790 qui

149 1801 274 1854 στέον
305 1800 443 1872 αὺτῷ
483 1801 840 1871 κοινωφελοῦς
869 1803 962 1856 καί
994 1804 1294 1875 δυναμένου
1327 1808 1506 1860 πᾶσαν
1549 1808 1674 1861 ἐπα-

1790 1813 1921 1853 vero
1948 1798 2220 1868 simplices
2249 1809 2304 1854 ct
2337 1777 2658 1870 illitteratos,
2684 1822 2748 1860 eo
2786 1808 2929 1876 quod
2965 1809 3030 1864 ad
3061 1777 3357 1880 assequen-

147 1892 372 1960 γαγέσθαι
406 1893 574 1964 ἀκοήν
599 1910 614 1924 σ
643 1895 755 1947 ὅσοι
797 1893 882 1958 δὲ,
914 1896 1082 1950 πολλὰ
1121 1897 1334 1969 χαίρειν
1383 1898 1688 1969 φράσαντες

146 1985 203 2048 ὡς
239 1987 572 2057 ἀνδραπόδοις
615 1990 728 2052 τοῖς
759 1989 1026 2056 ἰδιώταις,
1053 1989 1149 2043 καὶ
1184 1989 1258 2061 μὴ
1293 1986 1395 2043 οἷοί
1428 2007 1487 2042 τε
1519 2007 1686 2045 κατα-

147 2079 294 2132 κούειν
325 2079 420 2148 τῆς
453 2081 511 2132 ὲν
545 2082 740 2150 φράσει
771 2081 944 2150 λόγων
973 2082 1067 2135 καὶ
1092 2081 1242 2148 τάξει
1275 2082 1685 2153 ἀπαγγελλομέ-

143 2173 225 2208 νων
261 2157 588 2222 ἀκολουθίας,
629 2158 803 2228 μόνων
845 2160 1165 2230 ἐφρόντισαν
1200 2163 1306 2216 τῶν
1340 2166 1673 2234 ἀνατραφέν-

1786 1888 1910 1944 dam
1953 1891 2218 1945 sermonis
2245 1891 2439 1946 seriem
2487 1909 2595 1947 non
2631 1905 2814 1950 essent
2855 1898 3052 1964 idonei,
3082 1901 3234 1955 nihili
3275 1902 3356 1958 l'e-

1786 1990 1980 2036 cerunt
2007 2021 2021 2045 ,
2058 1981 2125 2036 de
2175 1983 2238 2037 iis
2281 1993 2461 2038 autem
2493 1984 2621 2039 solis
2668 1987 2972 2058 cogitarunt
3011 1990 3102 2060 qui
3146 1993 3355 2048 suntin

1786 2071 1978 2128 litteris
2004 2073 2281 2140 innutriti;
2309 2090 2401 2129 eos
2425 2085 2571 2130 certe
2593 2077 2820 2146 publica:
2845 2081 3087 2138 utilitatis
3112 2083 3350 2139 studium

1783 2165 2026 2236 angustis
2054 2167 2342 2221 admodum
2367 2167 2612 2224 terminis
2644 2169 3162 2241 circumscripsisse.

144 2265 226 2302 των
251 2249 351 2321 (75)
377 2254 432 2304 ὲν
462 2250 640 2320 λόγοις
673 2253 768 2304 καὶ
798 2251 1135 2324 μαθήμασιν,
1165 2247 1308 2309 οῦτοι
1343 2257 1403 2310 τὸ
1434 2261 1748 2315 κοινωνικὸν
1785 2258 1864 2321 εἰς
1893 2256 2086 2328 κομιδῆ
2124 2255 2306 2307 στενὸν
2339 2257 2431 2310 καὶ
2459 2257 2634 2330 βραχὺ
2671 2263 3005 2334 συνήγαγον·

203 2349 363 2402 Ταῦτα
403 2350 458 2403 δέ
509 2368 598 2421 μοι
650 2350 932 2415 λέλεκται,
979 2353 1401 2424 ἀπολογουμένῳ
1434 2351 1685 2425 περὶτῆς

150 2443 584 2514 κατηγορουμένης
631 2443 735 2497 ὑπὸ
778 2444 986 2499 Κέλσου
1022 2446 1116 2498 καὶ
1154 2445 1354 2516 ἑτέρων
1384 2445 1440 2497 ὲν
1471 2443 1683 2510 λέξεσιν

148 2530 376 2595 εὐτελείας
425 2532 530 2585 τῶν
576 2534 616 2584 Γ
619 2534 838 2605 ραφῶν,
873 2535 1250 2607 ἀμαυροῦσθαι
1286 2534 1549 2607 δοκούσης
1579 2534 1684 2587 ὑπὸ

148 2622 222 2692 τῆς
247 2625 297 2675 ἐν
339 2624 579 2678 συνθέσει
624 2625 818 2694 λέξεως
863 2627 1274 2700 λαμπρότητοςο
1311 2628 1431 2682 ὲπεί
1465 2630 1511 2680 oi
1559 2627 1680 2681 καθ’

147 2715 263 2782 ἡμᾶς
289 2717 589 2787 προφῆται,
636 2717 844 2789 Ἰησοῦς
875 2736 932 2771 τε
963 2720 1055 2773 καὶ
1090 2721 1138 2773 οί
1171 2720 1453 2774 ἀπόστολοι
1489 2719 1676 2784 αὑτοῦ,

145 2805 306 2859 ἐνεῖδον
333 2809 515 2879 τρόπῳ
549 2809 920 2878 ἀπαγγελίας,
949 2811 1008 2864 οὐ
1032 2813 1098 2866 τὰ
1125 2811 1302 2878 ἀληθῆ
1340 2814 1497 2878 μόνον
1526 2829 1682 2878 περι-

145 2891 352 2964 εχοΰτης,
373 2895 506 2950 ἀλλά
535 2897 630 2950 καὶ
663 2898 970 2969 δυναμένης
1001 2900 1375 2968 ἐπαγαγέσθαι
1401 2902 1524 2964 τοὺς
1556 2901 1678 2954 πολ-

143 2980 269 3046 λοὺς,
299 2984 396 3048 ἕως
418 3027 434 3050 ,
470 2985 882 3056 προτραπέντες
913 2989 1008 3040 καὶ
1044 2987 1386 3058 εἰσαχθέντες
1428 2987 1672 3051 ἕκαστος,

143 3075 252 3127 κατά
275 3075 490 3147 δύναμιν
512 3076 790 3130 ἀναϐῶσιν
810 3077 920 3147 (76)
942 3079 1032 3131 ἐπὶ
1064 3079 1130 3133 τὰ
1163 3080 1222 3132 ἐν
1250 3079 1368 3142 ταῖς
1393 3077 1675 3141 δοκούσαις

142 3165 366 3223 εὐτελέσιν
388 3167 524 3225 εἶναι
557 3169 767 3238 λέξεσιν
795 3171 1121 3244 ἀπορρήτως
1153 3175 1270 3242 είρη
1281 3171 1434 3242 μένα.
1472 3172 1599 3232 Καὶ,
1625 3173 1672 3224 εἰ

141 3261 218 3330 χρή
245 3278 299 3329 γε
320 3262 666 3334 τολμήσαντα
695 3265 866 3316 εἰπεῖν
887 3305 900 3328 ,
931 3263 1145 3332 ὀλίγους
1181 3263 1280 3333 μὲν
1307 3263 1512 3334 ὤνησεν
1536 3261 1670 3333 (εἴγε

139 3345 348 3422 Danaam)
445 3353 778 3425 περικαλλὴς
819 3356 911 3407 καὶ
955 3355 1413 3427 ὲπιτετηδευμένη
1446 3354 1669 3408 Πλάτω-

137 3458 206 3504 νος
231 3445 312 3497 καὶ
332 3445 432 3501 τῶν
455 3446 850 3520 παραπλησίως
881 3448 1200 3519 φρασάντων
1233 3445 1397 3510 λέξις,
1423 3445 1670 3506 πλείονας

274 3534 371 3588 τῶν
416 3536 798 3608 εὐτελέστερον
835 3536 952 3606 ἅμα
987 3537 1079 3590 καὶ
1129 3534 1526 3608 πραγματικῶς
1575 3535 1670 3588 καὶ

135 3621 497 3697 ἐστοχασμένως
512 3628 622 3681 τῶν
642 3626 848 3681 πολλῶν
863 3625 1187 3692 διδαξάντων
1210 3628 1303 3680 καί
1321 3625 1664 3699 γραψάντων.

138 3715 260 3769 Ἐστι
287 3719 407 3787 γοῦν
443 3721 572 3774 ἰδεῖν
599 3721 692 3773 τὸν
729 3721 826 3792 μὲν
866 3719 1128 3772 Πλάτωνα
1173 3721 1228 3772 ὲν
1261 3717 1416 3789 χερσὶ
1449 3717 1556 3769 τῶν
1583 3716 1668 3768 δο-

133 3807 328 3863 κούντων
368 3807 502 3867 εἶναι
541 3812 840 3880 φιλολόγων
885 3810 1044 3881 μόνον
1064 3849 1076 3872 ,
1111 3811 1200 3864 τὸν
1243 3810 1300 3862 δὲ
1347 3809 1665 3879 Ἐπίκτητον

133 3902 206 3951 καὶ
225 3903 314 3956 ὑπὸ
338 3905 437 3958 τῶν
464 3907 736 3974 τυχόντων
769 3907 863 3959 καὶ
890 3905 1062 3975 ῥοπὴν
1088 3903 1222 3973 πρὸς
1255 3901 1313 3954 τὸ
1342 3899 1664 3968 ὠφελεῖσθαι
1698 3935 1742 3989 D

133 3989 322 4058 ἐχόντων
353 3993 786 4066 θαυμαζόμενον,
819 3995 1151 4065 αἰσθομένων
1185 3992 1282 4061 τῆς
1313 3991 1421 4044 ἀπὸ
1445 3989 1550 4041 τῶν
1577 3987 1664 4040 λό-

132 4096 219 4145 γων
241 4085 387 4138 αὑτοῦ
415 4086 770 4150 βελτιώσεως.
807 4087 917 4140 Καὶ
945 4084 1119 4139 ταῦτά
1149 4100 1235 4152 γε,
1253 4083 1352 4135 οὐκ
1381 4079 1666 4148 ἐγκαλοῦν-

131 4185 200 4233 τες
225 4174 487 4242 Πλάτωνι,
534 4177 718 4248 φαμέν
737 4192 750 4206 ·
785 4176 833 4244 (ὁ
857 4175 964 4246 γὰρ
996 4174 1161 4236 πολὺς
1216 4171 1323 4224 τῶν
1362 4169 1662 4242 ἀνθρώπων

130 4264 293 4332 κόσμος
321 4272 600 4341 χρησίμως
626 4271 723 4322 καὶ
749 4268 934 4321 τοῦτον
961 4269 1190 4338 ἤνεγκεν
1213 4266 1251 4335 ·)
1282 4263 1415 4319 ἀλλά
1446 4264 1539 4317 καὶ
1561 4261 1662 4313 δει-

129 4354 308 4420 κνύντες
337 4361 391 4412 τὸ
421 4361 670 4432 βούλημα
696 4361 802 4414 τῶν
829 4360 1092 4412 εἰπόντων
1132 4357 1214 4420 τό,
1248 4376 1266 4406 ι
1303 4356 1411 4409 Καὶ
1443 4356 1471 4406 ὁ
1502 4353 1658 4421 λόγος

131 4465 209 4516 μου
236 4455 314 4506 καὶ
344 4457 400 4510 τὸ
424 4457 688 4528 κήρυγμά
723 4467 821 4527 μου
853 4455 952 4508 οὐκ
985 4456 1042 4507 ἐν
1073 4453 1277 4516 πειθοῖς
1311 4451 1660 4521 ἀνθρωπίνης

130 4544 281 4609 σοφίας
309 4547 476 4617 λόγοις
499 4549 634 4620 (77),
667 4547 780 4601 ἀλλ’
813 4550 870 4601 ὲν
902 4544 1171 4610 ἀποδείξει
1212 4543 1521 4614 πνεύματος
1565 4543 1659 4595 καὶ

127 4628 394 4705 δδνὰμεως,
429 4641 494 4693 ἶν’
529 4642 563 4702 ἡ
597 4640 780 4702 πίστις
812 4637 968 4708 ἡμῶν
1166 4638 1223 4688 ὲν
1253 4634 1412 4705 σοφίᾳ
1443 4633 1656 4704 ἀνθρώ-

124 4739 218 4779 πων
239 4769 250 4791 ,
282 4733 388 4785 ἀλλ’
416 4735 474 4787 ἐν
520 4732 750 4803 δυνάμει
785 4731 942 4784 Θεοῦ.
982 4750 999 4781 ι
1029 4730 1166 4799 Φησὶ
1195 4729 1238 4782 δ’
1281 4731 1309 4780 ὁ
1335 4729 1475 4789 θεῖος
1502 4727 1657 4793 λόγος

121 4818 199 4870 οὐκ
223 4821 470 4894 αὔταρκες
502 4822 642 4879 εἶναι
666 4836 725 4877 το
758 4823 1045 4893 λεγόμενον
1069 4821 1192 4892 (κᾶν
1217 4819 1338 4873 καθ’
1365 4817 1496 4873 αὐτὸ
1527 4818 1658 4885 ἁλη-

121 4907 193 4973 θὲς
211 4915 288 4966 καὶ
317 4917 702 4971 πιστικὼτατον
725 4911 804 4990 ᾗ),
836 4915 971 4987 πρὸς
1002 4914 1062 4966 τὸ
1098 4911 1418 4967 καθικέσθαι
1447 4909 1657 4980 ἀνθρω-

121 5003 249 5076 πίνης
291 5010 459 5081 ψυχῆς
484 5052 499 5075 ,
555 5010 652 5063 ἐὰν
691 5011 765 5082 μὴ
799 5010 891 5062 καὶ
932 5006 1160 5078 δύναμίς
1193 5023 1276 5068 τις
1309 5003 1494 5057 θεόθεν
1527 5001 1653 5071 δοθῇ

120 5094 181 5163 τῷ
197 5097 398 5166 λέγοντι,
421 5104 516 5156 καὶ
541 5103 702 5173 χάρις
731 5101 1018 5172 ὲπανθήσῃ
1045 5098 1156 5168 (78)
1177 5100 1288 5160 τοῖς
1313 5093 1652 5164 λεγομένοις,

119 5187 338 5263 γηαὶαῦτη
375 5197 470 5249 οὐκ
504 5195 654 5249 ἀθεεὶ
702 5192 1025 5263 ἐγγινομένη
1071 5193 1182 5253 τοῖς
1233 5187 1514 5258 ἀνυσίμως
1561 5184 1653 5237 λέ-

181 5329 384 5385 "lCor.
410 5347 469 5398 ιι,
503 5332 562 5398 4,
591 5331 644 5387 5.

181 5439 270 5509 (⁷4)
319 5447 538 5510 Philnc.,
587 5447 660 5500 τά
694 5445 794 5517 τῆς
849 5445 1124 5517 ἀληθείας.

119 5505 378 5588 δρὲλξιξθῃιε
397 5520 448 5570 in
485 5505 883 5588 marginesz
907 5505 1180 5588 ἀλήθειαν.

180 5579 272 5648 (⁷⁵)
302 5579 632 5642 ιΙωεοιιειὶυέ
666 5579 1054 5656 etSpéncerns
1089 5587 1153 5638 ad
1193 5598 1372 5646 oram,
1409 5580 1636 5652 ἀνατρε-

120 5649 476 5791 φόίθίῶθνίὲΐὲῗέ
513 5725 831 5791 Philocalia,
853 5724 1146 5778 ἀναϐῶσιν.
1199 5720 1542 5779 llwschelius
1575 5728 1626 5774 ct

379 5820 619 5877 ΡΑτιιοι
672 5819 789 5878 Gtt.
823 5819 907 5879 XI

1193 5439 1530 5496 lltnschelius
1585 5449 1641 5493 et

1862 2347 1916 2401 2.
1943 2353 2126 2418 Atque
2171 2348 2286 2403 haec
2313 2349 2444 2403 mihi
2493 2350 2638 2405 dicta
2669 2363 2831 2416 sunt,
2879 2362 2937 2406 ut
2991 2367 3020 2406 a
3054 2351 3194 2408 Celsi
3231 2354 3362 2408 alio-

1792 2455 2020 2508 rumque
2055 2441 2528 2496 criminationibus
2557 2440 2907 2498 defenderem
2937 2443 3352 2514 Scripturarum

1787 2529 2210 2600 simplicitatem,
2247 2545 2368 2600 qua:
2394 2547 2514 2586 cum
2552 2533 2894 2587 sermonibus
2918 2541 3036 2587 arte
3066 2533 3362 2590 elaboratis

1787 2623 1982 2678 collata
2042 2622 2112 2677 ab
2165 2622 2384 2677 illorum
2431 2622 2721 2692 splendore
2781 2623 3065 2680 obscurari
3119 2624 3356 2685 videtur.

1788 2714 2046 2784 quoniam
2081 2715 2254 2768 nostri
2293 2715 2605 2782 prophetae,
2641 2712 2801 2768 Jcsns
2857 2723 2913 2768 et
2964 2714 3080 2784 ejus
3124 2717 3357 2783 apostoli

1787 2811 2067 2868 curarunt,
2095 2802 2261 2873 63o
2285 2812 2342 2856 ut
2377 2817 2477 2858 sua
2506 2805 2835 2872 przcdicandi
2881 2805 3018 2859 ratio
3045 2814 3186 2860 esset
3213 2805 3360 2874 ejus-

1785 2894 1952 2960 modi,
1985 2909 2106 2964 qua:
2137 2910 2242 2947 non
2266 2894 2438 2948 solum
2469 2910 2594 2949 vera
2624 2896 2867 2961 doceret,
2894 2894 2990 2951 sed
3019 2897 3182 2952 etiam
3211 2897 3356 2968 vulgi

1785 2985 2030 3041 alliceret
2056 2985 2289 3049 animos.
2324 2986 2495 3041 donec
2523 2986 2720 3057 singuli
2755 2988 3163 3044 hortationibus
3188 2989 3352 3044 indu-

1783 3075 1856 3130 cti
1901 3075 1966 3129 ad
1985 3066 2200 3131 'arcana
2252 3077 2352 3130 sub
2389 3077 2569 3132 verbis
2615 3079 2666 3132 in
2727 3079 2963 3148 Speciem
3013 3079 3355 3150 simplicibus

1781 3166 2006 3221 latentia
2034 3181 2132 3237 pro
2165 3167 2279 3222 suis
2299 3169 2530 3238 quisque
2556 3167 2761 3224 viribus
2786 3170 3217 3227 conniterentur.
3254 3171 3352 3237 Ae,

1781 3255 1824 3309 si
1861 3255 2030 3310 libere
2061 3255 2206 3325 loqui
2239 3265 2489 3325 oporteat
2519 3297 2532 3323 ,
2567 3257 2756 3326 paucis
2797 3257 3088 3313 utilitatem
3132 3260 3350 3325 attulit,

1781 3347 1826 3400 si
1861 3355 2038 3400 tamen
2087 3348 2246 3401 ullam
2301 3348 2519 3414 attulit,
2580 3358 2798 3418 compta
2846 3349 2962 3404 haec
3010 3358 3064 3405 et
3100 3361 3351 3405 accurata

1781 3439 2020 3496 Platonis
2073 3442 2413 3512 aliorumque
2460 3441 2713 3497 similiter
2767 3442 3104 3512 loquentium
3149 3442 3349 3508 oratio,

1779 3550 1889 3604 pra:
1917 3535 2002 3588 illa
2031 3534 2346 3604 simpliciori
2375 3549 2562 3590 eorum
2588 3535 2678 3604 qui
2723 3535 2966 3590 docendo
2987 3543 3042 3590 et
3065 3533 3354 3590 scribendo

1777 3641 1837 3679 se
1876 3627 1943 3680 ad
1982 3627 2125 3696 vulgi
2172 3636 2388 3697 captum
2431 3628 2788 3682 demiserunt.
2837 3626 3026 3697 Itaque
3066 3625 3350 3683 Platonem

1779 3717 1968 3774 videre
1992 3718 2117 3774 licet
2140 3735 2169 3774 a
2198 3719 2330 3774 solis
2363 3719 2622 3774 litteratis
2645 3718 2786 3791 legi;
2817 3730 3004 3775 contra
3043 3719 3348 3787 Epictetum

1777 3808 2123 3866 admirationi
2149 3824 2271 3865 esse
2301 3808 2464 3865 etiam
2504 3809 2665 3879 vulgo
2696 3809 2958 3865 lectorum
2979 3849 2997 3874 ,
3022 3809 3114 3878 qui
3147 3824 3206 3866 se
3233 3804 3353 3879 ejus

1776 3904 2065 3970 praeceptis
2096 3901 2349 3958 meliores
2365 3903 2504 3958 edici
2540 3904 2804 3967 sentiunt,
2829 3902 2988 3957 modo
3011 3902 3120 3956 sint
3144 3902 3211 3956 ad
3237 3901 3351 3956 fru-

1769 4002 1916 4048 ctum
1977 4010 2044 4048 ex
2099 3996 2204 4050 illis
2249 3997 2572 4064 capiendum
2607 3995 2934 4066 comparati.
2989 3993 3116 4049 llaac
3161 4007 3347 4050 autem

1768 4084 1912 4152 dico,
1950 4102 2054 4140 non
2093 4096 2150 4141 ut
2186 4087 2393 4143 Platoni
2426 4089 2626 4144 faciam
2659 4087 2945 4158 iniuriam,
2983 4087 3175 4141 multis
3201 4087 3345 4141 enim

1770 4177 1820 4229 in
1844 4178 2048 4231 artibus
2071 4177 2279 4231 utiliter
2303 4179 2542 4232 laborem
2563 4179 2770 4248 posuit;
2797 4179 2890 4232 sed
2909 4192 3017 4246 quo
3043 4177 3346 4231 innotescat

1765 4283 1884 4338 qua:
1933 4285 2085 4322 mens
2132 4285 2318 4324 eorum
2375 4269 2537 4324 fuerit
2593 4271 2683 4338 qui
2742 4270 3036 4322 dixerunt:
3089 4285 3108 4318 ι
3153 4267 3347 4320 Sermo

1767 4373 1920 4412 tnens
1951 4369 2004 4412 et
2032 4359 2344 4428 przedicatio
2367 4373 2484 4412 mea
2524 4375 2630 4414 non
2665 4359 2716 4412 in
2747 4355 3200 4427 persuasibilibus
3235 4356 3340 4410 hu—

1767 4468 1939 4506 manae
1970 4451 2254 4520 sapientiae
2279 4451 2481 4514 verbis,
2519 4451 2614 4506 sed
2661 4451 2717 4504 in
2763 4449 3078 4505 ostensione
3115 4449 3342 4517 spiritus

1762 4555 1815 4597 et
1843 4543 2089 4606 virtutis,
2117 4552 2172 4596 nt
2209 4542 2340 4596 fides
2376 4553 2560 4597 nostra
2596 4557 2703 4596 non
2735 4541 2807 4596 sit
2833 4543 2886 4595 in
2927 4541 3195 4610 sapientia
3243 4541 3342 4592 ho-

1763 4635 1994 4700 minum,
2031 4634 2123 4689 sed
2171 4635 2223 4688 in
2271 4634 2470 4688 virtute
2527 4633 2709 4688 Dei".
2757 4653 2776 4685 ι
2823 4633 3014 4687 Divina
3050 4630 3337 4698 Scriptura

1763 4737 1994 4780 testatur
2015 4742 2119 4780 non
2143 4727 2280 4780 satis
2306 4740 2426 4781 esse
2451 4727 2516 4779 ad
2540 4725 2883 4795 pungendam
2918 4721 3153 4777 hominis
3185 4735 3338 4774 men-

1764 4827 1894 4882 tem,
1931 4833 2059 4872 vera
2097 4819 2201 4873 dici
2232 4828 2288 4871 et
2315 4817 2380 4871 ad
2416 4815 2857 4885 persuadendum
2894 4813 3331 4879 accommodate,

1761 4909 1865 4964 nisi
1901 4909 2072 4963 virtus
2104 4908 2350 4979 quasdam
2385 4923 2414 4960 a
2449 4907 2556 4960 Deo
2587 4906 2788 4960 dicenti
2837 4905 3014 4968 detur,
3053 4904 3156 4958 nisi
3191 4905 3334 4958 dicta

1757 4999 2053 5055 ﬂorescant
2080 5000 2290 5070 gratia;
2326 5013 2445 5066 quae
2475 4997 2647 5067 gratia
2678 5013 2782 5051 non
2814 4997 2932 5052 sine
2967 4996 3056 5050 Dei
3091 5005 3221 5049 nntu
3256 4997 3337 5048 in-

1759 5091 1864 5145 sita
1895 5101 1980 5146 est
2004 5091 2299 5144 ellicaciter
2321 5089 2651 5144 dicentibus.
2695 5088 2983 5159 Propheta:
3013 5089 3178 5142 verba
3207 5096 3333 5142 sunt

1759 5183 1812 5237 in
1835 5183 2044 5252 psalmo
2066 5197 2211 5236 uvn
2248 5199 2261 5236 :
2299 5199 2318 5232 ι
2357 5180 2618 5236 Dominus
2646 5180 2796 5236 dabit
2819 5179 3037 5236 verbum
3055 5177 3331 5248 evangeli-

1743 5437 2068 5507 Spencerns,
2093 5434 2456 5507 ἀναλάϐωσιν.

1815 5507 1928 5574 (77)
1984 5493 2325 5560 llmschelins
2363 5508 2416 5556 in
2443 5510 2640 5574 Atextn,
2671 5498 2939 5574 Eii-1:81.09?
2981 5493 3330 5574 ἀνθρωπίνης

1743 5564 1933 5646 σοφίας
1967 5576 2164 5644 λόγοις,
2201 5574 2362 5639 male,
2401 5572 2506 5626 nisi
2550 5564 2647 5644 pro
2691 5571 2867 5638 λόγοις
2902 5564 3110 5638 legatur
3143 5564 3327 5634 λόγος,

1739 5650 1818 5701 vel
1849 5647 2041 5714 λόγων.

1809 5711 1932 5788 (78)⁷
1959 5715 2186 5779 Philoc.,
2217 5715 2462 5786 γάρισμα
2489 5711 2791 5782 ἑπανθήση.

1843 5791 1850 5802 ’
2177 5789 2182 5797 ’
2930 5798 3000 5855 ltl
