3840 6412
526 345 656 401 1291

2010 332 2329 392 ORIGENIS

3611 343 3724 400 {292

525 467 773 523 zantibus
805 463 1010 519 virtute
1037 459 1205 515 multa
1219 459 1288 512 "'.
1319 476 1339 510 ι
1383 455 1450 512 Ut
1471 471 1604 528 ergo
1629 458 1822 514 demus
1850 459 2090 528 quedam

2200 473 2376 528 γουσι.
2413 458 2552 529 Φησὶ
2592 457 2721 528 γοῦν
2753 459 2782 512 6
2830 460 3115 532 προφήτης
3148 459 3260 532 (79)
3286 460 3343 512 ἐν
3375 460 3626 532 ἑξηκοστῷ
3652 464 3726 519 καὶ

525 559 834 615 Graecorum
857 555 1108 624 dogmata
1133 552 1321 607 eadem
1350 565 1470 606 esse
1499 567 1619 621 quae
1636 551 2092 618 Christianorum;

525 661 680 706 certe
703 665 810 704 non
837 648 1026 703 eadem
1059 646 1142 701 vis
1165 652 1249 700 est
1287 643 1353 698 ad
1389 644 1600 698 animas
1629 643 1976 699 adducendas
2031 659 2097 700 eo

525 752 589 798 ut
644 758 712 797 ex
759 741 864 795 illis
911 754 1092 796 mores
1132 736 1494 793 conforment.
1547 736 1816 802 Quocirca
1849 734 1973 791 .lesu
2017 736 2100 791 di-

526 835 739 905 seipuli,
771 833 896 888 licet
934 831 1264 888 Graecanica:
1301 829 1664 899 philosophiae
1701 829 1860 884 rudes
1889 839 1946 884 et
1992 829 2096 881 im-

525 929 708 998 periti,
749 925 949 980 multas
973 934 1132 978 terra:
1157 932 1347 993 gentes
1382 931 1770 992 peragrarunt,
1802 929 1857 976 et
1879 936 1973 976 eas
2002 936 2098 992 pro

525 1021 862 1090 singulorum
918 1017 1230 1070 auditorum
1272 1023 1437 1083 captu
1484 1013 1551 1067 ad
1614 1013 1665 1067 id
1712 1021 2098 1082 pertraxerunt

525 1113 670 1184 quod
698 1109 1043 1182 pra’cipiebat
1077 1108 1320 1163 doctrinm
1346 1123 1361 1171 ;
1387 1107 1461 1161 itu
1491 1115 1548 1160 ut
1577 1114 1836 1175 quantam
1865 1105 2100 1176 quisque

526 1207 595 1262 ad
628 1207 884 1259 virtutem
917 1199 1354 1271 amplectendam
1387 1198 1625 1254 habebat
1667 1197 1826 1253 liberi
1881 1198 2096 1255 arbitrii

525 1301 611 1358 sui
642 1296 1086 1369 propensionem,
1116 1302 1324 1347 tantum
1357 1291 1670 1362 proﬁceret.

591 1567 644 1622 3.
691 1565 834 1620 Dent
874 1563 1038 1635 igitur
1072 1570 1285 1618 veteres
1329 1559 1404 1614 illi
1447 1569 1501 1614 et
1539 1556 1812 1628 sapientes
1851 1551 1950 1608 viri
1997 1565 2094 1606 sua

2201 551 2410 622 ἐϐδόμῳ
2438 551 2660 624 ψαλμῷ,
2682 553 2785 618 ὅτι,
2815 573 2832 606 ι
2875 551 3077 626 Κύριος
3105 550 3263 607 δώσει
3292 553 3442 624 ῥῆμα
3468 557 3569 618 τοῖς
3597 557 3728 626 εὐαγο

2199 640 2567 716 γελιζομένοις
2613 644 2838 716 δυνάμει
2887 644 3076 717 πολλῇ.
3134 663 3152 698 ι
3207 645 3303 698 Ἰν“
3349 642 3441 698 οὖν
3482 645 3563 699 ἐπί
3598 662 3728 701 τινων

2197 735 2322 808 δοθῇ
2343 737 2410 791 τὰ
2433 737 2573 792 αὐτᾶ
2596 737 2842 809 δόγματα
2870 734 3010 793 εἶναι
3036 739 3261 810 Ἕλλησι
3292 739 3510 804 καὶτοῖς
3535 738 3629 794 ἀπὺ
3653 741 3726 798 τοῦ

2199 827 2358 897 λόγου
2393 828 2549 900 ἡμῶν
2585 828 2717 898 (80),
2753 829 2867 882 ἀλλ’
2901 828 3016 898 οὐτι
3049 845 3113 902 γε
3157 831 3255 885 καὶ
3302 832 3371 885 τὰ
3396 831 3524 884 αὐτά
3548 829 3727 887 δύναται

2201 923 2337 993 πρὸς
2386 923 2448 974 τὸ
2499 921 2878 992 ὑπαγαγέσθαι
2935 923 3029 978 καὶ
3085 923 3348 978 διαθεῖναι
3403 923 3566 995 ψυχὰς
3619 926 3729 979 κατὰ

2199 1011 2387 1065 ταῦτα.
2423 1012 2622 1083 Διόπερ
2671 1013 2718 1064 οἱ
2769 1011 2974 1066 ἰδιῶται
3018 1012 3094 1077 ὡς
3134 1014 3271 1085 πρὸς
3301 1013 3602 1083 φιλοσοφίαν
3635 1015 3725 1068 Ἐλ-

2197 1104 2421 1176 ληνικὴν
2458 1105 2696 1176 μαθηταὶ
2721 1104 2812 1159 τοῦ
2848 1105 3025 1176 Ἰησοῦ
3061 1106 3418 1178 ἐκπεριῆλθον
3461 1106 3611 1162 πολλά
3631 1105 3727 1178 ἔθνη

2198 1199 2296 1269 τῆς
2331 1198 2690 1270 οἰκουμένης,
2723 1198 3080 1263 διατιθέντες,
3118 1198 3194 1263 ὡς
3237 1201 3265 1254 6
3314 1199 3468 1268 λόγος
3505 1200 3726 1263 ἐϐούλετο,

2197 1293 2316 1344 κατ’
2369 1291 2526 1357 ἀξίαν
2574 1283 2802 1344 ἕκαστον
2844 1291 2952 1345 τῶν
2984 1292 3293 1346 ἀκουόντων
3316 1308 3330 1322 ο
3377 1292 3424 1345 οἳ
3455 1292 3541 1345 καὶ
3576 1293 3726 1346 ἀνάλοο

2197 1401 2291 1453 γον
2329 1383 2438 1452 (81)
2480 1386 2545 1455 τῇ
2596 1386 2733 1456 ῥοπῇ
2765 1383 2856 1437 τοῦ
2897 1384 3242 1449 αὐτεξουσίου
3277 1385 3452 1438 αὐτῶν
3489 1387 3610 1459 πρὸς
3631 1388 3728 1440 ἀπο-

2199 1469 2361 1543 δοχὴν
2392 1469 2488 1526 τοῦ
2515 1471 2679 1524 καλοῦ
2715 1471 2893 1542 πολλῷ
2923 1471 3164 1542 βελτίους
3196 1473 3463 1542 ἐγένοντο.

2265 1563 2319 1618 5.
2369 1561 2601 1619 Παλαιοὶ
2646 1563 2827 1618 τοίνυν
2863 1562 3057 1634 ἄνδρες
3105 1565 3201 1617 καὶ
3252 1566 3405 1634 σοφοὶ
3445 1564 3727 1637 δηλούτωσαν

521 1662 844 1716 documenta
885 1658 950 1712 iis
999 1657 1090 1727 qui
1143 1670 1336 1726 capere
1376 1653 1462 1707 illa
1512 1658 1794 1722 possunt:
1845 1659 2090 1718 pronun-

2197 1659 2307 1720 τοῖς
2337 1653 2663 1710 ἐπίστασθαι
2682 1657 2792 1727 (82)
2813 1656 3131 1728 δυναμένοις
3148 1673 3160 1686 ·
3182 1657 3276 1711 καὶ
3291 1657 3354 1728 δὴ
3382 1659 3471 1713 καὶ
3489 1658 3725 1724 Πλάτωνώ

521 1755 619 1809 tiet
675 1753 741 1808 de
800 1765 1012 1807 summo
1079 1749 1222 1803 bono
1295 1747 1447 1800 Plato
1505 1741 1778 1798 Aristonis
1840 1740 1980 1793 ﬁlius
2039 1736 2090 1790 in

2197 1743 2293 1803 ἀὖ
2323 1745 2669 1819 Ἀρίστωνος,
2688 1747 2753 1800 τὰ
2770 1746 2897 1820 περὶ
2919 1747 3010 1800 τοῦ
3037 1745 3254 1818 πρώτου
3281 1748 3478 1817 ἀγαθοῦ
3495 1749 3726 1820 διασημαι-

521 1859 630 1897 ttna
696 1842 924 1913 quadam
983 1856 1013 1894 e
1071 1838 1182 1892 suis
1247 1835 1490 1905 epistolis
1525 1874 1544 1904 ,
1603 1850 1628 1889 ι
1691 1829 1870 1887 verbis
1929 1826 2088 1898 631
2127 1807 3726 1912 Βνέτωέντινιτῶνέπιστολῶνυνζέι),καὶφοισκέτω·Μηδαμῶς

521 1927 904 1996 comprehendi
932 1940 1036 1978 non
1086 1938 1242 1992 posse
1293 1937 1564 1978 summum
1620 1921 1846 1989 bonum,
1881 1924 1973 1978 sed
2030 1938 2093 1977 ex

521 2021 797 2092 frequenti
835 2018 1234 2075 consuetudine
1283 2017 1463 2072 subito
1523 2018 1654 2075 illud
1706 2019 1758 2072 in
1786 2020 1966 2071 anima
2011 2016 2095 2070 in-

517 2111 813 2175 ﬂammari,
840 2120 898 2164 ut
929 2126 994 2165 ex
1025 2110 1147 2180 igne
1175 2109 1354 2163 lumen
1374 2109 1438 2162 ⁷⁸.
1479 2129 1496 2162 ι
1538 2108 1594 2164 1d
1630 2109 1853 2178 pulchre
1891 2109 2095 2162 dictum

516 2205 774 2261 fatentur.
812 2221 830 2254 ι
869 2204 1014 2258 Deus
1044 2203 1186 2258 enim
1235 2222 1252 2254 ι
1293 2203 1428 2268 haec,
1462 2211 1517 2256 et
1568 2211 1834 2271 quotquot
1876 2201 2097 2270 pulchre

519 2297 662 2350 dicta
692 2304 842 2358 sunt,
867 2311 884 2345 ι
913 2295 1023 2348 illis
1054 2291 1419 2346 manifestavit
1439 2294 1506 2346 7°.
1543 2311 1560 2343 ι
1584 2292 1754 2359 Quam
1782 2293 1850 2347 ob
1874 2307 2093 2347 causam

517 2388 752 2443 dicimus
780 2401 897 2450 eos,
928 2387 1017 2456 qui
1053 2385 1334 2439 veritatem
1359 2384 1425 2440 de
1444 2384 1554 2439 Deo
1582 2383 1843 2451 assecuti,
1877 2383 2092 2452 dignam

515 2479 622 2534 hac
647 2479 882 2533 veritate
912 2477 1226 2545 religionem
1261 2492 1368 2528 non
1403 2475 1614 2540 colunt,
1637 2489 1758 2530 reos
1784 2490 1902 2530 esse
1922 2491 2094 2546 pinum

514 2588 637 2643 quae
687 2581 979 2642 peccantes
1021 2578 1227 2624 manet.
1260 2568 1336 2624 De
1369 2570 1453 2626 his
1487 2570 1632 2624 enim
1673 2570 1751 2624 sic
1795 2569 1990 2624 Paulus
2016 2571 2095 2625 di-

513 2666 678 2720 sertis
726 2664 908 2718 verbis
945 2663 1068 2716 ait:
1112 2679 1131 2713 ι
1182 2660 1472 2715 Revelatur
1534 2661 1613 2714 ira
1672 2662 1765 2717 Dei
1832 2663 1898 2717 de
1950 2662 2090 2717 coelo

514 2771 680 2826 super
701 2768 915 2809 omnem
945 2741 1280 2821 impietatem
1333 2761 1388 2804 et
1437 2751 1764 2821 injustitiam
1811 2755 2091 2810 hominum

513 2863 704 2903 eorum
759 2846 851 2916 qtti
908 2845 1192 2899 veritatem
1247 2841 1342 2897 Dei
1389 2841 1442 2895 in
1498 2843 1765 2910 iujustitia
1827 2845 2090 2908 detinent,

513 2943 639 3010 quia
669 2939 812 3010 quod
842 2947 1028 2991 notum
1075 2945 1162 2990 est
1207 2935 1327 3000 Dei,
1359 2935 1708 2990 manifestum
1763 2946 1847 2989 est
1877 2937 1928 2989 in
1964 2935 2088 2999 illis,

513 3032 658 3086 Dens
685 3035 831 3085 enim
873 3027 981 3083 illis
1008 3026 1394 3082 manifestavit.
1425 3025 1721 3080 Invisibilis
1755 3027 1898 3080 enim
1927 3026 2094 3095 ipsius

514 3139 543 3177 a
599 3131 846 3179 ereatura
907 3119 1094 3174 mundi
1120 3134 1214 3188 per
1248 3133 1311 3173 ea
1345 3133 1463 3187 quas
1493 3119 1637 3173 facta
1660 3114 1786 3172 Sunt
1813 3118 2086 3172 intcllecta

513 3214 958 3285 conspiciuntur;
1013 3212 1341 3281 sempiterna
1397 3226 1612 3280 quoque
1661 3211 1778 3280 ejus
1825 3211 1998 3265 virtus
2037 3220 2091 3265 et

515 3307 797 3370 divinitas,
837 3305 910 3358 ita
940 3311 998 3356 ut
1042 3303 1158 3356 sint
1201 3300 1638 3366 inexcusabiles;
1671 3301 1798 3369 quia
1821 3315 1942 3355 cum
1995 3316 2090 3356 co-

515 3399 830 3469 gnovissent
863 3397 1053 3460 Deum,
1087 3408 1192 3448 non
1225 3393 1368 3448 sicut
1417 3393 1584 3448 Deum
1631 3392 2089 3462 glorificaverunt,

517 3500 612 3544 aut
641 3489 844 3560 gratias
874 3498 1126 3558 egerunt,
1169 3486 1264 3541 sed
1310 3495 1647 3540 evanuerunt
1694 3482 1750 3538 in
1800 3485 2090 3552 cogitatio-

516 3583 678 3638 nibus
705 3581 844 3646 suis,
872 3586 924 3632 et
955 3579 1305 3634 obscuratum
1338 3585 1418 3630 est
1447 3574 1708 3643 insipiens
1736 3589 1830 3629 eor
1856 3591 2044 3630 eorum
2073 3593 2087 3630 :

513 3674 757 3728 dicentes
805 3670 950 3726 enim
1001 3684 1060 3724 se
1107 3683 1230 3723 esse
1273 3668 1567 3736 sapientes,
1597 3665 1749 3718 stulti
1789 3667 1920 3721 facti
1943 3678 2087 3721 sunt.

515 3763 584 3818 Et
610 3770 954 3818 mutaverunt
979 3759 1207 3830 gloriam
1245 3757 1671 3826 incorruptibilis
1702 3755 1792 3810 Dei
1829 3757 1883 3811 in
1928 3758 2087 3812 simi-

515 3853 799 3909 litudinem
847 3850 1096 3920 imaginis
1145 3845 1516 3916 corruptibilis
1550 3845 1807 3910 hominis,
1837 3855 1894 3900 et
1935 3844 2090 3898 volu-

516 3959 691 4008 crum,
737 3951 792 3998 et
843 3940 1277 4013 quadrupedum,
1325 3947 1381 3991 et
1412 3935 1833 4006 serpentium".
1888 3955 1906 3988 ι
1949 3937 2091 3990 Con-

515 4045 627 4092 stat
657 4036 818 4104 igitur
863 4049 928 4088 ex
975 4031 1178 4089 nostris
1234 4029 1535 4100 Scripturis
1580 4043 1676 4083 eos
1711 4029 1994 4083 veritatem
2032 4029 2084 4083 in

517 4129 787 4200 injustitia
847 4126 1112 4190 detinere,
1147 4125 1238 4194 qui
1297 4131 1486 4193 putant
1523 4139 1543 4173 ι
1579 4136 1849 4176 summum
1889 4123 2084 4176 bonum

516 4221 697 4276 verbis
726 4217 1109 4290 comprehendi
1144 4232 1249 4272 non
1279 4230 1459 4287 posse,
1492 4230 1510 4264 ι
1534 4211 1793 4282 aiuntque
1821 4213 1948 4268 illud
1981 4229 1999 4261 ‹
2019 4229 2086 4270 ex

514 4305 787 4378 lrequenti
825 4306 1152 4376 assidueque
1182 4303 1577 4360 corisuetudine
1608 4302 1788 4359 subito
1819 4304 1871 4358 in
1909 4305 2090 4361 animo

622 4445 667 4478 ⁷⁷
699 4442 841 4499 Psal.
866 4456 1034 4507 vau,
1061 4439 1149 4493 t2.
1243 4438 1288 4471 ⁷⁸
1310 4436 1474 4504 Plat.,
1501 4452 1588 4508 ep.
1613 4437 1668 4490 7.

737 4607 789 4678 Ὀ
822 4603 1154 4678 τροφῄτῃς.
1188 4600 1349 4678 Deest
1376 4599 1437 4678 in_
1463 4599 1780 4678 Pltilqcalia.

737 4670 952 4750 ᾙμῶνςξ
981 4670 1295 4750 licherellus
1337 4670 1486 4750 legit,
1519 4673 1675 4750 ημῖν,
1710 4673 1760 4724 id
1794 4679 1894 4750 est,
1933 4691 1962 4750 (_
1992 4687 2088 4726 no—

513 4738 603 4801 bis
625 4738 980 4800 Chrisiianis.
1015 4762 1032 4795 ι
1068 4743 1204 4796 Nam
1237 4743 1287 4795 οί
1336 4739 1444 4794 ἀπὸ
1469 4738 1783 4810 τοῦλόγου,
1816 4742 2085 4807 absolute,

514 4827 644 4870 sunt
675 4814 992 4878 Christiani,
1028 4824 1087 4867 ut
1118 4828 1280 4880 supra
1313 4811 1408 4864 lib.
1439 4823 1480 4876 ι,
1517 4827 1569 4863 ιι.
1604 4811 1656 4862 2.

584 4885 697 4954 (‘31)
731 4885 797 4937 Οἳ
841 4883 942 4938 καὶ
971 4879 1294 4954 ἀνάλογον.
1343 4882 1436 4934 Sic
1473 4880 1794 4954 Philocalia,
1829 4879 2091 4954 l-laasche-

517 4951 625 5007 lius
667 4951 850 5007 autem
909 4963 966 5005 et
1023 4953 1333 5018 Speucerus
1379 4951 1633 5004 Omittunt
1678 4951 1962 5003 articulum
2017 4951 2089 5006 οἵ.

516 5024 714 5092 Ibidem
751 5022 982 5092 Philem,
1001 5021 1136 5092 πρὸς
1166 5019 1434 5090 ὑποδοχὴν
1457 5020 1549 5072 τοῦ
1577 5020 1740 5073 καλοῦ
1761 5019 1944 5073 πολλοὶ⁹
1967 5019 2092 5089 βελ-

514 5091 660 5155 τίους
687 5091 952 5160 ἐγένοντο.

588 5161 698 5234 (82)
731 5158 1108 5224 Ἠωςριιθιίιιε,
1143 5159 1524 5281 δῐόλούσθωσαν
1549 5161 1660 5222 τοῖς
1692 5158 2002 5224 ἐπιτὰσθαι,
2034 5168 2091 5216 et

604 5233 867 5281 margine.
889 5230 1182 5281 ἐπιτάττεσ
1220 5248 1291 5281 αι.

518 5230 570 5284 in
604 5230 867 5300 margine,
889 5230 1291 5300 ἐπιτάττεσθαι.

587 5300 699 5368 (85)
731 5298 838 5354 Ἔν
875 5318 992 5355 τινι
1026 5298 1144 5353 τῶν
1175 5299 1532 5354 ἐπιστολῶν.
1567 5298 1718 5352 Plato
1746 5299 1904 5368 epist.
1932 5300 1986 5366 7,
2021 5301 2088 5354 ad

519 5367 703 5450 Dionis
731 5372 1083 5450 propinquos
1133 5378 1188 5422 et
1228 5371 1545 5450 familiares,
1580 5383 1700 5450 pag.
1731 5367 1828 5422 5M
1867 5388 1880 5422 :
1912 5370 2086 5450 Τοσὸν

514 5437 571 5490 δέ
589 5455 654 5512 γε
687 5437 790 5512 μὴν
821 5437 946 5512 περὶ
968 5437 1192 5512 πάντων
1226 5439 1332 5512 ἔχω
1353 5437 1708 5512 φράζειντῶν
1738 5439 2089 5512 γεγραφότων

517 5504 612 5559 κα).
656 5504 993 5581 γραψόντων,
1054 5510 1168 5581 ὅσοι
1215 5504 1620 5581 φασ“ινέίδέναι
1671 5504 1952 5581 περὶηῶνί
1979 5510 2088 5578 ἐγὼ

521 5578 954 5650 σπορδάζω,εἴτ’
984 5578 1116 5650 ἐμοῦ
1165 5578 1481 5650 ἀκηκοότες,
1517 5580 1614 5631 εἴτ’
1647 5578 1838 5650 ἄλλων,
1883 5579 1980 5632 εἴθ’
2014 5581 2088 5642 ὡς

518 5646 767 5730 ξύρόντες
796 5649 964 5730 αὐτοὶ,
990 5646 1225 5730 ⁸τούτους·
1257 5646 1355 5701 οὐκ
1394 5648 1699 5730 ἕστι,⁴κατά
1725 5667 1786 5717 γε
1818 5650 2086 5730 τὴνήέμὴν

516 5711 693 5788 δόξαν,
747 5717 1015 5788 περὶτοῦ
1066 5719 1387 5788 πράγματος
1424 5711 1633 5772 ἐπαΐειν
1675 5711 2085 5771 οὐδέν·ὀύκοὺν

517 5780 646 5854 ἐμόν
672 5803 736 5856 γε
791 5780 918 5860 περὶ
969 5780 1146 5840 αὐτῶν
1186 5780 1300 5840 ἐστι
1331 5787 1686 5860 σύγγραμμα,
1725 5789 1844 5842 οὐδὲ
1881 5790 2084 5859 μήποτε

1765 4438 1809 4470 '9
1835 4437 1991 4494 Rom.
2019 4456 2061 4506 ι,
2090 4441 2177 4498 19.

2196 1927 2335 1985 εἶναι
2369 1933 2531 2004 ῥητὸν
2554 1932 2615 1985 τὸ
2646 1931 2859 2003 πρῶτον
2882 1932 3103 2000 ἀγαθὸν,
3131 1931 3244 1985 ἀλλ’
3268 1935 3333 1986 ἐκ
3365 1933 3551 2004 πολλῆς
3578 1950 3723 1986 συνου-

2199 2026 2319 2088 σίας
2351 2025 2736 2095 ἐγγιγνόμενον
2760 2024 2870 2095 (84)
2903 2024 2996 2077 καὶ
3025 2024 3285 2096 ἐξαίφνης
3304 2065 3318 2087 ,
3354 2020 3458 2079 οἷον
3483 2025 3578 2080 ἀπὸ
3595 2027 3725 2098 πυρὶς

2197 2118 2559 2188 πηδήσαντος,
2579 2115 2812 2186 ἐξαφθὲν
2848 2116 2962 2185 φῶς
2992 2118 3052 2169 ἐν
3079 2119 3146 2188 τῇ
3174 2117 3342 2190 ψυχῇ.
3375 2114 3471 2171 Ὦν
3494 2120 3578 2172 καὶ
3601 2121 3723 2189 ἡμεῖς

2195 2207 2560 2271 ἀκούσαντες,
2616 2207 3126 2279 συγκατατιθέμεθα
3176 2209 3252 2272 ὠς
3315 2209 3489 2273 καλῶς
3542 2209 3722 2280 λεγομέ-

2197 2316 2308 2362 νοις
2330 2316 2342 2328 °
2388 2318 2404 2349 ι
2431 2301 2459 2351 6
2494 2297 2626 2361 Θεὸς
2655 2296 2764 2369 γὰρ
2792 2298 2972 2361 αὐτοῖς
2999 2296 3194 2361 ταῦτα,
3229 2298 3324 2351 καὶ
3351 2298 3450 2351 ὅσα
3476 2297 3632 2360 καλῶς
3655 2296 3724 2348 λέ-

2195 2390 2404 2454 λεκται,
2431 2389 2763 2460 ἐφανέρωσε.
2796 2409 2813 2440 ι
2859 2389 2956 2441 Διά
2985 2388 3145 2442 τοῦτο
3173 2389 3230 2442 δὲ
3251 2389 3346 2442 καὶ
3373 2389 3494 2453 τοὺς
3512 2389 3571 2442 τὰ
3589 2389 3722 2459 ἀληθῆ

2198 2484 2326 2553 περὶ
2359 2481 2493 2534 Θεοῦ
2524 2481 2924 2544 ὑπολαϐόντας,
2965 2481 3058 2533 κα)¹
3099 2481 3173 2552 μὴ
3202 2481 3302 2553 τὴν
3332 2481 3484 2545 ἀξίαν
3519 2481 3605 2550 τῆς
3627 2480 3721 2549 περὶ

2197 2573 2360 2628 αὐτοῦ
2395 2573 2656 2645 ἀληθείας
2686 2573 2993 2628 θεοσέϐειαν
3031 2575 3380 2646 ἀσκήσαντας
3399 2616 3412 2640 ,
3440 2574 3600 2646 φαμὲν
3623 2574 3721 2625 ὐτο-

2197 2665 2407 2718 κείσθαι
2435 2669 2555 2730 ταῖς
2596 2667 2705 2720 τῶν
2746 2667 3168 2739 ἁμαρτανόντων
3211 2667 3505 2721 κολάσεσιν.
3567 2667 3723 2727 Aiaci;

2194 2757 2303 2828 γὰρ
2330 2758 2508 2825 λέξεσί
2543 2777 2674 2832 φησι
2708 2760 2836 2831 περ).
2873 2759 2980 2812 τῶν
3013 2758 3272 2812 τοιούτων
3315 2761 3344 2813 6
3373 2759 3594 2822 Παῦλος,
3637 2759 3713 2817 ὅτι,

2201 2867 2217 2898 ι
2263 2849 2727 2902 ’Λποκαλύπτεται
2753 2853 2889 2920 ὀργὴ
2917 2851 3053 2900 Θεοῦ
3085 2853 3181 2900 ἀπ’
3205 2851 3432 2916 οὐρανοῦ
3464 2852 3548 2902 ἐπὶ
3583 2852 3719 2897 πᾶσαν

2195 2942 2449 2995 ἀσέϐειαν
2483 2941 2576 2995 καὶ
2601 2940 2812 2994 ἀδικίαν
2831 2939 3154 3013 ἀνθρώπων,
3175 2939 3286 2992 τῶν
3311 2939 3406 3010 τὴν
3439 2936 3658 3008 ἀλήθειαν
3679 2933 3721 2984 ἐν

2193 3033 2378 3106 ἀδικίᾳ
2411 3033 2782 3104 κατεχόντων·
2825 3033 2960 3086 διότι
2999 3032 3061 3085 τὸ
3094 3032 3336 3099 γνωστὸν
3375 3029 3467 3083 τοῦ
3496 3027 3613 3081 Θεοῦ
3650 3043 3722 3094 φα-

2194 3126 2347 3198 νερόν
2373 3127 2519 3178 ἐστιν
2550 3128 2607 3178 ἐν
2633 3125 2814 3188 αὐτοῖς
2833 3141 2845 3154 ·
2876 3127 2904 3178 6
2927 3123 3060 3188 Θεὸς
3092 3124 3201 3195 γὰρ
3235 3124 3420 3187 αὐτοῖς
3443 3122 3719 3192 ἐφανέρωσε.

2208 3220 2290 3273 Τά
2363 3217 2472 3290 γὰρ
2525 3219 2728 3290 ἀόρατα
2760 3217 2946 3282 αὐτοῦ,
2999 3217 3109 3270 ἀπὸ
3135 3219 3369 3282 κτίσεως
3409 3217 3594 3286 κόσμου
3640 3215 3722 3272 τοῖς

2198 3311 2463 3381 ποιήμασι
2485 3311 2769 3381 νοούμενα,
2818 3309 3140 3382 καθορᾶται,
3194 3311 3229 3380 ἦ
3284 3327 3345 3362 τε
3399 3308 3556 3370 ἀΐδιος
3596 3300 3719 3358 αὐτοῦ

2193 3399 2420 3470 δύναμις
2457 3401 2550 3454 καὶ
2611 3400 2856 3472 θειότης,
2901 3402 2980 3463 είς
3017 3401 3079 3453 τὸ
3118 3395 3257 3453 εἶναι
3291 3400 3482 3461 αὐτοὺς
3507 3393 3721 3451 ἀναπολο-

2195 3503 2421 3562 γητους·
2455 3491 2618 3555 διότι,
2648 3491 2867 3560 γνόντες
2899 3491 2992 3544 τὸν
3009 3491 3164 3553 Θεὸν,
3199 3491 3296 3559 οὐχ
3325 3489 3400 3551 ὠς
3430 3487 3552 3540 Θεὸν
3578 3483 3720 3546 ἐδόξα⁶

2199 3599 2318 3646 σαν,
2368 3582 2401 3652 ἢ
2448 3581 2866 3653 εὐχαρίστησαν,
2915 3581 3032 3635 ἀλλ’
3084 3579 3500 3652 ἐματαιώθησαν
3548 3577 3597 3629 ἐν
3637 3577 3722 3631 τοῖς

2192 3673 2557 3744 διαλογισμοῖς
2585 3673 2782 3740 αὐτῶν,
2812 3673 2906 3727 καὶ
2937 3673 3225 3743 ἐσκοτίσθη
3252 3675 3286 3744 ἠ
3323 3671 3566 3733 ἀσύνετος
3586 3665 3719 3721 αὐτῶν

2194 3763 2410 3834 καρδία.
2447 3764 2749 3829 Φάσκοντες
2800 3761 2940 3818 εἶναι
2989 3765 3146 3834 σοφοὶ
3197 3763 3607 3836 ἐμωράνθησαν·
3651 3758 3721 3810 καὶ

2191 3856 2424 3926 ἤλλαξαν
2457 3857 2556 3928 τὴν
2585 3856 2740 3923 δόξαν
2766 3857 2858 3911 τοῦ
2899 3856 3182 3930 ἀφθάρτου
3205 3857 3342 3910 Θεοῦ
3380 3858 3437 3909 ἐν
3470 3851 3719 3927 ὁμοιώματι

2193 3947 2399 4010 είκόνος
2425 3947 2663 4019 φθαρτοῦ
2690 3947 2999 4021 ἀνθρώπω,
3030 3951 3125 4003 καὶ
3153 3948 3434 4012 πετεινῶν,
3468 3950 3554 4000 καὶ
3578 3961 3721 4015 τετρα-

2195 4038 2391 4102 πόδων,
2423 4039 2516 4093 καὶ
2553 4040 2817 4111 ἑρπετῶν.
2848 4060 2867 4093 ι
2909 4042 3021 4094 Καὶ
3051 4041 3312 4113 ἀλήθειαν
3337 4040 3467 4109 γοῦν
3509 4037 3718 4105 κατέχου-

2196 4143 2301 4195 σιν,
2326 4127 2401 4192 ab;
2436 4131 2529 4183 καὶ
2556 4131 2583 4183 6
2612 4130 2879 4202 ἡμέτερος
2915 4136 3188 4204 μαρτυρεῖ
3215 4132 3407 4202 λόγος,
3436 4132 3482 4186 oi
3514 4124 3722 4199 φρονοῦν·

2192 4235 2312 4285 τες,
2345 4220 2426 4273 ὅτι
2476 4238 2494 4271 ι
2525 4221 2688 4291 ῥητὸν
2721 4221 2972 4293 οὐδαμῶς
2999 4224 3123 4276 ἐστι
3157 4224 3218 4276 τὸ
3251 4224 3465 4296 πρῶτον
3492 4219 3714 4291 ἀγαθδνμ

2193 4312 2290 4364 καὶ
2334 4311 2616 4380 λέγοντες,
2651 4313 2728 4377 ὡς
2776 4333 2794 4366 ι
2820 4316 2882 4368 ἐκ
2921 4314 3125 4387 πολλῆς
3173 4316 3454 4380 συνουσίας
3483 4310 3717 4386 γινομένης

2275 4444 2322 4476 ⁸⁸
2363 4443 2496 4500 Ibid.
2526 4447 2581 4513 8,
2607 4456 2719 4502 etc.

2189 4608 2456 4684 γένηται.Δ
2475 4609 2663 4684 Ῥητὸν
2705 4608 2820 4684 γάρᾼ
2845 4611 3096 4684 οὐδαμῶς
3143 4614 3292 4666 ἐστιν
3319 4612 3396 4676 ὡς
3423 4611 3547 4684 ἄλλα
3578 4606 3713 4684 μαθής

2195 4675 2340 4754 ματα
2362 4697 2376 4710 ο
2409 4679 2523 4734 ἀλλ’
2561 4675 2628 4754 ἐκ
2670 4675 2891 4754 πολλῆς,
2932 4675 3040 4754 etc.
3077 4700 3097 4733 ι
3128 4683 3290 4751 Atqui
3332 4675 3397 4735 de
3427 4681 3508 4737 his
3539 4675 3615 4754 qui
3652 4675 3712 4728 vel

2193 4749 2538 4823 scripserunt
2589 4749 2873 4816 hactenus,
2927 4752 3008 4807 vel
3064 4755 3115 4823 in
3169 4749 3446 4823 pesterum
3494 4750 3708 4804 scribent.

2194 4817 2527 4892 aiiirmantes
2557 4835 2614 4874 se
2638 4837 2702 4875 ea
2723 4836 2894 4892 nosse
2925 4823 2975 4875 in
3005 4817 3203 4891 quibus
3227 4837 3350 4892 ego,
3373 4833 3610 4892 tanquam
3631 4830 3714 4892 ma;

2195 4889 2340 4942 xime
2374 4888 2553 4950 seriis,
2592 4891 2833 4944 studiose
2875 4883 3081 4955 verso},
3111 4893 3229 4946 sive
3261 4883 3374 4946 Eafa
3410 4883 3512 4954 me,
3545 4889 3642 4942 sive
3664 4883 3713 4934 ab

2199 4957 2322 5032 aliis
2342 4959 2634 5032 audierint,
2673 4959 2787 5014 sive
2821 4961 2920 5032 ipsi
2945 4977 3042 5032 per
3078 4977 3136 5016 se
3161 4961 3507 5032 invenerint;
3538 4957 3596 5011 de
3631 4955 3708 5012 his.

2198 5029 2441 5099 inquam,
2469 5029 2571 5084 hoc
2606 5043 2770 5082 unum
2821 5029 3089 5085 aliiriuare
3131 5046 3376 5099 possum,
3415 5029 3527 5084 illos
3568 5036 3708 5078 rerum

2195 5098 2434 5170 ipsarum
2472 5109 2740 5170 naturam,
2773 5115 2838 5154 ex
2881 5115 2996 5153 mea
3025 5098 3245 5170 quidem
3273 5099 3555 5158 sententia,
3590 5106 3712 5164 pror-

2195 5183 2286 5221 sus
2329 5168 2602 5235 ignorare.
2637 5167 2820 5239 Neque
2850 5171 2994 5225 enim
3026 5167 3094 5225 de
3128 5171 3262 5239 ipsis
3281 5171 3470 5238 scripsi
3501 5176 3711 5232 unquam.

2194 5253 2372 5305 neque
2424 5240 2660 5293 scribam
2705 5241 2756 5292 in
2792 5251 3099 5306 posterum;
3157 5255 3262 5293 non
3291 5242 3432 5293 enim
3462 5246 3518 5292 ut
3547 5242 3711 5306 exteri”

2193 5299 2512 5378 disciplinae,
2541 5323 2603 5361 ea
2633 5323 2721 5362 res
2757 5299 2934 5364 verbis
2959 5299 3190 5377 exprimi
3225 5319 3424 5378 potest,
3449 5327 3466 5359 ι
3492 5315 3586 5358 rte.
3620 5299 3712 5378 llaec

2195 5377 2305 5438 ille,
2339 5384 2394 5429 ut
2421 5377 2660 5448 Dionysii
2690 5379 2886 5432 fastum
2922 5391 2975 5434 et
3011 5377 3353 5434 insolentiam
3378 5377 3712 5448 compesceret.

2195 5447 2281 5514 qui
2315 5440 2666 5518 pltilOSOphia:
2683 5458 2737 5502 et
2764 5451 3120 5503 scientiarum
3145 5449 3316 5512 rudis,
3358 5448 3429 5501 de
3453 5440 3598 5500 rebus
3616 5440 3711 5518 ρίιξς

2197 5516 2540 5572 ιιηιδίδεὶιυίε
2575 5517 2811 5572 libellum
2871 5521 3224 5588 conscripsit,
3279 5516 3713 5588 deqtte_tlti}iﬂt§3

2197 5588 2473 5656 mysteriis
2512 5589 2679 5643 multa
2709 5601 2909 5644 temere
2952 5578 3170 5643 etfuti'it.
3197 5578 3381 5649 Plato;
3410 5581 3536 5638 ibid.
3572 5578 3707 5634 Sent-

2192 5671 2313 5710 CER.

2265 5727 2378 5796 (84)
2410 5725 2650 5784 Platonis
2678 5726 2805 5785 libb.
2827 5727 2979 5793 editi,
3013 5723 3360 5796 γιγνομένης.
