3926 6548
490 399 627 454 1299

1975 391 2298 452 ORIGENIS

3605 389 3738 446 ιτα)

486 523 706 577 Petrum
739 522 1086 592 piscatorem,
1125 528 1179 576 et
1224 519 1486 577 Joannem
1519 521 1608 593 qui
1639 521 1809 590 patris
1844 519 2049 588 reliquit

2161 518 2276 570 ἐστι
2307 515 2367 569 τδ
2397 515 2594 584 λέγειν,
2625 512 2836 568 Παῦλον
2861 512 2953 566 τὸν
2991 511 3345 583 σκηνοποιδν,
3398 509 3494 564 καὶ
3534 510 3741 580 Πέτρον

489 616 641 679 retia,
677 630 708 669 e
735 614 981 670 Platonis
1011 613 1254 684 epistolis
1295 613 1435 668 male
1469 613 1782 681 intellectis,
1821 611 1950 667 talia
1986 613 2055 666 de

487 707 596 762 Deo
625 707 693 761 ad
715 716 960 776 posteros
990 706 1381 762 transmisisse.
1420 704 1518 762 Hic
1547 704 1734 761 Celsus
1763 713 1821 758 ut
1855 717 2052 758 novum

484 791 616 862 quid
649 808 748 848 nec
780 803 936 848 antea
966 793 1164 848 dictum
1190 796 1404 863 repetit,
1430 794 1570 863 quod
1594 807 1735 860 sazpe
1751 791 1864 861 jam
1888 792 2054 846 canti-

485 893 716 952 taverat,
765 899 864 940 nos
916 885 1078 939 iidem
1137 887 1468 957 praecipitem
1529 885 1824 955 requirere.
1888 883 2054 938 Nobis

483 990 612 1030 vero
651 977 788 1032 satis
817 985 943 1031 sunt
972 991 1091 1046 qua:
1121 979 1190 1033 ad
1222 977 1274 1032 id
1306 986 1431 1032 ante
1459 976 1860 1046 respondimus.
1881 971 2053 1028 Aﬂert

482 1067 627 1123 aliud
680 1083 746 1124 ex
797 1069 1043 1135 Platone,
1101 1070 1244 1125 unde
1293 1069 1424 1124 dicit
1450 1084 1570 1123 eum
1613 1085 1631 1119 ι
1674 1067 2053 1137 interrogatio-

482 1161 640 1216 nibus
677 1170 733 1217 et
776 1162 1053 1231 responsis
1082 1162 1365 1233 plurimam
1399 1162 1571 1216 lucem
1610 1159 1803 1214 afferre
1831 1159 1896 1212 iis
1960 1157 2050 1226 qui

482 1252 653 1322 ipsius
708 1253 1108 1323 philosophiam
1164 1262 1462 1310 sectantur.
1501 1273 1520 1305 ι
1559 1252 1663 1306 Sed
1695 1266 1793 1306 nos
1823 1249 1984 1306 etiam
2022 1262 2053 1302 e

478 1341 654 1396 sacris
697 1341 997 1413 Scripturis
1035 1343 1255 1414 planum
1308 1342 1540 1398 facimus
1575 1352 1854 1396 auctorem
1891 1339 2050 1394 nobis

479 1449 602 1490 esse
639 1435 880 1491 divinum
925 1451 1254 1504 sermonem,
1291 1448 1348 1492 ut
1381 1452 1604 1507 Operam
1634 1435 1930 1492 dialectica:
1959 1435 2051 1490 de.

480 1540 621 1580 mus.
655 1525 814 1583 Modo
841 1528 984 1583 enim
1025 1528 1282 1585 Salomon
1311 1529 1387 1583 ait
1423 1548 1436 1584 :
1477 1549 1497 1580 ι
1536 1529 1779 1583 Seientia
1825 1529 1943 1583 sine
1969 1529 2052 1580 in-

478 1617 771 1686 qnisitione
814 1620 1144 1690 decipitur':
1177 1639 1194 1674 ι
1230 1621 1388 1676 modo
1432 1619 1563 1677 Jesu
1611 1619 1826 1675 Sirachi
1882 1619 2045 1686 Iilius,

477 1709 568 1778 qui
620 1709 818 1765 librum
866 1711 1204 1782 Sapientiam
1263 1713 1584 1782 inscriptum
1649 1710 1977 1779 conscripsit
2031 1728 2044 1763 :

481 1819 502 1850 ε
557 1799 796 1857 Seicntia
849 1803 1028 1871 stulti,
1078 1819 1357 1860 sermones
1385 1802 1856 1858 inextricabiles.’
1897 1820 1916 1853 ι
1955 1800 2051 1854 Est

477 1893 646 1964 igitur
669 1896 810 1963 apud
835 1911 932 1951 nos
955 1900 1190 1952 maxime
1215 1896 1476 1952 benevola
1502 1893 1863 1965 persuadendi
1897 1893 2058 1954 ratio,

475 1987 568 2054 qui
601 1987 890 2042 didicimus
909 1988 1168 2044 doctrinm
1197 1989 1512 2060 prrelectum
1537 2004 1662 2043 eum
1683 2001 1804 2042 esse
1831 1988 2047 2052 debere,

474 2078 566 2146 qui
627 2079 1065 2134 contradicentes
1113 2095 1344 2150 arguere
1373 2079 1604 2150 possit}.
1644 2079 1798 2146 Quod
1830 2080 1875 2134 si
1919 2095 2053 2136 non-

478 2167 607 2222 nulli
632 2169 835 2225 inertes
853 2185 1132 2226 sacrarum
1153 2171 1561 2242 Scripturarum
1589 2171 1802 2227 lectioni
1840 2171 2048 2226 incum-

478 2261 625 2327 bere,
679 2275 772 2315 eas
812 2263 1068 2329 scrutari,
1094 2277 1316 2319 sensum
1333 2278 1560 2329 .earum,
1597 2272 1656 2319 ut
1682 2262 1840 2319 Jesus
1872 2263 2046 2331 jubet,

476 2351 825 2423 investigare,
862 2353 1079 2408 illarum
1105 2370 1133 2408 a
1168 2355 1278 2412 Deo
1309 2357 1642 2413 intellectum
1677 2356 1973 2426 postulare,
1997 2365 2051 2410 et

476 2443 622 2498 fores
696 2445 942 2500 occlusas
998 2446 1213 2516 pulsare
1275 2449 1594 2520 pigrantur,
1665 2463 1773 2504 non
1845 2447 2049 2503 idcirco

476 2532 586 2589 illa
611 2534 881 2604 sapientia
900 2545 1120 2594 vacant.

546 2800 601 2856 8.
633 2799 763 2856 Post
807 2800 917 2855 alia
965 2799 1209 2857 Platonis
1249 2801 1437 2871 verba,
1468 2801 1665 2871 quibus
1705 2801 1752 2855 is
1809 2799 2047 2856 declarat

475 2891 677 2946 bonum
716 2891 905 2959 paucis
927 2905 1046 2947 esse
1084 2899 1303 2957 notum,
1337 2911 1357 2944 ι
1386 2898 1671 2962 propterea
1695 2894 1838 2961 quod
1881 2889 2044 2961 635

477 2981 631 3036 inulti
675 2997 800 3038 cum
843 2983 1030 3053 iniquo
1062 2991 1375 3054 contemptu
1426 2985 1710 3054 occupati,
1775 2993 1889 3037 tum
1933 2998 2050 3035 ma-

477 3079 674 3147 gniﬁca
689 3079 782 3133 sed
798 3077 950 3133 inani
966 3093 1062 3149 spe
1076 3078 1200 3134 elati
1219 3079 1462 3148 quaadam
1477 3077 1746 3134 aﬂirmant
1763 3091 1882 3131 esse
1894 3089 2044 3141 vera,

476 3169 632 3239 quasi
661 3169 861 3224 eximia
884 3169 1131 3238 quaedam
1165 3167 1575 3239 reperissent";
1601 3185 1619 3219 ι
1649 3165 1801 3220 addit
1823 3163 2043 3219 Celsus:

2160 609 2254 662 τὸν
2281 607 2456 673 ἁλιέα,
2491 609 2586 661 καὶ
2623 606 2870 677 Ἰωάννην
2908 605 2998 659 τὸν
3032 603 3400 658 καταλιπόντα
3437 603 3509 656 τὰ
3547 601 3741 654 δίκτυα

2159 697 2254 752 τοῦ
2306 699 2547 772 πατρὸς,
2575 699 3028 771 παρακούσαντας
3070 696 3179 750 τῶν
3209 697 3456 750 Πλάτωνι
3509 696 3571 747 ἐν
3622 696 3742 758 ταῖς

2161 791 2472 856 ἐπιστολαῖς
2501 791 2806 863 εἰρημένων
2835 790 2982 860 (99),
3018 789 3237 843 τοιαῦτα
3289 789 3420 860 περ)⁵
3475 786 3572 841 τοῦ
3606 786 3740 840 Θεοῦ

2161 878 2616 948 παραδεδωκέναι.
2648 877 2916 941 Πολλάκις
2938 878 2995 930 δέ
3018 877 3117 948 ῆδη
3145 879 3173 930 6
3192 877 3402 940 Κέλσος
3435 875 3741 948 θρυλλήσας

2159 969 2234 1032 ὡς
2267 967 2583 1040 ἀξιούμενον
2621 969 2823 1032 εὐθέως
2862 970 3158 1033 πιστεύειν,
3181 969 3256 1032 ὠς
3289 968 3478 1022 καινόν
3502 986 3556 1021 τι
3593 969 3742 1038 παρά

2157 1055 2225 1108 τὰ
2258 1056 2520 1128 πρότερον
2549 1057 2844 1128 εἰρημένα,
2879 1057 3040 1110 πάλιν
3071 1057 3200 1111 αὐτό
3244 1075 3411 1129 φησιν
3443 1058 3518 1127 (1)
3540 1076 3555 1088 ·
3586 1058 3742 1128 ἀρκεῖ

2157 1147 2200 1200 δ’
2235 1150 2366 1218 ἡμῖν
2391 1149 2459 1201 τὰ
2495 1151 2572 1212 εἰς
2597 1148 2770 1202 ταῦτα
2799 1147 3110 1220 λελεγμένα.
3153 1149 3307 1202 Ἐπεὶ
3334 1148 3390 1201 δὲ
3437 1149 3532 1200 καὶ
3576 1147 3740 1216 ἀλλην

2157 1237 2300 1305 λέξιν
2330 1238 2598 1292 ἐκτίθεται
2634 1239 2914 1303 Πλάτωνος
2933 1280 2947 1303 ,
3003 1239 3071 1292 δι’
3095 1233 3168 1293 ὧν
3199 1257 3363 1310 φησιν
3394 1258 3413 1290 ι
3439 1240 3741 1310 ἐρωτήσεσι

2157 1330 2251 1381 καὶ
2284 1331 2604 1400 ἀποκρίσεσι
2635 1329 2913 1401 χρώμενον
2940 1330 3015 1400 (2)
3076 1329 3371 1401 ἐλλάμπειν
3429 1331 3740 1401 φρονήμασι

2155 1422 2268 1482 τοῖς
2309 1420 2430 1472 κατ’
2461 1420 2622 1472 αὑτὸν
2660 1418 3038 1490 φιλοσοφοῦσι·
3067 1438 3084 1470 ι
3128 1419 3290 1491 φέρε,
3324 1420 3736 1492 παραδείξωμεν

2157 1511 2264 1563 ἀπὸ
2316 1511 2422 1564 τῶν
2465 1511 2624 1582 ἱερῶν
2670 1511 3044 1583 γραμμάτων,
3091 1511 3172 1563 ὅτι
3220 1512 3526 1582 προτρέπει
3582 1513 3677 1564 καὶ
3712 1517 3740 1566 6

2159 1603 2298 1666 θεῖος
2343 1603 2498 1672 λόγος
2543 1604 2691 1675 ἡμᾶς
2736 1605 2828 1656 ἐπὶ
2880 1603 3252 1674 διαλεκτικήν’
3281 1604 3416 1656 ὃπου
3453 1604 3554 1671 μὲν
3585 1604 3738 1657 Σολο-

2160 1694 2364 1766 μῶντος
2393 1694 2666 1762 λέγοντος·
2704 1713 2721 1744 ι
2745 1694 2968 1746 Παιδεία
3011 1693 3068 1746 δὲ
3109 1693 3492 1763 ἀνεξέλεγκτος
3529 1696 3736 1748 πλανᾶ-

2155 1801 2243 1838 ται
2267 1802 2281 1813 ⁸
2313 1804 2331 1836 ι
2365 1786 2497 1838 ὅπου
2537 1785 2594 1838 δὲ
2621 1784 2714 1838 τοῦ
2749 1785 2810 1837 τὸ
2843 1785 3177 1856 σύγγραμμα
3207 1787 3304 1857 τὴν
3333 1789 3574 1855 Σοφίαν
3614 1790 3739 1856 ἡμῖν

2094 1889 2137 1944 Β
2169 1877 2553 1940 καταλιπόντος
2598 1877 2772 1948 Ἰησοῦ
2813 1877 2929 1930 υἱοῦ
2963 1878 3159 1950 Σειράχ
3182 1878 3512 1946 φάσκοντος⁸
3556 1899 3577 1930 ι
3604 1880 3643 1932 Γ
3646 1879 3742 1931 νὼ-

2157 1987 2238 2033 σις
2268 1970 2527 2023 ἀσυνέτου
2552 1969 2918 2034 ἀδιεξέταστοι
2951 1971 3117 2039 λόγοι.
3143 1990 3160 2022 ι
3192 1972 3265 2023 Εύ
3275 1974 3454 2041 μενεῖς
3475 1968 3578 2024 οὖν
3602 1972 3739 2039 ἔλεγ-

2152 2079 2236 2132 χοι
2288 2063 2417 2134 παρ’
2449 2065 2581 2134 ἡμῖν
2621 2065 2727 2116 εἰσι
2770 2062 2999 2134 μᾶλλον,
3049 2066 3162 2127 τοῖς
3203 2063 3482 2134 μαθοῦσιν,
3515 2066 3611 2117 ὅτι
3667 2065 3741 2117 δεῖ

2151 2151 2243 2204 τὸν
2276 2151 2670 2222 προϊστάμενον
2700 2151 2794 2205 τοῦ
2826 2152 2982 2220 λόγου
3008 2151 3232 2206 δυνατὸν
3269 2148 3400 2207 εἶναι
3434 2156 3574 2217 τοὺς
3601 2155 3741 2207 ἀντι-

2151 2242 2408 2311 λέγοντας
2469 2243 2730 2314 ἐλέγχειν.
2791 2243 2853 2295 Εἰ
2912 2243 2968 2296 δέ
3024 2243 3325 2316 ῥᾳθυμοῦσὶ
3379 2263 3525 2309 τινες
3553 2285 3572 2308 ,
3646 2248 3738 2299 οὐκ

2151 2334 2444 2398 ἀσκοῦντες
2498 2335 2784 2406 προσέχειν
2840 2337 2958 2400 tat;
3000 2335 3171 2401 θείαις
3216 2337 3599 2406 ἀναγνώσεσι,
3651 2341 3738 2392 καὶ

2151 2427 2376 2498 ἐρευνᾷν
2417 2426 2516 2490 τὰς
2565 2427 2819 2499 Γραφάς,
2871 2429 2996 2493 καὶ,
3050 2428 3191 2482 κατά
3225 2431 3320 2502 τὴν
3366 2432 3604 2502 ἐντολὴν
3651 2432 3734 2484 τοῦ

2163 2517 2357 2590 Ἰησοῦ,
2393 2521 2574 2589 ζητεῖν
2615 2519 2713 2590 τὴν
2745 2519 2982 2573 διάνοιαν
3009 2519 3118 2574 τῶν
3147 2521 3392 2593 Γραφῶν,
3436 2524 3533 2576 καὶ
3567 2525 3734 2574 αἰτεῖν

2151 2609 2276 2680 περὶ
2291 2610 2469 2662 αὐτῶν
2486 2608 2593 2662 ἀπὸ
2615 2607 2706 2663 τοῦ
2732 2609 2886 2674 Θεοῦ,
2906 2612 2998 2664 καὶ
3012 2611 3228 2682 κρούειν
3247 2612 3418 2665 αὐτῶν
3431 2613 3502 2666 τὰ
3517 2612 3733 2664 κεκλει-

2152 2703 2352 2774 σμένα·
2396 2704 2454 2756 οὐ
2510 2702 2662 2775 παρά
2696 2703 2856 2757 τοῦτο
2899 2707 2928 2757 6
2973 2704 3127 2774 λόγος
3171 2706 3322 2768 κενός
3363 2707 3478 2758 ἐστι
3512 2707 3728 2775 σοφίας.

2218 2794 2352 2852 Εἶτά
2407 2815 2559 2869 φησι,
2596 2796 2732 2869 μετά
2780 2798 2944 2862 ἄλλας
2989 2798 3160 2863 λέξεις
3215 2799 3574 2863 Πλατωνικάς
3600 2841 3616 2864 ,
3645 2799 3733 2868 δη-

2149 2890 2346 2952 λούσας
2365 2929 2379 2953 ,
2409 2893 2490 2942 ὅτι
2517 2891 2716 2956 ὀλίγοις
2738 2892 2855 2941 ἐστὶ
2883 2891 3123 2956 γνωστὸν
3145 2892 3205 2944 τὸ
3226 2891 3418 2960 ἀγαθόν
3437 2910 3453 2923 ·
3494 2912 3512 2942 ι
3533 2893 3668 2946 ἐπεὶ
3684 2893 3730 2944 οξ

2151 2978 2333 3032 πολλοὶ
2375 2977 2510 3049 μετά
2543 2977 2994 3048 καταφρονήσεως
3025 2977 3126 3030 οὐκ
3158 2976 3339 3048 ὀρθῆς,
3381 2976 3605 3046 ὑψηλῆς
3641 2977 3733 3028 καὶ

2149 3067 2351 3138 χαύνης
2383 3067 2591 3130 ἐλπίδος
2622 3065 3016 3137 πληρωθέντες,
3055 3066 3132 3131 ὡς
3167 3066 3338 3137 σεμνά
3379 3066 3519 3120 ἄττα
3546 3083 3730 3136 μεμα-

2150 3157 2396 3229 θηκότες,
2427 3157 2646 3225 λέγουσί
2670 3173 2790 3208 τινα
2817 3155 2892 3219 ὡς
2925 3155 3096 3227 ἀληθῆ
3117 3173 3130 3186 ο
3171 3175 3189 3208 ι
3222 3157 3301 3209 ὅτι
3340 3175 3357 3206 ‹
3391 3155 3571 3210 ταῦτα
3611 3173 3735 3226 προ-

483 3235 507 3314 .'.
538 3261 660 3315 Haec
683 3235 940 3332 praelatus
965 3260 1138 3327 Plato,
1162 3235 1265 3314 non
1297 3269 1476 3315 tamen
1507 3257 1752 3330 prodigia
1779 3255 2042 3322 venditat,

2157 3248 2385 3321 ειρηκὼς
2417 3251 2444 3303 6
2476 3249 2722 3317 Πλάτων,
2765 3250 2912 3320 ὅμως
2945 3249 3004 3301 οὐ
3027 3246 3393 3319 τερατεύεται,
3437 3248 3548 3302 οὐδ’
3600 3251 3731 3302 ἀπο-

480 3370 584 3408 non
608 3354 844 3409 obstruit
866 3368 928 3408 os
953 3367 1196 3422 quierere
1219 3351 1420 3409 volenti
1448 3350 1705 3422 quidnam
1726 3351 1797 3406 sit
1821 3349 1872 3404 id
1897 3347 2044 3419 quod

483 3446 786 3512 pollicetur,
827 3461 933 3500 non
963 3445 1118 3514 jubet
1158 3455 1286 3500 ante
1321 3444 1501 3500 omnia
1533 3443 1681 3498 credi
1734 3441 1895 3496 talem
1926 3455 2046 3496 esse

483 3538 670 3601 Deum,
696 3536 856 3592 talem
890 3537 1090 3592 habere
1119 3535 1336 3602 Filium,
1358 3538 1473 3604 qui,
1503 3550 1626 3590 curn
1655 3533 2044 3599 descendisset,

481 3629 610 3682 mihi
659 3629 762 3684 ista
795 3629 1084 3683 nuntiavit.
1119 3647 1138 3680 ι
1176 3627 1500 3696 Respondeo
1541 3625 1944 3688 Aristandrum,
1990 3625 2044 3680 ni

482 3719 658 3784 Fallor,
688 3719 756 3774 de
793 3717 1018 3774 Platone
1047 3719 1355 3788 scripsrsse,
1391 3717 1542 3771 illum
1568 3731 1673 3771 non
1703 3714 1872 3771 fuisse
1916 3714 2044 3770 Ari-

479 3810 656 3865 stonis
689 3808 880 3875 (ilium,
910 3810 1005 3865 sed
1043 3810 1244 3880 spectri
1283 3809 1566 3879 cujusdam
1605 3806 1748 3877 quod
1779 3805 2047 3875 Apollinis

480 3903 651 3954 forma
681 3916 794 3955 rem
840 3899 1091 3955 habuerit
1123 3913 1246 3954 cum
1281 3899 1675 3968 Amphictione.
1707 3897 1883 3963 Quam
1931 3911 2046 3952 rem

478 4002 808 4049 attestantur
846 3992 999 4046 multi
1047 3990 1474 4057 Platonicorum,
1522 3991 1615 4060 qui
1667 3991 1749 4045 sui
1801 3988 2046 4060 magistri

476 4087 642 4138 vitam
689 4086 1044 4154 scripserunt.
1077 4082 1220 4149 Quid
1255 4083 1430 4137 dicam
1461 4083 1528 4137 de
1574 4080 1905 4152 Pythagora,
1953 4080 2045 4151 qui

481 4186 552 4230 tot
595 4178 661 4230 de
697 4191 755 4232 se
788 4175 1034 4246 prodigia
1059 4171 1351 4242 jactitavit,
1399 4173 1491 4243 qui
1525 4171 1702 4228 femur
1741 4172 2044 4228 eburneum

547 4315 569 4345 ¹
590 4312 750 4370 Prov.
779 4330 834 4381 κ,
864 4314 952 4369 17.

2153 3341 2378 3413 φράττει
2435 3340 2529 3394 τοῦ
2567 3339 2946 3412 προαιρεῖσθαι
2993 3338 3316 3409 βουλομένου
3366 3339 3437 3408 (3)
3486 3340 3541 3391 τί
3604 3341 3731 3394 ποτὲ

2153 3437 2298 3488 ἐστιν
2348 3434 2376 3486 ὃ
2425 3432 2838 3502 ἐπαγγέλλεται,
2883 3433 2980 3503 τὴν
3019 3431 3300 3501 γλῶτταν
3345 3430 3454 3484 οὐδ’
3503 3431 3732 3484 αὐτόθεν

2153 3526 2362 3580 κελεύει
2387 3525 2696 3595 φθάσαντας
2718 3523 3015 3588 πιστεύειν,
3035 3524 3118 3576 ὅτι
3136 3522 3337 3575 τοιόσδε
3356 3523 3503 3575 ἐστὶν
3527 3525 3557 3576 6
3578 3524 3729 3587 Θεὸς,

2153 3621 2246 3673 καὶ
2287 3617 2413 3673 Υἱὸν
2444 3617 2555 3687 ἔχει
2580 3617 2799 3670 τοιόνδε·
2836 3616 2929 3670 καὶ
2957 3608 3112 3680 οὗτος
3156 3614 3425 3668 κατελθὼν
3467 3617 3601 3686 ἐμοὶ
3630 3617 3734 3669 διε-

2154 3709 2364 3774 λέξατο.
2393 3729 2411 3761 »
2447 3709 2554 3762 Καὶ
2582 3708 2717 3780 πρὸς
2745 3707 2920 3762 ταῦτά
2942 3725 3104 3777 φημι,
3135 3708 3214 3761 ὅτι
3237 3709 3362 3779 περὶ
3387 3708 3487 3778 μὲν
3509 3709 3734 3762 Πλάτω-

2155 3818 2244 3866 νος
2286 3800 2684 3873 Ἀρίστανδρος,
2729 3795 2903 3871 οἶμαι,
2941 3799 3266 3872 ἀνέγραψεν,
3307 3800 3381 3863 ὡς
3423 3801 3530 3854 οὐκ
3587 3801 3728 3872 ’Δρίο

2159 3909 2360 3956 στωνος
2410 3891 2550 3955 υἱοῦ,
2612 3891 2748 3945 ἀλλὰ
2801 3891 3084 3962 φάσματος
3135 3893 3193 3946 ἐν
3223 3891 3561 3958 Ἀπόλλωνος
3607 3894 3729 3946 εῖδει

2156 3986 2538 4058 προσελθόντος
2556 3989 2622 4057 τῇ
2667 3986 3012 4058 Ἀμφικτιόνῃ
3036 3986 3132 4057 (4).
3157 3987 3269 4039 Καὶ
3293 3985 3437 4040 ἄλλοι
3459 3985 3523 4039 δέ
3557 3986 3732 4040 πλείο-

2153 4095 2242 4142 νες
2295 4077 2404 4131 τῶν
2457 4077 2817 4131 Πλατωνικῶν
2868 4080 2927 4131 ἐν
2975 4077 3052 4149 τῷ
3099 4078 3384 4140 Πλάτωνος
3427 4077 3531 4149 βίῳ
3581 4079 3729 4132 ταῦτ’

2153 4171 2426 4243 εἰρήκασι·
2456 4171 2584 4242 περὶ
2619 4169 2675 4223 δὲ
2713 4169 3030 4244 Πυθαγόρου
3064 4171 3143 4244 (5)
3175 4171 3401 4226 πλεῖστα
3433 4173 3538 4226 ὃσα
3572 4189 3728 4246 τερα-

1068 4313 1088 4344 ³
1113 4280 1240 4384 sap.
1266 4311 1492 4378 xx1,18.
1587 4309 1610 4344 ⁸
1632 4310 1653 4366 1
1676 4307 1818 4367 Tim.
1845 4326 1919 4378 tv,
1945 4310 2033 4365 15.
2129 4309 2150 4341 ⁵
2173 4308 2337 4377 Plat.,
2363 4324 2451 4381 ep.
2481 4310 2532 4364 7.

547 4451 659 4525 (99)
693 4451 1029 4525 Ilmschelius
1047 4454 1106 4525 in
1131 4460 1310 4525 textu,
1340 4451 1784 4525 παρακούσαντες
1809 4451 1886 4524 τῷ
1909 4450 2049 4506 Πλά-

2158 4451 2313 4506 ταῦτ’
2353 4452 2637 4525 εζρήκασι,
2691 4450 2856 4525 habet
2898 4450 3121 4525 τοιαῦτα
3151 4453 3439 4525 εἰρήκασι.Δ
3471 4449 3730 4525 “(gehe-

473 4521 604 4576 τωνι
632 4524 689 4593 ἐν
714 4525 833 4586 ταῖς
856 4521 1166 4585 ἐπιστολαῖς
1198 4522 1307 4593 τῶν
1336 4521 1456 4593 εἰρη
1466 4523 1659 4592 μένων.

551 4593 637 4662 (ll
659 4591 886 4662 Guietus
937 4593 1016 4647 sic
1055 4593 1195 4662 hunc
1231 4591 1415 4662 Iocuni
1446 4591 1740 4662 legendum
1774 4591 2047 4662 proponit,

476 4660 840 4732 πολλάκιςδέ
892 4661 994 4732 ἤδη
1043 4663 1072 4714 6
1104 4661 1310 4724 Κέλσος
1353 4660 1669 4732 ἀξιούμενος
1720 4660 1921 4726 εὐθέως
1966 4679 2058 4715 πι-

479 4731 707 4803 στεύειν,
739 4731 814 4794 ὡς
857 4733 1042 4803 καινόν
1082 4749 1145 4803 τι
1192 4732 1342 4802 παρά
1385 4732 1453 4786 τά
1505 4731 1766 4803 πρότερον
1796 4732 2058 4803 εἰρημένα

478 4799 806 4872 θρυλλήσας,
843 4801 1002 4856 πάλιν
1033 4802 1164 4856 αὑτό
1197 4799 1380 4870 φησιν.
1434 4799 1749 4856 ΒοΙιὲιηιΙΙύε
1789 4799 1972 4871 coqui
2001 4801 2056 4856 in

479 4880 633 4924 textu
691 4883 878 4926 nostro
927 4881 1031 4936 est,
1084 4881 1301 4925 servato
1345 4875 1634 4924 verhornm
1699 4872 1888 4925 ordine
1932 4883 2055 4924 tan-

477 4952 591 5064 tilun
649 4949 822 4996 mutat
869 4938 1188 5012 ἀξιούμενον
1246 4941 1300 4995 in
1355 4940 1636 5013 ἀξιοῦμεν,
1691 4942 1833 5010 quod
1885 4941 2057 5011 magis

477 5020 675 5064 pacet.

535 5020 675 5066 acet.

474 5026 1002 5150 mallibuantea
1035 5079 1187 5153 editi.
1223 5082 1561 5153 xewrévwvr
1587 5080 1682 5134 sed
1717 5095 1872 5148 mss"
1907 5081 2053 5153 χρῶ

480 5169 662 5222 μενον,
701 5152 920 5215 rectius,
959 5162 1015 5203 tit
1043 5152 1108 5222 de
1137 5151 1362 5205 Plattine
1397 5151 1748 5222 intelligatur.

547 5220 623 5292 (5)
663 5221 768 5276 Τοῦ
795 5221 1196 5289 προαιρεῖσθαι
1217 5221 1620 5290 βουλομένου.
1647 5221 1726 5292 Ila
1749 5219 2050 5290 codd.Reg.

474 5303 527 5347 et
563 5294 728 5346 Basil.
775 5292 1107 5361 Anglicanus
1135 5308 1261 5346 vero
1293 5295 1567 5346 secundus
1595 5301 1646 5346 et
1678 5291 1807 5347 libh.
1840 5292 1966 5344 editi
1999 5295 2052 5345 in

476 5363 745 5431 margine,
783 5361 862 5432 τῷ
911 5361 1290 5434 προαιρεῖσθαι
1343 5361 1666 5434 βουλομένῳ.
1707 5361 1941 5434 Utraque
1980 5362 2054 5415 le-

473 5434 582 5504 ctio
615 5436 773 5504 bona,
818 5435 976 5504 modo
1013 5432 1224 5500 legatur
1255 5432 1614 5504 προσέρεσθαι
1651 5433 1728 5504 vel
1772 5435 2053 5502 προσερεῖ-

474 5502 620 5556 σθαι.
652 5501 792 5558 Male
845 5501 1180 5556 llusschelins
1221 5514 1276 5557 et
1300 5501 1616 5570 'Spcncerus
1658 5503 1710 5556 in
1755 5513 1906 5556 textu
1944 5501 2052 5555 ha-

471 5570 620 5644 bent,
644 5572 738 5644 τοῦ
772 5574 1154 5644 προαιρεῖσθαι
1182 5572 1555 5642 βουλομένους.

543 5641 622 5714 (4)
671 5641 1060 5714 Ἀμφὶκτιὸνῃ.
1090 5641 1191 5697 Alii
1222 5641 1576 5714 Περικτιόνην
1601 5658 1726 5714 eain
1747 5651 1962 5706 vocant,
1992 5650 2050 5696 ut

473 5712 636 5781 supra
683 5712 728 5766 a'
767 5712 922 5766 nobis
969 5713 1109 5766 lib.t
1151 5712 1504 5768 observatum
1533 5712 1656 5767 est.
1704 5712 1831 5767 Post
1880 5728 2048 5781 pauca

473 5797 607 5836 niss.
646 5781 1227 5853 RegiustBasilecnsis
1277 5793 1330 5837 et
1369 5781 1681 5847 Vaticanus,
1710 5785 1767 5837 ἐν
1800 5783 1879 5853 τῷ
1908 5782 2049 5836 Πλά-

472 5864 641 5916 τωνος
677 5851 774 5925 βίῳ
806 5851 956 5907 ταῦτ’
982 5854 1256 5924 εἰρήκασι.
1293 5853 1620 5924 Anglicanus
1643 5851 1911 5910 secundus
1951 5869 2047 5924 pro

2158 4525 2261 4580 lius
2288 4532 2342 4577 et
2380 4520 2719 4594 Spencerus,
2757 4523 2815 4576 ἐν
2853 4525 2922 4593 τῇ
2965 4520 3272 4586 Πλάτωνος
3297 4522 3448 4593 βιοτῇ
3475 4520 3630 4574 ταῦτ’
3656 4522 3729 4575 ει-

2229 4609 2376 4646 κασι.

2157 4595 2484 4735 ρήῗῶσῆερι
2535 4662 2604 4716 δὲ
2637 4663 3009 4735 Πυθαγόρου.
3057 4659 3252 4735 llrsam
3292 4660 3574 4735 panniarn
3613 4661 3726 4735 fru-

2158 4730 2312 4790 stulis
2340 4730 2522 4802 pavit,
2561 4743 2614 4787 et
2643 4730 2909 4787 cicuravit
2951 4731 3359 4802 (PorplierDe
3396 4734 3499 4786 vita
3532 4730 3726 4802 Pythag

2157 4801 2694 4927 gorwaamblichu
2740 4818 2859 4872 cap.
2889 4802 3032 4876 i5);
3085 4801 3208 4856 bovi
3253 4801 3590 4866 Tarentino,
3634 4801 3722 4870 qui

2183 4876 2313 4927 abas
2348 4875 2547 4927 virides
2576 4873 2832 4927 comedit.
2867 4873 2919 4927 in
2954 4888 3144 4926 aurem
3181 4874 3547 4926 insusurravit
3577 4887 3591 4923 :
3622 4885 3722 4927 ouo

2183 4876 2313 4929 abas
2348 4875 2547 4928 virides
2576 4873 2832 4937 comedit,
2867 4873 2919 4928 in
2954 4873 3144 4926 aurem
3181 4874 3547 4926 insusurravit
3577 4887 3591 4923 :
3622 4885 3724 4938 quo

2159 4945 2333 5007 facto,
2375 4960 2466 4998 eas
2513 4944 2565 4996 in
2604 4951 2882 5011 posterum
2939 4957 3214 5010 nunquam
3267 4942 3448 5009 attigit
3496 4941 3720 5011 (£654.);

2155 5015 2389 5082 aquilam
2433 5015 2483 5066 in
2535 5013 2674 5066 ludis
2715 5010 3016 5083 Olytnpicis
3053 5029 3118 5068 ex
3164 5027 3290 5083 aere
3336 5010 3644 5083 deduxit,_c
3671 5022 3722 5063 et

2155 5081 2276 5138 cum
2312 5083 2487 5154 aquila
2522 5081 2839 5150 colloquens
2869 5081 3096 5137 subinde
3121 5082 3396 5136 visebatur
3429 5081 3718 5146 (Annnian.

2156 5153 2401 5207 Marcel..
2447 5155 2540 5207 lib.
2582 5154 2747 5207 xxni:
2777 5171 2795 5204 ι
2838 5154 2889 5205 in
2933 5154 3127 5207 vaari
3169 5163 3224 5206 et
3273 5150 3576 5207 TVrrlienia
3610 5165 3718 5204 scr-

2213 5166 2401 5213 περὶ..
2447 5166 2540 5208 Ill).
2582 5166 2747 5213 XXII);
2777 5171 2795 5204 ι
2838 5169 2889 5205 ιη
2933 5166 3127 5213 δγυξΙΓΙ
3169 5166 3224 5206 et
3273 5166 3576 5213 'l'yrrtienta
3610 5166 3722 5204 scr-

2156 5154 2401 5220 Marcel.,
2447 5155 2540 5208 lib.
2582 5154 2747 5219 xxn);
2777 5171 2795 5204 ι
2838 5154 2889 5205 in
2933 5154 3127 5223 Sybari
3169 5163 3224 5206 et
3273 5154 3576 5221 Tyrrhenia
3610 5165 3720 5204 scr-

2154 5233 2393 5291 pcntcni,
2423 5224 2642 5290 quosvis
2687 5223 3071 5292 pet-intentem,
3115 5237 3276 5275 manu
3327 5222 3635 5292 prehendit,
3668 5230 3720 5272 et

2157 5294 2371 5360 depellit
2421 5291 2767 5369 (Janihlich.,
2812 5307 2932 5361 cap.
2959 5292 3082 5364 28);
3138 5291 3500 5361 piscatoribus
3544 5302 3720 5369 astans

2156 5361 2439 5416 numerum
2505 5364 2763 5429 piscium,
2819 5378 2954 5430 quos
3025 5361 3416 5421 extraxerunt,
3481 5361 3720 5430 praediisit

2156 5432 2464 5504 (Porphyrv
2485 5434 2670 5504 ibid);
2699 5429 2896 5504 Nessus
2927 5432 3121 5486 ﬂuvius
3145 5435 3192 5486 ei
3213 5432 3384 5504 dixit,
3415 5429 3722 5504 Χαῖρε,Πυ-

2154 5501 2710 5586 θοιγόροι’¹(]²ιιιι›11ξΙι.ζ
2731 5514 2784 5556 et
2813 5502 3108 5586 \Porphvr“
3134 5502 3313 5586 ibid”:
3349 5501 3535 5586 Cyri-ll.
3565 5502 3714 5586 Ales.

2153 5572 2249 5626 lih.
2282 5571 2338 5627 iit
2375 5571 2572 5626 Contra
2594 5571 2865 5642 Juliun.);
2901 5571 3231 5642 pestilentias
3283 5571 3506 5638 depulit,
3538 5580 3717 5642 ventus

2152 5645 2392 5707 sedavit,
2436 5655 2591 5695 terrm
2651 5639 2826 5696 niotus
2879 5639 3126 5710 praadixit
3166 5641 3503 5713 (.latnblicli.,
3541 5639 3713 5713 ibim),

2151 5713 2355 5784 Mupia,
2386 5715 2557 5781 inquit
2585 5713 2936 5784 Porphyrius,
2953 5714 2996 5766 δ’
3018 5710 3182 5784 ἕτερα
3204 5710 3714 5784 θαυμαστότεραμαὶ

2151 5777 2556 5859 θειότεραῌπέρὶ
2581 5783 2628 5835 τ’
2659 5777 2848 5853 ἀνδρὸς
2879 5783 3098 5859 ὁμαλῶς
3113 5777 3213 5859 ’καλ
3241 5777 3712 5859 συμφώνωςήειξρη-

2149 5871 2255 5908 ται.
2328 5850 2357 5906 ὶ
2386 5850 2650 5911 Sexcenta
2701 5850 2884 5909 autem
2914 5850 2925 5855 ⁷
2953 5855 3057 5909 alia
3103 5853 3273 5910 inulto
3313 5850 3712 5908 admirabilium
