3840 6412
538 354 674 410 1305

2015 352 2338 410 ORIGENIS

3629 367 3726 425 13οι

534 472 668 527 stola
697 475 762 529 ad
793 474 1074 529 llermcam
1103 485 1158 530 et
1184 475 1493 531 Coriscnm:
1531 496 1548 527 ι
1587 475 1649 529 Et
1695 473 2053 531 oblcstahimii

2165 499 2176 535 ι
2209 475 2300 526 τὸν
2336 476 2483 547 παρὰ
2533 474 2778 528 Πλάτωνι
2817 477 3107 548 λεγόμενον
3141 477 3252 548 (15)
3295 478 3353 532 ἐν
3388 483 3448 552 τῇ
3482 481 3606 553 πρὸς
3637 487 3719 558 Ἐρσ

537 565 701 619 Deum
739 567 1138 633 universorum,
1169 569 1466 637 principem
1497 585 1675 624 rerum
1714 583 1833 638 qum
1881 577 2007 623 sunt
2049 577 2103 623 et

532 669 652 722 quae
710 655 910 711 futura:
954 669 1100 722 sunt,
1158 669 1214 714 et
1279 661 1541 730 principis
1587 661 1747 729 hujus
1813 675 2101 731 eausmque

531 755 734 812 patrem
757 757 811 801 et
837 749 1146 820 dominum}
1176 767 1333 820 quem
1361 755 1577 822 quidem
1600 768 1789 808 omnes
1815 755 2099 822 perspicue

527 852 936 907 cognoscemus,
953 853 1208 910 quantum
1227 843 1323 897 fert
1347 843 1626 898 beatorum
1641 846 1917 899 hominum
1935 844 2098 900 facul-

529 935 631 993 tas,
659 928 725 995 si,
759 939 817 984 ut
846 946 944 1001 par
980 941 1086 998 est,
1123 947 1224 989 nos
1249 935 1604 1006 philosophiae
1625 937 1884 993 dedamus
1918 938 1961 991 ⁸.
1998 957 2016 989 ι

591 1105 643 1161 9.
680 1105 757 1160 En
779 1108 940 1162 alium
971 1109 1208 1166 Platonis
1240 1111 1418 1170 locum
1455 1128 1483 1168 a
1513 1113 1674 1170 Celso
1696 1124 2087 1170 memoratum:

528 1217 544 1248 ι
583 1198 711 1254 Mihi
762 1201 824 1256 de
877 1202 994 1256 istis
1027 1205 1187 1259 rebus
1234 1203 1406 1260 fusius
1437 1207 1710 1260 disserere
1741 1209 1951 1262 animus
1981 1219 2085 1261 est.

519 1289 775 1346 Fortasse
799 1293 942 1347 enim
979 1296 1044 1349 de
1077 1296 1144 1350 iis
1167 1297 1396 1352 dicendo
1428 1308 1709 1354 succurret
1731 1299 1858 1368 quid
1889 1300 2086 1355 clarius

514 1381 639 1446 illis,
689 1399 807 1451 quze
831 1384 942 1452 jam
989 1387 1133 1442 dicta
1179 1395 1323 1443 sunt.
1365 1388 1462 1443 Est
1491 1389 1632 1444 enim
1675 1405 1800 1444 vera
1843 1391 2083 1460 qu:edam

515 1475 652 1529 ratio
687 1477 965 1531 contraria
1009 1480 1338 1536 audentich
1381 1480 1649 1536 tantillum
1684 1482 1748 1536 de
1784 1482 1888 1537 illis
1926 1483 2083 1537 rebus

507 1566 764 1620 scribere.
801 1566 949 1622 llanc
979 1583 1078 1638 ego
1119 1570 1339 1638 quidem
1375 1571 1490 1641 jam
1530 1582 1692 1626 antea
1738 1573 1918 1627 notavi
1944 1613 1958 1638 ,
1988 1576 2080 1630 sed

507 1667 750 1725 repetere
779 1658 959 1728 juvat.
993 1660 1048 1714 lu
1088 1663 1244 1716 rebus
1271 1662 1527 1718 omnibus
1548 1678 1687 1732 quas
1711 1663 1777 1718 ad
1802 1665 2078 1720 scientiam

507 1753 928 1820 comparandam
955 1753 1200 1807 adhiberi
1237 1769 1462 1810 necesse
1477 1765 1580 1820 est,
1611 1758 1711 1810 tria
1741 1766 1886 1822 sunt,
1916 1772 2080 1826 quar-

505 1850 616 1895 tum
651 1851 936 1896 autemest
972 1843 1202 1912 ipsumet
1224 1845 1484 1911 scientia;
1523 1847 1766 1914 quintum
1801 1863 1926 1900 vero
1951 1847 2075 1913 poni

497 1942 711 2000 oportet
745 1933 816 1997 id,
865 1935 1007 2001 quod
1041 1937 1484 2001 cognoscendum
1522 1937 1686 1991 menti
1734 1937 2072 2002 obversatur,

499 2033 553 2076 ut
583 2039 768 2078 verum
795 2024 847 2078 in
876 2039 956 2079 se.
987 2025 1184 2078 llorum
1205 2027 1436 2094 primum
1461 2039 1543 2083 est
1572 2043 1798 2094 nomen;
1822 2030 2072 2092 alterum,

495 2127 703 2178 sermo;
760 2115 1000 2182 tertium,
1055 2116 1292 2183 idolum;
1357 2127 1634 2187 quartum,
1699 2120 1927 2174 scientia
1963 2119 2003 2171 ⁷.
2046 2138 2066 2170 ι

493 2201 604 2258 Nos
631 2203 816 2258 itidem
839 2204 1082 2260 dicemus
1110 2223 1126 2255 ι
1153 2220 1336 2262 vocem
1357 2205 1647 2262 clamantis
1673 2207 1724 2260 in
1748 2206 2018 2269 deserto”,
2045 2224 2063 2258 ι

491 2313 613 2353 esse
637 2296 900 2352 Joannem
944 2299 1166 2354 missmu
1204 2309 1331 2354 ante
1369 2299 1576 2366 Jesum,
1602 2303 1852 2369 hancque
1879 2314 2064 2354 vocem

494 2390 822 2456 respondere
853 2389 1100 2446 Platonis
1148 2395 1380 2447 nomini:
1415 2393 1710 2448 secundum
1746 2401 1928 2446 autem
1946 2402 2068 2462 post

486 2481 749 2538 Joannem
779 2499 898 2539 esse
941 2484 1122 2540 Jesum
1149 2500 1176 2538 a
1231 2484 1440 2541 Joanne
1487 2493 1877 2552 monstratum,
1912 2494 1966 2540 et
1997 2486 2064 2540 de
2088 2505 2100 2516 ·

485 2589 592 2641 quo
619 2575 822 2630 dictum
845 2586 927 2632 est
952 2577 1125 2631 illud:
1157 2596 1174 2629 ι
1207 2579 1442 2634 Verbum
1481 2594 1608 2633 caro
1629 2579 1828 2633 factum
1853 2589 1938 2635 est
1963 2582 2008 2644 ',
2035 2599 2054 2632 ι

2208 567 2364 637 μεέαν
2401 569 2494 620 καὶ
2542 567 2810 638 Κορίσκον
2847 569 3124 641 ἐπιστολῇ.
3173 571 3330 624 Οὕτω
3367 572 3420 624 δὲ
3464 573 3564 643 ἔχει
3598 577 3623 645 ἡ
3654 578 3721 631 τοῦ

2203 659 2486 722 Πλάτωνος
2509 658 2670 724 λέξις·
2701 680 2717 709 ι
2750 663 2857 715 Kal.
2877 663 2969 715 τόν
2989 662 3099 715 τῶν
3119 663 3338 717 πάντων
3361 664 3505 728 θεὸν,
3527 669 3722 737 ἡγεμόνα

2199 752 2310 805 τῶν
2362 770 2418 805 τε
2467 753 2635 806 ὄντων
2681 753 2773 806 καὶ
2829 753 2934 806 τῶν
2987 754 3310 824 μελλόντων,
3353 755 3444 810 τοῦ
3476 775 3530 810 τε
3570 761 3710 830 ἠγεμό

2197 861 2285 908 νος
2317 844 2425 915 (14)
2461 847 2555 898 καὶ
2589 845 2760 898 αἰτίου
2796 845 3006 917 πατέρα
3045 848 3143 901 καὶ
3173 847 3361 918 κύριον
3399 850 3719 919 ἐπομνύντας·

2195 938 2272 998 ὂνς
2311 938 2374 992 ἂν
2415 939 2583 1001 δντως
2617 937 3014 1009 φιλοσοφῶμεν,
3055 940 3317 1010 εἰσόμεθα
3348 942 3538 1006 πάντες
3574 944 3717 1012 σαφῶς

2193 1032 2272 1094 εἰς
2302 1031 2528 1102 δύναμιν
2557 1029 2858 1103 ἀνθρώπων
2883 1032 3237 1104 εὐδαιμόνων.
3277 1053 3297 1085 ι
3383 1091 3388 1098 ,

2263 1127 2370 1178 Καὶ
2397 1125 2562 1194 ἄλλην
2594 1124 2652 1178 δὲ
2679 1123 2775 1177 τοῦ
2809 1124 3092 1187 Πλάτωνος
3117 1124 3264 1190 λέξιν
3287 1126 3397 1196 (15)
3431 1127 3670 1180 ἐκτίθεται
3694 1129 3715 1181 ό

2190 1218 2412 1281 Κέλσος,
2469 1215 2644 1279 οὕτως
2681 1217 2929 1287 ἔχουσαν.
2963 1237 2981 1268 ι
3024 1218 3144 1270 Ἔτι
3177 1217 3234 1270 δὲ
3280 1217 3582 1289 μακρότερα
3617 1221 3715 1290 περὶ

2188 1308 2364 1362 αὐτῶν
2394 1313 2452 1362 ὲν
2497 1309 2572 1380 νῷ
2605 1327 2694 1380 μοι
2721 1310 2943 1379 γέγονεν
2977 1312 3184 1365 εἰπεῖν’
3224 1311 3365 1381 τάχα
3401 1311 3506 1382 γὰρ
3528 1310 3637 1380 περὶ
3656 1303 3713 1363 ὧν

2186 1401 2346 1470 λέγω,
2377 1403 2710 1474 σαφέστερον
2732 1404 2798 1457 ἂν
2823 1403 2909 1474 εἴη
2928 1421 3004 1466 τι,
3039 1403 3334 1474 λεχθέντων
3369 1403 3560 1458 αὐτῶν.
3590 1405 3711 1458 Ἔστι

2183 1495 2291 1564 γάρ
2318 1513 2399 1558 τις
2424 1495 2582 1563 λόγος
2612 1495 2838 1567 ἀληθὴς,
2879 1495 3119 1560 ἐναντίος
3151 1495 3229 1566 τῷ
3267 1497 3585 1567 τολμήσαντι
3613 1496 3708 1565 γρά-

2185 1606 2304 1659 φειν
2332 1588 2439 1644 τῶν
2476 1590 2738 1643 τοιούτων
2781 1590 2875 1643 κα)⁷
2915 1591 3126 1644 όττιοῦν
3175 1589 3308 1660 (16),
3356 1590 3599 1653 πολλάκις
3632 1590 3707 1656 μὲν

2184 1679 2274 1732 ὑπ’
2296 1679 2428 1750 ἐμοῦ
2455 1680 2549 1732 καὶ
2576 1681 2839 1751 πρότερον
2873 1679 3099 1750 λεχθεὶς.
3130 1680 3272 1733 ἔοικε
3313 1681 3358 1733 δ’
3381 1675 3474 1734 οὖν
3499 1675 3704 1732 εἶναικαὶ

2181 1770 2274 1823 νῦν
2314 1770 2555 1834 λεκτέος.
2601 1773 2754 1824 Ἐστι
2794 1771 2903 1825 τῶν
2943 1772 3112 1825 όντων
3152 1773 3388 1842 ἑκάστῳ,
3431 1772 3495 1824 δι’
3532 1764 3598 1825 ὧν
3629 1771 3703 1842 τὴν

2111 1823 2149 1878 Β
2178 1823 2740 1938 ἐπιστήμην-Βάνάγκη
2785 1863 3239 1936 παραγίγνεσθαι,
3287 1823 3442 1934 τριᾏι-
3489 1823 3703 1929 τέταρτόν

2175 1959 2230 2012 δὲ
2266 1957 2404 2028 αὕτη
2423 1975 2436 1987 ·
2483 1958 2732 2029 πέμπτον
2759 1957 2810 2010 6“
2847 1956 2978 2010 αὐτὸ
3001 1954 3206 2009 τιθέναι
3234 1955 3333 2017 δεῖ,
3365 1955 3393 2007 ὃ
3413 1954 3473 2026 δὴ
3505 1953 3700 2023 γνωστόν

2173 2065 2230 2101 τε
2260 2048 2352 2100 καὶ
2378 2047 2576 2118 ἀληθές
2603 2048 2769 2101 ἐστιν.
2803 2039 2904 2098 Ὧν
2929 2045 2985 2097 ἓν
3009 2046 3106 2111 μὲν
3135 2045 3308 2114 δνομα
3335 2043 3463 2115 (17)’
3492 2044 3698 2114 δεύτερον

2171 2139 2226 2192 δὲ
2259 2139 2413 2207 λόγος
2435 2156 2448 2168 ³
2478 2138 2540 2192 τὸ
2566 2138 2623 2192 δὲ
2656 2137 2837 2208 τρίτον
2878 2135 3091 2189 εἴδωλον
3111 2153 3124 2166 ο
3158 2135 3220 2188 τὸ
3251 2135 3502 2207 τέταρτον
3525 2136 3575 2189 δὲ
3601 2136 3697 2188 ἐπιο

2173 2232 2372 2302 στήμη.
2412 2251 2429 2282 ι
2464 2231 2573 2284 Καὶ
2601 2228 2743 2284 κατὰ
2764 2227 2938 2282 ταῦτα
2958 2228 3014 2281 δὲ
3043 2226 3290 2297 εἴποιμεν
3308 2227 3394 2292 ἂν,
3418 2229 3495 2281 ὅτι
3528 2247 3544 2278 ι
3576 2226 3695 2297 φωνὴ

2172 2323 2268 2394 μὲν
2300 2323 2528 2393 βοῶντος
2550 2324 2604 2374 ἐν
2633 2323 2819 2393 τῇ¹ὲρή
2831 2339 2914 2391 μῳ
2946 2340 2964 2373 ›
2992 2321 3242 2391 εἰσῆκται
3269 2323 3298 2374 6
3340 2320 3570 2391 Ἰωάννης
3588 2319 3693 2390 πρὸς

2165 2416 2258 2470 τοῦ
2288 2415 2464 2486 Ἰησοῦ
2487 2414 2620 2486 (18),
2647 2414 2906 2482 ἀνάλογον
2930 2413 3006 2484 τῷ
3028 2413 3181 2485 παρὰ
3199 2412 3445 2467 Πλάτωνι
3471 2415 3685 2482 ὀνόματι·

2163 2507 2414 2578 δεύτερος
2435 2507 2492 2560 δὲ
2519 2507 2656 2578 μετὰ
2677 2509 2766 2559 τὸν
2803 2506 3052 2576 Ἰωάννην
3081 2505 3425 2576 δεικνύμενος
3453 2504 3536 2558 ὑπ’
3558 2501 3688 2557 αὑτοῦ

2161 2599 2189 2650 6
2225 2595 2449 2668 Ἰησοῦς,
2478 2589 2522 2663 ᾧ
2546 2595 2842 2666 ἐφαρμόζει
2865 2594 2946 2660 τδ,
2977 2613 2994 2644 ι
3031 2597 3060 2647 6
3088 2596 3260 2664 Λόγος
3291 2594 3421 2667 σὰρξ
3439 2593 3639 2664 ἐγένετο,
3666 2611 3682 2644 ι

483 2667 626 2734 quod
688 2669 980 2738 respondet
1029 2669 1275 2725 Platonis
1322 2670 1576 2724 sermoni.
1636 2669 1838 2725 Idolum
1899 2671 2053 2725 tertio

2165 2687 2420 2755 ἀνάλογον
2458 2686 2516 2740 δν
2557 2687 2634 2758 τῷ
2679 2685 2828 2757 παρὰ
2873 2685 3121 2739 Πλάτωνι
3159 2687 3338 2755 λόγῳ.
3383 2686 3586 2738 Πλάτων
3607 2684 3684 2755 μὲν

483 2758 602 2814 loco
641 2771 885 2814 recenset
910 2758 1099 2814 Plato:
1127 2761 1222 2814 sed
1247 2761 1500 2830 quoniam
1539 2775 1640 2814 nos
1667 2761 1767 2815 hoc
1796 2762 2053 2815 vocabulo

2165 2778 2251 2835 οὖν
2293 2780 2354 2833 τὸ
2394 2780 2575 2852 τρίτον
2621 2779 2782 2850 φησὶν
2823 2778 3077 2834 εἴδωλονο
3124 2781 3287 2851 ἡμεῖς
3333 2780 3412 2843 δὲ,
3455 2778 3512 2831 τὸ
3548 2778 3684 2847 δνομιι

483 2850 550 2904 ad
591 2851 735 2906 aliud
775 2851 1193 2922 significandum
1232 2853 1454 2915 utimur,
1507 2853 1748 2908 dicemus
1816 2853 2053 2922 apertius

2165 2870 2249 2924 τοῦ
2281 2870 2500 2924 εἰδώλου
2533 2874 2620 2939 ἐπ’
2652 2872 2812 2924 ἄλλου
2853 2872 3158 2932 τάττοντες,
3201 2872 3515 2939 τρανότερον
3551 2872 3682 2936 φήσο-

481 2941 732 3010 formam,
767 2959 887 3013 qua:
919 2945 1174 2999 inanima
1209 2947 1471 3016 impressa
1514 2955 1716 3009 manet,
1763 2956 2050 3015 postquam

479 3037 532 3088 in
567 3035 656 3090 illa
695 3036 941 3092 Christus
974 3035 1204 3092 Verbum
1237 3053 1331 3094 sua
1366 3040 1589 3094 vulnera
1622 3056 1721 3094 suo
1749 3041 1913 3094 verbo
1949 3039 2050 3092 im-

2159 2979 2258 3033 μεν
2291 2963 2347 3014 ἐν
2374 2963 2440 3032 τῇ
2469 2937 2614 3030 dum
2640 2959 2919 3029 γινόμενον
2953 2957 3090 3028 μετὰ
3119 2959 3209 3012 τὸν
3240 2937 3395 3025 λόγον
3423 2937 3518 3010 τῶν
3544 2973 3678 3028 τραυ-

2157 3057 2341 3127 μάτων
2372 3055 2562 3120 τύπον,
2595 3054 2781 3108 τοῦτον
2815 3051 2952 3108 εἶναι
2983 3055 3074 3108 τὸν
3117 3057 3174 3106 ὲν
3223 3053 3434 3121 ἑκάστῳ
3463 3045 3679 3120 Χριστὸν.

477 3128 696 3196 pressit,
753 3143 874 3184 esse
913 3128 1188 3185 Christum
1249 3132 1449 3202 ipsum,
1485 3132 1574 3202 qui
1628 3132 1679 3186 in
1726 3145 2048 3202 unoquoque

2165 3148 2258 3202 Ξιπὸ
2289 3146 2523 3219 Χριστοῦ
2553 3146 2746 3215 Λόγου.
2783 3148 2846 3199 Εἰ
2875 3147 2933 3200 δὲ
2977 3147 3072 3199 καὶ
3101 3144 3360 3214 ἀνάλογόν
3389 3144 3496 3195 ἐστι
3519 3139 3585 3210 τῷ
3607 3152 3678 3190 τεο

480 3227 728 3273 nostrum
789 3230 891 3276 est.
938 3227 1018 3275 An
1063 3233 1240 3278 autem
1275 3223 1525 3280 Christus
1567 3234 1875 3279 nostrorum
1921 3238 2046 3293 per-

475 3308 738 3365 fectorum
792 3313 1059 3380 sapientia
1111 3315 1386 3379 scientia,
1442 3329 1602 3383 quam
1659 3313 1812 3367 Plato
1855 3321 2047 3382 quarto

475 3405 592 3459 ioco
622 3417 896 3470 numerat,
929 3409 1282 3477 respondeat,
1307 3407 1395 3472 qui
1425 3417 1602 3477 potest
1635 3446 1651 3470 ,
1688 3407 1901 3462 viderit.

543 3498 632 3553 10.
667 3500 826 3554 Addit
855 3499 1074 3555 Celsus:
1115 3520 1131 3552 ι
1168 3500 1331 3556 Vides
1349 3503 1620 3570 quomodo
1643 3499 1819 3565 Plato,
1850 3501 2046 3555 etiam-

470 3593 513 3643 si
572 3600 698 3645 ante
743 3593 998 3646 statuerit
1049 3592 1179 3645 illud
1212 3591 1395 3648 verbis
1428 3593 1686 3663 explicari
1725 3609 1833 3648 non
1863 3608 2041 3663 posse,

472 3693 670 3746 tamen,
701 3697 768 3738 ne
793 3684 1041 3738 videatur
1065 3685 1128 3737 ad
1162 3684 1211 3738 id
1242 3685 1533 3754 confugere
1555 3686 1694 3754 quod
1723 3683 2041 3753 reprehendi

469 3792 570 3829 non
597 3787 784 3846 queat,
810 3779 1075 3832 rationem
1106 3779 1283 3832 reddit
1313 3778 1474 3846 hujus
1508 3777 1871 3832 dillicultatis:
1902 3776 2043 3834 forte

465 3867 612 3921 enim
634 3869 712 3923 vel
748 3870 975 3924 nihilum
1010 3869 1189 3924 verbis
1218 3869 1478 3938 explicari
1511 3870 1701 3938 possit.
1740 3888 1758 3921 ι
1783 3871 1886 3924 Sed
1912 3871 2038 3940 quia

468 3963 580 4014 haec
606 3959 799 4030 allegat
830 3969 888 4014 ut
927 3963 1118 4031 probet
1156 3977 1263 4016 non
1312 3961 1536 4016 credere
1573 3961 1912 4030 simpliciter,
1944 3962 2040 4016 sed

465 4051 590 4105 ﬁdei
621 4052 882 4106 rationem
913 4054 1139 4108 reddere
1159 4061 1431 4121 oportere,
1466 4060 1680 4106 utemur
1715 4062 1769 4106 et
1798 4069 1894 4108 nos
1918 4068 2043 4107 vero

463 4142 544 4194 his
614 4143 810 4210 quibus
857 4142 1353 4214 Paulus-objurgat
1385 4159 1477 4199 eos
1529 4144 1621 4213 qui
1672 4152 1874 4200 temere
1918 4159 2038 4199 cre-

459 4239 688 4290 derent:
756 4255 774 4287 ι
831 4236 943 4292 Nisi
993 4246 1226 4300 temere,
1292 4238 1485 4307 inquit,
1542 4237 1855 4292 credidistis
1909 4238 1975 4290 ¹⁰.
2011 4255 2032 4290 ι

455 4327 616 4397 637
645 4328 914 4394 Quantum
957 4328 1009 4383 in
1035 4327 1192 4383 Celso
1221 4337 1325 4393 est,
1350 4329 1464 4384 suis
1493 4344 1590 4384 nos
1624 4327 2036 4397 repetitionibus

458 4434 699 4492 repetere
733 4424 898 4494 cogit,
929 4426 1052 4478 dum
1087 4425 1164 4479 ait
1184 4435 1304 4496 post
1332 4426 1589 4492 emititas,
1616 4443 1752 4497 quas
1779 4427 2032 4490 vidimus,

2148 3239 2331 3310 τάρτῳ
2375 3237 2822 3307 ὄντιέπιστήμη
2851 3236 2960 3306 (19)
2993 3239 3026 3306 ἠ
3061 3238 3119 3290 ὲν
3157 3238 3270 3298 τοῖς
3300 3233 3417 3288 καθ’
3453 3232 3582 3302 ἡμᾶς
3610 3244 3677 3280 τε·

2147 3331 2310 3394 λείοις
2340 3330 2500 3400 σοφία
2530 3333 2558 3384 6
2585 3329 2837 3402 Χριστὸς,
2873 3329 3153 3397 ἐπιστήσει
3183 3329 3213 3379 6
3241 3326 3536 3395 δυνάμενος.

2219 3498 2350 3556 Εἶτά
2381 3520 2566 3575 φησιν,
2589 3503 2670 3555 ὅτι
2701 3521 2720 3554 σ
2756 3503 2917 3574 Ὁρᾷς
2947 3502 3097 3564 ὅπως
3126 3500 3372 3562 Πλάτων,
3397 3498 3553 3552 καίτοι
3581 3493 3672 3547 6w-

2146 3594 2603 3665 ϐεϐαιωσάμενος,
2644 3594 2726 3647 ὅτι
2769 3593 2931 3666 ῥητὸν
2963 3594 3068 3646 οὐκ
3099 3593 3269 3656 ἔστιν,
3315 3593 3478 3661 ὅμως,
3506 3588 3580 3642 ἶνα
3607 3585 3670 3655 μὴ

2145 3688 2225 3749 εἰς
2267 3685 2649 3755 ἀνεξέλεγκτον
2695 3687 2993 3756 ἀναχωρεῖν
3036 3685 3183 3758 δόξῃ,
3231 3684 3476 3754 λογισμὸν
3516 3677 3670 3745 ὑπέχει

2143 3776 2346 3846 ταύτης
2375 3776 2474 3845 τῆς
2503 3775 2731 3848 ἀπορίας
2753 3793 2764 3805 ·
2795 3774 2882 3845 εἴη
2915 3775 3023 3848 γὰρ
3053 3775 3118 3829 ἂν
3150 3777 3309 3845 τυχὸν
3341 3773 3489 3846 ῥητὸν
3518 3771 3596 3821 καὶ
3619 3766 3668 3816 τὸ

2147 3869 2332 3939 μηδέν.
2374 3890 2391 3919 ι
2442 3867 2580 3920 Ἀλλ’
2614 3869 2735 3920 ἐπεὶ
2762 3867 2922 3920 τοῦτο
2955 3868 3114 3939 φέρει
3143 3871 3222 3932 εἰς
3253 3867 3567 3934 κατασκευὴν
3590 3861 3664 3913 τοῦ

2142 3962 2251 4014 δεῖν
2275 3961 2350 4029 μὴ
2378 3959 2566 4020 ἁπλῶς
2593 3959 2888 4020 πιστεύειν,
2921 3959 3057 4013 ἀλλὰ
3079 3961 3332 4030 λογισμὸν
3353 3961 3552 4027 ὑπέχειν
3579 3953 3664 4006 τῶν

2141 4050 2575 4120 πιστευομένων·
2608 4051 2922 4122 χρησόμεθα
2950 4053 3044 4104 καὶ
3077 4055 3235 4123 ἡμεῖς
3262 4051 3354 4105 τοῦ
3384 4049 3570 4105 Παύλου
3597 4045 3662 4095 λέ-

2143 4146 2242 4212 ξει,
2291 4142 2596 4214 ἐγκαλούσῃ
2637 4143 2715 4214 τῷ
2767 4143 2890 4214 εἰκῆ
2941 4144 3272 4207 πιστεύοντι,
3327 4146 3383 4197 ἐν
3511 4153 3660 4208 φησιν.

2149 4255 2166 4289 ι
2221 4235 2408 4300 Ἕκτος
2437 4237 2485 4288 εἰ
2527 4236 2602 4307 μὴ
2636 4235 2756 4306 εἰκῆ
2800 4235 3180 4289 ἐπιστεύσατε.
3231 4249 3252 4284 ι
3290 4235 3361 4287 Τὸ
3387 4236 3500 4287 ὅσον
3525 4231 3562 4284 δ’
3591 4227 3659 4280 ἐπ’

2139 4329 2288 4400 αὐτῷ
2317 4328 2614 4397 ἀναγκάζει
2641 4330 2784 4399 ἡμᾶς
2804 4328 3143 4396 ταυτολογεῖν
3165 4325 3486 4394 ταυτολογῶν
3505 4325 3530 4376 6
3551 4319 3660 4375 Κέλ-

2140 4438 2253 4485 σος,
2308 4421 2480 4490 λέγων
2529 4421 2667 4490 μετὰ
2712 4420 2811 4483 τὰς
2861 4420 3158 4490 εἰρημένας
3206 4418 3389 4489 ὥσπερ
3435 4413 3657 4476 ἀλαζόνων

448 4518 803 4581 jactationes:
843 4535 861 4568 ι
894 4517 1176 4573 Platonem
1203 4534 1301 4573 nec
1334 4520 1616 4574 venditare
1638 4534 1718 4582 se,
1755 4533 1855 4574 nec
1882 4533 2032 4573 men-

2165 4515 2474 4580 ιλαζονείας,
2522 4515 2624 4576 ὃτι,
2685 4532 2704 4564 ι
2766 4513 2990 4566 Πλάτων
3037 4513 3137 4566 οὐκ
3195 4511 3548 4577 ἁλαζονεύεται
3582 4502 3655 4557 καὶ

453 4610 573 4675 tiri;
618 4625 724 4665 non
754 4611 938 4664 dicere
978 4610 1078 4666 sibi
1115 4612 1240 4680 quid
1276 4613 1402 4666 novi
1431 4624 1790 4682 compertum,
1835 4623 1928 4668 aut
1971 4627 2030 4668 se

452 4716 479 4748 η
513 4701 652 4756 εωιο
683 4703 872 4757 adesse
916 4712 973 4757 ut
1002 4707 1326 4769 aunuutiet;
1371 4709 1462 4760 sed
1496 4703 1656 4759 fateri
1685 4705 1829 4761 unde
1873 4719 2030 4759 acce-

452 4793 610 4860 perit.
657 4812 675 4846 ›
745 4793 897 4859 lmo,
948 4795 1150 4850 dixerit
1203 4796 1398 4864 aliquis
1453 4795 1614 4850 Celso
1665 4795 2025 4863 respondens,

553 4952 572 4982 ⁸
597 4951 758 5018 Plat.,
780 4969 864 5022 ep.
891 4953 944 5006 6.
1023 4957 1041 4986 ⁷
1071 4955 1167 5020 ld.,
1191 4970 1273 5024 ep.
1301 4955 1350 5007 7.

518 5069 639 5144 (15)-
678 5069 904 5144 Aliquot
945 5087 1140 5144 _ntss.,
1201 5073 1542 5144 λελεγμένον.
1594 5072 1728 5126 Vide
1785 5073 2028 5128 Platonis

445 5141 730 5262 epislglpln
763 5140 798 5194 6
842 5141 907 5195 ad
945 5141 1232 5198 llermeam
1257 5185 1270 5208 ,
1318 5140 1568 5198 lsi-ustum
1614 5155 1668 5198 et
1708 5144 2024 5211 Coriscum,

445 5223 567 5262 nas.
631 5227 720 5262 ιο.

445 5223 567 5277 pag.
595 5211 720 5263 5:23.

520 5279 633 5349 (M)
677 5279 1014 5356 llosschelius
1064 5281 1117 5336 in
1169 5291 1364 5356 textu,
1407 5282 1772 5356 ἡγεμονικοῦ,
1834 5284 2022 5353 sicque

443 5363 642 5424 omnes
665 5365 796 5424 mss.
830 5351 1159 5424 Paulopost
1187 5351 1722 5423 adverbium'aaeé‘ig
1755 5356 1896 5424 quod
1936 5351 2026 5410 est

443 5419 675 5491 anteet;
702 5419 946 5491 δύναμιν,
978 5419 1129 5475 abest
1161 5426 1228 5476 ab
1255 5425 1506 5478 omnibus
1537 5419 1664 5479 mss.

513 5487 626 5555 (15)
669 5487 870 5564 Λέξιιλ.
897 5491 1039 5564 Vide
1064 5493 1300 5548 Platonis
1332 5496 1492 5564 epist.
1521 5495 1551 5548 7
1581 5495 1644 5548 ad
1676 5493 1862 5548 Dionis
1893 5508 2022 5564 pro-

439 5556 671 5624 piuquos
695 5570 748 5611 et
782 5561 1101 5616 familiares.

514 5625 625 5703 ([6)
665 5629 776 5682 Καὶ
833 5630 1090 5703 amour.
1137 5632 1481 5688 llmschclius
1528 5634 1580 5688 in
1651 5643 1799 5686 textu
1829 5675 1842 5698 ,
1891 5631 2020 5703 [ἂν]

440 5695 618 5773 (ἐτιοῦν
652 5713 892 5773 pro_quo_
931 5701 1206 5756 dubitabat
1235 5703 1457 5757 Guietus
1489 5719 1668 5756 annon
1706 5695 2015 5773 legendum,

446 5763 502 5816 ἓν
536 5763 728 5821 ὁτιοῦν.
763 5763 929 5825 Paulo
964 5780 1084 5840 post
1117 5789 1266 5838 mss.,
1296 5775 1388 5826 καὶ
1421 5774 1681 5843 πρότερον
1711 5763 1940 5845 λεὶθείς,
1966 5763 2019 5828 et

1449 4956 1470 4986 ⁸
1494 4952 1682 5010 Matth.
1712 4970 1789 5022 ιιι,
1815 4955 1868 5008 5.
1941 4956 1960 4985 θ
1982 4951 2133 5007 Joao.
2164 4969 2201 5020 ι,
2234 4954 2314 5007 14.

2139 4608 2427 4678 ψεύδεται,
2461 4606 2685 4676 φάσκων
2724 4606 2886 4669 αὐτὸς
2920 4608 3105 4660 καινόν
3138 4625 3190 4658 τι
3222 4606 3498 4677 εὑρίσκειν,
3529 4596 3652 4669 ῆάπ’
3681 4644 3684 4645 ν

2136 4700 2365 4770 ούρανοῦ
2414 4698 2602 4771 παρὼν
2645 4698 2960 4767 ἀγγέλλεινο
3007 4697 3118 4750 ἀλλ’
3159 4697 3352 4750 ὁπόθεν
3396 4695 3500 4748 ἐστὶ
3531 4685 3651 4742 ταῦθ’

2137 4794 2387 4863 ὁμολογεῖ
2427 4794 2569 4864 (20).
2616 4811 2635 4844 ι
2672 4792 2827 4844 Εἴποι
2861 4792 2926 4846 ἄν
2956 4809 3039 4853 τις
3075 4787 3168 4845 οὖν
3205 4791 3298 4843 καὶ
3333 4789 3458 4860 πρὸς
3495 4781 3648 4838 ταύταν

2408 4956 2450 4984 ¹⁰
2473 4951 2490 5005 1
2517 4952 2638 5006 Cor.
2669 4969 2754 5017 xv,
2781 4953 2835 5005 9..

2133 5073 2208 5128 ita
2232 5073 2573 5129 llmscbelius
2597 5073 2648 5126 in
2683 5082 2852 5127 testu.
2875 5070 2979 5126 Sed
3011 5071 3248 5125 Platonis
3272 5070 3397 5122 libb.
3419 5061 3549 5125 editi,
3570 5050 3646 5111 καὶ

2134 5143 2630 5216 πρόσθενᾲλεχθείς,
2658 5143 2798 5216 quod
2827 5144 3068 5211 sequitur
3099 5139 3413 5210 Spencerus.
3480 5203 3516 5216 ﬂ
3559 5197 3613 5216 Δ,

2206 5216 2319 5284 (IT)
2364 5197 2702 5284 Ilue's‘cheliu's
2733 5214 2788 5268 in
2827 5197 2972 5265 textu
2997 5197 3284 5284 etomncs
3313 5197 3648 5284 mss.,&iq0&§

2131 5273 2278 5354 ἐσέιν
2304 5273 2401 5338 ἶν’
2445 5284 2503 5337 ἓν
2539 5284 2634 5354 μὲν
2673 5283 2873 5353 ὅνομα;
2919 5281 3012 5337 sed
3047 5281 3178 5335 libb.
3205 5280 3328 5335 editi
3360 5273 3564 5331 Platonis
3594 5277 3641 5320 ul

2131 5353 2186 5408 in
2219 5367 2409 5409 nostro
2440 5353 2611 5411 textu.

2737 5422 2953 5490 Ἰησοῦ.
3012 5420 3323 5476 Boberellus
3375 5416 3518 5485 legit,
3554 5402 3642 5476 πρὺ

2129 5498 2222 5548 τοῦ
2255 5498 2447 5565 Ἰησοῦ.

2133 5635 2140 5636 ί
2201 5567 2326 5633 (19)
2380 5565 2734 5636 Ἐπιστήμη.
2785 5565 3004 5620 Dubitat
3066 5560 3290 5619 Guietus
3355 5573 3416 5611 an
3461 5542 3636 5619 legend.

2127 5635 2430 5707 ἐπιστήμῃ,
2463 5638 2513 5690 in
2543 5635 2703 5691 tertio
2737 5652 2888 5691 casu.

2198 5698 2493 5776 (2051155.
2521 5747 2535 5774 ,
2583 5709 2873 5776 ῥμολογεῖ,
2921 5702 3190 5762 Πωεςὶιει.
3239 5710 3289 5756 et
3343 5698 3634 5768 Spcttcertts:

2124 5773 2152 5825 6
2157 5773 2428 5845 μολογεῐν.
