3926 6536
157 417 320 472 15υὸ

1373 397 1651 458 CONTRA
1691 388 1969 452 CELSUM
2006 387 2132 442 LIB.
2171 382 2258 440 VI.

3294 375 3430 431 I500

156 537 194 608 β
211 535 499 606 ιυλόμενος
524 533 767 605 ἀπαντᾷν
794 529 868 603 τῷ
893 529 1104 599 Κέλσῳ,
1131 527 1211 580 ὅτι
1242 525 1334 580 καὶ
1361 523 1588 577 Πλάτων
1619 519 1752 574 ἀλα-

1870 513 2011 568 Plato
2041 510 2205 566 etiam
2247 520 2306 563 se
2349 501 2556 558 tumide
2589 502 2847 561 ostentat,
2881 495 3078 566 quippe
3111 497 3205 565 qui
3242 495 3430 553 Jovem

156 629 472 692 ξονεύεται,
495 628 551 680 ὲν
573 629 637 697 τῇ
664 625 756 678 τοῦ
779 625 897 687 Διὸς
919 621 1057 676 κατᾶ
1075 622 1164 673 τὸν
1187 620 1423 687 Τίμαιον
1446 612 1754 685 δημηγορίᾳ

158 720 528 790 λέγωνπθεοὶ
558 717 692 771 θεῶν
720 717 850 787 (2|).
868 710 941 769 ὧν
966 712 1075 783 ἐγὼ
1091 709 1417 782 δημιουργὸς
1435 707 1527 761 καὶ
1552 704 1751 775 πατὴρ,

158 813 267 864 καὶ
287 811 354 864 τὰ
387 811 530 882 ἑξῆς.
567 829 585 861 ι
625 808 764 860 Ἀλλ’
783 808 830 860 εί
859 802 1257 875 ἀπολογήσεται
1287 817 1370 863 τις
1399 800 1525 868 περὶ
1551 795 1754 848 τούτων

155 903 259 955 διὰ
304 903 394 955 τὸν
427 901 551 955 νοῦν
594 901 687 954 τοῦ
726 897 1168 970 δημηγοροῦντος
1210 892 1360 963 παρὰ
1392 890 1470 962 τῷ
1511 889 1753 942 Πλάτωνι

155 993 323 1057 Διός·
359 993 447 1047 διὰ
473 993 524 1046 τί
555 995 581 1046 6
610 991 878 1056 ἐξετάζων
904 990 993 1042 τὸν
1022 987 1145 1041 νοῦν
1165 987 1272 1039 τῶν
1305 985 1477 1051 λόγων
1505 980 1598 1034 τοῦ
1629 977 1755 1032 Υἱοῦ

155 1085 262 1138 τοῦ
297 1084 456 1151 θεοῦ,
485 1085 517 1154 ἦ
551 1083 656 1136 τῶν
689 1085 746 1135 ὲν
779 1083 890 1144 τοῖς
924 1079 1229 1149 προφήταις
1261 1073 1352 1128 τοῦ
1388 1066 1754 1143 Δημιουργοῦ,

154 1174 292 1241 οὐχὶ
321 1173 418 1225 καὶ
450 1172 628 1224 πλεῖόν
657 1187 708 1222 τι
739 1172 874 1240 ἐρεῖ,
910 1167 1060 1237 παρὰ
1099 1165 1196 1235 τὴν
1227 1167 1282 1218 ὲν
1317 1164 1392 1235 τῷ
1425 1161 1632 1230 Τιμαίῳ
1660 1157 1754 1212 τοῦ

205 1265 294 1328 ιὸς
323 1262 692 1335 δημηγορίαν;
724 1261 796 1314 Τὸ
825 1261 933 1334 γὰρ
959 1257 1358 1332 χαρακτηρίζον
1388 1255 1484 1326 τὴν
1515 1252 1756 1322 Θεότητα

156 1357 194 1426 ἡ
238 1357 373 1427 περὶ
415 1353 714 1426 μελλόντων
760 1355 906 1407 ἐστὶν
933 1351 1259 1420 ἀπαγγελία,
1294 1349 1354 1401 οὑ
1395 1347 1511 1401 κατ’
1549 1344 1758 1415 ἀνθίω-

160 1449 338 1518 πίνην
381 1448 539 1516 φύσιν
568 1447 898 1518 λεγομένων,
929 1447 1022 1498 καὶ
1053 1447 1173 1507 ταῖς
1203 1443 1460 1496 ὲκϐάσεσι
1505 1437 1758 1511 κρινομέ-

156 1559 300 1602 νων,
337 1541 424 1592 ὃτι
458 1539 596 1591 θεῖον
627 1539 852 1609 Πνεῦμα
879 1533 946 1609 ἦν
978 1538 1038 1590 τὸ
1069 1535 1240 1589 ταῦτα
1280 1532 1643 1603 ἀπαγγέλλοι).
1679 1530 1754 1583 Ού

158 1630 307 1702 πρὸς
355 1631 532 1683 πάντα
574 1626 666 1685 οῦν
714 1631 804 1682 τὸν
840 1629 1130 1700 προσιόντα
1180 1627 1379 1698 φαμὲν,
1428 1626 1509 1678 ὅτι
1545 1625 1758 1698 πρῶτον

162 1722 489 1784 πίστευσον,
513 1724 570 1777 ὃν
593 1722 918 1794 εἰσηγοῦμαί
951 1739 1051 1789 σοι,
1077 1720 1265 1774 τοῦτον
1293 1717 1428 1773 εἶναι
1451 1718 1576 1770 Υίὸν
1599 1716 1754 1769 Θεοῦ·

158 1811 284 1864 ἀλλ’
321 1813 539 1883 ἑκάστῳ
581 1811 721 1865 κατὰ
752 1811 812 1864 τὸ
849 1811 1057 1883 πρέπον
1092 1809 1253 1863 αὑτοῦ
1288 1808 1364 1879 τῷ
1406 1808 1525 1880 ἦθει
1563 1809 1653 1860 καὶ
1691 1809 1756 1878 τῇ

160 1905 507 1958 καταστάσει
542 1903 888 1975 προσάγομεν
909 1904 999 1956 τὸν
1026 1903 1184 1971 λόγον
1205 1919 1219 1932 °
1253 1901 1512 1972 μαθόντες
1545 1899 1758 1962 εἰδέναι,

169 2014 186 2045 ι
234 1995 361 2059 πῶς
382 1996 462 2048 δεῖ
492 1997 641 2067 ἡμᾶς
666 1997 743 2047 ἐνὶ
775 1995 990 2065 ἑκάστῳ
1023 1993 1408 2067 ἀποκρίνεσθαι
1429 1993 1560 2062 (2‘12).
1606 2011 1623 2042 ι
1660 1990 1764 2044 Καί

159 2087 332 2151 εἰσιν,
366 2084 449 2152 οἷς
485 2087 664 2140 πλεῖον
700 2087 773 2158 μὴ
799 2087 1118 2156 δυναμένοις
1147 2084 1241 2138 τοῦ
1276 2085 1656 2156 προτραπῆναι
1685 2083 1765 2146 είς

159 2178 226 2231 τὸ
269 2180 554 2232 πιστεύειν
598 2178 755 2232 τοῦτο
796 2178 1172 2250 κηρύττομεν·
1217 2177 1396 2242 ἄλλοις
1428 2178 1502 2240 δὲ,
1538 2179 1635 2249 ὅση
1677 2176 1766 2229 δύ-

159 2287 363 2341 ναμις,
409 2270 801 2334 ἀποδεικτικῶς
834 2271 901 2324 δι’
937 2272 1259 2344 ἐρωτήσεων
1290 2271 1383 2324 καὶ
1422 2269 1765 2340 ἀποκρίσεων

160 2362 614 2433 προσερχόμεθα.
663 2362 800 2414 Ἀλλ’
849 2361 970 2414 οὐδὲ
1012 2361 1246 2432 λέγομεν
1287 2363 1347 2415 τὸ
1396 2361 1530 2433 μετὰ
1569 2359 1765 2430 χλεύης

159 2454 278 2508 ὑπὸ
312 2454 408 2507 τοῦ
433 2455 638 2509 Κέλσου
676 2454 985 2526 εἰρημένον,
1020 2455 1124 2517 ὅτι,
1166 2474 1184 2506 ‹
1216 2455 1532 2517 Πίστευσον,
1564 2451 1623 2506 ὃν
1656 2455 1765 2505 εἰσ-

157 2545 420 2616 ηγοῦμαί
462 2563 564 2613 σοι,
615 2546 800 2599 τοῦτον
847 2541 986 2599 εἶναι
1036 2546 1165 2598 Υἱὸν
1209 2545 1366 2611 Θεοῦ,
1411 2541 1577 2617 κεινῇ
1623 2544 1765 2596 δεδε-

161 2639 337 2708 μένος
370 2639 690 2708 ἀτιμότατα,
719 2637 752 2709 ἦ
779 2639 1182 2709 κεκολασμένος
1212 2638 1483 2708 αἴσχιστα,
1510 2635 1609 2688 κᾶν
1637 2636 1762 2705 χθὲς

159 2732 260 2784 καὶ
299 2730 494 2802 πρώην
520 2733 575 2783 ὲν
602 2733 713 2793 τοῖς
743 2731 960 2784 πάντων
979 2729 1274 2800 ὀφθαλμοῖς
1299 2727 1763 2802 ἐπονειδιστότατα

157 2822 660 2893 κεκαλινδημένοςο
703 2843 720 2874 ι
758 2821 878 2874 οὐδέ
915 2839 1115 2893 φαμενο
1164 2841 1182 2872 ι
1222 2794 1408 2892 Ταύτῇ
1439 2819 1532 2872 καὶ
1567 2817 1765 2888 μᾶλλον

159 2915 500 2964 πίστευσον
541 2933 558 2963 ι
594 2915 673 2975 εἰς
705 2915 936 2965 ἕκαστον
971 2913 1080 2983 γὰρ
1112 2912 1426 2981 πειρώμεθα
1460 2909 1638 2976 λέγειν
1673 2909 1765 2962 καὶ

157 3004 400 3057 πλείονα
427 2996 501 3056 ὧν
535 3006 591 3057 ὲν
623 3007 733 3069 τοῖς
757 3004 1014 3075 ἀνωτέρω
1047 3003 1360 3074 ἐξεθέμεθα.

230 3091 403 3145 Μετὰ
430 3091 604 3144 ταῦτά
634 3109 794 3164 φησιν
826 3095 854 3146 6
889 3092 1114 3155 Κέλσος,
1159 3093 1262 3155 ὅτι,
1297 3111 1314 3142 ι
1364 3090 1490 3145 Ἐὰν
1521 3091 1626 3144 οἵδε
1665 3092 1763 3163 μὲν

158 3184 385 3253 (λέγων
425 3184 813 3256 Χριστιανούς)
847 3184 1177 3255 είσηγῶνται
1212 3183 1382 3245 τόνδε,
1410 3183 1558 3236 ἄλλοι
1582 3183 1638 3235 δὲ
1672 3183 1765 3238 ἄλ-

157 3275 283 3339 λον,
303 3275 481 3329 κοινὸν
506 3276 561 3328 δὲ
590 3277 806 3329 πάντων
827 3276 859 3345 ἢ
882 3278 973 3330 καὶ
1004 3277 1292 3348 πρόχειρον
1363 3273 1498 3344 ('25).
1536 3275 1765 3328 Πίστευ-

160 3385 288 3431 σον,
323 3369 374 3420 εί
408 3367 644 3438 σωθῆναι
685 3366 880 3431 θέλεις,
917 3367 950 3438 ἢ
994 3369 1181 3422 ἄπιθι·
1227 3389 1243 3419 ι
1283 3369 1335 3422 τί
1364 3370 1681 3440 ποιήσουσιν
1712 3371 1760 3423 οἱ

157 3460 393 3532 ἀληθῶς
426 3459 691 3525 σώζεσθαι
723 3460 996 3523 θέλοντες;
1035 3461 1104 3512 ’Ἡ
1136 3459 1332 3522 κύϐους
1363 3457 1762 3530 ἀναρρίψαντες

161 3551 586 3622 μαντεύσονται,
611 3555 703 3605 ποῖ
724 3552 1058 3625 τράπωνται,
1084 3553 1176 3604 καὶ
1196 3551 1304 3604 τίσι
1331 3550 1703 3621 προσθῶνταις
1737 3569 1753 3601 ι

157 3646 282 3698 Καὶ
317 3644 457 3715 πρὸς
484 3643 640 3698 τοῦτο
659 3645 713 3697 δὲ
733 3645 840 3697 ἀπὸ
857 3644 958 3716 τῆς
985 3645 1272 3715 ἐναργείας
1303 3644 1414 3715 (⁸24)
1443 3643 1753 3715 ὁρμώμενοι

157 3737 349 3792 ταῦτα
391 3739 650 3809 φήσομεν·
709 3739 771 3790 Εἰ
831 3739 927 3808 μὲν
979 3737 1197 3801 πλείους
1239 3733 1399 3807 ἦσαν,
1442 3738 1640 3808 ὁμοίως
1673 3737 1750 3808 τῷ

171 3827 364 3898 Ἰησοῦ
396 3827 766 3900 ἱστορούμενοι
799 3827 876 3898 τῷ
909 3827 1009 3899 βίῳ
1040 3827 1146 3880 τῶν
1174 3828 1474 3900 ἀνθρώπων
1509 3829 1753 3899 ἐπιδεδη-

162 3918 436 3990 μηκέναι,
463 3919 534 3982 ὡς
563 3921 668 3972 υἱοὶ
701 3919 855 3982 Θεοῦ,
893 3920 986 3973 καὶ
1017 3919 1247 3983 ἕκαστος
1278 3922 1456 3973 αὐτῶν
1486 3922 1755 3992 περισπά-

159 4029 267 4074 σας
294 4010 408 4080 (:25)
441 4011 591 4074 τινὰς
621 4014 698 4076 εἰς
730 4013 912 4075 αὑτὸν,
945 4011 1070 4065 ὥστ’
1105 4014 1449 4083 ἀμφήριστον
1476 4008 1632 4074 εἶναι,
1664 4013 1754 4067 διὰ

155 4107 264 4175 τὴν
310 4105 602 4174 ὁμοιότητα
639 4105 738 4175 τῆς
781 4107 1111 4175 ἐπαγγελίας
1155 4105 1405 4174 περὶτοῦ
1450 4107 1576 4160 Υἱὺν
1615 4102 1752 4160 εἶναι

158 4195 326 4258 Θεοῦ,
357 4195 449 4248 τὸν
471 4195 574 4248 ὑπὸ
599 4196 704 4249 τῶν
728 4197 1092 4250 πιστευόντων
1115 4197 1263 4268 αύτῷ
1288 4198 1750 4269 μαρτυρούμενον

162 4287 357 4357 χώραν
389 4287 454 4340 ἂν
481 4283 594 4358 εἶχε
617 4290 697 4350 τὸ,
740 4309 756 4340 ι
807 4290 931 4341 Ἐὰν
957 4290 1063 4342 οἵδε
1097 4290 1195 4360 μὲν
1225 4290 1555 4361 εἰσηγῶνται
1589 4291 1759 4359 τόνδε,

1859 607 1973 662 lucc
2001 605 2055 657 in
2083 601 2278 654 Tima'o
2317 596 2586 650 dicentem
2629 589 2798 655 facit;
2837 607 2856 640 σ
2901 589 2982 644 Dii
3016 589 3264 655 deorum,
3295 605 3435 659 quo-

1859 713 1977 752 rum
2031 709 2130 765 ego
2179 690 2429 747 conditor
2478 699 2596 740 sum
2648 691 2705 737 et
2747 689 2924 752 paler,
2962 701 2980 733 ι
3013 690 3121 736 etc.
3149 679 3216 734 At
3243 683 3286 736 si
3319 682 3434 738 [nec

1858 789 2075 846 defendi
2132 792 2358 857 possunt
2406 787 2628 852 propter
2678 776 3002 831 sententiam
3055 775 3435 832 concionantis

1859 885 2000 955 apud
2035 882 2318 936 Platonem
2353 874 2532 930 Jovis:
2559 886 2656 926 cur
2681 870 2774 941 qui
2805 879 3042 925 mentem
3069 884 3257 924 eorum
3313 887 3435 940 qua;

1861 977 1952 1033 De;
1986 974 2153 1028 Filius
2219 978 2312 1023 aut
2339 967 2564 1022 Crcalor
2596 966 2647 1019 in
2677 963 2954 1034 prophetis
2979 962 3234 1016 dixerunt
3282 963 3434 1018 iuve-

1859 1061 2255 1136 stigaverit,is
2310 1071 2415 1112 non
2472 1055 2626 1124 plura
2675 1053 2838 1114 dicet,
2905 1066 3066 1120 quam
3118 1047 3328 1120 Jupiter
3382 1053 3434 1106 in

1863 1157 2059 1211 Timrro
2085 1157 2109 1210 ?
2137 1151 2270 1206 Nam
2303 1147 2521 1218 propria
2547 1142 2845 1198 divinitatis
2881 1149 3002 1194 uota
3027 1153 3134 1206 est,
3164 1157 3250 1195 res
3291 1140 3438 1193 futu.

1861 1262 1950 1301 ras
1991 1247 2063 1300 ita
2097 1241 2412 1315 prasdicere,
2458 1247 2518 1290 ut
2552 1232 2876 1304 pra-dicendi
2907 1231 3048 1286 ratio
3079 1231 3222 1285 vires
3247 1230 3439 1284 huma-

1859 1355 1958 1394 nas
1987 1345 2230 1408 superet,
2251 1342 2385 1388 ctex
2410 1337 2604 1385 eventu
2626 1327 2898 1397 judicelur
2919 1323 3158 1377 divinum
3177 1322 3438 1392 Spiritum

1860 1444 1983 1486 esse
2019 1423 2392 1498 przedictionis
2423 1429 2726 1477 auctorem.
2779 1415 2895 1470 Non
2942 1416 3107 1484 igitur
3136 1416 3446 1483 cuicunque

1861 1523 1926 1576 ad
1955 1536 2055 1576 nos
2109 1517 2386 1574 accedenti
2445 1511 2814 1582 prmeipimus,
2863 1516 2924 1560 nt
2968 1505 3202 1576 primum
3259 1507 3447 1560 credat

1859 1632 2024 1686 quem
2058 1614 2130 1668 illi
2156 1613 2533 1684 proponimus,
2567 1622 2687 1662 eum
2714 1621 2837 1658 esse
2871 1603 2964 1658 Dei
2992 1603 3186 1656 Filium
3218 1621 3233 1657 :
3265 1603 3359 1658 sed
3393 1605 3445 1656 in

1865 1707 2128 1762 tradenda
2161 1714 2346 1760 nostra
2391 1701 2640 1758 doctrina
2687 1697 2952 1752 habemus
2995 1695 3284 1760 rationem,
3327 1695 3448 1764 qui-

1863 1803 1963 1854 bus
1989 1801 2219 1868 quisque
2245 1797 2314 1852 sit
2348 1795 2616 1854 moribus,
2670 1800 2725 1844 et
2761 1789 3035 1857 quomodo
3080 1787 3305 1843 aﬂ‘ectus
3353 1787 3443 1842 sit.

1795 1872 1834 1926 Β
1873 1893 2084 1948 Etenim
2120 1890 2262 1945 scire
2308 1885 2618 1948 didicimus,
2657 1901 2676 1936 ι
2730 1882 3004 1953 q’nomodo
3051 1895 3149 1935 nos
3200 1888 3450 1950 oporteat

1874 1985 2164 2052 unicuique
2194 1980 2526 2050 respondere
2555 1977 2621 2030 ¹¹.
2651 1995 2670 2030 ι
2693 1975 2827 2029 Sunt
2851 1975 3094 2045 quidem,
3129 1987 3287 2042 quos,
3325 1987 3448 2026 cum

1872 2078 2007 2131 nihil
2045 2075 2217 2144 magis
2249 2073 2479 2144 possint,
2512 2069 2578 2124 ad
2619 2068 2953 2123 credendum
2993 2069 3309 2131 hortemur;
3353 2067 3449 2120 sed

1874 2171 2034 2236 alios,
2067 2177 2330 2238 quantmn
2364 2165 2515 2230 licet,
2543 2160 3064 2230 interrogationibus
3095 2168 3148 2215 et
3175 2159 3454 2228 responsis

1874 2261 2285 2332 persuademus.
2313 2255 2425 2310 Nec
2471 2255 2727 2318 dicimus,
2773 2255 2822 2307 id
2850 2253 2995 2321 quod
3036 2253 3194 2306 nobis
3226 2261 3455 2322 nugator

1874 2356 1965 2410 ille
2013 2353 2233 2408 tribuit:
2270 2369 2288 2402 ‹
2325 2350 2499 2404 Crede
2529 2363 2677 2410 eum,
2710 2347 2774 2400 dc
2807 2360 2915 2416 quo
2943 2345 3036 2399 tibi
3086 2343 3302 2413 loquor,
3332 2359 3455 2400 esse

1875 2447 1965 2503 Dei
2013 2446 2231 2510 Filium,
2286 2439 2540 2512 quamvis
2601 2438 2765 2492 fuerit
2816 2436 3172 2507 ignominiosa
3207 2436 3454 2499 vinctus,

1873 2548 1967 2592 aut
1990 2538 2128 2607 turpi
2153 2535 2381 2588 allectus
2407 2531 2707 2600 supplicio;
2736 2528 2988 2598 quamvis
3015 2527 3134 2582 heri
3165 2536 3219 2581 et
3260 2526 3455 2580 nudius

1874 2631 2068 2685 tertius
2127 2628 2179 2682 in
2232 2627 2406 2682 oculis
2461 2625 2701 2678 omnium
2767 2621 3188 2691 probrosissime
3239 2619 3457 2674 habitus

1871 2724 1960 2778 sit.
2004 2740 2021 2772 ι
2068 2720 2254 2789 Neque
2285 2719 2544 2772 dicimus:
2587 2735 2604 2768 ι
2643 2715 2724 2771 01)
2754 2717 2858 2770 hoc
2887 2714 3062 2783 ipsum
3113 2711 3286 2780 magis
3330 2725 3454 2765 cre-

1871 2814 1960 2868 de.
1995 2833 2014 2864 ι
2074 2811 2207 2864 Nam
2243 2811 2308 2864 de
2335 2807 2566 2877 singulis
2597 2809 2756 2862 rebus
2787 2806 2938 2875 plura
2967 2820 3234 2858 conamur
3287 2819 3454 2874 argu—

1872 2914 2054 2960 menta
2092 2903 2310 2969 alierre,
2351 2916 2512 2971 quam
2546 2914 2712 2970 supra
2747 2896 3114 2969 exposuimus.

1943 3089 2032 3144 ii.
2083 3088 2276 3144 Postea
2317 3086 2507 3140 Celsus
2565 3081 2630 3137 de
2677 3079 3008 3136 Christianis
3054 3077 3135 3132 sic
3191 3075 3300 3130 ait:
3336 3093 3354 3126 ι
3399 3073 3458 3129 Si

1875 3185 2018 3241 hunc
2043 3183 2130 3238 alii
2151 3188 2476 3254 proponunt,
2503 3176 2592 3231 aiii
2613 3175 2801 3238 alium,
2827 3186 3015 3228 oumes
3039 3180 3218 3225 tamen
3252 3168 3456 3233 dicunt,

1873 3281 1924 3334 id
1959 3280 2099 3349 quod
2139 3278 2191 3330 iu
2219 3282 2468 3346 promptu
2503 3284 2618 3327 est:
2648 3269 2844 3332 Crede,
2874 3268 2918 3323 si
2942 3266 3124 3322 salvus
3154 3265 3268 3318 ﬁeri
3303 3262 3457 3325 velis,

1872 3383 1963 3426 aut
1998 3371 2118 3436 abi;
2155 3372 2278 3438 quid
2313 3368 2514 3422 facient
2558 3369 2617 3432 ii,
2655 3365 2747 3436 qni
2780 3376 2908 3416 vere
2938 3359 3165 3415 salutem
3197 3355 3456 3426 consequi

1869 3462 2099 3518 volunt?
2142 3461 2277 3516 Num
2329 3471 2658 3515 tesserarum
2691 3458 2842 3525 jactu
2894 3454 3193 3511 sortientur
3252 3465 3361 3518 quo
3400 3465 3460 3502 se

1868 3565 2101 3619 vertere,
2131 3570 2268 3623 quos
2290 3555 2443 3624 sequi
2473 3553 2736 3609 debeant?
2763 3571 2779 3604 ι
2806 3551 2886 3606 Ad
2916 3550 3033 3604 haec
3073 3547 3151 3602 rei
3184 3541 3459 3600 evidentia

1861 3649 2088 3717 permoti
2114 3648 2593 3716 respondebimus:
2636 3647 2692 3701 Si
2729 3647 2913 3716 plures
2938 3649 3123 3697 essent
3169 3652 3307 3709 quos
3335 3649 3460 3702 per-

1859 3739 1986 3794 inde
2017 3755 2078 3792 ac
2113 3737 2296 3792 Jesum
2329 3738 2382 3792 in
2412 3741 2548 3794 hanc
2579 3740 2740 3793 vitam
2777 3737 2988 3792 venisse
3047 3744 3106 3786 ut
3141 3732 3286 3786 ﬁlios
3356 3728 3458 3783 Dei

1861 3833 2079 3902 sibique
2122 3843 2424 3886 sectatores
2455 3833 2718 3886 ascivisse
2747 3829 3044 3901 proderent
3093 3823 3353 3886 historiae,
3390 3821 3460 3873 ita

1862 3927 2214 3980 utincertum
2251 3936 2394 3980 esset
2429 3925 2724 3979 discrimen
2753 3932 3060 3993 propterea
3109 3918 3252 3988 quod
3296 3929 3467 3969 unus-

1859 4019 2089 4087 quisque
2102 4032 2288 4071 eorum
2309 4033 2366 4072 se
2382 4019 2585 4087 pariter
2610 4017 2804 4070 Filium
2825 4030 2948 4069 esse
2970 4012 3061 4066 Dei
3092 4009 3460 4079 polliceretur,

1861 4111 1946 4193 cui
1985 4111 2080 4175 illi,
2140 4112 2230 4180 qui
2272 4112 2587 4176 crederent,
2640 4109 2992 4180 perltibercnt
3065 4102 3461 4160 testimonium,

1869 4203 2021 4258 locus
2069 4203 2210 4258 foret
2251 4206 2336 4258 his
2383 4207 2607 4258 verbis:
2651 4221 2669 4253 ι
2708 4202 2861 4256 Ι·Ιιιιιρ
2898 4201 2944 4254 si
2990 4199 3081 4253 alii
3129 4202 3462 4266 proponunt,

1870 4297 1958 4350 alii
1985 4299 2149 4352 alium
2175 4316 2187 4362 ;
2217 4315 2406 4353 Omnes
2435 4311 2616 4354 tamen
2643 4300 2853 4361 dicunt,
2877 4299 2928 4351 id
2957 4295 3100 4366 quod
3129 4295 3180 4348 in
3208 4300 3462 4362 promptu

160 4381 320 4434 ἄλλοι
357 4381 416 4435 δὲ
446 4381 625 4445 ἄλλον,
659 4383 750 4434 καὶ
783 4382 960 4434 κοινὸν
1004 4381 1061 4434 δὲ
1095 4382 1314 4434 πάντων
1348 4381 1380 4452 ἢ
1413 4383 1506 4435 καὶ
1538 4383 1757 4454 πρόχει-

1871 4403 1983 4448 est:
2010 4393 2205 4457 Crede,
2239 4394 2282 4447 si
2309 4394 2493 4448 salvus
2518 4395 2631 4447 ﬁeri
2660 4393 2815 4457 velis,
2849 4400 2941 4444 aut
2975 4391 3083 4452 abi,
3122 4407 3138 4439 ι
3174 4399 3274 4441 etc.
3309 4385 3463 4439 Nunc

162 4489 296 4543 ρον·
400 4472 716 4538 Πίστευσον,
753 4476 800 4526 εἰ
835 4473 1073 4544 σωθῆναι
1107 4473 1302 4539 θέλεις,
1337 4475 1370 4545 ἢ
1403 4473 1580 4541 ἄπιθι,
1616 4493 1634 4526 ι
1670 4477 1762 4528 καὶ

159 4565 232 4618 τὰ
279 4565 438 4634 ἑξῆς·
477 4567 594 4620 νυνὶ
624 4567 679 4620 δὲ
720 4569 798 4630 εἰς
834 4569 1011 4620 πᾶσαν
1043 4567 1141 4639 τὴν
1185 4567 1512 4638 οἰκουμένην
1553 4567 1763 4639 Ἰησοῦς

162 4659 534 4729 κεκήρυκται,
587 4651 931 4730 ἐπιδημήσας
978 4658 1056 4730 τῷ
1105 4659 1251 4727 γένει
1299 4657 1407 4712 τῶν
1456 4658 1762 4730 ἀνθρώπων

167 4749 334 4819 μόνος
361 4749 490 4812 Υἱὸς
513 4749 668 4803 Θεοῦ.
714 4751 776 4804 Οἱ
804 4751 912 4823 γὰρ
957 4750 1159 4822 ὁμοίως
1190 4751 1382 4823 Κέλσῳ
1403 4752 1765 4818 ὑπολαϐόντες

159 4843 375 4913 ὁμοίως
395 4841 814 4913 τετερατεῦσθαι
837 4843 970 4914 (‘26),
1000 4844 1095 4896 καὶ
1119 4843 1206 4896 διὰ
1228 4843 1386 4897 τοῦτο
1408 4843 1762 4917 βουληθέντες

159 4934 625 5006 τερατεύσασθαι,
658 4935 732 4998 ὡς
777 4935 871 4989 καί
918 4934 1073 4988 αὐτοὶ
1120 4935 1518 5006 παραπλησίως
1554 4939 1758 5009 κρατή-

164 5042 356 5089 σοντες
389 5025 496 5079 τῶν
539 5025 863 5097 ἀνθρώπων,
905 5025 965 5079 τὸ
995 5025 1150 5080 οὐδὲν
1179 5023 1317 5079 εἶναι
1358 5026 1755 5100 ἐξηλέχθησαν·

162 5119 354 5188 Σίμων
388 5135 445 5172 τε
474 5120 501 5172 6
527 5119 816 5190 Σαμαρεὺς
845 5117 956 5188 (Ἦ)
983 5118 1176 5189 μάγος,
1209 5120 1304 5172 καὶ
1332 5120 1582 5184 Δοσίθεος
1605 5122 1633 5173 6
1654 5122 1761 5175 ἀπὸ

243 5260 286 5293 ⁸⁸
312 5259 522 5316 Coloss.
551 5276 626 5327 ιν,
657 5261 708 5315 6.

405 5399 535 5474 Θεοί
566 5403 736 5459 θεῶν.
770 5401 926 5459 Plato
956 5405 1008 5457 in
1044 5403 1263 5470 Timmo,
1301 5422 1422 5474 pag.
1452 5406 1539 5462 4|.

239 5470 494 5551 (22).§ic
542 5483 847 5551 rectemss.
893 5474 1238 5551 "resciit-lius
1282 5470 1458 5551 autem
1495 5489 1550 5534 et
1587 5479 1763 5551 Spen-

161 5555 352 5617 Ct'rgg.
380 5540 452 5617 δῇ
471 5541 620 5617 ᾐμᾶς
649 5544 729 5617 ἐνὶ
754 5545 968 5617 ὲκᾷστῳ
997 5545 1416 5617 ἀποκρίνασθαι.

239 5609 360 5679 (25)
400 5608 650 5684 [giretur
684 5614 722 5684 ἢ
756 5615 850 5667 καὶ
886 5608 1225 5684 πρὀειρὲν.
1257 5619 1572 5676 liohercllus
1607 5622 1729 5684 legit

163 5675 455 5764 τάξεων-ᾗ
490 5683 583 5764 καί
610 5665 1137 5764 πρόβῳονίώῗιμδι
1174 5692 1331 5756 paulo
1365 5692 1523 5744 intra.
1659 5665 1687 5694 ο
1744 5666 1755 5687 ’

405 5737 750 5826 [i'tnsclielius
770 5737 822 5808 ni
860 5737 1003 5826 te'xtﬂu

399 5823 806 5891 Περισπιίσας.
860 5813 1156 5883 ΒυΙιυιυΗιί
1182 5813 1470 5898 iegeudnm
1514 5832 1748 5899 videtur,

163 5890 529 5954 περιέσπασε.

1871 4497 2051 4539 autem
2085 4487 2437 4557 6381ρειιε
2490 4487 2637 4541 solus
2680 4496 2786 4550 est,
2815 4485 2905 4553 qui
2945 4492 3002 4536 ut
3041 4481 3211 4536 Filius
3245 4479 3334 4534 Dei
3367 4492 3462 4546 per

1873 4586 2142 4631 terrarum
2174 4578 2361 4631 orbem
2409 4577 2460 4630 in
2499 4579 2639 4631 hanc
2672 4576 2838 4628 vitam
2871 4573 3085 4627 venisse
3116 4569 3458 4640 prmdicetur.

1871 4667 2005 4723 Nam
2035 4669 2126 4738 qui
2162 4669 2280 4724 ha'c
2323 4669 2670 4740 prottigiosis,
2707 4677 2767 4722 ut
2799 4665 3010 4728 Celsus,
3037 4663 3341 4717 tribuentes
3372 4673 3463 4712 ar—

1874 4761 2042 4826 tibus,
2067 4760 2265 4814 similia
2298 4761 2544 4830 prodigia
2583 4761 2768 4816 facere
2803 4759 2985 4815 conati
3023 4765 3172 4820 sunt,
3225 4763 3282 4807 ut
3314 4767 3463 4806 eam-

1871 4852 1991 4906 detn
2047 4853 2147 4905 sibi
2179 4856 2322 4922 apud
2386 4853 2636 4908 homines
2671 4853 3024 4907 conciliarent
3055 4847 3458 4908 auctoritatem,

1869 4956 1961 4994 cos
1996 4943 2146 4996 nihili
2184 4942 2463 4999 faciendos
2494 4959 2616 5000 esse
2648 4953 2988 5013 compertqu
3015 4950 3126 4996 est:
3149 4936 3457 5008 cnjusmodi

1871 5030 2092 5088 fuerunt
2143 5035 2330 5090 Simon
2377 5037 2762 5094 Samaritanus
2811 5050 3022 5106 magus,
3070 5043 3124 5086 et
3172 5029 3461 5084 Dositheus

1869 5124 2110 5194 ejusdem
2155 5144 2218 5184 ac
2249 5129 2338 5185 ille
2372 5130 2633 5200 regionis.
2671 5129 2762 5185 ille
2793 5144 2852 5185 se
2885 5127 3100 5184 dicebat
3145 5139 3267 5180 esse
3305 5140 3324 5173 ι
3365 5119 3459 5177 Dei

1944 5414 2058 5480 (26)
2112 5410 2349 5482 Ὁμοίως
2407 5410 2883 5482 τετερατεῦσθαι.
2929 5405 3055 5482 Dele
3103 5417 3226 5482 eum
3281 5401 3459 5482 Balte-

1865 5484 1998 5538 rello
2043 5474 2190 5537 istud
2222 5474 2426 5553 ὁμοίως
2472 5474 2657 5536 ιιιιίιιιιι
2691 5497 2755 5534 ex
2791 5481 2974 5553 altero
3011 5474 3214 5553 ὁμοίως
3261 5474 3452 5553 priori;

1863 5553 1924 5678 i‘il
1969 5556 2107 5634 forte
2148 5540 2293 5608 aliud
2325 5540 2453 5623 quid
2484 5553 2781 5617 exciderit,
2825 5549 2977 5603 verbi
3028 5540 3200 5616 gratia
3240 5542 3311 5596 τὰ
3361 5540 3459 5596 τοῦ

1914 5642 2071 5678 mou.

1873 5624 2071 5680 Ἰησοῦ.

1935 5665 2287 5761 ίῇῑΣιξμων
2321 5711 2381 5747 τε
2412 5696 2442 5746 ὁ
2476 5693 2806 5762 Στιμίιί-ειῖος,
2844 5699 2952 5744 etc.
2987 5682 3450 5762 De_SiI_no.l_te..-_Si-

1859 5754 2456 5825 "tertianis."Dositheo,
2490 5754 2856 5824 litisttiieatiis,
2889 5770 2944 5814 et
2973 5761 3039 5812 de
3066 5756 3203 5810 .lutla
3228 5754 3455 5812 Galilm

1855 5838 1976 5892 vide
2002 5853 2121 5906 quae
2153 5838 2309 5892 habet
2341 5835 2606 5904 Origenes
2637 5847 2799 5904 supra
2829 5831 2923 5886 lib.
2956 5847 2996 5897 I,
3028 5845 3080 5882 ιι.
3108 5828 3196 5882 57.
