3840 6412
498 342 641 400 1507

1982 341 2307 399 ORIGENIS

3593 341 3699 400 l308

494 468 772 524 Vll‘llllell'l,
802 459 1237 531 quam.vocabat
1267 473 1521 531 magnam
1550 461 1630 528 “;
1665 477 1686 514 ι
1710 460 1799 516 hic
1829 475 1960 516 vero
2009 475 2055 516 st

2169 459 2267 531 τῆς
2286 459 2456 530 αὐτῆς
2485 455 2668 528 χώρας
2693 456 2884 528 ἐκείνῳ
2911 455 3221 529 τυγχάνων·
3249 455 3370 510 ἐπεὶ
3410 461 3437 512 6
3471 457 3562 528 μὲν
3597 459 3700 530 ἔφα.

492 549 667 620 lpsum
724 549 817 605 Dei
859 550 1058 616 lilium;
1092 559 1268 606 tamen
1311 567 1577 622 nusquam
1610 552 1848 620 gentium
1882 554 2066 608 viden-

495 649 586 694 tur
609 655 752 696 nunc
788 640 1092 695 Simoniani
1121 658 1134 695 :
1161 655 1472 712 quanquam
1506 643 1691 698 Simon
1735 644 1972 713 quidem,
2010 654 2066 699 ut

492 729 676 799 plures
718 731 786 784 ad
844 747 904 788 se
953 730 1296 802 adjungeret,
1367 734 1558 790 mortis
1609 735 1871 805 periculo,
1921 738 2065 806 quod

489 820 786 877 Christiani
843 824 1027 879 subire
1079 825 1220 880 docti
1277 824 1530 893 fuerant,
1588 843 1716 883 suos
1768 829 2065 898 discipulos

490 911 838 980 liberaverit;
880 917 1148 986 siquidem
1179 919 1400 974 doceret
1429 919 1785 974 idololatriam
1813 936 1924 976 rem
1947 937 2066 978 esse

489 1019 591 1060 nec
609 1003 806 1060 bonam
850 1023 951 1064 nec
987 1009 1205 1068 malam.
1249 1010 1436 1077 Neque
1461 1012 1626 1066 etiam
1679 1013 1832 1068 initio
1866 1023 2069 1082 parata:

491 1104 624 1150 sunt
655 1095 990 1154 Simonianis
1017 1101 1246 1157 insidiae.
1272 1103 1508 1158 Noverat
1534 1105 1677 1158 enim
1718 1107 1923 1160 daemon
1954 1105 2062 1169 ille,

487 1187 579 1257 qui
611 1189 873 1246 doctrinae
898 1189 1026 1246 Jesn
1060 1194 1438 1262 insidiabatur,
1462 1197 1595 1251 nihil
1619 1212 1677 1252 sc
1708 1213 1774 1252 cx
1799 1198 2066 1266 dogmatis

487 1280 820 1339 Simonianis
872 1285 1189 1341 detrimenti
1224 1304 1534 1358 passurum.
1573 1291 1883 1346 Dositheaui
1938 1305 2066 1344 vero

487 1389 588 1429 nec
613 1375 847 1444 primum
876 1379 1166 1435 admodum
1216 1383 1526 1452 valuerunt,
1561 1395 1610 1441 et
1654 1402 1795 1441 nunc
1844 1387 2066 1442 omnino

483 1467 740 1523 exstincti
771 1479 920 1535 sunt,
951 1471 1029 1526 ita
1061 1483 1122 1528 ut
1153 1474 1243 1529 vix
1269 1476 1487 1546 triginta
1515 1479 1708 1548 reliqui
1761 1494 2066 1534 memoren-

487 1567 598 1612 tur.
624 1557 794 1615 Judas
820 1561 1096 1630 Galilmus,
1123 1575 1260 1622 teste
1290 1567 1436 1623 Luca
1480 1569 1532 1623 in
1583 1572 1812 1627 Actibus
1845 1583 2062 1642 aposto-

485 1648 683 1716 lorum,
709 1652 882 1707 voluit
911 1654 1094 1710 haberi
1131 1673 1365 1730 magnus
1405 1661 1626 1731 aliquis,
1663 1673 1719 1719 et
1747 1676 1872 1720 ante
1911 1666 2064 1722 illum

484 1741 735 1800 Theodas
763 1747 840 1814 ¹³,
889 1749 981 1803 sed
1027 1752 1287 1820 quoniam
1321 1769 1386 1808 ex
1421 1755 1530 1809 Deo
1555 1772 1659 1810 non
1691 1767 1810 1812 erat
1849 1759 2061 1814 illorum

2173 567 2300 604 σκεν
2316 545 2637 604 αύτὺνεῖναι
2681 567 2700 600 ‹
2735 548 2962 620 δύναμιν
3003 548 3162 614 Θεοῦ,
3200 569 3218 599 ›
3268 548 3362 620 τὴν
3403 548 3699 620 καλουμένην

2177 655 2196 689 ι
2237 637 2499 708 μεγάλην,
2538 657 2556 690 ι
2599 640 2628 692 6
2658 637 2734 702 δὲ,
2785 639 2877 691 καὶ
2923 639 3086 702 αὐτὸς
3129 639 3243 700 υῑὸς
3282 636 3374 691 τοῦ
3411 636 3552 690 Θεοῦ·
3583 639 3700 693 0:38a-

2175 729 2278 802 μοῦ
2310 732 2418 803 γὰρ
2453 731 2551 802 τῆς
2588 732 2913 804 οἰκουμένης
2938 733 3293 803 Σιμωνιανοι·
3339 733 3564 800 καίτοιγε
3589 734 3698 803 ὑπὲρ

2170 820 2263 874 τοῦ
2315 821 2563 885 πλείονας
2613 823 2990 892 ὑπαγαγέσθαι
3045 826 3074 878 6
3119 823 3299 894 Σίμων
3343 823 3430 876 τὸν
3476 821 3697 891 περὶτοῦ

2172 912 2400 966 Θανάτου
2437 914 2698 977 κίνδυνον,
2738 915 2796 968 ὃν
2830 916 3140 985 Χριστιανοὶ
3171 914 3436 985 αἱρεῖσθαι
3466 913 3698 982 ἐδιδάχθη-

2174 1022 2293 1070 σαν,
2345 1006 2585 1078 περιεῖλε
2631 1005 2740 1059 τῶν
2791 1005 3070 1077 μαθητῶν,
3126 1007 3488 1076 ἐναδιαφορεῖν
3538 1008 3699 1068 αὐτοὺς

2170 1099 2386 1164 διδάξας
2408 1102 2543 1172 πρὸς
2569 1100 2666 1172 τὴν
2693 1099 3134 1172 εἰδωλολατρείαν
3163 1100 3298 1170 (28).
3345 1100 3477 1153 Ἀλλ’
3503 1097 3606 1152 οὐδὲ
3621 1099 3698 1168 τὴν

2172 1190 2344 1262 ἀρχὴν
2377 1191 2702 1262 Σιμωνιανοὶ
2735 1191 3235 1263 ἐπεϐουλεύθησαν·
3273 1191 3386 1262 ⁴ᾔδει
3430 1190 3532 1260 γὰρ
3559 1192 3584 1242 6
3610 1193 3699 1242 ἐπι-

2173 1282 2441 1336 δουλεύων
2473 1283 2679 1354 δαίμων
2709 1285 2939 1357 πονηρὸς
2966 1287 3032 1355 τῇ
3066 1283 3163 1337 τοῦ
3207 1282 3380 1354 Ἰησοῦ
3408 1281 3694 1352 διδασκαλίᾳ,

2171 1371 2319 1424 ούδέν
2351 1371 2457 1424 τῶν
2506 1372 2652 1425 ἰδίων
2681 1373 3195 1444 παραλυθησόμενον
3243 1371 3483 1443 βούλημα
3522 1375 3578 1425 ἐκ
3613 1373 3695 1424 τῶν

2174 1463 2419 1532 Σίμωνος
2471 1462 2808 1534 μαθημάτων
2858 1465 2990 1534 (29).
3044 1465 3108 1516 Ol
3156 1464 3213 1517 δὲ
3261 1463 3556 1533 Δοσιθεηνοὶ
3603 1463 3696 1516 οὐδὲ

2173 1554 2433 1626 πρότερον
2463 1554 2718 1624 ἤκμασαν
2737 1571 2750 1584 ·
2785 1554 2878 1608 νῦν
2910 1555 2976 1626 δὴ
3015 1554 3291 1619 παντελῶς
3319 1554 3695 1617 ἐπιλελοίπασιν,

2173 1645 2314 1698 ὥστε
2343 1646 2433 1698 τὸν
2463 1646 2583 1698 ὅλον
2622 1645 2798 1698 αὐτῶν
2832 1645 3161 1718 ἱστορεῖσθαι
3195 1646 3445 1719 ἀριθμὸν.
3475 1647 3565 1699 οὐκ
3591 1641 3698 1698 εἶναι

2173 1741 2230 1791 ἐν
2269 1741 2382 1802 τοῖς
2408 1738 2725 1810 τριάκοντα.
2758 1739 2867 1792 Καὶ
2913 1739 3113 1802 Ἰούδας
3132 1737 3188 1790 δέ
3221 1741 3249 1791 6
3282 1737 3566 1802 Γαλιλαῖος,
3595 1736 3698 1799 ὡςό

485 1835 766 1900 doctrina.
800 1840 1003 1896 sublati
1037 1853 1185 1913 sunt,
1237 1855 1292 1901 et
1329 1863 1522 1902 onmes
1549 1850 1640 1918 qui
1667 1851 1961 1907 credebant
1987 1855 2055 1908 eis

2172 1831 2386 1892 Λουκᾶς
2431 1831 2489 1882 ἐν
2530 1832 2649 1894 ταῖς
2696 1831 2934 1902 Πράξεσι
2977 1831 3088 1884 τῶν
3125 1830 3435 1885 ἀποστόλων
3483 1829 3695 1901 ἔγραψεν,

482 1926 665 1981 subito
695 1929 943 2000 dissipati
977 1934 1218 1990 fuerunt.
1244 1935 1363 1991 Non
1391 1953 1524 2008 ergo
1554 1958 1573 1992 ι
1605 1941 2069 2012 tesserarumjac-

484 2027 538 2072 tu
557 2022 819 2074 sortimur
839 2038 948 2093 quo
965 2039 1062 2080 nos
1079 2035 1311 2093 vertere,
1332 2031 1416 2083 cui
1447 2045 1544 2084 nos
1585 2032 1836 2090 addicere
1868 2036 2067 2091 debea-

477 2129 621 2176 mus.
658 2133 676 2168 ι
704 2119 856 2184 quasi
880 2120 1038 2174 multi
1066 2132 1287 2190 possent
1306 2139 1403 2179 nos
1420 2123 1674 2180 allectare
1687 2126 1990 2195 pollicendo
2005 2145 2062 2184 se

476 2218 508 2258 α
539 2205 647 2260 Deo
671 2207 864 2266 missos
895 2211 960 2266 ad
989 2212 1234 2269 homines
1262 2213 1446 2270 fuisse.
1474 2215 1668 2272 Verum
1702 2217 1768 2272 de
1790 2218 1875 2273 bis
1900 2219 2056 2274 satis.

2173 1919 2441 1990 ἐϐουλήθη
2475 1920 2664 1972 ἐαυτὸν
2689 1937 2809 1972 τινα
2837 1919 3013 1973 εἰπεῖν
3050 1920 3246 1991 μέγαν,
3283 1919 3379 1972 καὶ
3409 1919 3508 1991 πρὸ
3530 1918 3697 1972 ἐκείνου

2173 2009 2396 2073 Θευδᾶς·
2433 2009 2548 2064 ἀλλ’
2578 2011 2698 2063 ἐπεὶ
2725 2010 2828 2063 οὐκ
2866 2005 2935 2081 ἦν
2968 2011 3033 2062 ἐκ
3077 2009 3214 2062 Θεοῦ
3247 2011 3422 2064 αὐτῶν
3462 2012 3494 2081 ἠ
3529 2008 3696 2079 διδαχὴ,

2170 2102 2535 2176 ἀνῃρέθησαν,
2571 2102 2663 2156 καὶ
2698 2103 2914 2166 πάντες,
2946 2103 3058 2155 ὅσοι
3092 2102 3369 2156 ἐπείθοντο
3409 2103 3590 2164 αὐτοῖς,
3620 2117 3697 2152 πα-

2169 2197 2426 2267 ραχρῆμα
2466 2195 2941 2266 διεσκεδάσθησαν.
2977 2195 3050 2247 Ού
3111 2195 3310 2259 κύϐους
3358 2191 3446 2248 οῦν
3479 2213 3495 2245 ι
3524 2193 3696 2262 ἀναῤῥι-

2169 2286 2433 2351 πτοῦντες
2489 2285 2886 2358 μαντευόμεθα,
2931 2287 3024 2337 ποῖ
3081 2284 3440 2358 τραπώμεθα,
3487 2283 3571 2337 καὶ
3617 2279 3696 2332 τίνι

477 2361 868 2436 προσθώμεθα,
911 2385 930 2418 ι
963 2367 1039 2432 ὡς
1069 2370 1384 2442 δυναμένων
1427 2375 1688 2429 πλειόνων
1726 2379 2062 2448 περισπᾶσαι
2122 2380 2270 2450 ἡμᾶς
2335 2383 2402 2452 τῇ
2477 2367 2778 2452 ἐπαγγελίᾳ
2821 2379 2916 2432 τοῦ
2949 2377 3131 2433 θεόθεν
3174 2374 3604 2447 ἐπιδεδημηκέναι
3640 2372 3696 2443 τῷ

475 2459 623 2528 γένει
652 2462 761 2516 τῶν
808 2464 1131 2536 ἀνθρώπων.
1199 2469 1359 2523 Ἀλλὰ
1405 2472 1511 2543 γὰρ
1554 2475 1647 2526 καὶ
1691 2474 1820 2544 περὶ
1859 2474 2064 2529 τούτων
2094 2475 2233 2540 ἃλις.

547 2553 639 2609 19..
677 2554 1018 2626 Quapropter
1043 2564 1385 2616 transeamus
1415 2565 1482 2618 ad
1516 2565 1678 2618 aliam
1713 2565 1854 2622 Celsi
1895 2581 2060 2622 accn-

477 2646 768 2709 salionetu.
801 2649 914 2718 qui,
951 2651 1077 2706 licet
1103 2663 1324 2710 nostras
1359 2655 1674 2726 Scripturas
1717 2673 1820 2713 non
1858 2659 2059 2713 intelli-

475 2746 588 2806 gat,
648 2741 742 2794 sed
780 2755 848 2795 ex
901 2757 1068 2812 prave
1124 2744 1354 2800 detortis
1413 2747 1700 2818 loquatur,
1765 2753 2060 2819 exprobrat

477 2838 683 2897 tamen,
723 2850 742 2884 ι
779 2835 924 2902 quod
958 2834 1203 2892 dicamus
1235 2837 1529 2892 humanam
1570 2841 1891 2910 sapientiam
1921 2842 2062 2912 apud

477 2921 644 2977 Deum
680 2939 801 2980 esse
833 2927 1158 2995 stultitiam;
1205 2947 1224 2981 ι
1269 2944 1390 2984 cum
1447 2940 1626 2987 tamen
1661 2933 1861 2988 Paulus
1892 2935 2061 3000 dicat,

478 3030 499 3064 σ
565 3015 889 3083 sapientiam
945 3019 1106 3088 hujus
1154 3023 1338 3076 mundi
1403 3023 1691 3078 stultitiam
1749 3040 1871 3079 esse
1921 3025 2061 3095 apud

477 3102 647 3160 Deum
684 3108 747 3161 “.
786 3128 806 3160 ι
833 3109 1000 3164 Addit
1027 3128 1046 3162 ι
1082 3112 1184 3166 sibi
1213 3113 1341 3166 olim
1376 3113 1534 3182 hujus
1572 3115 1648 3169 rei
1674 3115 1897 3169 allatam
1933 3131 2066 3169 cau-

2229 2569 2322 2621 Διὸ
2372 2569 2790 2640 μεταϐαίνωμεν
2837 2567 2948 2638 (50)
2989 2568 3075 2620 ἐπ’
3125 2567 3293 2637 ἄλλην
3340 2566 3534 2619 Κέλσου
3570 2579 3696 2632 κατηο

2157 2661 2370 2731 γορίαν,
2404 2660 2523 2713 ούδέ
2558 2660 2652 2724 τὰς
2682 2661 2855 2725 λέξεις
2891 2659 3050 2731 ἡμῶν
3081 2659 3305 2724 εἰδότος,
3339 2657 3448 2710 ἀλλ’
3480 2659 3536 2709 ἐκ
3559 2669 3695 2725 παρα-

2165 2754 2513 2824 κουσματίων
2551 2755 2852 2824 φήσαντος·
2892 2772 2910 2803 ι
2954 2755 3076 2805 Ὅτι
3111 2753 3290 2822 φαμὲν
3320 2750 3414 2822 τὴν
3447 2752 3500 2803 ἐν
3527 2743 3696 2817 ἀνθρώ-

2162 2860 2285 2905 ποις
2325 2845 2518 2912 σοφίαν
2553 2844 2762 2912 μωρίαν
2794 2840 2930 2895 εἶναι
2964 2843 3113 2912 παρὰ
3155 2841 3304 2910 Θεῷ·
3346 2860 3364 2891 ι
3398 2839 3484 2892 τοῦ
3520 2837 3692 2891 Παύλου

2161 2935 2443 3004 λέγοντος·
2485 2954 2503 2986 t
2551 2935 2614 2986 'H
2651 2935 2811 3002 σοφία
2842 2933 2936 2986 τοῦ
2968 2933 3176 3002 κόσμου
3225 2930 3404 3001 μωρία
3440 2927 3573 2998 παρὰ
3602 2924 3693 2992 Θεῷ

2166 3027 2303 3079 ἐστι.
2350 3047 2368 3078 ι
2409 3027 2518 3080 Καί
2549 3043 2713 3097 φησιν
2747 3028 2775 3078 6
2802 3025 3028 3091 Κέλσος,
3072 3025 3154 3077 ὅτι
3194 3042 3211 3074 t
3265 3022 3330 3074 Ἦ
3365 3020 3542 3073 τούτου
3578 3015 3694 3070 αἰτία

2167 3119 2259 3172 κα).
2286 3118 2453 3172 πάλαι
2482 3119 2728 3191 εἴρηται·
2771 3138 2787 3169 ι
2819 3117 2990 3171 οἴεται
3033 3117 3090 3170 δέ
3119 3117 3300 3170 αἰτίαν
3347 3112 3480 3168 εἶναι
3513 3112 3566 3164 τὸ
3605 3108 3694 3180 βού-

474 3211 590 3250 sam
633 3211 777 3252 esse.
819 3219 839 3251 ι
875 3200 1038 3256 Putat
1061 3212 1241 3258 autem
1285 3220 1505 3260 causam
1539 3221 1686 3271 esse,
1725 3225 1744 3258 ι
1792 3208 1938 3276 quod
1979 3207 2055 3261 his

2169 3209 2351 3264 λεσθαι
2389 3213 2534 3281 ἡμᾶς
2574 3210 2662 3263 διὰ
2705 3211 2806 3279 τῆς
2844 3209 3043 3274 λέξεως
3077 3207 3281 3278 ταύτης
3333 3210 3455 3271 τους
3481 3201 3696 3260 ἀπαιδεύ-

473 3289 656 3344 verbis
681 3291 1057 3361 signiﬁcemus
1086 3297 1230 3351 sules
1276 3299 1558 3366 imperitos
1585 3309 1641 3353 et
1676 3301 1876 3355 stultos
1913 3314 2055 3367 esse,

2169 3320 2290 3366 τους
2335 3270 2442 3356 καί.
2460 3270 2700 3370 ἠλιθίους
2754 3270 3127 3374 προσάγεσθαι
3167 3270 3276 3372 (5))
3311 3301 3514 3372 μόνους.
3565 3296 3694 3363 Ἀλλ’,

476 3395 616 3448 quos
653 3382 706 3435 in
741 3393 1056 3440 nostrorum
1094 3402 1322 3443 numero
1369 3389 1570 3445 habere
1615 3391 1860 3446 velimus.
1895 3412 1913 3444 ι
1957 3393 2055 3448 νε-

2169 3395 2239 3458 ὼς
2281 3397 2373 3448 καὶ
2407 3396 2568 3458 αὐτὸς
2605 3395 3004 3467 ἐσημειώσατο,
3054 3395 3221 3448 ταύτὸ
3257 3391 3408 3472 εἶπεν
3456 3391 3692 3460 ἀνωτέρω·

476 3488 598 3527 rum
635 3477 728 3549 id,
755 3489 813 3531 ut
849 3478 966 3547 ipse
997 3481 1299 3548 adnotavit,
1333 3481 1446 3550 jam
1473 3492 1634 3538 antea
1667 3484 1843 3550 dixit;
1879 3496 1937 3540 et
1966 3502 2055 3542 nos

2169 3488 2261 3540 καὶ
2289 3490 2451 3558 ἡμεῖς
2498 3488 2636 3559 πρὸς
2686 3488 2777 3540 τὸν
2819 3486 3000 3555 λόγον,
3045 3485 3189 3540 κατὰ
3226 3486 3288 3539 τὸ
3324 3485 3536 3539 δυνατὸν
3572 3484 3693 3552 ἡμῖν,

474 3567 639 3621 etiam
695 3583 792 3636 pro
819 3570 1073 3626 facultate
1111 3572 1488 3628 refutavimus.
1524 3576 1844 3646 Quanquam
1885 3591 1940 3633 et
1973 3581 2063 3635 hic

475 3659 605 3714 velit
645 3665 956 3728 ostendere,
987 3679 1085 3719 nos
1112 3666 1266 3720 nobis
1291 3667 1431 3721 hanc
1460 3667 1776 3724 elinrmasse
1813 3680 1868 3724 et
1909 3687 2058 3726 sum-

475 3753 648 3822 psisse
670 3755 998 3808 sententiam
1029 3772 1095 3810 ex
1133 3759 1473 3827 sapientibus
1498 3758 1724 3825 Grzecis,
1754 3763 1847 3832 qui
1873 3773 1926 3818 et
1959 3763 2059 3832 ipsi

475 3843 639 3898 aliam
697 3845 1022 3910 humanam,
1072 3849 1312 3904 divinam
1353 3851 1515 3904 aliam
1571 3867 1690 3906 esse
1737 3855 2056 3923 sapientiam

475 3936 754 3990 dixerunt.
788 3936 940 4003 Quod
973 3940 1192 4008 quidem
1239 3941 1440 4009 duplici
1469 3941 1730 3996 lleracliti
1783 3944 1898 3998 loco
1931 3961 2058 3999 con-

475 4029 676 4084 ﬁrmat.
731 4028 950 4084 Primus
979 4040 1083 4086 est:
1126 4050 1144 4082 ι
1183 4030 1430 4086 Humana
1485 4035 1678 4103 agendi
1721 4037 1860 4089 ratio
1891 4038 2056 4092 certis

475 4123 774 4189 prudentia:
794 4123 995 4193 regulis
1009 4139 1113 4178 non
1130 4125 1340 4190 nititur,
1361 4125 1528 4197 639
1558 4128 1751 4181 nititur
1773 4130 1991 4196 divina;
2029 4149 2049 4182 ι

470 4214 610 4269 alter
638 4225 861 4271 autem:
922 4235 940 4268 ι
985 4218 1080 4272 Vir
1102 4218 1300 4272 stultus
1348 4221 1513 4275 discit
1542 4237 1573 4275 a
1622 4221 1889 4288 damione,
1943 4231 2052 4276 uta

469 4309 588 4362 viro
618 4324 772 4378 puer.
814 4330 832 4363 ι
864 4311 988 4367 Hcce
1023 4314 1188 4368 etiam
1209 4329 1272 4367 ex
1306 4313 1570 4384 Apologia
1601 4312 1836 4370 Socratis
1859 4332 1888 4369 a
1933 4315 2056 4369 Pla-

471 4408 598 4454 tone
627 4402 827 4471 scripta
851 4404 1102 4458 adducit:
1134 4423 1152 4456 ι
1189 4404 1299 4475 Ego
1321 4406 1492 4471 enim,
1527 4407 1626 4460 viri
1662 4407 2048 4472 Athenienses,

469 4509 576 4548 non
624 4495 728 4549 alia
785 4511 866 4564 re,
924 4513 1088 4567 quam
1113 4500 1404 4568 sapientia,
1443 4501 1546 4554 hoc
1591 4516 1784 4554 nomen
1823 4500 2050 4568 adeptus

2165 3579 2579 3650 ἀπηντήσαμεν.
2647 3579 2836 3649 Ὅμως
2887 3578 3074 3649 μέντοι
3125 3577 3389 3649 ἐϐουλήθη
3443 3576 3531 3636 ,καὶ
3570 3571 3698 3625 τοῦτο

2161 3668 2332 3734 δεῖξαι
2397 3671 2780 3741 πεπλασμένον
2853 3672 3008 3741 ἡμῖν,
3069 3671 3163 3723 καὶ
3212 3669 3414 3740 ληφθὲν
3465 3667 3560 3720 ἀπὸ
3611 3661 3696 3715 τῶν

2162 3765 2290 3836 παρ’
2318 3765 2544 3836 Ἕλλησι
2582 3765 2786 3834 σοφῶν,
2821 3765 2990 3836 ἄλλην
3029 3765 3128 3835 μὲν
3160 3759 3300 3817 εἶναι
3328 3762 3591 3833 φησάντων
3620 3757 3696 3828 τὴν

2161 3856 2508 3930 ἀνθρωπίνην
2563 3858 2777 3926 σοφίαν,
2831 3855 2999 3926 ἄλλην
3047 3855 3104 3909 δέ
3151 3856 3251 3927 τὴν
3300 3855 3464 3908 θείαν.
3503 3852 3597 3905 Καὶ
3625 3851 3695 3900 ὲκο

2156 3947 2363 4001 τίθεταί
2389 3964 2453 4016 γε
2503 3947 2856 4020 Ἡρακλείτου
2882 3945 3076 4010 λέξεις·
3122 3945 3250 4016 μίαν
3278 3946 3394 4016 μὲν,
3418 3935 3524 4014 ἐν
3549 3951 3694 4009 φησιν·

2164 4061 2182 4093 ι
2234 4037 2407 4102 Ἧθος
2461 4039 2567 4111 γὰρ
2623 4037 2961 4109 ἀνθρώπειον
3026 4038 3124 4108 μὲν
3178 4038 3280 4090 ούκ
3330 4036 3437 4106 ἔχει
3487 4029 3692 4100 γνώμας.

2158 4133 2297 4186 θεῖον
2353 4132 2409 4185 δὲ
2454 4132 2596 4201 ἔχει·
2637 4151 2654 4182 ι
2687 4131 2876 4202 ἑτέραν
2923 4131 3007 4183 δέ·
3044 4150 3062 4181 ι
3113 4130 3270 4201 Ἀνὴρ
3320 4130 3500 4199 νήπιος
3536 4125 3694 4190 ἤκουσε

2157 4225 2292 4296 πρὸς
2318 4224 2586 4294 δαίμονος,
2615 4225 2757 4286 ὅκως
2789 4239 2891 4293 περ
2916 4226 3045 4286 παῖς
3075 4223 3213 4294 πρὸς
3245 4221 3450 4292 ἀνδρός.
3482 4237 3498 4270 ι
3559 4213 3695 4269 Ἕκτί-

2156 4317 2306 4370 θεται
2329 4317 2384 4370 δέ
2407 4317 2501 4370 καὶ
2526 4316 2632 4369 ἀπὸ
2657 4316 2758 4386 τῆς
2788 4316 3075 4379 Πλάτωνος
3094 4315 3480 4386 γεγραμμένης
3505 4304 3694 4375 Sulpi-

2153 4425 2294 4474 τους
2321 4408 2653 4476 ἀπολογίας
2679 4407 2849 4460 ταῦτα
2867 4423 2880 4436 ·
2919 4425 2939 4457 t
2990 4405 3132 4476 Ἐγὼ
3178 4407 3288 4478 γὰρ
3321 4407 3450 4476 (52),
3479 4398 3519 4456 ὦ
3543 4399 3693 4468 ἄνδρες

2167 4498 2457 4570 Ἀθηναῖοι,
2499 4498 2565 4551 δι’
2608 4498 2764 4552 ούδέν
2815 4496 2944 4552 ἄλλο
3002 4498 3035 4570 ἢ
3093 4497 3184 4552 διὰ
3237 4499 3424 4568 σοφίαν
3469 4494 3603 4549 τοῦτο
3645 4489 3693 4542 τὸ

467 4601 608 4639 sum.
641 4586 754 4653 Qua
793 4600 973 4642 autem
1021 4591 1320 4659 sapientia?
1355 4592 1600 4646 lluntana
1659 4593 1873 4661 Opinor.
1913 4592 2045 4644 Nam

2169 4589 2324 4659 Βνομα
2352 4587 2580 4660 ἔσχηκα.
2614 4588 2783 4642 Ποίαν
2814 4587 2867 4640 δὲ
2892 4586 3085 4657 σοφίαν
3108 4587 3310 4658 ταύτην
3336 4605 3350 4653 ;
3381 4588 3546 4656 Ἦπερ
3577 4580 3693 4636 ἐστὶν

467 4692 656 4732 revera
689 4679 790 4734 hac
820 4690 971 4748 parte
993 4682 1214 4752 sapiens
1243 4681 1411 4737 vi-leri
1440 4698 1680 4750 possum.
1717 4703 1736 4736 ι
1769 4683 1892 4738 llaec
1924 4684 2045 4738 Cel-

466 4782 581 4834 sus,
609 4769 810 4838 quibus
850 4787 950 4841 ego
981 4789 1048 4827 ex
1082 4774 1311 4844 epistola
1342 4776 1408 4828 ad
1435 4774 1719 4829 Hermeam
1769 4775 2042 4841 Erastum,

2151 4679 2282 4744 ἴσως
2307 4679 2619 4752 ἀνθρωπίνη
2654 4681 2839 4749 σοφία·
2871 4679 2951 4749 τῷ
2979 4679 3094 4732 ὄντι
3123 4679 3232 4751 γὰρ
3279 4677 3552 4732 κινδυνεύω
3587 4671 3690 4726 ταύ-

2153 4791 2251 4844 την
2288 4769 2428 4826 εἶναι
2471 4773 2650 4841 σοφός.
2692 4792 2711 4825 ι
2747 4773 2814 4826 Ἃ
2856 4772 2956 4842 μὲν
3002 4769 3096 4826 οῦν
3153 4772 3422 4828 ἐκτίθεται
3461 4772 3488 4824 ὁ
3525 4767 3690 4825 Κέλσος

572 4933 616 4963 ι’
643 4931 764 4986 Act.
787 4947 907 4999 vut,
935 4933 1022 4987 lO.
1103 4935 1146 4966 ”
1169 4935 1291 4989 Act.
1321 4950 1372 5000 v,
1397 4935 1464 4989 ’57
1489 4945 1544 4990 et
1566 4937 1656 4991 56.
1736 4936 1779 4967 ¹⁵
1802 4935 1816 4989 l
1841 4937 1967 4992 Cor.
1998 4939 2195 4996 111.19.

535 5072 688 5147 (28L
714 5073 1038 5147 Hpbcfthr
1094 5076 1608 5147 εἰδωλολατρειαν.
1665 5078 1830 5144 lren.,
1865 5079 2042 5142 lib.t.

465 5159 589 5216 cap.
620 5144 710 5208 25,
745 5145 814 5199 de
852 5145 1074 5200 Simone
1100 5164 1112 5200 :
1137 5165 1155 5198 ι
1190 5144 1492 5216 Prophetas
1545 5159 1723 5202 autem
1775 5165 1803 5201 a
1855 5150 2041 5203 tuundi

468 5213 891 5270 l'abricatoribus
913 5217 1121 5288 angelis
1145 5213 1439 5288 inspiratos
1467 5220 1670 5274 dixisse
1695 5220 2039 5288 prophetias:

467 5294 798 5359 quapropter
827 5301 924 5340 nec
954 5287 1178 5359 ulterius
1199 5287 1457 5344 curarent
1479 5305 1572 5345 cos
1611 5287 1802 5359 hi,’qui
1833 5293 1882 5345 iu
1916 5304 2040 5344 eum

467 5366 516 5409 et
560 5355 610 5408 in
654 5354 912 5427 llelenam
959 5358 1078 5425 ejus
1130 5373 1280 5427 spem
1337 5360 1605 5423 habeant,
1651 5354 1706 5414 et
1729 5354 1802 5415 ἰιι
1838 5362 2040 5414 liberos

469 5441 632 5501 tutere
658 5439 792 5501 qua:
835 5425 1038 5501 velint:
1083 5425 1378 5501 secundum
1411 5431 1555 5484 enim
1599 5431 1764 5501 ipsius
1811 5432 2039 5501 gratiam

469 5495 689 5572 salvari
709 5496 983 5560 homines,
1014 5499 1112 5551 sed
1145 5515 1250 5572 non
1279 5503 1576 5555 secundum
1602 5495 1794 5570 operas
1813 5495 1997 5572 ‘justas
2023 5515 2038 5572 ς

473 5579 572 5618 nec
605 5565 749 5640 enim
797 5569 1274 5640 esse‘naturaliter
1317 5565 1661 5640 operationes
1690 5565 2042 5640 justastsed

471 5650 541 5710 eg
567 5633 897 5710 accidenti.)
929 5635 1188 5710 [humilem
1217 5641 1336 5710 vide
1355 5633 1477 5710 cap.
1505 5633 2038 5710 24,de'Saturnino_;

476 5704 572 5780 lib.
613 5720 678 5780 ξ..
702 5704 925 5780 φιλ-ξ,
947 5701 1013 5757 de
1035 5701 1455 5780 valent-inianis';
1506 5701 1598 5767 lib.
1624 5727 1638 5764 t
1661 5751 1675 5774 ,
1709 5709 1947 5780 cap.26.
1979 5708 2047 5762 de

478 5769 782 5830 NiCtilaitis.
831 5773 963 5831 Vide
1019 5777 1182 5830 etiam
1217 5769 1534 5837 'l'ertullianl
1588 5769 1946 5852 Scorpiacon,
1991 5787 2046 5833 et

2150 5081 2361 5137 cluriss.
2399 5081 2796 5135 Hammondium
2845 5079 2898 5133 in
2933 5077 3213 5135 dissertat.
3247 5079 3298 5143 Ι,
3336 5093 3386 5133 c.
3417 5079 3470 5139 5,
3500 5073 3568 5129 De
3588 5073 3686 5142 jm

2150 5155 2482 5220 cpiswpatns
2523 5152 2768 5222 adversus
2802 5148 3506 5222 Βέοηαειι-ιι-ηι.βρεκοςιι.η
3623 5211 3633 5222 ⁸

2225 5223 2338 5295 (29)
2388 5219 2782 5295 Μαθημάτωλν.
2833 5217 2923 5272 Sic
2949 5218 3115 5295 _c_utl_d.
3176 5215 3683 5295 Rug._,__ll_asileen_sis,

2147 5286 2478 5360 Anglicanus
2529 5286 2801 5345 secundus
2851 5299 2908 5344 et
2949 5286 3283 5345 Vaticanus.w
3303 5291 3455 5345 Libb.
3490 5286 3602 5340 editi
3642 5286 3683 5332 in

2151 5371 2326 5427 texui,
2361 5361 2639 5433 eadm-£61.

2221 5425 2334 5505 ('50)
2361 5425 2546 5505 'Cudd.
2599 5427 2734 5492 Reg.
2759 5500 2770 5505 _
2796 5439 2852 5484 et
2890 5429 3260 5495 Basileensis,
3301 5425 3681 5501 μεταϐαίνωμενο

2151 5500 2324 5556 ΙλίΙιΙ).
2349 5504 2504 5565 editi,
2537 5500 2957 5572 μεταίὲαίνομεν.

2221 5574 2334 5695 (ξι)
2363 5555 2813 5642 ΫΠρὸῦὶὶγεσθαι.
2837 5555 3020 5628 ’(ὶοιΜ.
3069 5570 3202 5641 Reg.
3250 5579 3305 5625 et
3347 5565 3533 5627 Basi|.,
3571 5555 3679 5612 ἑπά·

2221 5661 2253 5695 σ
2291 5661 2367 5695 αι.
3617 5691 3655 5695 Δ

2189 5660 2367 5696 εσυαι.

2149 5657 2367 5709 γεσυαι.

2229 5713 2340 5784 (7)?)
2535 5712 2662 5784 γάρ.
2694 5711 2843 5769 Plato
2870 5713 2920 5768 in
2945 5710 3202 5781 Apologia
3227 5709 3474 5773 Socratis,
3495 5691 3675 5775 paullo.
