3840 6412
136 415 247 476 1509

130 536 272 596 ταῦτά
304 535 472 587 ἑστιν⁹
517 523 625 596 ἐγὼ
652 523 706 578 δὲ
753 519 860 576 ἀπὸ
905 517 1003 590 τῆς
1054 513 1193 586 πρὸς
1233 508 1519 583 Ἑρμείαν,

134 632 380 701 Ἔραστον,
436 621 524 674 καὶ
560 595 846 687 Κορίσκον
896 608 1180 666 Πλάτωνος
1232 599 1519 668 ἐπιστολῆς
1566 595 1661 648 καὶ

132 688 270 776 ταῦτα
314 713 714 786 παραθήσομαι·
775 724 793 756 ι
852 701 1095 773 Ἐράστῳ
1141 695 1198 748 δὲ
1251 695 1345 746 καὶ
1405 688 1661 786 Κορίσκιρ

134 816 243 887 πρὸς
267 813 327 882 τῇ
361 779 466 860 τιῦν
509 779 663 859 εἰδῶν
698 798 807 871 (53)
840 793 999 864 σοφίᾳ
1037 792 1104 861 τῇ
1144 786 1280 887 καλῇ
1318 782 1488 885 ταύτῃ
1519 779 1661 886 φημί

169 869 178 887 ι
225 869 240 878 ν
304 869 327 882 ..
710 869 715 871 _

129 906 232 976 ἐγὼ,
254 902 438 970 καίπερ
471 896 645 967 γέρων
679 891 774 954 ὢν,
828 885 1079 958 προσδεῖν
1135 877 1326 945 σοφίας
1380 874 1478 945 τῆς
1534 869 1662 942 περὶ

126 960 224 1058 τους
272 989 524 1061 πονηροὺς
575 983 666 1037 καὶ
713 979 930 1039 ἀδίκους
997 968 1331 1044 φυλακτικῆς
1378 960 1470 1017 καί
1521 976 1663 1020 τινος

126 1050 728 1160 ἀμυντικῆς-δυνάμεως.
784 1073 1034 1139 Ἀπειροι
1090 1063 1199 1134 γάρ
1256 1062 1406 1160 εἰσι,
1455 1054 1543 1108 διὰ
1603 1050 1663 1160 τὸ

128 1145 220 1252 μεθ’
247 1145 390 1248 ήμιῦν
420 1171 527 1242 (54)
563 1145 796 1240 μετρίων
832 1163 998 1216 ὄντων
1030 1158 1124 1212 καὶ
1157 1155 1218 1208 οὐ
1261 1149 1446 1206 κακῶν
1474 1145 1663 1252 συχνὸν

128 1234 138 1252 .
265 1234 295 1248 ..
427 1234 436 1242 .
511 1234 519 1242 .
563 1234 575 1240 -
670 1234 680 1239 -

125 1267 474 1340 διατετριφέναι
502 1260 595 1314 τοῦ
621 1259 758 1330 βίου.
785 1255 876 1307 Διὸ
893 1251 957 1323 δὴ
985 1249 1188 1302 τούτων
1219 1242 1468 1317 προσδεῖν
1489 1234 1661 1301 εἶπον,

127 1365 192 1417 ἱνα
221 1360 286 1432 μὴ
321 1354 727 1424 ἀναγκάζωνται
758 1349 855 1419 τῆς
901 1342 1160 1414 ἀληθινῆς
1197 1339 1294 1410 μὲν
1324 1335 1544 1407 ἀμελεῖν
1578 1347 1666 1383 σο-

128 1426 244 1524 φίας,
269 1426 359 1520 τῆς
383 1450 424 1503 δ’
449 1445 792 1513 ἀνθρωπίνης
815 1458 874 1493 τε
910 1440 1005 1492 καὶ
1042 1432 1344 1503 ἀναγκαίας
1387 1426 1662 1498 ἐπιμελεῖ-

127 1545 224 1598 σθαι
250 1541 492 1614 μειζόνως
517 1539 550 1609 ἢ
580 1536 660 1589 δεῖ
693 1533 826 1605 (55).
865 1552 882 1584 ι

194 1635 376 1690 Οὐκοῦν
414 1629 553 1685 κατά
583 1627 756 1682 ταῦτα
787 1625 819 1695 ἡ
851 1622 947 1693 μέν
985 1637 1069 1683 τις
1100 1618 1217 1671 θεία
1248 1616 1406 1685 σοφία
1446 1612 1663 1682 ἐστ“ιν,ἡ

127 1722 601 1797 δὲάδθριοπίνη.Κα“ι
618 1722 652 1792 ἡ
673 1719 771 1790 μὲν
797 1711 1117 1786 ἀνθρωπίνη
1140 1711 1287 1764 ἐστὶν
1316 1712 1349 1780 ὴ
1379 1707 1498 1761 καθ’
1519 1707 1666 1777 ἡμᾶς

127 1821 350 1891 λεγομένη
369 1816 526 1887 σοφία
552 1813 645 1867 τοῦ
669 1812 897 1882 κόσμου,
919 1808 1040 1877 ἣτις
1067 1807 1183 1858 ἐστὶ
1209 1802 1387 1874 μωρία
1411 1799 1560 1870 παρά
1587 1797 1664 1870 τῷ

129 1887 241 1984 Θεῷζ
263 1887 357 1984 ἠδέ
375 1910 513 1976 Θεία,
533 1907 626 1960 καὶ
639 1905 802 1976 ἑτέρα
823 1900 973 1972 παρὰ
998 1899 1095 1970 τὴν
1118 1895 1486 1966 ἀνθρωπίνην,
1509 1892 1664 1962 εἴπερ
1699 1887 1738 1939 li

129 2005 217 2058 ἐστὶ
231 2004 355 2067 θεία,
373 2003 552 2073 χάριτι
574 1996 710 2051 Θεοῦ
727 1992 1070 2067 δωρουμένου
1097 1988 1206 2059 (56)
1233 1987 1400 2057 αὐτὴν
1412 1989 1523 2048 τοῖς
1539 1985 1664 2036 έαυ-

127 2098 225 2158 τοὺς
235 2094 552 2165 ἐπιτηδείους
567 2090 703 2163 πρὸς
717 2083 1026 2157 παραδοχὴν
1039 2082 1206 2152 αὐτῆς
1223 2076 1605 2133 κατασκευάσα
1613 2092 1663 2128 σι

127 2187 469 2258 παραγίνεται·
497 2183 588 2236 καὶ
624 2180 859 2252 μάλιστα
884 2179 995 2239 τοῖς
1021 2175 1086 2226 ἐκ
1115 2172 1208 2225 τοῦ
1239 2169 1536 2239 ἐγνωκέναι
1566 2166 1664 2238 τὴν

126 2277 343 2348 διαφορὰν
362 2273 620 2345 ἑκατέρας
667 2271 857 2339 σοφίας
892 2267 1026 2339 πρὸς
1073 2265 1170 2337 τὴν
1216 2263 1408 2335 ἑτέραν
1449 2263 1505 2313 ὲν
1547 2262 1666 2322 ταῖς

130 2371 234 2440 πρὸς
261 2369 381 2422 Θεὸν
415 2368 600 2437 εὐχαῖς
630 2364 846 2432 λέγουσι
865 2379 878 2391 ·
921 2380 938 2410 ι
981 2358 1099 2411 Κᾶν
1129 2357 1236 2426 γάρ
1266 2373 1348 2418 τις
1380 2353 1579 2415 τέλειος
1611 2353 1667 2403 ὲν

129 2463 234 2524 υἱοῖς
279 2458 588 2531 ἀνθρώπων,
622 2457 721 2528 τῆς
751 2453 858 2507 ἀπὸ
912 2450 1006 2504 σοῦ
1058 2449 1249 2518 σοφίας
1281 2446 1545 2514 ἀπούσης,
1588 2445 1668 2507 εἰς

130 2554 249 2608 οὐδὲν
277 2552 667 2623 λογισθήσεται.
705 2568 723 2600 ι
757 2545 868 2599 Καὶ
909 2542 1208 2613 γυμνάσιον
1255 2539 1353 2609 μέν
1388 2552 1567 2606 φαμεν
1597 2529 1671 2586 εῖ-

129 2665 197 2700 ναι
224 2646 308 2716 τῆς
336 2645 508 2715 ψυχῆς
539 2643 638 2714 τὴν
669 2637 1015 2710 ἀνθρωπίνην
1051 2633 1263 2703 σοφίαν,
1295 2630 1443 2692 τέλος
1476 2628 1531 2680 δὲ
1573 2627 1670 2696 τὴν

131 2737 274 2790 θείαν·
302 2739 416 2808 ἥτις
445 2736 543 2789 καὶ
567 2732 760 2805 στερεά
791 2730 1006 2797 λέγεται
1029 2727 1125 2796 τῆς
1158 2723 1333 2794 ψυχῆς
1370 2717 1507 2774 εἶναι
1547 2735 1670 2790 τρο-

130 2829 205 2895 φὴ,
233 2829 369 2900 παρὰ
397 2826 472 2898 τῷ
507 2827 765 2897 φήσαντι·
811 2841 828 2873 ι
869 2819 1098 2872 Τελείων
1133 2817 1190 2870 δέ
1228 2818 1374 2868 ἐστιν
1408 2816 1442 2882 ἡ
1479 2811 1674 2882 στερεά

130 2919 285 2988 τροφὴ,
319 2917 422 2970 τῶν
463 2916 553 2970 διὰ
601 2915 700 2985 τὴν
741 2911 853 2976 ἕξιν
902 2910 970 2962 τά
1022 2906 1349 2977 αἰσθητήρια
1399 2903 1674 2972 γεγυμνα-

133 3009 270 3078 σμένα
297 3010 518 3080 ἐχόντων
550 3008 688 3078 πρὸς
723 3005 994 3075 διάκρισιν
1021 2998 1184 3053 καλοῦ
1215 3016 1272 3051 τε
1303 2997 1397 3049 καὶ
1428 2993 1616 3049 κακοῦ.
1649 3013 1667 3046 ι

130 3101 218 3154 Καὶ
256 3101 442 3173 ἀρχαία
493 3100 590 3171 μὲν
633 3095 846 3168 ἀληθῶς
891 3097 1035 3147 ὲστιν
1077 3093 1228 3162 ἤδεὴ
1266 3088 1412 3154 δόξα,
1453 3088 1570 3159 οὐχ,
1600 3087 1674 3152 ὡς

130 3193 268 3244 οίεται
289 3192 340 3244 δὲ
371 3191 397 3242 ό
427 3190 654 3254 Κέλσος,
691 3188 787 3257 τῆς
820 3186 948 3257 περὶ
980 3183 1157 3238 αὐτῶν
1192 3181 1554 3252 ἀρχαιότητος
1595 3180 1675 3242 είς

142 3282 448 3354 Ἡράκλειτον
481 3285 577 3336 καὶ
610 3245 873 3333 ᾗλάτωνα
894 3245 906 3257 ⁸
924 3245 1352 3347 ἀναφερομένης.
1395 3245 1678 3344 ’λίνωτέρω
1705 3245 1750 3307 C

131 3377 217 3447 γὰρ
240 3376 424 3431 τούτων
449 3377 496 3430 οἱ
529 3374 802 3446 προφῆται
836 3369 1135 3424 διέστειλαν
1169 3367 1228 3420 τὸ
1260 3366 1387 3436 περὶ
1415 3364 1680 3435 ἑκατέρας

130 3469 319 3536 σοφίας·
353 3471 510 3541 ἀρκεῖ
551 3468 596 3520 δ’
649 3467 741 3519 ἐπὶ
789 3463 879 3518 τοῦ
927 3462 1191 3539 παρόντος
1222 3461 1395 3512 εἰπεῖν
1436 3458 1543 3511 ἀπὸ
1571 3457 1679 3510 τῶν

130 3558 272 3628 λόγων
301 3560 384 3613 τοῦ
428 3559 590 3613 Δαυῒδ
623 3558 683 3611 τὸ
729 3557 856 3628 περὶ
893 3554 987 3608 τοῦ
1022 3552 1163 3605 κατά
1191 3551 1341 3603 θείαν
1366 3550 1556 3618 σοφίαν
1595 3565 1684 3600 σο-

128 3650 212 3717 φοῦ
236 3651 523 3722 λεγόμενον,
559 3651 641 3703 ὅτι
691 3647 802 3719 (57)
831 3666 848 3696 ι
877 3646 977 3698 οὐκ
1009 3642 1198 3712 ὄψεται
1253 3639 1621 3710 καταφθορὰν,
1658 3657 1677 3691 ›

130 3742 286 3811 φησὶν,
314 3762 330 3792 ι
367 3743 489 3795 ὅταν
525 3741 612 3814 ἴδῃ
657 3741 852 3808 σοφοὺς
907 3737 1366 3807 ἀποθνήσκοντας.
1411 3753 1430 3785 ι
1468 3733 1532 3786 Ἠ
1565 3731 1685 3786 θεία

129 3833 282 3886 τοίνυν
306 3835 474 3903 σοφία,
503 3832 667 3904 έτέρα
710 3828 844 3885 οὖσα
885 3831 982 3901 τῆς
1021 3827 1277 3891 πίστεως,
1315 3825 1530 3896 πρῶτόν
1569 3826 1685 3878 ἐστι

129 3922 222 3975 τῶν
266 3926 602 3997 καλουμένων
655 3923 1008 3996 χαρισμάτων
1056 3919 1148 3973 τοῦ
1197 3916 1332 3972 Θεοῦ
1357 3935 1370 3947 ·
1425 3918 1516 3970 καὶ
1565 3922 1683 3986 μετ’

132 4017 315 4089 ἐκείνην
336 4019 602 4091 δεύτερον,
636 4021 744 4081 τοῖς
787 4013 1046 4086 ἀκριϐοῦν
1092 4013 1159 4066 τά
1193 4011 1418 4064 τοιαῦτα
1461 4013 1686 4063 ἐπιστα-

135 4109 310 4178 μένοις,
340 4115 372 4184 ἡ
409 4111 720 4184 καλουμένη
765 4107 1012 4179 γνῶσις·
1050 4108 1147 4159 καὶ
1180 4106 1380 4177 τρίτον,
1424 4103 1546 4157 ἐπεὶ
1581 4099 1688 4155 σώ-

132 4201 295 4264 ζεσθαι
319 4205 417 4277 χρὴ
444 4206 538 4258 καὶ
571 4205 694 4266 τοὺς
733 4198 1153 4269 ἁπλουστέρους,
1186 4195 1506 4267 προσιόντας
1547 4191 1689 4248 κατά

132 4291 328 4364 δύναμιν
358 4299 426 4369 τῇ
455 4292 752 4364 θεοσεϐείᾳ,
788 4292 826 4359 ἡ
870 4290 1092 4352 πίστις.
1145 4286 1236 4337 Διὸ
1273 4283 1488 4352 λέγεται
1540 4279 1691 4351 παρά

131 4385 204 4455 τῷ
226 4387 428 4459 Παύλῳ·
468 4407 486 4440 ι
528 4381 599 4458 ⁷ῼ
637 4385 736 4456 μὲν
769 4383 876 4453 γὰρ
915 4380 1004 4434 διὰ
1035 4379 1128 4433 τοῦ
1164 4377 1471 4448 πνεύματος
1495 4373 1692 4427 δίδοται

133 4475 272 4546 λόγος
297 4480 496 4550 σοφίας,
523 4478 671 4548 ἄλλῳ
710 4477 767 4530 δὲ
810 4475 965 4543 λόγος
999 4471 1254 4542 γνώσεως
1293 4468 1432 4524 κατά
1470 4468 1530 4520 τὸ
1563 4465 1694 4518 αὐτὸ

1285 381 1564 444 CONTRA
1599 375 1876 438 CELSUM
1905 373 2034 430 ΠΒ.
2075 370 2160 427 Vl.

1575 504 1670 558 καὶ
1697 519 1743 576 Α
1771 507 1826 556 et
1857 499 2137 554 Coriscum
2163 493 2276 548 haec
2301 485 2497 558 adjicio
2519 502 2533 539 :
2555 502 2573 536 ι
2597 481 2790 536 Erasto
2813 486 2992 534 autem
3022 483 3077 531 et
3091 475 3337 543 Corisco,

3197 353 3340 412 1510

1771 599 1970 661 praeter
2022 582 2343 654 sapientiam
2378 577 2527 631 illam
2571 574 2638 628 de
2670 569 2862 626 formis
2896 566 3338 638 pulcherrimam,

1768 658 1855 736 aio
1889 677 2164 750 equidem,
2199 674 2328 728 licet
2371 682 2564 732 senex,
2600 663 2723 719 illos
2769 662 2876 717 alia
2919 658 3182 731 sapientia
3232 672 3339 727 qua

1770 770 2046 840 improbos
2067 777 2123 823 et
2153 763 2387 832 iniustos
2421 767 2671 820 caveant,
2699 755 2978 812 etviribus
3001 753 3066 808 ad
3099 767 3158 807 se
3185 760 3337 804 tuen-

1769 863 1868 917 dos
1885 861 2148 931 indigere.
2175 850 2444 920 lnexperti
2471 851 2613 905 enim
2632 856 2775 912 sunt,
2801 852 2985 914 utpote
3005 843 3096 913 qui
3122 842 3338 911 longum

1771 955 1893 1009 vitae
1925 962 2136 1022 tempus
2165 950 2451 1005 nobiscum
2485 951 2884 1013 lransegerunt,
2938 941 3030 1009 qui
3075 932 3339 991 moderati

1768 1057 1824 1102 et
1858 1046 2077 1099 minime
2109 1042 2235 1098 mali
2264 1055 2471 1096 sumus.
2511 1037 2684 1104 Quam
2725 1036 2794 1089 ob
2827 1046 3047 1089 causam
3080 1029 3191 1084 dixi
3223 1027 3340 1081 illos

1771 1139 1856 1193 his
1906 1139 2069 1193 rebus
2117 1151 2253 1206 Opus
2288 1131 2509 1195 habere,
2535 1140 2594 1185 ut
2635 1145 2702 1184 ne
2724 1136 2988 1197 cogantur
3015 1135 3202 1176 veram
3247 1132 3340 1174 sa-

1771 1230 2031 1302 pientiam
2073 1229 2380 1298 negligere,
2433 1235 2488 1279 et
2538 1224 2591 1277 in
2630 1223 2955 1284 humanam,
2988 1227 3150 1284 quam
3200 1209 3342 1266 scire

1772 1335 2010 1395 oportet,
2045 1323 2358 1377 incumbere
2384 1318 2557 1390 magis
2588 1329 2751 1386 quam
2782 1327 2880 1382 par
2906 1320 3006 1365 est.
3042 1326 3062 1359 ι

1845 1635 1934 1690 15.
1965 1633 2041 1688 Ex
2078 1632 2164 1687 his
2197 1631 2364 1701 igitur
2393 1636 2477 1683 est
2505 1625 2685 1682 divina
2724 1622 3008 1694 sapientia,
3034 1627 3117 1675 est
3155 1625 3207 1674 et
3238 1618 3343 1673 hu-

1775 1740 1952 1779 mana.
1979 1723 2225 1776 llumana
2247 1730 2504 1789 estquam
2519 1716 2840 1784 sapientiam
2863 1712 3043 1766 mttndi
3061 1725 3343 1771 vocamus,

1774 1827 1827 1872 et
1855 1807 1974 1885 quae
2015 1813 2245 1870 stultitia
2273 1822 2355 1867 est
2392 1812 2534 1880 apud
2581 1811 2778 1871 Deum;
2821 1805 3001 1859 divina
3033 1818 3183 1866 vero,
3224 1815 3348 1870 qua:

1771 1909 1876 1964 alia
1913 1916 1997 1963 est
2019 1908 2085 1962 ab
2117 1908 2379 1964 humana,
2413 1902 2585 1973 gratia
2628 1901 2722 1953 Dei
2777 1897 2923 1951 illam
2961 1894 3346 1965 imparticntis,

1772 2001 1817 2056 si
1853 1999 2072 2068 quidem
2118 1997 2296 2052 divina
2325 1995 2418 2058 sit,
2444 1994 2595 2047 adest
2629 1991 2696 2044 iis
2735 1990 2826 2058 qui
2854 2003 2913 2044 se
2944 1988 3010 2041 ad
3051 1986 3196 2040 illam
3231 1985 3348 2039 ido-

1773 2107 1906 2146 neos
1935 2089 2204 2158 praebent;
2238 2098 2293 2142 et
2326 2087 2391 2142 iis
2445 2084 2678 2140 maxime
2714 2082 2804 2150 qui
2838 2079 3063 2134 alterius
3080 2080 3147 2132 ab
3181 2076 3350 2130 altera

1774 2181 2040 2253 sapientia
2076 2181 2366 2235 discrimen
2393 2178 2596 2242 edocti,
2617 2175 2734 2230 suis
2766 2174 2816 2227 in
2850 2171 3104 2242 precibus
3133 2169 3348 2246 dicunt:

1780 2294 1798 2328 ι
1827 2273 1959 2328 Nam
1983 2282 2037 2328 et
2067 2273 2112 2327 si
2151 2273 2274 2341 quis
2311 2271 2416 2325 erit
2448 2276 2860 2323 consummatus
2897 2265 3038 2318 inter
3089 2261 3230 2317 lilios
3257 2260 3353 2315 bo-

1775 2372 2004 2434 minum,
2036 2370 2079 2423 si
2112 2371 2179 2423 ab
2216 2367 2303 2421 illo
2337 2364 2571 2418 abfuerit
2625 2358 2893 2430 sapientia
2920 2373 3043 2429 qua:
3088 2373 3118 2412 a
3154 2366 3205 2412 te
3245 2364 3350 2418 est,

1777 2463 1831 2516 in
1862 2459 2088 2515 nihilum
2121 2454 2613 2526 computabitur“.
2645 2472 2665 2505 ι
2692 2453 2770 2508 Ac
2802 2453 3097 2506 humanam
3132 2447 3351 2518 quidem

1777 2552 2099 2623 sapientiam
2151 2551 2382 2604 dicimus
2438 2547 2634 2601 animae
2685 2559 2806 2600 esse
2868 2541 3351 2604 exercitationem,

1779 2645 2014 2699 divinam
2041 2657 2170 2696 vero
2193 2640 2375 2696 linem.
2397 2637 2523 2691 Haec
2542 2637 2704 2691 etiam
2731 2634 2936 2690 solidus
2960 2634 3155 2688 anima:
3175 2632 3344 2687 cibus.

1781 2732 2084 2801 appellatur
2109 2729 2178 2784 ab
2215 2729 2306 2783 illo
2351 2727 2441 2796 qui
2473 2726 2676 2780 dixitzt
2716 2723 3086 2778 Perfectorum
3149 2729 3233 2775 est
3265 2733 3358 2774 so-

1778 2827 1918 2879 lidus
1939 2825 2115 2887 cibus,
2144 2835 2354 2886 eorum,
2381 2819 2470 2887 qui
2491 2832 2586 2886 pro
2601 2816 2994 2870 consuetudine
3017 2813 3354 2868 exercitatos

1779 2917 1980 2971 habent
2024 2929 2219 2970 sensus
2261 2911 2328 2966 ad
2361 2909 2748 2966 discretionem
2782 2906 2908 2961 boni
2963 2920 3028 2960 ac
3073 2904 3199 2958 tnali
3231 2904 3296 2959 ¹⁸.
3330 2921 3352 2956 ι

1779 3007 1955 3076 Atque
1989 3005 2103 3059 haec
2128 3001 2401 3058 sententia
2435 3012 2560 3052 vere
2601 3005 2822 3065 antiqua
2856 3004 2963 3059 est,
2996 3009 3116 3062 nec,
3145 3004 3202 3047 ut
3231 2992 3354 3047 Cel-

1782 3113 1876 3152 sus
1908 3095 2206 3162 existimat,
2251 3094 2317 3147 ad
2362 3091 2644 3145 Platonem
2696 3088 2780 3142 vel
2837 3086 3166 3140 Heraclitum
3213 3085 3357 3140 refe-

1785 3191 1972 3245 renda.
2021 3189 2160 3242 Aule
2209 3186 2327 3240 illos
2354 3185 2497 3239 enim
2550 3183 2827 3253 propheta:
2870 3189 3160 3249 utramque
3208 3178 3356 3232 illam

1782 3284 2109 3353 sapientiam
2163 3279 2700 3335 discriminavcrant.
2756 3274 2812 3329 In
2883 3254 3175 3345 praesentia
3224 3271 3358 3326 satis

1781 3377 1944 3431 fuerit
1996 3373 2206 3429 referre
2239 3372 2290 3425 id
2342 3371 2485 3440 quod
2518 3370 2650 3424 dicit
2689 3367 2860 3422 David
2895 3367 2962 3420 de
2993 3365 3235 3434 sapiente
3268 3363 3361 3432 qui

1782 3469 1964 3524 divina
1999 3465 2270 3537 sapientia
2304 3463 2563 3533 praeditus
2587 3469 2704 3516 est:
2739 3477 2757 3512 ι
2799 3459 2916 3513 Νοη
2970 3457 3172 3512 videbit
3217 3455 3362 3509 inte-

1785 3563 1947 3616 ritum
1995 3574 2118 3614 cum
2162 3555 2358 3610 viderit
2384 3556 2657 3624 sapientes
2712 3552 3006 3607 morientes
3036 3547 3099 3603 η.
3140 3568 3160 3602 ι
3199 3546 3364 3616 Igitur

1784 3654 1966 3707 divina
2001 3650 2294 3719 sapientia,
2322 3664 2445 3703 cum
2502 3662 2531 3699 a
2565 3646 2670 3700 ﬁde
2723 3646 2938 3700 diversa
2985 3643 3080 3707 sit,
3127 3641 3365 3710 primum

1785 3756 1868 3801 est
1890 3746 2154 3798 donorum
2193 3741 2309 3805 Dei,
2345 3750 2403 3794 ut
2439 3740 2732 3809 loquimur.
2766 3737 3011 3791 Alterum
3039 3735 3108 3789 ab
3169 3732 3284 3798 illo,
3309 3740 3370 3788 ut

1786 3838 1968 3892 sciunt
2019 3836 2211 3889 harum
2245 3849 2423 3888 rerum
2466 3834 2649 3903 periti,
2684 3841 2914 3886 vocatur
2957 3827 3214 3893 scientia;
3262 3834 3369 3880 ter-

1790 3931 1919 3984 tium
1976 3928 2151 3984 locum
2202 3935 2434 3996 occupat
2491 3925 2660 3994 ﬁdes;
2707 3921 3140 3992 quandoquidem
3188 3918 3371 3973 salvos

1793 4022 1908 4076 ﬁeri
1959 4030 2174 4091 Oportet
2207 4029 2262 4076 et
2314 4018 2706 4087 simpliciores,
2754 4013 2846 4082 qui
2878 4014 2945 4066 ad
2978 4012 3233 4082 pietatem
3270 4024 3370 4078 pro

1789 4116 2002 4170 viribus
2049 4114 2340 4169 accedunt.
2386 4110 2654 4176 Quocirca
2687 4106 2891 4160 Paulus
2917 4104 3026 4157 ait:
3059 4121 3076 4154 ι
3110 4101 3215 4155 Alii
3251 4099 3374 4169 qui-

1791 4208 1911 4262 dem
1938 4222 2034 4274 per
2059 4204 2325 4275 Spiritum
2346 4203 2504 4256 datur
2535 4214 2720 4254 sermo
2735 4197 3036 4266 sapientiae,
3068 4194 3157 4247 alii
3188 4202 3372 4247 autem

1793 4312 1973 4352 sermo
2007 4294 2250 4350 scientia:
2283 4292 2584 4348 secundum
2610 4287 2775 4360 640
2799 4287 3050 4342 eumdem
3070 4282 3368 4354 Spiritum;

1794 4389 1952 4443 alteri
2003 4388 2137 4442 ﬁdes
2180 4386 2234 4439 in
2267 4385 2456 4439 eodem
2493 4381 2698 4451 Spiritu
2724 4381 2793 4434 ¹⁶.
2825 4397 2844 4430 ›
2882 4379 3050 4446 Atque
3096 4375 3223 4429 hinc
3264 4380 3370 4438 est,

1796 4482 1936 4552 quod
1966 4496 2075 4536 non
2109 4479 2328 4534 obvium
2364 4489 2635 4545 quemque
2665 4472 2912 4527 invenias
2938 4470 3115 4524 divina
3151 4468 3255 4522 hac
3285 4480 3374 4520 sa-

136 4569 344 4641 πνεῦμα,
393 4571 565 4643 ἑτέρῳ
609 4569 666 4623 δὲ
709 4568 890 4630 πίστις
928 4567 983 4618 ὲν
1031 4564 1110 4636 τῷ
1151 4561 1300 4634 αὐτῷ
1335 4559 1623 4630 πνεύματι.
1670 4575 1676 4608 1

1800 4577 1998 4646 pientia
2029 4583 2305 4629 ornatum.
2342 4570 2546 4625 Eorum
2585 4577 2670 4622 est
2707 4567 2797 4636 qui
2821 4565 3064 4620 eminent
3108 4571 3162 4616 et
3187 4559 3374 4616 excel-

135 4660 311 4732 Διόπερ
334 4665 388 4716 οὐ
421 4663 545 4726 τοὺς
579 4662 840 4733 τυχόντας
868 4657 1046 4732 εὕροις
1081 4657 1146 4711 ἂν
1183 4653 1573 4728 μετειληφότας
1593 4651 1692 4722 τῆς

135 4750 270 4817 θείας
296 4755 493 4826 σοφίας,
517 4754 652 4809 ἀλλά
675 4754 798 4816 τοὺς
830 4750 1192 4824 ὑπερέχοντας
1224 4749 1318 4802 καὶ
1343 4745 1692 4818 διαφέροντας

135 4843 331 4900 πάντων
359 4847 459 4900 τῶν
487 4844 899 4917 Χριστιανισμῷ
931 4843 1331 4915 προσεχόντων·
1375 4841 1492 4894 οὐδὲ
1529 4859 1548 4892 ι
1581 4841 1696 4904 τοῖς

136 4936 600 5002 ἀπαιδευτοτάτοις,
635 4939 668 5008 ἢ
712 4936 1086 5007 ἀνδραπόδοις,
1123 4935 1156 5008 ἢ
1206 4933 1624 5006 ἀμαθεστάτοις,
1671 4950 1689 4983 ι

136 5029 334 5094 διέξεισί
352 5051 432 5097 τις
453 5033 520 5086 τά
550 5031 680 5103 περὶ
703 5031 801 5100 τῆς
829 5029 978 5093 θείας
1005 5028 1214 5098 σοφίας.
1445 5019 1452 5026 ’

208 5124 438 5196 Καίτοιγε
475 5127 667 5189 ἄλλους
721 5126 819 5196 μὲν
858 5126 1022 5195 φησὶν
1062 5123 1552 5188 ἀπαιδευτοτάτους
1608 5117 1685 5176 εἴ-

139 5230 247 5282 ναι,
283 5219 368 5271 καὶ
403 5217 742 5291 ἀνδράποδα,
781 5216 874 5270 καὶ
927 5214 1336 5287 ἀμαθεστάτους
1372 5216 1400 5266 ὁ
1442 5215 1686 5280 Κέλσος,

140 5301 252 5365 τοὺς
288 5306 356 5377 μὴ
379 5305 773 5375 ἐπισταμένους
802 5304 987 5368 αὐτοῦ,
1020 5300 1171 5374 οἶμαι
1190 5344 1204 5367 ,
1231 5303 1301 5356 τὰ
1331 5304 1688 5375 προστάγμα-

139 5409 209 5446 τα
235 5397 350 5468 (38),
383 5400 515 5470 μηδὲ
540 5396 921 5460 παιδευθέντας
958 5396 1027 5449 τά
1058 5397 1166 5450 τῶν
1204 5395 1469 5466 Ἑλλήνων
1508 5395 1686 5466 μαθήο

247 5529 286 5562 ⁸⁸
308 5531 428 5603 Sap.
458 5549 538 5597 ix,
563 5532 618 5588 6.
729 5534 773 5565 ¹⁸
797 5532 959 5588 Hebr.
982 5549 1037 5599 v,
1068 5532 1154 5587 l4.

219 5645 316 5718 (53)
347 5650 684 5706 Hmscltelius
731 5651 787 5703 in
818 5657 992 5718 mxtu,
1045 5649 1297 5712 εἰδώλων,
1355 5648 1541 5718 sicque
1594 5649 1700 5703 duo

148 5717 297 5789 codd.
322 5721 616 5789 Anglicani.
661 5719 794 5772 Vide
825 5719 1063 5775 Platonis
1091 5722 1251 5787 epist.
1277 5722 1330 5774 6.
1431 5726 1433 5728 ’

223 5785 318 5911 (ἐξ)
339 5785 534 5845 omnes
555 5806 714 5870 mss”
738 5789 914 5911 236W.
939 5785 1242 5861 Spenccrus
1259 5790 1309 5844 in
1336 5796 1506 5856 textu,
1525 5789 1554 5842 ὑ
1563 5788 1696 5859 μῶν.

309 5859 709 5911 lllmschcltus.
763 5875 860 5911 .on.

227 5856 323 5932 (55)
353 5859 709 5928 llmschclius,
738 5856 860 5932 ἤδη.

1280 5531 1321 5563 ’⁷
1347 5531 1490 5585 Psal.
1518 5546 1706 5598 XLVIII,
1732 5530 1818 5586 lO.

1800 4669 1918 4723 lunt
1943 4669 2081 4722 inter
2097 4680 2192 4721 eos
2241 4665 2332 4734 qui
2356 4661 2720 4718 Christianam
2744 4658 3056 4727 religionem
3071 4660 3371 4708 sectantur.

1800 4761 1912 4817 Nec
1937 4762 2101 4817 etiam
2133 4757 2248 4826 ejus
2273 4755 2556 4827 sapientiae
2581 4767 2781 4808 arcana
2809 4769 2828 4804 ι
2863 4747 3152 4820 imperitis,
3174 4741 3373 4799 vilibus

1803 4855 2002 4920 servis,
2035 4851 2261 4906 rudibus
2298 4869 2316 4901 ι
2358 4849 2752 4904 etlisseruntur.

1883 5119 1968 5175 14.
2016 5117 2278 5187 Equidem
2328 5114 2465 5170 alios
2508 5111 2700 5169 Celsus
2751 5107 3148 5177 imperitorum,
3196 5103 3376 5159 vilium

1802 5227 2112 5275 servorum,
2157 5209 2371 5263 rudium
2410 5203 2687 5261 vocabulis
2718 5202 2988 5270 designat,
3015 5198 3232 5266 opinor,
3260 5210 3377 5260 eos,

1805 5305 1902 5373 qui
1935 5306 2053 5370 ejus
2086 5302 2340 5368 ignorant
2388 5299 2556 5367 leges,
2597 5311 2698 5351 nec
2742 5292 3041 5362 disciplinis
3065 5289 3381 5344 Graecorum

1809 5392 2001 5448 imbuti
2061 5400 2221 5457 sunt;
2277 5390 2435 5444 nobis
2503 5402 2634 5441 vero
2697 5380 3086 5454 imperitissimi
3127 5379 3202 5433 illi
3259 5384 3384 5432 sunt

1958 5529 2034 5583 ιεἸ
2060 5528 2185 5584 Cor.
2216 5543 2316 5594 xu,
2340 5531 2393 5594 8,
2419 5526 2472 5582 9.

1876 5646 1990 5714 (56)
2026 5645 2183 5699 Libb.
2217 5644 2346 5698 editi
2379 5644 2432 5696 in
2457 5640 2728 5714 margine,
2765 5636 3104 5714 δωρουμένη.

1877 5704 1988 5783 (57)
2021 5717 2187 5770 Codd.
2223 5715 2354 5777 Reg.
2379 5723 2434 5766 et
2457 5704 2644 5783 Basiﬁ,
2675 5704 2795 5783 ὅτι..
2818 5704 2973 5762 ιᾷίὺιί.
2995 5704 3146 5768 editi,
3185 5704 3357 5783 fletu.

1875 5775 1990 5857 (58)
2020 5785 2242 5857 Αὑτοῦ,
2265 5775 2442 5857 οἴμαι,
2474 5781 2546 5833 τὰ
2567 5778 3010 5857 προστάγματα,
3037 5785 3141 5828 etc.
3165 5775 3258 5857 "lla
3293 5787 3385 5857 co-

1805 5841 1904 5913 dci
1953 5841 2516 5923 Basileenéisfurjus
2569 5841 2728 5908 lectio
2781 5841 2993 5903 videtur
3048 5841 3382 5915 praeferenda
