3840 6412
461 311 596 372 εδει

461 453 602 502 quos
632 451 734 489 non
771 435 932 502 pudet
975 446 1062 486 res
1105 431 1371 486 inanimas
1411 433 1630 502 alloqui,
1672 431 1960 484 sanitatem
2011 449 2037 482 ι.

2160 442 2290 476 ιατα
2309 441 2320 452 ·
2351 425 2510 494 ἡμεῖς
2555 425 2607 476 δὲ

466 545 525 584 re
557 531 791 594 inlirma,
829 539 1056 582 mortem
1088 543 1115 580 a
1175 543 1229 582 re
1263 535 1500 591 mortua,
1531 525 1789 578 auxilium
1824 523 1891 576 ab
1942 525 2042 576 im-

463 621 836 690 potentissima
871 635 930 676 rc
971 619 1272 690 postulare.
1303 619 1368 672 Et
1397 618 1644 688 quamvis
1675 626 1871 686 negent
1907 629 2042 670 uou-

465 712 594 766 uulli
619 727 704 767 res
725 712 842 766 illas
860 727 981 768 esse
1005 712 1152 774 deos.
1182 713 1276 766 sed
1305 720 1516 764 tantum
1541 723 1794 764 verorum
1817 708 2042 762 deorum

461 803 668 874 elligies
689 804 1009 874 illorumqne
1036 805 1190 874 signa
1213 845 1228 870 ,
1264 813 1447 857 tamen
1475 802 1710 872 imperiti
1742 807 1888 864 sunt,
1917 799 2042 854 vilia

465 898 756 965 mancipia,
805 906 858 950 et
891 898 1090 966 ignari,
1126 897 1218 966 qui
1251 899 1490 950 animum
1522 896 1782 950 inducunt
1817 895 2046 964 opifices

465 987 664 1042 imitari
703 1003 860 1057 posse
905 991 1265 1046 divinitatem.
1301 989 1414 1042 liae
1445 988 1766 1055 stupiditate
1804 995 1858 1040 et
1889 985 2045 1052 igno-

465 1079 639 1132 rantia
697 1095 856 1134 nemo
915 1089 1161 1135 nostrum
1222 1095 1290 1136 ne
1347 1083 1492 1136 inter
1545 1079 2044 1148 contemptissimos

463 1171 683 1240 quidem
735 1172 1024 1228 laboravit.
1091 1175 1352 1243 Equidem
1411 1175 1646 1228 dicimus
1701 1182 1758 1228 ut
1814 1173 2045 1240 quisque

463 1263 922 1331 prudentissiums
977 1274 1084 1332 et,
1119 1268 1189 1320 ab
1225 1268 1316 1322 illo
1348 1267 1584 1320 maxime
1610 1267 1847 1319 divinam
1892 1278 2044 1334 spem

464 1356 688 1424 intelligi
719 1366 774 1410 et
795 1361 1222 1425 comprehendi;
1273 1361 1366 1414 sed
1397 1377 1501 1414 non
1537 1361 1743 1413 idcirco
1781 1373 2045 1424 negamus

465 1447 580 1499 fieri
615 1461 774 1515 posse
828 1459 884 1502 ut
937 1451 1176 1504 divinam
1215 1452 1536 1520 sapientiam
1569 1451 1771 1518 capiat,
1803 1451 1894 1519 qui
1939 1465 2044 1504 non

465 1539 624 1592 fuerit
661 1542 712 1592 iu
751 1541 984 1595 humana
1011 1542 1377 1610 exercitatus;
1403 1553 1458 1596 et
1483 1543 1814 1596 assentimur
1855 1543 2047 1595 huma-

463 1645 586 1682 nam
645 1645 862 1686 omnem
911 1633 1263 1702 sapientiam,
1323 1634 1366 1686 si
1423 1633 1621 1686 divina:
1675 1643 2042 1702 comparetur,

463 1720 752 1775 stultitiam
785 1737 930 1778 esse.
971 1723 1084 1778 Sub
1113 1725 1248 1790 hinc,
1275 1740 1404 1780 cum
1433 1724 1738 1779 rationibus
1769 1738 1930 1792 agerc
1959 1725 2044 1777 de-

1949 299 2270 358 ORIGENES

3565 317 3680 372 ιδιι

2555 423 2607 476 δὲ
2645 423 3132 490 ἀπαιδευτοτάτους
3164 427 3335 498 φαμὲν
3373 426 3486 493 τοὺς
3518 433 3580 501 μὴ
3613 437 3680 486 αι-

2147 515 2506 584 σχυνομένους
2533 517 2590 567 εν
2618 515 2692 585 τῷ
2721 518 2828 578 τοῖς
2859 515 3089 587 ἀψύχοις
3114 517 3444 588 προσλαλεῖν,
3471 523 3555 572 καὶ
3581 526 3682 594 περὶ

2149 607 2246 677 μὲν
2275 607 2460 674 ὑγείας
2493 608 2555 660 τὺ
2583 607 2806 671 ἀσθενὲς
2843 608 3322 679 ἐπικαλουμένους,
3359 613 3476 682 περὶ
3500 613 3548 666 δὲ
3570 613 3684 685 ζωῆς

2145 699 2204 751 τὸ
2232 701 2423 771 νεκρὸν
2472 699 2774 764 ἀξιοῦντας,
2812 703 2936 768 περὶ
2969 700 3028 753 δὲ
3062 702 3374 771 ἐπικουρίας
3409 704 3464 755 τὸ
3507 705 3676 777 ἀπορώ-

2144 809 2302 844 τατον
2335 791 2691 855 ἱκετεύοντας.
2721 793 2835 845 Κάν
2866 811 3008 856 τινες
3034 793 3090 844 δὲ
3121 795 3194 864 μὴ
3223 793 3392 848 ταύτά
3413 813 3556 863 eam
3575 793 3684 850 εἶναι

2145 885 2269 948 τοὺς
2317 883 2490 946 θεοὺς,
2541 885 2676 937 ἀλλὰ
2727 885 3065 956 μιμημάτων
3101 885 3364 956 ἀληθινῶν
3409 887 3509 958 (59)
3542 889 3684 940 κάκεί·

2146 993 2250 1028 νων
2287 975 2568 1046 σύμϐολα·
2613 976 2762 1028 οὐδὲν
2793 972 2953 1048 ἦττον
3001 979 3092 1032 καὶ
3133 974 3295 1042 οὗτοι,
3349 980 3402 1030 ὲν
3451 977 3686 1047 βαναύσων

2147 1065 2302 1133 χερσὶ
2343 1064 2412 1116 τὰ
2451 1065 2743 1134 μιμήματα
2781 1067 2880 1136 τῆς
2911 1067 3185 1138 θειότητος
3231 1068 3591 1138 φανταζόμενοι
3627 1068 3686 1122 el-

2147 1172 2252 1216 ναι,
2287 1155 2597 1208 ἀπαίδευτοί
2651 1157 2777 1220 είσι,
2829 1160 2921 1211 καὶ
2971 1159 3301 1230 ἀνδράποδα,
3345 1162 3434 1213 καὶ
3465 1161 3682 1232 ἀμαθεῖς·

2147 1245 2220 1308 ὡς
2253 1245 2378 1309 τοὺς
2421 1247 2679 1316 ἐσχάτους
2730 1247 2836 1300 τῶν
2881 1250 2935 1300 ὲν
2972 1252 3102 1320 ἠμῖς)
3151 1251 3485 1320 ἀπηλλάχθαι
3521 1254 3684 1324 ταύτης

2145 1337 2244 1404 τῆς
2272 1337 2624 1400 ἀπαιδευσίας
2653 1339 2744 1390 καὶ
2771 1339 2868 1410 τῆς
2897 1341 3158 1410 ἀμαθίας,
3185 1343 3278 1394 καὶ
3311 1346 3687 1414 φρονιμωτάτοις

2145 1428 2201 1480 δὲ
2233 1429 2330 1498 τὴν
2365 1429 2515 1481 θείαν
2567 1431 2755 1482 ἐλπίδα
2789 1431 3026 1484 νοεῖσθαι
3069 1433 3160 1486 καὶ
3205 1435 3682 1506 καταλαμϐάνεσθαι,

2148 1521 2348 1590 φαμέν.
2383 1523 2455 1574 Οὐ
2493 1521 2722 1592 λέγομεν
2753 1523 2862 1592 (40)
2893 1524 2948 1576 δὲ
2997 1525 3092 1576 καὶ
3124 1527 3222 1596 οὐχ
3248 1522 3357 1579 οἶόν
3389 1531 3433 1580 τ’
3465 1523 3602 1592 εἶναι,
3629 1531 3684 1598 μὴ

2148 1613 2634 1683 ἐγγυμνασάμενον
2688 1617 2752 1684 τῇ
2813 1613 3127 1688 ἀνθρωπίνῃ
3187 1619 3348 1690 σοφίᾳ
3399 1623 3574 1688 χωρεῖν
3616 1621 3686 1690 τὴν

2149 1702 2454 1772 θειοτέραν·
2483 1706 2576 1757 καὶ
2601 1706 2812 1776 μωρίαν
2841 1707 3022 1759 πᾶσαν
3045 1709 3142 1778 τὴν
3171 1709 3508 1782 ἀνθρωπίνην
3538 1711 3686 1778 σοφίαν

794 1773 929 1778 -----
1280 1773 1403 1780 -____
1433 1773 1736 1779 ------.------
1772 1773 1927 1792 .-υ----
1962 1773 2021 1777 μ-

463 1815 692 1880 buisset,
730 1833 828 1870 nos
870 1828 1026 1871 vocat
1050 1819 1419 1882 circulatores,
1456 1833 1664 1887 nosque
1705 1821 1782 1874 ait
1817 1837 1836 1869 ι
1882 1839 2042 1893 quam

2160 1794 2219 1857 ὓς
2269 1795 2402 1865 πρὸς
2445 1795 2540 1865 τὴν
2586 1794 2736 1848 θείαν
2793 1798 3184 1870 ὁμολογοῦμεν.
3239 1798 3388 1866 Εἶτα,
3417 1803 3524 1856 δέον
3564 1803 3686 1855 αύτὺν

463 1906 754 1962 celerrime
799 1907 988 1978 fugere
1033 1925 1148 1972 eos,
1205 1912 1320 1979 qui,
1385 1911 1511 1980 quia
1567 1914 1844 1981 politiores
1893 1928 2042 1984 sunt,

465 1999 672 2051 nostris
709 2001 994 2056 fraudibus
1049 2003 1268 2058 minime
1317 2012 1536 2073 patent;
1583 2006 1675 2058 sed
1727 2009 2045 2064 rusticiores

465 2088 780 2144 inescare.)
812 2092 1098 2148 Enimvero
1135 2093 1476 2163 nescitjama
1501 2096 2045 2168 primistempuribus

467 2183 610 2249 apud
642 2199 740 2238 nos
791 2169 1286 2254 fuissesapicutes,
1324 2189 1415 2257 qui
1443 2189 1648 2242 exteris
1679 2192 1844 2245 etiam
1879 2193 2046 2246 disci-

465 2277 632 2344 plinis
661 2278 1054 2346 prmcellerent.
1087 2277 1302 2348 Moyses
1320 2282 1466 2334 enim
1487 2285 1631 2338 omni
1665 2283 2044 2356 Atlgyptiorum

464 2366 732 2434 sapientia
767 2367 1066 2424 instructus
1107 2370 1449 2436 fuit;omues
1479 2373 1831 2445 Assyriorum
1868 2379 2046 2431 scien-

465 2459 570 2512 tias
599 2459 868 2514 callebant
917 2463 1124 2525 Daniel,
1180 2463 1444 2528 Ananias,
1499 2465 1725 2522 Azarias
1757 2479 1808 2522 et
1837 2469 2045 2534 Misael,

466 2548 541 2601 ita
575 2557 634 2601 ut
661 2550 1000 2618 sapientibus
1027 2553 1280 2608 omnibus
1305 2555 1395 2624 qui
1423 2553 1534 2608 illic
1563 2567 1720 2610 erant
1744 2571 1926 2614 essent
1955 2560 2049 2614 de-

465 2640 626 2710 enplo
643 2644 1022 2710 sapientiores.
1039 2643 1191 2700 Nunc
1217 2651 1380 2704 etiam
1423 2653 1476 2706 in
1509 2651 1768 2707 Eccle.-.-.iis
1801 2653 2050 2707 vitientur

465 2733 622 2799 pauci
663 2735 905 2802 quidem,
941 2737 1128 2794 habita
1177 2742 1388 2797 ratione
1423 2754 1632 2799 caetera:
1663 2744 2048 2809 multitudinis,

468 2827 564 2880 scd
605 2826 858 2883 videntur
890 2841 1093 2897 tamen,
1124 2835 1213 2902 qui
1239 2837 1303 2889 ad
1335 2837 1456 2892 illas
1479 2839 1750 2903 venerint,
1773 2855 1856 2904 ea,
1886 2855 2046 2908 quam

467 2918 649 2974 carnis
683 2935 964 2987 vocamus,
1022 2926 1287 2992 sapientia
1345 2931 1678 2998 prtesignes;
1738 2939 1864 2984 sunt
1911 2945 2049 3000 prse-

471 3019 618 3066 terea
645 3014 732 3081 qui
773 3015 956 3069 abilla
998 3017 1066 3070 ad
1118 3019 1356 3074 divinam
1411 3023 1730 3091 sapientiam
1773 3024 2048 3094 progressi

468 3103 598 3158 sint.

543 3221 631 3275 15.
683 3221 814 3278 Post
845 3223 963 3280 hsce
992 3223 1206 3292 Celsus,
1265 3226 1418 3295 quasi
1454 3225 1522 3280 de
1575 3225 1882 3280 humilitate
1915 3243 2054 3282 con-

471 3314 591 3367 fuse
625 3316 904 3380 andiisset,
940 3333 1040 3372 nec
1074 3329 1252 3371 tamen
1281 3333 1399 3386 quae
1424 3317 1706 3372 sitfuissct
1737 3329 2047 3385 assecutus,

471 3419 592 3457 eam
617 3421 738 3472 qum
783 3407 920 3475 apud
947 3423 1044 3461 nos
1089 3409 1315 3462 docetur
1345 3408 1623 3462 criminari
1654 3418 1848 3470 leniat.
1877 3421 2056 3464 retur-

472 3512 578 3562 que
607 3509 876 3566 sumptam
903 3517 930 3551 a
961 3499 1331 3554 nobisessccx
1351 3501 1490 3552 male
1515 3499 1792 3556 intellecto
1819 3501 2058 3558 Platonis

473 3587 614 3654 loco,
646 3589 737 3658 qui
775 3589 971 3644 alicubi
1014 3593 1063 3643 iu
1096 3592 1210 3646 suis
1259 3590 1466 3660 legibus
1509 3593 1614 3645 ait:
1655 3612 1672 3644 ι
1717 3593 1874 3658 Deus,
1926 3597 2055 3664 qui,

474 3693 580 3736 uta
615 3684 894 3738 veteribus
939 3686 1194 3738 traditum
1231 3695 1334 3749 est,
1375 3700 1554 3739 rerum
1602 3686 1844 3740 omnium
1889 3689 1939 3742 in
1999 3705 2058 3744 se

473 3777 718 3830 continet
754 3778 1099 3847 principium,
1141 3776 1300 3830 liuent
1348 3789 1404 3832 et
1435 3779 1690 3840 medium.
1728 3793 1873 3834 recta
1911 3782 2058 3835 incc-

476 3871 554 3922 dit
587 3887 683 3940 per
727 3870 871 3924 hanc
915 3870 1289 3924 univcrsitatis
1319 3878 1589 3924 naturam.
1637 3871 1790 3928 llunc
1844 3888 2062 3941 seraper

475 3963 720 4030 Sequitur
742 3963 975 4033 justitia,
1018 3977 1228 4027 eorum,
1258 3964 1394 4032 quia
1421 3964 1601 4017 divina
1635 3965 1754 4034 lege
1775 3965 2058 4027 deficiunt,

475 4057 642 4109 ultrix
675 4067 838 4124 atque
863 4057 1094 4120 vindex;
1134 4069 1318 4124 quam,
1361 4056 1450 4124 qui
1503 4055 1632 4110 felix
1686 4057 1902 4110 futurus
1951 4066 2058 4122 est,

473 4149 958 4222 Mlconstanter
974 4153 1219 4220 sequitur
1238 4153 1457 4206 humilis
1471 4161 1523 4204 et
1538 4161 1782 4204 ornatus.
1799 4171 1814 4201 ι
1828 4150 1930 4206 Sed
1951 4166 2058 4204 non

477 4245 624 4297 videt
657 4259 686 4296 a
729 4243 863 4297 viris
891 4243 1118 4299 Platone
1151 4245 1309 4314 longe
1344 4242 1749 4312 antiquioribus
1771 4231 1976 4296 dictum
2005 4242 2056 4294 in

477 4335 732 4402 precibus
761 4335 960 4390 fuisse:
1007 4353 1025 4386 ι
1077 4337 1327 4402 Domine,
1357 4353 1461 4390 non
1497 4345 1582 4392 est
1637 4339 1932 4390 exaltatum
1965 4350 2062 4388 cor

2149 1885 2511 1952 ἀγωνίζεσθαι
2542 1889 2669 1956 περὶ
2701 1887 2794 1939 τοῦ
2825 1888 3008 1958 λόγου,
3044 1893 3072 1943 ὁ
3103 1890 3160 1944 δὲ
3213 1893 3412 1963 γόητας
3457 1895 3586 1964 ἡμᾶς
3611 1912 3684 1947 κα-

2146 1976 2248 2038 λεῖ,
2281 1977 2374 2028 καί
2403 1994 2584 2048 φησιν,
2603 1979 2684 2030 ὅτι
2710 1998 2726 2028 ι
2762 1979 3034 2048 φεύγομεν
3059 1982 3180 2044 τοὺς
3205 1983 3570 2054 χαριεστέρους
3591 2000 3688 2052 προ-

2147 2069 2440 2139 τροπάδην,
2477 2069 2552 2134 ὡς
2597 2071 2694 2142 οὐχ
2749 2072 2994 2142 ἑτοίμους
3043 2075 3386 2126 ἀπατᾶσθαι·
3437 2074 3689 2143 παλεύομεν

2147 2160 2202 2214 δὲ
2251 2162 2377 2225 τοὺς
2429 2164 2868 2236 ἀγροικοτέρους.
2911 2185 2928 2216 ›
2957 2167 3033 2219 Οὐ
3061 2166 3170 2239 γὰρ
3211 2163 3350 2220 εἶδεν
3391 2168 3494 2238 (ιιι)
3531 2169 3688 2223 ἀνωθεν

2151 2253 2246 2304 καὶ
2276 2253 2332 2318 ἐξ
2363 2253 2538 2324 ἀρχῆς
2559 2255 2653 2307 καὶ
2685 2257 2796 2317 τοῖς
2830 2255 3027 2318 ἔξωθεν
3063 2257 3350 2329 μαθήμασι
3379 2257 3688 2328 πεπαιδευμέ-

2151 2363 2275 2409 νους
2305 2347 2430 2409 τοὺς
2463 2349 2589 2419 παρ’
2619 2350 2749 2418 ἡμῖν
2787 2350 3002 2416 σοφοὺς,
3055 2350 3300 2405 Μωῦσέα
3333 2352 3431 2422 μὲν
3470 2353 3595 2420 πάσῃ
3619 2351 3689 2402 Αί-

2151 2438 2395 2506 γυπτίων
2433 2439 2624 2510 σοφίᾳ·
2672 2439 2868 2510 Δανιὴλ
2913 2441 2989 2504 δὲ,
3023 2443 3116 2494 καὶ
3157 2443 3424 2506 Ἀνανίαν,
3459 2445 3542 2496 καὶ
3573 2441 3690 2504 Ἀζα-

2155 2526 2298 2598 ρίαν,
2336 2527 2430 2578 καὶ
2465 2527 2685 2597 Μισαὴλ
2731 2531 2864 2581 πᾶσι
2909 2532 3020 2594 τοῖς
3064 2531 3369 2604 ’Λσσυρίων
3403 2533 3688 2603 γράμμασιν,

2152 2617 2277 2670 ὥστ’
2311 2619 2508 2681 αὐτοὺς
2535 2619 2821 2690 εὑρεθῆναι
2861 2621 3080 2674 πάντων
3109 2623 3217 2675 τῶν
3249 2626 3366 2676 ἐκεῖ
3391 2625 3551 2693 σοςῶν
3572 2624 3694 2676 δεκα-

2153 2710 2431 2774 πλασίους.
2457 2711 2676 2766 Καὶνῦν
2718 2713 2773 2765 δὲ
2815 2715 2868 2765 αἱ
2907 2715 3223 2785 Ἐκκλησίαι
3253 2716 3430 2786 ἔχουσι
3472 2716 3560 2787 μὲν
3587 2715 3692 2768 ἀνία

2151 2803 2307 2870 λογον
2358 2806 2467 2865 τοῖς
2513 2803 2772 2873 πλήθεσιν
2823 2807 3039 2873 ὀλίγους
3086 2808 3284 2874 σοςροὺς
3333 2808 3690 2876 προσελθόντας,

2155 2896 2252 2946 καὶ
2287 2893 2394 2946 ἀπὸ
2427 2893 2526 2962 τῆς
2565 2893 2900 2964 καλουμένης
2932 2895 3062 2966 παρ’
3099 2897 3232 2964 ἡμῖν
3265 2897 3402 2948 κατὰ
3437 2897 3590 2966 σάρκα
3629 2911 3694 2945 σο-

2156 2985 2308 3053 φίας·
2345 2983 2525 3054 ἕχουσι
2573 2983 2626 3036 δὲ
2671 2985 2764 3038 καὶ
2803 2988 2929 3050 τοὺς
2969 2987 3365 3059 διαϐεϐηκότας
3403 2989 3489 3039 ἀπ’
3523 2985 3694 3056 ἐκείνης

2079 3113 2123 3169 c
2159 3075 2252 3126 ἐπὶ
2289 3073 2388 3144 τὴν
2413 3073 2564 3126 θείαν
2599 3075 2808 3143 σοφίαν.

2231 3229 2363 3286 Εἶτα
2426 3238 2564 3306 μετά
2613 3237 2784 3289 ταῦτα
2831 3237 2860 3288 ὁ
2937 3233 3169 3297 Κέλσος,
3195 3233 3272 3300 ὡς
3301 3232 3624 3305 περιηχηθεὶς
3643 3232 3692 3284 τὰ

2159 3328 2288 3398 περὶ
2317 3327 2836 3396 ταπεινοφροσύνης,
2873 3329 2966 3380 καὶ
3005 3327 3078 3397 μὴ
3117 3327 3391 3396 ἐπιμελῶς
3421 3325 3570 3396 αὐτὴν
3597 3325 3694 3392 νοή-

2161 3437 2278 3483 σας,
2313 3417 2562 3488 βοωιεται
2597 3419 2695 3490 μὲν
2725 3419 2820 3490 τὴν
2867 3421 2994 3489 παρ’
3025 3421 3156 3489 ἡμῖν
3195 3418 3531 3486 κακολογεῖν·
3561 3418 3696 3470 οἴεται

2158 3511 2201 3564 δ’
2231 3512 2402 3582 αὐτὴν
2430 3511 2796 3583 παρακουσμα
2829 3508 2966 3564 εἶναι
3003 3511 3112 3562 τῶν
3146 3511 3428 3574 Πλάτωνος
3460 3510 3628 3578 λόγων,
3653 3507 3698 3569 ὂς

2161 3604 2292 3672 φησί
2325 3621 2424 3656 που
2474 3605 2530 3655 ἐν
2559 3607 2666 3667 τοῖς
2709 3605 2942 3671 νόμοις·
2984 3622 3002 3653 ι
3048 3603 3106 3656 ’0
3135 3603 3234 3673 μὲν
3264 3603 3328 3672 δὴ
3365 3603 3508 3666 Θεὸς,
3549 3600 3701 3662 ὥσπερ

2160 3698 2253 3748 καὶ
2285 3697 2312 3747 ὁ
2345 3695 2571 3758 παλαιὸς
2595 3695 2769 3762 λόγος,
2793 3697 2966 3765 ἀρχήν
2993 3711 3054 3748 τε
3081 3695 3176 3747 καὶ
3205 3695 3456 3768 τελευτὴν
3484 3693 3566 3747 καὶ
3591 3693 3701 3764 μέσα

2161 3788 2266 3841 τῶν
2299 3789 2464 3840 δντων
2493 3787 2743 3840 ἁπάντων
2781 3787 2939 3856 ἒχων,
2971 3787 3161 3857 εὐθείᾳ
3196 3787 3305 3858 (42)
3339 3787 3566 3860 περαίνει
3593 3781 3702 3837 κατὰ

2162 3878 2320 3946 φύσιν
2370 3876 2904 3947 παραπορευόμενος.
2953 3875 3046 3946 Τῷ
3091 3876 3135 3929 δ’
3181 3879 3268 3930 ἀεὶ
3301 3877 3569 3943 ξυνέπεται
3605 3875 3704 3941 δίκη

2161 3969 2266 4023 τῶν
2309 3967 2782 4038 ἀπολελειμμένων
2813 3967 2903 4020 τοῦ
2940 3967 3088 4023 θείου
3129 3969 3298 4040 νόμου
3337 3969 3590 4040 τιμωρός·
3613 3961 3705 4037 ἦςὸ

2164 4061 2264 4152 μὲν
2313 4061 2720 4131 εὐδαιμονήσειν
2767 4060 2977 4131 μέλλων
3031 4062 3292 4132 ἐχόμενος
3333 4060 3596 4128 ξυνέπεται
3633 4075 3706 4111 τα-

2163 4153 2346 4217 πεινὸς
2383 4155 2475 4205 καὶ
2505 4154 2916 4222 κεκοσμημένος
2937 4170 2950 4184 ·
2993 4173 3012 4204 ι
3049 4154 3150 4223 οὐχ
3175 4154 3339 4226 ὀρῶν,
3361 4155 3441 4207 ὅτι
3469 4153 3600 4224 παρὰ
3621 4153 3706 4212 τοῖς

2163 4245 2296 4298 πολὺ
2345 4245 2629 4308 Πλάτωνος
2675 4244 3051 4315 ἀρχαιοτέροις
3101 4243 3349 4298 λέλεκται
3395 4247 3448 4298 ἐν
3479 4245 3620 4313 εὐχῇ·
3643 4241 3705 4300 τὸ,

2171 4359 2190 4392 ι
2219 4340 2412 4410 Κύριε,
2461 4341 2559 4409 οὐχ
2605 4337 2791 4408 ὑψώθη
2829 4339 2860 4407 ἡ
2902 4338 3100 4410 καρδία
3144 4355 3270 4408 μου,
3313 4339 3420 4391 οὐδ’
3467 4331 3706 4408 ἐμετεωρί-

480 4442 681 4493 meum,
716 4443 892 4496 neque
919 4427 1045 4481 elati
1079 4437 1205 4482 sunt
1256 4428 1395 4484 oculi
1431 4429 1557 4492 mei,
1585 4441 1759 4494 neque
1788 4427 2053 4482 ambulavi

2169 4431 2372 4501 σθησαν
2392 4432 2440 4484 oi
2469 4429 2735 4500 ὀφθαλμοί
2765 4447 2888 4499 μου,
2915 4429 3038 4482 οὐδὲ
3067 4428 3370 4500 ἐπορεύθην
3397 4425 3702 4498 ξεν-μεγάλοις,

479 4518 531 4570 in
571 4519 802 4589 magnis,
835 4534 1007 4589 neque
1035 4521 1088 4574 in
1139 4520 1479 4575 mirabilibus
1509 4535 1674 4588 super
1723 4534 1827 4574 me.
1865 4519 1921 4573 Si
1955 4535 2062 4573 non

481 4611 760 4665 humiliter
783 4614 1082 4666 sentiebam
1101 4615 1162 4667 ‘9.
1186 4632 1203 4664 ι
1234 4614 1408 4680 Atque
1431 4613 1556 4666 hinc
1579 4612 1723 4666 aliud
1750 4613 2060 4674 edocemur,

483 4704 740 4757 nimirum
762 4719 985 4760 necesse
1013 4721 1277 4768 nonesse,
1300 4706 1468 4776 utqui
1503 4705 1817 4760 «humiliter
1837 4706 2056 4768 sentit,»

485 4795 797 4850 indecenter
823 4805 877 4850 et
912 4797 1164 4852 indecore
1186 4812 1244 4850 se
1273 4795 1542 4858 demittat,
1565 4795 1881 4864 procumbat
1917 4794 2066 4848 humi

483 4888 670 4956 pronis
693 4889 943 4957 genibus,
963 4887 1258 4942 infelicium
1277 4888 1380 4942 sibi
1410 4896 1613 4940 vestem
1639 4886 1845 4949 induat,
1873 4885 2066 4941 ftedct-

487 4995 594 5049 que
624 4981 810 5035 cinere
857 4991 1058 5048 caput;
1115 4996 1238 5034 nam
1271 4979 1494 5034 humilis
1531 4979 1642 5042 ille,
1685 4980 1751 5032 de
1794 4995 1902 5046 quo
1937 4979 2068 5032 Pro.

487 5074 676 5141 pheta,
713 5073 840 5128 licet
865 5075 916 5128 in
953 5074 1163 5143 magnis
1200 5082 1365 5142 atque
1404 5071 1836 5128 admirabilibus.
1873 5081 1924 5125 et
1949 5085 2069 5140 qua:

491 5164 664 5233 ipsum
722 5177 984 5236 superant
1043 5168 1203 5222 rebus
1259 5165 1466 5220 versari
1521 5171 1704 5226 amet,
1771 5177 1964 5231 nempe
2017 5163 2068 5217 in

603 5261 644 5290 ¹⁹
669 5258 812 5315 Psal.
835 5277 998 5325 cxxx,
1027 5263 1079 5330 1,
1103 5261 1157 5322 2,
1180 5261 1236 5316 5.

489 5378 750 5442 Vulgattn,
781 5378 946 5452 αίιτοῦ
976 5379 1044 5452 τὰ
1071 5379 1391 5452 πράγματα.
1423 5378 1588 5432 Paulo
1614 5389 1738 5452 post
1771 5377 1908 5432 infra
1941 5393 2072 5452 qua-

491 5460 613 5519 tuor
645 5465 776 5503 mss.
811 5451 970 5518 Reg.,
1003 5450 1194 5512 Basil.,
1236 5451 1480 5504 Vatican.
1513 5459 1566 5504 ct
1595 5450 1758 5519 Angl.
1785 5451 2074 5507 set-nudus,

485 5518 549 5572 τὸ
584 5519 940 5590 ἀπειρότατον
969 5523 1330 5583 ἱκετεύοντας.

565 5589 676 5659 (59)
705 5588 1070 5658 Μιμημάτων
1096 5589 1422 5657 ἀληθινῶν.
1455 5588 1598 5658 Lege
1619 5603 1740 5640 cum
1771 5588 2078 5654 Boherello,

495 5661 789 5730 μιμήματα
821 5661 930 5712 τῶν
954 5659 1242 5730 ἀληθινῶν,
1281 5661 1362 5712 vel
1397 5659 1534 5712 θεῶν
1561 5659 1852 5730 ἀληθινῶν.

567 5731 677 5816 (tu)
709 5731 1104 5816 (insta-01min
1163 5732 1406 5816 Quatuor
1451 5730 1576 5785 cod.
1609 5747 1740 5786 niss.
1775 5747 1878 5785 non
1915 5745 2084 5801 agno-

494 5810 652 5855 scunt
687 5810 881 5869 partic.
915 5811 1096 5872 negat.
1129 5810 1210 5858 ου.

2167 4521 2288 4574 οὐδὲ
2333 4521 2392 4573 ὲν
2435 4521 2760 4591 θαυμασίοις
2797 4519 2938 4590 ὑπὲρ
2973 4519 3109 4591 ἐμέ·
3167 4521 3215 4572 εἰ
3271 4521 3344 4592 μὴ
3381 4513 3708 4586 inim”???

2164 4632 2310 4674 νουν.
2351 4633 2370 4665 ι
2405 4615 2556 4685 ’Ἅμα
2593 4613 2646 4667 δὲ
2683 4612 2936 4684 δηλοῦται
2963 4612 3054 4666 διὰ
3085 4613 3312 4676 τούτων,
3339 4614 3418 4666 ὅτι
3451 4612 3506 4666 οὐ
3539 4609 3708 4666 πάντως

2164 4709 2192 4758 ὁ
2224 4705 2661 4778 ταπεινοφρονῶν
2693 4705 3023 4774 ἀσχημόνως
3050 4706 3146 4758 καὶ
3179 4705 3445 4768 ἀπαισίως
3479 4695 3708 4756 ταπεινοῦ-

2165 4814 2276 4860 ται,
2307 4797 2652 4867 χαμαιπετὴς
2679 4796 2770 4848 ὲπὶ
2807 4794 2912 4848 τῶν
2947 4795 3191 4863 γονάτων
3223 4797 3316 4848 καὶ
3343 4793 3542 4866 πρηνὴς
3564 4791 3708 4862 ἐρριμ-

2171 4887 2352 4958 μένος,
2405 4886 2610 4957 ὲσθῆτα
2665 4885 2940 4956 δυστήνων
2989 4885 3418 4957 ἀμφισκόμενος,
3475 4884 3558 4936 καὶ
3598 4879 3709 4932 κόνιν

2169 4978 2550 5050 ὲπαμώμενος.
2605 4978 2661 5029 '0
2703 4975 2814 5046 γὰρ
2847 4975 2991 5029 κατὰ
3025 4977 3132 5029 ’τὸν
3185 4978 3474 5048 Προφήτην
3513 4985 3710 5027 ταπεινο-

2173 5071 2404 5141 φρονῶν,
2441 5069 2806 5142 πορευόμενος
2855 5069 2914 5119 ἐν
2971 5068 3234 5138 μεγάλοις
3286 5069 3380 5121 καὶ
3425 5064 3708 5136 θαυμασίοις,

2170 5167 2282 5228 τοῖς
2311 5164 2451 5235 ὑπὲρ
2483 5165 2666 5228 αὑτὸν,
2699 5165 2810 5226 τοῖς
2843 5160 3062 5231 ἀληθῶς
3113 5162 3367 5233 μεγάλοις
3407 5163 3613 5232 δόγμασι
3643 5154 3712 5208 καὶ

2251 5375 2362 5446 (Η)
2403 5375 2562 5430 Libh.
2597 5372 2724 5446 editi
2757 5371 2813 5446 in
2844 5371 3112 5446 margine,
3148 5371 3308 5446 οἶδεν.

2253 5439 2366 5520 (42)
2397 5447 2488 5520 Sic
2542 5439 2990 5520 lltcseheliusuin
3033 5455 3206 5520 textu.
3231 5443 3436 5520 _(_iodd._
3467 5439 3646 5520 Regips.
3674 5443 3712 5486 εἰ

2182 5507 2536 5580 Rasiléensis,
2589 5512 2773 5568 εὐθέα.
2838 5513 2996 5567 Libh.
3046 5514 3177 5568 editi
3231 5513 3484 5572 Platonis,
3527 5507 3709 5580 εὐθεῖαν.

2183 5591 2317 5640 Vide
2369 5576 2648 5640 Platonem
2678 5583 2794 5656 lib.
2832 5599 2882 5636 Iv
2930 5582 3010 5637 De
3057 5585 3280 5653 legibus,
3319 5600 3436 5656 pag.
3462 5576 3710 5656 715.330}!

2183 5659 2345 5711 iidem
2382 5657 2506 5710 libri
2559 5655 2689 5710 editi
2719 5654 3002 5726 Platonis,
3047 5641 3546 5726 περιπορευόμενος.
3592 5641 3701 5716 Τῷδ

2185 5728 2266 5780 ἀεὶ
2298 5726 2580 5792 ξυνέπεται
2605 5726 2728 5798 δίκη
2753 5727 2858 5780 τῶν
2885 5724 3350 5796 ἀπολειπομένων.
