3926 6556
469 374 612 432 1515

1949 370 2274 431 ORIGENlS

3615 368 3749 425 l3l3

465 494 572 549 hoc
625 489 826 548 animal
872 491 1133 562 reputari,
1175 491 1467 561 probatum
1509 491 1726 562 quidem
1776 499 2040 560 quatenus

2149 486 2242 539 ἐπὶ
2263 487 2329 557 τῇ
2365 488 2677 559 κατασκευῇ
2701 485 2933 555 σκολιὸν,
2968 484 3448 557 παραϐαλλόμενον
3476 482 3556 554 τῷ
3589 483 3758 538 πλου-

368 612 378 620 ·
462 586 727 650 ruminat,
768 583 1096 653 rejectitium
1139 598 1291 648 vero,
1328 583 1457 654 quia
1495 583 1668 638 divisa
1711 582 1906 652 ungula
1944 597 2047 636 non

463 677 557 733 sit.
583 676 941 732 Observasset
977 675 1140 729 etiam
1181 672 1402 745 quoties
1448 683 1504 728 et
1533 673 1734 745 quibus
1771 673 1837 728 de
1871 671 2049 727 causis

465 769 758 836 Scriptura:
779 768 846 821 de
877 765 1086 821 camelo
1123 766 1450 820 mentionem
1492 763 1758 829 fecerint;
1806 771 1863 817 ut
1889 762 2048 817 Verbi

463 854 533 909 de
568 853 826 908 divitibus
878 853 1202 909 sententiam
1259 862 1662 922 assequeretur.
1714 853 1828 908 lloc
1880 853 2044 906 etiam

463 944 966 1011 animadvertisset,
1010 944 1278 1010 Jesnsne,
1335 962 1458 1000 cum
1514 960 1781 1016 pauperes
1835 946 2045 1011 beatos,

463 1037 662 1092 divites
720 1051 853 1092 vero
897 1037 1131 1091 miseros
1177 1037 1497 1107 pronuntiat
1545 1037 1611 1104 “,
1666 1036 1924 1106 loquatur
1981 1037 2048 1092 de

462 1130 714 1200 utrisque
736 1129 1032 1198 spectando
1053 1130 1119 1183 ad
1157 1128 1276 1184 illos
1299 1129 1391 1200 qui
1427 1128 1530 1184 sub
1565 1144 1785 1184 sensum
1819 1139 2042 1190 cadunt,

462 1239 533 1280 an
563 1225 855 1295 quamdam
889 1231 1265 1293 paupertatem
1297 1222 1508 1277 noverit
1536 1223 1770 1279 Verbum
1794 1224 1943 1278 omni
1978 1238 2044 1278 ex

463 1325 616 1390 parte
648 1315 969 1371 laudabilem
1017 1325 1070 1370 et
1102 1314 1321 1370 divitias
1347 1315 1494 1371 omni
1541 1330 1607 1369 ex
1649 1323 1804 1385 parte
1836 1316 2047 1384 vitupe-

467 1406 688 1464 rabiles.
726 1406 858 1460 Nam
905 1422 1005 1462 nec
1057 1422 1089 1463 e
1140 1407 1270 1462 faece
1320 1407 1493 1478 plebis
1538 1407 1700 1462 homo
1742 1407 2047 1463 laudaverit

463 1514 730 1569 pauperes
752 1499 899 1554 nullo
928 1499 1266 1566 discrimine,
1302 1515 1533 1570 quorum
1577 1500 1734 1556 multi
1763 1510 1888 1555 sunt
1917 1516 2045 1555 cor-

465 1590 796 1660 ruptissimis
834 1591 1094 1646 moribus.
1128 1592 1326 1646 Verum
1357 1591 1424 1646 de
1473 1590 1558 1645 his
1595 1591 1697 1646 hoc
1724 1593 1856 1647 'oco
1891 1591 2044 1646 satis.

2155 580 2253 650 σίῳ
2272 596 2286 610 ⁸
2317 580 2410 634 καὶ
2432 579 2485 633 τί
2511 579 2659 650 αὐτῷ
2690 579 2940 633 ἐϐούλετο
2971 581 3006 650 ἡ
3035 578 3194 651 στενὴ
3243 578 3343 648 τῆς
3369 575 3596 647 ῥαφίδος
3625 592 3758 646 τρυ-

2155 670 2343 743 μαλιά,
2381 669 2570 743 στενὴν
2603 671 2864 740 φάσκοντι
2913 667 3052 724 εἶναι
3099 669 3191 724 καὶ
3239 666 3614 738 τεθλιμμένην
3659 667 3756 736 τίεν

2151 763 2268 816 όδὸν
2291 763 2391 835 τὴν
2422 763 2744 832 ἀπάγουσαν
2776 764 2857 826 είς
2880 763 2980 836 τὴν
3007 762 3152 833 ζωήν
3171 778 3185 792 ο
3234 761 3328 814 καὶ
3359 760 3441 827 τὺ,
3491 758 3638 812 κατά
3668 757 3759 810 τὶν

2153 857 2317 927 νόμον
2357 857 2415 910 δὲ
2461 857 2772 927 ἀκάθαρτον
2819 855 3061 931 τὸεζῶον
3105 851 3526 927 ἀναγεγράφθαι,
3573 850 3756 914 τοῦτο,

2153 947 2276 1019 ἕχον
2313 949 2410 1020 μέν
2455 967 2508 1002 τι
2555 949 2873 1011 ἀπόδεκτον,
2903 947 2964 1000 τὸ
2995 946 3367 1018 μηρυκᾶσθαι,
3419 945 3543 1014 ἔχον
3573 944 3634 996 δὲ
3663 944 3758 996 καὶ

2151 1039 2372 1110 ψεκτὸν,
2405 1041 2466 1094 τὸ
2501 1040 2576 1113 μὴ
2604 1041 2870 1112 διχηλεῖν·
2903 1040 3164 1112 ἐξήτασεν
3212 1039 3279 1092 ἂν
3326 1039 3426 1091 κει)⁵
3461 1037 3655 1098 ὁσάκις
3679 1035 3754 1090 ,ὲν

2151 1135 2272 1196 ταῖς
2298 1132 2467 1196 θείαις
2496 1132 2818 1205 παρελήφθη
2851 1132 3096 1203 κάμηλος
3128 1131 3393 1202 Γραφαῖς,
3424 1128 3523 1181 καὶ
3556 1128 3652 1180 ἐπὶ
3677 1126 3756 1179 τί·

2152 1242 2286 1280 νων·
2335 1227 2422 1279 ἴνα
2469 1226 2722 1297 θεωρήσῃ
2748 1225 2808 1278 τὸ
2843 1226 2970 1297 περὶ
3001 1224 3110 1278 τῶν
3153 1223 3426 1277 πλουσίων
3461 1221 3559 1274 τοῦ
3592 1221 3752 1288 λόγον

2155 1317 2428 1389 βούλημα·
2462 1319 2562 1371 οὐκ
2592 1317 2773 1372 εἴασεν
2807 1316 2871 1371 ἂν
2900 1317 3259 1372 ἀϐασάνιστον
3293 1315 3392 1368 καὶ
3425 1315 3490 1366 τὸ
3518 1312 3753 1385 μακαρί-

2151 1408 2338 1473 ζεσθαι
2374 1411 2471 1482 μὲν
2509 1410 2636 1474 τοὺς
2679 1411 2929 1481 πτωχοὺς
2965 1409 3072 1463 ὑπὸ
3109 1408 3204 1462 τοῦ
3235 1407 3438 1479 Ἰησοῦ,
3473 1407 3755 1471 ταλανίζε-

2155 1501 2278 1554 σθαι
2311 1501 2367 1554 δὲ
2397 1502 2525 1565 τοὺς
2571 1501 2890 1565 πλουσίους*
2945 1501 3171 1573 πότερον
3219 1501 3313 1554 ἐπὶ
3333 1500 3447 1553 τῶν
3482 1496 3753 1568 αίσθητῶν

2152 1593 2301 1664 αὐτῷ
2329 1593 2502 1647 ταῦτα
2537 1594 2648 1666 (50)
2677 1594 2908 1666 πτωχῶν
2939 1596 3033 1648 καὶ
3075 1594 3370 1657 πλουσίων,
3407 1593 3442 1663 ἧ
3492 1589 3599 1646 οἶδέ
3634 1607 3753 1644 τινα

464 1685 733 1754 πτωχείαν
766 1683 980 1748 πάντως
1011 1683 1449 1756 μακαριζομένην
1473 1683 1502 1735 6
1541 1683 1728 1752 Λόγος,
1761 1684 1853 1736 κα),
1887 1683 2114 1738 πλοῦτον
2145 1685 2359 1764 πάντως
2391 1687 2609 1758 ψεκτόν.
2653 1687 2767 1740 Ούκ
2821 1686 2887 1741 ἂν
2943 1685 3051 1758 γὰρ
3083 1687 3191 1740 οὐδ’
3228 1688 3257 1739 6
3290 1683 3476 1756 τυχὼν
3517 1684 3754 1754 ἀκρίτως

462 1777 589 1840 τοὺς
617 1776 866 1846 πτωχοὺς
894 1775 1176 1846 ἐπῄνεσεν,
1205 1769 1278 1830 ὧν
1303 1778 1350 1829 οἱ
1387 1774 1571 1829 πολλοὶ
1599 1775 1693 1828 καὶ
1728 1775 2050 1844 φαυλότατοί
2085 1777 2189 1829 είσι
2222 1777 2289 1830 τά
2322 1777 2450 1847 ἤθη.
2493 1777 2652 1831 Ἀλλὰ
2683 1777 2854 1830 ταῦτα
2885 1777 2982 1848 μὲν
3007 1775 3200 1849 ταύτῃ.

536 1873 623 1925 17.
662 1872 798 1927 Tum
860 1873 1161 1940 deprimere
1190 1882 1416 1926 conatur
1464 1886 1527 1926 ea
1583 1886 1704 1940 qua:
1748 1873 1813 1927 de
1867 1888 2032 1944 regno
2063 1883 2106 1937 Β

466 1961 562 2017 Dei
605 1962 1230 2032 scripseruntauctorcs
1281 1961 1472 2015 nostri.
1509 1961 1652 2016 Nihil
1689 1963 1880 2017 horum
1923 1963 2042 2034 qui-

464 2055 586 2108 dem
607 2055 660 2108 in
684 2055 917 2108 medium
945 2053 1133 2118 allert:
1160 2055 1357 2124 quippe
1374 2054 1466 2124 qui
1492 2054 1622 2108 nihil
1648 2055 1869 2124 dignum
1895 2056 2043 2125 judi-

467 2146 714 2216 catqnod
733 2148 1094 2210 exscribalur,
1119 2154 1212 2199 aut
1236 2146 1464 2201 fortasse
1476 2147 1599 2216 quia
1625 2162 1730 2200 non
1754 2147 1916 2216 legit:
1948 2148 2043 2202 sed

471 2253 537 2293 ex
558 2239 802 2295 Platonis
817 2240 1064 2309 epistolis
1089 2248 1142 2293 et
1172 2238 1400 2293 Phazdro
1418 2240 1720 2294 sententias
1743 2239 2039 2309 depromit,

467 2331 625 2400 quasi
655 2331 900 2400 divinas,
930 2340 986 2385 et
1014 2329 1169 2399 quasi
1205 2329 1257 2383 in
1300 2329 1598 2400 Scripturis
1629 2332 1832 2387 nostris
1863 2331 2043 2387 simile

468 2423 707 2479 sit’nihil.
727 2424 798 2478 Ex
824 2424 909 2478 his
929 2424 1093 2493 igitur
1106 2438 1276 2492 pauca
1301 2423 1647 2490 proferamus
1659 2439 1781 2477 cum
1801 2423 2043 2480 Platoni-

466 2516 546 2570 cis
573 2515 903 2570 conferenda
927 2533 940 2570 :
961 2533 1079 2584 qua:
1107 2515 1387 2570 Platonica
1415 2524 1473 2569 nt
1495 2516 1894 2584 probabilitatis
1927 2531 2044 2586 spe-

466 2610 606 2664 ciem
627 2624 738 2678 praa
758 2623 815 2663 se
831 2607 1028 2673 ferant,
1051 2615 1474 2677 nonpotucrunt
1491 2617 1669 2662 tamen
1693 2607 1843 2662 illum
1862 2607 2038 2677 ipsum

465 2705 738 2759 adducere
766 2710 934 2767 utea,
969 2717 1075 2766 qua
1109 2701 1495 2770 philosophum
1532 2716 1631 2771 par
1663 2709 1803 2767 erat,
1833 2701 2038 2769 pietate

465 2809 649 2851 rerum
687 2794 928 2850 omnium
960 2793 1312 2847 Conditorem
1327 2792 1551 2846 coleret.
1573 2790 1706 2845 Nam
1731 2791 1774 2845 si
1793 2792 1967 2860 pietas
1987 2790 2035 2846 ei

467 2881 646 2936 iuerat
662 2920 681 2948 ,
703 2880 935 2935 debebat
953 2879 1096 2933 illam
1123 2894 1229 2933 non
1250 2879 1561 2935 adulterare
1575 2886 1630 2932 et
1657 2879 1940 2947 inquinare
1953 2881 2034 2935 vi-

468 2971 571 3039 tio,
605 2987 769 3042 quam
791 2986 1066 3040 .vocamus
1098 2971 1482 3035 idololatriam,
1509 2982 1604 3025 aut
1629 2973 2034 3040 superstitione,

467 3073 526 3117 nt
543 3064 737 3134 vulgus
759 3063 1014 3133 loquitur.
1042 3065 1098 3117 In
1126 3063 1333 3133 psalmo
1359 3063 1588 3132 septimo
1608 3064 1820 3118 decimo
1839 3066 1903 3119 de
1927 3064 2037 3119 Deo

464 3150 733 3206 ilebraica
781 3153 1034 3220 loquendi
1069 3153 1279 3206 ratione
1311 3154 1529 3217 dicitur,
1554 3173 1573 3204 ι
1610 3153 1758 3208 illum
1792 3156 2037 3225 posuisse

2219 1874 2367 1926 Ἐπεὶ
2424 1873 2468 1926 δ’
2526 1872 2652 1945 ὲξῆς
2707 1873 3036 1940 ὲξευτελίσαι
3090 1873 3418 1945 βουλόμενος
3482 1870 3553 1925 τά
3623 1875 3750 1942 περὶ

2152 1963 2428 2035 βασιλείας
2459 1965 2593 2019 Θεοῦ
2629 1966 2989 2038 γεγραμμένα
3037 1966 3166 2038 παρ’
3212 1967 3367 2037 ἡμῖν,
3409 1963 3617 2017 τούτων
3651 1963 3750 2033 μὲν

2149 2058 2303 2110 οὐδὲν
2346 2057 2632 2129 παρέθετο,
2663 2058 2737 2122 ὡς
2780 2059 2899 2111 οὐδὲ
2931 2058 3030 2129 τῆς
3061 2058 3192 2130 παρ’
3235 2056 3386 2128 αὐτῷ
3427 2056 3578 2120 ἄξιον
3622 2057 3748 2108 ἀνα-

2148 2149 2370 2220 γραφῆς
2390 2167 2403 2180 ο
2435 2150 2578 2220 τάχα
2610 2151 2734 2202 ἐπεὶ
2761 2150 2896 2222 μηδὲ
2925 2151 3043 2221 ῇδει
3076 2149 3241 2204 αύτά·
3273 2148 3568 2212 Πλάτωνος
3594 2147 3652 2201 δὲ
3671 2147 3751 2199 λέ-

2151 2239 2261 2306 ξεις
2281 2241 2551 2294 ἐκτίθεται
2571 2241 2678 2295 ἀπό
2695 2259 2755 2295 τε
2781 2241 2890 2296 τῶν
2910 2241 3204 2295 ἐπιστολῶν
3224 2241 3322 2294 καὶ
3340 2241 3440 2293 τοῦ
3465 2240 3742 2307 Φαίδρου,

2147 2333 2222 2398 ὡς
2250 2333 2454 2388 τούτων
2479 2334 2580 2405 μὲν
2607 2334 2802 2398 ὲνθέως
2841 2333 3163 2406 εἰρημένων,
3204 2334 3359 2387 οὐδὲν
3394 2333 3456 2387 δὲ
3504 2332 3744 2386 τοιοῦτον

2148 2424 2380 2495 ἐχόντων
2402 2425 2509 2478 τῶν
2530 2426 2699 2497 ήμετέ
2708 2442 2814 2498 ρων
2834 2425 3196 2496 γραμμάτων·
3225 2424 3381 2496 φέρε,
3401 2424 3562 2493 ὀλίγα
3584 2439 3747 2493 παρα·

2149 2515 2435 2586 ϐάλλωμεν
2475 2516 2830 2589 παραθέσεως
2860 2517 3046 2569 ἕνεκεν
3080 2515 3181 2585 τῆς
3218 2515 3355 2586 πρὸς
3401 2515 3473 2568 τά
3502 2515 3744 2568 Πλάτωνι

2145 2608 2246 2661 ούκ
2284 2608 2564 2671 ἀπιθάνως
2609 2607 2706 2678 μὲν
2755 2608 3040 2678 εἰρημένα,
3081 2607 3142 2660 ού
3198 2606 3304 2678 μὴν
3356 2607 3454 2660 καὶ
3492 2605 3744 2660 διαθέντα

2145 2701 2236 2756 τὸν
2289 2702 2576 2771 φιλόσοφον
2615 2701 2781 2767 ἀξίως
2824 2701 2928 2754 κᾶν
2971 2699 3119 2771 αὐτῷ
3162 2701 3272 2770 (51)
3324 2699 3741 2770 ἀναστραφῆναι

2145 2794 2204 2848 ὲν
2256 2797 2322 2864 τῇ
2373 2793 2510 2865 πρὸς
2568 2793 2660 2846 τὸν
2717 2794 2952 2864 Ποιητὴν
3001 2791 3109 2844 τῶν
3152 2791 3289 2845 ὅλων
3341 2790 3629 2860 εὐσεδείᾳ⁶
3677 2789 3744 2858 ἣν

2144 2885 2314 2954 ἐχρῆν
2376 2884 2449 2954 μὴ
2503 2883 2784 2946 νοθεύειν,
2836 2883 2970 2953 μηδὲ
3034 2883 3266 2952 μιαίνειν
3322 2886 3389 2952 τῇ
3450 2882 3529 2942 ὡς
3582 2882 3744 2949 ἡμεῖς

2143 2973 2481 3046 ὀνομάζομεν
2524 2973 2934 3044 είδωλολατρεία
2969 2972 3100 3043 (52),
3141 2972 3216 3035 ὡς
3260 2971 3316 3024 δὲ
3365 2972 3461 3025 καὶ
3498 2971 3553 3023 οἱ
3617 2970 3744 3022 τεο).⁸

2143 3064 2224 3118 λοὶ
2254 3065 2462 3133 λέγοιεν
2501 3064 2566 3118 ἂν
2613 3063 2883 3137 χρώμενοι
2929 3061 3008 3132 τῷ
3055 3062 3298 3132 ὀνόματι,
3344 3063 3438 3114 καὶ
3469 3063 3535 3131 τῇ
3569 3061 3739 3114 δεισι-

2142 3155 2410 3228 δαιμονίᾳ.
2444 3156 2643 3228 Τρόπῳ
2675 3154 2738 3226 δή
2780 3152 3056 3224 Ἑϐραῖκῷ
3100 3169 3205 3206 τινι
3230 3151 3443 3220 λέγεται
3475 3152 3615 3221 περ).
3652 3150 3745 3203 τοῦ

462 3242 624 3316 643
658 3244 912 3300 tenebras
960 3244 1240 3300 latibulum
1275 3262 1428 3300 suum
1456 3248 1526 3300 ’⁷.
1557 3267 1576 3300 ι
1612 3247 1768 3314 Quod
1816 3249 2032 3317 quidem

2149 3248 2279 3304 Θεοῦ
2309 3251 2366 3302 ἐν
2401 3246 2846 3317 ἑπτακαιδεκάτῳ
2871 3246 3095 3318 ψαλμῷ,
3123 3247 3228 3309 ὅτι,
3256 3263 3274 3296 ι
3313 3244 3503 3297 Ἔθετο
3542 3244 3743 3306 σχόντος

466 3337 758 3408 signiﬁcat,
795 3353 916 3408 quae
948 3339 1015 3393 de
1048 3337 1156 3393 Deo
1195 3339 1449 3408 cognosci
1497 3355 1594 3410 pro
1640 3341 1837 3395 merito
1873 3341 2040 3397 debe-

465 3438 609 3494 rent,
639 3444 702 3484 ea
739 3429 970 3484 obscura
1017 3445 1140 3485 esse
1186 3440 1241 3485 et
1295 3430 1768 3500 impenetrabilia;
1828 3434 1952 3501 quia
1982 3447 2041 3488 se

463 3520 612 3576 velut
645 3521 698 3575 in
737 3522 975 3577 tenebris
1007 3522 1291 3577 abscondit
1337 3540 1465 3594 erga
1497 3539 1592 3579 eos
1648 3525 1740 3592 qui
1797 3541 1895 3580 nec
1925 3525 2041 3595 ejus

465 3612 792 3682 cognitionis
816 3611 1154 3680 splendorem
1190 3611 1355 3678 terre,
1400 3629 1498 3668 nec
1529 3629 1654 3667 eum
1683 3613 2041 3682 contemplari

463 3715 693 3775 possunt
726 3723 740 3759 :
778 3705 973 3774 partim
1015 3713 1237 3775 propter
1274 3706 1476 3760 mentis
1508 3706 1875 3775 impuritatem
1915 3707 2040 3761 huic

465 3797 677 3864 abiecto
703 3797 943 3852 humano
987 3799 1206 3866 corpori
1247 3797 1512 3867 alligatae,
1547 3797 1746 3866 partim
1783 3798 1909 3868 quia
1945 3813 2042 3852 an-

465 3888 676 3957 gustior
711 3888 795 3940 illa
848 3896 932 3943 est
982 3903 1144 3957 quam
1184 3898 1244 3944 ut
1276 3889 1446 3943 Deum
1485 3889 1791 3958 intelligere
1845 3891 2036 3957 possit.

461 3981 641 4051 Atque
676 3989 734 4034 ut
760 3980 934 4051 palam
963 3981 1056 4036 [lat
1081 3997 1240 4052 quam
1269 3998 1450 4038 rarum
1490 3983 1562 4037 sit
1590 3991 1823 4052 etquam
1852 3984 2040 4053 paucis

463 4086 784 4127 concessum
845 4072 1014 4128 Deum
1073 4088 1448 4142 cognoscere,
1510 4083 1766 4128 narratur
1825 4073 2040 4144 Moyses

469 4182 490 4216 ι
525 4165 826 4220 accessisse
857 4166 925 4220 ad
948 4166 1259 4236 caliginem,
1291 4167 1341 4219 in
1375 4182 1482 4236 qua
1515 4179 1632 4222 erat
1663 4168 1803 4222 Deus
1827 4167 1892 4221 ’⁸.
1917 4187 1935 4218 ι
1975 4168 2038 4222 Et

461 4258 528 4312 de
553 4256 734 4329 Moyse
769 4273 958 4313 rursus
982 4277 996 4314 :
1031 4277 1050 4311 ι
1075 4257 1235 4314 Solus
1255 4259 1476 4332 Moyses
1502 4261 1724 4316 accedet
1756 4263 1823 4316 ad
1853 4261 2038 4316 Domi-

462 4366 615 4416 num,
649 4351 841 4420 reliqui
872 4367 1000 4407 vero
1030 4369 1134 4407 non
1169 4355 1679 4424 appropinquabant
1701 4355 1767 4408 ‘9.
1801 4373 1820 4407 ι
1851 4354 1918 4409 Ει
1941 4355 2038 4410 itc-

460 4458 581 4500 rum
617 4446 905 4515 propheta,
941 4454 1002 4499 ut
1035 4447 1286 4502 ostendat
1327 4447 1379 4500 in
1419 4447 1674 4517 abyssum
1728 4446 2035 4501 divinorum

462 4537 776 4606 dogmatum
803 4537 1074 4607 penetrari
1113 4551 1218 4592 non
1278 4552 1438 4606 posse
1465 4539 1536 4592 ab
1571 4538 1638 4593 iis
1671 4538 1761 4605 qui
1803 4553 1911 4592 non
1936 4539 2034 4591 ha-

2143 3339 2464 3412 ἀποκρυφήν
2482 3341 2510 3393 6
2538 3339 2688 3402 Θεός·
2728 3358 2746 3390 ι
2780 3339 2864 3392 ἵνα
2886 3337 3118 3410 δηλωθῇ,
3141 3338 3221 3390 ὅτι
3238 3335 3414 3406 ἀφανῆ
3439 3337 3536 3387 καὶ
3552 3337 3738 3404 ἄγνω-

2144 3435 2245 3489 στά
2271 3437 2388 3488 ἐστι
2419 3432 2486 3486 τά
2532 3432 2651 3484 κατ’
2685 3430 2842 3497 ἀξίαν
2868 3429 3129 3500 νοηθέντα
3174 3428 3241 3482 ἂν
3269 3429 3392 3498 περὶ
3417 3424 3512 3479 τοῦ
3571 3425 3736 3486 Θεοῦ,

2142 3525 2559 3598 ἀποκρύψαντος
2609 3523 2798 3578 ἑαυτὸν
2831 3522 2943 3592 (55)
2974 3521 3134 3576 οἱονεὶ
3169 3521 3227 3574 ὲν
3274 3520 3448 3589 σκότῳ
3494 3519 3620 3581 τοίς
3670 3517 3743 3587 μή

2143 3620 2366 3692 φέρουσι
2413 3617 2511 3680 τὰς
2543 3617 2652 3686 τῆς
2681 3613 2935 3684 γνώσεως
2966 3613 3130 3667 αὑτοῦ
3172 3610 3559 3684 μαρμαρυγὰς,
3607 3609 3744 3680 μηδὲ

2140 3711 2458 3782 δυναμένοις
2509 3708 2668 3761 αὐτὸν
2719 3708 2870 3778 όρᾷν·
2910 3707 2985 3776 πή
3019 3705 3114 3776 μὲν
3152 3703 3238 3757 διὰ
3278 3703 3338 3756 τὸ
3368 3702 3622 3772 μιασμὺν
3651 3699 3744 3754 τοῦ

2141 3803 2254 3868 νοῦ,
2285 3800 2497 3872 σώματι
2525 3797 2906 3859 ταπεινώσεως
2936 3793 3238 3866 ἀνθρώπων
3271 3791 3652 3862 ἐνδεδεμένον,

2140 3894 2197 3947 δὲ
2236 3893 2323 3947 διὰ
2361 3893 2460 3964 τὴν
2504 3890 2844 3962 βραχυτέραν
2876 3887 3104 3958 δύναμιν
3132 3885 3299 3939 αὐτοῦ
3329 3885 3426 3954 τῆς
3464 3884 3746 3953 κατανοή-

2143 3999 2280 4046 σεως
2307 3981 2401 4035 τοῦ
2436 3981 2593 4034 Θεοῦ.
2635 3981 2750 4032 Ἵνα
2796 3979 2852 4032 δὲ
2879 3977 3090 4050 δηλωθῇ
3126 3977 3187 4030 τὸ
3220 3976 3460 4037 σπανίως
3501 3977 3590 4038 εἰς
3649 3977 3741 4028 ἀν-

2142 4073 2393 4146 θρώπους
2438 4073 2660 4143 φθάνον,
2699 4073 2792 4126 καὶ
2845 4073 2902 4125 ὲν
2942 4071 3082 4125 πάνυ
3115 4070 3314 4138 ὀλίγοις
3343 4069 3741 4140 εὑρισκόμενον

2142 4169 2243 4238 τῆς
2268 4167 2523 4236 γνώσεως
2545 4167 2639 4220 τοῦ
2662 4167 2819 4230 Θεοῦ,
2842 4165 3083 4236 Μωῦσῆς
3107 4164 3521 4234 ἀναγέγραπται
3559 4179 3582 4212 α
3630 4163 3743 4214 εἰσ-

2141 4261 2455 4332 εληλυθέναι
2508 4262 2588 4324 είς
2639 4259 2730 4313 τὸν
2778 4258 2994 4327 γνόφον,
3037 4257 3175 4310 ὅπου
3201 4251 3268 4326 ἧν
3303 4254 3498 4317 όΘεός.
3540 4271 3558 4304 ι
3632 4248 3743 4307 Καὶ

2140 4353 2268 4424 περὶ
2297 4353 2576 4417 Μωῦσέως
2601 4351 2782 4405 πάλιν·
2822 4369 2840 4401 ι
2888 4351 3092 4417 Ἐγγιεῖ
3129 4347 3370 4417 Μωῦσῆς
3405 4346 3567 4416 μόνος
3601 4348 3741 4418 πρὸς

2139 4448 2230 4502 τὸν
2251 4447 2404 4508 Θεὸν,
2436 4449 2482 4499 oi
2510 4445 2566 4500 δὲ
2613 4445 2790 4499 λοιποὶ
2815 4445 2914 4498 οὐκ
2966 4442 3231 4511 ὲγγιοῦσι.
3273 4460 3292 4492 ι
3336 4440 3506 4494 Πάλιν
3537 4455 3602 4491 τε
3645 4435 3734 4503 αὖ,

2141 4542 2228 4594 ἵνα
2255 4541 2315 4593 τὸ
2350 4539 2510 4611 βάθος
2533 4538 2861 4611 παραστήσῃ
2895 4538 2923 4590 6
2961 4537 3246 4608 προφήτης
3276 4534 3383 4588 τῶν
3418 4534 3549 4605 περὶ
3593 4533 3733 4587 Θεοῦ

458 4626 592 4682 bent
623 4627 776 4682 illum
807 4630 1083 4696 spiritum,
1115 4629 1205 4697 qui
1237 4648 1257 4681 ι
1289 4629 1475 4684 omnia
1522 4638 1821 4694 scrutatur,
1866 4628 2031 4682 etiam

2149 4601 2450 4703 δογμάτων,
2481 4601 2722 4702 ἄληπτον
2747 4601 3019 4700 τυγχάνον
3042 4601 3155 4690 τοῖς
3304 4601 3736 4696 ἔχουσι’πνεῦμα

461 4719 727 4790 profunda
758 4721 850 4775 Dei
879 4721 944 4776 ³ο.
983 4740 1001 4774 ι
1031 4722 1169 4776 dixit
1198 4740 1212 4776 :
1251 4739 1270 4773 ι
1304 4723 1551 4794 Abyssus
1573 4722 1714 4778 sicut
1736 4721 2024 4776 vestimen-

2138 4723 2201 4776 τὸ
2257 4743 2275 4775 ι
2315 4723 2469 4778 πάντ’
2501 4719 2777 4793 ἐρευνῶν,
2838 4717 3072 4792 ἐρευνῶν
3116 4718 3172 4772 δὲ
3219 4718 3315 4772 καὶ
3349 4717 3417 4771 τά
3466 4715 3613 4788 βάθη
3639 4714 3731 4770 τσῦ

565 4841 611 4874 ⁸⁸
636 4840 827 4900 Matth.
853 4858 906 4906 v.
931 4843 988 4897 5.
1045 4844 1088 4876 ³⁷
1114 4843 1258 4898 Psal.
1284 4859 1418 4908 xvn,
1448 4845 1534 4899 l2.
1583 4844 1628 4876 ³⁸
1655 4843 1823 4898 Exod.
1851 4860 1944 4906 xx,
1966 4844 2056 4900 2|.
2121 4845 2166 4876 "
2191 4843 2362 4899 Exod.
2390 4857 2537 4906 xstv,
2560 4840 2615 4894 2.
2680 4840 2725 4871 ³ο
2750 4838 2770 4893 1
2795 4837 2924 4894 Cor.
2961 4853 3023 4904 ιι,
3047 4836 3134 4892 10.

493 4955 647 5076 ἰιξῇβέ
676 4955 802 5011 Post
825 4957 1017 5020 ταῦτα,
1070 4958 1283 5013 videtur
1313 4957 1501 5014 deesse
1531 4960 1744 5030 εἴρηται
1792 4959 1877 5014 vel
1905 4959 2036 5029 quid

462 5041 690 5082 Slllllle..

533 5096 645 5164 (51)
689 5095 886 5162 Ἆξίως
912 5096 1028 5151 κᾶν
1059 5095 1238 5163 αὐτῷ.
1293 5098 1488 5154 Guielo
1514 5100 1856 5155 scribendum
1891 5100 2039 5155 vide-

460 5175 570 5228 tur,
602 5165 765 5232 ἀξίως
789 5167 885 5220 καὶ
909 5167 1092 5232 αὐτόν,
1144 5167 1227 5221 vel
1259 5168 1406 5234 ἀξιον
1445 5171 1539 5223 καὶ
1565 5171 1746 5224 αὐτόν.
1788 5169 2038 5236 Objiccre

460 5237 635 5309 solent
667 5236 880 5292 Siculas
910 5241 1075 5309 dapes
1112 5237 1383 5307 (Tertull.,
1413 5240 1633 5307 Apolog.
1670 5257 1791 5308 cap.
1816 5240 1907 5309 6);
1943 5256 2036 5294 su-

458 5307 700 5381 perhiam
734 5320 788 5381 e_t
815 5308 1181 5381 ambitionem
1221 5309 1468 5380 (ἔσχατον
1496 5310 1599 5381 τὸν
1625 5307 1905 5381 τῆςίδόξης
1947 5327 2032 5379 χι-

459 5376 604 5429 τῶνα
624 5378 694 5450 sv
707 5377 784 5448 τῷ
807 5378 1019 5450 θανάτῳ
1044 5378 1192 5449 αύτῷ
1210 5376 1556 5450 ἀποδυόμεθα
1577 5395 1589 5407 ·
1611 5376 1782 5433 Athen
1798 5425 1800 5429 .
1818 5421 1833 5443 ,
1854 5376 2034 5446 ῐιιιζιι,

459 5462 581 5514 cap.
617 5447 703 5517 15)
732 5447 765 5512 ςί
801 5447 1241 5502 ιιιαΙθγὺΙθιιιὶειιιι
1292 5459 1345 5504 et
1391 5447 1647 5503 invidiam
1697 5450 1874 5571 ﬁibid.)
1908 5451 2036 5503 vitia

461 5516 687 5571 alueris.
712 5527 767 5570 et
796 5519 1070 5571 libidinem
1101 5518 1475 5571 multifariam.
1519 5519 1703 5571 Tertul
1731 5560 1772 5571 ..
1809 5520 1881 5571 De
1917 5521 2034 5571 ani-

461 5516 767 5582 quaavis,et
796 5519 1070 5573 libidinem
1101 5518 1475 5573 multifariam.
1519 5516 1772 5583 Tertull.,
1809 5516 1881 5574 De
1917 5521 2034 5573 ani-

462 5601 568 5658 ιιια,
602 5600 721 5658 cap.
748 5587 850 5642 54:
887 5606 904 5637 ι
930 5589 998 5643 Ut
1028 5590 1194 5642 Stoici
1241 5590 1360 5644 luas
1389 5591 1554 5655 solas,
1607 5590 1656 5641 id
1687 5600 1792 5648 est.
1826 5591 2039 5658 sapien-

463 5655 595 5726 t_ium
635 5655 870 5720 animas,
908 5659 961 5710 in
1016 5660 1269 5726 supernis
1322 5660 1695 5714 mansionibus
1745 5655 2035 5714 collocant.

463 5723 613 5799 _Plato
639 5727 857 5795 quidem
887 5743 992 5781 non
1027 5723 1230 5783 temere
1276 5730 1723 5799 philosophorum
1757 5729 2040 5783 animabus

462 5795 564 5849 hoc
597 5806 855 5863 praestat:
883 5800 976 5854 sed
1008 5813 1195 5851 eorum
1260 5795 1351 5869 qui
1401 5795 1799 5869 philosophiam
1833 5801 2040 5853 scilicet

460 5869 847 5924 exornaverint
883 5885 1068 5925 amore
1102 5868 1422 5938 puerorum.
1449 5891 1466 5922 ι
1505 5868 1642 5925 Plat.
1682 5870 1736 5924 in
1771 5868 2035 5940 Sympos.,

2147 4959 2200 5014 in
2233 4957 2485 5030 Phwdro,
2546 4972 2603 5027 p.
2627 4956 2756 5011 249.
2817 4955 2958 5010 Audi
2991 4967 3155 5030 quam
3196 4951 3728 5030 iniriticermcretric

2145 5045 2263 5084 cem
2313 5023 2943 5095 amavitfqnantumque
2991 5025 3220 5095 formam
3246 5023 3364 5088 ejus
3406 5029 3460 5074 et
3489 5023 3729 5095 pulchri-

2148 5101 2386 5154 tudinem
2416 5092 2720 5150 admiratus
2747 5092 3105 5159 est,'A-then.,
3141 5093 3232 5145 lib.
3263 5106 3384 5155 xm,
3425 5105 3546 5158 cap.
3577 5092 3609 5143 6
3639 5108 3653 5144 :

2229 5166 2683 5236 Ἀρχεάνασσαν
2705 5165 2824 5236 ἔχω
2850 5164 2962 5232 τὴν
2985 5159 3446 5236 ὲκ-Κοελοφῶνος
3458 5159 3727 5231 ἑταιμν,

2213 5229 2458 5304 ἿῘς-ηκαὶ
2489 5237 2585 5290 ἐπὶ
2604 5229 2866 5304 ῥυτίδων
2901 5229 3111 5304 πικρὸς
3143 5233 3393 5304 ἔπεστιν
3415 5229 3585 5304 ἔρως.

2212 5303 2276 5364 Ἀ
2305 5300 2492 5362 δειλοὶ
2519 5300 2800 5377 νεότητος
2825 5300 3284 5377 ἀπαντῄσαντες
3317 5300 3558 5377 ἐκείζης

2287 5379 2695 5446 Πρωτοπόρου,
2732 5374 2809 5446 διξ
2839 5375 2994 5446 ὅσης
3020 5373 3531 5446 ῆκετεᾼπυρκ-ητῇς.

2216 5441 2635 5501 Archeanassdm
2671 5462 2735 5499 ea:
2772 5444 3071 5512 Catapltone
3096 5441 3548 5512 amicam-liquo,

2218 5517 2381 5586 Cujus
2411 5518 2553 5586 rugis
2582 5531 2796 5568 amarus
2823 5509 3112 5586 etiamnum
3140 5526 3306 5586 _amor
3329 5509 3546 5564 insidet.

2215 5578 2332 5640 Ηείι
2360 5578 2578 5639 ιηὶιιένοε
2607 5601 2716 5644 vos.
2745 5585 2930 5654 quibus
2959 5582 3106 5636 illius
3123 5581 3373 5654 jactentur
3401 5578 3627 5654 occurrit

2291 5655 2572 5720 l’rimwva,
2602 5649 2874 5724 vobis'per
2915 5649 3164 5724 quantum
3201 5649 3580 5724 ignisnegeusi
3617 5664 3718 5717 pg-

2791 5716 2938 5794 [ram'
2962 5716 3254 5794 vadendum
3284 5717 3409 5794 fuit.
3448 5716 3712 5775 Srsscsh.

2215 5795 2331 5862 (52)
2372 5793 2716 5867 llmschelius
2749 5787 2809 5847 in
2839 5801 3008 5867 textu,
3031 5787 3432 5867 είδωλολατρίὶ.

2217 5859 2329 5938 (55)
2365 5867 2511 5921 Idem
2540 5866 2592 5922 in
2631 5873 2804 5934 textu,
2835 5860 3226 5933 ἀποκρύψαντα
3257 5859 3447 5928 ἑαυτῷ.
