3926 6534
146 381 300 435 1317

1380 373 1663 432 CONTRA
1694 376 1970 433 CELSUM
2002 376 2131 433 LIB.
2168 377 2259 434 Vl.

3281 379 3422 434 i3l8

138 500 312 568 Θεοῦ,
345 519 366 555 ι
413 494 533 555 εἷπε
576 499 661 566 τὸ,
694 519 713 551 ι
759 497 1030 564 Ἀϐυσσος
1076 500 1152 565 ὡς
1180 500 1393 571 ίμάτιον
1430 501 1490 555 τδ
1524 502 1740 573 περιϐό-

1849 511 1983 569 tum,
2008 504 2241 558 amictus
2272 500 2388 571 ejus
2419 502 2484 560 ³³.
2519 519 2536 554 ι
2573 498 2713 569 Quin
2747 498 2998 557 Salvator
3019 507 3289 556 noster~et
3315 500 3421 554 Do—

136 592 305 649 λαιον
334 593 521 651 αὐτοῦ.
560 612 579 645 ι
618 591 775 647 Ἀλλά
800 594 895 647 καὶ
925 595 954 646 6
982 592 1169 664 Σωτὴρ
1196 592 1355 664 ἡμῶν
1384 594 1480 647 καὶ
1510 593 1737 666 Κύριος,

140 686 325 755 Λόγος
366 687 459 741 τοῦ
487 686 643 753 Θεοῦ,
687 686 749 740 τὸ
785 686 1012 758 μέγεθος
1048 686 1319 757 παριστὰς
1357 687 1455 758 τῆς
1487 686 1742 755 γνώσεως

136 781 246 834 τοῦ
281 781 512 850 Πατρδς,
543 781 625 834 ὅτι
652 781 773 833 κατ’
801 780 957 846 ἀξίαν
980 778 1404 851 προηγουμένως
1427 778 1578 850 αύτῷ
1597 780 1742 851 μόνῳ

138 872 215 927 λα
223 873 488 943 μ6άνεται
517 874 610 926 καὶ
628 871 1005 941 γιγνώσκεται,
1027 869 1293 941 δευτέρως
1312 870 1370 922 δὲ
1402 873 1512 933 τοῖς
1546 869 1743 940 ἐλλαμ-

140 965 416 1035 πομένοις
472 964 535 1018 τὸ
580 963 906 1035 ἡγεμονικὸν
952 962 1041 1014 ὑπ’
1091 960 1254 1015 αὑτοῦ
1301 958 1395 1012 τοῦ
1428 958 1602 1027 Λόγου
1650 960 1744 1012 καὶ

138 1057 310 1122 Θεοῦ,
342 1056 523 1128 φησίν·
562 1075 581 1107 ι
612 1055 797 1121 Οὐδεὶς
820 1055 960 1123 ἔγνω
989 1054 1097 1125 (54)
1127 1054 1217 1106 τὸν
1242 1053 1369 1106 Υἱὸν
1401 1056 1449 1106 εί
1477 1052 1553 1123 μὴ
1583 1053 1612 1104 6
1634 1052 1745 1103 Πα-

139 1147 279 1220 τὴρ,
306 1150 430 1202 οὐδὲ
455 1148 546 1201 τὸν
575 1148 795 1219 Πατέρα
838 1148 887 1200 εί
937 1147 1011 1218 μὴ
1038 1148 1066 1199 6
1102 1145 1250 1209 Υἱὸς,
1282 1145 1376 1200 καὶ
1404 1140 1447 1213 ᾧ
1470 1145 1536 1200 ἂν
1566 1148 1593 1199 6
1618 1144 1744 1207 Υἱὸς

141 1240 502 1311 ἀποκαλύψῃ.
544 1259 562 1291 ι
596 1238 733 1293 Οὔτε
763 1238 873 1312 γὰρ
902 1238 991 1292 τὸν
1014 1237 1275 1309 ἀγένητον
1302 1237 1414 1307 (55)
1438 1236 1536 1290 καὶ
1566 1237 1745 1307 πάσης

141 1333 392 1403 γενητῖκ
448 1331 664 1402 φύσεως
707 1330 1050 1404 πρωτότοκον
1091 1330 1210 1384 κατ’
1244 1330 1401 1395 ἀξίαν
1435 1330 1634 1384 εἰδέναι
1663 1345 1748 1391 τις

138 1424 397 1490 δύναται,
425 1425 499 1489 ὡς
521 1426 550 1478 6
580 1426 847 1496 γεννήσας
874 1425 1037 1480 αὐτὸν
1058 1424 1267 1496 Πατὴρ,
1294 1425 1417 1478 οὔτε
1446 1424 1538 1482 τὸν
1572 1424 1747 1477 Πατέ-

143 1536 241 1591 pa,
278 1518 358 1583 ώς
390 1519 418 1571 ό
434 1517 671 1589 ἔμψυχος
691 1519 863 1587 Λόγος
885 1518 979 1572 καὶ
1003 1518 1163 1587 σοφία
1197 1518 1361 1571 αὑτοῦ
1385 1519 1485 1572 καὶί
1501 1517 1743 1589 ἀλήθεια·

140 1607 210 1667 οὗ
240 1617 443 1686 μετοχῇ
475 1613 891 1687 περιαιροῦντος
922 1614 1029 1667 ἀπὸ
1064 1613 1159 1667 τοῦ
1187 1612 1399 1685 Πατρὸς
1431 1610 1494 1670 τὸ
1524 1612 1752 1683 λεγόμε-

143 1726 242 1763 νον
268 1710 480 1773 σκότος,
517 1708 546 1761 ὃ
574 1708 726 1761 ἔθετο
748 1708 1074 1780 ἁποκρυφὴν
1104 1706 1290 1770 αὑτοῦ,
1321 1706 1416 1760 καὶ
1452 1705 1513 1759 τὸ
1534 1704 1755 1775 λεγόμε.

145 1814 243 1851 νον
279 1797 626 1870 περιϐόλαιον
677 1796 892 1861 αύτοῦ,ἴ
907 1796 1003 1868 τὴν
1037 1795 1293 1859 ἄϐυσσον,
1330 1795 1423 1848 καὶ
1468 1794 1748 1848 ἀποκαλύ-

147 1868 384 1954 πτοντος
413 1890 554 1944 οὕτω
584 1890 676 1944 τὸν
706 1889 927 1959 Πατέρα
956 1889 985 1943 ὅ
1012 1905 1065 1942 τι
1092 1887 1210 1941 ποτ’
1242 1885 1308 1941 ἂν
1339 1888 1490 1957 χω,ρῇ
1525 1885 1634 1958 (56)
1659 1903 1745 1955 γι-
1776 1868 1819 1923 Β

146 1985 387 2039 νώσκειν
416 1982 578 2036 αὑτὸν
609 1981 925 2052 γιγνώσκει.

224 2066 419 2119 Ταῦτα
442 2066 790 2136 δ’ἡγησάμην
814 2066 1018 2137 βραχέα
1038 2066 1144 2120 ἀπὸ
1176 2066 1437 2120 πλείστων
1460 2067 1599 2121 ὅσων
1624 2066 1733 2121 τῶν

149 2159 285 2229 περὶ
304 2157 442 2211 Θεοῦ
464 2161 573 2221 τοῖς
594 2158 753 2229 ἱεροῖς
771 2158 994 2228 ἀνδράσι
1016 2175 1168 2228 νενοη
1177 2158 1350 2228 μένων
1372 2158 1734 2228 παραθέσθαι,

150 2251 397 2314 δεικνὺς,
422 2252 503 2303 ὅτι
546 2250 652 2303 τῶν
685 2249 1104 2320 θαυμασθέντων
1135 2250 1239 2302 ὑπὸ
1275 2250 1485 2303 Κέλσου
1516 2251 1739 2304 Πλατω-

154 2342 331 2396 νικῶν
361 2343 532 2411 λόγων
550 2342 660 2413 ἔχει
693 2360 744 2395 τι
775 2342 1120 2412 σεμνότερον,
1153 2344 1264 2405 τοῖς
1301 2342 1512 2412 ἔχουσιν
1541 2342 1741 2413 ὀφθαλ-

158 2434 300 2504 μοὺς
335 2432 552 2501 βλέπειν
577 2431 646 2484 τὰ
686 2431 857 2500 σεμνὰ
892 2431 998 2484 τῶν
1026 2431 1255 2503 Γραφῶν
1294 2434 1642 2504 δυναμένους,
1671 2434 1742 2489 τὰ

159 2526 290 2596 ίερά
316 2524 428 2579 τῶν
458 2524 751 2596 προφητῶν
778 2527 1101 2597 γράμματα.
1130 2527 1283 2596 Ἔχει
1318 2527 1363 2580 δ’
1391 2529 1423 2597 ἡ
1455 2528 1740 2591 Πλάτωνος

156 2616 308 2681 λέξις
337 2616 479 2688 (5'7),
516 2617 582 2687 ἢν
619 2618 647 2669 6
676 2616 881 2679 Κέλσος
908 2615 1138 2681 ἐξέθετο,
1174 2615 1359 2670 τοῦτον
1399 2618 1488 2670 τὸν
1517 2618 1739 2687 τρόπον’

163 2730 180 2761 ι
231 2712 375 2777 Περὶ
411 2712 521 2763 τῶν
560 2711 775 2765 πάντων
816 2712 1034 2773 βασιλέα
1083 2712 1241 2765 πάντ’
1280 2710 1427 2774 ἐστὶ,
1468 2711 1563 2764 καὶ
1600 2710 1743 2764 ὲκεί-

152 2817 251 2853 νου
279 2799 445 2853 ἕνεκα
474 2799 669 2864 πάντα,
704 2799 798 2852 καὶ
836 2799 1011 2852 ἐκεῖνο
1043 2801 1214 2853 αἴτιον
1256 2800 1511 2853 ἀπάντων
1543 2798 1743 2853 καλῶν.

150 2890 425 2960 Δεύτερον
473 2890 530 2943 δὲ
562 2890 690 2960 περὶ
734 2891 803 2943 τά
857 2889 1106 2960 δεύτερα’
1150 2892 1244 2943 καὶ
1285 2892 1468 2961 τρίτον
1520 2893 1648 2962 περὶ
1678 2893 1748 2946 τά

154 2978 346 3049 τρίτα.
386 2978 451 3029 Ἡ
494 2971 585 3029 οὖν
630 2975 942 3048 ἀνθρωπίνη
987 2975 1131 3047 ψυχὴ
1160 2977 1287 3048 περ)¹
1317 2977 1455 3029 αὑτά
1497 2977 1747 3048 ὀρέγεται

156 3069 377 3139 μαθεῖν,
412 3070 538 3121 ποῖα
585 3069 720 3122 ἄττα
743 3069 877 3132 ἐστὶ,
915 3066 1184 3138 βλέπουσα
1205 3070 1284 3132 είς
1326 3068 1393 3122 τὰ
1430 3068 1595 3139 αὐτῆς
1620 3086 1749 3138 συγ-

151 3160 318 3230 γενῆ,
348 3152 423 3212 ὧν
470 3159 620 3212 οὐδὲν
651 3158 852 3221 ἱκανῶς
883 3157 1017 3229 ἔχει.
1068 3158 1173 3211 Τοῦ
1202 3158 1265 3229 δὴ
1300 3158 1562 3229 βασιλέως
1593 3160 1740 3231 πέρι,

154 3253 260 3307 καὶ
308 3245 602 3315 ὦνέίπον,
632 3252 783 3305 οὐδέν
833 3254 948 3305 ἐστι
979 3250 1236 3304 τοιοῦτον.
1277 3270 1295 3303 ι
1343 3252 1645 3324 Ἐδυνάμην
1687 3253 1744 3306 δὲ

152 3342 505 3414 παραθέσθαι
536 3342 606 3396 τὰ
628 3343 756 3415 περὶ
784 3341 892 3395 τῶν
922 3344 1050 3415 παρ’
1097 3332 1366 3415 Ἑϐραίοις
1397 3343 1743 3413 καλουμένων

154 3438 456 3510 σεραφεὶμ,
486 3438 988 3510 ἀναγεγραμμένων
1007 3442 1062 3493 ὲν
1077 3439 1153 3510 τῷ
1188 3440 1403 3511 Ἡσαΐᾳ,
1438 3440 1741 3493 καλυπτόν-

152 3548 271 3585 των
304 3532 367 3584 τὸ
419 3530 706 3602 πρόσωπον
732 3532 825 3584 καὶ
852 3533 974 3594 τοὺς
1009 3531 1175 3595 πόδας
1201 3531 1294 3583 τοῦ
1328 3531 1463 3585 Θεοῦ
1644 3532 1738 3585 καὶ

152 3623 219 3676 τὰ
262 3623 389 3694 περὶ
412 3622 518 3675 τῶν
542 3621 952 3693 ὀνομαζομένων
979 3621 1292 3693 χερουόεὶμ,
1322 3621 1358 3675 ἃ
1389 3621 1678 3693 διέγραψεν
1709 3622 1739 3674 ὁ

165 3714 453 3786 Ἶεζεκιὴλ,
489 3716 581 3767 καὶ
596 3714 702 3767 τῶν
733 3714 934 3767 ώσανεὶ
966 3714 1259 3784 σχημάτων
1287 3714 1484 3779 αὐτῶν,
1515 3714 1741 3768 καὶτίνα

152 3807 363 3878 τρόπον
392 3805 629 3876 ὀχεῖσθαι
662 3806 876 3874 λέγεται
911 3807 1002 3859 ἐπὶ
1041 3804 1150 3858 τῶν
1178 3805 1473 3877 χερουϐειμ
1508 3807 1537 3858 6
1584 3805 1737 3870 Θεὸς.

166 3898 311 3951 Ἀλλ’
346 3898 469 3951 ἐπεὶ
494 3898 633 3951 πάνυ
675 3897 1070 3969 κεκρυμμένως
1104 3897 1314 3969 εἴρηται
1346 3896 1434 3949 διὰ
1455 3898 1580 3960 τοὺς
1608 3897 1739 3950 ἀνα-

155 3990 307 4056 ξίους
343 3990 438 4042 καὶ
476 3989 764 4060 ἀσέμνους,
802 3989 876 4060 μὴ
909 3989 1235 4059 δυναμένους
1262 3988 1739 4060 παρακολουθῆσαι

159 4080 490 4152 μεγαλονοίᾳ
531 4080 625 4134 καὶ
672 4081 957 4152 σεμνότητι
1007 4080 1300 4149 θεολογίας,
1325 4082 1423 4152 οὐχ
1449 4082 1742 4153 ἡγησάμην

156 4174 372 4247 πρέπον
403 4168 542 4227 εἶναι
583 4176 641 4227 ὲν
672 4173 750 4244 τῷ
779 4172 1168 4245 συγγράμματι
1197 4171 1371 4244 τούτῳ
1406 4171 1534 4244 περὶ
1564 4170 1742 4225 αὐτῶν

155 4267 527 4338 διαλεχθῆναι.

1841 595 2023 650 minus
2066 593 2156 649 Dei
2182 591 2422 648 Verbum
2454 592 2660 648 indicat
2689 602 2950 663 quantum
2988 593 3055 648 sit
3084 591 3302 647 Patrem
3323 606 3419 646 co-

1843 700 2130 760 gnoscere,
2165 686 2423 755 illumque
2471 700 2568 755 pro
2613 686 2808 741 merito
2856 685 3089 756 primum
3128 699 3156 737 a
3207 699 3267 739 se
3305 684 3419 739 solo

1842 780 2122 852 cognosci,
2158 779 2354 834 deinde
2409 779 2479 834 ab
2523 780 2631 834 illis
2663 793 2893 848 quorum
2938 780 3055 849 ipse
3094 776 3331 832 Verbum
3364 787 3421 833 et

1846 875 1988 929 Deus
2025 883 2256 928 mentem
2287 873 2588 928 illuminat:
2644 887 2765 926 cum
2817 871 2895 925 ait
2931 886 2946 923 :
2990 889 3008 922 ε
3044 868 3215 925 Nemo
3264 870 3418 925 novit

1844 967 2042 1021 Filium
2078 965 2180 1019 nisi
2209 964 2392 1029 Pater,
2432 979 2607 1034 neque
2633 964 2848 1019 Patrem
2875 962 2978 1017 nisi
3010 962 3199 1029 Filius,
3236 971 3289 1017 et
3334 962 3420 1017 cui

1845 1061 2019 1117 Filius
2054 1059 2378 1115 revelaverit
2402 1058 2468 1112 ³³.
2510 1076 2528 1110 ι
2564 1057 2747 1127 Neque
2772 1059 2918 1113 enim
2950 1059 3088 1112 ullus
3122 1059 3419 1111 increatum

1847 1159 1901 1207 et
1929 1151 2113 1207 omnis
2145 1161 2340 1205 creatae
2376 1156 2584 1202 natura:
2613 1147 3033 1219 primogenitum
3064 1148 3223 1216 digne
3247 1154 3423 1216 potest

1848 1256 2205 1314 cognoscere,
2241 1252 2298 1296 ut
2338 1240 2500 1295 Pater
2527 1241 2617 1310 qui
2649 1256 2771 1295 eum
2801 1241 2984 1311 genuit
3012 1241 3086 1295 ³³ε
3119 1254 3291 1307 neque
3319 1238 3421 1293 Pa-

1852 1346 2011 1401 trem,
2053 1344 2111 1388 ut
2147 1334 2441 1388 animatum
2473 1329 2735 1395 Verbum,
2776 1332 2920 1401 quod
2962 1332 3226 1402 sapientia
3258 1342 3311 1387 et
3331 1347 3423 1386 ve-

1850 1431 1986 1483 ritas
2009 1426 2124 1496 ejus
2148 1435 2250 1480 est.
2276 1423 2453 1495 Ipsum
2482 1434 2587 1489 εει,
2618 1424 2757 1494 quod
2782 1439 2812 1477 a
2839 1424 2997 1477 Patre
3026 1424 3275 1478 tenebras
3301 1423 3423 1476 dis-

1850 1520 2004 1590 pellit
2057 1534 2191 1588 quas
2241 1536 2259 1569 ‹
2300 1517 2479 1587 posuit
2525 1515 2803 1570 latibulum
2840 1531 2999 1571 suum
3058 1516 3126 1583 “,
3179 1536 3197 1568 ι
3244 1516 3420 1584 ipsum

1851 1619 1933 1665 est
1965 1609 2110 1678 quod
2143 1608 2398 1677 abyssum
2428 1607 2621 1674 retegit
2644 1622 2747 1677 qua
2779 1607 2924 1662 velut
2966 1606 3289 1663 vestimento
3324 1622 3417 1675 pn-

1853 1710 1936 1757 ter
1977 1701 2193 1770 tegitur,
2228 1713 2402 1769 eoque
2453 1700 2535 1754 sic
2585 1699 2799 1753 Patrem
2854 1699 3149 1768 revelantc,
3197 1698 3414 1753 Patrem

1855 1792 2132 1864 cognoscit
2154 1790 2399 1863 quisquis
2432 1788 2582 1844 illum
2611 1803 2936 1860 cOguoscere
2966 1799 3159 1861 potest.

1917 2056 2005 2112 18.
2047 2058 2124 2112 Ex
2148 2058 2396 2127 pluribus
2430 2058 2581 2127 locis,
2610 2059 2700 2115 ubi
2741 2058 2917 2115 sancti
2948 2059 3049 2114 viri
3091 2058 3248 2116 nobis
3290 2061 3420 2130 quid

1848 2149 1915 2204 de
1948 2151 2055 2206 Deo
2076 2152 2378 2219 cogitarent
2402 2152 2765 2215 declararunt,
2796 2151 2909 2206 haec
2932 2166 3103 2220 pauca
3141 2151 3314 2206 visum
3338 2158 3423 2206 est

1846 2255 2170 2310 excerpere;
2211 2250 2271 2295 ut
2301 2246 2644 2297 ostenderem
2704 2243 2758 2296 in
2815 2242 2987 2296 sacris
3036 2243 3416 2313 prophetarum

1849 2332 2046 2387 litteris
2092 2333 2269 2388 inesse
2297 2334 2426 2403 quid
2464 2334 2767 2403 augustius,
2807 2349 2973 2404 quam
3021 2335 3074 2389 in
3125 2320 3419 2389 Platonicis

1846 2423 2151 2491 sententiis,
2204 2440 2345 2494 quas
2402 2432 2682 2493 tantonere
2730 2424 2920 2481 Celsus
2973 2427 3336 2490 admiratur;
3374 2427 3418 2480 si

1851 2518 2015 2573 modo
2047 2518 2189 2572 oculi
2218 2517 2510 2588 legentium
2542 2516 2579 2569 ii
2607 2517 2717 2572 sint
2757 2517 2847 2586 qui
2899 2518 3234 2587 majestatem
3272 2519 3423 2573 Scri-

1846 2620 2129 2677 pturarum
2156 2610 2423 2676 inspicere
2446 2610 2681 2663 valeant.
2708 2607 2881 2664 Verba
2921 2618 3097 2663 autem
3124 2608 3363 2664 Platonis
3388 2625 3417 2663 a

1847 2699 2003 2754 Celso
2033 2708 2329 2754 memorata
2364 2699 2445 2753 sic
2470 2699 2675 2753 habent
2708 2714 2723 2753 :
2756 2717 2773 2750 ι
2817 2698 3033 2752 Circum
3068 2698 3304 2753 omnium
3339 2714 3420 2751 re-

1848 2808 1967 2862 gem
2010 2792 2193 2845 omnia
2242 2800 2392 2853 sunt,
2427 2800 2482 2845 et
2534 2798 2753 2859 propter
2804 2789 2954 2843 illum
2982 2790 3185 2851 omnia,
3219 2798 3275 2843 et
3305 2790 3419 2857 ipse

1846 2883 2113 2938 honorum
2143 2882 2384 2937 onmium
2415 2898 2575 2938 causa
2610 2892 2714 2937 est.
2755 2881 3009 2937 Secundo
3039 2880 3156 2936 loco
3184 2890 3269 2936 est
3296 2897 3417 2936 cum

1847 2975 2117 3039 secundis,
2167 2974 2329 3029 tertio
2362 2988 2483 3028 eum
2519 2975 2716 3031 tertiis.
2768 2974 2935 3044 Igitur
2968 2974 3147 3028 anima
3182 2974 3418 3028 humana

1846 3067 2026 3123 studio
2058 3065 2285 3122 eﬂ‘ertur
2314 3065 2557 3121 discendi
2585 3067 2702 3121 htec
2736 3066 2914 3136 qualia
2953 3066 3085 3132 sint,
3119 3067 3421 3135 respiciens

1848 3159 1912 3211 ad
1933 3173 1993 3213 ea
2022 3172 2141 3227 qua:
2164 3172 2346 3212 secum
2377 3156 2702 3227 cognatione
2727 3156 3015 3223 conjuncta
3034 3165 3177 3210 sunt.
3199 3154 3415 3209 Nullum

1852 3260 2040 3299 eorum
2073 3244 2376 3315 perfectum
2406 3253 2511 3299 est.
2560 3245 2636 3299 De
2682 3259 2808 3314 rege
2843 3258 2971 3298 vero
2996 3252 3051 3299 et
3080 3244 3200 3299 aliis
3228 3260 3423 3315 supra-

1850 3337 2011 3393 dictis
2032 3337 2165 3391 nihil
2201 3346 2284 3393 est
2329 3335 2620 3405 ejusmodi.
2653 3354 2671 3387 ι
2708 3334 2823 3390 Huc
2851 3335 3046 3391 aﬂ'erre
3086 3351 3298 3407 possem
3340 3338 3424 3391 lu-

1850 3440 1990 3483 ctam
2019 3428 2087 3481 ab
2121 3426 2256 3481 Isaia
2305 3427 2604 3493 seraphim,
2648 3433 2704 3479 ut
2730 3423 2941 3480 Hebraei
2969 3436 3188 3492 vocant,
3217 3426 3422 3481 descri-

1843 3516 2105 3573 ptionem,
2135 3523 2227 3577 qut
2249 3511 2519 3580 seraphim
2542 3512 2634 3567 Det
2663 3515 2853 3569 faciem
2880 3526 2933 3570 et
2957 3519 3119 3586 pedes
3144 3521 3417 3588 velant";

1844 3596 2009 3668 644
2037 3614 2251 3669 possem
2299 3611 2355 3656 et
2395 3603 2662 3659 adducere
2708 3622 2770 3661 ea
2800 3625 2919 3678 quae
2958 3611 3208 3667 Ezechiel
3232 3614 3421 3669 scribit

1842 3690 1909 3745 de
1942 3692 2007 3746 iis
2039 3709 2175 3763 quos
2200 3696 2463 3751 cherubin
2488 3700 2739 3769 appellat,
2766 3711 2822 3756 et
2850 3718 3079 3771 quorum
3103 3704 3304 3761 formas
3331 3707 3424 3760 de-

1843 3782 2032 3855 pingit,
2057 3794 2112 3839 et
2130 3787 2393 3851 explicare
2412 3792 2681 3860 quomodo
2704 3793 2846 3845 Deus
2875 3808 2903 3845 a
2928 3793 3193 3848 cherubin
3217 3796 3417 3858 gestari

1844 3881 2060 3937 dicatur
2088 3880 2168 3946 ⁸⁶;
2200 3880 2296 3936 sed
2327 3881 2453 3950 quia
2488 3881 2602 3936 haec
2628 3881 2843 3938 occulte
2868 3882 3087 3936 omnino
3120 3882 3266 3937 dicta
3298 3891 3422 3938 sunt

1844 3982 2069 4044 propter
2099 3974 2347 4044 indignos
2387 3982 2441 4029 et
2472 3974 2663 4037 malos,
2707 3973 2799 4042 qui
2836 3973 3125 4044 theologia:
3170 3974 3419 4030 sublimi-

1850 4076 2017 4120 tatem
2058 4064 2508 4135 majestatemque
2555 4080 2661 4119 non
2705 4074 2935 4135 possunt
2972 4065 3245 4120 intellectu
3274 4081 3422 4122 asse-

1846 4159 1962 4228 qui,
2000 4172 2107 4211 non
2139 4158 2315 4212 visum
2349 4168 2431 4211 est
2458 4158 2511 4211 ln
2555 4156 2723 4212 hocce
2753 4159 2956 4226 scripto
2982 4172 3161 4227 operae
3186 4159 3418 4228 pretium

1846 4251 1913 4304 de
1944 4249 2050 4303 illis
2079 4248 2242 4303 rebus
2266 4249 2558 4303 disserere.

244 4334 414 4418 Ἑξῆς
435 4348 492 4401 δὲ
538 4347 743 4411 τούτοις
776 4351 939 4419 φησιν
971 4352 998 4403 6
1029 4349 1256 4412 Κέλσος,
1289 4368 1321 4399 ,ι
1360 4349 1740 4420 παρακούσαν-

1914 4341 2002 4395 l9.
2038 4358 2057 4392 ι
2094 4339 2396 4395 Christiani
2432 4341 2685 4409 quidam,
2713 4338 2889 4410 pergit
2927 4339 3142 4404 Celsus,
3176 4340 3317 4395 male
3340 4340 3423 4394 in-

159 4445 261 4508 τάς
302 4459 455 4505 τινας
495 4442 855 4513 Χριστιανοὺς
899 4441 1264 4495 Πλατωνικῶν
1296 4441 1523 4507 λέξεων,
1559 4441 1746 4512 αὐχεῖν

160 4537 256 4590 τὸν
296 4534 689 4605 ύπερουράνιον
731 4533 863 4585 Θεὸν
898 4533 1046 4603 (59),
1076 4533 1605 4605 ὑπεραναὸαίνοντας
1651 4532 1743 4586 τὸν

175 4625 451 4681 Ἰουδαίων
478 4625 724 4695 οὐρανόν.
759 4642 779 4676 ι
820 4625 907 4676 Ἐν
939 4623 1148 4686 τούτοις
1179 4624 1233 4677 δὲ
1266 4626 1326 4677 ού
1358 4626 1628 4694 διασαφεῖ,
1656 4624 1747 4678 πό-

162 4736 325 4788 τερον
374 4718 469 4772 καὶ
511 4717 602 4772 τὸν
644 4717 913 4783 Ἰουδαίων
956 4717 1087 4771 Θεὸν
1132 4718 1744 4790 ύπεραναὸαίνουσιν,ῆ

167 4811 333 4881 μόνον
361 4809 419 4864 ὃν
448 4809 737 4880 ὀμνύουσιν
763 4808 1010 4877 οὐρανόν.
1034 4809 1167 4880 Περὶ
1192 4810 1292 4880 μὲν
1321 4804 1413 4862 οὖν
1435 4809 1543 4863 τῶν
1563 4810 1750 4881 ἕτερον

1846 4433 2056 4490 tellecta
2092 4431 2334 4488 Platonis
2362 4433 2634 4499 doctrina,
2668 4433 2958 4503 plurimum
2990 4432 3221 4487 eﬂ‘erunt
3251 4432 3417 4487 Deum

1841 4525 1932 4596 qui
1966 4540 2132 4595 supra
2163 4524 2334 4580 ccelos
2349 4533 2452 4592 est,
2472 4525 2655 4594 sicque
2684 4524 2992 4580 Judteorum
3021 4524 3219 4580 caelum
3246 4533 3420 4578 trans-

1842 4620 2101 4673 cendunt.
2145 4636 2165 4671 ι
2197 4616 2299 4672 Ubi
2354 4633 2457 4671 non
2502 4618 2650 4672 clare
2700 4618 2907 4673 indicat
2960 4617 3420 4672 transcendantnc

1841 4708 2149 4765 Judzeorum
2178 4708 2370 4772 Deum,
2399 4724 2466 4762 an
2498 4709 2694 4765 ccelum
2723 4709 3009 4774 duntaxat,
3034 4722 3130 4778 per
3155 4707 3297 4777 quod
3320 4704 3416 4760 Ju-

1842 4799 2170 4869 dazijurant.
2205 4797 2319 4854 Non
2361 4799 2528 4871 igitur
2556 4799 2623 4853 de
2683 4800 2767 4854 his
2811 4800 2901 4869 qui
2954 4799 3121 4853 alium
3171 4797 3240 4853 ab
3289 4796 3416 4863 illo,

246 4971 292 5003 ²¹
318 4970 463 5027 Psal.
490 4985 607 5034 cm,
631 4967 684 5023 6.
744 4966 789 5000 δ’
810 4966 1001 5023 Matth.
1031 4983 1107 5032 xi,
1127 4966 1218 5021 Q7.
1285 4966 1329 4998 ³⁸
1351 4964 1559 5021 Coloss.
1587 4961 1736 5027 1J5.

1848 4957 2019 5014 'Psal.
2047 4957 2294 5022 xvu,12.
2353 4934 2416 4989 ’δι
2436 4957 2540 5014 lsa.
2566 4973 2643 5023 Vl,
2665 4956 2721 5011 ε.
2796 4956 2841 4988 ι·
2866 4955 3062 5012 Ezeeh.
3089 4953 3415 5021 ι,5,10,18.

230 5150 348 5219 (54)
379 5149 505 5207 Mss.
531 5159 585 5205 et
614 5149 950 5206 llmschelius
982 5149 1034 5204 in
1066 5158 1236 5217 textu,
1287 5149 1446 5218 ἔγνω,
1493 5148 1733 5219 Spcnce-

159 5237 273 5279 rus,
301 5220 670 5289 ἐπιγινώσκει.

232 5291 346 5359 (55)
387 5288 711 5360 Ἀγέννητον.
774 5291 948 5347 Locus
994 5291 1277 5359 diligenter
1323 5288 1594 5342 notandus
1638 5290 1728 5343 ubi

156 5360 331 5415 Filius
355 5377 384 5415 e
411 5370 781 5415 creaturarum
808 5378 1033 5416 numero
1068 5363 1269 5414 diserte
1297 5360 1571 5422 eximitur,
1599 5363 1727 5413 dum

152 5432 423 5501 ἀγένητος
449 5431 665 5485 dicitur.
735 5433 807 5486 At
855 5448 957 5484 non
992 5430 1437 5486 dissitnulantltmt
1483 5430 1536 5501 in
1571 5431 1729 5501 unico

154 5498 347 5553 codice
377 5502 667 5569 Anglieano
717 5506 956 5555 secundo
1007 5502 1109 5569 legi
1156 5500 1247 5553 τὸν
1284 5498 1556 5569 γεννητόν.
1598 5498 1729 5553 Vide

157 5569 599 5638 Origenianorum
630 5571 720 5627 lib.
751 5587 812 5634 It,
847 5582 1034 5639 quaest.
1060 5569 1114 5632 ἓ,
1144 5586 1295 5624 num.
1319 5570 1409 5622 ‘23.

226 5640 340 5711 (56)
370 5643 431 5692 ’Ὁ
458 5658 509 5693 τι
536 5642 666 5693 ποτ’
694 5640 770 5694 ἂν
816 5638 996 5711 χωρῇ.
1041 5641 1346 5711 Legeudum
1381 5639 1591 5711 ridetur
1623 5638 1722 5693 Bo-

156 5708 387 5775 lterello,
415 5711 562 5774 ὅστις
596 5714 723 5782 ποτ’,
746 5708 1007 5782 ἀν’χωρῇ.
1045 5708 1209 5782 Paulo
1242 5720 1359 5782 post
1391 5708 1727 5782 llmschelius

154 5782 219 5855 ist
242 5791 391 5835 textu
427 5782 607 5855 habet,
636 5781 810 5835 ταῦτα
836 5780 1204 5855 διηγησάμην,
1250 5790 1305 5837 ει
1337 5781 1412 5835 ita
1436 5781 1602 5836 codex
1625 5780 1727 5836 Att-

152 5849 400 5924 glicanus
431 5853 660 5922 primus.

1912 5146 2023 5215 (ετ)
2054 5144 2369 5210 Πλάτωνος
2396 5143 2584 5210 λέξις.
2640 5142 2813 5209 Plato,
2863 5141 3024 5211 epist.
3049 5140 3085 5195 2
3114 5140 3181 5195 ad
3215 5141 3416 5213 Diony—

1870 5216 2001 5268 iunt.
2037 5231 2154 5268 nail.
2181 5215 2305 5268 512.

1840 5232 2001 5280 ειυηι,
2037 5231 2154 5283 pag.
2181 5231 2305 5269 om.

1840 5234 2001 5280 Slum,
2037 5234 2154 5285 pag.
2181 5234 2305 5269 οιΖ.

1840 5309 1847 5331 >
1910 5286 2019 5357 (58)
2056 5285 2164 5340 Τοῦ
2204 5285 2371 5340 Θεοῦ.
2428 5282 2544 5357 Non
2593 5284 2673 5339 sic
2724 5283 2774 5357 in
2832 5282 3095 5357 llebraais,
3151 5280 3244 5335 sed
3293 5296 3418 5357 pro-

1839 5351 2013 5426 priam
2042 5357 2236 5411 faciem
2266 5356 2620 5426 propriosque
2646 5355 2831 5426 pedes.
2863 5351 3262 5426 Nequetamen
3296 5354 3416 5407 ideo

1839 5420 2125 5495 legendum
2163 5420 2315 5492 putat
2346 5420 2683 5495 Bolterellus,
2718 5421 2947 5476 ἐνώπιον
2966 5420 3069 5495 τοῦ
3090 5420 3253 5495 Θεοῦ.

1905 5491 2016 5567 (59)
2052 5491 2622 5567 Τὸνὺπερουράνιον
2648 5495 2832 5567 Θεόν.-
2867 5494 3046 5547 Codex
3075 5491 3319 5546 Jolianus
3346 5491 3413 5567 ad

1837 5562 2007 5621 oratn'
2030 5568 2209 5626 habet,
2239 5562 2327 5618 τὸν
2355 5565 2741 5635 ύπερουράνιον
2775 5562 2983 5635 τόπον,
3007 5578 3124 5635 quae
3153 5564 3418 5635 correctio

1838 5637 1963 5690 inde
2005 5646 2127 5689 nata
2162 5635 2395 5697 videtur,
2428 5630 2576 5703 quod
2602 5635 2741 5687 infra
2773 5635 2921 5687 dicat
2949 5632 3211 5703 Origenes
3240 5630 3415 5683 Plator

1839 5722 1960 5760 nem
1997 5721 2097 5759 non
2133 5704 2297 5759 fuisse
2325 5705 2414 5774 qui
2446 5702 2674 5774 primus
2716 5704 2786 5755 τὰ
2824 5704 2952 5774 περ),
2988 5702 3079 5755 τοῦ
3108 5703 3407 5774 ὑπερουρα-

1836 5777 1949 5830 νίου
1998 5776 2162 5828 τόπου
2219 5770 2501 5830 invenerit.
2567 5772 2633 5828 Ut
2665 5791 2695 5828 u
2750 5782 2851 5835 est,
2892 5770 3080 5828 omnes
3131 5770 3389 5827 ali'i’codd

1836 5862 1966 5903 mss.
2002 5847 2199 5904 habent
2219 5847 2309 5900 τὸν
2347 5845 2739 5919 ὑπερουράνιον
2767 5845 2917 5898 Θεόν.
