3926 6540
147 406 287 464 1525

782 490 831 524 υ

1399 401 1676 460 CONTRA
1707 399 1986 460 CELSUM
2022 403 2148 460 LIB.
2191 403 2278 460 Vl.

3275 407 3414 462 15:26

148 528 236 591 τὰς
258 525 430 599 χρόας
465 527 643 583 αὐτῶν
671 528 802 599 (77).
851 525 1006 598 Ἑξῆς
1039 526 1282 594 ἐξετάζει
1304 527 1402 598 τὴν
1432 527 1610 581 αἰτίαν
1644 525 1739 596 τῆς

1852 526 2062 580 metalla
2109 527 2371 582 referunt.
2403 543 2420 576 ι
2467 524 2596 580 Dein
2625 525 2849 594 inquirit
2878 542 3131 591 causam,
3179 542 3277 582 cur
3325 529 3415 584 illo

139 621 280 674 οὕτω
296 621 729 692 κατειλεγμένης
757 621 963 686 τάξεως
993 621 1099 674 τῶν
1118 621 1382 691 ἀστέρων,
1400 619 1558 690 δηλου
1568 619 1733 689 μένης

138 713 224 766 διά
247 713 539 784 συμϐόλων
561 715 616 767 ἐν
639 717 748 778 τοῖς
769 714 990 784 ὀνόμασι
1014 713 1112 782 τῆς
1128 711 1318 782 λοιπῆς
1347 711 1476 781 ὕλης
1493 710 1620 780 (78)·
1641 710 1734 762 καὶ

146 806 441 874 μουσικοὺς
478 805 667 875 λόγους
698 807 999 876 προσάπτει
1032 806 1064 876 ἢ
1101 804 1373 857 ἐκτίθεται
1417 806 1448 874 ἠ
1510 803 1734 874 Περσῶν

143 895 410 963 θεολογία·
448 895 954 966 προσφιλοτιμεῖται
993 894 1047 948 δὲ
1096 893 1304 958 τούτοις
1343 893 1436 946 καὶ
1478 893 1735 964 δευτέραν

143 987 396 1042 ἐκθέσθαι
446 988 717 1059 διηγησιν,
744 988 904 1041 πάλιν
928 987 1192 1058 ἐχομένην
1226 985 1496 1057 μουσικῶν
1524 985 1733 1058 θεωρη-

147 1082 348 1152 μάτων.
389 1079 582 1145 Ἔδοξε
615 1080 672 1132 δέ
707 1098 795 1149 μοι
828 1079 888 1132 τὸ
921 1078 1176 1132 ἐκθέσθαι
1217 1077 1313 1147 τὴν
1347 1077 1491 1144 λέξιν
1522 1080 1577 1131 ἐν
1612 1077 1736 1130 τού-

150 1188 249 1234 1:01.;
289 1170 386 1223 τοῦ
435 1171 644 1222 Κέλσου
686 1171 882 1224 ἄτοπον
927 1166 1086 1233 εἶναι,
1133 1171 1226 1223 καὶ
1263 1171 1446 1240 ὅμοιον
1492 1164 1536 1238 ᾧ
1573 1171 1734 1235 αὐτὸς

148 1262 469 1331 πεποίηκεν,
511 1264 589 1324 εἰς
633 1261 734 1332 τὴν
778 1262 908 1332 περὶ
942 1260 1283 1331 Χριστιανῶν
1327 1262 1422 1313 καὶ
1467 1260 1735 1314 Ἰουδαίων

148 1353 484 1424 κατηγορίαν
516 1354 758 1425 ἀκαίρως
812 1352 1142 1424 παραλαϐὼν
1177 1354 1238 1406 ού
1285 1354 1445 1423 μόνον
1488 1352 1556 1406 τά
1594 1353 1736 1406 Πλά-

153 1461 328 1507 τωνος,
375 1444 456 1508 ὡς
495 1444 723 1506 ἐκείνοις
762 1442 1046 1514 ἀρκεῖσθαι
1081 1443 1210 1511 (79),
1259 1442 1395 1496 ἀλλά
1434 1444 1528 1496 καὶ
1565 1442 1634 1496 τὰ
1661 1442 1736 1506 ὥς

150 1553 274 1607 φησι
310 1535 544 1607 Περσῶν
576 1535 668 1588 τοῦ
699 1535 905 1606 Μίθρου
942 1535 1218 1605 μυστήρια
1243 1535 1336 1587 καὶ
1362 1534 1458 1605 τὴν
1487 1534 1735 1607 διήγησιν

152 1631 341 1684 αὐτῶν.
383 1632 579 1692 Ὅπως
627 1629 755 1682 ποτέ
792 1628 898 1699 γὰρ
937 1628 1105 1698 ἐχέτω
1142 1626 1333 1692 ταῦτα,
1374 1628 1484 1680 εἴτε
1526 1627 1736 1698 ψευδῶς

152 1724 240 1776 εἴτ’
285 1721 540 1792 ἀληθῶς,
588 1724 700 1784 τοῖς
734 1719 800 1772 τά
843 1719 937 1772 τοῦ
980 1719 1190 1790 Μίθρου
1239 1719 1601 1791 πρεσϐεύουσι
1643 1719 1736 1774 καὶ

154 1815 381 1886 Πέρσαις
414 1813 552 1882 (80)·
591 1812 642 1864 τί
685 1810 748 1882 δὴ
783 1806 874 1864 οὖν
918 1810 1118 1880 μᾶλλον
1159 1809 1310 1864 ταῦτ’
1351 1809 1563 1874 ἐξέθετο
1600 1811 1634 1881 ἦ
1685 1829 1736 1864 τι

1841 619 2080 674 siderum
2111 619 2242 674 ordo
2265 619 2343 672 sic
2371 619 2648 672 institutus
2681 633 2776 686 per
2805 618 3047 688 syuihola
3098 622 3150 672 in
3187 619 3414 690 reliquas

1847 714 2090 767 tnaterim
2121 713 2432 766 nominibus
2465 709 2792 766 declaretur.
2818 709 3076 766 Rationes
3096 712 3258 766 etiam
3290 729 3414 767 mu-

1842 805 1986 860 sicos
2021 805 2266 874 adjungit
2293 804 2340 859 ei
2374 818 2536 873 quam
2571 801 2844 872 explicat,
2870 801 3160 858 Persarum
3196 804 3414 860 theolo-

1842 899 1964 968 gite.
2000 897 2106 952 Sed
2133 897 2218 951 his
2261 896 2453 950 Celsus
2483 895 2702 950 minime
2732 905 3017 951 contentus
3045 897 3272 950 alteram
3312 900 3410 952 ad-

1842 992 1921 1044 dit
1949 1031 1964 1055 ,
1989 989 2316 1045 eruditionis
2357 989 2696 1043 ostentandae
2720 1005 2882 1042 causa
2901 1031 2916 1055 ,
2954 989 3370 1056 explicationem
3393 1028 3408 1052 .

1841 1093 1895 1136 et
1946 1083 2114 1154 ipsam
2163 1081 2386 1136 musicis
2437 1081 2830 1150 qumstionihus
2876 1081 3153 1135 refertam.
3181 1080 3238 1134 Si
3284 1095 3414 1134 vero

1840 1173 1983 1229 Celsi
2014 1174 2190 1229 dehis
2223 1175 2384 1227 verba
2417 1173 2670 1237 referam,
2694 1172 2944 1236 absurde,
2977 1173 3189 1242 Opinor,
3212 1171 3415 1236 fecero,

1841 1276 1894 1321 et
1924 1266 2066 1320 idem
2097 1281 2157 1320 ac
2192 1264 2285 1319 ille
2313 1265 2665 1329 commisero,
2717 1266 2844 1334 qui,
2875 1265 2941 1319 ad
2991 1262 3207 1327 .ludseos
3254 1263 3417 1317 Chri-

1841 1359 2160 1428 stianosque
2209 1357 2584 1422 accusandos,
2639 1341 3025 1426 intempestive
3080 1374 3185 1410 non
3237 1355 3415 1410 solum

1843 1448 2146 1512 Platonem,
2175 1449 2266 1501 sed
2297 1448 2464 1502 etiam
2503 1447 2786 1502 Mithriaca
2823 1449 3114 1502 Persarum
3155 1449 3420 1518 mysteria

1843 1555 2143 1609 eorumque
2171 1539 2597 1610 explicationem
2617 1541 2876 1595 ohlrusit.
2905 1539 3033 1594 Sive
3066 1555 3190 1592 vcta
3236 1539 3415 1602 enim,

1843 1632 1957 1688 sive
1989 1632 2124 1686 falsa
2146 1637 2210 1688 de
2241 1633 2451 1688 Mithrae
2481 1633 2758 1704 mysteriis
2790 1632 3083 1701 przedicent
3108 1629 3290 1686 Persa:
3324 1640 3420 1684 ant

1843 1725 1933 1794 qui
1961 1723 2234 1795 mysteriis
2284 1724 2393 1778 illis
2438 1735 2716 1793 praesunt,
2767 1740 2866 1778 cur
2894 1725 3010 1779 hmc
3040 1725 3218 1794 potius
3255 1737 3417 1793 quam

1847 1816 1952 1869 alia
1986 1815 2173 1871 retulit
2211 1825 2264 1870 et
2290 1817 2586 1885 exposuit?
2623 1816 2808 1884 Neque
2840 1819 2986 1870 enim
3023 1816 3163 1885 apud
3199 1815 3419 1870 Grarcus

154 1906 254 1959 τῶν
276 1903 484 1957 λοιπῶν
524 1904 838 1976 μυστηρίων
883 1901 1020 1974 μετά
1063 1902 1160 1973 τῆς
1196 1903 1497 1973 διηγήσεως
1528 1902 1739 1965 αὑτῶνς

1852 1910 1902 1964 in
1941 1909 2132 1977 majori
2173 1910 2352 1980 pretio
2393 1911 2646 1964 videntur
2697 1924 2820 1964 esse
2855 1907 3069 1963 Mithrae
3109 1909 3370 1979 mysteria
3404 1949 3418 1964 .

157 1999 223 2050 οὺ
269 1997 376 2068 γὰρ
413 1997 570 2049 δοκεῖ
614 1997 742 2068 παρ’
777 1995 1032 2067 Ἕλλησιν
1077 1990 1216 2048 εἶναι
1257 1995 1508 2066 ἐξαίρετα
1540 1995 1608 2048 τὰ
1649 1994 1742 2049 ’τοὖ

156 2091 350 2160 Μίθρου
387 2089 544 2160 παρά
571 2089 641 2143 τὰ
678 2088 1052 2158 Ἐλευσίνια,ἢ
1106 2087 1175 2140 τὰ
1207 2087 1612 2159 παραδιδόμενα
1632 2089 1744 2150 τοῖς

157 2183 207 2234 ἐν
233 2182 420 2252 Αἰγίνῃ
466 2181 795 2252 μυουμένοις
824 2181 893 2234 τὰ
945 2181 1042 2252 τῆς
1084 2181 1334 2251 Ἑκάτης.
1369 2180 1432 2232 Τί
1458 2180 1515 2233 δέ
1546 2180 1743 2250 μᾶλλον

156 2274 300 2345 εἴπερ
331 2272 648 2344 βαρϐαρικὰ
673 2273 921 2326 ἐϐούλετο
956 2274 1230 2344 μυστήρια
1259 2271 1567 2326 ἐκτίθεσθαι
1601 2274 1743 2344 μετὰ

156 2365 244 2436 τῆς
273 2365 584 2436 διηγήσεως
625 2365 826 2427 αὐτῶν,
863 2366 922 2418 ού
962 2365 1160 2436 μᾶλλον
1195 2365 1263 2417 τὰ
1303 2365 1639 2434 Αἰγυπτίων,
1685 2367 1744 2422 ὲν

160 2451 230 2520 οἷς
260 2457 444 2510 πολλοὶ
477 2456 858 2527 σεμνύνονται,
891 2457 924 2528 ἢ
959 2456 1028 2510 τὰ
1069 2456 1457 2511 Καππαδοκῶν
1488 2459 1618 2529 περὶ
1647 2459 1744 2530 τῆς

160 2550 209 2601 ἐν
260 2549 541 2619 Κομάνοις
584 2548 919 2620 Ἀρτέμιδος,
968 2548 1001 2619 ἢ
1044 2549 1112 2602 τὰ
1156 2549 1409 2622 Θρακῶν,
1462 2551 1495 2623 ἢ
1538 2549 1632 2604 καὶ⁹
1675 2549 1743 2604 τὰ

176 2641 450 2711 Ῥωμαίων
481 2641 998 2706 αὑτῶν,τελούντων
1032 2642 1158 2706 τοὺς
1186 2643 1603 2710 εὐγενεστάτους
1633 2642 1743 2715 (81)

160 2731 256 2786 τῶν
297 2734 401 2786 ἀπὸ
447 2735 554 2805 τῆς
596 2735 894 2804 συγκλήτου
939 2734 1162 2807 βουλῆς;
1211 2735 1371 2801 Ἀλλ’,
1420 2737 1468 2788 εί
1517 2736 1745 2807 ἄκαιρον

164 2825 296 2896 αὐτῷ
339 2825 524 2889 ἔδοξεν
557 2826 782 2879 ἐκείνων
823 2843 875 2877 τι
911 2826 1281 2899 παραϐάλλειν
1307 2826 1440 2898 (82),
1477 2828 1552 2890 ὼς
1574 2827 1744 2900 μηδα-

166 2917 268 2984 μῶς
297 2918 739 2986 συμϐαλλόμενον
771 2921 851 2979 είς
895 2919 994 2988 τὴν
1037 2919 1306 2972 Ἰουδαίων
1339 2918 1370 2989 ἢ
1404 2920 1744 2988 Χριστιανῶν

167 3007 504 3078 κατηγορίαν·
548 3007 667 3069 πῶς
702 3007 824 3076 οὐχ).
855 3007 916 3060 τὸ
947 3007 1078 3061 αὐτὸ
1127 3010 1353 3081 ἄκαιρον
1398 3011 1492 3062 καὶ
1531 3011 1622 3063 ἐπὶ
1648 3011 1743 3081 τῆς

166 3097 408 3162 ἐκθέσεως
458 3099 574 3152 τῶν
604 3098 925 3170 Μιθραῖκῶν
965 3099 1114 3170 αὐτῷ
1147 3101 1433 3170 ἐφαίνετο;

227 3188 285 3240 Ei
323 3188 377 3242 δέ
414 3205 504 3252 τις
548 3187 788 3258 βούλοιτο
834 3187 908 3260 μὴ
933 3189 1024 3256 ἀφ’
1064 3185 1132 3260 ἦς
1178 3189 1445 3261 παρέθετο
1485 3191 1746 3262 αἱρέσεως

167 3280 525 3350 ἀσημοτάτης,
549 3280 682 3333 ἀλλά
702 3279 812 3333 ἀπὸ
833 3279 1073 3350 βιϐλίων,
1099 3279 1174 3351 πὴ
1197 3281 1293 3351 μὲν
1327 3283 1627 3337 Ἰουδαϊκῶν
1650 3287 1744 3338 καὶ

168 3371 217 3423 ὲν
254 3375 367 3435 ταῖς
402 3374 751 3440 συναγωγαῖς
796 3372 972 3425 αὐτῶν
1006 3373 1547 3446 ἀναγινωσκομένων,
1601 3377 1745 3449 ἅπερ

168 3463 459 3533 Χριστιανοὶ
475 3464 818 3537 προσίενται,
834 3467 909 3536 πὴ
923 3465 979 3518 δέ
994 3467 1334 3537 Χριστιανῶν
1351 3469 1546 3539 μόνων,
1561 3470 1744 3524 λαϐεῖν

169 3554 402 3626 ἀφορμὰς
421 3556 530 3626 τῆς
556 3555 861 3627 μυστικωτέ
870 3573 966 3627 ρας
986 3573 1052 3608 πε
1063 3558 1114 3628 ρ).
1145 3557 1349 3610 εἰσόδου
1381 3558 1566 3628 ψυχῶν
1584 3561 1663 3623 εἰς
1677 3559 1745 3614 τὰ

169 3643 270 3697 θεῖα
288 3645 541 3719 θεωρίας
562 3645 855 3715 ἀναγνώτω
875 3646 961 3710 τὰ,
982 3648 1073 3700 ἐπί
1090 3647 1231 3701 τέλει
1249 3648 1347 3718 τῆς
1369 3650 1460 3702 τοῦ
1492 3650 1744 3722 Ἰεζεκιὴλ

171 3741 508 3809 προφητείας,
524 3739 811 3810 ἑωραμένα
829 3741 908 3812 τῷ
927 3743 1198 3813 προφήτῃ⁴
1223 3744 1279 3794 ἐν
1293 3736 1373 3805 οἷς
1387 3742 1631 3814 διάυοροι
1651 3743 1745 3797 πύ-

171 3827 247 3882 λαι
274 3834 793 3905 καταγεγραμμέναι
846 3835 1003 3898 εἰσὶν,
1045 3835 1417 3906 αίνισσόμεναί
1449 3855 1566 3890 τινα
1613 3840 1742 3910 περὶ

170 3921 258 3991 τῆς
285 3923 542 3997 διαφόρου
571 3926 681 3996 (85)
712 3927 916 3979 εἰσόδου
955 3925 1063 3978 τῶν
1098 3927 1382 3996 θειοτέρων
1427 3927 1612 3998 ψυχῶν
1652 3929 1743 3981 ἐπὶ

174 4013 230 4066 τὰ
250 4017 545 4087 κρείττονα·
575 4018 870 4087 ἀναγνώτω
895 4018 950 4070 δὲ
983 4019 1072 4072 καὶ⁵
1095 4020 1157 4071 ἐκ
1189 4019 1284 4088 τῆς
1310 4019 1553 4074 Ἰωάννου
1581 4019 1741 4072 ’Λποο

176 4106 436 4178 καλύψεως
463 4110 538 4163 τὰ
573 4111 824 4182 περὶτῆς
855 4108 1062 4172 πόλεως
1091 4109 1184 4163 τοῦ
1215 4109 1350 4163 Θεοῦ
1386 4111 1742 4183 Ἰερουσαλὴμ

177 4196 498 4270 ἐπουρανίου,
532 4203 625 4254 καὶ
654 4202 761 4253 τῶν
787 4200 1068 4270 θεμελίων,
1093 4203 1186 4254 καὶ
1207 4201 1314 4254 τῶν
1339 4201 1521 4256 πυλῶν
1551 4177 1745 4274 αύτῆςῖ

177 4287 231 4342 Ei
252 4291 302 4344 δέ
333 4293 555 4348 δύναται
585 4293 672 4348 διὰ
709 4291 991 4364 συμϐόλων
1037 4293 1128 4346 καὶ
1162 4291 1258 4364 τὴν
1291 4293 1406 4346 ὁδὸν
1438 4294 1742 4366 δεδηλωμέ-

177 4399 260 4452 νην
281 4385 382 4438 τῶν
414 4386 746 4440 ὁὸευσόντων
779 4386 871 4438 ἐπὶ
919 4385 986 4437 τὰ
1024 4386 1140 4439 θεῖα
1193 4385 1400 4457 μαθεῖν·
1447 4385 1740 4455 ἀναγνώτω

177 4477 286 4540 τοὺς
351 4479 863 4550 ἐπιγεγραμμένους
926 4478 1224 4548 Ἀριθμοὺς
1282 4477 1597 4543 Μωῦσέως,
1648 4481 1742 4533 καὶ

1845 2018 2006 2072 quam
2038 2003 2311 2057 Eleusinia
2339 2045 2354 2069 ,
2397 2012 2491 2056 aut
2520 2017 2581 2056 ea
2619 2002 2814 2070 quibus
2850 1999 3058 2055 llecale
3115 2002 3166 2054 in
3220 1999 3420 2069 Egilia

1846 2093 2065 2147 colitur.
2118 2092 2357 2159 Sedet,
2387 2093 2432 2146 si
2481 2093 2700 2161 quidem
2753 2091 3112 2145 barbarorum
3161 2091 3422 2161 mysteria

1847 2201 2148 2255 eorumque
2179 2186 2599 2256 explicationem
2635 2183 2687 2237 in
2733 2184 2971 2237 medium
3012 2181 3208 2239 aﬂ'erre
3241 2183 3423 2251 placc-

1847 2287 1952 2344 ret,
1988 2294 2087 2332 cur
2121 2294 2227 2333 non
2255 2277 2566 2346 anteposuit
2589 2275 2994 2346 IEgyptiorum,
3027 2290 3149 2345 qua:
3183 2291 3210 2328 a
3237 2273 3424 2329 inultis

1847 2369 2028 2438 magni
2067 2369 2452 2433 azstitnantur;
2502 2376 2598 2421 aut
2646 2367 3064 2437 Cappadocum,
3110 2366 3310 2437 quibus
3367 2367 3422 2421 itt

1844 2457 2102 2514 Comanis
2126 2460 2295 2514 Diana
2339 2464 2686 2525 honoratur;
2717 2459 3128 2523 aut'l‘hracum,
3161 2469 3255 2513 aut
3284 2460 3425 2528 ipso-

1849 2567 1969 2605 rum
2019 2551 2390 2606 Romanorum
2432 2552 2573 2621 apud
2611 2566 2748 2621 quos
2788 2565 2819 2607 e
2861 2559 3052 2606 senatu
3095 2546 3424 2604 nobilissimi

1849 2643 2306 2698 initiantur‘lAut
2329 2644 2373 2698 si
2412 2644 2857 2712 intempestivum
2897 2642 2998 2712 ipsi
3020 2642 3199 2697 visum
3233 2640 3331 2695 fuit
3369 2647 3427 2694 et

1848 2731 2050 2786 nullius
2081 2733 2147 2785 ad
2196 2731 2508 2787 Iudaeorum
2548 2733 3062 2788 Cliristianorumve
3115 2729 3424 2787 accusatio-

1849 2838 1974 2878 nem
2020 2824 2274 2878 utilitatis
2309 2825 2512 2893 aliquid
2547 2841 2613 2880 ex
2653 2824 2760 2878 illis
2798 2824 3076 2894 mysteriis
3113 2836 3420 2896 usurpare,

1848 2931 1946 2972 cur
1969 2931 2074 2972 non
2101 2918 2244 2974 idem
2271 2919 2336 2974 de
2369 2917 2959 2989 Mithriacisjudicium
2999 2918 3171 2973 tulit?

1919 3183 2009 3240 23.
2037 3182 2188 3250 Quod
2211 3185 2256 3241 si
2279 3186 2399 3256 quis
2433 3185 2498 3242 de
2543 3187 2848 3242 animarum
2898 3187 2950 3242 in
2983 3203 3071 3242 res
3103 3187 3313 3244 divinas
3339 3189 3422 3242 iu-

1853 3279 2134 3347 gressione
2158 3278 2358 3335 habere
2382 3280 2516 3336 velit
2547 3283 2676 3350 quid
2714 3282 2972 3337 arcanius
2995 3323 3008 3341 .
3042 3298 3150 3352 quo
3183 3283 3249 3337 ad
3283 3283 3422 3336 hanc

1850 3371 2370 3440 contemplationem
2409 3374 2701 3438 excitetur,
2729 3373 2970 3443 illudque
2988 3374 3186 3427 ducere
3222 3389 3326 3428 non
3352 3388 3419 3428 ex

1853 3461 2238 3516 obscurissima
2274 3473 2422 3517 secta
2445 3479 2608 3532 quam
2635 3464 2826 3520 Celsus
2859 3464 3163 3530 consuluit;
3193 3466 3286 3519 sed
3327 3471 3426 3518 aut

1851 3569 1916 3607 ex
1953 3554 2130 3617 libris,
2158 3570 2296 3624 quos
2325 3556 2378 3610 in
2409 3555 2700 3627 synagogis
2734 3553 2904 3609 Judmi
2931 3555 3115 3626 legunt
3143 3565 3198 3610 et
3228 3555 3427 3611 admit-

1857 3654 1978 3700 tunt
2043 3646 2399 3712 Christiani,
2467 3658 2561 3702 aut
2631 3663 2697 3703 ex
2757 3647 2910 3703 libris
2985 3643 3423 3704 Christianorum

1859 3749 2093 3804 tantum;
2162 3740 2307 3811 legat
2355 3741 2401 3794 is
2471 3755 2535 3795 ea
2581 3756 2700 3810 qua
2745 3741 2848 3797 sibi
2899 3742 3012 3796 visa
3066 3741 3240 3797 fuisse
3287 3743 3425 3796 seri.

1851 3831 1930 3885 bit
1998 3831 2250 3886 Ezechiel
2315 3831 2364 3886 in
2436 3832 2541 3884 line
2604 3832 2993 3902 prophetiae“.
3072 3832 3150 3886 lbi
3219 3834 3425 3888 deseri-

1851 3925 2056 3978 buntur
2102 3923 2334 3978 diversae
2383 3933 2596 3993 porta},
2657 3925 2858 3993 quibus
2903 3922 3218 3978 indicantur
3275 3939 3424 3993 qum-

1849 4015 1973 4067 dam
2003 4014 2069 4068 de
2100 4015 2251 4068 vario
2283 4014 2619 4068 diviniornm
2645 4013 2949 4068 animarum
2985 4016 3053 4068 ad
3084 4014 3308 4070 meliora
3338 4015 3426 4068 in-

1851 4108 2038 4160 troitu.
2063 4105 2232 4175 Legat
2258 4115 2310 4161 et
2347 4107 2400 4158 in
2441 4105 2771 4176 Apocalypsi
2817 4105 3045 4161 Joannis
3089 4122 3210 4176 quae
3251 4107 3327 4160 ibi
3358 4109 3424 4161 de

1850 4199 2067 4252 civitate
2102 4198 2193 4253 Dei
2223 4196 2527 4252 Jerusalem
2560 4195 2795 4264 ccelesti,
2835 4197 2900 4250 de
2937 4195 3325 4259 fundamentis,
3357 4198 3426 4248 de

1848 4291 2022 4360 portis
2054 4289 2170 4358 ejus
2201 4289 2541 4344 dicuntur".
2587 4289 2652 4342 Et
2704 4290 2748 4344 si
2792 4289 2935 4342 viam
2985 4288 3052 4343 ad
3102 4304 3192 4351 res
3215 4288 3426 4342 divinas

1848 4383 2091 4436 euntium
2112 4399 2207 4452 per
2230 4381 2477 4453 symbola
2506 4381 2803 4434 indicatam
2821 4379 3036 4434 discere
3058 4388 3260 4448 potest,
3282 4377 3426 4448 legat

1847 4475 2046 4547 Moysis
2073 4474 2272 4528 librum
2299 4473 2390 4542 qui
2418 4468 2976 4526 inscribiturNumeri
2995 4480 3095 4556 λοι
3116 4469 3290 4524 ascito
3319 4470 3422 4524 sibi

180 4563 442 4640 ζητησάτω
474 4571 568 4624 τὸν
611 4571 905 4642 δυνάμενον
955 4570 1118 4623 αὐτὸν
1167 4570 1598 4640 μυπαγωγῆσαι
1650 4573 1739 4624 ἐπὶ

1852 4569 1946 4638 qui
1981 4569 2155 4636 ipsum
2192 4566 2412 4620 initiare
2445 4566 2619 4634 possit
2645 4561 2922 4636 mysteriis
2951 4603 2966 4629 ,
2997 4577 3118 4632 qua:
3151 4559 3318 4632 648
3343 4575 3427 4614 Ca-

179 4658 238 4711 τὰ
264 4663 522 4734 περὶτῶν
569 4663 931 4735 παρεμϐολῶν
976 4661 1086 4746 τῶν
1131 4662 1260 4715 υἱῶν
1308 4661 1520 4733 Ἰσραὴλ
1551 4664 1747 4733 ἀναγε-

190 4755 466 4824 ίραμμένασ
512 4759 659 4809 ποῖαι
697 4755 796 4827 μὲν
821 4754 963 4810 κατά
994 4753 1064 4806 τὰ
1098 4752 1390 4807 ἀνατολικά
1422 4756 1747 4826 τεταγμέναι

242 4870 282 4901 ⁵⁸
307 4872 496 4928 Ezech.
523 4891 710 4930 xum.
768 4874 810 4906 ⁸⁷
834 4877 1000 4944 Apoc.
1030 4890 1142 4928 ur.

244 4983 346 5055 (77)
383 4990 608 5044 Αὐτῶν.
641 4989 836 5046 Guieto
869 4989 1213 5043 scribendum
1247 4989 1478 5052 videtur,
1505 4989 1612 5043 τῶν
1641 5011 1732 5046 πυ-

182 5052 292 5131 λον,
330 5052 496 5131 tit-:0,
537 5060 882 5131 μιμούμενοι,
927 5060 1130 5131 inquit,
1165 5057 1508 5131 referendum
1543 5063 1610 5116 ad
1643 5078 1733 5117 su-

186 5126 379 5202 periora
408 5126 648 5202 illaﬂrﬁv
681 5126 902 5201 πρώτην
932 5126 1172 5202 τίθενται
1202 5128 1429 5202 Κρόνου.

227 5195 617 5276 ._(:18)”Y.1n¢2
668 5195 743 5271 Ita
801 5195 1314 5276 co'tltl._liegius_'et
1367 5197 1726 5276 pasileensis.

188 5261 325 5322 Libb.
347 5261 822 5340 'autem'impressi
844 5311 858 5334 ,
894 5261 1324 5340 πύληςῘιὺίιΙειη
1342 5339 1349 5340 7
1367 5268 1525 5340 iidem
1573 5286 1701 5340 mss.
1716 5313 1729 5335 ,

190 5339 467 5412 προσάπτει
517 5341 550 5412 ἢ
594 5339 864 5395 ἐκτίθεται
907 5343 940 5412 ἡ
976 5339 1202 5412 Περσῶν
1243 5339 1541 5412 θεολογίαχ
1571 5339 1725 5393 Lihh.

190 5408 321 5482 ειιῆιί,
365 5408 720 5482 προσάπτειῆ
768 5408 1302 5480 ἐκτίθεταιἩερσῶν
1335 5410 1601 5480 θεολογίᾳ,
1641 5425 1738 5478 pro

193 5477 660 5550 quibuslloherello
683 5477 736 5536 (εἰ
760 5483 956 5537 Guieto
973 5477 1315 5535 scribendum
1343 5477 1742 5550 videtur'npoc-

194 5546 333 5624 ἅπτει
364 5547 687 5624 ᾗῗέκτίθεται
714 5553 938 5624 Περσῶν
962 5551 1238 5624 ,θεολογίξιο

255 5617 492 5688 (79)”⁹Ως
522 5625 775 5689 ἐκείνοις
799 5617 1143 5691 ’ἀρκεῖσθαιέ
1182 5617 1267 5691 Ιίιι
1307 5617 1642 5691 llmschelius
1686 5620 1736 5674 in

199 5691 355 5760 LOH",
399 5691 699 5760 Speneerus
734 5689 950 5757 autem,
997 5692 1103 5744 οὐδ’
1155 5690 1383 5754 ἐκείνοις
1431 5689 1736 5759 ἀρκεῖσθαι.

196 5751 398 5881 iGnie'tus
430 5751 712 5836 utramque
746 5751 1034 5818 lectionem
1085 5751 1430 5816 recidendam
1474 5751 1633 5828 putat
1683 5771 1742 5814 ut

218 5841 314 5879 nun
340 5847 438 5881 em.

197 5835 438 5886 Intttiletn.

261 5897 360 5970 (80)
399 5903 590 5960 Locum
643 5906 787 5960 hunc
817 5919 919 5958 non
957 5903 1095 5972 evpit
1127 5900 1389 5957 Guietus:
1425 5900 1551 5954 hinc
1585 5898 1734 5954 illum

1857 4661 2097 4717 Str-orum
2129 4658 2449 4713 metationes
2498 4656 2733 4710 ﬁliorum
2772 4653 2940 4708 Israel
2988 4651 3305 4712 continent,
3343 4649 3425 4703 iu—

1856 4761 2041 4832 quirat
2071 4757 2293 4826 quinam
2319 4753 2542 4808 ordines
2570 4751 2636 4807 ad
2664 4749 2934 4805 Orientem
2974 4757 3030 4801 ut
3075 4743 3264 4816 primi,
3302 4744 3426 4814 qui-

1844 5009 2094 5052 mancum
2147 5003 2203 5048 ct
2251 4990 2517 5046 medicina
2569 4987 2810 5058 indigere
2859 5001 2982 5041 cum
3035 4982 3423 5058 arbitraretur,

1841 5051 2127 5120 dubitabat
2159 5080 2224 5117 an
2255 5063 2333 5116 sic
2361 5051 2713 5133 scribendum
2736 5058 2997 5133 _:_"01cm;__
3011 5053 3139 5133 ποτέ
3169 5051 3278 5133 γὰρ
3311 5052 3425 5133 ἔχοι

1838 5137 2010 5191 ταῦτα
2033 5177 2046 5200 ,
2095 5134 2203 5188 εἴτε
2249 5131 2458 5202 ψευδῶς
2497 5127 2867 5202 εἴτ’ίάληθῶς,
2915 5131 3026 5202 τοῖς
3064 5123 3146 5202 figat
3175 5123 3272 5176 τοῦ
3306 5124 3422 5202 ΔΙκξί-

1840 5207 1968 5279 θρου
2026 5191 2383 5279 πρεσϐεύουσι
2431 5191 2522 5254 καὶ
2568 5191 3251 5268 Πέρσαιςκαταλείψομεν
3302 5191 3422 5260 ἐξε-

1838 5278 2044 5342 τάξειν.

1913 5335 2025 5417 (81)
2068 5344 2403 5417 llmsehelins
2432 5344 2485 5395 in
2510 5350 2682 5417 textu,
2707 5341 2818 5401 τοῖς
2846 5337 3280 5406 εὐγενεστάτοις,
3321 5335 3422 5391 sic-

1847 5412 1951 5488 que
1985 5412 2154 5470 codex
2188 5415 2520 5488 Anglicanus
2549 5412 2779 5488 primus.

1919 5489 2032 5558 (8‘2)
2060 5477 2945 5558 IIapaEJJeIrnlio'herelluslegit
2975 5477 3327 5558 παρα-λαϐεῖν,
3359 5485 3420 5532 nt

1845 5547 2025 5626 supra
2056 5547 2251 5626 legitur
2301 5550 2632 5626 παραλαὸῲν
2678 5551 2736 5602 ού
2787 5550 2944 5618 μόνον
2993 5547 3065 5602 τά⁷
3111 5547 3415 5626 [litatum/0;.

1846 5618 2014 5682 Paulo
2043 5618 2162 5694 post
2196 5618 2533 5678 llmsch'elius
2556 5621 2609 5674 in
2643 5630 2788 5676 textu
2824 5635 3106 5688 perperam
3143 5620 3339 5684 habet,
3367 5618 3417 5670 εί

1840 5698 1896 5751 δέ
1926 5716 2008 5761 τις
2044 5695 2206 5769 βούλῃ
2232 5695 2420 5769 τὸᾼμή.

1915 5760 2413 5839 (83)Ἠωέὐίιοιὶυε
2443 5765 2496 5819 in
2543 5771 2728 5832 textu,
2757 5761 3040 5833 διαφορᾶς,
3082 5760 3269 5830 sicque
3311 5773 3414 5812 ms.

1843 5841 2055 5910 Anglic.
2086 5839 2139 5892 1.
