3926 6522
489 394 510 448 1
523 392 622 450 3‘27

1975 388 2298 449 ORIGENIS

3613 393 3760 448 i523

489 531 612 568 nam
649 525 838 566 versus
869 517 1138 572 austrum,
1161 507 1381 577 quinam
1411 523 1599 562 versus
1627 507 1897 574 Africum,
1935 510 2036 579 qui

2162 511 2266 563 εἰσὶ
2303 509 2464 581 μέρη,
2502 507 2576 571 ὡς
2602 507 2836 581 πρῶται,
2870 509 3016 562 ποῖαι
3042 506 3099 561 δὲ
3123 507 3214 562 ἐπὶ
3238 507 3306 561 τὰ
3331 505 3472 561 κατὰ
3502 504 3639 558 λίϐα
3664 508 3764 560 καὶ

489 623 612 661 nam
649 605 715 659 ad
751 618 938 668 mare,
971 603 1194 671 quinam
1239 601 1306 654 ad
1351 601 1808 672 septentrionales
1851 601 2054 674 plagas,

486 709 547 752 ut
577 696 873 767 postremi,
913 692 1166 748 collocati
1201 693 1425 746 fuerint.
1465 693 1577 747 Illic
1617 693 1823 748 videbit
1863 709 1952 749 res
1981 694 2059 747 al-

492 798 594 854 tas,
625 789 847 842 minime
894 785 1359 846 contemnendas.
1403 793 1460 840 et
1492 799 1611 856 quae
1646 801 1753 842 non
1783 787 2057 842 auditores

491 880 712 944 stultos,
744 889 802 933 ut
834 877 1022 933 Celsus
1056 876 1374 942 existimat,
1405 885 1460 932 et
1489 877 1617 931 vilia
1654 878 1927 947 mancipia
1963 879 2056 933 de-

489 975 758 1028 siderent.
791 971 995 1024 Ibidem
1046 971 1218 1024 discet
1251 979 1503 1023 naturam
1539 985 1924 1034 numerorum,
1961 972 2052 1042 qui

484 1066 556 1121 ibi
595 1071 980 1126 recensentur,
1007 1071 1062 1117 et
1095 1060 1325 1131 singulis
1353 1061 1602 1118 tribubus
1639 1063 2057 1118 accommodau—

481 1168 592 1212 tur.
626 1157 751 1211 lllos
777 1157 863 1210 hic
907 1154 1216 1225 explicandi
1245 1165 1461 1224 tempus
1487 1171 1594 1210 non
1634 1165 1736 1210 est.
1776 1154 1922 1209 Sciat
1957 1171 2056 1208 au-

481 1261 588 1304 tem
616 1249 829 1314 Celsus,
863 1246 1099 1317 librique
1133 1248 1250 1315 ejus
1284 1247 1540 1312 lectores,
1577 1247 1767 1303 nullibi
1803 1246 2054 1317 Scriptu-

479 1356 692 1407 rarum,
723 1357 843 1411 quae
869 1341 1106 1396 sincerae
1140 1349 1195 1394 et
1232 1341 1429 1394 divina:
1471 1341 1791 1407 creduntur,
1832 1341 2055 1396 mentio-

482 1451 602 1492 nem
633 1436 747 1491 fieri
781 1434 847 1491 de
875 1443 1079 1504 septem
1107 1434 1264 1490 caelis
1284 1476 1298 1501 ,
1322 1443 1376 1488 et
1417 1448 1594 1504 neque
1631 1435 1924 1504 prophetas
1955 1447 2055 1487 no-

482 1540 649 1593 stros,
702 1543 878 1598 neque
926 1525 1051 1581 Jesu
1113 1526 1428 1596 apostolos,
1494 1539 1672 1595 neque
1725 1527 1898 1596 ipsum
1960 1526 2051 1582 Dei

483 1621 684 1675 Filium
721 1620 1022 1690 quidquam
1066 1634 1095 1672 a
1142 1616 1322 1674 Persis
1355 1626 1449 1672 aut
1475 1617 1688 1672 Cabiris
1719 1616 1890 1671 fuisse
1935 1631 2052 1668 nit;-

481 1724 680 1769 malos.

546 1893 636 1947 24.
667 1892 932 1948 Absoluto
996 1893 1064 1945 de
1126 1889 1431 1945 lllithriacis
1486 1905 1760 1954 sermone,
1809 1889 2051 1945 declarat
2083 1866 2125 1921 Β

477 1987 670 2042 Celsus
702 1999 844 2044 eum.
890 1982 982 2053 qui
1033 1982 1294 2052 mysteria
1343 1983 1784 2038 Christianorum
1824 1983 2051 2052 exigere

475 2079 712 2135 voluerit
749 2079 814 2133 ad
864 2076 1154 2131 Persarum
1186 2077 1450 2147 mysteria
1479 2115 1494 2137 .
1553 2084 1608 2130 et
1637 2075 1856 2131 retectis
1888 2075 2049 2130 (thri-

477 2172 781 2227 stianoruni
826 2171 1078 2236 areanis,
1113 2169 1216 2224 alia
1258 2183 1380 2223 cum
1431 2167 1552 2221 aliis
1603 2168 2044 2237 comparaverit,

475 2265 819 2335 cogniturum
850 2263 980 2332 quid
1015 2263 1153 2316 inter
1182 2270 1411 2329 utraque
1444 2259 1658 2314 intersit
1687 2259 2044 2313 discriminis.

475 2362 552 2413 Ac
578 2357 672 2413 ubi
711 2358 932 2428 quidem
964 2354 1139 2424 potuit
1179 2363 1452 2408 sectarum
1491 2351 1741 2421 proferre
1779 2353 1999 2405 nomina
2027 2391 2045 2419 ,

473 2467 612 2522 quas
635 2459 880 2515 noverat,
907 2463 1000 2503 eas
1032 2460 1364 2502 enumerare
1400 2463 1504 2500 nou
1538 2445 1724 2500 omisit
1755 2462 1769 2499 :
1800 2445 1885 2500 hic
1917 2461 2044 2499 vero

473 2546 562 2599 ubi
591 2543 763 2614 magis
785 2540 1027 2611 oportuit
1062 2539 1350 2593 nominare
1381 2547 1612 2602 sectam,
1645 2537 1688 2590 si
1727 2545 1910 2589 tamen
1941 2535 2041 2606 ipsi

471 2640 579 2692 fuit‘
606 2637 818 2708 cognita
840 2676 854 2701 ,
893 2649 1016 2705 qua:
1063 2632 1152 2688 illo
1176 2674 1189 2697 ,
1224 2630 1366 2702 quod
1404 2630 1734 2700 descripsit,
1765 2631 2042 2700 diagram-

467 2741 609 2785 mate
660 2738 923 2794 uteretur,
956 2727 1005 2781 id
1049 2725 1269 2782 minime
1298 2725 1448 2779 fecit.
1488 2723 1594 2779 Sed
1621 2739 1682 2777 ex
1712 2726 1776 2778 iis
1807 2739 1925 2794 qum
1962 2724 2042 2777 di-

469 2824 568 2886 cit,
622 2821 814 2890 opinor
868 2818 1019 2873 illum
1072 2814 1298 2871 confuse
1363 2814 1605 2868 audiisse
1661 2813 1726 2866 de
1776 2813 2036 2867 vilissima

473 2913 793 2982 Ophitarum
821 2920 994 2974 secta,
1021 2909 1255 2977 hincque
1279 2907 1524 2970 duxisse,
1550 2904 1741 2959 saltem
1772 2921 1835 2958 ex
1862 2914 2035 2972 parte,

467 3023 631 3077 quam
658 3002 1070 3076 diagrammatis
1101 2996 1524 3069 descriptionem
1557 2995 1710 3050 facit.
1740 2994 1891 3059 Feci,
1916 3011 2036 3065 qum

467 3114 585 3154 nica
619 3105 702 3151 est
736 3093 980 3150 discendi
1021 3091 1286 3156 aviditas,
1337 3097 1393 3142 ut
1441 3087 1556 3142 haec
1589 3087 1720 3140 mihi
1765 3087 1931 3156 figura
1982 3086 2034 3140 in

466 3204 659 3244 manus
698 3188 946 3252 veniret,
981 3193 1035 3240 et
1066 3183 1139 3238 ibi
1187 3179 1367 3236 iuveni
1405 3179 1660 3252 figmenta
1712 3178 1990 3234 hominum
2017 3219 2030 3244 ,

464 3297 600 3349 quos
628 3280 824 3334 Paulus
857 3277 931 3330 ait
958 3295 976 3328 ι
1019 3283 1307 3344 penetrare
1343 3273 1532 3326 domos
1563 3278 1617 3324 et
1651 3270 1902 3340 captivas
1930 3269 2032 3323 du-

463 3390 589 3429 cere
638 3370 988 3426 mulierculas
1022 3378 1278 3425 oneratas
1319 3365 1597 3436 peccatis,
1638 3364 1806 3418 variis
1841 3367 2033 3418 ductas

467 3465 785 3531 desideriis,
826 3478 1040 3534 semper
1066 3461 1343 3516 discentes
1372 3466 1426 3513 et
1461 3471 1732 3527 nunquam
1758 3457 1824 3510 ad
1857 3456 2037 3510 scicn-

464 3558 594 3611 tiam
650 3555 897 3611 veritatis
947 3549 1408 3624 pervenientes“.
1444 3567 1461 3600 ι
1509 3546 1590 3603 Ita
1648 3558 1827 3602 autem
1881 3546 2030 3601 omni

460 3646 846 3717 probabilitate
882 3644 1130 3700 delicitur
1161 3645 1497 3711 diagramma
1533 3639 1696 3702 istud,
1723 3647 1868 3692 utne
1916 3653 2034 3692 mu-

461 3741 716 3795 lierculas
738 3739 988 3809 quidem,
1014 3737 1210 3802 quibus
1245 3733 1420 3803 decipi
1463 3732 1678 3788 facilius
1727 3732 1894 3799 nihil,
1932 3745 2032 3786 nec

460 3831 863 3902 agrestissiuios
896 3830 1141 3885 homines
1167 3828 1420 3897 quamvis
1441 3826 1810 3896 qualicunque
1838 3824 2032 3894 proba-

457 3926 686 3982 bilitatis
739 3924 918 3994 specie
963 3922 1088 3978 duci
1141 3929 1401 3991 paratos,
1457 3919 1791 3988 persuadere
1839 3927 2024 3987 queat.

456 4023 636 4089 Atque
690 4018 903 4082 etiam,
958 4015 1085 4070 licet
1138 4013 1334 4068 multas
1382 4023 1544 4067 terrm
1604 4011 1855 4081 regiones
1910 4026 2025 4080 per-

456 4111 666 4182 agravi,
698 4109 1030 4180 qumsivique
1050 4105 1536 4178 quotquotuhique
1569 4103 1769 4174 aliquid
1801 4119 1858 4160 se
1885 4104 2027 4160 scire

526 4250 572 4281 ⁸⁸
593 4249 632 4304 ll
657 4249 799 4306 Tim.
827 4263 913 4314 ιιι,
941 4245 996 4300 6.

2163 601 2304 656 κατά
2341 602 2510 666 νότον,
2542 604 2636 657 καὶ
2671 604 2814 665 τίνες
2849 605 2903 655 αἱ
2946 600 3088 657 κατά
3133 601 3425 666 θάλασσαν,
3466 601 3564 654 καὶ
3606 599 3764 662 τίνες

2161 697 2216 750 αἱ
2237 695 2540 750 τελευταῖαι
2579 697 2718 751 κατά
2769 697 2988 770 βορρᾶν.
3020 695 3247 765 Ὀψεται
3274 694 3382 766 γάρ
3408 693 3764 764 θεωρήματα

2159 789 2260 841 οὐκ
2289 788 2737 860 εὐκαταφρόνητα
2777 791 2835 843 ἐν
2879 793 2990 854 τοῖς
3026 789 3231 851 τόποις,
3271 788 3401 850 οὐδ’,
3433 785 3512 850 ὡς
3545 787 3763 849 Κέλσος

2160 881 2349 946 οἴεται,
2383 882 2579 955 μωρῶν
2607 900 2769 936 τινων
2797 882 3081 954 ἀκροατῶν
3109 883 3203 935 καὶ
3233 881 3588 952 ἀνδραπόδων
3637 879 3760 932 δεό-

2164 991 2318 1045 μενα·
2349 975 2664 1047 διαλήψεται
2692 975 2801 1047 γάρ
2825 991 2910 1038 τις
2942 975 2998 1028 ὲν
3029 974 3211 1037 αὐτοῖς
3235 972 3346 1044 (84)
3385 974 3481 1025 καὶ
3521 972 3593 1025 τὰ
3626 972 3762 1042 περὶ

2156 1065 2258 1135 τῆς
2287 1066 2502 1136 φύσεως
2531 1067 2638 1119 τῶν
2672 1064 3104 1137 κατειλεγμένων
3150 1065 3208 1118 ὲν
3249 1064 3435 1126 αὐτοῖς
3470 1061 3759 1134 ἀριθμῶν,

2159 1159 2251 1212 καὶ
2281 1159 2733 1231 ὲφαρμοσθέντων
2772 1159 2972 1229 ἑκάστῃ
3017 1156 3342 1228 enim-1:291
3372 1149 3448 1207 ὧν
3487 1153 3588 1207 νῦν
3620 1154 3762 1224 ty?!

2159 1251 2412 1306 ἐκθέσθαι
2441 1252 2617 1317 ἔδοξεν
2645 1253 2745 1306 οὐκ
2777 1252 3026 1323 εὔκαιρον
3055 1245 3212 1304 εἶναι.
3257 1250 3424 1300 Ἶστω
3451 1247 3512 1300 δὲ
3542 1247 3760 1308 Κέλσος

2157 1344 2251 1396 καὶ
2289 1344 2335 1396 οἱ
2369 1343 2788 1414 ἐντυγχάνοντες
2830 1340 2994 1396 αὐτοῦ
3032 1339 3109 1411 τῷ
3150 1337 3360 1410 βιϐλίῳ,
3391 1339 3474 1391 ὅτι
3505 1332 3758 1406 οὐδαμοῦ

2155 1434 2264 1487 τῶν
2295 1435 2530 1506 γνησίων
2560 1436 2654 1488 καὶ
2684 1434 2840 1488 θείων
2869 1431 3312 1502 πεπιστευμένων
3349 1429 3586 1500 Γραῴν
3613 1426 3758 1482 ἑπτὰ

2155 1525 2398 1598 εἴρηνται
2437 1525 2672 1598 οὐρανοί·
2705 1524 2816 1578 οὔτ’
2856 1525 2964 1578 ἀπὸ
3007 1521 3287 1595 Περσῶνῆ
3319 1519 3619 1591 Καεείρων
3658 1520 3752 1570 λα-

2155 1617 2341 1681 δόντες
2367 1618 2522 1688 ἡμῶν
2568 1621 2616 1672 oi
2667 1616 2940 1689 προφῆται
2975 1615 3192 1683 λέγουσί
3224 1629 3368 1676 τινα,
3411 1611 3522 1663 οὐδ’
3558 1611 3615 1662 οἱ
3661 1608 3752 1662 τοῦ

2168 1709 2341 1782 Ἰησοῦ
2374 1710 2681 1776 ἀπόστολοι,
2715 1708 2823 1764 οὐδ’
2849 1707 3010 1772 αὐτὸς
3036 1707 3064 1758 ό
3098 1708 3223 1770 Υἱὸς
3249 1703 3344 1758 τοῦ
3367 1702 3532 1757 Θεοῦ.

2235 1904 2393 1976 Ἑξῆς
2431 1905 2486 1959 δὲ
2522 1905 2600 1977 τῷ
2629 1905 2738 1959 ἀπὸ
2771 1905 2878 1960 τῶν
2915 1903 3237 1977 Μιθραῖκῶν
3278 1901 3545 1974 ληφθέντι
3579 1900 3748 1969 λόγῳ,

2150 1999 2541 2069 ἐπαγγέλλεται
2605 2002 2633 2053 ὀ
2693 1997 2898 2062 Κέλσος
2957 2000 3178 2070 τελετήν
3225 2015 3346 2052 τινα
3393 1995 3750 2069 Χριστιανῶν

2148 2091 2336 2164 τελετῇ
2368 2091 2740 2164 προειρημένῃ
2768 2091 2993 2164 Περσῶν
3033 2093 3124 2145 τὸν
3169 2091 3493 2162 βουλόμενον
3525 2086 3745 2153 σκανεᾷ-

2146 2182 2330 2244 τάσαι,
2350 2181 2522 2235 ταῦτα
2543 2182 2791 2253 ἀλλήλοις
2816 2181 3219 2254 παραδαλόντα,
3250 2183 3345 2234 καὶ
3369 2178 3747 2250 γυμνώσαντα

2146 2275 2240 2328 καὶ
2265 2273 2334 2326 τὰ
2364 2275 2703 2346 Χριστιανῶν
2743 2275 2876 2346 (85),
2910 2274 3052 2328 οὕτω
3084 2273 3384 2328 θεάσασθαι
3417 2272 3520 2343 τὴν
3553 2273 3746 2341 διαφο-

2148 2368 2247 2440 ράν
2272 2369 2470 2422 αὐτῶν.
2507 2369 2616 2424 Καὶ
2657 2370 2793 2422 ὅπου
2832 2370 2930 2441 μὲν
2956 2369 3071 2440 ᾔδει
3095 2369 3338 2438 ὀνόματα
3375 2369 3559 2419 εἰπεῖν
3589 2365 3742 2436 αἱρέ-

2146 2476 2302 2521 σεων,
2343 2461 2442 2514 οὐκ
2467 2460 2712 2532 ὤκνησεν
2763 2461 3015 2515 ἐκθέσθαι
3048 2461 3114 2524 ἃς
3139 2460 3310 2514 ἐδόκει
3341 2459 3570 2513 εἰδέναι
3607 2460 3741 2512 ὅπου

2143 2553 2199 2607 δὲ
2225 2552 2420 2624 μᾶλλον
2445 2553 2632 2624 ἐχρῆν,
2664 2554 2819 2625 εἴπερ
2847 2554 3130 2622 ἠπίστατο,
3170 2550 3326 2605 τοῦτο
3363 2552 3614 2622 ποιῆσαι,
3651 2551 3741 2604 καὶ

2141 2645 2375 2711 διδάξαι,
2418 2646 2545 2699 ποία
2579 2647 2787 2718 αἵρεσις
2835 2645 3032 2717 χρῆται
3062 2644 3140 2717 τῷ
3177 2643 3576 2698 διατυπωθέντι
3615 2643 3739 2695 δια-

2142 2731 2450 2802 ῃοάμματι,
2490 2733 2632 2788 τοῦτ’
2673 2735 2734 2787 οὐ
2779 2734 3067 2805 πεποίηκε.
3115 2736 3273 2786 Δοκεῖ
3309 2733 3368 2785 δέ
3410 2750 3505 2804 μοι
3551 2735 3650 2786 καὶ
3677 2734 3738 2788 ἐκ

2139 2823 2342 2876 τούτων
2403 2826 2466 2877 ἐκ
2524 2827 2998 2898 παρακουσμάτων
3049 2825 3409 2896 ἁσημοτάτης
3468 2824 3736 2896 αἱρέσεως

2153 2916 2417 2984 Ὀλβιανῶν
2454 2915 2586 2987 (86),
2623 2912 2795 2987 οἶμαι,
2833 2915 3170 2970 ἐκτεθεϊσθαι
3207 2916 3275 2969 τὰ
3311 2916 3408 2968 τοῦ
3462 2917 3741 2985 διαγράμ-

2144 3025 2310 3080 ματος
2352 3007 2463 3079 (87)
2512 3007 2618 3061 ἀπὸ
2675 3008 2888 3080 μέρους.
2944 3008 3130 3078 Τούτῳ
3166 3007 3211 3060 δ’
3243 3009 3431 3079 ἡμεῖς,
3482 3008 3631 3059 κατὰ
3678 3004 3736 3058 τὸ

2140 3098 2435 3170 φιλομαθὲς
2481 3097 2671 3168 ἡμῶν,
2724 3097 3222 3171 περιτετεύχαμεν,
3284 3097 3343 3148 ὲν
3495 3095 3737 3166 εὕρομεν

2139 3191 2432 3261 πλάσματα
2463 3188 2786 3261 ἀνθρώπων,
2823 3189 2898 3254 ὡς
2926 3191 2954 3242 ὁ
2987 3188 3199 3250 Παῦλος
3245 3186 3561 3257 ὠνόμασεν,
3603 3206 3623 3236 ι
3651 3188 3737 3237 ἐν-

2139 3284 2400 3337 δυνόντων
2429 3283 2506 3345 εἰς
2529 3282 2626 3346 τάς
2651 3281 2846 3346 οἰκίας,
2889 3281 2979 3336 καὶ
3008 3278 3522 3351 αίχμαλωτιζόντων
3544 3295 3737 3347 γυναιο

2141 3376 2306 3448 κάρια
2335 3374 2447 3447 (88)
2487 3374 2868 3447 σεσωρευμένα
2907 3373 3218 3444 ἁμαρτίαις,
3250 3372 3502 3442 ἀγόμενα
3536 3371 3727 3424 ἐπιθυο

2146 3465 2297 3537 μίαις
2321 3465 2607 3529 ποικίλαις,
2655 3465 2884 3519 πάντοτε
2929 3465 3286 3537 μανθάνοντα,
3324 3463 3421 3517 καὶ
3458 3463 3733 3534 μηδέποτε

2139 3559 2220 3620 είς
2246 3557 2536 3626 ἐπίγνωσιν
2581 3555 2838 3626 ἀληθείας
2871 3555 3043 3609 ἐλθεῖν
3085 3554 3384 3625 δυνάμενα.
3412 3573 3430 3605 ι
3478 3553 3645 3606 Οὕτω
3676 3552 3732 3608 δὲ

2139 3651 2318 3704 πᾶσαν
2343 3648 2709 3720 ἀπιθανότητα
2744 3644 2855 3720 εἶχε
2893 3649 2952 3703 τὸ
2991 3647 3336 3719 διάγραμμα,
3367 3647 3443 3710 ὠς
3485 3647 3630 3718 μηδὲ
3665 3645 3733 3698 τὰ

2137 3741 2515 3814 εὐεξαπάτητα
2561 3743 2913 3814 γυναικάρια,
2949 3743 3084 3814 μηδὲ
3112 3742 3238 3805 τοὺς
3268 3741 3730 3812 ἀγροικοτάτους,

2135 3834 2228 3888 καὶ
2258 3836 2346 3904 ὑφ’
2372 3833 2679 3888 οὑτινοσοῦν
2701 3833 2925 3887 πιθανοῦ
2956 3834 3184 3905 ἑτοίμως
3214 3832 3440 3903 ἔχοντας
3461 3831 3730 3897 ἄγεσθαι,

2138 3925 2654 3995 συγκατατεθεῖσθαι
2681 3925 2758 3997 τῷ
2779 3926 3173 3999 διαγράμματι.
3201 3925 3388 3980 Οὑδενὶ
3407 3923 3569 3993 γοῦν,
3610 3923 3731 3976 καί·

2136 4035 2282 4088 τοιγε
2317 4017 2542 4083 πολλοὺς
2575 4019 3014 4091 ἐκπεριελθόντες
3053 4020 3251 4082 τόπους
3291 4017 3399 4088 (89)
3435 4017 3562 4086 τῆς,
3597 4017 3728 4086 γῆς.

2136 4111 2380 4174 καὶτοὺς
2413 4111 2684 4183 πανταχοῦ
2717 4110 3213 4183 ἐπαγγελλομένους
3239 4129 3289 4163 τι
3318 4110 3515 4162 ειδέναι
3549 4111 3729 4181 ζητή-

525 4390 635 4464 (84)
674 4387 1038 4464 Διᾳςὶήψεται
1087 4387 1196 4464 γᾴρ
1240 4405 1330 4452 τις
1371 4389 1446 4464 Si:
1472 4385 1694 4464 αρερῒς.
1737 4385 1819 4464 ita.
1863 4385 2025 4439 codex

2144 4386 2273 4464 liora
2293 4384 2606 4464 _profer,.et_
2635 4385 2856 4456 gratias,
2890 4402 3026 4464 quas
3062 4386 3208 4464 tanti
3230 4384 3466 4464 honoris
3487 4386 3722 4464 inyidus

450 4455 714 4521 Julianus.
753 4455 1104 4514 llmsclielius
1134 4455 1183 4513 in
1220 4467 1392 4519 textu,
1419 4455 1733 4526 διαλήψεται
1756 4455 1864 4526 γάρ
1887 4472 2034 4519 τινας

452 4537 511 4587 ὲν
558 4533 758 4596 αὐτοῖς.
808 4533 1142 4600 Speucerus,
1187 4527 1502 4599 διαλήψεται
1551 4526 1662 4598 γάρ
1703 4543 1823 4580 τινα
1851 4528 1907 4579 ἐν
1937 4528 2030 4578 αὑ-

450 4607 583 4658 τοῖς.

676 4671 906 4746 Guietus
961 4671 1131 4746 legit,
1180 4669 1383 4746 ταύτας
1447 4666 1743 4746 ἀλλήλαιςἈ
1777 4665 2025 4738 παραϐα-

450 4736 640 4808 λόντα,
669 4744 765 4796 καὶ
794 4736 1159 4812 γυμνώσᾶντα
1202 4741 1270 4793 τὰ
1316 4737 1677 4812 Χριστιανῶν.
1710 4736 1812 4790 Pro
1847 4736 2026 4812 ’ἐταρα-

451 4816 682 4868 6αλὸντα
732 4809 814 4866 ad
859 4809 1156 4882 marginem
1198 4813 1468 4864 editorum
1516 4809 1730 4878 legitur,
1777 4809 2024 4878 παραλα-

452 4887 632 4938 δόντα.

524 4955 635 5025 (86)
688 4949 994 5025 ’Θριανῶικ
1024 4949 1146 5005 Vid.
1168 4950 1264 5007 lib.
1287 4965 1370 5016 ιιι,
1401 4963 1550 5003 num.
1578 4946 1664 5012 1'2,
1689 4957 1742 5002 et
1765 4949 1901 5002 infra
1925 4949 2020 5003 ιιι).

449 5023 542 5088 γι,
560 5039 709 5076 ιιιιιιι.
733 5023 822 5076 ‘28.

469 5105 471 5108 ‘
523 5094 634 5164 (87)
675 5089 1412 5164 Atamdmlqroc._Utinatn
1441 5088 1732 5164 _cx_slaret!
1794 5089 2020 5164 multum

451 5161 795 5220 enim'lucis'
826 5163 1016 5230 procul
1051 5162 1214 5216 dubio
1247 5161 1747 5230 antiquissimorum
1797 5161 2017 5214 Patrum

451 5237 626 5297 libris,
670 5235 862 5303 priscre
908 5232 1161 5286 Ecclesia:
1209 5233 1565 5303 temporibus,
1605 5239 1658 5303 et
1694 5231 2016 5298 quibusdam

449 5322 620 5358 sacra:
651 5301 951 5372 Scriptura:
979 5304 1114 5356 locis
1143 5304 1448 5355 ac'cederel.
1484 5301 1595 5354 Hoc
1626 5301 2019 5372 diagrammate

448 5376 756 5442 deperdito,
780 5369 984 5428 frustra
1028 5375 1259 5426 fortasse
1283 5373 1332 5424 iu
1366 5369 1826 5425 Basilidiauoruni
1845 5369 2017 5442 rex-:6-

449 5441 592 5508 ποις,
623 5453 676 5498 et
709 5444 981 5513 figmentis
1012 5442 1514 5497 Valcutinianortnn
1550 5441 1909 5513 explicandis,
1947 5442 2017 5495 la-

451 5512 794 5575 boravimus;
831 5523 1102 5583 utcunque
1149 5515 1330 5567 conati
1378 5527 1721 5583 suinus,pro
1751 5512 2014 5565 facultate

449 5597 660 5647 nostra,
701 5582 1027 5645 difﬁciliora,
1055 5598 1174 5651 qua:
1203 5583 1568 5637 occurrebant
1600 5582 1739 5644 loca,
1783 5598 2014 5649 qumque

451 5656 688 5710 tenebris
731 5663 854 5708 sunt
885 5655 1160 5717 obvoluta,
1189 5655 1483 5723 explicare.
1511 5653 1664 5718 Quod
1707 5652 1750 5706 si
1795 5653 2010 5706 lucreti-

446 5741 632 5780 eoruu:
667 5726 877 5780 somnia
900 5734 954 5777 et
984 5723 1143 5777 dubia
1176 5723 1521 5792 Origeuiana,
1555 5724 1731 5776 minus
1765 5724 1924 5789 plane
1955 5732 2010 5776 et

445 5808 662 5862 aperte,
710 5812 870 5864 quam
919 5810 1003 5848 res
1053 5796 1164 5862 ipsa
1217 5795 1601 5864 desiderabat.
1653 5794 2004 5864 interpretata

441 5881 622 5937 putes,
648 5885 712 5922 eu
731 5863 840 5920 tibi
869 5865 1044 5920 laudis
1073 5865 1376 5919 materiam.
1407 5863 1612 5919 Exerce
1642 5863 1861 5934 styluui,
1886 5880 2006 5918 cer-

2131 4458 2221 4530 vix
2255 4455 2394 4511 ultro
2426 4455 2654 4530 dederit,
2676 4455 3044 4530 extorquebis.
3076 4455 3249 4530 Nobis
3270 4457 3396 4510 illud
3434 4458 3720 4530 scaligeri

2135 4528 2395 4580 hactenus
2435 4527 2658 4597 placuit,
2693 4538 2742 4582 et
2780 4527 3050 4596 placebit:
3078 4546 3096 4578 ι
3125 4529 3382 4596 Denique,
3418 4529 3556 4580 nihil
3603 4527 3716 4584 iam

2131 4597 2386 4666 frequens
2415 4607 2519 4666 est,
2555 4615 2714 4666 quam
2757 4599 2869 4654 lucc
2906 4599 3116 4652 ἔκτυπα
3147 4599 3197 4651 iii
3233 4599 3460 4667 gemmis
3495 4599 3716 4654 inclusa

2128 4667 2312 4723 videre
2339 4670 2502 4722 etiam
2546 4671 2942 4724 vetustissima.
2973 4670 3044 4722 Ea
3084 4684 3241 4722 nemo
3289 4667 3564 4737 intelligit,
3603 4672 3711 4725 nisi

2129 4739 2218 4807 qui
2251 4739 2499 4793 facienda
2531 4741 2761 4803 curavit,
2791 4751 2840 4796 et
2884 4741 3082 4794 frustra
3136 4737 3242 4792 illis
3277 4741 3718 4806 interpretandis

2126 4825 2292 4877 opera
2339 4811 2512 4862 datur.
2555 4809 2696 4878 Quot
2731 4811 2873 4866 enim
2926 4809 3237 4864 verisimilia
3287 4811 3390 4862 dici
3425 4824 3712 4877 ιιοςειιιιι,

2127 4893 2356 4946 quorum
2394 4879 2572 4933 nullus
2633 4891 2866 4934 utentem
2904 4896 3091 4935 eorum
3123 4879 3432 4949 aperuerit?
3473 4878 3712 4936 Veteres

2127 4949 2400 5009 lia-retici.
2455 4952 2754 5019 praesertim
2811 4952 3171 5007 Valentiniani
3219 4960 3275 5004 et
3327 4950 3706 5018 Mari-osiaui,

2125 5021 2292 5072 multa
2335 5019 2596 5091 ejusmodi
2650 5023 3020 5091 reliquerunt,
3067 5036 3188 5090 qua:
3235 5021 3395 5075 hodie
3449 5021 3508 5075 in
3559 5025 3709 5076 auti-

2123 5091 2436 5155 quarioruui
2502 5090 2690 5145 loculis
2745 5090 3114 5155 asservaiitur,
3160 5106 3281 5145 cum
3334 5106 3530 5145 eorum
3593 5093 3708 5147 Deo

2122 5159 2449 5232 ABPAEAE.
2481 5161 2655 5215 Unum
2687 5164 2865 5216 adhuc
2892 5175 3020 5228 puto
3056 5177 3139 5232 me
3171 5164 3391 5216 habere.
3413 5181 3430 5214 ι
3467 5161 3702 5232 Joseph.

2123 5231 2385 5300 Scaliger,
2416 5233 2576 5300 epist.
2610 5233 2707 5288 H9
2737 5232 3080 5290 adlsaacium
3096 5231 3502 5288 Casaubouum.
3533 5231 3708 5289 Sehn-

2121 5315 2240 5354 CER.

2191 5369 2303 5443 (88)
2351 5371 2905 5442 Λίχμαλωτιζόντων
2959 5370 3332 5442 γυναικάρια.
3379 5373 3454 5428 Ita
3492 5374 3707 5429 habent

2118 5457 2307 5515 omnes
2339 5448 2518 5515 codd.
2549 5461 2678 5498 mss.
2715 5445 3020 5508 Spencerus
3067 5445 3118 5497 ιιι
3176 5455 3362 5511 testu,
3403 5445 3701 5515 αἰχμαλω-

2116 5513 2376 5585 τευόντων
2410 5513 2522 5585 [τὰ]
2551 5515 2896 5585 γυναικάρια.

2191 5584 2298 5654 (89)
2346 5583 2592 5650 Τόπο-ὺς.
2627 5583 2888 5638 Videlicet
2921 5583 3147 5637 Romam
3182 5584 3424 5652 (liuseb.,
3461 5583 3560 5639 lib.
3600 5601 3657 5640 vn
3681 5624 3699 5649 .

2117 5671 2236 5727 cap.
2266 5656 2331 5709 15
2377 5655 2688 5710 Ecclesiast.
2736 5655 2922 5727 liist.),
2957 5655 3257 5727 Arabiam,
3291 5655 3601 5727 jligyptum
3639 5667 3700 5709 et

2118 5725 2460 5780 Palmstinaui
2517 5728 2633 5795 (lib.
2660 5741 2747 5786 vt.
2797 5725 2916 5795 cap.
2948 5726 3034 5789 l9,
3062 5725 3241 5795 ibid),
3289 5725 3416 5781 Vide
3447 5726 3694 5781 adnota-

2114 5804 2287 5852 tiones
2313 5799 2378 5852 ad
2405 5799 2497 5851 lib.
2528 5813 2602 5862 tv,
2639 5813 2785 5852 num.
2810 5795 2896 5851 Μ.
2927 5797 3190 5851 δρεκαειι.
