3840 6412
188 377 310 434 1555

1355 366 1632 428 CONTRA
1666 371 1941 429 CELSUM
1977 373 2103 428 LIB.
2143 373 2222 430 ~\"l.

3269 368 3407 423 1534

182 495 630 566 ὲκκλησιαστικοῖς
687 492 995 566 σφραγίδος,
1058 491 1235 563 ἑαυτῷ
1289 509 1410 547 τινα
1458 493 1716 547 ἐκτίθεται

1837 494 2073 564 ineptias
2123 495 2222 550 sibi
2287 492 2440 566 ﬁngit
2504 501 2555 547 et
2619 491 2872 562 proponit
2924 490 2976 545 in
3033 504 3238 545 morem
3288 491 3404 544 diav

183 584 421 640 ἀλλόκοτα
443 587 536 638 καὶ
556 585 836 656 ἀμοιόαίας
858 582 1056 652 φωνάς·
1075 582 1150 645 ὡς
1176 603 1193 634 ι
1213 582 1310 636 τοῦ
1333 584 1430 654 μὲν
1447 585 1545 655 τὴν
1559 601 1730 654 σφρα-

180 677 289 748 γῖδα
312 677 672 748 περιτιθέντος
719 677 1055 748 καλουμένου
1085 676 1311 748 πατρός·
1347 675 1440 729 τοῦ
1471 676 1528 728 δὲ
1562 694 1731 748 σφρα-

179 766 440 840 γιςομένου
483 769 767 840 λεγομένου
812 769 932 822 νέου
974 768 1069 822 καὶ
1106 767 1255 831 υἱοῦ,
1297 769 1390 821 καὶ
1436 768 1727 840 ἀποκρινο-

179 859 354 934 μένουο
375 861 676 934 Κέχρισμαι
697 859 1141 932 χρίσματιλευκῷ
1158 861 1221 913 ὲκ
1237 859 1392 926 ξύλου
1415 861 1558 930 ζωῆς
1577 858 1671 930 (Ι)-
1704 881 1721 913 ›

177 959 297 1027 ὅπερ
321 957 423 1010 οὐδ’
457 959 514 1010 ὲν
545 958 657 1019 τοῖς
692 955 800 1009 ἀπὸ
831 955 940 1009 τῶν
984 953 1248 1025 αἱρέσεων
1296 953 1611 1024 ἠκούσαμεν
1645 956 1729 1024 γί-

175 1047 393 1118 γνεσθαι.
425 1043 558 1101 Εἶτα
595 1046 688 1101 καὶ
719 1045 950 1118 ἀριθμὸν
987 1045 1156 1117 ὁρίζει
1193 1045 1484 1117 λεγόμενον
1519 1043 1596 1114 (2)
1623 1043 1728 1096 ὑπὸ

175 1141 268 1194 τῶν
287 1139 671 1211 παραδιδόντων
691 1138 788 1210 τὴν
813 1138 1081 1209 σφραγῖδα
1100 1137 1346 1206 ἀγγέλων
1370 1157 1388 1189 ι
1418 1135 1578 1200 ἑπτὰ,
1600 1137 1728 1188 ἑκα-

173 1232 385 1303 τέρωθεν
413 1234 478 1302 τῇ
512 1230 657 1301 ψυχῇ
701 1228 796 1283 τοῦ
841 1229 1318 1300 ἁπαλλαττομένου
1364 1227 1613 1300 σώματος
1647 1229 1724 1298 (5)

174 1322 552 1393 ἐφισταμένων·
600 1321 709 1374 τῶν
755 1322 852 1393 μὲν
903 1320 996 1375 τοῦ
1043 1321 1240 1390 φωτὸς,
1289 1322 1489 1392 ἐτέρων
1526 1320 1582 1373 δὲ
1619 1319 1726 1372 τῶν

172 1413 558 1484 ὀνομαζομένων
613 1413 966 1486 ἀρχοντικῶν·
1024 1413 1118 1467 καὶ
1168 1413 1316 1482 λέγει
1362 1413 1452 1465 τὸν
1493 1413 1726 1484 ἄρχοντα

172 1505 264 1558 τῶν
293 1505 694 1577 ὀνομαζομένων
727 1506 1060 1576 ἀρχοντικῶν
1087 1505 1340 1576 λέγεσθαι
1383 1506 1514 1559 Θεὸν
1557 1524 1724 1578 κατη-

174 1598 399 1669 ραμένον.
439 1618 456 1648 ι
495 1593 607 1650 Εἶτ’
652 1597 1042 1668 ἐπιλαϐόμενος
1094 1599 1192 1669 τῆς
1245 1597 1444 1662 λέξεως
1488 1597 1725 1667 εᾲλόγως

173 1691 441 1759 κατηγορεῖ
478 1688 587 1743 τῶν
628 1688 786 1742 τοῦτο
831 1688 1152 1760 τολμώντων
1210 1688 1406 1757 λέγειν.
1446 1688 1648 1747 Τούτου
1679 1689 1722 1742 δ’

171 1779 313 1832 ἕνεκα
363 1780 454 1832 καὶ.
501 1782 660 1849 ἡμεῖς
710 1775 1221 1852 συεκαγανακτοῦμεν
1270 1784 1382 1844 τοῖς
1439 1781 1725 1852 μεμφομέ-

171 1886 265 1933 νοις
291 1871 409 1933 τοὺς
439 1871 732 1935 τοιούτους,
774 1874 822 1924 εἱ
851 1873 913 1943 δή
947 1873 1092 1937 τινές
1131 1874 1237 1926 είσι
1289 1873 1536 1941 λέγοντες
1580 1873 1726 1928 Θεὸν

170 1963 551 2033 κατηραμένον
605 1965 697 2017 τὸν
762 1965 1053 2028 Ἰουδαίων,
1089 1966 1179 2019 τὸν
1230 1965 1391 2019 ὕοντα
1425 1967 1520 2020 καὶ
1571 1966 1725 2038 βρον-

168 2056 341 2117 τῶντα,
410 2058 501 2110 καὶ
564 2055 716 2110 τοῦδε
775 2055 870 2110 τοῦ
939 2057 1145 2127 κόσμου
1202 2057 1563 2130 δημιουργὸν,
1630 2059 1725 2112 καὶ

167 2148 417 2211 Μωῦσέως
436 2151 528 2202 καὶ
553 2150 652 2220 τῆς
681 2150 800 2203 κατ’
827 2149 986 2202 αὑτὸν
1014 2151 1366 2221 κοσμοποιίας
1397 2150 1546 2204 Θεόν.
1585 2149 1722 2203 Ἀλλ’

168 2237 290 2291 ἔοικε
344 2239 696 2311 βεϐουλῆσϐαί
759 2258 809 2293 τι
861 2240 947 2294 διὰ
1003 2241 1207 2295 τούτων
1272 2243 1300 2295 ὁ
1345 2242 1567 2306 ,Κέλσος
1625 2243 1724 2296 οὐκ

167 2328 441 2402 εὔγνωμον,
483 2332 596 2386 ἀλλ’
638 2333 746 2386 ἀπὸ
778 2331 872 2384 τοῦ
912 2333 1034 2386 καθ’
1080 2333 1236 2404 ἡμῶν
1266 2333 1593 2403 ἀφιλοσόφου
1637 2334 1725 2406 μί-

168 2437 274 2485 σους
329 2423 466 2476 πάνυ
519 2423 1019 2494 ἀγνωμονέστατον.
1087 2424 1392 2497 Ἑϐουλήθη
1438 2425 1547 2497 γὰρ
1599 2431 1723 2492 τοὺς

167 2513 402 2585 ἀπείρους
450 2515 556 2567 τῶν
603 2517 917 2587 ἡμετέρων,
960 2516 1280 2588 ἐντυχόντας
1325 2518 1490 2572 αὑτοῦ
1539 2520 1614 2591 (4)
1655 2523 1722 2593 τῇ

166 2610 349 2676 γραφῇ,
378 2607 688 2680 πολεμῶσαι
725 2610 862 2681 πρὸς
886 2613 1056 2682 ἡμᾶς,
1085 2612 1160 2674 ὠς
1183 2611 1316 2664 Θεὸν
1346 2613 1723 2685 κατηραμένον

165 2696 395 2766 λέγοντας
427 2701 518 2754 τὸν
566 2702 718 2754 τοῦδε
765 2703 860 2756 τοῦ
909 2704 1117 2774 κόσμου
1158 2707 1323 2759 καλὸν
1373 2706 1718 2778 δημιουργόν.

166 2791 256 2844 Καὶ
284 2793 426 2846 δοκεῖ
467 2813 556 2864 μοι
608 2797 988 2868 παραπλήσιον
1030 2799 1302 2862 Ἰουδαίοις
1343 2801 1720 2870 πεποιηκέναι,

164 2885 258 2945 τοῖς
288 2885 424 2937 κατὰ
464 2885 560 2956 τὴν
610 2887 785 2958 ἀρχὴν
829 2889 930 2958 τῆς
967 2888 1060 2941 τοῦ
1105 2891 1533 2961 Χριστιανισμοῦ
1583 2892 1725 2945 διδα-

166 2973 368 3038 σκαλίας
393 2977 830 3031 κατασκεδάσασι
856 2978 934 3048 (ὅ)
961 2979 1272 3051 δυσφημίαν
1306 2979 1400 3034 τοῦ
1430 2981 1588 3050 λόγου
1607 2999 1620 3012 ·
1648 2982 1723 3047 ὼς

164 3064 254 3134 ἄρα
293 3067 693 3132 καταθύσαντες
736 3070 948 3123 παιδίον
1003 3071 1509 3142 μεταλαμϐάνουσιν
1557 3073 1722 3127 αὑτοῦ

164 3155 252 3208 τῶν
284 3159 495 3230 σαρκῶν
528 3178 542 3191 ·
579 3161 674 3215 καὶ
713 3161 896 3231 πάλιν,
946 3163 1027 3218 ὅτι
1059 3165 1108 3217 οἱ
1142 3165 1250 3218 ἀπὸ
1289 3164 1384 3219 τοῦ
1429 3165 1610 3235 λόγου,
1656 3167 1722 3221 τὰ
1750 3198 1792 3254 C

163 3246 242 3300 τοῦ
282 3250 466 3304 σκότου
496 3253 758 3324 πράττειν
797 3254 1131 3326 βουλόμενοι,
1172 3256 1485 3312 σϐεννύουσι
1524 3258 1619 3328 μὲν
1657 3258 1718 3310 τὺ

166 3341 280 3411 φῶς,
303 3345 526 3410 ἕκαστος
550 3347 607 3400 δὲ
622 3349 687 3418 τῇ
711 3347 1098 3420 παρατυχούσῃ
1125 3348 1396 3418 μίγνυται.
1423 3349 1579 3412 ’Ἠτις
1596 3349 1719 3402 δυσ-

165 3435 319 3504 φημία
357 3438 680 3508 παραλόγως
732 3439 897 3492 πάλαι
949 3439 1046 3509 μὲν
1086 3438 1350 3493 πλείστων
1381 3441 1518 3492 ὅσων
1552 3440 1717 3512 ἐκρά-

165 3542 251 3588 τει,
280 3527 531 3582 πείθουσα
562 3531 690 3594 τοὺς
719 3529 1033 3601 ἀλλοτρίους
1057 3530 1148 3583 τοῦ
1175 3530 1356 3600 λόγου,
1383 3531 1462 3584 ὅτι
1488 3531 1717 3586 τοιοῦτοί

164 3619 252 3671 εἱσι
280 3621 617 3690 Χριστιανοίο
656 3622 749 3675 καὶ
776 3621 870 3675 νῦν
901 3622 958 3674 δὲ
1010 3621 1089 3675 ἔτι
1131 3624 1318 3694 ἀπατᾷ
1364 3641 1534 3687 τινας,
1579 3625 1716 3678 ἁπο-

163 3713 498 3782 τρεπομένους
517 3713 605 3767 διὰ
634 3714 702 3767 τὰ
730 3713 952 3768 τοιαῦτα
980 3712 1080 3766 κᾶν
1107 3714 1186 3773 εἰς
1214 3715 1495 3769 κοινωνίαν
1519 3715 1718 3769 ἁπλου-

165 3805 336 3875 στέραν
356 3807 524 3876 λόγων
557 3809 713 3878 ἥκειν
747 3807 884 3879 πρὸς
911 3807 1289 3878 Χριστιανούς.

222 3896 454 3953 Τοιοῦτόν
481 3917 532 3954 τι
567 3901 630 3970 δή
677 3917 766 3971 μοι
806 3899 1056 3968 φαίνεται
1097 3901 1125 3952 ὁ
1167 3900 1374 3963 Κέλσος
1424 3900 1717 3971 οἰκονομῶν

164 3985 443 4045 ἐκτίθεσθαι
477 3991 574 4063 (6),
615 3992 690 4057 ὡς
722 3992 829 4064 ἄρα
861 3993 1176 4064 Χριστιανοῖ
1217 3991 1432 4061 λέγουσι
1469 4009 1718 4066 κατηρα-

226 4174 314 4245 (μι)
363 4176 686 4244 Κέχρισμαι
759 4177 1043 4245 χρίσματι
1107 4177 1304 4244 λευκῷ
1375 4180 1443 4233 ἐκ
1517 4181 1708 4245 ξύλου

166 4241 323 4319 ζῳῆς.
358 4241 656 4319 llucﬁval'de
681 4241 950 4319 pert—inerit
975 4250 1080 4303 duo
1117 4248 1218 4302 loci
1255 4241 1410 4319 nugis
1442 4241 1706 4319 insignes,

167 4314 286 4389 alter
307 4315 489 4389 ειμι
520 4314 790 4389 Recoqnit.
819 4318 1108 4382 Clement.,
1133 4334 1254 4387 cap.
1280 4314 1369 4382 45,
1402 4336 1524 4389 pag.
1550 4314 1660 4374 110
1688 4340 1700 4374 :

171 4401 188 4434 ι
210 4385 348 4458 apud
377 4385 585 4440 Iudaeos
612 4388 863 4442 Christus
912 4385 1440 4444 communinomine
1474 4385 1572 4446 rex
1611 4407 1704 4458 ap-

168 4454 390 4520 pellatur.
420 4458 588 4511 Causa
631 4468 811 4512 aulem
842 4460 1002 4526 limus
1029 4459 1404 4526 appellationis
1435 4463 1550 4515 luee
1574 4454 1658 4515 est
1685 4476 1700 4513 :

169 4526 394 4592 queniam
431 4529 668 4597 quidem,
699 4543 822 4583 cum
854 4538 999 4584 esset
1043 4529 1212 4583 Filius
1255 4530 1346 4584 Dei
1387 4540 1442 4584 et
1486 4532 1700 4585 initium

169 4597 584 4669 omnium..homo
612 4598 786 4669 factus
807 4608 890 4652 est
915 4617 928 4652 :
961 4601 1104 4654 hunc
1133 4601 1364 4669 primum
1396 4602 1558 4656 Pater
1586 4603 1706 4656 oleo

169 4668 406 4742 perunxit,
436 4671 577 4738 quod
620 4685 684 4722 ea:
723 4668 864 4742 ligno
910 4671 1028 4742 uita:
1070 4668 1599 4742 l'ueratsumptum;
1642 4688 1707 4725 es

129 4797 134 4804 κ
168 4732 249 4785 illo
303 4753 422 4803 ergo
453 4732 780 4807 'ungnento'
809 4740 1060 4796 Christus
1115 4732 1442 4808 appellatur.
1476 4762 1494 4794 ι
1555 4732 1710 4797 Alter

169 4810 429 4878 apocryphi
468 4809 586 4862 libri
621 4811 712 4878 qui
758 4807 1034 4864 Nicodemi
1082 4807 1302 4865 nomine
1349 4813 1705 4876 inscribitur:

173 4873 679 4951 tCumantenrhaic
710 4881 952 4934 audisset
993 4882 1362 4950 protoplastus
1403 4874 1572 4937 Adam
1615 4899 1710 4951 pa-

169 4953 256 5005 ter,
284 4949 400 5017 quia
430 4949 481 5002 in
525 4947 766 5006 Jordane
811 4947 1122 5017 baptizatus
1158 4947 1244 5005 est
1295 4951 1475 5015 Jesus,
1524 4947 1708 5007 excla-

169 5016 415 5093 mavitad
459 5020 622 5073 ﬁlium
667 5036 823 5076 suum
861 5016 988 5093 Seth
1022 5043 1032 5075 :
1067 5022 1276 5075 Enarra
1316 5023 1440 5077 ﬁliis
1480 5024 1584 5076 tuis
1613 5040 1710 5092 pa-

168 5087 396 5164 triar-citis
433 5101 485 5142 et
518 5093 807 5164 prepltetis
839 5092 1019 5164 oumia
1065 5107 1403 5164 qurccunque
1439 5087 1636 5148 audisti
1677 5112 1705 5147 a

169 5149 400 5233 Michaele
424 5149 774 5230 archangelo,
807 5163 1024 5230 quando
1049 5149 1099 5214 te
1127 5149 1401 5216 transniisi
1429 5164 1495 5216 ad
1525 5175 1706 5233 portas

169 5227 399 5292 paradisi,
426 5241 482 5284 ut
527 5227 906 5300 deprecareris
949 5233 1135 5292 Deum,
1175 5242 1230 5287 et
1276 5227 1709 5300 ungeret'caput

175 5307 328 5349 meum
359 5315 472 5354 cum
519 5317 694 5356 essem
739 5302 1006 5356 inﬁrmus.
1051 5302 1202 5356 Tunc
1241 5301 1369 5356 Seth
1413 5306 1707 5372 appropin-

172 5374 324 5484 ggans
361 5374 558 5426 sanctis
591 5373 918 5441 patriarchis
957 5383 1012 5424 et
1054 5374 1352 5442 prophetis,
1390 5375 1565 5428 dixit:
1601 5375 1710 5444 Ego

245 5435 310 5484 ΙΙΙ.
337 5454 449 5484 Nlm
485 5460 658 5484 pem-nt
697 5458 862 5484 urant:
897 5442 1184 5484 linminum
1218 5445 1283 5484 ml
1329 5456 1514 5484 nnrtne
1551 5460 1710 5484 nan-2.-

210 5435 311 5513 eth,
337 5454 450 5492 eum
485 5435 658 5496 essein
697 5458 862 5495 orans
897 5435 1184 5495 Dominum
1217 5445 1283 5496 ad
1329 5435 1514 5510 portas
1551 5435 1712 5513 para-

176 5502 282 5583 (ρξεί.
326 5523 442 5583 ecce
494 5513 718 5578 angelus
752 5513 960 5565 Domini
1014 5513 1239 5567 Michael
1279 5502 1708 5583 apparuit-mihi

173 5569 368 5656 dicens:
398 5581 500 5649 Ego
533 5569 731 5636 missus
760 5598 880 5636 sum
911 5583 974 5635 ad
1015 5594 1064 5636 te
1096 5601 1124 5635 a
1165 5569 1415 5656 Βοιιιὶἰιό,
1454 5600 1554 5645 ego
1589 5601 1708 5638 sum

172 5653 465 5722 constitutus
520 5670 687 5719 super
738 5669 934 5718 corpus
1000 5655 1319 5706 humanum.
1376 5653 1494 5708 Tibi
1555 5656 1707 5718 dico,

173 5711 312 5778 δειιι,
349 5722 447 5794 noli
491 5723 540 5776 in
590 5711 850 5792 lacrytuis
887 5723 1047 5794 Deum
1097 5739 1280 5786 orare,
1325 5735 1377 5777 et
1427 5711 1709 5794 deprecari

174 5794 365 5864 propter
396 5791 568 5846 oleum
603 5791 990 5864 misericordi-.1:
1025 5795 1180 5862 ligni,
1209 5802 1268 5846 ιιι
1306 5791 1575 5864 pertingas
1614 5811 1706 5864 pa-

177 5861 296 5907 llent
323 5867 455 5945 [ungi
477 5867 646 5919 Adam
681 5879 779 5930 pro
807 5863 993 5918 dolore
1022 5861 1213 5932 capitis
1246 5864 1381 5932 ejus,
1418 5861 1538 5933 quia
1566 5861 1708 5919 nullo

1839 585 1943 657 logi
1989 587 2266 656 digestas,
2299 601 2433 656 quas
2482 601 2548 641 ne
2605 584 2809 640 audivit
2843 584 3058 654 quidem
3095 602 3109 637 :
3145 583 3402 638 nimirum

1843 696 1862 728 ι
1902 680 1990 748 qui
2025 679 2261 749 sigillum
2291 679 2536 742 adhibet,
2569 695 2701 735 eum.
2748 677 2929 732 vocari
2976 687 3230 747 patrem;
3277 692 3404 731 eum

1836 786 1966 840 vero
2016 773 2104 841 qui
2167 771 2344 842 sigillo
2399 781 2633 838 notatur,
2683 770 2956 840 juniorem
3001 779 3058 824 et
3104 769 3272 822 ﬁlium
3305 784 3401 838 ap-

1836 864 2058 934 pellari,
2114 865 2366 933 huncque
2414 863 2741 932 respondere
2794 880 2808 918 :
2855 861 3066 918 Unctus
3131 876 3251 916 sum
3302 875 3406 914 un-

1836 965 2038 1025 guento
2117 955 2241 1010 albo
2299 970 2363 1009 ex
2428 955 2572 1022 ligno
2640 956 2809 1020 vitae,
2890 973 2908 1008 ι
2986 955 3127 1024 quod
3203 968 3272 1008 ne
3336 951 3404 1005 ab

1834 1046 1992 1116 651
2055 1044 2330 1100 haereticis
2383 1046 2601 1114 quidem
2658 1045 2839 1100 audivi
2907 1060 3140 1115 unquam
3197 1043 3401 1099 doceri.

1836 1139 2039 1193 Deinde
2085 1152 2366 1191 numerum
2401 1135 2590 1191 deﬁnit
2618 1137 2956 1206 angelorum,
2991 1137 3058 1192 de
3100 1135 3296 1206 quibus
3324 1135 3404 1188 loc

1837 1241 2076 1302 qnuntur
2107 1233 2247 1302 iiqui
2281 1231 2502 1285 tradunt
2527 1229 2760 1300 sigillum
2789 1249 2802 1287 :
2835 1249 2854 1282 ι
2897 1229 3116 1300 Septem
3147 1241 3268 1292 esse
3301 1229 3402 1293 ait,

1835 1325 1925 1389 qui
1961 1325 2156 1378 anima:
2189 1322 2434 1376 morituri
2475 1322 2720 1391 corporis
2764 1321 3020 1391 utrinque
3053 1329 3266 1386 astant;
3299 1319 3400 1374 ho-

1835 1432 1952 1470 rum
1988 1415 2122 1469 alios
2153 1414 2288 1468 lucis
2326 1413 2576 1482 angelos,
2611 1412 2747 1469 alios
2779 1413 3126 1468 archonticos
3155 1412 3403 1467 nomina-

1836 1507 1914 1558 ri:
1947 1505 2139 1558 horum
2179 1504 2475 1574 principem
2508 1504 2692 1559 vocari
2741 1504 2909 1559 Deum
2964 1502 3330 1558 maledictum.
3375 1523 3392 1554 ι

1833 1596 2040 1663 Quibus
2072 1595 2289 1664 quidem
2322 1594 2555 1664 arreptis
2593 1594 2796 1660 Verbis,
2849 1595 3048 1649 merito
3081 1593 3312 1664 insurgit
3345 1593 3398 1646 in

1831 1705 1926 1744 eos
1951 1689 2042 1759 qui
2081 1686 2224 1743 istud
2248 1685 2494 1755 proh-rre
2511 1686 2625 1741 ausi
2659 1695 2806 1742 sunt.
2834 1686 2897 1740 Et
2921 1700 3019 1741 nos
3035 1701 3249 1756 quoque
3276 1701 3399 1740 cmn

1832 1783 2044 1836 illorum
2101 1779 2514 1835 accusatoribus
2551 1779 2936 1849 indignamur;
2984 1779 3026 1832 si
3077 1779 3172 1848 qui
3220 1786 3400 1832 tamen

1755 1861 1797 1914 Β
1828 1883 1952 1929 sunt
2014 1873 2104 1942 qui
2157 1871 2325 1927 Deum
2375 1870 2688 1926 Judaeorum
2749 1869 3086 1925 maledictum
3150 1879 3398 1935 vocent;

1830 1961 2021 2030 Deum,
2054 1966 2300 2034 inquam,
2348 1964 2438 2034 qui
2476 1962 2634 2034 pluit,
2675 1964 2766 2033 qui
2814 1972 2987 2029 tonat,
3023 1961 3184 2032 hujus
3215 1963 3401 2016 mutuli

1829 2058 2236 2121 fabricatorem,
2270 2055 2436 2109 Deum
2465 2053 2666 2126 Moysis
2699 2066 2753 2110 et
2798 2063 3077 2109 auctorem
3110 2053 3401 2108 creationis

1825 2165 1988 2221 quam
2018 2149 2230 2222 Moyses
2255 2147 2565 2218 descripsit.
2604 2145 2737 2201 Nam
2770 2161 2867 2215 per
2890 2144 3007 2200 haec
3035 2143 3223 2200 Celsus
3255 2144 3402 2198 vide-

1829 2255 1916 2298 tur
1952 2245 2005 2298 in
2036 2244 2216 2298 animo
2256 2243 2386 2312 quid
2415 2243 2670 2298 habuisse
2709 2238 2932 2294 minime
2963 2237 3275 2303 candidum,
3306 2238 3405 2290 sed

1827 2334 2312 2404 improbissimum,
2347 2336 2488 2405 quod
2540 2334 2640 2404 ipsi
2687 2331 2956 2403 suggessit
2998 2345 3154 2386 suum
3191 2329 3244 2383 in
3302 2346 3402 2382 nos

1826 2427 2141 2482 indecorum
2172 2427 2501 2498 pltilos0pho
2524 2427 2730 2482 odium.
2766 2424 2968 2493 Nempe
2998 2423 3167 2478 voluit
3201 2431 3259 2477 ut
3285 2423 3399 2491 qui-

1825 2522 1928 2576 bus
1954 2521 2121 2591 ignoti
2155 2536 2421 2586 essemus,
2474 2521 2538 2586 ii,
2576 2520 2722 2574 lecto
2753 2519 2872 2588 ejus
2895 2519 3033 2572 libro
3054 2557 3069 2585 ,
3101 2517 3255 2573 nobis
3285 2517 3401 2571 bel-

1828 2615 1936 2668 lum
1971 2615 2275 2669 indicerent
2308 2614 2463 2684 quasi
2497 2612 2842 2668 maledictum
2876 2609 3044 2665 Deum
3073 2609 3399 2687 appellanti-

1823 2709 1926 2764 hus
1953 2709 2276 2778 praeclarum
2302 2706 2460 2776 hujus
2491 2706 2678 2760 mundi
2711 2703 3076 2760 conditorem.
3110 2703 3226 2770 Qua
3261 2703 3314 2760 in
3341 2720 3400 2757 re

1824 2802 2020 2856 similis
2043 2801 2260 2855 videtur
2287 2815 2410 2854 esse
2437 2797 2661 2862 Iudaeis,
2685 2797 2800 2867 qui,
2837 2812 2958 2852 cum
2987 2798 3222 2866 primum
3249 2797 3402 2851 Chri-

1828 2893 2004 2948 stiana
2039 2893 2331 2950 doceretur
2381 2890 2595 2960 religio,
2620 2889 2920 2944 calumnias
2951 2890 3213 2945 adversus
3247 2889 3400 2943 illam

1824 2986 2152 3056 Spargebant
2183 3004 2195 3039 :
2226 2984 2452 3039 mactari
2503 2998 2532 3037 a
2581 2982 2911 3038 Christianis
2961 2996 3189 3051 puerum
3217 3022 3234 3048 ,
3280 2981 3401 3051 ejus

1823 3073 2080 3129 carnibus
2113 3073 2261 3128 vesci
2295 3073 2438 3138 illos,
2478 3082 2533 3128 et
2565 3087 2730 3143 opera
2762 3071 3106 3127 tenebrarum
3136 3086 3400 3142 peragere

1825 3167 2092 3234 volentes,
2136 3167 2426 3221 exstinctis
2453 3165 2773 3230 luminibus,
2825 3179 2952 3220 cum
2991 3164 3151 3220 obvia
3180 3179 3408 3234 quaque

1826 3257 2070 3328 singulos
2099 3256 2464 3313 commisceri.
2505 3256 2636 3324 Qua:
2666 3256 2963 3322 calumnia,
3006 3265 3140 3312 utut
3164 3256 3400 3312 absurda

1825 3359 1932 3414 est,
1966 3349 2194 3404 multum
2217 3348 2344 3404 olim
2373 3351 2513 3420 apud
2544 3347 2842 3419 permultos
2863 3347 3052 3412 valuit,
3079 3361 3216 3417 quos
3247 3362 3276 3399 a
3302 3362 3402 3402 no-

1825 3450 1938 3494 stra
1970 3440 2232 3511 religione
2255 3440 2463 3497 alienos
2489 3449 2837 3510 persuaserat
2861 3439 2977 3494 haec
3014 3454 3043 3493 a
3073 3438 3409 3494 Christianis

1825 3533 2150 3602 perpetrari.
2199 3532 2311 3588 lmo
2363 3533 2664 3588 etiamnum
2718 3532 2982 3602 quosdam
3024 3531 3248 3600 decipit,
3306 3534 3401 3600 qui

1826 3626 2032 3679 idcirco
2066 3626 2138 3679 ita
2167 3625 2518 3681 Christianos
2571 3633 2918 3689 aversantur,
2943 3632 3001 3678 ut
3031 3639 3152 3678 cum
3185 3623 3290 3678 illis
3315 3623 3399 3677 vel

1825 3718 2058 3787 simplex
2083 3717 2414 3788 colloquium
2444 3718 2646 3773 habere
2675 3715 2970 3788 refugiant.

1894 3901 1986 3959 28.
2015 3901 2145 3956 Tale
2177 3900 2304 3970 quid
2329 3901 2548 3956 videtur
2582 3892 2711 3956 mihi
2736 3902 3007 3972 cogitasse
3039 3901 3248 3968 Celsus,
3271 3917 3396 3958 cum

1827 3995 2141 4049 Creatorem
2181 3991 2380 4048 asserit
2408 4006 2437 4045 a
2463 3990 2794 4048 Christianis
2827 3991 3174 4048 maledictum
3227 3993 3399 4047 Deum

1817 4181 1976 4234 modo
2023 4178 2226 4248 poteris
2273 4194 2340 4232 ex
2387 4193 2449 4233 eo
2502 4181 2782 4249 accipere,
2833 4181 2941 4235 nisi
2989 4180 3040 4233 in
3069 4179 3405 4249 novissimis.

1817 4251 2008 4305 diebus
2027 4247 2086 4302 et
2118 4249 2473 4316 temporibus,
2519 4247 2871 4318 nisi‘quando
2907 4247 3157 4318 completi
3196 4249 3400 4305 fuerint

1814 4321 2054 4388 quinque
2082 4319 2341 4389 milliaet
2364 4320 2643 4388 quingenti
2674 4317 2841 4374 anni:
2872 4329 3002 4373 tunc
3023 4317 3206 4372 Veniet
3236 4335 3400 4389 super

1814 4387 2015 4444 terram
2067 4387 2474 4443 amantissimus
2512 4390 2603 4442 Dei
2650 4389 2822 4444 Filius
2863 4389 3118 4444 Christus
3157 4387 3395 4444 resusci-

1813 4469 1927 4514 tare
1963 4474 2159 4526 corpus
2208 4459 2508 4512 humanum
2546 4458 2696 4522 Adae,
2729 4470 2783 4513 et
2815 4459 3252 4514 conresuscitare
3283 4474 3402 4513 cor-

1812 4545 1943 4599 pora
1985 4538 2319 4599 mortuorum
2350 4547 2362 4582 :
2397 4537 2450 4583 et
2480 4528 2593 4596 ipse
2627 4531 2854 4599 veniens
2885 4529 2938 4582 in
2975 4527 3229 4599 Jordanis
3256 4543 3404 4599 aqua

1815 4597 2206 4670 haptizabitur.
2252 4597 2470 4670 Etcum
2502 4611 2764 4670 egressus
2807 4598 2976 4654 fuerit
3001 4598 3068 4652 de
3099 4611 3242 4668 aqua
3271 4597 3398 4653 Jor-

1812 4668 1990 4736 danis,
2025 4680 2153 4723 tunc
2180 4669 2244 4722 de
2276 4668 2397 4723 oleo
2441 4669 2832 4724 misericordia!
2877 4684 2991 4723 sua:
3026 4677 3190 4735 unget
3229 4683 3293 4723 ex
3332 4684 3406 4724 eo.

1810 4756 2002 4796 ornues
2029 4739 2316 4793 credentes
2349 4740 2401 4791 in
2433 4754 2511 4804 se,
2549 4748 2604 4792 et
2649 4741 2756 4793 erit
2789 4739 2966 4793 oleum
3001 4738 3397 4794 misericordia:

1811 4827 1921 4865 suae
1965 4812 2018 4866 in
2070 4809 2541 4879 regenerationem
2581 4823 2770 4863 eorum
2811 4809 2903 4879 qui
2951 4810 3215 4864 nascituri
3247 4818 3399 4879 sunt

1810 4897 1873 4935 ex
1903 4897 2042 4950 aqua
2076 4877 2365 4948 ct'Spiritu
2397 4888 2585 4934 saneto
2614 4879 2664 4933 in
2710 4877 2877 4932 vitain
2913 4888 3201 4950 meritam.
3243 4877 3398 4933 Tunc

1811 4946 2148 5007 descendens
2179 4946 2230 5002 in
2270 4959 2447 5005 terras
2476 4951 2885 5005 amantissimus
2913 4949 3005 5003 Dei
3034 4946 3210 5004 Filius
3233 4950 3394 5006 Chri-

1812 5032 1926 5076 stus
1953 5020 2112 5076 Jesus
2147 5019 2458 5075 introducet
2493 5029 2703 5088 patrem
2734 5029 2983 5074 nostrum
3014 5017 3185 5074 Adam
3219 5021 3272 5075 in
3302 5035 3396 5088 pa-

1813 5093 2050 5146 radisum
2077 5091 2141 5142 ad
2175 5091 2428 5145 arborem
2461 5091 2878 5145 misericordiae.
2907 5109 2926 5141 ι

1885 5163 1961 5229 (2)
1991 5161 2348 5229 Λεγόμενον.
2383 5160 2562 5214 Mallet
2593 5161 2928 5225 Boherellus,
2961 5159 3302 5230 λεγομένων..

1885 5233 1960 5302 (5)
2003 5233 2296 5298 Σώμνίιτος.
2327 5231 2420 5296 Τὸ,
2452 5229 2723 5300 σώματος,
2756 5230 2950 5285 Guieto
2977 5229 3292 5298 suspectum
3317 5231 3395 5284 vi-

1813 5301 1993 5368 detur,
2025 5312 2081 5355 et
2117 5303 2350 5355 fortasse
2379 5301 2686 5356 delendum.

1884 5374 1960 5442 (4)
1991 5371 2208 5426 Αὑτοῦ.
2243 5371 2407 5442 [tecte
2428 5373 2550 5442 _duo
2579 5371 2797 5442 Anglic.
2824 5378 2877 5422 et
2904 5368 3200 5442 Basileens.
3236 5371 3396 5428 Lilib.

1813 5439 1949 5497 vero
1972 5444 2124 5503 editi,
2156 5440 2322 5508 αὐτῷ.
2358 5440 2499 5493 Infra
2531 5442 2669 5493 idem
2702 5440 2870 5492 codex
2910 5439 3074 5495 Basil.
3103 5452 3157 5495 et
3182 5443 3394 5508 Anglic.

1813 5494 2038 5582 manu};
2072 5494 2210 5564 κάτά
2239 5494 2332 5581 τῆν
2368 5511 2542 5582 ἀρχὴν
2571 5512 2665 5581 τῆς
2692 5508 2806 5573 τοῦ,
2839 5519 2942 5564 etc.
2987 5494 3050 5566 tn
3072 5494 3206 5567 libb.
3232 5494 3399 5566 etim...

1813 5588 1984 5640 deest.
2027 5583 2142 5651 τῆς.

1883 5652 1961 5725 (ὅ)
1992 5651 2328 5708 llteschelius
2374 5651 2425 5725 in
2461 5661 2634 5725 textu,
2682 5653 3102 5725 κατασκεδάσαι,
3141 5652 3274 5708 Vide
3305 5652 3395 5703 ad-

1813 5722 2147 5776 notationem
2184 5724 2476 5776 secundam
2511 5722 2573 5775 ad
2607 5724 2697 5778 lib.
2735 5723 2975 5778 IContra
3008 5723 3241 5777 Celsum.

1883 5795 1960 5866 (ti)
2006 5794 2392 5866 Ἐκτίθείῖρίιι.
2427 5793 2501 5846 Ita
2532 5795 2691 5866 codd.
2728 5795 2928 5866 Regius
2960 5807 3010 5851 et
3049 5792 3393 5848 Basileensis.

1815 5863 1967 5920 Lihli.
1996 5874 2174 5919 autem
2211 5863 2362 5929 editi,
2396 5863 2754 5920 ὲκτεθεῐσοαι.
