3926 6558
126 447 312 504 1557

1363 443 1644 500 CONTRA
1681 442 1960 500 CELSUM
1993 441 2121 501 LIB.
2165 441 2252 500 Vl.

3287 446 3428 504 £538

120 564 506 639 Χριστιανῶν
538 559 678 618 εἶναι
706 562 1042 637 κατηγορίας
1095 563 1196 628 τὰς
1223 565 1366 620 κατά
1403 564 1513 618 τῶν
1573 566 1744 635 Ὀφια-

1856 577 1979 627 nos,
2005 560 2272 633 postulari
2295 564 2494 634 posse?
2518 563 2597 620 Ac
2625 563 2850 620 Graecus
2879 563 2969 621 ille
3002 565 3220 635 quidem
3253 566 3430 637 philo-

123 659 299 727 νῶν;
339 657 512 713 Πάλαι
547 656 648 729 μὲν
679 652 772 711 οὖν
803 658 831 711 ό
879 656 977 727 τὴν
1011 657 1282 712 εὐτέλειαν
1332 658 1625 730 ἀγαπήσας
1657 675 1751 727 φι-

122 752 391 822 λόσοφος
419 750 714 822 Ἑλλήνων,
743 749 837 802 καὶ
858 748 1207 820 παράδειγμα
1231 749 1410 813 ἐκθεὶς
1433 749 1750 822 εὐδαίμονος

126 845 302 916 βίου,
342 844 420 908 ὡς
450 843 510 896 οὐ
543 840 885 912 κωλυόμενος
916 840 1250 912 εὐδαιμονεῖν
1285 840 1519 912 sume;
1556 857 1752 895 παντε-

122 936 278 1000 λοῦς
310 934 698 1007 ἀκτημοσύνης
727 932 861 1005 (Η),
889 933 1122 988 Κυνικὸν
1149 933 1340 986 ἑαυτὸν
1364 934 1746 1005 ἀνηγόρευσεν·

123 1023 299 1082 οὗτοι
336 1029 393 1081 δὲ
422 1030 471 1080 οἱ
501 1017 703 1081 ἀνόσιοι
735 1025 843 1078 ἀπὸ
872 1023 966 1078 τοῦ
1001 1023 1408 1094 πολεμιωτάτου
1444 1023 1752 1096 ἀνθρώποις

123 1118 339 1187 ὄφεως
369 1118 462 1172 καὶ
492 1115 872 1188 φρικτοτάτου,
904 1115 979 1179 ὡς
1009 1115 1108 1168 οὐκ
1138 1113 1431 1186 ἄνθρωποι,
1458 1109 1533 1169 ὧν
1559 1117 1752 1189 ἐχθρός

126 1215 302 1266 ἐστιν
334 1213 478 1282 ὄφις,
514 1211 627 1264 ἀλλ’
655 1212 730 1275 ὼς
753 1209 925 1279 δφεις,
961 1208 1313 1280 σεμνύνονται
1341 1211 1434 1263 ἐπὶ
1457 1210 1535 1281 τῷ
1567 1211 1751 1281 Ὀφια-

125 1304 218 1360 νοὶ
262 1302 590 1358 καλεῖσθαι·
641 1303 733 1356 καὶ
779 1300 1085 1373 Ἐυφράτην
1129 1300 1240 1372 (12)
1278 1300 1403 1354 τινὰ
1453 1300 1750 1373 εἰσηγητὴν

123 1398 251 1453 τῶν
292 1398 534 1452 ἀνοσίων
568 1393 860 1466 αὐχοῦντες
893 1393 1086 1462 λόγων.

215 1485 346 1541 Εἶθ’
385 1489 529 1559 ἑξῆς,
570 1487 645 1550 ὡς
686 1487 1032 1556 Χριστιανοῖς
1063 1483 1491 1557 λοιδορούμενος,
1526 1487 1620 1540 καὶ
1651 1501 1752 1538 κα-

125 1578 408 1651 τηγορῶν
449 1578 555 1631 τῶν
588 1574 965 1647 κατηραμένον
1020 1573 1285 1628 εἰπόντων
1329 1573 1420 1627 τὸν
1472 1573 1752 1638 Μωῦσέως

131 1671 236 1724 καὶ
269 1669 377 1723 τοῦ
409 1669 526 1722 κατ’
551 1667 714 1721 αὑτὸν
739 1667 906 1739 νόμου
931 1665 1084 1731 Θεὸν,
1111 1667 1205 1720 καὶ
1225 1667 1470 1738 οἰόμενος
1492 1669 1752 1740 Χριστια-

128 1765 270 1827 νοὺς
299 1758 446 1816 εἶναι
476 1767 602 1828 τοὺς
629 1764 797 1818 ταῦτα
821 1765 1099 1834 λέγοντας,
1125 1766 1280 1836 φησί·
1313 1785 1330 1818 ι
1358 1766 1422 1818 Τί
1443 1765 1509 1820 ἂν
1540 1765 1752 1836 ἠλιθιώ-

130 1873 307 1928 τερον
345 1856 382 1927 ἢ
420 1855 787 1930 μανικώτερον
825 1857 1028 1930 ταύτης
1055 1859 1151 1930 τῆς
1184 1858 1511 1930 ἀναισθήτου
1557 1859 1748 1929 σοφίας

131 1949 399 2018 γένοιτο;
449 1949 514 2003 Τί
560 1950 668 2022 γὰρ
721 1951 985 2021 ὲσφάλετο
1034 1952 1062 2005 ὁ
1107 1951 1379 2006 Ἰουδαίων
1412 1951 1742 2024 νομοθέτηςς

133 2041 254 2095 Καὶ
287 2041 414 2106 πῶς
446 2041 546 2113 τὴν
574 2042 782 2096 ἐκείνου
822 2043 1212 2114 κοσμογένειαν
1248 2043 1431 2114 σαυτῷ
1463 2043 1552 2099 διά
1579 2062 1744 2111 τινος,

133 2134 214 2199 ὥς
232 2153 391 2210 φησι
419 2137 550 2208 (15),
579 2135 859 2201 τυπώδους
887 2136 1213 2208 ἀλληγορίας
1238 2138 1556 2209 λαμϐάνεις,
1588 2137 1621 2210 ἦ
1651 2139 1746 2192 τὸν

148 2209 438 2282 Ἷοῧδαίων
469 2230 652 2300 νόμον,
689 2229 928 2293 ἐπαινεῖς
960 2228 1017 2283 δὲ
1049 2229 1219 2293 ἀκων,
1254 2224 1299 2283 ὧ
1329 2230 1743 2294 δυσσεϐέστατε,

134 2318 230 2370 τὸν
266 2319 374 2372 τοῦ
415 2319 618 2390 κόσμου
653 2320 1002 2392 δημιουργὸν,
1034 2321 1125 2374 τὸν
1164 2320 1342 2375 πάντα
1377 2323 1745 2393 ὑποσχόμενον

137 2409 359 2473 αὐτοῖς,
393 2411 484 2464 τὸν
513 2411 575 2464 τὸ
607 2411 764 2480 γένος
797 2411 975 2465 αὐτῶν
1005 2411 1261 2482 αὑξήσειν
1294 2412 1458 2484 μέχρι
1492 2414 1746 2484 περάτων

135 2501 243 2570 γῆς
275 2501 772 2573 ἐπαγγειλάμενον,
805 2505 897 2557 καὶ
923 2503 1249 2574 ἀναστήσειν
1272 2504 1335 2555 ἐκ
1367 2502 1577 2575 νεκρῶν
1606 2504 1743 2575 αὑτῇ

140 2595 316 2664 σαρκὶ
370 2597 464 2650 καὶ
517 2597 730 2669 αἵματι,
781 2600 874 2652 καὶ
919 2601 1031 2663 τοῖς
1065 2599 1371 2671 προφήταις
1402 2598 1739 2670 ἐμπνέοντα·

140 2689 235 2742 καὶ
263 2689 440 2743 πάλιν
466 2689 654 2744 τοῦτον
681 2690 972 2762 λοιδορεῖς;
1020 2692 1161 2744 Ἀλλ’
1189 2692 1316 2744 ὅταν
1347 2691 1447 2762 μὲν
1480 2691 1586 2744 ὑπὸ
1617 2690 1744 2744 τού-

137 2796 248 2834 των
287 2780 480 2855 βιάζῃ,
515 2783 606 2836 τὸν
655 2782 816 2836 αὑτὸν
869 2781 1001 2836 Θεὸν
1043 2781 1223 2834 σέϐειν
1256 2782 1573 2853 ὁμολογεῖς,
1616 2784 1744 2838 ὅταν

139 2872 197 2926 δὲ
229 2873 303 2927 τὰ
345 2874 566 2928 ἐναντία
599 2876 627 2928 ὁ
657 2875 750 2938 σὸς
782 2874 1097 2939 διδάσκαλος
1157 2874 1365 2946 Ἰησοῦς
1409 2875 1504 2928 καὶ
1543 2876 1573 2927 ό
1617 2877 1746 2931 Ἰου-

140 2963 312 3018 δαίων
347 2966 589 3037 Μωῦσῆς
619 2967 904 3037 νομοθετῇ,
933 2966 1063 3020 Θεὸν
1097 2966 1253 3020 ἄλλον
1283 2967 1404 3020 ἀντὶ⁵
1427 2967 1619 3021 τούτου
1649 2968 1744 3020 καὶ

142 3055 236 3109 τοῦ
273 3057 498 3129 Πατρὸς
533 3057 730 3130 ζητεῖς.
771 3077 788 3110 ι
824 3054 932 3112 Καὶ
963 3061 1020 3112 ἐν
1052 3059 1260 3126 τούτοις
1285 3059 1348 3130 δὴ
1369 3061 1397 3112 ό
1427 3059 1742 3129 γενναιότα-

142 3165 231 3211 τος
265 3149 566 3219 φιλόσοφος
598 3151 803 3215 Κέλσος
854 3151 1041 3222 σαφῶς
1079 3153 1438 3225 Χριστιανοὺς
1473 3171 1744 3224 συκοφαν-

1852 652 2078 722 sophus,
2104 653 2188 707 cui
2229 662 2517 723 tantopere
2542 655 2694 710 cordi
2724 663 2844 710 erat
2877 655 3184 726 frugalitas,
3227 657 3430 729 quique

1852 746 2104 818 exemplo
2129 746 2382 802 fuitnihil
2411 747 2773 817 possidentem
2803 748 2913 804 vita
2938 750 3093 804 beata
3117 748 3222 805 frui
3248 767 3428 821 posse,

1852 839 2112 912 Cynicum
2153 856 2214 897 se
2254 842 2574 912 appellavit;
2605 853 2662 897 at
2688 842 2837 913 impii
2872 842 2982 909 illi,
3007 843 3162 914 quasi
3201 839 3430 914 serpen-

1852 941 1934 990 tes
1959 933 2061 1002 ipsi
2098 945 2303 999 essent,
2341 951 2447 990 non
2498 936 2768 1001 homines,
2814 951 3045 1006 quorum
3077 952 3305 1004 serpens
3333 938 3429 992 ho-

1853 1026 1954 1082 stis
1976 1036 2078 1089 cst,
2112 1043 2142 1081 a
2173 1025 2350 1082 bellua
2384 1028 2697 1083 hominibus
2722 1028 3089 1084 infensissima
3116 1038 3168 1083 et
3194 1036 3432 1085 maxime

1853 1117 2126 1174 horrenda
2161 1119 2280 1174 dari
2314 1120 2416 1174 sibi
2448 1136 2644 1175 nomen
2688 1120 3058 1190 Ophianorum
3103 1122 3424 1192 gloriantur,

1854 1219 1908 1264 et
1937 1225 2266 1282 magnOpcre
2288 1210 2543 1282 jactitant
2572 1213 2902 1282 Euphratem
2927 1215 3238 1286 quemdam,
3271 1229 3302 1267 a
3321 1227 3432 1283 quo

1855 1303 2160 1360 doctrinam
2194 1304 2413 1376 impiam
2445 1315 2794 1377 acceperunt.

1925 1485 2016 1542 29.
2044 1485 2285 1558 Pergens
2315 1500 2481 1556 porro
2512 1486 2859 1543 Christianos
2899 1485 3188 1552 insectari,
3215 1493 3269 1540 et
3300 1500 3429 1541 car-

1852 1593 1988 1650 pens
2012 1596 2131 1647 eos,
2182 1581 2272 1651 qui
2306 1579 2510 1652 Moysis
2543 1580 2868 1650 scriptaeque
2901 1579 2969 1635 ab
2997 1595 3063 1636 eo
3088 1580 3221 1649 legis
3259 1581 3428 1634 Deum

1854 1676 2207 1731 maledictum
2231 1675 2442 1741 dicunt,
2464 1689 2710 1745 quosque
2730 1674 3072 1730 Christianos
3093 1688 3215 1728 esse
3233 1681 3425 1743 putat:

1859 1783 1878 1816 ι
1920 1765 2059 1832 Quid
2089 1766 2351 1832 insanius,
2379 1766 2576 1836 inquit,
2607 1775 2704 1820 aut
2735 1765 3304 1834 furiosinsinsipicnte
3329 1763 3432 1817 hac

1853 1859 2121 1928 Sapientia
2167 1873 2288 1914 esse
2323 1859 2532 1928 possit?
2569 1860 2708 1925 Quid
2755 1860 2898 1915 enim
2931 1859 3178 1928 peccavit
3208 1856 3430 1913 Judaeu-

1852 1966 1970 2005 rnm
2021 1951 2350 2023 legislator?
2401 1952 2468 2008 Et
2498 1955 2767 2022 quomodo
2822 1952 3008 2006 mnmli
3064 1954 3423 2020 creationem,

1849 2041 1968 2113 ejus
2027 2058 2212 2112 opus,
2260 2041 2681 2113 Judmorumqne
2735 2043 2897 2114 653
2945 2044 3118 2112 legem
3172 2042 3270 2096 tibi
3311 2044 3427 2110 ipse

1850 2149 1946 2203 per
1982 2146 2161 2207 typos,
2195 2143 2256 2189 ut
2288 2136 2553 2205 loqueris,
2577 2137 2976 2206 allegoriasqne
3007 2134 3430 2190 accommodas?

1847 2225 2024 2293 Illum,
2057 2242 2089 2281 ο
2119 2227 2303 2297 impie,
2339 2229 2525 2283 mundi
2558 2229 2915 2294 conditorem,
2951 2229 3042 2298 qni
3083 2227 3284 2282 Jndmis
3312 2225 3432 2296 pol-

1851 2318 2034 2375 licitus
2081 2321 2261 2376 fuerat
2308 2321 2444 2388 fore,
2479 2331 2533 2376 ut
2584 2336 2778 2376 eorum
2823 2337 2993 2392 genus
3037 2321 3106 2376 ad
3151 2330 3430 2374 extremos

1851 2419 2012 2466 teme
2042 2412 2180 2468 lines
2215 2423 2630 2482 propagaretur,
2666 2416 2756 2482 qui
2794 2413 3117 2482 promiserat
3148 2425 3208 2466 se
3250 2409 3370 2465 illos
3398 2425 3431 2464 θ

1847 2505 2079 2558 mortuis
2132 2520 2254 2559 cum
2289 2520 2521 2576 corpore
2572 2505 2692 2575 ipso
2736 2515 2791 2560 et
2831 2505 3095 2573 sanguine
3129 2503 3425 2558 suscitatu-

1851 2613 1992 2661 rum,
2016 2597 2105 2666 qui
2135 2599 2423 2668 prophetas
2464 2597 2794 2668 inspirabat;
2831 2597 3016 2660 illum,
3051 2596 3298 2665 inquam,
3335 2593 3423 2646 vel

1849 2690 2051 2744 invitus
2085 2689 2303 2744 laudare
2329 2691 2581 2760 cogeris,
2623 2698 2678 2743 et
2729 2697 2907 2743 tamen
2957 2687 3208 2742 eumdem
3274 2685 3424 2739 illum

1847 2780 2048 2849 injuria
2095 2779 2312 2836 aﬂicis?
2343 2781 2520 2851 Atque
2558 2782 2722 2836 etiam
2767 2780 2984 2851 quando
3029 2789 3084 2833 te
3124 2777 3292 2834 Judaei
3329 2793 3425 2830 ur-

1845 2880 1992 2943 gent,
2009 2871 2280 2942 profiteris
2299 2872 2548 2927 eumdem
2573 2883 2625 2928 te
2640 2872 2824 2927 colere
2846 2871 3012 2925 Deum
3042 2884 3202 2938 quem
3227 2866 3421 2926 Judaei.

1846 2963 1981 3017 Cum
2049 2971 2229 3018 autem
2285 2961 2444 3018 Jesus
2508 2963 2770 3032 magister
2821 2971 2946 3016 tuus
3003 2960 3425 3028 Judacorumque

1846 3052 2062 3126 Moyses
2091 3057 2366 3109 contraria
2412 3064 2683 3122 statuunt,
2727 3056 2890 3110 alium
2923 3055 3090 3109 Deum
3131 3053 3330 3123 qumris
3355 3054 3423 3106 ab

1847 3146 1937 3202 illo
1962 3157 2017 3201 et
2051 3145 2212 3202 Patre
2232 3147 2531 3204 diversum.
2568 3165 2588 3200 ι
2632 3147 2698 3201 Et
2727 3146 2815 3201 hic
2839 3146 3034 3202 nobilis
3068 3144 3154 3200 ille
3186 3145 3422 3214 philoso-

145 3246 226 3296 τεῖ
259 3243 403 3313 (14),
438 3243 612 3312 λέγων
650 3245 775 3307 τοὺς
807 3244 1004 3309 αὐτοὺς
1052 3245 1213 3316 ἡνίκα
1249 3247 1349 3317 μὲν
1391 3246 1457 3300 ἂν
1500 3247 1742 3301 Ἰουδαῖοι

1854 3239 1988 3308 phus
2019 3240 2212 3296 Celsus
2257 3251 2448 3312 aperte
2487 3240 2833 3295 Christianos
2865 3239 3250 3299 calumniatur,
3295 3253 3419 3291 cum

145 3335 352 3398 αὐτοὺς
382 3334 696 3405 βιάζωνται,
726 3336 816 3389 τὸν
841 3335 1002 3390 αὐτὸν
1039 3337 1225 3400 αὐτοῖς
1257 3337 1388 3392 Θεὸν
1419 3339 1704 3410 ὁμολογεῖν
1724 3355 1740 3370 ·

146 3427 273 3481 ὅταν
306 3427 372 3481 δὲ
402 3427 472 3480 τὰ
499 3428 716 3482 ἐναντία
761 3427 968 3500 Ἰησοῦς
1004 3429 1228 3482 Μωῦσεῖ
1259 3431 1545 3503 νομοθετῇ,
1583 3432 1740 3488 ἄλλον

146 3518 263 3571 ἀντὶ
287 3518 489 3572 τούτου
517 3519 716 3590 ζητεῖν.
751 3519 876 3573 Εἴτε
901 3521 1009 3593 γὰρ
1050 3521 1319 3585 Ἰουδαίοις
1345 3523 1738 3596 διαλεγόμενοι,

149 3612 252 3664 εἴτε
282 3611 414 3665 καθ’
449 3613 671 3677 ἑαυτοὺς
704 3613 874 3677 ὄντες,
911 3613 1006 3667 ἕνα
1034 3614 1128 3667 καὶ
1156 3614 1248 3667 τὸν
1278 3615 1440 3668 αὐτὸν
1474 3595 1653 3686 ἴσμεν,
1683 3617 1742 3670 ὃν

149 3704 238 3756 καὶ
271 3703 446 3758 πάλαι
489 3703 672 3757 ἔσεϐον
719 3704 980 3768 Ἰουδαῖοι,
1011 3705 1109 3758 καὶ
1141 3705 1234 3758 νῦν
1265 3705 1443 3760 σέϐειν
1474 3708 1746 3777 ἐπαγγέλ-

148 3791 332 3848 λονται
359 3793 512 3860 Θεὸν,
529 3788 778 3866 οὐδαμῶς
805 3797 884 3858 είς
905 3795 1065 3850 αὑτὸν
1086 3796 1428 3861 ἀσεϐοῦντες.
1467 3797 1607 3851 Ἀλλ’
1627 3799 1742 3852 οὐδ’

150 3888 477 3959 ἀναστήσειν
515 3891 577 3942 ἐκ
609 3889 816 3960 νεκρῶν
850 3890 984 3961 αὐτῇ
1014 3890 1176 3962 σαρκδ⁹
1209 3892 1303 3944 καὶ
1337 3893 1529 3964 αἵματί
1562 3911 1742 3965 φαμεν

151 3979 236 4032 τὸν
268 3979 430 4041 Θεὸν,
454 3979 529 4043 ὡς
561 3981 618 4032 ἐν
651 3983 762 4044 τοῖς
795 3979 1054 4052 ἀνωτέρω
1085 3981 1194 4050 (l5)
1221 3981 1502 4034 λέλεκται·
1538 3983 1600 4035 οὐ
1633 3983 1741 4056 γὰρ

152 4067 210 4120 τὸ
247 4070 606 4142 σπειρόμενον
649 4073 706 4124 ὲν
735 4071 928 4147 φθορᾷ,
959 4073 1052 4126 καὶ
1074 4075 1130 4128 ἐν
1158 4074 1351 4146 ἀτιμία
1378 4076 1470 4128 καὶ
1493 4077 1550 4128 ἐν
1579 4076 1741 4130 ἀσθε-

155 4164 266 4235 νείᾳ
287 4163 453 4233 σῶμα
474 4163 703 4234 ψυχικόν
725 4182 904 4236 εραμεν
930 4165 1266 4230 ἀνίστασθαι,
1296 4167 1476 4221 ὁποῖον
1503 4170 1737 4240 ὲσπάρη.

167 4255 324 4310 Ἀλλά
341 4256 452 4327 γάρ
481 4256 608 4327 περὶ
628 4256 832 4310 τούτων
857 4260 915 4312 ἐν
945 4261 1054 4322 τοῖς
1074 4258 1329 4330 ἀνωτέρω
1355 4259 1588 4330 μετρίως
1610 4262 1739 4331 ἡμῖν

155 4344 422 4402 λέλεκται.

224 4608 335 4668 Εἴθ’
369 4612 500 4683 ἑξῆς
522 4613 962 4685 επαναλαμϐἀνει
986 4612 1055 4666 τά
1085 4615 1210 4686 περὶ
1243 4614 1347 4668 τῶν
1387 4614 1528 4667 ἐπτά
1548 4614 1742 4687 ἀρχόν·
1775 4615 1819 4669 Ι)

230 4771 311 4828 "l
334 4775 465 4832 Cor.
493 4790 585 4842 xv,
608 4775 697 4840 4'2,
717 4775 804 4842 45,
831 4776 921 4836 Η,

225 4930 330 5008 (ll)
370 4935 849 5008 Ἀκτημοσύνης.
883 4932 1055 4990 Codd.
1090 4933 1220 5004 Reg.
1251 4945 1305 4989 et
1335 4936 1525 5000 Basil.,
1557 4935 1737 4989 εὐδαι-

164 5002 416 5075 eosdm;-

225 5074 710 5148 (12)Εῠφράτηιξ.
769 5077 1079 5145 Euphraten
1108 5077 1269 5146 hujus
1295 5077 1517 5132 haeresis
1545 5087 1737 5148 aucto-

163 5155 269 5217 rem
295 5146 466 5202 fuisse
493 5146 929 5217 squsOrigr-nes
953 5148 1132 5201 tradit.
1167 5151 1248 5202 An
1281 5154 1348 5201 ah
1375 5163 1442 5200 eo
1475 5147 1613 5200 alius
1639 5147 1732 5210 sit,

166 5212 309 5286 eujrts
367 5219 614 5273 meminit
661 5212 1042 5273 Théodoretus
1072 5219 1168 5274 lih.
1204 5234 1217 5271 ι
1253 5218 1328 5273 De
1371 5217 1503 5271 Iucr.
1537 5219 1648 5286 fab.
1682 5219 1733 5271 in

166 5279 388 5357 iteratis,
419 5290 652 5342 viderint
685 5289 911 5343 studiosi
951 5303 1003 5340 ει
1036 5287 1270 5343 Ademes
1293 5299 1498 5351 autem,
1533 5279 1733 5357 inquit,

166 5350 507 5426 Charystins,
538 5369 594 5413 ct
627 5359 911 5413 Peraticns
944 5358 1270 5426 Euphrates.
1303 5375 1328 5411 a
1369 5350 1491 5429 quo
1524 5350 1734 5412 l’eratm

165 5430 333 5480 Vocati
393 5440 544 5493 sunt,
581 5431 671 5498 qui
713 5432 764 5482 in
805 5443 870 5480 ea
928 5429 1198 5482 sententia
1249 5429 1491 5492 fuerunt,
1547 5429 1735 5480 dicunt

168 5506 343 5563 ttnutn,
395 5518 413 5543 ι
451 5511 558 5554 etc.
607 5502 769 5554 Certe
824 5499 1164 5563 l’eratarum,
1216 5499 1300 5552 vel
1347 5499 1732 5561 l’eraticornm,

171 5560 391 5640 [ψη-θείη
447 5571 914 5640 antiquissimacn
950 5569 1113 5621 fuisse
1140 5560 1428 5640 Vitestatnrr
1458 5560 1727 5640 Clemens,

170 5629 357 5692 Strom.
402 5653 477 5692 \‘ll
512 5629 667 5694 ιΤῶν
721 5639 765 5692 δ’
797 5638 1059 5710 αἱρέσεων
1082 5639 1152 5710 αἱ
1195 5640 1290 5710 μὲν
1337 5639 1446 5692 ἀπὸ
1477 5629 1735 5710 ὀνόματος

172 5710 635 5780 προαγορεύονται,
671 5711 746 5773 ὡς
775 5707 936 5780 ὴάπδ
966 5707 1340 5771 Οὐαλεντίνου,
1365 5710 1456 5763 καλ⁹
1486 5707 1749 5780 Μαρκίω-

173 5789 286 5851 νος.-
306 5778 402 5851 καὶ
425 5780 759 5851 Βασιλείδου,
786 5778 888 5832 κᾶν
913 5780 1009 5850 τὴν
1032 5780 1274 5833 Ματθίου
1295 5780 1527 5851 ναὺχῶσι
1548 5778 1748 5851 προσά-

173 5848 354 5923 γεσθαι
387 5849 575 5923 δρξαν·
617 5852 713 5923 μία
752 5851 921 5923 γὰρ-ἠ
970 5848 1190 5923 λπόιντων
1228 5848 1429 5923 *γέγονε
1463 5849 1571 5904 τῶν
1594 5848 1743 5923 ’ἀττο-

181 5920 368 5974 στόὶων
408 5921 595 5994 ὥσπερ
618 5919 966 5988 διδασκαλία,
1000 5919 1171 5984 οὕτως
1210 5920 1275 5974 ἃ
1324 5922 1415 5975 καὶ
1444 5924 1474 5992 ἡ
1508 5919 1742 5993 παράδο-

1853 3331 1932 3385 ait
1968 3331 2112 3397 illos,
2149 3348 2272 3387 cum
2305 3333 2474 3388 Judaei
2524 3342 2750 3401 urgent,
2786 3332 3024 3402 proliteri
3076 3346 3134 3385 se
3171 3330 3422 3384 eumdem

1851 3426 2046 3489 Deum,
2079 3441 2143 3481 ac
2175 3425 2315 3491 illos,
2338 3427 2624 3493 venerari;
2658 3442 2778 3479 cum
2813 3435 2993 3479 autem
3017 3423 3176 3478 Jesns
3209 3431 3424 3476 contra-

1850 3515 1930 3569 ria
1959 3515 2125 3587 Moysi
2148 3515 2326 3586 jubet,
2361 3517 2426 3569 ad
2459 3515 2624 3570 alium
2661 3517 2728 3570 ab
2760 3515 2853 3569 illo
2897 3514 3069 3568 Deum
3103 3511 3422 3581 confugere.

1850 3606 1976 3662 Sive
2006 3607 2151 3662 enim
2177 3624 2297 3663 cum
2324 3607 2530 3664 Judaeis
2559 3607 2886 3677 colloquium
2921 3607 3076 3662 nobis
3094 3604 3423 3672 sit,sirein-

1849 3706 1932 3752 ter
1959 3712 2057 3752 nos
2090 3699 2190 3768 ipsi
2229 3699 2626 3770 colloquantur,
2659 3699 2872 3753 nonnisi
2905 3713 3068 3751 unum
3093 3706 3148 3751 et
3173 3698 3424 3752 eunrdcm

1847 3787 2017 3844 Deum
2055 3791 2463 3858 cognoscimus,
2519 3791 2668 3846 illum
2720 3791 2934 3845 scilicet
2993 3806 3153 3860 quem
3191 3800 3247 3847 et
3291 3792 3419 3843 olim

1847 3882 2107 3938 colebant
2133 3881 2303 3938 Δαιιωί
2335 3895 2389 3938 ct
2416 3899 2576 3955 quem
2611 3885 2912 3938 etiamnum
2944 3885 3124 3938 colere
3163 3881 3426 3952 profiten-

1847 3983 1974 4040 tur;
2003 3989 2103 4031 ncc
2133 3975 2200 4032 de
2227 3976 2320 4031 illo
2352 3977 2515 4047 impie
2544 3977 2831 4031 sentimus.
2874 3975 3059 4045 Neque
3087 3977 3254 4029 etiam
3288 3974 3427 4028 diei-

1846 4079 1968 4120 mus
2004 4066 2170 4121 Deum
2211 4075 2454 4122 mortuos
2485 4083 2606 4120 cum
2657 4082 2820 4122 carne
2845 4075 2896 4122 et
2943 4067 3206 4136 sanguine
3249 4064 3427 4119 susci~

1848 4167 2111 4221 laturum,
2143 4167 2202 4213 ut
2233 4159 2345 4228 jam
2375 4176 2540 4228 supra
2576 4159 2828 4214 disserui.
2864 4160 2979 4212 Non
3014 4161 3158 4212 enim
3187 4157 3426 4212 animale

1852 4250 1987 4304 illud
2025 4266 2224 4318 corpus
2255 4253 2308 4304 in
2345 4252 2717 4319 corruptione,
2768 4252 2820 4304 in
2859 4251 3217 4321 ignobilitate,
3258 4251 3312 4303 in
3343 4251 3425 4306 in-

1849 4341 2108 4396 ﬁrmitate
2152 4343 2478 4396 seminatunt
2520 4352 2768 4411 resurget
2793 4343 2872 4405 ⁵³,
2910 4341 3209 4409 cujusnunli
3261 4341 3427 4394 semi-

1847 4439 2032 4487 natum
2059 4442 2161 4486 cst.
2205 4431 2312 4486 Sed
2339 4448 2459 4502 quae
2491 4432 2557 4486 de
2585 4432 2684 4487 hac
2717 4446 2774 4485 re
2815 4431 2969 4486 nobis
2994 4431 3242 4500 superius
3279 4431 3427 4485 dicta

1847 4534 1998 4589 sunt,
2029 4524 2322 4581 snﬂiciant.

1923 4617 2012 4673 30.
2063 4616 2224 4672 Redit
2263 4628 2445 4688 postea
2478 4622 2544 4675 ad
2584 4631 2791 4691 septem
2829 4619 3101 4690 principes
3128 4615 3407 4679 dmmones

1839 4951 1948 5009 σις’
1984 4935 2038 4987 αἱ
2091 4934 2148 5009 δὲ
2202 4934 2310 5009 ἀπὸ
2327 4934 2534 5009 -τότςου,
2578 4933 2653 5009 ᾡς
2685 4933 2731 4986 οἱ
2766 4935 3094 5009 Περατικοί·
3143 4937 3200 4991 αἱ
3233 4936 3290 4990 δὲ
3321 4935 3429 4992 ἀπὸ

1836 5006 2042 5068 ἔθνους,
2077 5005 2152 5069 ὡς
2200 5007 2233 5076 ή
2282 5005 2392 5058 τῶν
2424 5003 2671 5077 Φρυγῶν.
2713 5024 2731 5059 t
2777 5003 2859 5062 ἥδ’
2887 5009 3181 5064 lia-resihus
3213 5019 3424 5075 autem,

1839 5079 1956 5149 alia:
1977 5077 2200 5146 quidem
2237 5077 2582 5149 appellantur
2613 5093 2681 5133 cx
2721 5085 2962 5144 nomine,
3011 5091 3068 5133 ut
3091 5094 3212 5149 qna-
3239 5079 3426 5147 appel-

1834 5146 1959 5200 lata:
1998 5145 2134 5201 sunt
2187 5162 2215 5199 a
2269 5145 2581 5214 Valentino,
2625 5161 2679 5203 et
2722 5149 3017 5215 Marcione,
3065 5145 3123 5204 et
3169 5145 3424 5213 Basilide,

1840 5219 2053 5270 etiamsi
2086 5217 2392 5287 glorientur
2417 5236 2474 5272 se
2500 5219 2736 5274 Matthia:
2763 5222 3074 5288 Opinionem
3101 5223 3375 5275 adducere
3407 5239 3424 5276 :

1841 5289 1944 5340 fuit
1978 5290 2124 5341 enim
2161 5305 2263 5341 una
2304 5291 2546 5342 omnium
2573 5293 2943 5358 apostolorum
2977 5294 3118 5346 sicut
3150 5292 3420 5356 doctrina,

1840 5358 1915 5410 ita
1949 5361 2112 5412 etiam
2147 5360 2404 5424 traditio;
2430 5361 2550 5413 alia:
2580 5372 2762 5416 autem
2795 5377 2860 5416 ex
2891 5362 3030 5424 loco,
3063 5373 3119 5416 ut
3151 5359 3423 5422 Peratici;

1840 5429 1960 5481 aliae
1994 5442 2175 5483 autem
2210 5447 2272 5484 cx
2302 5445 2486 5500 gente,
2517 5441 2574 5484 ut
2602 5432 2875 5503 Phrygum
2905 5431 3159 5488 hwresis.
3195 5450 3214 5483 ›
3251 5434 3424 5486 breu-

1837 5512 1962 5552 CER.

1936 5565 2022 5645 β)
2048 5569 2153 5645 ’ίῼς
2185 5587 2354 5638 φησι.
2393 5570 2543 5645 [:cgit
2569 5572 2906 5637 Boherellus,
2937 5573 3014 5639 ὡς
3037 5571 3164 5645 φῄς.

1941 5643 2022 5714 l4)
2054 5641 2445 5714 vaogmrtet".
2486 5641 2570 5714 ita
2609 5646 2767 5698 codd.
2807 5646 3028 5714 Regius,
3054 5641 3059 5642 ί
3086 5641 3427 5700 Βειείιιεοητςίθ

1848 5721 1904 5762 et
1930 5712 2264 5778 Anglicanus
2293 5713 2584 5768 secundes.
2616 5716 2720 5769 Alii
2755 5712 3026 5771 rero‘cum
3055 5714 3209 5768 libris
3241 5716 3404 5768 editis

1846 5783 2159 5866 καῖναορεῖ·

1916 5851 2028 5927 (15)
2062 5851 2373 5927 Ἂνωτέρωτ
2403 5855 2478 5906 Ita
2509 5853 2670 5927 codd.
2695 5852 2830 5927 Reg.
2870 5867 2924 5913 ct
2950 5854 3302 5913 Basileensis.
3332 5855 3440 5910 ιε.-

1842 5921 1926 5977 bri
1962 5937 2141 5980 autem
2168 5927 2324 5989 editi,
2353 5924 2666 5998 ἀνωτέροις.
