3926 6522
509 351 649 410 {5H

1969 357 2290 416 ORIGENIS

3648 369 3773 424 1358

510 473 812 545 Scripturis
859 490 985 531 eum
1030 491 1193 548 quem
1239 477 1452 533 Hebraei
1498 486 1696 534 vocant
1735 475 1837 534 Jao
1876 482 1960 535 vel
2011 477 2058 534 J:

2201 477 2624 550 ὀνομαζόμενον,
2661 479 2755 534 καὶ
2787 481 2878 534 τὸν
2914 480 3167 544 Σαϐαὼθ,
3212 482 3306 534 καὶ
3336 480 3428 534 τὸν
3475 480 3778 554 mamma,

505 570 651 624 sicut
695 579 752 624 et
783 571 1050 636 Sabaoth,
1092 582 1147 626 et
1188 574 1508 638 Adouzcttm,
1546 584 1600 630 et
1631 574 1931 642 Alloaeum;
1967 591 2088 645 quae

505 663 722 730 quidem
757 664 974 718 numina
1001 679 1031 717 e
1059 663 1363 734 Scripturis
1392 666 1554 737 657
1576 668 1732 722 ducta
1764 677 1891 722 sunt
1925 668 2085 722 unius

509 765 674 823 alque
703 756 942 825 ejusdem
973 757 1090 811 Dei.
1115 759 1219 811 Sed
1241 759 1312 811 illi
1345 759 1436 814 Dei
1465 762 1670 825 hostes,
1696 777 1821 814 cum
1849 760 1950 815 hoc
1977 777 2082 815 nou

503 845 890 919 intelligerent,
922 859 979 902 ut
1012 850 1113 918 ipsi
1145 851 1286 904 ultro
1318 851 1683 916 confitentur,
1732 852 1896 905 alium
1941 853 2085 922 judi-

503 950 698 993 caruut
733 956 855 996 esse
883 941 1004 1007 Jao,
1040 942 1209 995 alium
1267 942 1525 1008 Sabaoth,
1560 954 1615 998 et
1656 946 1954 999 Adouzeum
2003 945 2086 998 di-

501 1045 716 1086 versum
745 1049 864 1088 esse
896 1034 964 1088 ab
988 1034 1078 1088 illo
1121 1049 1283 1104 quem
1317 1036 1615 1106 Scriptura:
1650 1037 1862 1090 Adouai
1900 1037 2082 1106 appel-

499 1123 644 1190 lant;
691 1125 958 1180 Amineum
990 1127 1155 1181 etiam
1210 1127 1374 1181 alium
1404 1111 1471 1181 ab
1511 1127 1600 1182 illo
1629 1143 1772 1192 esse,
1818 1129 1909 1197 qui
1973 1127 2079 1182 lle-

497 1214 685 1270 braice
711 1233 738 1269 a
769 1220 1048 1287 prophetis
1074 1219 1190 1272 Eloi
1221 1220 1554 1274 nominatur.

567 1309 656 1364 55.
695 1309 806 1364 Sub
839 1312 951 1366 haec
979 1311 1338 1368 alias'Celsus
1367 1323 1555 1367 narrat
1585 1311 1824 1378 fabulas,
1863 1332 1882 1364 ι
1914 1328 2080 1383 quos-

496 1401 620 1456 dam
645 1417 785 1466 esse,
815 1406 906 1472 qui
934 1420 993 1457 se
1018 1407 1072 1457 in
1099 1403 1377 1460 dmmoues
1404 1406 1522 1460 illos
1548 1405 1962 1470 transformeut,
2006 1407 2076 1459 ita

495 1503 555 1548 ut
583 1496 674 1548 alii
710 1496 920 1562 leones,
952 1497 1042 1551 alii
1079 1500 1244 1564 tauri,
1283 1499 1373 1552 alii
1410 1499 1694 1561 dracones,
1733 1509 1827 1552 aut
1861 1499 2075 1568 aquilae,

493 1595 588 1640 aut
615 1588 752 1651 ursi,
783 1598 875 1643 aut
919 1605 1084 1644 canes
1115 1591 1476 1661 appellentur.
1518 1611 1537 1644 ι
1576 1590 1762 1645 lnvcni
1802 1591 1855 1644 in
1887 1590 2076 1645 eodem

491 1677 883 1747 diagrammate
929 1690 984 1735 et
1029 1682 1260 1750 figuram
1315 1683 1461 1735 illam
1503 1697 1665 1750 quam
1695 1681 1884 1736 Celsus
1919 1693 2078 1736 vocat

488 1771 944 1838 quadrangulam,
983 1781 1038 1828 et
1084 1774 1133 1827 id
1166 1775 1310 1842 quod
1353 1774 1538 1828 miseri
1596 1773 1673 1828 illi
1732 1776 2076 1828 statuuutde

2193 571 2286 624 καὶ
2317 571 2409 624 τὸν
2453 571 2703 624 Ἐλωαῖον
2723 589 2737 602 ο
2773 572 2841 626 τά
2871 573 2927 626 δέ
2961 574 3069 627 ἀπὸ
3099 574 3207 627 τῶν
3242 575 3280 626 Γ
3288 573 3478 647 ραφῶν
3510 573 3781 645 ληφθέντα

2192 663 2430 735 ὀνόματα
2455 663 2719 735 ἐπώνυμά
2749 667 2864 718 ἐστι
2891 665 2984 718 τοῦ
3012 666 3175 720 αὐτοῦ
3208 667 3318 738 (42)
3345 669 3442 720 καὶ
3473 666 3602 729 ἐνὸς
3624 666 3779 720 Θεοῦ·

2191 755 2328 828 ὅπερ
2363 756 2438 828 μὴ
2475 758 2743 821 συνιέντες
2777 761 2824 811 οἱ
2847 758 3032 831 ἐχθροὶ
3063 759 3200 829 Θεῷ,
3229 760 3305 823 ὡς
3339 762 3435 813 καὶ
3471 760 3636 814 αὐτοὶ
3666 761 3785 830 ὁμο-

2190 850 2458 919 λογοῦσιν,
2491 851 2748 922 ᾠήθησαν
2782 851 2942 905 ἄλλον
2976 851 3074 921 μὲν
3098 848 3234 905 εἶναι
3275 853 3365 906 τὸν
3410 851 3564 915 Ἰαὼ,
3604 853 3782 922 ἐτερπ

2189 943 2245 996 δὲ
2276 944 2364 996 τὸν
2403 943 2652 1009 Σαϐαὼθ,
2693 945 2786 996 καὶ
2818 944 2998 1014 τρίτον
3043 943 3193 1014 παρὰ
3242 944 3429 998 τοῦτον
3467 945 3564 996 τὸν
3619 945 3778 997 Ἀδω-

2190 1039 2356 1099 ναῖον,
2387 1035 2445 1087 ὃν
2475 1035 2723 1104 λέγουσιν
2759 1038 2816 1089 αἱ
2843 1038 3055 1109 Γραφαὶ
3091 1036 3334 1100 Ἀδωναῖ,
3373 1036 3471 1088 καὶ
3511 1035 3677 1090 ἄλλον
3699 1037 3779 1088 τὸν

2201 1128 2476 1192 Ἐλωαῖον,
2533 1128 2592 1182 ὃν
2645 1130 2694 1182 οἱ
2747 1129 3024 1200 προφῆται
3060 1127 3436 1200 ὀνομάζουσιν
3507 1127 3779 1197 Ἐϐραϊστὶ

2200 1221 2357 1274 Ἐλωΐ
2393 1221 2527 1291 (ιδ).

2261 1310 2373 1367 Εἶθ’
2443 1314 2571 1384 ἐξῆς
2615 1311 2808 1375 ἄλλους
2869 1311 3071 1382 μύθους
3122 1313 3151 1364 ὁ
3218 1310 3426 1374 Κέλσος
3489 1307 3774 1372 ἐκτίθεται,

2185 1406 2261 1472 ὥς
2307 1426 2325 1458 ι
2365 1424 2526 1461 τινων
2572 1407 2651 1468 εἰς
2693 1405 2790 1468 τὰς
2840 1403 3170 1475 ἀρχοντικάς
3221 1403 3437 1474 μορφὰς
3484 1404 3774 1469 ἐπανερχο-

2189 1500 2385 1571 μένων,
2420 1498 2560 1552 ὥστε
2590 1496 2744 1560 τινὰς
2790 1497 2887 1567 μὲν
2933 1495 3212 1549 καλεῖσθαι
3254 1494 3368 1565 (41)
3403 1493 3661 1555 λέοντας,
3689 1493 3748 1544 ἄλ

2184 1589 2307 1652 λους
2336 1588 2391 1641 δὲ
2419 1588 2670 1658 ταύρους,
2712 1588 2803 1640 καὶ
2841 1585 3032 1648 ἄλλους
3076 1585 3375 1654 δράκοντας
3427 1582 3576 1652 (45),
3623 1581 3656 1650 ἦ
3697 1582 3772 1633 ἀε-

2182 1681 2329 1743 τοὺς,
2362 1681 2394 1751 ἢ
2432 1680 2686 1751 ἄρκτους,
2734 1679 2767 1750 ἢ
2798 1678 2986 1742 κύνας.
3025 1697 3044 1730 ι
3083 1677 3327 1749 Εὖρομεν
3366 1676 3424 1728 δὲ
3461 1677 3527 1727 ἐν
3651 1675 3773 1741 εἴχο-

2187 1792 2283 1846 μεν
2315 1773 2695 1845 διαγράμματι
2735 1773 2829 1826 καὶ
2851 1773 2879 1825 ὃ
2901 1771 3152 1842 ὠνόμασε
3187 1771 3396 1833 Κέλσος
3426 1771 3769 1840 τετράγωνον

485 1863 661 1932 portis
698 1864 954 1932 paradisi.
989 1863 1302 1920 Flauuueus
1326 1865 1523 1920 ibidem
1551 1865 1874 1936 pingebatur
1900 1868 2058 1931 ensis1

2177 1869 2381 1939 σχῆμα,
2417 1867 2512 1920 καὶ
2542 1865 2602 1918 τὸ
2644 1865 2735 1918 ἐπὶ
2762 1866 2870 1918 τῶν
2910 1864 3003 1917 τοῦ
3036 1863 3362 1935 παραδείσου
3399 1861 3600 1914 πυλῶν
3630 1861 3768 1928 λεγο-

483 1955 676 2009 circuli
704 1956 844 2026 ignei
877 1957 1166 2023 diametcr,
1203 1967 1464 2028 tanquam
1506 1958 1771 2013 excubias
1803 1973 1970 2028 agens
2002 1960 2072 2011 ad

482 2047 728 2100 scientiae
762 2048 960 2115 lignum
983 2055 1036 2102 et
1069 2049 1214 2102 vitae.
1249 2049 1520 2104 Caeterum
1555 2049 1746 2104 Celsus
1774 2057 1867 2102 aut
1902 2047 2074 2103 noluit

482 2147 576 2191 aut
603 2155 705 2192 non
731 2141 903 2208 potuit
927 2155 1116 2209 preces
1142 2141 1368 2206 referre,
1387 2156 1523 2212 quas
1539 2143 1605 2194 ad
1626 2139 1867 2210 singulas
1890 2149 2074 2210 portas

480 2228 728 2284 fabulosa
769 2231 1057 2300 impiorum
1111 2233 1327 2287 illorum
1357 2233 1604 2288 doctrina
1636 2231 1786 2286 fundi
1814 2231 1969 2298 jubet
2004 2231 2073 2286 ab

2182 1977 2340 2032 μενον
2375 1957 2480 2012 ὑπὸ
2511 1957 2620 2011 τῶν
2651 1957 2849 2011 ἀθλίων
2897 1955 3120 2009 ἐκείνων
3167 1954 3298 2025 (46).
3362 1955 3768 2025 Ἐξωγραεεείτο

2179 2055 2236 2110 δὲ
2263 2054 2340 2118 ὡς
2371 2055 2660 2126 διάμετρος
2704 2051 2904 2105 κύκλου
2933 2051 3079 2114 τινὸς
3111 2048 3429 2120 πυροειδοῦς
3464 2051 3501 2120 ἡ
3558 2049 3766 2118 φλογὶνη

2182 2147 2461 2219 ῥομφαία,
2513 2147 2588 2210 ὼς
2637 2144 3076 2216 δορυφορουμένη
3119 2142 3198 2213 τῷ
3243 2160 3304 2194 τε
3356 2141 3462 2212 τῆς
3528 2142 3767 2210 γνώσεως

2181 2241 2320 2310 ξύλῳ
2351 2241 2445 2293 καὶ
2476 2239 2576 2309 τῆς
2605 2237 2767 2309 ζωῆς.
2814 2237 2873 2289 '0
2910 2235 3009 2307 μὲν
3044 2231 3134 2288 οὖν
3166 2234 3374 2297 Κέλσος
3408 2235 3516 2286 οὐκ
3548 2234 3766 2304 ἠθέλησε

481 2320 552 2376 iis
565 2323 654 2391 qui
674 2322 792 2377 illas
809 2324 1028 2379 adeunt.
1051 2324 1160 2380 Nos
1179 2340 1306 2380 vero
1328 2326 1378 2380 id
1404 2324 1652 2390 fecimus,
1675 2333 1735 2378 ut
1754 2323 1914 2380 Celso
1932 2322 2058 2391 ejus

2176 2325 2276 2390 τὰς
2317 2325 2677 2398 δημηγορίας,
2711 2324 2743 2396 ἢ
2775 2324 2876 2377 οὐκ
2926 2322 3156 2394 ἐδυνήθη
3205 2321 3500 2384 ἐκθέσθαι,
3553 2323 3622 2387 ἃς
3660 2322 3763 2376 καθ’

479 2429 586 2483 que
631 2415 927 2472 lectoribus
969 2419 1198 2472 evidens
1245 2419 1424 2482 fieret,
1455 2419 1609 2472 nobis
1634 2419 1850 2488 penitus
1891 2416 2076 2486 explo-

479 2514 657 2560 ratum
689 2523 811 2563 esse
853 2509 1067 2564 scelesti
1099 2510 1242 2565 illius
1275 2510 1518 2579 mysterii
1552 2509 1737 2574 tinem,
1765 2521 2018 2578 tanquam
2046 2523 2077 2563 a

477 2597 915 2654 Christianorum
942 2616 1069 2670 erga
1097 2603 1261 2656 Deum
1298 2603 1500 2670 pietate
1531 2602 1984 2658 remotissimum.

2176 2419 2411 2496 ἑκάστην
2442 2418 2614 2488 πύλην
2645 2417 2787 2471 κατὰ
2813 2417 2940 2481 τοὺς
2972 2415 3081 2469 τῶν
3120 2414 3334 2468 ἀσεϐῶν
3369 2415 3587 2486 μύθους
3627 2416 3765 2488 ἐροῦ-

2177 2527 2259 2563 σιν
2302 2511 2352 2564 οἱ
2391 2510 2617 2574 διιόντες
2659 2509 2862 2572 αὐτάς·
2915 2510 3076 2580 ¹ἡμεῖς
3107 2507 3290 2560 δὲκαὶ
3327 2505 3498 2560 τοῦτο
3546 2510 3762 2576 τες-σπή-

2173 2617 2370 2670 καμεν,
2403 2600 2490 2652 ἵνα
2511 2598 2572 2652 τὸ
2592 2597 2693 2669 τῆς
2723 2598 3010 2651 ἀτελέστου
3041 2596 3266 2667 τελετῆς
3301 2597 3484 2669 πέρας
3514 2597 3754 2667 δείξωμει

473 2691 555 2762 τῷ
590 2693 800 2765 Κέλσῳ,
844 2697 938 2748 καὶ
995 2699 1107 2760 τοῖς
1149 2697 1532 2767 ἐντυγχάνουσι
1574 2699 1640 2769 τῇ
1674 2699 1884 2769 γραφῇ,
1949 2695 2248 2766 ἐγνωκέναι
2269 2695 2345 2760 ὡς
2383 2695 2636 2768 ἀλλότρια
2681 2694 2792 2766 (47)
2846 2693 2946 2764 τῆς
2977 2692 3319 2765 Χριστιανῶν
3360 2695 3499 2764 περὶ
3535 2693 3599 2746 τὺ
3623 2693 3759 2745 Θεῖοι

480 2785 784 2850 εὐσεϐείας.

545 2879 636 2933 54.
673 2879 768 2934 llis
791 2881 1075 2948 absolutis,
1109 2898 1227 2952 quae
1252 2885 1408 2940 nobis
1433 2885 1589 2955 plura
1620 2885 1853 2940 addeudi
1881 2885 2054 2940 locum
2085 2911 2128 2969 α

474 2970 854 3036 dederunt,ita
883 2973 1078 3030 Celsus
1115 2977 1501 3046 prosequitur:
1537 2995 1556 3030 ι
1594 2977 1686 3032 Isti
1724 2987 1904 3033 autem
1937 2977 2058 3032 aliis

472 3062 580 3116 alia
627 3063 856 3126 addunt,
905 3066 1294 3136 prophetarum
1331 3070 1514 3137 dicta,
1563 3070 1800 3124 circulos
1835 3070 2060 3126 circulis

473 3155 734 3222 inclusos,
776 3158 923 3213 rivos
974 3158 1233 3214 Ecclesiae
1271 3164 1548 3216 terrestris
1591 3170 1645 3215 et
1679 3163 2058 3217 circumcisio-

471 3249 579 3313 nis,
619 3250 878 3304 virtutem
926 3268 991 3306 ex
1024 3255 1260 3322 quadam
1296 3253 1538 3310 Prunico
1582 3255 1792 3326 virgine
1832 3271 2058 3309 manan-

473 3349 607 3406 tem,
638 3341 911 3396 viventem
945 3345 1206 3410 auimam,
1255 3344 1455 3399 ccelum
1515 3355 1572 3398 ut
1608 3346 1754 3400 vivat
1786 3346 2051 3411 occisum,

469 3433 708 3486 occisam
741 3441 941 3487 eteuse
978 3445 1204 3500 terram,
1237 3445 1502 3490 mactatos
1528 3447 1586 3491 ut
1617 3438 1803 3492 vivant
1832 3439 2051 3507 multos,

472 3522 760 3578 tollendam
793 3539 825 3578 e
859 3525 1059 3580 mundo
1099 3537 1333 3581 mortem
1386 3528 1475 3582 ubi
1527 3538 1812 3594 peccatum
1865 3532 2051 3585 mundi

469 3626 744 3670 mortuum
775 3616 961 3684 fuerit,
992 3635 1188 3675 novum
1217 3636 1313 3689 per
1359 3633 1589 3691 angusta
1621 3625 1968 3688 descensum,
1999 3633 2055 3678 et

468 3719 654 3776 portas
711 3719 903 3779 sponte
941 3722 1212 3780 patentes.
1275 3711 1392 3767 lllic
1449 3715 1650 3783 ubique
1685 3715 1873 3770 videas
1928 3716 2052 3770 vita:

467 3798 670 3866 lignum
695 3809 749 3853 et
776 3802 961 3856 carnis
1004 3807 1462 3860 resurrectionem
1517 3821 1612 3874 per
1640 3805 1847 3874 lignum
1883 3822 1897 3858 :
1931 3807 2050 3875 opi-

365 3922 368 3924 -
465 3905 590 3955 nor,
617 3892 742 3960 quia
777 3895 1040 3962 magister
1069 3912 1259 3951 eorum
1289 3899 1437 3952 cruci
1467 3898 1639 3953 clavis
1668 3898 1860 3953 aiIixus
1888 3911 1969 3953 est
1996 3907 2051 3954 et

466 3985 623 4040 faber
647 3987 916 4058 lignarios
940 3999 1079 4043 erat.
1111 3989 1264 4056 Quod
1295 3991 1338 4044 si
1378 4006 1444 4044 ex
1479 4000 1752 4060 pnerupta
1802 3991 2048 4059 dejectus

464 4093 599 4148 rupe
628 4077 840 4146 fuisset,
887 4091 982 4136 aut
1034 4083 1085 4136 in
1138 4084 1458 4138 barathrum
1511 4084 1904 4154 pracipitatus,
1955 4093 2051 4137 aut

463 4169 659 4240 laqueo
694 4175 1040 4245 prchocatus,
1078 4178 1123 4232 si
1160 4187 1334 4232 artem
1369 4179 1709 4233 exercuisset
1746 4188 1838 4232 aut
1873 4179 2050 4232 coria-

463 4264 623 4330 riam,
648 4276 743 4321 aut
768 4270 1195 4336 cauneutariam,
1235 4279 1328 4324 aut
1356 4270 1643 4326 ferrariam
1669 4289 1682 4338 ;
1707 4281 1852 4326 esset
1886 4286 2048 4340 super

2233 2883 2386 2936 Μετὰ
2449 2881 2507 2933 δὲ
2565 2879 2626 2932 τὸ
2670 2877 2922 2932 ἐκθέσθαι
2971 2877 3041 2930 τὰ
3109 2877 3516 2948 προειρημένα,
3587 2877 3762 2930 καὶτὰ

2168 2975 2430 3042 ἀνάλογον
2478 2972 2586 3042 (48)
2639 2971 2822 3034 αὐτοῖς
2876 2971 3031 3024 ἅτινα
3082 2969 3244 3039 ἡμεῖς
3314 2969 3759 3040 προσεθήκαμεν,

2159 3064 2384 3121 τοιαῦτα
2427 3082 2590 3135 φησιν
2637 3065 2666 3116 ὁ
2715 3063 2953 3126 Κέλσος·
2995 3080 3013 3114 ι
3055 3063 3118 3114 Oi
3156 3061 3202 3114 δ’
3241 3059 3324 3114 ἔτι
3375 3061 3759 3131 προστιθέασιν

2161 3158 2295 3211 ἄλλα
2329 3159 2414 3209 ἐπ’
2446 3155 2644 3219 ἄλλοις,
2679 3153 2972 3226 προφητῶν
3001 3152 3214 3220 λόγους,
3247 3152 3345 3204 xal.
3391 3151 3636 3214 κύκλους
3677 3153 3761 3206 ἐπὶ

2159 3248 2400 3312 κύκλοις,
2449 3248 2544 3301 καὶ
2599 3246 2900 3318 ἀπορροίας
2967 3244 3296 3317 Ἑκκλησίας
3342 3245 3628 3315 ἐπιγείου,
3675 3248 3760 3300 καὶ

2157 3340 2484 3414 περιτομῆς,
2539 3340 2633 3392 καὶ
2682 3336 2984 3410 Προυνικοῦ
3037 3354 3184 3400 τινος
3239 3337 3480 3408 ῥέουσαν
3538 3338 3758 3408 δύναμιν

2159 3433 2459 3505 παρθένου,
2492 3431 2587 3485 καὶ
2614 3430 2792 3500 ψυχὴν
2823 3429 3026 3494 ζῶσαν,
3077 3429 3172 3481 καὶ
3220 3429 3578 3499 σφαζόμενον
3606 3432 3759 3500 ούρα-

2155 3526 2244 3580 νδν
2291 3527 2377 3579 ἵνα
2436 3523 2599 3598 ζήσῃ,
2648 3525 2743 3577 καὶ
2794 3524 2896 3594 γῆν
2954 3521 3296 3593 σφαζομένην
3354 3523 3638 3594 μαχαίρᾳ,
3672 3522 3757 3575 καὶ

2154 3618 2384 3681 πολλοὺς
2416 3618 2793 3688 σφαζομένους
2820 3616 2907 3670 ἵνα
2949 3615 3176 3686 ζήσωσι,
3211 3615 3308 3667 καὶ
3345 3615 3667 3685 παυόμενον
3704 3616 3755 3667 ἐν

2154 3713 2344 3784 κόσμῳ
2393 3711 2641 3775 θάνατον,
2675 3711 2803 3763 ὅταν
2847 3707 3098 3782 ἀποθάνῃ
3125 3709 3158 3778 ἡ
3203 3706 3298 3759 τοῦ
3331 3707 3549 3779 κόσμου
3581 3709 3755 3778 ἀμαρ-

2152 3807 2264 3870 τία,
2297 3807 2391 3860 καὶ
2426 3797 2651 3859 κάθοδον
2685 3802 2795 3874 (49)
2829 3795 2982 3864 αὖθις
3031 3799 3240 3871 στενὴν,
3281 3801 3379 3853 xal.
3426 3800 3756 3872 αὐτομάτως

2153 3897 2513 3968 ἀνοιγομένας
2544 3896 2738 3958 πύλας.
2806 3891 3092 3962 Πανταχοῦ
3125 3892 3170 3945 δ’
3213 3893 3330 3944 ἐκεῖ
3368 3891 3433 3944 τὸ
3481 3893 3587 3962 τῆς
3619 3890 3757 3961 ζωῆς

2155 3991 2329 4057 ξύλον,
2365 3992 2460 4043 καὶ
2494 3991 2790 4050 ἀνάστασις
2834 3985 3036 4058 σαρκὸς
3082 3983 3190 4038 ἀπὸ
3232 3982 3390 4048 ξύλου
3414 4002 3428 4013 ο
3478 3984 3648 4046 διότι,
3687 3979 3758 4035 οἶ-

2155 4105 2275 4159 μαι,
2304 4087 2332 4138 ὁ
2362 4082 2680 4145 διδάσκαλος
2719 4080 2898 4135 αὐτῶν
2945 4077 3156 4150 σταυρῷ
3213 4075 3482 4146 ἐνηλιωη,
3537 4077 3647 4128 καὶ
3695 4071 3755 4145 ἧν

2149 4181 2356 4235 τέκτων
2389 4177 2487 4249 τὴν
2527 4176 2740 4246 τέχνην.
2802 4174 2912 4236 Ὣς,
2947 4173 2995 4224 εἱ
3040 4171 3226 4241 ἔτυχεν
3259 4168 3369 4238 (50)
3399 4168 3621 4230 ἐκεῖνος
3654 4165 3756 4219 ἀπὸ

2150 4269 2397 4345 κρημνοῦ
2449 4265 2799 4340 ἐρριμμένος,
2843 4264 2878 4335 ἢ
2928 4265 3006 4326 εἰς
3049 4258 3323 4333 βάραθρον
3371 4260 3686 4329 ἐωσμένος,
3723 4259 3752 4326 ἦ

463 4358 636 4413 caelos
669 4374 830 4429 rupes
859 4361 1002 4426 vitaz,
1020 4371 1112 4415 aut
1136 4363 1558 4417 resurrectionis
1591 4363 1935 4428 barathrum,
1955 4372 2047 4416 aut

2392 4330 2779 4427 πεπνιγμένος,
2827 4330 2877 4426 ἢ-
2908 4330 3260 4422 σκυτοτόμος,
3308 4351 3342 4421 ἢ
3392 4347 3674 4414 λιθοξόος,
3720 4348 3749 4418 ἢ

461 4448 611 4505 funis
647 4450 1098 4522 immortalitatis,
1135 4465 1229 4508 aut
1261 4456 1459 4510 beatus
1493 4456 1650 4526 lapis,
1704 4465 1798 4509 aut
1841 4455 2043 4510 ferrum

461 4543 767 4613 charitatis,
816 4557 908 4601 aut
939 4549 1148 4603 corium
1180 4558 1457 4604 sanctum.
1491 4549 1732 4618 Ecquam
1775 4548 2042 4602 aniculam

461 4725 677 4797 dicatur
704 4726 820 4779 sine
863 4725 990 4797 tique,
1017 4727 1136 4782 siue
1183 4728 1455 4797 principis
1482 4742 1603 4783 csse
1633 4730 1819 4782 Deum.
1859 4746 1877 4778 ι
1915 4727 2039 4781 Din-

463 4799 611 4858 dor.,
647 4796 744 4849 lib.
799 4813 834 4850 tt
883 4796 1022 4850 Bibl.
1069 4797 1219 4862 hist;
1273 4796 1536 4859 Maet'ub..
1597 4800 1691 4854 lib.
1724 4816 1761 4860 t,
1792 4814 1911 4865 cap.
1949 4799 2036 4861 18,

462 4865 762 4930 Saturnal.,
803 4877 857 4919 et
905 4867 1019 4932 alii,
1059 4868 1242 4935 legunt
1284 4869 1425 4922 Ὶαώ.
1467 4869 1618 4924 Philo
1677 4886 1741 4922 ex
1793 4870 2040 4922 Sancitu-

464 4937 745 5008 uiathone,
789 4935 960 5008 Ἰευῴ,
1004 4942 1144 5003 apud
1183 4939 1495 5005 Eusebium,
1547 4941 1642 4995 lib.
1689 4956 1745 5002 χ,
1801 4953 1922 5008 cap.
1985 4941 2040 5004 9,

463 5003 668 5072 Etrnng.
695 5021 857 5072 pnep.
901 5007 1162 5060 SPENCEB.

537 5074 648 5143 (42)
685 5074 879 5130 Vocem
915 5075 1078 5128 αὑτοῦ
1106 5093 1225 5147 quae
1272 5079 1338 5134 ab
1371 5080 1534 5134 editis
1595 5079 1907 5144 exciderat,
1953 5095 2040 5134 re-

460 5145 692 5197 stituunt
722 5162 914 5199 Ottttlt's
952 5145 1272 5202 coddfmss.

532 5214 644 5286 (15)
687 5217 884 5272 Ἑλωΐ.
919 5217 1160 5281 Quatuor
1189 5234 1346 5282 lllSS.,
1386 5221 1539 5288 |ieg.,
1596 5221 1788 5286 Basil.,
1821 5221 2035 5276 Vatica-

461 5301 564 5339 nus
594 5298 646 5340 et
677 5289 1009 5354 Anglicanus
1033 5291 1322 5353 secundus,
1362 5291 1576 5344 Ἐλωαί.

533 5355 1014 5430 μυκίιλεῖσθαι.
1043 5357 1117 5430 lla
1152 5361 1308 5413 codd.
1360 5362 1558 5430 llegius
1588 5371 1635 5414 et
1673 5361 2031 5416 Basilccusis.

463 5423 921 5548 Lihgieimpressi,
955 5428 1238 5496 πνέεσθαι,
1285 5446 1380 5500 pro
1420 5423 1527 5502 q'uo
1574 5433 1767 5489 Croius
1822 5434 2038 5503 legebat

463 5512 554 5548 γεν
589 5514 620 5548 σ
656 5516 731 5548 αι.

450 5512 731 5566 ,γενεσυαμ

529 5566 1059 5643 (45)-λᾼράκοντας.
1114 5572 1329 5642 Epiplt.,
1395 5575 1527 5627 hatr.
1577 5573 1668 5638 Ξϐ,
1739 5588 1858 5643 pag.
1917 5573 1976 5628 9|
2021 5593 2032 5628 :

459 5632 698 5719 Εξναιδὲ
726 5632 1104 5719 δρακοντοε-ἱδῆ
1130 5632 1227 5696 τὶν
1252 5632 1485 5719 ἀρ’χοντα
1516 5644 1606 5719 τὸν
1630 5632 1930 5719 κατέχξντα
1953 5645 2041 5719 τόν

459 5708 661 5785 κόσμον
695 5708 902 5785 τοῦτον,
940 5715 1029 5765 καὶ
1063 5708 1428 5768 καταπίνοντα
1474 5716 1570 5784 μὲν
1595 5719 1692 5778 τὰς
1718 5708 1894 5785 ψυχὰς
1942 5715 2040 5778 τὰς

458 5778 536 5902 μὴ
561 5781 616 5830 ἐν
645 5780 842 5848 γνώσει
871 5784 1238 5855 ὑπαρχούσας,
1266 5788 1360 5839 καὶ
1392 5778 1486 5839 διὸί
1512 5787 1608 5856 τῆς
1637 5778 1835 5859 κέρκου
1879 5778 2040 5838 πάλιν

491 5852 850 5902 mocosam-.1
875 5854 953 5902 εἰς
976 5855 1067 5902 τὸν
1112 5856 1332 5902 κόσμον-
1386 5857 1676 5902 κάντεῦθεν
1707 5860 1785 5902 εἰς
1825 5857 2040 5902 voice-uc

444 5852 850 5929 ’ἐπιστρέφοντα
875 5854 953 5918 είς
976 5852 1067 5908 τὸν
1112 5856 1333 5926 κόσμον,
1386 5852 1676 5912 κάντεῦθεν
1707 5852 1785 5923 εἰς
1825 5857 2040 5930 χοίρους

2155 4449 2406 4521 σιδηρεύς
2427 4466 2440 4478 ·
2473 4444 2542 4520 ἦν
2567 4447 2631 4501 ἂν
2663 4447 2804 4517 ὑπὲρ
2832 4446 2959 4509 τοὺς
2994 4444 3254 4515 οὐρανοὺς
3293 4441 3539 4514 κρημνὸς
3579 4439 3749 4510 ζωῆς,

2152 4546 2186 4616 ἢ
2221 4542 2495 4616 βάραθρον
2525 4540 2895 4605 ἀναστάσεως,
2923 4538 2957 4610 ἢ
2984 4535 3214 4608 σχοινίον
3243 4533 3568 4596 ἀθανασίας,
3602 4533 3644 4602 ἢ
3674 4531 3748 4584 λί-

2145 4728 2240 4781 και
2270 4727 2350 4789 εἰς
2376 4725 2511 4781 ἄλλα
2537 4723 2670 4788 ζῶα,
2704 4723 2798 4775 καὶ
2825 4720 2986 4774 πάλιν
3015 4719 3105 4772 διὰ
3125 4717 3234 4772 τῶν
3258 4715 3440 4771 αὐτῶν
3472 4717 3748 4789 ἀναφερο-

2150 4788 2341 4868 μένας.
2377 4815 2394 4846 ι
2437 4797 2653 4868 Addunt
2684 4801 2738 4845 et
2793 4793 2954 4868 hujus
2985 4791 3168 4844 mundi
3205 4789 3498 4868 praesident
3536 4788 3742 4868 draco:

2151 4859 2234 4922 his
2264 4859 2492 4931 elligiem
2555 4865 2779 4928 habere,
2831 4859 2899 4916 ab
2965 4875 3139 4928 eoque
3196 4859 3409 4912 animas
3451 4859 3744 4931 absorberi

2146 4930 2458 5010 cognitione
2490 4935 2579 5010 illa
2627 4935 2938 5010 destitutas,
2972 4944 3310 5010 rursumque
3353 4943 3450 4994 per
3504 4930 3743 5008 caudam

2151 4999 2371 5063 iulium:
2412 5006 2670 5063 mundum
2701 5005 2935 5057 rel‘undi.
2969 5001 3045 5054 Ex
3087 5016 3194 5068 quo
3228 4999 3487 5066 deinceps
3519 4999 3573 5050 in
3607 5014 3739 5068 por-

2148 5093 2334 5134 corum
2366 5077 2709 5142 aliorumque
2755 5067 3117 5126 animantium
3167 5067 3740 5142 corporatrausfus:

2148 5164 2245 5217 per
2292 5149 2482 5202 eadem
2528 5137 2705 5201 denuo
2771 5143 2999 5214 vestigia
3060 5154 3277 5196 sursum
3332 5137 3679 5193 etferautur.
3717 5155 3736 5189 ι

2146 5219 2382 5274 Speucen
2393 5259 2407 5272 .

2219 5289 2332 5360 (Mi)
2358 5291 2484 5360 Post
2529 5283 2752 5339 ἐκείνων
2805 5283 3007 5360 aliquid
3030 5283 3233 5360 Quieto
3270 5280 3489 5358 videtur
3520 5280 3737 5360 deesse,

2145 5349 2287 5414 forte
2315 5349 2488 5427 ξίφος,
2515 5369 2573 5410 ιιι
2597 5370 2792 5410 sensus
2815 5349 2919 5427 sit}
3028 5354 3120 5427 ἐπὶ
3140 5349 3364 5427 τῶν.τοῦ
3397 5349 3736 5427 παραδείσου

2143 5420 2638 5499 πυλῶνλεγόμενον
2667 5427 2772 5480 ὑπὸ
2795 5426 2898 5479 τῶν
2927 5424 3123 5499 ἀθλίων
3156 5423 3390 5499 ἐκείνων
3413 5420 3584 5499 give-1.0;.

2219 5501 2331 5572 (47)
2379 5490 2701 5572 Ἄίλξιῷτρια.
2744 5499 2886 5566 Lego
2919 5495 3217 5568 ἀλλότριον,
3248 5491 3393 5563 quod
3433 5491 3614 5544 refeto
3670 5490 3735 5543 ad

2144 5569 2454 5648 praecedens
2480 5569 2543 5648 τό
2572 5570 2768 5648 πέραξε
2831 5638 2878 5648 __
2929 5637 2966 5648 ,ι
3128 5635 3211 5648 Α,
3281 5633 3314 5648 ,,
3401 5633 3412 5646 .
3473 5631 3512 5648 ,,

2215 5643 2328 5715 (48)
2365 5633 2702 5715 ᾋνάλογοὶι.
2731 5638 2902 5715 Codd.
2929 5637 3063 5706 Reg.
3089 5633 3362 5715 e_tﬁBasil..
3391 5633 3665 5715 ἀνάλογα.

2216 5706 2328 5784 (49)
2366 5706 2705 5766 Ilmscltelius
2733 5711 2784 5762 iu
2821 5719 2994 5784 textu,
3028 5706 3470 5784 x106).ou,_|_uale._
3533 5773 3560 5784 η
3673 5773 3686 5784 ‘

2215 5773 2327 5856 (50)
2366 5785 2478 5848 Ὡς,
2513 5784 2565 5835 εί
2623 5783 2858 5856 ἓτυχεγ.
2918 5780 3008 5856 Sic
3039 5794 3170 5832 mss.
3212 5789 3263 5834 et
3294 5773 3636 5832 lluaschclius
3672 5773 3728 5829 in

2146 5849 2318 5912 textu.
2345 5857 2414 5910 At
2439 5849 2760 5925 Spenccrus,
2793 5851 2874 5920 ὃς,
2905 5851 2951 5903 εἰ
2973 5849 3184 5920 ἔτυχεν.
