3840 6412
119 317 238 376 1549

1287 314 1566 372 CONTRA
1603 312 1880 370 CELSUM
1914 313 2038 369 LIB.
2074 313 2164 370 Vl.

3200 319 3337 378 1550

117 437 189 497 θος
220 427 490 502 μακάριος,
533 431 565 504 ἢ
603 427 814 503 σίδηρος
860 429 1101 502 ἀγάπης,
1148 429 1181 502 ἢ
1236 431 1431 496 σκῦτος
1475 432 1626 502 ἅγιον

1760 448 1866 486 non
1900 433 2100 500 pudeat
2137 433 2418 502 pu'erulum
2457 433 2636 502 sopire
2673 433 3010 489 cantitandis
3233 440 3332 491 lut-

116 525 170 578 Ἠ
193 526 266 588 τίς
291 522 456 594 γραῦς
486 525 615 594 (51),
645 525 735 576 ἐπὶ
759 523 835 594 τῷ
869 523 1208 594 βαυκαλῆσαι
1233 525 1444 577 παιδίον
1474 524 1644 595 μῦθον

113 618 371 684 ἐπάγουσα,
417 616 637 670 τοιαῦτα
685 614 990 688 ψιθυρίζειν
1039 616 1140 668 οὐκ
1190 615 1256 669 ἂν
1295 616 1578 688 ᾐσχύνθη;
1621 635 1638 667 ›

121 709 190 762 Ἐν
217 707 406 771 τούτοις
435 708 490 760 δὲ
528 708 672 761 δοκεῖ
701 725 789 778 μοι
829 707 1020 779 φύρειν
1047 707 1116 760 τὰ
1147 706 1585 779 παρακούσματα
1616 710 1644 760 ὁ

111 801 298 862 Κέλσος.
331 800 487 863 Εἰκὸς
518 798 644 870 γὰρ,
676 801 758 854 ὅτι
797 799 850 852 εί
887 817 939 852 τι
979 799 1089 870 (52)
1135 799 1363 871 ἤκουσεν
1421 801 1642 872 οἱασδη-

110 891 272 944 πονοῦν
311 890 567 962 αἱρέσεως
599 890 874 957 λεξείδιον,
926 889 1000 961 μὴ
1030 889 1318 961 τρανώσας
1363 891 1496 944 αὐτὸ
1537 891 1644 945 κᾶν

110 981 222 1036 κατὰ
251 983 304 1036 τὸ
333 982 575 1053 βούλημα
607 983 844 1054 ἐκείνης,
885 982 1022 1036 ἀλλά
1055 982 1124 1036 τὰ
1155 985 1396 1054 ῥημάτια
1434 1002 1643 1055 συμφο-

108 1077 277 1146 ρήσας,
320 1077 658 1130 ἐπεδείκνυτο
703 1078 760 1129 ἐν
826 1079 939 1139 τοῖς
999 1077 1163 1148 μηδὲν
1214 1078 1636 1148 ἐπισταμένοις,

108 1170 220 1240 μήτε
249 1169 346 1222 τῶν
376 1170 654 1241 ἡμετέρων
695 1170 829 1242 μήτε
857 1169 966 1222 τῶν
1000 1170 1058 1222 ἐν
1091 1171 1210 1232 ταῖς
1238 1169 1532 1239 αἱρέσεσιν,
1565 1171 1640 1232 ὼς

103 1262 190 1333 ἄρα
216 1262 378 1316 πάντα
404 1262 470 1315 τὰ
491 1263 828 1335 Χριστιανῶν
851 1261 1146 1331 γιγνώσκοι
1164 1277 1178 1292 ⁸
1210 1261 1370 1315 τοῦτο
1395 1262 1452 1315 δέ
1481 1262 1639 1332 δῆλον

103 1357 219 1407 ποιεῖ
244 1356 328 1406 καὶ
353 1355 384 1424 ἡ
418 1354 748 1425 προκειμένη
779 1353 946 1419 λέξις.

159 1446 220 1498 Τὸ
270 1447 360 1516 μὲν
432 1445 541 1518 γάρ
604 1445 841 1518 χρῆσθαι
899 1447 1192 1518 προφητῶν
1242 1446 1419 1516 λόγοις
1480 1447 1638 1518 ἡμῶν

101 1537 212 1600 ἐστι,
240 1535 338 1588 τῶν
367 1538 741 1609 παριστάντων
783 1536 992 1608 Ἰησοῦν
1039 1533 1177 1591 εἶναι
1219 1537 1310 1591 τὸν
1358 1556 1637 1610 προκεκη-

102 1628 329 1701 ρυγμένον
358 1629 446 1681 ὑπ’
477 1628 658 1682 αὐτῶν
690 1629 946 1700 Χριστὸν,
984 1629 1088 1684 καὶ
1109 1627 1539 1683 ἀποδεικνύντων
1572 1630 1636 1682 ἐκ

101 1719 190 1770 τῶν
218 1721 554 1790 προφητικῶν
603 1719 670 1773 τὰ
717 1721 775 1772 ἐν
827 1723 939 1784 τοῖς
985 1719 1336 1789 Εὐαγγελίοις
1387 1720 1632 1792 περὶτοῦ

107 1809 251 1881 Ἰησοῦ
288 1793 669 1883 πληρωθὲν-σα·
719 1811 780 1866 τὸ
828 1811 885 1864 δέ
931 1813 1200 1879 κύκλους
1243 1812 1341 1866 ἐπὶ
1383 1814 1634 1880 κύκλοις

97 1900 241 1967 λέγειν
266 1902 397 1972 τάχα
439 1902 536 1973 μὲν
567 1903 660 1956 καὶ
706 1904 804 1974 τῆς
849 1904 1260 1976 προειρημένης
1308 1906 1454 1958 ἐστὶν
1485 1907 1633 1977 αἱρέ-

99 2009 212 2056 σεως
239 1993 409 2061 κύκλῳ
449 1994 962 2067 περιλαμϐανούσης
1017 1997 1116 2060 ἑνὶ,
1169 1997 1237 2067 ἥν
1282 2014 1442 2066 φασιν
1495 1994 1630 2050 εἶναι

97 2085 177 2154 τὴν
198 2084 291 2138 τῶν
320 2085 450 2139 ὅλων
480 2087 655 2159 ψυχὴν
682 2087 1074 2152 καὶΛευῖαθάν,
1091 2091 1217 2152 τοὺς
1250 2089 1386 2142 ἐ-πτὰ
1403 2088 1512 2142 τῶν
1535 2091 1632 2161 ἀρ-

95 2175 316 2245 χοντικῶν
340 2177 571 2241 κύκλους
586 2195 597 2207 ·
629 2178 766 2248 τάχα
783 2179 839 2232 δὲ
856 2180 947 2232 καὶ
966 2178 1073 2232 ἀπὸ
1086 2178 1178 2232 τοῦ
1214 2179 1630 2250 Ἐκκλησιαστοῦ

94 2267 186 2319 ἐστι
211 2268 596 2340 παράκουσμα,
644 2269 892 2340 λέγοντος
913 2287 926 2301 °
957 2289 976 2322 ι
1012 2271 1220 2324 κυκλοῖ
1254 2271 1469 2324 κυκλῶν
1519 2271 1628 2343 (55)

94 2360 338 2430 πορεύεται
368 2362 428 2414 τὸ
462 2362 699 2433 πνεῦμα,
741 2363 835 2416 καὶ
889 2364 982 2417 ἐπὶ
1026 2362 1264 2428 κύκλους
1306 2363 1472 2417 αὑτοῦ
1508 2365 1631 2417 ἐπι-

93 2452 274 2522 στρέφει
301 2451 359 2505 τὸ
397 2452 632 2523 πνεῦμα.
683 2472 701 2504 ι
742 2453 814 2506 Τὸ
857 2452 900 2506 δ’
942 2453 1244 2525 ἀπορροίας
1301 2453 1632 2525 Ἐκκλησίας

92 2542 291 2610 ἐπιγείου
337 2545 430 2597 καὶ
474 2544 774 2615 περιτομῆς
821 2544 962 2614 τάχα
1002 2544 1206 2616 ἐλήφθη
1253 2545 1362 2598 ἀπὸ
1404 2545 1496 2599 τοῦ
1528 2546 1632 2600 ὑπό

93 2650 219 2687 τινων
263 2634 512 2704 λέγεσθαι
578 2637 902 2706 Ἐκκλησίας
960 2636 1104 2699 τινὸς
1160 2638 1484 2709 ἐπουρανίου
1539 2639 1632 2692 καὶ

92 2727 352 2795 κρείττονος
388 2727 584 2791 αἰῶνος
608 2728 908 2799 ἀπόρροιαν
942 2723 1078 2780 εἶναι
1121 2727 1217 2799 τὴν
1244 2729 1336 2781 ἐπὶ
1363 2729 1469 2798 γῆς
1507 2730 1630 2782 Ἐκ-

90 2815 306 2886 κλησίαν·
331 2821 424 2873 καὶ
456 2820 757 2891 περιτομῆς
796 2836 938 2882 τινος
970 2821 1029 2872 ἐν
1063 2819 1348 2892 καθαρσίῳ
1377 2822 1486 2874 τιν).
1517 2824 1634 2874 ἐκεῖ

89 2909 411 2981 γεγενημένης
468 2909 738 2980 σύμϐολον
789 2906 1064 2982 εἶναιτὴν
1115 2911 1172 2963 ἐν
1207 2911 1285 2980 τῷ
1333 2911 1481 2982 νόμῳ
1535 2928 1630 2980 γε-

87 3001 384 3072 γραμμένην.
399 3002 737 3070 Προυνικόν
751 3001 862 3072 (54)
879 3001 934 3054 δέ
950 3019 1071 3055 τινα
1087 3003 1279 3072 σοφίαν
1307 3005 1356 3056 οἱ
1375 3004 1482 3057 ἀπὸ
1495 3005 1632 3058 Ούα-

87 3089 278 3144 λεντίνου
334 3092 660 3163 ὀνομάζουσι
709 3093 848 3147 κατὰ
887 3094 988 3165 τὴν
1032 3093 1453 3166 πεπλανημένην
1500 3097 1626 3149 ἐαυ-

86 3183 169 3234 τῶν
198 3184 394 3254 σοφίαν,
427 3181 497 3256 ἧς
519 3184 786 3256 σύμϐολον
811 3182 946 3239 εἶναι
982 3185 1262 3256 βούλονται
1291 3187 1384 3241 καὶ
1416 3186 1624 3242 δώδεκα

86 3270 225 3326 ἐτεσιν
266 3275 371 3346 (55)
424 3274 799 3346 αίμορροῦσαν
832 3293 844 3305 ·
905 3276 972 3346 ἢν
1025 3277 1375 3348 παρακούσας
1423 3280 1451 3331 ὁ
1509 3279 1626 3350 ἅμα

85 3367 227 3420 πάντα
257 3367 433 3439 φύρων
464 3367 533 3421 τὰ
569 3368 857 3439 Ἑλλήνων,
897 3369 991 3422 καὶ
1023 3367 1334 3441 βαρϐάρων,
1372 3371 1468 3424 καὶ
1515 3373 1623 3426 τῶν

83 3457 128 3508 ἐν
163 3463 266 3523 ταῖς
303 3461 603 3534 αἱρέσεσιν,
637 3457 756 3514 εἷπε
798 3461 860 3514 τὸ
891 3463 1196 3533 Προυνικοῦ
1230 3481 1373 3528 τινος
1399 3464 1624 3536 δύναμιν

85 3550 271 3617 ῥέουσαν
319 3553 616 3625 παρθένου.
678 3553 853 3623 Ψυχὴ
903 3553 971 3607 δὲ
1022 3554 1179 3614 ζῶσα
1209 3556 1350 3626 τάχα
1406 3557 1503 3626 μὲν
1564 3559 1623 3610 ὲν

81 3641 364 3715 ἀπορρήτοις
410 3645 660 3702 λέλεκται
693 3647 844 3717 παρά
888 3662 999 3699 τισι
1037 3646 1147 3699 τῶν
1189 3647 1296 3700 ἀπὸ
1335 3647 1617 3702 Οὐαλεντί-

81 3749 152 3784 νου
186 3737 256 3799 είς
292 3736 379 3789 τὸν
427 3737 522 3790 ὑπ’
577 3736 756 3790 αὐτῶν
794 3735 1194 3808 ὀνομαζόμενον
1251 3739 1478 3808 ψυχικὸν
1525 3740 1620 3811 δη-

83 3829 326 3898 μιουργόν·
377 3830 520 3900 τάχα
567 3830 625 3883 δέ
659 3831 752 3884 καὶ
801 3830 937 3902 πρὸς
985 3830 1390 3903 ἀντιδιαστολὴν
1439 3831 1619 3902 ψυχῆς

79 3924 242 3991 νεκρᾶς
279 3925 310 3994 ἡ
356 3923 507 3988 ζῶσα
547 3922 694 3994 ψυχὴ
739 3923 838 3976 οὐκ
892 3922 1133 3992 ἀγεννῶς
1178 3925 1330 3995 παρά
1381 3943 1492 3978 τισι
1533 3925 1620 3977 λέ·

79 4011 229 4068 λεκται
260 4019 290 4087 ἡ
316 4017 407 4069 τοῦ
437 4016 767 4087 σωζομένου.
807 4017 1152 4090 Σφαζόμενον
1174 4019 1219 4072 δ’
1253 4019 1352 4071 οὐκ
1386 4014 1503 4071 οῖδα
1529 4016 1617 4072 οὐ·

83 4109 210 4174 ρινὺν
242 4110 579 4181 λελεγμένον,
613 4111 645 4182 ἢ
691 4111 795 4180 γῆν
840 4112 1180 4184 σφαζομένην
1228 4113 1491 4184 μαχαίρᾳ,
1525 4112 1620 4165 καὶ

80 4199 272 4266 πολλοὺς
312 4201 686 4273 σφαζομένους
721 4203 807 4256 ἵνα
835 4203 1041 4276 ζήσωσι
1063 4223 1076 4235 ·
1109 4205 1203 4258 καὶ
1248 4206 1348 4259 οὐκ
1392 4206 1618 4269 ἀπεικός

79 4289 195 4346 ἐστιν
225 4296 311 4364 ἀφ’
337 4297 531 4350 ἐαυτοῦ
571 4295 738 4350 ταῦτα
762 4297 1114 4366 κεκομικέναι
1145 4297 1234 4351 τὸν
1261 4299 1484 4352 Κέλσον.

148 4409 186 4438 ⁸⁸
208 4409 372 4465 Eccle.
396 4427 431 4477 ι,
466 4409 552 4464 16.

136 4525 234 4596 (Si)
267 4529 328 4580 Ἢ
352 4525 580 4592 σκῦτος
611 4525 800 4594 ἅγιον.
834 4527 902 4581 Ἦ
924 4527 1015 4593 τίς
1039 4526 1241 4596 nea-5c.
1276 4527 1424 4583 Libri
1464 4538 1620 4584 antea

78 4594 472 4670 editipﬁjcxﬁao;
503 4596 658 4670 ᾅγιόν
684 4597 850 4670 ἐστιν·
899 4594 1055 4670 ῆ-τίς
1069 4599 1265 4670 γραῦς,
1299 4602 1392 4653 sed
1419 4615 1446 4652 a
1483 4617 1610 4654 mss.

79 4676 198 4720 recte
225 4669 369 4723 abest
397 4668 592 4739 ἐστίν,
627 4676 682 4721 et
714 4668 1032 4723 Bolterellus
1060 4668 1280 4739 insuper
1325 4669 1612 4724 delendum

76 4745 206 4807 putat
237 4741 526 4807 secundum
567 4738 624 4807 ἦ.

102 4843 106 4846 η
132 4805 228 4874 (52)
251 4809 320 4861 El
343 4825 422 4863 τι.
461 4805 625 4862 Uncis
651 4807 951 4862 includitur
982 4807 1034 4861 iu
1067 4809 1218 4865 libris
1244 4817 1402 4865 antea
1429 4812 1612 4877 editis,

73 4883 117 4926 et
136 4879 454 4931 desideratur
479 4879 530 4930 in
562 4893 664 4930 ms.
691 4879 988 4945 Anglicano
1025 4880 1222 4946 primo.

132 4946 230 5016 (535)
253 4948 477 5002 Κυκλοῖ
495 4947 759 5002 κυκλῶν.
785 4949 982 5004 Guieto
997 4951 1210 5004 videtur
1239 4950 1612 5017 scribendum,

74 5015 228 5087 κύκλῳ
255 5019 486 5073 κυκλῶν.

130 5088 626 5161 (54)]1ρουνικόν.
681 5089 756 5143 lla
819 5089 1023 5161 Optime
1075 5092 1245 5146 codex
1299 5089 1615 5148 Vaticanus.

78 5153 451 5233 Ydios’amesse
485 5160 630 5233 l_ibb._
664 5153 931 5213 editorum
969 5160 1257 5233 lectionem
1285 5162 1614 5233 Προυνικήν,

75 5226 174 5303 inde
201 5238 337 5297 patet
360 5230 504 5303 quod
533 5231 750 5303 ipsimet
782 5233 938 5303 paulo
961 5241 1081 5299 post
1118 5226 1351 5303 habeani
1384 5226 1614 5303 Προυνι-

73 5298 150 5369 κοῦ
192 5316 344 5363 τινος.
376 5301 563 5355 Petav.
600 5301 653 5353 in
702 5298 1070 5356 Animadvers.
1104 5303 1170 5354 ad
1226 5298 1448 5369 Epiplt.,
1479 5304 1610 5356 luer.

72 5366 119 5419 5|
159 5387 170 5422 :
212 5388 229 5420 ι
274 5373 534 5440 Origenes
573 5371 626 5423 in
657 5371 870 5444 Celsum
917 5381 1062 5424 tome
1095 5372 1188 5438 Vl,
1219 5366 1526 5444 Προ-υνικὴν
1559 5373 1613 5444 δέ

71 5452 184 5500 τινα,
209 5444 444 5514 echSed
471 5457 630 5514 unam
659 5442 944 5514 quamdam
977 5458 1040 5496 ac
1073 5442 1402 5512 singularem
1437 5443 1616 5514 Πρού-

69 5523 191 5581 grav
231 5525 258 5563 a
299 5512 696 5565 Valentinianis
743 5512 1066 5578 appellatam
1120 5530 1223 5567 nun
1279 5525 1427 5581 pttto,
1489 5512 1611 5567 eum

70 5575 603 5656 fippdvimagﬁonﬁ
625 5575 829 5656 omnes
855 5584 1244 5656 ntnwupaverit
1268 5575 1369 5638 l'ioc
1396 5575 1612 5656 quidem

69 5651 111 5720 in
135 5651 280 5709 libro.
313 5671 332 5705 ›
374 5653 538 5708 Recte
576 5653 792 5720 qttidem
818 5691 832 5715 ,
861 5651 1047 5706 Petavii
1071 5694 1086 5719 ,
1117 5664 1173 5706 ul
1204 5663 1418 5708 constat
1445 5669 1511 5707 ex
1548 5654 1614 5706 Ii-

69 5715 148 5794 lno
179 5723 553 5794 Valentiniano
579 5715 609 5783 ,’
650 5721 804 5794 cujus
835 5715 1198 5793 fragmentum
1250 5735 1424 5779 exstat
1470 5725 1638 5794 apud.

70 5787 440 5861 Epiphaniam,
507 5795 640 5848 liter.
692 5787 750 5848 3|
814 5787 1242 5866 _At'ba:rcsiutn
1311 5787 1608 5864 setiptoz'cs

1741 523 1974 590 jnsmodi
2003 523 2238 578 fabulis?
2264 523 2495 578 Miscere
2520 524 2605 578 hic
2636 525 2850 581 videtur
2875 527 3067 582 Celsus
3099 544 3186 582 res
3213 543 3241 582 a
3275 544 3334 586 se

1747 627 1850 665 non
1877 612 2011 667 bene
2037 613 2364 668 intellectas.
2398 614 2661 684 Equidem
2697 615 2847 669 illum
2894 618 3144 687 suspicor
3186 634 3326 688 pau-

1745 704 1871 758 xilla
1902 705 1969 760 de
2002 705 2255 775 quapiam
2314 706 2508 761 haeresi
2545 708 2844 776 accepisse,
2896 725 3016 780 quae
3045 726 3167 766 cum
3192 713 3325 780 quid

1744 794 1944 850 vellent
1971 811 2074 851 non
2107 807 2483 867 cognosceret,
2511 799 2654 854 dicta
2681 801 2928 869 quaedam
2964 812 3169 857 temere
3196 818 3329 873 pro-

1746 885 1903 951 fudit,
1928 896 1986 941 ut
2013 895 2066 940 et
2095 898 2293 943 nostra:
2329 900 2385 944 et
2428 891 2700 946 hmreticw
2743 892 3007 948 doctrinae
3061 894 3330 963 imperitis

1745 980 1797 1033 in
1827 979 2263 1036 Christianorum
2290 983 2543 1038 doctrina
2589 985 2992 1039 versatissimus
3021 986 3323 1041 videretur.

1742 1073 1893 1138 Quod
1924 1075 2140 1144 quidem
2174 1091 2240 1132 ex
2269 1077 2448 1133 verbis
2498 1078 2617 1148 ejus
2669 1081 2828 1135 modo
2864 1083 3181 1138 memoratis
3213 1099 3328 1137 ma-

1744 1165 2000 1222 nifestum
2027 1177 2131 1223 est.

1958 1380 1982 1398 ο

1807 1437 1897 1492 55.
1937 1437 2072 1492 Nam
2108 1439 2344 1509 primum
2386 1449 2634 1495 nostrum
2671 1451 2758 1497 est
2805 1441 2879 1496 uti
2926 1441 3320 1512 prophetarum

1738 1526 2105 1593 sermonibus,
2139 1536 2324 1597 utpote
2348 1529 2440 1597 qui
2471 1529 2592 1584 inde
2623 1529 2914 1598 probamus
2938 1531 3098 1584 modo
3130 1529 3318 1585 Jesum

1739 1631 1859 1670 esse
1891 1615 2167 1671 Christum
2193 1633 2355 1687 quem
2379 1620 2764 1687 praenuntiant,
2799 1618 2958 1672 modo
2985 1633 3053 1673 ex
3089 1619 3310 1673 illorum

1737 1705 1958 1776 scriptis
2002 1707 2344 1760 ostendimus
2381 1721 2463 1768 ea.
2500 1724 2620 1778 qua:
2661 1710 2714 1763 in
2751 1709 2842 1762 illo
2884 1709 3151 1779 completa
3195 1723 3318 1764 esse

1666 1796 1709 1850 Β
1741 1803 1970 1848 narrant
2012 1794 2324 1861 Evangelia.
2375 1795 2617 1851 Circulos
2657 1799 2869 1852 circulis
2914 1799 3143 1852 inclusos
3201 1797 3316 1852 for-

1738 1898 1880 1941 tasse
1896 1886 2233 1956 deprompsit
2250 1900 2319 1940 ex
2347 1886 2434 1939 illa
2459 1887 2671 1952 luercsi,
2700 1905 2819 1960 quae
2843 1901 3046 1959 septem
3076 1897 3319 1960 potesta-

1736 1993 1846 2037 tum
1880 1981 2116 2036 circulos
2167 1996 2274 2036 uno
2338 1983 2589 2048 Includit,
2635 2000 2796 2053 quem
2854 2001 3032 2040 rerum
3070 1986 3313 2039 omnium

1732 2076 1971 2130 animam
1998 2085 2054 2130 et
2089 2073 2388 2130 Leviathan
2441 2088 2620 2132 vocat.
2672 2076 2834 2132 Forte
2871 2077 3033 2132 etiam
3069 2078 3122 2132 id
3168 2093 3318 2131 sum-

1732 2179 1884 2240 ptum
1923 2181 2108 2224 estex
2137 2170 2278 2224 male
2327 2169 2604 2224 intellecto
2651 2169 2998 2224 Ecclesiasta:
3036 2169 3177 2234 loco,
3218 2171 3311 2225 ubi

1734 2259 1934 2318 dicitur
1961 2277 1974 2313 :
2011 2280 2030 2312 ‹
2062 2260 2118 2314 ln
2155 2259 2396 2315 circuitu
2431 2261 2606 2332 pergit
2637 2260 2886 2329 spiritus,
2911 2269 2966 2312 et
2990 2259 3042 2314 in
3071 2259 3310 2315 circulos

1732 2369 1862 2408 suos
1890 2355 2182 2408 revertitur
2207 2354 2275 2406 ⁸³.
2311 2371 2330 2404 ι
2359 2352 2514 2419 Quod
2536 2353 2612 2405 ait
2643 2352 2708 2405 de
2733 2351 2863 2405 rivis
2893 2350 3151 2406 Ecclesia:
3203 2361 3317 2406 ter-

1736 2447 1929 2502 restris
1955 2455 2010 2500 et
2041 2443 2505 2507 circumcisionis,
2533 2444 2752 2497 ductum
2786 2441 2838 2495 id
2871 2442 3119 2512 suspicor
3141 2457 3209 2496 ex
3241 2457 3307 2497 eo

1732 2539 1877 2608 quod
1909 2537 2150 2591 nonnulli
2177 2537 2370 2591 dicunt
2396 2535 2695 2590 Ecclesiam
2727 2535 2868 2588 hanc
2893 2543 3215 2588 terrestrem
3239 2549 3309 2589 ex

1731 2630 1976 2684 Ecclesia
2011 2629 2220 2683 caelesti
2259 2628 2593 2696 melioreque
2621 2627 2796 2682 Eone
2828 2642 2950 2682 esse
2980 2627 3311 2698 derivatam,

1732 2732 1784 2775 ct
1818 2719 2316 2785 circumcisionem,
2351 2720 2418 2774 de
2446 2734 2550 2789 qua
2586 2719 2636 2773 in
2663 2718 2806 2788 lege,
2830 2733 2952 2772 esse
2973 2721 3183 2786 signum
3217 2733 3315 2772 cu-

1726 2815 1940 2883 jusdam
1969 2812 2551 2879 circumcisionis,qua
2581 2809 2828 2864 homines
2857 2809 2907 2862 in
2933 2810 3171 2878 quodam
3199 2808 3310 2864 illic

1731 2905 1850 2956 loco
1886 2911 2208 2971 purgantur.
2247 2900 2508 2955 I’runicus
2541 2913 2669 2953 vero
2693 2914 2753 2953 ea
2785 2906 2888 2961 est,
2922 2912 3082 2967 quam
3111 2895 3313 2951 Valen-

1733 2993 1920 3047 tiniani
1972 2984 2112 3046 male
2143 3007 2277 3046 sana
2319 2991 2585 3060 sapientia
2633 2988 2958 3058 sapientiam
3009 2986 3312 3057 appellant,

1731 3087 1956 3156 ejusque
1982 3085 2170 3140 volunt
2205 3086 2431 3154 figurant
2467 3083 2634 3137 fuisse
2678 3080 2936 3135 feminam
2972 3080 3140 3145 illam,
3180 3095 3308 3149 qua:

1729 3179 2018 3234 duodecim
2051 3192 2224 3232 annos
2275 3178 2422 3229 lluxu
2475 3174 2755 3243 sanguinis
2807 3171 3095 3226 laboravit.
3149 3171 3306 3238 Quod

1727 3270 1919 3326 Celsus
1952 3284 2122 3338 prave
2163 3283 2454 3338 usurpans,
2485 3267 2777 3335 omniaque
2807 3264 3142 3329 Grazcorum,
3172 3265 3305 3320 bar-

1727 3361 1988 3417 barorum
2021 3361 2520 3428 ltwreticorumqne
2573 3358 2938 3420 confundens,
2970 3356 3214 3426 loquitur
3242 3357 3312 3410 de

1727 3462 2001 3524 potestate
2034 3468 2154 3522 quae
2195 3467 2264 3506 ex
2311 3451 2548 3506 Prunico
2580 3449 2816 3518 quodam
2869 3447 3078 3518 virgine
3126 3447 3305 3501 dima~

1727 3556 1840 3600 nat.
1885 3545 2038 3612 Quod
2081 3547 2146 3600 ad
2181 3546 2415 3599 animant
2474 3545 2730 3598 viventem
2775 3541 3001 3606 attinet,
3051 3555 3310 3594 arcanum

1726 3638 1958 3693 fortasse
2000 3645 2082 3691 est
2113 3635 2619 3691 Valentinianoruui
2665 3635 2868 3688 dictum
2913 3634 2979 3687 de
3022 3632 3311 3687 conditore

1722 3744 1883 3799 quem
1934 3729 2226 3784 animalem
2258 3738 2494 3786 vocant:
2540 3737 2636 3782 aut
2675 3728 2912 3782 fortasse
2954 3726 3007 3780 id
3055 3741 3160 3779 non
3209 3724 3308 3779 ab-

1721 3823 1886 3876 surde
1917 3821 2121 3875 dictum
2161 3820 2260 3874 fuit
2288 3837 2316 3874 a
2348 3820 2712 3890 quibusdam,
2763 3827 2822 3870 ut
2869 3815 3048 3869 anima
3088 3823 3304 3868 mortua

1722 3913 2155 3983 distingueretur
2179 3915 2246 3967 ab
2267 3915 2486 3968 vivente
2511 3911 2685 3965 anima
2719 3907 2837 3976 ejus
2889 3909 2980 3976 qui
3036 3907 3304 3960 Salvatur.

1722 4003 1860 4070 Quid
1885 4004 1953 4057 sit
1984 4003 2226 4057 occisum
2260 4001 2483 4066 caelum,
2507 4000 2635 4070 quid
2659 3998 2943 4052 interfecta
2981 4004 3148 4060 terra,
3177 3993 3308 4062 quid

1726 4094 1879 4147 multi
1915 4097 2136 4149 mactati
2170 4106 2226 4148 ut
2255 4097 2457 4158 vivant,
2493 4108 2719 4163 prorsus
2749 4091 2956 4145 nescio.
3003 4088 3127 4143 llazc
3157 4087 3307 4141 illuni

1722 4203 1752 4243 e
1785 4187 1966 4257 seipso
1995 4187 2220 4244 finxisse
2256 4186 2416 4242 facile
2447 4185 2796 4242 crediderim.

1661 4536 1703 4588 D
1735 4527 1894 4582 unius
1922 4523 2244 4597 Προύνίκου,
2273 4536 2409 4597 quae
2446 4519 2658 4597 caneris
2712 4514 3300 4597 p_r:ncel1e_re_\;idetur,

1731 4599 1926 4666 smpius
1956 4585 2353 4666 tiietninerun't;
2375 4585 2876 4666 lipipltanitts,_lizer.
2903 4585 3298 4666 3.7-i‘de'XOU9-t

1718 4655 1827 4740 γὰρ
1847 4667 1956 4740 ἀπὸ
1989 4664 2083 4718 τοῦ
2117 4655 2882 4740 ἄνω-Αἱρνοςπροὸεδλῆσθαι
2919 4655 3130 4740 Αίῶγας
3154 4695 3185 4740 ,λ
3205 4657 3301 4740 καὶ

1718 4724 2026 4807 κατώτερον
2069 4733 2394 4807 γεγενῆσθαι
2422 4724 2645 4807 enitor-te
2691 4724 3044 4807 legend._fov]
3093 4725 3298 4807 'la).6a-_-

1719 4807 1888 4861 ϐαὼθ·
1927 4797 2212 4864 τοῦτον,”δέ
2256 4797 2663 4874 ἐνιτροϐεϐὶξῆσθοιιΔ
2705 4799 2848 4874 κατά
2891 4797 3176 4874 ἀδρανειαν
3207 4798 3300 4874 καὶ

1719 4881 1940 4948 ἄγνοιαν
1965 4877 2065 4946 τῆς
2094 4876 2243 4948 ἰδίας.
2267 4868 2755 4948 μητρὸς,-τουτέστι
2776 4870 2874 4940 τῆς
2902 4868 3013 4922 ἄνω
3043 4868 3298 4948 Προυνεί-

1723 4941 1843 5012 κου,
1873 4959 1980 5002 etc.
2022 4941 2047 4997 ἰ
2091 4941 2304 5000 Etenim
2331 4941 2428 4996 ’ab
2475 4941 2918 5012 moneysummo
2957 4947 3299 5012 _pr0pagatos

1719 5007 1924 5074 Αἰοιιοε
1941 5017 2256 5072 existimant
2284 5033 2296 5068 :
2327 5031 2358 5069 e
2381 5013 2574 5082 quibus
2602 5011 2823 5064 infimus
2849 5007 3294 5082 estJaldabaotb,

1716 5106 1876 5158 quem
1912 5104 1976 5142 ex
2031 5080 2413 5158 imbecillitate
2467 5082 2884 5158 ignorantiaque
2939 5094 3051 5132 sua:
3097 5080 3288 5131 matris

1714 5151 1960 5213 exortum
1998 5158 2273 5220 referunt;
2320 5157 2420 5208 ltnc
2459 5164 2542 5224 est
2598 5151 2738 5205 illius
2785 5166 3077 5224 sapreti_t_:r3
3129 5164 3291 5224 quam

1714 5229 2009 5282 Pt'nnicum
2055 5219 2352 5296 appellant.
2397 5243 2415 5276 ι
2451 5223 2747 5296 7E_t_paulo
2781 5231 2900 5296 post
2929 5236 2942 5273 :
2975 5219 3118 5296 Πρὸς
3172 5219 3296 5296 ἐπι-

1714 5299 1906 5370 ϐουλὴν
1927 5298 1982 5370 δέ
2001 5287 2209 5370 xei-“506
2252 5287 2629 5370 damniﬁcam};
2662 5287 2984 5362 ἄνω-μήτηρ
3017 5287 3050 5359 ὴ
3099 5287 3294 5370 καλουτ

1716 5365 1874 5440 μένη
1901 5368 2249 5440 Προύνεικος.
2288 5386 2305 5418 ι
2345 5365 2599 5440 ϐῳιθειίε
2645 5372 3053 5440 antenrmater,
3082 5376 3201 5440 qua:
3241 5365 3293 5440 et:

1719 5431 1988 5493 'Prtn'dcu's
2019 5439 2346 5506 appellatur,
2379 5437 2643 5488 adversus
2674 5432 3009 5506 Jaldabaotlr
3034 5432 3138 5506 tale
3166 5431 3294 5497 quid

1715 5521 1797 5563 est
1861 5500 2191 5564 machinata.
2237 5528 2254 5558 ι
2319 5508 2449 5560 Vide
2483 5507 2701 5569 ibidem,
2737 5520 2860 5572 pag.
2911 5503 3061 5564 272;
3125 5500 3294 5572 Ireit.,

1716 5582 1810 5635 lib.
1834 5597 1872 5643 I,
1914 5594 2039 5646 cap.
2070 5579 2158 5640 ‘29,
2196 5579 2285 5634 50.
2316 5577 2705 5650 Ejilpll'dllilltll,
2741 5570 2884 5650 ltuit.
2907 5573 2998 5635 ‘25,
3031 5586 3167 5650 pag.
3202 5570 3290 5650 ’(8,

1713 5661 1768 5706 et
1803 5643 2008 5704 Petavii
2066 5643 2564 5703 Animadversiones
2617 5647 2682 5698 ad
2731 5648 2976 5698 eamdem
3031 5643 3293 5695 ltwresin.

1716 5723 2035 5864 ὃᾝῶεἳξαὶ
2071 5789 2301 5844 δώδεκα
2333 5789 2555 5844 ἔτεσιν.
2592 5785 2792 5844 Guieto
2819 5771 3034 5840 videtur
3054 5784 3296 5837 scriben-
