3846 6406
406 770 435 837 ’Ῐ
506 781 741 837 scerent,
757 775 951 844 quaeet
972 786 1070 827 nos
1096 773 1198 844 ipsi
1217 774 1611 844 vituperamus,
1626 786 1688 828 ea
1708 773 1867 828 nobis
1888 774 2079 843 magis,

510 382 649 439 ηεξ»
1953 364 2076 426 Οῐὶῐε

2187 367 2276 427 «ιδ
3615 366 3723 424 1556

507 498 767 572 scriptum
810 505 949 561 erat,
990 496 1263 560 Scientia;
1295 502 1347 550 et
1394 494 1533 550 infra
1581 494 1720 551 alius
1752 493 1806 550 in
1840 508 1946 564 quo
1994 496 2076 549 in-

2187 493 2566 566 ἐπεγέγραπτο
2598 492 2875 559 Σύνεσις.
2914 490 3021 545 Καὶ
3061 488 3230 545 ταῦτα
3267 487 3323 545 δὲ
3356 487 3723 561 παρειλήφαμεδ

508 592 769 662 scriptum
797 595 937 655 erat,
968 586 1345 657 Intelligeutia.
1374 588 1549 657 Atque
1588 587 1639 641 in
1670 586 1758 642 his
1806 586 2076 642 immorati

2187 590 2267 651 εἰς
2298 586 2390 640 τὸν
2428 585 2569 641 κατὰ
2602 585 2815 638 Κέλσου
2842 584 3017 652 λόγον,
3059 585 3147 638 ἴνα
3183 583 3612 655 παραστήσωμεν
3634 585 3725 647 τοῖς

508 696 718 746 sumus,
772 680 897 735 data
922 693 952 733 a
978 678 1138 736 Celso
1167 679 1477 744 occasione,
1525 690 1587 734 ut
1617 679 1851 735 lectores
1883 694 2076 747 cogno-

2188 679 2596 749 ἐντυγχάνουσι,
2622 677 2948 750 τρανότερον
2975 676 3181 731 ἐκείνου
3204 676 3517 745 ἐγνωκέναι,
3540 676 3622 729 καὶ
3648 675 3727 728 οὐκ

2184 774 2251 826 ἐκ
2266 771 2772 844 παρακουσμάτων,
2793 770 2861 823 τὰ
2880 770 2970 823 καὶ
2991 769 3079 839 ὑφ’
3106 768 3266 839 ἡμῶν
3296 767 3723 838 κατηγορούμενα.

2182 865 2247 919 Εἰ
2268 864 2324 918 δέ
2358 865 2450 918 καὶ
2484 860 2865 933 ὑπισχνοῦνται
2898 861 2946 913 οἱ
2979 859 3070 913 ἐπὶ
3090 862 3203 923 τοῖς
3224 857 3485 921 τοιούτοις
3512 858 3726 929 σεμνυνό-

2186 976 2337 1030 μενοι
2380 958 2620 1029 μαγικήν
2648 972 2771 1009 τινα
2797 953 3073 1025 γοητείαν,
3107 952 3202 1006 καὶ
3222 950 3373 1007 τοῦτ’
3405 952 3543 1004 ἔστιν
3576 950 3725 1014 αὐτοῖς

2181 1052 2243 1106 τὸ
2271 1053 2370 1124 τῆς
2396 1050 2586 1119 σοφίας
2618 1030 2939 1119 κεφάλαιον·
2992 1047 3152 1117 ἡμεῖς
3186 1044 3288 1116 μὲν
3320 1044 3382 1098 ού
3429 1039 3725 1096 διαϐεϐαιού-

2185 1145 2345 1217 μεθα,
2395 1143 2516 1197 ούδέ
2569 1140 2679 1213 γὰρ
2737 1140 3100 1211 ἱστορήσαμεν
3140 1136 3202 1191 τὺ
3241 1135 3513 1191 τοιούτον⁸
3557 1132 3725 1197 Κέλσος

505 880 669 936 quam
691 864 791 928 illi,
810 864 1090 933 explorata
1111 878 1251 931 esse;
1278 880 1383 920 non
1406 879 1538 920 vero
1558 879 1624 918 ex
1659 865 1911 919 inanibus
1926 879 2083 920 acce-

503 964 597 1027 pta
612 955 1028 1012 rumoribus.An
1044 964 1222 1011 autem
1243 955 1298 1022 ii,
1314 956 1404 1026 qui
1425 954 1733 1024 hujusmodi
1751 955 2081 1026 nugaslaudi

507 1048 1007 1120 ducunt,quasdam
1021 1049 1183 1103 etiam
1207 1048 1445 1120 magicas
1464 1048 2082 1118 profiteanturartes,an

503 1140 663 1213 661
687 1155 875 1196 eorum
905 1140 1021 1196 haec
1052 1140 1425 1211 sitsapientiaa
1456 1156 1687 1207 summa,
1712 1141 1765 1197 id
1796 1156 1902 1196 non
1934 1139 2083 1196 allir-

506 1247 635 1299 mo,
697 1232 970 1302 siquidem
1033 1231 1169 1288 nihil
1232 1248 1469 1303 unquam
1533 1232 1715 1289 simile
1775 1232 2076 1302 deprehen-

503 1322 556 1379 di
591 1336 607 1377 :
649 1323 849 1380 viderit
881 1323 1110 1391 Celsus,
1157 1324 1250 1394 qui
1296 1324 1565 1380 mendacii
1594 1325 1708 1396 jam
1740 1326 1943 1396 saepius
1977 1326 2076 1380 ab-

503 1414 901 1486 surdarumque
932 1415 1333 1472 calumniarum
1365 1417 1649 1473 convictus
1677 1428 1785 1481 est,
1820 1433 1947 1474 num
1989 1418 2078 1472 hic

502 1507 670 1563 etiam
701 1509 995 1564 mentiatur
1015 1549 1032 1576 ,
1057 1524 1185 1563 num
1211 1523 1343 1564 vero
1377 1508 1432 1564 id
1475 1510 1618 1579 quod
1660 1510 1712 1564 in
1743 1524 1841 1565 suo
1870 1509 2079 1579 scripto

503 1602 779 1672 exposuit,
811 1615 1003 1659 revera
1036 1602 1102 1658 de
1127 1601 1459 1673 quibusdam
1493 1617 1523 1657 a
1569 1611 1754 1659 nostra
1799 1601 1907 1659 (ide
1939 1601 2076 1659 alie—

501 1692 591 1749 nis
613 1693 905 1750 invenerit.

569 1785 660 1842 59.
692 1784 945 1842 Posthaec
989 1784 1058 1842 de
1091 1785 1160 1841 iis
1207 1785 1474 1855 loquens,
1519 1785 1612 1855 qui
1646 1785 1889 1856 magicas
1928 1792 2075 1841 artes

2180 1238 2239 1293 δὲ
2270 1237 2339 1292 ἂν
2369 1236 2558 1307 εἰδείη,
2586 1235 2616 1288 6
2649 1233 2908 1297 πολλάκις
2940 1232 3040 1303 ἤδη
3076 1231 3238 1295 ἁλοὺς
3287 1226 3723 1300 ψευδομαρτυριῶν

2180 1330 2277 1384 καὶ
2306 1328 2517 1397 ἀλόγων
2546 1324 2912 1397 κατηγοριῶν,
2945 1323 3172 1396 πότερον
3200 1322 3298 1376 καὶ
3322 1322 3384 1375 ἐν
3401 1319 3595 1384 τούτοις
3619 1316 3724 1389 ψεύ-

2178 1421 2348 1489 δεται,
2375 1421 2411 1491 ἡ
2440 1438 2491 1473 τι
2520 1418 2648 1491 περί
2685 1434 2845 1471 τινων
2880 1415 3047 1483 ξένων
3076 1415 3172 1469 καὶ
3210 1414 3501 1487 ἀλλοτρίων
3528 1412 3619 1483 τῆς
3654 1410 3724 1464 πί-

2181 1530 2350 1576 στεως
2397 1512 2635 1567 τοιοῦτον
2689 1508 3012 1565 καταλαϐὼν
3072 1506 3289 1573 ἐξέθετο
3339 1509 3398 1561 ἐν
3447 1504 3520 1577 τῷ
3566 1502 3725 1559 ἑαυτοῦ

2180 1606 2594 1679 συγγράμματι·

2249 1779 2387 1840 Εἶτα
2434 1784 2572 1859 πρδς
2609 1782 2738 1847 τοὺς
2789 1780 3107 1855 χρωμένους
3170 1779 3310 1853 φησι
3364 1778 3509 1850 (63),
3562 1776 3723 1848 μαγείᾳ

501 1875 767 1932 adhibent
799 1884 967 1946 atque
1015 1848 1361 1948 praestigias,
1400 1848 1767 1947 barbarisque
1804 1878 2072 1947 quosdam

2187 1877 2284 1933 τινὶ
2315 1875 2411 1931 καὶ
2440 1848 2683 1947 γοητείᾳ,
2719 1848 2841 1928 xui."
2858 1848 3159 1935 καλοῦντας
3185 1848 3430 1942 όνόματα
3464 1869 3724 1942 βαρϐαρικὰ

501 1968 775 2023 daemones
810 1976 1010 2023 vocant
1061 1968 1408 2033 nominibus,
1440 1968 1561 2025 illos
1609 1969 1687 2024 ait
1734 1969 1914 2025 simile
1946 1969 2076 2038 quid

500 2056 685 2113 facere
711 2072 775 2114 ac
803 2056 899 2123 illi,
933 2057 1027 2127 qui
1054 2057 1245 2114 iisdem
1279 2060 1344 2116 de
1371 2059 1533 2113 rebus
1558 2058 1787 2114 miriﬁca
1827 2059 2075 2128 quaedam

502 2152 687 2208 facere
713 2151 971 2208 videntur
998 2167 1188 2207 coram
1219 2151 1285 2207 iis
1305 2190 1320 2216 ,
1353 2151 1445 2222 qui
1474 2150 1726 2205 nesciunt
1750 2165 1936 2205 earum
1969 2149 2073 2205 alia

500 2257 623 2301 esse
673 2244 894 2300 nomina
954 2245 1100 2315 apud
1146 2242 1386 2307 Graecos,
1445 2242 1550 2296 alia
1616 2243 1757 2311 apud
1822 2240 2074 2312 Scythas.

500 2335 712 2392 Deinde
759 2338 873 2391 haec
921 2335 1146 2390 adducit
1185 2349 1250 2390 ex
1303 2333 1614 2399 llerodoto,
1664 2352 1681 2386 ι
1713 2334 2014 2402 Apollinem
2044 2349 2075 2387 a

498 2429 727 2503 Scythis
756 2428 943 2485 vocari
967 2429 1385 2503 Gongosyrum;
1419 2430 1754 2501 Neptunum,
1788 2429 2077 2502 Thagima-

500 2523 672 2579 saden
699 2538 715 2585 ;
767 2519 1056 2587 Venerem,
1088 2520 1467 2592 Argimpasam
1498 2538 1515 2588 ;
1555 2519 1792 2587 Vestam,
1821 2518 2021 2578 Tabiti.
2051 2539 2070 2574 ι

500 2614 758 2682 Quaerant
809 2613 1000 2668 barum
1067 2627 1247 2667 rerum
1299 2612 1462 2682 periti
1518 2627 1700 2667 annon
1763 2612 1851 2668 hic
1909 2613 2075 2667 etiam

501 2704 691 2762 Celsus
733 2719 858 2761 cum
910 2702 1185 2759 Herodoto
1235 2703 1554 2758 mentiatur.
1614 2703 1877 2759 Nesciunt
1930 2702 2076 2757 enim

502 2797 721 2871 Scytha:
745 2807 929 2853 utrum
963 2796 1000 2851 ii
1030 2812 1167 2868 quos
1196 2796 1329 2852 deos
1362 2806 1578 2867 putant,
1604 2796 1766 2852 iidem
1795 2796 1907 2851 sint
1932 2794 2075 2865 apud

500 2887 738 2947 Graecos.
771 2889 903 2957 Quae
954 2889 1100 2943 enim
1145 2888 1506 2959 probabilitas
1555 2896 1640 2942 est
1688 2886 1993 2957 Apollinem
2045 2900 2075 2939 a

504 2979 731 3053 Scythis
760 2979 1139 3051 Gongosyrum
1169 2980 1430 3049 appellari
1456 2981 1480 3033 ?
1508 2979 1624 3035 Non
1663 2981 1807 3037 enim
1839 2980 2078 3035 arbitror

502 3087 572 3130 ex
607 3073 965 3146 Gongosyro,
1009 3073 1052 3128 si
1087 3071 1333 3128 Graecam
1374 3073 1428 3128 in
1473 3073 1710 3143 linguam
1751 3084 2074 3142 verteretur,

2175 1969 2445 2041 δαιμόνων
2473 1966 2655 2033 τινῶν,
2680 1966 2907 2021 τοιαῦτα
2941 1965 3049 2037 (64)
3076 1982 3089 1996 ·
3113 1966 3197 2019 ὅτι
3217 1965 3402 2035 ὅμοιον
3429 1958 3563 2017 οὗτοι
3591 1962 3724 2034 πράτ-

2176 2080 2329 2117 τουσι
2381 2063 2495 2124 τοῖς
2529 2059 2622 2114 ἐπὶ
2650 2062 2764 2123 τοῖς
2812 2059 2997 2121 αὐτοῖς
3046 2056 3428 2127 ὑποκειμένοις
3485 2071 3720 2126 τερατευοο

2181 2156 2361 2227 μένοις
2387 2154 2523 2226 πρὸς
2546 2152 2672 2216 τοὺς
2706 2151 2782 2223 μὴ
2814 2152 3022 2215 εἰδότας
3046 2149 3180 2205 ἄλλα
3204 2149 3301 2220 μὲν
3328 2147 3506 2203 αὐτῶν
3530 2142 3647 2201 εἶναι
3672 2146 3721 2227 τά

2176 2221 2578 2319 δώματα-παρ’
2610 2221 2886 2315 Ἕλλησιν,
2920 2243 3055 2298 ἄλλα
3083 2242 3141 2295 δὲ
3172 2240 3326 2313 παρὰ
3356 2239 3593 2302 Σκύθαις.
3636 2221 3721 2290 Εἶτ’

2179 2342 2449 2397 ἐκτίθεται
2477 2339 2585 2394 άπὸ
2610 2337 2895 2411 Ἡροδότου
2913 2336 3022 2407 (65)
3040 2333 3338 2398 λαϐὼν,ὡς
3355 2333 3446 2386 τὸν
3462 2332 3551 2403 μὲν
3576 2330 3721 2383 Ἀπόλ-

2177 2437 2321 2490 λωνα
2351 2435 2689 2505 Γογγόσυρον
2718 2432 2828 2505 (66)
2859 2430 3081 2485 καλοῦσι
3111 2428 3337 2493 Σκύθαι,
3372 2427 3462 2480 τὸν
3492 2426 3545 2479 δὲ
3573 2425 3721 2477 Ποσει-

2177 2528 2322 2582 δῶνα
2372 2524 2754 2597 Θαγιμασάδα,
2782 2525 2881 2595 τὴν
2908 2524 2952 2577 δ’
2999 2521 3322 2594 Ἀφροδίτην
3365 2518 3719 2591 Ἀργίμπασαν,

2191 2617 2405 2672 Ἑστίαν
2434 2616 2490 2669 δὲ
2524 2615 2737 2670 Ταόιτί.
2760 2613 3033 2681 Ἐξετάσει
3067 2614 3125 2666 δὲ
3166 2614 3195 2665 6
3236 2611 3547 2682 δυνάμενος,
3577 2610 3638 2678 μή
3664 2622 3722 2675 πη

2176 2708 2273 2763 καὶ
2299 2706 2428 2779 περὶ
2461 2706 2665 2761 τούτων
2718 2706 2815 2760 σὺν
2861 2704 3127 2778 Ἡροδότῳ
3154 2704 3183 2756 6
3211 2703 3420 2766 Κέλσος
3479 2700 3721 2771 ψεύδεταιο

2179 2801 2272 2854 ἆτε
2309 2799 2384 2871 μὴ
2415 2798 2793 2868 ἐπισταμένων
2821 2796 3044 2850 Σκυθῶν
3075 2794 3145 2848 τὰ
3177 2793 3321 2847 αὐτὰ
3357 2792 3597 2863 Ἕλλησιν
3621 2790 3725 2843 ὑποη

2178 2891 2406 2961 κείμενα
2434 2890 2561 2961 περ).
2587 2887 2695 2942 τῶν
2723 2886 3091 2958 νομιζομένων
3118 2885 3280 2938 θεῶν.
3314 2884 3451 2937 Ποία
3478 2883 3574 2953 γὰρ
3599 2881 3727 2933 mliu-

2180 2982 2360 3052 νὸτης,
2416 2983 2508 3035 τὸν
2564 2980 2873 3033 Ἀπόλλωνα
2938 2979 3282 3049 Γογγόσυρον
3336 2975 3486 3047 παρὰ
3538 2971 3728 3033 Σκύθαις

2181 3073 2500 3139 καλεῖσθαι;
2550 3073 2610 3126 ού
2641 3072 2749 3143 γὰρ
2802 3070 3063 3143 ἡγοῦμαι,
3109 3071 3193 3123 ὅτι
3227 3066 3729 3140 μεταλαμϐανόμενος

503 3168 696 3225 deduci
730 3182 891 3238 posse
925 3166 1307 3239 etymologiam
1339 3166 1624 3237 Apollinis,
1655 3175 1745 3222 aut
1774 3167 2074 3238 Apollinem

2187 3169 2260 3231 εἰς
2321 3168 2545 3221 Ἐλλάδα
2601 3167 2782 3237 φωνὴν
2815 3168 2843 3219 6
2876 3164 3217 3235 Γογγόσυρος
3267 3162 3369 3234 τὴν
3425 3156 3732 3231 ἐτυμολογίαν

505 3259 760 3331 Scythica
787 3260 968 3330 lingua
1006 3260 1147 3315 idem
1195 3261 1507 3329 signiﬁcare
1560 3275 1623 3314 ac
1677 3260 2073 3333 Gongosyrum.

2187 3262 2476 3334 παρίστησι
2519 3260 2613 3313 τοῦ
2678 3258 3101 3329 ’Λπόλλωνος-ἣ
3143 3260 3171 3310 6
3215 3255 3488 3309 Ἀπόλλων
3537 3254 3605 3315 εἰς
3652 3248 3731 3317 τὴν

505 3349 746 3408 Necdum
778 3350 917 3408 idem
952 3355 1017 3409 de
1051 3354 1277 3423 reliquis
1305 3354 1449 3408 dico.
1479 3352 1599 3407 Alia
1638 3353 1782 3407 enim
1813 3367 1879 3408 ex
1915 3368 2076 3408 causa

2187 3351 2401 3405 Σκυθῶν
2432 3351 2708 3405 διάλεκτον
2736 3348 2827 3401 τὸν
2859 3348 3201 3419 Γογγόσυρον
3230 3347 3511 3417 σημαίνει’
3539 3341 3668 3395 οὔπω
3686 3337 3730 3390 δὲ

503 3441 678 3499 οι·ωεί
723 3451 780 3498 et
815 3458 883 3498 ex
934 3444 1041 3498 alia
1095 3444 1308 3513 origine
1352 3447 1573 3499 deorum
1604 3457 1825 3499 suorum
1859 3446 2076 3499 nomina

2187 3446 2301 3499 οὐδὲ
2332 3444 2461 3514 περ).
2488 3442 2595 3496 τῶν
2626 3441 2827 3495 λοιπῶν
2850 3440 3046 3493 ταυτόν
3072 3458 3125 3493 τι
3153 3442 3270 3511 ἐρεῖ
3296 3438 3408 3511 (67)
3433 3457 3445 3469 ·
3476 3438 3560 3492 ἀπ’
3591 3434 3731 3489 ἄλλων

500 3534 856 3601 derivarunt,
895 3550 962 3591 ex
1002 3536 1107 3591 alia
1144 3537 1390 3607 Scythae,
1426 3552 1492 3591 ex
1526 3535 1635 3590 alia
1680 3536 1833 3601 lndi,
1880 3552 1943 3592 ex
1974 3537 2076 3592 alia

2187 3537 2288 3609 γὰρ
2318 3536 2623 3608 ὁρμώμενοι
2661 3533 2919 3604 ’Έλληνες
2970 3532 3316 3603 πραγμάτων
3370 3532 3462 3585 καὶ
3515 3525 3730 3597 ἐτυμολο-

498 3623 817 3693 JEthiopes,
854 3633 946 3678 aut
974 3624 1126 3692 Afri,
1150 3633 1265 3679 ‘aut
1294 3625 1629 3695 quicunque,
1664 3624 1850 3679 relicta
1900 3625 2076 3695 prima

2187 3630 2316 3699 γιῶν
2340 3628 2511 3692 οὕτως
2544 3627 2831 3697 ὠνόμασαν
2854 3627 2980 3689 τοὺς
3002 3628 3130 3695 παρ’
3155 3627 3371 3688 ἑαυτοῖς
3392 3619 3730 3694 νομιζομένως

503 3720 562 3767 et
582 3725 722 3782 pura
753 3712 1064 3769 Conditoris
1123 3712 1379 3779 notione,
1432 3714 1546 3770 suis
1586 3714 1692 3770 diis
1724 3716 1946 3771 nomina
1977 3729 2076 3785 pro

2187 3720 2337 3783 θεούς
2362 3737 2374 3749 ·
2412 3720 2503 3773 ἀπ’
2537 3718 2711 3772 ἄλλων
2743 3718 2799 3771 δὲ
2832 3717 3033 3770 Σκύθαι
3053 3734 3066 3747 ’
3103 3716 3250 3769 οὕτω
3278 3716 3335 3769 δέ
3360 3716 3455 3769 καὶ
3484 3715 3568 3767 ἀπ’
3593 3709 3730 3765 ἄλλων

504 3803 663 3862 libitu
686 3804 1021 3861 indiderunt.
1070 3804 1273 3861 Verum
1304 3807 1370 3861 de
1414 3807 1499 3863 his
1532 3807 1643 3876 jam
1684 3823 1848 3879 supra
1884 3810 2018 3865 satis
2048 3825 2077 3865 a

506 3897 664 3954 nobis
686 3898 891 3956 dictum
915 3908 1000 3955 est
1030 3916 1044 3953 :
1078 3914 1271 3969 nempe
1294 3899 1381 3955 ubi
1413 3900 1766 3970 probavimus
1795 3916 1900 3957 non
1924 3918 2079 3958 eum-

506 3989 630 4044 dem
664 4003 788 4046 esse
822 3988 1067 4045 Sabaoth
1098 3998 1156 4045 et
1197 3989 1429 4057 Jovem;
1480 3997 1535 4045 et
1574 3991 1664 4045 ubi
1704 3991 1964 4047 nonnulla
2014 3992 2080 4048 de

504 4079 818 4153 linguarum
846 4080 1162 4137 diversitate
1186 4095 1254 4137 ex
1298 4082 1469 4137 sacris
1499 4082 1796 4153 Scripturis
1820 4083 2080 4141 observa-

506 4174 712 4227 vimus.
758 4170 974 4227 Lubens
1006 4170 1174 4242 igitur
1205 4172 1323 4228 haec
1355 4174 1747 4243 praetermitto,
1790 4175 1846 4230 in
1885 4177 2082 4246 quibus

503 4261 719 4319 Celsum
734 4263 887 4333 sequi
909 4278 1024 4331 non
1042 4278 1281 4333 possem,
1305 4264 1434 4334 quin
1451 4264 1562 4333 jam
1587 4265 1729 4321 dicta
1755 4276 2078 4338 repeterem.

506 4352 711 4409 Deinde
765 4367 961 4409 rursus
1007 4354 1251 4426 magicas
1307 4356 1613 4425 praestigias
1648 4357 1808 4413 nobis
1855 4360 2076 4425 occinit,

2187 4376 2236 4412 τι
2258 4359 2366 4413 ἀπὸ
2397 4359 2505 4413 τῶν
2528 4358 2686 4412 θείων
2709 4357 3111 4428 παρετιθέμεθα
3145 4359 3509 4429 γραμμάτων.
3528 4356 3729 4415 Ἑκόντες

503 4460 706 4518 easque
732 4446 965 4506 fortasse
993 4448 1196 4502 nemini
1229 4447 1417 4504 tribuit
1449 4465 1464 4514 ;
1498 4464 1619 4505 cum
1663 4451 1735 4505 sit
1764 4465 1959 4518 nemo,
1989 4452 2076 4522 qui

2187 4448 2278 4504 οὖν
2335 4449 2733 4523 ὑπερϐαίνομεν
2785 4450 2980 4514 ταῦτα,
3037 4451 3097 4504 ἐν
3148 4443 3229 4519 οἷς
3288 4452 3382 4504 ἐπὶ
3424 4447 3728 4516 ταυτολογίαν

504 4540 561 4595 in
594 4538 855 4611 religione
896 4539 1112 4609 qualem
1163 4540 1513 4610 aggreditur,
1562 4540 1872 4612 huiusmodi
1906 4554 2076 4601 artem

2187 4546 2331 4618 ἡμᾶς
2354 4546 2383 4598 6
2413 4545 2620 4609 Κέλσος
2651 4542 2825 4598 καλεῖ.
2856 4538 3013 4605 Εἶτα,
3045 4542 3206 4596 πάλιν
3236 4542 3426 4615 φύρων
3449 4543 3514 4595 τὰ
3541 4541 3635 4595 ἀπὸ
3654 4538 3727 4605 τῆς

504 4644 803 4692 exerceat:
840 4644 936 4691 aut
961 4634 1200 4691 fortasse
1230 4634 1455 4702 respicit
1496 4633 1562 4688 ad
1604 4649 1729 4699 eos,
1760 4637 1956 4705 quibus
1986 4651 2076 4691 so-

2190 4635 2431 4709 μαγικῆς
2458 4634 2712 4706 γοητείας
2740 4634 2834 4687 καὶ
2862 4633 3193 4706 προσάπτων
3239 4635 3384 4704 τάχα
3437 4634 3531 4706 μὲν
3570 4629 3725 4686 οὐδενὶ.

502 4727 684 4784 lemne
710 4736 796 4785 est
822 4729 924 4785 hoc
952 4728 1186 4784 artiﬁcio
1229 4727 1307 4782 uti
1369 4740 1555 4782 coram
1605 4726 1981 4796 simplicibus,
2020 4737 2076 4782 ut

2187 4728 2265 4799 τῷ
2288 4727 2361 4800 μὴ
2381 4723 2515 4781 εἶναι
2544 4727 2670 4789 τοὺς
2700 4722 3173 4795 μαγγανεύοντας,
3219 4724 3492 4795 προφάσει
3510 4723 3599 4793 τῆς
3617 4717 3727 4773 κατὰ

500 4818 751 4889 quaedam
800 4820 983 4875 divina
1022 4826 1289 4890 potestate
1339 4817 1555 4873 eﬂicere
1590 4817 1897 4875 videantur.
1953 4819 2076 4875 Haec

2187 4821 2278 4875 τὸν
2308 4818 2631 4893 χαρακτῆρα
2667 4816 2856 4870 τοῦτον
2900 4815 3243 4879 θεοσεϐείας,
3278 4818 3422 4886 τάχα
3458 4816 3513 4869 δέ
3539 4832 3633 4869 τισι
3655 4808 3726 4865 καὶ

504 4925 640 4968 vero
670 4920 799 4966 sunt
826 4910 943 4979 ejus
983 4911 1189 4967 verba:
1224 4928 1243 4963 ι
1278 4909 1420 4977 Quid
1451 4923 1585 4978 opus
1626 4918 1712 4965 est
1750 4920 1809 4966 ut
1838 4927 2076 4968 comme-

2187 4912 2324 4984 πρὸς
2368 4911 2494 4976 τοὺς
2526 4909 2959 4982 εύεξαπατήτους
3007 4908 3313 4979 χρωμένοις
3357 4907 3636 4969 τοιούτοις,
3662 4903 3725 4955 ἴνα

506 5016 716 5058 morem
740 5000 864 5057 illos
892 5015 1118 5066 omnes,
1155 5004 1249 5072 qui
1295 5011 1389 5057 aut
1422 5001 1790 5071 expiationes,
1823 5011 1918 5057 aut
1947 5018 2076 5058 car-

2187 5005 2387 5059 δοκοῖεν
2434 5001 2553 5075 θείᾳ
2599 5000 2826 5071 δυνάμει
2853 5017 2907 5053 τι
2937 5001 3140 5063 ποιεῖν,
3174 4998 3452 5052 ἐκτίθεταί
3503 5014 3636 5062 τινα,
3658 4992 3724 5045 λέ-

506 5095 652 5148 mina
689 5106 962 5162 vocesque
1007 5092 1270 5163 pellendis
1321 5094 1681 5163 arcendisque
1718 5092 2076 5152 incommodis

2187 5114 2295 5165 γων
2318 5112 2333 5126 ·
2379 5114 2398 5148 ‹
2435 5095 2500 5149 Τί
2533 5111 2598 5165 με
2623 5093 2703 5147 δεῖ
2724 5092 3083 5163 καταριθμεῖν
3139 5092 3254 5145 ὅσοι
3302 5091 3606 5163 καθαρμοὺς
3641 5084 3723 5139 ἐδί-

575 5212 687 5286 (63)
709 5215 906 5286 νΦησί.
941 5211 1101 5286 Libb.
1127 5212 1279 5286 editi,
1306 5212 1428 5285 [ὣς]
1474 5230 1643 5285 φησι,
1680 5213 1774 5269 sed
1811 5216 2079 5269 redundat

506 5283 640 5337 illud
669 5283 765 5349 ’ὡς
808 5283 956 5354 (ιυοίι
990 5298 1102 5354 nec)
1138 5283 1190 5337 in
1240 5283 1497 5354 clunibus
1534 5283 1667 5338 mss.
1696 5293 1895 5338 exstat.
1928 5286 2076 5339 Prte-

507 5364 654 5406 terca
694 5352 917 5408 verbum
971 5352 1104 5424 φησί
1152 5353 1408 5409 collocari
1446 5354 1630 5409 malim
1688 5364 1813 5408 ante
1853 5354 2077 5408 τοιαῦτα

506 5438 761 5476 sequens.

538 5438 980 5564 8%gf)n;:0£atjta.
1014 5490 1434 5564 llmscheliusin
1469 5501 1638 5557 textu,
1664 5492 1855 5564 ταῦτα.

507 5558 689 5689 27(65)
743 5562 875 5619 Ἀπὸ
931 5562 1268 5630 Ἡροδότου.
1322 5563 1621 5630 llerodot.,
1676 5565 1771 5620 lib.
1799 5558 1892 5629 (ἓν,
1948 5580 2075 5634 pag.

579 5656 630 5687 ι).

579 5656 630 5687 ἱ).

578 5704 690 5776 (66)
730 5705 1136 5776 Γογγόσυρον.
1176 5705 1265 5776 Sic
1301 5706 1498 5774 ubique
1529 5720 1717 5759 omnes
1752 5705 1908 5759 codd.
1944 5720 2071 5776 mss.

504 5775 657 5845 Apud
708 5775 1273 5845 vulgatositllerodoti
1328 5776 1530 5840 libros,
1581 5776 1892 5844 Οἱτόσυρον.
1950 5775 2072 5827 Mox

505 5844 661 5903 cedd.
690 5845 909 5918 Regius,
942 5844 1290 5912 Basilecusis,
1325 5846 1612 5903 Vaticanus
1654 5856 1706 5901 et
1745 5846 2073 5914 Anglicanus

2186 3810 2282 3880 μὲν
2321 3810 2548 3881 Πέρσαι,
2583 3809 2676 3862 ἀπ’
2727 3808 2900 3862 ἄλλων
2928 3809 2985 3861 δὲ
3032 3807 3203 3873 Ἰνδοὶ,
3232 3810 3266 3880 ἢ
3296 3809 3568 3871 Αἰθίοπες,
3601 3806 3627 3875 ἢ
3656 3802 3731 3857 ΛΖ·

2182 3899 2344 3963 6υες·
2381 3899 2415 3969 ἢ
2467 3899 2613 3960 ὅπως
2661 3896 2812 3965 φίλον
2867 3897 3115 3961 ἑκάστοις
3168 3895 3488 3967 ὀνομάζειν,
3525 3895 3591 3966 μὴ
3638 3889 3731 3962 μείς»

2183 4009 2337 4047 νασιν
2367 3990 2459 4043 ἐπὶ
2491 3991 2588 4061 τῆς
2621 3988 2844 4062 πρώτης
2877 3991 2970 4042 καὶ
3001 3988 3255 4060 καθαρᾶς
3298 3988 3507 4052 ἐννοίας
3530 3987 3612 4041 τοῦ
3647 3984 3731 4037 τῶν

2183 4085 2320 4141 ὅλων
2356 4083 2720 4156 Δημιουργοῦ.
2753 4084 3053 4155 Αύτάρκως
3082 4082 3127 4136 δ’
3162 4085 3295 4154 ἡμῖν
3341 4084 3553 4155 εἴρηται
3584 4084 3661 4135 καὶ
3685 4080 3729 4130 ἐν

2181 4181 2292 4241 τοῖς
2319 4176 2425 4247 πρὸ
2451 4177 2673 4241 τούτων,
2707 4176 3050 4247 βουλομένοις
3080 4176 3435 4247 παραστῆσαι
3464 4176 3578 4246 μήτ’
3603 4173 3729 4226 αὑτὸν

2184 4265 2319 4323 εἶναι
2354 4269 2463 4341 (68)
2490 4267 2716 4321 Σαϐαὼθ
2745 4268 2912 4339 ἣΔία·
2937 4269 3027 4320 ὅτε
3060 4269 3156 4320 καὶ
3190 4270 3320 4339 περ).
3352 4268 3461 4321 τῶν
3483 4266 3729 4320 διαλέκτων

2186 5216 2481 5278 secundus,
2525 5213 2915 5284 Θαγιμασάδα;
2969 5213 3093 5284 alii,
3126 5212 3505 5284 Θατιμασάδα.
3548 5203 3721 5275 Vulgali

2188 5287 2444 5341 llerodoti
2479 5285 2623 5350 libri,
2652 5283 3334 5355 AQaptpaaﬁqulbidem
3364 5296 3567 5355 omnes
3589 5290 3720 5355 ἠως..

2199 5348 2616 5426 Ἀργίμπασανζ
2652 5348 2869 5425 γυιεςιίξ
2941 5348 3197 5408 Herodoti
3254 5352 3415 5417 libri,
3462 5348 3721 5421 ’Δρτίμπα-

2188 5444 2306 5480 σαν.

2257 5496 2367 5565 (67)
2421 5496 2580 5564 Ἐρεῖ.
2640 5493 2927 5565 Boherello
2976 5493 3193 5548 videtur
3247 5492 3387 5548 forte
3439 5491 3720 5563 legendum,

2181 5563 2414 5637 εἴρηται.
2449 5563 2558 5635 Ego
2592 5566 2728 5637 lego,
2756 5563 2886 5637 ἐρῶ.

2252 5628 2362 5704 (68)
2403 5628 2549 5701 Mr}?
2582 5628 2766 5704 αὑτὸν
2788 5628 2988 5704 ἐἷλ’ᾳν,
3025 5640 3131 5704 etc.
3168 5631 3381 5704 AGuietn
3416 5628 3718 5704 scribendum

2180 5700 2409 5785 videtur,
2446 5706 2520 5785 μὴ
2560 5705 2675 5785 τόν.
2696 5703 2858 5785 αὐτὸν
2892 5700 3033 5785 εἷναι,
3076 5700 3369 5785 ξαϐαὰςθιῇ
3400 5704 3514 5769 Δία,
3546 5700 3620 5756 \‘cl
3644 5710 3720 5769 ρο-

2182 5778 2308 5845 tius,
2341 5769 2415 5847 μὴ
2442 5769 2531 5829 τὸν
2561 5774 2718 5827 αὐτὸν
2753 5769 3152 5847 εἶναικΣαὸαὼθ
3182 5772 3275 5823 καὶ
3301 5769 3416 5827 Δία.
