3846 6406
155 367 279 426 1557

1293 371 1572 428 comm
1609 348 1885 426 CELSUM
1922 367 2047 424 LlB.
2086 367 2187 423 vv

3237 367 3372 423 £358

136 487 302 552 δειξαν,
335 484 367 559 ἢ
400 485 686 558 λυτηρίους
718 486 881 558 ᾠδὰς,
910 487 941 558 ἢ
984 487 1407 560 ἀποπομπίμους
1439 490 1639 559 φωνὰς,
1673 492 1691 540 i

1812 488 2029 542 idoneas
2052 528 2067 555 ,
2112 495 2202 540 aut
2238 485 2440 541 formas
2472 484 2781 555 effigiesque
2811 485 3111 541 daemonum
3148 486 3329 543 facere
3356 533 3370 555 ,

138 579 385 642 ἐκτύπους
414 578 543 649 (69),
569 578 601 649 ἢ
622 580 930 649 δαιμονίους
954 584 1383 653 σχηματισμοὺς,
1406 582 1696 651 αἰσθητῶν,

137 670 454 743 ἢάριθμῶν,
499 671 532 743 ἢ
579 672 768 738 λίθων,
804 673 837 745 ἢ
870 673 1052 742 φυτῶν
1075 716 1089 739 ,
1124 674 1155 745 ἢ
1188 673 1352 745 ῥιζῶν
1375 716 1389 742 ,
1441 676 1534 727 καὶ
1565 674 1699 739 ὅλως

136 762 470 816 παντοδαπῶν
501 764 798 834 χρημάτων
832 768 1062 819 παντοῖοι
1090 765 1533 837 ἀλεξιφάρμακας
1565 767 1700 837 Περὶ

134 848 197 909 ὦν
217 856 315 909 οὐκ
338 856 561 909 ἀπαιτεῖ
587 857 737 927 ἡμᾶς
764 857 1200 929 ἀπολογήσασθαι
1230 860 1291 912 τὸ
1316 859 1534 928 εὔλογον
1555 877 1567 888 ·
1604 860 1699 915 ἆτε

131 947 237 1002 οὐδὲ
268 946 407 999 κατά
437 949 602 1001 ποσὸν
627 949 979 1020 ἐνεχομένους
1008 950 1283 1015 τοιαύταις
1313 951 1607 1014 ὑπονοίαις.

188 1126 338 1180 Μετὰ
373 1125 547 1181 ταῦτα
578 1126 960 1200 παραπλήσιόν
995 1146 1048 1182 τι
1080 1132 1254 1183 ποιεῖν
1289 1148 1379 1202 μοι
1409 1131 1557 1185 δοκεῖ
1586 1135 1699 1197 τοῖς

130 1218 205 1305 διά
243 1218 441 1291 πολλὴν
489 1220 590 1291 τὴν
634 1220 771 1291 πρὸς
828 1223 1185 1293 Χριστιανοὺς
1236 1224 1531 1295 ἀπέχθειαν
1584 1226 1701 1280 δια-

131 1307 516 1380 ϐεϐαιουμένοις
540 1310 677 1383 πρὸς
696 1311 825 1375 τοὺς
842 1312 1107 1384 μηδαμῶς
1133 1313 1339 1378 εἰδότας
1354 1316 1421 1368 τά
1436 1316 1700 1387 Χριστια-

131 1399 239 1465 νῶν,
275 1402 356 1457 ὅτι
383 1400 492 1474 ἄρα
521 1405 588 1474 τῇ
622 1403 789 1474 πείρᾳ
847 1404 1139 1477 κατείληφε
1189 1406 1300 1477 (70)
1344 1408 1700 1478 Χριστιανοὺς

130 1490 382 1558 ἐσθίοντας
411 1494 622 1565 σάρκας
652 1494 901 1561 παιδίων,
944 1497 1040 1550 καὶ
1069 1497 1248 1569 μίξεσι
1292 1502 1414 1564 ταῖς
1437 1500 1570 1571 πρὸς
1601 1500 1700 1566 τὰς

131 1583 241 1654 παρ’
291 1584 474 1648 αὐτοῖς
525 1587 793 1654 γυναῖκας
838 1586 1032 1658 ἀνέδην
1072 1587 1182 1659 (71)
1226 1589 1559 1661 χρωμένους.
1611 1590 1699 1655 Ὠς

129 1678 222 1747 γάρ
244 1676 413 1731 ταῦτα
442 1677 711 1750 λεγόμενα
763 1679 864 1752 ἤδη
900 1680 994 1734 καὶ
1029 1680 1135 1734 ὑπὸ
1179 1680 1291 1734 τῶν
1341 1681 1569 1748 πολλῶν,
1604 1681 1699 1736 καὶ

128 1770 287 1841 πάντη
338 1769 636 1843 ἀλλοτρίων
666 1772 767 1843 τῆς
799 1771 921 1825 καθ’
970 1775 1120 1845 ἡμᾶς
1151 1772 1483 1840 θεοσεϐείας,
1533 1794 1699 1831 κατα-

1803 592 1895 638 aut
1924 584 2072 637 varia
2107 581 2429 638 amoliendis
2457 581 2734 637 veneficiis
2763 583 2996 637 remedia
3021 583 3074 637 in
3102 585 3365 651 vestibus,

1804 676 1854 727 in
1892 674 2153 739 numeris,
2188 673 2240 727 in
2276 672 2579 743 lapidibus,
2614 673 2667 728 in
2696 673 2932 743 plantis,
2973 675 3024 729 in
3058 676 3331 733 radicibus
3353 717 3371 743 ,

1804 760 1856 813 in
1886 760 2126 830 cujusvis
2155 760 2389 830 denique
2422 762 2637 829 generis
2688 762 2846 818 rebus
2890 764 3135 820 invenire
3163 765 3371 821 docue-

1804 850 2019 903 runt?»
2070 849 2233 921 662
2302 848 2448 915 Quas
2504 850 2916 908 criminationes
2970 868 3079 908 non
3132 856 3374 923 postulat

1800 950 1949 995 recta
1979 941 2118 995 ratio
2142 950 2200 995 ut
2229 940 2539 997 refellamus
2561 982 2578 1009 ,
2607 956 2729 996 cum
2759 942 2953 999 horum
2994 944 3283 1001 criminum
3314 946 3369 1002 in

1802 1045 1901 1086 nos
1930 1046 1998 1086 ne
2019 1032 2293 1088 levissima
2322 1032 2539 1102 quidem
2578 1036 2817 1105 suspicio
2850 1037 3159 1093 conveniat.
3363 1021 3371 1032 ’

1870 1122 1959 1177 40.
1979 1120 2035 1176 ln
2067 1123 2155 1187 iis,
2172 1121 2685 1193 quaaCelsusiaddit,
2709 1126 2839 1183 mihi
2859 1128 3071 1184 videtur
3097 1129 3203 1185 illis
3218 1131 3374 1185 simi-

1800 1213 1887 1280 lis,
1918 1213 2010 1283 qui
2042 1214 2257 1269 infenso
2288 1217 2551 1270 adversus
2578 1215 2918 1275 Christianos
2946 1221 3071 1277 odio
3097 1221 3369 1277 afﬁrmant

1799 1319 1985 1359 coram
2048 1304 2705 1379 bominibus'religionis
2769 1309 3092 1368 Christiana:
3145 1314 3371 1384 ignaris,

1798 1394 2135 1450 Christianos
2164 1395 2232 1450 ab
2258 1396 2392 1466 ipsis
2424 1396 2791 1467 deprehensos
2817 1399 3003 1466 fuisse,
3036 1402 3167 1457 dum
3188 1404 3370 1457 carni-

1800 1486 1903 1542 bus
1933 1485 2325 1543 infantulorum
2352 1504 2713 1551 vescerentur
2747 1500 2804 1547 et
2833 1506 2957 1548 cum
2991 1491 3215 1548 feminis
3238 1508 3367 1564 pro-

1800 1578 2010 1634 miscue
2040 1579 2160 1637 sine
2201 1586 2413 1653 pudore
2460 1603 2578 1644 rem
2623 1586 2908 1643 haberent.
2967 1584 3039 1641 Ut
3083 1585 3228 1641 enim
3256 1586 3368 1656 jam

1800 1681 2140 1743 compertum
2197 1684 2282 1730 est
2339 1678 2522 1735 multis
2564 1678 2740 1747 iisque
2788 1692 2819 1733 a
2871 1686 3058 1733 nostra
3109 1676 3372 1745 religione

1803 1776 2027 1831 prorsus
2048 1765 2240 1823 alienis
2264 1767 2571 1837 hujusmodi
2596 1767 2897 1823 calumnias
2925 1767 3191 1824 confictas
3213 1781 3336 1824 esse
3351 1805 3369 1832 ,

128 1862 470 1932 γιγνώσκεται
507 1865 584 1930 ὡς
612 1866 1026 1937 κατεψευσμένα
1074 1868 1415 1939 Χριστιανῶν
1446 1885 1460 1899 ·
1524 1868 1691 1935 οὕτως

1799 1853 1880 1910 sic
1904 1856 2067 1912 etiam
2095 1858 2213 1913 falsi
2241 1835 2655 1915 convinceretur
2687 1860 2739 1915 id
2768 1860 2911 1929 quod
2951 1858 3119 1915 refert
3148 1859 3368 1923 Celsus.

128 1954 354 2026 εὑρεθείη
386 1955 452 2010 ἂν
484 1958 579 2011 καί
606 1957 675 2011 τά
706 1956 927 2012 τοιαῦτα
967 1957 1048 2029 τῷ
1094 1960 1286 2031 Κέλσῳ
1332 1960 1701 2034 κατεψευσμέ-

126 2063 219 2108 νως
247 2046 506 2118 εἰρημένα
531 2087 546 2112 ,
573 2048 631 2102 ἐν
657 2043 737 2112 οἷς
762 2048 963 2120 έφησεν
990 2068 1010 2102 ι
1047 2050 1351 2122 ἑωρακέναι
1406 2053 1559 2125 παρά
1588 2072 1698 2108 τισι

126 2139 527 2211 πρεσϐυτέροις,
569 2142 669 2212 τῆς
700 2144 971 2214 ἡμετέρας
1031 2144 1190 2216 δόξης
1222 2147 1585 2217 τυγχάνουσι,
1615 2149 1699 2219 βι-

124 2229 236 2282 ϐλία
259 2230 528 2302 βάρϐαρα,
559 2232 828 2303 δαιμόνων
878 2236 1115 2305 ὀνόματα
1172 2236 1360 2306 ἔχοντα
1397 2238 1491 2290 καὶ
1533 2256 1698 2311 τερα-

127 2323 261 2386 τείας
280 2341 291 2353 ·
306 2343 323 2375 ι
336 2325 429 2377 καὶ
453 2325 714 2393 ἔφασκε,‹
740 2325 959 2391 τούτους
978 2330 1103 2392 τοὺς
1120 2329 1277 2400 δῆθεν
1299 2331 1699 2403 πρεσϐυτέρους

125 2412 208 2480 τῆς
241 2414 511 2486 ἡμετέρας
538 2416 698 2487 δόξης
724 2416 877 2470 οὐδὲν
913 2418 1011 2487 μὲν
1039 2420 1273 2491 χρηστὸν
1302 2421 1695 2492 ὑπισχνεῖσθαι,

126 2507 284 2561 πάντα
308 2508 350 2561 δ’
383 2512 472 2563 ἐπ’
517 2509 819 2581 ἀνθρώπων
857 2512 1119 2582 βλάϐαις.
1146 2534 1164 2566 ι
1200 2516 1309 2569 Καὶ
1357 2516 1469 2570 εἴθε
1514 2520 1700 2573 πάντα

125 2599 182 2653 τὰ
206 2600 307 2653 ὑπὸ
341 2602 555 2655 Κέλσου
607 2604 749 2657 κατὰ
787 2603 1127 2676 Χριστιανῶν
1156 2606 1422 2678 λεγόμενα
1474 2611 1697 2665 τοιαῦτα

125 2687 199 2763 liv!
234 2694 296 2747 ἶν’
325 2694 429 2747 ὑπὸ
461 2695 571 2748 τῶν
605 2695 871 2751 πλείστων
905 2698 1212 2770 ἐλέγχηται,
1244 2702 1410 2773 πείρᾳ
1456 2704 1693 2758 καταλαο

124 2785 304 2839 ϐόντων
330 2786 397 2839 τὰ
429 2786 657 2841 τοιαῦτα
685 2784 824 2841 εἶναι
851 2788 1020 2859 ψευδῆ
1051 2791 1116 2843 ὲκ
1150 2792 1242 2845 τοῦ
1268 2793 1361 2844 καὶ
1390 2794 1695 2863 συμϐεϐιω-

127 2877 257 2930 κέναι
285 2879 629 2949 Χριστιανῶν
666 2882 779 2942 τοῖς
822 2880 1126 2945 πλείστοις,
1159 2882 1250 2935 καί⁸
1283 2884 1448 2953 μηδὲν
1490 2885 1698 2939 τοιοῦτο

126 2970 234 3039 περὶ
259 2971 438 3024 αὐτῶν
470 2971 595 3041 μηδ’
629 2971 943 3041 ἀκηκοέναι.

180 3063 323 3117 Μετά
382 3064 598 3129 ταῦτα,
662 3063 901 3136 ὡσπερεὶ
964 3065 1349 3138 ἐπιλαθόμενος
1402 3069 1485 3122 ὅτι
1556 3070 1695 3123 κατὰ

1806 1962 1827 1997 ι
1855 1946 2060 2002 vidisse
2089 1963 2148 2004 se
2176 1948 2319 2020 apud
2342 1950 2607 2018 quosdam
2635 1958 2836 2005 nostra:
2856 1950 3134 2021 religionis
3157 1952 3375 2022 presby-

1799 2044 1948 2094 teros
1976 2039 2143 2095 libros
2166 2039 2433 2097 barbaros
2456 2082 2471 2107 ,
2498 2042 2551 2097 in
2593 2042 2789 2112 quibus
2817 2044 3119 2098 dmmonum
3155 2041 3374 2097 nomina

1801 2140 1855 2185 et
1915 2134 2202 2204 prazstigias
2254 2134 2596 2191 videbantur.
2633 2154 2651 2188 ι
2707 2134 2917 2201 Quibus
2965 2135 3148 2190 subdit
3196 2152 3215 2187 ι
3247 2132 3375 2190 illos

1803 2222 1972 2276 nostri
2006 2224 2183 2279 cultus
2212 2227 2565 2296 presbyteros
2618 2226 2750 2280 nihil
2791 2226 2955 2293 boni,
3009 2224 3147 2281 nihil
3174 2225 3275 2280 nisi
3310 2225 3365 2279 in

1804 2314 2087 2369 hominum
2114 2317 2413 2384 perniciem
2444 2317 2711 2388 polliceri.
2742 2336 2762 2370 ι
2798 2315 3018 2372 Utinam
3053 2316 3139 2372 his
3163 2316 3371 2372 similia

1801 2416 1987 2461 essent
2015 2408 2220 2473 omnia,
2253 2425 2375 2479 qua:
2398 2420 2586 2464 contra
2614 2408 2957 2463 Christianos
2984 2422 3013 2460 a
3043 2406 3203 2463 Celso
3224 2408 3370 2462 dicta

1798 2508 1950 2552 sunt.
1985 2497 2121 2553 Tum
2151 2500 2295 2555 enim
2326 2502 2573 2571 plerique
2617 2516 2677 2556 re
2710 2501 2826 2569 ipsa
2855 2500 3066 2571 experti
3096 2499 3371 2569 intellige-

1803 2597 1925 2641 rent
1960 2604 2109 2643 mera
2147 2604 2271 2645 esse
2304 2590 2587 2646 mendacia
2614 2608 2628 2657 ;
2661 2591 2861 2661 quippe
2885 2589 2976 2658 qui
3006 2588 3139 2643 nihil
3174 2591 3242 2643 de
3268 2589 3372 2645 hu-

1794 2679 2033 2748 jusmodi
2070 2680 2231 2735 rebus
2258 2680 2585 2745 audierunt,
2614 2678 2738 2734 licet
2770 2693 2893 2734 cum
2920 2677 3247 2735 Christianis
3272 2691 3361 2732 so-

1800 2771 2053 2824 cietatem
2078 2768 2387 2826 habuerint.

1867 2968 1957 3023 4t.
1995 2966 2184 3023 Postea
2212 2975 2472 3037 tanquam
2498 2963 2698 3021 oblitus
2725 2978 2783 3020 se
2811 2972 3001 3020 contra
3024 2963 3367 3021 Christianos

1798 3074 1963 3130 agere
1991 3081 2003 3116 :
2034 3079 2054 3113 ι
2094 3059 2309 3123 Audivi,
2345 3060 2553 3129 inquit,
2586 3071 2653 3112 ex
2684 3058 2944 3128 Dionysio
2970 3057 3205 3127 quodam
3247 3073 3369 3112 mu-

124 3152 440 3226 Χριστιανῶν
474 3154 628 3226 αὐτῴ
658 3156 942 3225 πρόκειται
969 3158 1221 3229 γράφειν,
1250 3160 1417 3231 φησί·
1461 3181 1478 3212 ι
1513 3162 1691 3215 Διονύ-

1802 3154 1915 3209 sieo
1966 3151 2222 3222 Egyptio
2262 3165 2474 3206 mecum
2533 3160 2808 3216 versante,
2868 3149 3137 3220 magicam
3196 3159 3371 3203 artem

124 3247 220 3301 σιόν
253 3265 405 3313 τινα,
440 3250 698 3321 μουσικὸν
750 3248 1045 3317 Αίγύπτιον
1079 3253 1471 3324 συγγενόμενον
1524 3254 1694 3324 αὐτῷ,

122 3337 531 3409 εἰρηκέναιπερὶ
557 3338 668 3391 τῶν
696 3338 835 3391 κατά
865 3339 965 3409 τὴν
995 3342 1245 3410 μαγείαν,
1268 3343 1349 3395 ὅτι
1375 3342 1508 3413 πρὸς
1533 3345 1697 3397 άπαι-

121 3427 314 3493 δεύτους
350 3431 448 3500 μὲν
481 3430 623 3500 αὐτὴ
657 3428 877 3484 δύναται
907 3433 1001 3485 καὶ
1033 3434 1170 3503 πρὸς
1206 3433 1604 3507 διαφθαρέντας
1627 3437 1697 3491 τά

123 3520 238 3591 ἤθη·
277 3522 410 3594 πρὸς
466 3522 525 3574 δὲ
578 3523 705 3586 τοὺς
763 3523 1226 3595 φιλοσοφήσαντας
1252 3567 1267 3591 ,
1315 3528 1467 3581 οὐδὲν
1513 3530 1601 3581 οία
1636 3528 1697 3582 τέ

121 3614 247 3666 ἐστιν
274 3616 537 3684 ἐνεργεῖν,
568 3614 664 3667 ἆτε
686 3613 786 3685 τῆς
818 3616 1059 3688 ὑγιεινῆς
1080 3618 1289 3689 διαίτης
1321 3620 1698 3693 προνοησαμέ-

120 3722 245 3769 νους.
287 3727 303 3756 ι
336 3709 399 3760 Εἰ
432 3709 533 3777 μὲν
567 3701 660 3760 οὖν
692 3707 979 3778 προέκειτο
1011 3709 1138 3780 περὶ
1172 3712 1400 3781 μαγείας
1434 3712 1530 3765 νῦν
1563 3713 1696 3783 ἡμῖν

118 3798 392 3865 διαλαϐεῖν,
418 3800 525 3853 κᾶν
559 3799 976 3871 προσεθήκαμεν
996 3795 1075 3865 οἷς
1100 3803 1353 3875 ἀνωτέρω
1372 3804 1499 3875 περὶ
1525 3805 1697 3874 αὐτῆς

118 3891 398 3961 εἰρήκαμεν
429 3892 513 3954 εἰς
562 3890 722 3944 τοῦτο
753 3891 907 3960 ὀλίγα
928 3909 941 3923 °
979 3894 1098 3946 ἐπεὶ
1125 3893 1181 3946 δὲ
1215 3894 1282 3947 τὰ
1310 3895 1695 3967 ὲπικαιρότερα

121 3980 210 4049 χρὴ
234 3980 409 4049 λέγειν
434 3982 576 4054 πρὸς
601 3982 664 4035 τὸ
683 3982 892 4037 Κέλσου
919 3984 1275 4055 σύγγραμμα,
1308 3987 1435 4058 περὶ
1462 3986 1695 4057 μαγείας

122 4072 313 4140 φαμὲν,
345 4073 428 4126 ὅτι
462 4074 491 4125 ό
522 4072 843 4143 βουλόμενος
882 4073 1153 4141 ἐξετάσαι,
1181 4077 1406 4148 πότερόν
1440 4095 1570 4131 ποτε
1601 4079 1695 4131 καὶ

122 4165 376 4234 φιλόσοφοι
410 4166 611 4220 ἁλωτοί
643 4168 781 4219 εἰσιν
814 4166 950 4238 αὐτῇ
976 4166 1009 4237 ἢ
1040 4168 1266 4239 pilai),
1297 4170 1593 4239 ἀναγνώτω
1624 4170 1694 4223 τὰ

120 4259 461 4329 γεγραμμένα
500 4256 832 4328 Μοιραγένει
884 4258 991 4312 τῶν
1032 4260 1388 4313 Ἀπολλωνίου
1441 4262 1534 4315 τοῦ
1586 4260 1692 4314 Τυ-

121 4345 273 4410 ανέως
307 4348 485 4418 μάγου
518 4347 616 4399 καὶ
646 4346 930 4416 φιλοσόφου
981 4347 1557 4421 ἀπομνημονευμάτων
1578 4368 1594 4382 ο
1636 4351 1694 4404 ὲν

122 4432 189 4500 οἷς
218 4442 244 4491 ό
278 4440 355 4512 μὴ
383 4438 733 4510 Χριστιανὸς,
756 4437 891 4492 ἀλλὰ
914 4437 1221 4508 φιλόσοφος,
1255 4439 1454 4511 ἔφησεν
1487 4441 1693 4495 ἁλῶναι

1799 3243 2005 3315 aliquid
2043 3257 2198 3309 posse
2240 3243 2297 3297 in
2336 3243 2555 3313 ignaros
2590 3251 2646 3297 et
2676 3242 2953 3311 corruptis
2989 3242 3232 3295 moribus
3268 3241 3369 3295 ho-

1800 3338 2015 3403 mines;
2071 3337 2124 3390 in
2160 3334 2515 3406 philosophos
2567 3344 2784 3401 autem,
2833 3334 2923 3403 qui
2965 3333 3170 3389 salubri
3198 3333 3377 3389 victus

1800 3434 2012 3489 ratione
2041 3442 2288 3497 utuntur,
2318 3430 2452 3485 nihil
2475 3430 2673 3486 habere
2704 3430 2929 3485 virium.
2954 3448 2976 3483 ι
2995 3429 3095 3486 Hic
3109 3430 3153 3485 si
3176 3430 3373 3486 dearte

1799 3524 2010 3594 magica
2048 3521 2351 3577 disserendi
2390 3522 2679 3575 consilium
2710 3532 2880 3585 esset,
2914 3521 2980 3577 iis
3012 3536 3133 3591 quae
3154 3521 3268 3589 jam
3303 3520 3374 3575 de

1800 3613 1893 3669 illa
1928 3616 2040 3669 dixi
2082 3616 2285 3670 addere
2327 3612 2582 3666 nonnulla
2625 3627 2882 3682 possem:
2931 3613 3027 3667 sed
3068 3622 3288 3683 praestat
3318 3613 3374 3665 in

1801 3709 1868 3763 iis
1894 3708 2151 3762 insistere
2186 3720 2307 3775 qum
2338 3704 2563 3774 propius
2589 3705 2655 3759 ad
2685 3704 2826 3760 Celsi
2861 3704 3209 3773 scriptiouem
3242 3720 3368 3773 per-

1800 3801 1993 3855 tinent.
2026 3799 2132 3866 Qui
2156 3799 2297 3853 seire
2325 3798 2557 3853 voluerit
2599 3798 2842 3867 possitne
2873 3798 3002 3867 quid
3043 3812 3111 3851 an
3143 3796 3278 3852 nihil
3314 3798 3369 3851 in

1798 3890 2151 3960 philosophos
2175 3906 2266 3945 ars
2296 3889 2505 3957 magica
2526 3927 2541 3951 ,
2583 3886 2728 3958 legat
2774 3888 2820 3941 is
2852 3888 3030 3942 editas
3064 3887 3134 3942 ab
3166 3886 3370 3941 Maera-

1798 3995 1934 4052 gene
1963 3997 2052 4036 res
2078 3980 2346 4049 Apollonii
2376 3979 2582 4049 Tyanei
2614 3980 2758 4049 magi
2784 3978 2945 4033 simul
2975 3988 3031 4032 et
3058 3979 3369 4049 philosophi

1799 4073 2201 4128 memorabiles.
2224 4072 2560 4142 Moeragenes
2576 4082 2756 4125 autem
2776 4070 2864 4124 ille
2878 4085 2984 4124 non
3004 4070 3371 4135 Christianus,

1798 4166 1892 4221 sed
1930 4166 2285 4233 philosophus
2331 4174 2472 4219 erat.
2517 4163 2704 4219 Refert
2743 4172 2925 4219 tamen
2962 4163 3226 4233 plurimos
3270 4178 3374 4217 nee

1797 4258 2061 4327 ignobiles
2086 4242 2442 4326 philosophos
2472 4257 2683 4325 magica
2718 4256 2987 4326 Apollonii
3020 4266 3139 4311 arte
3183 4266 3373 4325 captos

1796 4350 1964 4405 fuisse
1986 4348 2506 4419 etadeumquasiad
2526 4347 2913 4403 incantatorem
2947 4348 3259 4402 ventitasse.
3290 4346 3376 4400 ln-

1798 4451 1878 4498 ler
1901 4442 2036 4498 alios
2061 4442 2127 4497 de
2159 4441 2451 4512 Euphrate,
2473 4441 2687 4510 opinor,
2714 4441 3041 4495 mentionem
3070 4440 3200 4495 facit
3221 4448 3278 4494 et
3305 4441 3374 4494 de

122 4529 213 4583 ὑπὸ
235 4532 337 4602 τῆς
365 4534 423 4586 ὲν
471 4529 814 4599 Ἀπολλωνίῳ
874 4531 1103 4602 μαγείας
1130 4532 1229 4585 οὐκ
1255 4534 1499 4601 ἀγεννεῖς
1540 4552 1691 4599 τινας

1799 4534 2379 4603 αυοὸοηιλΕρῑουτοο.
2433 4532 2595 4603 663
2641 4531 2697 4587 ld
2740 4546 2841 4587 nos
2886 4531 2964 4585 uti
3007 4532 3223 4600 propria
3270 4545 3372 4587 ex-

123 4623 444 4695 ςιλοσόφους,
487 4624 565 4689 ῶς
605 4622 743 4693 πρὸς
791 4622 962 4694 γόητα
1007 4622 1166 4677 αὐτὸν
1206 4624 1579 4689 εἰσελθόντας·
1636 4628 1695 4682 ὲν

184 4806 290 4877 (69)
340 4806 699 4871 Ἐκτύπους.
752 4807 846 4861 Sic
900 4805 1233 4875 Anglicanus
1279 4810 1522 4877 primus,
1559 4812 1683 4867 libri

122 4888 287 4931 autem
320 4880 448 4931 editi
495 4877 769 4949 κτύπους,
823 4891 920 4949 pro
964 4892 1071 4945 quo
1092 4877 1321 4949 legebat
1368 4880 1686 4936 Boherellus

123 4963 229 5000 cum
248 4950 557 5022 interprete
587 4948 813 5002 Geleniu
839 4946 1229 5022 surroucthlo's
1255 4963 1351 5017 pro
1378 4950 1682 5022 αἰσθητῶν,

123 5021 332 5138 gguine
359 5018 648 5088 legendum
679 5032 801 5072 cum
825 5018 1012 5073 eodem
1043 5017 1270 5073 Gelenio
1296 5029 1352 5073 et
1377 5017 1687 5089 Boherello,

156 5120 174 5138 δ
207 5105 366 5138 ητων.

156 5106 366 5142 πητων.

187 5105 688 5230 (ξθῗῖῖατείληςρε.
721 5157 877 5231 Legit
918 5156 1263 5225 Boherellus,
1299 5161 1673 5231 κατειλήφασι.

136 5224 259 5281 \‘ide
275 5224 675 5283 'aduotationes
704 5224 895 5298 adjib.
922 5243 963 5292 ι,
984 5224 1263 5298 numerum
1283 5224 1539 5298 primum.

187 5298 292 5373 (η)
332 5300 503 5373 φοράς
556 5299 727 5373 “seu
776 5296 942 5353 Basit-
991 5310 1048 5354 ει
1096 5296 1412 5365 ν³ιί⁰³““⁵’
1463 5301 1676 5373 “iam”

124 5365 443 5435 Lilibfediti,
478 5365 725 5438 ἀναίδην.

186 5438 295 5508 (12)
325 5442 387 5494 Ἠ
405 5439 523 5509 μή.
552 5437 720 5509 Recte
740 5438 896 5509 codd.
920 5437 1055 5509 Reg.
1076 5447 1131 5495 et
1152 5439 1498 5497 Basileensis.
1523 5440 1680 5497 Libb.

126 5517 298 5563 autem
330 5508 481 5574 editi,
522 5512 572 5563 εἰ
606 5508 712 5579 μὴ,
745 5508 903 5566 male.
938 5508 1059 5579 Mox
1109 5510 1304 5564 Guieto
1334 5513 1681 5566 scribendum

126 5578 711 5654 videtur,_Mo:pzyévsi
740 5578 998 5654 nsptjibv
1037 5579 1413 5654 Ἀπολλωνίου.
1447 5581 1688 5654 Delia:-

129 5664 319 5719 ragene
365 5647 503 5707 haec'
533 5647 827 5705 adnotavit
867 5647 1189 5720 Speneerus.
1240 5653 1311 5706 At
1371 5653 1486 5720 ejus
1530 5650 1686 5707 libris

128 5719 278 5792 iidem
330 5721 713 5792 adhibendam,
741 5730 903 5792 negat
935 5719 1312 5792 Philostratus,
1350 5719 1445 5776 lib.
1486 5737 1535 5782 ι.
1564 5736 1683 5792 cap.

126 5790 180 5851 3,
212 5791 282 5862 De
313 5794 416 5846 vim
447 5791 716 5862 Apollonii
741 5804 767 5862 ί
789 5790 863 5844 Οὐ
902 5790 1018 5862 γὰρ
1055 5790 1479 5862 Μοιραγένειντε
1515 5790 1683 5862 προσ-

130 5861 326 5929 ικτέον,
373 5862 551 5932 βιϐλία
599 5860 698 5931 μὲν
744 5859 1036 5927 ξυντιθέντι
1089 5863 1145 5924 ἐς
1183 5861 1529 5917 Ἀπολλώνιον
1560 5859 1685 5915 ’τέτ-

1802 4626 2071 4697 perientia
2104 4634 2442 4696 compertum
2488 4625 2856 4689 aﬂirmamus,
2898 4623 3035 4679 nihil
3062 4637 3185 4679 esse
3220 4625 3367 4692 quod

1787 4832 1963 4885 ταρα,
2010 4813 2180 4869 πολλά
2226 4814 2289 4885 δὲ,
2334 4806 2443 4867 τῶν
2497 4813 2623 4884 περὶ
2666 4813 2758 4866 τὸν
2791 4811 2963 4885 ἄνδρα
2995 4811 3364 4885 Δἀγνοήσοιντι.

1794 4904 1813 4936 ι
1846 4882 2028 4954 Neque
2070 4901 2198 4938 vero
2243 4884 2535 4952 Mcerageni
2572 4882 2713 4937 fides
2759 4894 2843 4937 est
2879 4882 3219 4954 adhibenda,
3269 4886 3365 4951 qui

1789 4951 1953 5009 libros
1978 4956 2042 5009 de
2060 4954 2344 5018 Apollonio
2378 4951 2611 5023 quatuor
2636 4952 3091 5023 scribens,multa
3122 4951 3239 5018 ejus
3262 4954 3369 5007 viri

1788 5034 1935 5096 gesta
1990 5026 2242 5093 ignorare
2289 5025 2437 5096 visus
2464 5033 2566 5077 est.
2596 5040 2614 5074 ι
2649 5022 2708 5077 In
2741 5024 2905 5077 dubio
2935 5038 3079 5087 sum,
3115 5036 3185 5096 an
3214 5036 3371 5096 enni-

1789 5091 1915 5165 dem
1949 5091 2126 5165 signet
2158 5096 2297 5165 libro
2324 5095 2532 5165 quinto,
2565 5095 2753 5165 capite
2769 5103 2952 5165 sexto,
2991 5091 3364 5165 eumADamis,

1787 5174 1842 5219 et
1876 5161 2140 5219 Maximus
2176 5163 2516 5233 Alginensis,
2553 5172 2689 5216 teste
2724 5162 3080 5233 Philostrato,
3108 5161 3370 5233 despol-

1791 5235 1921 5289 lonii
1952 5235 2119 5304 gestis
2161 5230 2581 5304 commentarius
2611 5232 2935 5304 scripserint
2974 5250 2987 5284 :
3026 5230 3136 5283 Kal.
3175 5230 3367 5304 secem

1787 5305 1857 5389 τά
1884 5298 1979 5389 τοϐ
2016 5304 2354 5389 ἓίουσωνίρυ,
2388 5302 2561 5389 πλείω
2606 5298 2892 5389 δνταλκαὶκ
2912 5298 3367 5389 θαυμασιώτερα,

1789 5375 1865 5438 ὡς
1901 5376 1973 5446 μὴ
2011 5375 2223 5446 δοκοίην
2264 5371 2624 5446 θρασύνεσθαι
2661 5372 2796 5446 πρὸς
2842 5371 2934 5424 τὸν
2962 5370 3181 5446 ἀμελῶς
3227 5370 3370 5425 αὐτά

1788 5442 2030 5501 εἰπόντα.
2072 5464 2090 5496 ‹
2119 5442 2188 5498 Et
2217 5442 2563 5499 deMusuniG
2606 5442 2825 5511 quidem
2873 5443 3214 5507 omittuntur,
3247 5456 3370 5509 qua:

1788 5518 1943 5584 plura
1989 5524 2148 5573 sunt.
2195 5524 2356 5582 atque
2390 5511 2755 5584 mirabiliora;
2788 5525 2857 5567 ne
2884 5512 3073 5568 videar
3108 5513 3370 5584 adversus

1786 5582 1907 5640 eum
1953 5586 2212 5639 audacius
2265 5582 2549 5652 insultare,
2581 5582 2672 5651 qui
2705 5582 2821 5637 haec
2851 5592 3055 5637 temere
3092 5582 3371 5652 negligen-

1786 5666 1974 5721 terque
2021 5654 2282 5708 narravit.
2318 5671 2338 5705 ι
2400 5650 2723 5722 hlteragenis
2780 5653 3029 5708 meminit
3100 5650 3363 5722 Tzetzes.

1784 5719 1913 5778 chil.
1944 5740 2005 5787 ιι,
2037 5725 2166 5781 hist.
2193 5725 2290 5791 60;
2323 5719 2616 5791 Plutarchi,
2647 5722 2738 5779 lib.
2767 5738 2819 5778 iv
2854 5722 3123 5795 ὅμηροι,
3155 5736 3275 5789 cap.
3306 5719 3361 5773 5.

1786 5794 2044 5850 Srsncen.

1827 5811 2044 5851 PENCER.
