3846 6406
177 289 299 351 1565

1313 281 1598 340 CONTRA
1635 278 1912 338 CELSUM
1950 277 2078 336 LlB.
2109 265 2199 334 Vl.

3272 276 3414 332 1566

171 413 310 476 ὅντες
344 408 455 472 τοῖς
492 407 603 462 ἀπὸ
645 406 737 461 τοῦ
784 407 985 480 κλήρου
1033 404 1128 459 τοῦ
1173 404 1344 471 Θεοῦ,
1393 403 1588 478 ἐρημοί
1623 406 1722 458 εἰσι

1837 417 1938 474 pro
1968 417 2062 459 sua
2111 397 2460 472 improbitate
2494 399 2560 455 ad
2599 397 2802 454 malum
2847 397 3000 457 illum
3029 397 3344 471 pertinent,
3370 401 3408 458 ii

173 505 312 562 Θεοῦ.
354 500 512 555 Ἀλλά
551 503 643 555 καὶ
672 501 722 555 οἰ
751 501 810 553 ὲν
834 503 945 564 τοῖς
975 500 1206 571 Κριταῖς
1233 498 1338 552 υίοὶ
1368 496 1566 569 Βελίαρ
1595 496 1728 568 (94),

173 596 302 660 τίνος
330 594 485 651 ἄλλου
518 593 554 666 ἢ
585 592 774 648 τούτου
800 592 1047 664 λέγονται
1087 587 1226 646 εἶναι
1260 589 1367 645 υἰοὶ
1398 590 1487 645 διά
1514 591 1614 662 τὴν
1642 607 1733 644 πο-

174 689 381 762 νηρίαν;
413 685 610 757 Σαφῶς
659 686 715 740 δὲ
735 727 748 752 ,
788 686 940 760 παρά
970 684 1144 740 ταῦτα
1186 684 1397 749 πάντα,
1428 684 1487 738 ὲν
1519 683 1596 756 τῷ
1629 685 1730 756 άρ-

173 781 413 856 χαιοτέρῳ
443 780 539 835 καὶ
569 779 848 845 Μωῦσέως
890 779 1054 834 αὑτοῦ
1100 776 1221 832 Ἰὼϐ
1259 780 1288 831 ὁ
1319 775 1562 841 διάϐολος
1594 778 1729 831 ἀνα-

173 874 454 944 γέγραπται
479 870 846 942 παρίστασθαι
879 868 957 940 τῷ
990 867 1130 939 Θεῷ,
1155 867 1248 922 καλ⁵
1269 869 1439 922 αἰτεῖν
1459 867 1559 940 τὴν
1587 865 1731 920 κατά

170 963 253 1018 τοῦ
291 963 401 1018 Ἰὼϐ
433 961 715 1028 ἐξουσίαν,
748 962 816 1015 ἵν’
861 961 1024 1016 αὑτὸν
1064 960 1334 1033 περιϐάλῃ
1375 959 1730 1032 περιστάσεσι

173 1055 479 1128 βαρυτάταις
502 1072 516 1086 ·
547 1054 739 1128 πρώτῃ
767 1054 869 1126 μὲν
911 1057 978 1126 τῇ
1020 1053 1238 1108 πάντων
1271 1052 1384 1124 (95)
1412 1051 1522 1106 τῶν
1555 1051 1730 1124 ὑπαρ-

171 1149 354 1220 χόντων
396 1147 544 1220 αὐτῷ
581 1148 678 1203 καὶ
714 1147 823 1202 τῶν
855 1147 1061 1202 τέκνων
1104 1145 1269 1202 αὐτοῦ
1301 1146 1579 1218 ἀπωλείᾳ,
1610 1147 1730 1201 δευ-

170 1233 290 1312 τέρᾳ
334 1238 387 1293 δὲ
423 1239 564 1293 κατά
593 1239 656 1292 τὸ
687 1238 1002 1310 περιϐαλεῖν
1033 1238 1197 1292 αὐτὸν
1236 1237 1413 1310 ἀγρίῳ
1452 1237 1727 1308 ἐλέφαντι,

171 1329 238 1402 τῷ
261 1329 392 1385 οὕτω
414 1331 572 1385 καλου
582 1331 728 1402 μένῳ
757 1334 888 1402 νοσή
897 1349 1046 1402 ματι.
1067 1333 1175 1385 πᾶν
1196 1330 1257 1385 τὸ
1276 1330 1436 1401 σῶμα
1457 1329 1550 1384 τοῦ
1583 1329 1724 1383 Ἰώϐ.

181 1421 272 1475 Ἐὦ
294 1422 397 1494 γὰρ
421 1422 487 1476 τά
513 1422 620 1476 ἀπὸ
648 1422 755 1476 τῶν
790 1422 1136 1492 Εὐαγγελίων
1164 1424 1291 1495 περί
1323 1423 1417 1476 τοῦ
1447 1421 1728 1494 πειράζονο

169 1531 248 1578 τος
271 1512 355 1566 τὸν
379 1514 602 1585 Σωτῆρα
629 1514 896 1580 διαϐόλου,
925 1514 1013 1569 ἵνα
1042 1514 1128 1587 μὴ’
1147 1515 1284 1580 δόξω
1308 1515 1416 1569 ἀπὸ
1448 1515 1728 1586 νεωτέρων

168 1603 377 1677 γραφῶν
415 1605 599 1678 φέρειν
640 1607 708 1660 τὰ
753 1606 883 1678 περί⁵
931 1605 1025 1659 τοῦ
1071 1605 1400 1678 ζητουμένου
1449 1606 1586 1678 πρὸς
1635 1605 1728 1660 τὸν

169 1697 372 1752 Κέλσον.
406 1699 515 1752 Καὶ
547 1699 605 1751 ὲν
637 1701 746 1762 τοῖς
781 1698 1109 1763 τελευταίοις
1139 1698 1197 1752 δὲ
1228 1697 1323 1752 τοῦ
1365 1697 1484 1753 Ἰὼϐ
1503 1737 1517 1762 ,
1547 1699 1605 1752 ὲν
1645 1693 1726 1762 οἷς

1834 511 1957 551 cum
1986 495 2096 550 sint
2125 495 2260 550 sorti
2290 493 2488 550 divinae
2530 491 2769 558 infensi,
2814 492 3064 564 procula
3109 493 3222 549 Deo
3261 495 3411 552 able-

1833 596 2048 657 gantur.
2091 587 2198 642 Sed
2228 595 2284 642 et
2328 585 2406 641 illi
2441 585 2543 640 lilii
2588 583 2781 651 Belial,
2832 586 2898 640 de
2923 585 3125 656 quibus
3177 587 3232 642 in
3263 587 3406 643 libro

1831 678 2080 736 Iudicum
2111 679 2191 745 ⁷ο,
2238 678 2464 747 cuiusne
2501 677 2595 734 ﬁlii
2629 688 2852 750 propter
2879 680 3288 752 improbitatem
3319 683 3407 739 di-

1832 779 2035 827 cuntur
2063 785 2205 839 esse,
2233 780 2598 842 praeterquam
2623 772 2866 844 ejusdem
2898 774 3044 830 illius
3068 775 3190 830 mali
3213 775 3238 831 ἰ
3263 776 3412 833 Prae-

1833 872 1979 920 terea
2011 863 2064 918 in
2096 864 2234 920 libro
2264 863 2364 921 Job
2380 865 2426 898 *ί
2469 864 2785 937 Moyseipso
2803 868 3126 938 antiquioris
3158 869 3406 927 diabolus

1828 954 2027 1026 legitur
2044 957 2288 1012 astitisse
2319 971 2503 1013 coram
2529 958 2662 1024 Deo,
2697 969 2752 1014 et
2782 960 3006 1030 petiisse
3041 969 3102 1016 ut
3133 961 3240 1017 sibi
3268 962 3406 1019 lice-

1829 1056 1914 1102 ret
1942 1046 2091 1101 illum
2125 1048 2464 1117 gravissimis
2489 1048 2703 1105 afﬁcere
2727 1050 2992 1108 molestiis
3013 1091 3029 1118 ,
3060 1068 3126 1110 ac
3169 1055 3409 1124 primum

1830 1138 2050 1208 quidem
2097 1139 2339 1194 omnium
2386 1139 2714 1197 facultatum
2763 1142 3110 1214 ﬁliorumque
3144 1143 3408 1215 jactura,

1829 1227 2023 1283 deinde
2053 1230 2326 1286 horrendo
2360 1231 2452 1286 illo
2482 1233 2709 1301 morbo,
2747 1235 2840 1304 qui
2883 1235 3030 1308 lepra
3070 1238 3407 1294 nominatur.

1827 1322 1996 1394 666
2018 1321 2192 1379 Taceo
2215 1338 2338 1394 quae
2361 1335 2590 1381 narrant
2610 1327 2906 1398 Evangelia
2927 1329 2972 1362 '“‘
2997 1329 3064 1383 de
3077 1330 3292 1387 diabolo
3312 1331 3406 1402 qui

1828 1415 2172 1472 Salvatorem
2213 1419 2468 1485 tentavit,
2493 1435 2562 1475 ne
2591 1422 2644 1476 in
2677 1437 2771 1488 re,
2821 1438 2941 1494 qua:
2968 1435 3159 1479 contra
3189 1424 3405 1481 Celsum

1827 1507 2030 1579 agitur,
2064 1510 2431 1564 recentiorum
2476 1512 2804 1582 scriptorum
2845 1516 3173 1572 auctoritate
3217 1516 3298 1570 uti
3325 1516 3408 1571 vi-

1829 1599 1979 1655 dear.
2010 1599 2074 1654 Et
2097 1599 2197 1654 sub
2221 1600 2384 1656 tinent
2412 1602 2562 1670 libri,
2588 1604 2679 1674 qui
2705 1603 2827 1660 Jobi
2851 1621 3048 1663 nomen
3076 1607 3298 1677 praefert
3323 1605 3406 1675 ⁷³,

1827 1690 1919 1745 ubi
1947 1689 2204 1746 Dominus
2232 1707 2301 1748 ex
2334 1693 2549 1748 turbine
2579 1703 2635 1750 et
2661 1696 2898 1751 nubibus
2913 1712 3035 1752 cum
3065 1695 3202 1753 Jobo
3227 1697 3407 1769 loqui-

166 1790 192 1843 ό
227 1789 416 1862 Κύριος
450 1789 538 1844 διὰ
588 1790 849 1855 λαίλαπος
893 1790 988 1846 καὶ
1037 1790 1277 1860 νεφελῶν
1319 1786 1440 1844 εἷπε
1481 1789 1560 1861 τῷ
1603 1789 1721 1844 Ἰὼϐ

1829 1792 1936 1849 tur,
1970 1799 2077 1839 non
2116 1798 2290 1854 pauca
2326 1784 2582 1856 leguntur
2624 1786 2692 1842 de
2721 1788 2984 1844 dracone.
3020 1788 3160 1855 Quid
3192 1803 3405 1844 memo-

165 1880 223 1935 τὰ
247 1880 699 1954 ἀναγεγραμμένα
727 1885 786 1937 ὲν
815 1886 880 1955 τῇ
910 1883 1186 1955 ὁμωνύμῳ
1215 1882 1382 1955 βίϐλῳ
1409 1881 1596 1948 αὐτοῦ,
1621 1882 1722 1937 οὐκ

1829 1889 1943 1930 rem
1991 1890 2113 1945 quae
2162 1876 2297 1931 dicit
2336 1876 2594 1933 Ezechiel
2637 1879 2790 1947 quasi
2850 1879 2916 1934 de
2966 1878 3274 1946 Pharaone,
3309 1888 3407 1936 aut

165 1970 298 2040 ὀλίγα
325 1972 440 2027 ἐστὶ
484 1974 615 2046 περὶ
657 1974 951 2047 δράκοντος
994 1975 1259 2048 εἰρημένα
1305 1974 1509 2030 λαϐεῖν.
1555 1973 1722 2030 Οὔπω

1833 1966 2401 2034 Nabuchodonosore,
2431 1977 2523 2026 aut
2550 1970 2796 2041 principe
2823 1970 2952 2042 Tyri
2980 1971 3294 2040 loqueretur
3319 1971 3408 2026 "2

166 2059 287 2130 λέγω
309 2062 494 2118 καὶτὰ
519 2063 627 2120 ἀπὸ
658 2063 751 2118 τοῦ
784 2063 1046 2138 Ἰεζεκιὴλ
1070 2065 1146 2128 ὡς
1164 2063 1291 2136 περὶ
1311 2061 1532 2134 Φαραὼ,
1553 2062 1586 2134 ἢ
1610 2063 1722 2117 Να-

1829 2059 1932 2115 Nec
1958 2058 2291 2116 etiamlsaia:
2311 2061 2377 2117 de
2406 2060 2697 2135 Babylonis
2713 2077 2841 2133 rege
2867 2063 3102 2120 referam
3137 2065 3405 2121 lamenta-

166 2153 522 2230 ϐουχοδονόσορ
557 2157 687 2230 (96),
727 2158 760 2229 ἢ
795 2157 1053 2229 ἄρχοντος
1084 2157 1292 2230 Τύρουο
1328 2158 1362 2231 ἢ
1393 2155 1460 2211 τὰ
1492 2156 1600 2213 ἀπὸ
1627 2155 1722 2211 τοῦ

1829 2151 2024 2208 tionem
2049 2151 2096 2184 ⁷³
2116 2169 2130 2219 ;
2149 2167 2216 2207 ex
2242 2153 2441 2223 quibus
2456 2156 2932 2212 omnibusdiscere
2962 2166 3046 2212 est
3060 2157 3186 2212 hinc
3204 2158 3410 2216 malum

174 2244 407 2312 Ἡσαΐου,
454 2249 514 2303 ἐν
555 2244 636 2314 οἷς
677 2248 955 2322 θρηνεῖται
986 2252 1016 2304 ό
1063 2247 1316 2318 βασιλεὺς
1372 2247 1720 2311 Βαϐυλῶνος’

1829 2244 2088 2316 originem
2109 2253 2164 2301 et
2184 2247 2513 2317 principium
2542 2247 2767 2315 habere,
2819 2249 2964 2319 quod
2996 2249 3242 2319 quidam,
3284 2251 3420 2307 aliis,

164 2337 240 2407 ἀφ’
282 2333 355 2393 ὧν
398 2342 497 2395 οὐκ
539 2339 694 2409 ὀλίγα
745 2359 831 2407 τις
876 2346 941 2399 ἂν
987 2341 1246 2414 μανθάνοι
1302 2341 1430 2413 περὶ
1471 2340 1572 2411 τῆς
1623 2357 1722 2394 κα-

1829 2338 2060 2404 amissis,
2092 2338 2241 2394 illum
2268 2339 2441 2398 secuti
2468 2341 2702 2410 suntqui
2729 2341 2938 2411 primus
2971 2340 3088 2397 alas
3114 2343 3414 2398 amiserat.

165 2432 294 2496 κίας,
363 2435 522 2490 ποίαν
591 2436 747 2507 ἔσχεν
802 2437 976 2508 ἀρχὴν
1043 2436 1139 2492 καί⁸
1195 2437 1438 2506 γένεσιν,
1487 2435 1582 2492 καὶ
1627 2435 1712 2489 ὅτι
1756 2434 1864 2488 ἀπό
1901 2451 2065 2489 τινων
2118 2433 2643 2506 πτεροῤῥυησάντων
2692 2434 2805 2507 (97)
2854 2435 2951 2491 καὶ
3003 2435 3407 2508 κατακολουθη-
3481 2465 3487 2471 ο

166 2524 347 2581 σάντων
410 2528 486 2600 τῷ
543 2529 745 2602 πρώτῳ
789 2533 1259 2604 πτερορῤυήσαντι
1323 2532 1532 2603 ὑπέστη
1570 2533 1604 2603 ὴ
1647 2531 1832 2586 κακία.

222 2620 288 2674 Οὐ
335 2622 445 2694 γάρ
489 2618 600 2677 οἷόν
647 2627 694 2678 τ’
740 2621 810 2696 ἦν
855 2627 1060 2696 ὁμοίως
1107 2622 1248 2681 εἶναι
1275 2626 1387 2696 (98)
1415 2625 1494 2698 τῷ
1525 2625 1721 2679 οὑσιω-

166 2707 252 2773 δῶς
278 2711 463 2782 ἀγαθῷ
491 2712 694 2782 άγαθὸν
724 2713 786 2767 τὸ
818 2715 959 2768 κατά
993 2715 1362 2787 συμϐεϐηκὸς,
1399 2714 1495 2768 καὶ
1523 2713 1583 2778 ἐξ
1609 2715 1725 2767 ἐπι-

167 2800 445 2869 γενήματος
471 2802 676 2870 ἀγαθόν
699 2819 712 2833 °
747 2803 886 2874 ὅπερ
911 2803 987 2874 τῷ
1012 2805 1130 2875 μὲν,
1161 2804 1228 2859 ἵν’
1253 2803 1425 2867 οὕτως
1448 2804 1721 2874 ὀνομάσω,

166 2889 240 2942 τὸν
261 2887 430 2954 ζῶντα
459 2891 624 2964 ἄρτον
655 2893 1088 2966 ἀναλαμϐάνοντι
1113 2897 1194 2958 είς
1219 2895 1317 2966 τὴν
1335 2897 1564 2966 τήρησιν
1596 2896 1726 2948 ἐαυ-

167 2981 273 3046 τοῦ,
303 2985 399 3038 οὐκ
430 2985 498 3039 ἀν
527 3003 657 3040 ποτε
704 2988 1089 3061 ἀποσυμϐαίνῃ
1116 2989 1256 3059 (99)·
1285 2990 1334 3042 εἰ
1363 2988 1421 3042 δέ
1449 3005 1554 3042 τινι
1587 2989 1724 3042 ἀπο-

168 3072 458 3143 συμϐαίνει,
507 3075 656 3148 παρά
689 3077 786 3150 τὴν
823 3070 1004 3133 αἰτίαν
1040 3079 1250 3133 ἐκείνου
1294 3077 1716 3149 ἀποσυμϐαίνει,

167 3162 552 3237 ρᾳθυμήσαντος
584 3169 712 3240 περί
733 3168 792 3222 τὸ
817 3168 1255 3241 μεταλαμϐάνειν
1280 3169 1373 3223 τοῦ
1397 3169 1597 3235 ζῶντος
1617 3170 1719 3243 ἅρ-

166 3271 240 3309 του
259 3258 344 3312 καὶ
358 3259 451 3314 τοῦ
485 3261 740 3332 ἀληθινοῦ
775 3263 940 3316 ποτοῦ
961 3281 974 3293 ·
1004 3264 1097 3333 ἀφ’
1127 3255 1202 3318 ὧν
1230 3262 1588 3334 τρεφόμενον,
1622 3264 1720 3319 καὶ

163 3347 430 3419 ἀρδόμενον
463 3351 1027 3419 ὲπικατασκευάξεται
1071 3353 1132 3408 τὸ
1177 3353 1408 3424 πτερὸν,
1441 3353 1538 3407 καὶ
1577 3352 1722 3407 κατὰ

163 3438 241 3493 τὸν
263 3441 563 3511 σοφώτατον
589 3445 908 3516 Σολομῶντα
940 3447 1163 3500 εἰπόντα
1183 3446 1310 3518 περὶ
1333 3443 1426 3500 τοῦ
1443 3447 1561 3500 κατ’
1585 3445 1719 3516 ἀλή-

166 3528 292 3586 θειαν
316 3535 566 3590 πλουσίου
587 3577 602 3602 ,
637 3539 753 3603 ὅτι,
787 3555 806 3589 ι
842 3538 1230 3593 Κατεσκεύασε
1271 3537 1381 3610 γὰρ
1410 3536 1561 3609 αὑτῷ
1591 3537 1720 3592 πτέ-

167 3640 312 3695 ρυγας
337 3626 526 3701 ὥσπερ
551 3630 710 3695 ἀετὸς
741 3631 842 3703 (l),
872 3633 964 3686 καὶ
990 3631 1308 3703 ἐπιστρέφει
1335 3633 1415 3696 εἰς
1442 3631 1535 3687 τὸν
1573 3627 1720 3685 οἷκον

164 3718 241 3772 τοῦ
265 3722 659 3794 προεστηκότος
683 3723 900 3779 ἑαυτοῦ.
933 3741 952 3776 ι
998 3724 1197 3796 Ἐχρῆν
1230 3723 1339 3796 γάρ
1369 3723 1463 3778 τὸν
1494 3722 1721 3778 ἐπιστά-

168 3825 303 3880 μενον
327 3814 666 3886 πγχρῆσθαι
687 3813 828 3884 Θεὸν
853 3816 933 3879 εἰς
966 3813 1082 3869 δέον
1114 3815 1209 3870 καὶ
1239 3817 1354 3879 τοῖς
1383 3815 1490 3868 ὑπὸ
1520 3812 1719 3878 κακίας

165 3902 403 3959 ἀποστᾶσι
431 3906 735 3972 κατατάξαι
767 3923 870 3960 που
894 3905 988 3960 τοῦ
1015 3905 1217 3970 παντὸς
1245 3906 1372 3970 τοὺς
1401 3905 1599 3959 οὑτωσὶ
1621 3921 1721 3960 κα-

166 3996 299 4062 κοὺς,
330 3999 420 4052 καὶ
451 3999 751 4070 γυμνάσιον
786 3998 846 4053 τὸ
882 3999 1022 4070 ὑπὲρ
1048 3999 1249 4070 ἀρετῆς
1283 3998 1508 4068 ποιῆσαι
1540 3998 1721 4051 ἐκκεῖ-

169 4087 271 4142 σθαι
297 4093 402 4156 τοῖς
438 4090 781 4163 βουλομένοις
828 4091 1072 4164 νομίμως
1102 4091 1285 4146 ἀθλεῖν
1330 4092 1472 4163 ὑπὲρ
1503 4089 1598 4144 τοῦ
1630 4090 1721 4145 αὐ-

167 4178 247 4250 τὴν
271 4182 545 4238 ἀναλαϐεῖν
566 4201 578 4216 ·
611 4183 677 4237 ἵν’
704 4184 780 4247 ὡς
805 4183 1001 4256 χρυσὸς
1033 4185 1090 4237 ἐν
1121 4183 1257 4254 πυρὶ
1299 4187 1364 4256 τῇ
1407 4182 1576 4237 τῶνδε
1621 4200 1720 4237 κα-

167 4273 243 4342 κίᾳ
272 4274 699 4344 βασανισθέντες,
725 4277 818 4330 καὶ
851 4277 1027 4330 πάντα
1067 4277 1394 4349 πράξαντες,
1430 4275 1518 4329 ἵνα
1555 4275 1718 4347 μηδὲν

1898 2624 1991 2680 44.
2015 2624 2127 2680 Nec
2153 2639 2286 2680 sane
2313 2623 2430 2680 ﬁeri
2461 2632 2678 2695 poterat
2703 2638 2762 2684 ut
2790 2629 2994 2684 bonum
3031 2641 3125 2698 per
3150 2627 3406 2684 accidens

1825 2724 1880 2774 et
1903 2717 2390 2782 communicatum,
2417 2718 2492 2775 illi
2514 2729 2663 2777 esset
2693 2719 2875 2775 simile
2904 2721 3046 2790 quod
3073 2727 3272 2774 natura
3300 2719 3404 2775 bo-

1825 2824 1955 2863 nutn
1975 2817 2078 2864 est.
2121 2808 2255 2864 Illud
2284 2819 2466 2866 tamen
2517 2812 2875 2868 adventitium
2915 2827 3194 2883 nunquam
3249 2811 3408 2867 deest

1825 2898 1924 2966 illi,
1950 2900 2039 2970 qui
2068 2900 2153 2954 sui
2183 2903 2540 2958 conservandi
2569 2918 2734 2958 causa
2764 2904 2970 2969 vivum,
3003 2913 3062 2958 ut
3089 2904 3162 2958 ita
3187 2902 3401 2974 loquar,

1825 3006 2018 3063 panem
2033 2993 2202 3048 sumit
2221 2993 2290 3046 ⁷⁸.
2322 2992 2477 3061 Quod
2506 2995 2550 3050 si
2576 2995 2664 3051 cui
2691 2995 2866 3063 deest,
2893 2995 2945 3051 in
2967 2995 3124 3064 culpa
3149 2995 3264 3066 ipse
3292 3005 3401 3063 est,

1823 3085 1916 3156 qui
1943 3085 2064 3141 vivo
2097 3099 2236 3154 pane
2267 3093 2324 3141 et
2344 3099 2475 3140 vero
2506 3093 2660 3156 potu,
2685 3101 2912 3157 quorum
2945 3086 3121 3144 altero
3143 3087 3400 3143 nutriun-

1823 3185 1914 3232 tur
1936 3174 2058 3242 alaa,
2095 3174 2268 3232 altero
2294 3175 2720 3246 irrigantur,‘uti
2757 3176 3016 3247 neglexit.
3051 3178 3127 3234 De
3161 3177 3251 3233 bis
3299 3176 3402 3232 alis

1823 3265 2208 3337 intelligendus
2230 3266 2668 3337 sapientissimus
2701 3265 2957 3324 Salomon
3019 3281 3144 3322 cum
3175 3266 3243 3322 de
3269 3279 3406 3320 vero

1825 3367 1990 3424 divite
2013 3369 2238 3438 loquens
2255 3366 2331 3421 ait
2355 3382 2369 3420 :
2399 3385 2417 3417 ι
2447 3362 2790 3435 Comparavit
2811 3363 2910 3416 sibi
2934 3375 3143 3431 pennas
3166 3367 3226 3414 ut
3245 3359 3400 3431 aqui-

1822 3457 1894 3523 la,
1919 3466 1974 3513 et
1992 3457 2280 3512 revertitur
2302 3456 2359 3510 in
2385 3456 2602 3510 domum
2625 3455 2708 3509 sui
2726 3451 3077 3524 praesidis'm
3095 3448 3230 3504 Cum
3252 3447 3400 3504 enim

1823 3546 1971 3602 Deus
1996 3546 2065 3602 ad
2092 3547 2294 3602 bonum
2321 3545 2486 3600 linem
2511 3544 2590 3600 uti
2617 3543 2829 3599 noverit
2859 3541 3023 3598 etiam
3054 3540 3120 3596 iis
3161 3538 3254 3611 qui
3299 3554 3399 3610 per

1823 3638 2081 3694 malitiam
2110 3637 2178 3692 ab
2207 3637 2325 3708 ipso
2346 3633 2935 3705 delecerunt,oportuit
2959 3633 3128 3688 malos
3151 3631 3270 3687 illos
3297 3629 3400 3686 ali-

1823 3727 1950 3783 cubi
1994 3726 2158 3797 hujus
2193 3724 2560 3780 universitatis
2602 3723 2879 3790 collocari,
2911 3731 2966 3778 et
2990 3721 3127 3777 efﬁci
3161 3731 3221 3775 ut
3256 3727 3401 3776 esset

1824 3819 2091 3890 palmstra,
2110 3817 2222 3880 ubi,
2241 3816 2334 3887 qui
2355 3815 2575 3882 vellent,
2601 3814 2667 3869 ad
2690 3812 3123 3883 consequendam
3145 3810 3399 3867 virtutem

1824 3909 2060 3983 legitime
2081 3917 2290 3965 certare
2308 3916 2532 3979 possent
2551 3906 2617 3962 ⁷⁸.
2643 3905 2862 3960 Illorum
2881 3904 3027 3959 enim
3046 3901 3270 3968 malitia,
3287 3909 3400 3956 tan-

1823 4016 1984 4072 quam
2005 4016 2196 4057 aurum
2212 4000 2354 4071 igne,
2370 3997 2658 4054 examinati
2673 4007 2728 4054 et
2743 3995 2974 4068 purgati,
2989 4003 3045 4050 et
3064 3992 3271 4064 experti
3291 4006 3403 4046 om-

1823 4093 1914 4148 nia
1935 4107 2005 4148 ne
2028 4091 2158 4162 quid
2182 4091 2237 4145 in
2260 4105 2318 4146 se
2341 4090 2705 4145 adulterinum
2737 4088 3103 4150 admitterent,
3129 4084 3224 4138 sed
3253 4080 3400 4153 digni

1824 4186 2139 4242 viderentur
2159 4184 2250 4254 qui
2272 4183 2340 4238 ad
2363 4183 2543 4238 divina
2560 4182 2933 4246 ascenderent,
2949 4178 3212 4233 tolluntur
3232 4175 3400 4232 verbo

1824 4281 1891 4334 ad
1919 4291 2211 4348 supernam
2231 4274 2472 4329 omnium
2493 4274 2804 4328 beatitatem
2823 4279 2877 4326 et
2897 4269 2964 4324 ad
2987 4269 3199 4323 culmen
3227 4266 3402 4321 bono-

167 4363 384 4422 κίϐδηλον
399 4370 678 4441 πρόωνται
701 4370 773 4441 ('2)
794 4368 887 4422 ἐπὶ
917 4368 1014 4440 τὴν
1043 4369 1266 4442 λογικὴν
1296 4368 1504 4424 ἑαυτῶν
1536 4368 1717 4438 φύσιν,

1829 4386 1970 4436 rum,
2001 4368 2046 4423 si
2076 4367 2149 4423 ita
2179 4367 2322 4436 loqui
2351 4366 2431 4420 fas
2457 4373 2560 4420 est.
2587 4363 2853 4419 Cancrum
2884 4361 2992 4424 ille,
3022 4359 3113 4428 qui
3137 4357 3398 4412 llebraice

168 4457 283 4521 ἄξιοι
309 4462 564 4530 φανέντες
587 4463 686 4533 τῆς
716 4463 794 4525 εἰς
826 4463 896 4516 τά
923 4462 1039 4516 θεῖα
1071 4461 1408 4526 ἀναϐάσεως,
1444 4461 1718 4533 ἁνιμηθῶ-

169 4564 236 4603 σιν
265 4553 360 4608 ὑπὸ
405 4556 499 4610 τοῦ
543 4555 702 4624 λόγου
736 4557 830 4609 ἐπὶ
865 4556 962 4627 τὴν
995 4557 1254 4611 ἀνωτάτω
1288 4554 1504 4608 πάντων
1538 4571 1715 4625 μακα-

168 4641 379 4713 ριότητα.
402 4649 516 4713 καὶ,
545 4648 610 4700 ἵν’
639 4648 810 4711 οὕτως
839 4647 1107 4718 ὀνομάσω,
1123 4646 1432 4719 ἀκρώρειαν
1459 4646 1567 4701 τῶν
1590 4649 1718 4717 ἀγα-

167 4727 272 4785 θῶν.
314 4736 370 4790 Ὀ
397 4738 438 4791 δ’
477 4740 745 4812 Ἐϐραίων
796 4739 1058 4812 διαλέκτῳ
1088 4742 1267 4795 Σατᾶν
1290 4781 1305 4808 ,
1338 4743 1433 4796 καὶ
1480 4742 1717 4815 Έλληνι-

1824 4464 2010 4530 Satan,
2032 4470 2088 4517 et
2108 4459 2278 4530 magis
2302 4459 2485 4514 Graece
2508 4465 2729 4512 vocatur
2751 4469 2781 4508 a
2805 4452 3124 4523 quibusdam
3147 4449 3395 4512 Satanas,

1825 4557 1968 4612 idem
1985 4554 2170 4610 Graeca
2189 4553 2369 4624 lingua
2393 4559 2548 4606 sonat
2569 4559 2731 4618 atque
2753 4545 3140 4602 adversarium.
3161 4540 3399 4607 Quicun-

1825 4661 1931 4718 que
1968 4653 2148 4699 autem
2189 4651 2427 4697 sectatur
2461 4639 2719 4694 malitiam
2743 4645 2799 4692 et
2823 4652 2888 4690 ex
2925 4635 3014 4689 illa
3037 4634 3202 4689 vitam
3229 4629 3393 4701 degit,

1826 4739 1893 4802 is,
1922 4753 2048 4795 cum
2071 4735 2258 4793 virtuti
2284 4733 2554 4790 contraria
2581 4731 2760 4797 faciat,
2791 4728 3017 4784 Satanas
3049 4735 3150 4792 est,
3183 4725 3287 4780 hoc
3313 4730 3399 4778 est

221 4867 265 4943 ’ξ
291 4885 403 4940 cap.
428 4888 544 4936 χιχ,
568 4872 662 4927 22.
736 4874 780 4906 τί
803 4889 921 4943 cap.
949 4890 988 4932 ι.
1021 4875 1076 4930 2.
1151 4876 1195 4907 "'
1228 4875 1414 4931 Matth.
1451 4893 1524 4936 IV.
1597 4877 1644 4909 ⁷⁸
1668 4875 1722 4931 Jc

1829 4889 1897 4942 ιι,
1922 4871 2012 4927 ‘20.
2087 4869 2365 4942 "‘Ezccb.
2387 4882 2562 4936 χχχιι,
2588 4865 2679 4923 28.
2757 4865 2802 4898 ⁷⁸
2826 4863 2930 4920 Isa.
2956 4876 3070 4928 xxv,
3095 4859 3130 4914 4
3155 4865 3213 4915 et
3239 4869 3395 4926 seqq.

162 4936 199 4969 ⁷⁸
231 4935 376 4996 Joan.
401 4959 474 5010 vr,
503 4943 595 4998 51.
670 4943 715 4976 ⁷⁷
752 4935 910 5000 Prov.
955 4961 1112 5012 χχιιι,
1148 4945 1201 5001 5.
1277 4948 1324 4980 ⁷⁸
1356 4947 1398 5002 ll
1432 4935 1573 5004 Tim.
1621 4963 1689 5014 ll,
1714 4947 1770 5005 5.

225 5085 324 5159 (9i)
360 5089 595 5158 Βελίαρ.
626 5087 890 5159 Vulgatus
928 5087 1052 5143 libri
1083 5084 1332 5142 Judicum
1371 5095 1572 5154 textus,
1607 5105 1711 5142 πα-

169 5158 698 5300 ρᾶιῗέὧωῖίωεοιιοιίιιε
725 5236 779 5282 et
815 5228 1143 5298 Spencerus,
1177 5232 1243 5300 τῇ
1296 5227 1440 5283 κατά
1471 5227 1712 5295 πάντων,

169 5296 248 5351 sed
274 5296 446 5352 a'mss.
474 5299 631 5353 codd.
667 5308 814 5352 recte
842 5296 994 5353 abest
1020 5300 1181 5354 κατά.

229 5366 328 5438 (96)
363 5367 698 5424 llmschelius
725 5377 780 5421 et
811 5367 1121 5435 Spencerus
1150 5372 1204 5426 iu
1237 5378 1412 5435 textu,
1443 5366 1718 5438 Ναϐουχο-

167 5433 377 5508 δονόσορ,
403 5439 493 5493 sed
526 5453 683 5503 mss.,
708 5433 1042 5504 Βαϐυλῶνος.

227 5507 337 5578 (97)
355 5507 949 5579 Πτερορῤυησάντων.
971 5509 1105 5566 Vide
1121 5510 1503 5567 adnotationes
1521 5508 1586 5563 ad
1613 5508 1707 5563 lib.

170 5581 648 5719 Ἶλὲἑιςῃζίξιῗδίίδς,
673 5641 844 5706 εἶναι.
907 5650 1084 5706 Malim
1146 5667 1266 5708 cum
1325 5650 1608 5709 Bohcrello
1659 5658 1712 5706 et

174 5711 362 5786 Cilicio,
390 5711 566 5790 ὅμοιον
592 5711 758 5773 εἶναι.

1883 5086 1998 5158 (99)
2039 5081 2382 5158 litescbelius
2402 5079 2823 5158 et‘Spencerus,
2849 5071 3253 5145 ἀποσυμϐαίνῃ.
3286 5069 3398 5126 Ali-

1813 5150 1946 5226 quot
1981 5150 2136 5217 mss.,
2167 5150 2545 5226 ἀποσυμϐαίη.

1885 5210 1982 5296 (1)
2039 5210 2462 5296 Κατεσκεύασε
2509 5210 2620 5296 γὰρ
2657 5214 2819 5296 qua?)
2852 5213 3156 5296 πτέρυγας
3196 5210 3400 5283 ὥσπερ

1813 5285 2008 5363 ἀεῖτόξ.
2054 5295 2130 5349 lta
2181 5293 2353 5363 codex
2407 5285 2958 5363 Regius.-l-ltusclt__el.
3007 5285 3397 5363 et_Speue_er.,

1814 5353 2245 5419 κατεσκεύασται
2268 5361 2378 5433 γάρ
2401 5353 2550 5433 αὐτῷ
2570 5358 2848 5433 πτέρυγας
2867 5353 3057 5433 ιῖισπερ
3075 5354 3246 5417 ἀετός.
3269 5353 3398 5433 Mox

1821 5436 2045 5504 Vulgata
2095 5422 2308 5493 Grteca',
2347 5422 2444 5486 καὶ
2491 5422 2844 5504 ὑποστρέφει.
2893 5422 3232 5504 P‘aulinpost
3268 5422 3398 5476 Ηαις

1821 5494 2058 5625 εοιιιξίἰιιε
2103 5505 2155 5558 in
2219 5510 2403 5568 textu,
2454 5503 2568 5565 τοῖς
2628 5494 2757 5553 ἀπο
2809 5496 3010 5560 κακίας
3063 5494 3394 5556 ὑπόστασιν,

1821 5591 1905 5625 ma
1932 5591 1983 5625 θ.

1821 5591 1983 5716 mille).
2011 5646 2330 5715 Πρόωνται.
2360 5643 2553 5701 Guieto
2589 5639 2935 5699 scribendum
2968 5638 3208 5702 videtur,
3235 5634 3398 5706 πρόσ·

1821 5733 1988 5771 ωνται
