3894 6564
421 414 563 472 1367

1893 416 2213 475 ORIGENIS

3558 422 3705 478 1⁸568

420 532 558 587 Filio
591 533 685 590 Dei
717 533 1088 597 adversarius,
1120 533 1213 602 qui
1243 532 1416 590 Filius
1461 544 1545 590 est
1590 531 1824 606 iustitia,
1859 539 1996 592 veri-

2108 539 2346 609 κώτερον
2393 538 2497 593 ὑπύ
2527 556 2684 593 τινων
2722 539 3042 610 ὀνομασθεὶς
3088 541 3324 604 Σατανᾶς
3349 585 3364 608 ,
3416 540 3708 613 μεταλαμ-

424 634 505 677 tas
536 634 591 678 et
626 623 913 693 sapientia.
948 625 1055 680 Sed
1083 625 1254 695 magis
1278 625 1499 697 proprie
1549 627 1893 685 adversarius
1920 631 2006 687 ille

421 723 508 769 est
540 715 629 784 qui
658 717 868 786 primus
891 716 1183 772 {ruentium
1209 731 1345 788 pace
1375 717 1642 789 beateque
1684 720 2004 787 viventium,

423 807 643 863 amissis
665 808 766 865 alis
799 809 1003 866 excidit
1037 809 1334 876 felicitate;
1380 811 1474 882 qui
1527 829 1547 863 ε
1598 813 1896 870 ambulavit
1925 814 2006 869 in-

422 900 728 970 culpabilis,
761 911 819 955 ut
856 900 1100 970 loquitur
1152 901 1428 968 Ezechiel,
1491 904 1544 959 in
1598 905 1851 962 omnibus
1903 906 2006 962 viis

387 1013 394 1018 ·
423 994 560 1061 suis,
596 993 772 1051 donec
799 996 1018 1052 inventa
1053 1005 1136 1053 est
1161 995 1423 1066 iniquitas
1452 996 1586 1050 ineo
1608 997 1690 1063 ⁷⁹;
1733 1016 1752 1050 ›
1784 999 2003 1069 quique,

419 1101 549 1142 cum
571 1094 716 1142 esset
747 1105 766 1138 ι
801 1087 1142 1158 signaculum
1165 1086 1542 1144 similitudinis
1569 1087 1734 1159 667
1762 1097 1816 1144 et
1844 1104 2002 1146 coro-

423 1191 491 1232 na
524 1177 942 1248 pulchritudinis
972 1179 1026 1234 in
1054 1179 1310 1249 paradiso
1343 1179 1438 1235 Dei
1470 1179 1541 1245 ⁸ο,
1582 1198 1602 1232 ι
1647 1191 1811 1251 atque
1843 1183 2002 1238 bonis

420 1269 588 1325 veluti
638 1271 888 1339 satiatur,
941 1272 1120 1327 amisit
1172 1272 1390 1340 omnia;
1441 1273 1586 1345 quod
1645 1275 1861 1344 quidem
1927 1274 2002 1329 illi

423 1361 652 1432 mystice
680 1361 884 1418 dictum
910 1363 1088 1418 fuerat
1120 1385 1131 1418 :
1183 1382 1202 1416 ι
1241 1365 1481 1421 Perditio
1505 1366 1680 1422 factus
1706 1380 1786 1432 es,
1814 1377 1869 1421 et
1896 1383 2000 1424 non

421 1453 532 1506 eris
557 1451 610 1507 in
637 1463 956 1524 perpetuum
992 1456 1061 1510 '".
1092 1475 1112 1509 ι
1148 1456 1331 1527 Atque
1375 1458 1493 1513 haec
1533 1472 1702 1527 pauca
1737 1473 1838 1514 nec
1887 1459 2003 1513 l'or—

424 1555 569 1602 tasse
593 1547 888 1616 quidquam
933 1546 1218 1618 profutura
1263 1548 1389 1604 huic
1444 1549 1706 1620 opusculo
1756 1551 2002 1605 commit-

425 1635 538 1690 tere
566 1639 683 1692 ausi
709 1654 917 1693 sumus.
951 1637 1007 1693 Si
1032 1638 1154 1708 quis
1182 1647 1361 1694 autem
1390 1654 1666 1694 sacrarum
1691 1637 2000 1708 Scriptura-

422 1743 543 1783 rum
571 1730 993 1787 considerationi
1020 1745 1225 1786 vacans
1252 1732 1308 1786 in
1338 1746 1502 1785 unum
1566 1731 1850 1802 colligeret
1879 1747 2003 1787 cor—

420 1834 522 1890 pus
544 1821 808 1892 quidquid
839 1823 1039 1894 ubique
1063 1823 1130 1878 de
1163 1823 1307 1878 malo
1359 1823 1564 1877 dictum
1595 1832 1698 1887 est,
1728 1825 2001 1893 quomodo

2108 629 2406 700 δαινύμενος
2447 630 2528 694 εἰς
2586 629 2814 684 Ἐλλάδα
2866 631 3048 702 φωνήν
3101 633 3246 684 ἐστιν
3286 630 3704 701 ἀντικείμενος.

2106 723 2223 785 Πᾶς
2265 721 2323 774 δὲ
2369 723 2398 776 ὀ
2440 721 2540 793 τὴν
2574 722 2772 776 κακίαν
2822 722 3075 793 ἐλόμενος
3106 725 3200 777 καὶ
3237 722 3326 776 τὸν
3355 724 3485 776 κατ’
3521 721 3707 792 αἰνὴν

2111 811 2241 882 βίον,
2262 813 2338 877 ὡς
2357 813 2424 868 τὰ
2457 813 2676 867 ἐναντία
2703 813 2956 884 πράττων
2979 816 3043 886 τῇ
3064 815 3253 886 ἀρετῇ,
3275 815 3534 877 Σατανᾶς
3558 814 3704 879 ἐστι,

2105 905 2381 960 τουτέστιν
2414 906 2785 977 ἀντικείμενος
2816 903 2892 975 τῷ
2923 903 3037 976 Υίῷ
3051 905 3142 959 τοῦ
3160 905 3314 970 Θεοῦ,
3341 906 3458 960 δντι
3492 905 3708 958 δικαιο-

2109 997 2264 1070 σύνη,
2295 1001 2391 1053 καὶ
2432 999 2680 1071 ἀλήθεια,
2715 999 2810 1053 καὶ
2843 999 3024 1069 σοφία.
3053 997 3404 1071 Κυριώτερον
3444 999 3511 1053 δὲ
3546 1000 3704 1053 ἀντι-

2107 1091 2356 1160 κείμενός
2401 1093 2547 1145 ἐστιν
2583 1091 2613 1144 ὀ
2655 1091 2869 1162 πρῶτος
2912 1090 3128 1145 πάντων
3162 1091 3570 1162 είρηνευόντων
3607 1091 3707 1143 καί

2109 1183 2390 1256 μακαρίως
2411 1184 2702 1253 διαγόντων
2734 1186 3147 1257 πτερορρυήσας
3180 1183 3276 1254 (3),
3303 1183 3400 1236 καὶ
3429 1179 3704 1247 ἐκπεσὼν

2105 1276 2202 1346 τῆς
2236 1275 2666 1347 μακαριότητος’
2697 1275 2756 1338 ὃς
2779 1316 2793 1338 ,
2828 1275 2967 1329 κατά
2995 1275 3086 1328 τὸν
3128 1272 3407 1344 Ἰεζεκιὴλ,
3446 1292 3466 1324 ι
3499 1289 3702 1343 περιε-

2106 1369 2345 1439 πάτησεν
2377 1367 2606 1439 ἄμωμος
2631 1369 2689 1421 ἐν
2715 1369 2916 1432 πάσαις
2945 1371 3066 1432 ταῖς
3095 1367 3233 1431 ὀδοῖς
3263 1365 3452 1430 αὑτοῦ,
3471 1367 3600 1430 ’ἕως
3621 1365 3702 1425 εὐ-

2109 1460 2236 1532 ρεθῇ
2268 1460 2464 1531 ἀνομία
2494 1461 2551 1514 ἐν
2580 1460 2729 1532 αὐτῷ
2754 1461 2827 1533 (4)
2847 1478 2863 1492 ο
2899 1480 2920 1514 ι
2954 1462 3050 1514 καὶ
3089 1460 3166 1514 ὣν
3196 1479 3215 1511 ‹
3246 1460 3697 1530 ἀποσςράγισμα

2104 1551 2437 1621 ὁμοιώσεως,
2471 1553 2566 1606 καὶ
2593 1552 2854 1620 στέφανος
2885 1553 3135 1617 κάλλους,
3168 1555 3227 1607 ἐν
3254 1553 3332 1624 τῷ
3364 1555 3697 1624 παριδείτὲῳ

2103 1640 2197 1694 τοῦ
2228 1640 2383 1706 Θεοῦ,
2409 1661 2429 1694 ι
2455 1643 2616 1695 οἱονεὶ
2645 1641 2924 1715 κορεσθεὶς
2953 1642 3059 1696 τῶν
3088 1642 3325 1712 ἀγαθῶν,
3348 1645 3408 1698 ἐν
3438 1642 3699 1713 ἀπωλείᾳ

2105 1733 2342 1801 ἐγένετο,
2379 1733 2519 1788 κατά
2541 1733 2630 1789 τὸν
2659 1733 2880 1788 εἰπόντα
2915 1734 3191 1804 μυστικῶς
3231 1735 3369 1804 πρὸς
3401 1735 3582 1787 αὐτὸν
3611 1733 3698 1786 λό-

2105 1840 2199 1892 γον
2365 1844 2384 1877 t
2425 1825 2690 1879 Ἀπώλεια
2715 1826 2924 1894 ἐγένου,
2951 1825 3044 1879 καὶ
3075 1825 3172 1895 οὐχ
3197 1825 3466 1896 ὑπάρξεις
3496 1826 3588 1888 εἰς
3607 1824 3696 1877 τοι

421 1920 601 1967 ortum
634 1915 727 1979 sit,
761 1921 814 1968 et
843 1913 1114 1983 quomodo
1145 1913 1410 1980 diluatur,
1443 1913 1645 1968 videbit
1679 1913 1770 1970 ille
1803 1915 1996 1986 Moysis

2106 1917 2291 1971 αἰῶνα.
2335 1936 2354 1970 ι
2388 1917 2569 1972 Ταῦτα
2603 1919 2702 1990 μὲν
2727 1913 2818 1972 οὖν
2849 1918 3003 1987 ὀλίγα
3032 1915 3573 1987 ἀποτετολμημένιιλς
3601 1918 3693 1968 καὶ

420 2011 476 2056 et
500 2003 887 2073 prophetarum
910 2006 976 2061 de
1001 2006 1206 2060 Sataua
1233 2015 1470 2060 mentem
1499 2019 1566 2060 ne
1595 2020 1690 2075 per
1723 2006 1994 2060 somnium

422 2095 641 2164 quidem
675 2096 888 2152 aCelso
921 2098 1317 2168 deprehensam
1379 2097 1574 2164 fuisse,
1635 2112 1732 2152 nec
1781 2111 1811 2152 a
1859 2113 1998 2168 quo-

2101 2009 2754 2080 παρακεκινδυνευμένως
2796 2011 2922 2082 τῇδε
2959 2013 3024 2082 τῇ
3071 2012 3256 2082 γραφῇ
3293 2008 3695 2069 πιστεύσαντες

2101 2099 2397 2171 ἐξεθέμεθα
2417 2101 2558 2171 τάχα
2581 2101 2734 2155 οὐδέν
2758 2119 2773 2133 ·
2798 2103 2846 2154 εί
2879 2101 2937 2154 δέ
2958 2119 3061 2164 τις,
3080 2101 3347 2171 σχολάσας
3368 2102 3436 2169 τῇ
3470 2099 3694 2169 βασάνῳ

422 2185 554 2242 libet
590 2202 774 2242 eorum
819 2205 1051 2260 quorum
1106 2191 1347 2246 animam
1401 2189 1576 2245 malus
1603 2188 1693 2243 ille
1729 2189 1939 2245 daemon
1965 2203 1996 2246 a

2106 2189 2209 2243 τῶν
2264 2189 2426 2261 ἱερῶν
2481 2191 2852 2261 γραμμάτων,
2910 2190 3245 2260 πανταχόθεν
3299 2189 3688 2259 amputa-mod)-

425 2277 563 2345 Deo,
597 2294 626 2332 a
651 2289 798 2334 recta
825 2281 891 2336 de
913 2280 1006 2337 illo
1035 2283 1280 2350 notione,
1315 2290 1370 2339 et
1405 2280 1471 2336 ab
1503 2279 1620 2350 eius
1666 2278 1848 2336 Verbo
1877 2282 1992 2338 dis-

2106 2297 2192 2334 σαι
2225 2280 2302 2352 (6)
2334 2280 2427 2335 τὸν
2453 2282 2582 2353 περὶ
2611 2281 2712 2353 τῆς
2740 2281 2938 2344 κακίας
2980 2281 3170 2350 λόγον,
3218 2282 3316 2334 καὶ
3359 2279 3438 2342 ὡς
3479 2279 3688 2348 ὑπέστη
3723 2289 3736 2296 '

425 2370 594 2425 traxit
610 2372 932 2441 avulsitque.

2106 2371 2314 2442 πρῶτον
2333 2412 2348 2436 ,
2398 2374 2493 2426 καὶ
2541 2374 2662 2426 τίνα
2692 2375 2890 2446 τρόπον
2921 2373 3249 2428 καταλύεται
3276 2390 3288 2403 ·
3343 2373 3445 2426 ἴδοι
3477 2371 3545 2425 ἂν
3564 2413 3578 2435 ,
3611 2372 3687 2424 ὅτι

342 2502 346 2505 .
419 2461 529 2515 οὐδ’
559 2462 692 2535 ὄναρ
721 2466 1033 2538 ἐφαντάσθη
1081 2468 1143 2521 τό
1169 2468 1445 2530 Μωῦσὲως
1476 2469 1570 2521 καὶ
1597 2467 1707 2521 τῶν
1753 2466 2046 2538 προφητῶν
2098 2467 2226 2539 περὶ
2279 2468 2373 2523 τοῦ
2428 2469 2641 2522 Σατανᾶ
2702 2469 2974 2539 βούλημα,
3009 2465 3130 2522 οὔτε
3185 2468 3401 2532 Κέλσος
3441 2466 3570 2520 οὔτε
3606 2484 3688 2528 τις

419 2552 528 2607 τῶν
564 2555 670 2608 ὐπό
700 2557 888 2610 τούτου
927 2557 1020 2611 τοῦ
1055 2558 1290 2631 πονηροῦ
1356 2558 1607 2629 δαίμονος
1652 2557 2069 2629 καθελκομένων
2097 2559 2206 2612 ’καὶ
2259 2561 2705 2632 κατασπωμένων
2743 2561 2850 2614 ἀπὸ
2879 2559 3012 2614 Θεοῦ
3064 2559 3161 2613 καὶ
3209 2560 3310 2629 τῆς
3342 2560 3479 2631 περὶ
3527 2558 3684 2610 αὐτοῦ

419 2647 587 2720 ὀρθῆς
621 2650 863 2716 ἐννοίας,
892 2651 986 2704 καὶ
1018 2653 1125 2706 ἀπὸ
1155 2653 1249 2707 τοῦ
1281 2652 1454 2720 Λόγου
1487 2651 1670 2717 αὑτοῦ,
1703 2651 1802 2724 τὴν
1833 2651 2028 2724 ψυχήν.

491 2746 584 2802 45.
614 2745 880 2812 Quoniam
909 2759 1039 2800 vero
1071 2755 1126 2800 et
1150 2745 1218 2800 de
1247 2760 1331 2808 eo,
1375 2744 1470 2815 qui
1502 2745 1879 2802 Antichristus
1899 2761 1993 2800 vo-

419 2849 597 2903 catur,
631 2839 967 2893 mentionem
998 2837 1187 2894 Celsus
1210 2837 1370 2904 facit;
1401 2838 1617 2893 tametsi
1644 2851 1744 2894 nec
1788 2852 1849 2894 ea
1875 2853 1995 2908 quae

420 2930 563 3000 apud
586 2929 1146 2999 Dauieiem,neequa:
1176 2931 1321 3000 apud
1375 2929 1600 2984 Paulum
1648 2931 1792 2985 dicta
1841 2940 1994 2996 sunt,

419 3041 520 3080 nec
552 3039 672 3096 qua:
709 3025 778 3082 de
816 3023 908 3078 illo
944 3023 1196 3078 Salvator
1238 3021 1294 3076 in
1349 3022 1660 3092 Evangeliis
1702 3022 1992 3092 praedixit,

422 3118 650 3190 legerit;
735 3132 906 3187 pauca
973 3116 1138 3172 etiam
1202 3115 1270 3170 de
1320 3114 1412 3170 illo
1468 3115 1653 3170 dicere
1717 3114 1991 3170 convenit.

2187 2749 2339 2802 Ἐπεὶ
2396 2749 2453 2802 δὲ
2479 2749 2666 2802 καὶτὰ
2723 2748 2852 2819 περὶ
2885 2747 2994 2800 τοῦ-
3028 2746 3366 2817 καλουμένου
3422 2747 3686 2817 Ἀντιχρί-

2103 2855 2226 2891 στου
2259 2842 2629 2911 παραρριπτεί
2675 2842 2704 2892 ὀ
2736 2840 2942 2901 Κέλσος
2963 2879 2977 2903 ,
3015 2837 3136 2890 οὔτε
3165 2837 3234 2892 τὰ
3263 2840 3323 2891 ἐν
3361 2837 3440 2908 τῷ
3470 2839 3685 2906 Δανιὴλ,

2101 2929 2222 2984 οὔτε
2256 2931 2322 2984 τὰ
2354 2934 2505 3002 παρὰ
2544 2931 2620 3001 τῷ
2657 2931 2853 3000 Παύλῳ
2885 2931 3148 2998 ἀναγνοὺς
3175 2931 3305 3000 περὶ
3339 2930 3510 2984 αὐτοῦ
3542 2933 3685 3003 sipu-

2105 3021 2261 3090 μένα,
2289 3021 2412 3075 οὔτε
2443 3020 2511 3074 τὰ
2547 3022 2605 3074 ἐν
2635 3024 2750 3084 τοῖς
2786 3020 3138 3089 Εὐαγγελίοις
3166 3019 3273 3072 ὑπὸ
3303 3018 3402 3071 τοῦ
3439 3018 3686 3091 Σωτῆρος

2101 3111 2546 3182 προφητευθέντα
2592 3113 2720 3181 περὶ
2763 3095 2865 3181 τῆς
2916 3108 3220 3180 παρουσίας
3264 3109 3436 3162 αὐτοῦ
3465 3125 3482 3138 ο
3533 3108 3684 3174 ὀλίγα

420 3189 892 3276 Quemadmodum
946 3208 1130 3263 vultus
1180 3221 1287 3263 non
1331 3216 1462 3284 sunt
1487 3206 1695 3263 similes
1733 3207 1992 3272 vultibus,

2106 3203 2192 3255 καὶ
2217 3205 2344 3274 περὶ
2371 3203 2559 3257 τούτου
2587 3201 2824 3256 λεκτέονο
2844 3203 2948 3267 ὅτι,
2974 3200 3162 3272 ὥσπερ
3190 3199 3288 3271 οὐχ
3318 3201 3489 3270 ὅμοια
3518 3200 3681 3272 πρὸτ-

419 3301 500 3356 sic
523 3316 625 3357 nec
649 3301 849 3356 similia
875 3300 1315 3356 cordibuscorda
1341 3307 1469 3354 sunt
1501 3315 1516 3353 :
1543 3299 1687 3354 unde
1716 3307 1996 3368 patetcor-

419 3393 580 3450 dibus
604 3393 746 3449 inter
767 3406 828 3449 se
855 3393 1076 3448 differre
1099 3392 1373 3459 homines,
1419 3399 1524 3446 tam
1549 3404 1644 3446 eos
1669 3391 1763 3460 qui
1793 3390 1860 3444 ad
1895 3390 1995 3445 ho-

419 3501 551 3541 num
584 3487 845 3556 propensi
870 3494 1018 3550 sunt,
1057 3469 1326 3554 siquidem
1353 3483 1560 3540 similes
1589 3482 1730 3537 inter
1755 3495 1814 3537 se
1840 3482 1908 3536 ad
1936 3483 1997 3537 il-

418 3578 514 3634 lud
535 3592 640 3633 non
674 3585 800 3634 sunt
821 3577 1071 3642 formati;
1112 3592 1273 3646 quam
1321 3591 1436 3640 eos,
1468 3576 1560 3646 qui
1584 3575 1796 3631 honesti
1827 3576 1998 3645 negli-

418 3677 608 3738 gentes
635 3669 688 3724 in
710 3669 988 3724 contraria
1019 3669 1325 3738 praecipites
1351 3677 1539 3722 ruunt.
1576 3668 1715 3722 Sunt
1757 3667 1902 3722 enim
1927 3681 1995 3722 ex

418 3761 539 3816 istis
557 3761 652 3832 qui
681 3763 1032 3816 vehementer
1068 3759 1274 3814 malitia
1307 3760 1702 3829 perfunduntur
1725 3799 1740 3825 ,
1785 3768 1913 3814 sunt
1941 3766 1998 3814 et

416 3853 514 3925 qui
539 3853 594 3908 iu
625 3867 746 3908 eam
773 3851 1017 3907 ferantur
1032 3851 1386 3906 moderatius.
1422 3852 1562 3918 Quid
1611 3851 1778 3920 igitur
1803 3850 1999 3906 absur-

418 3944 547 3998 dum
576 3944 712 3998 duas
741 3945 793 3998 in
816 3943 1127 4000 hominibus
1152 3952 1368 4008 esse,ut
1396 3944 1472 3997 ita
1500 3941 1718 4011 loquar,
1738 3941 1997 3996 extremis

417 4044 583 4104 tates,
609 4036 836 4092 alteram
854 4035 1004 4101 boni,
1023 4034 1149 4089 mali
1169 4035 1418 4099 alteram,
1437 4033 1512 4088 ita
1540 4043 1597 4087 ut
1618 4033 1781 4087 altera
1803 4033 1855 4088 in
1871 4047 1994 4087 eum

417 4128 510 4198 qui
547 4127 844 4183 secundum
869 4125 1053 4182 Jesum
1093 4125 1440 4196 intelligitur,
1496 4124 1770 4178 hominem
1813 4122 1992 4186 cadat,

416 4236 446 4273 a
480 4234 590 4290 quo
636 4234 806 4290 genus
864 4218 1144 4274 hominum
1183 4226 1290 4271 tam
1327 4217 1589 4288 praeclare
1644 4229 1991 4280 conversum,

415 4320 666 4366 curatum
696 4318 750 4367 et
783 4310 841 4366 in
876 4309 1072 4366 melius
1095 4317 1411 4379 provectum
1441 4315 1557 4372 est;
1599 4307 1772 4361 altera
1813 4315 1991 4361 autem

417 4403 546 4458 mali
586 4403 641 4458 in
692 4416 816 4458 eum
865 4403 1155 4458 conveniat
1206 4401 1261 4456 itt
1316 4415 1425 4470 quo
1474 4383 1848 4455 Attticltristtts
1903 4397 1995 4454 ille

417 4494 770 4565 agnoscitur?
792 4491 909 4548 Jam
936 4494 1258 4557 vero._Deas,
1289 4491 1441 4560 cujus
1477 4490 1814 4560 praescientia
1837 4503 1989 4543 com-

2095 3305 2222 3346 ωπα
2259 3292 2571 3362 προσώποις
2592 3331 2608 3357 ,
2657 3291 2833 3356 οὕτως
2865 3290 2976 3344 οὐδ’
3015 3291 3071 3344 αί
3104 3290 3325 3361 καρδίαι
3355 3292 3544 3360 ὅμοιαι
3567 3293 3682 3354 ταῖς

2097 3384 2344 3456 καρδίαις
2385 3385 2491 3439 τῶν
2529 3384 2862 3456 ἀνθρώπων·
2906 3384 3063 3455 δῆλον
3102 3379 3195 3437 οὖν
3229 3385 3343 3447 ὅτι,
3387 3380 3499 3437 εἷεν
3530 3383 3594 3438 ἂν
3624 3385 3682 3438 ἐν

2096 3481 2216 3541 ταῖς
2240 3476 2489 3550 καρδίαις
2516 3477 2624 3532 τῶν
2665 3476 2966 3548 ἀνθρώπων
2995 3475 3249 3547 διαφοραὶ
3267 3517 3283 3541 ,
3315 3475 3428 3529 τῶν
3458 3475 3596 3547 πρὸς
3622 3474 3681 3528 τὺ

2099 3568 2261 3622 καλὸν
2294 3567 2642 3634 νενευκότων,
2676 3569 2777 3622 οὐκ
2810 3568 3004 3639 ἐπίσης
3041 3570 3136 3621 καὶ
3163 3568 3569 3638 παραπλησίως
3596 3563 3682 3619 aa.

2096 3659 2278 3730 λήλοις
2327 3658 2544 3712 πάντων
2579 3659 2936 3715 τυπωθέντων
2969 3660 3067 3714 καὶ
3110 3659 3516 3731 μορφωθέντων

2096 3748 2248 3814 αὐτὸ,
2281 3750 2378 3803 καὶ
2406 3748 2513 3803 τῶν
2538 3749 2604 3802 δι’
2628 3749 2890 3820 ἀμέλειαν
2917 3750 3009 3803 τοῦ
3039 3750 3205 3804 καλοῦ
3239 3751 3337 3803 ἐπὶ
3366 3749 3439 3803 τὰ
3466 3750 3675 3802 ἐναντία

2096 3838 2383 3892 ἀττόντων.
2415 3839 2527 3892 Καὶ
2559 3840 2619 3893 ἐν
2661 3841 2874 3904 τούτοις
2902 3841 3043 3912 γὰρ,
3075 3843 3134 3894 ἐν
3181 3836 3265 3904 οἷς
3307 3841 3412 3912 μέν
3451 3841 3532 3910 (7)
3564 3843 3676 3892 ἐστι

2098 3931 2303 4002 σφόδρα
2326 3932 2598 4004 κεχυμένη
2632 3934 2667 4004 ἡ
2705 3932 2895 3998 κακία,
2929 3935 2987 3988 ἐν
3011 3931 3092 3997 οἷς
3117 3933 3166 3986 δ’
3205 3934 3296 3986 ἐπ’
3335 3934 3578 3986 ἔλαττον.
3611 3931 3676 3985 Τί

2095 4019 2187 4077 οὖν
2212 4023 2408 4077 ἄτοπον
2427 4062 2442 4089 ,
2470 4022 2584 4088 δύο,
2611 4023 2678 4076 ἵν’
2705 4021 2877 4088 οὕτως
2907 4021 3156 4094 ὀνομάσω
3173 4063 3188 4089 ,
3214 4023 3554 4094 ἀκρότητας,
3582 4022 3677 4093 τὴν

2099 4113 2200 4187 μὲν
2235 4115 2329 4168 τοῦ
2361 4114 2528 4168 καλοῦ
2549 4154 2564 4179 ,
2596 4113 2696 4186 τὴν
2735 4114 2796 4167 δὲ
2830 4114 2923 4168 τοῦ
2958 4115 3201 4170 ἐναντίου
3229 4153 3244 4178 ,
3281 4117 3340 4168 ἐν
3370 4113 3675 4186 ἀνθρώποις

2095 4204 2408 4274 γίγνεσθαι,
2448 4203 2588 4258 ὥστε
2617 4203 2715 4276 τὴν
2762 4205 2863 4276 μὲν
2905 4205 3000 4259 τοῦ
3031 4206 3195 4260 καλοῦ
3229 4206 3510 4278 ἀκρότητα
3541 4201 3671 4258 εἶναι

2097 4297 2157 4350 ἐν
2180 4296 2260 4368 τῷ
2289 4296 2429 4350 κατά
2459 4296 2548 4350 τόν
2577 4296 2783 4368 Ἰησοῦν
2812 4297 3085 4369 νοουμένῳ
3107 4296 3407 4368 ἀνθρώπῳ,
3439 4299 3531 4366 ἀφ’
3553 4289 3609 4349 οὗ
3634 4298 3668 4365 ἡ

2095 4389 2327 4461 τοσαύτη
2361 4390 2588 4463 ἔῤῥευσε
2610 4391 2689 4464 τῷ
2717 4392 2864 4462 γένει
2889 4390 2996 4446 τῶν
3013 4390 3318 4463 ἀνθρώπων
3349 4389 3668 4461 ἐπιστροφὴ,

2095 4481 2189 4534 καὶ
2212 4481 2496 4554 θεραπεία,
2524 4484 2620 4540 καὶ
2653 4483 2932 4554 βελτίωσις
2953 4501 2966 4514 ·
2999 4483 3099 4557 τὴν
3125 4482 3181 4535 δὲ
3210 4481 3305 4536 τοῦ
3340 4484 3583 4537 ἐναντίου
3611 4483 3667 4532 ἐν

415 4587 710 4654 prehendit
733 4584 936 4650 omnia,
967 4599 1094 4639 cum
1125 4584 1335 4639 videret
1356 4598 1422 4638 ea
1453 4597 1572 4650 quae
1605 4582 1672 4636 ad
1701 4590 1992 4649 utrumque

2106 4573 2175 4644 τῷ
2197 4575 2338 4629 κατά
2355 4577 2445 4630 τὸν
2469 4576 2865 4648 ὀνομαζόμενον
2891 4575 3255 4647 Ἀντίχριστον
3275 4592 3290 4640 ;
3308 4577 3500 4630 Πάντα
3522 4576 3575 4629 δὲ
3602 4577 3664 4643 τῇ

417 4677 716 4745 pertinent,
744 4676 916 4731 voluit
943 4683 1236 4744 utrumque
1262 4673 1577 4730 hominibus
1632 4688 1731 4742 per
1761 4673 1992 4743 prophe-

414 4775 502 4824 tas
530 4777 715 4822 notum
745 4767 882 4834 ﬁeri,
925 4775 985 4820 ut
1029 4765 1121 4836 qui
1169 4777 1357 4820 eorum
1375 4778 1685 4838 “sermones
1721 4764 1991 4834 intellige-

416 4866 560 4920 rent,
592 4856 933 4912 adhaererent
962 4856 1126 4922 bono,
1180 4864 1237 4908 et
1293 4853 1396 4910 sibi
1450 4868 1480 4908 a
1533 4853 1680 4908 malo
1718 4862 1986 4909 caverent.

415 4946 664 5016 Oportuit
690 4956 868 5002 autem
902 4955 961 5000 ut
989 4945 1130 5000 alter
1177 4946 1389 5001 illorum
1430 4953 1795 5001 extremorum
1841 4945 1993 5015 isque

417 5038 654 5101 optimus
682 5036 1051 5107 appellaretur
1099 5037 1192 5092 Dei
1245 5037 1415 5092 Filius
1442 5044 1663 5105 propter
1706 5050 1862 5091 suam
1899 5050 1992 5090 ex-

413 5120 758 5188 cellentiam;
791 5123 928 5178 alter
954 5137 1083 5180 vero
1134 5124 1237 5194 ipsi
1269 5139 1335 5179 ex
1381 5125 1648 5179 diametro
1689 5125 1990 5194 oppositus,

416 5213 544 5267 mali
575 5214 862 5281 daemonis,
900 5213 1142 5283 Satanze,
1175 5214 1488 5286 diabolique
1519 5215 1660 5270 tilius
1689 5215 1990 5270 diceretur.

519 5333 566 5365 "’
599 5332 799 5389 Ezech.
827 5347 1022 5400 xxvttt,
1048 5331 1136 5388 l5.
1212 5331 1260 5364 °°
1291 5330 1425 5386 ibid.
1499 5331 1543 5362 ⁸⁸
1583 5328 1714 5386 ibid.
1745 5327 1830 5385 l9.

486 5443 564 5512 (ὅ)
610 5443 1089 5513 Πτεροῤῥυήσας.
1119 5444 1255 5502 Vide
1291 5445 1664 5501 adnotationes
1698 5443 1764 5497 ad
1793 5442 1889 5497 lib.
1915 5457 1990 5509 tv,

412 5527 566 5657 ηυξῗὶ
597 5515 824 5654 4Votllgali
858 5584 1058 5641 Ezech.
1088 5584 1248 5653 libb.,
1275 5584 1474 5657 εὑρέθη
1500 5583 1570 5638 τὰ.
1595 5583 1907 5654 ἀδικήματα
1935 5583 1994 5636 ἐν

607 5725 791 5784 cod“
828 5725 1052 5797 Β⁰⁸ί¹¹⁵ν
1083 5727 1308 5782 εἰπάντα
1341 5727 1478 5801 πρὸς
1511 5723 1682 5782 αὐτὸν
1735 5722 1993 5805 summa

2101 4668 2293 4721 ἐαυτοῦ
2319 4669 2624 4740 προγνώσει
2676 4668 3049 4742 ἐκπεριλαϐὼν
3082 4672 3111 4723 ὀ
3147 4669 3302 4734 Θεὸς,
3337 4670 3434 4722 καὶ
3461 4667 3578 4722 ἰδὼν
3601 4667 3666 4718 τὰ

2100 4759 2229 4830 περὶ
2255 4759 2576 4831 ἀμφοτέρων
2594 4759 2817 4823 τούτων,
2850 4759 3112 4831 ἐϐουλήθη
3149 4759 3282 4830 περὶ
3305 4757 3514 4812 τούτων
3538 4775 3664 4826 γνω-

2103 4848 2249 4919 ρίσαι
2282 4849 2369 4902 διὰ
2401 4849 2508 4902 τῶν
2534 4851 2829 4922 προφητῶν
2859 4852 2972 4914 τοῖς
2997 4848 3326 4922 ἀνθρώποις,
3362 4850 3452 4902 ἵνα
3481 4850 3529 4902 oi
3549 4865 3664 4901 συν-

2102 4941 2270 5005 ιέντες
2310 4942 2417 4994 τῶν
2449 4941 2623 5011 λόγων
2662 4943 2842 4997 αὐτῶν
2883 4941 3204 4996 οἰκειωθῶσι
3254 4941 3355 5011 μὲν
3385 4929 3468 5011 τῷ
3495 4937 3663 5013 κρείτ-

2098 5051 2230 5099 τονι,
2262 5033 2600 5103 φυλάξωνται
2627 5035 2682 5088 δέ
2713 5035 2820 5088 ἀπὸ
2839 5033 2934 5088 τοῦ
2967 5034 3227 5102 ἐναντίου.
3268 5034 3473 5106 Ἐχρῆν
3497 5033 3554 5086 δὲ
3579 5030 3662 5083 τὸν

2104 5123 2202 5192 μὲν
2229 5122 2414 5194 ἕτερον
2435 5121 2543 5175 τῶν
2571 5122 2756 5194 ἄκρων
2795 5122 2888 5177 καὶ
2915 5119 3188 5191 βέλτιστον
3215 5121 3345 5175 Υἰὸν
3383 5115 3660 5191 ἀναγορεύ-

2101 5214 2255 5268 εσθαι
2286 5214 2380 5268 τοῦ
2399 5213 2530 5268 Θεοῦ
2554 5213 2640 5268 διὰ
2671 5214 2772 5286 τὴν
2799 5213 3092 5286 ὑπεροχὴν,
3117 5213 3210 5267 τὸν
3240 5212 3299 5267 δὲ
3323 5210 3657 5284 τούτῳ-κατὰ

2169 5443 2247 5518 (6)
2283 5445 2586 5518 Spencerus
2634 5444 2688 5499 in
2742 5453 2923 5509 textu,
2975 5443 3435 5516 σωματοποιήσῃ,
3479 5450 3648 5496 contra

2099 5515 2259 5569 ﬁdem
2295 5515 2813 5584 manuscriptoruut.

2167 5587 2244 5656 t7)
2297 5589 2398 5641 Ἑν
2425 5582 2514 5654 οἷς
2543 5579 3073 5656 ιλέν.5‹ξτίὶ)οιιᾶιιῐη
3111 5579 3648 5656 videtur_._é_vfo_t,;pév

2097 5648 2460 5730 ἐστι’σφόὸρα
2489 5648 2778 5731 ’κεχυμένη
2816 5655 2849 5726 ἡ
2882 5654 3076 5720 κακία,
3119 5653 3281 5716 ἐνίοις
3316 5651 3360 5707 δ’
3398 5651 3486 5706 ἐπ’
3511 5648 3649 5706 ωτ-

2096 5745 2208 5784 τον.
