3846 6406
555 312 687 368 1571

2026 321 2350 382 ORIGENIS

3644 328 3743 384 1572

552 434 721 507 669
748 445 802 491 et
825 436 1005 503 faciet,
1033 446 1088 493 et
1124 438 1412 497 interﬁciet
1438 445 1707 501 -rohuslos
1760 455 1813 502 et
1872 447 2122 517 populum

2228 465 2307 518 τῳ
2353 445 2454 517 τῆς
2506 443 2782 515 βασιλείας
2832 440 3008 497 αὐτῶν
3060 438 3214 513 (12),
3264 440 3627 512 πληρουμένων
3663 444 3742 499 τῶν

553 538 822 594 sanctum,
855 539 909 585 et
930 529 1118 599 jugum
1150 533 1493 589 vinculorum
1528 537 1645 605 ejus
1690 539 2123 608 prosperahitur.

552 617 717 675 Dolus
744 620 797 674 in
826 636 985 677 manu
1019 622 1135 693 ejus
1170 626 1301 681 etin
1343 629 1510 683 corde
1534 628 1650 698 ejus
1673 631 2125 701 magniﬁcabitur.

550 707 686 765 Dolo
708 714 1073 781 pessumdabit
1095 714 1292 772 multos
1317 727 1371 773 et
1398 719 1562 776 stabit
1596 722 1650 775 in
1688 721 1982 777 multorum
2004 736 2130 791 per-

552 798 769 870 niciem,
795 813 851 858 et
882 814 940 859 ut
962 821 1062 861 ova
1119 824 1279 865 manu
1324 823 1572 869 conteret
1590 814 1657 868 ⁸³.
1699 832 1718 867 ι
1754 814 1906 882 Quod
1938 830 2064 870 vero
2100 830 2131 870 a

549 888 718 946 Paulo
741 893 942 950 dictum
972 908 1054 953 est
1079 897 1163 953 his
1186 900 1305 970 ejus
1329 918 1449 972 quae
1471 903 1757 959 citavimus
1793 904 1998 968 verbis,
2024 922 2042 956 ι
2070 913 2129 959 ιιι

550 980 737 1038 sedeat
764 983 818 1039 in
842 987 1038 1053 templo
1059 988 1149 1044 Dei
1169 992 1464 1047 ostendens
1484 1007 1543 1049 se
1558 995 1711 1063 quasi
1740 994 1814 1051 sit
1840 994 1983 1051 Deus
1999 995 2067 1060 ⁸⁵,
2104 1013 2124 1047 ι

550 1072 783 1144 idipsum
819 1091 847 1129 a
886 1077 1104 1134 Daniele
1138 1097 1458 1153 expressum
1498 1094 1581 1141 est
1614 1086 1665 1139 in
1698 1086 1840 1143 hunc
1866 1086 2082 1142 modum
2112 1105 2126 1143 :

557 1184 579 1218 t
608 1165 675 1223 Et
708 1168 761 1222 in
797 1172 997 1240 templo
1017 1174 1352 1231 abomiualio
1381 1177 1759 1247 desolationis,
1793 1190 1846 1235 et
1870 1197 2042 1252 usque
2063 1184 2129 1238 ad

549 1263 1084 1318 consummationem
1111 1267 1372 1335 temporis
1398 1272 1799 1327 consummatio
1818 1272 2040 1327 dabitur
2062 1274 2129 1329 ad

548 1350 935 1406 desolationem
968 1354 1035 1410 ⁸⁵.
1080 1373 1098 1406 ι
1134 1356 1310 1426 Atque
1351 1358 1465 1413 hzec
1504 1374 1572 1415 ex
1620 1361 1804 1417 multis
1875 1362 2131 1433 colligere

544 1441 779 1511 judicavi
810 1460 986 1515 operae
1010 1448 1267 1515 pretium,
1298 1460 1378 1515 ut,
1404 1465 1523 1519 quae
1552 1452 1860 1508 divinarum
1885 1453 2131 1525 Scriptu-

549 1546 732 1587 rarum
758 1534 825 1589 de
858 1535 1074 1591 diabolo
1132 1546 1187 1592 et
1219 1538 1556 1596 Antichristo
1604 1542 1675 1595 sit
1723 1556 1899 1609 meus,
1958 1544 2130 1599 lector

546 1622 889 1693 aliquatenus
937 1627 1287 1698 intelligeret.
1344 1630 1439 1687 His
1494 1632 1657 1702 igitur
1704 1633 1756 1687 in
1805 1634 1949 1688 hanc
2002 1650 2119 1690 rem

544 1717 816 1782 contenti,
845 1718 955 1786 jam
982 1720 1146 1775 alium
1168 1720 1310 1776 Celsi
1336 1721 1514 1778 locum
1542 1724 1823 1780 videamus
1849 1735 1904 1781 et
1936 1736 2125 1781 contra

546 1820 645 1873 pro
670 1807 875 1863 viribus
892 1812 1259 1867 decertemus.

2230 532 2517 604 ἁμαρτιῶν
2532 530 2728 595 αὐτῶν,
2748 532 3112 601 ἀναστήσεται
3135 529 3386 601 βασιλεὺς
3408 531 3608 604 ἀναιδὴς
3622 552 3743 605 προσ.

2229 626 2385 698 ὠπῳ,
2410 627 2503 680 καὶ
2543 625 2737 679 συνιὼν
2770 623 3148 697 προϐλήματα,
3178 624 3273 677 καὶ
3312 623 3537 696 κραταιά
3566 626 3595 696 ἡ
3628 628 3743 697 ἰσχὺς

2229 718 2430 783 αὐτοῦ,
2489 719 2584 773 καὶ
2634 715 2924 788 Θαυμαστὰ
2976 715 3280 787 διαφθερεῖ,
3323 716 3415 769 καὶ
3466 716 3741 783 κατευθυνεῖ,

2232 812 2327 864 καὶ
2350 812 2581 884 ποιήσει,
2606 810 2700 864 καὶ
2720 809 2999 879 διαφθερεῖ
3017 809 3273 880 ἰσχυροὺς
3294 847 3309 870 ,
3340 808 3434 862 καὶ
3464 808 3577 861 λαὸν
3602 810 3739 877 ἅγιον⁸

2233 904 2327 956 καὶ
2352 902 2380 955 ό
2406 901 2569 971 ζυγὸς
2595 900 2690 955 τοῦ
2715 899 2895 953 κλοιοῦ
2925 898 3089 952 αὑτοῦ
3114 898 3450 952 κατευθυνεῖ.
3478 898 3616 963 Δόλος
3636 901 3679 952 ὲν
3697 904 3742 971 τῇ

2231 995 2373 1066 χειρὶ
2399 993 2586 1056 αὐτοῦ,
2630 992 2727 1047 καὶ
2772 993 2830 1044 ἐν
2858 991 3052 1063 καρδίᾳ
3104 989 3268 1044 αὑτοῦ
3326 990 3740 1061 μεγαλυνθήσεται.

2230 1084 2341 1139 Καὶ
2361 1083 2496 1154 δόλῳ
2518 1082 2630 1154 (15)
2677 1081 2957 1153 διαφθερεῖ
3006 1081 3236 1145 πολλοὺς
3255 1123 3271 1149 ,
3302 1078 3396 1134 καὶ
3422 1081 3511 1133 ἐπὶ
3533 1082 3744 1147 ἀπωλείας

2231 1175 2441 1229 πολλῶν
2472 1176 2742 1246 στήσεται,
2771 1174 2865 1227 καὶ
2892 1173 2967 1236 ὡς
2995 1172 3076 1226 ὠὰ
3101 1174 3244 1245 χειρὶ
3263 1172 3555 1245 συντρίψει.
3577 1193 3594 1225 ι
3617 1174 3742 1245 Ὅπερ

2228 1265 2285 1318 δὲ
2336 1264 2488 1337 παρά
2541 1264 2618 1336 τῷ
2649 1264 2845 1334 Παύλῳ
2877 1263 3124 1317 λέλεκται
3176 1265 3233 1316 ἐν
3350 1263 3597 1336 ὲξεθέμην
3622 1265 3740 1317 αὐτοῦ

2229 1356 2372 1422 λέξει
2408 1356 2691 1430 φασκούσῃ
2710 1397 2723 1419 ,
2765 1376 2784 1407 t
2814 1354 2954 1409 ὥστε
2996 1355 3128 1409 αὐτὸ
3167 1356 3247 1418 είς
3278 1353 3370 1407 τὸν
3399 1355 3518 1407 ναὸν
3544 1354 3622 1409 τοῦ
3645 1355 3740 1409 Θεοῦ

2230 1448 2451 1503 καθίσαι
2480 1448 2870 1502 ἀποδεικνύντα
2904 1447 3093 1499 ἑαυτὸν
3122 1447 3205 1500 ὅτι
3234 1446 3353 1499 ἐστὶ
3393 1446 3549 1509 Θεός*
3577 1466 3592 1498 ι
3628 1448 3741 1501 τοῦτο

2230 1543 2324 1595 καὶ
2352 1542 2410 1594 ὲν
2445 1541 2524 1611 τῷ
2561 1538 2757 1610 Δανιὴλ
2784 1537 2973 1591 τοῦτον
3011 1538 3228 1608 εἴρηται
3262 1538 3354 1591 τὸν
3398 1538 3606 1609 τρόπον·
3632 1540 3739 1591 «Καὶ

2230 1633 2323 1686 ἐπὶ
2367 1631 2430 1684 τὸ
2472 1631 2615 1702 ἱερὸν
2668 1629 2939 1700 βδέλυγμα
2985 1627 3094 1680 τῶν
3148 1626 3501 1699 ὲρημώσεων,
3550 1628 3626 1679 καὶ
3668 1628 3739 1690 Em;

2232 1722 2538 1785 συντελείας
2563 1719 2752 1790 καιροῦ
2802 1716 3077 1772 συντέλεια
3116 1717 3401 1788 δοθήσεται
3433 1718 3521 1770 ἐπὶ
3552 1718 3632 1788 τήν
3652 1719 3739 1788 ἐρή-

2154 1813 2198 1868 Β
2231 1831 2422 1887 μωσιν.
2457 1832 2474 1865 ι
2526 1811 2775 1865 Τοσαῦτα
2825 1810 2890 1882 δὴ
2937 1809 3046 1863 ἀπὸ
3084 1809 3345 1863 πλειόνων
3388 1809 3555 1873 ἔδοξεν
3580 1810 3740 1877 εὔλογον

544 1897 682 1952 εἷναί
716 1920 804 1973 μοι
833 1906 1207 1976 παραθέσθαι,
1243 1910 1323 1973 εἰς
1350 1910 1412 1963 τὸ
1434 1909 1535 1964 κᾶν
1568 1912 1655 1963 ἐπ’
1683 1912 1861 1981 ὀλίγον
1892 1914 2131 1968 συνιέναι
2166 1914 2258 1967 τὸν
2284 1910 2559 1982 ἀκροατὴν
2598 1909 2727 1981 περὶ
2754 1907 2846 1961 τοῦ
2900 1908 3240 1979 βουλήματος
3290 1907 3400 1960 τῶν
3423 1906 3567 1961 θείων
3600 1907 3738 1975 λόγων,

542 1990 899 2048 διδασκόντων
932 1996 999 2050 τὰ
1048 1999 1302 2068 περὶτοῦ
1333 2000 1578 2054 διαϐόλου
1622 2004 1716 2057 καὶ
1743 2004 1837 2057 τοῦ
1890 2004 2286 2076 Ἆντιχρίστου⁶
2337 1999 2418 2065 οἷς
2457 2002 2537 2066 είς
2581 2000 2753 2054 ταῦτα
2795 1998 3184 2071 ἀρκεσθέντες,
3242 1997 3443 2070 ίδωμεν
3492 2001 3575 2054 καὶ
3623 2000 3739 2070 ἀλλην

541 2088 637 2142 τοῦ
670 2091 880 2143 Κέλσου
908 2090 1081 2158 λέξιν,
1110 2094 1203 2145 καὶ
1238 2095 1375 2166 πρὸς
1416 2096 1585 2167 αὐτὴν
1624 2098 1768 2152 κατὰ
1798 2099 1859 2153 τὸ
1901 2100 2125 2154 δυνατὸν
2152 2096 2570 2168 ἀγωνισώμεθα.

612 2183 702 2237 47.
743 2182 835 2239 Sic
876 2185 965 2239 ille
1014 2187 1234 2256 pergit:
1272 2204 1290 2238 ι
1336 2186 1488 2243 Unde
1536 2189 1638 2244 hoc
1688 2190 1864 2261 ipsum
1916 2192 2020 2247 illis
2065 2192 2121 2246 in

544 2281 781 2329 mentem
814 2276 1039 2341 venerit,
1078 2276 1169 2332 Dei
1199 2277 1394 2331 Filium
1424 2290 1646 2346 vocare,
1677 2281 1789 2350 jam
1824 2291 2014 2338 notum
2040 2282 2120 2336 fa-

544 2366 652 2421 cio.
686 2366 909 2421 Scilicet
944 2377 1158 2424 veteres
1191 2369 1334 2426 hunc
1382 2374 1664 2440 mundum,
1722 2375 1875 2444 quasi
1906 2389 1974 2429 ex
2014 2374 2126 2431 Deo

542 2459 755 2529 genitus
778 2470 942 2522 esset,
983 2459 1075 2515 Dei
1130 2460 1296 2514 lilium
1347 2473 1403 2516 et
1440 2464 1839 2520 adolescentem
1884 2467 2125 2536 appella-

542 2556 690 2605 runt.
719 2548 973 2620 Magnam
1007 2561 1159 2604 certe
1192 2550 1335 2605 hunc
1369 2554 1511 2606 inter
1532 2562 1587 2607 et
1626 2553 1773 2607 illum
1804 2554 1896 2607 Dei
1926 2553 2121 2609 Filium

541 2640 988 2695 similitudinem!
1032 2660 1049 2693 ι
1084 2641 1236 2708 Quod
1268 2659 1396 2714 ergo
1424 2642 1514 2698 Dei
1542 2643 1738 2698 Filium
1784 2644 2035 2712 dicimus,
2070 2645 2121 2700 id

540 2750 640 2789 nos
662 2748 947 2805 perperam
984 2744 1257 2790 mutuatos
1290 2751 1411 2791 esse
1436 2736 1648 2805 putavit
1687 2750 1755 2790 ex
1790 2736 1857 2792 iis
1908 2752 2029 2807 quae
2056 2738 2124 2794 de

540 2827 741 2880 mundo
764 2824 961 2880 tradita
992 2837 1139 2892 sunt,
1161 2827 1314 2882 illum
1341 2829 1595 2884 videlicet
1630 2844 1697 2883 ex
1721 2830 1829 2883 Deo
1855 2830 2118 2899 genitum,

539 2916 635 2971 Dei
668 2910 834 2972 lilium
874 2927 927 2973 et
953 2917 1121 2972 Deum
1145 2933 1284 2973 esse.
1339 2918 1523 2989 Neque
1573 2923 1718 2977 enim
1761 2922 1963 2993 Moysis
1997 2938 2122 2992 pro-

540 3009 937 3080 phetarumque
964 3021 1177 3065 aetatem
1211 3012 1566 3069 considerare
1620 3015 1816 3084 potuit,
1870 3025 1931 3069 ut
1962 3014 2121 3069 intel-

542 3099 1059 3170 ligeretJudzeorum
1096 3106 1388 3175 prophetas
1441 3107 1507 3160 de
1560 3107 1794 3175 qundam
1842 3105 1938 3161 Dei
1984 3106 2123 3161 Filio

2303 2188 2497 2257 Ἔλεγε
2536 2186 2600 2259 δὴ
2640 2184 2777 2257 μετὰ
2811 2186 2879 2240 τά
2919 2185 3214 2257 ἐκκείμενα
3248 2185 3503 2239 τοιαῦταο
3527 2205 3545 2238 t
3576 2184 3737 2240 Ὀτοόθει

2228 2281 2285 2335 δὲ
2319 2281 2414 2334 καὶ
2447 2280 2580 2333 αὐτὸ
2604 2279 2760 2332 τοῦτο
2794 2277 3031 2349 ἐπῆλθεν
3061 2279 3267 2343 αὐτοῖς,
3297 2278 3433 2332 Θεοῦ
3459 2279 3734 2340 Υίδνιιαλεῐν,

2232 2375 2500 2445 σημαίνω.
2520 2372 2743 2443 ’Ἄνδρες
2756 2370 2974 2425 παλαιοὶ
2990 2371 3137 2425 τόνδε
3153 2371 3246 2425 τὸν
3262 2371 3484 2443 κόσμον,
3501 2372 3567 2435 ὡς
3582 2374 3631 2426 ὲκ
3645 2371 3736 2423 Θεοῦ

2230 2467 2537 2537 γενόμενον,
2580 2464 2750 2517 παῖδά
2782 2480 2844 2516 τε
2890 2461 3055 2516 αὐτοῦ
3082 2462 3176 2515 καὶ
3211 2462 3395 2531 ήῖθεον
3430 2464 3535 2533 (ll)
3582 2464 3739 2533 προσεί-

2230 2574 2348 2608 πον.
2382 2556 2528 2609 Πάνυ
2550 2554 2680 2624 γοῦν
2705 2555 2890 2624 ὅμοιος
2913 2548 3064 2616 οὗτός
3084 2570 3142 2606 τε
3164 2555 3417 2617 κάκεῖνος
3441 2556 3565 2618 Παῖς
3583 2553 3705 2606 Θεοῦί
3724 2571 3736 2603 ι

2241 2647 2406 2719 ’ῼήθη
2440 2647 2566 2701 Υίὸν
2594 2645 2729 2700 Θεοῦ
2764 2647 2912 2717 ἡμᾶς
2962 2644 3164 2714 λέγειν,
3202 2647 3654 2717 παραποιήσαντας
3693 2642 3741 2695 τὰ

2228 2741 2357 2811 περὶ
2389 2739 2483 2793 τοῦ
2518 2739 2747 2811 κόσμου,
2787 2740 2864 2804 ὡς
2900 2740 2965 2792 ὲκ
3001 2738 3138 2792 Θεοῦ
3185 2739 3500 2809 γενομένου,
3544 2737 3622 2791 καὶ
3658 2734 3740 2789 vis}

2228 2830 2379 2895 ὄντος
2425 2830 2615 2897 αὐτοῦ,
2670 2831 2761 2884 καὶ
2795 2831 2937 2884 θεοῦ.
2982 2831 3058 2883 Οῦ
3104 2830 3211 2899 γάρ
3239 2829 3467 2899 ἐδυνήθη
3510 2826 3743 2896 ἐπιστήσας

2227 2926 2339 2986 τοῖς
2370 2922 2582 2993 χρόνοις
2627 2922 2907 2985 Μωῦσέως
2948 2920 3043 2974 καὶ
3084 2919 3195 2972 τῶν
3224 2918 3512 2991 προφητῶν
3546 2917 3665 2979 ίδείν,
3686 2917 3743 2968 ὅτι

2230 3014 2458 3067 καθόλου
2498 3013 2560 3064 τὸ
2585 3007 2723 3065 εἷναί
2749 3028 2873 3066 τινα
2915 3011 3030 3063 υἱὸν
3072 3009 3208 3063 Θεοῦ
3237 3008 3344 3080 πρὸ
3384 3008 3641 3078 Ἑλλήνων,
3678 3004 3743 3057 καὶ

2230 3098 2306 3159 ὧν
2339 3121 2502 3175 φησιν
2547 3103 2575 3155 ὁ
2607 3102 2814 3166 Κέλσος
2856 3100 3101 3156 παλαιῶν
3137 3100 3371 3171 ἀνδρῶν,
3410 3102 3457 3153 οί
3500 3098 3611 3169 παρ’
3648 3098 3744 3150 Ἰου-

540 3189 699 3261 longe
724 3202 851 3247 ante
874 3192 1083 3248 locutos
1116 3209 1260 3261 esse,
1285 3209 1445 3263 quam
1479 3196 1657 3251 Graeci
1685 3206 1740 3251 et
1781 3197 1840 3261 ii,
1866 3212 2002 3265 quos
2034 3211 2122 3249 ve-

2227 3196 2398 3260 δαίοις
2438 3195 2711 3266 προφῆται
2741 3194 3171 3265 προεφήτευσαν.
3231 3191 3374 3244 Ἀλλ’
3404 3190 3509 3243 οὐδ’
3538 3185 3744 3256 ἐϐουλήθη

540 3291 692 3338 teres
718 3292 896 3349 vocat,
944 3285 1239 3355 prodirent.
1289 3286 1400 3341 Nec
1443 3288 1607 3342 etiam
1654 3288 1903 3358 proferre
1957 3288 2123 3344 voluit

542 3374 911 3430 testimonium
947 3376 1091 3445 quod
1131 3392 1296 3448 supra
1335 3394 1403 3433 ex
1449 3378 1693 3434 Platonis
1736 3380 1980 3450 epistolis
2021 3381 2121 3435 ad-

541 3467 814 3534 duximus,
848 3467 936 3523 ubi
970 3470 1057 3525 hic
1094 3471 1161 3526 de
1190 3471 1349 3540 hujus
1386 3470 1761 3527 universitatis
1797 3471 1990 3542 opiﬁce
2035 3472 2118 3527 lo-

540 3561 726 3630 quitur
758 3573 1015 3631 tanquam
1060 3564 1125 3617 de
1156 3562 1252 3617 Dei
1288 3562 1424 3618 Filio
1460 3563 1704 3618 :veritus
1730 3575 1799 3617 ne
1829 3578 1860 3617 a
1890 3562 2119 3619 Platone

542 3650 655 3719 illo,
693 3667 853 3723 quem
876 3667 1023 3723 sape
1050 3654 1302 3709 laudibus
1330 3654 1548 3720 extulit,
1592 3664 1883 3723 cogeretur
1929 3668 2121 3711 assen-

544 3744 657 3810 tiri,
694 3744 852 3813 hujus
879 3744 1252 3800 universitatis
1285 3754 1569 3799 auctorem
1611 3759 1731 3799 esse
1760 3744 1856 3799 Dei
1893 3745 2118 3813 Filium,

543 3836 776 3906 primum
814 3847 996 3893 autem
1027 3845 1082 3889 et
1107 3851 1419 3907 supremum
1466 3835 1637 3890 Deum
1686 3834 1803 3905 ejus
1842 3850 1962 3891 esse
2014 3836 2121 3891 Pa-

545 3938 702 3983 trem.
766 3928 921 3995 Quod
980 3936 1161 3983 autem
1217 3927 1454 3983 dicimus
1510 3924 1747 3979 animam
1787 3924 1934 3981 illius
1988 3925 2119 3983 Jesu

543 4029 691 4074 tanto
724 4020 816 4074 Dei
859 4020 973 4075 lilio
1021 4019 1210 4075 intima
1269 4018 1692 4090 participatione
1739 4017 1965 4085 unitum,
2020 4034 2123 4076 nec

543 4128 779 4183 unquam
808 4114 876 4169 ab
903 4114 992 4167 illo
1040 4110 1423 4183 separandam,
1450 4111 1502 4166 id
1536 4110 1759 4165 minime
1787 4110 1982 4165 mirum
2014 4122 2115 4168 est.

541 4204 675 4259 Nam
703 4207 756 4259 in
782 4206 955 4260 sacris
978 4204 1275 4276 Scripturis
1306 4205 1550 4274 reperire
1581 4204 1707 4257 licet
1735 4210 1791 4256 et
1821 4204 1948 4268 alia,
1973 4218 2119 4272 quze,

538 4296 789 4364 quamvis
829 4295 935 4350 duo
966 4305 1156 4350 natura
1199 4310 1295 4351 sua
1325 4297 1459 4361 sint,
1496 4305 1820 4366 reputantur
1853 4304 2032 4350 tamen
2064 4304 2122 4351 et

542 4402 730 4443 revera
762 4398 887 4442 sunt
916 4404 1079 4441 unum
1121 4407 1133 4441 :
1182 4388 1485 4463 cujusmodi
1515 4397 1598 4443 est
1634 4388 1777 4443 istud
1825 4388 1892 4444 de
1926 4390 2120 4443 marito

538 4488 595 4532 et
645 4493 815 4533 uxore
872 4496 888 4531 :
944 4496 963 4530 ι
1022 4478 1137 4533 Νοιι
1184 4479 1422 4549 amplius
1488 4481 1595 4535 duo
1644 4491 1795 4549 sunt,
1853 4484 1952 4537 sed
2008 4496 2117 4537 una

2228 3288 2291 3341 τὸ
2319 3287 2472 3359 παρὰ
2501 3287 2750 3341 Πλάτωνι
2779 3287 2837 3339 ἐν
2879 3287 2998 3349 ταῖς
3030 3284 3341 3347 ἐπιστολαῖς
3371 3282 3674 3354 λελεγμένον,
3700 3271 3745 3331 οὗ

2229 3380 2287 3432 ὲν
2314 3382 2427 3442 τοῖς
2459 3378 2717 3449 ἀνωτέρω
2912 3377 3282 3449 ἐμνήσθημεν,
3312 3375 3440 3447 περὶ
3486 3374 3570 3427 τοῦ
3608 3373 3744 3425 διακο-

2231 3471 2541 3541 σμήσαντος
2568 3469 2685 3522 τόδε
2716 3470 2779 3522 τὸ
2811 3470 2939 3532 πᾶν,
2983 3468 3058 3533 ὡς
3104 3468 3257 3532 ὄντος
3288 3466 3419 3520 Υίοῦ
3446 3466 3589 3529 Θεοῦ,
3618 3481 3744 3534 παρα·

2231 3559 2457 3615 θέσθαι·
2496 3560 2584 3615 ἵνα
2618 3561 2693 3632 μὴ
2739 3560 2833 3614 καὶ
2866 3560 3030 3623 αὐτὸς
3076 3559 3184 3612 ὑπὸ
3229 3557 3324 3612 τοῦ
3376 3558 3669 3620 Πλάτωνος,
3704 3554 3743 3606 ὃν

2228 3652 2490 3717 πολλάκις
2516 3652 2828 3724 ἐσέμνυνεν,
2858 3651 3177 3723 ἀναγκασθῇ
3206 3650 3615 3723 παραδέξασθαι,
3636 3646 3697 3700 ότι
3725 3644 3745 3695 ὁ

2232 3745 2331 3817 μὲν
2354 3744 2683 3816 δημιουργὸς
2714 3744 2871 3798 τοῦδε
2896 3744 2990 3798 τοῦ
3017 3743 3217 3807 παντὸς
3238 3744 3368 3805 Υίὸς
3388 3743 3499 3795 ἐστι
3526 3739 3609 3794 τοῦ
3630 3734 3744 3796 Θεοῦ,

2226 3840 2256 3891 ὁ
2286 3837 2344 3890 δὲ
2378 3838 2592 3910 πρῶτος
2620 3836 2717 3891 καὶ
2758 3837 2852 3890 ἐπὶ
2880 3838 3014 3890 πᾶσι
3044 3835 3177 3899 Θεὸς
3208 3835 3406 3907 Πατήρ
3442 3834 3578 3887 ἐστιν
3602 3826 3742 3885 αὐτοῦ.

2228 3927 2291 3981 El
2312 3926 2368 3981 δὲ
2396 3926 2474 3999 τῷ
2502 3926 2804 3999 τηλικούτῳ
2838 3926 2953 3998 Υἱῴ
2979 3927 3074 3981 τοῦ
3106 3926 3242 3981 Θεοῦ
3286 3924 3547 3995 ἡνῶσθαι
3568 3923 3747 3994 φάσκον·

2226 4038 2317 4085 τες
2354 4021 2463 4093 (16)
2516 4025 2584 4093 τῇ
2630 4022 2776 4095 ἄκρᾳ
2824 4023 3024 4093 μετοχῇ
3072 4021 3283 4074 ἐκείνου
3328 4019 3428 4092 τὴν
3470 4016 3557 4072 τοῦ
3617 4009 3745 4083 Ἰηπῦ

2225 4111 2422 4183 ψυχὴν,
2455 4110 2654 4165 οὐκέτι
2684 4109 3060 4184 χωριζομένην
3094 4109 3189 4162 ἀπ’
3212 4108 3420 4163 ἐκείνου
3446 4104 3745 4179 αὐτὴν,οῦδὲν

2226 4202 2557 4272 θαυμαστόν.
2582 4202 2766 4256 Οἴδασι
2782 4201 2892 4273 γὰρ
2917 4202 2967 4253 οἱ
2985 4200 3121 4271 ἱεροὶ
3146 4201 3253 4253 τῶν
3282 4200 3440 4253 θείων
3466 4197 3744 4272 γραμμάτιον

2226 4293 2373 4363 λόγοι
2402 4294 2493 4347 καὶ
2515 4294 2671 4359 ἀλλα,
2693 4294 2787 4347 δύο
2811 4296 2878 4365 τῇ
2912 4292 3121 4349 ὲαυτῶν
3151 4294 3312 4362 φύσει
3339 4292 3665 4363 τυγχάνοντα,
3691 4286 3744 4346 εἰς

2226 4388 2283 4441 ἓν
2323 4387 2572 4460 ἀλλήλοις
2605 4382 2745 4440 εἶναι
2780 4385 3135 4456 λελογισμένα
3166 4385 3260 4437 καὶ
3309 4383 3437 4437 ὄντα
3459 4400 3472 4413 ο
3520 4377 3619 4434 οἷον
3655 4376 3744 4445 περὶ

2230 4480 2329 4551 μὲν
2374 4479 2567 4550 ἀνδρὸς
2598 4480 2694 4533 καὶ
2730 4478 2989 4547 γυναικὸς
3021 4477 3303 4530 λέλεκται·
3368 4495 3387 4527 ι
3412 4476 3519 4529 ωκ
3558 4474 3629 4525 ἔτι
3670 4466 3743 4521 εἰσὶ

539 4586 669 4624 caro
702 4569 782 4635 ⁸⁶;
823 4588 841 4622 ι
870 4578 923 4625 et
962 4572 1026 4625 de
1048 4574 1164 4625 viro
1194 4571 1436 4639 perfecto
1466 4582 1520 4626 et
1550 4574 1960 4629 adhaerescente
1992 4589 2120 4627 vero

2227 4573 2339 4637 δύο,
2377 4573 2513 4627 ἀλλὰ
2538 4572 2673 4644 σὰρξ
2712 4571 2809 4643 μία
2832 4589 2845 4602 ·
2878 4591 2895 4623 ι
2925 4572 3051 4642 περὶ
3082 4570 3138 4623 δὲ
3161 4568 3254 4623 τοῦ
3285 4567 3485 4622 τελείου
3505 4607 3519 4631 ,
3550 4565 3631 4618 καὶ
3654 4558 3742 4615 κολ-

538 4659 765 4715 Domino
791 4661 883 4729 qui
926 4662 1152 4715 verbum
1198 4672 1281 4715 est
1323 4672 1379 4715 et
1432 4664 1701 4733 sapientia
1749 4674 1803 4719 et
1855 4666 2063 4719 veritas
2102 4682 2115 4718 :

544 4771 564 4805 ι
605 4752 705 4820 Qui
738 4753 979 4807 adhaeret
1009 4753 1257 4819 Domino,
1296 4771 1436 4810 unus
1461 4757 1683 4825 spiritus
1728 4765 1812 4810 est
1847 4757 1915 4811 '7.
1946 4777 1964 4811 ι
1997 4756 2149 4811 Jam-

538 4861 669 4900 vero
689 4845 733 4897 si
758 4846 848 4911 qui
876 4845 1119 4898 adimeret
1156 4845 1409 4911 Domino,
1448 4864 1598 4914 ⁸ιιιιυε
1629 4849 1853 4918 spiritus
1890 4857 1991 4916 est,
2028 4862 2118 4903 ec—

534 4937 658 5002 quis
696 4936 889 5005 magis,
922 4935 1029 4989 into
1051 4937 1238 5006 ecquis
1265 4954 1416 5006 aeque
1445 4954 1507 4993 ac
1527 4941 1710 4994 anima
1750 4939 1902 5007 Iesu,
1938 4944 2119 4997 adita:—

540 5039 619 5078 ret
648 5026 900 5093 Domino,
926 5028 1017 5097 qui
1049 5039 1134 5083 est
1166 5032 1394 5085 verbum
1433 5034 1630 5102 ipsum,
1673 5037 1937 5105 sapientia
1974 5038 2119 5107 ipsa,

538 5116 747 5171 veritas
778 5116 917 5187 ipsa,
952 5118 1183 5186 ipsumet
1205 5119 1455 5189 iustitia?
1481 5124 1536 5178 Si
1568 5135 1748 5179 autem
1777 5141 1865 5182 res
1913 5128 1984 5181 ita
2017 5130 2117 5181 ba-

614 5264 659 5296 ⁸³
697 5264 831 5319 Dan.
861 5280 989 5332 vm,
1019 5264 1109 5332 23,
1131 5266 1322 5333 24,25.

591 5405 729 5492 μζ)
775 5406 1030 5478 Vulgatus
1062 5410 1197 5465 Dan.
1223 5418 1420 5477 textus,
1448 5411 1693 5484 ἐσχάτων
1716 5412 1818 5484 τῆς
1850 5412 2123 5484 βασιλείας

544 5492 732 5529 αυτου.

587 5494 732 5529 υτου.

544 5545 899 5669 “($303153
927 5558 980 5602 et
1006 5550 1183 5622 Vulg.,
1209 5552 1306 5605 καὶ
1330 5551 1485 5624 δόλῳ.
1517 5554 1737 5611 lloesch.
1757 5564 1813 5609 et
1840 5555 2120 5625 Spencer.,

548 5754 577 5809 θ
620 5670 753 5754 {Hi
807 5688 1050 5743 Ἠίθεον.
1103 5691 1206 5746 Alii
1256 5694 1475 5752 mallent
1534 5697 1797 5760 ἀντίθεον,
1847 5697 1934 5752 alii
1990 5695 2123 5767 ἠμί-

582 5774 685 5809 εον.

582 5774 685 5811 εον.

2227 4662 2471 4733 λωμένου
2506 4662 2584 4732 τῷ
2610 4661 2851 4733 ἀληθινῷ
2885 4660 3102 4733 Κυρίῳ,
3145 4659 3318 4729 λόγῳ,
3348 4658 3441 4712 καὶ
3482 4656 3643 4725 σοφίᾳ,
3681 4651 3743 4701 καὶ

2228 4754 2474 4827 ἀληθείᾳ,
2518 4754 2600 4808 ὅτι
2632 4772 2649 4805 t
2689 4751 2743 4807 Ὀ
2771 4752 3109 4824 κολλώμενος
3137 4752 3216 4823 τῷ
3262 4751 3454 4821 Κυρίῳ
3491 4750 3543 4801 ἓν
3578 4740 3744 4811 πνεῦμά

2226 4847 2389 4900 ἐστιν.
2419 4866 2436 4898 ι
2495 4846 2559 4900 Εἰ
2585 4845 2629 4898 δ’
2658 4847 2687 4899 ό
2718 4844 3055 4915 κολλώμενος
3111 4843 3189 4914 τῷ
3240 4843 3430 4914 Κυρίῳ
3480 4841 3532 4893 ἓν
3578 4832 3743 4901 πνεῦμά

2225 4944 2340 4997 ἐστι
2360 4984 2375 5009 ,
2410 4946 2495 5009 τίς
2533 4944 2731 5015 μᾶλλον
2762 4944 2863 5014 τῆς
2903 4940 3074 5014 Ἰησοῦ
3099 4942 3277 5015 ψυχῆς
3308 4944 3340 5013 ῆ
3373 4943 3474 4997 κᾶν
3513 4933 3743 5008 mpnf-15'

2227 5036 2357 5100 σίως
2386 5036 2706 5107 κεκόλληται
2731 5036 2810 5105 τῷ
2860 5034 3067 5105 Κυρίῳ,
3104 5034 3181 5104 τῷ
3204 5034 3495 5103 αὑτολόγῳ,
3528 5030 3611 5083 κςὶ
3626 5026 3741 5079 αὐτου

2230 5127 2421 5199 σοφίᾳ,
2451 5128 2545 5180 καὶ
2568 5125 2927 5197 αὑτοαληθεὶᾳ
2948 5165 2962 5189 ,
3000 5127 3094 5179 καὶ
3140 5122 3610 5196 αὑτοδικαιοσύνῃ;
3640 5117 3740 5180 ὅπερ

1396 5268 1444 5301 ⁸⁸
1475 5269 1516 5325 ll
1544 5270 1735 5328 Thess.
1763 5288 1823 5339 ιι,
1849 5273 1904 5326 4.
1979 5274 2025 5305 ⁸⁸
2056 5273 2122 5329 Da

2227 5288 2299 5339 Ix,
2327 5273 2421 5327 27.
2495 5273 2540 5305 ⁸⁸
2570 5272 2706 5329 Gen.
2732 5287 2800 5338 ιι,
2828 5270 2917 5326 24.
2995 5270 3037 5299 ⁸⁷
3074 5268 3088 5321 l
3124 5268 3248 5325 Cor.
3286 5283 3359 5333 vi,
3395 5266 3479 5322 l7.

2300 5411 2412 5484 (ίδ)
2453 5408 2535 5469 οὗ
2563 5412 2633 5466 ἐν
2674 5410 2797 5477 τοῖς
2828 5408 3113 5478 ἀνωτέρω.
3157 5406 3291 5463 Vide
3329 5420 3486 5477 supra
3531 5404 3739 5457 numeros

2227 5483 2260 5538 8
2455 5552 2821 5619 Φάσκοντες.
2889 5549 3204 5605 Bohcrellus
3270 5546 3538 5621 legendum
3579 5542 3737 5621 ,βιηθίς

2230 5618 2529 5692 φάσκομεν.
2572 5618 3105 5692 ΙὺίόειιιίΙιυεςιιηίιι
3153 5629 3300 5692 textu
3348 5618 3517 5692 habet,
3544 5618 3630 5681 τήν
3660 5618 3731 5658 πυ

2232 5690 2360 5749 Tim?
2389 5692 2580 5767 ψυχήν,
2611 5696 2794 5765 sicque
2824 5694 2926 5750 duo
2958 5690 3111 5747 codd.
3142 5690 3439 5761 Anglicani.
