3846 6406
188 310 310 371 1373

778 394 815 404 κ

1321 307 1598 363 CONTRA
1633 305 1910 363 CELSUM
1950 303 2078 362 LIB.
2116 303 2203 358 Vl.

3264 304 3402 358 15'“

186 435 227 487 ri
254 432 414 495 οὕτως
458 431 570 502 ἔχει
590 471 605 496 ,
634 431 733 484 οὐκ
765 430 867 483 εἰσὶ
900 428 992 483 δύο
1029 430 1062 499 ἡ
1089 428 1232 500 ψυχὴ
1265 430 1356 483 τοῦ
1401 429 1574 502 Ἰησοῦ
1600 428 1690 500 πρέ

1799 429 1949 493 Lbet,
2004 428 2183 482 anima
2233 425 2358 479 Jcsu
2416 432 2471 479 et
2533 423 2768 477 Verbum
2816 438 2835 472 ι
2893 419 3410 492 Primogenitusque

190 545 207 580 ι
230 526 312 579 τὸν
341 524 518 595 πάσης
561 523 788 586 κτίσεως
816 521 1160 593 πρωτότοκον
1188 540 1204 571 ι
1237 522 1368 575 Θεὸν
1402 520 1591 589 Λόγον.

245 613 365 671 Εἶτα
410 616 505 669 ἐὰν
547 617 648 686 μὲν
692 614 789 687 τὴν
843 614 1014 685 αὐτὴν
1069 614 1271 685 ἀρετὴν
1334 613 1586 681 λέγοντες
1643 613 1737 666 ἀν·-

184 708 377 781 θρὼπου
405 709 499 761 καὶ
524 706 662 759 Θεοῦ
683 710 730 761 οἱ
758 705 864 759 ἀπὸ
884 706 985 776 τῆς
1007 705 1173 768 Στοᾶς
1194 704 1306 776 (17)
1330 705 1627 775 φιλόσοφοι,
1658 704 1733 775 μὴ

182 799 635 870 εὐδαιμονέστερον
655 797 882 866 λέγωσιν
907 793 1048 850 εἷναι
1070 796 1160 848 τὸν
1189 795 1281 848 ἐπὶ
1306 799 1438 850 πᾶσι
1469 796 1600 852 Θεὸν
1635 796 1730 848 τοῦ

178 892 229 945 ἐν
256 888 551 960 ἀνθρώποις
594 892 714 944 κατ’
736 889 932 953 αὐτοὺς
960 888 1123 959 σοφοῦ
1142 930 1157 953 ,
1185 889 1298 943 ἀλλ’
1321 890 1441 960 ἴσην
1472 885 1609 944 εἶναι
1634 890 1731 961 τὴν

176 982 472 1053 ἀμφοτέρων
502 966 883 1053 εὐδαιμονίανλ
916 982 1123 1045 Κέλσος
1149 983 1208 1035 οὐ
1254 983 1532 1053 καταγελᾷ
1556 1023 1570 1047 ,
1606 983 1727 1035 οὐδὲ

172 1073 396 1145 χλευάζει
426 1074 488 1127 τὸ
527 1074 702 1145 δόγμα
724 1091 738 1105 ο
768 1074 864 1128 ἐὰν
893 1074 938 1128 δ’
963 1076 991 1127 ὁ
1020 1073 1161 1139 θεῖος
1188 1075 1345 1144 λόγος
1371 1077 1555 1150 φάσκῃ
1603 1075 1728 1129 κολ-

169 1165 341 1219 λᾶσθαι
369 1166 472 1219 ὑπὸ
497 1166 595 1236 τῆς
616 1167 820 1238 ἀρετῆς
839 1207 854 1232 ,
884 1169 978 1222 καὶ
1009 1167 1294 1222 ἐνοῦσθαι
1322 1168 1399 1239 τῷ
1438 1168 1726 1239 Αὐτολόγῳ

168 1258 244 1311 τὸν
280 1256 502 1322 τέλειον,
532 1258 607 1323 ὡς
630 1260 795 1328 ,κατὰ
826 1260 1014 1316 τοῦτον
1046 1244 1451 1332 ἀναϐεϐηκότας
1479 1260 1611 1332 (18),
1649 1260 1723 1332 μὴ

165 1350 396 1420 χωρίζειν
446 1351 594 1421 ἡμᾶς
645 1350 743 1422 τὴν
794 1352 969 1424 Ἰησοῦ
1002 1352 1181 1424 ψυχὴν
1229 1352 1324 1406 τοῦ
1377 1352 1720 1424 πρωτοτόκου

166 1442 325 1512 πάσης
350 1442 609 1507 κτίσεως,
642 1444 775 1515 γελᾷ
806 1445 863 1498 τὺ
896 1446 1149 1515 λέγεσθαι
1176 1447 1304 1500 Υίὸν
1324 1446 1457 1500 Θεοῦ
1491 1447 1717 1519 Ἰησοῦν,

161 1538 245 1608 οὐχ
273 1539 427 1609 ὁρῶν,
458 1542 578 1593 τίνα
612 1543 729 1594 ἐστὶ
762 1540 831 1594 τὰ
859 1542 985 1614 περὶ
1005 1540 1169 1595 αὐτοῦ
1201 1542 1257 1594 ἐν
1285 1541 1579 1613 άπορῤήτῳ
1614 1558 1718 1611 μυ-

161 1631 337 1695 στικῶς
382 1634 440 1685 ὲν
492 1637 609 1696 ταῖς
644 1634 816 1697 θείαις
855 1635 1098 1704 Γραφαῖς
1141 1633 1428 1705 λεγόμενα.
1492 1634 1605 1687 Ἵνα
1659 1632 1716 1686 δὲ

159 1724 571 1795 προσαγάγωμεν
603 1727 667 1795 τῇ
701 1726 983 1798 παραδοχῇ
1015 1726 1107 1779 τοῦ
1153 1726 1445 1798 λεγομένου
1472 1726 1563 1780 τὸν
1588 1725 1715 1796 βου-

155 1810 354 1882 λόμενον
388 1814 734 1879 άκολουθίαις
767 1817 1056 1888 δογμάτων
1108 1817 1372 1882 ἔπεσθαι,
1428 1818 1522 1871 καὶ
1567 1817 1714 1888 ὡφε-

155 1902 366 1956 λεῖσθαι·
400 1903 655 1974 λέγομεν,
689 1905 772 1958 ὅτι
818 1906 976 1977 σῶμα
1010 1905 1246 1978 Χριστοῦ
1278 1923 1442 1975 φασιν
1483 1902 1621 1959 εἶναι
1664 1907 1713 1959 οἱ

154 1993 266 2048 Θεῖοι
292 1993 456 2064 λόγοι,
497 1995 603 2049 ὑπὸ
632 1995 725 2050 τοῦ
779 1995 911 2049 Υἱοῦ
944 1995 1037 2050 τοῦ
1065 1996 1199 2050 Θεοῦ
1235 1997 1593 2069 ψυχούμενον,
1614 1998 1713 2069 τὴν

153 2088 307 2139 πᾶσαν
347 2086 441 2139 τοῦ
475 2086 611 2140 Θεοῦ
670 2088 1026 2159 Ἐκκλησίαν·
1082 2089 1216 2160 μέλη
1273 2089 1328 2143 δὲ
1376 2090 1564 2143 τούτου
1615 2090 1711 2144 τοῦ

151 2176 373 2248 σώματος
405 2174 548 2231 εἶναι
592 2180 668 2243 ὡς
705 2180 829 2234 ὅλου
861 2181 1051 2234 τούσδε
1080 2182 1233 2245 τινάς
1258 2183 1387 2246 τοὺς
1427 2182 1711 2236 πιστεύον-

148 2283 263 2331 τας*
298 2270 552 2341 ἐπείπερ,
600 2270 791 2342 ὥσπερ
842 2272 987 2344 ψυχὴ
1046 2271 1300 2336 ζωοποιεῖ
1328 2273 1423 2325 καὶ
1464 2275 1604 2325 κινεῖ
1648 2272 1709 2327 τὸ

150 2358 304 2429 σῶμα,
354 2360 417 2413 οὐ
473 2360 716 2429 πεφυκὸς
751 2362 842 2430 ἀφ’
876 2361 1068 2414 ἑαυτοῦ
1107 2361 1369 2414 κινεῖσθαι
1427 2362 1704 2429 ζωτικῶς,

144 2448 291 2512 οὕτως
320 2452 345 2502 ὁ
395 2450 605 2518 Λόγος,
654 2450 820 2505 κινῶν
852 2453 945 2506 ἐπὶ
976 2451 1046 2505 τὰ
1089 2453 1299 2515 δέοντα,
1333 2452 1427 2505 καὶ
1464 2451 1705 2524 ἐνεργῶν

142 2540 191 2593 τὸ
217 2542 325 2594 ὅλον
354 2542 513 2613 σῶμα
541 2544 641 2614 τὴν
679 2543 1029 2615 Ἐκκλησίαν,
1059 2547 1197 2597 κινεῖ
1222 2545 1316 2598 καὶ
1344 2544 1574 2598 ἕκαστον
1607 2545 1704 2615 μέ-

142 2630 214 2695 λος
245 2632 343 2686 τῶν
390 2632 501 2687 ἀπὸ
535 2634 634 2705 τῆς
696 2635 1060 2706 Ἐκκλησίας,
1114 2635 1265 2688 οὐδὲν
1318 2637 1487 2706 χωρὶς
1526 2635 1700 2703 Λόγου

140 2724 435 2794 πράττοντα.
474 2725 651 2797 Εἴπερ
678 2721 771 2780 οὖν
804 2727 963 2781 τοῦτο
984 2727 1083 2781 οὐκ
1107 2727 1599 2798 εὐκαταφρόνητον,
1624 2729 1700 2791 ὡς

138 2810 294 2885 οἶμαι,
344 2818 458 2887 ἔχει
501 2819 846 2883 ἀκολουθίαν,
902 2820 958 2873 τί
989 2820 1245 2890 χαλεπὸν,
1291 2822 1356 2890 τῇ
1407 2820 1552 2891 ἄκρᾳ
1606 2821 1700 2873 καὶ

138 2909 502 2980 ἀνυπερϐλήτῳ
536 2911 792 2982 κοινωνίᾳ
818 2910 955 2982 πρὸς
984 2911 1074 2964 τὸν
1111 2910 1416 2979 Αὐτολόγον
1449 2912 1548 2983 τὴν
1591 2912 1696 2981 Ἰη-

138 2996 214 3049 σοῦ
260 2997 452 3069 ψυχὴν,
508 3001 606 3054 καὶ
658 2999 993 3066 ἁπαξαπλῶς
1024 3002 1116 3054 τὸν
1174 3002 1380 3073 Ἰησοῦν
1416 3003 1489 3073 μὴ
1520 3019 1694 3072 κεχω-

1836 519 2015 573 omnis
2045 526 2308 573 creaturae
2324 516 2394 581 ³⁸,
2430 535 2450 569 ι
2485 516 2593 570 duo
2621 528 2729 569 non
2754 523 2904 568 sunt.

1903 610 2068 682 670
2094 610 2185 667 48.
2221 608 2427 664 Deinde
2458 622 2582 664 cum
2613 606 2767 660 aiunt
2800 602 3243 660 Stoicieamdem
3285 616 3410 658 esse

1835 698 2077 754 hominis
2102 706 2156 753 et
2187 698 2280 752 Dei
2312 698 2590 758 virtutem,
2615 703 2926 765 negantque
2943 708 3210 748 summum
3237 692 3405 747 Deum

1834 808 1933 849 suo
1966 807 2085 847 esse
2117 791 2361 860 sapiente
2390 788 2709 850 beatiorem,
2741 786 2835 841 sed
2854 800 3036 855 parem
3065 799 3185 839 esse
3202 785 3410 839 utrius—

1832 895 1937 950 que
1968 882 2329 946 felicitatem;
2361 893 2467 935 non
2503 877 2694 932 irridet
2722 876 2933 943 Celsus,
2961 889 3066 929 non
3106 874 3406 929 subsannat

1831 972 1971 1028 hanc
1996 972 2347 1029 sententiam.
2370 969 2467 1025 Sin
2497 969 2647 1024 audit
2674 982 2740 1023 ex
2773 967 2958 1023 divino
3010 980 3262 1021 sermone
3313 965 3398 1018 vi-

1829 1075 1948 1115 rum
1982 1061 2282 1131 perfectum
2338 1057 2664 1129 agglutinari
2706 1056 2906 1112 virtute
2940 1064 2995 1111 et
3028 1057 3169 1110 uniri
3220 1053 3401 1110 Verbo

1828 1152 1945 1220 ipsi,
1982 1165 2191 1220 uosque
2215 1165 2245 1205 a
2273 1149 2471 1205 minori
2527 1149 2594 1203 ad
2639 1145 3130 1217 majusinl‘erentes
3178 1146 3399 1207 docere.

1822 1240 1948 1297 Jesu
1990 1244 2225 1296 animam
2270 1256 2377 1295 non
2425 1239 2667 1308 separari
2707 1253 2737 1292 a
2805 1238 3167 1307 primogenita
3218 1239 3400 1293 omnis

1822 1342 2105 1397 creaturae,
2133 1333 2275 1387 ridet
2305 1332 2515 1388 scilicet
2548 1328 2732 1385 Jesum
2762 1328 2855 1384 Dei
2892 1328 3087 1383 Filium
3116 1325 3395 1396 appellari,

1821 1440 1928 1481 non
1993 1426 2185 1482 videns
2226 1440 2477 1495 quamam
2532 1425 2645 1481 sint
2676 1439 2794 1494 qua:
2851 1425 2916 1478 de
2963 1422 3055 1476 illo
3101 1421 3153 1475 in
3205 1420 3401 1475 divinis

1821 1519 2118 1588 Scripturis
2169 1533 2369 1572 arcane
2414 1517 2561 1573 dicta
2597 1526 2743 1573 sunt.
2802 1514 2910 1570 Nos
2953 1524 3157 1578 autem,
3200 1523 3259 1566 ut
3308 1512 3398 1581 qui

1818 1604 2070 1673 dogmata
2107 1604 2208 1659 sibi
2251 1605 2498 1674 apprime
2523 1614 2894 1660 consentanea
2921 1608 3075 1674 sequi
3110 1616 3164 1658 et
3194 1618 3259 1658 ex
3291 1602 3400 1657 illis

1816 1692 2082 1763 proiicere
2123 1693 2373 1762 voluerit,
2404 1695 2552 1750 illum
2603 1695 2672 1749 ad
2698 1694 3068 1763 recipiendum
3120 1694 3264 1763 quod
3315 1694 3399 1748 di-

1746 1782 1788 1837 B
1818 1794 1968 1839 ctum
2002 1795 2086 1840 est
2118 1787 2483 1853 adducamus;
2521 1787 2755 1843 dicimus
2782 1803 2849 1842 ex
2874 1786 3075 1843 divinis
3100 1784 3398 1855 Scripturis

1819 1888 1983 1934 totam
2008 1879 2100 1935 Dei
2134 1879 2435 1935 Ecclesiam
2467 1895 2589 1937 esse
2616 1880 2814 1935 Christi
2833 1895 3030 1950 corpus
3066 1894 3097 1933 a
3136 1879 3226 1935 Dei
3256 1877 3396 1933 Filio

1813 1972 2137 2042 animatum,
2156 1974 2416 2028 membra
2442 1984 2622 2028 autem
2655 1974 2799 2028 illius
2829 1972 3098 2042 corporis,
3122 1980 3181 2025 ut
3203 1971 3393 2037 totius,

1811 2077 1907 2120 eos
1936 2077 2057 2118 esse
2081 2077 2271 2119 omnes
2297 2064 2391 2134 qui
2430 2064 2691 2129 credunt;
2724 2064 3004 2133 quoniam,
3038 2064 3180 2119 sicut
3208 2063 3391 2117 anima

1811 2154 1977 2208 vitam
2009 2163 2064 2209 et
2098 2165 2303 2209 motum
2371 2156 2614 2225 impertit
2671 2157 2913 2227 corpori,
2971 2156 3116 2225 quod
3146 2169 3175 2208 a
3210 2152 3394 2224 seipso

1811 2256 2004 2300 natura
2037 2247 2244 2301 moveri
2277 2246 2517 2301 vitaliter
2546 2262 2651 2301 non
2680 2257 2896 2318 potest;
2930 2248 3002 2301 ita
3034 2244 3277 2301 Verbum
3310 2254 3393 2299 to-

1810 2346 1920 2391 tum
1952 2353 2147 2408 corpus
2200 2353 2294 2393 seu
2336 2338 2638 2395 Ecclesiam
2696 2343 2763 2397 ad
2799 2356 2861 2396 ea
2900 2356 3022 2412 qua:
3071 2355 3208 2410 opus
3238 2348 3387 2402 sunt,

1805 2444 2029 2484 movens
2065 2440 2119 2482 et
2147 2444 2336 2500 agens,
2361 2433 2527 2486 etiam
2560 2433 2772 2503 singula
2800 2434 3043 2487 membra
3076 2446 3265 2487 eorum
3293 2430 3387 2501 qui

1805 2524 1872 2578 ad
1917 2523 2216 2579 Ecclesiam
2270 2525 2564 2592 pertinent,
2604 2533 2809 2590 movet,
2851 2524 2924 2578 ita
2975 2532 3032 2577 ut
3079 2522 3214 2576 nihil
3267 2523 3388 2577 sine

1806 2613 1985 2669 Verbo
2020 2615 2245 2670 faciant.
2285 2614 2398 2670 lloc
2450 2617 2615 2684 igitur
2670 2619 2737 2683 si,
2794 2628 2852 2672 ut
2902 2616 3118 2686 opinor,
3162 2614 3387 2670 minime

1802 2708 2166 2777 spernendum
2192 2718 2274 2762 est
2298 2718 2353 2763 et
2382 2712 2586 2778 optime
2613 2710 2893 2776 coliteret;
2925 2708 3056 2777 quid
3080 2716 3227 2762 vetat
3247 2721 3385 2776 quo-

1804 2801 1984 2853 minus
2011 2814 2221 2855 summa
2262 2809 2316 2855 et
2347 2802 2640 2855 excellenti
2668 2802 3051 2854 communione
3092 2814 3216 2852 cum
3252 2795 3382 2851 Vero

1801 2890 1872 2944 bo
1899 2890 2187 2959 conjuncta
2223 2891 2404 2945 anima
2442 2891 2595 2954 Jcsu,
2630 2893 2740 2945 imo
2771 2900 2916 2943 totus
2950 2887 3109 2943 Jesus
3148 2901 3256 2942 non
3291 2898 3379 2940 se-

1799 2993 2025 3049 paretur
2060 2984 2127 3037 ab
2166 2982 2465 3052 Unigenito
2488 2994 2539 3036 et
2562 2982 2935 3050 Primogenito
2961 2988 3250 3044 creatum,
3279 2992 3380 3032 nec

137 3088 287 3158 ρίσθαι
319 3091 416 3144 τοῦ
459 3093 806 3161 Μονογενοῦς
843 3095 938 3147 καὶ
981 3072 1335 3163 Πρωτοτόκου
1368 3072 1550 3166 πάσης
1578 3097 1690 3149 κτί-

1799 3073 1943 3128 aliud
1968 3072 2040 3126 sit
2072 3072 2293 3128 abillo?
2334 3084 2498 3143 atque
2523 3075 2636 3127 bace
2665 3074 2944 3127 hactenus.

134 3199 245 3248 σεως
264 3224 277 3248 ,
302 3186 422 3257 μηδ’
448 3186 641 3259 ἕτερον
666 3186 744 3242 ἔτι
772 3188 1059 3258 τυγχάνειν
1090 3188 1254 3245 αὑτοῦ
1276 3206 1291 3255 ;
1335 3189 1494 3243 Ἀλλὰ
1518 3190 1690 3243 ταῦτα

132 3275 212 3343 μὲν
241 3277 431 3350 ταύτῃ.

188 3368 397 3441 Ἰδωμεν
447 3370 506 3426 δὲ
551 3371 649 3426 καὶ
697 3372 765 3426 τὰ
800 3373 959 3444 ἑξῆς,
1015 3374 1072 3427 ὲν
1106 3368 1187 3437 οἷς
1242 3376 1341 3445 μιᾷ
1372 3373 1515 3440 λέξει
1553 3376 1692 3428 ἀπο-

127 3460 441 3532 φηνάμενος,
492 3464 590 3516 καὶ
643 3464 778 3536 μηδὲ
828 3466 967 3519 κατὰ
1030 3465 1092 3518 τὸ
1132 3465 1358 3519 πιθανόν
1405 3484 1456 3519 τι
1490 3467 1685 3535 λέγων,

128 3559 395 3627 κατηγορεῖ
442 3557 546 3628 τῆς
580 3558 722 3611 κατὰ
778 3559 1018 3613 Μωῦσέα
1048 3560 1431 3630 κοσμοποιίας,
1478 3559 1683 3613 εἰπών’

128 3662 145 3695 ι
169 3646 271 3700 Ἔτι
302 3663 362 3715 γε
396 3648 509 3719 μὴν
538 3650 691 3721 καὶὴ
720 3651 1076 3721 κοσμογένεια
1103 3650 1248 3721 μάλα
1295 3651 1543 3724 εὐηθική.
1570 3671 1589 3704 ι
1622 3652 1688 3707 EE

125 3734 208 3805 μὲν
247 3734 334 3792 οὖν
361 3739 456 3794 τὸν
502 3741 830 3812 φαινόμενον
863 3742 1012 3813 αὐτῷ
1056 3743 1257 3815 τρόπον
1287 3742 1379 3797 τοῦ
1422 3743 1685 3816 εὐηθικὴν

121 3823 234 3881 εἶναι
270 3830 473 3903 αὐτὴν,
532 3832 630 3885 καί
677 3850 831 3897 τινας
883 3833 1249 3906 πιθανότητας
1283 3836 1682 3908 προηνέγκατο,

120 3917 204 3972 κᾶν
231 3921 617 3994 ἠγωνισάμεθα
660 3925 798 3995 πρὸς
841 3925 1045 3989 αὐτάς⁵
1098 3927 1198 3980 οὐκ
1242 3925 1463 3996 εὕλογον
1493 3926 1551 3980 δέ
1587 3944 1680 3999 μοι

119 4014 335 4081 φαίνεται
364 4018 505 4089 πρὸς
554 4017 655 4089 τὴν
706 4017 982 4088 ἀπόφασιν
1030 4018 1195 4072 αὐτοῦ
1227 4018 1676 4085 κατασκευάσαι,

175 4172 212 4203 ⁸⁸
240 4173 442 4230 Coloss.
474 4190 517 4239 ι,
547 4175 635 4231 i5.

176 4316 269 4385 (t7)
308 4321 370 4371 Οἱ
430 4318 552 4373 ἀπὸ
610 4316 721 4385 τῆς
781 4318 989 4385 Στοᾶς.
1043 4317 1290 4383 Seneca,
1335 4318 1499 4385 epist.
1544 4319 1611 4372 74
1650 4337 1664 4372 :

117 4404 133 4435 ι
174 4456 181 4458 _
218 4386 400 4452 Quanti
438 4389 778 4444 aestimamus
809 4388 911 4442 hoc
953 4390 1146 4453 otium,
1192 4390 1332 4458 quod
1366 4390 1508 4443 inter
1539 4392 1670 4444 deos

111 4456 281 4523 agitur,
312 4458 451 4525 quod
490 4460 625 4513 deos
670 4458 835 4513 facit?
881 4460 955 4514 ita
1001 4461 1145 4525 dico,
1181 4456 1393 4514 Lucili:
1427 4472 1480 4514 et
1514 4470 1568 4514 te
1616 4460 1667 4514 in

1863 3369 1951 3424 49.
1980 3367 2135 3425 Nunc
2177 3371 2243 3425 ad
2302 3372 2586 3442 sequentia
2627 3373 3043 3438 transeundum,
3094 3374 3144 3427 in
3176 3374 3375 3442 quibus

1793 3476 1899 3515 uno
1921 3464 2105 3525 verbo,
2138 3462 2394 3532 nulloque
2422 3463 2588 3519 allato
2620 3473 2959 3533 argumento,
3004 3464 3191 3518 mundi
3216 3478 3372 3519 crea-

1794 3554 1992 3609 tionem
2018 3570 2048 3609 a
2084 3554 2267 3627 Moyse
2307 3556 2634 3627 descriptam
2664 3558 3125 3627 reprehendens:
3163 3575 3181 3609 ι
3226 3556 3370 3624 Quin

1787 3655 1845 3702 et
1873 3646 1963 3702 illa
2002 3649 2187 3703 mundi
2217 3648 2394 3718 origo,
2448 3646 2648 3718 inquit,
2690 3648 2887 3703 stolida
2944 3663 3169 3719 prorsus
3200 3657 3305 3704 est.
3345 3667 3367 3702 ι

1788 3739 1890 3807 Qui
1916 3740 1961 3795 si
1990 3740 2296 3811 aperuisset
2342 3742 2615 3811 quomodo
2664 3740 2739 3796 illi
2790 3741 2957 3797 stulta
3010 3741 3282 3806 videatur,
3315 3750 3373 3796 et

1789 3842 2114 3905 argumenta
2143 3833 2390 3905 quaedam
2418 3835 2711 3900 attulisset,
2754 3844 2945 3890 contra
3003 3835 3091 3889 illa
3130 3850 3371 3907 pugnas-

1784 3941 2007 3993 scmus;
2065 3935 2124 3982 at
2178 3928 2311 3982 mibi
2362 3942 2470 3983 non
2521 3928 2738 3985 videtur
2785 3930 3120 3993 convenire,
3172 3938 3232 3982 ut
3274 3927 3368 3983 illo

1782 4021 2104 4091 simpliciter
2167 4019 2519 4091 aiIirmante,
2597 4022 2822 4094 probem
2899 4037 3004 4092 ego
3092 4022 3367 4092 quomodo

1777 4318 1996 4391 sapiens
2044 4335 2151 4374 non
2201 4320 2337 4374 vult.
2385 4320 2687 4376 Credamus
2738 4321 2921 4391 itaque
2966 4320 3158 4379 Sextio
3203 4337 3364 4380 mon-

1778 4390 1981 4445 stranti
2020 4391 2447 4459 pulcherrimum
2482 4392 2606 4455 ite‘r,
2635 4404 2689 4447 et
2722 4390 2982 4447 clamanti
3011 4410 3024 4446 :

2141 4460 2261 4517 Hac
2306 4463 2416 4515 itur
2454 4465 2524 4514 ad
2572 4473 2739 4516 astra.
2772 4482 2792 4515 ι

2427 4533 2626 4606 (Yirg.,
2654 4532 2886 4606 zEneid._
2904 4546 2983 4596 Ix,
3014 4547 3067 4586 v.
3086 4532 3250 4606 640.)

1774 4599 1919 4670 Idem
1970 4600 2196 4670 cpistola
2239 4602 2354 4657 54:
2394 4621 2413 4655 ι
2441 4599 2643 4658 Omnes
2692 4603 2952 4657 mortales
2989 4603 3156 4657 multo
3195 4599 3351 4662 antc-

1724 4742 1727 4744 η
1772 4669 1955 4744 cedes,
1989 4688 2094 4727 non
2133 4674 2303 4726 multo
2343 4682 2396 4727 te
2439 4675 2511 4728 dii
2554 4676 2898 4727 antecedent.
2931 4670 3069 4744 Quid
3119 4676 3259 4729 inter
3308 4687 3357 4731 te

1769 4752 1826 4796 et
1858 4741 1978 4796 illos
2019 4744 2235 4796 interim
2267 4745 2504 4797 futurum
2544 4746 2634 4808 sit,
2662 4744 2900 4812 qumris?
2933 4743 3142 4797 Diutius
3170 4757 3353 4800 erunt.

1768 4813 1839 4884 At
1876 4813 2190 4884 mehercule
2242 4816 2418 4884 magni
2469 4814 2699 4867 artilicis
2749 4822 2831 4867 est
2870 4812 3136 4867 clausisse
3182 4824 3351 4869 totum

1771 4882 1823 4936 in
1850 4885 2072 4951 exiguo.
2098 4882 2581 4954 Tantumsapienti
2607 4900 2727 4945 sua,
2746 4896 3009 4952 quantum
3038 4885 3146 4938 Deo
3172 4887 3353 4939 omnis

1768 4964 1902 5024 actas
1923 4964 2095 5021 patet.
2120 4955 2213 5009 Est
2238 4955 2463 5024 aliquid,
2487 4971 2594 5023 quo
2616 4955 2835 5021 sapiens
2852 4956 3133 5007 antecedat
3158 4956 3348 5020 Deum;

1769 5022 1858 5077 ille
1896 5035 2108 5078 naturae
2145 5022 2407 5079 beneficio
2437 5022 2543 5078 non
2580 5026 2766 5088 timet;
2803 5039 2901 5077 suo
2939 5024 3179 5092 sapiens.
3214 5027 3352 5079 Ecce

1768 5108 1855 5148 res
1892 5109 2109 5161 magna,
2146 5094 2347 5149 habere
2376 5094 2810 5150 imbecillitatem
2851 5094 3109 5158 hominis,
3147 5097 3354 5150 securi-

1770 5174 1937 5218 tatem
1969 5164 2085 5218 Dei.
2111 5183 2128 5216 ι
2170 5165 2434 5218 δΡΕΝΟΕΒ.

1802 5302 1809 5303 ί
1838 5234 1950 5304 (l8)
1991 5234 2470 5301 Ἀναϐεϐηκότας.
2509 5235 2599 5289 Sic
2629 5234 2800 5288 codex
2830 5231 3081 5304 Jolianus
3114 5234 3350 5289 secunda

1766 5303 1949 5368 manu,
1980 5315 2036 5358 ut
2076 5304 2346 5359 referatur
2381 5306 2445 5358 ad
2496 5320 2750 5373 sequens,
2793 5305 2962 5374 ἡμᾶς.
3010 5303 3351 5359 Hmscltclius

1764 5375 2216 5445 et‘Spcnccrus,
2270 5374 2697 5445 ἀναϐεϐηκότος.
2752 5375 2947 5445 Guietu
2999 5376 3349 5445 scribendum

1762 5442 2004 5514 videtur,
2033 5444 2173 5497 κατὰ
2200 5444 2358 5498 τοῦτο
2377 5442 2801 5514 ἀναϐεϐηκότος,
2831 5444 2881 5497 id
2905 5454 3009 5509 est,
3040 5457 3106 5498 eo
3128 5444 3344 5498 sublati.

1764 5511 1935 5568 Totus
1968 5524 2149 5567 autem
2190 5515 2338 5570 locus
2368 5516 2417 5569 ei
2468 5518 2548 5570 sic
2583 5511 2887 5569 reddendus
2939 5517 3194 5569 videtur:
3236 5532 3256 5566 ι
3287 5515 3346 5569 Si

1763 5597 1893 5637 vero
1947 5582 2195 5638 doctrina
2250 5585 2431 5639 divina
2488 5585 2670 5640 tradat
2727 5585 3027 5652 perfectura
3069 5600 3098 5637 a
3141 5585 3347 5652 rvirtute

1763 5653 2087 5722 agglutinari
2115 5664 2167 5707 et
2198 5657 2338 5709 uniri
2372 5655 2469 5723 ipsi
2503 5655 2691 5719 verbo,
2726 5651 2799 5708 ita
2831 5664 2889 5708 ut
2914 5655 3093 5708 anima
3125 5651 3249 5708 Jesu
3278 5668 3345 5708 eo

1760 5724 1960 5776 sublati
1998 5738 2027 5774 a
2062 5724 2217 5778 nobis
2248 5742 2350 5781 non
2381 5737 2662 5798 separetur
2692 5742 2718 5780 ει
2757 5725 3124 5796 Primogentto
3166 5724 3343 5780 omnis

1764 5805 2049 5866 creaturi»,
2076 5814 2093 5847 ι
2131 5805 2235 5850 ctt‘.

110 4522 277 4599 corium
312 4522 723 4599 conopendiario
762 4544 915 4584 voco.
952 4522 1176 4584 Solebat
1213 4530 1435 4584 Sextius
1464 4531 1666 4597 dicere,
1699 4522 1751 4583 Ι)

110 4594 268 4669 iovem
314 4594 570 4667 plus—non
614 4615 769 4667 posse
816 4615 978 4669 quam
1034 4603 1234 4655 bonum
1272 4601 1468 4655 virum.
1503 4594 1666 4654 Plura

110 4665 487 4738 iupiterb.:bct,
504 4665 627 4738 quae
646 4665 862 4737 praestet
887 4670 1230 4727 hominibus:
1251 4672 1346 4725 sed
1375 4672 1516 4726 inter
1531 4672 1665 4724 duos

110 4734 251 4793 bonos
279 4757 381 4795 non
427 4734 761 4801 est'melior,
792 4742 882 4809 qui
918 4741 1271 4808 loeupletior;
1326 4757 1431 4795 non
1490 4742 1667 4809 magis

108 4822 245 4881 quam
286 4812 425 4865 inter
471 4813 631 4875 duos,
666 4811 862 4878 qnilms
894 4826 991 4880 par
1024 4812 1252 4866 scicntia
1297 4811 1517 4881 regendi
1565 4828 1667 4880 gu-

111 4878 430 4951 bernaculum
463 4892 573 4945 est,
618 4878 907 4951 meliorem:
936 4883 1160 4945 dixeris,
1195 4883 1283 4935 cui
1334 4878 1505 4948 majus
1540 4878 1665 4951 spc-

107 4950 386 5021 ciosiusque
421 4953 705 5021 navigium
741 4962 844 5005 est.
878 4950 1091 5020 Jupiter
1129 4968 1235 5021 quo
1274 4954 1546 5007 antecedit
1584 4952 1666 5005 vi-

108 5031 205 5071 rum
239 5022 470 5075 bonum?
515 5022 721 5075 diutius
758 5023 932 5076 bonus
960 5033 1061 5076 est.
1106 5023 1341 5091 Sapiens
1388 5023 1558 5077 nibilo
1604 5037 1664 5076 se

109 5091 302 5163 minoris
328 5093 588 5157 :estimat,
618 5093 760 5163 quod
794 5094 1027 5148 virtutes
1056 5091 1171 5161 ejus
1201 5095 1378 5163 spatio
1410 5094 1661 5147 breviore

106 5158 424 5232 clauduntur.
470 5158 945 5227 Quemadmodum
981 5178 1045 5218 ex
1079 5158 1288 5218 duobus
1321 5164 1663 5232 sapientibus

106 5229 179 5310 qni
204 5234 377 5310 senior
407 5233 669 5296 decessit,
698 5248 801 5310 non
833 5245 918 5289 est
959 5234 1171 5310 beatior
1199 5229 1472 5310 eo._cujus
1519 5234 1662 5287 intra

106 5302 353 5376 pauciores
382 5317 564 5376 annos
600 5302 893 5376 terminata
924 5304 1098 5359 virtus
1120 5313 1234 5367 est;
1270 5304 1352 5376 sic
1383 5307 1523 5376 Deus
1554 5318 1661 5357 non

109 5371 246 5444 vincit
294 5374 597 5441 sapientem
626 5371 943 5444 _felicitate,
993 5375 1431 5444 ctiamsiivincit
1478 5382 1660 5427 aetate.

105 5434 198 5514 Fort
225 5452 300 5496 est
324 5434 503 5499 virtus
536 5441 729 5514 major,
773 5458 894 5512 qua:
928 5434 1165 5513 longior.
1215 5443 1431 5514 Jupiter
1475 5444 1659 5498 Omnia

105 5506 242 5587 {labet
266 5530 280 5568 :
306 5513 400 5568 sed
433 5506 635 5581 nempe
656 5506 1336 5587 aliis-tradidifiiabenda.
1368 5515 1448 5568 Ad
1482 5514 1658 5587 ipsum

106 5575 176 5631 bic
200 5597 327 5638 unus
355 5600 491 5655 usus
527 5575 785 5651 pertinet,
813 5585 961 5655 quod
990 5586 1176 5639 utendi
1206 5586 1369 5639 etiam
1404 5575 1657 5638 omnibus

104 5660 238 5726 causa
278 5664 378 5726 est.
426 5654 664 5721 Sapiens
691 5654 1021 5726 ‘tam'aequo
1065 5655 1247 5726 animo
1294 5656 1476 5709 omnia
1518 5656 1657 5721 apud

108 5719 219 5795 alios
253 5724 392 5779 videt
424 5719 859 5795 contemnitque,
903 5719 1064 5795 quam
1104 5725 1343 5793 Jupiter;
1374 5733 1429 5779 et
1470 5719 1570 5778 hoc
1602 5739 1660 5777 se

100 5791 247 5867 magis
290 5794 553 5867 suspicit,
599 5793 743 5864 quod
777 5791 982 5866 Jupiter
1026 5797 1123 5875 uti.
1152 5791 1256 5855 illis
1292 5812 1395 5854 non
1442 5804 1656 5868 potest,
