3846 6406
550 354 688 414 1575

2001 349 2323 407 ORIGENIS

3643 352 3742 410 1376

549 472 746 530 stolida
815 456 919 526 non
983 469 1073 524 sit.
1122 466 1277 534 Quod
1325 467 1371 521 si
1428 467 1556 535 quis
1601 465 1786 522 videre
1844 466 2105 522 desiderat

2222 465 2344 518 τίνα
2373 464 2571 536 τρόπον
2613 464 2713 517 οὐκ
2755 461 2900 517 ἔστιν
2935 462 3184 534 εύηθική.
3219 463 3284 517 Et
3330 462 3388 516 δέ
3418 479 3501 526 τις
3544 461 3741 532 βούλεται

547 581 669 638 quas
723 562 878 619 nobis
924 562 1192 632 proditam
1253 573 1282 611 a
1322 557 1506 628 Moyse
1555 557 1739 612 mundi
1785 559 2117 614 creationem

546 656 942 728 persuadeant,
988 663 1044 707 et
1081 651 1278 721 quibus
1317 651 1656 720 argumentis
1707 651 1800 706 illa
1833 652 2122 706 conﬁrme-

548 757 657 812 tur,
685 754 860 801 sumat
881 745 934 798 in
963 759 1155 798 manus
1178 757 1297 812 qua:
1320 744 1371 798 in
1397 742 1650 798 Genesim
1679 741 1746 797 ab
1770 741 1922 798 initio
1948 758 2120 812 usque

545 839 615 894 ad
643 839 794 893 haec:
826 856 845 888 ι
874 836 972 891 Hic
1004 843 1088 892 est
1139 835 1279 890 liber
1332 834 1698 906 generationis
1744 836 2022 891 hominum
2042 876 2056 899 ,
2093 853 2113 887 ι

544 928 896 983 commentati
956 941 1162 981 sumus.
1219 925 1336 980 Illic
1393 939 1460 979 ex
1504 924 1639 994 ipsis
1679 925 1880 980 divinis
1921 925 2120 982 litteris

540 1019 695 1092 67]
746 1018 1023 1089 explicare
1079 1018 1256 1074 conati
1296 1031 1483 1072 sumus
1519 1016 1650 1086 quid
1697 1017 1768 1074 sit
1819 1017 2018 1072 celum
2063 1019 2116 1074 in

541 1110 812 1181 principio
864 1119 1132 1174 creatura,
1157 1109 1288 1180 quid
1331 1117 1498 1173 terra,
1547 1107 1678 1177 quid
1740 1120 1896 1164 terra:
1935 1109 2118 1164 invisi-

542 1202 652 1256 bile
681 1210 733 1256 et
769 1203 1206 1270 incompositum,
1243 1202 1373 1272 quid
1415 1201 1664 1270 abyssus,
1720 1203 1848 1272 quid
1881 1203 2116 1257 tenebrat

539 1307 662 1362 quae
691 1303 845 1348 erant
875 1307 1041 1363 super
1067 1307 1209 1358 eam,
1241 1295 1368 1362 quid
1396 1308 1557 1363 aqua,
1585 1294 1714 1364 quid
1756 1295 1849 1348 Dei
1889 1294 2116 1363 spiritus

539 1385 631 1454 qui
664 1399 828 1453 super
856 1400 948 1441 eas
983 1386 1280 1453 ferebatur,
1309 1384 1437 1454 quid
1459 1386 1600 1440 facta
1631 1386 1748 1452 lux,
1780 1386 1907 1457 quid
1940 1386 2120 1442 ﬁrma-

541 1487 780 1530 mentum
807 1492 838 1530 a
859 1478 999 1531 cmlo
1029 1479 1261 1545 primum
1292 1487 1476 1532 creato
1509 1478 1848 1544 distinctum,
1883 1487 1938 1531 et
1958 1478 2035 1532 sic
2053 1479 2119 1534 de

539 1569 910 1635 sequentibus.
937 1569 1197 1624 Stolidam
1219 1586 1435 1640 quoque
1464 1586 1582 1627 esse
1606 1570 1836 1626 aiiirmat
1858 1572 2115 1640 scriptam

537 1657 606 1711 de
652 1658 932 1712 hominum
972 1661 1247 1715 creatione
1287 1662 1594 1726 historiam,
1649 1677 1755 1717 non
1804 1662 2118 1717 memoratis

537 1752 745 1805 nostris
772 1755 1129 1822 argumentis,
1186 1770 1294 1809 non
1336 1753 1684 1823 impugnatis.
1736 1754 1977 1823 0pinor,’
2008 1769 2114 1808 non

2222 556 2291 610 τά
2323 557 2618 628 κινήσαντα
2647 555 2758 627 (19)
2788 557 2936 628 ἡμᾶς
2963 557 3058 611 καὶ
3093 556 3230 628 μετὰ
3253 555 3355 625 τῆς
3384 556 3628 627 φανείσης
3643 559 3745 612 ἀπο-

2220 648 2435 712 δείξεως
2485 648 2993 702 κατασκευασθέντα
3050 647 3178 720 περὶ
3226 647 3325 718 τῆς
3371 647 3512 701 κατὰ
3554 649 3744 703 Μωῦτέα

2221 739 2580 811 κοσμοποιίας
2613 740 2884 812 θεωρῆσαι
2905 756 2919 771 ⁸
2967 739 3178 794 λαθέτω
3207 740 3274 794 τὰ
3308 742 3744 812 πραγματευθέντα

2220 835 2352 904 ἡμῖν
2396 835 2478 896 είς
2519 832 2619 906 τὴν
2666 833 2884 888 Γένεσιν
2917 833 3025 888 ἀπὸ
3065 833 3165 904 τῆς
3215 833 3392 905 ἀρχῆς
3439 833 3532 886 τοῦ
3582 833 3742 904 βιϐλίου

2222 925 2385 997 μέχρι
2412 923 2526 989 τοῦ,
2575 945 2595 976 ι
2614 924 2763 996 Αὕτη
2790 926 2826 997 ἡ
2876 924 3052 998 βίϐλος
3081 924 3353 994 γενέσεως
3403 923 3677 996 ἀνθρώπων
3695 944 3738 979 ἰ

2219 1017 2278 1070 ὲν
2307 1011 2387 1081 οἷς
2430 1017 2818 1090 πεπειράμεθα
2850 1018 2943 1072 ἀπ’
2977 1018 3157 1074 αὐτῶν
3197 1018 3309 1073 τῶν
3341 1018 3500 1073 θείων
3528 1021 3741 1092 γραμμά-

2217 1126 2325 1162 των
2358 1110 2800 1174 κατασκευάσαι,
2819 1108 2902 1174 τίς
2928 1111 2956 1163 ὁ
2973 1109 3030 1164 ὲν
3059 1110 3203 1182 ἀρχῇ
3236 1111 3525 1181 γενόμενος
3542 1112 3739 1184 οὐρανὸς,

2217 1203 2312 1256 καὶ
2334 1203 2404 1273 γῆ
2422 1241 2438 1268 ,
2465 1202 2562 1256 καὶ
2583 1201 2644 1254 τὸ
2667 1201 2768 1271 τῆς
2798 1200 2902 1270 γῆς
2923 1201 3150 1272 ἀόρατον
3176 1202 3272 1254 καὶ
3291 1202 3738 1267 ἀκατασκεύαστον,

2218 1295 2312 1347 καὶ
2338 1295 2422 1357 τίς
2453 1294 2487 1364 ἡ
2532 1293 2764 1356 ἄϐυσσος
2785 1332 2800 1358 ,
2834 1293 2929 1345 καὶ
2965 1292 3027 1345 τὸ
3059 1293 3147 1345 ἐπ’
3179 1283 3352 1363 ἅύτῆς
3381 1293 3592 1357 σκότος,
3629 1296 3671 1347 τί
3697 1313 3738 1347 τε

2216 1385 2278 1438 τὸ
2308 1384 2449 1456 ὕδωρ
2471 1385 2566 1437 καὶ
2594 1384 2654 1437 τὸ
2678 1384 3070 1455 ἐπιφερόμενον
3099 1383 3249 1455 αὐτῷ
3271 1384 3488 1455 πνεῦμα
3517 1384 3599 1438 τοῦ
3619 1385 3736 1447 Θεοῦ,

2217 1478 2312 1530 καὶ
2340 1476 2391 1530 τί
2421 1476 2482 1528 τὺ
2515 1475 2740 1546 γενητὸν
2768 1475 2915 1545 φῶς,
2949 1475 3002 1527 τί
3028 1492 3089 1528 τε
3117 1475 3178 1529 τὸ
3201 1475 3486 1548 στερέωμα
3515 1476 3646 1547 παρὰ
3673 1479 3737 1530 τὸν

2218 1571 2275 1621 ὲν
2307 1569 2446 1640 ἀρχῇ
2479 1568 2767 1638 γενόμενον
2795 1567 3046 1639 οὐρανὸν,
3076 1568 3170 1622 καὶ
3190 1567 3333 1622 οὕτω
3358 1568 3428 1622 τὰ
3451 1569 3586 1638 ἑξῆς.
3615 1571 3738 1621 Ἀπε-

2218 1660 2421 1730 φήνατο
2455 1659 2512 1711 δὲ
2549 1658 2691 1730 μάλα
2726 1658 2986 1730 εύηθικὴν
3025 1652 3164 1712 εἶναι
3191 1660 3286 1712 καὶ
3313 1658 3412 1731 τὴν
3437 1660 3557 1730 περὶ
3579 1661 3738 1730 ἀνθρώ-

2218 1767 2335 1802 πων
2363 1750 2628 1818 γενέσεως
2651 1749 2890 1821 γραφὴν,
2927 1750 3062 1820 μήτε
3093 1749 3263 1814 τιθεὶς
3285 1749 3384 1813 τὰς
3414 1748 3616 1814 δείξεις,
3644 1752 3736 1821 μήτ’

536 1840 724 1896 habuit
754 1857 864 1911 quo
895 1854 1143 1900 evertere
1189 1855 1378 1915 posset
1408 1845 1576 1910 istud,
1627 1846 1896 1900 hominem
1950 1845 2105 1901 fuisse

2218 1840 2617 1910 ἀγωνιζόμενος
2645 1840 2782 1912 πρὸς
2813 1840 3012 1904 αύτάς’
3041 1839 3103 1893 οὐ
3138 1841 3247 1911 γάρ
3280 1837 3444 1911 εἶχεν,
3487 1838 3648 1910 οἶμαι,
3670 1840 3735 1892 λό-

535 1931 833 1984 secundum
857 1932 1148 2002 imaginem
1180 1933 1273 1988 Dei
1302 1944 1569 1989 creatum.
1605 1934 1792 2006 Neque
1825 1935 1990 1991 etiam
2035 1938 2116 1990 in-

537 2020 728 2089 telligit
779 2021 907 2090 quid
965 2024 1033 2078 sit
1083 2025 1364 2093 paradisus
1417 2041 1444 2078 a
1501 2026 1608 2080 Deo
1643 2026 1940 2096 plantatus,
1986 2027 2114 2096 quid

534 2114 711 2183 prima
736 2113 788 2168 in
820 2115 909 2169 illo
939 2117 1174 2170 hominis
1199 2117 1331 2182 vita,
1356 2117 1450 2171 sed
1486 2118 1682 2173 misere
1711 2128 1937 2184 mutata,
1969 2128 2114 2188 post-

535 2217 696 2272 quam
723 2220 754 2259 e
780 2208 1032 2275 paradiso
1063 2208 1377 2264 deliciarum
1409 2210 1615 2277 ejectus
1645 2221 1869 2279 propter
1920 2225 2113 2280 pecea-

535 2302 672 2361 tum,
698 2312 762 2349 ex
794 2297 1024 2352 adverso
1046 2299 1330 2354 habitavit.
1366 2301 1557 2356 Verum
1590 2301 1698 2368 ille,
1731 2303 1820 2370 qui
1861 2303 1974 2356 haec
1992 2318 2110 2355 om-

531 2386 624 2440 nia
667 2386 830 2442 stulte
885 2389 1025 2444 dicta
1067 2406 1187 2446 esse
1231 2394 1572 2460 pronuntiat,
1629 2395 1841 2463 singula
1886 2409 2112 2463 qumque

532 2487 832 2547 scrutetur,
852 2493 907 2536 et
942 2481 1190 2552 inprimis
1223 2484 1367 2538 istud
1405 2503 1416 2538 :
1455 2504 1472 2535 ‹
1512 2485 2108 2540 Collocaritcherubim

531 2579 589 2625 et
612 2568 920 2627 ﬂammeum
973 2574 1208 2643 gladium
1253 2585 1413 2644 atque
1444 2576 1754 2630 versatilem
1802 2577 1870 2629 ad
1925 2587 2108 2628 custo-

531 2662 780 2718 diendam
817 2665 962 2718 viam
1026 2664 1152 2734 ligni
1201 2667 1328 2720 vitae
1367 2666 1436 2722 ⁸³.
1493 2685 1512 2717 ι
1569 2664 1682 2718 Nisi
1724 2664 1862 2719 forte
1899 2665 2106 2734 Moyses

529 2753 645 2808 haec
677 2754 960 2822 scripserit
991 2757 1140 2810 nullo
1165 2757 1415 2820 consilio,
1471 2759 1564 2810 sed
1627 2757 1806 2810 simile
1853 2758 1981 2824 quid
2033 2756 2106 2809 re-

529 2845 667 2899 cerit
695 2846 801 2901 illis
826 2851 1026 2904 veteris
1051 2853 1333 2904 comtedia:
1367 2851 1566 2920 poetis,
1584 2849 1708 2919 joco
1739 2851 2106 2904 scribentibus

526 2935 998 3008 Bellerophontem
1027 2943 1370 2998 interfectum
1409 2959 1437 2996 a
1467 2942 1651 2998 Prteto
1687 2943 1877 3007 fuisse,
1932 2943 2104 3013 Pega-

525 3041 647 3082 sum
683 3044 804 3085 esse
835 3046 900 3086 ex
931 3033 1188 3098 Arcadia;
1233 3046 1353 3100 qua:
1411 3033 1589 3086 omnia
1623 3032 1962 3102 scripserunt
2007 3031 2103 3095 illi,

525 3130 587 3173 ut
631 3121 799 3177 risum
859 3135 1174 3189 moverent,
1229 3134 1285 3178 at
1348 3124 1625 3193 probabile
1675 3141 1780 3179 non
1837 3134 1954 3191 est,
2011 3125 2100 3192 qui

525 3209 830 3276 scripturas
871 3211 967 3264 toti
1018 3211 1164 3280 genti
1219 3213 1550 3281 relinqueret
1602 3229 1739 3282 quas
1782 3213 1994 3267 volebat
2035 3212 2101 3268 iis

526 3300 618 3368 qui
647 3298 791 3369 leges
841 3301 1203 3370 accipiebant,
1238 3305 1568 3372 persuadere
1596 3318 1624 3356 a
1664 3304 1774 3358 Deo
1806 3318 1925 3357 esse
1974 3319 2102 3373 pro-

524 3390 721 3455 fectas,
745 3406 868 3446 eum
899 3391 1134 3448 absurda
1171 3395 1458 3449 mandasse
1493 3395 1706 3459 litteris,
1744 3404 1798 3450 et
1839 3396 1957 3450 sine
1994 3394 2102 3449 ullo

524 3496 691 3536 sensu
725 3482 927 3537 dixisse
951 3484 1093 3539 istud
1122 3501 1137 3539 :
1171 3505 1188 3537 ι
1229 3485 1531 3541 Collocavit
1562 3487 1842 3541 cherubim
1862 3493 1916 3540 et
1948 3488 2102 3540 ﬂam-

523 3583 708 3622 meum
741 3569 980 3639 gladium
1023 3581 1184 3641 atque
1208 3573 1518 3628 versatilem
1562 3574 1628 3628 ad
1684 3577 2100 3631 custodiendam

522 3659 666 3713 viam
704 3660 832 3732 ligni
855 3661 977 3715 vita:
998 3663 1068 3727 ⁸ο,
1103 3681 1121 3715 ρ
1156 3673 1248 3718 aut
1278 3665 1424 3720 aliud
1465 3667 1740 3736 quidpiam
1766 3682 1953 3722 eorum
1979 3685 2100 3737 quas

524 3748 592 3803 de
613 3749 895 3806 hominum
925 3741 1202 3809 creatione
1229 3755 1372 3809 dicta
1400 3765 1545 3821 sunt,
1585 3767 1640 3813 et
1683 3759 1880 3828 quibus
1927 3761 1982 3814 in
2018 3761 2100 3815 in.

521 3842 859 3911 vestigandis
903 3858 1061 3900 suam
1107 3843 1458 3904 Hebraeorum
1513 3849 1792 3918 sapientes
1829 3851 2101 3908 collocant

521 3945 763 4001 operam.

589 4119 680 4174 50.
720 4119 834 4176 Sub
857 4121 974 4178 haec
999 4122 1239 4180 collectis
1279 4113 1507 4182 diversis
1552 4129 1908 4198 quorumdam
1941 4144 2094 4190 vete-

517 4225 638 4265 rum
661 4214 728 4267 de
752 4215 937 4268 mundi
968 4215 1356 4286 hominumque
1390 4219 1601 4289 origine
1647 4225 1951 4289 sententiis,
2003 4227 2095 4280 iis-

515 4314 623 4368 que
645 4301 964 4371 simpliciter
987 4307 1301 4374 propositis,
1327 4309 1408 4362 ait
1439 4326 1457 4359 ι
1501 4309 1739 4381 Moysem
1769 4324 1825 4368 et
1857 4318 2094 4386 prophe-

517 4400 620 4458 tas,
652 4394 742 4460 qui
771 4405 983 4450 nostras
1017 4396 1328 4466 Scripturas
1377 4402 1736 4471 reliquerunt,
1791 4408 1916 4478 quia
1964 4424 2080 4463 nes-

2131 3167 2173 3225 C

2216 1947 2347 1998 γους
2373 1930 2673 2002 ἀνατρέψαι
2702 1929 3030 2002 δυναμένους
3063 1931 3126 1983 τὸ
3160 1931 3284 1984 κατ’
3318 1931 3499 1983 εἰκόνα
3518 1930 3632 1982 Θεοῦ

2216 2022 2474 2092 ποιῆσθαι
2507 2023 2597 2075 τὸν
2641 2022 2946 2094 ἄνθρωπον.
3025 2021 3163 2076 Ἀλλ’
3206 2021 3330 2075 οὐδὲ
3366 2022 3529 2075 συνίει
3556 2022 3633 2074 τὸν
3658 2023 3732 2074 ὑπὸ

2214 2112 2347 2165 Θεοῦ
2380 2113 2714 2180 φυτευθέντα
2745 2114 3094 2184 παράδεισον,
3126 2115 3222 2167 καὶ
3254 2113 3354 2185 τὴν
3379 2113 3731 2185 προηγουμένην

2213 2204 2271 2255 ἐν
2306 2203 2454 2274 αὐτῷ
2482 2203 2573 2256 τοῦ
2609 2204 2895 2276 ἀνθρώπου
2939 2205 3117 2278 ζωὴν,
3153 2206 3247 2259 καὶ
3286 2205 3386 2276 τὴν
3430 2208 3492 2258 ὲκ
3530 2205 3730 2276 περιττά-

2214 2313 2351 2359 σεως
2378 2296 2696 2367 γενομένην,
2723 2296 3077 2371 ἐκϐληθέντος
3114 2297 3201 2350 διὰ
3232 2298 3332 2369 τὴν
3365 2297 3632 2369 ἁμαρτίαν,
3661 2298 3728 2348 καὶ

2211 2387 2647 2451 κατοικισθέντος
2676 2389 2917 2442 ἐναντίον
2944 2389 3037 2442 τοῦ
3075 2389 3402 2461 παραδείσου
3433 2389 3526 2460 τῆς
3549 2388 3725 2461 τρυφῆς.

2222 2479 2282 2530 '0
2311 2479 2366 2531 δὲ
2395 2479 2567 2545 λέγων
2604 2478 2748 2549 μάλα
2777 2479 3048 2550 εὐηθικῶς
3080 2479 3229 2533 ταῦτ’
3265 2479 3532 2551 εἰρῆσθαι,
3564 2478 3728 2549 πρῶτον

2211 2563 2557 2634 ἐπιστησάτω
2585 2566 2680 2619 καὶ
2710 2566 2925 2638 ἑκάστῳ
2951 2567 3068 2638 μὲν,
3098 2568 3194 2621 καὶ
3236 2567 3375 2638 τῷδε
3394 2584 3409 2598 ⁸
3448 2587 3466 2620 ι
3487 2566 3652 2634 Ἐταξε
3674 2563 3728 2618 τὰ

2210 2654 2532 2726 χερουόεὶμ,
2568 2658 2663 2710 καὶ
2695 2657 2795 2730 τὴν
2826 2658 3081 2729 φλογίνην
3113 2659 3407 2730 ῥομφαίαν,
3433 2660 3526 2730 τὴν
3549 2672 3727 2728 στρεφο-

2212 2747 2412 2819 μένην,
2444 2749 2739 2817 φυλάσσειν
2780 2751 2878 2823 τὴν
2913 2752 3030 2805 ὁδὸν
3075 2753 3170 2806 τοῦ
3216 2753 3375 2818 ξύλου
3407 2754 3502 2824 τῆς
3543 2753 3724 2823 ζωῆςοι

2207 2841 2254 2891 εἰ
2285 2839 2330 2892 δ’
2358 2840 2464 2912 ἄρα
2482 2841 2591 2911 (20)
2622 2842 2788 2912 μηδὲν
2812 2845 3011 2914 νοήσας
3036 2844 3279 2915 Μωῦσῆς
3301 2845 3558 2915 ἀνέγραψε
3576 2843 3725 2904 ταῦτα,

2206 2930 2341 2985 ἀλλὰ
2371 2933 2750 3005 παραπλήσιόν
2777 2953 2831 2987 τι
2865 2934 3034 2988 ποιῶν
3059 2929 3141 2998 οἷς
3176 2936 3457 2999 παίζοντες
3481 2938 3527 2989 οί
3549 2935 3632 3004 τῆς
3655 2934 3728 3003 ἀρ-

2207 3021 2364 3090 χαίας
2420 3024 2712 3095 κωμῳδίας
2779 3027 3000 3099 ποιηταὶ
3073 3027 3480 3098 όινεγράιζκοιντο⁶
3550 3027 3727 3097 Προῖτος
3816 3073 3817 3088 κ

2207 3112 2410 3167 ἔκτεινε
2424 3113 2533 3185 (21)
2568 3115 3021 3188 Βελλεροφόντην,
3052 3120 3081 3172 ὁ
3110 3117 3166 3171 δὲ
3198 3119 3450 3188 Πήγασος
3465 3113 3527 3190 ἦν
3555 3118 3606 3182 ἐξ
3631 3117 3726 3185 Ἀρ·

2157 3207 2173 3227 ⁴
2205 3205 2412 3270 καδίας.
2479 3208 2618 3261 Ἀλλ’
2657 3210 2856 3264 ἐκεῖνοι
2899 3211 3022 3282 μὲν,
3072 3211 3450 3279 γελωτοποιεῖν
3506 3210 3726 3270 θέλοντες,

2201 3298 2425 3352 τοιαῦτα
2483 3300 2809 3355 συνέταττον
2833 3319 2848 3333 ο
2907 3303 2968 3355 οὐ
3001 3303 3225 3358 πιθανὸν
3255 3304 3333 3368 δὲ,
3365 3304 3454 3358 τὸν
3502 3303 3594 3373 ὅλῳ
3617 3301 3724 3354 ἔθνει

2201 3389 2419 3458 γραφάς
2449 3391 2842 3456 καταλιπόντα,
2889 3394 3017 3462 περ)⁸
3045 3387 3121 3448 ὧν
3162 3393 3412 3448 ἐϐούλετο
3439 3396 3603 3446 πεῖσαι
3629 3393 3726 3452 τοὺς

2201 3480 2721 3552 νομοθετουμένους,
2755 3485 2837 3537 ὅτι
2871 3481 2979 3537 εἷεν
3020 3486 3085 3538 ὲκ
3128 3484 3288 3552 Θεοῦ,
3332 3485 3621 3557 ἀπρόσ).ογα
3655 3497 3724 3548 γε·

2201 3571 2470 3641 γραφέναι
2493 3611 2507 3635 ,
2535 3573 2631 3626 καὶ
2669 3575 2839 3645 χωρίς
2866 3591 3011 3639 τινος
3041 3573 3133 3629 νοῦ
3173 3577 3448 3649 εἰρηκέναι
3473 3575 3545 3640 τὸ,
3569 3569 3718 3631 Ἔταξε

2197 3663 2266 3715 τὰ
2297 3664 2590 3735 χερουδεὶμ
2618 3666 2753 3737 (22),
2785 3668 2878 3720 καὶ
2923 3669 3023 3739 τὴν
3051 3669 3310 3740 φλογίνην
3343 3666 3611 3740 ῥομφαίαν,
3647 3663 3720 3730 τὴν

2200 3755 2608 3826 στρεφομένην,
2663 3758 2955 3827 φυλάσσειν
3007 3759 3106 3829 τὴν
3160 3759 3280 3813 ὁδὸν
3325 3759 3419 3813 τοῦ
3469 3758 3606 3824 ξύλου
3647 3754 3721 3822 τῆς

2199 3846 2372 3918 ζωῆς,
2403 3868 2422 3900 ι
2453 3850 2484 3920 ἢ
2520 3834 2648 3904 ἄλλο
2667 3867 2720 3903 τι
2745 3850 2855 3903 τῶν
2887 3851 3015 3922 περὶ
3042 3852 3142 3920 τῆς
3182 3851 3479 3923 ἀνθρώπων
3507 3848 3721 3920 γενέσεως

2198 3939 2522 4010 εἰρημένων,
2549 3943 2643 3996 acati.
2674 3941 2781 3995 ὑπὸ
2813 3941 2924 3996 τῶν
2955 3943 3082 4016 παρ’
3119 3943 3394 4016 Ἑϐραίοις
3416 3943 3581 4013 σοφῶν
3601 3954 3722 4009 πεφιν

2197 4032 2396 4106 λοσοφη
2407 4035 2604 4106 μένων.
3220 4108 3228 4116 ἢ

2279 4124 2438 4196 Ἑξῆς
2485 4125 2543 4177 δὲ
2601 4126 2842 4194 τούτοις,
2904 4129 3260 4200 συμφορήσας
3304 4128 3362 4182 ὲν
3402 4128 3570 4199 ψιλαῖς
3617 4124 3718 4178 ἀπο-

2197 4216 2393 4285 φάσεσι
2417 4217 2516 4281 τὰς
2539 4218 2804 4290 διαφοράς
2834 4219 2942 4273 τῶν
2965 4221 3094 4291 περὶ
3122 4220 3330 4291 κόσμου
3358 4221 3448 4274 καὶ
3471 4216 3717 4289 ἀνθρώπων

2193 4309 2462 4377 γενέσεώς
2497 4329 2605 4364 τισι
2637 4311 2747 4365 τῶν
2782 4312 3030 4384 ἀρχαίων
3067 4311 3398 4384 εἰρημένας,
3433 4310 3582 4383 φησί·
3611 4306 3714 4365 Τοὶις

2193 4400 2260 4453 τὰ
2299 4402 2540 4474 ἡμέτερα
2561 4405 2969 4476 συγγράμματα
2991 4404 3247 4467 λιπόντας
3272 4403 3506 4458 Μωῦσέα
3524 4401 3604 4455 καὶ
3620 4397 3711 4455 τοὺς

513 4481 690 4536 cirent
717 4497 838 4552 quae
865 4485 1050 4539 mttndi
1077 4487 1150 4542 sit
1177 4496 1232 4542 et
1261 4487 1536 4543 hominum
1586 4501 1802 4557 natura,
1834 4504 2088 4563 propter—

2206 4494 2510 4563 προφήτας,
2539 4492 2637 4546 οὐκ
2677 4493 2882 4556 εἰδότας
2905 4493 3025 4563 ἦτις
3046 4493 3177 4546 ποτέ
3197 4495 3347 4547 ἐστιν
3384 4495 3418 4566 ἡ
3447 4491 3532 4546 τοῦ
3553 4491 3708 4558 κόσμου

512 4583 576 4622 ea
627 4570 831 4627 dixisse
861 4589 1084 4644 magnas
1117 4591 1308 4644 nugas.
1353 4596 1372 4629 ›
1405 4578 1460 4632 Si
1497 4580 1724 4637 dixisset
1753 4584 1881 4651 quid
1911 4599 2092 4639 causa:

2206 4585 2290 4639 καὶ
2314 4584 2422 4637 τῶν
2456 4583 2761 4656 ἀνθρώπων
2795 4583 2989 4653 φύσις,
3026 4583 3297 4640 συνθεῖναι
3337 4585 3494 4657 λῆρον
3518 4581 3665 4655 βαθύν.
3689 4595 3704 4625 ι

510 4669 654 4714 esset
680 4675 776 4716 cur
801 4661 997 4718 littera:
1020 4665 1217 4720 divina:
1235 4668 1521 4724 videantur
1546 4671 1646 4740 ipsi
1682 4688 1888 4739 magna:
1915 4690 2088 4746 nugar,

2206 4675 2255 4727 Εἰ
2291 4675 2389 4745 μὲν
2418 4670 2511 4728 οὖν
2543 4677 2752 4747 εἰρήκει
2781 4676 2873 4729 τὸν
2924 4676 3186 4732 δοκοῦντα
3212 4678 3365 4750 αὐτῷ
3406 4677 3586 4748 τρόπον
3615 4670 3707 4740 περὶ

514 4747 753 4803 rationes
800 4751 998 4817 quibus
1049 4751 1304 4809 inductus
1364 4756 1678 4827 Scripturas
1729 4777 1828 4830 pro
1877 4765 2091 4834 magnis

2206 4766 2286 4819 τοῦ
2312 4765 2479 4838 λῆρον
2508 4765 2647 4821 εἶναι
2683 4767 2852 4838 βαθὺν
2877 4768 2946 4822 τὰ
2978 4768 3096 4823 θεῖα
3126 4747 3448 4841 γράμματα,
3483 4768 3574 4822 κᾶν
3598 4767 3706 4816 tas:-

512 4838 673 4906 nugis
700 4839 914 4904 habuit,
949 4842 1191 4899 refutare
1245 4855 1563 4904 tentassem.
1601 4850 1752 4907 Nune
1773 4867 1980 4918 autem,
2019 4855 2088 4909 il-

2206 4858 2438 4930 οάΟημεν
2488 4859 2858 4914 ἁνασκευάσαι
2889 4860 2989 4926 τὰς
3027 4861 3285 4930 φανείσας
3324 4861 3505 4931 ἐκείνῳ
3534 4851 3704 4911 πιθανά·

511 4927 624 4982 lum
649 4929 867 4986 imitans
890 4931 1212 5004 jocansque,
1246 4940 1456 4996 allirtno
1497 4957 1642 5006 eum,
1699 4947 1825 5016 quia
1857 4947 2090 5001 nescivit

2206 4927 2357 5021 έητᾴέ
2389 4953 2520 5022 περὶ
2551 4951 2643 5004 τοῦ
2689 4952 2852 5024 λῆρον
2878 4953 3017 5008 αὐτὰ
3038 4927 3187 5008 εἶναι
3220 4953 3387 5025 βαθύν
3410 4970 3424 4984 ο
3457 4927 3561 5006 νυνὶ
3593 4948 3635 5000 δὲ
3659 4942 3704 4994 τὺ

507 5032 763 5086 quanam
796 5033 946 5078 esset
973 5029 1173 5083 mentis
1206 5033 1586 5103 sermonisque
1617 5038 2082 5107 proplteticinatu-

508 5123 586 5171 ra,
625 5107 834 5166 idcirco
864 5127 1091 5184 magnas
1137 5119 1400 5179 eﬂutiisse
1445 5127 1698 5196 ineptias,
1756 5145 1876 5184 cum
1930 5147 2086 5186 arro-

505 5206 698 5263 ganter
728 5215 886 5258 suum
938 5205 1136 5263 librum
1194 5211 1495 5285 inscripsit,
1534 5233 1714 5272 verum
1767 5236 2078 5277 sermonem.

503 5285 775 5350 Quoniam
818 5309 949 5353 vero
989 5299 1137 5357 clara
1169 5302 1274 5359 sibi
1306 5316 1362 5360 et
1387 5319 1646 5365 accurate
1691 5312 1966 5369 intellecta
2008 5317 2080 5371 vi-

578 5439 626 5474 ”
653 5441 794 5500 Gen.
822 5463 916 5518 ιιι,
1022 5453 1114 5510 9.5.
1192 5458 1238 5490 ⁹⁰
1268 5459 1400 5517 ibid.

507 5595 695 5722 “agi
733 5597 1068 5665 Hmscbelius
1101 5621 1156 5666 et
1190 5614 1497 5684 Spencerus
1536 5619 1587 5674 in
1632 5626 1894 5696 margine,
1928 5629 2080 5700 νική-

577 5737 690 5807 (20)
713 5741 784 5802 El
815 5738 866 5793 δ’
897 5741 1029 5812 ἄρα.
1063 5748 1373 5812 Boltt‘rellus
1403 5756 1551 5828 legit,
1584 5763 1629 5814 εί
1662 5763 1736 5835 μὴ
1767 5765 1890 5838 ἄρα.

2185 5043 2369 5112 ὅμοιον
2391 5043 2585 5113 ἐκείνῳ
2621 5044 2955 5116 πράττοντες
2974 5084 2988 5110 ,
3021 5047 3115 5098 καὶ
3138 5046 3448 5111 παίζοντες,
3475 5043 3559 5097 καὶ
3581 5037 3703 5108 ἡμεῖς

2182 5135 2631 5206 ἀποφανούμεθα,
2675 5137 2758 5190 ὅτι
2797 5137 2881 5201 τίς
2925 5138 3055 5190 ποτέ
3100 5139 3246 5193 ἐστιν
3280 5139 3313 5210 ή
3353 5137 3502 5209 φύσις
3528 5131 3604 5185 τοῦ
3630 5123 3700 5178 νοῦ

2181 5225 2276 5276 καὶ
2302 5225 2395 5278 τοῦ
2426 5227 2484 5278 ὲν
2511 5230 2624 5290 τοῖς
2663 5229 2969 5299 προφήταις
2995 5227 3176 5296 λόγου,
3212 5227 3455 5299 οὐδαμῶς
3479 5228 3504 5278 ὁ
3536 5219 3699 5275 Κέλσος

2181 5315 2368 5382 εἰδὼς,
2427 5318 2590 5390 λῆρον
2651 5321 2914 5393 συνέθηκε
2973 5321 3163 5391 βαθὺν,
3214 5317 3528 5385 άλαζονικῶς
3569 5307 3697 5366 αὑτὸν

2260 5630 2371 5714 (ει)
2396 5631 2738 5714 iimselielitts
2767 5634 2817 5688 in
2854 5644 3020 5714 textu,
3053 5635 3245 5714 ἔγημε.
3333 5702 3343 5714 .
3475 5713 3480 5714 ν
3525 5699 3566 5714 θ’

2281 5709 2370 5771 22)
2405 5705 2584 5758 Codex
2612 5704 2829 5775 Regius,
2863 5705 3047 5772 ἔταξεν
3072 5709 3098 5760 ὁ
3131 5702 3261 5767 Θεδς
3291 5702 3356 5757 τά
3376 5702 3615 5772 χερουῗίῥ.
