3846 6406
142 391 256 447 l377
1282 382 1559 439 CONTRA
1587 383 1864 443 CELSUM
1898 385 2026 441 LIB.
2068 386 2156 442 VI.
3216 398 3350 452 i378

140 502 420 576 ἐπιγράψας
447 499 646 570 ἁληθῆ
688 501 895 571 λόγον.
966 500 1119 555 Ἐπεὶ
1168 500 1227 554 δὲ
1283 502 1360 565 ὡς
1410 503 1555 574 σαφῆ
1596 504 1679 557 καὶ

1789 504 1989 559 dentur
2028 520 2149 575 qua:
2202 504 2391 575 objicit
2438 507 2503 564 de
2551 506 2847 564 creationis
2895 510 3079 566 mundi
3136 510 3350 580 diebus,

139 595 352 671 ἀκριϐῶς
394 593 546 666 αὐτῷ
576 593 871 665 νενοημένα
914 592 1182 664 προφέρει
1218 592 1299 657 είς
1346 590 1678 664 κατηγορίαν

1787 611 2017 667 quorum
2043 598 2133 652 alii
2152 598 2298 664 coeli,
2324 600 2477 667 solis,
2510 599 2676 665 lunae,
2711 600 2986 655 stellarum
3013 602 3350 658 creationem

138 691 195 745 τὰ
223 689 340 761 περὶ
364 686 470 743 τῶν
490 686 593 758 τῆς
618 687 975 757 κοσμοποιίας
1005 683 1250 756 ἡμερῶν,
1290 676 1365 739 ὧν
1390 702 1536 749 τινες
1579 684 1677 755 μὲν

1787 697 2206 757 praecesserunt,
2238 689 2328 743 alii
2352 689 2629 745 subsecuti
2656 700 2813 755 sunt;
2844 689 2947 745 hoc
2969 706 3137 747 unum
3167 707 3236 749 ex
3259 696 3350 749 illo

138 782 247 853 πρὶν
272 778 381 850 φῶς
410 780 505 833 καὶ
534 776 763 849 οὐρανὸν
789 775 1039 845 γενέσθαι
1060 814 1075 841 ,
1113 775 1263 846 ἥλιόν
1281 793 1362 841 τε,
1392 776 1488 830 καὶ¹
1523 776 1677 847 σελή-

1787 779 2109 849 quaesierim,
2147 780 2310 849 672
2346 797 2470 836 num
2496 782 2690 852 fugerit
2717 782 2953 854 Moysem
2983 791 3108 838 ante
3134 783 3205 839 ab
3236 786 3350 857 ipso

136 891 237 946 νην,
266 872 353 927 καὶ
379 871 647 943 ἀστέρας,
683 868 1118 940 παρεληλύθασι,
1147 868 1293 932 τινὲς
1319 868 1375 921 δὲ
1413 869 1552 939 μετά
1579 868 1676 940 τὴν

1787 869 1986 925 dictum
2019 869 2231 925 fuisse:
2261 889 2279 923 ι
2318 871 2373 926 ln
2397 888 2493 928 se:
2522 873 3007 944 diebusoperfectus
3062 883 3145 930 est
3201 892 3350 932 mun-

136 966 311 1021 τούτων
333 965 548 1033 γένεσιν
572 978 587 992 ο
619 961 777 1015 τοῦτο
807 960 967 1029 μόνον
995 960 1507 1032 ὲπισημειωσόμεθα
1541 962 1677 1033 πρὸς

1787 962 1885 1016 dus
1910 960 1991 1027 ";
2036 979 2055 1013 ›
2085 976 2212 1015 num
2262 962 2347 1017 sui
2388 963 2590 1020 oblitus
2628 966 2894 1022 addiderit
2931 987 2943 1023 :
2975 985 2995 1020 ι
3040 965 3139 1023 Hic
3170 976 3255 1023 est
3279 967 3351 1023 li-

1782 1052 1880 1108 ber
1900 1054 2266 1124 generationis
2287 1054 2600 1123 hominum,
2635 1058 2688 1112 in
2732 1057 2819 1113 die
2847 1073 2954 1127 quo
2994 1058 3121 1113 fecit
3163 1058 3351 1115 Domi-

1784 1159 1884 1199 nus
1909 1147 2106 1201 cmlum
2137 1157 2194 1201 et
2228 1159 2429 1201 terram
2454 1148 2529 1203 θ’.
2562 1166 2581 1200 ι
2617 1149 2687 1203 At
2726 1150 3038 1205 nulloutodo
3073 1148 3350 1220 probabile

1781 1246 1865 1290 cst
1892 1237 2151 1307 Moysem,
2179 1248 2305 1308 post
2335 1239 2528 1294 factam
2557 1240 2621 1294 de
2648 1255 2744 1295 sex
2767 1242 2958 1295 diebus
2995 1243 3347 1305 mentionem,

1783 1328 1936 1384 nullo
1963 1331 2191 1386 consilio
2228 1332 2431 1386 dixisse
2462 1351 2475 1386 :
2520 1350 2539 1383 ι
2577 1333 2692 1398 Qua
2719 1334 2806 1387 die
2828 1336 3035 1388 creavit
3072 1333 3211 1388 Deus
3234 1348 3347 1388 ca:-

1782 1418 1970 1473 lumct
2000 1430 2223 1477 terram.
2276 1441 2295 1475 ι
2348 1424 2498 1490 Quod
2527 1424 2572 1477 si
2627 1426 2751 1495 quis
2791 1426 2906 1481 bace
2960 1425 3231 1480 existimet
3266 1439 3349 1480 re-

135 1058 292 1123 αὐτὸν,
323 1057 404 1110 ὅτι
429 1055 519 1128 ἄρ’
546 1053 704 1107 ἔλαθε
733 1052 971 1107 Μωῦσέα
997 1054 1057 1106 τὸ
1095 1053 1516 1126 προειρηκέναι,
1548 1071 1565 1105 ι
1588 1053 1675 1106 Ἐν

134 1150 184 1215 ἐξ
203 1150 422 1221 ἡμέραις
456 1146 862 1201 συντετελέσθαι
895 1145 987 1200 τὸν
1009 1146 1214 1217 κόσμον
1241 1145 1677 1217 δημιουργούμε-

133 1258 239 1296 νον·
266 1260 284 1293 ι
314 1242 403 1294 καὶ
431 1239 623 1293 ἑαυτοῦ
659 1238 1044 1309 ἐπιλαθόμενος
1070 1239 1279 1302 τούτοις
1314 1239 1563 1311 ἐπιφέρει
1592 1239 1674 1302 τὸ,

138 1352 154 1385 ι
174 1331 307 1404 Αὕτη
337 1333 370 1402 ἡ
399 1331 579 1401 βίϐλος
609 1330 873 1400 γενέσεως
903 1330 1206 1401 ἀνθρώπων
1231 1331 1340 1400 (25)
1362 1370 1377 1393 ,
1411 1325 1446 1403 ᾖ
1489 1329 1676 1401 ἡμέρᾳ

134 1425 357 1495 ἐποίησεν
389 1425 419 1477 6
445 1422 577 1484 Θεὸς
622 1422 713 1475 τὸν
757 1421 982 1493 οὐρανὸν
1013 1421 1107 1474 καὶ
1154 1422 1254 1493 τὴν
1303 1423 1425 1493 γῆνο
1447 1440 1466 1473 ι
1537 1421 1675 1474 Ἀλλ’

131 1516 327 1588 οὐδεμία
367 1515 661 1585 πιθανότης
705 1514 852 1579 ἐστὶ,
906 1512 1071 1584 μηδὲν
1117 1514 1407 1585 νενοηκότα
1439 1512 1676 1567 Μωῦσέα

131 1608 375 1680 είπκέναι
402 1606 542 1679 μετά
568 1606 637 1659 τὰ
663 1605 791 1677 περὶ
818 1604 926 1658 τῶν
948 1604 1006 1671 ἐξ
1036 1606 1258 1677 ἡμερῶν
1286 1606 1366 1669 τὸ,
1401 1623 1419 1658 t
1493 1606 1677 1678 ἡμέρᾳ

131 1703 354 1773 ἐποίησεν
382 1702 412 1753 6
437 1698 571 1764 Θεὸς
600 1697 695 1751 τὸν
733 1697 964 1770 οὐρανὸν
992 1699 1088 1751 καὶ
1121 1698 1220 1769 τὴν
1247 1699 1368 1769 γῆν.
1398 1716 1417 1749 ι
1466 1698 1589 1751 Ἐὰν
1616 1697 1673 1750 δέ

129 1810 198 1857 τις
223 1791 409 1865 νομίξῃ
439 1789 698 1845 δύνασθαι
728 1788 881 1843 ταῦτ’
909 1788 1275 1861 ἀναφέρεσθαι
1304 1788 1395 1842 ἐπὶ
1422 1787 1482 1841 τὸ
1500 1827 1515 1852 ,
1546 1808 1566 1841 ι
1588 1789 1676 1841 Ἐν

129 1887 247 1957 ἀρχῇ
269 1884 516 1955 ἐποίησεν
546 1882 577 1935 6
609 1882 741 1945 Θεὸς
767 1881 860 1935 τὸν
890 1881 1119 1953 οὐρανὸν
1161 1882 1255 1935 καὶ
1289 1882 1391 1952 τὴν
1417 1880 1701 1950 γῆν,έπι-’

1782 1510 1910 1565 ferri
1939 1527 2101 1583 posse
2134 1516 2201 1568 ad
2241 1514 2382 1569 istud
2414 1532 2429 1570 :
2469 1532 2489 1567 ι
2538 1515 2597 1570 ln
2648 1517 2916 1586 principio
2961 1518 3168 1572 creavit
3205 1518 3348 1573 Deus

1782 1602 1979 1657 ctelum
2002 1614 2058 1658 et
2079 1612 2277 1659 terram
2304 1606 2371 1671 9‘,
2399 1626 2419 1660 ι
2449 1607 2587 1661 sciat
2626 1607 2671 1662 is
2703 1619 2829 1663 ante
2860 1607 2965 1662 hoc
2988 1625 3001 1660 :
3028 1624 3047 1659 ι
3083 1607 3204 1661 Fiat
3229 1607 3344 1670 lux,

1781 1701 1835 1747 et
1864 1691 2004 1747 facta
2030 1704 2115 1749 est
2144 1694 2235 1749 lux
2264 1694 2350 1764 “;
2389 1715 2409 1749 ι
2447 1708 2504 1751 et
2526 1708 2649 1753 ante
2674 1698 2815 1752 istud
2842 1716 2856 1753 :
2886 1717 2904 1750 ι
2949 1697 3174 1753 Vocavit
3206 1699 3348 1754 Deus

1783 1786 1959 1843 lucem
1991 1789 2133 1842 diem
2170 1788 2239 1855 ⁸³,
2281 1807 2299 1841 ι
2333 1790 2535 1844 dictum
2553 1804 2676 1845 esse
2709 1806 2724 1844 :
2761 1806 2780 1843 ι
2818 1791 2874 1846 In
2901 1792 3168 1861 principio
3196 1808 3349 1847 crea-

1781 1880 1857 1934 vit
1878 1880 2019 1935 Deus
2041 1879 2235 1936 coelum
2259 1890 2311 1935 et
2330 1890 2529 1935 terram
2558 1881 2624 1935 ⁹⁶.

130 1980 368 2051 στησάτω,
396 1979 479 2033 ὅτι
512 1977 618 2049 πρὸ
641 1976 757 2041 τοῦ,
788 1994 807 2028 ι
830 1975 1119 2047 Γενηθήτω
1146 1975 1295 2045 φῶς,
1326 1975 1421 2027 καὶ
1456 1975 1672 2043 ἐγένετο
1718 1973 1833 2044 φῶς
1856 2012 1871 2037 ,
1923 1992 1941 2027 ι
1978 1974 2073 2028 κατ¹
2112 1972 2228 2041 τοῦ,
2282 1994 2300 2029 ι
2338 1976 2624 2030 Ἐκάλεσεν
2655 1976 2683 2029 6
2724 1980 2856 2043 Θεὸς
2885 1978 3001 2049 φῶς
3042 1980 3275 2050 ἡμέραν,
3324 1998 3343 2031 ι

129 2076 342 2129 λέλεκται
364 2074 445 2141 τὸ,
486 2092 507 2126 t
529 2074 618 2127 Ἐν
644 2074 787 2144 ἀρχῇ
819 2072 1071 2143 ἐποίησεν
1102 2074 1131 2125 6
1164 2070 1296 2134 Θεὸς
1323 2070 1415 2124 τὸν
1440 2070 1663 2143 οὐρανὸν
1685 2070 1779 2123 καὶ
1806 2068 1902 2139 τὴν
1927 2069 2050 2140 γῆν.
2077 2087 2097 2122 ι

182 2167 284 2221 Νῦν
330 2166 387 2221 δὲ
444 2165 814 2238 διηγήσασθαι
862 2165 953 2218 τὸν
1016 2165 1148 2237 περὶ
1212 2164 1418 2235 νοητῶν
1456 2165 1551 2217 καὶ
1597 2166 1679 2217 αὶ-

1788 2174 1799 2177 “
1858 2163 2094 2218 51..1ιιηι
2143 2177 2273 2218 vero
2318 2164 2385 2221 de
2425 2165 2855 2234 intelligentibus
2903 2166 3353 2236 sensibilibusque

131 2254 311 2327 σθητῶν
358 2255 547 2324 λόγον,
591 2255 686 2307 καὶ
734 2254 856 2308 τίνα
904 2254 1104 2325 τρόπον
1155 2254 1568 2325 διανενέμηνται
1621 2255 1678 2308 αἱ

1787 2256 1992 2311 naturis
2018 2256 2307 2319 disserere,
2338 2259 2630 2313 ostendere
2672 2260 2948 2327 quomodo
2975 2263 3198 2330 utrique
3234 2259 3352 2314 illa-

130 2350 292 2417 φύσεις
313 2348 417 2402 τῶν
454 2346 678 2419 ἡμερῶν
704 2349 784 2412 εἰς
808 2346 1097 2419 ἀμφότερα
1122 2347 1191 2401 τὰ
1232 2346 1346 2416 εἴδη
1367 2385 1382 2409 ,
1432 2348 1494 2401 οὐ
1542 2347 1677 2419 πρό-

1787 2359 1900 2400 rum
1931 2347 2131 2416 speciei
2179 2347 2435 2402 destinati
2463 2350 2591 2403 sint
2622 2351 2760 2415 dies,
2792 2351 2908 2405 haec
2956 2350 3234 2420 sigillatim
3270 2352 3352 2405 in-

129 2457 311 2504 κειται,
349 2437 475 2491 οὐδὲ
522 2438 593 2490 τά
636 2436 779 2491 κατά
809 2438 935 2501 τοὺς
977 2438 1175 2499 τόπους
1212 2436 1496 2503 ἐξετάσαι*
1538 2436 1678 2491 ὅλων

1787 2439 1996 2508 quirere
2020 2440 2190 2493 nostri
2223 2440 2489 2507 propositi
2517 2456 2621 2494 non
2646 2453 2750 2495 est.
2780 2442 2910 2495 Nam
2954 2444 3019 2496 ad
3048 2444 3352 2499 edisseren-

130 2531 218 2603 γὰρ
243 2532 365 2601 ἡμῖν
390 2527 696 2593 συντάξεων
724 2528 883 2599 χρεία
909 2529 988 2592 είς
1008 2530 1108 2599 τὴν
1137 2529 1387 2599 διήγησιν
1410 2528 1511 2599 τῆς
1537 2529 1679 2583 κατά

1787 2530 1903 2584 dam
1931 2538 2211 2583 narratam
2241 2545 2272 2584 a
2298 2530 2481 2601 Moyse
2508 2534 2690 2587 mundi
2719 2536 3050 2589 creationem
3083 2550 3219 2605 Opus
3266 2550 3352 2591 es-

130 2622 339 2677 Μωῦσέα
383 2620 744 2692 κοσμοποιίας
795 2622 932 2691 ὅπερ
972 2621 1112 2675 κατά
1155 2620 1218 2674 τὸ
1275 2620 1496 2675 δυνατὸν
1546 2622 1678 2692 ἡμῖν

1787 2628 1863 2673 set
1908 2620 2131 2688 integris
2181 2622 2611 2677 commentariis.
2645 2622 2701 2677 Id
2734 2634 2915 2678 autem
2971 2639 3000 2677 a
3063 2624 3222 2679 nobis
3268 2634 3353 2679 est

132 2713 219 2783 πρὸ
242 2713 478 2777 πλείονος
516 2714 710 2785 χρόνου
736 2711 833 2782 τῆς
869 2711 1221 2783 ἐνεστηκυίας
1257 2710 1391 2782 πρὸς
1416 2710 1507 2764 τὸν
1540 2712 1679 2765 Κέλ-

1787 2712 2079 2782 prmStitum
2108 2727 2205 2780 pro
2222 2712 2426 2766 viribus
2450 2712 2604 2782 longe
2631 2723 2782 2779 autc,
2802 2730 2965 2783 quam
2990 2716 3135 2771 hunc
3152 2716 3350 2775 librum

133 2822 207 2857 σον
230 2806 526 2872 συντάξεως
558 2806 936 2875 πεποιήκαμεν
957 2843 971 2867 ,
1015 2803 1124 2858 ἀπὸ
1162 2804 1262 2875 τῆς
1287 2804 1393 2875 πρὸ
1420 2803 1679 2858 πλειόνων

1787 2814 1978 2859 contra
2031 2802 2245 2857 Celsum
2303 2804 2705 2866 scriberemus;
2762 2814 2873 2860 tum
2903 2806 3176 2873 videlicet,
3226 2823 3349 2862 cum

132 2896 245 2949 ἐτῶν
259 2898 417 2963 ἕξεως
430 2937 445 2960 ,
469 2893 539 2968 ἧς
560 2896 875 2969 ἐχωροῦμεν
894 2896 1041 2959 τότε,
1058 2896 1400 2959 διαλαϐόντες
1424 2896 1550 2967 περὶ
1570 2895 1678 2950 τῶν

1787 2904 1942 2965 prout
1981 2903 2165 2948 nostra
2220 2905 2345 2949 ante
2385 2898 2583 2952 multos
2620 2912 2794 2952 annos
2841 2899 3069 2956 facultas
3111 2899 3349 2968 ferebat,

1782 2986 2137 3041 disseruimus
2160 2985 2227 3041 de
2257 3002 2351 3042 sex
2385 2988 2608 3054 diebus,
2656 2991 2851 3058 quibus
2897 2990 3107 3060 Moyses
3164 2993 3350 3047 mundi

130 3078 316 3132 Εὶδέναι
370 3080 555 3149 μέντοι
602 3095 666 3148 γε
713 3078 861 3150 χρὴ,
916 3079 998 3131 ὅτι
1028 3082 1140 3142 τοῖς
1168 3079 1396 3143 δικαίοις
1443 3080 1531 3133 διά
1581 3080 1676 3133 τοῦ

1787 3076 2123 3131 creationem
2164 3076 2461 3146 perfectam
2515 3076 2683 3133 fuisse
2741 3088 2947 3137 narrat.
2982 3079 3178 3135 Verum
3210 3082 3354 3138 scire

138 3170 335 3224 Ἡσαΐου
359 3171 388 3223 6
416 3170 574 3239 λόγος
620 3170 1045 3239 ἐπαγγέλλεται,
1092 3171 1150 3222 ἐν
1196 3172 1524 3224 καταστάσει
1562 3171 1679 3226 ἔσε-

1787 3175 1993 3235 oportet
2022 3163 2257 3218 Verbum
2291 3181 2386 3234 per
2412 3164 2605 3219 Isaiam
2635 3167 2797 3237 justis
2840 3168 3084 3236 polliceri
3140 3168 3351 3225 futuros

131 3262 234 3315 σθαι
266 3262 504 3334 ἡμέρας,
538 3263 594 3315 ἐν
630 3254 665 3336 ᾖ
708 3280 725 3313 ι
756 3262 829 3333 μὴ
857 3262 1040 3333 ἥλιος,
1080 3261 1196 3315 ἀλλ’
1231 3262 1391 3325 αὐτὸς
1416 3264 1444 3315 6
1475 3262 1676 3335 Κύριος

1787 3271 1903 3311 esse
1929 3257 2067 3321 dies,
2104 3271 2227 3311 cum
2285 3275 2304 3308 ι
2352 3257 2456 3313 illis
2503 3274 2609 3315 non
2665 3260 2772 3325 sol,
2803 3263 2894 3315 sed
2928 3263 3041 3330 ipse
3090 3260 3352 3317 Dominus

127 3355 226 3422 φῶς
255 3356 401 3409 ἔσται
446 3356 631 3417 αὐτοῖς
656 3353 891 3418 αἰώνιον,
924 3354 1019 3406 καὶ
1045 3355 1073 3407 6
1101 3353 1233 3416 Θεὸς
1270 3354 1396 3417 δόξα
1439 3354 1672 3408 αὑτῶν.ι

1787 3350 2119 3419 sempiterna
2148 3350 2239 3404 lux
2272 3350 2400 3415 erit,
2421 3360 2474 3405 et
2498 3366 2685 3406 eorum
2719 3355 2914 3421 gloria,
2948 3353 3091 3409 Deus
3121 3356 3189 3410 ".
3217 3373 3237 3406 ι
3270 3354 3349 3409 Ex

127 3447 458 3518 Παρακούσας
477 3448 545 3511 δ’,
572 3441 747 3515 οἶμαι,
781 3446 1059 3517 μοχθηρᾶς
1086 3444 1349 3516 αἱρέσεώς
1375 3462 1548 3510 τινος,
1583 3445 1677 3499 καὶ⁸

1787 3442 1987 3512 aliqua,
2034 3444 2249 3513 Opinor,
2285 3444 2527 3515 improba
2580 3446 2773 3500 haeresi
2807 3456 2861 3500 et
2896 3445 3038 3501 male
3084 3446 3353 3515 interpre-

125 3538 289 3592 κακῶς
338 3537 747 3609 διηγησαμένης
821 3537 881 3589 τὸ
948 3537 1272 3608 «γενηθήτω
1356 3536 1504 3606 φῶς,
1532 3556 1550 3589 ι
1604 3538 1679 3602 ὡς

1787 3546 1931 3591 tante
1953 3535 2070 3592 lucc
2098 3536 2285 3603 verba,
2328 3555 2350 3589 ο
2402 3537 2496 3591 fiat
2539 3536 2651 3602 lux,
2704 3554 2723 3587 ι
2767 3536 2925 3607 quasi
2982 3551 3011 3590 a
3058 3536 3351 3591 Conditore

125 3628 366 3693 εύκτικῶς
392 3628 503 3700 (25)
530 3627 636 3681 ὑπὸ
662 3624 759 3679 τοῦ
783 3625 1121 3699 Δημιουργοῦ
1152 3625 1459 3697 εἰρημένον,
1492 3622 1641 3679 εἶπεν
1660 3644 1675 3658 ·

1787 3627 1924 3682 hanc
1976 3628 2091 3683 fieri
2141 3637 2364 3696 optante
2416 3630 2562 3683 dicta
2612 3629 2861 3695 fuissent,
2906 3630 3114 3698 accepit
3165 3628 3279 3685 hac
3331 3644 3347 3681 :

129 3722 231 3774 «ού
272 3722 375 3792 γὰρ
420 3721 509 3791 δὴ,
555 3718 807 3789 καθάπερ
840 3720 886 3770 οἱ
912 3720 1038 3782 τοὺς
1080 3717 1303 3787 λύχνους
1328 3718 1393 3770 ἐκ
1422 3717 1679 3787 γειτόνων

1788 3734 1807 3767 ι
1846 3714 1960 3770 Νοιι
1991 3717 2236 3786 profecto
2258 3718 2520 3772 Conditor
2558 3717 2739 3772 lumen
2790 3733 2819 3771 a
2861 3720 3071 3787 superis
3114 3731 3356 3772 commo-

125 3813 413 3884 έναυόμενοι
432 3852 447 3878 ,
476 3811 592 3882 φῶς
615 3812 821 3882 Δημιου
831 3810 956 3881 ργὸς
980 3809 1183 3864 ἄνωθεν
1209 3811 1498 3880 ἐχρήσατο.
1514 3828 1533 3863 ι
1570 3811 1679 3865 Καὶ

1787 3807 1908 3861 dato
1931 3809 2159 3878 accepit,
2194 3818 2252 3863 ut
2280 3825 2379 3864 nos
2407 3824 2474 3863 ex
2519 3810 2683 3864 vicini
2731 3809 2952 3864 lucerna
2990 3816 3234 3864 nostram
3264 3822 3358 3863 ac-

130 2988 249 3041 κατά
286 2988 521 3043 Μωῦσέα
546 2988 653 3040 τῶν
691 2988 804 3057 (24)
828 2986 885 3053 ἐξ
924 2988 1025 3057 τῆς
1054 2990 1408 3058 κοσμοποιίας
1433 2988 1675 3059 ἡμερῶν.

124 3902 272 3974 ἄλλης
297 3904 337 3958 δ’
365 3901 597 3965 ἀσεϐοῦς
622 3902 889 3973 αἱρέσεως
911 3900 1267 3973 παρακούσας
1287 3941 1302 3965 ,
1326 3896 1447 3956 εἷπε
1478 3903 1570 3957 καὶ
1596 3905 1677 3956 τό·

126 3995 218 4048 «Εἰ
261 3998 353 4065 μὲν
380 3994 620 4057 ἐναντίος
656 4011 741 4057 τις
783 3989 852 4065 ἦν
878 3994 986 4065 (26)
1026 3992 1105 4066 τῷ
1147 3994 1369 4067 μεγάλῳ
1404 3994 1524 4067 Θεῷ
1561 3996 1682 4060 θεὸς

125 4088 517 4159 κατηραμένος,
568 4090 599 4142 6
650 4086 824 4141 ταῦτα
874 4086 1043 4140 ποιῶν
1093 4087 1245 4160 παρά
1297 4087 1523 4159 γνώμην
1580 4090 1682 4159 τὴν

126 4177 342 4245 ἐκείνου,
379 4181 433 4233 τί
470 4178 622 4250 αὐτῷ
636 4178 698 4232 τὸ
715 4177 829 4248 φῶς
861 4178 1091 4249 ἐκίχρα;
1124 4197 1144 4231 ›
1172 4179 1314 4250 Πρὸς
1359 4179 1396 4232 ἃ
1427 4178 1681 4233 τοσοῦτον

126 4270 401 4342 ἀποδέομεν
424 4271 829 4341 ἀπολογεῖσθαι,
861 4270 1001 4324 ὥστε
1032 4271 1355 4342 τρανότερον
1382 4271 1531 4340 ἡμᾶς
1562 4269 1681 4323 ἐθέ-

127 4360 223 4415 λειν
256 4365 353 4434 τῆς
384 4363 609 4417 ἐκείνων
640 4363 800 4433 δόξης
831 4363 907 4426 ὡς
948 4363 1302 4434 ἐσφαλμένων
1332 4364 1678 4435 κατηγορεῖν,

128 4450 205 4503 καὶ
250 4453 494 4507 ἵστασθαι
546 4453 607 4505 ού
659 4451 799 4524 πρὸς
846 4450 883 4505 ἃ
924 4451 998 4523 μὴ
1038 4450 1257 4523 οωαμεν
1296 4453 1496 4518 αὐτῶν,
1537 4453 1611 4517 ὡς
1651 4451 1681 4504 6

128 4542 349 4609 Κέλσος,
383 4544 520 4599 ἀλλά
554 4544 691 4615 πρὸς
729 4542 765 4598 ἃ
791 4544 1035 4615 ἀκριϐῶς
1064 4544 1425 4615 γινώσκομεν,
1464 4544 1540 4616 πὴ
1582 4544 1681 4617 μὲν

128 4631 208 4686 ἀπ’
267 4637 442 4691 αὐτῶν
494 4636 959 4709 ἀκολουθήσαντες
989 4638 1133 4709 (27),
1179 4637 1256 4709 πὴ
1302 4639 1359 4691 δὲ
1402 4642 1515 4703 τοῖς
1551 4656 1681 4705 συγ-

127 4727 425 4798 γράμμασιν
450 4729 631 4783 αύτῶν
664 4728 938 4800 ἐπιμελῶς
975 4730 1306 4799 ἐντυχόντες.

183 4818 328 4872 Μετά
370 4821 427 4874 δέ
468 4820 641 4873 ταῦτα
695 4819 902 4882 Κέλσος
940 4821 1130 4889 φησιν’
1189 4840 1209 4873 ι
1272 4820 1416 4890 Ἐγὼ
1448 4822 1505 4875 δέ
1553 4824 1681 4894 περὶ

1783 3897 2083 3955 condimus.
2110 3917 2129 3950 ι
2163 3899 2242 3953 Ex
2270 3900 2373 3954 alia
2398 3901 2560 3971 impia
2589 3901 2780 3955 haeresi
2834 3902 3023 3955 leviter
3072 3909 3355 3969 perspecta

1784 3989 1934 4044 addit
1967 4008 1982 4043 :
2027 4007 2044 4041 ι
2084 3991 2140 4046 Si
2169 3992 2292 4061 quis
2318 3993 2640 4047 maledictus
2670 3993 2803 4047 deus
2843 4006 3038 4064 magno
3094 3992 3204 4047 Deo
3226 4007 3357 4047 con-

1786 4082 1982 4136 trarius
2006 4091 2143 4146 erat,
2172 4094 2225 4137 et
2253 4096 2441 4138 contra
2488 4086 2633 4141 illius
2669 4085 3004 4140 voluntatem
3042 4085 3161 4139 haec
3201 4084 3353 4147 fecit.

1784 4186 1880 4225 cur
1902 4171 1992 4225 hic
2013 4172 2090 4225 illi
2118 4173 2299 4227 lumen
2326 4176 2748 4229 commodabat?
2780 4194 2798 4225 ι
2817 4174 2947 4240 Quae
2972 4182 3178 4227 tantum
3198 4172 3356 4227 abest

1786 4270 1845 4315 ut
1877 4260 2250 4326 defendamus,
2281 4273 2339 4317 ut
2369 4264 2507 4317 hanc
2532 4266 2841 4334 opinionem
2890 4274 3147 4333 tanquam
3168 4277 3236 4317 ex
3261 4276 3354 4315 er-

1787 4350 2037 4405 rantibus
2066 4351 2367 4421 profectam
2399 4354 2657 4408 damnare
2682 4354 2858 4423 parati
2883 4354 3074 4416 simus,
3102 4360 3158 4407 et
3191 4349 3357 4406 refel-

1784 4441 1896 4497 lere
1918 4458 1979 4498 ca
2014 4458 2134 4512 quae
2161 4458 2263 4498 non
2311 4445 2493 4508 ignota
2537 4447 2715 4510 nobis,
2767 4456 2828 4499 ut
2856 4445 3033 4511 Celso,
3067 4443 3162 4499 sed
3195 4458 3358 4501 accu-

1786 4540 1903 4585 rate
1939 4542 2223 4600 perspecta
2259 4542 2403 4597 sunt,
2439 4548 2667 4602 quaeque
2697 4544 2809 4587 tum
2854 4548 2922 4587 ex
2973 4532 3101 4601 illis,
3138 4539 3250 4588 tum
3288 4546 3356 4587 ex

1782 4638 1971 4678 eorum
1994 4623 2146 4680 libris
2172 4624 2456 4697 diligenter
2486 4626 2659 4691 lectis,
2696 4626 3001 4681 didicimus.

1856 4830 1943 4883 52.
1988 4829 2078 4885 Sic
2110 4840 2295 4899 postea
2322 4830 2554 4886 Celsus:
2598 4849 2618 4883 ι
2670 4830 2746 4886 De
2774 4830 2987 4899 origine
3041 4836 3099 4884 et
3133 4827 3356 4883 interitu

130 4907 214 4975 μὲν
243 4910 510 4979 γενέσεως
561 4912 767 4982 κόσμου
814 4912 909 4965 καὶ
959 4913 1194 4983 φθορᾶς,
1229 4912 1262 4983 ἦ
1298 4912 1373 4978 ὡς
1423 4914 1679 4985 ἀγένητος

1796 4922 2003 4989 mundi,
2032 4924 2375 4977 increatuSne
2409 4924 2553 4977 sitet
2585 4921 3032 4993 incorruptibilis,
3070 4930 3360 4975 creatusne

127 5003 208 5054 καὶ
232 5003 522 5074 ἄφθαρτος,
557 5005 590 5074 ἢ
625 5005 700 5068 ὼς
727 5004 952 5077 γενητὸς
978 5006 1100 5077 μὲν,
1131 5005 1405 5077 ἄφθαρτος
1430 5007 1506 5071 δὲ,
1546 5008 1578 5079 ἧ
1607 5008 1679 5071 ὠς

1791 5015 2035 5083 quidem,
2064 5019 2157 5069 sed
2185 5015 2633 5083 incorruptibilis,
2672 5031 2740 5068 an
2767 5024 2977 5077 contra,
3003 5011 3138 5067 nihil
3165 5011 3269 5066 hac
3294 5012 3360 5067 de

126 5092 177 5145 τὸ
205 5094 453 5166 ἔμπαλιν,
494 5097 649 5151 οὐδὲν
691 5097 823 5168 περὶ
843 5096 1036 5149 τούτου
1077 5099 1195 5151 νυνὶ
1229 5098 1390 5166 λέγω.
1418 5116 1435 5149 ι
1483 5100 1679 5171 Διόπερ

1792 5121 1851 5159 re
1880 5123 2023 5162 nunc
2062 5109 2202 5163 dico.
2241 5127 2258 5158 ι
2304 5107 2411 5162 Nec
2445 5122 2545 5162 nos
2570 5107 2863 5177 quidquam
2892 5107 2959 5162 de
2982 5104 3050 5159 iis
3095 5104 3359 5160 dicemus.

127 5186 218 5241 οὐδ’
245 5191 401 5260 ἡμεῖς
439 5192 571 5262 περὶ
603 5190 769 5244 τῶνδε
802 5192 919 5244 νυνὶ
952 5191 1184 5261 λέγομεν
1207 5207 1222 5222 ο
1270 5192 1332 5244 οὐ
1359 5190 1466 5262 γὰρ
1490 5194 1523 5262 ἠ
1550 5210 1679 5252 προ-

1789 5194 1977 5264 Neque
2002 5197 2145 5250 enim
2177 5196 2226 5249 id
2256 5196 2492 5265 postulat
2520 5196 2748 5252 instituti
2785 5196 2945 5251 ratio.
2968 5194 3076 5250 Nec
3104 5193 3272 5249 etiam
3311 5192 3363 5245 in

186 5344 223 5378 "
250 5344 385 5403 Gen.
415 5363 457 5414 ι,
490 5344 581 5401 3i.
658 5346 707 5377 ”
738 5346 874 5402 Cen.
908 5361 969 5411 ιι,
992 5346 1046 5401 4.
1121 5346 1167 5380 ³³
1199 5347 1339 5402 Gen.
1364 5363 1402 5414 ι,
1432 5350 1482 5404 l.
1559 5348 1606 5379 ”
1640 5349 1679 5404 il

1794 5352 1851 5407 3.
1949 5352 1997 5384 "
2034 5351 2169 5407 ibid.
2219 5352 2273 5406 5.
2371 5352 2418 5383 "
2453 5352 2585 5407 ibid.
2630 5354 2682 5409 l.
2776 5354 2822 5385 "
2862 5352 2968 5406 lsa.
3009 5366 3101 5417 ιι,
3130 5348 3219 5406 19.

190 5488 297 5572 ςῒὸ)
339 5489 707 5572 Ἀἴθρῴταωπ
750 5488 935 5572 Vulgo
967 5504 1112 5571 nunc
1175 5490 1387 5572 legitur,
1450 5491 1679 5572 ούρανοῦ

1787 5492 2043 5572 quiturhin
2083 5492 2291 5572 Eclogis
2336 5492 2729 5572 Theodotionis.
2769 5491 2904 5547 Vide
2927 5504 3091 5562 supra
3114 5495 3273 5545 notas
3301 5485 3367 5537 ad

129 5559 210 5612 καὶ
239 5559 356 5631 γῆς,
389 5559 478 5615 ὅτε
515 5559 754 5632 ἐγένετο,
792 5569 846 5613 et
894 5560 974 5615 sic
1034 5562 1152 5630 ipse
1201 5562 1462 5630 Origenes
1522 5559 1679 5629 infra,

1787 5559 1908 5617 libr.
1954 5563 2029 5615 De
2059 5559 2321 5626 oratione,
2363 5580 2483 5632 pag.
2515 5563 2644 5615 237.

131 5626 361 5706 numq,
392 5626 567 5706 hujus
597 5629 751 5706 libr_i._
912 5700 925 5706 _
1037 5626 1073 5706 ξ
1279 5626 1325 5706 ,ἡ
1456 5701 1479 5706 _
1669 5626 1678 5629 ⁷

1856 5634 1968 5701 (‘26)
1993 5634 2136 5706 Idem
2168 5634 2218 5685 in
2245 5626 2759 5706 ῑθκιξι,ἐναντίωσις
2780 5626 2869 5704 ἦν.
2914 5701 2945 5706 η
3171 5696 3205 5706 Α
3253 5694 3264 5706 ο

193 5698 298 5774 (3})
330 5696 631 5774 Delendurn
665 5700 876 5774 videtur
910 5700 1053 5774 istud
1090 5702 1381 5774 posterius,
1413 5701 1540 5755 τῶν.
1596 5773 1599 5774 ν

1859 5696 2001 5774 (ΞΤ)
2065 5696 2632 5769 Ἀκολουθήσαντες.
2696 5696 2985 5760 Βοιίετθιιο
3051 5709 3111 5755 et
3164 5696 3362 5754 Guieto

195 5770 299 5839 (25)
328 5770 674 5825 llmsc’hclins
706 5770 756 5821 in
786 5779 958 5833 textu,
984 5772 1302 5834 εύεκτικῶς,
1356 5774 1515 5827 male.
1574 5773 1679 5827 CIB-

1789 5770 1953 5831 scril).
1989 5776 2222 5839 videtur,
2251 5774 2598 5840 ἀκούσαντες.

136 5845 295 5895 terum
335 5842 398 5896 de
432 5842 534 5895 hac
576 5840 693 5908 ipsa
740 5854 798 5893 rc
845 5840 1092 5897 Clemens
1148 5843 1549 5898 Alexandrinus
1613 5847 1683 5899 iu-
