3846 6406
107 405 215 464 1581

1214 394 1493 455 CONTRA
1528 395 1806 456 CELSUM
1861 399 1994 457 LIB.
2029 399 2122 456 Vl.

3175 397 3316 454 1582

106 523 168 594 μὴ
211 516 506 591 σαφηνίζων
535 513 653 573 τίνα
697 513 812 570 ἐστὶ
839 513 907 571 τά
951 515 1116 569 κακά’
1153 515 1398 586 καίτοιγε
1437 519 1532 572 κα)⁸
1584 519 1625 571 ἐι

1749 521 2054 586 sententiae,
2090 532 2196 588 qua
2222 517 2481 572 mundum
2507 516 2651 572 hunc
2683 516 2848 590 674
2895 516 2989 573 Dei
3029 530 3162 588 opus
3196 531 3322 573 esse

105 611 296 682 Ἕλλησι
332 608 536 664 πολλῶν
590 608 847 682 αἱρέσεων
894 605 1200 678 γενομένων
1245 609 1372 681 περὶ
1415 608 1633 678 ἀγαθῶν

101 706 177 760 καὶ
226 702 420 766 κακῶν,
467 701 820 773 συναρπάζων
870 699 946 763 ὡς
991 699 1280 752 ἀκόλουθον
1325 701 1477 771 ἡμῖν,
1520 703 1636 764 τοῖς

102 799 363 865 φάσκουσιν
408 794 544 866 ἔργα
573 793 665 847 τοῦ
700 793 791 847 ἐπὶ
840 795 973 846 πᾶσι
1006 790 1140 845 Θεοῦ
1174 787 1310 846 εἶναι
1340 794 1434 846 καὶ
1483 791 1634 846 τόνδε

98 887 172 941 τὸν
201 887 408 957 κόσμον,
456 885 516 939 τὸ
545 885 666 938 καθ’
698 885 843 956 ἡμᾶς
875 882 1060 938 κακῶν
1102 879 1241 939 εἶναι
1283 883 1514 956 ποιητὴν
1545 884 1635 938 τὸν

99 976 225 1030 Θεόν.
266 977 455 1048 Ἐχέτω
489 977 588 1048 μὲν
617 970 709 1029 οὖν
739 976 887 1039 ὅπως
933 974 1065 1028 ποτὲ
1115 974 1227 1044 ἔχει
1268 974 1336 1028 τὰ
1369 976 1496 1046 περὶ
1528 973 1636 1031 τῶν

99 1068 274 1132 κακῶν,
308 1068 528 1139 πότερον
573 1067 602 1120 6
625 1067 755 1131 Θεὸς
787 1066 928 1121 αὐτά
977 1065 1276 1138 πεποίηκεν
1308 1065 1341 1138 ἢ
1386 1065 1481 1136 μὴ,
1520 1065 1636 1120 ἀλλ’

98 1163 149 1213 ἐκ
191 1159 696 1232 παρακολουθήσεως
757 1159 867 1231 (ὅὲ)
905 1159 1196 1231 γεγένηται
1249 1159 1347 1230 τῆς
1389 1158 1528 1229 πρὸς
1566 1156 1637 1211 τά

97 1251 456 1324 προηγούμενα·
506 1251 769 1323 θαυμάζω
815 1252 872 1305 δὲ
924 1253 974 1304 εί
1025 1251 1100 1322 μὴ
1152 1251 1290 1322 ὅπερ
1338 1250 1490 1322 ἡμῖν,
1524 1251 1638 1316 τοῖς

97 1343 359 1411 ιράσκουσιν
394 1344 528 1417 ἔργα
560 1341 699 1398 εἶναι
744 1343 841 1398 τοῦ
875 1343 968 1397 ἐπὶ
1016 1347 1151 1397 πᾶσι
1184 1341 1318 1397 Θεοῦ
1352 1344 1445 1397 καὶ
1485 1343 1636 1397 τόνδε

95 1435 166 1488 τὸν
213 1435 417 1506 κόσμον,
448 1435 620 1490 οἴεται
648 1435 960 1489 ἀκολουθεῖν
990 1435 1120 1506 περὶ
1157 1433 1251 1488 τοῦ
1295 1434 1385 1488 τὸν
1405 1432 1537 1487 Θεὸν
1567 1433 1638 1487 τά

95 1525 217 1580 κακὰ
262 1525 629 1596 πεποιηκέναι,
681 1525 966 1580 ἀκολουθεῖ
995 1509 1118 1578 ὅσον
1148 1526 1234 1594 ἐφ’
1260 1517 1339 1589 οἷς
1364 1523 1514 1593 λέγει
1543 1521 1639 1576 καὶ

91 1616 241 1680 αὐτός.
269 1611 416 1671 Εἴποι
440 1616 549 1689 γάρ
577 1619 642 1674 ἀν
672 1635 758 1682 τις
775 1617 912 1689 πρὸς
939 1617 1030 1672 τὸν
1051 1615 1276 1671 Κέλσονσ
1315 1634 1336 1668 ι
1376 1616 1440 1668 El
1471 1614 1636 1669 αὐτοῦ

91 1707 215 1760 ταῦτ’
238 1707 376 1762 ἐστὶν
404 1709 559 1780 ἔργα,
588 1709 704 1774 πῶς
733 1709 830 1781 μὲν
863 1707 1010 1762 κακά
1040 1710 1070 1762 6
1100 1708 1234 1773 Θεὸς
1273 1707 1482 1772 ἐποίεις
1521 1705 1640 1768 πῶς

90 1800 134 1855 δὲ
159 1801 346 1856 πείθειν
372 1801 467 1855 καὶ
495 1801 768 1856 νουθετεῖν
804 1801 1092 1866 ἀδυνατεῖ;
1125 1819 1144 1853 ι
1181 1800 1366 1855 Κακία
1395 1799 1454 1853 δέ
1478 1800 1513 1870 ἡ
1541 1814 1641 1869 με-

1735 611 2047 678 statuimus,
2118 619 2577 678 consentaneum,
2638 609 2809 665 Deum
2871 623 2992 665 esse
3049 609 3320 666 malorum

1736 704 1896 759 etiam
1949 712 2250 758 auctorem.
2309 700 2505 756 Verum
2567 699 3062 772 quomodocunque
3111 715 3171 756 se
3225 703 3320 757 ha:

1752 795 1918 849 beant
1943 794 2102 858 mala,
2137 807 2328 848 eorum
2358 802 2549 849 auctor
2585 795 2656 849 sit
2701 793 2864 860 Deus,
2892 793 2976 846 vel
3029 808 3161 858 non,
3221 792 3321 848 sed

1736 897 1802 938 ex
1838 883 2130 954 majoribus
2159 885 2560 955 praeeipuisqne
2611 885 2775 938 rebus
2822 893 3117 938 consecuta
3167 883 3316 950 sint,

1741 972 1968 1028 multum
2000 971 2176 1040 fallor,
2205 974 2250 1026 si
2276 976 2497 1042 quodex
2526 974 2593 1028 iis
2623 988 2742 1041 quae
2764 972 3016 1036 dicimus,
3060 973 3317 1026 mundum

1737 1066 1900 1120 istum
1936 1080 1964 1117 a
2015 1065 2121 1120 Deo
2167 1064 2367 1120 factum
2403 1080 2546 1131 esse,
2586 1079 2928 1133 consequens
2961 1080 3081 1119 esse
3138 1072 3318 1133 putat,

1737 1155 1903 1210 Deum
1937 1167 2056 1208 esse
2085 1153 2346 1207 malorum
2382 1153 2545 1207 etiam
2579 1161 2898 1218 auctorem;
2930 1151 3070 1205 idem
3099 1162 3319 1218 quoque

1737 1261 1842 1300 non
1879 1255 2140 1316 sequatur
2174 1261 2241 1301 ex
2269 1246 2336 1300 iis
2360 1261 2482 1314 quae
2515 1246 2667 1299 dicit.
2698 1246 2913 1311 Quaeret
2944 1243 3089 1298 enim
3120 1241 3319 1310 aliquis

1738 1353 1767 1392 a
1791 1337 1946 1394 Celso
1985 1356 1999 1392 :
2034 1357 2052 1390 ι
2089 1337 2144 1393 Si
2177 1337 2290 1392 haec
2323 1337 2440 1407 ejus
2481 1352 2646 1406 opera
2682 1343 2833 1399 sunt,
2873 1335 3144 1403 quomodo
3177 1331 3319 1386 mala

1738 1428 2010 1485 faciebat?
2040 1428 2320 1497 Quomodo
2352 1429 2678 1498 persuadere
2719 1437 2776 1483 et
2813 1427 3022 1481 hortari
3070 1440 3175 1478 non
3222 1437 3322 1493 po-

1738 1520 1884 1576 test?
1914 1540 1933 1574 ι
1963 1521 2058 1577 Est
2084 1528 2268 1576 autem
2305 1505 2498 1575 vitium
2550 1517 2935 1588 disputationis
2996 1517 3318 1580 maximum,

1738 1627 1864 1668 eum
1917 1612 2012 1682 qui
2081 1610 2520 1666 adversariorum
2586 1608 2842 1679 dogmata
2905 1607 3154 1677 quaedam
3234 1620 3321 1660 re-

1741 1703 2029 1773 prehendit
2066 1711 2122 1756 ut
2164 1717 2271 1757 non
2311 1715 2465 1765 sana,
2504 1701 2620 1769 ipse
2668 1702 2920 1771 dogmata
2973 1707 3140 1763 tenet,
3199 1711 3322 1767 quae

1741 1793 1909 1848 multo
1939 1793 2112 1862 magis
2140 1794 2374 1847 obnoxia
2398 1790 2803 1859 reprehensioni
2826 1795 2976 1844 sunt.

89 1894 224 1965 γίστη
253 1897 308 1949 ἐν
338 1895 512 1965 λόγοις
555 1896 724 1960 ἐστὶν,
765 1896 854 1949 ὅτε
882 1895 1104 1966 ἐγκαλεῖ
1119 1913 1201 1959 τις
1231 1897 1343 1960 τοῖς
1389 1892 1712 1966 ἐτεροδόξοις
1747 1888 1876 1961 περί
1899 1905 2059 1942 τινων
2089 1887 2374 1958 δογμάτων
2398 1886 2474 1951 ὡς
2501 1887 2600 1957 οὺχ
2623 1883 2812 1956 ὑγιῶν,
2843 1883 3022 1955 πολλῷ
3059 1883 3322 1956 πρότερον

88 1990 220 2055 αὐτὸς
247 1990 380 2062 ἔχων
409 1990 478 2046 τὰ
511 1991 834 2063 ἐγκλήματα
873 1992 932 2045 ὲν
979 1993 1091 2055 τοῖς
1123 1991 1274 2055 ἰδίοις
1321 1991 1608 2062 δόγμασιν.

146 2082 357 2152 Ἰδωμεν
391 2078 485 2136 οὖν
532 2083 697 2154 ⁴ἡμεῖς
735 2081 824 2136 διὰ
882 2082 1129 2154 βραχέων
1178 2083 1248 2137 τὰ
1308 2082 1437 2154 περὶ
1501 2081 1625 2150 ἀγα-

1816 2074 2221 2134 54.Ἦι1ειιιηιιε
2252 2073 2419 2145 igitur
2447 2087 2546 2128 nos
2594 2071 2836 2127 breviter
2862 2071 2991 2140 quid
3021 2069 3322 2140 Scriptura:

89 2167 174 2225 θῶν
196 2173 283 2226 καὶ
299 2174 502 2240 κακῶν,
535 2174 644 2230 τῶν
665 2173 809 2229 κατά
825 2174 926 2238 τάς
949 2173 1102 2238 θείας
1133 2174 1378 2246 Γραφάςο
1407 2173 1501 2227 καὶ
1520 2172 1625 2226 τίνι

1746 2169 1943 2226 divinae
1974 2169 2040 2223 de
2075 2167 2235 2222 bonis
2282 2175 2338 2221 et
2377 2165 2536 2221 malis
2585 2167 2838 2230 doceant,
2879 2173 2935 2218 et
2981 2164 3111 2234 quid
3164 2164 3322 2219 nobis

87 2263 193 2334 ἡμῖν
220 2264 427 2320 λεκτέον
456 2266 596 2338 πρὸς
608 2265 692 2329 τὸ,
727 2285 745 2317 ι
781 2265 906 2331 Πῶς
929 2266 1028 2336 μὲν
1056 2265 1202 2319 κακὰ
1230 2268 1258 2320 6
1282 2265 1414 2329 Θεὸς
1436 2266 1608 2318 ἐποίει

1746 2257 2182 2328 respondendum
2212 2256 2282 2310 sit
2311 2257 2378 2309 ad
2413 2254 2556 2310 istud
2594 2273 2609 2310 :
2646 2273 2664 2306 ι
2688 2255 2972 2322 Quomodo
2996 2253 3140 2309 Deus
3173 2253 3316 2308 mala

87 2355 181 2420 πῶς
203 2356 256 2410 δὲ
285 2358 492 2414 πείθειν
522 2358 618 2412 καὶ
637 2357 908 2413 νουθετεῖν
942 2358 1223 2426 ἀδυνατεῖ;
1255 2377 1274 2410 ι
1308 2357 1530 2431 Κυρίως
1551 2356 1625 2428 δὴ.

1745 2349 2010 2406 faciebat?
2063 2348 2338 2420 quomodo
2366 2346 2700 2418 persuadere
2748 2355 2802 2401 et
2849 2347 3055 2402 hortari
3086 2362 3193 2402 non
3223 2362 3322 2417 po-

88 2445 200 2500 κιιτά
237 2446 332 2511 τάς
360 2447 510 2514 θείας
541 2450 788 2522 Γραφάς,
820 2448 1003 2519 ἀγαθά
1034 2450 1174 2504 εἰσιν
1209 2451 1266 2502 αί
1300 2450 1494 2522 ἀρεταὶ
1544 2448 1625 2503 καλ

1743 2442 1891 2498 test?
1926 2460 1946 2495 ι
1984 2441 2064 2495 Ac
2117 2441 2338 2510 proprie
2401 2439 2619 2510 quidem
2670 2439 2724 2493 in
2768 2438 3067 2508 Scripturis
3119 2438 3322 2493 divinis

88 2539 130 2589 σί
177 2539 306 2594 κατά
351 2540 556 2605 ταύτας
611 2541 858 2614 πράξεις·
919 2541 1107 2615 ὥσπερ
1155 2541 1364 2613 κυρίως
1397 2539 1543 2594 κακά
1570 2539 1625 2594 τὸ

1739 2540 1882 2596 bona
1910 2546 2036 2593 sunt
2096 2536 2326 2591 virtutes
2372 2544 2428 2590 et
2473 2537 2717 2589 actiones
2751 2548 2816 2589 ex
2855 2535 2962 2589 illis
3020 2535 3316 2605 profectae;

88 2631 270 2685 ἐναντία
311 2631 541 2696 τούτοις.
590 2633 1070 2706 Ἀρκεσθησόμεθα
1095 2634 1151 2688 δὲ
1183 2634 1275 2686 ἐπὶ
1299 2631 1394 2686 τοῦ
1430 2633 1625 2704 παρόν-

1739 2633 1880 2687 mala
1927 2641 2132 2697 autem,
2168 2628 2432 2700 quidquid
2468 2629 2576 2684 illis
2625 2629 2789 2683 rebus
2837 2632 3175 2683 contrarium
3213 2639 3317 2682 est.

86 2735 157 2782 τος
187 2719 354 2785 λέξεσι
383 2722 504 2786 ταῖς
532 2721 641 2776 ἀπὸ
683 2722 778 2776 τοῦ
811 2723 1135 2796 τριακοστοῦ
1168 2721 1350 2793 τρίτου
1395 2720 1632 2791 ψαλμοῦ,

85 2812 214 2868 τοῦτο
261 2816 627 2888 ⁸ιιεαριστάσαις
657 2816 850 2882 οὕτως’
891 2837 909 2870 ι
949 2818 1011 2870 Οἱ
1056 2817 1112 2870 δὲ
1153 2816 1507 2887 ἐκζητοῦντες
1543 2815 1635 2870 τὸν

85 2902 256 2974 Κύριον
280 2906 380 2980 οὐκ
427 2905 887 2976 ἐλαττωθήσονται
920 2905 1121 2970 παντὸς
1177 2905 1402 2974 ἀγαθοῦ.
1442 2905 1629 2972 Δεῦτε,

83 2993 238 3061 τέκνα,
271 2996 544 3052 ἀκούσατέ
585 3015 708 3069 μου·
759 2997 922 3067 φόϐον
963 2997 1170 3070 Κυρίου
1212 2998 1406 3065 διδάξω
1462 2999 1626 3070 ὑμᾶς.

84 3085 159 3149 Τίς
198 3088 337 3143 ἐστιν
369 3087 659 3162 ἅνθρωπος
701 3093 730 3144 6
755 3090 922 3146 θέλων
949 3089 1113 3162 ζωὴν,
1147 3091 1378 3161 ἀγαπῶν
1415 3091 1630 3164 ἡμέρας

86 3175 184 3230 ἰδεῖν
219 3179 456 3248 ἀγαθάς;
505 3181 722 3236 Παῦσον
753 3181 851 3252 τὴν
876 3183 1126 3251 γλῶσσάν
1159 3201 1252 3237 σου
1297 3183 1404 3237 ἀπὸ
1432 3183 1626 3249 κακοῦ,

81 3269 154 3320 καὶ
187 3271 330 3344 χείλη
365 3289 461 3325 σου
493 3271 589 3326 τοῦ
627 3274 700 3346 μὴ
726 3274 955 3345 λαλῆσαι
986 3274 1156 3329 δόλον.
1200 3275 1486 3329 Ἔκκλινον
1517 3274 1626 3330 ἀπὸ

81 3358 238 3424 κακοῦ,
265 3361 357 3414 καί¹
412 3363 640 3434 ποίησον
667 3363 887 3434 ἀγαθόν.
931 3383 950 3417 ι
1001 3364 1075 3418 Τὸ
1105 3367 1235 3437 γὰρ,
1283 3383 1303 3418 ι
1342 3364 1626 3418 Ἔκκλινον

1739 2726 1884 2784 Satis
1915 2725 2020 2781 hoe
2063 2725 2184 2780 loco
2234 2722 2398 2778 fuerit
2450 2723 2722 2778 adducere
2755 2720 3122 2777 testimonium
3171 2721 3320 2790 psal-

1735 2818 1808 2872 mi
1844 2831 2055 2879 xxxtu,
2116 2814 2260 2884 quod
2324 2827 2438 2868 rem
2492 2813 2573 2868 sic
2625 2814 2873 2883 probat:
2913 2830 2935 2864 ι
2977 2811 3319 2882 Inquirentes

1736 2908 2024 2964 Dominum
2053 2920 2161 2961 non
2199 2904 2516 2960 minuentur
2542 2907 2689 2959 omni
2729 2904 2893 2960 bono.
2933 2903 3147 2970 Venite,
3196 2904 3315 2968 lilii,

1733 2999 1917 3054 audite
1939 3014 2026 3053 me
2061 3017 2074 3053 :
2110 2997 2361 3052 timorem
2388 2997 2602 3052 Domini
2669 2998 2878 3052 docebo
2921 3012 3042 3052 vos.
3075 2994 3206 3062 Quis
3235 3004 3320 3050 cst

1731 3091 1896 3146 homo
1947 3089 2039 3160 qui
2091 3088 2205 3144 vult
2252 3090 2440 3156 vitam,
2495 3089 2675 3160 diligit
2731 3089 2848 3144 dies
2901 3090 3085 3143 videre
3121 3089 3314 3145 bonos.

1728 3183 1964 3239 Prohibe
2000 3184 2236 3255 linguam
2275 3192 2419 3237 luam
2453 3197 2482 3238 a
2513 3182 2679 3248 malo,
2717 3191 2773 3236 et
2807 3181 2953 3236 labia
2987 3190 3077 3236 tua
3119 3195 3186 3235 ne
3237 3180 3314 3235 lo-

1729 3287 1964 3346 quantur
1987 3278 2189 3334 dolum.
2226 3277 2445 3333 Declina
2487 3290 2516 3329 a
2555 3275 2698 3329 malo
2731 3286 2781 3331 et
2823 3274 2908 3330 fac
2949 3274 3149 3329 bonum
3174 3273 3242 3330 '9.
3289 3293 3308 3326 ι

1728 3369 1877 3425 Istud
1902 3370 2066 3436 enim,
2110 3389 2127 3423 ι
2182 3371 2390 3426 declina
2446 3384 2475 3424 a
2520 3368 2664 3422 malo
2693 3377 2748 3423 et
2779 3367 2865 3422 fac
2900 3364 3127 3431 bonum,
3165 3384 3184 3418 ι
3214 3380 3314 3420 nec

79 3451 162 3503 ἀπὸ
178 3454 360 3520 κακοῦ,
395 3457 491 3510 καὶ
520 3456 744 3528 ποίησον
772 3456 991 3526 ἀγαθὸν,
1027 3476 1047 3510 ι
1077 3457 1200 3511 οὔτε
1227 3459 1356 3530 περὶ
1386 3459 1494 3515 τῶν
1524 3478 1625 3514 σω-

1736 3463 1798 3517 de
1823 3461 1980 3518 bonis
2009 3462 2238 3518 malisve
2261 3461 2563 3530 corporeis,
2597 3469 2654 3513 ut
2676 3459 2897 3529 quidam
2928 3467 3144 3525 vocant,
3179 3457 3314 3512 dici-

79 3545 290 3618 μιιτικῶν
318 3548 540 3618 λέγεται
583 3549 804 3620 ἀγαθῶν
835 3551 869 3621 ἢ
921 3551 1129 3616 κακῶν,
1163 3550 1336 3616 οὕτως
1367 3553 1627 3624 ὀνομαζο-

80 3636 226 3703 μένων
267 3641 423 3712 παρά
451 3659 617 3708 τισιν,
646 3641 772 3698 οὔτε
799 3642 928 3716 περὶ
965 3643 1072 3699 τῶν
1101 3644 1276 3708 ἐκτός·
1333 3644 1468 3700 ἀλλά
1496 3647 1626 3718 περὶ

76 3728 162 3782 τῶν
189 3734 323 3788 κατά
357 3733 541 3806 ψυχὴν
566 3735 786 3804 ἀγαθῶν
817 3737 851 3808 ἢ
889 3737 1094 3802 κακῶν,
1130 3736 1358 3810 ἐπείπερ
1388 3738 1417 3790 6
1443 3737 1629 3793 ἐκκλίσ-

74 3834 151 3883 νας
185 3823 276 3893 μὲν
307 3825 420 3878 ἀπὸ
459 3825 572 3878 τῶν
620 3824 764 3878 οὕτω
806 3826 989 3880 κακῶν
1023 3826 1158 3898 (55),
1200 3829 1431 3899 ποιήσας
1457 3827 1513 3881 δὲ
1557 3829 1628 3883 τά

75 3915 220 3971 τοιάδε
252 3919 458 3988 ἀγαθὰ,
490 3917 566 3982 ὡς
595 3917 766 3972 θέλων
800 3918 900 3990 τὴν
946 3918 1206 3990 ἀληθινὴν
1238 3918 1403 3990 ζωὴν,
1427 3919 1626 3988 γένοιτ’

74 4007 126 4061 ἂν
149 4011 200 4062 ἐν
230 4013 362 4084 αὐτῇ
414 4031 434 4064 ι
475 4010 707 4081 ἀγαπῶν
739 4010 954 4082 ἡμέρας
990 4011 1116 4066 ἰδεῖν
1143 4009 1372 4080 ἀγαθὰς,
1422 4029 1441 4062 ι
1479 4004 1554 4067 ὧν
1597 4012 1626 4064 6

75 4099 214 4170 Λόγος
248 4105 344 4176 τῆς
390 4102 743 4173 δικαιοσύνης
785 4102 933 4156 ἐστὶν
965 4102 1136 4172 ἥλιος,
1169 4103 1372 4171 φθάσαι
1404 4103 1471 4156 ἂν
1512 4102 1624 4174 (54)

73 4192 140 4246 ἐπ’
166 4195 392 4259 ἐκείνας,
428 4192 814 4265 ἐξαιρουμένου
844 4191 1006 4248 αὑτὸν
1059 4191 1150 4246 τοῦ
1193 4191 1328 4246 Θεοῦ
1371 4191 1478 4245 ἀπὸ
1528 4191 1623 4245 τοῦ

75 4281 328 4349 ἐνεστῶτος
359 4283 560 4345 αἰῶνος
605 4280 864 4354 πονηροῦ,
905 4283 1000 4337 καὶ
1047 4281 1156 4337 ἀπὸ
1200 4283 1309 4336 τῶν
1370 4281 1625 4354 πονηρῶν

1737 3563 1844 3620 tur,
1877 3568 2052 3624 neque
2077 3555 2146 3610 de
2178 3556 2248 3609 iis
2287 3570 2409 3625 quae
2432 3553 2774 3610 extrinsecus
2797 3552 3082 3615 accidunt;
3125 3549 3219 3605 sed
3249 3551 3314 3605 de

1735 3645 1892 3701 bouis
1917 3655 1972 3700 et
1997 3646 2149 3701 malis
2180 3646 2374 3700 anima:
2410 3643 2902 3716 :quandoquidem
2946 3643 2992 3698 is
3021 3643 3112 3712 qui
3147 3641 3313 3697 decli-

1737 3737 1948 3794 naverit
1975 3738 2042 3793 ab
2078 3738 2195 3793 istis
2229 3737 2390 3793 malis
2439 3735 2742 3807 feceritque
2794 3736 2894 3790 ista
2942 3736 3110 3796 bona,
3153 3733 3314 3802 idque

1737 3843 1879 3884 vera:
1919 3828 2042 3883 vita:
2073 3829 2367 3894 desiderio,
2394 3847 2413 3880 ι
2453 3827 2754 3884 dilecturus
2785 3829 2858 3881 sit
2884 3828 2937 3882 in
2970 3824 3058 3880 illa
3093 3825 3208 3880 dies
3231 3824 3315 3878 vi-

1737 3921 1866 3976 dere
1890 3920 2085 3983 bonos,
2129 3941 2148 3973 ι
2185 3920 2273 3976 ubi
2306 3919 2544 3976 Verbum
2571 3919 2798 3991 iustitia:
2826 3919 2970 3991 :solis
3021 3918 3141 3974 loco
3185 3918 3313 3975 erit.

1733 4010 1812 4065 Ad
1839 4011 1960 4067 illos
1986 4012 2285 4082 perveniet,
2321 4012 2434 4068 Deo
2473 4012 2626 4067 illum
2684 4011 2951 4068 liberante
2995 4025 3024 4064 a
3059 4009 3311 4078 praesenti

1732 4102 1932 4158 saeculo
1988 4117 2219 4172 nequam
2256 4103 2298 4169 ί,
2349 4112 2407 4158 et
2452 4117 2482 4156 a
2537 4102 2730 4157 diebus
2784 4101 2968 4164 malis,
3014 4101 3082 4155 de
3115 4101 3312 4170 quibus

1731 4191 1934 4250 Paulus
1963 4192 2228 4261 loquitur,
2264 4208 2388 4246 cum
2422 4194 2501 4246 ait
2550 4207 2565 4245 :
2605 4210 2622 4243 ι
2670 4191 3021 4246 Redimentes
3075 4199 3309 4260 tempus,

1732 4282 1992 4350 quoniam
2018 4282 2135 4338 dies
2164 4283 2288 4336 mali
2316 4289 2444 4335 sunt
2469 4282 2510 4336 '.
2547 4299 2567 4333 ι

70 4372 279 4447 ἡμερῶν,
311 4377 444 4449 περὶ
475 4368 553 4430 ὧν
585 4370 736 4429 εἶπεν
756 4375 784 4428 6
817 4375 1028 4441 Παῦλος
1060 4375 1140 4442 τὸ,
1173 4394 1193 4428 ι
1247 4374 1732 4448 Ἐξαγοραζόμενοι
1768 4373 1859 4429 τὸν
1893 4375 2110 4448 καιρὸν,
2155 4375 2239 4428 ὅτι
2283 4375 2340 4427 αί
2369 4374 2574 4445 ἡμέραι
2605 4374 2840 4447 πονηραί
2870 4375 3025 4428 είσιν.
3077 4392 3095 4425 ι

125 4492 200 4548 55.
234 4495 500 4568 Εὑρεθείη
523 4495 569 4549 δ’
599 4495 667 4551 ἂν
699 4495 1278 4569 καταχρηπικὼτερον
1306 4497 1400 4551 καὶ
1431 4495 1500 4550 τὰ
1525 4514 1626 4551 σω-

71 4587 245 4650 ματικά
269 4591 366 4644 καὶ
394 4588 468 4644 τὰ
495 4588 675 4654 ἐκτὸς,
704 4588 775 4643 τά
811 4589 910 4660 μὲν
944 4588 1361 4661 συμϐαλλόμενα
1411 4591 1493 4653 είς
1530 4589 1624 4643 τὸν

125 4746 164 4778 ’⁸
190 4749 328 4807 Psal.
355 4765 562 4818 xxxut,
596 4750 663 4805 10
704 4759 757 4807 et
795 4766 955 4823 seqq.

1801 4496 1892 4552 55.
1927 4496 2123 4566 Videre
2153 4506 2237 4552 est
2268 4507 2447 4551 tamen
2477 4510 2544 4550 ex
2578 4495 2740 4550 rebus
2779 4498 3056 4565 corporeis
3094 4504 3149 4550 et
3189 4509 3312 4564 qua:

1731 4589 2076 4644 extrinsecus
2103 4587 2381 4653 accidunt,
2429 4588 2563 4646 alias
2602 4604 2723 4660 qua:
2772 4587 2839 4643 ad
2895 4586 3159 4644 naturalis
3187 4590 3310 4643 vitae

1068 4754 1083 4784 ¹
1125 4751 1246 4809 Gal.
1275 4766 1323 4821 t,
1350 4752 1408 4810 4.
1479 4754 1500 4784 ²
1534 4750 1738 4822 Ephes.
1765 4766 1816 4805 v.
1850 4749 1934 4805 16.

120 4885 221 4960 (ξί)
261 4889 420 4944 Ἀλλ’
448 4889 520 4943 ἐκ
549 4889 1150 4960 παρακολουθήσεως.
1180 4889 1274 4946 Sic
1304 4899 1452 4946 recte
1485 4905 1617 4945 mss.

1736 4889 1878 4944 tilior
1900 4899 1958 4944 et
1989 4888 2198 4946 utilitas
2227 4887 2342 4958 ipsa
2370 4887 2551 4960 operis
2579 4885 2914 4960 postulavit,
2930 4895 2995 4940 ut
3047 4884 3308 4960 tenuissif

69 4952 180 5010 Male
203 4952 386 5032 autem
441 4960 580 5032 libb.
608 4952 764 5032 editi,
794 4959 908 5032 ἀλλῗ
957 4952 1065 5032 οὐκ
1103 4952 1168 5015 ἐκ
1214 4961 1622 5032 παρακολουθή-

71 5041 199 5104 σειρς.
223 5031 443 5104 Abesse
467 5031 615 5086 enim
648 5031 808 5104 debet
853 5031 975 5086 οὐκ.
1013 5031 1146 5104 Vide
1177 5030 1316 5104 infra
1347 5047 1497 5104 num.
1545 5030 1617 5104 55

70 5093 347 5173 liuittsltbri
377 5109 624 5173 elisum.-
644 5099 714 5157 68
741 5101 838 5173 lib.
866 5116 978 5173 vn.
1004 5119 1022 5173 ι
1056 5101 1394 5173 Chrysippus
1441 5103 1624 5173 (apud

69 5167 119 5242 ᾼ.
149 5167 398 5237 Gellium,
425 5171 522 5226 lib.
553 5186 628 5236 vl,
654 5171 828 5242 eap.l
865 5171 882 5242 )
941 5167 1217 5226 existimat
1258 5167 1384 5226 'non
1439 5167 1616 5242 fuisse

68 5234 153 5290 hoc
178 5234 483 5310 principale
520 5234 738 5296 natura!
765 5234 1077 5306 consilium,
1110 5251 1169 5296 nt
1203 5242 1410 5297 faceret
1438 5240 1616 5298 horni-

68 5319 148 5387 nes
180 5313 382 5367 morbis
422 5310 724 5387 obnoxios;
772 5327 1053 5387 nunquam
1093 5314 1240 5367 enim
1274 5313 1380 5367 hoc
1409 5327 1614 5387 conve-

66 5381 191 5452 nisse
244 5394 458 5437 natura:
501 5381 734 5447 auctori,
771 5381 1090 5452 parentique
1147 5398 1326 5437 rerum
1369 5383 1612 5437 omnium

67 5444 325 5525 bonarum.
354 5453 464 5507 Sed
525 5466 649 5506 cum
699 5444 1142 5525 multa,qint]uit,
1198 5463 1360 5525 atque
1418 5467 1612 5520 magna

66 5523 309 5587 gigneret,
353 5533 688 5591 pareretque
735 5523 1015 5593 aptissima
1052 5533 1108 5577 et
1143 5523 1458 5593 utilissima,
1509 5525 1614 5576 alia

65 5602 256 5669 [tneque
282 5593 447 5669 simul
477 5604 675 5669 agnata
704 5592 831 5647 sunt
851 5592 1188 5648 incommoda
1212 5594 1281 5647 iis
1312 5593 1468 5662 ipsis,
1497 5607 1615 5669 quae

67 5655 294 5724 faciebat,
328 5655 694 5724 cohaeréntia;
731 5679 906 5732 eaque
935 5678 1040 5717 non
1084 5678 1180 5731 per
1209 5655 1484 5729 naturam,
1515 5655 1614 5717 sed

64 5740 144 5791 per
171 5734 420 5803 sequelas
443 5735 706 5803 quasdam
733 5735 1070 5787 necessarias
1097 5734 1237 5789 facta
1269 5735 1422 5796 dicit,
1470 5735 1611 5803 quod

65 5813 157 5859 Ipse
181 5800 412 5870 appellat
455 5800 598 5856 κατὰ
641 5803 1129 5874 παρακολούθησιν.
1189 5804 1361 5866 Sicut,
1412 5800 1607 5872 inquit,

63 5881 163 5923 tum
189 5887 415 5944 corpora
449 5875 730 5929 hominum
765 5883 956 5930 natura
990 5876 1246 5946 lingeret.
1307 5875 1444 5929 ratio
1479 5882 1607 5931 SUU-

1726 4961 1829 5014 niis
1861 4961 2194 5029 minutisque
2223 4956 2477 5029 ossiculis
2526 4966 2688 5029 caput
2739 4957 3141 5029 compingeret;
3208 4956 3307 5011 sed

1722 5029 1863 5085 hanc
1903 5027 2191 5085 utilitatem
2224 5029 2300 5084 rei
2329 5027 2557 5095 majoris
2585 5028 2688 5082 alia
2731 5029 2976 5098 quaedam
3006 5027 3309 5082 incommo-

1721 5101 1865 5155 ditas
1890 5101 2239 5157 extrinsecus
2277 5107 2570 5154 cousecuta
2603 5109 2688 5153 est
2748 5096 2768 5153 Ξ
2811 5106 2871 5150 ιιι
2931 5096 3090 5153 lleret
3137 5106 3308 5164 caput

1722 5173 1959 5226 tenuiter
2023 5172 2292 5225 munitum
2335 5208 2350 5232 ,
2411 5177 2467 5223 et
2533 5169 2734 5222 ictibus
2794 5166 3308 5235 offensionibusque

1719 5243 1901 5309 parvis
1933 5241 2159 5311 fragile;
2195 5239 2423 5310 proinde
2451 5241 2626 5311 morbi
2668 5238 3303 5311 quoqueet__:egritudi-

1721 5306 1818 5366 nes
1858 5306 2211 5382 partze'sunt,
2240 5312 2367 5365 dum
2394 5309 2541 5382 salus
2573 5306 2809 5376 pari—tur.
2846 5307 2944 5382 Sic
2964 5306 3190 5370 Hercle,
3222 5306 3307 5360 in-

1721 5378 1871 5449 quit,
1903 5383 2031 5437 dum
2067 5383 2242 5435 virtus
2276 5379 2591 5436 hominibus
2627 5393 2726 5446 per
2754 5378 3044 5433 consilium
3096 5389 3306 5449 natura:

1719 5447 1980 5520 gignitur,
2008 5451 2137 5506 vitia
2186 5451 2384 5506 ibidem
2439 5465 2538 5520 per
2593 5449 2915 5504 allinitatem
2966 5447 3305 5504 contrariam

1721 5535 1846 5576 nata
1887 5534 2032 5576 sunt.
2070 5541 2088 5573 ι
2137 5521 2399 5576 Spencea.

1790 5592 1901 5662 ('55)
1944 5592 2214 5662 Έίτείπερ
2257 5595 2289 5646 ὀ
2337 5592 2625 5658 ἐκκλίνας
2667 5587 2784 5660 μὲν
2811 5587 2933 5645 ἀπὸ
2981 5588 3101 5643 τῶν
3148 5587 3303 5642 οὕτω

1719 5660 1938 5716 κακῶν.
1969 5660 2097 5717 Haec
2122 5678 2243 5730 quae
2277 5663 2328 5716 in
2356 5673 2512 5717 antea
2543 5663 2707 5718 editis
2745 5663 2948 5716 omissa
3001 5673 3178 5724 erant,
3227 5675 3303 5713 re-

1719 5735 1950 5786 Stiluultl
1985 5748 2172 5787 omnes
2199 5734 2354 5787 codd.
2386 5747 2521 5787 mss.

1789 5803 1900 5873 (Si)
1942 5803 2172 5856 Φθάσαι
2204 5802 2299 5856 ἄν.
2340 5802 2701 5857 Seriberulum
2745 5803 2990 5864 videtur,
3033 5802 3126 5854 καὶ
3173 5797 3302 5868 φθά-

1721 5892 1807 5929 σαι
1843 5875 1928 5943 ἄν,
1961 5885 2014 5931 et
2045 5874 2116 5929 ita
2154 5873 2382 5930 reddidit
2420 5873 2679 5930 Gelenius
2707 5876 2994 5942 interpres.
