3846 6406
599 347 742 405 1585

2059 330 2381 391 ORIGENIS

3707 328 3812 388 1381

608 460 1076 526 conservationem
1108 459 1440 525 conducunt,
1466 456 1674 524 bonas;
1708 454 1865 523 alias,
1894 468 2013 527 qua:
2051 456 2161 512 vita

2278 452 2422 509 κατὰ
2449 450 2610 522 φύσιν
2641 448 2756 522 βίον
2809 444 3139 519 νομιζόμενα
3168 444 3373 515 ἀγαθὰ,
3412 444 3485 497 τὰ
3513 443 3559 499 δ’
3591 445 3811 501 ἐναντιον.

597 566 834 624 uocent,
877 554 1047 611 malas
1098 551 1529 624 perabusionem
1583 549 1747 621 675
1800 550 2004 607 vocari.
2055 549 2174 605 Hoc

596 646 739 706 enim
768 659 929 702 sensu
960 642 1060 699 Job
1098 642 1166 696 ad
1198 654 1421 696 uxorem
1448 640 1585 695 dicit
1616 656 1630 693 :
1668 657 1687 691 ι
1721 640 1777 694 Si
1810 640 1947 693 bona
1979 654 2171 695 susce-

593 738 772 806 pimus
805 735 874 791 de
911 749 1072 789 manu
1114 731 1231 796 Dei,
1276 731 1421 786 mala
1467 746 1576 785 non
1624 730 2019 787 sustinebimus
2050 730 2111 785 '?
2148 749 2167 783 ι

593 828 863 896 Quoniam
894 826 1059 896 igitur
1084 824 1139 879 in
1178 823 1378 879 divinis
1408 822 1709 891 Scripturis
1744 822 1939 876 alicubi
1970 822 2176 877 inveni-

592 931 683 977 tur
718 937 783 977 ex
814 933 1045 990 persona
1094 916 1189 971 Dei
1226 915 1429 970 dictum
1464 931 1478 969 :
1513 933 1533 967 ι
1568 915 1679 984 Ego
1721 913 1931 970 faciens
1984 929 2171 985 pacem

591 1024 647 1069 ct
677 1028 874 1067 creaus
923 1010 1064 1065 mala
1110 1008 1164 1074 Ιι;
1226 1026 1247 1060 ι
1311 1018 1367 1063 et
1411 1005 1518 1061 alio
1568 1006 1621 1061 in
1673 1006 1791 1062 loco
1832 1006 1897 1060 de
1934 1008 2170 1062 eodem:

595 1122 615 1156 ι
651 1101 938 1158 Descendit
963 1100 1161 1155 malum
1196 1098 1484 1167 ajDomino
1522 1097 1573 1151 in
1603 1107 1792 1168 portas
1837 1094 2168 1163 Jerusalem,

589 1196 855 1263 strepitus
898 1207 1158 1248 curruum
1187 1200 1239 1244 et
1263 1190 1502 1260 equitum
1533 1190 1587 1256 ⁸;
1627 1208 1646 1242 ι
1669 1204 1787 1259 quae
1824 1189 1940 1245 loca
1974 1190 2173 1247 multos

590 1286 999 1355 Scripturarum
1064 1283 1351 1337 turbavere
1406 1281 1663 1347 lectores,
1718 1280 1808 1350 qui
1862 1282 2173 1351 perspicere

590 1392 695 1433 non
727 1386 1186 1448 poterantearum
1215 1375 1281 1430 de
1312 1373 1473 1429 bonis
1503 1382 1558 1428 et
1604 1372 1762 1426 malis
1808 1373 2178 1441 sententiam;

590 1469 721 1525 hinc
748 1467 1041 1524 verisimile
1074 1474 1156 1521 est
1185 1474 1360 1519 ortam
1384 1479 1507 1519 esse
1535 1462 1695 1519 Celso
1729 1463 2013 1518 bassitandi
2042 1479 2175 1518 cau—

588 1577 704 1617 sam
727 1570 782 1616 et
816 1559 1179 1627 interrogandi
1212 1576 1225 1612 :
1256 1576 1274 1609 ι
1306 1558 1590 1624 Quomodo
1640 1557 1783 1611 Deus
1826 1555 1965 1609 ruala
2006 1554 2173 1611 facie-

587 1654 722 1709 bat?
746 1672 765 1707 ι
797 1653 965 1708 Forte
990 1653 1155 1708 etiam
1190 1650 1305 1705 hzec
1337 1652 1493 1716 dixit,
1546 1651 1672 1719 quia
1728 1650 1933 1704 audivit
1982 1662 2173 1717 quem-

587 1745 756 1813 piam,
783 1744 878 1815 qui
921 1750 1222 1797 memorata
1248 1742 1386 1795 hanc
1414 1740 1469 1793 in
1506 1739 1857 1809 quaestionem
1894 1737 2059 1791 verba
2092 1735 2173 1790 iu-

2281 563 2420 618 μενα
2446 546 2640 615 τούτῳ,
2685 539 2854 596 κακά.
2888 538 3044 593 Οῦτω
3074 538 3183 609 γάρ
3203 540 3231 591 ὀ
3270 536 3392 591 Ἰὼϐ
3429 536 3576 607 λέγει
3605 537 3723 611 πρὸς
3742 542 3811 610 τὴν

2276 642 2510 710 γυναῖκα
2536 639 2616 692 τό·
2654 656 2673 689 ‹
2714 637 2777 689 Εἰ
2809 633 2919 705 γάρ
2940 631 3009 686 τά
3042 631 3223 701 ἀγαθά
3255 630 3561 702 ἐδεξάμεθα
3591 634 3650 687 ἐκ
3671 636 3809 707 χειρὸς

2275 731 2506 802 Κυρίου,
2534 728 2605 782 τὰ
2648 726 2796 782 κακά
2843 728 2942 797 οὐχ
2972 725 3298 793 ὑποίσομεν;
3341 742 3361 775 ι
3409 722 3564 777 Ἐπεὶ
3588 720 3672 778 οὖν
3696 726 3809 798 εὑρί-

2279 838 2468 875 σκεται
2490 820 2549 875 ἐν
2579 822 2701 882 ταῖς
2721 818 2894 883 θείαις
2922 818 3163 890 Γραφαῖς
3189 816 3324 869 ὅπου
3353 814 3454 886 μὲν
3480 817 3544 869 ἐκ
3570 818 3810 889 προσώπω

2276 912 2412 966 Θεοῦ
2436 913 2515 973 τὸ,
2554 931 2571 963 ι
2618 909 2760 979 Ἐγὼ
2787 912 2816 964 6
2845 909 3012 964 ποιῶν
3040 909 3288 981 εἰρήνην,
3310 908 3408 961 καὶ
3435 906 3628 972 κτίζων
3653 910 3806 963 κακά’»

2274 1005 2411 1058 ὅπου
2438 1004 2494 1057 δὲ
2526 1003 2684 1057 πάλιν
2714 1003 2845 1073 περὶ
2872 1001 3059 1067 αὑτοῦ,
3090 1002 3193 1065 ὅτι,
3230 1020 3249 1052 ι
3285 1000 3507 1070 Κατέϐη
3536 1002 3671 1054 κακά
3696 1004 3808 1072 παρὰ

2276 1096 2484 1169 Κυρίου
2517 1094 2610 1149 ἐπὶ
2638 1093 2812 1157 πύλας
2848 1094 3232 1165 Ἱηρουσαλὴμ,
3275 1092 3450 1163 ψόφος
3484 1094 3720 1165 ἁρμάτων
3740 1095 3807 1146 καὶ

2278 1189 2636 1245 ἱππευόντων·
2696 1207 2714 1239 ι
2753 1188 2897 1259 άπερ
2931 1186 3158 1259 ἐτάραξε
3189 1185 3420 1250 πολλοὺς
3466 1187 3572 1240 τῶν
3600 1188 3807 1257 ἐντυγχα-

2274 1282 2473 1337 νόντων
2517 1283 2582 1352 τῇ
2632 1281 2845 1351 Γραφῇ,
2879 1278 2953 1351 μὴ
2981 1277 3315 1348 δυναμένους
3344 1276 3592 1349 νκαθορᾷν
3622 1278 3679 1330 τά
3714 1283 3802 1331 κατ’

2275 1373 2446 1443 αὐτὴν
2508 1372 2638 1444 περὶ
2690 1370 2913 1441 ἀγαθῶν
2940 1370 3036 1425 καὶ
3069 1370 3256 1424 κακῶν
3286 1370 3665 1440 σημαινόμεναο
3698 1371 3805 1432 εἰκὸς

2274 1463 2523 1517 ἐντεῦθεν
2574 1464 2692 1534 ἤτοι
2745 1462 2836 1515 τὸν
2874 1462 3083 1516 Κέλσον
3129 1462 3513 1532 ἐπαποροῦντα
3561 1464 3799 1533 εἰρηκέναι·

2280 1574 2299 1606 r
2338 1554 2463 1617 Πῶς
2494 1554 2592 1624 μὲν
2630 1553 2775 1607 κακά
2804 1557 2831 1607 ὀ
2859 1552 2991 1617 Θεὸς
3019 1553 3224 1617 ἐπὸίει;
3272 1572 3291 1603 ι
3322 1553 3355 1624 ἢ
3388 1553 3677 1607 ἀκούσαντά
3696 1571 3799 1614 τινος

2278 1642 2687 1714 ἰδιωτικώτερον
2711 1641 3106 1713 πρεσϐεύοντος
3132 1642 3265 1711 περὶ
3293 1640 3404 1693 τῶν
3429 1640 3569 1693 κατὰ
3592 1641 3667 1692 τὸν
3679 1641 3798 1690 τόπον

2274 1734 2393 1805 τὴν
2412 1732 2743 1805 ἐκκειμένην
2770 1732 2916 1797 λέξιν
2952 1731 3225 1785 ἐκτιθέναι
3269 1731 3405 1801 (55).
3451 1730 3630 1802 Ἡμεῖς
3655 1731 3701 1783 δέ
3724 1748 3798 1797 φα-

586 1834 797 1889 doctius
855 1832 1022 1886 fuerit
1078 1831 1491 1899 interpretatus.
1566 1827 1679 1881 Nos
1731 1840 1862 1882 vero
1936 1826 2161 1881 dicimus

2280 1842 2402 1897 μεν,
2436 1826 2518 1880 ὅτι
2546 1823 2691 1879 κακὰ
2725 1825 2846 1895 μὲν,
2881 1823 2915 1894 ἢ
2944 1824 3041 1895 τὴν
3070 1824 3271 1877 κακίαν
3304 1826 3401 1877 καὶ
3431 1823 3527 1886 τὰς
3562 1824 3645 1876 ἀπ’
3674 1823 3797 1891 αὐτῆς

586 1925 756 1978 Deum
806 1937 914 1977 non
955 1935 1077 1976 esse
1121 1919 1391 1974 malorum
1441 1932 1539 1974 seu
1585 1917 1707 1972 vitii
1737 1917 2165 1985 vitiosarumque

560 2008 862 2064 .actionum
909 2015 1211 2061 auctorem.
1269 2005 1425 2072 Quod
1479 2006 1524 2061 si
1552 2020 1739 2061 revera
1786 2014 1930 2062 esset
1976 2022 2162 2061 eorum

586 2111 806 2164 auctor,
869 2099 1140 2168 quomodo
1175 2099 1503 2154 consisteret
1549 2098 1628 2164 id,
1682 2099 1825 2169 quod
1868 2098 1934 2154 de
1960 2097 2164 2166 judicio

586 2194 936 2262 praedicatur,
968 2191 1138 2248 malos
1181 2200 1663 2262 pro-peccatorum
1720 2191 1933 2246 ratione
1976 2207 2163 2262 pmnas

595 2283 841 2347 daturos,
868 2296 962 2337 eos
984 2297 1116 2338 vero
1158 2282 1248 2351 qui
1298 2281 1556 2335 virtutem
1609 2283 1905 2337 consectati
1956 2293 2083 2338 sunt
2110 2293 2165 2339 ct

585 2372 774 2427 virtuti
808 2388 1081 2429 consonas
1107 2374 1351 2429 actiones
1376 2371 1641 2441 fecerunt,
1668 2372 1857 2429 beatos
1893 2372 2009 2429 fore
2040 2383 2095 2428 et
2131 2389 2161 2427 a

587 2465 699 2520 Deo
724 2463 944 2534 praunia
971 2462 1398 2518 consecuturos?
1424 2462 1526 2529 Qui
1556 2463 1698 2517 mala
1730 2462 1847 2518 ﬁeri
1887 2478 1916 2517 a
1948 2464 2060 2518 Deo
2088 2464 2165 2518 di-

585 2571 713 2613 cere
741 2557 963 2619 audent,
985 2554 1113 2625 quia
1145 2569 1249 2610 non
1279 2564 1511 2623 possunt
1532 2556 1915 2611 demonstrare
1960 2570 2161 2611 conso-

584 2666 710 2706 nam
758 2650 862 2703 sibi
917 2664 1040 2704 esse
1099 2648 1465 2719 Scripturam,
1498 2649 1811 2725 qum,“licet
1869 2660 2158 2720 peccantes

583 2743 804 2797 damnet
859 2750 915 2795 et
971 2741 1110 2796 bene
1175 2751 1395 2812 agentes
1450 2744 1751 2812 approbet,
1804 2744 2160 2798 nihilominus

583 2846 753 2902 pauca
788 2832 1031 2901 quaedam
1058 2831 1189 2887 dicit
1210 2832 1414 2902 quibus
1447 2833 1682 2902 imperiti
1715 2834 2024 2888 divinarum
2058 2835 2163 2889 Lit-

585 2934 823 2977 terarum
856 2923 1087 2978 lectores
1108 2923 1423 2979 conturbari
1458 2924 1729 2990 vidcutur,
1757 2938 1839 2980 sat
1868 2928 1980 2981 scio
2014 2943 2161 2995 quae-

585 3014 712 3070 dam
743 3012 1041 3084 Scripturze
1071 3014 1189 3069 loca
1228 3015 1295 3069 ad
1332 3030 1486 3070 suam
1534 3017 1859 3071 sententiam
1918 3020 2158 3073 trahent.

584 3106 709 3162 Haec
758 3117 940 3163 tamen
1003 3108 1280 3178 eXplicare
1326 3108 1481 3167 loca.
1526 3110 1651 3176 quia
1708 3110 1875 3164 multa
1930 3123 2058 3165 sunt
2109 3121 2161 3167 et

2272 1917 2523 1990 πράξεις,
2552 1918 2582 1970 ὀ
2612 1916 2744 1982 Θεὸς
2771 1917 2873 1969 οὐκ
2901 1916 3145 1985 ἐποίησε.
3191 1914 3320 1977 Πῶς
3351 1914 3462 1985 γάρ
3490 1911 3592 1967 οἷόν
3616 1916 3659 1966 τ’
3682 1908 3735 1982 ἦν
3754 1912 3796 1963 τὸ

2270 2010 2404 2081 περὶ
2456 2009 2693 2081 κρίσεως
2739 2010 3002 2079 κήρυγμα
3060 2005 3375 2077 παρρησίαν
3409 2006 3568 2075 ἐχειν,
3605 2005 3792 2059 διδάσκον

2271 2101 2595 2167 κολάζεσθαι
2632 2102 2730 2172 μὲν
2772 2102 2865 2154 ἐπὶ
2893 2102 3014 2163 ταῖς
3044 2099 3185 2152 κατά
3214 2099 3418 2153 κακίαν
3452 2098 3661 2169 πράξεσι
3706 2096 3790 2147 κατ’

2271 2197 2564 2265 ἀναλογίαν
2597 2195 2707 2249 τῶν
2746 2192 3153 2266 ἡμαρτημένων
3194 2193 3324 2255 τοὺς
3373 2194 3618 2261 φαύλους·
3659 2206 3785 2260 pax:-

2274 2289 2422 2360 ρίους
2449 2287 2493 2340 δ’
2530 2281 2691 2352 εἶναι,
2739 2287 2835 2339 καὶ
2878 2284 3165 2350 τεύξεσθαι
3198 2284 3307 2336 τῶν
3338 2284 3449 2337 ἀπὸ
3479 2282 3603 2336 Θεοῦ
3639 2282 3782 2349 γερῶν,

2268 2379 2394 2443 τοὺς
2426 2378 2545 2433 κατ’
2576 2377 2779 2450 ἀρετὴν
2808 2376 3132 2448 βιώσαντας,
3159 2376 3191 2447 ἦ
3220 2377 3321 2439 τάς
3350 2378 3471 2428 κατ’
3495 2374 3667 2444 ἀρετὴν

3715 2463 3729 2477 ὀ

2269 2468 2382 2535 ξεις
2412 2470 2760 2540 ποιήσαντας·
2797 2470 2846 2521 εἰ
2872 2467 2942 2520 τά
2980 2467 3148 2529 ὅντως
3185 2465 3337 2519 κακά
3364 2466 3639 2535 πεποίηκεν
3665 2464 3784 2532 (5ῶό

2218 2552 2221 2553 ν
2268 2560 2430 2625 Θεόςς
2462 2555 2533 2614 Εὖ
2564 2554 2703 2623 οἶδα,
2734 2560 2818 2613 ὅτι
2858 2559 2996 2630 ῥητά
3014 2575 3135 2611 τινα
3165 2557 3569 2628 παραλήψονται
3587 2556 3668 2623 τῆς
3684 2554 3713 2605 Γ
3717 2570 3781 2624 ps-

2269 2651 2375 2721 φῆς
2402 2652 2452 2703 οἰ
2484 2650 2579 2703 καὶ
2630 2650 2815 2705 ταῦταί
2862 2650 3178 2720 βουλόμενοι
3224 2648 3433 2719 τολμᾶν
3473 2649 3671 2718 φάσκειν
3708 2643 3784 2697 ἀπο

2268 2742 2403 2795 Θεοῦ
2439 2743 2741 2812 γεγονέναι·
2778 2743 2854 2814 μὴ
2881 2743 3170 2813 δυνάμενοι
3202 2742 3259 2795 ἐν
3290 2740 3425 2809 ὕφος
3456 2736 3693 2802 ἀποδεῖξαι
3712 2736 3782 2801 τῆς

2267 2835 2499 2907 Γραφῆς
2533 2834 2867 2904 αἰτιωμένης
2902 2834 3002 2903 μὲν
3030 2835 3159 2896 τοὺς
3194 2834 3610 2902 ἁμαρτάνοντας,
3635 2826 3780 2882 67:06:-

2268 2926 2506 2998 χομένης
2533 2927 2591 2980 δέ
2617 2927 2744 2989 τοὺς
2772 2922 2832 2980 εῦ
2866 2924 3224 2997 πράττοντας,
3259 2926 3357 2980 καὶ
3385 2925 3528 2978 οὐδὲν
3555 2918 3688 2993 ἦττον
3712 2921 3785 2970 κὰ-

2269 3022 2422 3073 κεῖνα
2453 3019 2738 3091 λεγούσης,
2764 3020 2917 3073 ἆτινα
2941 3020 3218 3090 περισπᾶν
3235 3019 3383 3071 δοκεῖ
3400 3018 3543 3083 ὀλίγα
3570 3015 3675 3067 ὄντα
3691 3011 3782 3071 τοὶς

2269 3111 2499 3181 ἀμαθῶς
2542 3112 2612 3164 τὰ
2659 3112 2778 3166 θεῖα
2815 3112 3119 3183 γράμματα
3171 3110 3668 3179 ἀναγιγνώσκοντας.
3701 3103 3785 3154 Ἐκ·

582 3214 771 3254 eorum
842 3200 1222 3269 interpretatio
1299 3199 1527 3253 multum
1590 3215 1769 3269 operm
1849 3202 2161 3257 meditatio-

2269 3202 2509 3257 τίθεσθαι
2543 3202 2599 3255 δὲ
2619 3204 2714 3257 νῦν
2741 3204 2840 3267 τάς
2873 3203 3231 3275 περισπώσας
3262 3204 3454 3267 λέξεις,
3495 3199 3667 3259 πολλὰς
3688 3211 3784 3259 cur

581 3291 775 3360 nisque
820 3291 1081 3361 postulat,
1150 3306 1255 3345 non
1304 3291 1479 3345 visum
1533 3300 1617 3344 est
1671 3291 1797 3345 huic
1843 3293 2158 3347 tractationi

580 3383 928 3438 coovenicns.
989 3382 1125 3437 Mala
1179 3383 1360 3451 igitur,
1434 3382 1480 3437 si
1534 3383 1655 3451 quis
1720 3383 1809 3437 illa
1872 3383 1973 3439 hoc
2030 3400 2157 3454 pro—

581 3476 702 3544 prio
734 3489 896 3529 sensu
924 3473 1209 3541 intelligat,
1246 3474 1387 3527 Deus
1432 3488 1539 3528 non
1600 3474 1745 3529 fecit.
1813 3473 1922 3530 Sed
1973 3483 2155 3532 tamen

582 3581 774 3635 pauca,
802 3566 846 3620 si
878 3566 945 3620 ad
999 3565 1160 3634 hujus
1208 3565 1592 3619 universitatis
1669 3568 2157 3635 cornposititionem

580 3668 817 3726 spectes,
844 3672 912 3711 ex
953 3656 1237 3726 praecipuis
1258 3655 1375 3723 ejus
1402 3657 1663 3725 Operibus
1695 3668 1990 3713 consecuta
2011 3669 2156 3714 sunt.

581 3748 1047 3816 Quemadmodum
1072 3764 1140 3802 ex
1171 3748 1463 3819 praecipuis
1492 3747 1635 3804 fabri
1654 3751 1911 3820 Operibus
1960 3753 2157 3807 tortilia

581 3841 822 3910 segriiiua
853 3843 1156 3909 scobesque
1194 3850 1640 3908 consequuntur;
1679 3842 1822 3896 sicut
1860 3844 2024 3898 etiarn
2074 3862 2160 3899 ar-

580 3931 835 3988 chitectis
878 3930 1045 3985 tribui
1097 3946 1256 4000 posse
1314 3932 1569 3987 videntur
1622 3934 1828 3989 sordidi
1877 3934 1951 3989 illi
2020 3936 2162 4007 frag-

580 4024 789 4076 minum
855 4023 1202 4092 pulverisque
1264 4022 1488 4088 acervi,
1540 4024 1632 4094 qui
1693 4040 1866 4096 prope
1930 4026 2160 4083 aediﬁcia

578 4124 727 4169 sunt.

650 4297 740 4353 56.
775 4298 869 4352 Sin
895 4306 1077 4353 autem
1112 4298 1179 4353 de
1209 4298 1368 4353 malis
1393 4300 1671 4369 corporeis
1698 4300 2157 4366 ctexterioribus,

578 4406 699 4459 qua:
751 4404 849 4459 per
901 4389 1219 4445 abusionem
1272 4401 1541 4446 vocantur
1595 4393 1757 4457 mala,
1815 4408 1997 4448 sermo
2044 4395 2156 4457 iiut,

577 4481 941 4537 concedemus
968 4481 1265 4552 aliquando
1306 4483 1601 4553 contigisse
1633 4493 1692 4537 ut
1727 4484 1871 4540 Deus
1906 4485 2155 4554 quaedam

575 4592 767 4633 eorum
793 4578 1014 4643 faceret,
1067 4578 1235 4646 idque
1270 4587 1330 4631 ut
1356 4580 1567 4647 aliquos
1597 4594 1695 4647 per
1748 4577 1837 4632 illa
1871 4587 2156 4634 converte.

2269 4596 2367 4631 των
2382 4578 2688 4652 ἐπιστρέψῃ
2698 4579 2869 4642 τινάς.
2898 4579 3009 4632 Καὶ
3023 4578 3075 4631 τί
3100 4578 3299 4633 ἄτοπον
3314 4581 3343 4631 ὁ
3365 4578 3509 4646 λόγος
3522 4574 3635 4643 ἔχειν
3647 4564 3771 4619 εὐνα·

578 4678 685 4725 ret.
709 4668 776 4723 Et
809 4668 940 4738 quid
963 4668 1183 4723 absurdi
1218 4670 1331 4724 haec
1373 4670 1629 4725 doctrina
1670 4670 1875 4725 trahere
1938 4670 2159 4741 potest?

578 4759 733 4813 Sicut
753 4759 921 4825 enim,
949 4759 1202 4827 quamvis
1221 4774 1316 4826 per
1345 4760 1663 4817 abusionem
1724 4760 1866 4814 mala
1918 4759 2156 4829 appelle-

580 4867 698 4907 mus
733 4865 920 4921 ptenas
954 4852 1095 4917 illas,
1137 4866 1273 4922 quas
1306 4863 1512 4920 patres,
1556 4851 1822 4921 magistri,
1874 4853 2155 4925 predagogi

578 4942 826 5013 inﬂigunt
855 4943 923 4997 iis
960 4958 1097 5012 quos
1121 4944 1399 5007 erudiunt,
1429 4955 1484 4999 et
1520 4944 1717 4999 medici
1773 4944 1841 5000 iis
1877 4958 2013 5014 quos
2060 4960 2153 5000 sa-

578 5035 741 5089 nandi
763 5050 925 5089 causa
951 5043 1116 5089 urunt
1160 5036 1244 5092 vel
1278 5045 1489 5101 secant,
1530 5044 1585 5092 et
1637 5036 1883 5091 dicamus
1943 5046 2151 5105 patrem

578 5124 722 5190 tiliis,
748 5125 918 5198 676
942 5134 1037 5180 aut
1066 5126 1377 5197 magistros,
1425 5135 1516 5181 aut
1544 5128 1884 5199 pmtlagogos,
1919 5137 2013 5182 aut
2038 5141 2155 5182 me-

575 5216 723 5272 dicos
758 5218 901 5273 mala
925 5216 1141 5287 facere;
1188 5235 1298 5275 non
1342 5231 1521 5276 tamen
1568 5234 1894 5277 accusamus
1925 5236 2021 5277 eos
2057 5222 2151 5291 qui

649 5365 819 5428 3Job.
862 5389 925 5443 ιι,
974 5373 1064 5430 10.
1142 5374 1291 5432 ‘lsa.
1318 5390 1446 5442 xcv,
1471 5377 1524 5430 7.
1590 5375 1981 5443 'lllicb.r,12.

648 5524 762 5606 (ὗὸ)
808 5525 1147 5606 Ἐκτιθέκᾳι.
1187 5530 1344 5585 Lihh.
1378 5531 1508 5606 editi
1538 5532 1588 5584 in
1618 5531 1881 5606 margine,
1909 5529 2155 5584 τεθεικέ-

579 5600 902 5669 vat,_sicque
924 5600 1259 5669 Anglicanus
1294 5602 1467 5655 codex
1506 5603 1796 5656 secundus.
1832 5600 1950 5654 Mox
1988 5617 2145 5662 mss...

582 5664 878 5740 κακὲ-μὲν,
908 5668 941 5739 ἦ
976 5664 1073 5738 τῆν
1098 5671 1315 5725 κακίαν.
1349 5671 1401 5724 1η
1427 5682 1585 5725 antea
1618 5672 1777 5726 editis
1804 5671 2074 5725 omittitur
2096 5671 2150 5740 ἦ.

653 5734 773 5807 (56)
797 5734 1106 5812 Speticcrtts
1132 5742 1185 5796 in
1216 5750 1393 5809 textu,
1426 5741 1494 5796 τὰ
1522 5742 1689 5804 ὅντως
1724 5743 1867 5797 κακά
1925 5734 2155 5811 πεποιῆ-

2264 3295 2555 3365 χανούσας,
2591 3296 2683 3349 καὶ
2739 3296 2837 3359 τάς
2869 3296 3167 3365 ἑρμηνείας
3211 3295 3395 3348 αὐτῶν
3443 3292 3622 3361 πολλῆς
3656 3302 3782 3341 1171-

2264 3386 2468 3457 σκευῆς
2512 3387 2792 3457 δεομένας,
2832 3388 2930 3457 οὐχ
2970 3386 3272 3457 ἡγησάμην
3318 3382 3455 3439 εἶναι
3484 3381 3683 3453 ἁρμόζον
3734 3376 3779 3441 τῇ

2263 3478 2601 3551 προκειμένη
2626 3479 2893 3545 συντάξει.
2935 3477 3102 3531 Κακά
3121 3478 3323 3539 τοίνυν,
3354 3479 3401 3529 εἰ
3436 3476 3528 3547 μὲν
3544 3473 3604 3525 τὰ
3626 3468 3782 3539 κυρίως

2261 3567 2435 3631 οὕτως
2461 3567 2835 3639 ὀνομαζόμενα
2852 3568 3098 3633 ἐξακούοι
3125 3584 3229 3631 τις,
3246 3570 3275 3621 6
3295 3568 3425 3630 Θεὸς
3444 3568 3500 3619 οὐ
3526 3562 3777 3629 πεποίηκεν

2263 3660 2400 3715 ἀλλά
2431 3662 2544 3724 τοῖς
2562 3661 2991 3732 προηγουμένοις
3020 3660 3188 3715 αὐτοῦ
3217 3660 3401 3732 ἔργοις
3419 3659 3579 3727 ὀλίγα,
3606 3650 3779 3720 ὼςπῴς

2262 3754 2362 3823 τὴν
2388 3751 2497 3805 τῶν
2538 3752 2677 3805 ὅλων
2709 3752 2954 3819 διάταξιν
2999 3753 3359 3824 τυγχάνοντα,
3390 3746 3775 3821 ἐπηκολούθησεν·
3810 3804 3811 3827 γ

2265 3844 2456 3915 ῶσπερ
2484 3844 2842 3898 ἐπακολουθεῖ
2868 3847 2981 3909 τοῖς
3015 3846 3449 3917 προηγουμένοις
3472 3840 3559 3895 τοῦ
3584 3839 3779 3892 τέκτονος
3808 3870 3809 3929 ι

2262 3937 2444 4007 ἔργοις
2467 3937 2532 3990 τὰ
2564 3937 2831 4007 ἐλικοειδῆ
2866 3938 3109 4007 ξέσματα
3142 3937 3237 3991 καὶ
3266 3936 3554 4008 πρίσματα,
3578 3930 3653 3984 καί
3691 3926 3778 3983 τῡῖἱ

2260 4029 2565 4100 οἰκοδόμοις
2590 4031 2762 4082 ποιεῖν
2788 4029 2966 4082 δοκεῖν
2992 4029 3061 4083 τά
3094 4028 3472 4101 παρακείμενα
3500 4028 3603 4087 ταῖς
3620 4017 3783 4074 exos.-

2265 4123 2394 4191 μαῖς
2412 4120 2653 4191 ὡσπερεὶ
2671 4120 2874 4189 κόπρια
2906 4120 3287 4175 άποπίπτοντα
3313 4120 3423 4175 τῶν
3450 4118 3592 4171 λίθων
3614 4108 3778 4174 καὶτῆς

2263 4211 2469 4274 κονίας.

2331 4303 2461 4356 Εἰδέ
2476 4303 2544 4356 τά
2557 4303 3009 4375 καταχρηστικῶς
3022 4303 3194 4368 οὕτως
3205 4303 3576 4375 ὀνομαζόμενα,
3599 4293 3775 4361 λεγόμε·

2260 4412 2328 4448 να
2365 4394 2654 4466 σωματικά
2690 4396 2835 4449 κακά
2857 4397 2952 4450 καὶ
2977 4396 3153 4461 ἐκτὸς,
3177 4396 3264 4459 τίς
3287 4413 3448 4468 φησι·
3472 4389 3661 4447 δεδόσθω
3683 4380 3771 4450 (δῖ)

2259 4486 2373 4540 ἔσθ’
2395 4488 2483 4540 ὅτε
2497 4487 2703 4540 τούτων
2722 4488 2845 4541 τινά
2870 4489 3227 4559 πεποιηκέναι
3242 4489 3334 4542 τὸν
3356 4487 3498 4552 Θεὸν,
3512 4485 3585 4537 ἵνα
3598 4478 3668 4533 διὰ
3684 4472 3773 4526 τῦύο

3778 3960 3807 4232 l

3746 4786 3791 5059 ί

3678 5157 3785 6233 ι]

2263 4686 2354 4723 ται
2377 4669 2598 4742 ;ῶσπερ
2625 4671 2755 4741 γὰρ,
2779 4672 2828 4723 εἰ
2853 4669 3312 4742 καταχρηστικῶς
3346 4667 3610 4723 ἀκουόντων
3641 4654 3771 4724 iiut”

2264 4762 2412 4814 κακὰ
2437 4762 2564 4826 τοὺς
2592 4762 3042 4833 προσαγομένους
3067 4760 3265 4823 πόνους
3283 4760 3395 4823 τοῖς
3427 4747 3771 4818 παιδευομένομς

2266 4854 2369 4907 ὑπὸ
2388 4832 2658 4925 πατέρων,
2679 4856 2773 4907 καὶ
2792 4854 3147 4919 διδασκάλων,
3167 4852 3263 4906 καὶ
3280 4842 3615 4916 παιδαγωγῶν,
3633 4840 3661 4905 ἦ
3686 4832 3775 4887 ῧτπδ

2269 4946 2465 5018 ἰατρῶν
2487 4950 2598 5010 τοῖς
2632 4946 2930 5018 θεραπείας
2950 4946 3137 4999 ἕνεκεν
3173 4940 3507 5015 τεμνομένοις
3540 4935 3566 5004 ἤ
3596 4943 3746 5018 ita-atq

2267 5038 2608 5110 βιαζομένοις
2652 5039 2885 5109 λέγομεν
2940 5037 3032 5091 τὸν
3086 5035 3297 5106 πατέρα
3347 5024 3618 5085 κακοποιεῖν
3675 5016 3746 5110 toi

2264 5132 2418 5195 υἱοῖς,
2464 5129 2496 5199 ἥ
2544 5131 2669 5193 τοὺς
2712 5131 3114 5197 παιδαγωγοὺς,
3146 5128 3179 5198 ἢ
3213 5127 3336 5190 τοὺς
3386 5112 3703 5176 διδασκάλους.

2262 5222 2387 5285 “bc
2432 5222 2664 5293 ίατρούς’
2701 5222 2853 5276 οὐδὲν
2901 5223 2966 5277 ἂν
2998 5220 3379 5292 κατηγοροίντο
3403 5214 3448 5269 οἰ
3472 5209 3721 5266 τύπτοντες

2257 5547 2360 5592 κει,
2395 5530 2673 5600 ςοιίίιηεεη
2708 5531 2774 5585 τά
2794 5530 2937 5586 οὕτω
2996 5531 3142 5586 κακὰ
3172 5531 3461 5600 πεποιήκει.

2328 5601 2442 5669 (⁵7)
2472 5598 2811 5659 lloeschelius
2842 5604 2895 5659 in
2942 5613 3114 5671 textu,
3144 5598 3381 5668 διδόσθω,
3406 5598 3561 5664 sicque
3612 5600 3675 5641 ω

2255 5671 2589 5741 Anglicanus
2634 5672 2679 5723 Ι.
