3846 6406
160 333 280 388 1585

1367 317 1649 381 CONTRA
1685 322 1966 380 CELSUM
2003 324 2132 380 LIB.
2174 321 2263 380 Vl.

3249 331 3384 388 1586

146 451 482 518 ηὲτέμνοντες·
505 443 766 512 οὖτωςεὶὑ
794 445 925 510 Θεὸς
947 444 1164 514 λέγεται
1179 443 1247 498 τὰ
1269 444 1442 499 τοιαδὶ
1471 445 1692 513 ἐπάγειν

1804 443 2417 510 νει-υοτεηινοιεεοθιιι
2454 445 2572 501 :sic
2621 446 2752 502 nihil
2796 447 3014 504 absurdi
3075 457 3156 505 cst
3201 452 3388 507 dicere

153 541 454 612 ἐπιστροφῆς
477 540 566 592 καὶ
585 535 872 608 θεραπείας
892 535 1075 588 ἕνεκεν
1099 534 1205 586 τῶν
1229 533 1498 603 δεομένων
1524 534 1696 586 τοιού-

151 651 242 689 των
270 633 456 695 πόνων,
507 630 653 682 οὐδὲν
681 627 746 682 ἂν
778 627 974 681 ἄτοπον
1018 629 1046 679 ὁ
1087 625 1242 694 λόγος
1288 625 1420 696 ἔχοι·
1467 623 1579 678 οὔτ’
1627 624 1693 677 ἂν

154 745 170 777 ι
198 723 482 796 καταϐαίνῃ
509 720 652 775 κακὰ
671 721 827 792 παρὰ
854 718 1059 790 Κυρίου
1090 718 1181 770 ὲπὶ
1207 717 1382 779 πύλας
1423 717 1691 788 Ἰερουσα-

149 816 260 888 λὴμ,
296 835 314 867 ι
343 814 438 886 τὴν
471 813 762 880 ὑπόστασιν
796 811 986 882 ἔχοντα
1020 811 1079 863 ὲν
1119 811 1233 872 τοῖς
1261 808 1368 863 ἀπὸ
1396 808 1504 862 τῶν
1537 809 1693 862 πολε-

150 910 269 977 μίων
299 906 497 968 πόνοις,
540 901 970 978 προσαγομένοις
997 903 1181 964 αὐτοῖς
1205 901 1286 964 είς
1333 903 1689 972 ἐπιστροφήν

147 1000 240 1053 οὔτ’
261 999 322 1054 ἂν
355 1017 373 1050 ι
417 999 815 1068 ὲπισκέπτηται
845 996 902 1047 ὲν
933 993 1110 1066 ῥάϐδῳ
1147 993 1244 1056 τὰς
1278 991 1504 1063 ἀνομίας
1541 1012 1558 1043 ι
1587 992 1694 1044 τῶν

147 1089 587 1160 ἐγκαταλιπόντων
611 1088 700 1142 τδν
732 1085 895 1158 νόμον
914 1085 1007 1139 τοῦ
1033 1083 1189 1148 Θεοῦ,
1225 1104 1242 1135 ι
1269 1084 1362 1138 καὶ
1389 1084 1447 1137 ὲν
1476 1083 1694 1154 μάστιξι

145 1183 227 1246 τὰς
256 1181 522 1254 ἁμαρτίας
543 1179 738 1234 αὐτῶνο
779 1197 798 1230 ι
835 1177 945 1232 οὔτ’
977 1178 1041 1231 ἂν
1067 1177 1199 1248 λέγῃ
1230 1179 1310 1242 τὸ,
1343 1196 1362 1227 ι
1395 1177 1581 1246 Ἔχεις
1604 1177 1695 1230 άν-

143 1274 330 1345 θρακας
366 1273 557 1345 πυρὸς,
595 1271 813 1325 κάθισαι
846 1269 932 1322 ἐπ’
963 1265 1176 1331 αὐτούς·
1209 1261 1350 1320 οὗτοι
1373 1265 1582 1320 ἔσονταί
1614 1283 1695 1320 σοι

145 1365 356 1437 βοήθεια.
406 1382 426 1415 ι
461 1364 657 1418 Τοῦτον
685 1363 742 1416 δὲ
773 1362 864 1416 τὸν
891 1359 1092 1434 τρόπον
1128 1363 1217 1414 καὶ
1247 1365 1329 1424 τὸ,
1361 1379 1380 1411 ι
1426 1359 1484 1414 '0
1527 1360 1695 1413 ποιῶν

142 1460 360 1530 εἰρήνην,
396 1458 492 1510 καὶ
514 1455 711 1519 κτίζων
739 1454 904 1519 κακὰ,
939 1452 1292 1524 διτηιγούμεθα⁸
1332 1473 1350 1504 ι
1388 1450 1564 1516 κτίζει
1586 1451 1694 1523 γὰρ

140 1553 196 1606 τὰ
228 1547 504 1620 σωματικὰ
532 1545 564 1617 ῆ
597 1546 665 1599 τά
713 1546 869 1610 ὲκτδς
900 1544 1064 1609 κακὰ,
1119 1543 1396 1616 καθαίρων
1434 1543 1527 1598 καὶ
1573 1562 1695 1597 παι-

139 1641 285 1695 δεύων
312 1640 437 1703 τοὺς
464 1638 538 1709 μὴ
574 1635 932 1710 βουληθέντας
953 1635 1303 1707 παιδευθῆναι
1324 1635 1467 1707 λόγῳ
1495 1639 1588 1691 καὶ
1615 1639 1694 1691 δι-

139 1731 378 1803 δασκαλίᾳ
421 1731 582 1799 ὑγιεῖ.
619 1729 730 1781 Καὶ
763 1727 935 1783 ταῦτα
971 1728 1068 1798 μὲν
1091 1729 1172 1791 είς
1195 1734 1280 1788 τὸ,
1319 1746 1337 1778 ι
1369 1727 1495 1792 Πῶς
1522 1729 1619 1799 μὲν
1667 1730 1694 1780 ὁ

137 1823 249 1887 Θεὸς
268 1823 409 1877 κακὰ
443 1822 649 1887 ἐποίει;
701 1842 718 1872 ι

196 1916 280 1979 Εἰς
329 1915 384 1969 δὲ
443 1918 525 1982 τὸ,
557 1934 574 1966 ι
611 1913 736 1977 Πῶς
775 1911 983 1967 πείθειν
1035 1913 1129 1966 κα).
1176 1913 1444 1966 νουθετεῖν
1508 1913 1699 1968 ἀδυνα-

133 2011 226 2072 rei;
263 2027 280 2058 ι
309 2006 627 2079 προείρηται
661 2005 782 2075 μὲν,
812 2005 894 2058 δτι
927 2007 1091 2058 πᾶσιν
1120 2003 1206 2069 ἂν,
1240 2006 1397 2075 εἴπερ
1447 2005 1700 2076 ἔγκλημά

132 2103 229 2151 ἐστι
253 2099 308 2151 τὸ
333 2097 597 2160 τοιοῦτον,
629 2097 958 2167 προσάγοιτο
989 2098 1022 2169 ἡ
1049 2097 1142 2150 τοῦ
1175 2096 1386 2150 Κέλσου
1421 2097 1565 2163 λέξις
1585 2101 1699 2163 τοῖς

129 2190 524 2260 ἀποδεχομένοις
557 2190 842 2260 Πρόνοιαν’
883 2188 1283 2259 ἀπολογήσαιτο
1312 2187 1354 2240 δ’
1387 2189 1468 2242 ἄν·
1488 2206 1591 2253 τις,
1616 2191 1697 2244 ὅτι

129 2279 405 2333 νουθετεῖν
430 2279 531 2350 μὲν
555 2279 655 2332 οὐκ
681 2280 933 2333 ἀδυνατεῖ
957 2279 986 2331 ό
1007 2277 1157 2342 Θεός·
1189 2278 1432 2332 νουθετεῖ
1457 2279 1567 2351 γὰρ
1609 2280 1699 2334 διὰ

133 2375 295 2444 πάσης
321 2372 565 2446 γραφῆς,
598 2374 694 2427 καὶ
721 2373 808 2427 διὰ
832 2373 942 2425 τῶν
969 2372 1150 2443 χάριτι
1177 2373 1534 2428 διδασκόντων
1562 2373 1697 2428 Θεοῦ

128 2466 231 2528 τοὶς
252 2464 566 2528 ἀκούοντας.
589 2466 651 2518 El
682 2465 756 2536 μὴ
788 2467 895 2538 ἄρα
917 2466 1047 2519 ἴδιόν
1069 2483 1118 2518 τι
1144 2465 1546 2537 σημαινόμενον
1584 2464 1701 2530 ἐξα-

129 2556 312 2610 κούοιτο
363 2559 446 2622 είς
474 2559 535 2610 τὸ
561 2559 867 2612 νουθετεῖν
908 2559 1041 2630 (38),
1077 2559 1136 2611 τὸ
1187 2559 1280 2612 καὶ
1315 2559 1698 2628 ἐπιτυγχάνειν

128 2649 175 2699 ὲν
197 2648 268 2719 τῷ
291 2648 716 2721 νουθετουμένῳ,
751 2650 844 2704 καὶ
867 2649 1086 2704 ἀκούειν
1115 2650 1207 2703 τὸν
1230 2649 1322 2702 τοῦ
1355 2649 1699 2714 διδάσκοντος

129 2738 278 2808 λόγον’
307 2741 447 2812 ὅπερ
492 2742 610 2794 ἐστὶ
649 2741 800 2813 παρὰ
830 2741 928 2813 τὴν
966 2741 1172 2796 ἔννοιαν
1199 2741 1293 2796 τοῦ
1331 2741 1696 2814 τετριμμένου

128 2833 176 2885 ἐν
199 2836 256 2903 τῇ
289 2831 547 2904 συνηθείᾳ
580 2832 1001 2904 σημαινομένου.
1039 2834 1134 2896 Εἰς
1159 2832 1214 2885 δὲ
1243 2835 1334 2896 τὸ,
1372 2850 1390 2882 ι
1428 2831 1555 2895 Πῶς
1580 2830 1699 2883 πεί-

129 2923 224 2976 Θειν
253 2925 540 2989 άδυνατεῖς
585 2945 602 2978 ι
651 2926 745 2978 καὶ
792 2925 922 2977 αὐτὸ
979 2924 1251 2996 προαχθὲν
1285 2923 1350 2976 ἂν
1399 2924 1535 2976 πᾶσι
1587 2924 1698 2985 τοῖς

132 3013 367 3084 Πρόνοιαν
394 3015 881 3088 παραδεχομένοις,
917 3014 1088 3068 ταῦτα
1109 3013 1346 3066 λεκτέον.
1390 3011 1605 3082 Ἐπειδὴ
1639 3011 1699 3062 τὸ

129 3105 414 3161 πείθεσθαι
453 3105 564 3175 (59)
598 3104 835 3174 ὡσπερεὶ
855 3103 965 3156 τῶν
997 3102 1346 3172 καλουμένων
1377 3101 1698 3152 ἀντιπεπον-

127 3195 271 3250 θότων
301 3199 474 3262 ἐστὶν,
509 3195 859 3265 ἀνάλογοντῷ
876 3194 1174 3262 κείρεσθαι
1205 3191 1511 3260 ἄνθρωπον,
1544 3189 1695 3258 ὲνερ-
1723 3229 1764 3286 C

126 3286 297 3351 γοῦντα
333 3286 396 3340 to
430 3286 692 3356 παρέχειν
719 3284 906 3337 ἑαυτὸν
936 3283 1014 3354 τῷ
1047 3283 1302 3354 κείροντι·
1338 3280 1424 3334 διὰ
1452 3279 1608 3332 τοῦτο
1632 3279 1692 3330 οὐ

129 3376 272 3446 μόνης
301 3375 478 3430 δεῖται
515 3376 614 3446 τῆς
643 3373 738 3427 τοῦ
770 3373 1050 3436 πείθοντος
1083 3370 1384 3442 ἐνεργείας,
1414 3369 1551 3422 ἀλλὰ
1603 3368 1696 3421 καὶ

124 3467 226 3534 τῆς,
269 3467 332 3520 ἶν’
364 3466 545 3530 οὕτως
585 3465 859 3536 ὀνομάσω,
895 3461 1264 3526 ﬁnemﬁnem;
1294 3459 1431 3532 πρὸς
1457 3460 1549 3514 τὸν
1579 3460 1698 3512 πεί-

123 3554 283 3623 θοντα,
319 3560 352 3630 ἢ
390 3558 712 3631 παραδοχῆς
749 3557 858 3611 τῶν
907 3554 1218 3627 λεγομένων
1275 3555 1379 3608 ὑπὸ
1437 3552 1531 3606 τοῦ
1578 3554 1698 3605 πεί-

122 3648 445 3716 θοντος.-Διὰ
495 3651 656 3704 τοῦτο
721 3651 781 3704 οὐ
845 3651 1000 3721 παρὰ
1049 3647 1112 3702 τὸ
1166 3647 1241 3720 μὴ
1295 3646 1556 3701 δύνασθαι
1603 3647 1694 3699 τὸν

121 3740 234 3796 Θεὸν
281 3744 492 3798 πείθειν
532 3743 753 3797 λεκτέον
781 3744 907 3807 τοὺς
951 3742 1026 3813 μὴ
1062 3740 1419 3811 πειθομένους
1455 3741 1531 3812 μὴ
1568 3737 1691 3792 πεί-

121 3829 304 3897 θεσθαι,
356 3832 501 3888 ἀλλὰ
555 3833 705 3903 παρὰ
744 3831 804 3885 τὸ
857 3832 1098 3895 ἐκείνους
1147 3832 1222 3902 μὴ
1277 3828 1528 3900 δέχεσθαι.
1568 3829 1694 3892 τοὺς

123 3925 384 3988 πιστικοὺς
441 3923 555 3995 (40)
601 3923 791 3993 λόγους
827 3922 920 3976 τοῦ
967 3921 1121 3976 Θεοῦ.
1176 3922 1345 3974 Τοῦτο
1393 3922 1450 3975 δὲ
1487 3920 1580 3974 καὶ
1609 3922 1694 3974 ἐπ’

120 4014 401 4084 ἀνθρώπων
419 4016 594 4084 λέγων
619 4033 724 4079 τις,
741 4013 1157 4087 ὀνομαζομένων
1184 4014 1404 4078 πειθοῦς
1435 4014 1696 4084 δημιουρ-

121 4106 232 4171 γῶν,
270 4111 370 4162 οὐκ
422 4107 488 4162 ἂν
537 4109 772 4179 ἁμάρτοι
833 4107 967 4180 (41)·
1020 4106 1244 4160 δυνατὸν
1298 4107 1407 4179 γάρ
1459 4107 1553 4160 κα).
1601 4105 1694 4159 τὸν

119 4198 280 4269 ἄκρως
313 4201 686 4270 κατειληφότα
723 4200 792 4254 τὰ
837 4200 940 4270 τῆς
987 4199 1286 4273 ῥητορικῆς
1335 4199 1689 4271 θεωρήματα,

118 4289 199 4340 καὶ
227 4290 455 4353 δεόντως
478 4291 663 4354 αὐτοῖς
689 4291 989 4364 χρώμενον,
1024 4293 1203 4347 πάντα
1231 4289 1328 4363 μὲν
1355 4294 1526 4346 ποιεῖν
1557 4291 1693 4363 πρὸς

116 4378 167 4429 τὺ
195 4382 418 4446 πείθειν,
474 4384 548 4454 μὴ
583 4384 921 4453 τυγχάνοντα
954 4385 1010 4438 δὲ
1048 4379 1146 4456 τῆς
1168 4386 1541 4457 προαιρέσεως
1595 4383 1690 4436 τοῦ

117 4470 404 4538 ὀφείλοντος
436 4475 720 4530 πείθεσθαι
743 4476 918 4531 δοκεῖν
950 4479 1022 4550 μὴ
1059 4479 1284 4533 πείθειν.
1326 4481 1446 4533 ’Ὁτι
1477 4479 1554 4543 δὲ,
1592 4477 1691 4531 κᾶν

1803 536 1946 590 mala
1977 538 2223 606 quzedam
2251 552 2280 591 a
2323 537 2435 594 Deo
2475 539 2657 594 induci
2699 541 2765 592 ad
2791 544 3188 597 convertendos
3220 552 3275 597 et
3300 559 3390 598 sa-

1804 627 2012 682 nandos
2040 628 2129 697 qui
2160 627 2470 697 hnjusmodi
2527 630 2791 686 molestiis
2835 647 2970 700 opus
3005 633 3231 689 trahent.
3262 634 3383 690 Non

1805 718 2098 774 absnrdum
2142 721 2307 774 etiam
2364 737 2383 772 ι
2443 720 2582 774 mala
2613 736 2640 774 a
2674 722 2903 778 Domino
2959 725 3292 782 descendere
3323 727 3383 782 in

1804 819 1988 878 portas
2021 809 2322 866 Jerusalem
2352 812 2401 877 °,
2445 830 2464 865 ι
2496 826 2615 882 quae
2638 815 2778 870 mala
2805 817 2981 887 posita
3003 825 3164 873 erant
3191 818 3244 873 in
3268 831 3386 872 mo-

1803 900 2134 970 lestiisquas
2159 903 2348 959 hostes
2377 906 2687 974 pariebant,
2720 915 2774 961 ct
2836 922 2957 976 quae
3005 911 3384 966 conversionis

1803 1009 1966 1048 causa
1991 994 2408 1065 inlligcbantur;
2438 1013 2458 1047 ι
2489 997 2706 1051 visitari
2739 999 2790 1052 in
2830 1000 2981 1068 virga
3012 1001 3330 1070 iniquitates
3360 1023 3379 1055 ι

1804 1085 1973 1156 legem
2006 1087 2099 1142 Dci
2132 1088 2576 1158 relinquentium,
2617 1110 2635 1142 ι
2682 1091 2811 1146 etin
2843 1093 3161 1149 verberibus
3185 1111 3382 1164 pecca-

1803 1184 1855 1230 ta
1877 1177 2142 1242 eorum';
2182 1197 2199 1228 ι
2231 1187 2284 1232 et
2310 1179 2450 1233 istud
2487 1179 2632 1234 dici:
2668 1197 2688 1230 ι
2723 1179 2900 1236 [labes
2918 1185 3184 1239 carbones
3214 1185 3380 1256 ignis,

1805 1268 1932 1323 sede
1957 1282 2120 1336 super
2147 1283 2265 1334 eos,
2307 1269 2408 1338 ipsi
2451 1271 2548 1326 tibi
2576 1281 2740 1328 erunt
2779 1274 2986 1329 auxilio
3012 1275 3054 1330 ⁸.
3092 1294 3110 1328 ι
3144 1276 3200 1330 1η
3226 1293 3382 1333 cam-

1805 1359 1926 1412 dcm
1971 1361 2297 1415 sententiam
2352 1361 2494 1416 istud
2543 1363 2867 1432 exponimus
2918 1385 2981 1420 ε(
3029 1365 3142 1436 Ego
3178 1367 3385 1425 faciens

1805 1465 1995 1520 pacem
2035 1461 2088 1505 et
2117 1467 2312 1507 crcans
2341 1453 2484 1506 mala
2510 1455 2571 1520 ος
2606 1473 2624 1506 ι
2669 1465 2822 1511 creat
2855 1457 3000 1511 enim
3039 1473 3302 1528 corporea
3331 1471 3387 1516 et

1803 1544 2076 1598 exteriora
2101 1544 2260 1609 mala,
2282 1545 2459 1616 iisque
2487 1555 2680 1617 purgat
2710 1558 2766 1604 et
2793 1551 3104 1620 erudit,qni
3137 1554 3305 1608 verbo
3329 1561 3387 1610 et

1784 1633 2051 1688 doctrina
2101 1649 2237 1689 sana
2281 1637 2500 1691 erudiri
2537 1638 2746 1695 nolunt.
2776 1641 2956 1711 Atque
2983 1643 3096 1700 haec
3121 1644 3176 1699 in
3206 1644 3382 1701 istud!

1810 1741 1828 1774 ι
1861 1724 2150 1791 Quomodo
2190 1725 2329 1781 Deus
2361 1728 2502 1782 mala
2534 1728 2814 1786 faciebat?
2865 1753 2884 1784 ι

1731 1884 1774 1938 Β
1874 1908 1966 1963 5.7.
2002 1907 2159 1965 Nunc
2205 1910 2272 1963 ad
2322 1908 2448 1964 illud
2493 1925 2508 1964 :
2555 1929 2573 1963 ι
2629 1913 2915 1980 Quomodo
2955 1918 3288 1985 persuadere
3331 1930 3388 1975 et

1803 1999 2010 2054 hortari
2049 2015 2154 2055 non
2191 2001 2412 2070 potest?
2446 2021 2464 2054 ι
2502 2001 2621 2057 Jam
2647 2004 2778 2069 dixi,
2813 2005 2864 2060 id
2899 2009 3040 2076 quod
3068 2009 3257 2065 Celsus
3297 2011 3387 2067 hic

1801 2092 2013 2160 objicit,
2044 2092 2089 2146 si
2116 2103 2405 2164 propterea
2440 2094 2492 2149 iu
2521 2094 2610 2164 jus
2661 2098 2845 2151 vocari
2895 2114 3212 2168 possumus,
3243 2101 3388 2170 obji-

1802 2184 2057 2239 ciendum
2097 2199 2219 2239 esse
2278 2187 2533 2242 omnibus
2579 2187 2986 2245 Providentiam
3047 2193 3388 2247 admittenti-

1801 2275 1923 2330 bus.
1957 2275 2316 2346 Responderit
2344 2279 2511 2333 etiam
2538 2280 2739 2349 aliquis
2775 2281 2939 2335 Deum
2967 2283 3174 2337 hortari
3203 2299 3383 2352 posse,

1800 2367 2236 2437 quandoquidem
2285 2384 2382 2438 per
2425 2380 2594 2424 tatam
2631 2372 2969 2442 Scripturam
3011 2374 3284 2439 hortatur,
3328 2387 3386 2432 et

1802 2475 1899 2527 per
1927 2473 2020 2512 eos
2052 2460 2141 2528 qui
2174 2459 2267 2512 Dei
2301 2463 2480 2528 gratia
2510 2462 2709 2515 docent
2745 2464 3058 2520 audientes.
3103 2464 3215 2520 Nisi
3245 2463 3388 2524 forte

1802 2552 2016 2620 propria
2055 2552 2300 2620 qurcdam
2342 2551 2432 2607 isti
2469 2554 2632 2607 verbo
2662 2552 2865 2608 hortari
2907 2557 3229 2626 signiﬁcatio
3281 2561 3384 2614 tri-

1804 2641 2017 2705 buatur,
2071 2639 2225 2710 quasi
2283 2639 2423 2694 idem
2479 2642 2810 2711 exprimeret
2882 2660 2946 2700 ac
2996 2656 3282 2715 penetrare
3327 2649 3382 2703 in

1802 2731 2044 2785 animum
2099 2731 2217 2799 ejus
2253 2732 2321 2786 ad
2353 2747 2512 2801 quem
2563 2733 2801 2789 hortatio
2844 2734 2933 2800 ﬁt,
2969 2745 3024 2792 et
3073 2737 3290 2795 eﬁiccre
3323 2750 3386 2795 ut

1803 2837 2111 2878 sermonem
2155 2823 2405 2878 docentis
2437 2824 2747 2894 intelligat;
2787 2828 2838 2879 id
2885 2831 3028 2898 quod
3063 2831 3130 2885 ab
3181 2832 3378 2886 usitata

1801 2915 2206 2985 signiﬁcatione
2232 2916 2457 2971 recedit.
2507 2915 2559 2969 In
2604 2915 2748 2970 istud
2796 2932 2925 2974 vero
2965 2937 2978 2973 :
3025 2939 3044 2972 ι
3097 2920 3385 2987 Quomodo

1803 3007 2138 3076 persuadere
2175 3022 2278 3062 non
2305 3009 2526 3077 potest?
2567 3028 2586 3062 ι
2620 3011 2762 3079 quod
2794 3021 2847 3066 et
2877 3013 3049 3080 ipsum
3090 3013 3385 3070 Providen-

1805 3098 1935 3151 tiam
1994 3098 2419 3154 admittentibus
2452 3100 2616 3170 objici
2659 3110 2854 3170 potest,
2903 3102 3212 3167 dicendum,
3251 3105 3381 3174 quia

1802 3189 1904 3244 hoc
1930 3192 2153 3244 verbum
2197 3192 2507 3258 persuaderi
2559 3207 2624 3247 ex
2673 3192 2959 3247 verborum
3018 3207 3246 3249 numero
3296 3205 3385 3250 est

1801 3295 1924 3350 quae
1972 3281 2239 3350 duplicem
2278 3281 2545 3336 actionem
2592 3282 2872 3344 indicant;
2942 3283 3244 3352 cujusmodi
3295 3295 3385 3340 est

1809 3373 2040 3438 tonderi,
2072 3373 2215 3442 quod
2241 3373 2513 3445 signiﬁcat
2549 3383 2601 3429 et
2648 3375 2920 3429 actionem
2980 3377 3279 3440 tondentis,
3323 3387 3382 3433 et

1801 3465 2068 3520 actionem
2100 3462 2221 3533 ejus
2255 3465 2344 3535 qui
2380 3479 2440 3520 se
2473 3465 2675 3534 praebet
2712 3467 3042 3523 tondendum
3080 3485 3093 3522 :
3129 3478 3384 3539 propter.

1797 3569 1861 3610 ea
1917 3571 2022 3611 non
2067 3557 2243 3611 solum
2267 3571 2406 3627 opus
2442 3570 2564 3612 esse
2595 3559 2976 3626 persuadentis
3022 3561 3257 3626 actione,
3286 3562 3402 3616 scd-

1800 3649 1966 3703 etiam
1988 3658 2045 3702 ut
2074 3652 2164 3718 qui
2199 3649 2586 3717 persuadetur,
2609 3664 2690 3712 se,
2725 3659 2785 3703 ut
2814 3649 2885 3703 ita
2906 3649 3118 3720 loquar,
3149 3666 3384 3722 persua-

1799 3740 1947 3795 denti
1970 3741 2274 3806 submittat,
2303 3749 2395 3794 aut
2420 3739 2650 3809 recipiat
2681 3755 2800 3810 qua:
2845 3756 2875 3795 a
2907 3743 3270 3810 persuadente
3299 3743 3384 3798 di~

1799 3840 2016 3886 cuntur.
2056 3828 2418 3898 Quamobrem
2452 3832 2496 3886 si
2535 3834 2627 3902 qui
2653 3848 2761 3887 non
2803 3834 3220 3902 persuadeatur,
3274 3849 3382 3890 non

1800 3925 2004 3979 idcirco
2034 3924 2320 3980 dicendum
2347 3925 2398 3978 id
2430 3925 2557 3978 inde
2596 3925 2752 3987 oriri,
2785 3926 2930 3993 quod
2967 3925 3108 3980 Dens
3153 3943 3384 3997 persua«

1799 4016 1926 4070 dere
1948 4029 2052 4070 non
2076 4015 2270 4084 possit,
2309 4015 2402 4069 sed
2463 4013 2606 4083 Quod
2644 4014 2718 4068 illi
2756 4015 2848 4070 Dei
2893 4031 3177 4072 sermones
3202 4019 3268 4072 ad
3296 4019 3385 4072 ra-

1798 4107 2044 4161 ciendam
2082 4106 2246 4160 ﬁdem
2278 4115 2434 4175 aptos
2478 4120 2582 4159 non
2633 4108 2950 4162 admittant.
2985 4107 3129 4162 Idem
3169 4111 3260 4176 qui
3296 4111 3382 4164 di-

1797 4208 1950 4254 ceret
1981 4202 2046 4252 de
2074 4197 2184 4252 illis
2207 4197 2526 4250 hominibus
2575 4213 2715 4266 quos
2742 4200 3107 4266 persuadendi
3136 4201 3381 4256 artiﬁces

1795 4305 2078 4356 vocamus,
2108 4305 2214 4343 non
2247 4289 2548 4343 falleretur.
2586 4288 2730 4343 Fieri
2761 4290 2906 4344 enim
2955 4299 3133 4358 potest
3181 4300 3239 4344 ut
3277 4292 3382 4346 ali-

1797 4384 1918 4454 quis
1953 4384 2196 4452 apprime
2223 4381 2506 4435 rhetorica:
2535 4392 2804 4450 pra‘ccpta
2840 4382 3048 4438 callens
3105 4383 3282 4452 iisque
3319 4393 3382 4438 ut

1795 4490 1897 4544 par
1925 4485 2005 4530 est
2029 4485 2186 4528 utens
2203 4475 2390 4526 omnia
2413 4474 2477 4526 ad
2500 4473 2936 4538 persuadendum
2965 4473 3148 4543 faciat,
3176 4489 3276 4530 nec
3297 4483 3382 4528 ta-

114 4565 166 4617 τὸ
188 4571 464 4632 πιστικοὺς
498 4569 609 4640 (42)
658 4569 912 4636 λέγεσθαι
965 4570 1154 4640 λόγους
1199 4568 1309 4624 άπὸ
1358 4571 1494 4624 Θεοῦ
1527 4570 1691 4641 ἔρχη-

1803 4585 1916 4624 mcn
1952 4569 2207 4621 videatur
2255 4568 2614 4636 persuadere,
2646 4575 2930 4635 pmpterea
2972 4567 3114 4635 quod
3159 4567 3380 4620 vincere

116 4673 212 4719 ται,
236 4662 294 4714 τό
321 4680 385 4731 γε
427 4660 710 4713 πείθεσθαι
745 4663 844 4716 οὐκ
887 4662 1034 4716 ἔστιν
1086 4661 1193 4716 ἀπὸ
1234 4661 1388 4716 Θεοῦ·
1423 4662 1610 4732 σαφῶς
1654 4661 1684 4712 ό

115 4747 302 4816 Παῦλος
331 4753 599 4819 διδάσκει,
633 4752 826 4821 λέγων·
861 4773 880 4804 ‹
930 4755 994 4806 Ἠ
1024 4755 1292 4824 πεισμονὴ
1327 4754 1426 4808 οὐκ
1479 4755 1544 4808 ὲκ
1587 4752 1680 4806 τοῦ

113 4842 385 4910 καλοῦντος
418 4847 564 4916 ὑμᾶς
600 4844 733 4912 (45).
773 4864 790 4894 ι
829 4845 1081 4899 Τοιοῦτόν
1111 4847 1341 4900 ἐστικαὶ
1374 4850 1462 4914 τὸ,
1495 4866 1512 4898 ι
1557 4845 1684 4899 Ἐὰν

112 4933 305 5024 Beia-,5:
341 4937 439 4992 καὶ
465 4937 820 5008 είσακούσητέ
849 4954 972 5009 μου,
1002 4939 1070 4991 τὰ
1097 4938 1278 5008 ἀγαθὰ
1309 4940 1407 5010 τῆς
1441 4939 1547 5011 γῆς
1577 4939 1681 5008 φά-

1796 4679 1902 4718 non
1936 4659 2248 4730 potestejus
2274 4657 2612 4713 voluntatem
2636 4659 2726 4727 qui
2764 4657 3078 4726 persuaderi
3111 4656 3379 4712 debet.Et

1795 4771 1926 4811 sane
1962 4755 2106 4822 quod
2138 4767 2225 4807 res
2265 4752 2520 4806 dicantur
2557 4750 2621 4804 ad
2664 4749 3101 4819 persuadendum
3143 4749 3374 4815 idoncte,

1797 4849 1849 4901 id
1902 4862 1930 4900 a
1982 4847 2090 4900 Deo
2141 4844 2538 4914 proﬁciscitur,
2596 4841 2974 4910 persuasionis
3027 4850 3211 4896 autem
3265 4858 3375 4897 non

1795 4940 1940 4994 Deus
1973 4937 2083 4991 'est
2136 4946 2328 4990 auctor
2381 4951 2392 4987 :
2454 4936 2618 5003 idque
2679 4935 2962 5006 perspicue
3015 4933 3177 4990 docet
3234 4933 3378 4988 l‘au—

174 5092 196 5124 ⁸
223 5090 386 5174 Mich.
420 5109 459 5160 ι,
489 5093 580 5147 12.
658 5093 677 5124 ⁷
706 5091 848 5149 l’sal.
876 5108 1143 5160 Lxxxvut,
1172 5092 1262 5149 52.
1341 5094 1363 5124 ⁸
1394 5093 1495 5148 lsa.
1524 5109 1694 5157 uvu,
1726 5093 1814 5156 14,
1847 5093 1936 5150 15.
2015 5093 2034 5125 °
2068 5092 2170 5148 lsa.
2199 5107 2322 5157 xcv,
2352 5093 2405 5145 7.

182 5245 288 5319 (38)
323 5249 485 5303 Libh.
533 5257 689 5319 antea
737 5249 865 5319 editi
915 5250 966 5302 in
1006 5247 1253 5318 margine
1297 5248 1519 5312 habent,
1559 5247 1687 5301 ἴδιόν

109 5317 276 5391 τιςση
286 5319 614 5391 μαινόμενον
637 5317 890 5391 ,ἐξακούει
918 5319 979 5371 τὸ
1010 5317 1304 5391 νουθετεῖν.

171 5388 296 5458 (59)
318 5388 556 5458 Ἐπειδὴ
585 5390 652 5442 τὸ
678 5391 1009 5449 πείθεσθαι.
1033 5399 1142 5443 etc.
1194 5389 1373 5444 Locus
1417 5389 1504 5442 hic
1541 5388 1682 5443 inte-

109 5471 198 5526 ger
221 5475 340 5514 esse
372 5477 482 5514 non
517 5461 729 5514 videtur
754 5459 952 5514 Guieto
987 5461 1078 5530 qui
1112 5459 1342 5530 dubitat
1381 5473 1448 5511 au
1497 5459 1568 5512 ita
1611 5461 1686 5530 sit

109 5532 452 5602 corrigendus
489 5549 502 5584 :
553 5530 769 5602 Ἐπειδὴ
794 5530 862 5602 τὸ
909 5528 1235 5602 πείθεσθαι,
1287 5530 1530 5602 ὡσπερεὶ
1570 5528 1679 5602 τῶν

107 5600 446 5671 καλουμένων
486 5600 952 5656 ἀντιπεπονθότων
1006 5600 1083 5663 ὃν,
1125 5601 1382 5671 ἀνάλογον
1433 5600 1510 5671 τῷ
1567 5600 1680 5653 κεί-

109 5669 318 5738 ρεσθαι,
368 5672 538 5742 ἤγουν
593 5672 671 5742 τῷ
732 5671 992 5742 παρέχειν
1046 5671 1238 5724 ἑαυτὸν
1289 5669 1367 5741 τῷ
1415 5669 1672 5742 κείροντι.

106 5742 279 5822 Itaque
309 5742 404 5805 τὰ,
436 5742 742 5822 ᾷνθρωπον,
795 5751 850 5822 et
897 5742 1260 5822 ἐνεργοῦντα,
1311 5757 1457 5822 mera
1499 5743 1678 5822 8υέῃὶ-

109 5821 252 5866 catur
272 5828 398 5868 esse
422 5812 770 5880 glossemata.
801 5812 919 5878 Qua
945 5812 1076 5869 vero
1104 5813 1170 5868 de
1192 5827 1353 5870 causa
1389 5812 1467 5869 sic
1488 5812 1676 5882 opi'neo

425 5906 695 5968 Ρηιιοι..
737 5904 855 5965 Gn.
906 5905 1011 5965 XI.

1795 5257 1904 5314 tur,
1948 5249 2207 5317 ignorare
2242 5263 2328 5303 me
2369 5248 2563 5315 fateor,
2614 5263 2712 5304 nec
2745 5250 2933 5304 videre
2970 5263 3067 5303 cur
3106 5243 3373 5316 ejusmodi

1790 5321 2134 5373 correctione
2183 5319 2422 5387 indigeat
2458 5335 2699 5385 praesens
2755 5320 2930 5384 locus,
2976 5320 3028 5374 in
3071 5335 3179 5389 quo
3238 5319 3371 5374 nihil

1786 5391 1953 5442 etiam
1981 5389 2095 5441 vitii
2122 5392 2343 5458 agnovit
2373 5389 2713 5444 Boherellus.

1878 5459 1968 5524 40)
1993 5456 2336 5524 Πιστικούς.
2362 5459 2590 5513 Guietus
2615 5459 2827 5519 scribit.
2864 5456 3205 5522 πειστικούς.

1881 5529 1969 5600 41)
1994 5529 2148 5596 Μεε.,
2181 5531 2438 5602 ἁμάρτοι.
2471 5528 2691 5584 Ιίωεοιι.
2727 5539 2779 5585 et
2804 5529 3115 5599 Spencerus
3147 5569 3163 5596 ,
3194 5530 3366 5603 άμὰρκο

1781 5613 1880 5654 τει.

1880 5671 1968 5741 42)
1998 5673 2340 5742 Πίστικους.
2379 5671 2531 5742 Legit
2556 5671 2806 5738 Guietus,
2837 5669 3172 5733 πειστικούς.

1880 5673 1968 5741 42)
1998 5673 2340 5736 Πιστικους.
2379 5673 2531 5742 Legit
2556 5673 2806 5738 Guietus,
2837 5673 3172 5733 πειστικούς.

1856 5673 1973 5814 Ξιῦ)
2009 5735 2156 5805 πέδη
2183 5742 2350 5811 ὑμᾶς.
2383 5742 2727 5798 llmscltelius
2761 5753 2817 5797 et
2841 5744 3170 5812 Spencerus.
3195 5736 3368 5811 ἠμῖς.

2977 5915 3052 5953 ιιίι
