3846 6406
475 313 614 369 ἀεει

1981 298 2302 358 ORIGENIS

3574 300 3678 354 1588

472 431 596 494 lus,
657 443 778 482 cum
836 425 912 479 ait
955 441 967 478 :
1018 441 1036 475 ι
1092 421 1383 477 Persuasio
1433 435 1540 476 non
1591 426 1674 473 cst
1723 433 1790 472 ex
1835 431 1900 474 eo
1957 417 2048 486 qui

2162 415 2348 483 γεσοε’
2397 409 2488 464 ἐὰν
2535 409 2593 463 δὲ
2645 409 2716 480 μὴ
2765 407 2977 479 θέλητε,
3027 408 3159 480 μηδέ
3208 409 3548 480 εἰσακούσητέ
3587 431 3687 477 μου,

473 520 637 590 677
685 524 839 571 vocat
896 529 1012 568 vos.
1045 513 1087 544 ¹⁰
1123 531 1141 563 ο
1178 512 1450 579 Ejusmodi
1515 520 1598 566 est
1651 509 1816 564 etiam
1850 509 1990 563 istud
2039 525 2052 561 :

481 635 501 662 ι
541 611 600 666 Si
635 607 913 665 volueritis
936 614 991 658 et
1021 604 1306 660 audieritis
1329 618 1434 669 me,
1457 603 1600 657 bona
1631 611 1789 655 terra:
1813 601 2055 654 comede-

473 705 579 768 tis;
610 701 754 771 quod
785 701 827 753 si
859 698 1163 761 nolueritis,
1198 710 1372 765 neque
1396 694 1680 748 audieritis
1702 708 1808 755 me,
1847 692 2056 762 gladius

474 792 762 848 devorabit
795 807 893 845 vos
915 791 980 844 ¹¹.
1013 807 1032 840 ι
1075 788 1146 844 Ut
1177 788 1321 842 enim
1365 787 1561 853 aliquis
1593 784 1726 840 velit
1756 799 1876 854 qua:
1919 783 2054 836 dicit

473 887 740 946 hortator,
777 893 830 936 et
874 881 980 936 illis
1012 881 1306 935 obsecutus
1340 877 1561 948 dignum
1599 891 1658 932 se
1697 876 1932 946 pra-beat
1961 875 2050 944 qui

471 977 567 1030 Dei
617 974 884 1044 promissa
940 979 1330 1041 consequatur.
1367 983 1504 1037 opus
1546 977 1629 1022 est
1683 977 1740 1020 ut
1799 967 2056 1021 voluntas

472 1062 742 1117 audientis
800 1061 1119 1130 acquiescat
1181 1069 1236 1114 et
1292 1059 1454 1112 dictis
1503 1059 1864 1112 assentiatur.
1907 1058 2052 1123 Qua-

469 1164 694 1224 propter
721 1152 774 1206 in
810 1150 1232 1206 Deuteronomio
1253 1148 1522 1203 luculente
1552 1147 1681 1200 mihi
1708 1148 1908 1201 dictum
1931 1162 2051 1201 esse

469 1245 724 1300 videtur:
761 1261 784 1294 ι
805 1243 872 1298 Ει
905 1257 1068 1306 nunc,
1095 1241 1282 1307 Israel,
1314 1241 1440 1310 quid
1471 1240 1728 1296 Dominus
1758 1238 1899 1294 Deus
1925 1247 2049 1294 tuus

467 1336 607 1406 petit
655 1351 684 1390 a
739 1343 825 1399 te,
863 1334 966 1388 nisi
1017 1342 1075 1386 ut
1105 1332 1310 1398 timeas
1354 1333 1637 1385 Dominum
1676 1330 1837 1383 Deum
1875 1339 2048 1392 tuum,

468 1437 522 1483 et
555 1428 800 1482 ambules
831 1427 884 1480 in
916 1424 1167 1480 omnibus
1197 1425 1301 1478 viis
1332 1424 1468 1492 ejus,
1502 1433 1555 1476 et
1585 1422 1780 1491 diligas
1816 1436 1960 1483 eum,
1995 1429 2051 1474 et

468 1519 749 1574 custodias
773 1518 1021 1571 mandata
1051 1516 1271 1585 eius”?
1313 1535 1331 1566 ι

541 1604 631 1660 58.
665 1605 870 1659 Deinde
909 1603 1260 1659 refellendum
1295 1604 1444 1658 venit
1478 1604 1621 1657 istud
1660 1621 1675 1658 :
1709 1623 1726 1654 ‹
1769 1602 1880 1658 Cur
1921 1619 2044 1658 eum

468 1698 697 1765 panitet
751 1697 994 1766 ingratos
1038 1709 1256 1750 creasse
1301 1705 1357 1750 et
1386 1693 1682 1764 improbos,
1706 1696 1773 1750 de
1796 1712 1891 1750 sua
1929 1705 2046 1750 arte

2162 503 2406 573 μάχαιρα
2440 501 2584 570 ὑμᾶς
2619 500 2924 552 κατέδεται.
2966 518 2984 549 ι
3027 498 3141 553 Ἵνα
3173 501 3280 571 γάρ
3312 519 3392 563 τις
3425 499 3546 574 θέλῃ
3573 504 3685 578 ἆπερ

2156 596 2304 663 λέγει
2329 598 2357 648 ὁ
2385 591 2669 657 νουθετῶν,
2704 593 2801 646 καὶ
2828 593 3151 657 εἰσακούσας
3180 594 3356 647 αὑτῶν
3387 594 3526 658 ἄξιος
3556 596 3683 666 γένη-

2155 705 2245 741 ται
2289 687 2395 740 τῶν
2443 685 2538 740 τοῦ
2587 685 2719 738 Θεοῦ
2786 685 3148 754 ἐπαγγελιῶν,
3217 686 3315 756 τῆς
3367 688 3686 758 προαιρέσεως

2155 780 2246 832 τοῦ
2295 779 2584 842 ἀκούοντος
2617 777 2716 842 δεῖ,
2760 777 2856 830 καὶ
2899 777 2997 847 τῆς
3031 778 3167 848 πρὸς
3201 777 3268 830 τὰ
3300 777 3555 848 λεγόμενα
3593 782 3685 833 ἐπι-

2155 874 2408 938 νεύσεως.
2443 875 2640 944 Διόπερ
2674 876 2733 927 ἐν
2769 874 3173 945 Δευτερονομίῳ
3208 875 3542 944 ἐμφαντικῶς
3571 878 3684 947 εἰρῆ-

2157 965 2279 1018 σθαί
2317 982 2404 1035 μοι
2438 964 2586 1017 δοκεῖ
2631 973 2730 1029 τὸ,
2764 983 2782 1014 ι
2826 963 2936 1017 Καὶ
2968 964 3083 1028 νῦν,
3131 966 3368 1037 Ἰσραήλ,
3398 966 3446 1018 τί
3475 967 3685 1038 Κύριοςό

2153 1059 2284 1120 (θεός
2318 1075 2409 1110 σου
2444 1059 2585 1110 αἰτεῖ
2617 1057 2727 1127 (Μ)
2766 1057 2916 1128 παρά
2944 1056 3058 1119 σοῦ,
3094 1057 3207 1109 ἀλλ’
3242 1059 3274 1128 ἢ
3309 1058 3572 1125 φοϐεῖσθαι
3600 1061 3684 1113 Κύ-

2158 1166 2269 1218 ριον
2302 1150 2392 1201 τὸν
2439 1150 2572 1202 Θεόν
2608 1167 2723 1213 σου,
2762 1149 2856 1202 καὶ
2898 1148 3226 1218 πορεύεσθαι
3276 1152 3333 1202 ἐν
3380 1151 3563 1215 πάσαις
3595 1156 3683 1217 ταῖς

2151 1240 2288 1303 ὁδοῖς
2321 1240 2506 1303 αὑτοῦ,
2557 1240 2650 1294 καὶ
2684 1241 2909 1310 ἀγαπᾷν
2941 1239 3125 1305 αὑτὸν,
3176 1241 3270 1295 καὶ
3303 1239 3578 1308 φυλάσσειν
3610 1241 3682 1304 τὰς

2151 1331 2370 1397 ἐντολὰς
2407 1331 2612 1398 αὑτοῦ;
2657 1351 2676 1384 ι

2218 1604 2330 1662 Εἶθ’
2360 1607 2487 1679 ἑξῆς
2522 1611 2668 1662 ἐστιν
2703 1609 3018 1680 ἀπαντῆσαι
3054 1609 3192 1681 πρὸς
3231 1612 3316 1672 τὸ,
3355 1627 3375 1660 ι
3420 1609 3535 1671 Πῶς
3557 1607 3591 1661 δ’
3618 1595 3684 1662 ἐπ’

2151 1702 2331 1766 αὑτοῖς
2365 1702 2679 1773 ἀχαρίστοις
2716 1703 2813 1756 καὶ
2848 1704 3105 1774 πονηροῖς
3147 1702 3459 1772 γενομένοις
3491 1700 3682 1772 μεταμέ-

467 1792 850 1860 conqueritur,
876 1799 930 1844 et
951 1790 1074 1844 odio
1110 1789 1295 1853 habet,
1327 1787 1560 1841 intendit
1591 1787 1787 1853 minas,
1832 1799 1888 1843 et
1924 1803 2048 1856 pro-

2162 1794 2258 1858 λει,
2290 1794 2383 1846 καὶ
2410 1793 2507 1864 τὴν
2535 1793 2732 1846 ἑαυτοῦ
2757 1794 2954 1865 τέχνην
2993 1793 3289 1864 μέμφεται,
3325 1793 3415 1846 καὶ
3449 1796 3594 1864 μισεῖ,
3615 1791 3686 1844 καὶ

467 1883 620 1952 prios
658 1880 798 1936 ﬁlios
850 1880 1200 1951 pessumslat?
1239 1898 1259 1932 ι
1298 1880 1391 1934 Sic
1437 1881 1656 1935 lacessit
1686 1881 1971 1936 calumniis
1997 1890 2052 1936 et

468 1987 637 2042 prave
679 1973 967 2041 detorquet
1003 1986 1124 2040 quae
1165 1971 1218 2025 in
1250 1969 1446 2026 Genesi
1483 1981 1775 2024 narrantur
1805 1972 1860 2024 in
1907 1972 2053 2027 hunc

470 2066 691 2120 modum
729 2081 744 2118 :
785 2082 802 2114 ι
839 2064 1035 2118 Videns
1075 2073 1256 2118 autem
1285 2063 1430 2117 Deus
1470 2065 1772 2133 completas
1796 2079 1917 2119 esse
1951 2065 2054 2118 ini-

472 2153 714 2222 quitates
764 2153 1044 2208 hominum
1105 2154 1160 2207 in
1228 2165 1397 2218 terra,
1451 2162 1507 2207 et
1566 2168 1757 2209 omnes
1793 2155 1846 2208 in
1889 2155 2053 2210 corde

469 2246 717 2314 cogitare
749 2245 814 2298 de
847 2245 1004 2299 malis
1050 2255 1192 2299 totos
1235 2244 1370 2308 dies,
1399 2245 1722 2313 recogitavit
1754 2244 1899 2299 Deus
1921 2245 2050 2314 quid

471 2341 748 2395 hominem
798 2339 1017 2395 iecisset
1057 2340 1115 2393 in
1145 2350 1314 2402 terra,
1345 2349 1400 2392 et
1424 2340 1659 2393 versavit
1685 2339 1735 2392 in
1760 2339 1924 2393 corde
1955 2353 2054 2393 suo

470 2445 526 2489 et
574 2435 711 2489 dixit
735 2436 875 2489 Deus
918 2451 932 2488 :
966 2432 1164 2487 Delebo
1209 2433 1484 2486 hominem
1519 2446 1680 2500 quem
1717 2430 1820 2486 feci
1850 2446 1880 2485 a
1915 2429 2054 2484 facie

472 2538 657 2595 terrae,
683 2529 753 2582 ab
785 2526 1006 2580 homine
1033 2525 1100 2578 ad
1124 2523 1449 2588 animantia,
1474 2538 1503 2578 a
1548 2523 1726 2593 reptili
1769 2537 1942 2591 usque
1985 2521 2053 2576 ad

470 2619 722 2674 volucres
747 2617 895 2682 coeli,
917 2613 1212 2684 recOgitavi
1242 2615 1386 2668 enim
1413 2615 1555 2683 quod
1576 2627 1670 2668 eos
1695 2612 1914 2667 fecerim
1939 2613 2002 2666 ³³.
2029 2631 2049 2664 ›

472 2710 604 2776 Quae
634 2710 835 2777 scripta
869 2721 974 2760 non
997 2717 1124 2760 sunt
1160 2706 1394 2774 profert,
1422 2703 1578 2772 quasi
1611 2703 1676 2757 iis
1701 2717 1824 2770 qua:
1851 2701 2052 2770 scripta

471 2811 600 2855 sunt
645 2800 990 2862 iudicentur;
1035 2797 1183 2850 nulla
1211 2799 1356 2851 enim
1388 2797 1439 2849 iu
1470 2795 1591 2850 istis
1626 2794 1692 2848 de
1733 2794 2052 2863 pmnitentia

470 2891 568 2946 Dei
598 2892 800 2946 mentio
824 2899 928 2952 est,
957 2890 1137 2944 necde
1153 2904 1248 2942 sua
1281 2897 1398 2942 arte
1427 2888 1610 2956 queri,
1651 2901 1752 2940 nec
1785 2901 1906 2941 eam
1931 2886 2056 2940 odio

476 2984 680 3037 habere
711 2983 929 3051 legitur.
950 2981 1104 3048 Quod
1137 2991 1321 3034 autem
1351 2980 1490 3033 Deus
1523 2977 1766 3032 tninitari
1794 2978 2055 3034 diluvium

471 3083 527 3128 et
573 3073 665 3128 illo
719 3076 970 3142 proprios
1015 3071 1154 3126 ﬁlios
1199 3071 1416 3125 videtur
1456 3070 1832 3140 exstinguere,
1869 3069 2057 3124 dicen-

473 3169 626 3232 dum,
667 3182 788 3221 cum
835 3165 1160 3218 immortalis
1210 3163 1490 3217 hominum
1530 3163 1712 3215 anima
1749 3161 1844 3226 sit,
1879 3162 2056 3217 minas

474 3246 689 3313 illas'eo
722 3257 948 3312 consilio
996 3255 1226 3318 intendi,
1251 3263 1308 3308 ut
1331 3254 1426 3323 qui
1458 3254 1686 3308 audiunt
1728 3262 2052 3308 convertan-

475 3359 598 3414 tur;
631 3349 1059 3402 internecionem
1101 3355 1284 3401 autem
1322 3345 1606 3398 hominum
1660 3361 1756 3413 per
1793 3345 2052 3399 diluvium

474 3456 598 3496 esse
621 3449 780 3495 terra:
805 3440 1220 3508 purgationem;
1250 3439 1299 3491 id
1323 3442 1469 3509 quod
1498 3436 1803 3492 doctissimi
1835 3438 2054 3492 Graeco—

475 3548 600 3586 rum
655 3531 958 3601 philosophi
1003 3531 1200 3585 docent
1233 3530 1322 3583 his
1359 3531 1540 3584 verbis
1585 3548 1599 3582 :
1650 3546 1667 3579 ι
1707 3531 1932 3594 Quando
1979 3527 2054 3582 dii

475 3634 684 3680 terram
719 3623 1092 3694 purgaverint.
1146 3641 1164 3673 ι
1205 3622 1475 3676 (Στειειιιιιι
1504 3623 1570 3674 de
1607 3620 1777 3684 locis,
1819 3621 1906 3673 ubi
1940 3621 2052 3674 Deo

475 3714 794 3769 tribuuntur
833 3713 1056 3769 humani
1092 3710 1358 3777 affectus,
1397 3727 1504 3766 non
1552 3725 1725 3779 pauca
1761 3711 1918 3766 nobis
1937 3710 2053 3781 jam

477 3805 621 3859 dicta
655 3812 782 3858 sunt
811 3803 862 3856 in
891 3803 1294 3873 superioribus.

2159 1885 2389 1950 ἀπειλεῖ,
2421 1886 2516 1938 καὶ
2561 1884 2774 1956 φθείρει
2808 1887 2874 1939 τά
2921 1886 3027 1939 ἴδια
3061 1887 3294 1955 έκγονα;
3347 1905 3366 1938 2
3413 1886 3685 1954 Συκοφαντεῖ

2155 1975 2199 2027 δ’
2236 1977 2293 2027 ἐν
2337 1975 2547 2038 τούτοις
2594 1977 2688 2029 καὶ
2734 1977 3135 2047 καταψεύδεται
3173 1979 3283 2032 τῶν
3321 1980 3378 2032 ἐν
3417 1982 3478 2050 τῇ
3515 1977 3682 2030 Γενέσει

2157 2069 2556 2140 γεγραμμένων
2606 2069 2698 2122 τὸν
2749 2070 2948 2141 τρόπον
2986 2071 3195 2127 τοῦτον·
3246 2074 3389 2127 Ἰδὼν
3430 2073 3483 2125 δὲ
3527 2071 3683 2142 Κύριος

2157 2159 2186 2210 ὁ
2209 2160 2359 2222 Θεὸς,
2395 2159 2477 2211 ὅτι
2511 2159 2924 2230 ἐπληθύνθησαν
2950 2163 3004 2216 αἱ
3031 2163 3221 2216 κακίαι
3254 2165 3361 2216 τῶν
3387 2164 3474 2216 ἐπὶ
3494 2163 3578 2233 τῆς
3601 2161 3682 2232 (45)

2158 2250 2280 2319 γῆς,
2323 2249 2417 2300 καὶ
2464 2251 2572 2312 πᾶς
2603 2267 2687 2313 τις
2720 2250 3014 2304 διανοεῖται
3047 2253 3105 2305 ὲν
3135 2255 3198 2324 τῇ
3236 2253 3431 2324 καρδίᾳ
3462 2250 3683 2321 ἐπιμελῶς

2161 2341 2252 2393 ἐπὶ
2279 2341 2344 2393 τὰ
2372 2340 2580 2412 πονήρά
2604 2340 2784 2404 πάσας
2803 2342 2902 2405 τὰς
2929 2343 3166 2414 ἡμέρας,
3189 2342 3492 2414 ἐνεθυμήθη
3515 2344 3540 2395 ὁ
3563 2341 3683 2404 Θεὸς,

2157 2432 2240 2484 ὅτι
2275 2431 2494 2501 ἐποίησε
2523 2433 2611 2485 τὸν
2639 2433 2926 2503 ἄνθρωπον
2960 2436 3052 2486 ἐπὶ
3075 2434 3174 2504 τῆς
3198 2435 3303 2506 γῆς
3325 2451 3337 2464 ·
3375 2435 3465 2487 καὶ
3489 2431 3684 2503 διενοήθη

2157 2525 2214 2576 ἐν
2247 2526 2312 2594 τῇ
2347 2524 2543 2595 καρδίᾳ
2576 2524 2766 2587 αὑτοῦ,
2817 2526 2913 2579 καὶ
2963 2522 3114 2579 εἶπεν
3161 2527 3190 2578 ὁ
3227 2526 3376 2590 Θεόςο
3433 2524 3684 2592 ’Λπαλείψω

2157 2616 2247 2667 τὸν
2281 2615 2587 2682 ἄνθρωπον,
2623 2615 2682 2667 ὃν
2723 2617 2975 2686 ἐποίησα,
3022 2618 3130 2671 ἀπὸ
3166 2619 3456 2689 προσώπου
3481 2620 3566 2688 τῆς
3591 2618 3684 2685 γῆς,

2160 2707 2270 2760 ἀπὸ
2304 2707 2590 2778 ἀνθρώπου
2623 2708 2728 2772 ἕως
2775 2711 3025 2780 κτήνους,
3066 2711 3160 2763 καὶ
3195 2712 3305 2765 ἀπὸ
3354 2710 3575 2784 ἑρπετῶν
3610 2709 3686 2770 ἕως

2158 2798 2264 2851 τῶν
2291 2799 2550 2851 πετεινῶν
2584 2800 2675 2853 τοῦ
2710 2801 2965 2872 οὐρανοῦ·
3007 2803 3088 2854 ὅτι
3123 2803 3462 2874 ἐνεθυμήθην
3488 2802 3600 2871 (46),
3627 2802 3690 2853 ὅτι

2157 2889 2390 2960 ἐποίησα
2423 2890 2638 2953 αὐτούς’
2681 2911 2698 2941 ι
2739 2893 2808 2946 τά
2844 2892 2919 2963 μὴ
2966 2895 3333 2964 γεγραμμένα
3376 2894 3687 2964 ἐκτιθέμενος,

2157 2981 2231 3044 ὡς
2281 2982 2583 3052 δηλούμενα
2633 2984 2742 3036 ἀπὸ
2789 2984 2895 3037 τῶν
2939 2988 3363 3058 γεγραμμένων.
3401 2987 3690 3058 Μεταμέλεια

2159 3073 2267 3144 γὰρ
2315 3075 2372 3126 ὲν
2420 3073 2630 3136 τούτοις
2680 3075 2782 3128 οὑκ
2831 3075 3125 3146 ὠνομάσθη
3160 3077 3320 3141 Θεοῦ,
3367 3079 3469 3130 οὐδ’
3508 3079 3576 3129 ὅτι
3617 3076 3690 3145 τήν

2159 3165 2352 3218 ἑαυτοῦ
2395 3165 2589 3237 τέχνην
2638 3167 2912 3237 μέμφεται
2956 3169 3051 3222 καὶ
3098 3173 3264 3239 μισεῖ.
3327 3171 3390 3223 El
3430 3170 3482 3222 δὲ
3511 3169 3631 3222 δοκεῖ
3669 3169 3692 3221 ὁ

2159 3258 2292 3320 Θεὸς
2327 3257 2571 3311 ἀπειλεῖν
2603 3257 2671 3311 τά
2698 3259 2794 3312 τοῦ
2841 3260 3250 3330 κατακλυσμοῦ,
3287 3263 3381 3315 καὶ
3415 3260 3622 3332 φθείρειν
3650 3260 3692 3310 ἐν

2159 3347 2310 3418 αὑτῷ
2352 3349 2421 3402 τὰ
2462 3349 2576 3403 ἴδια
2626 3348 2847 3419 ἔκγονα·
2894 3352 3134 3415 λεκτέον,
3181 3354 3284 3418 ὅτι,
3333 3353 3578 3407 ἀθανάτου
3617 3351 3693 3418 τῆς

2158 3441 2337 3512 ψυχῆς
2371 3441 2479 3494 τῶν
2514 3441 2820 3512 ἀνθρώπων
2875 3442 3274 3513 τυγχανούσης,
3320 3445 3352 3514 ή
3392 3444 3484 3513 μὲν
3520 3442 3691 3511 νομιζο-

2161 3532 2299 3603 μένη
2334 3532 2530 3603 ἀπειλὴ
2573 3533 2926 3604 ἐπιστρέφειν
2965 3533 3213 3603 βούλεται
3257 3536 3381 3598 τοὺς
3426 3533 3689 3592 ἀκούοντας·

2163 3625 2194 3695 ή
2228 3625 2272 3677 δ’
2304 3626 2359 3676 ἐν
2392 3623 2470 3694 τῷ
2493 3624 2864 3696 κατακλυσμῷ
2893 3625 3160 3696 διαφθορὰ
3191 3625 3304 3678 τῶν
3334 3625 3606 3698 ἀνθρώπων
3627 3639 3696 3674 κα-

2163 3717 2383 3790 θάρσιόν
2414 3720 2532 3771 ἐστι
2564 3717 2662 3788 τῆς
2697 3719 2820 3789 γῆς,
2858 3719 2933 3781 ὡς
2966 3719 3060 3772 καὶ
3104 3720 3376 3791 Ἐλλήνων
3403 3721 3449 3772 οἱ
3481 3718 3548 3788 μὴ
3569 3717 3696 3769 εὑκα·

2159 3809 2510 3879 ταφρονήτως
2547 3807 3003 3877 φιλοσοφήσαντες
3034 3811 3322 3880 εἰρήκασιν
3355 3810 3409 3861 ἐν
3435 3808 3530 3878 τῴ’
3564 3807 3695 3858 Ὅταν

475 3897 521 3952 δ’
553 3897 603 3952 οἱ
647 3895 758 3948 θεοὶ
803 3893 903 3966 τὴν
932 3895 1036 3965 γῆν
1081 3895 1381 3965 καθαίρωσι
1434 3894 1568 3966 (47).
1624 3914 1642 3946 ι
1691 3896 1826 3966 Περὶ
1869 3895 1925 3948 δὲ
1972 3895 2080 3950 τῶν
2129 3898 2372 3972 ὡσπερεὶ
2405 3899 2853 3970 ἀνθρωποπαθῶν
2906 3899 3127 3966 λέξεων,
3183 3901 3583 3972 ἀναφερομένων
3625 3896 3697 3947 ἐπὶ

475 3992 568 4047 τὸν
597 3990 753 4055 Θεὸν,
793 3990 893 4044 οὑκ
924 3991 1079 4060 ὀλίγα
1111 3993 1242 4062 ἡμῖν
1278 3992 1370 4045 καὶ
1415 3994 1473 4045 ἐν
1515 3995 1627 4056 τοῖς
1675 3993 1929 4064 ἀνωτέρω
1963 3993 2230 4076 λέλεκται.

549 4081 640 4136 59.
674 4081 869 4136 Postea
891 4080 1085 4137 Celsus
1124 4092 1222 4136 aut
1282 4083 1571 4152 suspicans
1611 4095 1702 4136 aut
1750 4085 2058 4154 intelligens

478 4168 612 4238 quid
641 4168 717 4222 illi
752 4170 1066 4240 responderi
1095 4171 1268 4239 possit
1294 4173 1361 4226 de
1394 4172 1463 4226 iis
1485 4172 1581 4241 qui
1607 4172 1815 4229 diluvio
1847 4175 2058 4230 exstin-

478 4262 554 4316 cti
585 4274 734 4326 sunt,
758 4261 837 4316 ait
869 4278 881 4314 :
923 4279 942 4311 ι
983 4263 1094 4316 Aut
1127 4265 1170 4316 si
1211 4278 1318 4316 non
1349 4265 1602 4333 proprios
1646 4264 1785 4320 filios
1816 4281 2060 4336 pessum-

479 4355 595 4419 dat,
624 4368 737 4424 quo
767 4353 984 4409 tandem
1016 4353 1232 4424 ablegat
1259 4370 1325 4409 ex
1363 4357 1465 4411 hoc
1501 4357 1703 4412 mundo
1745 4372 1904 4426 quem
1943 4359 2058 4427 ipse

2246 4087 2624 4159 ’Υπειδόμενος
2657 4087 2701 4140 δ’
2737 4089 2862 4160 ἑξῆς
2887 4091 2918 4142 ὁ
2954 4090 3179 4154 Κέλσος,
3208 4090 3348 4160 τάχα
3379 4089 3433 4143 δὲ
3460 4089 3541 4140 καί
3568 4085 3695 4146 αὐτὰ

2167 4180 2411 4246 συνιδὼν,
2447 4181 2527 4234 ὅτι
2563 4180 2784 4235 δύναται
2813 4183 3067 4254 λεχθῆναι
3103 4184 3210 4236 ὑπὸ
3240 4184 3348 4236 τῶν
3381 4176 3695 4248 ἀπολογουμέ-

2163 4290 2269 4326 νων
2317 4275 2445 4345 περὶ
2494 4273 2602 4326 τῶν
2665 4277 2723 4326 ὲν
2770 4275 2848 4346 τῷ
2897 4275 3270 4346 κατακλυσμῷ
3325 4272 3693 4344 διαφθαρέντων,

2165 4363 2348 4435 φησίν·
2403 4383 2422 4415 ι
2465 4365 2528 4418 Εἰ
2573 4365 2629 4417 δὲ
2672 4365 2749 4437 μὴ
2795 4367 3200 4439 διαφθείρειτά
3249 4367 3357 4421 ἴδια
3391 4368 3584 4435 ἔκγονα,
3625 4361 3696 4414 ποῖ

478 4443 649 4499 fecit?
679 4462 698 4496 ι
729 4443 812 4498 Ad
844 4446 989 4514 quod
1015 4461 1114 4500 nos
1143 4445 1377 4502 dicimus
1401 4461 1496 4503 eos
1533 4449 1624 4518 qui
1650 4425 1855 4504 diluvio
1879 4425 2053 4518 perie-

2162 4471 2291 4506 ποτε
2326 4455 2464 4508 αὑτά
2495 4454 2758 4524 ὑπεξάγει
2792 4457 2886 4510 τοῦ
2930 4457 3137 4529 κόσμου
3183 4458 3360 4524 τοῦδε,
3395 4458 3450 4511 ὃν
3487 4455 3694 4524 ἐποίησεν

479 4547 630 4600 runt,
661 4550 766 4591 non
808 4539 1078 4593 removeri
1113 4538 1338 4593 omnino
1383 4555 1412 4594 a
1450 4549 1565 4596 toto
1600 4542 1702 4596 hoc
1738 4543 1938 4596 mundo
1965 4543 2057 4611 qui

478 4642 511 4680 e
542 4627 681 4682 caelo
701 4636 755 4682 et
786 4636 930 4684 terra
959 4639 1222 4694 constat,
1270 4631 1371 4686 sed
1417 4631 1487 4685 ab
1528 4631 1619 4686 illa
1664 4633 1772 4685 vita
1827 4649 1948 4702 quae
2006 4634 2056 4686 in

479 4733 649 4773 carne
684 4717 904 4786 vivitur;
937 4728 992 4774 et
1013 4720 1209 4776 solutis
1236 4723 1558 4792 corporibus
1576 4740 1670 4778 eos
1703 4724 1815 4779 tolli
1841 4737 2060 4790 eterra,

480 4825 644 4875 quant
669 4812 952 4882 Scriptura
991 4814 1177 4868 multis
1219 4815 1273 4868 in
1311 4815 1443 4871 locis
1476 4815 1734 4870 mundum
1768 4816 1937 4888 678
1962 4833 2056 4873 vo-

479 4918 609 4957 care
659 4903 820 4958 solet.
865 4903 977 4960 Sed
1025 4907 1263 4960 maxime
1305 4907 1358 4962 in
1401 4909 1696 4980 Evangelia
1755 4912 2058 4965 secundum

478 4991 744 5048 Joannem
782 4995 1032 5051 invenire
1058 5008 1144 5052 est
1175 4999 1350 5055 locum
1397 5001 1543 5056 hunc
1589 5011 1866 5057 terrenum
1902 5019 2058 5057 mun-

483 5084 608 5138 dum
638 5085 930 5155 appellari;
965 5088 1108 5143 sicut
1143 5105 1268 5144 cum
1297 5092 1497 5146 dicitur
1526 5109 1540 5145 :
1571 5110 1590 5142 ι
1637 5092 1770 5147 Erat
1800 5093 1892 5149 lux
1926 5109 2054 5150 vera

483 5187 602 5242 qua:
635 5175 903 5233 illuminat
933 5192 1153 5237 omnem
1185 5181 1462 5239 hominem
1484 5185 1794 5240 venientem
1827 5186 1881 5240 in
1914 5188 2057 5242 hunc

556 5307 598 5339 ¹⁰
635 5307 753 5366 Gal.
779 5326 829 5376 v,
860 5309 912 5366 8.
993 5315 1033 5344 “
1067 5313 1169 5372 lsa.
1203 5331 1239 5380 ι,
1275 5316 1357 5381 l9,
1387 5316 1482 5369 20.

700 5420 910 5503 Yulgati
945 5426 1234 5503 Dcu_ter9n.
1275 5430 1428 5503 libb.,
1451 5431 1705 5485 αἰτεῖται.

486 5489 979 5615 liiltﬂ4;3)i"Agltistszulus
1004 5497 1104 5566 τῆς
1126 5499 1277 5554 deest
1309 5501 1360 5553 in
1385 5489 1542 5556 antea
1563 5504 1749 5567 editis,
1773 5502 1867 5557 sed
1901 5517 2059 5574 repe-

557 5628 1135 5712 (46)ΛἘνερυμήθην.
1175 5632 1514 5712 llpeschelius
1571 5641 1622 5695 in
1674 5652 1821 5696 textu
1870 5645 2054 5706 habet,

485 5696 790 5772 ἑθυμὼθην.
822 5696 1091 5760 Caeterum
1121 5708 1482 5780 ἐνεθυμήθην,
1518 5722 1707 5768 contra
1732 5696 2054 5784 Urigeticm,

1560 5317 1601 5347 ¹¹
1634 5316 1788 5372 Deut.
1818 5335 1870 5384 χ,
1902 5320 2106 5384 12,15.

2162 4547 2355 4611 αὑτός;
2393 4567 2410 4598 ι
2452 4548 2562 4600 Καὶ
2597 4547 2735 4618 πρὸς
2776 4549 2933 4604 τοῦτο
2972 4550 3030 4602 δὲ
3075 4551 3333 4622 λέγομεν,
3380 4553 3456 4604 ὅτι
3497 4546 3578 4601 τοῦ
3617 4543 3694 4614 μὲν

2164 4640 2366 4704 παντὸς
2396 4639 2622 4710 κόσμου,
2661 4641 2996 4707 συνεστῶτος
3039 4643 3097 4710 ἐξ
3127 4644 3365 4716 ούρανοῦ
3398 4644 3486 4698 καὶ
3517 4641 3622 4710 γῆς,
3645 4635 3692 4687 6'3

2164 4731 2378 4794 πάντως
2411 4731 2670 4800 ὑπεξάγει
2693 4735 2819 4797 τοὺς
2851 4735 2942 4788 τὸν
2967 4737 3350 4807 κατακλυσμὸν
3373 4732 3690 4790 πεπονθότας·

2163 4820 2494 4874 ἀπαλλάττει
2526 4821 2571 4873 δ’
2600 4821 2800 4886 αὑτοὺς
2824 4824 2921 4893 τῆς
2951 4825 3009 4877 ὲν
3038 4825 3202 4895 σαρκὶ¹
3233 4824 3397 4894 ζωῆς,
3421 4825 3506 4876 καὶ
3531 4815 3690 4874 ἀπολύ-

2167 4929 2264 4973 σας
2295 4910 2404 4964 τῶν
2433 4910 2700 4981 σωμάτων
2725 4912 2951 4967 ἀπολύει
2977 4914 3096 4986 ἅμα
3123 4915 3218 4968 καὶ
3243 4915 3336 4968 τοῦ
3368 4915 3456 4968 ἐπὶ
3479 4912 3571 4981 γῆς
3593 4923 3690 4972 τάγ-

2166 5003 2367 5073 χάνειν,
2403 5004 2466 5074 ἢν
2501 5002 2769 5073 πολλα.χοῦ
2803 5004 2911 5057 τῶν
2956 5005 3190 5078 Γραφῶν
3233 5007 3352 5071 ἔθος
3384 4998 3688 5075 ὀνομάζεσθαι

2166 5095 2386 5164 κόσμον.
2422 5093 2670 5147 Μάλιστα
2698 5095 2741 5147 δ’
2774 5098 2831 5148 ὲν
2851 5096 2929 5167 τῷ
2955 5099 3094 5151 κατά
3140 5099 3390 5168 Ἰωάννην
3415 5095 3515 5167 (48)
3545 5093 3686 5155 Εὑαῖ·
3717 5153 3724 5167 ,

2166 5184 2329 5254 γελίῳ
2375 5184 2630 5248 πολλάκις
2687 5186 2834 5238 ἐστὶν
2879 5186 3056 5258 εὑρεῖν
3099 5189 3301 5259 κόσμον
3334 5189 3419 5240 τὸν
3462 5182 3689 5254 περίγειον

2186 5323 2227 5354 ⁸³
2253 5323 2390 5380 Gen.
2425 5343 2500 5392 v1,
2528 5326 2580 5392 5,
2612 5326 2667 5393 6,
2696 5329 2748 5380 7.

2177 5438 2557 5529 μελε-μελήθην
2590 5441 2809 5529 gaponnit
2838 5440 3304 5529 (‘Jhr‘ysostomumn
3356 5509 3366 5523 .

2177 5498 2190 5506 ’
2241 5498 2352 5579 (Π)
2383 5498 2559 5562 Ὃτάν
2587 5507 2638 5560 δ’
2661 5498 2716 5562 οἱ
2749 5513 2867 5564 θεοὶ
2895 5498 3010 5579 τῆν
3042 5510 3160 5581 γῆν
3193 5509 3518 5576 καθαιζρωσι.
3560 5498 3684 5554 Plato

2169 5577 2223 5630 in
2252 5578 2470 5650 Tintazo,
2507 5594 2628 5650 pag.
2664 5579 2755 5634 ‘22.
3399 5647 3404 5650 Δ
3454 5648 3483 5650 Μ
3540 5643 3550 5650 η

2816 5661 2869 5705 ει
2893 5650 3232 5706 Basileensis
3279 5647 3417 5704 κατὰ
3453 5643 3677 5719 Ἰωάννην-

2168 5715 2506 5778 llmscltehus
2529 5729 2580 5775 ct
2606 5715 2934 5790 Spettcerus,
2962 5723 3102 5776 κατά
3148 5723 3411 5788 Ἰωάννου,
3434 5715 3572 5770 male.
