3846 6406
469 371 602 426 1591

541 477 860 536 6LDeintle
909 489 1034 530 cum
1090 473 1204 526 haec
1259 485 1364 524 non
1416 469 1776 524 intellexisset
1832 487 1843 521 :

468 570 754 641 complevit
799 565 942 622 Deus
973 563 1027 618 in
1065 561 1151 616 die
1189 571 1344 614 sexto
1391 574 1553 630 Opera
1601 574 1695 613 sua
1726 574 1846 628 qua:
1881 558 2030 622 fecit,

468 671 525 719 et
576 657 810 716 cessavit
863 655 916 709 in
966 653 1053 708 die
1099 649 1328 721 septimo
1374 653 1440 704 ab
1487 651 1743 706 omnibus
1779 653 2034 722 operibus

469 755 585 810 suis
617 765 735 820 quae
768 747 910 810 fecit,
947 753 1003 799 et
1043 741 1323 797 benedixit
1361 743 1503 797 Deus
1535 742 1641 797 dici
1683 744 1914 812 septimo
1937 783 1952 807 ,
1978 750 2035 796 et

469 840 829 902 sanctificavit
852 839 1024 901 illum,
1046 836 1172 904 quia
1201 835 1252 888 in
1282 835 1398 903 ipso
1425 845 1740 890 cessaverat
1768 838 1836 890 ab
1860 835 2036 890 omn‘i-

470 931 574 990 bus
605 931 861 1000 Operibus
893 927 1040 993 suis,
1073 939 1195 992 quae
1224 935 1466 993 cteperat
1501 925 1643 980 Deus
1681 924 1858 980 facere
1879 927 1924 957 '°
1955 942 1969 990 ;
2009 943 2029 978 ι

468 1035 702 1092 cumque
758 1020 898 1074 idem
926 1031 1047 1072 esse
1085 1013 1456 1080 existimaret,
1493 1033 1511 1067 ι
1547 1017 1784 1070 cessavit
1822 1017 1908 1070 die
1951 1030 2036 1070 se-

465 1115 658 1185 ptimo,
685 1132 703 1166 )
729 1121 801 1174 et,
827 1127 846 1161 ‹
868 1105 1235 1176 rcquievitdie
1252 1105 1503 1174 septimo,
1531 1125 1549 1158 ι
1572 1105 1688 1160 ait:
1718 1124 1736 1157 ι
1767 1106 1860 1162 llis
1881 1105 2036 1160 factis

470 1207 654 1261 factus
691 1213 769 1258 est
801 1201 994 1256 similis
1024 1199 1188 1254 inerti
1217 1196 1571 1266 improboque
1615 1193 1795 1267 opitic’i
1835 1205 1890 1252 et
1937 1197 2033 1252 de-

471 1299 614 1352 fesso
638 1304 800 1364 atque
835 1293 988 1346 feriis
1015 1306 1148 1361 opus
1172 1289 1394 1348 babenti
1439 1298 1498 1342 ut
1531 1289 1796 1356 quiescat.
1831 1307 1850 1342 ι
1878 1289 2034 1358 Igno-

467 1391 610 1444 ravit
643 1388 788 1443 enim
811 1383 934 1454 quis
965 1382 1227 1437 creationi
1259 1393 1564 1450 operaturae
1597 1382 1838 1451 quandiu
1872 1396 2031 1434 mun-

464 1481 568 1536 dus
602 1476 930 1538 constiterit,
974 1488 1334 1528 successurus
1389 1475 1459 1528 sit
1509 1473 1729 1529 Sabbati
1760 1481 1813 1528 et
1842 1487 2032 1527 cessa-

466 1570 629 1626 tionis
654 1567 750 1622 Dci
779 1567 914 1628 dies,
948 1577 1107 1634 quem
1133 1579 1253 1617 cum
1286 1563 1396 1617 Deo
1441 1563 1640 1617 festum
1691 1571 1854 1632 agent
1907 1562 2030 1630 qui-

463 1675 701 1730 cunque,
729 1667 1017 1726 postquam
1055 1673 1150 1711 sua
1197 1671 1363 1726 Opera
1407 1670 1504 1710 sex
1548 1655 1742 1710 diebus
1790 1641 2038 1723 perfece4

467 1753 575 1807 rint
597 1751 843 1818 nihilque
862 1762 1146 1802 munerum
1163 1762 1380 1800 suorum
1406 1745 1880 1815 praetermiserim,
1901 1743 2032 1798 sub-

461 1845 554 1899 lati
626 1853 788 1896 erunt
833 1841 899 1894 ad
947 1837 1460 1906 contemplationem
1515 1847 1822 1904 cmtumque
1857 1833 2033 1902 justo-

461 1951 585 1990 rum
615 1949 680 1989 ac
707 1936 1014 1989 beatorum.
1043 1931 1239 1985 Postea
1265 1929 1420 1999 quasi
1447 1927 1746 1997 Scriptura:
1787 1928 2034 1983 dicerent

462 2036 558 2082 aut
609 2040 710 2082 nos
757 2023 858 2094 ipsi
919 2023 1225 2077 diceremus
1267 2021 1432 2075 Deum
1488 2021 1762 2076 defessum
1819 2020 2031 2090 requie-

462 2120 606 2174 visse
640 2137 654 2174 :
693 2137 710 2170 ι
743 2117 848 2172 Fas
883 2131 986 2172 non
1037 2123 1142 2182 est,
1177 2114 1376 2184 inquit,
1425 2112 1661 2182 primum
1717 2111 1883 2166 Deum
1911 2111 2030 2166 fali-

463 2211 604 2278 gari,
638 2211 888 2265 manibus
921 2211 1166 2266 laborem
1205 2221 1496 2267 exercere,
1535 2215 1632 2258 aut
1677 2204 1970 2271 imperare.
2006 2222 2024 2254 ι

461 2299 551 2352 Ait
586 2313 714 2369 ergo
739 2299 926 2354 Celsus
959 2298 1042 2352 fas
1075 2314 1179 2352 non
1231 2311 1354 2352 esse
1407 2296 1642 2363 primum
1679 2295 1844 2348 Deum
1897 2293 2028 2348 fati-

463 2392 578 2462 gari
607 2409 622 2458 ;
657 2381 752 2444 nos
775 2402 954 2444 autem
980 2391 1210 2444 dicimus
1243 2402 1307 2442 ne
1344 2387 1511 2442 Deum
1535 2387 1752 2456 quidem
1791 2387 2026 2442 Verbum

459 2483 701 2552 fatigari,
727 2497 901 2552 neque
931 2483 1096 2536 ullum
1118 2495 1326 2542 eorum,
1355 2480 1446 2546 qui
1476 2479 1542 2533 ad
1576 2478 1856 2532 meliorem
1887 2493 2028 2533 nunc

459 2585 515 2630 et
544 2574 863 2629 diviniorem
893 2574 1143 2627 ordinem
1181 2572 1477 2640 pertinent.
1512 2568 1646 2623 Nam
1682 2569 1930 2638 fatigatio
1972 2569 2026 2623 in

462 2681 557 2722 eos
586 2666 738 2722 cadit
769 2665 860 2734 qui
898 2665 950 2718 in
985 2679 1214 2732 corpore
1240 2672 1390 2717 sunt.
1415 2663 1538 2732 Ipse
1576 2675 1708 2715 vero
1742 2661 2027 2731 quaesieris

461 2775 527 2812 an
558 2758 610 2812 in
639 2772 732 2814 eos
763 2758 854 2826 qui
882 2759 1257 2827 qualecunque
1278 2769 1472 2824 corpus
1495 2755 1716 2816 habent,
1750 2769 1815 2806 an
1855 2751 1908 2806 in
1933 2767 2028 2806 eos

456 2851 548 2921 qui
580 2859 855 2906 terrenum
886 2847 1027 2918 quod
1047 2848 1206 2917 paulo
1225 2845 1417 2900 sitislo
1447 2847 1810 2914 praestantius.
1839 2843 2026 2911 Neque

459 2946 540 2997 fas
567 2943 730 2996 etiam
757 2941 988 3012 primum
1017 2940 1184 2995 Deum
1207 2937 1458 2992 manibus
1481 2935 1720 2997 laborem
1743 2948 2022 2990 exercere.

455 3034 570 3088 lino
596 3033 640 3088 si
660 3034 758 3088 has
779 3047 940 3088 voces
960 3029 1184 3102 proprie
1212 3029 1511 3097 acceperis,
1531 3041 1703 3095 neque
1725 3026 2022 3082 secundum

457 3128 646 3190 Deum,
676 3141 854 3197 neque
882 3124 1025 3180 aliud
1053 3123 1327 3192 quidpiam
1357 3136 1423 3176 ex
1443 3119 1799 3175 divinioribus
1831 3118 1913 3173 fas
1938 3117 2093 3197 est“-2

459 3222 708 3273 manilius
730 3217 969 3288 operari.
1004 3215 1112 3270 Sed
1141 3213 1226 3268 fac
1263 3227 1356 3268 eas
1391 3227 1556 3266 voces
1585 3225 1682 3280 per
1703 3211 2021 3266 abusionem

457 3321 548 3366 aut
580 3311 812 3381 figurate
844 3309 1116 3378 usurpari,
1139 3316 1196 3361 ut
1221 3307 1553 3375 explicemus
1583 3306 1724 3358 istud
1751 3323 1766 3359 :
1797 3323 1815 3356 ι
1848 3304 2050 3374 Opera.

457 3418 714 3460 manuum
744 3405 860 3474 ejus
883 3403 1167 3458 annuntiat
1199 3402 1594 3455 firmamentum
1612 3401 1654 3431 “
1683 3415 1696 3462 ;
1737 3418 1756 3450 ι
1785 3409 1838 3454 et
1877 3400 1977 3454 hoc
2005 3417 2020 3453 :

459 3513 479 3548 ι
514 3495 700 3550 Manus
741 3495 856 3564 ejus
908 3493 1314 3550 constituerunt
1358 3490 1652 3558 etclam";
1685 3509 1704 3542 ι
1748 3501 1804 3544 et
1842 3491 2020 3560 siquid

457 3587 545 3642 liis
597 3586 802 3640 dictum
849 3593 931 3640 est
977 3583 1172 3652 simile,
1223 3583 1312 3638 ubi
1364 3581 1660 3651 allegorice
1723 3597 1915 3637 manus
1968 3593 2024 3638 et

455 3675 701 3730 membra
761 3673 854 3729 Dei
896 3676 1362 3741 interpretamur,
1415 3671 1542 3739 quid
1601 3671 1895 3726 absurdum
1938 3681 2021 3727 est

455 3764 622 3818 Deum
649 3764 751 3818 hoc
784 3778 944 3818 sensu
977 3761 1226 3815 manibus
1251 3760 1507 3829 operari?
1553 3759 1674 3815 Jam
1715 3775 1845 3816 vero
1875 3762 2022 3816 sicut

1949 351 2268 410 ORIGENIS

1891 486 1908 518 ε
1973 467 2035 522 ιςι
2064 475 2108 528 Α
2209 459 2338 516 Εἶτα
2367 463 2523 516 πάλιν
2563 461 2634 532 μὴ
2665 461 3010 526 κατακούσας
3037 461 3150 515 τοῦ·
3186 481 3203 515 ι
3237 463 3346 517 Καὶ
3373 465 3662 521 συνετέλεσεν

3559 355 3664 412 1593

2135 557 2162 607 ό
2184 555 2314 618 Θεὸς
2341 557 2397 608 ὲν
2423 557 2486 626 τῇ
2508 555 2690 626 ἡμέρᾳ
2709 557 2772 624 τῇ
2790 554 2930 626 ἕκτῃ
2949 554 3019 607 τὰ
3043 555 3179 626 ἔργα
3205 555 3387 620 αὑτοῦ,
3407 555 3442 610 ἃ
3462 557 3660 629 ἐποίησε,

2136 649 2230 701 καὶ
2255 647 2600 700 κατέπαυσεν
2627 647 2683 698 ἐν
2708 649 2771 717 τῇ
2799 647 2988 718 ἡμέρα
3019 650 3086 718 τῇ
3121 647 3326 721 ἑϐδόμῃ
3356 647 3459 702 ἀπὸ
3489 651 3664 704 πάντων

2135 739 2241 792 τῶν
2265 738 2442 809 ἔργων
2471 737 2655 804 αὑτοῦ,
2687 733 2760 791 ὧν
2787 739 3034 810 ἐποίησε,
3067 742 3160 793 καὶ
3188 741 3474 812 εὐλόγησεν
3501 743 3527 794 ὁ
3566 743 3665 808 Θεὸς

2135 825 2232 896 τὴν
2267 825 2476 896 ἡμέραν
2509 823 2604 896 τὴν
2647 823 2904 896 ἑϐδόμην,
2937 827 3031 880 καὶ
3068 828 3296 898 ἡγίασεν
3326 830 3507 903 αὐτὴν,
3533 833 3601 886 ὅτι
3623 835 3666 886 ὲν

2135 915 2270 986 αὐτῇ
2305 914 2646 969 κατέπαυσεν
2679 916 2785 970 ἀπὸ
2815 919 3033 972 πάντων
3063 919 3172 972 τῶν
3203 919 3380 991 ἔργων
3421 923 3586 986 αὑτοῦ,
3611 917 3668 978 ὧν

2136 1005 2336 1076 ἤρξατο
2373 1005 2401 1057 ὁ
2448 1005 2584 1070 Θεὸς
2626 1007 2871 1078 ’ποιῆσαν
2913 1027 2930 1061 ι
2967 1010 3062 1064 καὶ
3093 1011 3298 1081 οἰηθεὶς
3338 1013 3524 1066 ταύτὸν
3563 1011 3666 1070 εἶναι

2134 1096 2212 1160 τὸ,
2248 1096 2589 1151 κατέπαυσε
2620 1097 2695 1167 τῇ
2718 1091 2908 1168 ἡμέρᾳ
2947 1101 3024 1168 τῇ
3068 1102 3309 1172 ἑϐδόμῃ,
3341 1104 3433 1156 καὶ
3462 1105 3535 1166 τὸ,
3563 1105 3666 1159 ἀνε-

2135 1189 2411 1244 παύσατο
2441 1187 2514 1256 τῇ
2541 1189 2730 1258 ἡμέρῃ
2765 1189 2842 1258 τῇ
2867 1191 3110 1260 ἐϐδὶζιιῃ,
3140 1193 3295 1264 φησι·
3331 1213 3348 1246 ι
3381 1194 3520 1249 Μετὰ
3547 1195 3667 1249 τοῦτο

2139 1281 2242 1352 μὴν
2268 1281 2456 1354 ὥσπερ
2487 1301 2570 1347 τις
2602 1283 3110 1356 ἀτεχνῶςπονηρὸς
3157 1287 3498 1358 χειωτέχνης
3534 1289 3664 1341 ἑκκα-

2139 1375 2276 1446 μὼν,
2301 1376 2394 1428 καὶ
2415 1377 2549 1446 πρὸς
2573 1376 2879 1429 ἀνάπαυσιν
2903 1377 3101 1447 ἀργίας
3130 1378 3239 1449 (57)
3265 1378 3490 1449 δεηθείς.
3523 1399 3538 1430 ‹
3563 1381 3664 1433 Οὐδὲ

2135 1465 2244 1536 γὰρ
2294 1461 2422 1530 οἶδε,
2453 1466 2537 1529 τίς
2565 1459 2622 1536 ᾖ,
2673 1465 2808 1536 μετὰ
2844 1467 2944 1538 τὴν
2978 1469 3100 1521 ὅσον
3133 1470 3161 1522 ὁ
3209 1469 3412 1540 κόσμος
3457 1470 3664 1538 συνέστη-

2135 1574 2229 1610 κεν
2264 1557 2374 1628 (58)
2407 1559 2801 1629 ἐνεργουμένην
2831 1558 3212 1628 κοσμοποιίαν,
3243 1563 3276 1629 ἡ
3309 1559 3403 1612 τοῦ
3434 1560 3664 1614 Σαϐϐάτον

2135 1649 2227 1702 καὶ
2259 1648 2357 1719 τῆς
2392 1647 2788 1710 καταπαύσεως
2825 1647 2918 1700 τοῦ
2952 1647 3087 1701 Θεοῦ
3123 1649 3330 1720 ἡμέρα,
3365 1651 3419 1702 ἐν
3517 1650 3664 1720 ἑορτα-

2137 1753 2321 1790 σουσιν
2362 1737 2480 1807 ἅμα
2515 1737 2592 1807 τῷ
2627 1735 2746 1806 Θεῷ
2788 1738 2838 1788 οἱ
2872 1735 3048 1788 πάντα
3085 1736 3154 1790 τὰ
3188 1735 3326 1808 ἔργα
3361 1737 3550 1790 ἑαυτῶν
3575 1741 3663 1801 ταῖς

2137 1829 2196 1896 ἓξ
2221 1828 2456 1902 ἡμέραις
2483 1827 2866 1897 πεποιηκότες,
2891 1827 2984 1879 καὶ
3013 1826 3102 1880 διὰ
3123 1828 3181 1880 τὸ
3209 1829 3378 1899 μηδὲν
3398 1829 3665 1897 παραλελοι-

2135 1920 2293 1974 πέναι
2325 1919 2433 1972 τῶν
2465 1917 2882 1980 ἐπιϐαλλόντων,
2915 1918 3296 1982 ἀναϐαίνοντες
3327 1921 3419 1972 ἐπὶ
3446 1920 3534 1991 τὴν
3558 1920 3661 1974 Θεω-

2137 2011 2255 2084 ρίαν
2304 2012 2398 2064 καὶ
2423 2009 2521 2081 τὴν
2573 2010 2631 2063 ὲν
2683 2007 2819 2079 αὐτῇ
2867 2007 2975 2062 τῶν
3019 2009 3242 2063 δικαίων
3285 2011 3377 2064 καὶ
3426 2011 3661 2082 μακαρίων

2131 2103 2459 2174 πανήγυριν.
2495 2095 2648 2164 Εἶτα,
2689 2099 2763 2161 ὡς
2797 2100 2915 2168 ἦτοι
2953 2099 3061 2153 τῶν
3091 2101 3325 2172 Γραφῶν
3361 2102 3493 2156 οὕτω
3518 2103 3663 2171 λεγου-

2132 2194 2261 2257 σῶν,
2285 2195 2317 2266 ἢ
2349 2193 2442 2246 καὶ
2467 2192 2623 2263 ἡμῶν
2641 2192 2821 2244 αὐτῶν
2843 2193 2986 2245 οὕτω
3003 2194 3377 2265 διηγουμένων
3401 2196 3514 2268 περὶ
3541 2194 3663 2258 θεοῦ,

2130 2287 2210 2338 ὅτι
2245 2285 2439 2356 καμὼν
2479 2282 2844 2347 ἀνεπαύσατο,
2882 2286 3066 2356 φησιν,
3109 2285 3212 2350 ὅτι,
3265 2305 3282 2336 ι
3326 2287 3400 2338 Οὐ
3437 2286 3575 2356 θέμις
3597 2286 3663 2338 τὸν

2131 2377 2344 2447 πρῶτον
2387 2377 2520 2430 Θεὸν
2567 2378 2816 2447 κάμνειν,
2876 2377 2998 2429 οὔτε
3041 2381 3402 2449 χειρουργεῖν,
3446 2377 3554 2431 οὔτε
3591 2393 3660 2428 κε-

2135 2469 2336 2521 λεύειν.
2375 2487 2392 2519 ι
2441 2469 2496 2521 '0
2531 2469 2626 2538 μὲν
2654 2465 2746 2522 οὖν
2777 2468 2986 2531 Κέλσος
3012 2469 3197 2539 φησιν,
3229 2469 3312 2522 ὅτι
3333 2471 3394 2522 οὐ
3424 2470 3562 2542 θέμις
3577 2471 3662 2540 (59)

2128 2559 2216 2612 τὸν
2249 2559 2463 2632 πρῶτον
2493 2561 2626 2614 Θεὸν
2660 2561 2886 2630 κάμνειν
2907 2579 2919 2590 ·
2951 2563 3113 2632 ἡμεῖς
3139 2561 3198 2614 δὲ
3228 2561 3469 2631 εἴποιμεν
3500 2561 3573 2625 ἂν,
3599 2563 3660 2613 ὅτι

2130 2649 2240 2702 οὐδ’
2273 2651 2302 2703 ὁ
2335 2649 2468 2712 Θεὸς
2512 2649 2684 2718 Λόγος
2719 2650 2940 2720 κάμνει,
2985 2651 3093 2704 οὐδ’
3135 2643 3250 2704 ϐσοι
3283 2652 3380 2722 τῆς
3411 2652 3662 2722 κρείττονος

2128 2741 2227 2812 ἤδη
2263 2743 2356 2794 καὶ
2385 2741 2663 2813 θειοτέρας
2705 2741 2912 2806 τάξεως
2947 2742 3160 2812 ἔχονται
3181 2759 3194 2772 ’
3243 2741 3303 2794 τὸ
3337 2743 3441 2814 γὰρ
3477 2743 3664 2812 κάμνειν

2128 2832 2244 2886 ἐστὶ
2286 2833 2394 2886 τῶν
2427 2835 2483 2886 ἐν
2537 2832 2768 2904 σώματι.
2810 2836 3076 2904 Ζητήσεις
3124 2834 3202 2896 δὲ,
3263 2833 3540 2905 πότερονὴ
3575 2832 3658 2884 τῶν

2127 2925 2184 2974 έν
2223 2923 2516 2990 οίῳποτοῦν
2551 2923 2782 2992 σώματι,
2836 2925 2874 2996 ἢ
2901 2925 3008 2977 τῶν
3047 2927 3102 2977 ἐν
3131 2924 3208 2994 τῷ
3237 2927 3425 2996 γηΐνῳ,
3457 2927 3540 2979 καὶ
3573 2924 3656 2976 όλί-

2126 3031 2220 3082 γον
2253 3014 2440 3068 τούτου
2496 3015 2744 3085 βελτίονι.
2795 3017 2932 3070 Ἀλλ’
2976 3017 3098 3070 οὐδὲ
3133 3017 3294 3086 θέμις
3337 3017 3428 3070 τὸν
3476 3017 3654 3088 πρῶτον

2127 3106 2260 3160 Θεὸν
2303 3111 2664 3178 χειρουργεῖψ
2704 3108 2799 3161 ἐὰν
2844 3108 2902 3163 δὲ
2935 3108 3140 3180 κυρίως
3189 3109 3425 3182 ἀκούσῃς
3454 3108 3535 3161 τοῦ
3571 3126 3662 3178 χει-

2129 3195 2402 3268 ρουργεῐν,
2433 3198 2552 3250 οὐδὲ
2577 3199 2668 3251 τὸν
2686 3197 2958 3269 δεύτερον,
2987 3197 3096 3251 οὐδ’
3127 3198 3257 3252 ἄλλο
3291 3217 3342 3251 τι
3375 3199 3474 3251 τῶν
3497 3197 3662 3250 θειοτέο

2129 3303 2257 3356 ρων.
2321 3287 2458 3340 Ἀλλ’
2495 3287 2634 3341 ἔστω
2672 3289 3128 3359 καταχρηστικῶς
3175 3288 3426 3357 λέγεσθαι
3469 3289 3522 3341 τὸ
3563 3305 3658 3358 χει-

2129 3381 2394 3450 ρουργείν,
2450 3377 2484 3449 ἥ
2539 3379 2836 3450 τροπικῶς,
2901 3379 2986 3432 ἵνα
3038 3379 3426 3450 διηγησώμεθα
3473 3381 3555 3432 καὶ
3597 3376 3666 3438 τὸ,

2131 3484 2148 3516 t
2177 3466 2398 3532 Ποίησιν
2419 3465 2475 3518 δὲ
2498 3465 2696 3538 χειρῶν
2723 3465 2885 3521 αὐτοῦ
2912 3467 3236 3535 ἀναγγέλλει
3259 3469 3321 3520 τὸ
3346 3469 3617 3540 στερέωμα·
3642 3485 3662 3517 ν

2122 3556 2245 3621 καὶ,
2279 3575 2296 3606 ι
2333 3557 2397 3608 Αἰ
2425 3561 2602 3627 χεῖρες
2637 3555 2798 3609 αὑτοῦ
2842 3555 3076 3626 ἔστησαν
3110 3557 3202 3611 τὸν
3234 3558 3476 3630 οὐρανόν
3522 3558 3600 3610 καὶ
3622 3556 3664 3607 εἴ

2121 3663 2178 3698 τι
2231 3645 2440 3709 τούτοις
2489 3647 2704 3718 εἴρηται
2765 3648 3181 3719 παραπλησίως,
3235 3647 3660 3722 τροπολογούντων

2123 3733 2279 3803 ἡμῶν
2301 3737 2488 3805 χεῖρας
2516 3737 2610 3788 καὶ
2642 3735 2775 3807 μέλη
2802 3735 2900 3788 τοῦ
2928 3735 3062 3808 Θεοῦ
3081 3751 3096 3766 ⁶
3127 3737 3182 3790 τί
3212 3733 3306 3790 οῦν
3335 3738 3519 3791 ἄτοπον
3542 3735 3660 3788 οὕτω

2123 3827 2462 3895 χειρουργεῖν
2509 3825 2675 3890 Θεόν;
2721 3827 2810 3888 Ὠς
2839 3827 2937 3880 οῦκ
2967 3827 3168 3882 ἄτοπον
3201 3829 3260 3882 δὲ
3283 3829 3422 3882 οὕτω
3447 3845 3660 3900 χειρουρ-

2122 3918 2240 3982 γεῖν
2267 3915 2598 3980 Θεὸν,οὖτως
2615 3917 2736 3971 οὐδὲ
2767 3919 2826 3971 τὸ
2850 3919 3094 3972 κελεύειν
3116 3921 3299 3987 αὑτὸν,
3329 3923 3412 3976 ἕνα
3439 3921 3560 3975 καλά
3584 3921 3662 3974 καὶ

2121 4003 2379 4058 ἐπαινετὰ
2499 4007 2565 4060 τὰ
2594 4008 2698 4060 ὑπὸ
2745 4007 2838 4062 τοῦ
2883 4009 3244 4080 κελευομένου
3285 4011 3657 4081 ἐπιτελούμενα,

2121 4095 2199 4166 τῷ
2230 4095 2362 4150 Θεὸν
2389 4092 2528 4150 εἶναι
2557 4099 2646 4152 τὸν
2675 4099 3036 4154 κεκελευκότα
3061 4103 3190 4174 περὶ
3219 4103 3418 4157 αὐτῶν.

453 3870 559 3907 non
588 3855 878 3909 absurdum
901 3862 984 3909 est
1009 3852 1178 3906 Deum
1199 3851 1415 3920 operari
1444 3851 1714 3918 manibus,
1745 3852 1821 3906 ita
1847 3868 2022 3922 neque

447 3949 661 4019 jubere.
695 3949 810 4005 Hoc
841 3951 958 4018 ipso
989 3949 1134 4003 enim
1159 3941 1418 4016 prmclara
1447 3956 1503 4002 et
1525 3948 1683 4004 laude
1710 3950 1869 4020 digna
1897 3961 2024 4006 sunt

449 4057 572 4111 qua:
601 4041 728 4097 facit
758 4041 802 4098 is
829 4042 923 4113 qui
950 4038 1335 4110 facerejussus
1359 4049 1464 4108 est,
1491 4041 1618 4114 quia
1649 4041 1792 4100 Deus
1813 4052 1898 4098 est
1927 4046 2020 4115 qui

451 4133 567 4187 fieri
595 4132 780 4202 jussit.

521 4267 607 4324 62.
645 4269 881 4324 Rursum
909 4268 1102 4326 Celsus
1156 4267 1390 4326 fortasse
1431 4269 1572 4324 male
1615 4271 1756 4326 istud
1795 4285 2020 4343 accepe-

2195 4275 2364 4330 Πάλιν
2397 4295 2454 4330 τε
2487 4272 2552 4330 αὖ
2589 4279 2618 4329 ὁ
2643 4279 2848 4342 Κέλσος
2885 4279 3026 4349 τάχα
3066 4281 3162 4350 μὲν
3195 4281 3533 4351 παρακούσας
3559 4275 3654 4338 τοῦ,

451 4372 536 4416 rat
575 4379 591 4417 :
622 4380 640 4416 ι
677 4360 754 4417 0s
769 4361 984 4417 Domini
1019 4361 1262 4415 locutum
1289 4371 1372 4417 est
1396 4361 1604 4428 haec”;
1634 4382 1655 4414 ι
1695 4361 1832 4418 forte
1855 4367 2018 4419 etiam

2129 4387 2146 4420 I
2187 4370 2260 4422 Τὸ
2290 4371 2397 4442 γὰρ
2433 4372 2606 4441 στόμα
2649 4371 2856 4441 Κυρίου
2902 4371 3131 4442 ὲλὰλησε
3171 4372 3360 4434 ταῦτα,
3399 4391 3415 4422 ι
3455 4371 3574 4440 τάχα
3609 4367 3655 4419 δὲ

449 4452 566 4507 loca
600 4452 863 4522 ejusmodi
917 4451 1136 4506 fuerant
1182 4453 1258 4505 illi
1304 4453 1372 4508 ab
1419 4453 1688 4524 imperitis
1729 4470 2016 4524 perperam

2129 4464 2216 4516 καὶ
2258 4463 2368 4516 τῶν
2421 4464 2641 4516 ἰδιωτῶν
2687 4465 3216 4534 προπετευσαμένων
3267 4465 3391 4536 περὶ
3432 4465 3520 4532 τῆς
3567 4459 3662 4512 τῶν

447 4542 736 4611 explicata,
771 4551 828 4598 et
871 4559 976 4598 non
1020 4542 1330 4614 intelligens
1377 4543 1468 4598 Dei
1519 4543 1754 4598 virtutes
1783 4546 2016 4616 exprimi

447 4632 756 4688 nominibus
778 4634 1147 4688 membrorum
1170 4633 1437 4702 corporis,
1467 4632 1605 4689 dixit
1633 4652 1645 4688 :
1693 4652 1712 4685 ε
1747 4635 1933 4705 Neque
1953 4651 2017 4691 os

446 4723 496 4776 ei
519 4731 622 4788 est,
656 4738 832 4792 neque
853 4739 981 4781 vox.
1011 4744 1032 4778 ι
1055 4724 1216 4781 Certe
1243 4725 1352 4782 Deo
1381 4741 1483 4781 vox
1515 4741 1625 4781 non
1651 4735 1756 4792 est,
1783 4727 1826 4782 si
1847 4728 2014 4799 680

447 4826 548 4866 vox
579 4823 664 4868 est
699 4828 792 4869 aer
824 4829 1137 4884 percussus,
1161 4825 1258 4872 aut
1284 4832 1575 4875 succussus
1599 4821 1766 4884 aeris,
1802 4831 1895 4876 aut
1921 4837 2016 4878 ae-

449 4903 526 4956 ris
554 4903 783 4972 species,
807 4913 902 4958 aut
921 4906 1184 4976 quidquid
1211 4921 1334 4962 eam
1367 4922 1489 4965 esse
1517 4909 1786 4966 deliniant
1822 4915 2012 4967 harum

449 5007 630 5046 rerum
661 4994 822 5062 periti
857 4997 994 5060 ;sed
1021 5011 1158 5066 quae
1204 4997 1298 5055 Dei
1328 5013 1436 5055 vox
1478 5001 1700 5066 dicitur,
1729 5018 1792 5058 ea
1829 5004 2014 5072 hujus-

447 5083 594 5137 modi
640 5095 744 5153 est,
794 5096 854 5141 ut
886 5102 1007 5142 eam
1053 5107 1082 5144 a
1125 5091 1323 5162 populo
1352 5095 1524 5150 videri
1566 5096 1888 5153 testificetur
1924 5100 2013 5155 hic

448 5174 598 5234 locus
632 5196 645 5233 :
676 5199 696 5232 ι
737 5178 932 5237 Omnis
958 5183 1190 5253 populus
1221 5185 1358 5240 vidit
1383 5201 1572 5241 vocem
1599 5189 1692 5244 Dei
1712 5189 1792 5254 “;
1833 5207 1852 5241 ι
1883 5205 2012 5246 voce

2122 4554 2378 4607 τοιούτων
2420 4555 2744 4626 διηγήσεως,
2798 4555 2871 4627 μὴ
2917 4557 3119 4626 νοήσας
3149 4557 3205 4610 δὲ
3238 4558 3330 4608 ἐπὶ
3371 4557 3520 4609 τίνων
3549 4551 3658 4605 τάσ-

2125 4663 2275 4700 σεται
2320 4646 2390 4700 τὰ
2439 4647 2662 4717 ὀνόμασι
2716 4645 2830 4717 (60)
2870 4648 3198 4716 σωματικῶν
3235 4648 3409 4718 μελῶν
3450 4645 3532 4698 ἐπὶ
3569 4641 3658 4695 τῶν

2125 4739 2407 4810 δυνάμεων
2437 4738 2532 4792 τοῦ
2562 4739 2701 4792 Θεοῦ
2738 4739 3030 4812 λεγόμενα,
3081 4742 3262 4810 φησὶνσ
3307 4763 3323 4792 ι
3361 4741 3485 4794 Οὐδὲ
3511 4735 3656 4804 στόμα

2119 4828 2268 4899 αὐτῷ
2297 4831 2467 4890 ἐστιν,
2500 4828 2619 4881 οὐδὲ
2671 4829 2843 4898 φωνή.
2886 4846 2904 4879 ι
2967 4827 3206 4897 Ἀληθῶς
3251 4828 3360 4900 γὰρ
3396 4828 3488 4879 οὐκ
3527 4823 3658 4876 ἔσται

2116 4921 2195 4990 τῷ
2223 4920 2341 4986 Θεῷ
2363 4921 2538 4989 φωνὴ,
2564 4919 2726 4991 εἴπερ
2746 4921 2896 4972 ἐστὶν
2921 4921 2954 4988 ἡ
2979 4921 3129 4989 φωνὴ
3155 4919 3262 4991 ἀὴρ
3289 4915 3654 4987 πεπληγμένος,

2117 5013 2148 5082 ἦ
2185 5013 2365 5084 πληγὴ
2399 5013 2578 5084 ἀέρος,
2608 5012 2642 5082 ἢ
2678 5008 2818 5075 εἶδος
2843 5012 3026 5082 ἀέρος,
3061 5013 3092 5081 ἢ
3128 5013 3157 5065 ὃ
3181 5029 3236 5065 τι
3262 5013 3454 5083 δήποτε
3481 5005 3658 5080 ὁρίζων

2115 5121 2206 5158 ται
2239 5101 2378 5158 εἶναι
2406 5105 2506 5175 τὴν
2533 5103 2716 5174 φωνὴν
2745 5105 2796 5155 οἱ
2829 5104 2956 5174 περὶ
2980 5101 3152 5156 ταῦτα
3175 5103 3370 5156 δεινοί·
3397 5099 3500 5154 ἀλλ’
3524 5099 3554 5166 ή
3577 5096 3654 5145 λε*

2114 5195 2319 5266 γομένη
2371 5195 2521 5266 φωνὴ
2563 5193 2726 5259 Θεοῦ,
2753 5193 2828 5256 ὡς
2861 5193 2994 5248 Θεοῦ
3041 5195 3193 5265 φωνὴ
3220 5191 3444 5266 ὁρᾶσθαι
3468 5181 3684 5258 λέγεται¹

517 5362 564 5395 ⁸⁸
592 5363 723 5419 Gen.
763 5382 822 5432 tt,
854 5368 910 5434 2,
943 5371 994 5426 5.
1075 5371 1119 5402 ’ί
1155 5369 1302 5426 Psal.
1329 5387 1484 5439 xvnt,
1519 5375 1575 5430 1.
1652 5376 1696 5407 ’³
1726 5375 1870 5432 Psal.
1900 5393 1972 5440 Cl,
1997 5379 2024 5432 Ξ

2167 5381 2212 5412 ³³
2245 5379 2347 5436 lsa.
2372 5397 2413 5448 ι,
2439 5379 2532 5435 20.
2619 5380 2666 5412 ’³
2693 5379 2865 5436 Exod.
2898 5397 2992 5448 xx,
3018 5381 3104 5436 18.

2113 5542 2410 5662 ἓεοιιοίὲιῗ,
2445 5539 2526 5592 ὅτι
2550 5538 2611 5592 οὐ
2643 5536 2823 5611 Θέμις.
2875 5537 3218 5598 ΗωεεΙιοΙῑυε
3255 5549 3308 5610 et
3355 5539 3646 5610 Spencerus,

2143 5625 2193 5660 τι
2227 5625 2288 5661 ου
2339 5626 2364 5660 ε
2395 5650 2409 5662 .

2143 5625 2193 5660 τι
2227 5625 2288 5661 ου
2309 5625 2409 5664 οει.

2185 5677 2294 5800 $60)
2323 5677 2519 5759 Guieto
2545 5673 2892 5761 scribentium
2925 5681 3160 5748 videtur,
3203 5680 3272 5736 τὰ
3293 5678 3526 5752 ὀνόματα,
3553 5667 3640 5730 ιιεά

2205 5757 2332 5800 cata
2355 5747 2517 5800 lectio
2541 5746 2672 5800 fern
2701 5760 2897 5800 notcst.

2116 5746 2332 5820 vulgata
2355 5747 2517 5805 lectio
2541 5746 2672 5804 ferri
2701 5760 2897 5822 potest.

672 5519 914 5591 Ἄρτιος.
943 5525 1286 5586 Ηωεὼεῐίυε
1312 5530 1363 5586 in
1399 5542 1569 5597 textu,
1595 5533 1791 5605 ἀργοῦ.

521 5593 609 5659 (38
681 5593 840 5646 Μετὰ
897 5593 1012 5659 τὴν
1063 5599 1216 5654 ὅσον
1261 5603 1296 5654 ὁ
1327 5601 1554 5659 κόσμοί·
1602 5606 1791 5658 συνέσ

521 5593 632 5674 (58)
681 5593 863 5674 ΜετὰΔ
897 5593 1012 5663 τὴν
1063 5599 1216 5674 ὅσον
1238 5603 1296 5674 ’ὁ
1327 5593 1567 5674 κόσμος⁷
1602 5593 2002 5674 οίυὶβέστηκεν.

452 5657 722 5746 situt-qui
778 5657 968 5746 putent
1008 5670 1349 5746 scribendum
1398 5657 1546 5744 μὲτᾶ
1586 5673 1684 5746 τὴν
1733 5657 2006 5746 δι’“⁷ἧξ’ό

451 5729 1030 5806 ’δἮς-τέυνέετηκενς
1047 5735 1157 5806 Ego
1183 5739 1314 5796 nihil
1349 5729 1519 5798 m'uto.
1640 5729 1652 5746 '
1864 5729 1888 5748 θ’

522 5800 634 5872 (59)
657 5799 782 5859 Mss.
809 5799 970 5874 Reg"
999 5799 1316 5878 Basileens.,
1344 5811 1590 5870 Vatican.
1626 5821 1682 5869 et
1715 5813 1998 5886 Anglican.
