3894 6522
445 417 467 471 i
478 415 586 473 395

1938 405 2263 466 ORIGENIS

3579 405 3704 464 ΒΜ

443 541 812 598 constantem,
841 541 898 588 ut
933 533 1011 589 rei
1048 532 1352 589 secundum
1393 530 1684 602 imaginem
1719 529 1878 584 factae
1896 539 2021 598 pars

2135 545 2282 599 ματι,
2331 510 2467 597 ὅπερ
2500 524 2674 588 οὐδεὶς
2708 523 2865 596 ἡμῶν
2900 539 3053 595 φησι.
3087 520 3345 575 Λείπεται
3386 519 3451 592 δὴ
3478 517 3544 573 τὸ
3589 520 3704 573 κατ’

443 625 797 694 praestantior
831 625 906 679 sit
938 625 992 679 in
1027 625 1236 691 anima,
1272 624 1436 680 vilior
1469 633 1648 678 autem
1691 632 1746 678 et
1781 637 1904 692 qum
1930 635 2022 674 se-

444 719 682 773 cundum
707 733 906 788 corpus
936 727 1040 783 est,
1077 719 1130 772 in
1165 732 1395 787 corpore
1427 719 1498 772 sit
1534 736 1547 772 :
1575 717 1628 771 id
1667 717 1811 785 quod
1843 712 2022 768 nullus

443 826 474 863 e
511 811 715 864 nostris
743 809 896 865 dicit.
934 809 1224 880 Reliquum
1250 819 1332 865 est
1359 810 1528 881 igitur
1562 818 1620 862 ut
1653 806 1796 874 quod
1827 819 2024 860 secun-

441 899 572 954 dum
603 899 894 969 imaginem
919 900 1012 956 Dei
1051 900 1249 955 factum
1280 907 1400 965 est,
1438 899 1489 953 id
1523 896 1863 966 intelligatur
1899 907 2023 948 esse

441 991 498 1044 in
537 1010 556 1042 ‹
599 992 818 1048 homine
845 993 1112 1059 interiori,
1159 1012 1178 1046 ι
1215 1003 1272 1047 ιιι
1297 1006 1578 1057 vocamus,
1615 1007 1635 1042 ι
1667 989 1758 1060 qui
1793 1001 2028 1042 renova-

444 1093 536 1136 tur
568 1083 634 1149 ",
677 1105 696 1136 ›
734 1093 790 1140 et
840 1085 1070 1140 idoneus
1105 1094 1187 1141 est
1231 1084 1346 1140 ﬁeri
1389 1081 1684 1139 secundum
1732 1077 2022 1147 imaginem

443 1174 774 1231 Conditoris.
801 1177 956 1244 Quod
989 1187 1102 1231 tum
1132 1177 1354 1242 accidit,
1381 1191 1506 1232 cum
1533 1171 1731 1241 aliquis
1751 1169 2026 1240 perfectus

440 1268 538 1333 sit,
567 1287 585 1320 ι
617 1277 674 1322 ιιι
708 1269 872 1324 Pater
894 1269 1129 1325 caelestis
1175 1269 1450 1340 perfectus
1473 1277 1556 1322 est
1585 1267 1658 1331 ⁸²;
1694 1284 1714 1318 ι
1735 1277 1856 1319 cum
1878 1275 2021 1330 prae-

443 1371 601 1428 cepto
663 1361 750 1416 isti
805 1363 1151 1431 obtemperat
1187 1379 1199 1415 :
1240 1379 1259 1412 (
1312 1361 1497 1416 Sancti
1535 1359 1714 1422 eritis,
1754 1353 2018 1424 quoniam

444 1466 547 1522 ego
587 1462 812 1508 sanctus
864 1453 1131 1507 Dominus
1174 1452 1314 1507 Deus
1345 1461 1526 1506 vester
1553 1449 1640 1512 ³³,
1678 1467 1696 1499 ι
1733 1461 1856 1502 cum
1888 1442 2016 1499 edo-

441 1553 561 1598 ctus
618 1546 762 1600 istud
813 1563 827 1601 :
868 1565 886 1597 ι
925 1546 1114 1600 Estote
1149 1546 1456 1600 imitatores
1491 1543 1584 1597 Dei
1608 1541 1654 1573 ”
1678 1579 1694 1606 ,
1725 1559 1744 1592 ι
1781 1535 2012 1604 suscipit

442 1635 496 1686 in
535 1650 631 1688 sua
681 1637 863 1692 anima
907 1638 1202 1693 virtutibus
1247 1646 1441 1692 ornata
1488 1637 1584 1689 Dei
1636 1633 2018 1688 characteres.

2133 619 2318 671 εἰκόνα
2365 615 2460 670 τοῦ
2499 615 2634 670 Θεοῦ
2680 617 2736 669 ἐν
2781 613 2860 686 τῷ
2898 614 3020 668 καθ’
3055 615 3202 685 ἡμᾶς
3232 612 3511 684 λεγομένῳ
3551 630 3571 662 ι
3605 611 3706 664 ἔσω

2135 709 2427 781 ἀνθρώπῳ,
2450 708 2546 761 καὶ
2569 705 3035 777 ἁνακαινουμένῳ,
3076 723 3094 756 ι
3123 705 3217 757 καὶ
3239 701 3504 772 πεφυκὼι
3527 701 3705 769 γίγνε-

2135 801 2256 855 σθαι
2299 802 2420 854 κατ’
2471 798 2658 852 εἰκόνα
2704 796 2798 850 τοῦ
2849 797 3150 859 κτίσαντος,
3205 793 3442 847 νοεῖσθαι
3484 792 3549 845 τὸ
3594 788 3708 844 κατ’

2134 891 2317 944 εἰκόνα
2350 889 2484 960 (68),
2515 890 2603 942 ὅτε
2635 888 2843 957 γίνεταί
2881 906 2962 951 τις
2987 887 3212 950 τέλειος,
3249 904 3269 938 ι
3314 886 3392 948 ὡς
3415 887 3445 938 6
3473 884 3654 954 πατὴρ
3680 886 3710 937 6

2131 981 2380 1054 οὐράνιος
2402 980 2608 1044 τέλειός
2634 982 2749 1033 ἐστι
2780 999 2798 1031 ι
2835 980 2929 1033 καὶ
2974 979 3183 1054 ἀκούει,
3210 978 3291 1030 ὅτι
3331 995 3349 1028 ι
3394 976 3578 1042 ’Δγιοι
3606 973 3706 1045 (69)

2131 1073 2338 1138 ἔσεσθε,
2370 1073 2450 1126 ὅτι
2490 1071 2601 1141 ἐγὼ
2651 1072 2805 1140 ἆγιος
2849 1071 3052 1142 Κύριος
3088 1073 3116 1124 6
3156 1069 3288 1133 Θεὸς
3325 1068 3507 1140 ὑμῶν’
3562 1087 3580 1119 ι
3625 1069 3710 1120 καὶ

2135 1167 2417 1236 μανθάνων
2437 1165 2566 1236 τό,’ξ‹
2593 1165 2846 1236 Μιμηταί
2869 1162 2961 1216 τοῦ
2987 1163 3122 1217 Θεοῦ
3144 1163 3381 1233 γίνεσθε,
3416 1182 3435 1214 ι
3474 1160 3711 1231 ἀναλαμ-

2131 1259 2282 1312 ϐάνει
2311 1261 2392 1322 εἰς
2420 1259 2520 1329 τὴν
2551 1257 2745 1310 ἑαυτοῦ
2785 1259 3038 1327 ἐνάρετον
3066 1256 3245 1326 ψυχὴν
3273 1256 3400 1318 τοὺς
3435 1253 3708 1326 χαρακτῆ-

2135 1367 2234 1421 ρας
2259 1348 2353 1402 τοῦ
2383 1349 2518 1402 Θεοῦ
2539 1366 2551 1379 '
2581 1349 2662 1402 ὅτι
2698 1347 2788 1402 καὶ
2824 1348 2951 1411 ναός
2980 1349 3096 1400 ἐστι
3122 1346 3214 1399 τοῦ
3246 1346 3355 1417 (70)
3393 1348 3455 1398 ἐν
3487 1346 3569 1414 τῷ
3598 1345 3707 1396 κατ’

2129 1439 2310 1492 εἰκόνα
2356 1439 2707 1510 ἀνειληφότος
2750 1438 2843 1492 τοῦ
2880 1438 3015 1492 Θεοῦ
3047 1439 3115 1492 τὰ
3151 1438 3244 1492 τοῦ
3283 1437 3421 1490 Θεοῦ
3458 1438 3522 1490 τὸ
3562 1435 3707 1504 σῶμα

2128 1532 2219 1586 τοῦ
2254 1534 2509 1604 τοιαύτην
2547 1534 2762 1605 ἔχοντος
2801 1534 3001 1606 ψυχὴν,
3037 1534 3130 1588 καὶ
3164 1535 3224 1586 ἐν
3264 1535 3328 1602 τῇ
3359 1532 3516 1602 ψυχῇ
3545 1529 3632 1583 διὰ
3655 1527 3710 1582 τὸ

2128 1625 2248 1677 κατ’
2277 1625 2458 1678 εἰκόνα
2481 1627 2571 1679 τὸν
2596 1626 2747 1679 Θεόν.

440 1728 555 1783 lmo
593 1733 853 1801 templum
910 1734 1004 1788 Dei
1039 1742 1123 1789 est
1157 1749 1358 1802 corpus
1386 1731 1504 1801 ejus
1550 1729 1664 1800 qui,
1701 1726 1909 1782 habens
1963 1721 2232 1790 ejusmodi
2284 1721 2521 1776 animam
2576 1732 2631 1776 et
2672 1722 2851 1777 factus
2913 1721 3214 1778 secundum
3261 1721 3560 1790 imaginem
3597 1717 3707 1782 Dei,

442 1824 612 1878 Deum
646 1826 823 1895 ipsum
851 1829 903 1882 in
933 1828 1114 1883 anima
1155 1829 1420 1898 suscepit.

512 1941 864 1999 6LRursum
905 1946 1094 2002 Celsus
1145 1947 1376 2017 plurima
1428 1947 1582 2016 quasi
1630 1962 1660 2001 a
1700 1943 1861 2000 nobis
1893 1955 2021 1997 con-

2203 1931 2371 1985 Πάλιν
2406 1931 2450 1984 δ’
2481 1924 2546 1984 αὖ
2583 1930 2760 2002 ἐαυτῷ
2786 1932 3022 2002 συνείρει
3047 1930 3267 1984 πλείονα
3294 1929 3497 1998 λέγων,
3527 1928 3603 1993 ὡς
3625 1929 3708 1998 ὑφ’

440 2050 596 2089 cessa
643 2036 746 2090 sibi
789 2038 975 2103 sumit,
1039 2055 1160 2109 qua:
1216 2050 1396 2094 tamen
1445 2055 1607 2095 nemo
1659 2053 1791 2094 sana
1841 2045 2023 2091 mente

441 2125 786 2182 Christianus
817 2130 1090 2185 concedit.
1129 2129 1316 2199 Neque
1368 2133 1512 2186 enim
1549 2131 1693 2186 ullus
1745 2144 1776 2184 e
1820 2129 2023 2184 nostris

440 2215 573 2269 dicit
606 2234 624 2266 ‹
668 2216 896 2286 figuram
930 2231 1024 2275 aut
1051 2221 1295 2276 colorem
1326 2223 1378 2277 in
1411 2223 1580 2277 Deum
1622 2222 1949 2286 convenire;
1996 2240 2014 2272 ι

439 2322 544 2360 nec
595 2320 770 2363 motus
823 2315 1086 2382 competit
1129 2315 1226 2382 illi,
1282 2316 1375 2385 qui
1428 2325 1653 2385 propter
1677 2323 2020 2370 constantem

441 2415 602 2454 suam
644 2411 700 2456 et
729 2405 978 2459 stabilem
1017 2417 1266 2462 naturam
1293 2410 1505 2478 justum
1538 2411 1789 2463 hortatur
1832 2417 1890 2462 ut
1921 2409 2024 2462 hac

438 2492 496 2545 in
532 2508 590 2547 re
622 2495 820 2550 similis
847 2496 947 2566 ipsi
979 2499 1050 2553 sit
1087 2518 1100 2552 :
1132 2520 1151 2552 ι
1183 2500 1261 2554 Tu
1297 2517 1450 2566 vero,
1486 2521 1504 2553 ι
1539 2503 1740 2571 inquit,
1777 2523 1793 2553 ι
1827 2502 1912 2556 hic
1939 2511 2019 2555 sta

437 2587 762 2642 mecum’h
790 2587 944 2655 Quod
977 2593 1025 2646 si
1053 2594 1300 2662 quaedam
1322 2595 1484 2649 verba
1515 2604 1724 2648 motum
1753 2595 1830 2648 illi
1853 2595 2024 2650 ascri-

438 2675 599 2742 bunt,
633 2689 692 2733 ut
747 2681 890 2735 istud
936 2699 950 2736 :
1013 2702 1032 2735 ι
1089 2683 1404 2741 Audierunt
1433 2701 1622 2741 vocem
1658 2686 1873 2741 Domini
1924 2687 2021 2742 Dei

438 2768 846 2828 dean‘ibuiantis
899 2773 952 2826 in
985 2776 1243 2843 paradiso
1280 2775 1381 2831 sub
1413 2792 1696 2847 vesperam
1721 2779 1794 2845 ³⁶;
1853 2797 1872 2828 t
1908 2779 2024 2833 haec

439 2863 525 2916 sic
554 2863 872 2931 accipienda
905 2874 1052 2933 sunt,
1095 2869 1274 2937 quasi,
1305 2869 1398 2940 qui
1422 2881 1823 2940 peccaverant,
1851 2871 2021 2926 Deum

439 2954 646 3008 moveri
686 2955 1096 3013 existimassem
1140 2979 1154 3015 :
1200 2969 1293 3015 aut
1324 2961 1378 3014 in
1409 2962 1654 3016 eamdem
1695 2964 2023 3018 sententiam

441 3042 802 3112 intelligenda
825 3086 838 3110 ,
877 3055 1044 3117 atque
1073 3064 1301 3106 somnus
1331 3049 1623 3122 allegorice
1661 3052 1838 3108 dictus
1861 3093 1875 3120 ,
1902 3054 1982 3108 ira
2004 3093 2021 3120 ,

440 3142 535 3188 aut
565 3134 709 3190 aliud
739 3137 934 3192 simile.
971 3139 1155 3210 Neque
1193 3143 1362 3196 etiam
1390 3144 1716 3198 substantiae
1748 3146 2025 3214 particeps

439 3234 524 3279 est
559 3223 702 3281 Deus
736 3229 1073 3300 :participes
1102 3233 1246 3286 enim
1282 3232 1416 3287 facit
1459 3236 1638 3303 potius
1663 3275 1677 3300 ,
1710 3251 1872 3304 quam
1905 3236 2023 3303 ipac

2130 2022 2284 2092 ἡμῶν
2317 2022 2590 2093 διδόμενα,
2622 2022 2764 2094 ἂπερ
2788 2023 2964 2087 οὐδεὶς
2990 2022 3098 2076 τῶν
3125 2025 3182 2075 ὲν
3216 2024 3572 2093 Χριστιανοῖς
3594 2020 3706 2073 νοῦν

2127 2113 2355 2183 ἐχόντων
2400 2113 2612 2167 δίδωσιν
2632 2131 2644 2143 ’
2681 2114 2740 2167 οὺ
2772 2113 2880 2184 γάρ
2909 2113 3042 2184 φησί
3070 2129 3154 2176 τις
3185 2111 3358 2183 ἡμῶν,
3393 2111 3484 2163 ὅτι
3527 2130 3546 2160 ι
3588 2126 3706 2179 μετ-

2127 2206 2238 2276 έχει
2279 2207 2557 2276 σχήματος
2593 2209 2622 2260 6
2659 2205 2791 2269 Θεὸς
2830 2206 2862 2276 ἦ
2899 2205 3208 2276 χρώματος·
3242 2225 3261 2254 ι
3308 2203 3422 2256 ἀλλ’
3459 2202 3584 2255 οὐδὲ
3630 2220 3706 2253 κι-

2126 2297 2362 2364 νήσεως
2389 2299 2606 2369 μετέχει
2634 2300 2683 2363 6,
2707 2299 2794 2352 διὰ
2816 2298 2878 2350 τὸ
2901 2297 3185 2368 ἐστηκέναι
3210 2297 3303 2349 καὶ
3326 2295 3559 2366 βεϐαίαν
3580 2290 3703 2347 εἶναι

2127 2390 2225 2461 τὴν
2248 2389 2408 2458 φύσιν
2440 2389 2626 2457 αὐτοῦ,
2657 2389 3098 2461 προκαλούμενος
3122 2390 3215 2441 καὶ
3246 2389 3336 2442 τὸν
3375 2388 3595 2440 δίκαιον
3624 2387 3703 2439 ἐπὶ

2125 2483 2194 2535 τὰ
2224 2482 2596 2554 παραπλήσια,
2634 2484 2727 2535 κα).
2754 2483 2927 2551 λέγων
2964 2502 2981 2533 ι
3025 2483 3094 2534 Σὺ
3124 2482 3182 2535 δὲ
3211 2481 3373 2534 αὑτοῦ
3410 2482 3574 2552 στῆθι
3599 2480 3704 2552 μετ’

2127 2573 2260 2645 ἐμοῦ
2282 2573 2416 2644 (71).
2449 2592 2468 2624 ι
2497 2574 2560 2626 Εἰ
2590 2573 2647 2626 δέ
2667 2589 2810 2636 τινες
2830 2572 3004 2639 λέξεις
3030 2573 3192 2625 οἱονεὶ
3213 2571 3426 2642 κίνησίν
3454 2589 3580 2623 τινα
3605 2586 3700 2624 παι

2095 2676 2098 2680 ’
2128 2667 2376 2739 ριστᾶσιν
2422 2665 2610 2732 αὑτοῦ,
2660 2665 2736 2728 ὼς
2775 2666 2868 2718 καὶ
2898 2667 2930 2736 ἡ
2965 2664 3196 2733 λέγουσα
3224 2683 3242 2714 ι
3282 2665 3568 2716 Ἤκουσαν
3603 2662 3702 2732 (7‘3)

2126 2758 2331 2829 Κυρίου
2371 2756 2464 2810 τοῦ
2492 2756 2627 2810 Θεοῦ
2670 2756 3099 2828 περιπατοῦντος
3120 2759 3177 2809 ἐν
3204 2753 3281 2824 τῷ
3316 2754 3630 2825 παραδείσῳ
3653 2751 3702 2806 τὸ

2125 2849 2350 2902 δειλινόν
2371 2866 2383 2878 ·
2420 2869 2438 2900 ι
2469 2849 2641 2912 οὕτως
2663 2849 2956 2902 ἀκουστέον
2982 2847 3091 2900 τῶν
3124 2847 3397 2909 τοιούτων,
3430 2847 3512 2909 ὡς
3536 2862 3702 2897 κινου-

2131 2943 2293 3012 μένου
2325 2941 2614 3012 νοουμένου
2635 2941 2728 2994 τοῦ
2757 2940 2893 2994 Θεοῦ
2917 2943 3027 3004 τοῖς
3053 2939 3460 3010 ἡμαρτηκόσιν·
3487 2938 3521 3006 ἦ
3547 2937 3704 2996 οὕτως

2127 3036 2419 3088 ἀκουστέον
2454 3034 2563 3088 τῶν
2599 3035 2876 3097 τοιούτων,
2911 3034 2987 3096 ὼς
3030 3033 3124 3086 καὶ
3152 3032 3318 3084 ῦπνου
3347 3028 3486 3082 Θεοῦ
3530 3044 3706 3097 spor-.-

2128 3127 2240 3191 κῶς
2287 3127 2604 3197 λεγομένου,
2656 3127 2688 3197 ἢ
2737 3127 2925 3199 ὀργῆς,
2986 3126 3020 3196 ἦ
3069 3142 3212 3188 τινος
3257 3123 3364 3175 τῶν
3417 3120 3703 3193 παραπλη-

2131 3231 2261 3284 σίων
2297 3231 2427 3301 (75).
2474 3230 2610 3282 Ἀλλ’
2642 3231 2748 3282 οὐδ’
2773 3215 2961 3293 οὐσίας
2986 3229 3200 3300 μετέχει
3229 3231 3258 3281 6
3290 3227 3420 3291 Θεός
3441 3245 3454 3255 ·
3492 3226 3702 3296 μετέχε-

443 3325 529 3370 est
560 3319 876 3390 particeps;
905 3329 958 3374 et
979 3296 1286 3393 participes
1320 3296 1578 3394 sunt-qui
1616 3296 2020 3395 Dei-Spiritum

2134 3339 2220 3376 ται
2260 3296 2604 3393 γᾶρμᾶλλον
2636 3323 2670 3394 ἢ
2704 3323 2954 3393 μετέχει·
2988 3296 3085 3374 καὶ
3119 3296 3420 3391 ’μετέχεται
3468 3318 3575 3370 ὑπὸ
3603 3316 3702 3368 τῶν

440 3408 672 3466 habent.
711 3410 897 3480 Neque
923 3411 1175 3469 Salvator
1203 3426 1393 3472 noster
1440 3418 1717 3486 particeps
1750 3428 1832 3471 est
1858 3418 2022 3487 justi-

440 3499 536 3553 tiae
567 3539 582 3565 ,
633 3502 729 3556 sed
784 3517 906 3556 cum
951 3504 1166 3573 justitia
1225 3507 1340 3572 sit,
1372 3507 1506 3576 justi
1564 3508 1682 3576 ejus
1726 3509 2023 3576 participes

440 3591 601 3647 ﬁunt.
657 3592 930 3649 Caeterum
974 3597 1062 3650 illa
1114 3599 1180 3654 de
1207 3600 1517 3654 subsmntia
1570 3603 1801 3670 qumstio
1861 3601 2020 3672 longa

439 3691 530 3739 est
559 3695 617 3740 et
664 3695 911 3742 scrutatu
963 3687 1195 3744 diﬂici‘lis
1247 3706 1263 3742 :
1315 3691 1550 3746 maxime
1594 3708 1664 3746 an
1711 3694 2017 3749 substantia

439 3789 770 3843 permanens
794 3789 848 3834 et
869 3795 1066 3850 expers
1093 3784 1358 3853 corporis,
1383 3787 1688 3842 substantia
1711 3791 1781 3844 sit
1805 3792 2021 3859 proprie

443 3867 588 3922 dicta
632 3887 646 3922 :
699 3881 755 3924 ut
798 3872 1108 3928 inveniatur
1155 3877 1370 3932 Deusne
1420 3881 1674 3947 superior
1707 3883 2017 3938 substantia

442 3959 620 4016 uilicio
650 3972 706 4017 et
761 3975 1038 4033 potestate
1079 3968 1448 4026 substantiam
1502 3973 1571 4029 iis
1629 3976 2018 4042 communicet,

442 4052 643 4120 quibus
668 4058 967 4111 secundum
998 4073 1155 4113 suum
1188 4061 1422 4116 Verbum
1458 4073 1514 4118 et
1541 4065 1642 4134 ipsi
1667 4066 1846 4120 Verbo
1875 4082 2018 4121 com-

441 4145 718 4213 municat;
779 4165 845 4202 an
903 4151 1019 4219 ipse
1077 4153 1147 4206 sit
1177 4153 1512 4222 substantia,
1553 4161 1803 4228 quamvis
1828 4171 2016 4214 natura

441 4237 659 4292 dicatur
706 4241 994 4298 invisibilis
1047 4245 1100 4298 in
1152 4247 1254 4301 hoc
1281 4249 1578 4318 Scriptura!
1615 4251 1681 4306 de
1738 4252 2020 4308 Salvatorc

440 4333 561 4388 loco
596 4352 609 4388 :
650 4353 668 4386 ι
693 4336 793 4402 Qui
824 4347 906 4391 est
944 4340 1120 4408 imago
1148 4341 1240 4395 Dei
1271 4341 1616 4399 invisibilis"
1643 4363 1657 4411 ;
1699 4366 1717 4396 ι
1739 4363 1844 4416 qua
1880 4349 2016 4400 invi-

439 4426 610 4481 sibilis
640 4443 769 4483 voce
786 4430 1128 4499 signiﬁcatur
1149 4449 1348 4504 expers
1372 4437 1634 4506 corporis.
1656 4438 2018 4504 Quaerendum

439 4528 586 4574 esset
623 4531 881 4589 praeterea
931 4532 1113 4578 utrum
1157 4525 1480 4596 Unigenitus
1524 4537 1578 4582 et
1616 4528 2020 4600 Primogenitus

2134 3416 2375 3486 ἐχόντων
2402 3415 2629 3486 Πνεῦμα
2646 3414 2802 3467 Θεοῦ.
2830 3415 2941 3467 Καὶ
2959 3414 2987 3465 6
3015 3412 3205 3484 Σωτὴρ
3228 3410 3384 3482 ἡμῶν
3409 3411 3470 3462 οὐ
3495 3409 3700 3480 μετέχει

2137 3511 2233 3581 μὲν
2260 3508 2624 3577 δικαιοσύνης·
2648 3506 2962 3576 δικαιοσύνη
2980 3505 3035 3557 δὲ
3055 3504 3151 3568 ὢν,
3180 3503 3464 3574 μετέχεται
3481 3499 3699 3569 ὐπὺῦί)

2131 3601 2239 3653 τῶν
2271 3599 2515 3653 δικαίων.
2545 3599 2720 3661 Πολὺς
2753 3599 2796 3651 δ’
2838 3601 2866 3652 6
2910 3599 3038 3669 περὶ
3074 3598 3172 3668 τῆς
3203 3596 3391 3658 οὐσίας
3417 3594 3576 3661 λόγος
3617 3593 3700 3645 καί

2131 3690 2532 3762 δυσθεώρητος·
2577 3691 2671 3744 καὶ
2715 3689 2968 3760 μάλιστα,
3013 3683 3164 3760 ἐὰνῇ
3211 3685 3415 3756 κυρίως
3453 3685 3631 3742 οὐσία,
3669 3681 3700 3751 ἢ

2132 3783 2346 3837 ἑστῶσα
2387 3781 2498 3854 (75)
2547 3783 2641 3835 κα).
2675 3782 2962 3852 ἀσώματος
3113 3779 3177 3831 ἵν’
3220 3777 3439 3849 εὑρεθῇ,
3484 3778 3700 3846 πότερον

2131 3877 2390 3928 ἐπέκεινα
2420 3875 2606 3938 οὐσίας
2648 3875 2764 3928 ἐστὶ
2803 3872 3068 3944 πρεσϐεία
3106 3871 3200 3924 καὶ
3246 3871 3471 3940 δυνάμει
3510 3873 3538 3923 6
3579 3869 3700 3929 8:6;

2133 3968 2446 4040 μεταδιδοὺς
2487 3967 2694 4030 οὐσίας,
2743 3960 2823 4028 οἷς
2859 3965 3178 4035 μεταδίδωσι
3218 3964 3361 4018 κατὰ
3396 3966 3486 4018 τὸν
3516 3961 3696 4016 ἑαυτοῦ

2128 4062 2299 4129 Λόγον
2316 4060 2410 4113 καὶ
2435 4059 2581 4130 αὐτῷ
2593 4060 2768 4130 Λόγῳ·
2794 4059 2826 4130 ἢ
2847 4059 2939 4111 καὶ
2955 4057 3115 4119 αὐτός
3129 4059 3273 4109 ἐστιν
3290 4057 3467 4118 οὐσία,
3490 4054 3624 4123 πλὴν
3639 4054 3697 4122 τῇ

2131 4154 2291 4221 φύσει
2320 4153 2548 4223 ἀόρατος
2577 4151 2797 4219 λέγεται
2819 4151 2877 4203 ἐν
2902 4149 2980 4220 τῷ
3014 4167 3078 4202 πε
3090 4151 3139 4219 pi.
3165 4149 3260 4202 τοῦ
3289 4149 3540 4219 Σωτῆρος
3567 4147 3696 4213 λόγῳ

2131 4246 2414 4314 φάσκοντι,
2458 4264 2474 4294 ι
2508 4245 2565 4306 ὃς
2599 4245 2746 4295 ἐστιν
2779 4241 2943 4295 εἰκὼν
2967 4242 3063 4296 τοῦ
3090 4241 3226 4294 Θεοῦ
3261 4241 3354 4294 τοῦ
3391 4242 3636 4312 ἀοράτου·
3674 4257 3690 4286 ι

2132 4337 2454 4407 σημαίνεται
2488 4337 2544 4388 δὲ
2577 4337 2640 4388 ἐκ
2681 4336 2782 4406 τῆς
2816 4335 3072 4404 ἀοράτου
3102 4335 3284 4405 φωνῆς
3327 4336 3355 4386 ό
3397 4334 3692 4404 ἀσώματος.

2131 4429 2401 4500 Ζητητέον
2443 4429 2499 4481 δὲ
2527 4430 2619 4481 καί
2653 4431 2700 4481 εἰ
2729 4429 2914 4482 ούσίαν
2960 4430 3057 4500 μὲν
3098 4427 3292 4482 οὐσιῶν
3335 4427 3570 4488 λεκτέον,
3611 4426 3698 4478 καὶ

2133 4522 2274 4574 ἰδέαν
2297 4521 2470 4586 ἰδεῶν,
2500 4522 2591 4573 καὶ
2617 4521 2808 4593 ἀρχὴν,
2837 4523 2927 4575 τὸν
2949 4523 3226 4592 Μονογενῆ
3245 4524 3338 4575 καὶ
3362 4521 3694 4594 Πρωτότοκον

439 4611 620 4665 omnis
649 4622 915 4668 creatura:
947 4616 1214 4671 dicendus
1237 4619 1308 4672 sit
1341 4619 1647 4674 substantia
1679 4626 2017 4678 substantia—

2134 4614 2310 4684 πάσης
2337 4614 2597 4676 κτίσεως·
2631 4614 2888 4667 ἐπέκεινα
2916 4615 2973 4668 δέ
3004 4615 3220 4668 πάντων
3247 4614 3452 4668 τούτων
3478 4614 3561 4666 τὸν
3595 4627 3691 4664 πα-

438 4716 584 4767 rum,
619 4703 738 4758 idea
763 4705 1008 4761 idcarum
1048 4720 1100 4762 et
1134 4710 1486 4782 principium,
1512 4722 1566 4767 et
1599 4715 1740 4770 Deus
1773 4717 1888 4786 ejus
1921 4718 2020 4772 Pa-

443 4803 526 4846 ter
554 4793 644 4848 his
670 4798 926 4854 omnibus
959 4798 1033 4853 sit
1057 4802 1330 4869 superior.

513 4913 556 4991 ’h‘
585 4913 793 4991 Coloss.
819 4933 906 4991 tit,
938 4919 1023 4974 10.
1103 4922 1145 4953 ⁸³
1180 4923 1368 4978 Matth.
1403 4942 1456 4991 ν,
1498 4927 1588 4982 48.

439 4981 483 5012 ³⁷
511 4982 716 5039 Coloss.
745 5002 780 5051 ι,
812 4989 898 5041 15.

509 5126 627 5210 (βε)
655 5127 937 5210 [γοεῖσοᾳι
967 5133 1032 5185 τὸ
1066 5136 1192 5187 κατ’
1221 5138 1446 5193 εἰκόνα.
1483 5139 1610 5197 Dele
1635 5143 1774 5210 hinc,
1805 5146 1867 5199 τὸ
1902 5152 2022 5202 κατ’

441 5199 642 5255 εἰκόνα,
668 5201 781 5264 jam
817 5203 961 5254 enim
985 5217 1401 5270 praecesserunt.

512 5269 626 5408 ((59)
662 5273 781 5324 Ὅτι
811 5269 1166 5343 ἅγιοιξιιρείι
1200 5276 1532 5344 Bulierellus,
1559 5282 1653 5335 τοῦ
1691 5284 1855 5355 ἅγιοι.

512 5341 602 5408 (70
652 5342 770 5394 Ὅτι
802 5344 898 5396 καὶ
932 5346 1078 5408 ναός
1101 5345 1232 5398 ἐστι
1261 5347 1386 5408 τοῦ,
1447 5360 1554 5406 etc.
1621 5353 1744 5408 litec
1810 5368 1855 5408 tu

512 5341 623 5408 (70)
652 5342 770 5394 Ὅτι
802 5344 898 5396 καὶ
932 5346 1078 5409 ναός
1099 5341 1232 5398 ἐστι
1261 5347 1386 5409 τοῦ,
1447 5341 1554 5406 etc.
1621 5341 1750 5409 "me
1810 5361 2021 5415 turbata

440 5417 628 5489 sunt,‘
663 5426 783 5489 quae
830 5415 921 5489 _sic
981 5418 1232 5489 Videntur
1293 5415 1577 5489 Buliet‘ello
1643 5427 2022 5489 restituenda:

439 5478 521 5558 ότι
547 5479 640 5562 καί
674 5480 797 5562 ναός
826 5484 940 5562 ἐστι
970 5485 1065 5562 τοῦ
1097 5485 1231 5562 Θεοῦ
1252 5487 1337 5562 *τὸ
1370 5488 1464 5540 τοῦ
1491 5493 1546 5544 ἐν
1582 5493 1658 5562 τῷ

439 5549 789 5639 ανειληφότος
813 5552 880 5604 τὰ
907 5554 999 5607 τοῦ
1030 5555 1166 5608 Θεοῦ
1206 5556 1368 5638 σῶμα
1397 5559 1489 5639 τοῦ
1521 5549 1773 5636 τοιαύτην

438 5618 639 5703 spy-mu:
674 5618 904 5706 cuius“
932 5635 1113 5705 ante-tn
1136 5629 1263 5706 “sic
1292 5618 1304 5629 ’
1323 5618 2022 5706 scribendumgreaisiiinat:

440 5689 520 5776 ἔτι
557 5691 650 5743 καὶ
681 5689 810 5781 ναός
840 5693 956 5745 ἐστι
977 5695 1078 5781 ’τοῦ
1131 5697 1266 5781 Θεοῦ
1301 5699 1393 5781 τί)⁵
1420 5700 1578 5781 σῶμα
1615 5705 1709 5758 τοῦ
1731 5689 1745 5692 ﬁ

441 5760 876 5840 ifzoytogduxilv,
897 5765 1009 5840 -καί-
1025 5769 1082 5819 ἐν
1112 5770 1176 5838 τῇ
1205 5769 1350 5840 ψυχῇ
1367 5769 1452 5824 διὰ
1487 5760 1547 5826 τὸ
1575 5779 1693 5828 κατ’

441 5829 594 5886 Θεόν.
629 5829 835 5889 cetera
862 5837 910 5890 ei
943 5835 1121 5893 aliena
1151 5829 1478 5897 'ét'adiiimia
1515 5829 1787 5902 videntur.

1667 4931 1710 4961 ³³
1744 4932 1920 4990 Levii.
1952 4955 2074 5007 xIx,
2113 4942 2170 4996 ει.
2247 4941 2292 4973 ³⁵
2317 4941 2518 5012 EphCS-
2550 4957 2600 5008 ν,
2629 4943 2679 4996 i-

2127 4703 2185 4754 τέ
2197 4721 2264 4776 ρα
2290 4705 2452 4758 αὐτοῦ
2480 4705 2573 4758 καὶ
2603 4705 2752 4758 Θεόν.

2777 4942 2820 4972 ³⁵
2851 4940 3004 4998 Deut.
3033 4957 3083 5008 v,
3115 4942 3206 4996 3i.
3298 4940 3345 4972 ³⁸
3377 4940 3514 4995 Gen.
3540 4955 3617 5002 ut,
3640 4937 3686 4990 8.

2206 5151 2316 5224 (Ἠ)
2346 5153 2690 5224 ῌαὲεοιιθιίυε
2719 5153 2771 5208 in
2797 5163 2970 5222 textu,
3002 5155 3117 5224 μετ’
3147 5151 3300 5224 ἐμοῦ.

2205 5223 2318 5296 (72)
2361 5223 2716 5299 liteschelius
2759 5235 2812 5279 et
2875 5223 3214 5299 Spencerus',
3268 5236 3391 5293 post
3443 5227 3684 5299 ἥκουσαν,

2135 5297 2276 5346 intra
2300 5294 2592 5416 antii'nulos
2624 5295 2824 5350 addunt
2852 5297 2950 5368 τῆς
3004 5295 3206 5366 φωνῆς,
3266 5299 3408 5365 quod
3462 5294 3606 5352 abest
3656 5311 3684 5346 a

2136 5379 2264 5416 mss.
2303 5380 2388 5416 ρο(
2411 5383 2461 5416 (ι.

2136 5379 2264 5418 mss.
2303 5366 2461 5419 codd.

2535 5434 2663 5488 editi
2695 5436 2745 5488 in
2782 5435 3046 5505 margine,
3083 5437 3490 5507 παραπλησίαν.

2207 5503 2319 5576 (74)
2347 5505 2528 5576 Libb._
2558 5514 2718 5576 antea
2763 5503 2924 5576 editi,
2957 5507 3083 5571 ἀπό,
3147 5503 3202 5559 at
3257 5503 3416 5576 supra
3481 5506 3680 5576 legitur.

2129 5573 2412 5648 μεῄτέχεται
2441 5574 2559 5648 ι’)πῖδΔ
2573 5573 2684 5648 τῶν
2717 5575 2969 5645 ἐχόντων.
2997 5577 3140 5648 Ergo
3163 5589 3218 5632 et
3242 5573 3336 5633 hic
3354 5573 3681 5634 scribendum

2127 5644 2227 5698 fuit
2261 5645 2365 5697 ὑπὸ
2397 5644 2506 5697 τῶν
2539 5644 2785 5700 δικαίωνᾲ

2197 5715 2306 5787 (75)
2347 5717 2483 5787 Ἐὰν
2503 5710 2545 5787 ᾖ
2577 5718 2793 5784 κυρίως
2829 5719 3029 5782 οὐσία,
3057 5718 3096 5787 ἢ
3126 5717 3386 5780 ἑστῶσα,
3411 5728 3510 5772 etc.
3546 5715 3680 5782 Lego

2127 5799 2248 5842 cum
2277 5786 2584 5857 Boberelto,
2609 5787 2704 5842 ἐὰν
2738 5789 2770 5858 ἡ
2799 5789 3002 5860 κυρίως
3027 5789 3202 5855 οὐσία,
3233 5792 3265 5859 ἠ
3303 5789 3525 5853 ἑστῶσα,
3541 5798 3643 5840 etc.
