3846 6406
183 329 302 386 1397

1387 328 1670 386 CONTRA
1707 331 1986 387 CELSUM
2029 331 2156 388 LIB.
2203 334 2264 388 VI

3264 341 3394 397 l398

250 441 300 494 Ὅ
332 439 425 511 μὲν
449 431 541 493 οὖν
567 438 770 504 Κέλσος
799 457 928 512 περι
953 440 1086 493 Θεοῦ
1113 457 1299 512 φησιν,
1327 441 1409 494 ὅτι
1446 462 1463 492 ι
1510 440 1597 508 Ἐξ
1628 442 1714 494 αύ-

1905 443 1994 498 65.
2022 445 2154 500 Cum
2185 446 2250 501 de
2286 447 2395 501 Deo
2419 446 2608 501 Celsus
2640 446 2770 500 dicit
2798 464 2810 500 :
2845 465 2864 499 ι
2896 448 2970 503 Ex
2997 449 3084 503 illo
3105 452 3284 504 omnia
3307 493 3322 518 ,
3370 471 3390 504 ι

177 535 258 589 τοῦ
293 537 354 586 τὰ
376 533 568 594 πάντα,
602 552 620 583 ι
652 532 946 596 ἀπολύσας,
975 533 1075 586 οὐκ
1100 529 1194 586 οἶδ’
1228 535 1396 598 ὅπως,
1437 535 1505 588 τὰ
1548 536 1723 590 πάντα

177 628 323 684 αὐτοῦ
356 627 481 698 (76)·
509 630 537 680 6
563 628 608 681 δ’
634 628 902 699 ἡμέτερος
924 626 1154 690 Παῦλος,
1189 647 1206 678 ι
1343 626 1527 690 αὐτοῦ,
1552 626 1721 695 λέγει,

176 723 257 775 καὶ
284 721 344 773 δι’
386 719 567 784 αὐτοῦ,
617 721 711 774 καὶ
741 722 820 783 είς
849 719 1012 772 αὑτὸν
1047 719 1116 772 τὰ
1142 719 1342 786 πάντα,
1389 739 1407 771 ι
1447 718 1724 790 παριστὰς

176 815 261 884 τὴν
295 813 460 885 ἀρχὴν
498 813 598 882 τῆς
638 813 746 865 τῶν
796 812 1010 866 πάντων
1051 813 1400 877 ὑποστάσεως
1447 816 1503 867 ὲν
1544 812 1622 884 τῷ
1654 812 1724 877 ἐξ

175 903 354 968 αὐτοῦ,
399 904 492 956 και)⁴
527 902 627 974 τὴν
669 904 898 972 συνοχὴν
945 905 1000 955 ὲν
1037 902 1115 972 τῷ
1155 901 1229 954 δι’
1277 903 1483 960 αὑτοῦ.
1531 904 1626 956 καὶ
1662 903 1724 955 τὸ

173 997 304 1061 τέλος
331 998 383 1048 ὲν
406 994 482 1065 τῷ
503 997 592 1059 εἰς
609 996 812 1048 αὐτόν.
854 992 1095 1064 ’Δληθῶς
1119 993 1175 1046 δὲ
1197 993 1254 1059 ἐξ
1281 993 1490 1057 οὐδενὸς
1519 996 1547 1046 ὁ
1567 993 1718 1058 Θεὸς.

183 1087 315 1140 Ἐπεὶ
339 1087 392 1140 δέ
424 1103 605 1157 φησιν,
633 1087 735 1147 ὅτι,
774 1104 791 1136 ι
825 1085 946 1138 οὐδὲ
973 1084 1115 1155 λόγῳ
1140 1085 1358 1153 ὲφικτός
1378 1103 1390 1114 ·
1430 1105 1447 1135 ι
1480 1085 1722 1138 διαστέλ-

171 1177 309 1247 λομαι
339 1177 396 1228 τὸ
438 1176 854 1247 σημαινόμενον,
894 1175 987 1228 καί
1034 1192 1193 1245 φημι,
1231 1178 1279 1228 εί
1326 1176 1426 1246 μὲν
1462 1176 1604 1246 λόγῳ
1643 1175 1723 1245 τῷ

171 1271 220 1320 ὲν
247 1269 384 1338 ἡμῖν,
426 1267 535 1319 εἴτε
583 1266 891 1337 ὲνδιαθέτῳ,
939 1267 1046 1319 εἴτε
1096 1266 1189 1319 καὶ
1231 1265 1580 1337 προφορικῷ·
1627 1266 1722 1320 καὶ

171 1362 309 1430 ἡμεῖς
331 1363 584 1431 φήσομεν,
611 1361 694 1412 ὄτι
715 1360 812 1412 οὐκ
836 1358 981 1411 ἔστιν
1009 1359 1228 1428 ἐφικτὸς
1250 1358 1328 1428 τῷ
1347 1359 1490 1428 λόγῳ
1514 1361 1542 1412 6
1565 1359 1717 1422 Θεός·

170 1453 211 1503 εί
240 1452 305 1514 δὲ,
327 1453 609 1522 νοήσαντες
633 1451 698 1504 τὸ
714 1493 727 1517 ,
752 1471 769 1502 ι
817 1451 904 1504 Ἑν
931 1452 1070 1523 ἀρχῇ
1098 1448 1165 1522 ἦν
1189 1453 1216 1504 6
1239 1452 1427 1520 Λόγος,
1453 1452 1546 1505 καὶ
1570 1455 1599 1505 ό
1623 1451 1721 1504 A6-

168 1557 250 1609 γος
269 1537 330 1611 ἦν
365 1543 495 1613 πρὸς
535 1543 626 1595 τὸν
665 1542 817 1605 Θεὸν,
854 1545 946 1596 καὶ
977 1543 1109 1606 Θεὸς
1143 1539 1211 1613 ἦν
1249 1545 1277 1596 6
1308 1543 1495 1610 Λόγος·
1533 1563 1550 1594 ι
1583 1544 1717 1596 ἀπο-

168 1633 460 1704 φαινόμεθα,
493 1635 574 1687 ὃτι
597 1635 771 1706 τούτῳ
794 1635 871 1706 τῷ
903 1635 1063 1706 Λόγῳ
1087 1635 1306 1704 ὲφικτός
1336 1637 1482 1688 ἐστιν
1508 1637 1536 1688 6
1565 1635 1717 1699 Θεὸς,

166 1726 216 1778 οὐ
266 1725 399 1796 μόνῳ
434 1727 584 1796 αύτῷ
622 1728 1193 1798 καταλαμϐανόμενος,
1244 1726 1381 1780 ἀλλὰ
1426 1729 1518 1780 καὶ
1564 1721 1608 1795 ᾧ
1655 1728 1720 1781 ἂν

166 1817 303 1880 αὐτὸς
331 1817 652 1890 ἀποκαλύψῃ
692 1818 783 1870 τὸν
826 1817 1069 1887 Πατέρα,
1098 1817 1558 1888 ψευδοποιήσομεν
1605 1818 1715 1888 (77)

167 1907 250 1978 τὴν
291 1907 488 1959 Κέλσου
535 1907 699 1972 λέξιν,
746 1909 1063 1978 φάσκοντος·
1118 1908 1252 1961 Οὐδὲ
1295 1909 1452 1979 Λόγῳ
1499 1910 1718 1978 ὲφικτὸς

165 1997 290 2048 ἐστιν
320 1999 345 2048 6
371 1996 518 2060 Θεός.
551 1997 661 2049 Καὶ
683 1999 742 2050 τὸ
776 2018 793 2047 ε
822 1999 920 2050 οὐκ
946 1998 1246 2068 ὀνομαστὸς
1278 1998 1354 2062 δὲ,
1387 2017 1405 2049 ι
1435 1998 1716 2068 διαστολῆς

163 2088 325 2142 δεῖται.
362 2091 421 2142 EE
463 2092 560 2161 μὲν
596 2091 724 2164 γὰρ,
755 2093 837 2144 ὅτι
869 2094 1023 2146 οὐδὲν
1055 2093 1164 2146 τῶν
1191 2096 1247 2147 ὲν
1277 2094 1454 2158 λέξεσι
1490 2096 1584 2148 καὶ
1617 2113 1715 2166 στι-

167 2179 482 2249 μαινομένοις
527 2180 752 2235 δύναται
796 2183 1149 2253 παραστῆσαι
1178 2184 1275 2249 τὰς
1321 2185 1588 2256 ἰδιότητας
1621 2188 1714 2241 τοῦ

163 2269 296 2334 Θεοῦ,
335 2272 528 2342 ἀληθές
568 2274 686 2325 ἐστι
726 2275 786 2326 τὸ
822 2275 1140 2345 λεγόμενον*
1190 2274 1244 2328 εί
1279 2294 1343 2344 γε
1389 2278 1482 2331 καὶ
1525 2278 1716 2332 πολλαὶ

163 2362 416 2434 ποιότητες
444 2366 544 2418 οὐκ
568 2365 706 2417 εἰσὶν
736 2365 1053 2437 ὀνομασταί.
1089 2367 1183 2432 Τίς
1215 2368 1323 2440 γὰρ
1348 2369 1570 2422 δύναται
1603 2371 1718 2422 ὀνό-

167 2471 274 2523 μασι
312 2455 567 2527 διαφορὰν
583 2457 765 2510 δοῦναι
791 2459 1071 2529 ποιότητος
1094 2460 1426 2530 γλυκύτητος
1452 2462 1713 2530 φοίνικος,

163 2547 239 2600 καὶ
261 2549 585 2620 γλυκύτητος
613 2551 824 2621 ἰσχάδος
847 2569 860 2617 ;
885 2553 980 2616 Τίς
1013 2553 1068 2605 δὲ
1100 2554 1322 2624 ὀνόματι
1345 2554 1570 2608 δύναται
1602 2555 1716 2608 δια-

165 2641 440 2694 στείλασθαι
480 2643 576 2695 καὶ
608 2645 957 2713 παραστῆσαι
989 2645 1088 2716 τὴν
1123 2645 1351 2698 ἑκάστου
1385 2645 1520 2698 ἰδίαν
1564 2645 1713 2697 ποιό-

162 2745 308 2798 τητα;
337 2731 496 2784 Οὐδὲν
523 2728 616 2785 οῦν
649 2733 984 2802 θαυμαστὸν,
1022 2736 1068 2786 εἰ
1100 2737 1200 2788 οῦκ
1227 2735 1371 2788 ἔστιν
1398 2735 1570 2798 οὕτως
1597 2737 1714 2788 ὀνο.-

165 2811 403 2888 μαστὸς¹ὁ
430 2822 583 2886 Θεός.
625 2825 689 2876 Εἰ
732 2824 786 2877 δὲ
826 2825 887 2877 τὸ
923 2825 1220 2896 ὀνομαστὸν
1250 2827 1544 2896 λαμϐάνεις
1579 2825 1714 2879 καθὸ

162 2907 252 2965 οἶόν
271 2914 324 2966 τέ
355 2915 497 2967 ἐστιν
535 2915 762 2986 ὀνόμασι
789 2917 1138 2988 παραστῆσαί
1167 2935 1218 2971 τι
1260 2917 1367 2971 τῶν
1395 2919 1522 2989 περὶ
1547 2917 1710 2971 αὐτοῦ

163 3004 227 3066 εις
249 3006 303 3058 τὸ
325 3007 729 3078 χειραγωγῆσαι
756 3008 844 3060 τὸν
875 3009 1170 3080 ἀκροατὴν,
1201 3010 1293 3062 κα)¹
1335 3008 1556 3078 ποιῆσαι
1591 3010 1713 3080 νοῆ-

165 3110 236 3148 σαι
259 3100 372 3168 περὶ
398 3098 530 3151 Θεοῦ
561 3098 704 3151 κατὰ
737 3099 798 3151 τὸ
827 3099 1044 3169 ἐφικτὸν
1074 3103 1140 3171 τῇ
1177 3099 1492 3172 ἀνθρωπίνῃ
1529 3100 1708 3170 φύσει,

163 3186 262 3240 τινὰ
283 3189 383 3241 τῶν
404 3207 470 3241 πε
480 3191 532 3260 pi
555 3189 718 3243 αὐτοῦ
739 3208 750 3220 ·
784 3192 934 3245 οὐδὲν
958 3191 1158 3246 ἄτοπον
1187 3193 1368 3262 λέγειν
1396 3195 1558 3248 αὑτὸν
1593 3196 1709 3248 ὀνο-

166 3280 360 3347 μαστόν.
396 3281 552 3335 Οὕτω
583 3282 640 3336 δὲ
664 3282 1088 3354 διαστελούμεθα
1115 3287 1208 3339 καὶ
1231 3287 1322 3351 τὸ,
1346 3306 1364 3337 ι
1401 3286 1565 3340 Οὐδὲν
1599 3287 1712 3359 γὰρ

164 3369 400 3426 πέπονθεν
433 3374 658 3443 ὀνόματι
690 3376 1057 3447 καταληπτόν.
1105 3398 1122 3428 ι
1171 3377 1394 3449 Ἀληθὲς
1423 3380 1478 3433 δὲ
1513 3381 1606 3433 καὶ
1643 3380 1704 3432 τὸ

163 3461 250 3528 ἔξω
275 3465 464 3530 παντὸς
509 3465 717 3531 πάθους
764 3464 900 3522 εἶναι
939 3469 1028 3524 τὸν
1069 3470 1223 3524 Θεόν.
1253 3471 1362 3524 Καὶ
1399 3470 1577 3526 ταῦτα
1613 3473 1710 3542 μὲν

163 3565 328 3624 ταυτῃ.

224 3830 433 3903 Ἴδωμεν
470 3835 526 3888 δὲ
556 3838 648 3889 καὶ
675 3838 773 3908 τὴν
805 3838 929 3909 ἑξῆς
961 3839 1128 3893 αὑτοῦ
1162 3840 1330 3908 λέξιν,
1361 3843 1428 3895 δι’
1457 3837 1524 3914 ἧς
1551 3845 1711 3898 οἱονεὶ

164 3925 626 3988 προσωποποιεῖταί
677 3943 822 3988 τινα,
895 3926 1032 3996 μετὰ
1082 3928 1143 3980 τὸ
1205 3928 1434 3982 ἀκοῦσαι
1486 3931 1710 3994 τούτων,

167 4011 358 4066 τοιαῦτα
382 4013 625 4082 λέγοντα·
664 4036 681 4065 ι
725 4016 848 4079 Πῶς
874 4012 966 4069 οὖν
996 4019 1109 4085 γνῶ
1139 4019 1229 4071 τὸν
1259 4019 1422 4085 Θεόν;
1458 4022 1569 4076 Καὶ
1598 4021 1714 4086 πῶς

168 4100 250 4170 τὴν
272 4104 438 4157 ἐκεῖσε
462 4105 581 4160 ὁδὸν
604 4105 794 4177 μάθω;
825 4107 935 4160 Καὶ
962 4107 1078 4171 πῶς
1101 4110 1264 4163 αὐτόν
1293 4128 1383 4180 μοι
1409 4110 1710 4180 δεικνύειςς

177 4192 248 4257 Ὧς
269 4196 354 4249 νῦν
379 4216 440 4268 γε
468 4200 658 4252 σκότον
684 4216 786 4269 μου
807 4200 915 4254 τῶν
939 4200 1232 4272 ὀφθαλμῶν
1255 4203 1597 4273 προϐάλλεις,
1620 4205 1714 4256 καὶ

168 4288 291 4341 οὐδὲν
323 4291 543 4362 ἐναργὲς
581 4292 781 4362 βλέπω.
827 4312 845 4344 ι
889 4289 1022 4346 Εἶτα
1065 4297 1202 4366 πρὸς
1239 4295 1330 4347 τὸν
1376 4295 1548 4358 οὕτως
1591 4297 1717 4349 ἐπα-

169 4379 448 4451 πορήσαντα
487 4381 652 4434 οἱονεὶ
695 4384 1073 4454 ἀποκρίνεται,
1121 4389 1216 4440 καὶ
1265 4387 1362 4457 τὴν
1404 4386 1582 4440 αἰτίαν
1621 4388 1714 4440 τοῦ

1828 537 2026 589 evertit
2051 537 2236 591 nescio
2262 537 2534 606 quomodo
2575 552 2674 592 sua
2719 539 2832 608 ipse
2882 541 3168 609 principia.
3201 541 3394 597 Noster

1827 637 1962 678 vero
1988 625 2189 680 Paulus
2224 644 2238 681 :
2276 645 2294 679 ι
2336 629 2415 683 Ex
2458 628 2594 695 ipso,
2629 627 2842 696 inquit,
2871 629 3038 701 682
3079 641 3132 686 et
3172 648 3267 702 per
3307 633 3395 702 ip-

1823 730 1970 784 sum,
2001 725 2056 771 et
2090 717 2141 772 in
2168 718 2343 788 ipsum
2373 728 2501 774 sunt
2526 719 2813 786 omnia”;
2856 739 2874 772 ι
2912 722 3000 777 ubi
3033 723 3116 777 ha:
3149 738 3310 780 voces
3330 741 3396 779 ex

1825 809 1939 876 ipso
1969 807 2278 878 significant
2303 810 2403 880 ipsi
2431 819 2715 880 acceptum
2751 811 2941 868 referri
2969 814 3111 882 quod
3147 815 3261 869 sint
3296 831 3385 870 res

1824 914 2041 959 omnes:
2069 918 2159 955 uer
2185 903 2380 967 insunt,
2409 918 2501 958 eas
2531 905 2599 957 ab
2627 904 2718 957 illo
2735 907 3084 973 conservari;
3111 908 3164 959 in
3195 908 3390 975 ipsum,

1823 1003 1944 1044 eum
1978 1006 2100 1046 esse
2132 993 2312 1046 finem.
2339 993 2480 1047 Vere
2505 1003 2686 1047 autem
2715 994 2854 1049 Deus
2873 1011 2904 1049 a
2929 995 3076 1050 nullo
3098 1004 3200 1051 est.
3229 995 3383 1064 Quod

1824 1091 2004 1136 autem
2033 1083 2202 1148 addit,
2238 1101 2257 1133 ι
2299 1085 2464 1137 Deum
2521 1100 2589 1138 ne.
2620 1086 2786 1139 verbo
2837 1087 3055 1156 quidem
3090 1102 3210 1143 esse
3239 1103 3390 1142 com-

1821 1175 2275 1244 pri-hensibilem,
2317 1197 2335 1230 ›
2395 1178 2446 1232 id
2499 1179 2940 1250 distinguendum
2999 1195 3120 1236 esse
3168 1196 3387 1237 censeo.

1821 1263 1954 1319 Nam
2003 1267 2046 1321 si
2094 1267 2159 1321 de
2207 1267 2376 1323 verbo
2426 1270 2567 1338 quod
2619 1270 2671 1324 in
2722 1272 2876 1326 nobis
2929 1281 3036 1336 est,
3100 1271 3214 1324 sive
3251 1271 3391 1326 inte-

1822 1358 1975 1422 riori,
2002 1359 2116 1412 sive
2148 1358 2216 1412 de
2247 1371 2312 1412 eo
2344 1360 2487 1427 quod
2517 1358 2827 1429 profertur,
2871 1374 3055 1414 sermo
3087 1360 3180 1414 fiat
3203 1403 3217 1426 ,
3252 1361 3390 1415 fate-

1821 1449 2000 1502 bimur
2048 1459 2102 1503 et
2160 1465 2258 1505 nos
2315 1451 2484 1505 Deum
2539 1445 3090 1520 cornprebeusibilem
3137 1466 3241 1505 nou
3269 1466 3392 1506 esse

1819 1539 2007 1595 verbo.
2045 1540 2138 1596 Sin
2173 1552 2355 1595 autem
2403 1543 2814 1598 considerantes
2857 1543 3001 1597 istud
3033 1560 3048 1597 :
3089 1563 3108 1595 ‹
3145 1543 3201 1596 In
3235 1545 3392 1613 prin-

1819 1628 1964 1698 cipio
1991 1640 2112 1684 erat
2144 1631 2378 1686 Verbum
2407 1641 2462 1686 et
2496 1631 2731 1686 Verbum
2769 1644 2888 1687 erat
2928 1633 3066 1702 apud
3102 1632 3299 1696 Deum,
3335 1641 3393 1686 et

1823 1720 1964 1776 Deus
2001 1731 2122 1775 erat
2150 1721 2386 1776 Verbum
2409 1725 2473 1789 ³⁸,
2513 1743 2530 1775 ι
2570 1725 3022 1779 aliirmaverimus
3056 1725 3182 1779 huic
3211 1723 3390 1778 Verbo

1751 1790 1792 1844 Β
1822 1814 2373 1882 comprehensibilem
2421 1830 2541 1869 esse
2595 1816 2783 1881 Deum,
2837 1830 2936 1871 nec
2974 1816 3041 1870 ab
3070 1816 3162 1870 illo
3211 1815 3390 1869 solum

1819 1907 2227 1974 comprehendi,
2267 1908 2358 1962 sed
2392 1910 2559 1961 etiam
2593 1909 2660 1960 ab
2695 1907 2762 1961 iis
2783 1948 2797 1968 ,
2824 1909 3026 1976 quibus
3054 1907 3270 1961 Patrem
3300 1921 3390 1959 re-

1819 1997 2079 2053 velaverit
2108 2013 2124 2052 :
2149 1999 2267 2054 falsi
2293 2002 2676 2054 convincemns
2708 2001 2850 2070 quod
2876 2001 2954 2055 ait
2982 2000 3192 2061 Celsus,
3220 2000 3389 2054 Deum

1819 2105 1887 2144 ne
1929 2091 2104 2146 Verbo
2137 2094 2356 2162 quidem
2407 2094 2964 2162 comprehensibilem
2999 2109 3140 2148 esse.
3185 2093 3392 2146 Distin-

1818 2183 1906 2252 gui
1957 2183 2120 2238 etiam
2168 2193 2382 2254 oportet
2438 2186 2623 2252 istud,
2679 2205 2696 2236 ι
2758 2187 2925 2240 Deum
2969 2184 3240 2240 nominari
3281 2197 3396 2237 non

1819 2289 2000 2343 posse.
2039 2295 2060 2330 ι
2106 2275 2241 2330 Nam
2277 2276 2321 2332 si
2347 2277 2600 2347 intelligit
2637 2278 2802 2330 verba
2833 2286 2924 2331 aut
2963 2292 3053 2332 res
3095 2275 3280 2330 verbis
3313 2275 3393 2328 si-

1818 2366 2108 2434 gnificatas
2144 2383 2249 2420 non
2281 2381 2402 2422 esse
2427 2409 2440 2430 ,
2492 2383 2612 2435 quae
2665 2367 2754 2420 Dei
2792 2369 3157 2437 proprietates
3189 2381 3395 2435 repm-

1819 2467 2078 2522 senteut,
2137 2473 2324 2512 verum
2388 2460 2548 2523 dicit;
2605 2460 2874 2528 siquidem
2928 2459 3112 2512 multa;
3167 2469 3389 2527 quoque

1817 2560 1946 2603 sunt
1973 2550 2264 2619 qualitates
2299 2565 2417 2620 qua:
2442 2550 2624 2605 verbis
2680 2551 2913 2621 exprimi
2967 2565 3077 2604 non
3138 2557 3388 2618 possunt.

1818 2643 1950 2709 Quis
1974 2643 2116 2697 enim
2146 2645 2329 2700 verbis
2362 2646 2639 2713 exprimat
2661 2644 2957 2698 discrimen
2987 2641 3130 2710 quod
3161 2639 3392 2694 interest

1817 2733 2159 2789 dulcedinem
2193 2735 2442 2805 palmulae
2478 2737 2620 2790 inter
2663 2744 2718 2789 et
2758 2733 3099 2787 dulcedinem
3152 2730 3344 2784 carica:
3367 2729 3392 2780 ?

1817 2825 1934 2892 Quo
1959 2826 2178 2881 nomine
2217 2828 2518 2896 distinguas
2556 2837 2611 2881 et
2662 2826 2940 2896 significes
2971 2823 3252 2894 propriam
3308 2820 3388 2874 rei
3471 2886 3482 2896 .

1816 2916 2076 2986 cujusque
2104 2917 2424 2986 qualitatem
2451 2919 2473 2970 ?
2503 2918 2648 2972 Nihil
2671 2932 2804 2986 ergo
2838 2918 3035 2969 mirum
3083 2914 3249 2967 Deum
3285 2927 3389 2965 no-

1818 3010 2014 3065 minari
2060 3026 2168 3066 non
2216 3027 2398 3081 posse.
2447 3012 2505 3066 Si
2542 3022 2721 3066 autem
2749 3011 2884 3064 velis
2925 3009 3198 3062 nominare
3250 3006 3391 3060 nihil

1815 3118 1938 3159 esse
1973 3103 2140 3170 aliud,
2172 3118 2333 3172 quam
2369 3103 2582 3173 aliquas
2609 3103 2843 3158 virtutes
2881 3101 3000 3169 ejus
3032 3100 3213 3154 verbis
3247 3098 3391 3152 indi-

1815 3209 1963 3259 care,
2003 3201 2064 3249 ut
2098 3196 2316 3249 auditor
2366 3195 2430 3249 ad
2485 3194 2764 3264 quidpiam
2798 3192 2866 3247 de
2907 3192 3014 3246 illis
3054 3203 3388 3260 cognoscen-

1815 3287 1940 3339 dum
1973 3294 2235 3355 quantum
2271 3287 2520 3340 humana:
2544 3295 2752 3340 natura:
2779 3283 3253 3353 licet,adjuvetur,
3279 3295 3390 3334 non

1814 3378 2112 3433 absurdum
2146 3377 2312 3432 fuerit
2341 3377 2530 3433 dicere
2570 3376 2718 3431 illum
2753 3376 3026 3431 nominari
3055 3389 3234 3444 posse.
3263 3373 3388 3427 Dis-

1816 3470 2110 3534 tinguimus
2144 3479 2199 3524 et
2241 3470 2383 3524 istud
2438 3487 2454 3523 :
2485 3489 2503 3520 ι
2536 3471 2593 3524 ln
2623 3485 2748 3525 eum
2777 3470 2919 3524 enim
2955 3467 3137 3522 nullus
3161 3465 3391 3520 affectus

1814 3561 1959 3616 cadit
1984 3561 2086 3631 qui.
2110 3561 2291 3615 verbis
2319 3561 2552 3629 exprimi
2588 3561 2782 3631 possit.
2833 3576 2852 3609 ι
2889 3558 3100 3613 Verum
3125 3557 3270 3611 enim
3302 3564 3390 3610 est

1815 3653 1993 3708 nullos
2023 3654 2076 3706 in
2107 3653 2274 3707 Deum
2311 3651 2536 3707 allectus
2566 3652 2880 3707 convenire.
2911 3649 3018 3706 Sed
3038 3650 3102 3706 de
3135 3648 3219 3703 his
3244 3647 3391 3702 dicta

1815 3743 2103 3800 sulliciant.

1887 3837 1979 3892 66.
2019 3837 2138 3896 Jam
2175 3838 2462 3892 videamus
2497 3851 2616 3906 quae
2648 3835 2988 3908 'sequuntur,
3049 3831 3142 3888 ubi
3197 3845 3389 3900 quem-

1816 3930 1983 3998 piam,
2015 3927 2098 3983 his
2119 3927 2346 3994 auditis,
2371 3928 2451 3982 sic
2476 3928 2898 3998 interrogantem
2928 3925 3133 3979 inducit
3159 3941 3171 3976 :
3199 3939 3218 3972 ¢
3247 3921 3395 3987 Qun-

1817 4021 1976 4076 modo
2013 4021 2178 4091 igitur
2229 4023 2395 4075 Deum
2434 4021 2795 4090 cognoscam?
2833 4017 3114 4086 Quomodo
3149 4016 3288 4069 viam
3323 4016 3391 4066 ad

1818 4113 1967 4166 illum
2001 4111 2247 4165 discam?
2277 4111 2554 4176 Quomodo
2585 4125 2705 4164 eum
2733 4108 2860 4162 tnihi
2890 4104 3257 4160 monstrabis?
3283 4101 3391 4156 Te-

1818 4204 2021 4257 nebras
2047 4201 2221 4256 oculis
2274 4201 2410 4253 meis
2465 4197 2723 4265 oﬂ‘undis,
2779 4207 2833 4251 et
2883 4195 3018 4249 nihil
3071 4195 3389 4250 distinctum

1819 4305 2006 4346 cerno.
2048 4309 2067 4342 ι
2116 4289 2322 4343 Deinde
2376 4290 2686 4356 respondet»,
2744 4302 2797 4340 et
2860 4300 3078 4340 causam
3145 4273 3419 4339 attulisse.

1820 4383 1926 4438 sibi
1961 4383 2177 4437 videtur
2233 4395 2332 4434 cur
2387 4378 2628 4432 tenebris
2681 4376 3189 4432 circumfunduntur
3243 4374 3392 4428 oculi

171 4467 329 4523 σκότον
349 4470 450 4525 τῶν
468 4471 764 4545 ὀφθαλμῶν
783 4471 891 4545 (78)
922 4475 1330 4546 κατακεχύσθαι
1351 4475 1444 4529 τοῦ
1472 4477 1714 4539 εἰπόντος

1825 4473 1972 4544 ejus,
2009 4473 2098 4541 qui
2133 4471 2290 4526 modo
2329 4467 2707 4536 interrogabat
2753 4484 2767 4520 :
2825 4484 2844 4517 ι
2882 4466 3028 4531 Quos
3059 4479 3090 4518 e
3125 4464 3390 4529 tenebris,

169 4558 225 4612 τὰ
254 4566 606 4635 προειρημένα
641 4564 946 4620 ἀποδιδόναι
986 4567 1216 4638 νομίζει,
1245 4568 1490 4636 φάσκωνο
1539 4587 1556 4619 ι
1603 4567 1709 4630 Οὓς

169 4644 222 4699 ἄν
243 4667 316 4716 τις
343 4655 416 4716 εἰς
453 4655 706 4728 λαμπρὸν
743 4655 858 4724 φῶς
899 4658 964 4710 ὲκ
1001 4658 1225 4722 σκότους
1257 4659 1546 4732 προαγάγνῃ
1573 4659 1705 4730 (79),

169 4738 373 4806 τούτους,
403 4744 474 4816 μὴ
499 4745 832 4816 δυναμένους
858 4747 1104 4816 ἀντέχειν
1137 4751 1256 4812 ταῖς
1293 4752 1704 4820 μαρμαρυγαῖς,

169 4830 456 4896 κολάζεσθαι
491 4836 590 4907 τὴν
630 4837 772 4906 ὄψιν,
816 4838 909 4890 καὶ
952 4838 1302 4908 βλάπτεσθαι,
1336 4842 1437 4894 καὶ
1473 4841 1711 4912 νομίζειν

171 4926 459 4994 ⁴ιιτιροῦςιθαι.
494 4950 513 4981 ι
551 4931 664 4984 Καὶ
696 4930 832 5002 πρὸς
854 4931 1027 4984 ταῦτα
1057 4931 1114 4985 δὲ
1137 4935 1406 5004 φήσομεν,
1440 4933 1712 5006 καθῆσθαι

176 5011 254 5079 μὲν
279 5017 330 5069 ὲν
352 5019 520 5089 σκότῳ
539 5059 552 5084 ,
586 5019 678 5072 καὶ
703 5019 950 5090 ἱδρῦσθαι
976 5022 1032 5072 ἐν
1060 5020 1208 5092 αὐτῷ
1235 5022 1462 5086 πάντας,
1489 5025 1614 5089 τοὺς
1635 5025 1713 5086 είς

232 5169 269 5200 ³⁸
298 5170 443 5230 Rom.
473 5187 548 5239 τι,
575 5172 666 5226 30.
745 5172 787 5204 ³⁹
816 5171 974 5228 .loan.
1010 5189 1048 5236 ι,
1081 5175 1136 5228 1.

234 5345 327 5419 (76)
374 5349 722 5419 Ἀπολύσας,
753 5351 863 5403 οὐκ
895 5347 1003 5403 οἷδ’
1034 5351 1192 5419 ὅπως
1215 5393 1227 5414 ,
1266 5353 1335 5406 τὰ
1361 5351 1557 5405 πάντα
1601 5353 1710 5404 aii--

178 5415 280 5468 τοῦ.
311 5415 406 5490 Pro
434 5418 621 5484 αὑτοῦ,
647 5421 781 5490 legit
807 5419 1121 5490 Boherellus
1149 5415 1336 5482 αὑτοῦ,
1370 5434 1421 5477 et
1451 5423 1707 5490 explicat,

181 5500 196 5530 ί
227 5489 562 5561 Propriajpse
614 5488 879 5561 principia
940 5491 1083 5561 (qua:
1129 5502 1254 5547 sunt
1304 5488 1544 5561 Epicuri)
1578 5492 1714 5545 sub-

178 5557 482 5676 digit
531 5557 675 5615 forte
709 5557 810 5629 pro
844 5559 1141 5630 ἀπολύσας,
1181 5557 1468 5632 legendum
1527 5557 1710 5631 putat,

289 5643 428 5680 υσας.

240 5645 537 5820 giarium.
567 5695 1029 5778 ψευδοποιῄσομεν
1049 5743 1064 5772 ,
1109 5701 1302 5783 Guieto
1373 5702 1544 5758 restit.
1604 5701 1710 5758 vid.

240 5801 276 5820 ι.
327 5783 403 5820 ,αθ
431 5767 564 5820 milli
591 5768 716 5820 add:
743 5770 921 5820 vehm.

182 5767 403 5836 καῐιῐοῖεο
431 5767 945 5826 nihiladdiveliiuf
1049 5767 1059 5772 ⁷
1168 5771 1178 5783 ⁴

1821 4567 2018 4636 inquit,
2062 4565 2113 4618 in
2153 4562 2496 4632 splendidam
2525 4559 2702 4612 lucem
2737 4556 3116 4620 transtuleris,
3147 4554 3222 4618 ii,
3264 4568 3390 4606 cuni

1819 4660 2168 4731 splendorem
2199 4654 2468 4708 sustinere
2516 4665 2622 4704 non
2675 4648 2909 4718 possint,
2957 4646 3073 4700 hedi
3128 4646 3307 4698 visum
3336 4653 3394 4697 et

1817 4747 2134 4805 labefactari
2180 4756 2342 4815 atque
2398 4741 2590 4798 caecari
2627 4755 2688 4794 se
2713 4738 3054 4794 existimant.
3089 4755 3108 4788 ι
3154 4735 3233 4789 Ad
3276 4734 3391 4789 haec

1818 4857 1917 4897 nos
1963 4839 2312 4909 reponimus,
2345 4839 2533 4891 sedere
2566 4841 2622 4887 et
2669 4831 2875 4886 haerere
2910 4831 2962 4882 in
2999 4826 3240 4882 tenebris
3267 4825 3391 4894 qui-

1816 4948 2052 5002 cunque,
2083 4932 2372 5001 pictorum,
2409 4927 2681 4989 lictorum,
2737 4923 3183 4991 sculptorumque
3231 4916 3392 4970 malis

1819 5024 2072 5095 operibus
2101 5021 2324 5085 intenti,
2351 5018 2542 5074 nolunt
2583 5029 2799 5070 sursum
2833 5010 3021 5066 oculos
3063 5008 3248 5062 tollere
3274 5017 3332 5061 et
3361 5020 3391 5057 a

1876 5351 2177 5430 £78)~Libh.
2238 5358 2396 5430 antea
2453 5350 2606 5430 editi,
2671 5349 2787 5430 καὶ.
2824 5344 3008 5430 [φησι]
3059 5344 3163 5430 τὴν
3211 5343 3391 5424 αἰτίαν

1807 5416 1926 5475 τοῦ.
1978 5416 2240 5490 Speucer.
2272 5419 2488 5484 σκότου,
2539 5416 2845 5490 11ωεἐ1]ει.ζ
2885 5416 3075 5470 σκότον
3109 5416 3247 5490 εἶναι
3285 5416 3394 5490 τῶν

1811 5484 2129 5565 ὀφθαλμῶν,
2165 5499 2275 5546 etc.
2306 5491 2417 5565 sed
2449 5489 2580 5565 φησί
2614 5499 2759 5545 recte
2797 5487 2950 5565 abest
2992 5501 3024 5541 a
3069 5485 3231 5565 codd.
3288 5484 3393 5536 An-

1812 5558 2029 5631 glicano
2055 5564 2232 5628 primo
2263 5569 2324 5631 et
2353 5558 2639 5631 Vaticano,
2672 5574 2772 5631 nec
2819 5558 2960 5612 ullus
3011 5565 3095 5612 est
3140 5558 3232 5631 qui
3285 5567 3406 5608 non.

1814 5626 1994 5685 {rideat
2019 5626 2244 5691 verbum
2276 5626 2413 5684 εἶναι
2440 5628 2606 5685 fuisse
2626 5626 2838 5699 pariter
2865 5627 3278 5699 expungendum

1887 5701 1998 5772 (79)
2023 5702 2208 5758 Codex
2240 5702 2574 5772 Anglicanus
2603 5695 2892 5768 secundus,
2926 5695 3246 5771 παραγάγῃ.

3379 5803 3400 5835 ἱ
