3846 6406
476 345 623 418 1599,

1948 338 2269 397 ORIGENIS

3583 359 3690 418 N00

477 469 642 524 rebus
669 468 923 524 omnibus
948 481 1066 538 quae
1098 468 1198 522 sub
1229 477 1448 522 sensum
1495 464 1700 517 cadunt
1758 460 1943 515 animo
1993 475 2046 515 at

2168 459 2265 525 τὰς
2306 463 2415 516 τῶν
2453 465 2783 538 ζωγράφων,
2834 467 2927 521 καὶ
2977 467 3246 536 πλαστῶν,
3292 472 3384 526 καὶ
3426 475 3690 548 ἀνδριαντψ

476 561 638 632 hujus
667 560 1040 618 universitatis
1059 558 1441 622 Conditorem,
1470 556 1563 625 qui
1597 555 1692 608 lux
1730 563 1835 620 est,
1867 567 2058 608 ascen-

478 653 642 718 dere;
682 651 735 708 in
771 651 891 707 luce
920 660 1103 706 autem
1132 664 1254 705 esse
1291 662 1510 716 omnes,
1542 647 1638 717 qui
1675 645 1835 701 Verbi
1875 645 2058 701 radios

476 753 801 814 sequuntur,
858 757 889 798 a
933 756 1045 812 quo
1095 741 1411 796 didicerunt
1443 741 1669 810 quauta‘
1701 739 2009 810 ignorantia
2038 777 2054 803 ,

475 845 678 905 quanta
707 834 984 905 impietas,
1025 844 1338 905 quantaque
1364 833 1531 906 683
1551 832 1841 903 stupiditas
1867 831 2054 897 fuerit,

473 929 722 1000 neglecto
754 929 900 993 Deo,
961 945 1046 983 res
1090 928 1398 999 hujusmodi
1437 928 1708 992 adorare;
1765 937 1816 982 et
1867 943 1897 982 a
1945 943 2055 998 quo

474 1037 630 1076 mens
667 1022 899 1077 volentis
928 1021 1158 1076 salutem
1191 1022 1496 1092 consequi,
1554 1022 1620 1076 ad
1670 1022 1975 1077 increatum
2001 1030 2057 1075 et

473 1128 746 1168 summum
798 1114 963 1168 Deum
1013 1115 1346 1182 perducitur.
1398 1133 1417 1165 ι
1451 1113 1688 1183 Populus
1736 1114 1882 1168 enim
1916 1129 2054 1184 gen-

473 1205 612 1259 tium
639 1207 729 1276 qui
761 1205 988 1260 sedebat
1021 1205 1072 1258 in
1110 1205 1372 1270 tenebris,
1410 1205 1543 1259 vidit
1575 1205 1751 1259 lucem
1779 1220 2054 1276 magnam,

472 1299 870 1353 etscdentibus
919 1297 972 1351 in
1021 1297 1138 1352 loco
1184 1307 1240 1351 et
1284 1298 1475 1352 umbra
1528 1298 1725 1352 mortis
1784 1297 1874 1351 lux
1934 1306 2054 1354 orta

472 1389 642 1453 est“,
685 1408 702 1439 ι
734 1390 874 1444 Deus
907 1386 1088 1444 Jesus.
1140 1387 1310 1443 Nemo
1345 1389 1514 1455 igitur
1551 1387 1900 1441 Christianus
1971 1399 2056 1442 re-

466 1481 913 1552 sponderitCelso
938 1489 1031 1534 aut
1072 1480 1165 1534 ulli
1210 1495 1278 1534 ex
1325 1480 1593 1534 doctrina:
1620 1479 1948 1536 Christiana:
1973 1494 2057 1534 ca-

470 1571 895 1626 lumniatoribus
943 1589 958 1626 :
1011 1589 1032 1624 r
1072 1572 1363 1638 Quomodo
1411 1572 1584 1626 Deum
1622 1571 2049 1640 cognoscam?»

468 1661 668 1732 singuli
699 1664 843 1717 enim
873 1677 1062 1718 eorum
1084 1704 1099 1728 ,
1127 1672 1392 1731 quantum
1424 1663 1587 1728 licet,
1634 1662 1802 1716 Deum
1845 1677 2052 1731 cogno-

470 1763 654 1810 scunt.
688 1754 874 1825 Neque
898 1755 1041 1810 ullus
1085 1756 1287 1811 dixerit
1324 1775 1338 1808 :
1383 1775 1401 1807 ‹
1447 1753 1732 1822 Quomodo
1793 1755 1937 1810 viam
1986 1755 2052 1809 ad

468 1847 622 1901 illum
659 1847 908 1902 discam?
959 1867 978 1900 ι
1010 1848 1212 1917 quippe
1256 1848 1347 1916 qui
1395 1846 1648 1900 audivit:
1687 1865 1706 1897 ι
1765 1845 1879 1916 Ego
1933 1863 2050 1902 sum

467 1940 588 2006 via,
646 1939 850 1994 veritas
886 1949 942 1993 et
973 1939 1082 1994 vita
1103 1939 1144 1971 δι
1174 1981 1189 2005 ,
1228 1958 1246 1990 ι
1302 1940 1595 2008 eundoque
1643 1950 1906 2008 expertus
1967 1949 2051 1994 est

468 2045 718 2100 quamam
757 2031 886 2086 hinc
922 2032 1263 2102 percipiatur
1292 2031 1524 2088 utilitas.
1554 2031 1664 2086 Nec
1701 2032 1986 2100 quisquam
2021 2045 2052 2084 e

469 2127 800 2182 Christianis
836 2140 865 2180 a
909 2125 1070 2181 Celso
1115 2124 1394 2194 quaesierit
1446 2141 1460 2178 :
1512 2143 1530 2176 ι
1569 2124 1853 2190 Quomodo
1919 2121 2047 2176 mihi

468 2221 803 2276 monstrabis
831 2219 1037 2274 Deum?
1071 2236 1091 2269 ι

539 2403 631 2459 67.
657 2402 771 2458 Hoc
794 2412 979 2458 autem
1013 2417 1141 2458 vere
1169 2417 1331 2471 supra
1373 2402 1508 2456 dixit
1538 2400 1754 2466 Celsus,
1781 2403 2045 2472 aliquem,

465 2505 758 2566 postquam
787 2496 960 2565 ipsum
988 2496 1069 2550 sic
1095 2495 1628 2564 loquentem‘audiit
1671 2495 1916 2562 viditque
1961 2497 2049 2563 ip-

469 2589 586 2644 sius
619 2588 762 2642 dicta
794 2602 974 2643 meras
1004 2602 1128 2642 esse
1162 2588 1440 2651 tenebras,
1476 2587 1816 2655 respondere
1846 2605 1861 2640 :
1895 2605 1914 2638 ι
1945 2587 2052 2641 Te-

470 2683 672 2738 nebras
702 2683 877 2736 oculis
902 2681 1036 2736 meis
1058 2681 1316 2735 oilundis.
1357 2699 1376 2733 ι
1409 2681 1600 2736 Celsus
1632 2681 1800 2750 igitur
1822 2679 2050 2749 ejusque

467 2773 680 2829 similes
703 2782 958 2843 quaerunt
991 2773 1198 2828 nos-tris
1223 2774 1399 2828 oculis
1440 2773 1692 2828 tenebras
1717 2772 2002 2828 oil‘undere
2029 2790 2045 2838 ;

468 2868 562 2922 sed
593 2882 692 2922 nos
725 2867 1017 2934 impiorum
1042 2865 1356 2934 dogmatum
1379 2865 1632 2919 tenebras
1656 2864 1812 2919 Verbi
1845 2864 2050 2920 lumine

468 2958 823 3028 dissipamus.
854 2957 1208 3014 Christianus
1256 2957 1402 3011 enim
1431 2956 1594 3012 Celso
1644 2957 1780 3011 nihil
1833 2956 2049 3026 perspi-

468 3064 654 3114 cuum,
680 3050 816 3103 nihil
851 3063 1038 3104 verum
1071 3048 1273 3104 dicenti
1305 3057 1529 3118 reponet
1561 3067 1575 3104 :
1620 3067 1639 3098 ε
1678 3047 1827 3102 Nihil
1859 3049 1911 3102 in
1944 3047 2050 3102 tuis

467 3137 816 3193 sermonibus
857 3138 1180 3193 distinctum
1231 3139 1410 3193 video.
1449 3157 1466 3190 ι
1505 3137 1624 3192 Non
1655 3154 1787 3208 ergo
1831 3154 1930 3194 nos
1969 3157 1987 3190 ι
2017 3154 2048 3194 e

469 3227 710 3285 tenebris
756 3229 812 3282 in
846 3229 1190 3300 splendidam
1244 3230 1420 3285 lucem
1461 3248 1478 3282 ι
1517 3231 1772 3298 producit
1813 3231 2042 3298 Celsus;

467 3323 562 3376 sed
595 3338 626 3378 e
651 3321 770 3377 luce
800 3323 854 3376 in
886 3322 1140 3378 tenebras
1174 3339 1274 3378 nos
1324 3323 1623 3378 transferre
1675 3322 1822 3390 vult;
1865 3340 2045 3393 quan-

465 3414 756 3483 doquidem
783 3415 935 3484 ponit
963 3416 1225 3470 tenebras
1261 3430 1384 3469 esse
1407 3415 1665 3477 lucem,et
1693 3415 1868 3470 lucem
1896 3426 2047 3471 tene-

465 3506 620 3571 bras,
652 3506 845 3573 sicque
883 3505 1175 3561 damnatur
1201 3508 1305 3560 hac
1335 3506 1596 3574 prmclara
1632 3508 1781 3562 lsaize
1817 3517 2044 3562 senten~

465 3595 542 3651 tia
578 3609 594 3648 :
631 3612 651 3647 ε
687 3595 782 3668 Va;
819 3594 914 3663 qui
965 3595 1169 3665 ponitis
1221 3599 1476 3650 tenebras
1508 3595 1685 3650 lucem
1745 3607 1798 3652 et
1856 3597 2034 3654 lucem

468 3686 810 3743 tenebras“.
842 3705 861 3739 ι
888 3686 997 3742 Nos
1015 3702 1166 3753 vero,
1187 3685 1368 3741 Verbo
1397 3688 1584 3742 oculos
1617 3689 1814 3744 anima:
1845 3699 2047 3746 nostra:

463 3775 783 3846 aperiente,
815 3775 956 3831 lucis
982 3791 1011 3830 a
1056 3776 1298 3831 tenebris
1329 3777 1623 3832 discrimen
1670 3779 1952 3843 videntes,
1991 3782 2044 3835 in

405 3907 408 3910 -
463 3867 676 3924 lumine
700 3877 852 3923 stare
885 3867 1034 3922 omni
1079 3868 1261 3922 studio
1305 3869 1693 3924 contendimus
1734 3869 2045 3941 nullamque

463 3956 714 4013 volumus
746 3973 867 4013 cum
897 3959 1138 4014 tenebris
1167 3958 1489 4014 societatem
1537 3960 1767 4018 habere.
1812 3962 2042 4017 Cuinam

463 4056 650 4103 autem
687 4047 967 4118 splendor,
999 4051 1219 4104 cuinam
1253 4049 1343 4103 lux
1375 4051 1712 4106 ostendenda
1741 4052 1850 4120 sit,
1892 4055 2046 4108 novit

463 4153 595 4194 vera
631 4138 722 4194 illa
754 4150 922 4210 atque
945 4143 1188 4196 animata
1229 4143 1343 4198 lux.
1388 4143 1486 4198 Est
1510 4143 1658 4197 enim
1691 4144 1777 4198 cui
1820 4153 2046 4216 propter

462 4229 715 4287 infirmos
745 4232 924 4288 adhuc
953 4233 1145 4288 oculos
1172 4233 1519 4302 splendorem
1552 4249 1713 4290 suum
1749 4250 1856 4291 non
1893 4237 2044 4292 dete-

458 4331 576 4392 gat.
604 4321 760 4391 Quod
783 4324 829 4378 si
859 4343 878 4378 ι
921 4324 1151 4394 alicujus
1184 4325 1334 4380 visus
1367 4326 1528 4382 laesus
1557 4335 1722 4398 atque
1747 4326 2044 4383 labefacta-

460 4421 550 4470 tus
578 4433 596 4467 ι
615 4417 877 4472 dicendus
898 4427 1003 4482 est,
1029 4418 1312 4488 cujusnam
1338 4418 1525 4474 oculos
1554 4420 1670 4474 haec
1697 4420 2040 4475 incommoda

2162 552 2330 607 ποιῶν
2374 556 2674 626 ἐνορῶντας
2737 562 3113 630 κακοτεχνίας,
3165 562 3238 634 μὴ
3294 563 3618 639 βουλομένους
3655 572 3690 628 δ’

2159 647 2461 717 ἀναϐλέψαι
2485 649 2578 703 καὶ
2605 650 2879 720 ἀναϐῆναι
2904 651 2983 722 τῷ
3005 653 3080 723 νῷ
3103 654 3212 709 ἀπὸ
3230 657 3436 727 ὁρατῶν
3469 661 3553 714 καὶ
3581 664 3692 720 πάν-

2157 757 2266 794 των
2288 740 2560 813 αἰσθητῶν
2589 745 2681 796 ἐπὶ
2709 743 2808 796 τὸν
2835 743 2972 798 ὅλων
2997 747 3070 817 Δη
3081 749 3358 819 μιουργὸν,
3383 751 3440 813 ὃς
3460 753 3564 806 ἐστι
3583 754 3689 823 φῶς·

2158 837 2218 890 ἐν
2245 837 2383 907 φωτὶ
2410 837 2467 890 δὲ
2495 837 2786 906 τυγχάνειν
2814 835 3014 901 πάντα,
3044 840 3138 892 τὸν
3173 842 3293 904 ταῖς
3325 842 3418 894 τοῦ
3446 845 3601 914 Λόγου
3619 851 3695 904 αὐ-

2157 929 2284 996 γαῖς
2309 925 2770 998 ἀκολουθήσαντα,
2811 927 3086 992 δείξαντος
3115 929 3207 998 ἀφ’
3236 931 3368 1000 ὅσης
3391 933 3593 1000 ἀγνοίας
3622 941 3693 992 καὶ

2157 1021 2410 1086 ἀσεϐείας
2439 1023 2532 1075 καὶ
2562 1021 2664 1092 τῆς
2691 1022 2823 1092 περὶ
2850 1023 2909 1076 τὸ
2945 1023 3100 1077 Θεῖον
3142 1023 3380 1094 ἀμαθίας
3415 1025 3570 1082 ταῦτα
3602 1031 3694 1087 ἀντὶ

2157 1114 2251 1168 τοῦ
2286 1113 2420 1166 Θεοῦ
2453 1113 2866 1184 προσεκυνεῖτο·
2901 1112 2995 1164 καὶ
3017 1114 3514 1184 χειραγωγήσαντος
3532 1117 3692 1172 τὸντοῦ

2160 1203 2484 1274 βουλομένου
2540 1201 2809 1266 σώζεσθαι
2840 1200 2963 1255 νοῦν
3003 1201 3139 1272 πρὸς
3166 1202 3256 1255 τὸν
3290 1203 3566 1274 ἀγέννητον
3607 1207 3692 1275 (86)

2158 1299 2252 1352 καὶ
2273 1299 2365 1350 ἐπί
2399 1298 2532 1350 πᾶσι
2559 1295 2712 1348 Θεόν.
2752 1312 2772 1345 ι
2808 1294 2952 1358 Λαὸς
2981 1293 3091 1364 γὰρ
3119 1297 3147 1348 ό
3183 1293 3485 1366 καθήμενος
3511 1298 3562 1351 ἐν
3592 1316 3691 1352 σκο.

2156 1391 2263 1461 τὶα,
2303 1409 2319 1440 ι
2356 1391 2384 1442 ό
2412 1388 2516 1441 τῶν
2549 1386 2738 1449 ἐθνῶν,
2767 1405 2786 1437 ι
2823 1386 2937 1454 φῶς
2970 1381 3076 1440 εἶδε
3109 1387 3249 1457 μέγα
3268 1405 3280 1416 ·
3309 1389 3400 1441 καὶ
3429 1392 3532 1452 τοῖς
3562 1391 3694 1462 καθη-

2160 1483 2340 1554 μένοις
2369 1483 2426 1534 έν
2455 1480 2609 1551 χώρα
2637 1481 2731 1534 καὶ
2764 1481 2892 1549 σκιᾷ
2917 1478 3146 1534 θανάτου
3181 1479 3295 1548 φῶς
3327 1480 3592 1546 ἀνέτειλεν,
3631 1501 3645 1532 ι
3671 1485 3695 1534 ὁ

2155 1574 2287 1636 Θεὸς
2337 1571 2564 1642 Ἰησοῦς.
2595 1570 2786 1633 Οὐδεὶς
2821 1565 2916 1623 οὖν
2948 1570 3269 1640 Χριστιανὸς
3291 1571 3613 1641 ἀποκρίνεται
3635 1575 3693 1644 τῷ

2156 1665 2368 1735 Κέλσῳ,
2402 1665 2436 1734 ἡ
2464 1681 2568 1718 τινι
2608 1662 2717 1716 τῶν
2751 1662 3200 1732 κατηγορούντων
3240 1662 3348 1715 τοῦ
3383 1663 3516 1716 θείου
3550 1659 3693 1726 λόγου,

2159 1757 2401 1826 φάσκων·
2437 1773 2455 1806 ι
2499 1752 2625 1816 Πῶς
2657 1752 2773 1821 γνῶ
2795 1753 2888 1806 τὸν
2914 1753 3080 1816 Θεόνς
3114 1772 3131 1803 ι
3162 1752 3389 1814 ἕκαστος
3413 1751 3513 1824 γάρ
3535 1754 3691 1816 αὐτῶν,

2160 1851 2232 1911 ὡς
2263 1848 2516 1916 ἐγχωρεῖ,
2571 1844 2712 1912 ἔγνω
2744 1845 2837 1898 τὸν
2867 1843 3020 1898 Θεόν.
3057 1845 3165 1897 Καὶ
3193 1843 3366 1907 οὐδείς
3390 1861 3537 1913 φησι’
3561 1863 3576 1894 ι
3599 1845 3694 1907 Πῶς

2160 1942 2256 2012 τὴν
2282 1940 2459 1991 ἐκεῖσε
2487 1936 2604 1991 ὁδὸν
2636 1935 2827 2006 (adeo);
2869 1955 2889 1988 ι
2930 1936 3023 1989 ἆτε
3067 1935 3307 1998 ἀκούσας
3335 1936 3425 1988 τοῦ
3459 1936 3689 1998 εἰπόντος·

2165 2051 2183 2083 ι
2236 2029 2376 2098 Ἐγώ
2404 2031 2518 2099 εἰμι
2543 2030 2576 2100 ὴ
2610 2027 2749 2090 όδδς,
2780 2028 2873 2080 καὶ
2900 2029 2932 2098 ή
2961 2027 3209 2098 ἀλήθεια,
3246 2027 3393 2097 καὶὴ
3421 2026 3550 2099 ζωή’
3585 2046 3602 2078 ι
3623 2028 3692 2081 καὶ

2159 2124 2493 2193 γευσάμενος
2526 2122 2584 2176 ὲν
2615 2120 2695 2191 τῷ
2724 2119 2930 2174 ὁδεύειν
2962 2118 3063 2188 τῆς
3091 2119 3200 2172 ἀπὸ
3227 2117 3324 2171 τοῦ
3360 2118 3548 2172 ὁδεύειν
3585 2118 3692 2188 ὡφε-

2158 2215 2326 2278 λείας.
2364 2215 2473 2268 Καὶ
2502 2213 2677 2276 οὐδεὶς
2707 2212 2774 2266 ἂν
2803 2209 3145 2282 Χριστιανῶν
3190 2209 3340 2278 λέγοι
3371 2211 3475 2280 (81)
3503 2209 3690 2278 Κέλσῳ

2165 2328 2182 2360 ι
2225 2307 2350 2371 Πῶς
2384 2325 2473 2378 μοι
2503 2306 2767 2370 δεικνύεις
2795 2305 2886 2358 τὸν
2916 2303 3082 2366 Θεόν;
3121 2322 3141 2355 ι

2228 2410 2398 2465 Τοῦτο
2455 2409 2512 2462 δὲ
2568 2409 2625 2461 ὲν
2683 2409 2797 2470 τοῖς
2857 2406 3241 2478 προκειμένοις
3276 2407 3304 2457 ὁ
3357 2405 3549 2467 Κέλσος
3578 2398 3693 2455 εἶπεν

2160 2503 2372 2572 ἀληθὲς,
2405 2502 2486 2554 ὅτι
2526 2499 2764 2560 ἀκούσας
2792 2515 2876 2561 τις
2903 2497 3067 2551 αὐτοῦ
3097 2497 3206 2550 τῶν
3245 2497 3420 2565 λόγων
3458 2495 3692 2566 ἀποκρίνε-

2157 2615 2267 2659 ται,
2307 2594 2426 2647 ἰδὼν
2449 2592 2492 2644 δ’
2517 2592 2597 2644 ὅτι
2628 2589 2740 2661 (82)
2791 2589 2940 2658 λόγοι
2971 2588 3194 2652 σκότους
3237 2588 3372 2641 εἰσὶν
3403 2587 3451 2640 οἱ
3477 2587 3601 2653 λόγοι
3619 2584 3691 2636 ati-

2156 2687 2272 2749 τοῦ,
2301 2685 2380 2738 ὅτι
2410 2703 2427 2735 ι
2465 2681 2662 2742 Σκότος
2707 2697 2808 2750 μου
2845 2680 2954 2734 τῶν
2987 2677 3281 2749 ὀφθαλμῶν
3337 2675 3638 2748 προϐάλλεις.
3675 2693 3688 2724 ι

2158 2778 2360 2840 Κέλσος
2392 2776 2490 2846 μὲν
2517 2770 2608 2827 οὖν
2637 2773 2734 2825 καὶ
2759 2774 2807 2825 οἱ
2832 2771 3201 2843 παραπλήσιοι
3237 2771 3385 2840 αὐτῴ
3428 2768 3695 2841 προϐάλλειν

2160 2871 2348 2924 σκότον
2390 2867 2497 2921 τῶν
2549 2864 2845 2936 ὀφθαλμῶν
2877 2865 3032 2936 ἡμῶν
3074 2864 3319 2918 θέλουσιν
3346 2881 3360 2894 ·
3394 2866 3540 2934 ἡμεῖς
3565 2863 3614 2916 δὲ
3637 2861 3695 2930 τῷ

2159 2965 2297 3034 φωτὶ
2327 2960 2420 3013 τοῦ
2445 2959 2617 3028 Λόγου
2647 2956 3047 3028 ὲξαφανίζομεν
3073 2957 3136 3010 τὸ
3164 2957 3360 3020 σκότος
3391 2956 3490 3009 τῶν
3525 2953 3694 3008 ἀσεϐῶν

2157 3057 2460 3128 δογμάτων.
2491 3053 2646 3108 Εἴποι
2677 3051 2722 3106 δ’
2747 3051 2812 3105 ἂν
2835 3053 2863 3104 ό
2890 3050 3215 3122 Χριστιανὸς
3244 3050 3378 3122 πρὸς
3407 3049 3605 3110 Κέλσον,
3627 3047 3695 3100 οὖ-

2075 3164 2118 3223 C
2151 3151 2239 3210 δέν
2270 3145 2496 3219 ἐναργὲς
2522 3146 2555 3216 ἢ
2586 3142 2786 3214 ἀληθὲς
2819 3141 2932 3214 (85)
2961 3143 3207 3212 λέγοντα,
3232 3146 3323 3205 τὸ,
3345 3161 3363 3193 ι
3397 3141 3546 3196 Οὐδὲν
3571 3143 3696 3209 ἐναρ-

2148 3246 2241 3316 γὲς
2273 3240 2452 3313 βλέπω
2489 3238 2547 3290 ἐν
2582 3237 2695 3299 τοῖς
2744 3237 2859 3298 σοῖς
2913 3235 3108 3303 λόγοις.
3151 3254 3170 3287 ι
3215 3235 3330 3288 Ούκ
3367 3254 3385 3286 t
3441 3237 3500 3288 ὲκ
3541 3232 3693 3286 σκότου

2148 3336 2326 3390 τοίνυν
2361 3333 2441 3395 είς
2469 3327 2723 3400 λαμπρὸν
2769 3326 2908 3396 φῶς,
2939 3345 2958 3378 ι
2993 3325 3226 3398 προάγει
3256 3328 3403 3397 ἡμᾶς
3433 3329 3460 3380 ό
3490 3325 3660 3384 Κέλσος
3681 3337 3692 3352 ⁸

2148 3427 2285 3484 ἀλλά
2304 3425 2547 3497 βούλεται
2564 3423 2628 3474 ὲκ
2655 3420 2832 3490 φωτὸς
2861 3420 3200 3490 μεταστῆσαι
3230 3419 3310 3482 εἰς
3337 3419 3533 3475 σκότον,
3562 3413 3694 3476 τιθεὶς

2149 3521 2208 3575 τὸ
2243 3517 2432 3578 σκότος
2453 3509 2592 3566 εἶναι
2625 3509 2762 3579 φῶς,
2803 3509 2898 3563 καὶ
2929 3509 2992 3561 τὸ
3026 3508 3141 3578 φῶς
3173 3509 3384 3572 σκότος,
3406 3509 3492 3562 καὶ
3517 3502 3695 3560 ὑποκεί-

2152 3628 2312 3684 μενος
2350 3607 2429 3678 τῷ
2474 3602 2655 3666 καλῶς
2688 3600 2966 3672 εἰρημένῳ
3020 3601 3125 3653 ὑπὸ
3165 3596 3387 3654 Ἦσαῖου
3425 3599 3508 3653 τὸν
3535 3600 3694 3669 τρόπον

2146 3704 2355 3759 τοῦτοψ
2389 3718 2406 3750 ι
2447 3697 2584 3751 Οὐαὶ
2608 3697 2657 3748 οἱ
2684 3693 2925 3758 τιθέντες
2948 3693 3008 3746 τὸ
3037 3691 3226 3756 σκότος
3257 3691 3391 3762 φῶς,
3421 3693 3508 3744 καὶ
3532 3690 3582 3743 τὸ
3605 3688 3692 3759 φῶς

2149 3796 2357 3857 σκότος.
2397 3809 2416 3843 ι
2471 3787 2607 3842 Ἀλλ’
2662 3789 2845 3857 ἡμεῖς,
2900 3784 3212 3850 ἀνοίξαντος
3264 3783 3359 3836 τοῦ
3398 3783 3556 3850 Λόγου
3596 3781 3692 3842 τοὺς

2146 3883 2457 3955 ὀφθαλμοὺς
2478 3879 2578 3949 τῆς
2600 3875 2779 3946 ψυχῆς
2810 3875 2992 3945 ἡμῶν,
3017 3873 3253 3944 ὁρῶντες
3279 3872 3528 3942 διαφορὰν
3556 3867 3692 3938 $031?”-

2148 3975 2240 4028 καὶ
2265 3973 2508 4035 σκότους,
2539 3971 2594 4021 ὲν
2617 3965 2757 4034 φωτὶ
2789 3965 2890 4035 μὲν
2912 3964 3074 4016 παντὶ
3102 3963 3293 4034 τρόπῳ
3323 3961 3559 4015 ἵστασθαι
3585 3974 3691 4026 προ-

2147 4063 2478 4138 αιρούμεθα,
2513 4059 2590 4131 τῷ
2620 4059 2677 4111 δὲ
2705 4058 2883 4128 σκότῳ
2926 4055 3178 4127 οὐδαμῶς
3231 4057 3501 4126 προσεῖναι
3546 4047 3691 4122 βουλό-

2149 4158 2308 4229 μεθα.
2332 4159 2396 4210 Ἔ
2406 4154 2612 4226 μψυχον
2652 4151 2708 4204 δὲ
2731 4149 2997 4219 τυγχάνον
3018 4148 3080 4201 τὸ
3104 4146 3354 4218 ἀληθινὸν
3383 4145 3490 4216 φῶς
3515 4143 3693 4196 ἐπίστα-

2145 4267 2256 4315 ται,
2285 4248 2391 4304 τίνι
2422 4249 2517 4318 μὲν
2545 4245 2785 4299 δεικτέον
2821 4243 2974 4295 ἔσται
3001 4240 3099 4304 τὰς
3135 4239 3515 4312 μαρμαρυγὰς,
3542 4231 3691 4288 «me

2147 4343 2294 4410 φῶς·
2327 4340 2388 4393 οὐ
2435 4337 2796 4410 παριστάντος
2855 4332 3019 4387 αὑτοῦ
3077 4333 3175 4402 τὴν
3227 4331 3338 4402 (84)
3390 4327 3692 4400 λαμπρῇτα

2146 4429 2374 4494 ἑαυτοῦ,
2432 4427 2520 4480 διὰ
2563 4425 2662 4496 τὴν
2723 4425 2802 4477 ἔτι
2852 4423 3261 4494 ἐνυπάρχουσαν
3309 4421 3572 4475 ἀσθένειαν
3606 4418 3690 4479 rei;

457 4507 570 4575 pati
594 4508 824 4575 aiemus,
854 4520 1216 4580 prmterquam
1245 4509 1363 4578 ejus
1391 4513 1480 4580 qui
1507 4511 1808 4582 ignorantia
1834 4513 1900 4566 de
1926 4513 2036 4568 Deo

2156 4519 2440 4591 Βφθαλμοῖς
2495 4518 2726 4572 ἐκείνου.
2761 4517 2824 4568 Εἰ
2849 4516 2892 4568 δ’
2928 4515 3064 4577 ὅλως
3104 4515 3210 4585 χρὴ
3241 4512 3416 4582 λέγειν
3452 4531 3468 4563 ί
3507 4499 3689 4570 κολάζεῖ

458 4601 696 4668 laboral,
731 4603 930 4673 cuique
964 4620 1059 4674 per
1085 4602 1316 4661 allectus
1347 4620 1454 4661 non
1487 4605 1618 4662 licet
1659 4608 1853 4662 intueri
1887 4610 2032 4672 veri-

459 4695 994 4751 tatem?Cbristiani
1041 4706 1192 4753 certe
1242 4712 1594 4768 nequaquam
1644 4715 1704 4754 se
1741 4708 1937 4769 putant
1970 4701 2039 4755 ab

461 4785 647 4852 impiis
679 4786 822 4842 Celsi
857 4799 950 4842 aut
975 4789 1200 4845 alterius
1225 4791 1528 4860 cujuspiam
1569 4793 1790 4862 profani
1830 4809 2042 4849 serntoo

459 4876 622 4930 nibus
647 4879 937 4935 obczecari.
965 4882 1065 4947 Qui
1110 4898 1243 4938 vero
1265 4898 1323 4938 se
1344 4884 1587 4939 sentiunt
1611 4896 1845 4941 cmeatos
1868 4927 1883 4953 ,
1917 4903 2043 4957 pro-

462 4976 651 5034 pterea
707 4972 852 5040 quod
908 4973 1120 5039 plebem
1179 4985 1458 5029 errantem
1521 4987 1826 5047 gentesque
1885 4979 2040 5033 festis

462 5059 654 5114 diebus
687 5065 958 5116 daemonia
995 5064 1237 5119 colentes
1272 5079 1574 5136 sequuntur
1601 5108 1617 5134 ,
1673 5070 1751 5123 illi
1797 5070 1861 5124 ad
1904 5069 2039 5125 Ver-

462 5148 588 5205 bum
621 5154 766 5222 quod
811 5154 1001 5210 oculos
1035 5155 1265 5226 largitur
1297 5159 1560 5213 accedant
1597 5178 1610 5214 ε
1646 5171 1740 5227 ut,
1777 5163 2040 5230 quemad-

463 5242 678 5296 modum
707 5259 976 5314 pauperes
1003 5254 1059 5299 et
1085 5247 1212 5300 caeci
1251 5247 1304 5300 iu
1349 5248 1430 5299 via
1462 5249 1745 5317 prostrati,
1775 5250 1903 5318 quia
1927 5251 2041 5305 cla-

536 5357 584 5392 “
618 5359 808 5416 Matth.
837 5378 911 5429 ιν,
940 5363 1027 5419 l6.
1105 5363 1146 5395 ’⁵⁸
1169 5362 1325 5419 Joan.
1354 5381 1466 5430 xiv,
1498 5366 1552 5420 6.
1630 5367 1674 5397 ι’
1707 5367 1811 5422 lsa.
1837 5384 1892 5432 v,
1920 5367 2008 5420 ΞΟ.

536 5513 652 5591 (_80)
706 5516 822 5570 Duo
855 5520 1012 5591 codd.
1053 5519 1372 5589 Anglican.,
1400 5521 1718 5591 ἀγέννητον.
1762 5522 2041 5580 llteschel.

461 5593 518 5641 et
534 5584 818 5658 Spencer.,
845 5586 1124 5658 ἀγένητον.

538 5654 650 5731 (ξς)
679 5655 832 5731 diss”
871 5654 1039 5731 λέγοι.
1073 5661 1348 5717 llmscbel.
1377 5673 1432 5717 et
1455 5663 1742 5731 Spcncer.,
1773 5661 1941 5731 λέγει.

688 5724 848 5802 ξζδῲγ
948 5723 1064 5782 θὸτι.
1099 5731 1416 5802 Bplierelltls
1440 5723 1817 5802 είιιιιιιςίιξδκ

547 5793 655 5870 (85)
686 5794 835 5854 Codd
895 5798 1030 5866 lirg.
1057 5811 1106 5854 et
1132 5800 1319 5869 Basil.,
1351 5803 1383 5874 ἢ
1421 5793 1945 5878 ἀληθέςῖοιίωεςῐιει.
1989 5816 2042 5860 et

2145 4612 2266 4664 σθαι
2299 4611 2392 4663 καὶ
2430 4607 2761 4680 βλάπτεσθαι
2795 4607 2938 4676 ὄψιν,
2996 4627 3014 4659 ι
3048 4607 3190 4669 τίνος
3212 4603 3277 4658 ἂν
3299 4605 3455 4658 ἄλλον
3491 4604 3688 4671 (prima?!

2142 4705 2268 4766 τοὺς
2298 4701 2608 4772 ὀφθαλμοὺς
2635 4699 2809 4752 ταῦτα
2841 4698 3092 4768 πάσχειν,
3120 4698 3153 4766 ἢ
3193 4697 3288 4750 τοῦ
3325 4697 3428 4750 ὑπὸ
3466 4695 3555 4763 τῆς
3590 4685 3688 4759 περὶ

2144 4796 2278 4849 Θεοῦ
2337 4794 2558 4862 ἀγνοίας
2611 4791 2993 4862 ουνεχομένου,
3027 4793 3122 4844 καὶ
3147 4791 3242 4844 τοῦ
3273 4791 3375 4844 ὑπὸ
3403 4790 3504 4845 τῶν
3540 4782 3689 4838 παθῶν

2146 4884 2570 4958 ὲμποδιζομένου
2599 4883 2818 4953 βλέπειν
2847 4882 3135 4954 ἀλήθειαν;
3172 4881 3481 4954 Χριστιανοὶ
3516 4879 3600 4949 μὲν
3617 4870 3688 4927 οὖν

2148 4976 2396 5047 οὐδαμῶς
2426 4975 2706 5046 νομίξουσι
2733 4976 3042 5049 πηροῦσθαι
3085 4975 3191 5028 ὑπὸ
3221 4974 3328 5027 τῶν
3365 4973 3557 5027 Κέλσου
3579 4969 3606 5037 ἦ
3629 4983 3687 5018 τι-

2149 5087 2236 5132 νος
2275 5069 2552 5138 ἀλλοτρίου
2606 5067 2919 5130 θεοσεϐείας
2958 5067 3164 5134 λόγων·
3201 5067 3250 5118 οἱ
3285 5066 3329 5119 δ’
3362 5061 3686 5130 αἰσθανόμενοι

2148 5161 2355 5215 ἑαυτῶν
2407 5161 2765 5232 πηρονμένων
2809 5160 2916 5212 ὑπὸ
2956 5159 3049 5213 τοῦ
3101 5157 3510 5212 κατακολουθεῖν
3546 5150 3685 5222 ὄχλοις

2148 5253 2531 5322 πλανωμένων,
2583 5254 2677 5305 καὶ
2721 5253 2927 5306 ἔθνεσιν
2969 5252 3078 5323 (85)
3134 5249 3490 5322 ἑορταζόντων
3533 5245 3682 5312 δαιμο-

2156 5522 2442 5593 Spencer.,
2468 5523 2560 5576 καὶ
2593 5519 2920 5593 πληκτικὸν.

2226 5591 2334 5664 (84)
2361 5585 2638 5664 articulus
2672 5585 2774 5664 τήν
2790 5593 2895 5664 qui
2929 5591 3162 5647 habetur
3194 5592 3249 5648 in
3288 5609 3412 5648 mss.
3441 5585 3674 5646 desidera-

2158 5661 2246 5714 tur
2271 5661 2322 5714 in
2361 5661 2492 5716 libb.
2522 5673 2682 5717 antea
2715 5661 2900 5719 editis.

2155 5731 2553 5856 cdgﬁ5)yﬁt;tltll.
2607 5733 2740 5808 Reg.
2800 5743 2855 5790 et
2911 5733 3260 5804 Basileensis,
3292 5733 3508 5789 ἔθνεσιν.
3546 5725 3674 5783 Libri

2192 5837 2302 5869 LIIII,
2347 5837 2544 5857 ς-υῦηιιιο
