3846 6406
149 358 262 419 ξιοι

1295 352 1570 412 (ΣΟΝΤΒΑ
1617 351 1890 408 CELSUM
1933 353 2058 407 LIB.
2103 353 2187 408 VI.

3221 349 3359 407 ιιοε

148 480 276 544 ιίοις,
303 476 632 549 προσίτωσαν
657 475 733 546 τῷ
760 471 1098 545 χαριζομένῳ
1143 473 1456 546 ὀφθαλμοὺς
1488 474 1646 545 Λόγῳ
1670 497 1671 502 η

1791 483 2073 529 maverant
2103 490 2117 527 :
2151 490 2168 524 ι
2210 470 2309 526 Fili
2343 468 2510 524 David
2537 509 2550 534 ,
2586 468 2847 524 miserere
2876 466 2983 524 mei
2999 465 3046 500 ⁸³
3067 507 3084 535 ,
3120 486 3138 519 ι
3169 483 3198 521 a
3227 465 3353 522 Jesu

149 572 219 633 ἵν’,
259 568 443 640 ὁμοίιος
493 571 606 632 τοῖς
642 569 793 639 παρὰ
820 569 886 636 τῇ
925 565 1028 636 ὁδῷ
1068 567 1417 638 ὲρριμμένοις
1448 570 1683 637 πτωχοῖς

149 664 225 716 καὶ
249 661 454 729 τυφλοῖς
495 661 598 714 ὑπὸ
628 659 720 712 τοῦ
775 657 948 729 Ἰησοῦ
975 657 1374 730 θεραπευθεῖσι,
1406 659 1494 712 διὰ
1517 658 1577 710 τὸ
1605 661 1682 712 εἰ-

149 753 338 825 ρηκέναι
367 752 532 822 αὐτῷ,
571 771 589 804 ‹
624 751 716 804 re
742 749 918 814 Δαυῖδ,
947 749 1167 820 ἐλέησόν
1207 767 1294 818 με,
1329 769 1346 800 ι
1375 749 1682 818 ἐλεηθέντες

145 843 414 896 ἀπολάϐωσι
461 845 589 905 τοὺς
658 841 964 910 ὀφθαλμοὺς
1018 840 1236 903 καινοὺς
1295 841 1387 893 καὶ
1451 841 1681 905 καλοὺς,

144 935 324 998 ὁποίους
345 935 512 1002 Λόγος
536 933 670 986 Θεοῦ
698 933 892 1002 δημιου
902 933 1098 1004 ργήσαι
1122 932 1206 985 ἄν.

198 1027 370 1094 Διό-περ
419 1024 512 1077 ἐὰν
556 1023 742 1094 ἔρηται
789 1024 936 1092 ἡμᾶς
983 1023 1214 1087 Κέλσος,
1277 1022 1393 1086 πῶς
1461 1021 1685 1093 οἰόμεθα

139 1118 388 1189 γνωρίζειν
415 1115 520 1187 (86)
543 1117 633 1168 τὸν
661 1115 812 1178 Θεὸν,
839 1114 934 1168 κα)⁸
959 1115 1076 1178 πῶς
1107 1114 1243 1186 πρὸς
1285 1114 1452 1168 αὐτοῦ
1512 1115 1685 1187 σωθή-

142 1210 333 1263 σεσθαιο
364 1206 818 1277 ἀποκρινούμεθα,
856 1207 937 1258 ὅτι
974 1207 1157 1270 ἱκανός
1193 1209 1341 1260 ἐστιν
1369 1209 1398 1259 ὁ
1427 1207 1520 1260 τοῦ
1549 1207 1682 1260 Θεοῦ

139 1302 300 1369 Λόγος,
332 1299 611 1368 γενόμενος
639 1300 697 1350 ὲν
718 1300 832 1361 τοῖς
857 1295 1110 1369 ζητοῦσιν
1141 1297 1327 1362 αὑτὸν,
1355 1299 1386 1369 ἢ
1418 1303 1530 1364 τοῖς
1564 1301 1686 1353 ἐπι-

140 1391 418 1463 φαινόμενον
450 1390 608 1442 αὑτὸν
637 1389 1111 1460 παραδεχομένοις,
1139 1391 1401 1462 γνωρίσαι
1426 1393 1520 1444 καὶ
1547 1394 1684 1445 ἀπο-

139 1481 341 1550 καλύψαι
375 1479 462 1532 τὸν
503 1479 742 1550 Πατέρα,
790 1481 896 1551 πρὸ
925 1481 1025 1550 τῆς
1063 1482 1360 1552 παρουσίας
1384 1483 1545 1536 αὐτοῦ
1586 1485 1683 1554 οὐχ

137 1571 395 1644 δρώμενον.
434 1569 529 1632 Τίς
569 1569 612 1622 δ’
643 1569 799 1634 ἄλλος
845 1570 1015 1624 σῶσαι
1060 1572 1155 1625 καὶ
1199 1575 1565 1643 προσαγαγεῖν
1607 1570 1682 1641 τῷ

138 1664 213 1715 ἐπὶ
237 1663 355 1715 πᾶσι
381 1661 495 1731 Θεῷ
522 1660 744 1715 δύναται
773 1661 872 1733 τὴν
900 1663 995 1716 τοῦ
1035 1663 1324 1736 ἀνθρώπου
1358 1664 1535 1736 ψυχὴν
1577 1664 1612 1733 ἢ
1653 1665 1682 1717 6

137 1755 244 1818 Θεὸς
281 1754 483 1821 Λόγος;
538 1755 690 1816 ὅστις
733 1756 790 1808 ἐν
821 1756 961 1826 ἀρχῇ
1007 1756 1144 1826 πρὸς
1186 1757 1276 1810 τὸν
1305 1756 1436 1808 Θεὸν
1465 1755 1559 1818 ὢν,
1593 1757 1681 1810 διὰ

1787 564 1963 619 sanati
2017 573 2183 629 sunt;
2243 563 2316 617 ita
2347 571 2403 614 et
2457 559 2557 628 ipsi
2605 559 3030 614 misericordiam
3077 557 3357 614 consecuti

1785 654 1974 710 oculos
2007 655 2280 724 recipiant
2303 650 2473 724 684
2508 665 2709 718 novos,
2734 651 2938 716 bonos,
2969 648 3160 722 quales
3192 665 3222 703 a
3256 649 3355 706 Dei

1791 746 1968 804 Verbo
1998 747 2218 802 formari
2243 761 2340 816 par
2365 754 2471 799 est.

1859 1023 1947 1078 68.
1987 1022 2332 1090 Quapmpter
2359 1019 2403 1074 si
2435 1019 2622 1074 Celsus
2653 1035 2682 1073 a
2712 1019 2867 1073 nobis
2894 1016 3190 1085 quaesierit,
3220 1033 3354 1087 quo-

1785 1117 1947 1170 modo
1985 1114 2152 1169 Deum
2171 1127 2502 1182 cognoscere
2525 1121 2784 1180 putamus
2816 1119 2872 1164 et
2904 1109 2970 1162 ah
3002 1109 3094 1164 illo
3123 1109 3354 1163 salutem

1785 1207 2035 1276 accipere
2061 1244 2076 1269 ,
2112 1203 2561 1274 respondebimus
2593 1201 2826 1256 Verbum
2855 1240 2870 1264 ,
2902 1201 3042 1269 quod
3082 1210 3167 1254 est
3199 1200 3252 1253 in
3287 1199 3354 1252 iis

1785 1299 1876 1366 qui
1901 1298 2074 1367 ipsum
2098 1303 2372 1363 quazrunt,
2401 1302 2496 1348 aut
2523 1294 2720 1364 ipsum,
2752 1308 2872 1347 cum
2906 1307 2966 1348 se
3008 1290 3351 1345 manifestum

1785 1389 1939 1453 facit,
1970 1387 2266 1458 accipiunt,
2291 1385 2543 1440 suﬂicere
2571 1384 2902 1439 notilicando
2946 1391 2999 1437 et
3062 1382 3353 1436 revelando

1786 1480 1956 1545 Patri,
1989 1480 2103 1548 qui,
2138 1487 2427 1548 antequam
2462 1477 2698 1530 Verbum
2731 1476 3037 1538 adveniret,
3071 1490 3178 1528 non
3205 1474 3356 1527 vide—

1785 1574 1966 1627 batur.
1994 1572 2060 1625 Et
2091 1572 2212 1640 quis
2239 1570 2375 1624 alius
2406 1569 2608 1623 salvam
2653 1567 2831 1620 facere
2878 1575 2934 1620 et
2968 1568 3034 1618 ad
3085 1580 3356 1620 summum

1787 1662 1954 1716 Deum
1985 1661 2278 1730 perducere
2317 1659 2604 1712 humanam
2643 1657 2878 1710 animam
2923 1665 3139 1724 potest,
3192 1671 3354 1722 quam

1787 1753 1932 1807 Deus
1960 1751 2236 1806 Verbum?
2282 1749 2372 1818 qui
2429 1764 2549 1801 cum
2598 1758 2742 1801 esset
2802 1747 2853 1800 iu
2903 1747 3165 1815 principio
3213 1747 3356 1815 apud

134 1849 237 1910 τοὺς
263 1845 606 1917 κολληθέντας
635 1850 701 1917 τῇ
737 1850 899 1918 σαρκὶ
927 1849 1020 1900 καὶ
1051 1848 1372 1918 γενομένους
1400 1849 1510 1918 (87)
1539 1849 1671 1918 ὅπερ

1783 1847 1974 1909 Deum,
2000 1852 2220 1914 propter
2249 1857 2343 1896 eos
2369 1841 2459 1909 qui
2487 1839 2648 1894 carni
2684 1839 3010 1909 agglutinati
3038 1880 3053 1904 ,
3095 1841 3205 1894 imo
3229 1853 3359 1891 caro

135 1937 262 2008 σάρξ,
291 1938 498 2006 ἐγένετο
533 1937 686 2009 σὰρξ,
722 1939 809 1991 ἵνα
841 1939 1060 2010 χωρηθῇ
1093 1940 1196 1992 ὑπὸ
1218 1939 1329 1994 τῶν
1362 1940 1436 2011 μὴ
1455 1939 1678 2011 δυναμέ-

133 2048 217 2080 νων
240 2028 387 2082 αὑτὸν
414 2028 633 2098 βλέπειν
665 2029 800 2086 καθὸ
829 2031 1002 2098 Λόγος
1026 2027 1114 2102 ἦν,
1147 2032 1240 2084 κα)⁹
1276 2033 1413 2103 πρὸς
1449 2032 1578 2084 Θεὸν
1607 2027 1674 2102 ῆν

131 2119 204 2169 καὶ
229 2118 347 2180 Θεὸς
375 2114 440 2190 ἦν
463 2135 477 2149 ο
514 2121 608 2172 καὶ
642 2119 969 2190 σωματικῶς
993 2137 1054 2188 γε
1095 2120 1438 2190 λαλούμενος,
1480 2123 1572 2174 καὶ
1601 2122 1675 2185 ὡς

132 2209 239 2278 σὰρξ
267 2209 727 2280 άπαγγελλόμενος
758 2211 890 2281 (88),
919 2212 1002 2281 ἐφ’
1043 2212 1231 2266 ἑαυτὸν
1255 2213 1408 2266 καλεῖ
1438 2214 1565 2275 τοὺς
1592 2213 1677 2264 ὸν-

129 2313 205 2358 τας
231 2298 420 2368 σάρκα,
458 2299 522 2350 ἵν’
572 2299 768 2362 αὐτοὺς
817 2301 1017 2372 ποιήσῃ
1067 2301 1277 2372 πρῶτον
1325 2302 1675 2372 μορφωθῆναι

128 2388 240 2441 κατᾶ
295 2389 380 2443 τὸν
430 2391 628 2458 Λόγον,
670 2391 758 2442 τὸν
804 2393 1092 2461 γενόμενον
1146 2394 1343 2462 σάρκα,
1398 2393 1490 2446 καὶ
1541 2392 1677 2462 μετα

128 2477 253 2531 τοῦτο
283 2480 470 2543 αὐτοὺς
499 2480 803 2551 άναὸιὸάση
855 2483 944 2534 ἐπὶ
974 2482 1034 2534 τὸ
1061 2483 1186 2535 ἰδεῖν
1219 2483 1400 2545 αὐτὸν,
1445 2483 1580 2554 ὅπερ
1608 2478 1676 2553 ἦν

128 2568 230 2638 πρὶν
250 2569 459 2640 γένηται
488 2571 654 2642 σάρξ·
688 2571 827 2624 ὥστε
882 2574 1098 2635 αὐτοὺς,
1143 2574 1541 2643 ὠφεληθέντας,
1580 2575 1676 2627 καὶ

125 2660 390 2727 ἀναϐάντας
427 2664 536 2717 ἀπὸ
561 2664 661 2732 τῆς
701 2664 842 2717 κατὰ
891 2664 1070 2734 σάρκα
1127 2666 1452 2735 εἰσαγωγῆς,
1503 2667 1677 2718 εἰπεῖν

125 2756 189 2815 τὸ,
219 2771 235 2804 ι
271 2755 326 2807 Εἰ
358 2756 449 2808 καὶ
492 2755 727 2826 Χριστόν
767 2773 897 2808 ποτε
943 2754 1083 2808 κατὰ
1118 2756 1294 2826 σάρκα
1335 2755 1673 2826 ἐγνώκαμεν,

123 2844 232 2898 ἀλλὰ
254 2846 340 2898 νῦν
369 2847 468 2899 οὐκ
499 2846 579 2899 ἔτι
629 2847 986 2917 γινώσκομεν.
1033 2867 1050 2897 ι
1101 2847 1246 2918 Σὰρξ
1276 2844 1368 2899 οὖν
1419 2847 1636 2915 ἐγένετο
1659 2865 1670 2876 ·

124 2937 199 2990 καὶ
241 2938 517 3008 γενόμενος
552 2938 688 3008 σὰρξ
724 2957 742 2988 ι
783 2939 1092 3008 ἐσκήνωσεν
1120 2939 1177 2990 ὲν
1205 2941 1353 3008 ἡμῖν,
1389 2958 1408 2988 ι
1441 2939 1540 2990 οὐκ
1572 2938 1676 3002 ἔξω

125 3028 367 3096 γινόμενος
391 3030 571 3100 ἡμῶν.
606 3029 896 3101 Σκηνώσας
915 3029 972 3082 δὲ
997 3031 1091 3083 καὶ
1119 3030 1409 3100 γενόμενος
1433 3031 1490 3083 ἐν
1522 3032 1672 3100 ἡμῖν,

122 3118 200 3170 οὐκ
226 3119 422 3190 ἔμεινεν
450 3121 544 3174 ἐπὶ
583 3121 681 3191 τῆς
710 3119 933 3192 πρώτης
976 3121 1208 3192 μορφῆς,
1244 3119 1358 3172 ἀλλ’
1412 3119 1676 3182 άναϐιὸά,

1782 1946 1931 2000 sunt,
1964 1937 2138 1990 factus
2169 1944 2252 1988 est
2285 1947 2436 1996 caro,
2463 1942 2520 1984 ut
2551 1929 2798 1999 capiatur
2825 1931 2892 1984 ab
2937 1932 3016 1985 eis
3050 1931 3140 1999 qui
3175 1931 3358 1984 videre

1785 2031 1960 2099 ipsmn
2017 2045 2124 2082 non
2179 2038 2454 2097 poterant.
2505 2033 2772 2093 quatenus
2810 2024 3049 2079 Verbum
3105 2033 3244 2086 erat,
3302 2032 3360 2076 et

1783 2119 1924 2188 apud
1955 2118 2120 2171 Deum
2158 2126 2296 2182 erat,
2333 2125 2389 2171 et
2414 2118 2554 2171 Deus
2585 2125 2738 2181 erat;
2783 2117 2874 2185 qui
2920 2129 3052 2170 voce
3099 2128 3359 2182 corporea

1785 2227 1915 2266 usus
1963 2220 2016 2266 et
2065 2219 2122 2264 ut
2152 2225 2278 2265 caro
2326 2209 2631 2278 prazdicans
2661 2251 2675 2272 ,
2720 2224 2813 2264 eos
2857 2209 2924 2262 ad
2974 2223 3032 2263 se
3065 2217 3219 2262 vocat
3264 2206 3359 2275 qui

1784 2317 1914 2356 caro
1969 2309 2132 2366 sunt,
2186 2308 2245 2353 ut
2290 2314 2417 2362 eos,
2477 2299 2710 2368 primum
2759 2299 2970 2363 \‘erbo,
3041 2298 3181 2366 quod
3233 2312 3361 2350 caro

1786 2393 1991 2448 factum
2023 2401 2126 2456 est,
2158 2389 2468 2444 eonformes
2520 2389 2736 2453 reddat,
2786 2389 2983 2443 deinde
3029 2389 3243 2441 attollat
3293 2388 3360 2440 ad

1785 2487 2070 2539 videndum
2125 2485 2336 2552 ipsum,
2391 2483 2695 2550 cnjnsmodi
2749 2492 2867 2536 erat
2910 2491 3200 2551 antequam
3227 2496 3360 2535 caro

1786 2581 1980 2645 ﬁeret;
2011 2581 2084 2632 ita
2117 2588 2174 2632 ut
2215 2579 2473 2632 meliores
2509 2577 2636 2630 facti
2673 2586 2728 2630 et
2768 2591 2929 2645 supra
2976 2578 3115 2629 hanc
3159 2592 3358 2629 secun-

1785 2674 1911 2726 dum
1937 2686 2157 2724 carnem
2193 2667 2650 2722 introductioncm
2689 2667 2881 2732 evecti,
2925 2669 3104 2722 dicant
3140 2686 3153 2721 :
3193 2691 3209 2718 ι
3245 2669 3357 2720 Etsi

1784 2761 2076 2830 aliquando
2099 2760 2378 2814 Christum
2399 2766 2696 2812 secundum
2728 2774 2946 2813 carnem
2979 2761 3352 2828 cognovimus,

1785 2858 1876 2910 sed
1904 2854 2180 2923 nuncjam
2217 2869 2322 2906 non
2356 2851 2693 2908 novimus“.
2732 2873 2749 2905 ι
2787 2853 2927 2906 Caro
2976 2853 3140 2922 igitur
3174 2852 3354 2906 factus

1739 2927 1744 2932 ’
1783 2959 1890 3008 est,
1923 2958 1977 3001 et
2015 2947 2187 2998 lactus
2233 2959 2363 2998 caro
2392 2963 2410 2996 ι
2447 2946 2710 2998 habitavit
2755 2946 2808 2997 in
2855 2945 3010 2998 nobis
3033 2946 3100 3005 ",
3160 2964 3176 2996 ι
3246 2960 3354 2997 non

1783 3048 1938 3093 extra
1961 3051 2056 3090 nos
2092 3035 2288 3089 factus.
2319 3035 2578 3088 llabitans
2605 3046 2782 3088 autem
2808 3044 2863 3088 et
2883 3035 3058 3088 factus
3086 3035 3137 3086 in
3177 3033 3358 3096 nobis,

1785 3129 1840 3182 in
1873 3127 2045 3196 prima
2072 3139 2170 3178 sua
2201 3124 2374 3178 forma
2422 3139 2528 3177 non
2570 3122 2903 3191 permansit,
2954 3121 3049 3174 sed
3103 3122 3256 3174 nobis
3303 3123 3357 3174 in

123 3227 200 3274 σας
217 3214 351 3282 ἡμᾶς
377 3213 468 3264 ὲπὶ
496 3213 558 3264 τὸ
583 3212 797 3280 λογικὸν
852 3211 1052 3281 ὑῂλὸν
1109 3211 1233 3282 ὅρος
1252 3251 1267 3276 ,
1319 3209 1515 3274 ἔδειξεν
1542 3212 1671 3281 ἡμῖν

1785 3226 2023 3273 montem
2054 3215 2330 3270 excelsum
2364 3229 2594 3282 eumque
2617 3213 2912 3282 spiritalem
2939 3213 3218 3282 perductis
3242 3211 3360 3281 glo-

119 3303 195 3374 τῆν
222 3305 411 3370 ἔνδοξον
444 3306 658 3376 μοριρὴν
693 3303 907 3366 ἑαυτοῦ,
931 3304 1025 3356 καὶ
1049 3303 1149 3372 τὴν
1177 3301 1536 3372 λαμπρότητα
1563 3302 1672 3354 τῶν

118 3394 392 3466 ἐνδυμάτων
426 3397 614 3452 αὐτοῦ’
654 3396 746 3449 καὶ
777 3397 873 3466 οὐχ
903 3394 1094 3448 ἑαυτοῦ
1123 3411 1186 3462 γε
1212 3393 1396 3463 μόνου,
1423 3393 1555 3446 ἀλλὰ
1579 3395 1671 3446 καὶ

117 3486 192 3538 τοῦ
218 3487 568 3558 πνευματικοῦ
597 3487 783 3558 νόμου,
810 3487 868 3550 ὃς
897 3487 1042 3538 ἐστιν
1071 3487 1127 3539 ἐν
1156 3485 1280 3556 δόξῃ
1312 3483 1497 3554 δεθεὶς
1532 3484 1670 3555 μετὰ

127 3577 273 3648 Ἰησοῦ
306 3580 540 3652 Μωῦσῆς
560 3599 573 3610 ·
601 3578 764 3643 ἔδειξε
786 3579 830 3632 δ’
855 3579 984 3648 ἡμῖν
1012 3578 1105 3631 καὶ
1130 3579 1309 3630 πᾶσαν
1333 3575 1668 3648 προφητείαν

115 3667 227 3723 οὐδὲ
264 3672 392 3743 μετὰ
432 3673 494 3725 τὸ
549 3670 968 3743 ὲνανθρωπῆσαι
1021 3668 1489 3739 ἀποθνήσκουσαν,
1550 3667 1665 3722 ἀλλ’

116 3760 595 3834 ἀναλαμϐανομένην
631 3763 711 3825 είς
745 3761 973 3834 οὐρανὸν
994 3801 1008 3824 ,
1045 3758 1112 3832 ἧς
1167 3759 1432 3830 σύμϐολον
1479 3759 1664 3823 Ἠλίας

114 3843 184 3918 ἦν.
219 3852 270 3905 Ὀ
287 3853 337 3905 δὲ
357 3853 526 3906 ταῦτα
556 3852 837 3928 θεωρήσας
861 3852 1004 3904 εἴποι
1028 3851 1093 3904 ἂν
1123 3855 1204 3916 τὸ,
1229 3873 1246 3903 ι
1293 3851 1663 3921 Ἐθεασάμεθα
1697 3902 1704 3911 ,

113 3938 191 4011 τὴν
211 3941 351 4007 δόξαν
379 3944 563 4007 αὐτοῦ,
600 3942 755 4007 δόξαν
787 3944 862 4008 ὡς
894 3943 1212 4014 μονογενοῦς
1249 3943 1396 4014 παρὰ
1427 3944 1656 4014 Πατρός·

114 4031 295 4104 πλήρης
321 4036 538 4106 χάριτος
569 4036 663 4089 καὶ
691 4035 964 4106 ἀληθείας.
1006 4055 1023 4086 ι
1052 4035 1255 4098 Κέλσος
1289 4035 1386 4105 μὲν
1401 4031 1492 4087 οὖν
1523 4036 1661 4088 ἰδιω-

111 4123 365 4196 τικώτερον
395 4127 698 4181 ἀνέπλασεν
737 4127 772 4180 ἃ.
809 4126 978 4180 οἴεται
1015 4129 1160 4198 ἡμᾶς
1205 4127 1374 4191 λέξειν
1425 4129 1560 4199 πρὸς
1600 4130 1658 4181 τὸ

112 4213 270 4284 πύσμα
304 4218 494 4271 αὑτοῦ*
545 4237 563 4268 ι
610 4218 734 4280 Πῶς
779 4219 1000 4289 οἰόμεθα
1037 4220 1322 4289 γνωρίσειν
1355 4220 1445 4271 τὸν
1485 4220 1654 4285 Θεόν;

111 4306 187 4357 καὶ
211 4308 316 4372 πῶς
347 4309 683 4381 σωθήσεσθαι
704 4310 839 4381 πρὸς
864 4311 1026 4364 αὑτοῦ
1059 4311 1164 4383 (89)
1192 4329 1204 4379 ;
1236 4315 1394 4384 ἡμεῖς
1415 4314 1470 4366 δὲ
1494 4314 1657 4370 εἴποι·

114 4410 195 4462 μεν
218 4399 275 4450 ἂν
301 4399 365 4453 τά
396 4401 818 4472 προεκκείμενα.

168 4487 296 4560 Πλήν
354 4509 517 4563 φησιν
578 4493 606 4544 6
653 4492 859 4556 Κέλσος
931 4495 1076 4564 ἡμᾶς
1129 4496 1516 4566 ἀποκρίνεσθαι
1574 4499 1652 4550 εί·-

1782 3309 1982 3362 riosam
2037 3320 2201 3360 suam
2252 3307 2483 3359 formam
2535 3308 3093 3372 vestimentummque
3129 3319 3353 3357 suorum

1780 3400 2122 3469 splendorem
2155 3397 2458 3453 ostendit"
2499 3409 2515 3449 :
2561 3412 2738 3463 neque
2787 3396 2868 3451 sui
2911 3397 3081 3450 solius
3113 3395 3360 3466 splendo-

1781 3507 1893 3548 rem
1918 3492 2173 3558 ostendit,
2206 3492 2299 3546 sed
2327 3490 2491 3543 etiam
2519 3487 2782 3556 spiritalis
2809 3489 2966 3556 legis,
3009 3503 3171 3557 quam
3200 3485 3352 3556 Moy—

1776 3601 1866 3641 ses
1899 3586 1953 3639 in
1984 3583 2152 3654 gloria
2192 3597 2311 3637 cum
2338 3577 2466 3634 Jesn
2505 3581 2657 3633 visus
2706 3578 3164 3648 repraesentabat;
3198 3592 3356 3631 mon-

1773 3677 1969 3734 stravit
2019 3685 2280 3746 praaterea
2338 3687 2557 3728 omnem
2610 3671 3000 3740 pr0phetiam,
3057 3686 3178 3740 quae
3241 3686 3351 3726 non

1775 3777 1986 3821 mortua
2004 3775 2087 3822 est
2114 3775 2400 3836 postquam
2425 3762 2604 3817 factus
2622 3762 2786 3816 homo
2809 3772 2914 3827 est,
2941 3763 3035 3817 sed
3076 3763 3126 3816 in
3157 3761 3356 3816 caelum

1773 3859 1988 3914 sublata
2016 3868 2122 3923 est,
2155 3856 2423 3925 cujusque
2452 3855 2602 3910 Elias
2627 3858 2796 3925 ligura
2825 3864 2966 3912 erat.
3004 3853 3099 3908 llis
3123 3868 3355 3922 conspe-

1770 3947 1900 4010 ctis,
1937 3946 2122 4000 dicere
2149 3945 2272 4014 quis
2314 3945 2528 4014 possit:
2572 3963 2591 3994 ε
2625 3943 2876 3999 Vidimus
2925 3945 3152 4013 gloriam
3199 3943 3351 4012 ejus,

1770 4038 1993 4107 gloriam
2009 4035 2159 4105 quasi
2180 4035 2437 4104 unigeniti
2452 4050 2482 4089 a
2502 4035 2683 4101 Patre,
2704 4037 2918 4105 plenum
2937 4035 3123 4105 gratia:
3144 4044 3195 4088 et
3213 4034 3355 4087 veri‘

1770 4127 2005 4182 tatis‘7?»
2029 4128 2208 4194 Inepte
2227 4125 2588 4195 igiturCclsus
2606 4128 2870 4181 conlinxit
2888 4143 3005 4196 quae
3024 4141 3120 4179 nos
3139 4139 3352 4192 respon-

1767 4238 1927 4278 suros
1947 4224 2226 4277 existimat
2248 4223 2314 4276 ad
2331 4237 2482 4276 suam
2509 4223 3014 4290 interrogationem,
3042 4241 3059 4272 ‹
3083 4221 3355 4288 quomodo

1766 4330 2099 4388 cognoscere
2123 4317 2287 4369 Deum
2315 4327 2568 4384 putemus
2591 4327 2646 4370 et
2669 4317 2735 4368 ab
2762 4314 2853 4367 illo
2885 4312 3108 4366 salutem
3139 4311 3354 4375 accipe-

1770 4408 1851 4464 re?
1870 4407 2006 4461 »Νοε
2023 4419 2200 4462 autem
2221 4424 2339 4478 qua:
2356 4408 2514 4462 modo
2527 4407 2711 4476 esposi
2723 4416 2770 4459 ta
2792 4414 2920 4459 sunt
2935 4403 3347 4472 respondemus.

1843 4497 1932 4552 69.
1976 4498 2362 4554 Verumtamen
2402 4499 2639 4551 allirmat
2681 4495 2870 4550 Celsus
2917 4510 3018 4547 nos
3064 4493 3351 4547 verisimili

111 4577 208 4631 κότι
236 4583 534 4656 στοχασμῷ,
565 4585 841 4654 ὁμολογῶν
865 4587 1199 4657 ἀναγράφειν
1236 4589 1389 4659 ἡμῶν
1414 4589 1508 4659 τὴν
1531 4589 1666 4642 ἀπό-

1783 4589 2089 4656 conjectura
2120 4591 2485 4658 respondere,
2530 4598 2583 4642 et
2624 4588 2724 4656 ipsi
2775 4586 2946 4640 visum
2983 4594 3066 4639 est
3106 4593 3350 4637 nostram

110 4685 262 4738 κρισιν
288 4673 453 4738 οὕτως
475 4675 724 4745 ἔχουσαν·
756 4694 773 4726 ι
824 4677 1039 4746 Ἐπειδὴ
1075 4677 1245 4746 μέγας
1278 4679 1392 4731 ἐστὶ
1413 4681 1504 4730 καὶ
1535 4680 1660 4732 δυσυ

109 4757 348 4832 θεώρητος
379 4767 408 4818 6
438 4765 595 4829 Θεὸς,
656 4765 870 4836 πνεῦμα
927 4766 1054 4819 ἴδιον
1105 4767 1355 4837 ἐμϐαλὼν
1385 4770 1465 4830 εἰς
1505 4769 1663 4839 σῶμα

107 4849 220 4918 ἡμῖν
241 4854 412 4924 ὅμοιον
457 4856 618 4926 δεῦρο
657 4856 1005 4927 κατέπεμψεν
1031 4897 1044 4921 ,
1081 4858 1156 4920 ὡς
1199 4858 1258 4912 ἂν
1306 4859 1664 4930 δυνηθείημεν

106 4940 305 4999 ἀκοῦσαι
343 4949 470 5021 παρ’
504 4948 671 5003 αὑτοῦ
699 4951 791 5002 καὶ
821 4950 1030 5019 μαθεῖν.
1065 4970 1082 4999 ι
1118 4951 1190 5003 Οὐ
1226 4952 1384 5021 μόνος
1409 4952 1464 5004 δὲ
1491 4954 1664 5022 μέγας

107 5035 210 5088 καθ’
235 5040 369 5109 ἡμᾶς
396 5044 544 5095 ἐστιν
581 5044 611 5095 6
647 5043 757 5095 τῶν
789 5044 924 5096 ὅλων
949 5045 1081 5107 Θεὸς
1116 5046 1209 5097 καὶ
1243 5047 1431 5115 Πατήρ
1452 5062 1465 5074 ·
1505 5046 1664 5114 μετέ-

108 5125 225 5182 δωκε
245 5132 344 5204 γάρ
374 5134 564 5188 ἑαυτοῦ
596 5136 689 5188 καὶ
713 5137 812 5205 τῆς
847 5137 1256 5207 μεγαλειότητος
1278 5138 1353 5208 τῷ
1376 5140 1667 5206 Μονογενεῖ

111 5221 193 5273 καὶ
234 5223 559 5298 Πρωτοτόκῳ
612 5227 790 5298 πάσης
825 5229 1046 5292 κτίσεως
1074 5247 1085 5260 ·
1140 5231 1226 5294 ἵν’,
1285 5229 1447 5282 εἰκὼν
1504 5231 1662 5295 αὐτὸς

167 5403 209 5438 ⁸³
230 5406 349 5475 Luc.
377 5427 533 5479 xvrtt,
565 5410 654 5466 58.
729 5413 776 5444 “
807 5411 845 5466 ll
879 5411 1004 5467 Cor.
1028 5429 1085 5479 ν,
1116 5413 1201 5468 lii.

171 5563 266 5632 (86)
297 5567 632 5636 Γνωρίζὲιν,
659 5567 974 5623 Boherellus
1021 5568 1149 5638 legit
1205 5568 1511 5639 γνωρίσειν.
1558 5567 1660 5639 lbi-

108 5639 213 5710 deut
245 5639 392 5710 codd.
423 5640 628 5710 Regius
661 5648 714 5692 et
744 5637 1092 5710 llasileensis,
1125 5639 1262 5710 πρὸς
1294 5637 1459 5710 αὑτοῦ
1480 5637 1655 5707 σωθή-

109 5704 288 5780 σεεῖξιίιι.
320 5707 469 5780 Libb.
495 5704 650 5780 editi,
676 5708 810 5779 πρὸς
843 5709 1001 5780 αὐτὸν
1037 5704 1396 5780 σωθήσεσθαι.

174 5771 268 5847 (87)
324 5778 490 5835 Codd.
553 5771 688 5849 Reg.
724 5771 803 5834 ἐι
851 5775 1041 5846 Basil.,
1096 5771 1439 5854 γενομένους.
1490 5777 1646 5833 Libb.

1299 5413 1344 5444 ⁸⁵
1374 5411 1531 5468 Joan.
1577 5431 1630 5479 ι,
1671 5413 1749 5469 14.

1773 4682 2182 4751 responsionem
2215 4680 2420 4735 referre
2455 4681 2540 4733 his
2566 4681 2744 4733 verbis
2796 4695 2808 4730 :
2841 4695 2860 4727 σ
2909 4675 3178 4741 Quoniam
3235 4690 3354 4726 tua-

1772 4789 1907 4842 gnus
1929 4783 2014 4828 est
2051 4782 2104 4828 et
2137 4773 2506 4843 contemplatu
2557 4769 2792 4825 dillieilis
2829 4770 2969 4823 Deus
2995 4811 3010 4836 ,
3063 4766 3349 4836 proprium

1771 4866 2019 4934 spiritqu
2049 4865 2100 4918 in
2135 4879 2331 4934 corpus
2363 4875 2550 4918 nostro
2580 4861 2758 4916 simile
2786 4859 3078 4915 infundens
3106 4857 3209 4910 hnc
3243 4856 3350 4908 mi-

1771 4957 1864 5022 sit,
1903 4966 1961 5010 ut
1993 4957 2140 5010 illum
2173 4958 2361 5010 audire
2405 4965 2459 5010 et
2505 4957 2572 5010 ab
2617 4955 2707 5008 illo
2745 4953 2932 5008 doceri
2991 4965 3291 5020 possemus.
3326 4966 3347 5001 ι

1776 5049 1844 5101 ΑΙ.
1879 5057 2064 5101 nostra
2095 5049 2368 5101 sententia
2398 5062 2504 5100 11011
2540 5056 2624 5100 CSl
2653 5044 2828 5099 solum
2870 5057 3052 5097 rerum
3107 5040 3350 5094 011111111111

1776 5141 1940 5193 Deum
1967 5156 2030 5194 ac
2051 5139 2260 5192 Patrem
2285 5153 2403 5193 esse
2427 5153 2679 5207 magnum
2721 5151 2734 5189 :
2762 5152 2871 5190 sum
2897 5136 3040 5189 enim
3075 5131 3348 5200 magnitu-

1774 5231 1916 5287 dinis
1943 5231 2264 5301 participem
2303 5231 2432 5286 fecit
2467 5229 2810 5301 Unigcnitum
2843 5235 2898 5283 et
2925 5223 3347 5292 Primogcnitum

1849 5414 1894 5445 “
1924 5414 2114 5466 Matth.
2147 5429 2280 5480 xvn,
2314 5413 2334 5466 1
2371 5422 2426 5467 et
2459 5425 2614 5484 seqq.
2689 5411 2730 5442 δ’
2765 5409 2924 5466 Joan.
2953 5424 2988 5474 I,
3024 5409 3107 5462 M.

1767 5567 1920 5627 etliti,
1954 5566 2282 5636 γενομένοις.

1838 5632 2142 5706 (88)]ἱι1υἰιι
2198 5636 2354 5689 codd.
2414 5651 2570 5699 mss.,
2625 5632 3126 5703 ἀπαγεῖςλλόιιεινος.
3174 5632 3334 5690 Libh.

1764 5707 1914 5762 editi.
1947 5706 2436 5775 ἐπαγγελλόμενος.
2813 5720 2815 5723 ·

1834 5776 1944 5848 (8'3)
1985 5773 2132 5844 uss,
2165 5773 2350 5830 αὑτοῦ.
2389 5776 2545 5833 Libb.
2575 5785 2730 5832 antea
2757 5776 2907 5840 editi,
2943 5773 3122 5829 αὐτόν.
