3846 6406
557 362 699 420 “0'5

2009 355 2328 414 ORIGENIS

3669 367 3761 423 lilii

562 483 741 538 omnis
770 491 1038 538 creatura!
1067 498 1080 547 ;
1109 489 1186 549 ut,
1224 480 1314 550 qui
1355 479 1532 552 imago
1568 491 1650 537 est
1679 481 1966 537 invisibilis
2017 479 2105 534 Dei

2237 477 2518 548 τυγχάνων
2569 477 2663 532 τοῦ
2713 479 2941 551 ἀοράτου
2999 479 3136 533 Θεοῦ
3158 522 3174 548 ,
3229 480 3324 535 καὶ
3379 481 3436 534 ὲν
3484 481 3558 552 τῷ
3601 485 3760 553 μεγέθει

557 576 604 630 is
658 575 822 629 etiam
868 575 1238 644 magnitudine
1290 574 1472 629 Patris
1525 575 1816 645 imaginem
1877 573 2126 628 referret.

553 667 696 721 Fieri
719 667 861 720 enim
883 681 987 720 non
1015 675 1224 735 poterat
1255 675 1312 720 ut
1333 667 1557 736 pulchra
1583 666 1758 737 imago
1775 673 1919 721 esset
1950 664 2130 720 etDeo

547 753 716 826 685
744 753 1000 809 invisibili
1026 754 1396 824 responderet,
1431 770 1549 823 quae
1571 753 1964 823 magnitudinis
1990 752 2128 806 ima-

551 847 730 914 ginem
771 860 876 900 non
919 847 1210 914 praeberet.
1263 845 1536 901 Praeterea
1585 861 1872 901 censemus
1906 844 2126 914 quidem

553 937 742 1003 Deum,
773 939 896 1008 quia
925 939 1172 1006 corporis
1213 953 1412 1008 expers
1450 948 1555 1006 est,
1601 939 1929 994 invisibilem
1957 953 2076 994 esse
2107 958 2123 1007 ;

549 1030 905 1085 nihilominus
936 1041 1114 1085 tamen
1137 1046 1285 1093 cmn,
1328 1031 1417 1097 qui
1462 1033 1908 1102 contemplationi
1957 1033 2123 1088 dediti

543 1131 695 1186 sunt,
749 1131 977 1191 possunt
1027 1123 1215 1184 corde,
1265 1121 1315 1175 id
1378 1131 1464 1177 est
1509 1123 1690 1178 animo
1746 1125 2120 1194 contemplari,

541 1214 728 1278 corde,
752 1215 998 1281 inquam,
1019 1228 1128 1268 non
1151 1213 1537 1283 qualicunque,
1562 1215 1653 1268 sed
1673 1229 1830 1284 puro.
1851 1216 1956 1270 Cor
1979 1216 2122 1269 enim

541 1305 974 1359 contaminatum
1035 1305 1200 1359 Deum
1253 1304 1613 1374 contemplari
1659 1320 1766 1360 non
1819 1314 2123 1376 potestzet

539 1404 757 1464 oportet
795 1411 989 1464 purmn
1043 1409 1188 1458 esse,
1237 1399 1379 1466 quod
1435 1407 1686 1452 naturam
1751 1399 1884 1452 adeo
1929 1414 2120 1468 puram

541 1487 702 1555 digne
733 1485 1084 1554 contemplari
1122 1497 1304 1556 queat.
1343 1487 1474 1542 Esto
1507 1502 1638 1542 vero
1683 1487 1752 1542 sit
1797 1485 1940 1539 Deus
1988 1501 2122 1540 eon-

540 1582 800 1650 templatu
830 1583 1088 1648 diliicilis,
1119 1591 1174 1637 at
1204 1599 1310 1637 non
1343 1582 1513 1637 solus.
1545 1581 1677 1634 Nam
1704 1581 1822 1651 ejus
1857 1577 2120 1649 Unigeni-

539 1681 648 1736 tus,
685 1673 826 1726 Deus
855 1675 1116 1740 Verbum,
1149 1683 1232 1729 est
1260 1675 1426 1729 etiam
1455 1673 1826 1741 contemplatu
1861 1669 2114 1736 dillicilis,

536 1765 680 1818 sicut
712 1775 766 1818 ct
793 1767 1060 1835 sapientia
1108 1767 1158 1820 in
1195 1782 1296 1835 qua
1339 1767 1522 1821 omnia
1551 1767 1690 1818 Deus
1739 1763 1890 1817 fecit.
1919 1762 2118 1830 Ecquis

535 1857 679 1909 enim
710 1857 759 1910 in
796 1858 956 1912 rebus
985 1859 1238 1913 oninibus
1283 1857 1647 1926 contemplari
1686 1865 1862 1924 potest
1895 1855 2116 1924 sapien-

2239 571 2388 646 σώζῃ
2417 572 2518 643 τὴν
2551 573 2736 628 εἰκόνα
2765 573 2863 626 τοῦ
2907 574 3141 645 Πατρός.
3183 575 3260 628 Οὐ
3291 574 3400 646 γὰρ
3439 573 3546 630 οἷόν
3569 579 3609 628 τ’
3634 569 3686 644 ἦν
3705 581 3760 634 εἴ.

2236 681 2321 718 ναι
2355 664 2689 736 σύμμετρον,
2715 667 2780 720 ἵν’
2813 667 2986 732 οὕτως
3011 668 3290 739 ὀνομάσω,
3319 670 3416 722 καὶ
3441 670 3602 742 καλὴν
3627 675 3761 729 εἰκόνα

2231 756 2324 810 τοῦ
2353 757 2585 830 ἀοράτου
2615 758 2774 823 Θεοῦ,
2810 759 2884 831 μὴ
2917 761 3010 814 καὶ
3045 762 3138 814 τοῦ
3199 764 3461 833 μεγέθους
3489 771 3761 836 παριστᾶσιν

2230 847 2328 920 τὴν
2361 851 2563 904 εἰκόνα.
2598 851 2760 904 Ἀλλὰ
2781 853 2877 904 καὶ
2907 855 2936 905 6
2961 853 3093 917 Θεὸς
3135 854 3258 908 καθ’
3307 859 3458 926 ἡμᾶς
3487 857 3562 927 τῷ
3602 859 3680 928 μὲν
3707 862 3758 930 μὴ

2229 935 2370 993 εἶναι
2411 942 2567 1013 σῶμα
2597 944 2831 1016 ἀόρατός
2857 947 3002 998 ἐστιν
3027 963 3040 975 ’
3089 949 3203 1009 τοῖς
3227 946 3284 998 δὲ
3309 946 3640 1018 θεωρητικοῖς
3662 968 3755 1021 καρ-

2230 1033 2318 1104 δίᾳ
2371 1034 2664 1106 θεωρητὸς,
2718 1038 2964 1091 τουτέστι
3014 1037 3117 1108 νῷ·
3155 1039 3354 1110 καρδία
3406 1040 3462 1091 δὲ
3501 1041 3558 1092 οὐ
3593 1045 3646 1111 τῇ
3695 1061 3756 1096 τυ-

2227 1124 2394 1196 χούσῃ
2421 1165 2434 1188 ,
2476 1127 2610 1180 ἀλλὰ
2645 1131 2712 1199 τῇ
2753 1129 3002 1200 καθαρᾷκ
3033 1131 3094 1183 οὐ
3133 1129 3242 1200 γὰρ
3291 1130 3451 1200 θέμις
3484 1131 3758 1202 μεμολυσμέ-

2225 1232 2322 1286 νην
2355 1219 2580 1289 καρδίαν
2601 1223 2792 1292 ἐνορᾷν
2811 1222 2948 1293 Θεῷ,
2977 1223 3112 1275 ἀλλὰ
3133 1223 3215 1275 δεῖ
3233 1223 3473 1294 καθαρὸν
3495 1222 3678 1278 εἶναιτὸ
3692 1226 3758 1281 τοῦ

2226 1310 2468 1382 καθαροῦ
2521 1315 2638 1366 κατ’
2669 1314 2822 1378 ἀξίαν
2861 1315 3213 1388 θεωρητικόν.
3269 1317 3451 1368 Ἔστω
3473 1317 3534 1388 δὴ
3563 1319 3640 1370 καὶ
3667 1319 3754 1371 δυσ-

2227 1399 2738 1472 θειῦρητοςὸΘεός·
2799 1404 2912 1456 ἀλλ’
2955 1406 3016 1457 οὐ
3071 1406 3230 1476 μόνος
3275 1405 3630 1477 δυσθεώρητός
3673 1411 3767 1462 έστίτ

2223 1511 2366 1560 τινι,
2429 1495 2563 1548 ἀλλὰ
2609 1499 2702 1550 καὶ
2757 1500 2785 1550 6
2840 1499 3150 1567 Μονογενὴς
3200 1498 3386 1552 αὑτοῦ.
3439 1499 3754 1570 Δυσθεώρητις

2224 1585 2334 1656 γὰρ
2383 1589 2413 1640 6
2467 1587 2598 1651 Θεὸς
2639 1589 2812 1656 Λόγος
2838 1629 2852 1652 ,
2912 1589 3290 1661 δυσθεώρητος
3334 1590 3393 1642 δὲ
3451 1590 3628 1643 οὑτωσὶ
3673 1591 3750 1660 (90)

2224 1678 2318 1729 καὶ
2389 1679 2549 1749 σοφία
2611 1681 2756 1732 ἐστὶν
2781 1723 2796 1746 ,
2855 1683 2910 1733 ἐν
3061 1681 3129 1734 τὰ
3199 1682 3380 1734 πάντα
3447 1683 3752 1752 πεποίηκενὸ

2223 1769 2354 1832 Θεὸς
2381 1787 2393 1800 ·
2453 1772 2534 1834 τίς
2567 1772 2674 1843 γὰρ
2719 1772 2939 1826 δύναται
2987 1773 3112 1826 καθ’
3167 1773 3400 1827 ἕκαστον
3447 1774 3548 1828 τῶν
3591 1775 3752 1826 πάντων

2225 1862 2321 1932 τὴν
2378 1865 2588 1934 σοφίαν,
2639 1868 2698 1918 ὲν
2825 1869 2853 1918 6
2891 1868 3024 1930 Θεὸς
3051 1869 3146 1920 καὶ
3183 1869 3414 1922 ἕκαστον
3447 1868 3556 1920 ’τῶν
3591 1869 3753 1920 πάντων

537 1948 667 2000 tiam
700 1947 752 2000 in
802 1961 908 2017 qua
953 1947 1096 2001 Deus
1155 1947 1286 2002 fecit
1337 1963 1422 2001 res
1475 1947 1764 2014 singulas?
1799 1945 1912 1998 Non
1949 1945 2105 2013 igitur

2223 1957 2510 2027 πεποίηκε,
2531 1958 2807 2029 θεωρῆσαι
2823 1977 2836 2022 ;
2860 1961 2934 2012 υὺ
2955 1961 3043 2012 διὰ
3061 1962 3118 2013 τὸ
3135 1959 3509 2032 δυσθεώρητος
3521 1958 3601 2014 οὖν
3620 1965 3642 2015 ὁ
3659 1961 3752 2024 Θεὸς

539 2039 702 2104 Deus,
733 2040 860 2108 quia
892 2040 1260 2110 contemplatu
1289 2040 1527 2094 diliicilis
1553 2049 1694 2102 erat,
1727 2038 1932 2092 idcirco
1970 2037 2118 2090 misit

535 2129 758 2195 Filium,
785 2133 940 2201 quasi
971 2133 1016 2186 is
1043 2143 1187 2188 esset
1211 2132 1355 2188 Deus
1381 2133 1746 2200 contemplatu
1769 2131 1961 2184 facilis.
1985 2129 2118 2195 Quae

531 2223 755 2291 quidem
787 2237 892 2276 non
927 2225 1296 2279 consideravit
1341 2223 1556 2288 Celsus,
1601 2237 1721 2276 cum
1765 2237 1862 2277 nos
1907 2220 2120 2275 inducit

531 2333 778 2388 dicentes
803 2351 816 2388 :
853 2353 872 2385 ι
891 2333 1158 2402 Quoniam
1183 2344 1264 2389 est
1285 2334 1655 2402 contemplatu
1686 2333 1920 2389 diliicilis
1945 2335 2110 2398 Deus,

529 2422 808 2492 proprium
844 2425 1096 2493 spiritum
1132 2425 1183 2478 in
1225 2439 1425 2493 corpus
1471 2433 1666 2478 nostro
1707 2423 1882 2478 simile
1930 2421 2112 2476 infun-

527 2514 793 2570 deushuc
842 2515 1008 2581 misit,
1063 2527 1121 2572 ut
1150 2518 1298 2572 illum
1343 2519 1534 2572 audire
1586 2527 1640 2572 et
1687 2515 1755 2570 ab
1789 2515 1880 2570 illo
1927 2515 2110 2570 doceri

528 2620 834 2674 possemus.
873 2629 893 2661 ι
935 2609 1067 2674 Sed,
1123 2620 1181 2664 ut
1235 2625 1396 2678 supra
1460 2610 1661 2664 dictum
1727 2617 1840 2670 est,
1894 2607 2108 2661 tametsi

526 2699 698 2756 Filius
744 2705 909 2758 etiam
969 2715 1116 2760 esset
1167 2705 1538 2775 contemplatu
1590 2701 1858 2768 dilIicilis,
1923 2711 2111 2772 utpote

527 2796 705 2851 minus
727 2797 995 2852 habitavit
1023 2798 1076 2852 in
1110 2797 1267 2854 nobis
1295 2797 1360 2852 ‘3.
1579 2797 1582 2800 ⁴

598 2914 686 2968 70.
714 2914 832 2969 Jam
865 2915 910 2970 si
934 2913 1125 2970 Celsus
1147 2929 1208 2970 ea
1237 2931 1358 2983 quae
1388 2917 1452 2970 de
1481 2915 1688 2985 Spiritu
1725 2915 1817 2969 Dei
1873 2914 2106 2969 dicimus

525 3005 902 3067 intellexisset,
952 3014 1006 3060 et
1049 3025 1067 3056 ι
1112 3009 1428 3074 quicunque
1475 3009 1667 3076 spiritu
1705 3008 1800 3060 Dei
1845 3018 2102 3078 aguntur,

523 3112 619 3152 eos
643 3113 764 3153 esse
795 3098 938 3152 filios
969 3097 1060 3152 Dei
1086 3097 1130 3128 ⁸³³
1159 3115 1172 3165 ;
1214 3118 1232 3149 ι
1276 3115 1382 3153 non
1417 3101 1554 3154 istud
1585 3100 1687 3154 sibi
1738 3101 2108 3170 respondisset

525 3189 682 3254 quasi
738 3204 808 3243 ex
861 3189 1018 3244 nobis
1065 3201 1389 3258 sumptum:
1444 3211 1462 3242 ι
1503 3193 1669 3246 Deum
1723 3193 1829 3246 huc
1891 3193 2108 3248 misisse

525 3295 680 3333 stium
729 3279 982 3348 spiritum
1025 3296 1258 3350 corpore
1304 3282 1574 3338 indutum.
1608 3303 1626 3335 ι
1673 3283 1900 3354 Semper
1959 3284 2104 3339 enim

2223 2044 2384 2112 εἶναι,
2423 2049 2498 2112 ὡς
2535 2050 2877 2122 εὐθεώρητον
2918 2053 3010 2105 τὸν
3049 2053 3185 2106 Θεὸν
3228 2054 3322 2107 τὸν
3377 2055 3500 2106 Υἱὸν
3545 2055 3746 2124 ἐπεμψεν.

2226 2141 2404 2211 "Amp
2443 2143 2516 2212 μὴ
2568 2145 2770 2212 νοήσας
2803 2147 2832 2196 6
2862 2145 3066 2209 Κέλσος
3110 2141 3261 2199 εἶπεν
3309 2147 3385 2210 ὡς
3427 2149 3487 2199 ἐκ
3523 2147 3750 2218 προσώπου

2223 2231 2400 2301 ἡμῶν·
2431 2252 2449 2284 ι
2489 2234 2586 2286 Διὰ
2619 2234 2680 2286 τὸ
2699 2235 3070 2307 δυσθεώρητος
3105 2232 3263 2302 εἶναι,
3301 2238 3516 2308 πνεῦμα
3555 2239 3746 2307 ίδιονὲμ-

2225 2321 2401 2376 ϐαλὼν
2427 2326 2506 2387 εἰς
2537 2325 2698 2396 σῶμα
2718 2329 2848 2398 ἡμῖν
2865 2330 3067 2399 ὅμοιον,
3089 2331 3249 2402 δεῦρο
3265 2333 3614 2402 κατέπεμψεν,
3630 2335 3686 2396 ὡς
3699 2333 3744 2384 ἂν

2217 2415 2572 2491 δυνηθείημεν
2585 2420 2816 2474 ἀκοῦσαί
2833 2441 2890 2475 τε
2911 2441 2983 2476 πα
2993 2425 3208 2496 ρἀῦτοῦ
3227 2427 3322 2480 καὶ
3342 2427 3544 2496 μαθεῖν.
3559 2425 3744 2488 ’Ᾱλλζὼς

2218 2509 2653 2582 ἀποδεδώκαμεν,
2681 2516 2773 2567 καὶ
2795 2518 2822 2566 6
2855 2517 2979 2578 Υἱὸς
3003 2517 3380 2588 δυσθεώρητος
3401 2518 3494 2580 ὦν,
3515 2521 3596 2572 ἅτε
3621 2519 3745 2584 Λόγος

2219 2602 2451 2666 Θεὸς,δι’
2481 2597 2540 2656 οὗ
2571 2605 2638 2658 τὰ
2655 2605 2834 2658 πάντα
2863 2607 3097 2675 ἐγένετο,
3117 2610 3211 2661 καὶ
3242 2612 3542 2682 ἐσκήνωσεν
3569 2612 3744 2679 ένήμῑν.

2169 2703 2316 2757 Deus
2376 2701 2608 2757 Verbum
2673 2721 2770 2774 per
2809 2721 2972 2774 quem
3017 2707 3203 2760 omnia
3243 2707 3382 2761 facta
3417 2717 3553 2770 sunt,
3597 2706 3748 2760 nihile-

2288 2891 2349 2944 Εἰ
2393 2890 2446 2946 δὲ
2503 2894 2670 2946 συνίει
2734 2893 2843 2964 (91)
2879 2894 3085 2958 Κέλσος
3125 2895 3158 2948 ἃ.
3195 2895 3424 2968 λέγομεν
3466 2898 3582 2969 περὶ
3617 2898 3744 2949 Πνεῦ,

2219 3003 2384 3056 ματος
2418 2986 2573 3048 Θεοῦ,
2613 2987 2708 3038 καὶ
2742 2987 2822 3038 ὅτι
2854 2989 2966 3040 ὅσοι
2999 3009 3016 3040 ι
3054 2990 3335 3059 Πνεῦματι
3385 2990 3512 3042 Θεοῦ
3553 2991 3741 3056 ἄγονται,

2215 3073 2360 3134 οὗτοι
2393 3081 2497 3132 υἱοὶ
2526 3079 2659 3132 Θεοῦ
2705 3083 2874 3133 εἰσιν·
2913 3101 2930 3132 ι
2968 3081 3066 3134 οὐκ
3111 3081 3176 3134 ἂν
3213 3083 3391 3152 ἐαυτῷ
3430 3083 3501 3145 ὡς
3527 3083 3605 3151 ἀφ’
3628 3081 3742 3150 ἡμῶν

2215 3172 2550 3242 ἀπεφήνατο,
2587 3173 2689 3232 ὅτι,
2727 3190 2746 3222 ι
2791 3172 3006 3242 πνεῦμα
3039 3173 3169 3226 ἴδιον
3198 3173 3446 3244 ἐμϐαλὼν
3481 3177 3552 3237 εἰς
3575 3173 3744 3242 σῶμ.αό

2214 3263 2346 3326 Θεὸς
2376 3262 2535 3332 δεῦρο
2566 3262 2934 3332 κατέπεμψεν.
2981 3283 2999 3314 ι
3062 3265 3172 3316 Ἀεὶ
3215 3263 3325 3336 γὰρ
3351 3265 3380 3315 6
3419 3264 3539 3326 Θεὸς
3571 3261 3740 3333 μεταδίν

525 3369 668 3422 Deus
701 3372 979 3440 proprium
1023 3374 1277 3443 spiritum
1321 3376 1696 3430 communicat
1738 3392 1860 3431 cum
1905 3377 1974 3432 iis
2011 3379 2104 3446 qui

2213 3357 2361 3420 δωσι,
2425 3359 2536 3419 τοῖς
2599 3356 2918 3426 δυναμένοις
2988 3355 3238 3425 μετέχειν
3289 3357 3471 3421 αὑτοῦ,
3527 3355 3606 3408 τοῦ
3644 3353 3740 3406 ἰδίου

524 3455 671 3514 illius
705 3463 998 3533 participes
1036 3479 1160 3519 esse
1198 3477 1448 3536 possunt,
1479 3476 1684 3521 etcum
1737 3469 1966 3538 spiritus
2020 3471 2106 3524 ille

525 3552 578 3604 in
611 3553 700 3620 iis,
735 3555 828 3623 qui
859 3555 976 3624 ipso
1002 3557 1146 3626 digni
1179 3566 1326 3622 sunt,
1356 3559 1588 3623 habitat,
1630 3575 1738 3614 non
1774 3561 1984 3618 ideirco
2015 3579 2104 3616 se-

519 3654 748 3709 paratur
779 3654 832 3699 et
863 3647 1141 3702 dividitur.
1173 3649 1358 3718 Neque
1390 3651 1533 3705 enim
1573 3653 1830 3721 spiritum
1871 3655 2105 3711 dicimus

520 3749 644 3790 esse
669 3747 980 3806 corpus;ul
1008 3755 1184 3808 neque
1213 3755 1414 3812 corpus
1446 3754 1528 3799 est
1561 3744 1724 3814 ignis,
1748 3762 1910 3816 quem
1931 3746 2101 3802 Deum

519 3839 644 3881 esse
693 3837 927 3884 testatur
972 3831 1160 3887 istud:
1210 3851 1230 3884 ι
1285 3834 1428 3890 Deus
1475 3847 1660 3892 noster
1715 3839 1856 3908 ignis
1893 3854 2099 3896 consu—

520 3932 677 3973 mens
712 3930 795 3974 est
819 3921 887 3974 ⁸ο.
911 3941 928 3972 ι
963 3921 1088 3978 llzec
1107 3924 1249 3978 enim
1273 3925 1454 3980 omnia
1483 3927 1711 3996 ﬁgurate
1734 3931 2012 3996 dicuntur,
2043 3941 2101 3987 ut

519 4007 877 4080 intelligibilis
912 4025 1109 4070 natura
1139 4033 1204 4070 ex
1238 4019 1452 4074 usitatis
1489 4023 1953 4093 sensibilibusque
1997 4041 2097 4080 no-

516 4099 758 4157 minibus
795 4105 953 4161 nobis
1001 4107 1330 4165 innotescat.
1365 4113 1432 4167 Et
1479 4115 1622 4170 sicut
1667 4116 1918 4184 quamvis
1967 4131 2098 4185 pee-

513 4201 636 4248 cata
683 4206 944 4252 vocentur
997 4217 1016 4251 ι
1066 4201 1250 4272 ligna,
1297 4203 1484 4260 fenum
1535 4219 1590 4262 et
1641 4209 1862 4277 stipula,
1901 4229 1920 4262 ι
1989 4226 2094 4264 non

510 4295 798 4356 prapterea
817 4290 1046 4346 dicimus
1067 4305 1287 4362 peccata
1313 4311 1430 4352 esse
1453 4313 1710 4368 corpora,
1733 4315 1907 4370 neque
1927 4303 2094 4356 etiam

511 4378 745 4435 dicimus
776 4383 914 4438 bona
941 4400 1106 4454 opera
1139 4403 1258 4444 esse
1297 4405 1550 4460 corpora,
1587 4396 1803 4448 tametsi
1833 4395 1920 4448 illa
1954 4414 1972 4446 ι
2001 4411 2096 4448 au-

509 4484 653 4540 rum,
684 4485 970 4543 argentum
1005 4491 1058 4534 et
1093 4480 1228 4550 lapis
1262 4485 1538 4552 pretiosus
1565 4486 1608 4518 ⁸¹
1645 4507 1664 4539 ι
1718 4489 2089 4557 appellentur;

507 4562 591 4618 sic
618 4566 720 4618 etsi
757 4567 898 4622 Deus
945 4569 1148 4625 dicitur
1193 4589 1314 4628 esse
1363 4576 1503 4646 ignis
1543 4592 1870 4634 consumens
1921 4579 2090 4649 ligna,

2209 3448 2536 3518 πνεύματος,
2567 3449 2626 3500 οὐ
2655 3447 2796 3501 κατὰ
2837 3447 3118 3519 ἀποτομὴν
3145 3450 3239 3500 καὶ
3285 3447 3536 3518 διαίρεσιν
3575 3449 3738 3512 ἐγγινο-

2211 3543 2372 3613 μένου
2413 3545 2526 3605 τοῐς
2577 3541 2766 3605 ἀξίοις.
2814 3541 2948 3594 υὺδὲ
2993 3543 3102 3612 γὰρ
3163 3541 3326 3613 σῶμα
3374 3540 3434 3593 τὸ
3479 3539 3585 3592 καθ’
3627 3537 3738 3606 ἡμᾶς

2205 3631 2442 3701 πνεῦμα,
2490 3631 2564 3694 ὡς
2597 3632 2718 3684 οὐδὲ
2779 3631 2936 3702 σῶμα
2975 3632 3034 3684 τὸ
3082 3630 3214 3702 πῦρ,
3249 3621 3383 3701 ὅπερ
3421 3627 3546 3683 εἶναι
3569 3629 3736 3695 λέγεται

2204 3723 2336 3786 Θεὸς
2368 3725 2426 3776 ὲν
2485 3722 2578 3793 τῷ,
2613 3743 2630 3774 ι
2686 3727 2713 3777 ὁ
2739 3723 2871 3786 Θεὸς
2923 3721 3079 3794 ἡμῶν
3130 3724 3263 3795 πῦρ,
3305 3723 3732 3778 καταναλίσκον-ι

2203 3818 2380 3872 πάντα
2431 3817 2537 3887 γὰρ
2569 3817 2740 3870 ταῦτα
2787 3817 3061 3888 τροπικῶς
3095 3817 3314 3886 λέγεται
3342 3820 3419 3879 είς
3456 3814 3734 3884 παράστασιν

2201 3915 2296 3986 τὴν
2309 3915 2416 3966 ἀπὸ
2431 3913 2537 3966 τῶν
2557 3913 2794 3983 συνήθων
2815 3914 2910 3968 κα)¹
2928 3913 3256 3983 σωματικῶν
3271 3911 3535 3982 ὀνομάτων
3547 3907 3629 3976 τῆς
3651 3919 3737 3971 V01“.-

2199 4011 2301 4080 τῆς
2337 4009 2568 4078 φύσεως,
2603 4009 2710 4062 Καὶ
2735 4009 2944 4078 ὥσπερ,
2966 4007 3061 4060 ἐὰν
3090 4006 3314 4078 λέγηται
3343 4005 3406 4058 τὰ
3425 4002 3743 4082 ἁμαρτήματα⁴

2207 4131 2224 4162 ι
2265 4111 2395 4176 ξύλα
2419 4106 2577 4172 εἶναι,
2605 4107 2700 4161 καὶ
2721 4107 2936 4178 χόρτος,
2969 4104 3064 4157 καὶ
3103 4103 3346 4172 καλάμη,
3387 4121 3404 4152 ι
3433 4101 3525 4154 οὐκ
3549 4094 3731 4168 ἐροῦμεν

2199 4203 2338 4260 εἷναι
2381 4204 2448 4256 τὰ
2477 4202 2850 4272 ἁμαρτήματα
2891 4197 3146 4267 σώματα·
3183 4196 3277 4248 καὶ
3318 4194 3411 4248 ἐὰν
3455 4193 3648 4260 λέγηται
3683 4183 3729 4234 τὰ

2199 4297 2661 4369 ἁνδραγαθὴματα
2723 4313 2740 4344 ι
2796 4291 2994 4363 χρυσὸς
3028 4286 3200 4352 εἷναι,
3256 4291 3348 4341 καὶ
3395 4287 3626 4357 ἄργυρος,
3664 4289 3728 4336 καὶ

2197 4391 2341 4454 λίθος
2395 4389 2597 4460 τίμιος,
2648 4407 2666 4438 ι
2723 4386 2783 4438 οὐ
2849 4385 3096 4454 φήσομεν
3157 4378 3294 4434 εἶναι
3341 4379 3409 4432 τὰ
3451 4371 3726 4446 ἀνδραγαθὲ-

2199 4501 2346 4556 ματα
2376 4483 2602 4554 σώματα
2625 4496 2637 4511 ·
2687 4478 2850 4540 οὕτω,
2886 4477 2989 4531 κᾶν
3027 4476 3258 4545 λέγηται
3287 4477 3316 4528 6
3346 4473 3472 4536 Θεὸς
3498 4466 3614 4523 εἶναι
3649 4479 3725 4564 περ

2195 4575 2588 4630 καταναλίσκον
2616 4573 2685 4625 τὰ
2711 4569 2864 4637 ξύλα,
2900 4570 2994 4622 καὶ
3026 4569 3118 4622 τὸν
3145 4568 3359 4638 χόρτον,
3387 4564 3475 4618 καὶ
3500 4561 3584 4630 τὴν
3603 4554 3724 4609 καλα-

507 4655 718 4724 fenum,
759 4661 1037 4730 stipulam,
1067 4673 1122 4719 et
1155 4681 1372 4721 omnem
1422 4671 1632 4737 peccati
1684 4672 2088 4738 substantiam;

2213 4688 2330 4741 ιην,
2367 4671 2458 4722 καὶ
2491 4669 2668 4720 πᾶσαν
2701 4663 2890 4717 οὐσίαν
2919 4661 3194 4733 ἁμαρτίας
3227 4659 3336 4730 (92)
3359 4698 3372 4720 ,
3405 4657 3462 4710 οὐ
3491 4645 3722 4748 σῶμα-αὐ-

505 4762 614 4802 non
640 4749 846 4804 idcirco
887 4753 1034 4809 illum
1066 4773 1264 4826 corpus
1299 4775 1420 4814 esse
1457 4764 1858 4832 cogitabimus;
1897 4779 2087 4833 quem-

503 4837 820 4907 admodum,
841 4843 966 4898 licet
993 4847 1133 4912 ignis
1157 4858 1401 4916 vocetur,
1425 4867 1529 4906 non
1557 4853 1676 4907 ideo
1706 4868 1903 4922 corpus
1933 4854 2084 4907 illum

503 4929 902 4989 existimamus.
932 4935 1024 4991 Sic
1054 4941 1266 4994 tametsi
1301 4943 1440 4996 Deus
1461 4943 1674 4998 dicatur
1697 4946 1946 5013 spiritus,
1975 4962 2083 5000 non

503 5018 572 5074 ob
615 5019 759 5075 hanc
799 5037 913 5078 rem
940 5026 1169 5082 dicimus
1206 5045 1330 5084 eum
1358 5047 1483 5086 esse
1519 5048 1740 5104 corpus.
1771 5035 1840 5090 Ut
1879 5037 2024 5090 enim
2055 5054 2084 5091 a

502 5111 668 5167 rebus
712 5114 1061 5172 sensibilibus
1103 5119 1510 5192 distinguantur
1563 5127 1953 5197 intelligibiles,
1989 5131 2085 5185 has

503 5204 780 5272 appellare
829 5209 970 5263 solet
997 5209 1278 5281 Scriptura
1325 5217 1544 5278 spiritus
1567 5229 1620 5274 et
1647 5221 1936 5290 spiritales.
1989 5223 2082 5278 Sie

500 5310 624 5350 eum
659 5298 736 5352 ait
761 5299 995 5356 Paulus:
1043 5324 1060 5356 ι
1101 5305 1207 5361 Sed
1255 5311 1576 5365 suliieientia
1629 5325 1810 5368 nostra
1860 5332 1924 5370 ex
1975 5319 2081 5372 Ι)θο

499 5397 604 5455 est,
633 5392 724 5459 qui
750 5404 804 5447 et
834 5395 1056 5453 idoneos
1090 5415 1186 5454 nos
1234 5399 1364 5457 fecit
1405 5405 1683 5462 ministros
1722 5407 1853 5463 Novi
1885 5411 2078 5468 Testa-

2194 4740 2288 4815 τὸν
2311 4764 2575 4832 νοήσομεν
2598 4777 2610 4788 ⁸
2656 4759 2730 4820 ὡς
2761 4758 2870 4810 οὐδ’
2915 4755 3008 4808 ἐὰν
3035 4755 3144 4824 (95)
3177 4753 3402 4822 λέγηται
3437 4749 3563 4840 πῦρ,

2195 4849 2424 4920 νοοῦμεν
2445 4849 2626 4902 αὐτόν.
2657 4846 2846 4910 υῦτως
2869 4845 2964 4898 ἐὰν
2987 4845 3212 4914 λέγηται
3249 4841 3458 4912 πνεῦμα
3479 4841 3504 4890 6
3534 4833 3656 4892 Θεὸς,
3675 4833 3717 4878 0’3

2199 4946 2358 5016 σῶμα
2388 4945 2547 4998 αὐτὸν
2579 4943 2808 5013 λέγομεν
2835 4938 2990 4994 εἶναι.
3050 4939 3192 5010 Πρὸς
3235 4937 3340 5007 γὰρ
3381 4923 3716 4990 anteuenit"

2195 5039 2302 5090 τῶν
2361 5035 2634 5106 αἰσθητῶν
2683 5033 2801 5096 ἔθος
2844 5036 2910 5103 τῇ
2947 5033 3137 5102 Γραφῇ
3186 5030 3253 5082 τὰ
3293 5026 3452 5099 νοητὰ
3493 5017 3712 5090 ὀνομάζειν

2195 5130 2532 5198 πνεύματα,
2566 5129 2658 5182 καὶ
2691 5125 3098 5198 πνευματικά·
3135 5119 3247 5178 οῖον
3271 5123 3364 5178 ἐὰν
3401 5121 3522 5190 λέγῃ
3552 5119 3576 5168 ὁ
3609 5111 3712 5163 Π²ν⁹

2193 5219 2301 5284 λος,
2345 5241 2362 5272 ι
2419 5220 2552 5274 Ἀλλ’
2585 5221 2618 5290 ἡ
2663 5219 2913 5290 ἱκανότης
2951 5217 3106 5289 ἡμῶν
3135 5219 3200 5269 ἐκ
3245 5217 3336 5269 τοῦ
3391 5211 3531 5274 Θεοῦ,
3563 5207 3611 5268 ὃς
3645 5201 3711 5254 κε’-ἶ

2192 5315 2456 5367 ἱκάνωσεν
2484 5311 2630 5384 ἡμᾶς
2657 5311 2936 5375 διακόνους
2965 5311 3175 5380 Καινῆς
3201 5310 3480 5380 Διαθήης,
3503 5307 3552 5360 οὗ
3573 5297 3710 5372 γράμ-

2194 5431 2380 5483 ματος,
2423 5411 2559 5466 ἁλλὲι
2597 5409 2902 5478 πνεύματος
2934 5422 2946 5434 ·
2976 5407 3038 5460 τὸ
3060 5405 3166 5478 γὰρ
3187 5407 3416 5477 γράμμα
3439 5395 3706 5460 ἀποκτείνει,

571 5506 616 5538 ⁸⁸
649 5507 810 5563 Joan.
843 5528 880 5578 ι,
909 5515 941 5566 5
971 5527 1024 5570 et
1057 5517 1140 5572 14.
1217 5521 1262 5554 ‘9
1299 5521 1452 5580 Rom.
1485 5542 1603 5592 vm,
1637 5529 1724 5582 M.
1801 5531 1845 5562 ⁸⁰
1879 5531 2044 5590 llebr.
2085 5553 2105 5590 ιι

2213 5538 2300 5594 ‘29.
2379 5537 2421 5570 "
2463 5537 2477 5590 l
2507 5535 2630 5591 Cor.
2658 5551 2740 5602 ιιι,
2767 5533 2853 5586 12.

572 5662 1072 5756 Ῑξ-ςιξξεξὶβιὶχιε.
1091 5675 1145 5756 in
1175 5687 1323 5756 textu
1357 5683 1562 5752 οὑτοσί,
1592 5698 1688 5754 pro
1719 5702 1828 5756 quo
1859 5687 2086 5747 ρυῑριυε

501 5735 850 5808 scribendum
879 5739 1206 5808 conjiciebat
1233 5749 1446 5808 τούτου.

570 5789 684 5878 (9t)
724 5789 906 5864 eode:
922 5789 1325 5882 ’ὧὲἐξζῖςῦῖιίὲέῗ
1343 5789 1501 5883 fuit).
1536 5827 1688 5899 editi,
1727 5789 1927 5901 συνῄει.

2271 5693 2384 5764 (92)
2422 5692 2988 5764 Οὺσίαιζγάμςιρτίας.
3013 5688 3164 5764 __\_-’ide
3187 5691 3283 5764 lib.
3313 5701 3530 5764 Iv,num.
3561 5679 3674 5764 Ιίςξ.ᾲῖ

2275 5741 2390 5834 “(633
2427 5741 2531 5830 ‘56
2553 5741 2857 5834 ξέςδπιξιιξ
2875 5741 2986 5834 ae;
3009 5741 3288 5834 sesua;
3312 5741 3468 5834 stag.
3491 5764 3562 5833 c.-
3581 5741 3703 5802 ea.

2197 5829 2346 5890 Libri
2374 5829 2679 5900 'vero’editi,
2713 5833 2788 5896 ὡς
2812 5833 2854 5886 δ’
2881 5831 2972 5885 ἐὰν
3009 5831 3234 5902 λέγηται
3265 5833 3390 5900 πῦρ,
3423 5829 3475 5881 οὐ
3505 5829 3648 5890 σῶμα.
