3894 6532
91 398 256 456 ίωδ

1335 395 1614 453 CONTRA
1654 396 1930 452 CELSUM
1967 396 2096 452 LIB.
2138 395 2232 452 Vl.

3237 390 3396 452 “06'

86 519 160 569 τὸ
195 518 255 570 δὲ
281 517 497 588 πνεῦμα
525 520 780 586 ζωοποιεῖ
801 541 815 554 ο
862 542 881 575 ι
931 521 1166 594 γράμμα
1198 521 1294 590 μὲν
1322 523 1420 592 τὴν
1446 519 1706 597 αἰσθητὴν

1820 523 1999 587 menti,
2032 535 2136 574 non
2171 519 2373 584 littera,
2414 519 2509 574 sed
2541 517 2754 588 spiritu.
2779 516 2985 573 Littera
3031 518 3174 573 enim
3225 520 3377 574 occi-

88 607 395 680 ὠνόμασεν
425 611 653 684 ἐκδοχὴν
683 615 790 667 τῶν
816 614 974 668 θείων
1003 612 1364 684 γραμμάτων,
1400 610 1614 682 πνεῦμα
1647 613 1703 665 δὲ

89 701 208 770 τὴν
268 703 483 772 νοητήν.
542 703 698 758 Οῦτω
758 707 935 758 τοίνυν
969 706 1062 758 καὶ
1095 707 1152 757 ἐν
1184 703 1281 774 τῷ,
1343 723 1360 755 ι
1421 704 1636 774 πνεῦμα
1676 705 1704 756 6

89 789 264 856 Θεός.
314 813 332 845 ι
383 794 532 847 Ἐπεὶ
562 797 655 849 καὶ
686 797 958 868 Σαμαρεῖς
989 799 1082 850 καὶ¹
1115 797 1354 851 Ἰουδαῖοι
1382 797 1706 868 σωματικῶς

90 886 205 938 καὶ
231 885 482 949 τυπικῶς
525 886 739 941 ἐποίουν
769 889 837 941 τὰ
870 887 1314 959 προσταττόμενα
1359 887 1462 940 ὑπὸ
1492 887 1586 940 τοῦ
1619 888 1706 940 νό-

95 992 241 1044 μου,
280 971 430 1027 εἶπεν
450 978 478 1028 6
504 976 694 1047 Σωτὴρ
731 977 868 1048 πρὸς
894 977 992 1048 τὴν
1019 978 1368 1048 Σαμαρεῖτιν,
1397 977 1498 1045 ὃτι,
1529 996 1547 1029 ι
1575 979 1706 1049 Ἔρ-

91 1083 266 1134 χεται
330 1066 468 1137 ὥρα,
505 1067 592 1120 ὅτε
626 1067 749 1120 οῦτε
794 1070 851 1120 ἐν
895 1067 1304 1140 Ἰεροσολύμοις,
1369 1067 1489 1121 οὔτε
1539 1071 1596 1121 ὲν
1629 1069 1706 1139 τῷ

89 1156 226 1226 {ipsi
265 1155 440 1227 τούτῳ
490 1159 923 1229 προσκυνήσουσι
966 1158 1072 1227 (94)
1131 1157 1210 1228 τῷ
1243 1158 1440 1230 Πατρί.
1481 1158 1706 1228 Πνεῦμα

90 1246 124 1296 6
163 1245 326 1309 Θεὸς,
361 1247 455 1300 καὶ
486 1249 612 1311 τοὺς
643 1249 1081 1320 προσκυνοῦντας
1128 1251 1292 1304 αὑτὸν
1336 1252 1391 1304 ὲν
1436 1251 1704 1322 πνεύματι

94 1340 204 1391 καὶ
255 1340 486 1412 ἀληθείᾳ
530 1343 609 1394 δεῖ
655 1347 976 1412 προσκυνεῖν
1003 1362 1014 1374 ·
1061 1364 1080 1396 ι
1114 1345 1181 1397 δι’
1221 1337 1294 1397 ὧν
1338 1344 1593 1409 ἐδίδαξεν,
1626 1347 1684 1398 ὅτ

91 1431 208 1482 οὒκ
244 1433 306 1483 ἐν
339 1433 501 1503 σαρκὶ
534 1433 615 1486 δεῖ
648 1439 972 1505 προσκυνεῖν
1027 1438 1120 1490 καὶ
1163 1438 1446 1506 σαρκίναις
1498 1438 1706 1502 Θυσίαις

89 1521 200 1574 τὸν
233 1521 391 1584 Θεὸν,
425 1523 539 1576 ἀλλ’
580 1543 597 1575 ι
635 1527 692 1577 ὲν
721 1525 1009 1596 πνεύματι.
1049 1547 1067 1578 ι
1105 1529 1213 1582 Καὶ
1239 1529 1345 1599 γὰρ
1379 1529 1540 1594 αὐτὸς
1573 1531 1706 1583 ἀνάο

92 1611 268 1679 λογον
303 1616 358 1666 ὲν
394 1614 660 1685 πνεύματι
713 1617 825 1688 (95)
871 1619 963 1671 καὶ
1013 1620 1218 1690 νοητῶς
1268 1620 1548 1692 λατρεύειν
1584 1623 1707 1675 τινὰ

94 1701 263 1772 αὐτῷ
300 1703 512 1773 πνεῦμα
547 1705 762 1777 νοηθείη
799 1707 884 1761 ἄν.
933 1709 1092 1762 ’Λλλά
1142 1712 1235 1763 καὶ
1281 1713 1381 1764 οὐκ
1414 1711 1470 1763 ἐν
1517 1711 1707 1769 τύποις

97 1800 438 1865 προσκυνεῖν
460 1796 539 1848 δεῖ
575 1797 650 1867 τῷ
685 1800 859 1870 Ιιατρὶ
887 1801 1019 1870 (96),
1053 1801 1166 1854 ἀλλ’
1201 1803 1258 1854 ἐν
1303 1803 1553 1874 ἀληθείᾳ,
1586 1805 1706 1874 ἥτις

104 1906 123 1937 ι
167 1887 261 1940 διὰ
309 1887 482 1957 Ἰησοῦ
514 1890 752 1959 Χριστοῦ
801 1891 1055 1958 ἐγένετο,
1101 1913 1118 1946 ι
1163 1895 1301 1964 μετὰ
1339 1914 1357 1945 ι
1401 1895 1462 1947 τὸ
1493 1895 1708 1965 δοοῆναι
1740 1868 1780 1921 Β

96 1975 202 2026 τὸν
237 1977 401 2046 νόμον
430 1977 516 2030 διὰ
548 1979 846 2044 Μωῦσέως.
893 1983 1081 2036 Ἦνίκα
1145 1983 1272 2054 γὰρ,
1315 1983 1408 2037 ἐὰν
1450 1986 1708 2057 ἐπιστρέ-

96 2067 306 2138 ψωμεν
339 2071 472 2140 πρὸς
517 2071 719 2142 Κύριον
754 2074 819 2144 (6
851 2075 908 2127 δὲ
959 2075 1164 2146 Κύριος
1193 2077 1252 2128 τὸ
1275 2075 1493 2148 πνεῦμὰ
1546 2079 1708 2148 ἐστι),

99 2165 478 2232 περιαιρεῖται
524 2164 583 2216 τὸ
635 2167 702 2236 τῇ
766 2167 963 2239 καρδίᾳ
1028 2168 1292 2240 κάλυμμα
1343 2170 1709 2242 ἐπικείμενον,

1810 615 1908 678 dit,
1974 614 2201 685 spiritus
2244 622 2424 668 autem
2472 612 2715 668 viviﬁcat
2749 613 2832 678 3';
2866 631 2885 664 ι
2939 611 3170 666 litteram
3215 620 3379 668 vocat

1811 705 1980 776 686
2027 705 2330 759 divinarum
2391 703 2800 773 Scripturarum
2873 703 3378 773 interpretationem

1806 811 1930 867 quae
1972 797 2223 851 sensibus
2269 795 2751 857 accommodatur;
2784 795 3031 865 spiritum
3068 809 3224 858 vero,
3256 808 3378 848 eam

1807 904 1930 957 quae
1961 888 2028 942 ad
2059 887 2391 943 intellectum
2440 890 2696 957 pertinet.
2731 887 2873 941 Idem
2909 886 3174 954 judicium
3221 886 3381 940 sitde

1807 985 1912 1039 isto
1931 985 2077 1048 loco,
2109 1001 2127 1034 ‹
2163 981 2403 1054 Spiritus
2422 992 2508 1036 est
2536 981 2676 1036 Deus
2706 981 2775 1036 ⁵³.
2818 1000 2835 1032 ι
2875 981 3012 1034 Nam
3035 996 3157 1035 cum
3183 980 3380 1034 Sama-

1808 1076 1970 1130 ritani
1995 1087 2049 1131 et
2075 1075 2244 1130 Judaei
2290 1075 2419 1146 legis
2447 1083 2717 1144 praecepta
2754 1073 3119 1142 corporaliter
3149 1082 3205 1129 et
3245 1073 3384 1143 ligu-

1807 1176 1926 1219 rate
1949 1166 2322 1232 observarent,
2347 1164 2487 1218 dixit
2515 1164 2764 1218 Salvator
2803 1162 3158 1227 Samaritana:
3182 1181 3196 1218 :
3233 1182 3251 1216 ι
3278 1164 3385 1219 Ve-

1807 1256 1886 1310 nit
1931 1256 2063 1310 hora
2110 1257 2328 1325 quando
2375 1269 2550 1324 neque
2583 1255 2637 1309 in
2662 1251 3073 1323 Hierosolymis,
3120 1267 3294 1322 neque
3327 1253 3384 1309 in

1807 1356 1990 1402 monte
2025 1347 2129 1401 hoc
2155 1346 2462 1402 adorabunt
2491 1344 2711 1399 Patrem
2735 1343 2803 1398 5".
2839 1343 3078 1412 Spiritus
3105 1353 3191 1399 est
3217 1345 3382 1408 Deus,

1807 1447 1860 1494 et
1885 1451 2001 1503 eos,
2027 1437 2119 1506 qui
2153 1440 2384 1492 adorant
2411 1450 2557 1500 eum,
2579 1436 2634 1489 in
2662 1435 2857 1502 spiritu
2896 1444 2950 1488 et
2974 1434 3200 1489 veritate
3226 1449 3386 1503 opor-

1809 1541 1886 1585 tet
1909 1531 2140 1585 adorare
2170 1531 2236 1583 '5.
2277 1549 2294 1580 ›
2325 1528 2533 1592 Quibus
2552 1528 2737 1581 docuit
2767 1542 2870 1580 non
2899 1541 3063 1581 carne
3091 1535 3145 1579 et
3171 1527 3386 1580 carneis

1809 1621 2049 1676 victimis
2090 1621 2255 1674 Deum
2302 1619 2586 1673 colendum
2632 1633 2774 1682 esse,
2811 1619 2903 1672 sed
2962 1636 2979 1667 ι
3015 1618 3066 1670 in
3110 1617 3320 1685 spiritu.
3360 1635 3379 1668 ι

1808 1713 1926 1782 Ipse
1951 1714 2094 1767 enim
2129 1713 2534 1767 existimahilur
2563 1726 2683 1766 esse
2715 1710 2962 1778 spiritus,
2995 1720 3156 1779 prout
3193 1709 3386 1778 spiritu

1809 1815 1863 1860 et
1899 1804 2253 1871 intelligentia
2292 1803 2519 1857 coletur.
2549 1803 2732 1871 Neque
2756 1803 2918 1856 etiam
2953 1803 3004 1854 in
3038 1799 3223 1871 ﬁguris
3257 1802 3386 1854 adu~

1815 1912 1938 1952 rare
1959 1897 2172 1950 Patrem
2211 1903 2445 1965 oportet,
2475 1895 2567 1950 sed
2603 1895 2654 1948 in
2687 1896 2937 1959 veritate,
2972 1909 3090 1962 qua:
3121 1913 3139 1944 ‹
3181 1909 3276 1963 per
3301 1891 3392 1947 Je-

1815 2004 1933 2044 sum
1976 1987 2250 2044 Christum
2301 1988 2442 2042 iacta
2475 1996 2558 2042 est
2592 1987 2661 2052 ",
2725 2007 2744 2039 ι
2795 1997 3078 2056 postquam
3123 2004 3142 2036 ι
3176 1987 3262 2040 lex
3295 1999 3392 2056 per

1817 2081 2054 2150 Moysem
2088 2080 2211 2134 data
2247 2080 2425 2135 fuerat
2457 2081 2523 2134 ⁵⁷.
2560 2097 2580 2130 ι
2633 2079 2766 2134 Nam
2803 2096 2822 2129 ι
2865 2093 2991 2132 cum
3016 2079 3393 2133 convertimur

1817 2171 1883 2224 ad
1915 2169 2196 2224 Dominum
2229 2169 2512 2240 (Dominus
2539 2180 2720 2224 autem
2746 2169 2968 2238 spiritus
2993 2176 3122 2236 est),
3149 2166 3395 2222 aufertur

100 2250 280 2318 ἡνίκα
313 2250 378 2304 ἂν
417 2253 853 2325 ἀναγινώσκηται
887 2258 1144 2326 Μωῦσῆς.
1191 2277 1208 2308 ι

197 2327 287 2403 Ὠς
325 2342 398 2413 μὴ
431 2345 630 2413 νοήσας
690 2345 754 2415 δὴ
815 2345 884 2398 τὰ
939 2348 1064 2417 περὶ
1108 2347 1203 2400 τοῦ
1248 2349 1562 2419 Πνεύματος
1615 2348 1706 2402 τοῦ

100 2431 250 2486 Θεοῦ
286 2435 314 2485 ὁ
343 2433 548 2497 Κέλσος
583 2436 601 2504 (
642 2453 659 2486 ι
693 2437 923 2506 ψυχικὸς
954 2439 1062 2509 γὰρ
1086 2439 1372 2510 ἄνθρωπος
1404 2443 1462 2494 ού
1496 2441 1708 2512 δέχεταί

98 2525 178 2576 τὰ
212 2523 310 2577 τοῦ
345 2526 660 2596 Πνεύματος
690 2529 783 2582 τοῦ
813 2530 945 2583 Θεοῦ
972 2549 985 2560 ·
1025 2532 1203 2602 μωρία
1236 2532 1345 2604 γὰρ
1378 2533 1526 2603 αὐτῷ
1569 2537 1708 2600 ἐστι,

102 2616 207 2668 καὶ
241 2617 306 2669 οὐ
337 2617 557 2672 δύναται
607 2619 838 2687 γνῶναι,
882 2623 965 2675 ὅτι
998 2624 1381 2694 πνευματικῶς
1430 2627 1716 2698 ἀνακρίνε-

102 2707 224 2777 ται)
265 2727 288 2761 ›
324 2709 500 2780 ἐαυτῷ
537 2712 795 2766 συνάπτει
831 2714 1226 2786 (97),οίόμενος
1259 2718 1426 2787 ἡμᾶς,
1461 2719 1714 2787 λέγοντας

105 2801 336 2870 πνεῦμα
394 2798 530 2854 εἶναι
575 2803 666 2856 τὸν
720 2804 872 2868 Θεὸν,
931 2806 1093 2878 μηδὲν
1125 2809 1182 2860 ὲν
1212 2809 1386 2880 τούτῳ
1435 2811 1714 2882 διαφέρειν

105 2895 222 2948 τῶν
259 2898 388 2967 παρ’
426 2897 648 2967 Ἕλλησι
689 2899 940 2952 Στωϊκῶν
974 2899 1123 2969 (98),
1163 2903 1515 2970 φασκόντων,
1563 2904 1642 2956 ὅτι
1688 2906 1716 2957 6

106 2987 251 3049 Θεὸς
288 2986 507 3058 πνεῦμά
534 2990 648 3040 ἐστι
676 2989 763 3041 διὰ
797 2991 1014 3044 πάντων
1059 2993 1368 3062 διεληλυθὸς
1392 3033 1405 3056 ,
1437 2995 1529 3046 καὶ
1560 2996 1714 3048 πάντ’

107 3083 174 3132 ἐν
201 3078 382 3149 ἑαυτῷ
431 3097 496 3132 πε
511 3082 706 3151 ριέχον.
756 3084 944 3152 Διήκει
981 3083 1078 3153 μὲν
1108 3083 1217 3155 γὰρ
1251 3087 1283 3155 ἡ
1319 3087 1590 3158 ὲπισκοπὴ
1623 3087 1716 3139 καὶ

109 3173 146 3241 ἡ
178 3172 404 3241 πρόνοια
435 3172 528 3225 τοῦ
559 3174 692 3226 Θεοῦ
723 3174 808 3227 διὰ
839 3176 1078 3239 πάντων,
1127 3177 1240 3229 ἀλλ’
1273 3178 1372 3248 οὐχ
1410 3178 1485 3240 ὡς
1517 3179 1576 3230 τὸ
1608 3178 1711 3232 τῶν

1820 3171 2068 3240 pervadit
2109 3172 2315 3234 omnia,
2346 3171 2440 3224 sed
2473 3186 2579 3226 non
2615 3181 2672 3225 ut
2704 3172 3012 3226 Stoicorum
3044 3173 3268 3241 spiritus
3296 3190 3310 3237 ;
3342 3183 3398 3229 et

111 3265 375 3316 Στωϊκῶν
406 3266 622 3336 πνεῦμα
641 3283 654 3296 ·
700 3268 793 3320 καὶ
823 3268 998 3322 πάντα
1034 3269 1131 3338 μὲν
1157 3269 1396 3340 περιέχει
1427 3269 1494 3322 τὰ
1527 3288 1711 3341 προνο-

1820 3260 2159 3329 providentia
2194 3260 2410 3329 quidem
2458 3263 2705 3316 continet
2745 3264 2930 3318 omnia
2983 3265 3182 3332 quibus
3213 3265 3396 3334 provi-

109 3355 328 3426 ούμενα
374 3359 408 3427 ἡ
453 3359 698 3428 πρόνοια,
743 3360 838 3412 καὶ
892 3361 1241 3430 περιείληφεν
1293 3362 1461 3416 αὐτὰ·
1505 3363 1602 3432 οὐχ
1641 3363 1711 3426 ὡς

1821 3357 1932 3418 det,
1962 3363 2014 3407 et
2038 3369 2100 3408 ea
2128 3355 2543 3423 comprehendit
2573 3372 2587 3420 ;
2629 3356 2722 3409 sed
2756 3371 2860 3410 non
2898 3365 2956 3410 ut
3002 3371 3198 3424 corpus
3227 3355 3400 3409 conti-

1817 2260 2063 2315 velamen
2091 2261 2324 2329 positum
2344 2277 2509 2331 super
2533 2276 2648 2325 cor,
2675 2276 2798 2314 cum
2827 2261 3024 2331 legitur
3054 2260 3266 2330 Moyses
3286 2261 3388 2313 ⁵⁸.»

1889 2353 1980 2405 71.
2003 2352 2341 2423 Quapropter
2361 2369 2485 2408 cum
2533 2370 2596 2408 ea
2637 2370 2758 2423 quae
2786 2355 2850 2409 de
2881 2353 3086 2423 Spiritu
3120 2352 3212 2406 Dei
3251 2352 3393 2406 dicta

1817 2455 1963 2510 sunt,
1990 2459 2096 2499 non
2127 2445 2454 2515 intelligeret
2482 2445 2670 2501 Celsus
2696 2445 2844 2518 (nam
2885 2464 2902 2496 ι
2935 2443 3186 2498 animalis
3233 2446 3394 2498 homo

1816 2552 1922 2591 non
1972 2537 2202 2605 percipit
2253 2553 2317 2592 ea
2352 2554 2470 2606 quae
2521 2546 2647 2592 sunt
2703 2537 2929 2606 spiritus
2972 2537 3107 2600 Dei;
3159 2535 3394 2591 stultitia

1817 2628 1960 2683 enim
1995 2637 2080 2680 est
2111 2626 2210 2692 illi,
2244 2635 2299 2680 et
2345 2643 2452 2681 non
2488 2635 2664 2696 potest
2701 2625 3026 2695 intelligere,
3073 2625 3200 2694 quia
3232 2624 3396 2692 spiri-

1819 2717 2043 2771 tualiter
2073 2716 2419 2770 examinatur
2445 2717 2512 2783 '9)
2540 2732 2554 2780 ;
2601 2735 2618 2767 ι
2649 2714 2860 2784 colligit
2888 2729 2953 2768 ex
2989 2729 3054 2767 eo
3082 2713 3224 2780 quod
3261 2712 3397 2766 dici-

1819 2822 1937 2862 mus
1967 2808 2220 2877 spiritum
2255 2821 2376 2862 esse
2425 2809 2617 2870 Demn,
2648 2807 2782 2860 nihil
2824 2822 2922 2860 nos
2973 2807 3077 2860 hac
3109 2806 3160 2858 in
3198 2819 3257 2858 re
3297 2803 3398 2857 dif-

1821 2900 1960 2954 ferre
1989 2915 2018 2954 a
2051 2897 2275 2963 Stoicis,
2301 2899 2391 2967 qui
2428 2901 2567 2967 apud
2597 2898 2814 2953 Graecos
2845 2899 3040 2952 docent
3073 2900 3244 2952 Deum
3276 2911 3397 2952 esse

1819 2986 2066 3055 spiritum
2119 2986 2300 3040 omnia
2354 2997 2728 3056 pertneantem
2761 2997 2816 3042 et
2843 2987 3024 3041 omnia
3070 2987 3124 3040 in
3157 3001 3217 3041 se
3245 3001 3396 3041 com-

1821 3078 2270 3147 prehendentem.
2331 3078 2471 3133 Cura
2526 3079 2743 3148 quidem
2791 3088 2845 3134 et
2890 3081 3228 3150 providentia
3299 3079 3395 3136 Dei

115 3447 283 3516 σῶμα
305 3447 362 3500 δὲ
389 3450 640 3520 περιέχον
670 3451 932 3522 περιέχει,
967 3453 1047 3504 ὅτι
1073 3453 1166 3505 καὶ
1202 3453 1362 3523 σῶμά
1390 3453 1496 3523 (99)
1524 3456 1637 3506 ἐστι
1656 3454 1716 3506 τὸ

113 3539 534 3610 περιεχόμενον
572 3541 685 3594 ἀλλ’
719 3544 795 3606 ὡς
827 3543 1056 3615 δύναμις
1083 3545 1200 3598 Θεία
1221 3545 1313 3598 καὶ
1334 3547 1714 3618 περιειληφυῖα

110 3629 187 3680 τὰ
245 3630 626 3700 περιεχόμενα.
700 3633 857 3686 Κατὰ
935 3635 1032 3706 μὲν
1097 3629 1189 3688 οῦν
1248 3636 1374 3698 τοὺς
1448 3636 1555 3688 ἀπὸ
1616 3635 1716 3706 τῆς

113 3725 294 3786 Στοᾶς
328 3724 401 3794 (-l)
439 3725 758 3795 σωματικὰς
787 3727 1040 3795 λέγοντας
1078 3723 1212 3781 εἶναι
1248 3729 1346 3792 τὰς
1379 3730 1586 3800 ἀρχὰς,
1624 3732 1716 3783 καὶ

113 3816 208 3868 διὰ
260 3815 419 3870 τοῦτο
454 3820 629 3872 πάντα
673 3819 1027 3891 φθείροντας,
1086 3821 1492 3886 κινδυνεύοντας
1526 3823 1582 3875 δὲ
1623 3824 1717 3876 καὶ

116 3909 285 3961 αὑτὸν
319 3907 535 3978 φθεῖραι
568 3910 658 3962 τὸν
689 3911 780 3962 ἐπὶ
810 3911 940 3963 πᾶσι
972 3911 1127 3973 Θεὸν,
1161 3914 1207 3964 εί
1245 3911 1318 3986 μὴ
1353 3913 1495 3966 πάνυ
1532 3913 1714 3982 ἀπεμ-

117 4003 312 4068 ιραῖνον
361 3999 504 4051 τοῦτ’
538 4001 718 4064 αὐτοῖς
763 4001 936 4054 ἐδόκει
977 4003 1267 4072 τυγχάνειν
1291 4045 1304 4066 ,
1360 4006 1452 4057 καὶ
1486 4006 1513 4056 6
1547 4006 1716 4073 Λόγος

115 4093 215 4146 τοῦ
240 4093 402 4158 Θεοῦ,
431 4097 460 4148 6
493 4096 652 4165 μέχρι
697 4096 999 4166 ἀνθρώπων
1033 4097 1122 4150 καὶ
1155 4098 1263 4150 τῶν
1297 4097 1590 4167 ἐλαχίστων
1621 4115 1718 4150 κα-

117 4185 425 4249 ταϐαίνων,
470 4187 620 4241 οὐδὲν
647 4187 773 4241 ἄλλο
805 4191 980 4254 ἐστὶν,
1026 4189 1057 4260 ἢ
1106 4189 1322 4260 πνεῦμα
1368 4190 1674 4260 σωματικόν
1701 4208 1713 4220 ·

118 4277 264 4328 κατὰ
293 4276 351 4328 δὲ
386 4278 552 4347 ἡμᾶς,
611 4279 702 4330 καὶ
742 4277 838 4348 τὴν
877 4279 1099 4350 λογικὴν
1137 4279 1312 4350 ψυχὴν
1348 4280 1716 4350 πειρωμένους

116 4368 504 4422 ἀποδεικνύναι
552 4371 834 4440 κρείττονα
884 4373 1063 4442 πάσης
1119 4373 1438 4443 σωματικῆς
1481 4372 1714 4441 φύσεως,

116 4458 216 4512 καί⁹
249 4458 437 4510 οὐσίαν
471 4459 700 4529 ἀόρατον
733 4462 824 4512 καὶ
856 4461 1164 4532 ἀσώματον,
1199 4463 1300 4514 οὐκ
1338 4461 1402 4516 ἂν
1436 4463 1595 4533 σῶμα
1627 4463 1711 4534 εἴη

115 4551 148 4603 ὁ
192 4550 326 4614 θεὸς
385 4552 575 4621 Λόγος,
610 4552 674 4605 δι’
717 4546 777 4605 οὗ
830 4554 898 4606 τὰ
931 4555 1107 4608 πάντα
1139 4556 1375 4624 ἐγένετο,
1409 4557 1436 4607 ὁ
1478 4555 1714 4623 φθάνων.

119 4641 212 4696 ἵνα
270 4643 446 4696 πάντα
477 4644 563 4696 διὰ
596 4643 756 4713 λόγου
815 4646 1082 4716 γένηται,
1125 4647 1224 4718 οὐχ
1269 4646 1374 4708 ἕως
1417 4646 1718 4717 ἀνθρώπων

1821 3460 1954 3497 nens
1979 3445 2028 3498 id
2056 3446 2196 3514 quod
2239 3456 2294 3500 et
2322 3447 2492 3515 ipsum
2524 3461 2723 3515 corpus
2764 3456 2846 3502 est
2880 3465 2894 3512 ;
2927 3449 3022 3502 sed
3058 3456 3113 3501 ut
3157 3456 3400 3518 potestas

1819 3537 1998 3589 divina
2026 3551 2148 3604 quae
2178 3538 2560 3605 complectitur
2592 3538 2855 3608 quidquid
2886 3540 2998 3608 ipsa
3043 3539 3401 3607 comprehen-

1819 3629 1986 3682 ditur.
2016 3629 2185 3699 Igitur
2207 3631 2250 3683 si
2280 3631 2412 3684 iides
2438 3639 2520 3685 est
2551 3631 2773 3693 Stoicis,
2804 3632 2895 3701 qui
2923 3630 3189 3700 principia
3209 3630 3401 3685 dicunt

1820 3735 1941 3775 esse
1971 3736 2236 3793 corporea
2269 3732 2325 3776 et
2355 3734 2643 3792 propterea
2680 3725 3012 3794 corruptioni
3057 3725 3238 3778 omnia
3272 3723 3400 3779 sub-

1814 3810 2023 3879 jacere,
2065 3815 2268 3884 quique
2298 3830 2366 3870 ne
2401 3830 2678 3870 summum
2721 3815 2937 3883 quidem
2985 3816 3155 3871 Deum
3201 3817 3272 3871 ab
3310 3817 3401 3871 illa

1820 3905 2174 3974 corruptione
2202 3906 2530 3972 eximerent,
2564 3906 2666 3961 nisi
2699 3906 2807 3961 illis
2841 3907 2981 3961 istud
3017 3908 3179 3963 nimis
3207 3909 3402 3963 absur-

1821 3996 1947 4047 dmn
1979 4010 2098 4048 esse
2124 3995 2424 4061 videretur,
2460 3997 2634 4066 ipsum
2671 3995 2762 4050 Dei
2796 3995 3032 4050 Verbum
3064 3997 3205 4066 quod
3233 4013 3402 4066 usque

1821 4088 1886 4138 ad
1914 4086 2163 4139 homines
2192 4097 2246 4140 et
2266 4088 2331 4139 ad
2360 4102 2453 4142 res
2489 4088 2742 4142 minimas
2765 4089 3066 4151 descendit,
3099 4087 3231 4142 nihil
3256 4088 3402 4142 aliud

1821 4186 2086 4246 estquam
2119 4193 2414 4247 corporeus
2451 4180 2700 4248 spiritus.
2745 4181 2817 4233 At
2845 4195 2911 4234 ex
2944 4179 3126 4244 nobis,
3173 4181 3264 4248 qui
3310 4181 3404 4234 dc-

1823 4277 2128 4321 monstrare
2149 4282 2417 4322 conamur
2442 4270 2678 4322 animam
2710 4270 2922 4323 ratione
2947 4271 3226 4336 praeditam
3253 4271 3398 4324 omni

1823 4369 2031 4413 natura:
2065 4374 2344 4428 corporea:
2383 4360 2707 4415 antecellere
2739 4371 2794 4414 et
2825 4361 3186 4416 substantiam
3220 4363 3402 4416 invisi-

1821 4452 1984 4504 lttilem
2032 4465 2158 4506 esse
2201 4459 2362 4519 atque
2411 4451 2833 4521 incorporalem,
2872 4453 3095 4506 multum
3143 4451 3292 4506 abest
3343 4463 3402 4506 ut

1822 4559 2019 4612 corpus
2049 4543 2120 4596 sit
2153 4542 2294 4598 Deus
2323 4541 2581 4610 Verbum,
2621 4559 2718 4612 per
2747 4560 2906 4615 quem
2945 4545 3084 4598 facta
3136 4554 3260 4599 sunt
3285 4562 3402 4599 om-

1825 4637 1935 4698 nia,
1969 4637 2194 4704 quique,
2227 4645 2283 4687 ιιι
2309 4637 2488 4689 omnia
2538 4639 2749 4692 ratione
2793 4640 3007 4701 ﬁerent,
3039 4654 3276 4707 prtesens
3311 4641 3403 4692 ad.

120 4732 303 4802 μόνων
330 4731 427 4800 ('2),
464 4732 596 4786 ἀλλὰ
630 4737 724 4787 καὶ
771 4734 878 4787 τῶν
913 4737 1208 4806 ἐλαχίστων
1244 4732 1382 4789 εἶναι
1431 4737 1711 4806 νομιζομέ-

1827 4728 1929 4782 fuit
1962 4746 2066 4784 non
2099 4726 2409 4785 hominibus
2441 4738 2676 4796 tantum,
2734 4732 2826 4784 sed
2862 4740 2916 4784 et
2955 4732 3116 4784 rebus
3151 4747 3271 4801 qua:
3305 4747 3403 4800 pro

116 4839 227 4875 νων
260 4823 355 4874 καὶ
380 4824 483 4876 ὑπὸ
518 4824 730 4892 φύσεως
761 4824 1161 4897 διοικουμένων.
1202 4828 1386 4880 Πάντα
1425 4829 1521 4898 μὲν
1553 4823 1645 4880 οὖν
1666 4836 1717 4886 οἱ

116 4915 229 4967 ἀπὸ
246 4914 347 4983 τῆς
376 4916 544 4978 Στοᾶς
566 4917 639 4986 (5)
672 4917 1112 4989 ἐκπυρούτωσανο
1149 4921 1307 4989 ἡμεῖς
1330 4919 1386 4972 δὲ
1422 4918 1714 4988 ἀσώματον

113 5006 309 5057 οὐσίαν
341 5006 440 5059 οὐκ
474 5009 630 5078 ίσμεν
660 5010 1096 5081 ὲκπυρουμένην,
1126 5011 1234 5062 οὐδ’
1269 5012 1347 5073 εἰς
1375 5011 1481 5082 πῦρ
1505 5010 1720 5063 ἀναλυο-

121 5099 297 5169 μένην
321 5101 418 5172 τὴν
449 5101 736 5172 ἀνθρώπου
765 5103 940 5174 ψυχὴν
965 5146 978 5170 ,
1015 5104 1046 5174 ἢ
1089 5104 1186 5174 τὴν
1231 5103 1496 5172 ἀγγέλων,
1534 5104 1566 5174 ἢ
1595 5103 1720 5175 θρό-

194 5217 243 5248 "
276 5214 316 5268 ll
348 5217 472 5274 Cor.
503 5234 586 5279 Ill,
615 5219 668 5280 5,
696 5220 748 5274 6.
857 5222 903 5253 ⁸³
935 5220 1090 5274 Joan.
1122 5238 1194 5284 ιν,
1227 5221 1320 5276 24.

121 5290 256 5343 Cor.
284 5303 364 5349 ιιι,
397 5288 480 5355 16,
511 5290 598 5354 17,
635 5291 720 5344 15.
816 5292 861 5323 ⁵⁹
897 5293 910 5344 Ι
945 5292 1070 5346 Cor.
1101 5309 1159 5356 ιι,
1192 5293 1278 5346 14.

346 5407 599 5480 Vulgata,
635 5412 1070 5480 προσκυνήσετε.

199 5475 314 5552 (95)
367 5475 1119 5552 Ra‘ﬁloroférzreéyan.
1155 5481 1299 5552 Lego
1345 5497 1469 5535 cum
1519 5482 1718 5537 Guicto

123 5557 184 5601 et
209 5547 504 5623 [Balterello
537 5550 912 5623 (διάλογοντῷ
942 5547 998 5604 ἔν
1031 5547 1326 5623 πνεύματι.

349 5617 507 5695 ῌδε.,
539 5617 1114 5695 Πατρίς.-ι.ἰ1ι[).-ιιιιιριι
1148 5617 1277 5678 εἰΙὶιὶ
1300 5667 1314 5685 ,
1340 5623 1642 5695 Πνεύματι.

204 5688 320 5829 (97;
345 5688 671 5746 Συνὰπτειξ
707 5691 886 5746 Mallet
915 5693 1162 5757 Guietus,
1198 5694 1432 5765 συνᾴδει.
1464 5734 1469 5739 -

204 5758 298 5828 (98
353 5760 642 5816 Στωϊκῶν.
686 5761 815 5820 Vide
854 5763 947 5820 lib.
998 5779 1058 5819 ιιι
1094 5807 1106 5829 ,
1144 5781 1292 5820 ιιιιιιι.
1340 5765 1443 5829 Ἠ;

203 5758 642 5833 (θῶ-Στωϊκῶν.
686 5761 815 5820 Vide
854 5763 947 5820 lib.
998 5779 1058 5819 ιιι
1094 5807 1106 5833 ,
1144 5758 1443 5833 ιιιιιιι.’71;
1505 5765 1598 5821 lib.
1643 5782 1716 5832 tv,

128 5845 283 5885 ιιυιιι.
309 5830 378 5885 14
408 5839 462 5886 et
494 5831 583 5886 68.

1427 5221 1471 5252 5"
1504 5221 1656 5276 Joan.
1709 5239 1779 5288 Iv,
1806 5223 1897 5275 ει.

1833 4824 2068 4877 minimis
2093 4824 2359 4878 habentur
2383 4833 2479 4878 eta
2501 4831 2694 4876 natura
2715 4823 3182 4877 administrantur.
3203 4824 3404 4890 Quam-

1827 4919 2016 4973 obrem
2043 4920 2224 4973 omnia
2253 4919 2376 4988 igne
2415 4915 2783 4973 consumenda
2818 4929 2938 4971 esse
2985 4917 3152 4971 velint
3187 4915 3352 4972 Stoici
3386 4935 3404 4980 ς

1831 5025 1930 5064 nos
1952 5025 2080 5064 vero
2103 5026 2206 5064 non
2234 5011 2508 5064 credimus
2535 5007 2660 5077 igne
2704 5009 3096 5064 absumendatn
3128 5024 3248 5063 esse
3275 5009 3406 5064 sub-

1831 5103 2088 5156 stantiam
2117 5103 2538 5171 incorporalem,
2582 5116 2755 5170 neque
2787 5103 2838 5155 in
2875 5102 3052 5170 ignem
3088 5101 3404 5166 solvendam

2004 5221 2049 5252 ⁸⁸
2084 5221 2212 5276 ibid.
2241 5220 2332 5274 24.
2433 5220 2478 5250 ⁸⁸
2524 5219 2680 5273 Joan.
2713 5235 2750 5285 ι,
2787 5217 2868 5271 l7.
2985 5218 3028 5248 ⁸⁷
3056 5217 3185 5271 ibid.
3275 5218 3320 5249 ⁸⁸
3364 5214 3405 5271 ιι

1897 5411 2010 5477 (99)
2047 5409 2218 5463 Codd.
2255 5407 2387 5476 Reg.
2423 5419 2474 5459 el
2514 5405 2844 5477 Basjleeinsis
2868 5405 3002 5477 ,ὅτε
3031 5402 3124 5456 καὶ
3155 5401 3334 5477 σῶμα.

1849 5471 1970 5562 ..(1)
1996 5471 2150 5544 ’Τοὺς
2183 5471 2448 5562 ἀπριὶῆς
2481 5475 2690 5562 ξςοίῖς.
2724 5475 2855 5527 Vide
2891 5476 2983 5562 iii).
3020 5471 3260 5562 “unum.
3301 5471 3403 5541 είς

1823 5545 1922 5606 lib.
1955 5545 2045 5610 ιιι,
2085 5565 2233 5603 ιιιιιιι.
2266 5547 2354 5612 74,
2394 5558 2448 5600 et
2486 5548 2675 5611 lib.|v,
2702 5560 2854 5599 num.
2890 5545 2955 5598 H
2981 5553 3036 5598 et
3064 5545 3154 5598 68.

1896 5620 1974 5689 (2)
2003 5619 2172 5673 Codd.
2208 5617 2340 5686 Reg.
2368 5627 2422 5669 et
2445 5615 2636 5681 Basil.,
2670 5615 2848 5685 μόνον.
2881 5613 3046 5667 Paulo
3071 5622 3189 5682 post
3219 5613 3406 5668 mallet

1824 5689 2171 5746 Bollerellus.
2232 5684 2604 5746 νομιζομένων
2652 5685 2758 5738 τῶν
2791 5685 2895 5738 ὑπὸ
2928 5683 3142 5746 φύσεως
3179 5684 3406 5738 διοικου-

1869 5699 2171 5755 ollerellus,
2232 5699 2604 5758 νομιςομενων
2652 5703 2758 5738 των
2791 5699 2895 5738 orto
2928 5702 3142 5754 φύσεως
3179 5699 3409 5738 οιοικουτ

1872 5762 1911 5798 ἐς

1829 5779 2067 5904 ﬂagra
2100 5827 2352 5904 dadrfiq
2381 5827 2585 5895 Στοᾶς.
2623 5825 2761 5884 Vide
2788 5826 2883 5883 lib.
2925 5843 2976 5896 ν,
3013 5841 3164 5881 num.
3197 5823 3291 5879 20.
