3846 6406
572 365 712 424 NO?

2023 357 2346 416 ORIGE‘NIS

3667 362 3683 415 l
3693 362 3760 418 iOS

569 497 690 542 esse
717 485 1009 540 humanam
1035 481 1299 547 animam,
1326 487 1418 535 aut
1442 478 1782 550 angelorum,
1816 477 2119 534 dominatio

2250 492 2375 540 νων,
2400 474 2431 545 ἢ
2459 473 2816 545 κυριοτήτων,
2841 475 2873 545 ἢ
2899 473 3102 545 ἀρχῶν,
3130 476 3162 546 ἦ
3203 475 3453 541 ἐξουσιῶν
3501 477 3758 536 ὑπόστασιν.

571 591 726 639 num,
762 575 1186 644 principatuum,
1225 582 1554 642 potestatum
1586 581 1856 625 naturam.

637 667 802 739 687
827 666 915 724 72.
947 666 1127 733 Quare
1157 663 1318 720 Celso
1363 663 1626 720 nescienti
1658 677 1779 733 quae
1825 671 1952 717 sunt
1989 663 2144 732 spiri-

567 764 658 814 tus
694 758 808 824 Dei,
835 757 1035 813 frustra
1073 758 1218 813 dicta
1249 767 1370 812 sunt
1402 757 1560 812 haec:
1601 773 1622 806 ι
1653 755 1918 822 Quoniam
1969 753 2143 810 Filius

565 849 619 904 in
647 849 882 906 humano
905 861 1069 905 natus
1101 865 1332 920 corpore
1353 849 1579 921 spiritus
1601 860 1683 904 est
1718 864 1748 901 a
1786 846 1894 903 Deo
1919 848 2138 912 missus,

566 955 664 995 nec
717 941 832 1009 ipse
891 941 987 996 Dei
1052 943 1222 998 Filius
1282 941 1609 998 immortalis
1676 955 1798 996 esse
1855 942 2073 1010 poterit.
2116 962 2133 993 ι

563 1031 770 1089 Deinde
822 1050 1014 1090 rursus
1059 1052 1216 1090 suum
1265 1036 1379 1104 ipse
1431 1049 1738 1089 sermonem
1777 1034 2136 1098 confundens.

560 1125 714 1192 quasi
743 1141 773 1180 e
805 1128 1003 1183 nostris
1035 1129 1257 1196 quidam
1295 1136 1479 1182 essent
1523 1129 1614 1195 qui
1658 1144 1762 1184 non
1803 1130 1992 1211 Deum,
2043 1131 2138 1184 sed

561 1215 755 1271 Filium
795 1219 912 1286 ejus
943 1219 1195 1288 spiritum
1238 1234 1358 1275 esse
1391 1221 1800 1289 profiterentur,
1847 1223 1915 1277 iis
1944 1239 2136 1278 occur-

557 1321 680 1361 rere
713 1309 813 1364 sibi
843 1310 1078 1375 videtur,
1109 1311 1361 1376 dicendo,
1400 1329 1419 1364 ι
1462 1311 1662 1365 nullam
1707 1313 1935 1382 spiritus
1980 1327 2135 1368 natu-

558 1410 674 1451 ram
697 1413 818 1453 esse
843 1400 1144 1468 hujusmodi
1177 1418 1296 1472 qum
1319 1417 1532 1471 semper
1559 1414 1892 1472 permaneat.
1934 1425 1950 1456 ι
1983 1406 2133 1473 Quod

555 1487 698 1543 idem
726 1500 807 1546 est
831 1507 894 1547 ac
933 1494 976 1548 si
1019 1495 1177 1555 nobis
1223 1497 1391 1550 Deum
1440 1496 1759 1551 vocantibus
1789 1498 1972 1567 ignem
2005 1517 2135 1556 eon-

554 1590 884 1646 sumentem,
944 1583 1208 1652 objiceret
1259 1587 1465 1642 nullam
1521 1591 1663 1659 ignis
1717 1603 1968 1647 naturam
2013 1609 2132 1650 esse

552 1669 811 1738 ejusmodi
858 1689 979 1744 qua:
1037 1686 1353 1744 permaneat
1401 1693 1656 1749 semper;
1716 1699 1823 1738 non
1880 1684 2129 1738 animad-

551 1769 771 1816 vertens
822 1777 921 1818 nee
954 1780 1060 1834 quo
1097 1781 1259 1821 sensu
1297 1767 1462 1823 Deum
1511 1779 1756 1825 nostrmn
1797 1775 2128 1842 appellemus

551 1850 752 1919 ignem,
793 1869 894 1909 nec
931 1871 1178 1924 quanam
1231 1857 1342 1913 sint
1383 1875 1470 1914 res
1516 1862 1621 1916 illa:
1653 1879 1791 1932 quas
1836 1869 2130 1928 eonsum't,

552 1941 808 1998 nimirum
847 1957 1069 2015 peccata
1097 1956 1153 2002 ct
1188 1950 1400 2003 vitium.
1441 1951 1647 2006 Bonum
1677 1956 1819 2008 enim
1848 1955 2012 2010 Deum
2036 1958 2132 2011 de-

549 2041 640 2087 eet
674 2045 957 2105 postquam
1003 2041 1335 2096 athletarum
1379 2045 1612 2115 quisque
1648 2048 1910 2102 certando
1950 2050 2130 2117 qualis

549 2125 621 2179 sit
645 2127 992 2184 manifestum
1033 2130 1244 2196 fecerit,
1283 2135 1407 2189 vilia
1437 2149 1722 2204 paluarum
1772 2138 1896 2208 igne
1933 2154 2132 2193 consu-

551 2230 722 2273 mere.
766 2217 975 2276 Rursus
1017 2225 1211 2292 arripit
1259 2227 1363 2280 sibi
1412 2229 1554 2295 quod
1607 2229 1831 2284 minime
1875 2231 2127 2294 dicimus,

551 2322 748 2381 nempe
805 2332 823 2365 ι
857 2318 1224 2372 necessarimn
1285 2316 1487 2384 fuisse,
1535 2329 1592 2374 ut
1640 2320 1797 2377 Jesus
1849 2324 2129 2379 moriendo

550 2401 717 2457 Deum
760 2405 1009 2472 efﬂaret;
1064 2409 1204 2463 unde
1248 2424 1591 2478 consequens
1641 2422 1723 2467 cst
1776 2411 1963 2468 Jesum
2023 2428 2127 2467 non

545 2495 788 2562 patuisse
821 2511 940 2551 cum
967 2514 1194 2568 corpore
1231 2514 1538 2567 resurgere.
1582 2499 1767 2570 Neque
1807 2502 1952 2556 enim
1986 2501 2129 2555 Deus

547 2587 840 2656 recepisset
864 2605 1025 2658 quem
1065 2591 1582 2662 dederatspiritum,
1609 2595 1653 2648 si
1693 2595 1736 2648 is
1775 2604 1971 2647 natura
2006 2608 2127 2648 cor-

545 2680 692 2748 poris
733 2683 1134 2738 contamiuatus
1173 2683 1385 2739 fuisset.
1425 2705 1442 2737 ο
1499 2688 1576 2740 Ad
1629 2687 1744 2740 haec
1795 2686 1959 2754 igitur
2003 2699 2125 2740 eum

546 2780 731 2826 nostra
759 2788 865 2828 non
894 2776 1022 2841 sint,
1062 2778 1284 2833 stultum
1331 2791 1474 2836 esset
1520 2781 1674 2850 quasi
1707 2780 1771 2833 ad
1817 2788 2000 2835 nostra
2038 2794 2123 2834 re-

545 2865 834 2931 spendere.

617 2955 706 3012 73.
739 2958 983 3016 Posthmc
1013 2962 1200 3016 eadem
1228 2965 1434 3018 iterans
1465 2963 1604 3018 redit
1629 2963 1896 3017 adortum
1927 2960 2022 3015 Dei
2057 2976 2125 3016 ex

547 3046 771 3120 Virgine
801 3051 853 3105 in
889 3066 1048 3120 quem
1086 3054 1198 3122 jam
1244 3069 1408 3124 supra
1437 3057 1602 3108 multa
1651 3055 1908 3108 disseruit
1949 3056 2122 3109 dicte-

2320 658 2515 728 Διόπερ
2564 657 2757 730 ζμάτην
2820 659 3066 716 λέλεκται
3121 661 3220 732 τῷ
3259 661 3468 732 Κέλσῳ,
3502 661 3572 725 ὡς
3618 665 3761 734 μήείο

2242 749 2350 802 δότι
2404 749 2474 802 τὰ
2520 749 2611 802 τοῦ
2665 750 2978 821 Πνεύματος
3009 753 3102 806 τοῦ
3148 753 3306 816 Θεοῦ,
3354 755 3454 813 ὅτι,
3491 774 3509 806 ι
3555 757 3758 831 Ἐπείπερ

2244 838 2460 909 πνεῦμά
2489 841 2632 892 ἐστιν
2663 841 2770 893 ἀπὸ
2803 842 2896 894 τοῦ
2931 843 3064 896 Θεοῦ
3085 846 3112 897 ὁ
3138 844 3264 908 Υἱὸς
3299 846 3356 897 ἐν
3387 845 3680 918 ἀνθρωπίνῳ
3697 867 3758 918 γε-

2242 935 2414 1005 γονὼς
2471 934 2703 1006 σώματι,
2765 937 2874 990 οὐδ’
2927 940 2992 992 ἂν
3046 941 3205 1004 αὐτὸς
3239 943 3323 1012 εἴη
3371 942 3661 1008 ἀθάνατοςὸ
3692 949 3755 1001 τοῦ

2238 1028 2373 1081 Θεοῦ
2421 1029 2565 1093 Υἱός.
2606 1050 2623 1081 ι
2665 1025 2793 1084 Εἶτα
2825 1031 2985 1085 πάλιν
3014 1034 3191 1104 ἑαυτῷ
3223 1034 3381 1106 φύρει
3414 1036 3670 1104 τὸνλόγον,
3705 1039 3756 1101 ὧς

2237 1139 2398 1176 τινων
2427 1123 2518 1192 ἀφ’
2543 1128 2574 1194 ή
2585 1123 2702 1194 μῶν
2730 1126 2826 1195 οὐχ
2851 1126 3302 1198 ὁμολογησάντων
3325 1129 3400 1199 (τί)
3430 1129 3622 1200 πνεῦμα
3654 1128 3753 1184 εἶναι

2236 1215 2328 1268 τὸν
2371 1217 2521 1281 Θεὸν,
2551 1217 2684 1272 ἀλλὰ
2719 1218 2810 1270 τὸν
2860 1219 2988 1271 Υἱὺν
3034 1219 3219 1283 αὑτοῦ,
3249 1223 3345 1274 καὶ
3375 1224 3536 1276 οἴεται
3562 1225 3755 1292 ἀπαντᾷ-ι

2237 1305 2429 1372 λέγων,
2457 1307 2537 1359 ὅτι
2573 1326 2589 1357 ι
2628 1308 2868 1377 Οὐδεμία
2889 1312 3109 1378 τοιαύτη
3149 1309 3309 1378 φύσις
3337 1311 3452 1362 ἐστὶ
3485 1312 3752 1381 meditato;

2237 1395 2364 1448 ὥστ’
2397 1398 2482 1451 ἀεὶ
2507 1398 2799 1468 διαμένειν·
2839 1419 2856 1448 ι
2899 1401 3030 1453 ὡσεὶ
3073 1403 3186 1467 καὶ,
3217 1402 3483 1470 λεγόντων
3514 1406 3667 1474 ήμῶν,
3698 1408 3752 1457 ὅτι

2235 1491 2262 1541 ὁ
2290 1490 2420 1553 Θεὸς
2467 1489 2576 1561 πῦρ
2622 1493 2736 1544 ἐστι
2788 1492 3202 1559 καταναλίσκον,
3256 1494 3438 1562 ἔλεγεν
3479 1497 3556 1547 ὃτι
3581 1496 3753 1564 οὐδεμία

2233 1580 2455 1650 τοιαύτη
2504 1582 2618 1634 ἐστὶ
2652 1581 2811 1649 φύσις
2863 1583 3052 1654 πυρὸς,
3083 1583 3212 1636 ὥστ’
3241 1585 3328 1637 ἀεὶ
3372 1585 3643 1656 διαμένειν·
3685 1588 3753 1656 οὐχ

2231 1671 2373 1743 ὁρῶν
2396 1671 2510 1735 πῶς
2536 1673 2764 1743 λέγομεν
2797 1669 2934 1727 εἶναι
2969 1674 3080 1746 πῦρ
3119 1675 3210 1728 τὸν
3243 1677 3376 1730 Θεὸν
3408 1677 3574 1747 ἡμῶν,
3606 1679 3754 1730 καὶτί-

2233 1782 2337 1816 νων
2365 1764 2717 1830 ἁναλωτικὸν,
2746 1768 2830 1821 ὅτι
2859 1768 3272 1839 ἁμαρτημάτων
3318 1771 3411 1822 καὶ
3458 1771 3547 1840 τῆς
3583 1773 3748 1832 κακίας.

2167 1828 2208 1884 Β
2236 1854 2442 1925 Πρέπει
2483 1855 2590 1926 γάρ
2616 1828 2735 1928 Θεῷ
2767 1828 2988 1928 ἀγαθῷ,-
3018 1828 3155 1930 μετὰ
3208 1860 3268 1913 τὸ
3310 1828 3544 1913 ’ἕκαστον⁷
3575 1828 3751 1930 φανῆναι

2234 1947 2658 2018 ἀγωνισάμενον,
2716 1953 2897 2015 ὁποῖος
2953 1953 3176 2020 γέγονεν
3229 1954 3552 2024 ἀγωνιστὴς,
3595 1955 3752 2006 ἀναλῶ-

2236 2054 2325 2092 σαι
2354 2039 2430 2108 (5)
2473 2039 2550 2110 τῷ
2579 2041 2711 2111 πυρὶ
2741 2042 2849 2096 τῶν
2877 2041 3149 2095 κολάσεων
3177 2043 3276 2114 τὴν
3298 2045 3512 2096 κακίαν.
3538 2040 3649 2096 Εἶτα
3676 2047 3748 2096 πᾶ·-

2233 2129 2316 2183 λιν
2355 2131 2532 2203 ἑαυτῷ
2570 2133 2630 2184 τὸ
2668 2132 2741 2203 μὴ
2768 2133 3056 2204 λεγόμενον
3091 2135 3180 2202 ὑφ’
3221 2134 3379 2203 ἡμῶν
3419 2135 3748 2205 λαμϐάνει,ὅτι

2238 2234 2257 2267 ι
2307 2217 2622 2286 ’Λναγκαίόν
2652 2223 2764 2273 ἐστι
2794 2221 2854 2274 τὸ
2903 2223 3372 2276 άναπεπνευκέναι
3410 2226 3498 2277 τὸν
3522 2227 3651 2278 Θεόψ
3684 2227 3749 2277 καὶ

2229 2306 2404 2378 τούτῳ
2452 2309 2740 2363 ἀκόλουθον
2797 2313 2858 2364 τὸ
2909 2315 2983 2385 μὴ
3037 2314 3296 2369 δύνασθαι
3331 2317 3612 2388 ἀναστῆναι
3650 2317 3747 2386 μετὰ

2229 2399 2323 2452 τοῦ
2384 2398 2634 2470 σώματος
2686 2402 2776 2457 τὸν
2846 2404 3068 2476 Ἰησοῦν.
3125 2408 3238 2461 Οὐκ
3299 2407 3366 2461 ἂν
3420 2409 3525 2480 γάρ
3580 2409 3730 2477 ἀπειλή

2231 2509 2319 2560 φει
2366 2491 2394 2545 ὃ
2425 2492 2622 2546 δέδωκε
2658 2495 2873 2566 πνεῦμα
2923 2500 2952 2550 ὁ
2987 2499 3120 2562 Θεὸς
3164 2502 3748 2573 καταμεμολυσμένοντῇ

2230 2583 2322 2636 τοῦ
2377 2583 2627 2655 σώματος
2680 2587 2860 2656 φύσει.
2904 2609 2920 2640 ι
2972 2590 3177 2661 Εὔηθες
3227 2589 3322 2647 οῦν
3374 2595 3608 2665 άπαντᾷν
3640 2597 3750 2665 inii;

2231 2675 2366 2746 πρὸς
2418 2677 2544 2741 τοὺς
2592 2677 2816 2748 λόγους,
2870 2681 2946 2746 ὡς
3000 2685 3321 2756 ἡμετέρους,
3372 2688 3496 2752 τοὺς
3545 2688 3610 2759 μή
3650 2689 3748 2759 mta—

2227 2765 2286 2819 τέ
2294 2783 2436 2837 ρους.

2299 2944 2412 3002 Εἶθ’
2458 2951 2584 3022 ἑξῆς
2633 2954 2993 3024 ταυτολογῶν,
3052 2960 3190 3029 μετὰ
3234 2961 3295 3014 τὸ
3354 2963 3520 3016 πολλὰ
3576 2965 3626 3016 ὲν
3670 2967 3750 3025 τοῖς

2227 3040 2483 3114 ἀνωτέρω
2510 3046 2701 3110 εἰπεῖν,
2727 3048 2821 3100 καὶ
2859 3050 3115 3119 χλευάσαι
3150 3053 3248 3125 τὴν
3279 3056 3342 3107 ἐκ
3378 3057 3631 3128 Παρθένου
3659 3057 3750 3124 γέν-

547 3143 737 3210 riaque
766 3142 905 3198 fudit
930 3161 1050 3214 quae
1080 3161 1180 3216 pro
1211 3148 1418 3202 viribus
1449 3147 1830 3201 refutavimus.
1875 3165 1893 3198 ‹
1935 3147 1989 3202 Si
2026 3164 2124 3201 vo-

2229 3149 2382 3203 νησιν
2403 3132 2498 3186 τοῦ
2532 3135 2688 3201 Θεοῦ,
2723 3137 2857 3208 πρὸς
2888 3140 2955 3210 ἢν
2985 3140 3126 3194 κατὰ
3148 3143 3208 3195 τὺ
3235 3143 3459 3198 δυνατὸν
3477 3147 3596 3216 ἡμῖν
3614 3146 3750 3216 ἀπην-

545 3231 717 3300 lebat,
768 3235 967 3304 inquit,
1012 3252 1079 3292 ex
1135 3239 1319 3310 seipse
1373 3240 1626 3309 Spiritum
1675 3239 1946 3306 emittere,
1997 3241 2122 3309 quid

541 3340 683 3396 opus
723 3327 825 3383 fttit
873 3338 932 3383 ut
980 3330 1129 3385 illttm
1177 3331 1232 3385 in
1281 3331 1498 3386 feminae
1543 3343 1754 3386 uterum
1789 3333 2124 3400 inspiraret?

540 3413 662 3472 lam
696 3418 839 3472 enim
885 3419 1136 3474 homines
1177 3419 1497 3475 eﬂ’orutandi
1553 3423 1781 3491 peritus,
1824 3424 1998 3490 potuit
2033 3423 2119 3476 isti

543 3513 958 3566 accommodare
988 3525 1209 3581 corpus,
1237 3529 1341 3566 non
1373 3529 1504 3566 vero
1552 3514 1832 3584 proprium
1867 3514 2120 3583 spiritum

467 3631 476 3641 -
544 3603 774 3674 injicere
804 3606 856 3660 in
891 3615 1094 3661 tantam
1125 3607 1367 3660 sordium
1393 3609 1689 3662 sentinam.
1725 3606 1780 3660 Si
1809 3609 1888 3662 sic
1909 3625 1940 3662 e
1963 3624 2120 3676 supc-

544 3697 621 3753 ris
673 3700 920 3769 proxime
964 3701 1356 3761 descendisset,
1402 3701 1546 3754 nulla
1593 3701 1785 3756 fuisset
1825 3701 2120 3756 increduli-

545 3797 647 3845 tas.
685 3808 706 3842 ι
739 3791 806 3846 Ει
835 3793 949 3846 ltzec
983 3793 1136 3858 dixit,
1164 3794 1287 3862 quia
1315 3795 1545 3849 nescivit
1574 3808 1734 3862 quam
1765 3809 1932 3863 purus
1956 3803 2010 3848 et
2035 3797 2120 3849 iu-

544 3883 842 3936 taminatus
894 3880 1056 3936 fuerit
1102 3897 1132 3936 e
1181 3883 1400 3954 Virgine
1459 3897 1612 3938 ortus
1679 3886 1922 3951 corporis
1977 3887 2120 3954 quod

543 3970 705 4025 saluti
749 3972 1024 4026 hominum
1063 3973 1455 4028 inserviturum
1494 3985 1632 4028 erat.
1678 3973 1838 4028 Putat
1879 3976 1986 4040 ille,
2028 3976 2118 4044 qui

543 4059 762 4120 Stoicos
799 4079 1080 4121 sermones
1115 4066 1289 4121 fundit
1318 4077 1372 4122 et
1405 4077 1580 4121 tamen
1626 4081 1814 4122 eorum
1845 4068 1911 4122 de
1959 4067 2121 4122 indif-

541 4151 846 4210 ferentibus
898 4157 1062 4212 rebus
1117 4157 1422 4212 doctrinam
1469 4159 1724 4229 ignorare
1770 4174 1828 4214 se
1872 4159 2116 4229 simulat,

539 4246 778 4303 divinam
821 4257 1076 4302 naturam
1121 4250 1172 4303 in
1212 4253 1401 4306 sordes
1441 4251 1588 4318 injici
1627 4259 1682 4306 et
1731 4251 2112 4313 contaminari,

539 4339 654 4395 sive
677 4341 730 4395 in
772 4340 989 4395 femina:
1035 4357 1267 4413 corpore
1300 4355 1519 4398 maneat
1554 4346 1725 4399 donec
1771 4344 1870 4414 ipsi
1919 4359 2118 4414 corpus

538 4429 828 4498 formetur,
857 4433 974 4488 sive
1013 4449 1208 4504 corpus
1246 4445 1489 4489 assumat
1523 4448 1537 4488 :
1575 4436 1716 4504 quod
1767 4434 1996 4502 perinde
2034 4445 2117 4489 est

2227 3224 2492 3295 τήσαμεν,
2538 3227 2718 3298 φησίν·
2757 3248 2774 3280 ι
2817 3231 2876 3282 El
2913 3231 2956 3284 6’
2987 3232 3239 3289 ἐϐούλετο
3281 3235 3494 3308 πνεῦμα
3526 3237 3576 3304 ἐξ
3600 3236 3750 3292 ἑαυτοῦ

2227 3315 2600 3385 καταπέμψαι,
2621 3319 2674 3370 τί
2705 3320 2875 3374 ἐδεῖτο
2898 3325 2978 3386 εἰς
2992 3327 3252 3392 γυναικὸς
3277 3331 3518 3401 γαστέρα
3540 3333 3748 3402 ὲμπνείν;

2239 3405 2489 3461 Ἐδύνατο
2534 3409 2644 3481 γὰρ
2685 3411 2783 3484 ήδη
2833 3413 3092 3469 πλάσσειν
3136 3419 3458 3490 ἀνθρώπους
3491 3422 3752 3484 εἰδὼς,-καὶ

2223 3495 2396 3568 τούτῳ
2423 3501 2753 3571 περιπλάσαι
2785 3504 2962 3576 σῶμα,
2995 3510 3089 3562 καὶ
3120 3510 3195 3582 μὴ
3230 3513 3290 3564 τὸ
3324 3512 3450 3565 ἴδιον
3477 3513 3664 3584 πνεῦμα
3690 3514 3749 3573 εἰς

2223 3588 2475 3643 τοσοῦτον
2509 3593 2722 3664 μίασμα
2759 3597 3032 3667 ἐμϐαλεῖν·
3061 3598 3235 3665 οὕτως
3267 3604 3415 3673 μέντ’
3442 3604 3506 3658 ἂν
3531 3605 3624 3658 οὐδ’
3648 3608 3746 3672 ἠπι-

2225 3683 2420 3746 στεῖτο,
2457 3683 2506 3735 εἰ
2535 3683 2740 3738 ἄνωθεν
2767 3687 2927 3751 εὐθὺς
2960 3689 3220 3760 ἔσπαρτο.
3267 3712 3284 3742 ι
3322 3695 3428 3746 Καὶ
3455 3694 3592 3748 ταῦτ’
3612 3689 3745 3752 εἶπεν,

2223 3773 2346 3826 ἐπεὶ
2382 3773 2457 3844 μὴ
2491 3769 2596 3828 οἶδε
2628 3776 2700 3847 (6)
2725 3777 2822 3848 τὴν
2859 3779 3104 3851 καθαρὰν
3127 3785 3223 3836 καὶ
3246 3785 3570 3856 παρθενικὴν
3599 3786 3748 3854 γέννη-

2225 3883 2307 3918 σιν
2336 3867 2428 3919 καὶ
2459 3867 2566 3920 ἀπὸ
2607 3869 2884 3940 μηδεμιᾶς
2929 3871 3135 3944 φθορᾶς
3163 3874 3258 3927 τοῦ
3289 3877 3564 3946 μέλλοντος
3589 3878 3747 3946 ὑπηρε-

2220 3957 2489 4028 τήσασθαι
2516 3961 2580 4031 τῇ
2615 3961 2914 4032 ἀνθρώπων
2950 3966 3192 4036 σωτηρίᾳ
3239 3967 3504 4038 σώματος.
3549 3987 3566 4019 ι
3605 3969 3745 4029 Diam:

2221 4050 2277 4102 δὲ
2309 4051 2337 4103 ὁ
2361 4051 2452 4104 τὸν
2476 4053 2710 4106 Στωϊκὸν
2741 4055 2816 4125 (7)
2845 4056 3001 4125 λόγον
3024 4058 3391 4129 ἐκτιθέμενος,
3429 4062 3515 4114 καὶ
3543 4062 3604 4132 μὴ
3627 4078 3746 4130 προσ-

2221 4143 2540 4214 ποιούμενος
2563 4144 2630 4198 τά
2666 4148 2792 4217 περὶ
2815 4148 3121 4220 ἀδιαφόρων
3146 4151 3533 4222 μεμαθηκέναι,
3566 4154 3632 4214 εἰς
3651 4152 3742 4222 μία-

2222 4251 2334 4305 σμα
2386 4236 2753 4308 ἐμϐεϐλῆσθαι
2797 4239 2895 4310 τὴν
2945 4241 3092 4294 θείαν
3138 4243 3322 4311 φύσιν,
3378 4245 3470 4298 καὶ
3506 4244 3742 4315 μεμιάσθσι

2219 4326 2327 4380 εἴτε
2360 4329 2656 4400 γενομένην
2683 4332 2741 4384 ὲν
2773 4333 3030 4400 γυναικὸς
3065 4334 3296 4406 σώματι,
3333 4338 3436 4401 ἕως
3459 4335 3740 4407 memini-2’;

2220 4419 2355 4490 αὐτῇ
2391 4420 2452 4473 τὸ
2487 4421 2664 4492 σῶμα,
2699 4423 2810 4476 εἴτε
2848 4424 3005 4495 σῶμα
3026 4426 3398 4498 ἀνειληφυῖαν·
3425 4426 3741 4500 παραπλήσιόν

537 4537 605 4578 ac
632 4522 764 4577 illud
789 4525 932 4592 quod
974 4526 1578 4590 nonnulliexislimant,
1629 4525 1760 4579 solis
1787 4525 1968 4579 radios
1998 4526 2114 4595 pol-

2228 4525 2273 4560 τι
2298 4510 2465 4562 ποιῶν
2489 4513 2602 4574 τοῖς
2615 4513 2880 4583 οἰομένοις
2900 4515 2998 4577 τὰς
3017 4516 3191 4584 αὐγὰς
3213 4517 3306 4570 τοῦ
3329 4517 3475 4589 ἡλίου
3492 4515 3741 4588 μιαίνεσθαι

537 4613 636 4680 lui,
654 4615 774 4670 cum
794 4615 848 4670 in
867 4631 1082 4672 caenum
1105 4629 1199 4672 aut
1226 4617 1566 4672 maleolcntia
1588 4632 1814 4688 corpora
1844 4617 2110 4681 incidunt,

536 4719 638 4760 nec
669 4705 739 4760 ibi
769 4722 934 4777 puros
963 4723 1204 4764 manere.
1236 4709 1344 4764 Sed
1373 4710 1624 4778 quamvis
1650 4724 1851 4777 corpus
1883 4707 2033 4771 Jesu,
2060 4719 2118 4762 ut

537 4796 725 4852 Celsus
769 4798 968 4854 factum
1024 4799 1193 4854 fuisse
1227 4800 1408 4866 vellet,
1460 4799 1755 4855 formatum
1813 4800 1935 4855 sine
1994 4810 2114 4852 ortu

540 4888 756 4956 fuisset,
785 4906 892 4944 non
923 4892 1179 4947 continuo
1223 4892 1354 4947 illud
1399 4894 1488 4962 qui
1535 4895 1824 4956 vidissent,
1852 4893 2115 4946 credidis-

536 4990 790 5036 sentnon
824 4990 1009 5036 natum
1046 4984 1236 5039 fuisse.
1274 4985 1382 5040 Nec
1408 4985 1552 5040 enim
1598 4986 1652 5039 id
1688 4985 1835 5053 quod
1878 4984 2116 5042 videtur.

533 5070 780 5126 declarat
825 5081 1073 5129 naturam
1124 5091 1154 5130 a
1195 5092 1299 5145 qua
1337 5089 1515 5133 ortum
1567 5086 1670 5132 est.
1724 5077 1829 5130 Fac
1884 5073 2117 5142 exempli

539 5174 702 5215 causa
728 5162 832 5216 mel
858 5178 979 5218 esse
1006 5167 1148 5233 quod
1179 5176 1355 5220 ortum
1403 5184 1508 5221 non
1555 5166 1718 5221 fuerit
1763 5167 1829 5219 ab
1883 5165 2114 5234 apibus;

541 5251 667 5305 licet
695 5252 824 5307 illud
862 5265 952 5308 aut
987 5267 1171 5326 gustes
1207 5267 1299 5312 aut
1341 5259 1550 5321 videas,
1586 5275 1690 5310 non
1745 5257 1930 5312 statim
1977 5255 2120 5310 scies

546 5338 671 5399 illud
695 5360 798 5402 non
823 5347 986 5403 fuisse
1011 5351 1078 5406 ab
1103 5351 1296 5421 apibus
1319 5360 1692 5407 constructum
1723 5366 1736 5403 :
1765 5361 1821 5402 ut
1849 5350 1952 5405 hoc
1975 5345 2118 5417 quod

719 5523 1056 5605 ῌᾳεςυὶιιξΙὶιιε
1084 5530 1340 5605 intexlu.
1379 5531 1822 5605 opolqusovemv

614 5595 694 5662 (ὅ)
741 5595 1084 5654 Ἀναλώσαι.
1123 5601 1252 5656 Vide
1281 5603 1375 5655 lib.
1414 5595 1484 5664 iv,
1523 5595 1674 5657 uuln.
1701 5603 1786 5654 l3.

619 5666 696 5736 (ti)
733 5664 918 5736 Codex
948 5668 1164 5735 Regius.
1197 5669 1328 5726 οἶδε.
1363 5672 1524 5728 Libb.
1557 5673 1713 5736 editi,
1746 5667 1874 5726 εἶδε.

615 5734 697 5806 (77)
728 5734 1169 5806 Srwi'xdr.\'ide
1200 5744 1296 5796 lib.
1333 5759 1405 5806 tv,
1435 5759 1581 5796 num.
1612 5745 1676 5796 Η
1702 5734 1768 5797 et
1798 5743 1885 5797 68.

612 5805 688 5877 (8)
715 5804 916 5872 Εὐθὺς
943 5805 1018 5865 ἂν
1048 5813 1121 5876 οὶ,
1146 5821 1249 5868 etc.
1286 5804 1647 5868 Scriheudum
1668 5814 1879 5867 videtur
1904 5813 2119 5875 Guicto,

2219 4603 2276 4655 ἐν
2308 4605 2421 4666 τοῖς
2463 4604 2742 4676 βορϐόροις
2770 4607 2864 4659 καὶ
2902 4610 3013 4672 τοῖς
3044 4607 3304 4663 δυσώδεσι
3335 4609 3560 4681 σώμασι,
3589 4610 3663 4662 καὶ
3688 4607 3740 4674 μὴ

2223 4695 2404 4766 μένειν
2458 4698 2619 4751 κάκεῖ
2659 4698 2927 4771 καθαράς.
2963 4701 3073 4752 Καὶ
3110 4702 3156 4752 εἰ
3187 4701 3330 4754 κατὰ
3358 4703 3456 4773 τήν
3488 4701 3664 4755 Κέλσου
3700 4696 3740 4747 δὲ

2219 4787 2474 4842 ὑπόθεσιν
2500 4790 2667 4862 χωρὶς
2685 4792 2990 4861 γεννήσεως
3010 4792 3414 4864 περιεπλάσατο
3436 4794 3494 4844 τὸ
3530 4793 3659 4860 σῶμα
3685 4789 3742 4855 τῷ

2230 4879 2427 4950 Ἰησοῦ,
2460 4880 2620 4944 εὐθὺς
2649 4880 2714 4934 ἂν
2733 4883 2780 4934 οἱ
2811 4881 2884 4954 (8)
2911 4883 3196 4952 βλέποντες
3219 4885 3280 4936 τὸ
3309 4885 3463 4954 σῶμα
3492 4884 3738 4937 ἐπίστεων,

2218 4976 2300 5029 ὅτι
2334 4977 2433 5030 οὐκ
2467 4979 2574 5032 ἀπ’)
2606 4980 2911 5051 γεννήσεως
2945 4974 3032 5049 ἦν’
3068 4976 3190 5030 οὐδὲ
3224 4977 3333 5050 γὰρ
3375 4978 3435 5030 τὸ
3468 4975 3738 5046 βλεπόμενοιί

2220 5070 2552 5139 ἀπαγγέλλει
2583 5073 2658 5143 (9)
2692 5074 2784 5127 καὶ
2821 5073 2918 5144 τὴν
2945 5071 3123 5139 φύσιν,
3153 5070 3274 5123 ὅθεν
3311 5072 3624 5138 γεγέννηται.
3646 5061 3739 5116 Οἴη-ι

2221 5165 2270 5216 εἰ
2299 5163 2419 5218 καθ’
2457 5164 2710 5218 ὑπόθεσιν
2743 5164 2864 5235 μέλι
2896 5159 2963 5236 ἦν
2990 5181 3042 5216 τι
3075 5164 3149 5234 μὴ
3167 5163 3276 5215 άπὸ
3303 5162 3576 5234 μελισσῶν,
3600 5153 3740 5212 οὐκᾶν

2220 5254 2379 5306 τοῦτό
2411 5273 2494 5320 τις
2514 5257 2850 5328 ἀπήγγελλεν
2879 5255 2985 5309 ἀπὸ
3011 5255 3108 5325 τῆς
3139 5255 3379 5323 γεύσεως
3405 5254 3436 5325 ἢ
3470 5253 3560 5323 τῆς
3585 5249 3740 5319 ὄψεως.

2221 5345 2302 5398 ὅτι
2327 5344 2399 5414 μὴ
2429 5346 2536 5399 ἀπὸ
2567 5346 2830 5416 μελισσῶν
2861 5348 3026 5399 ἐστιν·
3054 5347 3128 5410 ὡς
3152 5347 3272 5402 οὐδὲ
3301 5347 3360 5400 τὸ
3388 5346 3492 5400 ἀπὸ
3519 5337 3740 5415 μελισσῶν

2222 5529 2323 5583 οὐκ
2355 5529 2516 5593 εὐθὺς
2542 5529 2608 5583 ἂν
2630 5529 2704 5592 οἱ,
2739 5539 2844 5584 etc.
2907 5528 3065 5584 Certe
3117 5528 3383 5600 particula
3411 5523 3630 5597 negativa
3657 5517 3738 5569 οὐκ

2222 5601 2453 5674 omnino
2482 5602 2785 5674 necessaria
2819 5600 3095 5674 videtur.“
3118 5669 3131 5674 _
3275 5669 3306 5674 __
3337 5669 3349 5674 _
3447 5667 3459 5674 _
3563 5623 3566 5628 '
3615 5657 3642 5674 ..

2297 5671 2372 5740 (9)
2409 5671 2562 5735 λιες..
2621 5669 2967 5739 ἀπαγγέλλει.
3018 5669 3170 5723 Libb.
3223 5669 3384 5740 eum,
3443 5657 3737 5740 ἐπαγγέλλει.

2225 5731 2525 5813 licet'ittfra
2550 5731 2666 5796 non
2703 5731 2868 5798 semel
2893 5741 3114 5813 legatur
3155 5739 3342 5795 eodem
3370 5731 3534 5792 sensu
3590 5731 3740 5793 ἀειγ-

2225 5809 2426 5880 γέλλει.
