3846 6406
91 320 202 376 HO!)

1237 317 1512 373 CONTRA
1547 315 1825 374 CELSUM
1868 320 1997 374 LIB.
2042 318 2134 375 Vi.

3173 327 3318 391 Ηίθ,

87 416 288 471 δείκνυσι
312 413 370 480 τῇ
407 409 650 482 αἰσθήσει
675 409 771 482 τὴν
806 406 1001 482 ἀρχὴν,
1024 405 1135 462 ἀλλ’
1169 408 1200 479 ἡ
1230 413 1390 482 πεῖρα
1421 410 1615 464 δείκνυ-

1732 412 1800 466 ab
1821 411 2014 479 apibus
2035 409 2342 465 confectum
2377 420 2480 473 est,
2513 413 2694 467 sensui
2725 412 2894 484 683
2930 413 3132 470 indicat
3153 430 3306 471 suam

88 526 169 568 σιν,
197 506 266 557 ὅτι
291 503 430 556 τοῦτ’
455 503 562 556 ἀπὸ
589 501 856 573 μελισσῶν
873 502 1039 553 ἐστιν.
1075 500 1228 552 Οὑτω
1256 501 1421 554 δὲκαὶ
1448 503 1480 573 ἡ
1505 504 1620 555 πεῖ-

89 617 137 669 ρα
160 597 399 661 διδάσκει,
434 597 515 648 ὅτι
545 594 790 665 ἀμπέλου
819 597 846 648 ὁ
874 589 1032 656 οἶνος·
1067 593 1127 645 οὑ
1157 593 1264 663 γάρ
1297 593 1556 664 ἀναφέρει
1587 594 1620 662 ἡ

85 689 238 760 γεῦσις
261 688 320 740 τὸ
346 688 450 740 ἀπὸ
478 686 745 757 ἀμπέλου.
793 685 903 744 Τὸν,
924 683 1086 737 αὑτὸν
1118 684 1316 754 τρόπον
1346 683 1522 735 τοίνυν
1561 683 1623 734 τὺ

84 781 299 848 αἰσθητὸν
338 779 494 848 σῶμα
523 778 623 830 οὑκ
652 774 980 844 ἀπαγγέλλει
1010 774 1100 826 τὸν
1130 773 1330 844 τρόπον
1362 774 1460 844 τῆς
1492 773 1624 825 ὑπο-

85 876 287 936 στάσεως
306 870 482 924 αὑτοῦ.
507 867 869 940 Προσαχθὴσῃ
891 866 946 919 δὲ
967 864 1044 935 τῷ
1073 865 1349 936 λεγομένῳ
1378 865 1485 918 ἀπὸ
1516 864 1622 917 τῶν

83 971 125 1020 ἐν
145 967 390 1035 οὐρανοῖς,
417 957 489 1017 ὧν
507 963 605 1033 τῆς
631 963 980 1024 ὑποστάσεως
1004 961 1098 1013 καὶ
1119 962 1218 1030 τῆς
1244 960 1623 1032 λαμπρότητος

81 1055 357 1126 αἰσθόμεθα,
395 1053 681 1123 βλέποντες
728 1053 885 1106 αὑτόν
924 1052 1039 1104 ἀλλ’
1073 1052 1132 1104 οὑ
1170 1051 1342 1122 δήπου
1371 1054 1404 1122 ἡ
1435 1051 1624 1124 αἴσθη-

81 1166 143 1211 εις
166 1148 284 1217 ἡμῖν
313 1144 620 1206 ὑποϐάλλει,
648 1143 875 1216 πότερον
899 1142 1099 1214 γενητὰ
1124 1142 1155 1213 ἢ
1183 1143 1422 1215 ἀγένητά
1453 1146 1617 1196 ἐστιν·

80 1241 284 1310 αἱρέσεις
327 1236 455 1306 γοῦν
500 1237 596 1289 καὶ
629 1237 759 1308 περὶ
803 1234 1005 1288 τούτων
1054 1237 1405 1308 συνέστησαν.
1462 1235 1624 1290 Ἀλλά

79 1331 149 1382 καὶ
193 1330 237 1382 οἱ
269 1328 512 1396 λέγοντες
563 1326 704 1380 αὑτὰ
769 1325 996 1395 γενητὰ,
1031 1327 1128 1396 οὑχ
1160 1325 1446 1397 ὁμονοοῦσι
1495 1327 1624 1398 περὶ

76 1420 145 1472 τοῦ
203 1419 311 1482 πῶς
365 1421 480 1471 ἐστι
535 1419 770 1489 γενητά·
829 1416 949 1469 οὑδὲ
1007 1416 1116 1488 γὰρ
1172 1417 1464 1470 ὑποϐάλλει
1526 1420 1622 1471 καὶ

76 1513 289 1583 αἴσθησις
325 1511 525 1574 αὑτῶν,
578 1510 679 1564 κᾶν
728 1511 1053 1582 βιασάμενος
1080 1511 1108 1562 ὁ
1153 1510 1308 1579 λόγος
1354 1509 1512 1582 εὑρη,
1543 1511 1623 1564 ὅτι

75 1609 242 1678 γενητά
267 1609 396 1669 ἐστι,
426 1607 558 1676 περὶ
589 1603 681 1658 τοῦ
713 1605 834 1658 τίνα
867 1604 1065 1676 τρόπον
1096 1603 1408 1674 γεγένηται.

127 1695 225 1752 Εἴθ’
282 1697 405 1768 ἑξῆς
459 1695 925 1766 ὲπαναλαμῦάνει,
994 1695 1253 1759 πολλάκις
1304 1695 1403 1766 ἤδη
1453 1694 1621 1748 εἰπὼν

72 1791 120 1842 τὰ
142 1791 252 1860 περὶ
280 1791 375 1859 τῆς
409 1789 639 1858 γνώμης
668 1787 1012 1860 Μαρκίωνος,
1038 1789 1131 1840 καὶ
1162 1787 1238 1858 πὴ
1282 1787 1378 1857 μὲν
1407 1787 1622 1858 άληθῶς

70 1885 118 1936 τὲ
146 1885 451 1956 Μαρκίωνος
469 1883 764 1946 ἐκτίθεται,
803 1883 876 1953 πὴ
899 1881 953 1934 δὲ
983 1881 1251 1935 κάκείνων
1280 1881 1616 1952 παρήκουσε·

70 1975 177 2044 spe;
216 1976 278 2045 ἣν
322 1975 421 2026 οὑκ
453 1976 756 2042 ἀναγκαῖον
788 1975 936 2044 ἡμᾶς
969 1972 1235 2042 άπαντᾷν,
1276 1970 1308 2041 ἢ
1343 1973 1437 2024 καὶ
1467 1971 1622 2040 ἐλέγ-

70 2083 171 2132 χειν.
198 2061 323 2118 Εἶτα
357 2064 521 2118 πάλιν
549 2063 726 2134 ἑαυτῷ
748 2063 998 2134 ἐπιφέρει
1026 2063 1099 2114 τά
1121 2063 1262 2134 ὑπὲρ
1295 2063 1622 2133 Μαρκίωνος

69 2156 218 2209 καὶτὰ
242 2157 359 2210 κατ’
409 2155 602 2220 αὑτοῦ,
654 2155 824 2224 λέγων
849 2155 1092 2226 τίνακμὲν
1134 2153 1462 2223 ἐκφεύγουσι
1511 2153 1621 2206 τῶν

68 2252 407 2324 ἐγκλημάτων,
435 2253 549 2305 τίσι
569 2253 626 2305 δὲ
667 2251 1077 2323 περιπίπτουσιο
1109 2252 1203 2304 καὶ
1249 2251 1337 2304 ὅτε
1363 2250 1620 2320 βούλεται

70 2343 407 2414 προαγορεύειν
430 2342 511 2412 τῷ
535 2342 797 2411 φάσκοντι
819 2341 960 2411 λόγῳ
979 2381 994 2404 ,
1018 2341 1497 2412 πεπροφητεῦσθαι
1524 2343 1621 2394 αῦ-

65 2433 150 2493 τὸν,
183 2435 261 2486 ἵνα
297 2435 656 2505 κατηγορήσῃ
693 2432 1017 2503 Μαρκίωνος
1041 2431 1262 2484 καὶτῶν
1291 2431 1383 2484 ἀπ’
1431 2431 1617 2494 αὑτοῦ,

68 2524 217 2591 σαφῶς
241 2542 420 2596 φησιν,
457 2526 565 2586 ὅτι,
602 2544 619 2575 ι
655 2523 824 2576 Πόθεν
851 2523 1299 2594 ἀποδειχθήσεται
1323 2523 1456 2576 Θεοῦ
1486 2525 1620 2588 Παῖς

64 2616 294 2669 ὁτοιαῦτα
317 2616 628 2678 κολασθεὶς,
657 2617 702 2668 εἰ
734 2616 807 2686 μὴ
835 2615 964 2685 περὶ
985 2613 1176 2667 τούτου
1207 2614 1561 2686 προείρηται;
1596 2634 1613 2664 ι

66 2703 166 2758 Εἶτα
192 2708 341 2761 πάλιν
385 2707 598 2772 παίζει,
647 2707 740 2760 καὶ
777 2705 850 2769 ὡς
877 2705 997 2769 ἔθος
1036 2705 1186 2775 αὑτῷ
1212 2705 1486 2776 χλευάζει,
1527 2705 1620 2758 δύο

63 2799 258 2866 εἰσάγων
278 2802 425 2863 υἱοὺς
453 2799 613 2862 θεῶν,
641 2797 732 2851 τοῦ
756 2797 1087 2869 δημιουργοῦ
1111 2797 1226 2858 ἕνα,
1249 2797 1451 2849 καὶτοῦ
1479 2796 1618 2850 κατὰ

62 2883 321 2953 Μαρκίωνα
347 2886 462 2957 (l0)
507 2885 630 2938 θεοῦ
657 2886 860 2956 ἕτερον·
911 2886 1005 2938 καὶ
1031 2885 1418 2957 ἀναζωγραφεῖ
1440 2884 1618 2937 αὑτῶν

64 2977 358 3046 μονομαχίας
402 2977 541 3045 (Η),
580 2977 753 3043 λέγων
781 2975 950 3039 αὑτὰς
976 2972 1116 3029 εἶναι
1143 2976 1219 3040 ὼς
1241 2977 1348 3029 τῶν
1374 2977 1618 3048 ὀρτύγων

63 3066 132 3116 καὶ
150 3065 247 3119 τῶν
290 3066 545 3138 πατέρων
592 3067 888 3138 θεομαχίας
913 3067 1044 3138 (12)’
1071 3067 1103 3138 ἢ
1130 3066 1218 3120 διὰ
1242 3069 1419 3139 γῆρας
1443 3069 1616 3138 ἀχρή-

61 3176 192 3222 στους
237 3159 430 3223 αὑτοὺς
477 3160 662 3222 ὄντας,
700 3160 794 3211 καὶ
819 3158 1139 3230 ληροῦντας,
1183 3159 1348 3230 μηδὲν
1385 3161 1480 3231 μὲν
1519 3160 1614 3213 ἀλ-

59 3250 217 3320 λήλους
263 3252 586 3315 διατιθέναι,
635 3252 734 3322 ὲᾷν
777 3251 832 3303 δὲ
879 3251 1006 3315 τοὺς
1056 3253 1254 3316 παῖδας
1320 3253 1611 3323 μάχεσθαι.

63 3346 203 3414 Ὀπερ
227 3344 335 3416 (15)
361 3339 455 3397 οὗν
480 3338 636 3396 εἶπεν
663 3339 719 3395 έν
743 3346 854 3406 τοῖς
880 3344 1158 3416 ἀνωτέρω,
1185 3343 1345 3397 τοῦτο
1370 3348 1614 3417 φήσομεν

56 3435 164 3505 ego;
205 3436 385 3489 αὐτόν’
445 3454 464 3486 ι
505 3433 636 3490 ποία
675 3435 849 3506 γραῦς
892 3436 1366 3490 καταϐαυκαλῶσα
1405 3437 1614 3490 παιδίον

55 3527 130 3577 οὐκ
157 3527 530 3598 αίδεσθήσεται
554 3526 778 3580 τοιαῦτα
817 3527 1016 3595 λέγειν,
1044 3546 1062 3577 ι
1089 3529 1246 3580 ὁποῖα
1271 3523 1424 3591 οὗτος
1449 3529 1508 3580 ἐν
1537 3527 1616 3598 τῷ

56 3618 449 3690 ἐπιγραφομένω
492 3616 715 3685 ἀληθεῖ
733 3618 929 3686 idm);
965 3617 1092 3671 Δέον
1115 3617 1224 3688 γὰρ
1253 3615 1417 3670 αὑτὸν
1445 3635 1616 3688 πραγ-

58 3710 269 3775 ματικῶς
292 3711 482 3781 στῆναι
508 3709 648 3779 πρὸς
668 3709 792 3772 τοὺς
815 3709 1024 3778 λόγους·
1044 3711 1072 3762 ὁ
1095 3708 1151 3762 δὲ
1169 3709 1333 3772 ἐάσας
1358 3710 1426 3762 τὰ
1448 3709 1615 3782 πράγ-

58 3817 176 3866 ματα
206 3801 381 3866 παίζει
405 3803 500 3854 καὶ
519 3801 842 3872 βωμολοχεῖ,
873 3802 1117 3871 οἰόμενος
1160 3801 1359 3872 μίμους
1382 3801 1616 3872 γράφειν

55 3891 203 3957 ἧτινα
223 3893 547 3964 σκώμματα,
569 3893 666 3962 οὑχ
691 3892 854 3965 ὀρῶν,
883 3894 964 3945 ὅτι
1045 3893 1266 3962 τοιαύτη
1290 3893 1481 3964 ἀγωγὴ
1505 3893 1614 3946 τῶν

54 3981 198 4050 λόγων
222 3987 368 4057 παρὰ
391 3985 491 4056 τὴν
528 3985 784 4056 πρόθεσιν
809 3985 906 4056 τὴν
929 3985 1090 4038 αὑτοῦ
1116 3986 1255 4046 ἐστι,
1291 3985 1612 4056 βουλομένου

55 4076 416 4142 καταλιπόντας
445 4078 609 4148 ἡμᾶς
645 4077 1071 4148 Χριστιανισμὸν
1123 4077 1411 4148 προσέχειν
1449 4077 1612 4132 αὑτοῦ

53 4169 144 4229 τοῖς
166 4167 438 4239 δόγμασινο
491 4170 675 4228 ἆτινα,
726 4169 774 4218 εἰ
824 4167 923 4238 μὲν
959 4168 1323 4238 ἐσεμνολόγει,
1352 4168 1489 4238 τάχα
1521 4186 1612 4220 πι-

56 4255 298 4331 ﬂaminem
347 4257 436 4332 ἦν’
469 4261 596 4313 ἐπεὶ
639 4259 693 4311 δὲ
721 4259 989 4329 χλευάζει,
1019 4260 1112 4312 καὶ
1150 4259 1352 4324 παίζει,
1390 4261 1480 4312 καὶ
1512 4260 1615 4329 βω-

56 4347 258 4420 μσλοχεῖ,
283 4353 550 4422 φήσομεν,
574 4350 658 4402 ὅτι
691 4349 893 4421 ἀπορία
933 4350 1143 4419 σεμνῶν
1167 4351 1340 4417 λόγων
1381 4349 1465 4419 (οὑ
1507 4349 1612 4419 γάρ

1723 503 2010 572 originem,
2039 501 2131 555 sed
2162 503 2498 569 experientia
2525 505 2682 560 docet
2707 506 2836 560 illud
2863 521 2985 561 esse
3011 522 3076 562 ex
3112 509 3307 578 apibus

1723 594 2032 648 oriundum.
2068 593 2160 648 Sic
2209 594 2373 647 etiam
2428 598 2768 665 experientia
2825 599 3083 652 docemur
3119 600 3305 652 vinum

1724 685 1853 738 oriri
1901 701 1968 739 ex
2021 685 2146 740 vite.
2185 684 2334 741 lianc
2379 691 2521 743 enim
2582 690 2847 759 originem
2891 705 2957 743 ex
2994 699 3150 760 gustu
3198 705 3306 745 non

1725 776 2004 831 discimus.
2041 777 2242 833 Eodem
2293 782 2458 846 igitur
2505 783 2663 835 modo
2703 783 2900 837 sensile
2954 797 3149 852 corpus
3195 797 3302 837 non

1725 867 1969 923 declarat
2004 870 2142 921 unde
2192 871 2386 926 haheat
2427 875 2568 941 quod
2599 883 2706 928 est.
2756 874 2810 927 Id
2857 873 3212 928 conﬁrmatur
3236 889 3304 929 ex

1725 963 2042 1029 corporibus
2100 965 2452 1027 coelestibus,
2498 980 2617 1034 qua:
2663 981 2787 1020 esse
2828 977 2884 1019 et
2927 966 3306 1035 splendescere

1724 1054 2008 1118 sentimus,
2043 1056 2168 1108 dum
2197 1055 2281 1108 illa
2320 1056 2594 1108 intuemur
2623 1073 2636 1120 ;
2667 1056 2763 1110 sed
2793 1071 2984 1110 sensus
3005 1056 3092 1110 ille
3116 1066 3304 1112 notum

1726 1149 1882 1203 nobis
1914 1165 2017 1204 non
2047 1149 2174 1204 facit
2203 1149 2419 1203 factaue
2443 1148 2552 1200 sint
2579 1165 2783 1201 annon.
2831 1148 3100 1214 Quocirca
3125 1149 3307 1215 variae

1726 1239 1942 1293 fuerunt
1995 1241 2096 1294 hac
2129 1241 2192 1294 de
2225 1255 2283 1295 re
2329 1241 2656 1295 sententite:
2717 1251 2774 1295 et
2824 1242 2916 1311 qui
2955 1243 3169 1296 initium
3215 1240 3305 1296 illa

1724 1329 1976 1384 imbuisse
2004 1330 2217 1396 dicunt,
2265 1332 2540 1400 quomodo
2591 1332 2882 1387 habuerint
2931 1349 3034 1388 non
3075 1349 3307 1390 consen-

1728 1420 1886 1474 tiunt.
1929 1420 2110 1491 Neque
2156 1423 2300 1477 enim
2335 1439 2552 1489 sensus,
2605 1427 2770 1479 etiam
2822 1437 3107 1495 postquam
3166 1428 3307 1483 ratio

1725 1513 1896 1567 mulo
1934 1513 2122 1570 labore
2151 1516 2356 1570 invenit
2391 1531 2511 1572 esse
2537 1517 2705 1582 facta,
2743 1519 2900 1573 docet
2920 1519 3190 1588 quomodo
3215 1519 3303 1574 illa

1727 1605 1866 1658 facta
1894 1605 2023 1660 sint.

1797 1699 1882 1751 Ἠ.
1916 1698 2111 1753 Postea
2151 1700 2349 1768 repetit
2392 1716 2512 1771 ane
2555 1700 2667 1770 jam
2728 1716 2871 1772 smpc
2913 1703 2980 1757 de
3032 1704 3304 1758 sententia

1658 1767 1698 1821 Β
1725 1789 2018 1846 Marcionis
2048 1791 2281 1856 dixerat,
2345 1793 2600 1864 illiusque
2638 1794 2835 1862 placita
2887 1795 3083 1864 partim
3128 1797 3303 1864 cujus-

1726 1883 1868 1935 modi
1903 1897 2088 1938 revera
2127 1894 2254 1938 sunt
2282 1895 2571 1950 memorat,
2599 1885 2799 1954 partim
2837 1894 2894 1939 ut
2918 1887 3008 1956 qui
3038 1886 3124 1941 illa
3162 1889 3305 1942 male

1725 1975 2079 2030 intellexerit.
2107 1976 2213 2032 Sed
2246 1993 2309 2033 ea
2340 1993 2368 2030 a
2403 1978 2560 2032 nobis
2594 1978 2763 2032 refelli
2789 1987 2954 2048 atque
2983 1979 3305 2049 reprehendi

1725 2065 1857 2119 nihil
1883 2082 2106 2124 necesse
2142 2077 2245 2123 est.
2296 2066 2432 2122 lliuc
2473 2084 2662 2123 rursus
2692 2084 2790 2138 pro
2824 2078 2879 2124 et
2911 2079 3104 2125 contra
3159 2069 3304 2126 Mar-

1723 2157 1932 2210 cionem
1965 2158 2205 2225 disserit,
2233 2159 2320 2212 ubi
2346 2160 2609 2229 quosdam
2637 2159 2752 2226 ejus
2772 2174 2986 2213 errores
3013 2173 3300 2225 excusans,

1722 2247 1982 2315 quosdam
2017 2249 2182 2303 etiam
2209 2249 2558 2304 condemnat.
2606 2249 2671 2302 Et
2700 2249 2918 2317 quando
2969 2249 3081 2302 vult
3124 2258 3305 2318 patro-

1723 2339 1899 2393 cinari
1950 2339 2079 2394 huic
2132 2349 2331 2396 nostra:
2380 2340 2664 2405 doctrinae,
2688 2339 2870 2394 Jesum
2913 2340 3083 2395 fuisse
3111 2358 3140 2394 a
3182 2355 3304 2410 pro-

1723 2429 1901 2499 phetis
1945 2431 2390 2499 prtenuntiatum,
2418 2440 2474 2483 ut
2509 2430 2835 2484 Marrionem
2869 2430 3094 2500 ejusque
3116 2447 3306 2500 sequa-

1723 2537 1814 2576 ces
1851 2532 2089 2585 accuset,
2138 2524 2422 2577 manifeste
2476 2526 2549 2576 ait
2581 2537 2594 2576 :
2638 2541 2655 2573 ι
2691 2522 2972 2589 Quomodo
3013 2524 3102 2592 qui
3138 2525 3304 2578 tantis

1723 2614 1954 2667 allectus
1981 2624 2062 2667 est
2093 2615 2397 2682 suppliciis,
2453 2615 2622 2669 Filius
2663 2629 2782 2670 esse
2836 2616 2925 2668 Dei
2958 2615 3302 2670 demonstra-

1722 2713 1890 2766 retur,
1943 2704 2044 2757 nisi
2098 2705 2200 2758 hoc
2247 2705 2484 2758 biturum
2511 2719 2632 2759 esse
2663 2705 2977 2774 pra‘dictum
3016 2705 3245 2759 fuisset?
3277 2723 3298 2758 ι

1721 2795 1932 2849 Deinde
1959 2797 2152 2851 ludens
2188 2812 2284 2864 pro
2315 2812 2413 2849 suo
2440 2811 2592 2849 more
2633 2806 2686 2848 et
2710 2796 2926 2866 jocans,
2983 2797 3116 2850 duos
3151 2796 3304 2851 indu-

1719 2887 1792 2939 cit
1821 2886 2046 2940 deorum
2086 2885 2248 2948 filios,
2281 2887 2515 2940 alterum
2543 2885 2868 2950 conditoris,
2903 2885 3131 2940 alterum
3166 2885 3302 2940 Mar-

1719 2976 1961 3034 eionitiei
2004 2978 2087 3032 dei
2142 2977 2334 3031 tiliutn.
2367 2977 2590 3031 Patrum
2647 2977 2828 3045 praelia
2883 2978 3164 3041 describit,
3213 2978 3300 3032 illa

1721 3087 1844 3126 cum
1875 3070 2077 3140 praeliis
2109 3070 2452 3124 coturnicum
2494 3069 2818 3132 conferens;
2851 3078 2906 3123 et
2951 3071 3095 3138 ipsos
3126 3070 3202 3123 ait
3231 3072 3302 3124 ob

1721 3174 2058 3218 senectutem
2087 3164 2291 3216 inertes
2318 3173 2372 3215 et
2396 3162 2694 3216 delirantes
2725 3163 2980 3216 desinere
3015 3161 3116 3215 sibi
3166 3163 3305 3216 invi-

1719 3270 1836 3310 cem
1863 3255 2104 3308 infensos
2137 3268 2277 3316 esse,
2311 3252 2558 3322 filiosque
2589 3269 2830 3322 pugnare
2856 3255 3057 3307 sinere.
3083 3253 3165 3306 Ad
3189 3255 3309 3307 haec

1719 3349 1962 3403 dicemus
2017 3347 2068 3401 id
2119 3345 2261 3416 quod
2317 3345 2432 3414 ipse
2491 3345 2742 3415 superius
2792 3345 2968 3399 dixit:
3007 3363 3025 3398 ι
3059 3346 3302 3415 Ecquam

1720 3439 1993 3494 aniculam
2017 3438 2282 3508 SOpiendo
2321 3451 2490 3506 puero
2523 3451 2628 3490 non
2661 3437 2892 3506 puderet
2927 3437 3178 3492 occinere
3206 3452 3304 3491 nu-

1717 3548 1838 3599 gas,
1870 3551 1888 3585 ι
1918 3530 2108 3601 quales
2139 3529 2230 3584 ille
2267 3530 2318 3584 in
2347 3543 2534 3594 opere,
2576 3544 2738 3598 quem
2785 3545 2962 3584 verum
3009 3545 3303 3583 sermonem

1720 3620 2034 3686 inscripsit?
2055 3617 2190 3672 Nam
2217 3633 2344 3671 cum
2373 3617 2646 3671 decuisset
2671 3617 2813 3672 serio
2833 3620 3136 3688 disputare,
3171 3633 3304 3674 con-

1721 3721 1799 3763 tra
1841 3711 1948 3773 ille,
1979 3708 2198 3764 omissis
2239 3707 2422 3770 rebus,
2480 3717 2717 3776 nugatur
2769 3717 2823 3762 ct
2874 3723 3125 3764 scurram
3187 3710 3298 3778 agit

1717 3803 1870 3870 quasi
1907 3801 2206 3856 comoedias
2236 3809 2332 3854 aut
2364 3809 2578 3870 satyras
2628 3801 2896 3856 scriberet
2925 3819 2940 3856 :
2974 3818 3081 3857 non
3115 3802 3304 3858 videns

1720 3895 1861 3946 hanc
1883 3892 2194 3961 disputandi
2227 3893 2497 3946 rationem
2534 3893 2774 3947 alienam
2798 3907 2919 3948 esse
2955 3907 2986 3946 a
3022 3894 3302 3964 proposito

1717 3984 1974 4048 hominis,
2008 3998 2104 4037 nos
2127 4001 2153 4035 a
2188 3983 2502 4038 Christiana
2534 3983 2795 4054 religione
2819 3985 2884 4040 ad
2911 4000 3008 4039 sua
3045 3988 3300 4057 dogmata

1718 4076 2004 4128 traducere
2034 4075 2286 4130 volentis.
2321 4075 2377 4132 Si
2413 4076 2480 4130 de
2512 4076 2616 4130 illis
2651 4077 2892 4147 graviter
2915 4075 3109 4133 fuisset
3149 4079 3304 4132 locu-

1719 4177 1843 4230 tus,
1903 4167 2272 4234 probabiliora
2327 4169 2558 4222 fortasse
2617 4168 2964 4222 reddidisset.
3029 4167 3300 4235 Quoniam

1716 4275 1846 4313 vero
1884 4259 2093 4322 irridet,
2139 4259 2293 4325 ludit,
2347 4271 2652 4321 scurratur,
2697 4260 2942 4314 dicemus
2983 4261 3131 4313 illum
3167 4277 3298 4332 gra-

1719 4351 1860 4403 vium
1918 4351 2190 4404 rationum
2247 4350 2494 4419 penuria,
2528 4365 2662 4418 quas
2722 4366 2906 4404 revera
2965 4366 3063 4405 nec
3107 4353 3299 4408 habuit

53 4435 171 4509 εἶχεν
216 4444 427 4508 αὐτοὺς,
480 4442 604 4496 οὑδὲ
643 4442 930 4513 ἠπίστατο)
977 4445 1057 4505 εἰς
1092 4441 1360 4513 τοσαύτην
1385 4443 1611 4495 ἐνέπεσε

1725 4455 1817 4494 nec
1848 4442 2129 4510 cognovit,
2161 4441 2212 4494 in
2247 4450 2452 4494 tantam
2504 4441 2871 4510 nugacitalem
2909 4441 3188 4498 incidisse.

53 4536 307 4608 φλυαρίαν.
530 4608 538 4614 ,

114 4630 260 4703 Ἑξῆς
303 4632 519 4696 τούτοις
581 4630 750 4699 λέγειν
796 4631 900 4694 ὅτι,
933 4649 952 4682 ί
1003 4629 1221 4702 Ἐπειδὴ
1271 4629 1413 4683 θεῖον
1452 4628 1616 4682 uvas.

52 4736 111 4786 μα
131 4717 192 4792 ἦν
228 4725 284 4777 έν
312 4723 548 4794 σώματι,
573 4724 789 4786 πάντως
818 4740 869 4774 τι
908 4721 1302 4793 παραλλάττειν
1343 4719 1473 4773 αὑτὸ
1501 4719 1612 4790 (lit)

49 4810 134 4864 τῶν
157 4814 353 4869 λοιπῶν
378 4815 553 4886 ἐχρῆν
607 4814 748 4867 κατὰ
775 4813 1020 4886 μέγεθος,
1046 4813 1078 4884 ἢ
1116 4813 1330 4875 κάλλος,
1356 4811 1608 4882 ῆάλκὴν,

48 4903 282 4978 ἦφωνὴν,
315 4908 347 4977 ἦ
381 4905 744 4977 κατάπληξιν,
777 4906 810 4976 ἦ
849 4903 1036 4958 πειθώ·
1071 4905 1348 4975 ἀμήχανον
1378 4903 1487 4974 γὰρ
1508 4903 1614 4973 ὅτῳ

49 4994 166 5048 θεῖόν
184 5016 236 5051 τι
263 4999 424 5052 πλέον
468 4997 582 5050 τῶν
611 4999 723 5070 (15)
766 4997 939 5052 ἄλλων
968 4996 1200 5067 προσῆν,
1247 4997 1411 5068 μηδὲν
1447 4996 1608 5052 ἄλλου

48 5085 312 5161 διαφέρειν.
335 5091 506 5144 Τοῦτο
531 5089 588 5142 δὲ
604 5090 752 5143 οὐδὲν
769 5090 926 5144 ἄλλου
949 5089 1214 5161 διέφερενο
1243 5090 1355 5143 ἀλλ’
1379 5089 1452 5155 ὥς
1478 5107 1610 5159 φασι

51 5185 216 5252 μικρὸν
247 5185 338 5238 καὶ
358 5184 598 5248 δυσειδὲς
623 5185 716 5237 καὶ
738 5185 928 5252 ἀγενὲς
959 5181 1050 5256 ἦν.
1095 5203 1112 5236 ι
1140 5185 1389 5238 Φαίνεται
1415 5183 1479 5254 δὴ
1513 5182 1608 5236 καὶ

45 5276 92 5326 ἐν
105 5275 318 5340 τούτοις,
344 5279 448 5340 ὅτι,
497 5277 594 5330 ἐὰν
623 5277 720 5346 μὲν
747 5280 1072 5349 κατηγορεῖν
1111 5277 1240 5350 θέλῃ
1276 5276 1368 5330 τοῦ
1406 5273 1606 5347 Ἰησοῦ,

110 5431 207 5503 ΗΟ)
239 5435 583 5503 Μαρκίωνα.
615 5432 752 5489 Vide
789 5434 879 5488 lib.
917 5449 974 5493 ν.
1011 5449 1156 5487 num.
1185 5433 1273 5487 54.

107 5500 208 5574 (Ii)
263 5500 667 5575 Μὸνομαχίας.
699 5505 803 5575 Alii
854 5505 1076 5575 mallent
1126 5500 1590 5575 Deouaxia;.i\iox

43 5570 250 5644 Gnietus
289 5570 712 5644 βοεϊόρτύγων,
753 5574 894 5628 delet
923 5573 1015 5627 καὶ
1058 5581 1112 5628 ct
1168 5570 1296 5644 legit
1322 5570 1593 5643 ίόρτύγων

42 5643 137 5696 τῶν
167 5647 431 5716 πατέρων,
455 5643 613 5713 Quod
641 5661 747 5716 non
779 5646 970 5716 probo.

105 5715 210 5778 (12)
244 5713 591 5786 Θέομαχίας.
642 5715 746 5768 Alii
797 5714 1018 5786 mallent
1065 5713 1591 5786 μονομαχίαςηΜος

47 5787 179 5854 [δι’υῆ
209 5787 295 5841 διὰ
326 5782 521 5856 γῆρας,
545 5786 740 5842 Guieto
766 5782 1110 5841 scribendum
1135 5782 1365 5850 videtur,
1397 5782 1486 5845 οὓς
1505 5783 1592 5836 διὰ

1791 4623 1876 4677 75.
1931 4623 2218 4695 Suhjungit
2263 4625 2421 4680 haec:
2476 4642 2494 4675 ι
2531 4624 2797 4692 Quoniam
2854 4623 3068 4680 divinus
3133 4625 3303 4696 spiri-

1720 4727 1808 4771 tus
1872 4729 1993 4771 erat
2039 4717 2094 4772 in
2140 4733 2393 4787 corpore,
2463 4718 2684 4773 omnino
2725 4717 2963 4787 oportuit
3006 4717 3157 4772 illum
3203 4734 3301 4774 an-

1719 4808 1976 4863 tecellere
2027 4813 2244 4865 creteris
2299 4819 2394 4864 aut
2450 4809 2862 4880 magnitudine,
2913 4819 3008 4864 aut
3056 4811 3301 4880 pulchri-

1716 4903 1923 4967 tudine,
1954 4911 2047 4956 aut
2082 4903 2311 4967 viribus,
2374 4912 2466 4957 aut
2525 4916 2676 4967 voce,
2738 4901 2908 4972 689
2953 4909 3048 4956 aut
3125 4907 3296 4978 maje-

1723 5003 1991 5061 state,aut
2027 4995 2359 5066 eloquentia.
2409 4995 2552 5050 Fieri
2605 4995 2749 5048 enim
2809 5010 2914 5048 non
2967 5004 3184 5064 potest,
3242 5006 3301 5048 u-t

1720 5095 1773 5142 tn
1825 5104 1934 5158 quo
1991 5100 2074 5144 est
2123 5089 2326 5157 aliquid
2377 5089 2616 5143 divinum
2677 5091 2820 5156 quod
2883 5089 2973 5142 alii
3024 5104 3130 5141 non
3201 5088 3300 5143 ha-

1720 5182 1869 5245 bent,
1923 5181 1966 5234 is
2018 5179 2152 5234 nihil
2200 5180 2269 5234 ab
2320 5178 2430 5234 alio
2462 5178 2696 5234 differat.
2729 5179 2828 5234 llic
2851 5191 3032 5233 autem
3063 5178 3194 5233 nihil
3230 5181 3300 5234 ab

1719 5272 1826 5326 alio
1862 5272 2254 5342 discrepabat;
2289 5271 2421 5336 imo,
2471 5281 2530 5326 ut
2576 5272 2763 5342 aiunt,
2818 5279 3026 5325 statura
3076 5270 3298 5338 exigua,

1700 5430 1900 5500 γῆρας·

1921 5498 2075 5570 Μεε.,
2109 5499 2269 5570 ὅπερ.
2294 5494 2462 5570 _Lib_b.
2493 5461 2649 5570 editi,
2687 5498 2774 5549 ὅτε
2791 5537 2822 5570 __,
2853 5497 3132 5552 mendose.

1773 5565 1886 5638 (id)
1912 5569 2146 5632 Philoc.,
2174 5567 2326 5638 αὑτό.
2380 5565 2658 5638 lltBschcl.
2692 5576 2748 5620 et
2785 5566 3074 5638 Spencen,
3102 5566 3286 5628 αὑτόν.

1698 5635 1899 5693 Ibidem
1929 5638 2159 5701 Philoc.,
2184 5635 2228 5708 ﬁ
2265 5635 2405 5688 κατὰ
2441 5636 2690 5708 μέγεθος,
2728 5638 2760 5708 ἢ
2793 5638 2936 5692 κατὰ
2967 5637 3182 5702 κάλλος.

1772 5711 1880 5779 (15)
1912 5709 2146 5772 Philem,
2176 5703 2226 5773 ᾧ
2253 5707 2314 5779 το
2335 5703 2674 5779 θεῖον-πλέον
2705 5703 2759 5759 τι
2786 5709 2912 5765 τῶν.
2951 5709 3073 5764 Mox
3096 5709 3289 5765 eadem

1699 5776 1929 5847 Philoc.,
1963 5779 2022 5831 τὸ
2054 5779 2110 5830 δέ
2142 5795 2202 5846 γε
2237 5778 2385 5830 οὐδὲν
2420 5776 2576 5831 ἄλλου
2606 5778 2869 5847 διέφερεν.
