3894 6520
85 347 255 403 ms

1274 340 1553 398 CONTRA
1592 340 1873 398 CELSUM
1910 339 2038 394 LIB.
2077 335 2169 396 Vl.

3235 339 3383 399 14ίό

86 461 247 514 ἀλλά
267 458 331 512 τὺ
367 451 504 522 εἶδος
518 456 683 511 αὐτοῦ
722 455 934 527 ἄτιμον,
968 452 1059 508 καὶ
1098 451 1346 507 ἐκλεῖπον
1381 453 1532 525 ποιρά
1578 453 1702 517 τοὺς

1814 469 1983 524 neque
2015 454 2212 525 gloria,
2247 459 2302 507 et
2334 451 2569 508 vidimus
2607 467 2754 519 eum,
2797 463 2850 509 et
2880 468 2986 510 non
3023 454 3252 511 habebat
3281 455 3379 512 de-

83 553 260 614 υίοϋς
292 551 400 604 τῶν
426 547 746 619 ἀνθρώπων.
784 568 802 598 ι
839 544 964 618 Ἆρ’
999 541 1092 599 οῦν
1124 545 1327 598 τούτων
1373 546 1471 616 μὲν
1505 547 1533 597 ὁ
1562 544 1698 596 Κέλ-

85 661 196 708 σος
225 645 446 716 ἤκουεν,
473 643 594 696 ἐπεὶ
623 641 758 712 ῷετο
779 639 925 709 αὐτῷ
953 641 1198 710 χρήσιμοι
1224 635 1358 690 εἶναι
1377 640 1456 700 εἰς
1485 637 1542 688 τὸ
1569 653 1699 688 κατ-

79 733 427 804 ηγορεῖσθαι
470 733 562 786 τὸν
601 731 824 803 Ἰησοῦν·
857 731 1038 784 οὐκέτι
1066 730 1122 781 δὲ
1164 729 1432 802 προσέσχε
1463 730 1574 789 τοῖς
1607 726 1697 778 λε-

83 825 362 894 γομένοις
392 827 450 876 ἐν
474 821 897 894 τεσσαρακοστῷ
919 821 1164 892 τετάρτῳ
1183 819 1382 889 ψαλμῴ
1413 819 1545 888 (l9),
1576 817 1697 869 τίνα

83 915 310 984 τρόπον
351 914 587 982 λέγεται·
623 933 641 963 ι
687 913 994 982 Περίζωσαι
1042 911 1139 981 τὴν
1177 911 1450 981 ῥομφαίαν
1483 927 1574 962 σου
1609 906 1700 959 ἐπὶ⁹

83 1007 192 1058 τὸν
246 1006 420 1077 μηρόν
471 1023 586 1071 σου,
619 1005 829 1059 δυνατέ.
883 1005 961 1075 Τῇ
1001 1003 1293 1073 ὡραιότητί
1335 1019 1428 1054 σου
1483 1004 1576 1056 καὶ
1623 996 1700 1068 τῷ

84 1097 297 1150 κάλλει
341 1115 432 1149 σου
456 1099 552 1150 καὶ
587 1096 820 1149 ἕντεινον
850 1095 982 1167 (90),
1007 1096 1103 1147 καὶ
1136 1093 1443 1156 κατευοδοῦ,
1481 1095 1574 1147 καὶ
1605 1095 1701 1164 βα-

87 1189 312 1240 σίλευε.
354 1207 371 1237 ι

176 1280 365 1331 Ἔστω
429 1277 486 1330 δὲ
557 1279 630 1348 μὴ
695 1277 1057 1344 ἀνεγνωκέναι
1125 1276 1284 1329 αὐτὸν
1348 1277 1445 1344 τὴν
1495 1293 1702 1348 προφη-

82 1371 281 1432 τείαν,
314 1370 346 1439 ἢ
375 1371 718 1438 άνεγνωκότα
752 1368 1150 1440 περιεσπᾶσθαι
1199 1369 1302 1421 ὑπὸ
1348 1368 1456 1421 τῶν
1493 1386 1702 1440 παρερ-

91 1461 454 1529 μηνευόντων
495 1461 686 1530 αὐτὴν,
720 1461 792 1523 ὡς
827 1461 886 1512 οὺ
923 1460 1050 1530 περί
1089 1460 1262 1530 Ἰησοῦ
1288 1461 1524 1532 Χριστοῦ
1563 1480 1700 1534 προ-

87 1550 509 1620 φητευομένην·
537 1551 588 1603 τί
611 1555 770 1621 φήσει
807 1552 916 1621 (‘2!)
947 1553 1037 1605 καὶ
1067 1555 1195 1623 περὶ
1220 1553 1312 1606 τοῦ
1342 1555 1696 1624 Εὑαγγελίου,

87 1644 159 1693 ἐν
196 1635 265 1709 ᾧ,
291 1643 493 1706 ἀναϐὰς
517 1646 594 1706 εἰς
613 1643 812 1715 ὑψηλὸν
856 1645 1000 1716 ὅρος,
1058 1645 1452 1719 μετεμορφώθη
1493 1648 1701 1721 ἐμπρο-

90 1733 236 1786 σθεν
252 1733 363 1786 τῶν
392 1734 668 1802 μαθητῶν,
697 1736 790 1788 καὶ
809 1735 963 1806 ὤφθη
989 1739 1044 1789 ἐν
1063 1736 1186 1808 δόξῃ
1208 1755 1220 1801 ;
1240 1738 1327 1789 ὅτε
1352 1740 1445 1791 καὶ¹
1461 1741 1698 1811 Μωῦσῆς

1801 562 2007 612 corem,
2071 559 2246 614 neque
2300 544 2806 614 pulchritudinem;
2855 547 2950 601 sed
3003 549 3212 616 species
3263 548 3384 616 ejus

1802 636 2082 701 indecora,
2117 645 2169 690 ct
2202 635 2462 690 deﬁciens
2493 652 2606 704 prae
2642 636 2769 691 [iiiis
2795 638 3072 692 hominum
3105 639 3170 693 ⁸ο.
3206 658 3224 692 ι
3257 639 3382 695 Hzrc

1801 727 2010 781 audivit
2049 726 2258 789 Celsus,
2293 727 2420 795 quia
2457 727 2560 780 sibi
2609 727 2676 781 ad
2708 727 3152 784 calumniandum
3195 729 3380 788 Jesum

1806 817 1959 870 utilia
2005 831 2128 870 esse
2155 817 2513 878 videbantur;
2559 833 2904 886 nequaquam
2935 830 3114 872 autem
3155 823 3384 875 attendit

1803 909 1869 960 ad
1901 909 2000 961 ista
2034 908 2231 976 psalmi
2257 924 2382 962 xuv
2412 925 2426 962 :
2467 927 2485 959 ι
2527 909 2832 979 Accingere
2870 910 3050 978 gladio
3097 912 3265 982 690
3293 925 3384 967 tuo

1802 1013 1967 1066 super
2014 998 2190 1051 femur
2227 1007 2400 1065 tuttm,
2435 1009 2651 1069 potens.
2686 1002 2877 1069 Specie
2913 1013 3004 1055 tua
3035 1013 3090 1058 et
3143 1006 3384 1074 pulchri-

1805 1092 1989 1146 tudine
2009 1099 2121 1157 tua,
2152 1091 2396 1158 intende,
2431 1108 2691 1162 prospere
2723 1096 2960 1164 procede
2983 1104 3040 1150 et
3071 1097 3320 1166 regna".
3358 1116 3376 1149 ι

1875 1273 1963 1328 76.
1990 1274 2122 1330 Esto
2155 1289 2285 1330 vero
2321 1285 2421 1330 aut
2462 1292 2569 1332 non
2598 1278 2738 1333 hanc
2767 1279 2961 1349 legerit
3004 1281 3344 1350 prophetiam
3367 1321 3382 1344 .

1803 1374 1895 1418 aut
1922 1365 2119 1434 legerit
2141 1365 2388 1436 quidem,
2425 1368 2518 1422 sed
2548 1369 2808 1439 deceptus
2831 1370 2995 1426 fuerit
3023 1371 3091 1426 ab
3118 1373 3384 1443 imperitis

1805 1457 2203 1526 interpretibus
2233 1459 2326 1527 qui
2374 1459 2522 1513 illam
2555 1463 2622 1515 ad
2654 1460 2841 1516 Jesum
2891 1463 3170 1532 pertinere
3216 1480 3382 1535 nega-

1805 1556 1927 1601 rent
1957 1565 1970 1601 :
2005 1547 2136 1617 quid
2172 1548 2238 1602 de
2272 1549 2568 1620 Evangelia
2600 1551 2746 1606 dicet
2794 1551 2882 1606 ubi
2945 1563 3205 1608 narratur
3240 1555 3286 1586 ⁶²
3330 1557 3382 1608 in

1807 1647 2043 1693 montem
2067 1639 2345 1694 excelsum
2398 1643 2736 1712 ascendisse,
2765 1644 3184 1714 transﬁguratus
3216 1645 3385 1702 fuisse

1805 1744 1991 1782 coram
2022 1730 2308 1799 discipulis
2345 1741 2400 1785 et
2453 1734 2600 1788 visus
2658 1737 2822 1790 fuisse
2858 1736 2912 1790 in
2945 1736 3138 1806 gloria,
3189 1737 3280 1791 ubi
3331 1747 3388 1793 et

91 1822 204 1876 καὶ
251 1824 437 1888 Ἠλίας
462 1825 714 1893 ὀφθέντες
749 1829 805 1878 ἐν
831 1826 958 1898 δόξῃ
997 1847 1013 1877 ι
1046 1827 1230 1896 ἔλεγον
1253 1829 1352 1900 τὴν
1384 1829 1560 1894 ἔξοδον
1605 1833 1702 1886 αὑ-

1814 1820 2024 1890 Moyses
2049 1833 2104 1876 et
2143 1823 2292 1878 Elias
2328 1822 2426 1876 visi
2460 1824 2513 1877 in
2545 1825 2716 1894 gloria
2760 1845 2779 1876 ι
2819 1827 3075 1880 dicebant
3102 1842 3385 1883 excessum

90 1912 226 1976 τοῦ,
263 1912 539 1983 ἢνιὲμελλε
565 1913 805 1984 πληροῦν
826 1917 882 1967 ἐν
921 1916 1289 1988 Ἰερουσαλήμ.
1328 1937 1344 1967 ι
1383 1920 1453 1970 Ἢ
1483 1920 1576 1972 ἐὰν
1601 1919 1699 1990 μὲν

93 2006 398 2075 προψήτης
429 2004 582 2076 λέγῃ,
609 2025 629 2056 ι
666 2005 889 2076 Είδομεν
920 2007 1098 2070 αὑτὸν,
1119 2009 1212 2060 καὶ
1244 2009 1343 2062 οῦκ
1364 2005 1506 2080 εἶχεν
1538 2007 1697 2077 εἶδος,

91 2096 228 2150 οὐδὲ
251 2096 468 2160 κάλλος,
515 2117 531 2146 ι
563 2098 655 2149 καὶ
692 2097 758 2149 τά
797 2097 944 2166 ἑξῆς·
978 2098 1072 2150 καὶ
1098 2101 1126 2152 ὁ
1158 2098 1366 2162 Κέλσος
1400 2103 1700 2173 παραδέχε-

91 2203 198 2239 ται
251 2185 351 2256 τὴν
387 2186 720 2256 προφητείαν
766 2185 966 2254 ταύτην
997 2187 1089 2238 ἐπὶ
1115 2186 1205 2238 τὸν
1245 2186 1450 2257 Ἰησοῦν
1498 2188 1702 2257 ἀναφέ-

96 2277 325 2348 ρεσθαι,
372 2275 694 2344 τυφλώττων
725 2278 851 2348 περὶ
889 2276 985 2347 τὴν
1016 2277 1329 2348 παραδοχὴν
1354 2277 1447 2330 τοῦ
1471 2277 1702 2349 λεγομέ-

96 2387 224 2431 νου,
280 2368 374 2420 καὶ
405 2368 502 2437 οὐχ
533 2367 694 2438 ὁρῶν,
729 2369 808 2420 ὅτι
843 2367 1049 2438 μεγάλη
1100 2371 1408 2438 κατασκευή
1444 2373 1557 2422 ἐστι
1607 2371 1700 2423 τοῦ

94 2458 199 2510 τὸν
231 2459 479 2529 ἄμορφον
512 2453 650 2510 εἶναι
681 2457 939 2510 δοκοῦντα
985 2457 1188 2527 Ἰησοῦν
1223 2458 1347 2510 Υἱὸν
1386 2455 1522 2512 εἶναι
1546 2459 1701 2522 Θεοῦ,

97 2555 170 2606 τὺ
201 2554 309 2624 πρὸ
323 2552 530 2606 πολλῶν
705 2552 840 2604 ὲτῶν
863 2552 962 2620 τῆς
999 2551 1262 2619 γενέσεως
1296 2551 1460 2603 αὐτοῦ
1501 2567 1705 2622 προπε-

102 2644 418 2716 φητεῦσθαι
466 2645 558 2696 καὶ
603 2644 729 2714 περὶ
773 2643 866 2696 τοῦ
901 2643 1072 2705 εἴδους
1124 2642 1307 2694 αὐτοῦ’
1343 2643 1436 2695 ἐὰν
1469 2643 1521 2696 δέ
1549 2644 1704 2707 ἄλλος

102 2737 400 2808 προφήτης
431 2736 740 2806 ὡραιότητα
769 2737 862 2788 καὶ
897 2735 1090 2798 κάλλος
1123 2731 1261 2788 εἶναι
1285 2735 1416 2806 λέγῃ
1450 2737 1577 2806 περὶ
1610 2737 1705 2789 αῦ-

101 2829 224 2892 τὸν,
255 2828 437 2880 οὐκέτι
465 2827 710 2896 βούλεται
738 2828 835 2898 τὴν
861 2825 1196 2898 προφητείαν
1229 2827 1306 2890 εἰς
1325 2826 1556 2896 Χριστὸν
1593 2828 1702 2900 (25)

101 2924 513 2994 ἁναφέρεσθαις
541 2926 650 2978 Καὶ
672 2925 836 2994 εἰμὲν
872 2925 1058 2994 σαφῶς
1081 2921 1146 3000 ὴν
1177 2926 1283 2978 ἀπὸ
1324 2927 1430 2977 τῶν
1459 2927 1701 2993 Εῦαγγε-

102 3019 242 3070 λίων
262 3019 467 3082 λαϐεῖν,
496 3021 598 3079 ὅτι,
636 3037 653 3068 ι
687 3021 797 3071 Οὐκ
827 3013 968 3087 εἶχεν
1002 3012 1160 3081 εἶδος,
1179 3019 1298 3071 οὐδὲ
1329 3019 1543 3084 κάλλος,
1569 3019 1703 3072 ἀλλά

105 3109 177 3161 τὸ
208 3106 352 3172 εἶδος
387 3109 549 3162 αὑτοῦ
603 3112 792 3180 ἄτιμον
839 3108 927 3184 ἦν,
969 3112 1060 3166 καὶ
1093 3111 1340 3164 ἐκλεῖπον
1389 3111 1535 3184 παρά
1580 3113 1704 3176 τοὺς

104 3202 264 3264 υἱοὺς
320 3201 426 3253 τῶν
479 3200 798 3272 ἀνθρώπων⁸
855 3223 872 3252 ι
910 3204 1053 3256 είποι
1101 3203 1164 3256 ἄν
1211 3219 1312 3266 τις,
1368 3203 1425 3255 οῦ
1465 3203 1603 3256 κατά
1644 3202 1704 3255 τὸ

107 3294 453 3363 προφητικὸν
476 3293 757 3364 εἰρηκέναι
781 3293 952 3346 ταῦτα
978 3295 1068 3347 τὸν
1111 3295 1338 3357 Κέλσον,
1378 3293 1513 3346 ἀλλά
1562 3293 1705 3348 κατά

103 3384 174 3437 τὸ
207 3385 561 3451 εὖαγγελικόν
609 3385 742 3454 (24)·
782 3387 899 3437 νυνὶ
939 3385 1014 3450 δέ,
1043 3385 1166 3438 οῦτε
1195 3386 1300 3439 τῶν
1337 3385 1702 3453 Εῦαγγελίων,

106 3473 229 3526 ἀλλ’
262 3475 383 3526 οὐδὲ
413 3473 517 3526 τῶν
545 3475 856 3527 ἀποστόλων
907 3476 1298 3545 ἐμφαινόντων,
1329 3477 1408 3528 ὅτι
1436 3477 1534 3528 οῦκ
1562 3471 1705 3545 εἶχεν

106 3560 280 3628 εἶδος,
307 3565 425 3617 οὐδὲ
455 3565 668 3628 κάλλος,
700 3567 887 3634 σαφὲς,
912 3568 993 3618 ὅτι
1019 3566 1080 3618 τὸ
1107 3568 1213 3619 ἀπὸ
1237 3568 1334 3637 τῆς
1371 3567 1704 3638 προφητείας

106 3655 486 3724 ἀναγκάζεται
539 3657 958 3728 παραδέχεσθαι,
1011 3659 1086 3720 ὼς
1132 3658 1526 3729 ἀληθευόμενον
1579 3659 1706 3729 περὶ

107 3747 378 3820 Χριστοῦ·
406 3749 543 3818 ὅπερ
567 3749 744 3802 οὐκέτι
779 3750 1064 3820 ἐπιτρέπει
1091 3749 1189 3812 τάς
1214 3750 1341 3820 περὶ
1371 3747 1546 3820 Ἰησοῦ
1572 3765 1706 3802 κατ-

108 3842 349 3913 ηγορίας
382 3842 711 3912 προϐαίνειν.

203 3934 375 3988 Πάλιν
429 3951 487 3986 τε
540 3930 604 3987 αὖ
658 3937 686 3987 ό
741 3934 948 4002 λέγων,
989 3952 1007 3984 ι
1043 3932 1261 4006 Ἐπειδὴ
1305 3933 1444 3987 θεῖον
1493 3934 1708 4004 πνεῦμα

109 4023 183 4097 ἦν
211 4027 270 4078 ἐν
297 4025 524 4095 σώματι,
558 4027 770 4090 πάντως
796 4025 1190 4096 παραλλάττειν
1214 4027 1342 4079 αὐτὸ
1368 4027 1475 4079 τῶν
1507 4027 1706 4079 λοιπῶν

112 4117 348 4188 ἐχρῆνῆ
384 4116 521 4169 κατά
553 4115 802 4186 μέγεθος,
844 4117 876 4186 ἢ
929 4116 1133 4184 φωνὴν,
1171 4115 1202 4183 ἢ
1247 4115 1437 4185 ἀλκὴν,
1470 4115 1502 4185 ἢ
1546 4117 1709 4168 κατά-

113 4210 337 4280 πληξιν,
392 4207 424 4278 ἢ
460 4207 650 4260 πειθώο
701 4227 720 4260 ›
760 4207 875 4270 πῶς
905 4209 1002 4278 οὐχ
1054 4206 1197 4278 ἐώρα
1227 4208 1287 4259 τὸ
1331 4207 1704 4276 παραλλάττον

112 4301 213 4354 τοῦ
248 4300 497 4370 σώματος
526 4299 691 4353 αὑτοῦ
723 4300 857 4370 πρὸς
889 4300 949 4352 τὸ
979 4302 1088 4362 τοῖς
1119 4299 1286 4368 ὁρῶσι
1324 4298 1567 4362 δυνατὸν,
1615 4299 1710 4351 καὶ

112 4394 207 4446 διὰ
241 4392 402 4445 τοῦτο
433 4395 722 4463 χρήσιμον,
758 4392 963 4444 τοιοῦτο
1001 4391 1342 4460 φαινόμενον,
1388 4391 1570 4442 ὁποῖον
1603 4389 1707 4442 ἔδει

1808 1912 1950 1980 ejus,
1982 1927 2144 1981 quem
2173 1913 2546 1982 completurus
2577 1926 2696 1969 erat
2723 1915 2776 1970 in
2804 1914 3110 1974 Jerusalem
3136 1918 3221 1972 "‘1'
3256 1939 3274 1972 ι
3303 1923 3386 1973 An

1806 2021 1929 2060 cum
1971 2007 2236 2076 propheta
2269 2007 2443 2064 dicit:
2479 2025 2499 2060 ι
2541 2007 2787 2064 Vidimus
2817 2026 2939 2066 eum
2975 2022 3166 2068 etnon
3218 2013 3388 2068 hahe-

1811 2097 1904 2153 bat
1951 2098 2228 2163 decorem,
2254 2113 2430 2165 neque
2475 2099 2935 2168 pulchritudinem
2965 2103 3034 2168 “,
3075 2122 3093 2156 ι
3137 2113 3271 2170 elc.,
3296 2105 3390 2160 ad-

1813 2187 1983 2241 mittit
2012 2187 2205 2242 Celsus
2247 2188 2392 2243 hanc
2425 2189 2767 2258 prophetiam
2805 2191 2872 2245 ad
2917 2191 3101 2247 Jesum
3140 2204 3390 2263 spectare

1813 2278 2146 2350 (quanquam
2173 2295 2348 2335 camus
2381 2294 2508 2344 erga
2537 2281 2697 2351 hujus
2725 2283 2826 2338 loci
2860 2285 3388 2354 interpretationem,

1811 2387 1916 2425 non
1955 2371 2103 2425 videt
2136 2387 2334 2442 magno
2367 2384 2691 2442 argumento
2715 2390 2834 2429 esse
2861 2374 3047 2430 Jcsum
3091 2377 3262 2442 illum,
3295 2377 3388 2446 qni

1809 2463 2076 2518 deformis
2111 2464 2422 2528 videbatur,
2478 2464 2570 2518 Dei
2605 2482 2724 2520 esse
2773 2467 2995 2534 Filium,
3027 2469 3170 2538 quod
3202 2468 3390 2522 multis

1810 2564 2106 2622 antequam
2167 2566 2484 2610 nasceretur
2514 2557 2676 2610 anuis
2706 2559 3020 2626 praedictum
3059 2560 3227 2614 fuerit
3280 2575 3390 2628 qua

1811 2640 1984 2696 forma
2020 2643 2236 2698 futurus
2264 2643 2461 2713 esset);
2492 2661 2615 2699 cum
2653 2653 2782 2702 vero
2810 2647 2948 2702 alter
2977 2649 3240 2720 propheta
3268 2663 3392 2718 spe-

1810 2734 1894 2787 cie
1930 2734 2078 2788 ἰΙΙιιιιι
2111 2745 2164 2788 et
2191 2735 2591 2804 pulchritudine
2622 2739 2905 2807 praeditum
2934 2755 3055 2794 esse
3078 2741 3391 2804 dicit,banc

1810 2826 2154 2894 prophetiam
2185 2827 2250 2880 ad
2272 2827 2549 2882 Christum
2585 2829 2792 2884 referre
2822 2846 2925 2884 nou
2957 2831 3102 2886 vult?
3131 2831 3186 2885 Si
3215 2832 3393 2886 Evan-

1812 2916 1952 2987 gelia
1973 2917 2120 2970 clare
2143 2919 2517 2988 exprimerent
2553 2939 2570 2971 ι
2607 2921 2810 2975 nullum
2840 2923 2983 2977 illius
3027 2923 3196 2979 fuisse
3228 2925 3392 2980 decu-

1812 3024 1926 3063 rem
1963 3019 2058 3063 aut
2102 3011 2584 3080 pulchritudinem,
2625 3013 2718 3066 sed
2756 3013 3001 3084 lor-mam
3059 3016 3181 3086 ejus
3213 3016 3389 3087 inglo-

1814 3103 1948 3156 riam
1980 3103 2146 3156 fuisse
2169 3115 2221 3157 et
2245 3104 2589 3160 deiicientem
2616 3121 2726 3174 pra:
2755 3107 2882 3162 liliis
2909 3110 3252 3176 hominum,»
3274 3112 3389 3166 hate

1732 3163 1774 3222 Ο
1810 3191 1994 3246 dicere
2021 3194 2142 3262 quis
2179 3206 2359 3263 posset
2390 3212 2418 3249 a
2445 3197 2603 3251 Celso
2635 3213 2738 3250 non
2763 3213 2828 3250 ex
2876 3200 3174 3268 prophetis,
3202 3203 3294 3256 sed
3323 3219 3390 3258 ex

1811 3284 2123 3354 Evangeliis
2155 3284 2346 3341 hausta
2388 3289 2584 3355 fuisse;
2614 3307 2740 3346 cum
2783 3301 2965 3345 autem
3009 3293 3391 3364 uec'Evange-

1810 3374 1880 3428 lia
1911 3391 2010 3429 nec
2045 3378 2275 3445 apostoli
2306 3380 2589 3434 declarent
2613 3381 2815 3435 nullam
2844 3384 2918 3437 illi
2955 3384 3121 3440 fuisse
3151 3389 3389 3456 speciem

1808 3477 1862 3521 ct
1915 3468 2418 3536 pulchritudinem,
2469 3474 2693 3528 evidens
2744 3484 2829 3529 est
2879 3477 2996 3546 cogi
3050 3477 3267 3533 Celsum
3324 3481 3392 3535 ad

1809 3560 2182 3616 conﬁtendum
2239 3565 2584 3634 prophetiam
2635 3567 2778 3621 hanc
2822 3570 2874 3622 in
2927 3569 3144 3625 Christo
3203 3573 3394 3642 imple-

1812 3665 1921 3708 tam
1955 3657 2124 3712 fuisse
2157 3674 2170 3709 :
2208 3659 2260 3712 id
2297 3660 2444 3728 quod
2477 3660 2594 3728 ejus
2625 3660 2691 3715 de
2715 3659 2844 3716 Jesu
2881 3663 3186 3720 calunmias
3215 3669 3390 3737 repri-

1811 3745 1930 3802 mit.

1883 3925 1970 3980 77.
1998 3925 2230 3983 Rursum
2268 3943 2392 3984 cum
2420 3930 2550 3988 dicit
2583 3950 2597 3986 :
2645 3951 2664 3986 ι
2697 3935 2964 4002 Quoniam
3003 3939 3217 3994 divinus
3263 3939 3390 4010 Spi-

1816 4021 1953 4073 ritus
1985 4020 2038 4073 iu
2073 4036 2306 4091 corpore
2333 4035 2476 4091 erat,
2507 4027 2730 4081 omnino
2774 4030 3012 4098 oportuit
3052 4031 3200 4084 illum
3232 4043 3394 4087 czetc-

1811 4112 1887 4164 ris
1916 4122 2176 4180 praestare
2201 4119 2705 4186 autmagnitudine,
2732 4129 2825 4173 aut
2852 4135 3005 4186 voce,
3041 4132 3133 4175 aut
3162 4122 3392 4186 viribus,

1811 4212 1906 4257 aut
1936 4205 2242 4274 majestate,
2295 4219 2390 4262 aut
2420 4212 2768 4279 eloquentia;
2811 4232 2829 4264 ι
2863 4213 3137 4282 quomodo
3172 4229 3280 4268 non
3311 4217 3397 4268 vi-

1810 4295 1891 4348 dit
1915 4312 2112 4365 cerpus
2143 4298 2272 4352 illud
2306 4299 2405 4354 hoc
2433 4305 2648 4356 caeteris
2681 4305 3092 4368 antecelluisse,
3125 4304 3268 4372 quod
3294 4321 3392 4374 pro

1813 4387 2074 4454 cujusque
2124 4400 2287 4459 captu
2341 4402 2395 4445 et
2421 4402 2581 4458 prout
2606 4393 2734 4447 utile
2773 4404 2914 4460 erat,
2951 4393 3060 4448 tale
3088 4394 3392 4461 videretur,

116 4483 340 4552 ἑκάστῳ
363 4482 686 4551 βλέπεσθαις
724 4484 834 4535 Καὶ
857 4482 916 4534 οῦ
950 4481 1395 4552 θαυμαστὸν,τὴν
1422 4481 1702 4551 φύσει(25)

1814 4481 1974 4549 quale
1995 4481 2226 4552 singulis
2259 4483 2428 4537 videri
2464 4485 2790 4553 oportebat?
2818 4484 3001 4554 Neque
3029 4501 3157 4541 vero
3193 4487 3390 4542 mirum

114 4577 362 4645 τρεπτὴν
395 4576 488 4627 καὶ
520 4574 835 4643 ἀλλοιωτὴν,
866 4575 957 4626 καὶ
990 4577 1069 4637 είς
1105 4573 1278 4626 πάντα
1324 4571 1358 4625 ἂ
1415 4571 1660 4641 βούλεται
1683 4575 1711 4626 ὁ

116 4666 451 4737 δημιουργὸς
479 4666 610 4738 ῦλην
658 4665 1016 4737 μεταϐλητὴν,
1067 4666 1160 4718 καὶ
1205 4665 1384 4736 πάσης
1423 4665 1708 4734 ποιότητος

119 4759 190 4828 ἣν
212 4761 241 4812 ὁ
268 4757 516 4828 τεχνίτης
551 4757 796 4828 βούλεται
829 4757 1102 4826 δεκτικὴν,
1143 4755 1232 4808 ὁτὲ
1261 4757 1357 4826 μὲν
1385 4755 1526 4826 ἔχειν
1567 4755 1711 4807 ποιό·

119 4865 282 4920 τητα,
331 4847 451 4901 καθ’
499 4848 564 4918 ἣν
597 4847 812 4914 λέγεται
849 4845 1069 4913 (amca,
1099 4864 1116 4895 ‹
1176 4845 1288 4897 Οὐκ
1342 4841 1488 4914 εἶχεν
1545 4840 1704 4908 εἶδος,

117 4939 245 4994 οὐδὲ
297 4938 508 5002 κάλλος·
563 4959 580 4990 ι
643 4938 731 4991 ὁτὲ
776 4937 833 4989 δὲ
896 4935 1067 5000 οὕτως
1122 4934 1331 5000 ἔνδοξον
1393 4936 1488 4988 καὶ⁹
1531 4953 1708 4990 κατα-

195 5080 242 5111 ⁶⁶
276 5079 377 5134 lsa.
403 5093 523 5144 Llll,
560 5076 612 5143 1,
640 5076 704 5142 2,
739 5077 793 5132 5.
890 5074 931 5107 ⁶¹
967 5073 1108 5129 Psal.
1145 5089 1292 5141 κων,
1319 5075 1376 5144 4,
1408 5076 1462 5132 5.

121 5151 171 5183 ⁸⁸
199 5149 338 5205 Ibid.

194 5294 308 5366 (19)
341 5295 582 5366 Ψαλμῷ.
627 5295 756 5349 Post
784 5295 928 5366 hanc
957 5309 1143 5350 vocem
1199 5294 1349 5350 addit
1382 5294 1698 5362 Philocalia,

117 5365 210 5438 τῷ
229 5366 374 5438 ςῦπέρ
387 5365 495 5438 ,τοῦ
525 5365 828 5438 ἀγαπητοῦ.

197 5437 309 5508 (20)
340 5433 580 5502 Philoc.,
601 5433 1090 5508 ἐντεινε.Ῠ11ωεςιι.,
1118 5433 1365 5508 ἐντειναι.
1389 5435 1556 5508 Paulo
1583 5447 1703 5505 post

119 5505 359 5569 Philoe.,
394 5507 790 5577 περιεσπεισθαι
816 5507 920 5577 ὑπὸ
949 5506 1074 5558 τῶν.
1137 5505 1407 5561 Ηωεοιιθι.
1441 5517 1493 5561 et
1525 5507 1700 5576 Spen—

120 5594 262 5638 cer.,
293 5575 660 5645 περισπᾶσθαι
692 5578 796 5630 ὑπὺ
826 5575 958 5629 τῶν.

196 5644 312 5715 (⁸21)
345 5644 578 5718 Philam,
616 5649 766 5718 φησί.

193 5717 307 5804 (22)
344 5717 572 5807 Philoc.2
599 5717 747 5807 μέγα
763 5721 828 5788 τῇ
857 5720 1160 5807 κατασκευῇ
1189 5719 1497 5807 ἐστιὶτὸητὸν
1526 5719 1697 5807 ἀμορῖ

119 5787 220 5857 (ρον
253 5787 390 5842 εἶναι
419 5787 675 5841 δοκοῦντα
714 5787 918 5857 Ἰησοῦν
953 5789 1076 5843 re»
1109 5787 1244 5843 εἶναι
1281 5789 1436 5855 Θεοῦ,
1469 5787 1574 5843 καὶ
1596 5787 1698 5860 πρὸ

1568 5075 1611 5106 ⁸³
1644 5075 1837 5134 Matth.
1891 5092 2028 5144 xvn,
2061 5078 2086 5132 1
2124 5087 2179 5133 et
2203 5094 2358 5149 seqq.

1816 4579 1900 4624 est
1929 4571 2192 4637 materiae,
2219 4588 2358 4639 qum,
2388 4582 2445 4626 ut
2477 4572 2755 4628 Conditori
2782 4574 2929 4637 libet,
2959 4577 3012 4629 iu
3043 4575 3226 4630 omnia
3254 4577 3392 4632 verti

1816 4673 1870 4716 et
1920 4664 2118 4716 mutari
2159 4673 2340 4734 potest
2382 4680 2708 4735 omnemque
2754 4681 2854 4736 pro
2881 4667 3112 4722 artiﬁcis
3165 4667 3396 4724 arbitrio

1817 4753 2134 4822 qualitatem
2169 4757 2437 4825 accipere,
2473 4757 2632 4812 modo
2686 4759 2904 4826 quidem
2955 4759 3134 4814 inesse
3160 4757 3395 4830 qualita-

1818 4853 1923 4899 tem
1959 4862 2080 4914 quae
2126 4846 2336 4902 dederit
2392 4847 2566 4902 locum
2629 4848 2890 4904 dicendi:
2930 4866 2950 4900 ι
2984 4847 3103 4904 Non
3155 4849 3393 4904 habebat

1816 4937 2069 4992 decorem
2090 4953 2264 5007 neque
2281 4937 2749 5010 pulchritudinem
2768 4941 2837 5007 ",
2862 4959 2881 4993 ι
2902 4940 3062 4996 modo
3085 4949 3264 4996 autem
3282 4949 3391 4994 tam

2463 5077 2508 5110 ⁸⁸
2535 5076 2668 5132 Luc.
2698 5093 2776 5146 Ix,
2803 5078 2894 5134 3i.
2973 5077 3020 5118 "
3053 5077 3156 5134 lsa.
3180 5093 3300 5143 ιιιι,
3329 5076 3384 5132 2-

1812 5297 2043 5362 πολλῶν,
2075 5309 2184 5352 etc.

1881 5369 1994 5438 (ἓὸ)
2025 5368 2254 5433 Philoc.,
2288 5369 2365 5431 εἰς
2408 5369 2615 5440 Ἰησοῦν
2643 5367 2893 5440 Χριστόνῗ
2955 5365 3270 5440 Paulo‘post
3297 5379 3389 5440 ea-

1811 5434 1930 5492 dem
1964 5434 2223 5509 Philoc.,_
2241 5440 2432 5508 ἄτιμον
2470 5434 2726 5492 ’ἐκλεῖπον
2759 5437 2910 5509 παρά
2940 5439 3063 5501 τοὺς
3089 5437 3238 5504 υἱοὺς
3279 5434 3390 5493 τῶν

1810 5509 1906 5562 ἀνθ
1964 5508 2141 5560 τπωνο
2174 5505 2415 5563 εἷπενάν
2441 5527 2544 5573 τις.

1881 5525 1992 5648 (ίςῦ
2018 5577 2248 5642 Philoe.,
2279 5579 2414 5632 ἀλλά
2449 5597 2544 5632 κατ

1881 5577 1991 5650 (‘24)
2018 5577 2248 5642 Philoc.,
2279 5579 2414 5632 άλλά
2449 5581 2588 5633 κατὰ
2611 5581 2671 5633 τὸ
2701 5577 3052 5650 Εὑαγγέλιον.

1881 5649 1990 5721 (25)
2023 5649 2362 5721 ilmschelius
2398 5651 2448 5703 in
2485 5660 2654 5721 textu,
2691 5651 2874 5720 φύσιν,
2906 5649 3069 5706 male.

1881 5720 1992 5791 (26)
2024 5719 2254 5786 Pliiloc.,
2286 5719 2549 5774 λέλεκται.
