3894 6526
511 346 652 406 Nili

1954 339 2274 397 ORIGENIS

3650 345 3771 403 1416

506 465 864 538 splendidam,
899 465 1218 535 stupendam
1271 473 1432 534 atque
1461 464 1859 529 admirabilem,
1891 473 1948 518 ιιι
1971 474 2057 518 tre

2189 461 2492 532 πληκ-τικὴν
2544 461 2635 515 καὶ
2683 458 3022 531 θαυμαστὴν,
3073 460 3149 524 ὡς
3206 460 3300 514 ἐπὶ
3350 459 3646 531 πρόσωπον
3691 480 3772 516 πε-

508 557 734 627 apostoli
759 556 851 625 qui
883 571 1007 610 cum
1034 555 1163 611 Jesu
1187 557 1545 611 ascenderant
1567 566 1620 610 et
1650 564 1813 609 tautae
1842 554 2078 625 pulchri-

507 647 710 703 tudinis
734 648 948 702 fuerant
977 656 1334 716 spectatores,
1363 647 1416 702 in
1439 647 1633 702 faciem
1662 645 2074 717 prociderint“.

505 739 702 795 Verum
736 742 850 796 hmc
879 750 937 794 ut
960 750 1014 795 et
1042 749 1236 795 caetera
1258 756 1377 810 qua:
1403 741 1468 795 de
1487 740 1612 794 Jcsu
1636 750 1924 794 narrantur
1950 754 2077 808 pro-

503 835 646 905 digia
685 851 781 904 pro
815 833 1087 904 figmentis
1120 835 1363 900 habebit,
1399 845 1454 888 et
1500 834 1632 888 nihil
1665 849 1696 888 a
1747 833 1944 889 fabulis
1988 834 2076 889 di-

503 942 661 981 versa
693 941 812 981 esse
859 928 1040 982 dicet:
1074 926 1350 997 quodjam
1388 942 1551 996 supra
1599 925 1785 980 tnttltis
1815 925 2078 980 refutavi-

503 1028 644 1067 mus.
675 1013 794 1068 Jam
827 1030 955 1070 vero
1005 1017 1056 1070 in
1115 1017 1216 1070 hac
1249 1017 1497 1070 doctrina
1543 1017 1675 1086 quid
1706 1032 1966 1070 arcanum
1995 1025 2078 1071 est

502 1120 608 1173 quo
629 1107 886 1160 docemur
919 1107 1098 1162 varias
1114 1108 1273 1178 691
1300 1105 1425 1163 Jesu
1460 1106 1662 1163 formas
1693 1107 2076 1177 intelligendas

501 1211 622 1252 esse
653 1200 718 1251 de
742 1197 910 1251 divini
948 1198 1103 1252 Verbi
1136 1208 1350 1264 natura,
1384 1215 1504 1268 qua:
1535 1214 1642 1254 non
1695 1200 1883 1254 eadem
1917 1201 2074 1269 vulgo

497 1298 723 1356 apparet
750 1299 910 1358 atque
941 1289 1006 1343 iis
1037 1290 1128 1359 qui
1161 1291 1212 1345 in
1264 1300 1501 1346 montem
1540 1292 1817 1346 excelsum
1857 1308 1886 1345 a
1918 1293 2074 1347 nobis

495 1379 820 1447 explicatum
855 1380 1007 1449 sequi
1045 1381 1175 1436 illud
1205 1392 1450 1451 possunt.
1483 1383 1584 1451 Qui
1612 1383 1756 1438 enim
1780 1385 1957 1438 adhuc
1989 1385 2073 1438 iu-

498 1470 578 1525 fra
610 1481 756 1534 sunt,
788 1473 1018 1528 necdum
1047 1475 1343 1529 ascendere
1373 1477 1570 1544 parati,
1610 1490 1740 1546 erga
1775 1477 1908 1531 iStos
1935 1475 2071 1530 Ver-

495 1562 621 1617 bum
655 1563 858 1618 nullum
911 1567 1186 1632 decorem,
1241 1565 1446 1621 nullam
1499 1567 1662 1628 habet
1711 1567 2074 1638 pulchritudi-

493 1668 652 1721 nem;
693 1670 816 1709 nam
861 1671 988 1726 erga
1017 1657 1283 1727 ejusmodi
1320 1659 1569 1715 homines
1597 1650 1770 1715 forma
1813 1660 1960 1716 illius
1989 1662 2073 1714 in-

493 1743 666 1814 gloria
699 1756 784 1800 est
812 1756 866 1801 et
915 1746 1140 1802 inferior
1174 1749 1547 1813 sermonibus,
1587 1750 1678 1819 qui
1713 1764 1780 1804 ex
1831 1751 2073 1805 homini-

2188 556 2300 604 σεῖν
2343 554 2470 616 τοὺς
2515 552 2714 615 θεατὰς
2759 551 2852 605 τοῦ
2912 551 3230 620 τηλικούτου
3287 551 3540 615 κάλλους,
3592 568 3774 605 mv-

2185 641 2438 705 ελθόντας
2494 642 2571 712 τῷ
2625 641 2800 713 ’1ησοῦ
2853 645 3004 712 τρεῖς
3073 643 3422 706 ἀποστόλους.
3479 643 3624 695 Ἀλλ’
3674 645 3775 713 ἐρεῖ

2183 731 2334 784 ταῦτ’
2363 729 2501 785 εἶναι
2560 731 2874 803 πλάσματα,
2909 731 3002 786 καὶ
3065 731 3251 803 μύθων
3301 732 3453 785 οὐδὲν
3503 731 3776 800 διαφέρον

2185 841 2272 888 τα,
2327 825 2402 886 ὡς
2461 825 2553 877 καὶ
2609 824 2675 877 τὰ
2732 823 2896 876 λοιπά
2952 823 3062 876 τῶν
3121 825 3251 896 περὶ
3305 822 3487 895 Ἰησοῦ
3549 825 3772 894 παραδό-

2187 916 2309 981 ξων’
2363 917 2456 970 καὶ
2502 917 2639 988 πρὸς
2683 917 2803 970 τόδε
2840 917 2936 987 μὲν
2972 912 3066 970 οὖν
3116 916 3204 969 διὰ
3251 917 3521 969 πλειόνων
3567 919 3626 969 ὲν
3677 919 3774 979 τοῖς

2184 1011 2289 1080 πρὸ
2319 1011 2522 1064 τούτων
2571 1010 3049 1082 ἀπελογησάμεθα.
3101 1011 3254 1079 Ἔχει
3285 1009 3344 1062 δέ
3384 1026 3438 1061 τι
3471 1011 3571 1063 καὶ
3598 1027 3774 1079 μυστι-

2183 1104 2278 1157 κὸν
2305 1103 2414 1176 (27)
2429 1107 2456 1158 ὁ
2471 1104 2646 1172 λόγος,
2671 1102 3029 1172 ἀπαγγέλλων
3044 1102 3142 1165 τὰς
3165 1101 3261 1154 τοῦ
3289 1101 3474 1172 Ἰησοῦ
3496 1102 3772 1169 διαφόρους

2185 1194 2399 1265 μορφὰς
2440 1192 2552 1263 (28)
2592 1191 2960 1263 ἀναφέρεσθαι
3005 1192 3097 1243 ἐπὶ
3140 1191 3236 1262 τὴν
3281 1190 3381 1242 τοῦ
3431 1190 3582 1242 θείου
3613 1190 3772 1256 Λόγου

2183 1284 2362 1354 φύσιν,
2397 1285 2494 1355 οὐχ
2542 1284 2746 1355 ὁμοίως
2789 1284 3115 1354 φαινομένου
3164 1286 3278 1346 τοῖς
3323 1300 3387 1334 τε
3435 1281 3654 1344 πολλοζ
3691 1285 3772 1332 καὶ

2180 1379 2292 1439 τοῖς
2344 1376 2655 1430 ἀκολουθεῖν
2701 1376 2851 1447 αὐτῷ
2890 1379 2968 1440 εἰς
3011 1375 3212 1445 ὑψηλὸν
3272 1375 3303 1426 ὃ
3351 1372 3771 1442 ἀποδεδώκαμεν

2180 1467 2304 1539 ὅρος
2329 1468 2649 1538 δυναμένοις
2669 1484 2683 1497 ·
2715 1471 2830 1532 τοῖς
2861 1469 2959 1539 μὲν
2982 1467 3092 1539 γὰρ
3121 1467 3202 1519 ἔτι
3230 1466 3388 1520 κάτω
3419 1465 3764 1534 τυγχάνουσι.

2181 1562 2274 1615 καὶ
2308 1560 2532 1632 μηδέπω
2559 1561 2651 1613 ἐπὶ
2684 1560 2745 1614 τὸ
2779 1559 3090 1614 ἀναϐαίνειν
3130 1559 3708 1630 παρεσκευασμένοις,
3743 1561 3770 1610 ὁ

2178 1652 2351 1722 Λόγος
2382 1653 2481 1706 οὐκ
2508 1653 2619 1723 ἔχει
2648 1647 2806 1716 εἶδος,
2835 1652 2954 1705 οὐδὲ
2970 1651 3164 1714 κάλλος
3182 1668 3197 1680 ·
3215 1649 3277 1702 τὸ
3297 1650 3413 1720 γὰρ
3443 1645 3595 1711 εἶδος
3621 1646 3769 1701 αὐτοῦ

2178 1749 2291 1809 τοῖς
2328 1744 2591 1808 τοιούτοις
2640 1744 2790 1797 ἐστὶν
2829 1744 3023 1814 ἄτιμον
3051 1743 3144 1795 καλ⁵
3173 1741 3431 1794 ἐκλεῖπον
3459 1739 3624 1810 παρά
3658 1741 3770 1803 τοὺς

491 1837 596 1890 bus
642 1838 914 1903 oriuntur,
945 1854 1180 1908 eamque
1225 1841 1296 1895 ob
1329 1855 1556 1894 causam
1604 1843 1656 1895 in
1692 1840 1798 1896 illis
1841 1841 2057 1912 figurate

2173 1839 2278 1892 ὑπὸ
2321 1836 2624 1909 ἀνθρώπων
2669 1836 3069 1907 γεγενημένους
3130 1836 3343 1903 λόγους,
3390 1832 3682 1905 τροπικῶς
3718 1834 3768 1885 ἐν

490 1927 596 1996 ﬁlii
628 1931 898 1985 hominum
933 1941 1217 1987 vocantur.
1249 1932 1316 1987 Et
1343 1933 1564 2003 quidem
1602 1933 1710 1989 dici
1740 1944 1922 2003 potest
1951 1934 2070 2003 phi-

489 2017 840 2087 losophorum
865 2035 1164 2085 sermones,
1194 2022 1287 2093 qui
1316 2023 1410 2078 filii
1433 2023 1714 2079 hominum
1735 2033 1881 2090 sunt,
1899 2025 2068 2080 multo

488 2111 846 2179 spcciosiores
869 2128 992 2167 esse
1027 2129 1291 2194 sermone.
1324 2115 1440 2181 Dei,
1469 2115 1584 2186 qui,
1616 2130 1742 2170 cum
1775 2117 1937 2185 vulgo
1965 2131 2064 2170 an-

486 2201 789 2270 uuntiatur,
837 2222 855 2257 ι
899 2206 1184 2260 stultitiam
1222 2208 1634 2277 praedicationis
1660 2209 1705 2240 ⁶⁷
1745 2227 1763 2260 ι
1797 2209 2062 2275 exhibet,

484 2302 540 2348 et
573 2294 778 2349 idcirco
809 2295 986 2350 locum
1019 2299 1217 2367 praebet
1256 2299 1396 2353 hanc
1430 2316 1448 2350 ι
1483 2299 1767 2353 stultitiam
1800 2300 2064 2368 przedica-

487 2389 654 2446 tionis
696 2409 714 2442 ι
770 2392 945 2446 solam
1007 2395 1381 2462 spectantibus
1432 2394 1648 2448 dicendi
1692 2410 1704 2445 :
1752 2413 1771 2446 ι
1823 2395 2063 2448 Vidimus

474 2498 606 2536 cum
646 2493 701 2536 et
729 2499 835 2538 non
880 2484 1120 2539 habebat
1153 2484 1433 2553 decorem,
1483 2501 1660 2556 neque
1697 2486 2063 2556 pulchritudi-

481 2586 602 2624 nem
631 2571 695 2625 θ’.
732 2591 750 2624 ι
790 2571 895 2627 Sed
922 2589 1050 2644 erga
1093 2589 1186 2629 eos
1213 2576 1304 2642 qui
1332 2579 1400 2631 ad
1435 2575 1583 2629 illum
1608 2576 1946 2645 sequendum
1977 2577 2060 2630 vel

479 2680 603 2718 cum
634 2665 684 2719 in
708 2665 980 2720 excelsum
1009 2676 1245 2723 montem
1273 2669 1529 2724 ascendit
1547 2670 1688 2724 vires
1707 2677 2059 2737 acceperunt,

479 2755 804 2810 divinioretn
865 2755 1099 2811 formam
1153 2759 1334 2813 habet.
1388 2759 1538 2814 llanc
1595 2758 2057 2829 contemplantur,

475 2845 590 2914 qui,
625 2857 682 2900 ut
713 2846 926 2910 Petrus,
961 2846 1256 2900 Ecclesium
1287 2865 1316 2900 ιι
1355 2848 1534 2902 Verbo
1568 2848 1888 2902 mdificataut
1915 2849 1967 2901 in
2000 2862 2060 2901 se

477 2940 680 2994 habent
715 2940 800 3005 69;
855 2941 946 3010 qui
991 2942 1257 3011 ejusmodi
1298 2943 1542 2996 habitum
1600 2951 2060 3010 comparaverunt

479 3039 536 3082 ut
582 3031 729 3084 nulla
764 3031 926 3086 inferi
977 3043 1132 3102 porta
1183 3035 1472 3102 praevaleat
1512 3034 1773 3087 adversus
1807 3049 1934 3099 eos;
1965 3033 2054 3102 qui

477 3139 572 3192 per
618 3121 854 3177 Verbum
901 3125 1126 3179 exaltati
1176 3125 1380 3178 fuerint
1416 3126 1481 3179 de
1531 3125 1705 3194 portis
1750 3126 1964 3187 mortis,
1999 3133 2055 3177 ut

2172 1930 2381 1995 τούτοις
2438 1931 2807 2000 καλουμένους
2866 1930 3038 1994 υἱοὺς
3085 1928 3435 1995 ἀνθρώπων.
3508 1927 3768 1995 Εἷποιμεν

2172 2023 2282 2094 (29)
2310 2023 2420 2095 γάρ
2464 2023 2529 2077 ἂν
2576 2021 2756 2092 πολλῷ
2788 2020 3152 2092 ὡραιοτέρους
3181 2018 3471 2089 φαίνεσθαι
3509 2018 3647 2080 τοὺς
3671 2018 3768 2069 τῶν

2171 2115 2605 2186 φιλοσοφούντων
2647 2114 2861 2183 λόγους,
2901 2112 3061 2175 ὄντας
3089 2112 3237 2176 υἱοὺς
3254 2109 3574 2180 ἀνθρώπιον
3591 2151 3608 2171 ,
3630 2111 3764 2180 παρά

2167 2211 2259 2264 τὸν
2289 2214 2402 2274 τοῖς
2440 2209 2655 2271 πολλοῖς
2691 2225 2758 2278 κη
2770 2205 3097 2276 ρυσσόμενον
3127 2202 3262 2256 θεοῦ
3283 2201 3464 2270 λόγον,
3486 2203 3556 2264 ὃς
3588 2201 3765 2271 ἐμφαίο

2166 2321 2245 2357 νει
2271 2303 2366 2356 καὶ
2396 2321 2414 2353 ι
2443 2301 2657 2373 μωρίαν
2696 2296 3080 2369 κηρύγματοςο
3117 2313 3136 2345 ι
3158 2295 3251 2347 καὶ
3281 2293 3369 2347 διὰ
3389 2293 3494 2364 τὴν
3511 2293 3761 2362 ἐμφαινο-

2169 2394 2337 2465 μένην
2394 2411 2413 2445 t
2476 2392 2689 2464 μωρίαν
2735 2388 2830 2442 τοῦ
2903 2387 3260 2459 κηρύγματος
3324 2405 3342 2437 ι
3400 2385 3668 2453 λέγουσιν
3719 2388 3761 2436 οἱ

2164 2485 2323 2538 τοῦτο
2371 2487 2530 2557 μόνον
2568 2480 2931 2554 θεωροῦντες*
2983 2499 3000 2530 ι
3058 2478 3286 2549 Εἴδομεν
3314 2477 3503 2540 αὑτὸν,
3544 2477 3647 2529 καὶ
3675 2477 3762 2528 οῦκ

2163 2570 2308 2649 εἶχεν
2336 2574 2494 2642 εἶδος,
2525 2575 2647 2629 οὐδὲ
2687 2573 2898 2637 κάλλος.
2952 2592 2969 2624 ι
3024 2573 3148 2634 Τοῖς
3210 2571 3395 2641 μέντοι
3448 2569 3762 2622 ἀκολουθεῖν

2164 2669 2314 2740 αὐτῷ
2342 2669 2572 2739 δύναμιν
2615 2665 2932 2738 ἀνειληφόσι
2969 2664 3105 2735 πρὸς
3145 2661 3205 2716 τὸ
3239 2662 3472 2716 ἕπεσθαι
3505 2665 3613 2715 καὶ
3640 2665 3759 2716 ἀνι-

2163 2761 2400 2816 6αῐνοντι
2431 2759 2580 2827 αύτῷ
2608 2761 2687 2822 εἰς
2719 2757 2780 2810 τὸ
2808 2755 3010 2826 ὑψηλὸν
3051 2754 3176 2826 ὅρος
3213 2754 3492 2826 θειοτέραν
3549 2756 3762 2825 μορφὴν

2161 2853 2275 2925 ἔχει
2295 2871 2308 2884 ·
2348 2853 2415 2922 ἢν
2453 2853 2763 2922 βλέπουσιν,
2794 2848 2848 2901 εἴ
2876 2847 2959 2911 τίς
2987 2847 3104 2899 ἐστι
3136 2846 3340 2918 Πέτρος
3368 2847 3650 2915 χωρήσας
3674 2847 3761 2916 τὴν

2160 2946 2260 3015 τῆς
2325 2941 2648 3012 Ἐκκλησίας
2692 2944 2750 2994 ἐν
2794 2938 2972 3008 ἑαυτῷ
3010 2937 3120 3010 (50)
3173 2937 3462 3008 οἰκοδομὴν
3524 2938 3646 2990 ἀπὸ
3676 2936 3761 2988 τοῦ

2161 3037 2367 3105 Λόγουο
2419 3037 2513 3088 καὶ
2562 3033 2830 3103 τοσαύτην
2876 3031 2987 3096 ἕξιν
3022 3027 3324 3092 ἀναλαϐὼν,
3357 3029 3440 3091 ὡς
3486 3028 3762 3098 μηδεμίαν

2161 3128 2336 3199 πύλην
2384 3127 2512 3198 ᾅδου
2566 3125 2915 3196 κατισχύσειν
2963 3121 3158 3176 αὐτοῦ’
3200 3119 3508 3190 ύψωθέντος
3538 3119 3639 3173 διὰ
3675 3119 3762 3173 τοῦ

475 3213 802 3266 aununtient
854 3228 1044 3268 omnes
1076 3215 1418 3268 laudationes
1478 3215 1568 3268 Dci
1627 3214 1679 3267 in
1725 3214 1895 3282 portis
1932 3213 2056 3268 tilia:

2166 3191 2334 3288 Λόγου
2381 3191 2492 3289 (51)
2524 3219 2586 3270 ἐκ
2628 3191 2741 3269 τῶν
2753 3191 2967 3268 *πυλῶν
3011 3213 3108 3266 τοῦ
3153 3212 3382 3267 θανάτου
3409 3253 3424 3275 ,
3481 3213 3650 3276 ὅπως
3699 3211 3763 3264 ἂν

475 3306 607 3360 Sion
643 3308 869 3372 7°;’aut
904 3307 1070 3361 etiam
1110 3307 1176 3370 ii,
1220 3306 1417 3375 quibus
1460 3305 1720 3360 nativitas
1750 3305 1943 3376 obtigit
1987 3320 2054 3360 ex

475 3397 656 3452 terbis
689 3413 890 3467 magna
927 3413 1058 3453 voce
1091 3397 1358 3468 praeditis,
1396 3407 1452 3451 et
1502 3397 1700 3466 quibus
1740 3397 1871 3450 nihil
1901 3397 2056 3451 deest

475 3499 534 3543 ut
559 3489 653 3543 filii
681 3489 905 3543 tonitrui
934 3491 1063 3544 sint.
1100 3488 1206 3544 Sed
1235 3490 1378 3544 unde
1403 3489 1560 3544 Celso
1583 3487 1858 3557 Verbique
1885 3488 2052 3542 divini

474 3579 718 3635 hostibus
773 3593 873 3632 nec
928 3579 1207 3648 religionis
1243 3579 1577 3633 Christiana:
1632 3580 1884 3646 dogmata
1921 3592 2055 3632 cau-

474 3673 598 3725 dide
643 3672 1018 3726 scrutantibus
1070 3673 1311 3724 venisset
1356 3671 1408 3723 in
1457 3677 1694 3724 tuentem
1739 3682 1848 3736 quo
1888 3667 2054 3720 variae

471 3762 598 3818 Jesu
624 3763 810 3818 formae
832 3762 1178 3830 pertineant?
1201 3779 1301 3830 ego
1319 3772 1500 3814 autem
1529 3759 1671 3814 addo
1685 3760 1850 3814 etiam
1877 3759 2053 3812 aetatis

470 3854 694 3924 gradus,
746 3864 799 3906 et
830 3868 949 3920 quae
980 3863 1270 3921 antequam
1330 3859 1609 3918 pateretur
1651 3857 1706 3902 et
1745 3862 1864 3917 qum
1901 3858 2052 3918 βοει-

471 3958 638 4024 quam
667 3941 964 3998 resurrexit
993 3956 1056 3996 ex
1100 3941 1352 4006 mortuis,
1383 3939 1574 4008 gessit.

545 4215 632 4272 78.
662 4216 978 4285 Sequuntur
1013 4216 1128 4271 haec
1156 4217 1296 4285 apud
1327 4214 1544 4272 Celsum
1578 4229 1592 4269 :
1638 4233 1659 4266 ι
1699 4213 1970 4271 Praeterea
2004 4213 2050 4268 si

468 4309 635 4373 Deus,
665 4321 721 4365 ut
753 4310 966 4380 Jupiter
997 4310 1300 4376 comoediae,
1355 4309 1518 4378 longo
1555 4323 1751 4363 somno
1802 4323 2050 4377 experre-

465 4413 587 4457 etus
640 4403 940 4456 humanum
1001 4417 1172 4471 genus
1207 4403 1276 4456 ab
1332 4403 1508 4470 ipsius
1543 4401 1702 4456 malis
1753 4401 2046 4455 liberatum

2158 3309 2448 3380 ἐξαγγείλῃ
2481 3310 2658 3372 πάσας
2703 3307 2801 3370 τὰς
2847 3305 3082 3369 αἰνέσεις
3114 3304 3210 3358 τοῦ
3244 3303 3378 3357 Θεοῦ
3413 3305 3475 3358 ἐν
3503 3307 3641 3368 ταῖς
3667 3305 3763 3356 πει-

2157 3403 2276 3466 λαις
2300 3403 2399 3472 τῆς
2429 3400 2696 3472 θυγατρὸς
2724 3399 2862 3454 Σιών
2881 3415 2893 3430 ·
2929 3397 3024 3451 καὶ
3063 3398 3117 3450 εἴ
3136 3397 3278 3460 τινές
3313 3399 3454 3449 εἰσιν
3486 3398 3556 3449 ὲκ
3590 3396 3762 3462 λόγων

2154 3494 2254 3565 τὴν
2299 3494 2512 3560 γένεσιν
2569 3493 2826 3564 λαχόντες
2883 3487 3305 3561 μεγαλοφώνων,
3359 3489 3568 3551 οἵτινες
3611 3488 3760 3541 οὐδὲν

2155 3583 2477 3638 ἀποδέουσιν
2508 3583 2613 3635 υἱοὶ
2641 3581 2743 3652 τῆς
2778 3579 3010 3652 βροντῆς
3046 3578 3157 3648 (52)
3192 3573 3350 3630 εἷναι.
3398 3576 3568 3630 Ἀλλά
3598 3577 3760 3630 πόθεν

2165 3670 2360 3742 Κέλσῳ
2388 3672 2481 3724 καὶ
2513 3675 2625 3735 τοῖς
2655 3671 2869 3740 ἐχθροῖς
2892 3667 2983 3723 τοῦ
3017 3668 3160 3722 θείου
3181 3667 3379 3736 Λόγου,
3398 3666 3498 3720 καὶ
3530 3670 3615 3738 μὴ
3647 3667 3760 3735 9:1—

2157 3763 2373 3837 αλὴθως
2402 3764 2470 3817 τὰ
2496 3766 2539 3817 Χ
2549 3761 2926 3835 ριστιανισμοῦ
2948 3761 3284 3826 έξετάσασιν,
3319 3760 3604 3813 εἰδέναι-τὸ
3637 3761 3755 3830 βού-

2157 3853 2220 3923 λη
2231 3871 2306 3923 μα
2334 3853 2443 3907 τῶν
2465 3853 2736 3924 διαφόρων
2756 3852 2852 3905 τοῦ
2886 3849 3062 3922 Ἰησοῦ
3097 3849 3320 3921 μορφῶν
3342 3867 3356 3915 ;
3379 3849 3496 3918 ἐγὼ
3523 3851 3586 3903 δὲ
3622 3851 3758 3918 λέγω

2153 3946 2247 3999 καὶ
2277 3933 2520 4016 ἡλικιῶν,
2555 3945 2646 3997 xal.
2677 3943 2804 3996 εἴτι
2837 3943 2944 3996 τῶν
2971 3943 3078 4016 πρὸ
3117 3942 3211 3996 τοῦ
3245 3941 3444 3995 παθεῖν
3474 3943 3632 4014 αύτῷ
3664 3959 3755 3994 πε-

2153 4036 2504 4108 πραγμένων,
2557 4036 2650 4090 καὶ
2703 4036 2811 4088 τῶν
2864 4036 3002 4107 μετὰ
3054 4037 3115 4089 τὸ
3151 4034 3455 4102 ἀναστῆναι
3504 4035 3620 4087 ἀπὸ
3653 4035 3757 4086 τῶν

2151 4128 2382 4199 νεκρῶν.

2234 4216 2393 4289 Ἑξῆς
2448 4218 2502 4272 δὲ
2555 4217 2782 4271 τοιαῦτά
2817 4235 2937 4272 τινα
2998 4218 3148 4285 λέγει
3208 4218 3238 4268 ὁ
3295 4216 3540 4278 Κέλσος’
3611 4236 3630 4266 ι
3678 4217 3754 4269 ἔτι

2155 4312 2262 4384 μὴν
2295 4312 2453 4383 εἴπερ
2483 4312 2735 4365 ἐϐούλετο
2772 4314 2800 4364 ό
2837 4311 2989 4374 Θεὸς,
3037 4310 3226 4380 ὥσπερ
3264 4312 3291 4362 ὀ
3340 4309 3495 4380 παρά
3537 4311 3621 4379 τῷ
3653 4328 3752 4362 κω-

2155 4403 2314 4476 μῳδῷ
2341 4405 2494 4468 Ζεὺς,
2520 4405 2585 4457 ἐκ
2605 4403 2700 4456 τοῦ
2729 4404 2941 4476 μακροῦ
2972 4404 3140 4458 ὕπνου
3167 4403 3456 4464 διυπνξσας
3485 4401 3751 4472 ῥύσασθαι

465 4494 705 4559 volebat,
756 4508 1016 4561 quorsum
1055 4493 1206 4546 illum
1261 4508 1428 4562 quem
1473 4492 1656 4546 dicitis
1695 4491 1960 4560 Spiritum
1992 4490 2044 4544 in

2166 4495 2211 4547 to
2234 4493 2343 4547 τῶν
2369 4493 2674 4565 ἀνθρώπων
2697 4494 2855 4562 γένος
2881 4496 2944 4547 ἐκ
2973 4494 3158 4548 κακῶν
3177 4511 3188 4524 ·
3216 4493 3268 4544 τί
3288 4492 3494 4563 δήποτε
3517 4493 3597 4555 εἰς
3629 4492 3751 4562 μίαν

464 4600 632 4640 υιιιιιιι
666 4595 827 4640 terra)
859 4585 1113 4653 angulum
1160 4583 1350 4638 misit?
1378 4582 1636 4652 Oportuit
1667 4582 1830 4637 simili
1883 4584 2046 4636 modo

467 4677 746 4734 insuﬂlare
775 4677 922 4730 illtnn
965 4677 1016 4730 in
1049 4675 1218 4729 multa
1251 4689 1486 4744 corpora
1514 4682 1570 4730 et
1624 4675 1678 4727 iu
1727 4673 2043 4728 universum

463 4772 651 4825 orbem
702 4770 974 4824 emittere.
1015 4769 1082 4821 At
1106 4767 1410 4832 comoedus,
1447 4778 1508 4820 ιιι
1531 4767 1584 4820 in
1619 4765 1839 4820 theatro
1868 4765 2042 4818 risum

463 4861 753 4925 excitaret,
789 4862 1008 4930 scripsit
1031 4860 1357 4914 Mercurium
1397 4858 1464 4912 ab
1495 4858 1883 4928 expergefacto
1908 4855 2041 4913 Jove

464 4953 692 5005 missum
715 4953 780 5006 ad
808 4953 1168 5007 Athenienses
1195 4961 1250 5006 et
1279 4951 1716 5006 Lacedaemonios
1745 4949 1914 5005 fuisse
1938 4965 1953 5016 ;
1986 4960 2041 5003 tu

544 5115 588 5146 “
615 5115 805 5170 Matth.
835 5131 970 5184 xvu,
998 5116 1052 5171 6.

1131 5118 1172 5150 ⁸⁷
1208 5117 1230 5171 Ι
1261 5118 1387 5174 Cor.
1427 5133 1466 5182 ι,
1503 5117 1593 5173 21.
1673 5117 1715 5149 ⁵⁸
1751 5117 1858 5172 lsa.
1892 5134 2013 5185 LIII,
2045 5118 2101 5171 2.

522 5279 650 5362 '(27)
678 5279 1015 5338 ﬂmscbelius
1061 5292 1114 5336 et
1145 5282 1403 5352 Spencer.
1440 5284 1490 5336 iu
1526 5283 1792 5352 margine,
1851 5298 2040 5353 μυστι-

465 5364 604 5401 κωτε
645 5369 720 5404 ον.

679 5425 1007 5494 ᾼιαφόρους
1027 5421 1281 5494 μορφάς.
1324 5422 1459 5494 Vide
1488 5423 1583 5476 lih.
1612 5439 1673 5486 tt,
1700 5437 1849 5476 num.
1875 5422 1964 5476 64.

514 5489 652 5615 ﬁt?
685 5489 965 5615 Pliilloeal.,
1016 5489 1261 5565 εἴπομεν.
1330 5493 1510 5549 Mallet
1537 5494 1788 5560 Guietus,
1836 5494 2039 5547 εἴποιεν

514 5577 576 5615 κο
651 5579 697 5615 ν.
732 5581 760 5615 e
789 5578 838 5615 c.

506 5572 538 5612 α
651 5579 676 5613 ν
745 5582 760 5596 λ
822 5599 838 5615 .

465 5577 501 5628 γ
541 5572 650 5705 ἷξῶ
679 5572 901 5699 initiae,
933 5633 1137 5705 ἑαυτῷ..
1159 5634 1430 5691 Ηωεοῑιει.
1463 5646 1516 5690 ct
1545 5634 1830 5705 Spencer.,
1867 5633 2035 5704 αύτῷ.

541 5703 650 5776 «51)
679 5705 780 5776 Διὰ
813 5704 916 5757 τοῦ
948 5703 1151 5775 λόγου.
1217 5708 1306 5761 Sic
1356 5718 1502 5761 recte
1552 5703 1708 5761 codd.
1741 5705 1937 5776 Regius
1986 5703 2040 5757 et

470 5770 812 5830 Busileensis.
864 5770 1200 5833 iloeschelius
1227 5789 1433 5845 autem,
1469 5778 1778 5847 Speucerus
1824 5770 1880 5833 ct
1905 5776 2039 5830 Phi-

2153 4587 2356 4655 γωνίαν
2400 4586 2611 4657 έπεμψε
2641 4587 2808 4662 τοῦτο
2851 4589 2880 4640 ὅ
2928 4605 3066 4656 φατε
3107 4586 3370 4656 Πνεῦμα;
3400 4585 3536 4638 Δέον
3582 4581 3751 4637 πολλά

2153 4679 2356 4749 ὁμοίως
2423 4679 2756 4750 διαφυσῆσαι
2833 4678 3101 4750 σώματα,
3192 4679 3289 4730 καὶ
3362 4675 3511 4731 κατά
3571 4680 3748 4728 πᾶσαν

2155 4770 2472 4824 ἀποστεῖλαι
2519 4772 2618 4842 τὴν
2658 4771 3000 4842 οἰκουμένην.
3047 4770 3176 4824 Ἀλλ’
3203 4772 3232 4822 ὁ
3261 4769 3363 4839 μὲν
3392 4768 3661 4838 κωμιψ
3696 4768 3747 4818 ὲν

2151 4862 2229 4933 τῷ
2269 4861 2482 4934 θεάτρῳ
2509 4862 2888 4931 γελωτοποιῶν
2939 4862 3294 4932 συνέγραψεν,
3337 4862 3419 4913 ὅτι
3448 4862 3586 4923 Ζεὺς
3633 4858 3746 4921 ὲξδο

2152 4951 2394 5016 πνισθεὶς
2445 4953 2747 5022 ’Λθηναίοις
2785 4953 2878 5007 καὶ
2921 4954 3372 5024 Λακεδαιμονίοις
3395 4952 3490 5006 τὸν
3539 4949 3744 5022 Ἑρμῆν

2180 5119 2223 5150 ⁶⁹
2257 5118 2447 5173 Matth.
2479 5135 2590 5183 xw,
2621 5119 2705 5174 18.
2780 5121 2826 5152 7°
2864 5119 3004 5176 Psal.
3037 5136 3114 5184 tx,
3142 5118 3229 5173 15.

2147 5282 2363 5404 loeplia,
2394 5281 2484 5336 διά
2506 5281 2596 5337 τὸν
2616 5283 2808 5354 Λόγον.
2833 5284 3033 5340 Ibidem
3061 5282 3292 5346 Philum,
3319 5281 3471 5346 ὅπως
3491 5281 3558 5334 ἂν
3581 5281 3742 5348 ἐξαγ-

2147 5369 2232 5404 γει
2268 5370 2337 5404 οι.

2187 5369 2337 5406 ειΑοι.

2147 5369 2337 5496 ἓξὲξ).
2355 5423 2586 5496 Philoc.,
2622 5421 2877 5496 λαχόντες
2930 5422 3363 5496 μεγαλοφὼνων,
3387 5425 3596 5496 οἵτινες
3641 5440 3738 5493 μη-

2179 5494 2234 5547 ὲν
2282 5493 2569 5578 ἀπρδέρυσι
2605 5493 3074 5578 νοητῆςλβροντῆς.
3113 5494 3458 5578 Ιιωερὶιιξριιε
3481 5509 3536 5576 et
3562 5493 3738 5578 Sigeu-

2147 5578 2325 5629 cerus,
2356 5565 2629 5631 λαϐόντες,
2665 5561 3038 5635 μεγαλόφωνοί
3085 5581 3250 5628 τινες,
3289 5564 3456 5635 οὐδὲν
3474 5561 3737 5635 «imago-ef

2149 5650 2233 5686 σιν
2265 5637 2313 5710 οἱ
2357 5639 2455 5708 τῆς
2486 5633 2952 5710 βροντῆς,λεὶοηιιο
2983 5635 3142 5710 codd.
3185 5636 3320 5710 Reg.
3345 5646 3410 5710 et_
3429 5633 3596 5710 Basil.
3636 5634 3735 5710 nisi

2149 5655 2233 5686 σιν
2265 5655 2313 5688 οι
2357 5655 2455 5708 της
2486 5655 2735 5761 βροντης,
2766 5655 2952 5702 διειμιο
2987 5655 3142 5690 οοιιιι.
3185 5655 3320 5700 neg.
3345 5655 3399 5688 Cl
3429 5655 3596 5687 casu.
3636 5655 3735 5710 [I13]

2147 5707 2289 5789 q'uod
2341 5723 2438 5776 pro
2488 5725 2516 5761 ο
2582 5708 2678 5777 τῆς
2725 5705 2949 5779 βροντῆς
2982 5706 3184 5763 habent
3215 5705 3323 5760 υἱοὶ
3350 5705 3453 5775 τῆς
3500 5703 3735 5775 βροντης

2149 5791 2304 5829 ειναι.

3507 6515 3836 6526 Ὴ--Ἦή-
