3846 6406
142 357 260 417 Ml?

1311 358 1590 414 CONTRA
1629 361 1907 417 CELSUM
1943 363 2070 420 Ll-D.
2115 364 2201 422 Vl.

3232 379 3369 434 HIS

137 475 356 548 ἔπεμψε·
392 476 457 528 σὺ
485 476 541 529 δὲ
583 476 682 529 οὐκ
724 475 824 528 οἴει
867 477 1395 550 καταγελαστότερον
1436 479 1547 550 (55)
1592 497 1669 532 πει

1797 495 1926 535 vero
1959 498 2064 536 non
2103 495 2258 553 putas
2315 493 2363 540 te
2407 487 2579 555 magis
2610 503 2731 544 esse
2788 489 3097 555 ridiculum,
3142 495 3233 564 qui
3272 496 3366 552 Dei

139 569 398 640 ποιηκέναι
427 568 700 631 Ἰουδαίοις
723 569 1070 639 πεμπόμενον
1095 569 1186 622 τοῦ
1203 569 1336 623 Θεοῦ
1361 571 1452 624 τὸν
1481 571 1604 622 Υἱόν
1625 588 1638 634 ;
1667 590 1683 621 ι

142 665 260 733 ’θρα
296 661 358 732 δὴ
392 660 486 713 καὶ
510 662 569 712 ἐν
592 659 800 724 τούτοις
823 660 883 713 τὸ
907 662 1139 732 ἄσεμνον
1183 662 1532 725 τοῦ’Κέλσου,
1563 664 1688 731 ἀφι-

138 752 356 821 λοσόφως
415 750 710 820 κωμῳδίας
766 752 994 822 ποιητὴν
1039 751 1394 820 γελωτοποιὸν
1447 752 1691 824 παραλα-

135 846 315 909 δόντος,
370 845 465 898 καὶ
509 845 589 916 τῷ
633 844 762 916 παρ’
806 845 954 914 αὑτῷ
997 844 1356 898 διυπνισθέντι
1415 845 1687 916 πέμποντι

143 937 327 1010 Ἑρμῆν
356 936 796 1008 παραϐάλλοντος
839 937 928 990 τὸν
977 937 1070 990 τοῦ
1119 937 1316 1001 παντὸς
1358 937 1686 1008 δημιουργὸν

134 1030 243 1082 Θεὸν
278 1029 455 1098 ἡμῶν.
505 1028 744 1098 Εἴπομεν
771 1029 881 1097 (54)
907 1028 969 1098 δὴ
996 1031 1051 1080 ἐν
1076 1031 1188 1091 τοῖς
1215 1028 1318 1099 πρὸ
1355 1029 1580 1091 τούτων,
1605 1031 1688 1082 ὅτι

131 1123 212 1190 οὐχ
263 1121 448 1193 ὥσπερ
491 1120 600 1174 ἀπὸ
648 1121 856 1191 μακροῦ
912 1119 1080 1172 ὕπνου
1141 1120 1428 1184 διαναστὰς
1484 1123 1512 1172 ὁ
1554 1121 1686 1185 Θεὸς

131 1212 316 1281 ἔπεμψε
357 1213 449 1265 τὸν
505 1211 709 1284 Ἰησοῦν
755 1211 830 1282 τῷ
867 1213 1014 1279 γένει
1059 1212 1168 1264 τῶν
1217 1211 1546 1282 ἀνθρώπων,
1588 1213 1684 1284 τὴν

133 1306 214 1375 μὲν
249 1303 388 1357 κατὰ
412 1303 509 1373 την
552 1304 934 1373 ἐνσωμάτωσιν
963 1305 1271 1374 οἰκονομίαν
1309 1303 1400 1357 νῦν
1443 1305 1509 1357 δι’
1537 1305 1684 1357 εὐλό-

129 1411 238 1462 γους
271 1393 446 1456 αἰτίας
488 1391 850 1464 πληρώσαντα
892 1394 1024 1463 (55),
1052 1396 1138 1448 ἀεὶ
1180 1395 1236 1448 δέ
1284 1393 1343 1448 τὸ
1389 1390 1543 1464 γένος
1573 1396 1680 1449 τῶν

128 1483 404 1554 ἀνθρώπων
448 1483 902 1554 εὐεργετήσαντα.
933 1485 1097 1536 Οὐδὲν
1123 1483 1231 1556 γὰρ
1253 1485 1362 1541 τῶν
1389 1487 1446 1539 ἐν
1472 1486 1681 1558 ἀνθρώ-

131 1591 232 1636 ποις
260 1573 440 1626 καλῶν
467 1573 778 1644 γεγένηται,
807 1574 881 1645 μὴ
909 1574 999 1627 τοῦ
1027 1575 1170 1629 θείου
1197 1576 1368 1644 Λόγου
1408 1578 1679 1650 ἐπιδημή-

127 1683 294 1728 σαντος
333 1668 452 1728 ταῖς
473 1666 673 1736 ψυχαῖς
697 1667 803 1719 τῶν
833 1667 939 1719 κᾶν
965 1667 1143 1735 ὀλίγον
1173 1666 1361 1739 καιρὸν
1390 1669 1682 1740 δεδυνημέ-

125 1775 211 1809 νων
241 1757 493 1823 δέξασθαι
528 1758 626 1821 τὰς
652 1758 860 1811 τοιάσδε
887 1759 981 1812 τοῦ
1009 1760 1150 1812 θείου
1178 1761 1350 1828 Λόγου
1377 1762 1672 1833 ἐνεργείας.

1792 571 1988 626 Filium
2035 576 2102 628 ad
2133 574 2348 630 .ludzeos
2379 579 2602 633 missum
2636 594 2756 635 esse
2793 584 3114 639 contendis?
3148 605 3167 636 ι
3206 586 3270 640 Ει
3311 587 3365 641 in

1791 664 1876 719 his
1912 666 2142 720 observa
2194 683 2358 736 quam
2413 670 2758 726 inhonestum
2812 683 2865 729 et
2914 677 3238 748 phil050pho
3279 680 3363 733 in-

1788 753 2012 824 dignum
2044 758 2116 812 sit
2147 761 2452 815 comoedum
2484 763 2537 816 in
2564 763 2802 818 medium
2830 767 3124 836 adducere,
3160 782 3361 825 etcum

1792 845 1946 914 love,
1973 850 2062 918 qui
2093 852 2235 920 apud
2267 852 2414 908 illum
2452 856 2619 909 mittit
2651 856 3013 926 Mercurium,
3041 875 3360 930 comparare

1790 937 1956 992 Deum
1993 949 2238 994 nostrum
2261 942 2422 1010 hujus
2449 946 2823 1003 universitatis
2854 951 3207 1006 conditorem.
3233 953 3356 1007 Jam

1790 1040 1951 1094 supra
1985 1029 2221 1084 diximus
2245 1047 2274 1084 a
2315 1033 2422 1086 Deo
2447 1049 2552 1088 non
2580 1036 2739 1105 quasi
2767 1051 2833 1091 ex
2863 1038 3022 1108 longo
3046 1055 3240 1096 somno
3263 1057 3360 1096 cx-

1788 1118 1955 1173 citato
1989 1119 2055 1173 ad
2093 1120 2389 1174 humanum
2439 1138 2608 1192 genus
2658 1127 2883 1180 missum
2933 1127 3107 1183 fuisse
3137 1130 3354 1194 Jesum,

1784 1207 1946 1278 692
2000 1208 2091 1278 qui
2148 1211 2305 1265 bonis
2343 1213 2409 1265 de
2437 1215 2616 1267 causis
2652 1231 2793 1270 nunc
2821 1217 3038 1285 quidem
3067 1232 3356 1275 exsecutus

1785 1310 1867 1353 est
1898 1299 2291 1356 lucarnationis
2321 1302 2632 1368 consilium,
2682 1310 2774 1361 sed
2803 1324 3017 1379 semper
3045 1326 3216 1380 genus
3249 1314 3354 1366 hu-

1786 1403 2003 1442 manum
2037 1391 2320 1447 beneficiis
2359 1392 2563 1450 aﬂ’ecit.
2597 1396 2741 1450 Nihil
2765 1400 2908 1452 enim
2953 1401 3078 1455 boui
3107 1403 3156 1456 in
3183 1404 3356 1457 humi.

1784 1481 1944 1535 nibus
1999 1481 2206 1538 factum
2257 1497 2359 1550 est,
2403 1487 2506 1541 nisi
2554 1490 2678 1557 quia
2733 1490 2975 1546 divinum
3013 1491 3243 1547 Verbum
3283 1496 3352 1551 ad

1784 1584 1972 1625 eorum
2030 1576 2242 1631 animas
2289 1579 2541 1644 advenit,
2582 1584 2672 1651 qui
2712 1583 2791 1636 vel
2832 1586 2898 1638 ad
2935 1585 3096 1640 breve
3137 1598 3351 1655 tempus

1780 1673 2074 1730 potuerunt
2106 1667 2204 1721 has
2242 1668 2324 1722 vel
2355 1669 2476 1723 illas
2498 1671 2661 1724 divini
2692 1671 2854 1727 Verbi
2882 1675 3124 1744 recipere
3156 1692 3353 1744 cpera-

1789 1753 1986 1809 tiones.
2017 1753 2186 1811 Justis
2206 1757 2368 1811 etiam
2404 1758 2469 1812 de
2496 1761 2674 1814 causis
2719 1761 2920 1815 factum
2966 1773 3069 1827 est,
3108 1775 3165 1818 nt
3190 1763 3348 1820 Jcsus

133 1849 267 1901 Ἀλλά
301 1820 455 1919 καὶὴ
494 1820 726 1902 δοκοῦσα
754 1850 831 1913 είς
871 1850 999 1920 μίαν
1045 1851 1244 1919 γωνίαν
1265 1820 1538 1924 ’ἐπιδημία
1580 1820 1669 1907 τοῦ

1782 1841 1835 1896 in
1881 1859 2048 1899 unum
2104 1847 2362 1916 angulum
2411 1850 2672 1904 advenire
2709 1853 2996 1906 videretur.
3051 1854 3351 1923 Oportebat

133 1938 280 2008 Ἰησοῦ
306 1939 544 2008 εὐλόγως
567 1941 886 2010 γεγένηται·
929 1942 1160 2013 ἐπείπερ
1208 1943 1376 2014 ἐχρῆν
1422 1947 1532 2007 τοῖς
1579 1944 1678 1998 ἕνα

120 2030 228 2083 Θεὸν
265 2032 630 2101 μεμαθηκόσι,
667 2033 760 2084 καὶ
794 2033 922 2095 τοὺς
971 2034 1256 2104 προφήτας
1291 2033 1455 2088 αὑτοῦ
1487 2036 1676 2104 ἀναγι-

121 2121 419 2189 γνώσκουσι,
446 2124 542 2176 καὶ
583 2124 988 2194 κηρυσσόμενον
1022 2125 1252 2195 Χριστὸν
1295 2127 1673 2197 μανθάνουσιν,

119 2215 423 2286 ἐπιδημῆσαι
461 2215 553 2268 τὸν
595 2216 1090 2286 προφητευόμενον,
1123 2219 1214 2270 καὶ
1249 2218 1578 2290 ἐπιδημῆσαι
1619 2221 1675 2272 ἐν

120 2308 289 2378 καιρῷ,
319 2309 397 2362 ὅτ’
431 2307 654 2378 ἔμελλεν
701 2307 978 2377 ἐκκεῖσθαι
1004 2309 1111 2362 ἀπὸ
1135 2311 1264 2379 μιᾶς
1287 2310 1488 2378 γωνίας
1514 2313 1542 2363 ὁ
1575 2311 1674 2364 Δός-

119 2415 195 2465 re;
217 2399 322 2469 (56)
349 2399 443 2451 ἐπί
468 2401 646 2452 πᾶσαν
674 2399 770 2468 τὴν
798 2399 1142 2471 οἰκουμένην.

173 2493 253 2545 Διὸ
298 2494 396 2546 καὶ
421 2493 580 2562 χρεία
619 2493 718 2546 οὐκ
761 2487 826 2563 ἦν
879 2493 1051 2546 πολλὰ
1105 2495 1354 2563 γενέσθαι
1398 2498 1669 2568 πανταχοῦ

118 2579 344 2650 σώματα,
371 2583 466 2634 καὶ
509 2581 680 2634 πολλὰ
720 2582 980 2651 ἀνάλογον
1006 2583 1084 2652 τῷ
1139 2585 1314 2654 Ἰησοῦ
1363 2587 1666 2655 πνεύματα,

117 2670 186 2722 ἵνα
222 2672 251 2740 ἡ
289 2675 441 2725 πᾶσα
475 2671 586 2724 τῶν
615 2671 915 2742 ἀνθρώπων
959 2675 1248 2746 οἰκουμένη
1294 2676 1535 2747 φωτισθῇ
1591 2677 1668 2746 τῷ

114 2761 246 2832 Λόγῳ
272 2759 369 2814 τοῦ
399 2761 556 2815 Θεοῦ.
615 2749 810 2832 Ἤρκει
835 2761 945 2831 γὰρ
980 2764 1008 2815 ὁ
1032 2757 1112 2825 εἷς
1150 2765 1339 2832 Λόγος,
1368 2765 1443 2828 ὡς
1470 2765 1670 2818 δικαιο-

115 2853 257 2923 σύνης
289 2853 446 2923 ἣλιος
496 2853 778 2916 ἀνατείλας
827 2853 936 2908 ἀπὸ
961 2857 1058 2924 τῆς
1106 2855 1356 2919 Ἰουδαίας
1394 2857 1668 2927 ἐκπέμψαι

114 2942 198 3005 τὰς
217 2944 302 2996 ἐπὶ
337 2943 434 3014 τὴν
459 2944 638 3014 ψυχὴν
664 2943 770 2997 τῶν
795 2944 1131 3016 βουλομένων
1158 2947 1318 3000 αὐτὸν
1373 2949 1670 3019 παραδέξα-

115 3035 219 3088 σθαι
247 3036 558 3106 φθανούσας
577 3037 767 3104 αὐγάς.
788 3039 849 3090 Ei
877 3037 934 3090 δὲ
961 3037 1054 3089 καὶ
1084 3037 1251 3091 πολλά
1277 3056 1358 3101 τις
1383 3038 1537 3092 ποθεῖ
1566 3037 1669 3092 σώ-

1779 1935 1948 2003 enim,
1983 1947 2042 1991 ut
2071 1940 2160 2006 qui
2181 1955 2344 1994 unum
2371 1941 2538 1995 Deum
2570 1943 2710 1996 docti
2737 1943 2967 2009 fuerant,
2995 1947 3085 2015 qui
3115 1950 3349 2017 prophe-

1783 2033 1862 2079 tas
1899 2026 2016 2094 ejus
2046 2029 2322 2097 legebant,
2355 2032 2741 2103 Christumque
2769 2037 2876 2091 illic
2901 2039 3225 2108 promissum
3255 2057 3352 2092 an-

1779 2118 2021 2184 diebant,
2058 2121 2124 2174 ad
2156 2121 2276 2176 illos
2304 2123 2350 2177 is
2375 2123 2468 2193 qui
2506 2125 2798 2194 praedictus
2845 2128 3020 2183 fuerat
3047 2129 3345 2186 adveniret.

1777 2219 1922 2265 eteo
1957 2212 2174 2280 quidem
2213 2223 2478 2284 tempore,
2511 2233 2619 2286 quo
2647 2219 2696 2272 in
2721 2220 3024 2274 universam
3053 2232 3246 2275 terram
3281 2234 3346 2276 cx

1779 2316 1884 2355 uno
1920 2303 2118 2373 angulo
2153 2304 2384 2359 Verbum
2418 2307 2618 2363 effundi
2653 2311 2902 2365 debebat.

1845 2484 1933 2540 79.
1970 2487 2152 2555 Itaque
2186 2498 2242 2542 ut
2271 2490 2519 2544 universa
2549 2499 2694 2544 terra
2729 2489 2904 2544 Verbo
2952 2492 3042 2546 Dei
3076 2491 3346 2546 illtuuina-

1776 2589 1949 2643 retur,
1989 2581 2120 2634 nihil
2175 2595 2395 2635 necesse
2429 2580 2530 2636 fuit
2569 2582 2734 2636 multa
2793 2583 2908 2637 fieri
2941 2600 3170 2652 corpora
3205 2585 3343 2637 inul-

1775 2679 1964 2738 tosque
1999 2672 2222 2740 spiritus
2251 2687 2371 2726 esse
2399 2670 2524 2726 Jesu
2554 2673 2778 2727 similes.
2811 2673 2944 2726 Nam
2969 2676 3099 2727 satis
3135 2684 3254 2728 erat
3287 2686 3343 2730 ut

1772 2776 1938 2814 unum
1974 2761 2231 2828 Verbum,
2260 2763 2352 2832 qui
2373 2763 2449 2815 sol
2484 2764 2828 2832 estjuslitiaa,
2871 2765 2923 2816 in
2949 2764 3129 2819 Jndaca
3158 2768 3342 2821 exori-

1772 2864 1945 2919 rctnr,
1981 2853 2212 2922 hincque
2236 2869 2364 2908 suos
2396 2855 2573 2908 radios
2600 2855 2651 2908 in
2682 2856 2922 2909 animam
2959 2871 3144 2908 eorum
3177 2856 3338 2909 emit.

1771 2952 1944 3010 teret,
1997 2945 2086 3013 qui
2142 2946 2312 3012 ipsum
2355 2945 2643 2998 admittere
2677 2945 2896 3000 vellent.
2931 2944 3083 3010 Quod
3127 2945 3168 2998 si
3215 2947 3342 3011 quis

1770 3036 1938 3089 multa
1967 3051 2194 3104 corpora
2229 3037 2409 3092 videre
2436 3037 2715 3090 desiderat
2763 3036 2947 3091 divino
2979 3035 3187 3108 Spiritu
3235 3035 3339 3088 im-

116 3140 239 3193 ματα
268 3127 676 3200 πεπληρωμένα
705 3128 843 3180 θείου
871 3127 1183 3198 Πνεῦματος
1231 3129 1377 3192 ἰδεῖν,
1410 3130 1667 3198 ἀνάλογον

1780 3127 1915 3196 pleta
1963 3137 2015 3180 et
2050 3119 2329 3180 hominum
2359 3128 2546 3192 saluti,
2598 3128 3054 3197 quemadmodum
3083 3143 3222 3181 unus
3248 3127 3340 3182 illo

109 3217 278 3290 ἐκείνῳ
325 3219 407 3290 τῷ
453 3220 534 3274 ἐν),
582 3219 800 3291 Χριστῷ
846 3219 1240 3290 διακονούμενα
1287 3223 1352 3291 τῇ
1391 3220 1665 3291 πανταχοῦ

109 3307 199 3361 τῶν
239 3311 546 3384 ἀνθρώπων
596 3311 836 3382 σωτηρίᾳ
863 3328 875 3341 ·
935 3312 1264 3364 κατανοείτω
1292 3313 1418 3374 τοὺς
1461 3329 1665 3365 παντα-

107 3401 187 3469 χοῦ
217 3402 387 3470 ὑγιῶς
416 3404 512 3456 καὶ
541 3402 680 3473 μετὰ
719 3403 831 3472 βίου
857 3402 1020 3475 ὀρθοῦ
1046 3403 1392 3465 διδάσκοντας
1429 3403 1518 3455 τὸν
1561 3405 1665 3474 ’1η-

110 3489 186 3541 σοῦ
215 3491 392 3559 λόγον,
416 3493 674 3562 χριστους
707 3493 798 3545 καὶ
825 3493 1024 3556 αὐτοὺς
1059 3492 1162 3545 ὑπὸ
1193 3491 1299 3544 τῶν
1342 3491 1498 3544 θείων
1529 3492 1566 3542 Γ
1574 3509 1667 3564 ραο

106 3580 202 3646 σῶν
236 3583 606 3655 καλουμένους
631 3584 690 3637 ἐν
718 3583 811 3655 τῷ·
861 3603 880 3636 ς
917 3583 1007 3654 Μὴ
1038 3583 1271 3637 ἅπτεσθε
1302 3583 1408 3634 τῶν
1433 3583 1665 3652 χριστῶν

109 3688 214 3738 μου,
242 3676 332 3728 καὶ
372 3676 430 3728 ἐν
463 3678 578 3737 τοῖς
618 3677 921 3746 προφήταις
967 3690 1067 3746 μου
1100 3675 1173 3744 μὴ
1219 3672 1604 3745 πονηρεῦεσθε.
1641 3692 1659 3723 ι

106 3763 196 3815 Καὶ
214 3765 316 3836 γὰρ
343 3767 536 3836 ὥσπερ
559 3765 890 3835 ἠκούσαμεν,
919 3766 1000 3818 ὅτι
1038 3765 1396 3836 Ἀντίχριστος
1427 3765 1662 3835 ἔρχεται,

107 3855 185 3905 καὶ
204 3856 350 3908 οὐδὲν
379 3851 546 3925 ἦττον
574 3854 992 3926 μεμαθήκαμεν,
1024 3855 1105 3907 ὅτι
1131 3855 1460 3926 ἀντίχριστοι
1483 3853 1665 3906 πολλοί

106 3945 225 3994 εἰσιν
262 3945 319 3997 ἐν
348 3945 429 4014 τῷ
468 3943 659 4014 κόσμῳ
684 3959 699 3974 ·
743 3944 832 3997 τὸν
860 3945 1023 3997 αὑτὸν
1068 3945 1265 4016 τρόπον
1313 3945 1393 3996 ὅτι
1436 3943 1665 4017 Χριστὸς

105 4035 452 4108 ἐπιδεδήμηκε
487 4034 725 4103 γνόντες,
774 4034 1106 4107 θεωροῦμεν,
1132 4036 1212 4088 ὅτι
1245 4034 1311 4087 δι’
1341 4034 1499 4086 αὑτὸν
1535 4032 1662 4085 πολ·

106 4123 171 4178 λιῖι
196 4129 402 4197 χριστοὶ
429 4127 542 4194 (57)
566 4122 848 4193 γεγόνασιν
885 4129 942 4178 ἐν
972 4126 1048 4195 τῷ
1077 4125 1284 4198 κόσμῳ,
1315 4127 1508 4187 οἵτινες
1535 4124 1664 4177 ἀνά-

104 4216 236 4285 λογον
273 4219 467 4288 ἐκείνῳ
507 4219 798 4289 ἠγάπησαν
843 4217 1222 4288 δικαιοσύνην,
1257 4217 1349 4270 καὶ
1399 4217 1664 4286 ἐμίσησαν

106 4308 327 4363 ἀδικίαν·
368 4312 464 4363 καὶ
515 4309 602 4363 διὰ
640 4309 796 4362 τοῦτο
834 4310 1016 4380 ἔχρισε
1057 4312 1151 4363 καὶ
1193 4310 1388 4372 αὐτοὺς
1427 4311 1456 4362 ό
1500 4307 1658 4372 Θεὸς,

103 4403 125 4450 ὁ
153 4401 274 4466 Θεὸς
303 4403 400 4457 τοῦ
436 4401 698 4473 Χριστοῦ,
727 4402 890 4472 ἐλαίῳ
917 4401 1305 4469 ἀγαλλιάσεως.
1353 4399 1490 4453 Ἀλλ’
1520 4401 1663 4451 ἐκεῖ-

1773 3219 2042 3280 Christns,
2071 3219 2269 3286 ubique
2298 3219 2700 3284 ministrantia;
2731 3218 3039 3273 consideret
3071 3218 3191 3272 illos
3219 3235 3336 3271 om-

1773 3328 1888 3376 nes,
1909 3313 1998 3379 qui
2027 3328 2212 3378 puram
2248 3309 2372 3364 Jesu
2405 3311 2710 3364 doctrinam
2741 3311 3036 3378 praedicant
3069 3309 3338 3377 simulque

1773 3411 1919 3455 recte
1953 3402 2158 3466 vivunt,
2197 3412 2248 3454 et
2271 3417 2406 3470 quos
2443 3402 2636 3454 divina:
2680 3401 2975 3469 Scriptura:
2992 3401 3226 3454 christos
3245 3416 3339 3454 vo‘

1770 3501 1896 3546 cant
1921 3492 2003 3546 his
2031 3493 2208 3546 verbis
2241 3509 2254 3544 :
2295 3511 2312 3542 ι
2345 3493 2519 3546 Nolite
2561 3502 2780 3563 tangere
2813 3492 3052 3546 christos
3080 3507 3249 3554 meos,
3283 3502 3336 3545 et

1769 3583 1824 3637 in
1860 3583 2138 3652 prephetis
2189 3582 2326 3637 meis
2360 3583 2527 3637 nolite
2581 3583 2867 3652 malignari
2893 3583 2959 3636 7‘.
3001 3600 3018 3634 ι
3060 3583 3128 3636 Ut
3156 3583 3336 3644 enim,

1774 3676 1985 3728 tametsi
2012 3675 2408 3728 Antichristum
2444 3684 2726 3728 venturum
2765 3689 2884 3728 esse
2911 3674 3247 3728 audierimus
3268 3675 3337 3735 ⁷³,

1769 3766 2124 3820 nihilominus
2152 3767 2354 3820 scimus
2385 3767 2579 3819 multos
2612 3765 2666 3818 in
2699 3767 2900 3820 mundo
2929 3780 3049 3820 esse
3076 3764 3339 3819 antichri-

1768 3867 1912 3921 stos;
1949 3855 2030 3909 sic
2079 3857 2326 3909 novimus
2356 3855 2640 3910 advenisse
2671 3856 2966 3921 Christum,
3005 3865 3059 3909 et
3088 3854 3338 3908 videmus

1771 3945 1968 3998 multos
2018 3946 2068 3999 in
2123 3948 2321 3999 mundo
2363 3947 2430 3999 ab
2473 3947 2563 4001 illo
2620 3947 2795 4000 factos
2843 3946 3010 4000 fuisse
3063 3947 3333 4007 christos,

1768 4048 1903 4101 quos
1927 4035 2074 4101 quia,
2117 4035 2254 4088 sicut
2279 4045 2333 4089 et
2358 4035 2465 4097 ille,
2497 4035 2798 4089 dilexerunt
2822 4033 3086 4102 justitiam
3130 4043 3183 4091 et
3210 4038 3338 4092 odeo

1769 4134 1896 4177 runt
1943 4125 2313 4191 iniquitatem,
2357 4133 2644 4194 propterea
2679 4125 2832 4178 unxit
2861 4125 3037 4188 Deus,
3072 4125 3213 4180 Deus
3247 4127 3335 4178 ille

1765 4214 1987 4277 Christi,
2006 4215 2126 4268 oleo
2158 4215 2358 4270 lzetitia:
2379 4213 2445 4268 ⁷³.
2463 4217 2538 4268 Ac
2561 4215 2649 4268 ille
2672 4216 2914 4283 quidem,
2934 4231 3054 4268 cum
3073 4231 3181 4282 prce
3219 4231 3338 4278 par‘

1769 4305 2026 4374 ticipibus
2053 4305 2171 4373 ejus
2205 4305 2460 4359 dilexerit
2493 4305 2762 4373 justitiam
2797 4315 2853 4359 et
2880 4305 3058 4359 oderit
3088 4305 3338 4374 iniquitaa

1771 4406 1898 4460 tem,
1936 4396 2209 4466 primitias
2236 4396 2396 4466 hujus
2419 4394 2696 4450 unctionis
2737 4395 2968 4463 accepit,
3007 4395 3138 4462 imo,
3186 4395 3230 4448 si
3255 4395 3336 4449 sic

102 4509 176 4555 νος
207 4495 300 4564 μὲν
337 4493 432 4548 οὖν
461 4495 604 4565 ὺπέρ
645 4494 899 4563 μετόχους
945 4493 1110 4544 αὑτοῦ
1142 4494 1432 4564 ἀγαπήσας
1459 4492 1664 4545 δικαιο-

1780 4487 1918 4557 loqui
1945 4497 2175 4556 oportet,
2208 4496 2373 4540 totam
2404 4486 2713 4540 unctionem
2753 4485 2910 4554 hujus
2950 4485 3051 4540 olei
3088 4485 3286 4539 laetitia:
3315 4500 3330 4545 ;

103 4584 268 4655 σύνην,
310 4588 405 4640 καὶ
452 4589 691 4657 μισήσας
731 4584 978 4654 ἀνομίαν,
1024 4585 1118 4636 καὶ
1159 4584 1254 4655 τήν
1297 4585 1547 4656 ἀπαρχὴν
1580 4583 1656 4638 εί-

101 4675 219 4745 ληςςε
256 4678 351 4731 τοῦ
402 4678 704 4750 χρίσματος
743 4676 866 4739 καὶ,
907 4677 953 4727 εί
999 4673 1104 4746 χρὴ
1151 4674 1321 4738 οὕτως
1373 4677 1658 4743 ὀνομάσαι,

97 4765 200 4818 ὅλον
242 4769 301 4821 τὸ
347 4770 558 4840 χρίσμα
600 4765 694 4818 τοῦ
729 4767 825 4836 τῆς
863 4765 1230 4834 ἀγαλλιάσεως
1270 4766 1480 4819 ἐλαίου·
1516 4768 1566 4818 οἱ
1597 4766 1652 4818 δὲ

103 4856 297 4928 μέτοχοι
329 4858 520 4920 αὐτοῦ,
551 4857 778 4918 ἕκαστος
813 4855 886 4919 ὡς
917 4853 1216 4926 κεχώρηκε,
1261 4855 1516 4926 μετέσχον
1542 4856 1651 4925 (58)

97 4953 176 5003 καὶ
207 4952 298 5005 τοῦ
328 4951 632 5022 χρίσματος
660 4947 845 5001 αὑτοῦ.
891 4947 1108 5018 Διόπερ,
1141 4949 1260 5000 ἐπεὶ
1293 4948 1523 5018 Χριστὸς
1563 4963 1655 5000 κε-

100 5041 224 5112 φαλή
253 5043 371 5095 ἐστι
399 5042 499 5111 τῆς
546 5039 890 5108 Ἐκκλησίας,
924 5037 999 5100 ὡς
1041 5032 1182 5089 εἶναι
1217 5037 1274 5088 ἓν
1314 5036 1471 5105 σῶμα
1523 5038 1657 5107 Χρι-

99 5133 207 5186 στὸν
254 5134 350 5188 καὶ
405 5134 504 5204 τὴν
578 5131 936 5202 Ἐκκλησίαν
990 5129 1050 5181 τὸ
1100 5129 1268 5199 μύρον
1320 5128 1426 5181 ἀπὸ
1478 5143 1653 5196 κειρα-

158 5276 198 5308 "
236 5277 382 5334 Psal.
421 5294 530 5343 CIV,
576 5279 662 5332 15.
739 5278 785 5308 ⁷⁸
821 5276 1020 5330 lJoan.
1066 5291 1130 5338 tt,
1162 5274 1245 5328 18.

159 5486 267 5556 (35)
321 5486 597 5540 llmsrhel.
638 5492 692 5536 et
740 5482 998 5556 S_pen_cer.
1034 5479 1092 5556 iu
1139 5488 1318 5556 ten-tu,
1350 5473 1654 5544 καταγέλα-

99 5549 224 5610 στον.
252 5549 337 5611 ’Δι
383 5558 542 5610 codd.
568 5557 728 5624 Reg.,
755 5549 1078 5607 Basileensis
1118 5560 1174 5603 et
1204 5549 1515 5612 Vaticanus,
1554 5563 1655 5599 xa-

97 5627 563 5696 ταγελαστότερον.

159 5685 266 5769 (51)
293 5685 463 5760 Μεεῷ
489 5692 742 5764 εἴπομεν,
779 5692 1050 5748 Ηωεοιιει.
1086 5699 1138 5744 et
1169 5691 1456 5760 Spencer.,
1484 5685 1657 5740 εἴποι-

113 5784 205 5818 ιεν.

99 5784 110 5834 ί
161 5839 266 5909 (55)
301 5837 472 5894 Codd.
499 5836 630 5905 Reg.
654 5844 707 5888 et
742 5832 1084 5898 Basileensis,
1112 5829 1489 5900 πληρώσαντα.
1534 5828 1655 5881 lla:-

371 5933 638 5990 PATROL.
687 5929 802 5988 Gn.
855 5927 962 5988 XI.

1324 5273 1369 5304 ⁷³
1405 5272 1548 5326 Psal.
1592 5287 1737 5336 κων,
1779 5272 1834 5325 8.

1769 4580 1864 4632 sed
1894 4578 2010 4644 ejus
2034 4577 2346 4648 participes,
2371 4586 2531 4646 prout
2550 4590 2739 4630 eorum
2773 4576 3001 4644 quisque
3032 4589 3225 4644 capere
3250 4589 3336 4641 po.

1767 4669 1890 4733 tuit,
1920 4669 2061 4722 illius
2076 4667 2346 4721 unctionis
2368 4678 2521 4736 parte
2539 4667 2720 4721 donati
2746 4675 2893 4721 sunt.
2917 4666 3087 4731 Quam
3113 4665 3181 4718 ob
3209 4679 3338 4716 cau-

1763 4776 1878 4814 sam
1909 4776 2032 4814 cum
2065 4759 2319 4813 Christus
2347 4759 2418 4813 sit
2447 4768 2606 4827 caput
2632 4756 2967 4820 Ecclesiae“,
2998 4756 3070 4809 ita
3095 4765 3155 4809 ut
3179 4755 3338 4808 Chri-

1761 4861 1876 4905 stus
1902 4861 1958 4904 et
1995 4849 2241 4904 Ecclesia
2269 4864 2472 4918 corpus
2531 4863 2698 4900 unum
2756 4848 2884 4907 sint.
2935 4853 3268 4912 unguentum
3305 4858 3336 4894 a

1760 4945 1942 5015 Capite
1971 4943 2246 4999 descendit
2287 4943 2340 4996 in
2403 4943 2625 4996 barbam
2675 4943 2852 4994 Aaron
2883 4940 2952 5003 τ’,
2997 4952 3115 5006 quae
3161 4934 3335 4990 barba

1763 5036 1940 5088 virum
1990 5032 2295 5103 perfectura
2331 5031 2629 5099 signiﬁcat,
2669 5041 2721 5085 et
2763 5030 2816 5084 in
2845 5044 2996 5084 oram
3031 5023 3336 5079 vestimenti

1761 5125 1899 5195 ejus.
1931 5127 2109 5196 Atque
2134 5126 2251 5179 hate
2278 5123 2387 5178 dixi
2431 5133 2620 5178 contra
2671 5123 2985 5177 indecorum
3018 5119 3152 5172 illud
3194 5112 3337 5170 Celsi

1911 5273 1957 5302 ⁷⁸
2003 5270 2179 5328 Colos.
2228 5285 2282 5333 ι,
2319 5269 2408 5321 18.
2485 5266 2532 5299 ⁷⁸
2561 5266 2705 5320 Psal.
2730 5279 2932 5328 cum,
2961 5262 3016 5316 ‘2.

1762 5476 2000 5530 schelius
2023 5487 2072 5530 et
2104 5474 2429 5542 Spencerus,
2459 5468 2930 5542 ἐπικληρῶσαντα.

1835 5545 1945 5614 (56)
1986 5545 2048 5598 '0
2075 5530 2283 5613 Λόγος.
2352 5530 2697 5598 Desiderato}
2728 5543 2779 5592 in
2829 5550 2987 5590 antea
3028 5535 3212 5600 editis,
3246 5530 3340 5588 sed

1764 5617 1997 5669 habetur
2027 5618 2078 5668 in
2113 5631 2244 5666 mss.

1836 5684 1946 5757 (57)
1975 5685 2234 5757 Xpmftol.
2264 5683 2444 5757 Codex
2471 5680 2798 5757 Anglicanus
2826 5676 3053 5744 primus.
3080 5676 3339 5746 Χριστιαο

1764 5755 1865 5814 νοί,
1893 5751 2077 5822 sicque
2113 5754 2316 5817 legerat
2348 5751 2600 5806 Gelenius
2631 5751 2918 5817 interpres.

1840 5824 1948 5893 (58)
1983 5814 2253 5878 ΙῚωερΙιοΙ.
2295 5833 2347 5876 et
2390 5823 2658 5891 Spcnccr.
2691 5824 2743 5893 in
2777 5814 3042 5886 inarginc,
3093 5814 3316 5883 μετέσχε

2955 5909 2982 5966 lt
2995 5910 3030 5964 ii
