3894 6548
503 388 640 444 ma

1951 397 2275 456 ORIGENIS

3650 413 3758 469 ιιει

499 507 699 561 dictum
730 525 742 561 :
778 525 796 558 ι
823 505 1081 576 Oportuit
1106 507 1266 561 simili
1302 509 1458 564 modo
1497 511 1643 566 illum
1697 513 1970 573 iusulllarc
2016 519 2048 573 ii

2173 522 2270 594 λῆς
2302 523 2410 594 (59)
2460 525 2839 599 καταεέῦηκεν
2875 525 2967 580 ἐπὶ
3009 526 3102 582 τὸν
3138 523 3409 599 πώγωνα,
3436 529 3507 585 τά
3537 529 3758 603 σύμϐολ’

499 595 664 649 multa
693 611 918 666 corpora
961 604 1014 651 et
1048 597 1101 650 in
1144 600 1456 656 universam
1497 609 1698 656 terram
1727 607 2004 662 emittere.
2049 629 2068 664 ι

495 685 771 742 Ca-terum
819 689 1064 744 comicus
1105 689 1192 745 ille
1243 701 1423 761 poeta,
1466 703 1523 745 ut
1571 693 1742 749 risum
1779 699 2073 769 excitaret,

495 779 719 846 scripsit
748 778 938 834 Jovem
991 782 1169 851 primo
1225 783 1486 850 supitum,
1527 785 1722 841 deinde
1750 792 2071 861 expergefa-

494 879 639 925 ctum
673 873 738 925 ad
769 871 994 930 Graecos
1023 875 1236 930 misisse
1259 877 1424 948 693
1455 878 1820 949 Mercurium;
1851 894 1906 939 at
1928 888 2073 942 ratio

492 975 612 1030 quae
644 960 813 1015 Deum
845 965 993 1018 novit
1027 974 1222 1020 natura
1250 982 1355 1020 non
1381 982 1500 1023 esse
1527 983 1722 1026 somno
1745 974 2068 1041 obnoxium,

493 1055 685 1106 doceat
712 1068 811 1108 nos
843 1069 931 1109 res
966 1054 1128 1123 hujus
1154 1057 1339 1110 mutuli
1369 1073 1468 1126 pro
1507 1068 1809 1131 temporum
1834 1064 2071 1119 circum-

491 1144 707 1201 stantiis
736 1155 791 1200 et
814 1156 977 1216 prout
1005 1149 1142 1202 ratio
1175 1149 1434 1219 postulat,
1460 1167 1488 1205 a
1524 1153 1631 1209 Deo
1663 1155 2062 1213 administrari.

489 1233 694 1291 Verum
729 1238 864 1292 nihil
905 1239 1208 1294 mirandum
1242 1253 1345 1303 est.
1376 1247 1634 1313 qttoniam
1691 1249 1781 1304 Dei
1812 1268 1831 1302 ι
1863 1249 2065 1320 judicia

489 1343 688 1400 magna
717 1339 845 1385 sunt
867 1339 922 1386 et
957 1334 1233 1401 erplicatn
1262 1338 1453 1404 ardua,
1482 1339 1918 1408 indisciplinatas
1946 1345 2064 1398 ani-

489 1435 628 1488 mas,
663 1440 682 1474 ι
725 1431 889 1493 atque
927 1423 1061 1478 adeo
1103 1425 1316 1480 Celsum
1355 1447 1372 1480 ‹
1411 1443 1597 1485 errare
1623 1434 1690 1488 ⁷⁸.
1725 1451 1745 1486 ι
1783 1433 1900 1490 Non
1933 1451 2064 1506 ergo

487 1515 778 1571 ridiculum
832 1527 914 1572 εει
951 1516 1045 1572 Dei
1087 1518 1286 1575 Filium
1337 1523 1403 1576 ad
1451 1522 1689 1593 Judacos,
1739 1529 1882 1596 apud
1926 1542 2063 1598 quos

487 1615 770 1684 prophetae
794 1615 1042 1681 fuerunt,
1082 1617 1310 1672 missum
1352 1615 1552 1684 fuisse;
1594 1628 1654 1673 ut
1687 1619 1812 1674 inde
1841 1636 2060 1675 cursum

485 1718 646 1758 orsus
677 1718 930 1774 corpore,
964 1705 1164 1760 virtute
1197 1714 1249 1760 et
1281 1706 1471 1776 spiritu
1505 1708 1812 1763 exoriretnr
1849 1710 2062 1763 anima-

487 1813 605 1851 rum
646 1805 833 1860 terra),
870 1812 990 1866 quae
1019 1797 1129 1853 Deo
1173 1813 1279 1853 non
1313 1798 1545 1868 amplius
1576 1799 1790 1868 privata
1816 1813 1934 1856 esse
1968 1815 2061 1855 vo-

485 1887 646 1943 lebat.

2173 614 2266 668 τοῦ
2311 615 2518 670 τελείου
2557 618 2784 690 ἀνδρὸς,
2835 620 3064 692 Ἀαρὼν,
3092 624 3186 676 καὶ
3218 623 3420 692 ἒςθασε
3451 627 3758 678 καταϐαῖνον

2170 704 2330 759 τοῦτο
2361 708 2421 760 τὸ
2469 708 2640 780 μύρον
2679 709 2772 762 ἐπὶ
2812 712 2912 784 τὴν
2947 707 3059 766 ὧαν
3101 714 3195 766 τοῦ
3236 714 3540 785 ἐνδύματος
3583 717 3753 769 αὑτοῦ.

2169 798 2280 851 Καὶ
2312 797 2480 852 ταῦτα
2519 800 2576 852 δέ
2627 819 2716 870 μοι
2768 802 3014 856 λέλεκται
3065 805 3198 876 πρὸς
3233 807 3328 859 τὸν
3381 806 3627 877 ἄσεμνον
3673 808 3750 861 τοῦ

2170 889 2379 942 Κέλσου
2408 890 2564 959 λόγον
2594 893 2865 957 εἰπόντος·
2908 915 2924 946 ι
2971 897 3098 949 Δέον
3123 897 3290 950 πολλά
3321 899 3533 967 ὁμοίως
3576 899 3752 967 διατυ-

2173 979 2338 1050 σῆσαι
2383 980 2633 1052 σώματα,
2671 984 2934 1038 καὶκατὰ
2979 988 3154 1039 πᾶσαν
3187 987 3508 1041 ἀποστεῖλαι
3563 990 3670 1059 τὴν
3696 993 3755 1041 ιλ-

2169 1071 2459 1144 κουμένην.
2503 1093 2521 1124 ι
2584 1075 2641 1127 Ὀ
2684 1076 2783 1145 μὲν
2821 1072 2915 1130 οῦν
2956 1079 3216 1148 κωμῳδὸς
3253 1081 3654 1148 γελωτοττῦεῶν
3683 1084 3754 1132 .31.,

2175 1163 2276 1215 Δία
2304 1163 2645 1235 κοιμώμενον
2681 1169 2948 1237 πεποίηκέ
2970 1185 3026 1220 τε
3074 1170 3166 1221 καὶ
3205 1170 3648 1241 διυπνιζὸμενον,
3682 1176 3754 1225 καὶ

2172 1255 2461 1325 πέμποντα
2477 1255 2612 1328 πρὸς
2639 1258 2765 1320 τοὺς
2785 1258 3050 1328 Ἕλληνας
3072 1261 3160 1313 τὸν
3187 1257 3398 1332 Ἑρμῆν
3419 1279 3436 1292 ·
3467 1265 3494 1314 ὁ
3520 1263 3580 1314 δὲ
3595 1263 3750 1329 λόγος,

2167 1346 2375 1400 ἄϋπνον
2412 1349 2772 1419 ἐπιστάμενος
2815 1350 2976 1419 φύσιν
3017 1353 3115 1422 τὴν
3145 1353 3240 1405 τοῦ
3274 1353 3436 1416 Θεοῦ,
3467 1354 3752 1407 διδασκέτω

2163 1439 2334 1508 ἡμᾶς,
2384 1440 2466 1493 ὅτι
2528 1442 2667 1495 κατὰ
2715 1443 2938 1513 καιροὺς
2984 1445 3258 1514 οἰκονομεῖ
3287 1445 3355 1498 τὰ
3404 1444 3503 1497 τοῦ
3564 1447 3750 1516 κόσμου

2167 1530 2472 1601 πράγματα
2495 1535 2538 1586 ’ὁ
2567 1533 2718 1596 Θεὸς,
2767 1533 2842 1598 ὡς
2875 1535 3093 1587 ἀπαιτεῖ
3136 1535 3198 1587 τὸ
3243 1533 3490 1603 εὔλογον.
3529 1539 3609 1590 Οὐ
3641 1539 3749 1591 θαυ-

2168 1621 2371 1692 μαστὸν
2407 1624 2464 1676 δὲ
2495 1626 2564 1687 εί,
2605 1625 2692 1678 διά
2721 1625 2781 1678 τὸ
2813 1645 2830 1677 ι
2875 1626 3116 1696 μεγάλας
3145 1622 3282 1679 εἶναι
3324 1628 3423 1680 καὶ
3470 1627 3751 1698 δυσδιηγήο

2161 1725 2288 1774 τους
2314 1711 2412 1775 τὰς
2443 1714 2654 1783 κρίσεις
2682 1712 2775 1766 τοῦ
2806 1712 2963 1780 Θεοῦ,
3010 1715 3066 1766 αἱ
3102 1713 3420 1766 ἀπαίδευτοι
3453 1713 3749 1766 πλανῶνται

2160 1797 2348 1869 ψυχαὶ,
2403 1821 2420 1852 ι
2471 1801 2564 1853 καὶ
2611 1802 2818 1867 Κέλσος
2864 1803 2960 1855 σὺν
3008 1804 3214 1867 αὐταῖς.
3245 1805 3417 1858 Οὐδὲν
3447 1799 3547 1857 οὖν
3595 1822 3748 1859 κατε.-

2169 1890 2427 1958 γέλαστόν
2459 1895 2606 1945 ἐστιν
2641 1896 2697 1946 ἐν
2736 1894 2815 1965 τῷ
2865 1895 3152 1960 Ἰουδαίοις,
3189 1897 3319 1967 παρ’
3345 1890 3434 1960 οἷς
3474 1895 3750 1965 γεγόνασιν

480 1982 531 2033 οἱ
583 1980 1270 2052 προφῆται,¹’πεπέμφθαι
1317 1979 1409 2035 τὸν
1465 1979 1590 2035 Υίὺν
1636 1979 1732 2035 τοῦ
1805 1981 1973 2035 Θεοῦ·
2023 1983 2090 2036 ἵν’
2145 1983 2354 2036 ἐκεῖθεν
2408 1983 2712 2054 ἀρξάμενος
2774 1986 3098 2056 σωματικῶς
3151 1986 3376 2058 δυνάμει
3429 1988 3531 2041 καὶ
3601 1986 3747 2041 πνειὶο

486 2093 618 2148 ματι
644 2077 902 2150 ἀνατείλῃ
930 2079 996 2149 τῇ
1031 2075 1230 2149 μηκέτι
1264 2076 1564 2150 βουλομένῃ
1590 2077 1780 2149 ἐρήμῳ
1810 2077 1946 2132 Θεοῦ
1981 2078 2269 2150 τυγχάνειν
2303 2080 2593 2151 οἰκουμένῃ
2626 2080 2815 2151 ψυχῶν
2851 2082 2980 2153 (46).

565 2171 654 2228 80.
689 2173 886 2228 Postea
921 2173 1092 2228 visunt
1115 2183 1200 2228 est
1224 2171 1380 2228 Celso
1399 2171 1680 2228 Chaldaeos
1713 2187 1912 2227 vocare
1937 2189 2066 2242 gen-
2099 2180 2142 2234 B

478 2273 589 2319 tem
607 2262 719 2333 jam
747 2279 774 2318 a
805 2265 994 2335 primis
1018 2265 1352 2335 temporibus
1377 2279 1602 2333 prorsus
1625 2265 1888 2329 divinam,
1914 2267 2057 2321 unde

481 2365 662 2410 tamen
704 2355 756 2410 in
801 2357 1049 2412 homines
1085 2357 1330 2412 derivata
1363 2365 1448 2411 est
1479 2355 1640 2410 fallax
1674 2371 1740 2410 ex
1773 2356 1939 2410 natali
1971 2358 2057 2414 die

479 2447 760 2502 divinandi
788 2447 1100 2518 disciplina.
1134 2449 1336 2503 Eodem
1371 2447 1490 2502 loco
1524 2457 1580 2502 et
1630 2462 1859 2503 numero
1893 2450 2057 2505 habet

479 2553 668 2609 magos
693 2554 722 2593 a
764 2540 964 2610 quibus
1000 2555 1090 2596 ars
1127 2540 1333 2611 magica
1358 2552 1556 2595 nomen
1588 2554 1744 2594 suum
1789 2541 1973 2607 traxit,
2001 2549 2056 2595 et

479 2630 533 2684 in
561 2640 788 2687 caeteras
817 2641 1007 2702 gentes
1039 2632 1103 2687 ad
1141 2633 1369 2687 exitium
1397 2649 1459 2688 ea
1504 2633 1772 2687 utentium
1811 2632 2056 2686 dimana-

476 2716 578 2771 vit.
602 2717 684 2772 Ad
707 2717 996 2790 Egyptios
1017 2721 1158 2790 quod
1189 2732 1421 2791 spectat,
1447 2723 1640 2777 Celsus
1667 2736 1760 2776 eos
1783 2722 1839 2775 in
1866 2738 2056 2777 errore

477 2810 688 2864 versari
717 2811 970 2882 superius
999 2811 1301 2884 judicabat,
1338 2823 1396 2868 ut
1423 2814 1514 2884 qui
1537 2813 1902 2883 elegantiores
1938 2816 2057 2882 qui-

474 2901 601 2957 dem
630 2904 895 2960 haberent
921 2905 1247 2975 templorum
1277 2922 1398 2976 qua:
1447 2921 1603 2962 sacra
1639 2906 2050 2972 existimabant,

477 2995 731 3065 ambitus,
754 2996 846 3052 sed
876 2997 1009 3052 nihil
1038 2997 1188 3053 intus
1217 3010 1414 3067 praeter
1437 3000 1650 3064 simias,
1678 3008 1773 3055 aut
1804 3001 2054 3056 crocodi-

476 3087 578 3156 los,
611 3099 704 3145 aut
733 3105 946 3161 capras,
977 3099 1071 3146 aut
1094 3091 1334 3162 aSpides,
1365 3100 1458 3146 aut
1480 3092 1625 3154 aliud
1650 3093 1874 3149 animal.
1892 3092 2053 3149 Nunc

476 3197 608 3237 vero
639 3181 757 3239 illos
804 3183 1078 3259 appellare
1123 3183 1250 3239 libet
1290 3195 1504 3254 gentem
1550 3185 1948 3242 divinissimam
2000 3195 2056 3242 et

477 3273 872 3328 divinissimam
908 3274 977 3328 ab
1001 3274 1191 3339 initio;
1245 3275 1463 3341 Opinor,
1498 3276 1642 3345 quod
1670 3275 1741 3330 ab
1773 3276 1928 3331 initio
1955 3275 2050 3332 Ju-

473 3365 604 3420 daais
630 3365 828 3422 infensi
859 3364 1082 3422 fuerint.
1130 3365 1309 3422 Persa:
1355 3367 1543 3434 etiam,
1573 3366 1666 3436 qui
1701 3377 1905 3422 matres
1947 3368 2050 3422 sibi

471 3453 724 3525 copulant
755 3463 810 3510 et
850 3470 978 3511 cum
1021 3455 1234 3512 ﬁliabus
1271 3472 1472 3526 corpus
1519 3458 1773 3523 miscent,
1807 3474 1940 3527 gens
1965 3458 2051 3512 di-

473 3547 599 3603 vina
632 3561 755 3602 esse
779 3547 940 3603 Celso
969 3548 1217 3615 videtur;
1264 3564 1472 3604 necnon
1506 3548 1643 3617 lndi,
1686 3566 1917 3620 quorum
1973 3561 2051 3605 ta-

475 3653 597 3694 men
635 3638 927 3694 nonnullos
972 3654 1137 3709 supra
1169 3640 1306 3694 dixit
1349 3657 1546 3696 carnes
1588 3642 1856 3697 humanas
1887 3645 2049 3697 devo-

475 3744 616 3785 rare.
642 3728 862 3787 Iudaeos
892 3744 1023 3784 vero
1050 3730 1142 3800 qui
1175 3731 1313 3785 nihil
1350 3733 1546 3787 horum
1583 3735 1963 3799 committunt,
1996 3743 2049 3791 et

474 3832 688 3879 veteres
720 3823 1047 3894 praesertim,
1079 3839 1185 3880 non
1217 3825 1392 3880 solum
1432 3841 1537 3880 non
1583 3826 1714 3882 dicit
1739 3841 1860 3881 esse
1907 3829 2046 3882 divi-

472 3913 748 3978 nissimos,
799 3913 891 3969 sed
927 3914 1094 3967 etiam
1145 3913 1302 3968 brevi
1346 3915 1655 3985 perituros;
1691 3914 1853 3983 idque
1902 3915 2047 3970 velut

471 4021 538 4058 ex
588 4004 800 4074 tripode
839 4005 1175 4076 pronuntiat.
1211 4005 1478 4060 Nimirum
1514 4020 1618 4060 non
1649 4006 1882 4059 advertit
1925 4005 2044 4060 ani-

471 4112 618 4151 mum
649 4098 716 4152 ad
743 4113 932 4153 curam
965 4112 1181 4154 omnem
1207 4113 1370 4168 quam
1396 4097 1540 4152 Deus
1567 4097 1634 4152 de
1655 4093 1857 4152 Judteis
1891 4095 2045 4150 adhi-

467 4188 608 4254 buit,
633 4205 732 4246 nec
763 4191 830 4246 ad
874 4199 1096 4246 sanctas
1129 4190 1274 4260 leges
1306 4204 1442 4258 quas
1475 4189 1588 4257 ipse
1620 4187 1731 4242 illis
1777 4187 1906 4242 olim
1943 4187 2045 4240 im-

467 4283 692 4351 posuit:
729 4297 835 4338 non
869 4283 1005 4338 vidit
1054 4302 1073 4336 ‹
1131 4283 1343 4336 illorum
1377 4280 1571 4336 delicto
1612 4279 1839 4334 salutem
1875 4278 2042 4334 fuisse

465 4372 742 4443 gentibus,
771 4372 1030 4430 delictum
1065 4373 1281 4429 illorum
1335 4371 1553 4427 divitias
1591 4385 1712 4426 esse
1740 4370 1946 4434 mundi,
1988 4377 2041 4423 et

465 4463 884 4519 diminutionem
923 4479 1132 4529 eorum,
1160 4463 1381 4519 divitias
1409 4462 1677 4532 gentium,
1713 4461 1886 4516 donec
1925 4460 2039 4529 ple-

436 4554 654 4612 'uitudo
710 4557 952 4628 gentium
1015 4556 1333 4621 introierit,
1383 4573 1406 4609 ι
1457 4565 1518 4608 ιιι
1564 4560 1748 4624 postea
1799 4570 1818 4606 ι
1863 4555 2066 4638 οιιιιιὶε⁴

464 4649 658 4715 Israel,
699 4668 719 4702 ι
761 4664 924 4720 quem
961 4647 1090 4717 quid
1131 4647 1203 4703 sit
1241 4662 1351 4702 non
1386 4645 1531 4716 capit
1555 4644 1778 4712 Celsus,
1817 4644 2034 4700 (salvas

463 4741 633 4796 ﬁat".
665 4759 684 4794 ι
1027 4781 1040 4792 .

531 4831 620 4886 81.
643 4829 762 4885 iam
792 4833 976 4888 nescio
1009 4832 1281 4900 quomodo
1303 4830 1507 4886 dixerit
1541 4847 1560 4881 ι
1599 4829 1789 4894 Deum,
1811 4828 1903 4898 qui
1949 4842 2038 4884 no-

460 4926 539 4977 vit
565 4923 769 4990 omnia,
795 4923 1093 4980 nescivisse
1126 4937 1187 4978 se
1220 4924 1438 4978 mittere
1466 4922 1661 4978 Filium
1690 4923 1757 4977 ad
1785 4923 2032 4977 homines

459 5012 633 5068 malos
678 5021 733 5067 et
765 5023 1110 5080 peccaturos,
1160 5013 1253 5082 qui
1303 5012 1451 5066 illum
1482 5011 1747 5082 supplicio
1782 5009 2027 5066 all‘ectnri

456 5111 634 5162 erant.
671 5121 692 5157 ι
720 5103 791 5158 At
812 5102 901 5166 hic
924 5103 1137 5159 videtur
1160 5104 1227 5159 de
1257 5103 1522 5158 industria
1555 5102 1799 5157 oblivisci
1831 5110 2034 5156 nostrae

458 5196 721 5252 doctrina:
743 5211 862 5266 quae
882 5195 978 5260 ait,
1010 5196 1296 5266 prophetas
1330 5195 1422 5250 Dei
1454 5196 1635 5250 divino
1659 5193 1862 5262 Spiritu
1893 5208 2033 5262 pra!-

456 5286 657 5342 vidisse
701 5295 758 5343 et
797 5287 1121 5358 praedixisse
1167 5301 1508 5357 quaecunque
1557 5283 1717 5340 Jesus
1770 5297 2032 5353 passurus

526 5408 572 5440 "
603 5407 732 5479 Sap.
763 5425 894 5476 xvii,
927 5410 978 5464 1.
1053 5409 1098 5442 ’⁷
1136 5409 1293 5463 liom.
1322 5423 1399 5474 xr,
1430 5408 1518 5476 ll,
1547 5406 1636 5474 i2,
1663 5406 1733 5461 25
1761 5415 1815 5462 et
1841 5405 1934 5462 26.

525 5548 638 5630 (2’19)
665 5546 1001 5603 llwschelius
1050 5558 1104 5601 et
1136 5545 1446 5617 Spencerus
1493 5545 1545 5600 in
1583 5553 1753 5608 textu,
1800 5543 1892 5596 ἐπὶ
1931 5560 2022 5598 κε-

453 5620 923 5761 1ἰῗοιῗῆ’νίζ”υχῶπ
969 5689 1062 5752 Τὸ,
1109 5688 1314 5758 ψυχῶν,
1351 5685 1552 5749 Guieto
1582 5693 1890 5754 suspectum
1941 5692 2023 5738 est

453 5759 508 5816 cl
534 5759 846 5813 addititium
878 5760 1108 5812 videtur.

528 5830 636 5901 Ml)
666 5828 1020 5896 Χαλδαίους.
1063 5829 1241 5886 Codex
1264 5827 1594 5899 Anglicanus
1617 5826 1842 5896 primus,
1880 5824 2023 5881 Χαλ-

2289 2174 2446 2244 Ἑξῆς
2503 2175 2558 2228 δὲ
2608 2175 2821 2239 τούτοις
2893 2176 3194 2231 ὲνθεώτατα
3241 2177 3299 2244 ἐξ
3359 2179 3553 2250 ἀρχῆς
3620 2182 3745 2247 ἔᾰξε

2159 2264 2351 2336 Κέλσῳ
2374 2264 2552 2333 λέγειν
2587 2265 2712 2337 ἔθνη
2732 2266 3179 2337 Χαλδαίουςμι),
3199 2262 3376 2336 ἀφ’ὦν
3409 2272 3443 2340 ἡ
3478 2271 3746 2343 ἀπατηλὸς

2157 2357 2562 2426 γενεθλιαλογία
2591 2357 2882 2427 νενέμηται
2906 2359 3032 2421 τοὺς
3058 2357 3398 2430 ἀνθρώπους.
3445 2361 3618 2414 Ἀλλὰ
3666 2367 3743 2415 καὶ

2161 2449 2369 2520 μάγους
2396 2454 2506 2514 τοῖς
2541 2449 2895 2514 ὲνθεωτάτοις
2936 2452 3256 2504 κατατάττει
3284 2452 3497 2506 ἔθνεσιν
3541 2457 3575 2506 ὁ
3621 2457 3742 2508 Κέλο

2159 2554 2269 2604 σος,
2298 2541 2390 2610 ἀφ’
2434 2535 2509 2595 ὧν
2544 2543 2577 2611 ἡ
2615 2539 2942 2612 παρώνυμος
2980 2543 3074 2595 τοῦ
3107 2542 3289 2606 ἔθνους
3322 2545 3508 2598 αὐτῶν
3545 2548 3738 2616 parsi:

2156 2634 2251 2687 καὶ
2274 2637 2385 2697 τοῖς
2411 2635 2616 2698 λοιποῖς
2649 2634 2858 2689 ἔθνεσιν
2876 2635 2968 2687 ἐπὶ
2996 2635 3256 2708 διαφθορᾷ
3287 2637 3380 2688 καὶ
3399 2636 3623 2708 ὀλέθρῳ
3649 2639 3742 2690 τῷτ

2157 2725 2452 2796 χρωμένων
2483 2727 2620 2796 αὐτῇ
2656 2726 3042 2796 ἐπιδεδήμηκε.
3079 2729 3187 2780 Καὶ
3220 2728 3512 2795 Αἰγύπτιοι
3555 2731 3661 2798 μὲν

2160 2816 2258 2885 μὲν
2300 2819 2412 2880 τοῖς
2447 2817 2701 2888 ἀνωτέρω
2749 2820 2844 2871 καὶ
2879 2818 3030 2888 παρά
3074 2817 3150 2888 τῷ
3181 2819 3375 2888 Κέλσῳ
3409 2819 3745 2884 ἐπλανῶντο,

2155 2904 2230 2968 ὡς
2248 2906 2475 2975 σεμνοὺς
2503 2905 2598 2975 μὲν
2622 2905 2834 2975 ἔχοντες
2891 2904 3203 2978 περιϐόλους
3232 2906 3341 2958 τῶν
3371 2907 3744 2978 νομιζομένων

2157 2995 2496 3066 ίερών,ἕνδον
2519 2995 2574 3048 δὲ
2607 2995 2757 3048 οὐδὲν
2774 2996 2887 3048 ἀλλ’
2912 2997 3295 3069 ἦπιθήκους,ῆ
3333 2998 3566 3066 κροκοδε
3578 3000 3739 3063 ῦιους,

2154 3089 2187 3160 ἦ
2222 3086 2403 3159 αἶγας,
2439 3090 2473 3161 ἢ
2527 3089 2780 3155 ἀσπίδας,
2816 3090 2850 3160 ἦ
2884 3107 2935 3142 τι
2977 3088 3085 3142 τῶν
3119 3088 3304 3153 ζώωνο
3353 3091 3456 3143 νῦν
3490 3091 3555 3145 δέ
3606 3092 3744 3156 ἔδοξε

2155 3181 2346 3251 Κέλσῳ
2399 3179 2726 3235 ἐνθεώτατον
2773 3182 2946 3234 εἰπεῖν
2989 3181 3083 3235 καὶ
3126 3183 3185 3234 τὸ
3217 3181 3533 3249 Αἰγυπτίων
3571 3184 3745 3247 ἔθνος,

2155 3270 2249 3323 καὶ
2293 3267 2622 3323 ὲνθεὼτατον
2666 3268 2724 3336 ἐξ
2778 3270 2981 3341 ἀρχῆς*
3015 3270 3158 3341 τάχα
3208 3270 3329 3323 ἐπεὶ
3378 3272 3666 3335 Ἰουδαίοις
3691 3273 3745 3339 ἐξ

2155 3361 2329 3432 ἀρχῆς
2369 3361 2946 3433 προσπεπολεμήκασι.
2990 3363 3100 3416 Καὶ
3151 3362 3358 3433 Πέρσαι
3403 3362 3496 3427 δὲ,
3542 3364 3602 3418 οι
3650 3364 3745 3426 τὰς

2165 3453 2405 3523 μητέρας
2449 3453 2770 3524 γαμοῦντες,
2803 3453 2898 3506 καὶ
2928 3453 3229 3524 θυγατράσι
3273 3453 3634 3524 μιγνύμενοι,
3667 3454 3747 3508 εν-

2156 3545 2275 3598 θεον
2307 3545 2456 3609 ἔθνος
2494 3541 2631 3598 εἶναι
2665 3544 2744 3616 τῷ
2777 3543 2972 3615 Κέλσῳ
2993 3545 3273 3599 δοκοῦσιν·
3314 3546 3457 3600 ἀλλὰ
3502 3549 3610 3602 καὶ
3655 3550 3745 3603 Ἰν-

2156 3636 2234 3690 δοὶ
2275 3638 2383 3709 (42)
2416 3630 2490 3694 ὧν
2532 3654 2684 3701 τινας
2721 3639 2780 3690 ἐν
2821 3640 2934 3701 τοῖς
2982 3637 3398 3708 προειρημένοις
3435 3638 3604 3708 ἔλεγε
3654 3641 3744 3693 καὶ

2152 3729 2504 3802 ἀνθρωπείων
2553 3729 2849 3799 γεγεῦσθαι
2895 3728 3133 3798 σαρκῶν.
3179 3729 3361 3802 Μηδὲν
3411 3729 3470 3782 δὲ
3531 3731 3743 3786 τούτων

2165 3823 2469 3888 Ἰουδαίους,
2508 3822 2738 3894 μάλιστα
2773 3824 2898 3886 τοὺς
2923 3821 3112 3883 πάλαι,
3155 3821 3497 3891 πράττοντας
3538 3823 3609 3876 οὗ
3647 3823 3743 3895 μοι

2149 3931 2237 3968 νον
2265 3915 2365 3968 οὐκ
2397 3909 2546 3966 εἶπεν
2577 3912 2958 3977 ὲνθεωτάτους,
2991 3912 3129 3967 ἀλλά
3153 3913 3246 3966 καὶ
3273 3912 3473 3988 αὐτίκα
3505 3915 3743 3969 ἀπολου-

2151 4005 2364 4078 μένους.
2413 4006 2582 4059 Τοῦτο
2619 4007 2717 4078 μὲν
2751 4006 2851 4077 ἤδη
2885 4005 2978 4058 καὶ
3005 4004 3080 4069 ὡς
3122 4003 3380 4076 μαντικὸς
3413 4003 3573 4074 λέγει
3615 4007 3744 4079 τεεῲ

2146 4096 2357 4151 αὐτῶν·
2413 4098 2511 4167 οὐχ
2554 4096 2697 4168 ὁρῶν
2747 4099 2927 4150 πᾶσαν
2958 4095 3056 4167 τὴν
3095 4095 3223 4167 περὶ
3267 4093 3587 4162 Ἰουδαίους,
3651 4097 3744 4148 καὶ

2144 4190 2242 4263 τὴν
2278 4189 2479 4262 σεμνὴν
2513 4189 2678 4243 πάλαι
2717 4189 2992 4243 πολιτείαν
3026 4188 3226 4250 αὐτῶν,
3259 4185 3352 4242 τοῦ
3398 4185 3544 4243 Θεοῦ
3594 4189 3740 4246 uix;-

2144 4283 2367 4354 νομίανο
2404 4281 2499 4336 καὶ
2542 4281 2618 4345 ὡς
2665 4299 2682 4332 ι
2732 4280 2809 4352 τῷ
2853 4279 3076 4334 ἐκείνων
3116 4275 3528 4352 παραπτώματι
3563 4284 3600 4354 ἠ
3637 4301 3739 4335 σω-

2141 4370 2305 4441 τηρίά
2340 4371 2629 4440 γεγένηται
2660 4369 2769 4432 τοῖς
2802 4367 3008 4422 έθνεσι·
3030 4368 3124 4422 καὶ
3155 4369 3223 4421 τὸ
3244 4371 3605 4442 παράπτωμα
3637 4375 3736 4424 αὖ·

2141 4461 2269 4524 τῶν,
2305 4460 2530 4524 πλοῦτος
2560 4459 2764 4529 κόσμου
2784 4477 2797 4490 ·
2834 4459 2930 4513 καὶ
2960 4459 3020 4513 τὸ
3057 4461 3277 4532 ἥττημα
3310 4461 3516 4528 αὐτῶν,
3563 4462 3735 4514 πλοῦ-

2139 4569 2231 4615 τος
2280 4551 2447 4605 ἐθνῶν
2475 4567 2488 4582 ο
2551 4571 2568 4602 ›
2629 4551 2732 4614 ἕως
2788 4551 2849 4603 τὸ
2905 4551 3178 4625 πλήρωμα
3237 4551 3347 4621 (45)
3391 4551 3505 4604 τῶν
3557 4552 3734 4606 ἐθνῶν

2139 4641 2374 4714 εἰσέλθῃ,
2408 4641 2495 4694 ἵνα
2531 4641 2666 4712 μετὰ
2702 4639 2859 4694 τοῦτο
2886 4660 2906 4694 ι
2945 4643 3076 4707 πᾶς,
3117 4659 3136 4694 ι
3164 4641 3222 4694 ὃν
3255 4641 3317 4694 οὐ
3352 4644 3466 4695 νοεῖ
3494 4642 3731 4706 Κέλσος,

2145 4753 2162 4785 ι
2218 4733 2434 4806 Ἰσραὴλ
2463 4733 2629 4804 σωθῇ.
2678 4753 2695 4783 ι
2991 4786 2993 4788 .

2250 4825 2362 4876 Οὐκ
2415 4819 2534 4876 οἶδα
2581 4823 2624 4875 δ’
2670 4823 2816 4886 ὃπως
2871 4822 3005 4894 φησι
3055 4821 3181 4893 περὶ
3223 4820 3317 4874 τοῦ
3383 4821 3565 4882 Θεοῦ,
3613 4822 3732 4882 ὅτι,

2145 4936 2164 4968 ι
2212 4917 2270 4969 '0
2301 4915 2477 4969 πάντα
2494 4912 2649 4976 εἰδὼς
2673 4911 2830 4966 τοῦτο
2856 4913 2957 4966 οὐκ
2989 4914 3273 4982 ἠπίστατο,
3296 4913 3378 4966 δτι
3408 4915 3608 4977 κακοῖς
3637 4914 3730 4966 ἁν-

2137 5004 2396 5079 θρὼποις,
2445 5007 2540 5059 καὶ
2591 5004 3087 5077 ἀμαρτησομένοις,
3131 5005 3224 5057 καὶ
3263 5004 3595 5057 κολάσουσιν
3629 5007 3726 5058 αὺ-

2136 5099 2230 5154 τοῦ
2271 5101 2360 5152 τὸν
2392 5098 2519 5151 Υἱὸν
2569 5098 2793 5168 πέμπει.
2832 5115 2850 5149 ι
2902 5096 3040 5149 Ἀλλ’
3091 5095 3234 5149 ἔοικε
3281 5094 3387 5147 νῦν
3423 5095 3526 5165 μὲν
3577 5093 3725 5148 ἑκὼν

2138 5189 2483 5261 ἐπιλελῆσθαι
2529 5189 2621 5242 τοῦ
2668 5189 2966 5256 φάσκοντος
3008 5187 3188 5257 λόγου,
3224 5187 3422 5248 πάντα,
3452 5186 3490 5239 ἃ
3527 5186 3725 5238 πεέσεο

2137 5302 2228 5338 ται
2273 5282 2476 5355 Ἰησοῦς
2524 5284 2552 5336 ὁ
2600 5281 2867 5353 Χριστὸς,
2920 5278 3333 5353 προεωρακέναι
3381 5278 3506 5349 θείῳ
3536 5278 3722 5332 Ilva-.3.
3755 5317 3768 5325 .

2131 5543 2320 5679 aula/:2)
2365 5611 2562 5666 Ἰνδοί.
2607 5609 2722 5665 Duo
2747 5611 2908 5666 codd.
2936 5609 3246 5681 Anglicani,
3287 5605 3480 5670 Ἰνδῶν,
3511 5609 3722 5678 sicque

2132 5681 2474 5737 Haaschelius
2499 5684 2549 5734 in
2583 5692 2755 5734 textu.

2203 5751 2313 5822 (45)
2345 5751 2496 5816 Ἕως
2522 5751 2587 5804 τὸ
2617 5749 2922 5817 πλήρωμα.
2953 5748 3056 5822 dlta
3108 5763 3236 5822 mss.
3262 5757 3317 5822 et
3364 5745 3719 5804 llms‘chelius

2130 5821 2182 5876 in
2211 5815 2388 5877 'tcx'tu.
2428 5815 2912 5892 spencerusve’ro,
2941 5819 3100 5891 ἄχρις
3132 5815 3192 5873 οὗ
3221 5818 3504 5888 πλήρωμα..

3229 6536 3396 6546 --ήὴι
3448 6536 3581 6546 ἡὴ
3628 6536 3834 6548 ἠ--ιήι
