3846 6406
242 227 364 282 “2!

1384 237 1663 295 CONTRA
1697 239 1977 298 CELSUM
2013 239 2141 296 LIB.
2185 241 2300 300 Vll.

3363 261 3502 317 1422

240 363 382 416 ματι,
416 347 511 400 καὶ
545 353 1051 422 πεπροφητευκέναι
1109 356 1234 419 τοὺς
1282 355 1376 410 τοῦ
1415 357 1550 410 Θεοῦ
1597 360 1770 430 προφῆ

1884 427 1885 431 η
1910 373 2044 415 erat.
2063 360 2214 427 Quod
2227 371 2372 417 certe
2387 377 2492 418 non
2508 364 2745 421 cohaeret
2767 381 2888 423 cum
2907 368 3054 425 dicto
3079 370 3244 437 Celsi,
3273 388 3292 424 ι
3326 373 3496 430 Deum

235 454 347 501 τας.
395 433 496 504 Οἷς
523 443 625 514 οὐχ
669 444 861 498 ἕπεται
907 465 926 498 ‹
963 447 1023 501 τὸ
1073 447 1149 519 μὴ
1195 450 1492 517 ἐγνωκέναι
1539 452 1630 504 τὸν
1659 453 1812 519 Θεὸν,

234 529 310 583 ὅτι
357 537 553 598 κακοῖς
603 537 696 591 καὶ
740 539 1211 610 ἀμαρτησομένοις
1251 542 1555 613 ἀνθρώποις
1603 545 1813 616 πέμπει

232 625 318 680 τὸν
359 627 512 693 Υίὸν,
561 630 657 683 καὶ
704 631 1024 685 κολάσουσιν
1056 632 1238 686 αὐτόν.
1286 653 1304 683 ι
1339 634 1554 698 Εὐθέως
1573 635 1632 688 δὲ
1664 636 1811 705 λέγει

229 718 306 782 τὸ,
332 719 502 775 πάλαι
529 721 706 775 ταῦτα
733 723 1113 795 προειρῆσθαι,
1149 725 1206 778 ὲν
1237 724 1500 797 ἀπολογίᾳ
1529 727 1617 795 ὑφ’
1637 727 1810 798 ήμῶν

229 812 495 880 λέγεσθαι.
547 814 707 879 Ἀλλ’,
745 817 868 870 ἐπεὶ
911 818 1157 890 αὐτάρκη
1200 820 1547 890 περιγραφὴν
1588 820 1808 892 εἴληφεν

225 906 252 959 ὁ
279 903 432 969 ἕκτος
469 907 628 977 ἡμῶν
656 907 839 978 τόμος,
870 909 1032 962 αὑτοῦ
1066 927 1167 963 που
1203 911 1654 976 καταπαύσαντες
1715 913 1806 967 τὸν

224 992 394 1060 λόγον,
428 996 731 1066 ἀρξόμεθα,
757 997 891 1051 Θεοῦ
921 998 1171 1063 διδόντος,
1197 1001 1424 1072 ἑϐδόμου
1442 1020 1454 1032 ·
1483 1003 1540 1054 ἐν
1570 997 1614 1071 ᾧ
1639 1005 1807 1058 ἀπαν-

222 1088 314 1156 τᾷν
345 1087 560 1156 νομίζει
595 1089 734 1161 πρὸς
775 1090 835 1142 τὸ
867 1091 957 1160 ὑφ’
995 1091 1154 1162 ἡμῶν
1197 1092 1470 1161 λέγεσθαι,
1513 1097 1638 1159 τοὺς
1671 1113 1804 1167 προ-

221 1179 388 1250 φήτας
451 1180 634 1233 πάντα
692 1181 764 1234 τά
809 1183 937 1254 περὶ
995 1183 1090 1236 τοῦ
1159 1185 1331 1255 Ἰησοῦ
1391 1188 1800 1259 προειρηκέναι.

222 1269 391 1341 Ἀπερ
421 1271 547 1324 ἐπεὶ
589 1273 810 1326 πλείονὰ
844 1275 982 1339 ἐστι,
1032 1277 1127 1328 καὶ⁴
1168 1276 1410 1339 πλείονος
1438 1277 1595 1345 λόγου
1627 1279 1799 1332 δεῖται

214 1361 301 1418 τοῦ
324 1363 462 1435 πρὸς
502 1365 672 1418 αὑτά·
707 1364 832 1418 οὔτε
864 1367 1116 1437 διακόψαι
1149 1367 1540 1440 ἐϐουλήθημεν,
1572 1371 1677 1424 ὑπὸ
1702 1372 1797 1426 τοῦ

219 1454 475 1524 μεγέθους
499 1455 934 1527 ἀναγκαζόμενοι
973 1459 1068 1512 τοῦ
1104 1459 1329 1530 βιϐλίου,
1366 1461 1508 1525 οῦτε,
1537 1463 1674 1533 ὑπὲρ
1703 1464 1795 1517 τοῦ

216 1547 285 1616 μὴ
309 1546 564 1616 διακόψαι
593 1549 686 1600 τὸν
703 1549 890 1617 λόγον,
913 1551 1168 1620 μέγιστον
1205 1553 1534 1624 ποιῆσαικαὶ
1568 1554 1706 1626 ὑπὲρ
1735 1555 1796 1608 τὸ

213 1637 520 1710 σύμμετρον
551 1639 643 1693 τὸν
673 1640 831 1696 ἕκτον
862 1643 1048 1712 τόμον.

247 1823 640 1840 ~—

1111 1830 3364 1860 Ἦ*

541 2053 556 2067 .
724 1943 1665 2079 ΩΡΙΓΕΝΟΥΣ
1739 1940 2207 2078 ΚΑΤΑ
2277 1947 2966 2086 ΚΕΔΣΟΥ

1923 457 2225 512 nescivisse
2257 473 2316 512 se
2345 458 2564 515 mittere
2601 459 2798 516 Filium
2836 463 2903 518 ad
2942 465 3193 524 homines
3223 469 3395 525 malos
3442 480 3498 525 et

1920 559 2264 616 peccaturos,
2300 551 2392 619 qui
2440 547 2590 605 illum
2637 563 2794 609 erant
2838 554 3104 626 supplicio
3154 558 3426 617 affecturi.
3469 583 3490 616 ι

1921 638 2039 693 Mox
2065 650 2245 696 tamen
2277 639 2480 698 fatetur
2504 645 2576 699 ita
2611 645 2724 700 haec
2749 662 2775 700 a
2809 650 2968 703 nobis
3000 649 3238 716 defendi,
3269 662 3328 707 nt
3354 669 3496 723 prata

1917 730 2058 785 dicta
2090 731 2218 785 olim
2247 731 2417 788 fuisse
2452 733 2716 790 dicamus.
2743 735 3010 803 Quoniam
3031 755 3158 796 vero
3172 741 3493 814 69Esexti

1917 820 2085 890 hujus
2136 821 2256 876 libri
2281 824 2394 893 jam
2420 824 2565 892 jttsta
2601 826 2774 882 moles
2800 840 2903 894 est,
2940 830 3031 885 hic
3079 830 3239 886 finem
3273 835 3348 888 illi
3389 836 3492 889 ima

1913 913 2186 982 ponimus,
2222 914 2492 983 incepturi
2528 917 2636 971 Deo
2660 917 2824 974 dante
2861 924 3176 991 septimum,
3217 927 3310 981 ubi
3337 942 3492 983 ever-

1913 1011 2028 1058 tere
2053 1020 2110 1058 se
2139 1015 2288 1074 putat
2317 1009 2367 1060 id
2400 1009 2540 1076 quod
2575 1009 2828 1074 dicimus,
2868 1028 3207 1084 qnmcunque
3239 1014 3368 1072 Jesu
3392 1034 3488 1075 ac-

1910 1093 2186 1155 ciderunt.
2213 1111 2241 1148 a
2280 1098 2564 1166 pr0phetis
2605 1096 2771 1153 fuisse
2800 1104 3180 1168 praenuntiata.
3220 1105 3324 1160 Sed
3358 1109 3488 1178 quia

1908 1184 2024 1239 haec
2054 1187 2222 1239 multa
2264 1198 2390 1242 sunt
2421 1204 2593 1258 eaque
2645 1206 2750 1244 non
2784 1193 2886 1246 nisi
2919 1195 3102 1252 multis
3153 1203 3482 1268 pertractari

1906 1289 2154 1348 possunt,
2195 1281 2467 1338 noluimus
2509 1294 2602 1338 aut
2635 1286 2963 1344 intercidere
2996 1306 3302 1347 sermonem
3327 1297 3393 1349 ad
3433 1298 3484 1350 id

1907 1370 2086 1424 coacti
2115 1372 2410 1427 voluminis
2435 1375 2779 1444 prolixitate;
2832 1390 2948 1445 aut,
2981 1397 3049 1436 ne
3087 1398 3270 1438 sermo
3314 1385 3486 1440 inter-

1905 1462 2143 1529 cidalur,
2189 1475 2402 1520 sextum
2443 1469 2585 1521 hunc
2618 1469 2817 1525 librum
2853 1476 3154 1542 producere
3205 1477 3272 1530 ad
3310 1476 3482 1530 maxi-

1903 1571 2049 1609 mam
2081 1556 2510 1628 longitudinem,
2551 1569 2607 1616 et
2651 1578 2773 1631 qnze
2815 1566 3019 1632 justum
3059 1567 3274 1622 modum
3312 1583 3479 1625 exce-
3529 1643 3538 1656 χ

1902 1649 2074 1706 deret.

1322 2185 1707 2276 ΤΟΜΟΣ
1769 2182 2317 2274 ΕΒΔΟΜΟΣ.

405 2453 994 2550 ORIGENIS
1064 2453 1540 2550 CONTRA
1616 2454 2081 2548 CELSUM
2158 2454 2511 2547 LIBER
2590 2458 3226 2553 SEPTIMUS.

291 2743 377 2795 Ἐν
421 2740 484 2805 ἓξ
511 2741 628 2804 τοῖς
666 2739 774 2813 πρὸ
798 2739 1024 2806 τούτων,
1076 2741 1189 2813 ίερὲ
1241 2740 1436 2811 ἀδελφὲ
1468 2743 1770 2815 Ἀμϐρόο-ιε1

1956 2748 2010 2800 l.
2045 2745 2102 2800 ln
2126 2761 2220 2801 sex
2255 2743 2529 2813 prioribus
2560 2743 2732 2810 libris,
2763 2744 2850 2812 pie
2872 2744 3041 2798 frater
3061 2745 3336 2810 Ambrosi,
3370 2749 3462 2804 de~

193 2833 614 2904 ἀγωνισάμενοι,
649 2833 790 2886 κατά
822 2832 884 2885 τὸ
924 2832 1144 2886 δυνατὸν
1189 2833 1339 2904 ἡμῖν,
1384 2832 1608 2903 βιϐλίοις
1639 2837 1775 2907 πρὸς

192 2926 288 2988 τάς
319 2926 530 2979 Κέλσου
551 2925 692 2978 κατὰ
719 2924 1058 2996 Χριστιανῶν
1086 2925 1438 2997 κατηγορίας,
1469 2926 1562 2979 καὶ
1582 2927 1769 2998 μηδὲν,

191 3017 286 3087 ὅση
312 3017 564 3087 δύναμις,
599 3016 956 3070 ἀϐασάνιστον
983 3017 1076 3068 καὶ
1106 3015 1460 3081 ἀνεξέταστον
1486 3017 1767 3084 ἐάσαντες,

194 3107 322 3179 μηδὲ
350 3106 738 3179 παρελθόντες,
769 3106 902 3178 πρὸς
931 3107 980 3172 ὃ,
1008 3107 1083 3170 ὡς
1111 3101 1222 3160 οἷόν
1245 3124 1304 3160 τε
1336 3109 1486 3179 ἡμῖν,
1521 3108 1768 3180 ἀπηντή-

193 3216 378 3271 σαμεν,
399 3199 533 3254 Θεὸν
557 3199 1010 3269 ἐπικαλεσάμενοι
1032 3199 1098 3252 δι’
1121 3198 1285 3252 αὑτοῦ
1312 3200 1486 3270 Ἰησοῦ
1505 3200 1767 3273 Χριστοῦ,

190 3291 276 3344 τοῦ
303 3290 782 3363 κατηγορουμένου
824 3291 930 3344 ὑπὸ
956 3290 1188 3355 Κέλσου,
1226 3291 1294 3345 ἶν’
1323 3291 1480 3362 ἡμῶν
1519 3291 1767 3365 ὲλλάμψῃ

187 3380 243 3432 ὲν
284 3383 350 3452 τῇ
395 3380 618 3453 καρδίᾳ,
670 3379 896 3450 ἀλήθεια
931 3381 1240 3449 τυγχάνων,
1285 3380 1352 3433 τά
1399 3380 1769 3454 ἀνατρεπτικά

187 3471 271 3525 τοῦ
310 3472 564 3543 ψεύδους,
596 3471 876 3544 ἀρχόμεθα
908 3472 1002 3526 καὶ
1036 3471 1269 3542 ἑϐδόμου
1307 3475 1762 3546 συγγράμματος,

187 3563 243 3617 τὸ
271 3564 612 3635 προφητικὸν
639 3566 815 3617 ἐκεῖνο
840 3565 897 3620 ὲν
919 3568 984 3636 τῇ
1011 3565 1149 3636 πρὸς
1178 3564 1309 3618 Θεὸν
1328 3564 1578 3634 λέγοντες
1605 3567 1762 3639 εὐχῇ,

186 3655 256 3722 τὸ,
308 3657 412 3710 Ἔν
433 3655 510 3724 τῇ
524 3656 775 3724 ἀληθείᾳ
798 3671 914 3711 σου
943 3657 1387 3725 ἐξολόθρευσον
1413 3659 1654 3725 αὐτοὺς,
1673 3660 1765 3732 δῆ-

186 3747 266 3800 λον
293 3747 338 3802 δ’
378 3749 460 3801 ὅτι
502 3748 632 3810 τοὺς
670 3747 939 3812 ἐναντίους
983 3750 1049 3818 τῇ
1081 3747 1310 3820 ἀληθείᾳ
1356 3747 1581 3817 λόγους·
1617 3746 1764 3805 οῦτοι

186 3837 284 3910 γὰρ
312 3839 542 3910 ἀληθείᾳ
566 3838 701 3892 Θεοῦ
734 3838 1165 3910 ὲξολοθρεύονται
1184 3856 1198 3870 ·
1232 3841 1322 3904 ἵν’,
1353 3840 1763 3913 ὲξολοθρευθέν-

185 3945 283 3983 των
325 3930 528 3995 αὐτῶν,
573 3929 625 3982 οἱ
670 3929 866 3993 πάντες
901 3929 1286 4001 περισπασμοῦ
1321 3931 1433 4002 (44)
1469 3931 1763 3986 ἀπολυθέν-

187 4020 494 4086 τες,εἰ’πωσι
520 4021 582 4073 τὸ
597 4020 726 4092 ἑξῆς
747 4021 960 4092 ἐκείνῳ,
977 4022 1060 4088 τὸ,
1104 4023 1433 4087 Ἑκουσίως
1454 4023 1618 4078 θύσω
1636 4039 1757 4087 σοι,

1880 2835 2217 2890 certavimus
2248 2832 2425 2901 quoad
2464 2832 2695 2886 facultas
2719 2830 2842 2885 tulit
2866 2843 3050 2887 contra
3081 2835 3220 2890 Celsi
3249 2838 3444 2890 adver-

1876 2940 1971 2980 sus
2023 2924 2365 2979 Christianos
2397 2923 2850 2988 crin‘tinationes,
2888 2923 3036 2978 nulla
3085 2929 3454 2995 praetermissa

1877 3031 1954 3080 re,
1990 3030 2110 3085 qum
2140 3028 2236 3082 pro
2257 3013 2463 3067 viribus
2487 3029 2592 3066 non
2623 3013 2889 3080 discussa,
2915 3015 3226 3070 examinata
3289 3026 3454 3088 atque

1873 3106 2104 3163 refutatu
2160 3105 2340 3160 fuerit.
2389 3105 2543 3160 Nunc
2596 3107 2883 3175 septimum
2915 3109 3296 3177 aggredimur,
3330 3127 3439 3166 non

1872 3208 1997 3252 ante
2021 3208 2224 3262 tamen,
2255 3213 2415 3266 quam
2444 3212 2473 3250 a
2509 3197 2618 3251 Deo
2642 3213 2737 3266 per
2767 3193 2950 3251 Iesum
2980 3198 3250 3254 Christum
3278 3216 3447 3272 quem

1870 3289 2061 3345 Celsus
2097 3289 2448 3355 criminatur,
2490 3289 2831 3358 petierimus,
2859 3299 2936 3354 ut,
2979 3305 3098 3344 cum
3121 3292 3191 3345 sit
3221 3293 3446 3358 veritas,

1868 3394 1966 3435 cor
2014 3389 2258 3435 nostrum
2311 3377 2576 3431 illuminet
2608 3387 2662 3432 et
2695 3379 2888 3433 doceat
2933 3391 3051 3449 quae
3099 3381 3445 3438 mendacium

1869 3470 2156 3540 dissipent.
2185 3471 2362 3538 Atque
2389 3471 2527 3523 hanc
2555 3470 2605 3522 in
2647 3485 2760 3524 rem
2799 3471 2944 3524 istud
2979 3473 3358 3541 propheticum
3389 3475 3442 3528 iu

1865 3561 2074 3618 nostris
2119 3561 2186 3615 ad
2233 3561 2398 3614 Deum
2436 3559 2690 3629 precibus
2735 3575 3060 3629 usurpamus
3093 3561 3200 3616 ειη
3231 3564 3446 3617 veritate

1865 3662 1957 3708 tua
1978 3653 2220 3722 disperde
2242 3651 2360 3705 illos
2385 3650 2452 3718 ⁷⁸,
2478 3666 2759 3706 sermones
2790 3650 3041 3706 videlicet
3071 3650 3288 3708 veritati
3313 3667 3443 3707 cono

1867 3746 2067 3801 trarios
2114 3744 2190 3815 (hi
2224 3745 2368 3799 enim
2399 3743 2492 3798 Dei
2532 3743 2765 3796 veritate
2816 3741 3261 3818 disperduutur),
3294 3754 3350 3800 ut
3375 3746 3442 3802 iis

1865 3835 2205 3907 disperditis,
2244 3850 2434 3907 omnes
2467 3850 2496 3888 a
2531 3834 2724 3888 fraude
2755 3834 2966 3888 liberati
2999 3834 3183 3889 dicant
3215 3836 3267 3891 id
3294 3841 3438 3906 qtmd

1865 3930 2115 3999 sequitur
2155 3941 2172 3982 :
2217 3926 2527 3982 Voluntaria
2576 3925 2888 3994 sacriﬁcabo
2936 3928 3031 3980 tibi
3073 3928 3140 3993 79,
3197 3930 3440 3984 rationa-

1863 4019 2076 4090 lemque
2115 4028 2170 4075 et
2221 4020 2353 4075 fumi
2412 4027 2691 4088 expertem
2725 4031 2982 4088 supremo
3017 4018 3125 4073 Deo
3155 4019 3430 4075 victimam

186 4111 396 4183 λογικὴν
429 4113 528 4166 καὶ
558 4113 798 4167 ἄκαπνον
842 4113 1033 4167 θυσίαν
1067 4113 1468 4186 προσφέροντες
1516 4113 1595 4185 τῷ
1637 4113 1756 4184 Θεῷ
1783 4107 1828 4170 C
1858 4112 2107 4167 olferant.

184 4203 279 4257 τῶν
311 4205 468 4260 ὅλων.

245 4299 534 4369 Πρόκειται
614 4298 672 4351 δὲ
731 4296 827 4352 νῦν
866 4298 943 4370 τῷ
976 4298 1169 4367 Κέλσῳ
1234 4297 1609 4370 κατηγορῆσαι
1658 4297 1752 4350 τοῦ

1926 4296 1982 4350 2.
2003 4294 2156 4349 Nunc
2176 4293 2334 4350 Celso
2366 4294 2696 4363 propositum
2721 4301 2805 4348 est
2827 4292 3030 4347 adoriri
3066 4293 3206 4347 istud
3227 4302 3428 4347 nostra;

187 4387 473 4455 φάσκοντος
500 4390 685 4458 λόγου,
717 4389 821 4443 ὑπὸ
845 4390 952 4444 τῶν
978 4389 1132 4462 παρὰ
1158 4389 1434 4452 Ἰουδαίοις
1461 4387 1754 4458 προφητῶν

1884 4389 2185 4452 ioctrinze,a
2211 4386 2520 4441 Judaeorum
2556 4385 2832 4454 prophetis
2864 4385 3224 4452 praenuntiata
3260 4384 3429 4439 fuisse

187 4482 610 4552 προφητεύεσθαι
654 4483 722 4536 τὰ
767 4481 895 4554 περὶ
940 4482 1033 4535 τὸν
1086 4480 1321 4553 Χριστὸν
1364 4479 1590 4551 Ἰησοῦν.
1640 4478 1750 4533 Καὶ

185 4574 383 4643 πρῶτόν
421 4591 484 4644 γε
535 4573 656 4628 κατ’
687 4573 862 4644 ἀρχάς
908 4572 1232 4642 ἐξετάζομεν
1277 4565 1352 4625 ὧν
1397 4570 1567 4624 οἴεται
1615 4569 1747 4641 (45),

183 4667 294 4730 τοὺς
341 4666 440 4736 μὲν
469 4665 631 4720 ἄλλον
666 4665 1087 4736 εἰσηγουμένους
1127 4663 1260 4716 Θεὸν
1303 4661 1454 4734 παρά
1486 4660 1578 4715 τὸν
1623 4662 1724 4714 Ἰου

1856 4491 2192 4549 quaecunque
2215 4473 2345 4530 Jesu
2374 4474 2593 4529 Christo
2619 4474 2952 4528 acciderunt.
2979 4473 3056 4526 Ac
3076 4471 3305 4542 primunt
3330 4489 3430 4528 ex.

1856 4570 2157 4641 pendemus
2178 4569 2320 4637 quod
2351 4565 2626 4634 opinatur,
2661 4579 2724 4620 ea
2754 4580 2871 4635 quae
2901 4565 3090 4636 objicit
3116 4579 3221 4620 non
3265 4580 3430 4636 posse

1844 4663 2064 4720 refutari
2094 4661 2162 4716 ab
2192 4661 2259 4715 iis
2287 4661 2377 4730 qui
2405 4661 2566 4714 alium
2597 4676 2624 4712 a
2654 4659 2962 4714 Judacorum
2992 4659 3100 4711 Deo
3129 4657 3293 4710 Deum
3329 4658 3418 4711 in‘

182 4755 332 4811 δαίων
376 4759 512 4812 Θεὸν
559 4758 827 4830 μηδαμῶς
872 4757 1130 4812 δύνασθαι
1171 4756 1420 4826 ἁπαντᾷν
1472 4753 1609 4826 πρὸς
1654 4751 1752 4814 τὰς

1884 4762 2052 4808 ucunt
2089 4770 2100 4803 :
2135 4766 2234 4805 nos
2273 4766 2404 4806 vero
2445 4748 2534 4818 qui
2569 4749 2820 4802 eumdem
2868 4762 2932 4800 ac
2978 4745 3052 4798 illi
3094 4745 3413 4809 retinemus,

184 4848 538 4924 ἑπαπορήσεις
578 4851 772 4906 αὐτοῦ·
817 4853 964 4923 ἡμᾶς
991 4850 1067 4915 δὲ,
1091 4849 1218 4911 τοὺς
1249 4848 1340 4901 τὸν
1384 4845 1547 4901 αὑτὸν
1577 4845 1748 4917 τηρή-

1845 4858 1906 4904 ιιι
1932 4862 2034 4902 nos
2059 4844 2431 4909 defendamus,
2468 4843 2534 4895 ad
2562 4841 2948 4910 prophetarum
2980 4837 3046 4890 de
3077 4834 3295 4890 Christo
3319 4848 3416 4886 va-

186 4955 366 5007 σαντας
389 4943 542 5008 Θεὸν,
559 4943 923 5013 καταφεύγειν
951 4944 1046 4996 ἐπὶ
1059 4940 1157 5012 τὴν
1173 4940 1260 4994 διὰ
1283 4939 1389 4992 τῶν
1409 4952 1747 5009 προφητευο-

1891 4938 2030 4993 cinia
2062 4936 2372 5006 confugere.
2401 4933 2531 5001 Ejus
2576 4932 2678 4986 hac
2707 4932 2774 4986 de
2812 4947 2869 4984 re
2898 4929 3063 4984 verba
3096 4934 3223 4981 sunt
3252 4924 3368 4979 hmc
3399 4938 3412 4975 :

187 5032 346 5099 μένων
402 5035 532 5108 περὶ
599 5035 836 5108 Χριστοῦ
893 5035 1204 5103 ἀπολογίαν.
1270 5032 1381 5086 Καί
1435 5047 1566 5102 φησι
1610 5027 1745 5099 πρὸς

184 5122 339 5178 ταῦτα
360 5141 373 5156 ’
420 5125 676 5195 Ἰδωμεν
715 5127 833 5194 ὅπη
883 5123 1290 5194 ἐφευρήσουσι
1344 5121 1739 5189 παραίτησιν·

243 5243 286 5275 ⁷⁸
316 5243 461 5302 Psal.
486 5262 607 5312 LIII,
640 5246 690 5301 7.
769 5247 813 5278 ⁷⁸
847 5247 977 5301 ibid.
1014 5247 1068 5302 8.

1853 5030 2127 5084 Videamus
2153 5042 2312 5097 quam
2343 5024 2440 5079 sibi
2481 5023 2827 5076 defensionem
2855 5020 3098 5090 paraturi
3125 5018 3226 5071 sint
3254 5031 3270 5069 :
3302 5013 3419 5067 nuto

1851 5115 1957 5167 tam
1991 5113 2253 5167 invenient
2275 5112 2314 5164 ii
2333 5109 2520 5181 quibus
2539 5107 2706 5161 alium
2725 5106 2890 5160 Deum
2925 5103 3172 5155 inducere
3193 5102 3418 5170 placuit,

246 5363 349 5434 (ιι)
382 5361 720 5419 "(Bschelius
751 5373 804 5417 et
854 5362 1161 5434 Spencerus
1211 5363 1262 5417 in
1319 5369 1519 5434 textut
1542 5373 1733 5431 πειραι
1773 5361 1814 5417 D
1846 5372 1998 5434 mum
2045 5352 2272 5434 abolito,
2309 5349 2711 5434 atl_veritatemn
2749 5351 2962 5434 auimus
3011 5347 3267 5434 applicari
3304 5347 3418 5434 sic:

189 5430 339 5510 ςμοῦ,
361 5437 454 5510 sed
495 5435 697 5510 melius
719 5450 850 5510 mss.
879 5430 1114 5510 codices.
1144 5430 1548 5505 περισπασμοῦ.
1574 5430 1736 5510 inen-

190 5500 319 5581 dacia
350 5505 548 5581 quippe
578 5520 642 5557 ac
674 5504 803 5581 falsa
834 5506 1057 5581 omnino
1086 5500 1619 5581 ειιηι’περισπασμός
1647 5501 1733 5552 ille

189 5581 281 5638 quo
306 5574 613 5650 homines_a
668 5575 892 5628 veritate
923 5575 1282 5650 abducuntur,
1311 5573 1363 5650 et
1393 5573 1732 5650 .ad_divc.rsa

191 5645 348 5697 oinnia
383 5644 782 5708 distrahuntur,
826 5659 925 5698 nec
953 5644 1058 5697 ulla
1090 5654 1173 5697 est
1201 5643 1406 5697 homini
1438 5640 1503 5695 ad
1533 5640 1734 5693 verita-

194 5717 282 5766 tem
309 5715 389 5770 via
417 5715 626 5778 relicta,
657 5715 758 5768 nisi
790 5729 888 5783 per
924 5713 1046 5768 falsi
1077 5713 1432 5772 abolitionem
1457 5728 1470 5766 :
1496 5724 1606 5781 quo
1641 5710 1734 5763 dc-

1842 5442 1948 5496 qne
1984 5426 2206 5495 λογικὴν
2238 5416 2333 5476 και
2383 5421 2623 5475 ἀκαπνον
2685 5418 2875 5474 θυσίαν
2921 5434 3020 5475 suo
3049 5416 3258 5474 fellet-re
3307 5416 3417 5471 Deo

1843 5506 2038 5565 potest.

1913 5566 2026 5634 (45)
2071 5551 2562 5634 Ἐεετάζομενῶν
2609 5559 2814 5634 οἴεται.
2855 5559 3144 5618 Dubitabat
3189 5557 3417 5613 Cuictus

1844 5630 1928 5692 an
1943 5630 2316 5699 scribendum,
2337 5630 2613 5700 ἐξετάζων
2639 5630 2832 5687 οἴεται.
