3894 6516
129 419 156 474 1
169 419 283 476 425

1315 402 1594 474 Comm
1628 417 1906 475 ausura
1941 417 2066 472 ιιι).
2113 416 2217 472 vn.

3259 415 3395 469 “293

119 533 268 589 ἀλλὰ
304 532 390 586 διὰ
421 534 642 598 τούτων,
691 536 726 590 ἃ
772 536 889 589 οὑδὲ
937 535 1094 606 θέμις
1129 530 1194 603 ἦν
1241 534 1318 604 τῷ
1351 533 1582 605 σώφρονι
1617 536 1701 588 καὶ

1816 545 2036 590 nantem
2076 543 2227 588 extra
2261 547 2319 587 se
2350 533 2601 603 abripere
2626 542 2677 587 et
2721 533 2772 586 in
2815 532 3055 586 furorem
3097 547 3279 600 agere,
3341 542 3400 585 ut

118 624 402 697 ἀνθρώπῳ
446 626 682 697 βλέπειν,
715 627 865 681 οὑπω
897 627 1147 696 λέγεσθαι
1180 627 1291 697 (31)
1329 627 1360 698 ἢ
1399 627 1492 680 καὶ
1547 629 1718 680 ἄπτε-

117 715 276 779 σθαι,
310 718 404 769 καὶ
435 717 591 771 τοῦτο
619 722 788 772 ποιεῖν
822 720 917 788 οὑχ
951 717 1099 782 ἅπαξ
1143 735 1264 781 που,
1301 719 1418 771 οὑδὲ
1451 717 1530 782 δὶς
1569 719 1719 784 (ἴσως

123 806 233 878 γὰρ
265 807 441 874 ἔδοξεν
477 809 826 882 ἀνεκτότερον
871 812 933 864 τὸ
973 811 1180 863 τοιοῦτο
1220 808 1552 879 τυγχάνειν),
1585 808 1718 863 ἀλλὰ

115 901 484 966 τοσαυτάκις,
543 903 733 967 ὁσάκις
797 903 1154 974 προφητεύειν
1211 903 1392 971 ἐκείνη
1457 900 1564 953 ἀπὸ
1620 899 1714 952 τοῦ

126 992 468 1057 ’Λπόλλωνος
497 995 874 1048 πεπίστευται.
919 994 1077 1048 Ἀλλὰ
1123 993 1214 1062 καὶ
1253 995 1314 1046 τὸ
1347 994 1426 1056 είς
1458 993 1712 1046 ἔκστασιν

113 1084 216 1137 καὶ
258 1085 489 1156 μανικὴν
525 1084 635 1157 (52)
671 1085 821 1154 ἄγειν
855 1087 1186 1141 κατάστασιν
1238 1087 1334 1156 τὴν
1379 1086 1536 1156 δῆθεν
1585 1102 1716 1155 προ-

113 1175 486 1242 φητεύουσαν,
515 1175 591 1240 ὡς
642 1176 904 1247 μηδαμῶς
952 1177 1119 1248 αὑτὴν
1169 1179 1331 1247 ἑαυτῇ
1379 1176 1717 1248 παρακολου-

1827 627 1927 682 sibi
1987 625 2104 695 ipsa
2161 635 2415 678 constare
2460 640 2564 678 non
2620 625 2810 693 possit,
2872 624 2922 677 id
2957 633 3104 678 certe
3160 622 3399 692 Spiritus

1827 719 1990 774 divini
2034 734 2139 772 non
2171 728 2255 772 est
2281 731 2438 787 Opus.
2494 715 2717 786 Oportet
2765 716 2907 770 enim
2949 724 3007 769 ut
3064 714 3156 784 qui
3215 715 3399 768 divino

1825 810 2032 880 Spiritu
2089 807 2300 862 amatus
2323 819 2428 871 est,
2461 808 2505 861 is
2539 809 2695 876 longe
2728 817 2856 861 ante
2889 821 2980 860 eos
3009 807 3102 874 qui
3154 804 3396 858 discendi

1823 919 1988 958 causa
2025 903 2154 971 quid
2194 903 2260 955 ad
2295 901 2505 956 civilem
2538 909 2630 953 aut
2668 899 2965 952 naturalem
2995 899 3160 950 vitam
3193 897 3397 950 condu-

1822 1004 1929 1057 cat,
1960 995 2086 1064 quid
2108 993 2358 1062 qrmestui,
2385 991 2512 1060 quid
2547 989 2834 1046 commodo
2875 989 2965 1052 sit,
2999 985 3220 1041 oracula
3256 999 3396 1039 con-

1822 1084 2024 1151 sulunt,
2069 1083 2356 1137 utilitatem
2392 1081 2517 1136 inde
2570 1081 2854 1150 percipiat,
2899 1095 2961 1134 ac
3008 1087 3120 1132 tum
3163 1073 3396 1128 maxime

1823 1175 1916 1230 tiat
1946 1175 2253 1244 perspicax,
2283 1189 2404 1227 cum
2426 1187 2620 1227 numen
2664 1172 2765 1241 ipsi
2811 1170 3177 1238 conjungitur.

112 1267 254 1329 Θείν,
281 1268 340 1320 οὑ
370 1268 514 1322 θείου
555 1268 867 1340 Πνεύματος
919 1271 1075 1343 ἔργον
1127 1271 1302 1324 ἐστίν·
1357 1273 1520 1342 ἐχρῆν
1567 1270 1674 1342 γὰρ
1703 1269 1812 1340 (ὕῦ)
1843 1271 1931 1322 τὸν
1987 1270 2214 1339 κάτοχον
2261 1268 2336 1339 τῷ
2394 1269 2521 1338 θείῳ
2574 1268 2868 1339 Πνεύματι,
2918 1267 3096 1339 πολλῷ
3134 1265 3396 1339 πρότερον

112 1363 324 1427 παντὸς
355 1365 660 1418 οὑτινοσοῦν
712 1365 806 1419 τοῦ
862 1366 969 1420 ἀπὸ
1001 1367 1108 1419 τῶν
1150 1367 1412 1438 χρησμῶν
1446 1366 1830 1437 διδασκομένου
1885 1368 1946 1419 τὸ
1986 1365 2423 1436 συμϐαλλόμενον
2473 1367 2550 1428 είς
2584 1364 2674 1417 τὸν
2716 1364 2876 1435 μέσον
2911 1367 3004 1418 καὶ
3038 1364 3177 1418 κατὰ
3234 1362 3394 1432 φύσιν

110 1457 257 1526 βίον,
307 1458 341 1530 ἢ
400 1461 536 1531 πρὸς
582 1461 642 1513 τὸ
687 1461 977 1526 λυσιτελὲς,
1033 1462 1236 1532 ῆπρὸς
1265 1463 1328 1515 τὸ
1382 1463 1678 1532 συμφέρον,
1725 1461 2092 1534 ὠφεληθῆναι,
2128 1463 2219 1515 καὶ
2248 1458 2694 1530 διορατικώτερον
2745 1459 2874 1529 παρ’
2932 1461 3106 1512 ἐκεῖνο
3164 1458 3392 1528 μάλιστα

109 1555 312 1625 καιροῦ
347 1557 633 1627 τυγχάνειν
664 1559 752 1611 ὅτε
785 1559 1028 1612 σύνεστιν
1061 1558 1208 1629 αὑτῷ
1241 1559 1302 1612 τὸ
1335 1558 1496 1612 θεῖον.

189 1654 360 1708 Ὅθεν
394 1657 554 1726 ἡμεῖς
600 1655 1014 1727 ἀποδείκνυμεν,
1068 1657 1391 1724 συνάγοντες
1443 1655 1550 1708 ἀπὸ
1603 1656 1708 1708 τῶν

111 1747 286 1818 ἱερῶν
324 1748 693 1818 Γραμμάτων,
755 1749 834 1800 δτι
893 1749 942 1801 οἱ
989 1750 1044 1801 ἐν
1086 1747 1356 1810 Ἰουδαίοις
1411 1749 1706 1819 προφῆται,

1885 1651 1940 1706 4.
1966 1651 2145 1720 Atque
2169 1666 2286 1705 eam
2311 1651 2380 1704 ob
2411 1664 2522 1704 rem
2553 1665 2648 1704 nos
2682 1663 2709 1701 e
2737 1649 2910 1702 sacris
2937 1647 3237 1716 Scripturis
3291 1649 3388 1702 de-

1819 1752 2214 1808 monstramus,
2256 1740 2568 1796 Judznorum
2625 1743 2916 1809 prophetas
2966 1740 3148 1794 divino
3182 1739 3388 1811 Spiritu

110 1833 522 1904 ὲλλαμπόμενοι
571 1835 676 1888 ὑπὸ
727 1835 820 1888 τοῦ
865 1835 1010 1888 θείου
1063 1836 1380 1906 ι’ῐνεύματος
1433 1837 1701 1901 τοσοῦτον,

1812 1834 2136 1896 illustratos,
2165 1843 2426 1902 quantum
2466 1832 2596 1900 ipsis
2627 1832 2755 1886 utile
2790 1831 2912 1892 fuit,
2959 1832 3166 1901 primos
3218 1831 3390 1886 {uisse

106 1924 242 1976 ὅσον
274 1920 342 1996 ἦν
364 1925 457 1978 κα)⁴
485 1926 666 1989 αὑτοῖς
686 1929 796 1991 τοῖς
826 1927 1226 1998 προφητεύουσι
1255 1929 1542 2000 χρήσιμον,
1574 1945 1707 1998 «po-

110 2015 393 2071 axéhuov
427 2017 534 2088 (54)
567 2019 663 2088 τῆς
701 2019 792 2071 τοῦ
827 2020 1129 2090 κρείττονος
1173 2022 1252 2082 είς
1299 2021 1495 2084 αὑτοὺς
1522 2021 1707 2090 ἐπιδη-

110 2107 284 2174 μίας·
318 2108 411 2159 καὶ
447 2105 534 2160 διὰ
570 2109 667 2178 τῆς
699 2108 832 2180 πρὸς
862 2109 960 2180 τὴν
987 2109 1162 2181 ψυχὴν
1203 2111 1403 2173 αὑτῶν,
1438 2113 1503 2164 ἵν’
1536 2111 1706 2176 οὑτως

109 2197 404 2266 ὀνομάσω,
465 2199 610 2270 ἁφῆς
662 2199 756 2252 τοῦ
802 2199 1136 2271 καλουμένου
1185 2202 1339 2270 ἁγίου
1392 2203 1707 2273 Πνεύματος

107 2285 556 2359 διορατικώτεροί
599 2305 656 2340 τε
705 2289 796 2342 τὸν
841 2289 964 2342 νοῦν
995 2289 1236 2359 ἐγίνοντο
1271 2293 1362 2344 καὶ
1405 2291 1500 2362 τὴν
1529 2291 1705 2362 ψυχὴν

108 2376 511 2450 λαμπρότεροι·
533 2378 666 2433 ἀλλὰ
683 2380 775 2436 καὶ
792 2379 853 2433 τὸ
881 2381 1039 2452 σῶμα
1053 2382 1300 2454 οὑδαμῶς
1321 2383 1400 2434 ἔτι
1422 2383 1707 2453 ἀντιπράτο

105 2488 200 2523 τον
233 2469 346 2539 (55)
389 2469 466 2540 τῷ
501 2473 619 2523 κατ’
642 2473 840 2542 ἀρετὴν
875 2473 993 2544 βίῳ,
1023 2474 1118 2527 ἅτε
1155 2474 1293 2527 κατά
1325 2474 1384 2526 τὸ
1421 2477 1551 2546 παρ’
1573 2477 1704 2545 ἡμῖν

106 2559 444 2630 καλούμενον
477 2559 730 2631 φρόνημα
759 2562 859 2631 τῆς
891 2562 1091 2634 σαρκὸς
1122 2561 1503 2632 νεκρούμενον.
1536 2561 1706 2613 Πνεύ-

110 2667 249 2719 ματι
285 2651 393 2720 γὰρ
425 2649 680 2722 θειοτέρῳ
711 2651 818 2718 τὰς
861 2652 965 2706 τοῦ
999 2651 1271 2722 σώματος
1317 2651 1581 2720 πράξεις,
1613 2655 1705 2706 καὶ

107 2741 220 2793 ἀπὸ
252 2739 346 2795 τοῦ
387 2742 731 2813 φρονήματος
769 2743 868 2813 τῆς
909 2743 1112 2816 σαρκὸς
1156 2743 1464 2814 ἀρχομένας
1506 2743 1704 2814 ἔχθρας

105 2833 400 2903 τυγχάνειν
424 2832 532 2904 (56)
565 2834 700 2905 πρὸς
728 2833 881 2899 Θεὸν,
913 2834 1309 2888 θανατοῦσθαι
1342 2833 1698 2905 πεπείσμεθα.

107 2926 173 2978 Ei
206 2925 252 2977 δ’
288 2921 585 2989 ἐξίσταται,
635 2925 728 2978 καὶ
778 2925 876 2978 οὑκ
923 2927 983 2978 ὲν
1034 2927 1198 2996 ἑαυτῇ
1248 2928 1392 2978 ἐστιν
1435 2927 1466 2995 ἡ
1508 2925 1700 2987 Πυθία,

107 3018 198 3068 ὅτε
229 3015 583 3086 μαντεύεται·
618 3017 858 3070 ποδαπὸν
891 3018 1170 3086 νομιστέον
1212 3017 1446 3088 πνεῦμα,
1480 3017 1542 3070 τὸ
1576 3017 1701 3070 σκό-

105 3124 198 3160 τον
252 3108 524 3177 καταχέαν
570 3108 664 3162 τοῦ
715 3107 806 3161 νοῦ
856 3109 950 3162 καὶ
1001 3108 1108 3161 τῶν
1137 3109 1433 3180 λογισμῶν,
1463 3109 1494 3180 ἢ
1530 3107 1702 3161 τοιοῦ-

106 3217 198 3252 τον
232 3201 413 3253 ὁποῖόν
447 3201 690 3258 ἐστικαὶ
734 3201 792 3253 τὸ
823 3202 930 3253 τῶν
966 3201 1233 3272 δαιμόνων
1265 3201 1440 3270 γένος,
1472 3200 1565 3265 οὑς
1599 3203 1698 3255 οὑκ

107 3292 281 3361 ὀλίγοι
327 3280 668 3364 Χριστιανῶν
713 3293 1073 3347 ἀπελαύνουσι
1114 3294 1220 3347 τῶν
1261 3294 1574 3364 πασχόντων
1605 3295 1700 3348 σὺν

106 3385 284 3438 οὐδενὶ
313 3385 588 3456 περιέργῳ
623 3386 715 3438 καὶ
759 3385 975 3456 μαγικῷ
1015 3385 1048 3455 ἢ
1099 3385 1528 3456 φαρμακευτικῷ
1561 3386 1700 3458 «pd-

107 3493 303 3545 γματι,
339 3475 472 3530 ἀλλὰ
521 3476 655 3548 μόνῃ
703 3477 836 3546 εὑχῇ
886 3475 980 3528 καὶ
1021 3475 1317 3546 ὁρκώσεσιν
1351 3476 1458 3546 (57)
1495 3475 1698 3530 ἁπλου-

109 3567 354 3638 στέραις,
393 3569 487 3620 καὶ
513 3569 612 3620 ὅσα
645 3567 711 3620 ἂν
743 3566 955 3622 δύναιτο
989 3568 1285 3638 προσάγειν
1333 3566 1699 3640 ἁπλούστερος

108 3659 431 3731 άκιθρωποςς
466 3661 552 3724 Ὠς
575 3659 775 3713 ἐπίπαν
797 3660 903 3733 γὰρ
937 3660 1142 3714 ἰδιῶται
1169 3662 1228 3714 τὸ
1257 3660 1494 3715 τοιοῦτον
1521 3663 1696 3732 πράτ-

106 3765 283 3813 τουσι,
316 3751 653 3822 παριστάσης
683 3751 784 3820 τῆς
824 3751 880 3803 ἐν
919 3751 995 3822 τῷ
1025 3751 1166 3823 λόγῳ
1204 3751 1437 3822 Χριστοῦ
1475 3752 1695 3824 χάριτος

107 3841 168 3891 τὸ
200 3840 310 3894 τῶν
349 3841 615 3914 δαιμόνων
645 3841 752 3913 (58)
786 3843 997 3906 εὑτελὲς
1037 3845 1128 3897 καὶ
1166 3843 1407 3908 ἀσθενὲς,
1452 3846 1512 3898 οὑ
1555 3845 1691 3899 πάν-

1809 1927 1899 1995 qui
1924 1924 2314 1993 praestantioris
2345 1933 2549 1996 natura;
2590 1925 2817 1977 adventu
2857 1923 3185 1988 fruerentur,
3212 1931 3260 1977 et
3292 1937 3389 1992 per

1808 2018 1980 2072 sancti
2015 2016 2250 2086 Spiritus
2281 2023 2617 2078 contactum,
2670 2025 2726 2066 ιιι
2776 2013 2844 2066 ita
2896 2014 3110 2082 loquar,
3150 2023 3386 2069 mentem

1807 2121 1992 2161 eorum
2044 2103 2498 2174 perspicaciorem
2549 2104 2896 2172 animamque
2966 2102 3384 2172 Splendidiorem

1808 2198 2005 2253 [ctam
2047 2197 2238 2252 fuisse.
2281 2195 2386 2250 Sed
2441 2210 2614 2262 neque
2655 2194 2871 2247 illorum
2899 2208 3097 2261 corpus
3137 2195 3187 2245 in
3235 2207 3383 2246 mora

1805 2289 2034 2359 amplius
2063 2297 2180 2343 erat
2221 2303 2286 2340 ne
2317 2285 2500 2339 virtuti
2531 2285 2833 2349 studerent,
2857 2285 3054 2353 quippe
3078 2285 3219 2354 quod
3247 2299 3381 2350 pru-

1806 2381 2004 2434 dentia:
2038 2379 2239 2443 carnis,
2285 2388 2344 2432 ut
2389 2392 2663 2440 vocamus,
2704 2387 3013 2431 emortuum
3067 2386 3208 2430 erat.
3252 2377 3384 2431 l’er-

1805 2488 2025 2527 suasum
2067 2473 2209 2526 enim
2247 2473 2400 2526 nobis
2433 2481 2516 2526 est
2567 2471 2706 2538 facta
2747 2472 3003 2538 corporis,
3056 2479 3110 2524 et
3149 2479 3299 2523 ortas
3350 2485 3380 2522 a

1805 2563 2090 2632 prudentia
2129 2565 2312 2618 carnis
2346 2580 2468 2618 cum
2510 2563 2622 2618 Deo
2660 2563 2975 2614 inimicitias
3038 2563 3221 2614 divino
3259 2561 3380 2629 Spi-

1806 2656 1913 2709 ritu
1945 2653 2278 2722 morti/icari.
2325 2654 2381 2708 Si
2411 2664 2591 2708 autem
2647 2663 2804 2708 extra
2839 2668 2899 2706 se
2943 2653 3171 2720 rapitur,
3206 2655 3251 2706 si
3295 2653 3377 2706 sui

1804 2761 2022 2814 compos
2056 2761 2160 2799 non
2185 2755 2268 2800 est
2294 2745 2484 2816 Pythia
2504 2745 2631 2798 dum
2652 2744 2906 2797 vaticinia
2937 2745 3068 2807 edit,
3093 2744 3377 2813 cujusnam

1803 2837 1940 2890 alius
1993 2838 2208 2905 generis
2251 2840 2465 2891 censeri
2528 2844 2741 2906 oportet
2791 2836 3038 2904 spiritum
3096 2833 3244 2887 illum
3284 2835 3376 2902 qui

1804 2930 1968 2982 menti
2003 2937 2056 2982 et
2083 2929 2280 2984 rationi
2314 2929 2566 2984 tenebras
2593 2929 2843 2988 oll'undit,
2869 2940 3230 2996 pra-terquam
3261 2928 3378 2980 illo-

1804 3034 1922 3071 rum
1978 3019 2324 3082 dtemouum,
2383 3035 2518 3087 quos
2589 3035 2654 3071 ex
2711 3019 2946 3072 obsessis
2995 3017 3279 3086 proﬂigant
3345 3032 3376 3070 e

1803 3109 2132 3164 Christianis
2170 3111 2342 3173 tnulti,
2382 3111 2544 3178 idque
2573 3111 2689 3163 sine
2721 3111 2826 3162 ullo
2855 3110 3030 3163 inutili
3059 3112 3245 3179 magiae
3280 3119 3375 3162 aut

1724 3182 1765 3239 (ἶ
1804 3201 2186 3256 incantationis
2235 3201 2456 3265 auxilio,
2497 3202 2590 3254 sed
2628 3201 2758 3254 solis
2812 3201 3065 3268 precibus
3112 3200 3375 3269 simplici-

1799 3291 2007 3362 bltsque
2047 3293 2477 3363 adjnrationihus
2500 3302 2553 3347 et
2580 3295 2770 3363 quales
2794 3293 2875 3348 vel
2897 3293 3194 3363 simplicior
3214 3294 3375 3348 homo

1797 3384 1968 3452 possit
1993 3385 2288 3439 adhibere?
2324 3384 2433 3439 lloc
2461 3385 2957 3455 enim'plernmque
3001 3383 3210 3438 faciunt
3239 3385 3374 3438 idio-

1798 3483 1883 3529 ιω.
1954 3474 2070 3542 Quo
2119 3475 2338 3546 quidem
2379 3491 2442 3530 ea
2495 3491 2616 3544 qua
2657 3476 2922 3530 doctrinae
2965 3485 3166 3529 nostra:
3234 3475 3374 3528 inest

1797 3567 1968 3635 gratia
1996 3565 2221 3630 Christi,
2249 3565 2532 3620 manifeste
2559 3567 2737 3635 prodit
2786 3567 3237 3620 contemnendam
3265 3568 3373 3620 dae-

1797 3676 2015 3713 monum
2062 3659 2452 3724 it‘tlirmitatem,
2495 3674 2640 3726 cum,
2681 3658 3068 3724 utvincantur,
3095 3657 3288 3711 cedant
3320 3666 3373 3710 et

1795 3768 1860 3806 ex
1906 3754 2084 3806 anima
2115 3765 2449 3821 corporeque
2493 3751 2726 3804 hominis
2772 3750 3050 3820 fugentur,
3092 3766 3195 3805 non
3235 3765 3372 3820 Opus

1791 3847 1861 3899 sit
1900 3847 2143 3914 sapiente
2169 3855 2223 3899 et
2257 3845 2309 3899 in
2335 3843 2627 3914 probandis
2657 3843 2780 3897 ﬁdei
2833 3844 2990 3897 rebus
3023 3853 3259 3898 versato.

108 3952 216 3998 τως
248 3933 522 4006 δεόμενον,
576 3936 710 4008 πρὸς
757 3937 818 3989 τὸ
848 3937 1167 4010 ἡττηθῆναι,
1204 3940 1298 3992 καὶ
1332 3934 1480 4006 εἶξαν
1529 3938 1841 4005 ὑπεξελθεῖν
1894 3938 2001 3993 ἀπὸ
2042 3939 2220 4010 ψυχῆς
2260 3938 2545 4010 ἀνθρώπου
2581 3936 2676 3992 καὶ
2717 3934 2985 4006 σώματος,
3037 3935 3198 4005 σοφοῦ
3229 3952 3372 4000 τινος

110 4029 204 4081 καὶ
229 4027 456 4082 δυνατοῦ
489 4029 545 4082 ὲν
570 4033 691 4092 ταῖς
721 4029 960 4100 λογικαῖς
992 4031 1118 4103 περὶ
1151 4033 1250 4102 τῆς
1289 4035 1521 4098 πίστεως
1549 4034 1904 4101 ἀποδείξεσιν.

196 4121 357 4175 Ἀλλὰ
378 4123 469 4176 καὶ
503 4122 659 4195 εἴπερ
695 4124 1046 4178 πεπίστευται
1086 4127 1144 4178 οὑ
1177 4126 1328 4196 παρὰ
1354 4129 1698 4201 Χριστιανοῖς

117 4219 210 4267 καὶ
244 4215 518 4280 Ἰουδαίοις
551 4218 750 4288 μόνοις,
793 4217 927 4271 ἀλλὰ
970 4220 1062 4272 καὶ
1106 4219 1234 4291 παρ’
1273 4219 1448 4283 ἄλλοις
1488 4219 1700 4283 πολλοῖς

123 4305 394 4376 Ἐλλήνων
423 4307 514 4359 καὶ
539 4307 846 4380 βαρϐάρων,
867 4311 947 4362 δτι
980 4309 1045 4382 ζῇ
1070 4310 1163 4364 καὶ
1191 4311 1422 4382 ὑπάρχει
1449 4311 1587 4382 μετά
1606 4311 1698 4363 τὸν

113 4397 220 4449 άπὸ
247 4395 342 4448 τοῦ
377 4395 622 4467 σώματος
654 4400 930 4470 χωρισμὸν
971 4401 1004 4471 ἡ
1045 4401 1356 4472 ἀνθρωπίνη
1387 4401 1531 4473 ψυχή
1553 4417 1566 4431 ⁶
1604 4403 1697 4459 καὶ

112 4488 189 4557 τῷ
234 4488 380 4559 λόγῳ
424 4489 771 4560 παρίσταται,
802 4491 882 4544 ὅτι
910 4493 942 4562 ἡ
974 4492 1070 4562 μὲν
1116 4493 1328 4564 καθαρά
1357 4494 1448 4546 καὶ
1495 4493 1569 4564 μὴ
1600 4493 1697 4564 βα-

1958 4128 2220 4182 Praeterea
2246 4129 2288 4182 si
2307 4129 2538 4182 creditur
2560 4144 2666 4182 non
2699 4142 2726 4178 a
2753 4127 3077 4182 Christianis
3101 4137 3152 4182 et
3172 4128 3373 4182 Juda'is

1805 4230 2034 4282 tantum,
2069 4223 2159 4273 sed
2190 4221 2353 4272 etiam
2387 4234 2415 4270 a
2447 4218 2627 4272 multis
2659 4219 2775 4274 aliis
2797 4219 2998 4274 Gimcis
3021 4229 3074 4271 et
3101 4219 3366 4279 barbaris,

1801 4313 1981 4366 vivere
2013 4320 2067 4365 et
2099 4325 2384 4380 superesse
2421 4311 2708 4364 humanam
2742 4310 2975 4364 animam
3011 4319 3130 4379 post
3157 4326 3308 4365 suam
3335 4325 3365 4363 a

1803 4417 2028 4472 corpore
2074 4402 2497 4468 separationem.
2556 4401 2610 4456 Si
2643 4401 2932 4456 conﬁrmat
2986 4401 3126 4455 ratio
3174 4415 3366 4470 puram

1806 4508 1904 4548 nec
1941 4493 2159 4548 malitia:
2192 4495 2345 4563 quasi
2376 4509 2553 4548 massa
2591 4493 2836 4562 plumbea
2861 4504 3164 4558 oneratam,
3201 4495 3370 4549 subli-

117 4577 356 4649 ρουμένη
391 4577 496 4630 ὑπὸ
535 4577 641 4632 τῶν
671 4580 1003 4650 τῆς-κακίας
1053 4581 1382 4651 μολιϐδίδων,
1433 4582 1701 4653 μετέωρος

1812 4601 1945 4640 mem
1999 4585 2214 4641 evolare
2251 4586 2317 4639 ad
2358 4601 2421 4641 ea
2463 4586 2604 4651 loca,
2640 4587 2730 4641 ubi
2775 4587 3055 4656 puriorum
3105 4597 3160 4643 et
3197 4588 3367 4641 tnthe-

116 4673 340 4743 φέρεται
375 4671 466 4723 ἐπὶ
496 4673 620 4736 τοὺς
652 4672 846 4736 τόπους
874 4672 981 4726 τῶν
1006 4673 1403 4746 καθαρωτέρων
1436 4674 1528 4727 καὶ
1555 4673 1698 4726 αἰθε-

117 4763 246 4832 ρίων
281 4760 570 4832 σωμάτων,
605 4760 977 4817 καταλιποῦσα
1004 4764 1072 4817 τά
1103 4764 1227 4834 τῇδε
1251 4765 1426 4834 παχέα
1474 4763 1698 4834 σώματα

114 4856 208 4907 καὶ
246 4852 316 4907 τὰ
363 4853 421 4907 ὲν
466 4855 648 4918 αὑτοῖς
689 4855 1005 4925 μιάσματα·
1039 4857 1071 4926 ἡ
1119 4855 1174 4909 δὲ
1216 4857 1414 4925 φαύλη,
1452 4857 1545 4911 καὶ
1593 4857 1698 4910 ὑπὸ

113 4947 219 4998 τῶν
251 4944 580 5015 ἁμαρτάδων
626 4945 996 5016 καθελκομένη
1032 4947 1123 4999 ἐπὶ
1159 4948 1258 5018 τὴν
1289 4949 1412 5017 γῆν,
1447 4947 1540 5000 καὶ
1577 4948 1696 5019 μηδ’

114 5034 450 5092 ἀναπνεῦσαι
480 5034 776 5107 δυναμένη,
805 5037 928 5108 τῇδε
959 5038 1179 5108 ιρέρεται
1219 5039 1314 5092 καὶ
1354 5037 1694 5102 καλινδεῖται,

189 5167 325 5292 (ξιξ
365 5168 679 5239 Λέγεσθαι.
729 5171 898 5226 Recte
953 5188 1086 5227 mss.
1136 5171 1274 5226 Male
1329 5181 1505 5227 autem
1560 5173 1692 5229 libb.

170 5244 268 5293 litt.
328 5239 536 5293 έγεται.

118 5250 268 5302 eauti,
295 5250 536 5306 λέγεται.

123 5309 650 5432 Μίὲιῇνὶιαανικήν.
698 5311 912 5381 Optime
944 5326 1074 5367 mss.
1120 5311 1276 5367 Libb.
1306 5323 1489 5367 autem
1531 5313 1692 5379 editi,

121 5397 581 5521 μχῶιέρνᾜρχεῆν
606 5449 736 5520 γάρ,
764 5459 870 5505 etc.
912 5449 1088 5506 Locus
1115 5453 1204 5522 hic
1251 5453 1340 5520 qui
1375 5453 1509 5522 mihi
1543 5468 1696 5522 teque

119 5537 181 5572 ac
239 5521 528 5576 Boberello
563 5522 779 5575 videtur
828 5535 1015 5585 sanus,
1061 5521 1346 5576 videbatur
1391 5521 1696 5577 Guieto’ex

121 5590 404 5664 luxatiAone
434 5592 723 5664 obscurus,
747 5591 1292 5664 et_sic_c0rrigendus
1319 5607 1333 5645 :
1367 5593 1562 5664 Ἐχρῆν
1589 5592 1696 5663 γάρ

121 5611 404 5644 taxatione
434 5611 723 5653 onscurus,
747 5611 802 5645 et
833 5611 911 5644 Stc
938 5611 1292 5663 corrigemus
1319 5611 1333 5645 :
1381 5611 1494 5664 ιιχρ
1534 5611 1562 5644 ν
1589 5611 1696 5663 γαρ

118 5660 207 5713 τὸν
241 5661 472 5732 κάτοχον
505 5661 582 5732 τῷ
622 5659 750 5731 θείῳ
801 5660 1096 5732 Πνεύματι,
1131 5662 1221 5715 τὸν
1257 5611 1696 5732 συμϐαλλτύμενον

78 5791 84 5796 _
121 5733 199 5795 είς
238 5733 333 5804 τὸν
376 5729 538 5804 μέσον
556 5729 662 5804 καὶ
693 5729 1026 5804 κατὰ-φύσιν
1057 5732 1189 5801 βίον,
1435 5729 1696 5804 πρότερον

121 5801 322 5873 παντὸς
337 5799 643 5873 οὑτινοσοῦν
660 5801 751 5873 τοῦ
768 5802 874 5854 ἀπὸ
894 5801 998 5854 τῶν
1019 5799 1693 5873 χρησμῶνδιδασκομένου,

122 5871 153 5942 η
178 5873 311 5947 πρὸς
330 5873 388 5926 τὸ
409 5871 701 5939 λυσιτελὲς,
727 5872 760 5944 ἢ
792 5873 923 5945 πρὸς
956 5875 1012 5925 τὸ
1038 5871 1308 5945 συμφέρον
1328 5871 1691 5946 ὠφεληθῆναι.

1803 4692 2015 4732 reorum
2060 4691 2346 4745 corporum
2397 4681 2554 4733 sedes
2585 4691 2687 4741 est,
2733 4678 2938 4734 relictis
2970 4677 3060 4734 hic.
3110 4679 3364 4733 deorsum

1800 4770 1998 4825 crassis
2026 4770 2345 4838 corporibus
2384 4784 2681 4840 eorumque
2707 4767 2990 4836 sordibus;
3015 4767 3212 4825 malam
3236 4783 3366 4822 vero

1799 4872 1852 4916 et
1874 4861 2155 4916 adterram
2186 4862 2423 4931 peccatis
2437 4861 2742 4929 depressam
2769 4861 2933 4932 697
2965 4877 3066 4918 nec
3096 4863 3367 4931 respirare

1800 4952 2084 5016 valentem,
2120 4954 2204 5008 hic
2236 4953 2416 5023 vagari
2451 4963 2506 5007 et
2536 4953 2792 5018 volutari,
2820 4953 2983 5008 aliam
3006 4955 3151 5010 circa
3185 4954 3368 5023 sepul-

1798 5058 1913 5110 cra,
1978 5044 2066 5098 ubi
2117 5045 2418 5098 animarum
2485 5043 2770 5098 simulacra
2825 5045 3136 5101 umbrarum
3193 5048 3366 5100 instar

1871 5178 1980 5250 (54)
2023 5178 2468 5248 Προαπέλαυον.
2518 5180 2686 5236 Recte
2734 5183 2952 5236 omnino
2988 5180 3150 5236 habet
3193 5182 3362 5235 codex

1797 5249 2147 5370 gasileensis.
2209 5252 2262 5305 In
2325 5261 2482 5305 antea
2537 5252 2697 5308 editis
2762 5252 2990 5321 legitur,
3051 5251 3363 5321 προαπέλα-

1832 5337 1910 5371 ον.

1870 5389 1991 5456 (55)
2045 5389 2471 5457 Ἁντιπράττον.
2513 5390 2707 5444 Guieto
2756 5391 2845 5444 hic
2892 5389 3113 5445 omnino
3147 5389 3362 5444 deside-

1803 5462 1908 5512 rari
1975 5455 2290 5523 videbatur,
2353 5455 2516 5529 εἶχον.
2582 5461 2899 5516 Boherellus
2978 5461 3142 5529 legit,
3206 5459 3362 5515 ἀντέ-

1799 5547 2024 5586 ποαττε.

1843 5581 1980 5667 ⁸(56)
2024 5598 2358 5653 l-lmschelius
2389 5599 2440 5652 in
2474 5609 2644 5656 textu.
2671 5599 3046 5669 τυγχάνοντος,
3078 5599 3235 5655 male.

1869 5670 2134 5794 (57)2Kal
2203 5669 2552 5737 ὀρκώσεσιν.
2597 5671 2727 5724 Vide
2785 5674 3025 5728 adnotat.
3059 5672 3128 5727 ad
3174 5670 3268 5726 lib.
3312 5685 3360 5738 I,

1840 5758 1946 5794 um.
1983 5747 2002 5770 ⁴·
2029 5780 2038 5791 .

1801 5758 1946 5795 nam.
1983 5758 2038 5794 ιι.

1870 5811 1982 5883 (58)
2027 5809 2295 5867 Πωδριιει.
2333 5811 2383 5866 in
2418 5821 2585 5878 textu,
2616 5809 2924 5883 δαιμονίων.
