3894 6520
128 367 155 419 1
172 365 293 421 429

1332 345 1618 402 CONTRA
1655 340 1931 400 CELSUM
1966 340 2092 397 LIB.
2131 339 2242 396 VII.

3273 325 3408 382 N50

122 484 172 538 '1'
181 477 595 558 ραγῳδιοποιῶν
606 471 698 531 οὖν
711 473 886 544 σοφῶν
899 471 991 526 ὑπ’
1000 468 1160 526 αὑτοῦ
1173 466 1529 537 λελεγμένων,
1545 459 1723 534 κρείτ-

1855 460 2046 531 vulgari
2060 456 2511 528 praemioinsccna
2523 460 2574 507 et
2587 453 2870 508 orchestra
2889 449 3166 505 decertant
3183 457 3236 501 et
3253 446 3413 501 modo

124 552 251 628 των
276 552 416 628 εἶναι
435 569 708 641 νομισθεὶς
740 569 768 620 6
801 564 1094 635 Σωκράτης
1124 560 1232 614 τῶν
1266 560 1357 612 ὲπὶ
1390 556 1490 627 τῆς
1513 552 1722 626 σκηνῆς

128 669 240 722 καὶ
264 666 364 736 τῆς
381 665 688 736 ὀρχήστρας
701 656 794 712 τοῦ
809 656 1058 728 τυχόντος
1077 653 1236 706 ἄθλου
1260 651 1443 704 ἕνεκεν
1465 644 1723 716 ἀγωνιζο-

134 764 351 833 μένων,
375 761 468 814 καὶ
501 761 631 812 ὅπου
662 757 759 828 μὲν
793 754 967 815 λύπας
1003 751 1097 805 καὶ
1125 747 1338 810 οἴκτους
1366 746 1476 806 τοῖς
1505 743 1723 802 θεαταῖς

133 853 524 926 ἐμποιούντων
548 894 562 918 ,
588 853 720 905 ὅπου
761 850 817 902 δὲ
867 845 1133 916 ἀσέμνους
1182 840 1423 910 γέλωτας
1465 833 1723 906 (τοιοῦτον

134 921 262 1019 γάρ
293 965 345 1000 τι
377 945 622 1016 βούλεται
643 942 711 995 τὰ
735 937 999 1009 σατυρικὰ
1019 932 1312 1006 δράματα)
1337 929 1397 983 ού
1426 927 1563 981 πάνυ
1588 942 1639 979 τι
1665 921 1726 1019 τδ

279 1013 595 1109 φιλοσοφίαν
630 1034 723 1087 καὶ
747 1029 1000 1100 ἀλήθειαν
1022 1024 1272 1097 ἐμφαίνει
1302 1019 1499 1109 σεμνὸν
1519 1017 1613 1109 καὶ
1639 1013 1726 1109 διὰ

135 1122 458 1192 σεμνότητα
483 1104 782 1174 ἐπαινετόν.
810 1116 918 1168 Καὶ
946 1113 1086 1182 τάχα
1112 1111 1173 1162 ού
1202 1107 1452 1162 τοσοῦτον
1481 1105 1568 1158 διὰ
1593 1104 1741 1174 φιλο-

138 1214 345 1282 σοφίαν
379 1211 584 1282 ἀνδρῶν
605 1205 756 1262 εἶπεν
786 1207 947 1262 αὑτὸν
973 1203 1227 1257 ἁπάντων
1260 1198 1590 1269 σοφώτατον,
1617 1198 1739 1250 ὅσον

135 1305 237 1357 διὰ
273 1305 371 1368 τὰς
401 1304 613 1366 Θυσίας,
646 1301 737 1354 καὶ
772 1299 835 1361 ἃς
871 1297 1210 1368 προσήνεγκε
1253 1291 1360 1362 (66)
1393 1290 1618 1351 κνίσσας
1647 1287 1742 1341 αύ-

136 1397 227 1467 τῷ
261 1414 323 1450 τε
367 1395 462 1449 καὶ
493 1397 605 1457 τοῖς
632 1393 838 1454 λοιποῖς
886 1387 1122 1458 δαίμοσι.
1159 1385 1266 1437 Καὶ
1313 1382 1398 1435 διὰ
1428 1381 1600 1435 ταῦτα
1639 1379 1742 1433 Eoi-

138 1505 286 1542 γασι
312 1489 513 1558 μᾶλλον
543 1489 715 1539 ποιεῖν
741 1485 790 1536 οἱ
817 1482 1067 1551 δαίμονες
1093 1477 1162 1531 τὰ
1190 1475 1484 1545 ἀξιούμενα
1508 1473 1612 1526 ὑπὸ
1633 1471 1741 1526 τῶν

139 1581 338 1641 αὐτοῖς
367 1575 772 1648 προσαγόντων,
867 1569 954 1622 διὰ
981 1567 1050 1622 τὰ
1077 1567 1212 1638 ἔργα
1240 1565 1340 1634 τῆς
1379 1563 1598 1636 ἀρετῆς.
1628 1561 1744 1614 Διό-

141 1688 264 1742 περ
297 1669 610 1740 διαγράφων
641 1665 712 1718 τὰ
742 1663 1002 1732 γινόμενα
1033 1663 1060 1713 ὁ
1104 1658 1212 1710 τῶν
1262 1655 1497 1726 ποιητῶν
1528 1653 1744 1724 ἄριστος

143 1763 426 1834 Ὅμηρος,
461 1761 556 1814 καὶ
598 1757 881 1816 διδάσκων,
910 1754 1031 1807 τίνα
1086 1751 1320 1822 μάλιστά
1367 1751 1483 1801 ἐστι
1515 1747 1583 1800 τὰ
1622 1748 1744 1800 πεί-

144 1851 319 1905 θοντα
348 1851 472 1912 τοὺς
509 1847 766 1917 δαίμονας
808 1845 980 1898 ποιεῖν
1024 1841 1059 1896 ἃ
1104 1839 1381 1910 βούλονται
1416 1839 1466 1890 οἱ
1509 1836 1745 1899 θύοντες,
1778 1885 1821 1940 Β

146 1944 418 2013 εἰσήγαγε
451 1940 542 1992 τὸν
574 1938 796 2010 Χρύσην
839 1936 1023 1988 ’ένεκεν
1065 1932 1260 1999 ὀλίγων
1311 1928 1612 1996 στεφάνων,
1655 1927 1749 1980 καὶ

149 2032 372 2102 μηρίων
393 2029 607 2101 ταύρων
631 2029 724 2081 καὶ
751 2027 942 2094 αἰγῶν,
969 2021 1303 2092 τυγχάνοντα
1329 2012 1403 2072 ὧν
1431 2018 1600 2089 ᾔτησε
1625 2015 1746 2070 καθ’

158 2122 435 2193 Ἐλλήνων
464 2119 554 2174 διὰ
589 2120 686 2190 τὴν
735 2117 1028 2188 θυγατέρα,
1075 2115 1164 2168 ἴνα
1210 2110 1570 2182 λοιμώξαντες
1618 2109 1752 2161 ἀπο-

143 2215 384 2275 διῦσειαν
417 2212 565 2283 αύτῷ
593 2211 689 2283 τὴν
717 2209 1011 2282 Χρυσηΐδα.
1039 2207 1344 2277 Μέμνημαι
1383 2203 1440 2255 δὲ
1470 2203 1620 2272 παρά
1644 2218 1748 2254 τινι

144 2306 264 2360 τῶν
324 2304 704 2376 Πυθαγορείων
753 2302 886 2373 (67),
935 2299 1308 2371 ἀναγράψαντι
1354 2296 1484 2367 περὶ
1533 2294 1641 2348 τῶν
1691 2295 1750 2348 ἐν

149 2399 387 2469 ὑπονοίᾳ
420 2397 573 2468 παρὰ
599 2395 676 2466 τῷ
725 2396 921 2464 ποιητῇ
962 2391 1322 2462 λελεγμένων,
1357 2388 1641 2455 ἀναγνοὺς,
1669 2386 1754 2441 ὅτι,

146 2495 224 2542 τι
268 2488 363 2542 τοῦ
409 2487 627 2558 Χρύσου
662 2485 798 2556 πρὸς
842 2484 932 2536 τὸν
979 2481 1283 2534 Ἀπόλλωνα
1324 2479 1452 2548 ἔπη,
1496 2477 1588 2530 καὶ
1622 2478 1650 2528 6
1693 2474 1751 2541 ἐξ

163 2577 504 2640 Ἀπόλλωνος
546 2571 911 2645 ἐπιπεμφθεὶς
953 2575 1064 2635 τοῖς
1092 2571 1313 2640 Ἕλλησι
1359 2567 1563 2638 λοιμὸς,
1611 2566 1753 2620 διδά-

151 2688 300 2737 σκει,
331 2671 413 2723 ὅτι
440 2667 709 2738 ἠπίστατο
735 2667 980 2736 Ὄμηρος
1007 2661 1277 2733 πονηρούς
1295 2677 1446 2723 τινας
1469 2659 1750 2730 δαίμονας,

154 2763 454 2833 χαίροντας
479 2763 600 2823 ταῖς
644 2759 893 2820 κνίσσαις
937 2757 1034 2809 καὶ
1077 2756 1198 2816 ταῖς
1252 2752 1483 2814 θυσίαις,
1531 2748 1753 2821 μισθοὺς

153 2853 468 2907 ἀποδιδόναι
495 2854 608 2914 τοῖς
639 2849 833 2902 θύσασι
865 2846 962 2917 τὴν
990 2845 1190 2917 ἑτέρων
1217 2842 1448 2916 φθοράν.
1470 2843 1518 2894 εἰ
1545 2839 1754 2893 τοιοῦτο

153 2947 203 2996 οἱ
221 2943 442 3006 θύοντες
469 2941 726 3012 εὔχοιντο.
763 2940 874 2992 Καὶ
905 2940 936 2992 d
967 2936 1248 3003 Δωδώνης
1274 2934 1341 2986 δὲ
1363 2932 1590 3002 μεδέων
1607 2930 1754 2984 δυσ-

155 3035 458 3105 χειμέρου,
489 3033 624 3106 παρ’
657 3025 705 3098 ᾧ
745 3035 902 3086 εἰσιν
931 3033 983 3083 οἱ
1029 3028 1327 3097 προφῆται
1372 3025 1480 3098 (68)
1515 3025 1754 3080 ἀνιπτό-

155 3128 366 3193 ποδες,
399 3125 771 3197 χαμαιεῦναι,
819 3121 1225 3191 ἀποδοκιμάσας
1275 3119 1337 3171 τὸ
1387 3117 1496 3170 τῶν
1545 3115 1752 3188 ἀνδρῶν

154 3223 240 3284 είς
272 3219 606 3291 προφητείαν
639 3217 814 3286 γένος,
837 3217 955 3279 ταῖς
985 3212 1256 3266 Δωδωνίσι
1295 3212 1514 3282 χρῆται,
1555 3209 1631 3272 ὡς
1660 3209 1754 3267 καὶ

153 3311 418 3374 δΚέλσος
464 3311 825 3380 παρέστησεν.
866 3308 1047 3359 Ἔστω
1093 3304 1150 3357 δέ
1198 3320 1281 3366 τις
1320 3301 1529 3364 τούτοις
1587 3317 1755 3370 παρα-

154 3403 388 3475 πλήσιος
421 3402 677 3472 Κλάριος,
710 3401 803 3453 καὶ
833 3399 1019 3470 ἔτερος
1051 3397 1109 3450 ὲν
1144 3393 1488 3466 Βραγχίδαις,
1523 3391 1617 3469 καὶ
1662 3392 1755 3447 άλ-

1845 553 2088 607 dolorem
2124 558 2178 606 et
2208 547 2609 604 miserationem
2641 543 3038 614 spectatoribus
3070 539 3412 608 ingenerant,

1843 646 2027 711 modo,
2079 642 2132 696 id
2182 641 2325 711 quod
2351 648 2574 710 captant
2600 636 2834 708 satyrira
2870 633 3131 695 dramata,
3169 631 3236 684 ad
3269 627 3416 682 risus

1845 733 2168 788 inhonestos
2202 731 2482 796 excitant;
2539 729 2592 783 id
2640 743 2744 780 non
2778 730 3099 794 argumento
3147 728 3232 776 est
3263 719 3414 772 illum

1847 825 2182 897 philosophia
2209 836 2262 879 ct
2287 823 2531 878 veritatis
2549 833 2732 873 amore
2747 817 2910 871 fuisse
2927 809 3412 870 commendabilem

1845 920 1915 975 ob
1948 931 2148 986 easque
2173 917 2405 969 virtutes
2462 913 2622 966 laude
2666 911 2904 978 dignum.
2939 907 3004 960 Et
3032 905 3265 959 fortasse
3305 916 3412 957 non

1846 1020 1955 1066 tam
1988 1018 2209 1080 pr0ptcr
2234 1004 2632 1076 philosophiam
2659 1002 2808 1056 illum
2833 999 2969 1054 dixit
2988 995 3268 1052 hominum
3297 1006 3417 1048 esse

1846 1101 2328 1173 sapientissimum,
2355 1114 2517 1169 quam
2559 1105 2778 1165 propter
2811 1093 3060 1146 victimas
3091 1089 3417 1155 nid‘oresqtte

1847 1210 1984 1265 quos
2009 1192 2273 1250 oﬂ'ercbat
2319 1202 2430 1246 lum
2464 1189 2539 1244 illi
2565 1197 2675 1240 ttttn
2706 1184 2929 1250 reliquis
2962 1181 3316 1237 daemonibus.
3352 1178 3418 1233 Et.

1847 1288 1923 1343 illi
1974 1288 2244 1341 daemoaes
2291 1291 2512 1352 propter
2565 1281 2679 1335 hate
2720 1278 2894 1348 magis
2957 1273 3256 1330 exaudiunt
3292 1280 3417 1323 vota

1847 1379 2292 1441 sacriﬁcantium,
2326 1390 2490 1446 quant
2539 1381 2756 1443 prepter
2791 1368 3010 1424 virtutis
3054 1380 3239 1436 opera.
3271 1363 3420 1431 Qua-

1847 1478 2066 1539 propter
2084 1465 2348 1520 Homerus
2363 1473 2642 1533 poetarum
2657 1460 2916 1530 optimus,
2935 1458 2987 1512 id
3005 1456 3148 1526 quod
3170 1455 3421 1510 accidere

1849 1559 1987 1614 solet
2034 1557 2369 1620 describens,
2396 1563 2450 1608 et
2498 1554 2698 1607 docens
2731 1548 3051 1620 quibusdam
3083 1545 3418 1617 potissimum

1851 1652 2126 1705 daemones
2148 1647 2223 1701 illi
2253 1655 2535 1700 moventur
2551 1643 2617 1696 ad
2641 1639 3008 1696 exatnliendas
3025 1652 3210 1691 eorum
3233 1649 3423 1706 preces

1851 1741 1940 1811 qui
1992 1747 2232 1794 mactant
2273 1736 2541 1798 victimas,
2596 1733 2808 1786 induxit
2853 1731 3094 1801 Chryscn
3122 1727 3192 1804 ⁸ο,
3227 1725 3424 1781 oblatis

1848 1833 2038 1905 paucis
2063 1830 2284 1886 coronis
2316 1837 2365 1882 et
2395 1837 2669 1881 taurorum
2693 1836 3089 1892 caprarumque
3121 1819 3423 1876 femoribus

1849 1927 2191 1983 obtinentem
2227 1921 2488 1993 quidquid
2527 1928 2720 1976 contra
2760 1917 2980 1972 Graecos
3006 1913 3335 1986 postulabat,
3364 1920 3426 1966 ut

1849 2028 2001 2091 peste
2033 2016 2214 2072 adacti
2241 2011 2539 2086 Cltryseidd
2584 2011 2686 2066 sibi
2723 2010 3030 2062 redderent.
3079 2005 3293 2060 Memini
3339 2016 3426 2058 me

1850 2113 2030 2181 legere
2061 2109 2202 2179 apud
2228 2107 2519 2178 quemdam
2568 2105 3025 2176 Pythagoricum,
3065 2102 3156 2170 qui
3209 2096 3428 2166 scripsit

1851 2207 1916 2262 de
1951 2205 2412 2261 reconditioribus
2470 2199 2631 2270 hujus
2673 2210 2843 2270 poeta:
2885 2198 3171 2263 sensibus,
3207 2195 3428 2265 Cht'ysze

1853 2298 2017 2353 verba
2039 2297 2105 2351 ad
2124 2295 2451 2366 Apollinem,
2475 2303 2527 2349 et
2554 2293 2850 2347 immissam
2865 2291 3070 2346 Graecis
3091 2290 3160 2343 ab
3178 2287 3427 2358 Apolline

1849 2388 2216 2460 pestilentiam
2248 2401 2347 2440 nos
2369 2387 2586 2450 docere,
2615 2383 2848 2438 Homero
2879 2398 2985 2438 non
3013 2382 3225 2451 ignotos
3261 2377 3428 2432 fuisse

1852 2480 2024 2535 malos
2080 2479 2340 2548 quosdam
2379 2478 2670 2544 dmntones,
2725 2476 2815 2545 qui
2867 2474 3058 2529 nidore
3107 2481 3162 2527 et
3195 2471 3429 2526 victimis

1851 2571 2110 2641 gaudent,
2139 2578 2195 2623 et
2225 2568 2494 2624 mercedis
2540 2568 2662 2622 luco
2695 2566 2920 2620 exitium
2956 2565 3184 2620 aliorum
3216 2561 3430 2617 sacriﬁ-

1853 2661 2102 2716 cantibus
2133 2660 2455 2724 concedunt,
2492 2659 2536 2713 si
2563 2659 2721 2712 modo
2760 2657 2812 2712 id
2837 2655 3132 2726 postulent.
3173 2653 3238 2707 Et
3260 2660 3431 2707 rector

1853 2751 1947 2804 ille
1970 2751 2205 2804 Dodonae
2233 2752 2449 2805 hiberno
2477 2760 2704 2819 tempore
2734 2747 2962 2816 infestw,
2996 2745 3082 2800 ubi
3113 2755 3252 2799 cates
3279 2745 3430 2797 habet

1852 2843 1942 2913 qui
1964 2859 2054 2896 nec
2081 2842 2263 2896 lavant
2286 2843 2439 2911 pedes
2462 2851 2509 2896 et
2549 2842 2694 2894 humi
2723 2840 2912 2893 cubant
2946 2838 3017 2904 “,
3051 2839 3254 2908 rejecto
3287 2835 3430 2890 virili

1855 2948 2015 2999 sexu,
2045 2935 2413 2989 Dodonidibus
2437 2935 2599 2988 etiam
2628 2934 2694 2988 ad
2721 2933 2906 2986 futura
2934 2929 3274 3001 praedicenda
3300 2942 3430 2982 usus

1855 3038 1958 3096 est,
1989 3037 2046 3082 ut
2073 3029 2188 3098 ipse
2224 3027 2414 3082 Celsus
2445 3025 2847 3082 animadvertit.
2879 3025 2954 3078 Do
2988 3037 3120 3078 vero
3149 3023 3282 3076 alios
3314 3021 3432 3076 istis

1854 3134 1976 3174 esse
2015 3119 2244 3183 similes,
2272 3129 2330 3172 ut
2374 3117 2638 3183 Clarium,
2665 3117 2894 3172 alterum
2929 3116 3152 3183 insuper
3175 3118 3228 3167 in
3251 3112 3430 3166 Bran-

1857 3210 2054 3277 chidis,
2086 3211 2256 3270 alium
2287 3210 2340 3264 in
2372 3210 2655 3264 Ammonis
2687 3207 2889 3278 templo
2922 3214 3016 3260 aut
3047 3205 3225 3260 ubivis
3255 3213 3429 3260 terra-

1861 3317 2000 3367 rum,
2051 3303 2144 3372 qui
2202 3302 2429 3356 reddant
2461 3301 2721 3356 oracula:
2759 3301 2902 3355 unde
2945 3297 3319 3370 probabuntur
3355 3294 3430 3350 dii

1859 3408 1978 3448 esse
2007 3395 2244 3461 quidem,
2273 3409 2379 3448 non
2412 3409 2542 3448 vero
2570 3394 2866 3448 dmmonia?

153 3497 249 3562 λος
278 3501 339 3552 ἐν
372 3499 686 3569 Ἄμμωνος,
731 3495 765 3567 ἢ
812 3495 934 3547 ὅποι
987 3489 1118 3549 ποτὲ
1173 3490 1276 3569 γῆς
1327 3486 1746 3564 μαντευόμενοι·
1783 3487 1942 3542 πόθεν
1969 3484 2062 3543 οὖν
2089 3487 2450 3566 δειχθήσεται,
2480 3488 2574 3544 καὶ
2603 3489 2651 3546 εἰ
2674 3487 2785 3542 θεοὶ
2831 3487 2929 3559 μέν
2970 3487 3097 3552 εἰσι,
3126 3485 3188 3546 ού
3242 3484 3431 3556 δαιμό-

153 3611 248 3649 νια
277 3595 335 3647 δέ
373 3611 529 3658 τινας
617 3601 623 3608 ‘

229 3689 354 3742 Τῶν
409 3688 451 3741 δ’
509 3689 568 3741 ὲν
601 3686 872 3750 Ἴουδαίοις
917 3683 1214 3756 προφητῶν
1255 3684 1302 3735 οἱ
1339 3682 1435 3752 μὲν
1466 3681 1572 3734 ἀπὸ
1615 3697 1748 3750 προ-η

156 3781 390 3852 φητείας
416 3780 508 3833 καὶ
541 3779 637 3850 τῆς
664 3778 812 3841 θείας
847 3776 1196 3846 κατακωχῆς,
1228 3775 1301 3838 ὡς
1329 3773 1392 3835 ἂν
1426 3774 1579 3842 σοφοί
1603 3772 1746 3843 (69)·

157 3875 207 3927 οἱ
238 3872 284 3925 δ’
313 3873 408 3924 ἀπ’
429 3871 598 3942 αὐτῆς
626 3871 724 3941 τῆς
764 3868 1101 3940 προφητείας
1132 3865 1489 3935 φωτισθέντες
1515 3864 1604 3918 τὸν
1628 3862 1753 3916 νοῦν

156 3963 392 4017 τοιοῦτοι
413 3963 717 4031 γεγόνασιν,
735 3959 1039 4032 αἱρεθέντες
1063 3959 1167 4011 ύπὸ
1186 3959 1284 4028 τῆς
1306 3957 1568 4029 Προνοίας
1595 3957 1675 4019 εἰς
1691 3956 1753 4009 τὸ

159 4054 517 4126 πιστευθῆναι
539 4054 600 4106 τὸ
629 4053 772 4106 θεῖον
809 4052 1026 4121 Πνεῦμα
1050 4051 1142 4103 καὶ
1172 4051 1299 4114 τοὺς
1329 4050 1436 4102 ἀπὸ
1455 4048 1642 4102 τούτου
1675 4048 1755 4100 λόο

159 4166 294 4216 γους
319 4147 408 4201 διὰ
435 4148 495 4200 τὸ
513 4145 608 4200 τοῦ
638 4146 752 4216 βίου
775 4145 1130 4216 δυσμίμητον,
1159 4144 1251 4196 καὶ
1285 4142 1487 4212 σφόδρα
1515 4139 1750 4204 εὔτονον,

160 4238 260 4291 καὶ
291 4235 613 4308 ἐλευθέριον,
647 4236 742 4289 καὶ
790 4235 967 4304 πάντη
1011 4234 1146 4308 πρὸς
1178 4231 1406 4284 θάνατον
1439 4231 1531 4284 καὶ
1574 4228 1751 4282 κινδύ-

159 4345 287 4390 νους
323 4326 756 4397 ἀκατάπληκτον.
804 4325 1090 4387 Τοιούτους
1121 4322 1230 4394 γὰρ
1271 4323 1365 4375 καὶ
1403 4324 1431 4374 6
1463 4321 1618 4390 λόγος
1663 4310 1749 4373 ai?

163 4423 252 4493 ρεῖ
272 4419 381 4492 (70)
404 4421 514 4473 δεῖν
533 4415 820 4481 εἶναιτοὺς
849 4416 942 4469 τοῦ
965 4417 1057 4469 ἐπὶ
1088 4417 1222 4468 πᾶσι
1276 4412 1408 4466 Θεοῦ
1442 4413 1744 4484 προφήτας,

1930 3677 1983 3732 7.
2020 3676 2213 3732 Verum
2237 3691 2267 3732 e
2293 3675 2532 3732 ludaicis
2557 3676 2833 3747 prophetis
2875 3676 2962 3731 alii
2999 3684 3124 3730 ante
3155 3677 3435 3746 sapientes

1858 3778 2034 3837 erant,
2084 3785 2244 3840 quam
2294 3769 2594 3838 prophetiae
2635 3769 2834 3823 donqu
2906 3770 3255 3838 acciperent;
3299 3769 3434 3825 alios

1859 3863 2142 3934 prephetia
2189 3862 2484 3916 illustravit
2535 3871 2592 3916 et
2634 3862 2906 3930 sapientes
2955 3861 3154 3917 ell'ecit.
3191 3860 3254 3914 lli
3310 3859 3435 3914 vita:

1861 3969 2028 4024 genus
2080 3953 2270 4008 sectati
2320 3952 2537 4008 diilicile
2579 3954 2815 4018 imitatn,
2851 3963 3130 4017 constans,
3177 3952 3432 4016 liberum,

1858 4057 1913 4100 et
1935 4047 2121 4124 mortis
2138 4047 2614 4115 periculorumque
2629 4056 2771 4099 metu
2791 4047 3195 4110 inconcussum,
3215 4043 3436 4098 fuerunt

1861 4153 1889 4191 ιι
1920 4138 2254 4207 providentia
2277 4137 2459 4200 electi,
2483 4136 2678 4204 quibus
2717 4137 2932 4190 divinus
2954 4134 3188 4203 Spiritus
3212 4132 3436 4201 ejusque

1860 4233 2073 4302 eloquia
2095 4233 2587 4286 couunitterentur.
2611 4230 2774 4284 Docet
2805 4229 2949 4284 cnim
2983 4229 3124 4282 ratio
3153 4227 3288 4282 tales
3313 4241 3436 4282 esse

1854 4319 2051 4378 debere
2098 4319 2295 4374 sunnni
2343 4319 2432 4372 Dei
2476 4319 2794 4389 prophetas,
2824 4318 3144 4387 quibuscum
3174 4326 3434 4372 constans

1853 4412 2208 4476 Antisthenis,
2254 4411 2488 4466 Cratetis
2545 4410 2903 4479 Diogenisque
2944 4409 3186 4478 gravitas
3232 4405 3436 4462 collata

161 4513 359 4576 οἵτινες
380 4512 625 4580 παίγνιον
653 4509 936 4581 ἀπέφηναν
954 4509 1051 4578 τὴν
1077 4505 1465 4568 Ἀντισθένους,
1484 4505 1577 4557 καὶ
1606 4503 1746 4576 Κρά-

1855 4520 1951 4573 pro
2009 4503 2138 4559 ludo
2211 4503 2518 4559 habebitur.
2565 4502 2796 4572 Propter
2854 4502 3142 4557 veritatem
3187 4499 3351 4568 igitur
3381 4506 3434 4552 et

161 4617 344 4669 τητος,
373 4601 468 4653 καὶ
511 4599 790 4667 Διογένους
821 4596 1082 4654 εὐτονίαν.
1113 4596 1189 4649 Δι’
1215 4596 1469 4666 ἀλήθειαν
1499 4592 1629 4663 γοῦν
1656 4593 1758 4654 κα)ἰ

160 4698 224 4746 τδ
274 4692 590 4764 ἐλευθερίως
633 4691 874 4761 ἐλέγχειν
917 4689 1043 4752 τοὺς
1077 4688 1507 4760 ἁμαρτάνοντας,
1553 4682 1748 4739 ἐλιθά-

161 4787 436 4850 σθησαν,
497 4783 906 4851 ἐπρίσθησαν,
964 4779 1415 4848 ἐπειράσθησαν
1487 4778 1620 4849 (71),
1682 4777 1751 4829 ἐν

161 4876 328 4944 φόνῳ
358 4877 659 4945 μαχαῲας
689 4873 1009 4929 ἀπέθανον.
1039 4871 1376 4939 Περιῆλθον
1403 4869 1513 4938 γὰρ
1543 4869 1614 4922 ἐν
1640 4885 1752 4938 μη-

163 4966 401 5032 λωταῖς,
433 4967 503 5020 ἑν
541 4967 786 5036 αἰγείοις
823 4963 1133 5033 δέρμασιν,
1168 4963 1614 5032 ὑστερούμενοι,
1646 4977 1752 5020 κα-

241 5085 287 5118 ⁸⁰
311 5082 464 5138 Iliad.
496 5100 538 5150 ι,
567 5099 621 5138 tt.
646 5082 736 5150 59,
757 5081 848 5138 40.
924 5081 972 5117 ⁸¹-
1000 5079 1154 5134 Iliad.
1185 5094 1296 5143 XVI,
1329 5094 1380 5132 ν.
1409 5079 1539 5144 254,
1572 5089 1678 5132 etc.

241 5201 354 5274 (66)
396 5201 735 5274 ΙΙιλεεςΙιοΙίιιε
782 5200 834 5254 in
878 5208 1049 5263 textu,
1097 5199 1462 5271 προσήνεγκε.
1513 5196 1752 5266 Spence-

167 5271 282 5330 rus.
320 5271 651 5342 προήνεγκε.

240 5335 738 5407 (67)'llieschelius
769 5342 821 5395 in
867 5349 1043 5404 textu,
1075 5337 1480 5408 Πυθαγορείων.
1515 5335 1748 5406 δροηοο-

172 5430 284 5476 rus,
309 5410 685 5482 Πυθαγορίων.

242 5483 353 5554 (68)
395 5475 718 5554 Προῲῆται.
752 5480 835 5554 Est
863 5479 1028 5554 Iliad.
1069 5479 1166 5554 Πι
1195 5493 1248 5532 v.
1286 5477 1418 5543 235,
1459 5476 1601 5531 unde
1638 5475 1752 5529 hmc

172 5549 456 5621 des-ultima
488 5563 616 5621 sunt
648 5551 956 5618 legendum,
988 5549 1287 5621 ὑποφῆται.

242 5616 466 5694 (69)-οι
499 5616 758 5694 ἀπὸ
795 5616 1283 5694 προφητείάξκςιὶ
1315 5616 1425 5685 τῆς
1452 5617 1614 5694 θείας
1649 5633 1746 5694 κα·

174 5687 450 5760 τακωχῆς
479 5687 558 5757 ὧς
593 5693 668 5744 ἂν
691 5687 892 5761 σοφοί.
913 5687 1082 5754 MSS”
1108 5693 1158 5743 οἱ
1196 5689 1296 5761 μὲν
1338 5688 1614 5761 προφῆται
1652 5687 1752 5761 τῆς

177 5758 512 5835 προφητείας
541 5765 635 5835 καὶ
667 5758 784 5835 τῆς
810 5763 960 5835 θείας
986 5761 1222 5835 κατοχῆς
1255 5759 1330 5821 ὡς
1359 5758 1424 5835 διν
1458 5759 1632 5835 σρφοί,
1659 5758 1752 5835 sed

180 5825 582 5902 legendumiot
633 5825 733 5906 μιν
775 5833 877 5904 πρὸ
929 5825 1262 5904 προφηέὲίας
1309 5831 1402 5883 καὶ
1449 5825 1548 5900 τῆἐ
1600 5825 1752 5890 θείας

1853 4595 2157 4653 libertatem
2231 4595 2283 4650 in
2366 4594 2823 4666 reprehendendis
2893 4591 3062 4662 699
3133 4589 3435 4659 peccatori-

1853 4686 1951 4740 bus
2011 4685 2235 4752 lapidati
2293 4695 2433 4748 sum,
2498 4686 2626 4739 secti
2666 4694 2812 4747 sunt,
2853 4685 3037 4737 tentati
3064 4690 3208 4745 sunt,
3257 4680 3314 4732 in
3355 4694 3437 4732 oc-

1853 4779 2049 4831 cisione
2077 4777 2242 4840 gladii
2281 4778 2476 4829 mortui
2516 4785 2660 4829 sunt.
2697 4773 3029 4827 Circuierunt
3068 4771 3208 4824 enim
3239 4768 3293 4821 in
3327 4782 3435 4820 me-

1853 4869 1997 4933 lotis,
2031 4868 2084 4919 in
2115 4865 2340 4936 pellibus
2369 4866 2624 4934 caprinis,
2642 4870 2870 4933 egentes,
2898 4859 3209 4932 angustiati,
3233 4856 3433 4927 afﬂicti,

1857 4963 1912 5015 in
1940 4959 2319 5017 solitudinibus
2344 4966 2604 5021 errantes,
2631 4957 2687 5010 in
2721 4954 2982 5011 montibus
3008 4961 3056 5007 et
3094 4948 3355 5022 speluncis
3386 4954 3435 4998 et

1859 5192 2184 5263 κατακωχῆς
2221 5189 2327 5263 (vel
2357 5186 2614 5257 κατοχῆς)
2654 5180 2795 5258 ἦσαν
2831 5181 3004 5253 σοφοί,
3033 5188 3094 5236 ιιι
3130 5186 3276 5233 recte
3321 5193 3437 5234 m0-

1862 5269 1978 5318 ltllll.
2017 5261 2348 5316 Bo’ltet'clltts.

1931 5334 2042 5402 (70)
2085 5330 2426 5402 l-iaascltelius
2451 5327 2711 5402 inulextu,
2738 5325 2872 5402 ἐρεῖ.

1931 5387 2043 5476 (71)
2086 5387 2840 5476 Ilms_chel._et__$peucer'in
2886 5388 3158 5476 margine,
3201 5387 3436 5470 ὲπειρῴ-

1858 5461 2051 5544 θησαν,
2085 5471 2248 5544 quod,
2282 5471 2409 5544 etsi_
2424 5461 3107 5544 n_ihili_videtttr,“mirum.
3146 5461 3339 5540 tamen
3377 5462 3432 5512 in

1860 5531 2120 5604 minium;
2152 5531 2326 5608 inquit
2377 5537 2716 5608 Bolterellus,
2759 5533 3048 5608 conﬁrmat
3093 5531 3433 5608 ingeniosam

1859 5600 2175 5680 Tanaquilli
2220 5600 2395 5680 Fabri,
2421 5606 2798 5680 conjecturam
2835 5604 3062 5680 legentis
3090 5600 3253 5680 epist.
3303 5600 3430 5680 crit.

1860 5684 1947 5742 M.
1981 5671 2075 5737 lib.
2105 5697 2175 5745 tt,
2219 5671 2631 5751 tmptquaav,_
2653 5677 2705 5730 id
2735 5683 2822 5751 est
2867 5671 3441 5751 inutilutionemyassi.

1857 5741 2002 5808 sunt.
2077 5741 2262 5822 Neque
2315 5741 2492 5807 'ctiatn
2561 5746 2722 5802 aliter
2795 5745 3080 5816 legendum
3150 5741 3431 5798 videbatur

1858 5824 2068 5881 Guieto.
