3846 6406
466 215 604 274 £431

1906 207 2229 264 οῐιιιςιῖῖςις

3549 214 3570 268 l
3579 213 3660 270 452

467 340 524 390 in
551 338 974 402 carernisterrm,
1014 338 1202 406 quibus
1251 339 1439 408 dignus
1464 353 1566 388 non
1611 343 1720 389 erat
1751 334 1834 386 hic
1872 348 2025 384 utun-

2145 329 2534 398 ιουχούμενοι,
2564 329 2632 383 ἐν
2661 329 2933 398 ἐρημίαις
2965 328 3356 398 πλανώμενοι,
3387 327 3478 381 καί
3506 328 3658 398 ὄρεσι,

466 427 566 480 dus
597 427 674 492 δίς
707 427 898 480 intenti
935 442 1148 496 semper
1173 428 1222 481 in
1265 427 1427 480 Deum
1472 425 1672 494 Deique
1716 423 2026 486 invisibilia,

467 531 604 587 quae,
638 531 758 572 cum
791 515 1036 571 sensibus
1056 531 1162 571 non
1196 517 1501 582 videantur,
1539 516 1868 585 sempiterna
1909 527 2030 566 esse

465 621 687 662 necesse
711 614 794 660 est
814 605 882 658 ⁸³.
913 604 1258 674 Singulorum
1289 607 1673 676 pr0phetarum
1703 605 1810 660 vita
1835 603 2030 659 litteris

465 698 722 750 mandata
750 697 986 766 est;sed
1018 699 1150 752 satis
1185 699 1343 752 estin
1377 699 1661 766 praesentia
1697 696 2032 766 perpendere

466 787 642 855 qualis
669 787 776 840 vita
807 786 974 840 fuerit
1010 785 1226 858 Moysis,
1265 785 1426 858 {cujus
1459 787 1510 840 in
1565 785 1682 856 lege
1723 786 2032 854 prophetias

464 875 762 940 habemus;
795 877 967 943 qualis
995 879 1099 928 vita
1134 875 1406 942 Jeremiae,
1429 892 1590 946 quam
1621 877 2032 945 pr0pbetiarum

463 966 578 1033 ejus
611 967 830 1020 nomine
861 976 1019 1019 notus
1048 965 1182 1020 liber
1217 975 1620 1036 repraesentat;
1654 967 1826 1036 qualis
1861 967 2030 1030 Isaiae,

465 1059 554 1127 qui
581 1058 824 1112 inaudita
873 1059 1196 1114 austeritate
1243 1069 1352 1113 tres
1399 1074 1572 1112 annos
1622 1061 1798 1114 nudus
1841 1059 2034 1112 ctdis-

464 1148 737 1202 calceatus
769 1147 1066 1202 ambulavit
1103 1148 1171 1201 ⁸⁵.
1219 1148 1518 1204 Puerorum
1566 1147 1749 1213 etiam,
1792 1148 2034 1202 Danielis

463 1237 716 1291 videlicet
758 1237 984 1306 ejusque
1042 1240 1316 1293 sociorum
1366 1239 1446 1304 ⁸⁸,
1513 1241 1678 1294 vitam
1749 1239 2032 1294 considera

462 1347 626 1399 quam
658 1340 874 1385 austera
916 1330 1100 1396 fuerit,
1133 1333 1226 1402 qui
1268 1333 1335 1387 ab
1385 1333 1643 1390 animatis
1701 1333 2036 1388 abstinentes

465 1439 608 1492 aqua
662 1433 716 1478 et
755 1424 1119 1494 leguminibus
1172 1429 1558 1484 vescebantur.
1607 1427 1664 1482 Si
1725 1427 2034 1496 antiquiora

465 1515 816 1570 considerare
847 1526 1022 1585 potes,
1073 1517 1261 1572 evolve
1285 1519 1451 1574 vitam
1489 1519 1600 1574 Noe
1625 1519 1780 1589 cujus
1813 1519 2038 1588 prophe-

465 1607 552 1657 tiae
581 1619 731 1670 sunt;
767 1605 962 1673 lsaaci,
991 1611 1082 1678 qui
1137 1609 1246 1664 lilio
1291 1625 1395 1665 suo
1425 1611 1862 1665 benedictionem
1911 1624 2037 1676 pro-

463 1697 679 1764 phetice
708 1697 1057 1768 impertiit”;
1077 1697 1263 1756 Jacobi
1291 1702 1383 1772 qui
1412 1701 1693 1758 duodecim
1719 1701 1844 1755 liliis
1865 1701 2033 1756 dixit:

477 1785 657 1840 Venite
679 1797 732 1840 ut
761 1791 1067 1843 annuntiem
1100 1791 1241 1845 vobis
1272 1809 1390 1862 quae
1418 1793 1600 1862 futura
1624 1803 1743 1848 sunt
1775 1795 1828 1846 in
1855 1794 2036 1846 diebus

465 1879 759 1934 novissimis
785 1881 851 1932 ⁸⁷.
881 1881 943 1934 lli
972 1883 1109 1936 sicut
1135 1892 1187 1935 et
1220 1883 1308 1936 alii
1347 1884 1640 1950 innumeri,
1673 1885 1763 1954 qui
1797 1885 1886 1938 Dei
1924 1886 2039 1940 fue-

467 1971 912 2037 runtprOpbetm,
946 1974 1314 2040 praedixerunt
1367 1976 1530 2028 etiam
1573 1990 1692 2044 qua:
1749 1975 1816 2030 ad
1854 1975 2036 2030 Jestun

467 2060 823 2127 pertinerent.
854 2063 1119 2130 Quocirca
1163 2065 1318 2119 nihili
1371 2065 1601 2121 facimus
1659 2066 1890 2132 Pythiae,
1937 2069 2039 2120 Do-

469 2151 752 2216 donidum,
806 2154 994 2216 Clarii,
1061 2138 1516 2220 Branchidarum,
1566 2157 1848 2210 Ammonis
1906 2157 2040 2211 alio—

467 2255 698 2310 rumque
737 2253 1116 2297 sexcentorum
1166 2244 1256 2314 qui
1309 2257 1462 2298 vates
1513 2245 1683 2298 habiti
1723 2257 1868 2312 sunt,
1901 2263 2040 2317 pra:-

470 2331 758 2389 dictiones.
792 2331 921 2388 ideo
946 2345 1126 2389 autem
1164 2349 1284 2404 quae
1334 2335 1386 2388 in
1435 2333 1618 2389 Iudaea
1678 2340 2036 2406 praenuntiata

469 2412 979 2490 suntadmiramur,
1023 2427 1146 2496 quia
1192 2427 1436 2481 videmus
1487 2427 1702 2482 illorqu
1761 2431 2036 2484 hominum

468 2527 738 2580 severam,
758 2525 1122 2584 constantem,
1145 2517 1426 2576 honestam
1453 2519 1613 2572 vitam
1637 2519 1801 2574 fuisse
1824 2522 2038 2591 dignam

471 2603 654 2660 divino
713 2605 954 2674 Spiritu,
995 2608 1090 2676 qui
1141 2607 1402 2676 singulari
1463 2609 1673 2663 ratione
1723 2627 1823 2665 nec
1862 2613 2040 2668 simile

469 2693 764 2764 quidquam
797 2696 1030 2752 habente
1056 2685 1444 2754 daemoniorum
1471 2700 1931 2768 praedictionibus,
1951 2717 2039 2758 res

469 2785 680 2846 futuras
709 2787 1111 2858 praesigniﬁcat.

541 2967 596 3024 8.
647 2965 841 3024 Nescio
895 2981 1076 3026 autem
1137 2973 1408 3041 quomodo
1470 2973 1692 3039 Celsus,
1755 2985 2038 3044 postquam

469 3059 609 3114 dixit
637 3075 651 3111 :
679 3058 812 3124 Qua:
843 3076 962 3114 vero
999 3063 1056 3116 in
1097 3061 1292 3118 Iudaea
1330 3081 1477 3118 more
1507 3069 1679 3136 gentis
1713 3068 1855 3121 dicta
1893 3075 2040 3134 sunt,

469 3151 696 3217 addidit,
722 3163 814 3205 aut
841 3169 945 3206 non
972 3155 1114 3207 dicta
1133 3172 1152 3220 ;
1171 3157 1260 3211 ubi
1287 3166 1541 3226 tanquam
1568 3157 1890 3213 incredulus
1913 3159 2044 3212 dicit

473 3239 592 3294 ﬁeri
615 3243 852 3311 potuisse
871 3253 928 3298 ut
948 3245 1064 3300 haec
1086 3261 1190 3300 non
1218 3247 1360 3301 dicta
1385 3249 1514 3312 sint,
1532 3249 1628 3303 sed
1652 3250 1870 3318 scriptis
1897 3265 2044 3303 man-

473 3331 602 3392 data
633 3332 742 3387 sint
765 3348 885 3402 quae
911 3335 1060 3390 dicta
1089 3351 1198 3392 non
1236 3335 1467 3391 fuerint.
1503 3337 1770 3394 Nimirum
1816 3339 2044 3393 rationis

473 3429 782 3492 temporum
835 3426 1064 3497 ignarus
1127 3428 1354 3482 nescivit
1417 3430 1710 3498 prophetas
1769 3429 1890 3484 illos
1949 3430 2040 3498 qui

472 3513 678 3569 Christi
708 3515 1002 3571 adventum
1031 3519 1423 3586 praedixerunt,
1455 3521 1738 3574 innumera
1771 3520 1873 3574 alia
1911 3521 2044 3574 nmi-

475 3607 544 3660 tis
570 3617 860 3676 antequam
879 3610 1159 3665 evenirent
1191 3613 1348 3666 annis
1379 3613 1796 3683 praenuntiasse.
1829 3613 2042 3669 Rursus

475 3703 689 3754 veteres
711 3701 1003 3768 prophetas
1031 3701 1357 3758 calumniari
1395 3703 1583 3759 volens
1601 3705 1697 3768 ait,
1723 3705 1902 3758 eodem
1925 3705 2042 3758 illos

472 3786 630 3840 modo
684 3789 993 3855 praedixisse
1045 3807 1145 3861 quo
1188 3791 1354 3846 solent
1411 3794 1570 3848 etiaua
1601 3809 1741 3848 nunc
1771 3792 2043 3849 Phoenices

473 3887 524 3930 et
557 3875 852 3934 Palaestini.
889 3882 997 3938 Sed
1023 3898 1128 3938 non
1165 3883 1369 3939 indicat
1397 3892 1577 3938 utrum
1619 3886 1684 3940 de
1716 3885 2042 3956 quibusdam

475 3967 731 4036 loquatur
781 3973 870 4041 qui
914 3987 942 4026 a
1001 3972 1310 4030 Judaeorum
1347 3975 1897 4047 Christianorumque
1945 3978 2042 4032 do-

475 4059 648 4114 ctrina
675 4061 836 4117 alieni
862 4073 1006 4132 sunt,
1041 4080 1109 4120 an
1150 4067 1218 4120 de
1247 4068 1334 4133 iis,
1366 4082 1593 4138 quorum
1617 4067 1913 4139 prophetiae
1954 4083 2045 4124 eo-

475 4149 598 4204 dem
639 4159 806 4220 atque
834 4150 1188 4210 Judaicorum
1225 4158 1612 4226 prophetarum
1639 4158 1884 4226 oracula,
1913 4160 2044 4214 cha-

471 4251 688 4296 ractere
711 4243 1090 4314 insigniantur.
1125 4247 1232 4302 Sed
1265 4259 1541 4320 utcunque
1583 4265 1644 4305 se
1700 4251 1902 4306 habent
1925 4266 2044 4320 quae

2131 421 2226 474 καὶ
2259 421 2582 488 σπηλαίοις
2607 421 2708 474 καὶ
2737 420 2856 486 ταῖς
2897 419 3068 486 ὀπαῖς
3096 419 3206 487 τῆς
3232 417 3360 488 γῆς,
3383 411 3466 472 ὧν
3485 423 3580 474 οὐκ
3599 421 3662 490 ἦν

2103 535 2114 546 ~
2131 513 2296 578 ἄξιος
2319 512 2462 566 όὲπὶ
2492 511 2604 582 γῆς
2629 513 2863 580 κόσμος
2881 528 2893 540 ’
2929 512 3012 565 ἀεὶ
3040 511 3328 582 ἐνορῶντες
3355 509 3429 579 τῷ
3455 509 3558 580 Θεῷ
3585 513 3660 566 καὶ

2131 605 2242 668 τοῖς
2262 605 2511 674 ἁοράτοις
2531 603 2622 656 τοῦ
2641 603 2803 666 Θεοῦ,
2822 605 2913 655 καὶ
2941 603 3014 672 μὴ
3033 601 3380 672 βλεπομένοις
3411 599 3662 670 αἰσθητῶς,

2133 699 2223 750 καὶ
2253 695 2342 748 διὰ
2370 695 2528 748 τοῦτο
2555 690 2709 748 οὖσιν
2745 694 3001 756 αἰωνίοις.
3041 694 3098 746 '0
3121 693 3177 748 δὲ
3211 693 3322 763 βίος
3349 693 3556 746 ἑκάστου
3577 692 3663 747 τῶν

2137 787 2428 858 προφητῶν
2459 785 2904 857 ἀναγέγραπται’
2935 787 3094 855 ἀρκεῖ
3123 784 3180 836 δέ
3207 783 3300 836 ἐπὶ
3327 783 3418 836 τοῦ
3444 785 3664 856 παρόντος

2137 878 2478 950 παραθέσθαι
2512 879 2600 932 τὸν
2641 876 2926 940 Μωῢσέως
2961 876 3104 946 βίον·
3143 875 3236 928 καὶ
3279 875 3386 948 γὰρ
3415 875 3558 928 αὐτοῦ
3587 877 3664 944 φέ-

2139 988 2320 1042 ρονται
2344 971 2694 1050 προφητεῖαι,
2719 967 3207 1039 ἀναγεγραμμέναι
3234 969 3290 1020 ἐν
3312 968 3386 1038 τῷ
3409 967 3568 1036 νόμῳ·
3593 971 3664 1022 καὶ

2133 1062 2223 1114 τὸν
2255 1061 2538 1132 Ἰερεμίου,
2573 1057 2872 1130 φερόμενον
2903 1060 2958 1109 ἐν
2991 1061 3056 1127 τῇ
3089 1056 3362 1128 ὁμωνύμῳ
3387 1056 3536 1108 αὑτοῦ
3558 1074 3663 1128 προ-

2137 1156 2365 1224 φητεία·
2411 1154 2504 1205 καὶ
2547 1152 2635 1204 τὸν
2691 1151 2936 1212 Ἱλὶσαῖου,
2981 1150 3038 1213 ὃς
3085 1149 3352 1220 ἐπορεύθη
3387 1148 3666 1216 ὑπερτείνων

2136 1247 2314 1298 πᾶσαν
2339 1243 2568 1314 ἄσκησιν
2593 1243 2706 1312 (7‘2)
2739 1241 2939 1312 γυμνὸς
2969 1242 3060 1294 καὶ
3083 1240 3405 1302 ἁνυπόδετος
3430 1239 3558 1292 ἔτεσι
3582 1257 3652 1311 τρι

2139 1333 2240 1385 σίν.
2278 1333 2380 1386 Ἲδε
2411 1332 2467 1384 δὲ
2501 1334 2596 1386 καὶ
2629 1329 2951 1400 παιδαρίων,
2987 1329 3078 1382 τοῦ
3112 1327 3309 1400 Δανιὴλ
3341 1329 3432 1382 καὶ
3466 1329 3559 1380 τῶν
3593 1329 3668 1381 uir:

2137 1424 2304 1495 αὐτῷ,
2337 1424 2427 1478 τὸν
2454 1423 2770 1494 ἐρρωμένον
2798 1421 2930 1492 βίον,
2969 1421 3234 1487 ἀναγνοὺς
3263 1417 3360 1489 τὴν
3395 1418 3668 1486 ὑδροποσίαν

2138 1515 2335 1578 αὐτῶν,
2371 1515 2463 1567 καὶ
2492 1513 2572 1566 ὅτι
2607 1514 2638 1582 ή
2671 1511 2848 1583 τροφὴ
2878 1506 2945 1580 ἦν
2975 1509 3156 1571 αὐτοῖς
3181 1507 3425 1579 ὄσπριον,
3457 1506 3668 1578 ἐμψύχων

2137 1607 2515 1680 ἀπεχομένοις.
2551 1606 2614 1658 El
2654 1605 2715 1658 δὲ
2750 1603 2992 1666 δύνασαι,
3031 1600 3123 1654 καὶ
3157 1601 3225 1653 τὰ
3259 1601 3364 1670 πρὸ
3399 1599 3576 1652 τούτων
3603 1600 3672 1652 θέ-

2144 1717 2292 1763 ασαι,
2333 1698 2452 1750 Νῶε
2487 1695 2996 1768 προφητεύσαντος’
3033 1693 3127 1746 καὶ
3156 1691 3250 1745 τοῦ
3294 1691 3472 1745 Ἰσαὰκ
3503 1693 3568 1762 τῷ
3595 1693 3672 1762 υἱῷ

2145 1789 2505 1858 ἐπευξαμένου
2541 1786 2896 1858 προφητικῶς
2916 1801 2928 1814 ·
2967 1783 3060 1838 καὶ
3089 1783 3182 1835 τοῦ
3243 1783 3432 1836 Ἰακὼϐ
3467 1783 3669 1850 λέγοντος

2145 1883 2356 1951 ἑκάστῳ
2381 1880 2487 1934 τῶν
2515 1877 2744 1932 δώδεκα·
2779 1877 2974 1940 Δεῦτε,
3011 1878 3110 1930 ἵνα
3136 1875 3464 1944 dra-nasuta
3490 1873 3606 1941 ὑμῖν
3632 1873 3672 1924 τί

2143 1973 2312 2025 ἔσται
2343 1970 2436 2024 ἐπ’
2463 1968 2739 2040 ἐσχάτων
2776 1965 2896 2020 τῶν
2923 1965 3178 2035 ἡμερῶν.
3217 1957 3378 2016 Οὗτοι
3402 1963 3462 2033 δὴ
3492 1961 3572 2014 καὶ
3599 1962 3670 2014 ἆλ-

2143 2063 2224 2116 λοι
2275 2062 2476 2133 μυρίοι,
2530 2059 3010 2131 προφητεύσαντες
3059 2055 3136 2126 τῷ
3177 2053 3316 2125 Θεῷ,
3365 2053 3542 2106 καὶτὰ
3573 2051 3672 2120 περὶ

2159 2153 2330 2222 Ἰησοῦ
2363 2151 2456 2206 τοῦ
2503 2148 2740 2222 Χριστοῦ
2775 2151 3050 2220 προεῖπον.
3085 2146 3288 2218 Διόπερ
3323 2147 3378 2198 ἐν
3407 2143 3565 2197 οὐδενὶ

2145 2227 2401 2314 τιθέμεθα
2431 2242 2571 2312 λόγῳ
2613 2241 2680 2293 τι
2723 2239 2829 2291 ὑπὸ
2857 2239 2957 2308 τῆς
2992 2237 3214 2302 Πυθίας,
3249 2237 3284 2304 ἦ
3317 2233 3670 2303 Auamma

2145 2335 2405 2406 Κλαρίου,
2435 2333 2467 2404 ἢ
2495 2334 2550 2384 ἐν
2570 2330 2918 2404 Βραγχίδαις,
2947 2329 2978 2400 ἢ
3004 2332 3061 2382 ἐν
3097 2330 3410 2399 Ἄμμωνος,
3435 2325 3466 2397 ἢ
3491 2326 3580 2377 ὑπὸ
3599 2342 3672 2393 μυ-

2151 2427 2277 2498 ρίων
2311 2425 2482 2478 ἄλλων
2513 2421 2826 2492 λεγομένων
2859 2421 3178 2492 θεοπρόπιον
3223 2417 3596 2490 προειρημένα”
3625 2416 3674 2468 τὰ

2145 2519 2188 2572 δ’
2217 2517 2319 2572 ὑπὸ
2353 2515 2457 2568 τῶν
2484 2515 2594 2586 (75)
2621 2515 2677 2566 ἐν
2717 2513 2948 2584 Ἰουδαίᾳ
2975 2511 3462 2582 προφητευσάντων
3482 2508 3674 2578 τεθήπα-

2149 2629 2268 2681 μεν,
2302 2609 2556 2681 ὁρῶντες,
2597 2609 2676 2661 δτι
2712 2607 2862 2673 ἄξιος
2894 2601 2962 2676 ἦν
3002 2605 3180 2658 αὐτῶν
3213 2607 3241 2656 ὁ
3273 2603 3580 2674 ἐρρωμένος,
3602 2601 3675 2653 καὶ

2146 2703 2378 2765 εὔτονος,
2433 2701 2526 2754 καὶ
2575 2700 2772 2769 σεμνὸς
2823 2699 2955 2768 βίος,
2999 2695 3316 2766 Πνεύματος
3359 2695 3496 2746 θείου
3527 2691 3676 2764 τρόπῳ

2148 2791 2578 2864 προφητεύοντος
2619 2789 2730 2860 (74)
2779 2787 2968 2857 καινῷ,
3004 2788 3099 2840 καὶ
3143 2786 3296 2839 οὐδὲν
3343 2785 3510 2855 ἔχοντι
3537 2799 3678 2852 παρα-

2148 2886 2372 2956 πλήσιον
2401 2885 2517 2946 ταῖς
2539 2883 2644 2935 ἀπὸ
2664 2881 2934 2952 δαιμόνων
2967 2878 3268 2952 μαντείαις.

2219 2977 2331 3030 Οὐκ
2353 2971 2470 3028 οἶδα
2494 2974 2536 3028 δ’
2569 2975 2714 3035 ὅπως
2752 2975 2782 3026 ὁ
2803 2972 3032 3036 Κέλσος,
3067 2969 3260 3034 εἰπὼν,
3293 2968 3368 3023 Τὰ
3388 2969 3436 3022 δ’
3465 2965 3568 3023 ὑπὸ
3588 2963 3680 3018 τῶν

2143 3070 2212 3122 ἐν
2253 3067 2509 3133 Ἰουδαίᾳ
2536 3065 2615 3130 τῷ
2655 3065 2904 3118 ἐκείνων
2937 3065 3132 3130 τρόπῳ
3164 3062 3472 3132 λεχθέντα,
3513 3057 3676 3132 προσέ-

2145 3160 2330 3232 θηκεν,
2375 3157 2411 3227 ἢ
2447 3157 2534 3228 μὴ
2579 3155 2906 3224 λεχθένταο
2941 3155 3016 3218 ὡς
3053 3154 3279 3218 ἄπιστος
3313 3154 3523 3222 φάσκων
3549 3151 3676 3203 δύνα-

2147 3253 2270 3306 σθαι
2293 3235 2383 3306 και
2417 3249 2491 3321 μὴ
2522 3247 2771 3318 λελέχθαι
2797 3246 2964 3300 αὺτά’
2995 3245 3108 3299 ἀλλ’
3140 3242 3542 3316 ἀναγεγράφθαι
3566 3239 3678 3309 τάχα

2144 3344 2212 3398 τὰ
2247 3343 2320 3414 μὴ
2355 3341 2636 3412 λεχθέντα.
2670 3339 2746 3392 Οὐ
2775 3337 2883 3410 γὰρ
2918 3333 3024 3389 οἷδε
3070 3337 3196 3400 τοὺς
3231 3337 3468 3408 χρόνους,
3496 3333 3587 3388 οὐδ’
3614 3332 3677 3384 ὅτι

2147 3433 2253 3504 πρὸ
2279 3430 2486 3485 πολλῶν
2518 3428 2652 3482 ἐτῶν
2681 3427 2851 3502 μυρία
2879 3427 3235 3498 προειπόντες
3264 3427 3441 3495 ἔλεγον
3469 3425 3552 3479 καὶ
3579 3420 3678 3494 περὶ

2144 3526 2241 3595 τῆς
2275 3521 2508 3594 Χριστοῦ
2537 3521 2850 3591 ἐπιδημίας.
2888 3519 3056 3572 Πάλιν
3087 3537 3148 3571 τε
3179 3514 3270 3584 αὖ,
3307 3521 3430 3582 τοὺς
3463 3516 3677 3590 ἀρχαίους

2147 3616 2428 3686 προφήτας
2459 3611 2729 3666 διαϐαλεῖν
2752 3611 2968 3674 ἐθέλων,
3015 3611 3213 3680 φησιν,
3248 3611 3464 3680 αὐτοὺς
3501 3622 3678 3676 προπε-

2147 3705 2506 3777 μητευκέναι
2527 3703 2633 3758 τὸν
2655 3705 2878 3771 τρόπον
2902 3701 3138 3765 τοῦτον,
3163 3700 3238 3754 ὃν
3258 3700 3508 3764 εἰώθασι,
3531 3699 3674 3768 φησιν,

2147 3797 2234 3849 ἔτι
2261 3795 2377 3849 νῦν
2407 3798 2461 3848 οἱ
2487 3792 2618 3862 περὶ
2643 3792 2930 3859 Φοινίκην
2961 3807 3024 3844 τε
3053 3789 3150 3843 καὶ
3169 3790 3588 3856 Παλαιστίνην·
3619 3785 3678 3856 μὴ

2145 3887 2392 3958 δηλώσας
2427 3886 2650 3956 πότερον
2691 3881 3006 3950 ἀλλοτρίους
3047 3882 3200 3950 λέγει
3246 3883 3396 3944 τινας
3437 3879 3522 3934 τοῦ
3573 3880 3673 3931 Ἰον-

2147 3980 2310 4032 δαίων
2341 3979 2500 4045 λόγου
2538 3978 2630 4029 καὶ
2671 3976 3034 4047 Χριστιανῶν,
3075 3975 3109 4045 ἢ
3144 3975 3239 4034 καὶ
3271 3973 3409 4028 κατὰ
3435 3973 3517 4026 τὸν
3543 3986 3676 4042 χαρα-

2149 4075 2324 4144 κτῆρα
2384 4071 2492 4124 τῶν
2547 4069 2841 4143 προφητῶν
2912 4067 3218 4132 Ἰουδαϊκῶς
3270 4065 3673 4140 προφητεύοντες.

2151 4167 2336 4227 Ὅπως
2365 4163 2409 4215 δ’
2437 4162 2502 4216 ἂν
2537 4161 2636 4234 ἔχῃ
2658 4161 2694 4215 ἃ
2722 4160 2890 4230 λέγει,
2921 4161 3200 4230 ἐλέγχεται
3242 4158 3551 4228 ἐψευσμένα.
3570 4153 3677 4207 Οὔτε

2147 4257 2254 4327 γάρ
2288 4272 2428 4318 τινες
2465 4253 2571 4306 τῶν
2610 4254 2708 4323 τῆς
2747 4253 2984 4316 πίστεως
3017 4252 3312 4323 ἀλλοτρίων
3352 4245 3676 4322 παραπλήσιόν

473 4330 624 4398 dicit,
683 4336 946 4418 mendacii
1001 4339 1421 4410 redarguuutur.
1465 4340 1578 4400 Nec
1629 4342 1778 4397 enim
1827 4343 2039 4412 quidam

2151 4365 2202 4401 τι
2232 4350 2344 4409 τοῖς
2389 4346 2692 4418 προφήταις
2724 4347 3108 4416 πεποιήκασιν,
3159 4345 3283 4399 οὔτε
3333 4343 3566 4413 νεώτεροι
3605 4337 3678 4390 καὶ

475 4421 640 4478 alieni
665 4440 694 4478 a
731 4425 837 4482 ﬁde
866 4417 1046 4484 simile
1082 4433 1360 4500 quidpiam
1416 4434 1667 4489 fecerunt
1723 4434 2002 4504 prophetis
2028 4476 2044 4502 ,

473 4529 572 4570 nec
607 4515 698 4570 ulli
729 4523 1008 4588 prophetae
1044 4523 1206 4594 700
1232 4526 1372 4580 inter
1401 4525 1614 4581 Judaeos
1674 4537 2048 4582 memorantur

469 4606 704 4661 adventu
729 4605 854 4662 Jesu
875 4614 1225 4668 recentiores.
1249 4615 1476 4670 Constat
1493 4616 1635 4671 enim
1671 4616 1810 4682 illos,
1841 4631 1908 4671 ex
1935 4631 2044 4687 quo

473 4695 527 4752 in
563 4697 728 4752 Deum
759 4710 814 4754 et
853 4717 974 4756 eum
1006 4706 1098 4774 qui
1147 4707 1216 4762 ab
1259 4709 1498 4776 ipsorum
1531 4708 1812 4778 pr0pltetis
1847 4709 2043 4778 praedi-

474 4797 593 4840 ctus
644 4788 862 4859 fuerat,
939 4793 1105 4863 impie
1175 4807 1421 4866 egerunt,
1465 4799 1710 4852 desertos
1773 4813 1802 4852 a
1863 4797 2040 4867 Spiri-

475 4886 534 4931 tu
593 4889 786 4935 sancto
834 4881 1020 4938 fuisse.
1084 4887 1248 4958 Signa
1301 4899 1479 4944 autem
1559 4887 1798 4958 Spiritus
1871 4891 2044 4944 sancti

475 4970 802 5024 exstiterunt
857 4977 958 5030 sub
981 4976 1190 5034 initium
1242 4981 1644 5049 praedicationis
1695 4981 1843 5048 Jesu,
1891 4981 2044 5051 plura

475 5065 596 5122 post
617 5056 732 5125 ejus
759 5065 1205 5134 assumptionem,
1235 5079 1417 5136 postea
1445 5071 1730 5140 pauciOra.
1767 5070 1940 5142 Hujus
1963 5081 2044 5128 ta-

532 5176 579 5260 _"
603 5177 765 5260 Hgbr.
799 5199 877 5250 ιι,
907 5186 996 5254 57,
1027 5189 1116 5260 58.
1213 5191 1259 5224 ⁸³
1283 5190 1324 5246 il
1352 5191 1477 5248 Cor.
1501 5210 1576 5260 tv,
1609 5194 1696 5252 18.

472 5243 566 5300 27.
639 5249 684 5281 ⁸⁷
715 5243 1028 5322 (ἔθη.ἰι.ιᾶι,
1060 5243 1112 5313 1έ
1284 5243 1324 5246 ﬂ
1362 5243 1476 5248 ﬂ”
1614 5243 1636 5264 _'

526 5334 662 5423 ἐμῆ)
699 5339 864 5423 Cvodd.
917 5345 1239 5423 Basileensis
1275 5361 1328 5406 et
1359 5351 1673 5418 Vaticanus,
1705 5353 1846 5423 ὑπέρ
1885 5369 2047 5420 τινων

474 5405 658 5530 23:3:
722 5409 980 5480 ἄσκησιν,
1049 5433 1170 5488 qua:
1227 5405 1386 5478 lectio
1412 5405 1434 5406 ν
1457 5405 1681 5480 minime
1717 5405 1831 5478 esi
1891 5405 2047 5493 sper;

525 5545 667 5630 J75)
711 5546 876 5630 δίεπ’,
907 5551 974 5605 τὰ
1018 5555 1062 5606 δ’
1103 5558 1376 5630 ὑλιὺλτῶν.
1427 5559 1708 5630 Spencer.,
1749 5563 1816 5616 τὰ
1862 5563 1906 5615 δ’
1945 5565 2052 5617 ἀπὸ

483 5618 609 5680 τῶν,
651 5618 743 5671 sed
784 5619 972 5686 opinor
1005 5618 1182 5680 veram
1215 5618 1498 5686 lectionem
1539 5618 1726 5700 fuisse,
1754 5633 1828 5687 τὰ
1861 5633 1906 5687 δ’
1948 5635 2053 5704 ὑπὸ

1811 5195 1856 5227 ⁸⁸
1879 5195 1982 5250 lsa.
2010 5211 2104 5263 xx,
2131 5197 2186 5251 5.

2157 4437 2292 4507 μετὰ
2319 4435 2415 4504 τὴν
2457 4431 2630 4505 Ἰησοῦ
2669 4433 2963 4504 ἐπιδημίαν
3010 4435 3320 4506 ἱστόρηνται
3361 4435 3416 4486 ὲν
3455 4425 3678 4487 Ἰουδαίοις

2151 4527 2292 4589 τινὲς
2316 4525 2813 4598 προφητεύσαντες.
2847 4525 2920 4578 Τὸ
2951 4526 3057 4596 γὰρ
3088 4525 3241 4594 ἅγιον
3273 4523 3488 4596 Πνεῦμα
3509 4519 3677 4591 ὡμολό-

2153 4635 2314 4688 γηται
2347 4616 2589 4679 ἐκείνους
2620 4616 3088 4680 καταλελοιπέναι,
3126 4616 3490 4688 ἀσεϐήσαντας
3518 4615 3586 4676 είς
3609 4609 3676 4662 τὸν

2151 4711 2302 4775 θεὸν,
2335 4707 2426 4762 καὶ
2471 4709 2563 4764 τδν
2609 4709 3056 4780 προφητευθέντα
3097 4710 3201 4762 ὑπὸ
3238 4709 3346 4762 τῶν
3384 4707 3506 4778 παρ’
3535 4704 3677 4762 αὐτοῖς

2155 4800 2469 4873 προφητῶν.
2503 4801 2712 4872 Σημεῖα
2742 4799 2800 4854 δὲ
2832 4801 2923 4856 τοῦ
2958 4801 3114 4870 ἁγίου
3143 4799 3454 4872 Πνεύματος
3482 4797 3583 4852 κατ’
3603 4795 3676 4864 ἀρ-

2153 4892 2252 4962 χὰς
2282 4891 2380 4962 μὲν
2410 4891 2512 4962 τῆς
2556 4889 2731 4960 Ἰησοῦ
2763 4889 3132 4954 διδασκαλίας,
3165 4889 3303 4960 μετὰ
3325 4889 3380 4942 δέ
3408 4887 3499 4958 τὴν
3520 4883 3676 4952 ἀνάλη-

2151 4983 2242 5052 ψιν
2280 4981 2442 5036 αὐτοῦ
2477 4979 2696 5034 πλείονα
2735 4980 3025 5045 ἐδείκνυτο,
3071 4981 3295 5053 ὕστερον
3335 4979 3388 5034 δὲ
3427 4979 3671 5032 ἐλάττονα·

2152 5073 2290 5144 πλὴν
2322 5073 2416 5128 καὶ
2450 5071 2545 5126 νῦν
2575 5070 2655 5124 ἔτι
2679 5069 2798 5142 ἴχνη
2839 5072 2988 5126 ἐστὶν
3021 5072 3186 5126 αὑτοῦ
3219 5075 3347 5144 παρ’
3377 5070 3575 5139 ὀλίγοις,
3601 5065 3672 5124 τὰς
3768 5067 3774 5076 ’

2269 5195 2314 5227 ⁸⁸
2343 5195 2478 5250 Dan.
2515 5209 2554 5260 ι,
2594 5192 2680 5246 16.
2757 5191 2802 5222 ⁸⁸
2837 5190 2974 5248 Gen.
3003 5208 3078 5260 ιι,
3113 5191 3205 5260 25,
3237 5191 3328 5259 26,
3350 5191 3435 5258 27,
3459 5199 3508 5246 el
3536 5198 3668 5246 χχιιι,

2141 5352 2250 5406 τῶν
2281 5353 2351 5424 ξέν
2406 5353 2644 5425 Ἰουδαία
2701 5349 3206 5425 προφητευσάντων
3241 5349 3508 5425 ,λεχθέντω
3543 5341 3668 5425 τεεθῆ·

2145 5420 2362 5506 παμεν,
2415 5435 2474 5477 ιιι
2528 5420 2940 5492 conjicei'eest
3001 5435 3068 5475 ex
3133 5420 3290 5476 initio
3365 5420 3554 5474 numeri
3597 5427 3668 5466 se-

2149 5504 2713 5629 quf‘in-iljsllmschelius
2744 5567 2794 5636 in
2836 5571 3004 5628 textu,
3037 5561 3514 5636 προφητεύσαντος,
3539 5552 3664 5612 cliti

2151 5635 2320 5701 codex
2353 5635 2685 5705 Anglicanus
2713 5634 2945 5706 primus.
