3846 6406
518 329 656 385 M35

2017 323 2345 382 ORIGENIS‘

3639 329 3735 384 1436

514 450 1105 520 admonitionibnsque,
1157 451 1258 505 sed
1297 449 1462 504 etiam
1516 463 1582 504 ex
1635 446 2100 518 praedictionibus,

2212 447 2371 517 μόνον
2415 445 2523 499 ἀπὸ
2567 444 2674 499 τῶν
2722 443 3158 516 ἐπιπληκτικῶν,
3193 444 3288 499 καὶ
3338 446 3733 519 ὲπιστρεπτικιῖιν,

515 559 654 615 quas
684 551 907 599 eventus
936 542 1166 597 docebat
1193 556 1223 595 a
1255 540 1442 596 divino
1469 539 1676 609 Spiritu
1707 539 1876 594 fuisse
1899 539 2092 600 editas.

516 633 854 688 contormem
893 632 984 686 tali
1024 632 1288 687 doctrina:
1338 631 1599 702 pietatem
1647 639 1986 694 exercerent,
2022 629 2099 682 le-

516 726 676 795 gique
706 731 760 778 et
796 723 1078 792 prophetis
1116 724 1580 791 obtemperarent.
1630 721 1809 790 Atque
1845 721 1986 775 hanc
2027 719 2096 773 nl)

514 831 760 880 causam,
792 830 1128 885 qiuecunque
1157 814 1503 868 audientibus
1545 813 1866 868 ad-mnrum
1910 826 2101 866 emen-

515 909 788 963 dationem
815 907 943 962 utile
975 917 1096 962 erat
1137 908 1311 976 primo
1349 917 1574 976 aspectu
1599 905 1854 976 intelligi,
1878 919 1941 960 ea
1971 920 2098 976 pro-

513 999 691 1068 phetm
719 999 876 1066 juxta
915 997 1006 1052 Dei
1033 997 1369 1052 voluntatem
1407 997 1550 1051 nulla
1585 999 1924 1052 obscuritate
1971 1010 2099 1066 pro-

514 1089 786 1154 tuli-runt;
829 1104 891 1143 ea
931 1103 1061 1144 vero
1102 1092 1479 1160 aenigmatum,
1533 1089 1944 1159 allegoriarnm,
2004 1088 2101 1142 ob-

513 1194 804 1234 scurarum
839 1179 1198 1247 locutionum,
1231 1179 1638 1250 parabolarum,
1659 1190 1752 1234 aut
1779 1177 2100 1248 proverbio-

513 1284 634 1322 rum
672 1268 966 1325 involucris
1000 1279 1281 1334 texerunt,
1304 1285 1423 1340 quze
1455 1275 1710 1325 arcanius
1735 1270 1866 1339 quid
1896 1279 1950 1325 et
1971 1283 2096 1339 pro-

512 1357 738 1413 fundius
758 1361 1340 1430 haberentsensusque
1362 1362 1594 1417 latentes
1622 1364 1688 1415 ad
1716 1361 1856 1431 vulgi
1883 1372 2097 1430 captum

514 1465 620 1504 non
653 1459 1042 1520 attemperatos
1091 1470 1106 1508 :
1151 1455 1333 1523 utqui
1377 1453 1622 1508 laborem
1680 1469 1784 1508 non
1845 1453 2101 1524 fugitant,

513 1542 610 1595 sed
641 1543 862 1599 virtutis
907 1545 1270 1616 veritatisque
1316 1548 1499 1602 studio
1543 1547 1727 1600 omnia
1782 1547 2100 1610 sustinent,

515 1635 747 1687 scrutati
776 1635 1107 1702 invenirent,
1137 1647 1190 1691 et
1214 1647 1502 1706 postquam
1539 1637 1901 1701 invenissent,
1925 1646 2103 1689 trans-

513 1725 795 1780 ferrentin
825 1743 980 1780 usum
1016 1744 1178 1798 quem
1212 1731 1352 1784 ratio
1377 1729 1782 1798 pra-scriberet.
1815 1729 1923 1782 Sed
1959 1737 2103 1782 stre-

2204 535 2341 590 άλλά
2370 536 2464 590 καὶ
2490 537 2596 590 ἀπὸ
2627 534 2737 588 τῶν
2769 534 3214 606 προγνωστικῶν,
3245 536 3363 597 ταῖς
3392 534 3629 587 ἐκεάσεσι
3654 554 3734 590 πει-

2205 627 2421 698 θόμενοι
2455 627 2584 698 περί
2615 625 2707 680 τοῦ
2740 625 2884 680 θεῖον
2919 621 3060 679 εἶναι
3091 625 3319 696 Πνεῦμα
3349 624 3410 678 τὸ
3442 627 3736 698 προειρηκὸς,

2202 718 2300 790 τὴν
2340 717 2482 772 κατά
2521 717 2610 771 τὸν
2651 716 2812 786 λόγον
2858 715 3141 770 εὐσέϐειαν
3181 716 3481 780 ἀσκοῦντες
3511 717 3737 772 διατελῶσι

2205 809 2518 881 πειθόμενοι
2548 809 2624 880 τῷ
2657 809 2814 880 νόμῳ
2846 808 2942 862 καὶ
2973 810 3086 871 τοῖς
3115 809 3445 878 προφήταις.
3480 808 3540 861 Ol
3571 808 3650 878 μὲν
3671 805 3736 863 οὖν

2205 901 2482 973 προφῆται
2530 900 2629 952 ὅσα
2674 895 2745 971 ἦν
2794 896 3020 950 αὐτόθεν
3069 895 3330 966 νοηθῆναι
3382 900 3493 960 τοῖς
3535 897 3737 950 ἀκούοντι

2206 995 2474 1064 χρήσιμα,
2500 993 2596 1044 καὶ
2620 989 3041 1062 συμϐαλλόμενοι
3072 993 3136 1060 τῇ
3169 990 3279 1041 τῶν
3305 987 3452 1057 ἠθῶν
3487 989 3734 1058 ἐπανορθώ-

2208 1101 2311 1147 σει,
2346 1083 2514 1154 χωρὶς
2548 1081 2728 1151 πάσης
2762 1081 3134 1152 ἐπικρύψεως,
3166 1080 3308 1132 κατά
3333 1079 3393 1131 τὸ
3425 1079 3645 1150 βούλημα
3668 1080 3735 1133 τοῦ

2206 1174 2364 1242 Θεοῦ,
2395 1176 2674 1246 εἰρήκασιν
2691 1191 2704 1203 ο
2732 1174 2834 1226 ὅσα
2859 1173 2916 1226 δὲ
2940 1171 3324 1243 μυστικώτερα
3344 1167 3433 1242 ἦν,
3460 1170 3550 1223 καὶ
3571 1171 3733 1224 ἐποπτι-

2207 1269 2444 1341 κὼτερα,
2493 1266 2586 1320 καὶ
2618 1265 2856 1336 ἐχόμενα
2890 1265 3122 1336 θεωρίας
3156 1265 3256 1335 τῆς
3285 1264 3428 1334 ὑπὲρ
3466 1261 3556 1334 τὴν
3584 1263 3735 1331 πάνδη-

2211 1379 2308 1432 μον
2355 1361 2546 1431 ἀκοὴν,
2590 1359 2767 1412 ταῦτα
2805 1359 2872 1412 δι’
2925 1357 3262 1427 αἰνιγμάτων
3299 1357 3394 1408 καὶ
3435 1354 3735 1425 ἀλληγοριὼν,

2210 1454 2303 1507 καὶ
2337 1453 2443 1506 τῶν
2474 1451 2826 1523 καλουμένων
2857 1449 3146 1504 σκοτεινῶν
3180 1449 3380 1517 λόγων,
3415 1449 3504 1501 καὶ
3541 1448 3633 1499 τῶν
3651 1448 3738 1499 όνο-

2213 1545 2532 1616 μαζομένων
2578 1543 2907 1614 παραϐολῶν
2959 1542 2991 1613 ἢ
3031 1540 3378 1612 παροιμιῶν,
3416 1541 3734 1609 ἀπεφήναντο·

2210 1639 2275 1692 ἵν’
2308 1639 2356 1691 οἰ
2380 1637 2454 1709 μὴ
2477 1635 2927 1706 φυγοπονοῦντες,
2954 1634 3089 1687 ἀλλά
3113 1632 3290 1686 πάντα
3317 1632 3475 1685 πόνον
3499 1630 3620 1700 ὑπὲρ
3640 1631 3734 1700 ἀρε-

2210 1733 2308 1802 τῆς
2335 1733 2430 1786 καὶ
2460 1729 2715 1801 ἀληθείας
2741 1727 3144 1798 ἀναδεχόμεναι,
3172 1725 3542 1791 ἐξετάσαντες,
3562 1721 3732 1792 εὕρωσι,

514 1832 657 1873 nuus
681 1818 772 1873 ille
803 1819 994 1874 Celsus
1019 1820 1176 1890 quasi
1209 1823 1564 1877 stomachans
1586 1824 1730 1890 quod
1756 1821 1847 1875 illa
1867 1821 2101 1890 prophe-

2212 1827 2297 1878 καὶ
2331 1823 2608 1896 εὑρόντες,
2643 1823 2721 1886 ὡς
2755 1820 2911 1889 λόγος
2941 1820 3110 1890 αἱρεῖ,
3149 1817 3588 1888 οἱκονομήσωσιν.
3629 1814 3672 1866 '0
3695 1813 3734 1865 δὲ

516 1917 697 1964 tarum
752 1927 914 1968 sensa
962 1927 1069 1966 non
1116 1913 1476 1978 intellexerit,
1532 1917 1584 1970 in
1634 1915 1722 1970 illa
1766 1915 2098 1970 invehitur:

518 2001 859 2069 Magni/Scis,
917 2003 1132 2073 inquit,
1195 2005 1502 2076 hujusmodi
1563 2007 1837 2076 promissis
1895 2009 2102 2060 addunt

514 2089 716 2159 ignota,
751 2091 1014 2160 fanatica,
1042 2112 1260 2164 prorsus
1288 2097 1640 2164 tenebricoso,
1665 2113 1691 2150 e
1719 2097 1909 2167 quibus
1940 2115 2001 2151 ne
2022 2115 2104 2151 sa-

514 2182 660 2248 piens
686 2185 896 2250 quidem
925 2202 1109 2242 eruere
1130 2205 1337 2242 sensum
1357 2197 1548 2257 potest,
1575 2191 1706 2242 adeo
1735 2191 1956 2243 obscura
1979 2201 2102 2244 sunt

515 2280 568 2329 et
600 2275 797 2331 nutlius
824 2281 1117 2334 sententiw.
1157 2279 1221 2332 At
1247 2281 1461 2348 stupido
1493 2282 1683 2351 cuique
1709 2293 1798 2336 aut
1826 2283 2100 2350 impostori

515 2364 690 2420 locum
722 2368 851 2422 dant
891 2369 985 2423 illa
1031 2372 1101 2424 ad
1135 2387 1502 2442 quamcunque
1548 2390 1657 2427 rem
1692 2391 1787 2443 pro
1818 2375 1970 2429 libitu
2001 2393 2091 2429 ac-

515 2461 912 2516 commodandi.
930 2462 1062 2528 Quae
1082 2464 1302 2532 quidem
1325 2466 1457 2520 mihi
1483 2467 1692 2520 videtur
1710 2467 1858 2522 vafre
1873 2468 2098 2534 dixisse,

514 2559 595 2615 ut,
631 2561 894 2621 quantum
934 2555 986 2608 in
1018 2571 1077 2610 se
1111 2566 1218 2621 est,
1261 2557 1496 2612 lectores
1538 2574 1566 2611 a
1609 2562 2006 2628 perscrutando
2045 2573 2100 2615 et

515 2644 945 2712 introspiciendo
979 2649 1389 2718 prOphetiarum
1430 2649 1712 2704 intellectu
1762 2662 2042 2706 revocaret
2081 2669 2096 2706 :

515 2732 711 2792 hacin
765 2751 824 2791 re
868 2738 1064 2794 similis
1101 2739 1230 2806 illis,
1285 2741 1378 2810 qui
1415 2742 1482 2798 de
1537 2743 1774 2812 quodam
1832 2745 2097 2815 propheta

515 2827 658 2894 apud
706 2829 1002 2896 quemdam
1062 2830 1312 2900 ingresso
1361 2843 1418 2887 et
1473 2849 1560 2888 res
1597 2833 1810 2889 futuras
1842 2851 2100 2904 praenun-

514 2917 687 2973 tiante
711 2919 964 2974 dicebant
1002 2941 1013 2976 :
1051 2921 1190 2986 Quid
1221 2924 1355 2976 venit
1386 2923 1608 2978 insanus
1637 2927 1736 2978 iste
1761 2926 1830 2978 ad
1863 2935 1912 2980 te
1940 2926 2026 2979 ⁸⁵³³3

2209 1915 2470 1985 γεννάδας
2510 1913 2736 1978 Κέλσος,
2782 1913 3026 1983 ὡσπερεὶ
3059 1908 3334 1980 θυμωθεὶς
3368 1908 3460 1960 ἐπὶ
3487 1905 3558 1976 τῷ
3588 1905 3648 1975 μὴ
3676 1921 3736 1957 ve-

2209 2030 2464 2098 νοηκέναι
2495 2025 2620 2091 τοὺς
2655 2026 2766 2080 τῶν
2801 2025 3096 2097 προφητῶν
3132 2022 3245 2092 (82)
3277 2022 3546 2084 τοιούτους
3573 2019 3732 2088 λόγους,

2213 2114 2553 2187 ἐλοιδόρησεν
2586 2115 2806 2177 αὐτοὺς,
2840 2111 3028 2175 εἰπὼν,
3066 2113 3147 2164 ὅτι
3184 2109 3376 2163 Ταῦτα
3411 2109 3733 2164 ἐπανατεινό-

2204 2222 2375 2272 μενοι
2405 2203 2838 2272 προστιθέασιν
2864 2201 3088 2272 ἐφεξῆς
3125 2200 3428 2270 ἄγνωστα,
3463 2200 3550 2253 καί
3583 2197 3731 2266 πάροι·

2206 2310 2378 2360 στρα,
2415 2293 2512 2345 καὶ
2546 2292 2744 2358 πάντη
2771 2291 2988 2358 ἄδηλα,
3012 2285 3100 2342 ὧν
3126 2290 3191 2343 τὸ
3219 2290 3340 2358 μὲν
3364 2287 3636 2358 γνώρισμα
3655 2286 3728 2353 (85)

2204 2382 2408 2448 οὐδεὶς
2443 2382 2518 2435 ἂν
2552 2383 2702 2436 νοῦν
2731 2383 2892 2451 ἔχων
2921 2382 3122 2449 εὑρεῖν
3147 2381 3412 2442 δύναιτο,
3440 2377 3624 2447 ἀσαφῆ
3656 2376 3729 2445 γὰρ

2203 2473 2299 2525 καὶ
2331 2471 2396 2525 τό
2421 2471 2613 2540 μηδὲν
2633 2488 2644 2501 ·
2675 2470 2914 2538 ἀνοήτῳ
2937 2470 3004 2522 δὲ
3030 2470 3066 2538 ἣ
3094 2470 3258 2538 γόητι
3291 2468 3468 2521 παντὶ
3495 2467 3731 2534 περίπατ-

2203 2565 2305 2629 τ“ς
2334 2563 2614 2632 ἀφορμὴν
2641 2561 2966 2614 ἐνδίδωσιν
2990 2561 3107 2629 ὅπη
3131 2563 3426 2625 βούλεται
3473 2559 3533 2612 τὸ
3567 2555 3731 2626 λεχθὲν

2203 2652 2666 2721 σφετερίζεσθαι.
2700 2652 2814 2704 Καὶ
2837 2649 3155 2720 πανούργως
3186 2667 3277 2719 μοι
3297 2649 3442 2715 ἔδοξε
3464 2647 3597 2701 ταῦτ’
3619 2649 3729 2715 εἰρη-

2208 2743 2382 2806 κέναι,
2413 2741 2662 2804 κωλύειν,
2698 2743 2760 2794 τὸ
2793 2743 2916 2795 ὅσον
2959 2743 3044 2811 ἐφ’
3076 2740 3272 2811 ἑαυτῷ,
3321 2740 3615 2812 βουλόμενος
3645 2740 3730 2798 τοὺς

2209 2833 2630 2904 ἐντυγχάνοντας
2668 2837 2790 2896 ταῖς
2823 2833 3182 2904 προφητείαις
3216 2832 3521 2902 βασανίζειν
3550 2830 3628 2882 καί
3648 2828 3730 2891 i55-

2207 2927 2392 2990 τάξειν
2418 2925 2594 2979 αὐτῶν
2620 2926 2712 2978 τὸν
2739 2925 2864 2979 νοῦν
2883 2943 2896 2956 ο
2941 2927 3034 2979 καί⁹
3061 2925 3298 2978 πέπονθέ
3329 2943 3380 2978 τι
3418 2925 3624 2996 πρᾶγμα
3659 2937 3729 2970 πε-

518 3012 814 3086 ραπλήσιον
845 3017 957 3080 τοῖς
997 3017 1214 3070 εἰποῦσι
1246 3019 1372 3089 περί
1405 3036 1550 3084 τινος
1591 3022 1894 3092 προφήτου,
1925 3020 2256 3085 εἰσελθόντος
2291 3021 2426 3093 πρός
2472 3038 2595 3074 τινα
2641 3022 2737 3074 καὶ
2782 3021 2853 3097 τά
2911 3021 3172 3093 μέλλοντα
3204 3019 3570 3092 ¹προειπόντος
3591 3015 3728 3085 αὐτῷ·

521 3111 584 3164 Τί
605 3110 895 3179 εἰσῆλθεν
925 3115 959 3167 ό
983 3112 1316 3182 ἐπίληπτος
1336 3109 1514 3180 οὗτος
1535 3113 1686 3182 πρὸς
1707 3115 1818 3178 (re;

585 3203 675 3258 11.
705 3203 971 3274 Equidem
1005 3204 1164 3261 facile
1191 3207 1518 3262 crediderim
1548 3208 1914 3274 sapientiora,
1941 3223 2102 3280 quam

2278 3208 2439 3272 Εἰκὸς
2485 3211 2581 3280 μὲν
2617 3205 2710 3262 οὖν
2749 3205 2888 3263 εἶναι
2919 3208 3132 3280 λόγους,
3163 3207 3343 3278 πολλῷ
3385 3207 3482 3278 τῆς
3517 3202 3730 3277 ἡμετέρας

519 3309 640 3365 qua:
683 3297 865 3352 dicere
917 3313 1237 3368 possumus,
1287 3298 1471 3354 afferri
1525 3314 1715 3372 posse,
1761 3301 1964 3369 quibus
2011 3301 2107 3354 dc-

520 3395 856 3442 monstretur
889 3389 942 3442 in
997 3389 1084 3444 his
1113 3390 1400 3444 mentitum
1453 3405 1577 3444 esse
1616 3389 1855 3454 Celsum,
1889 3401 1945 3445 et
1975 3407 2106 3464 pro-

519 3476 736 3546 phetias
795 3479 1056 3534 divinitus
1118 3481 1418 3554 inspiratas
1485 3480 1672 3536 fuisse.
1738 3480 1848 3536 Nos
1903 3492 2108 3548 tamen,

522 3571 702 3637 quoad
745 3585 839 3639 per
873 3571 1188 3626 tenuitatem
1220 3583 1462 3627 nostram
1517 3573 1691 3638 licuit,
1756 3575 1808 3628 id
1854 3574 2106 3630 fecimus.

523 3660 663 3715 Nam
693 3663 746 3716 in
783 3665 988 3718 nostris
1015 3663 1067 3717 in
1099 3664 1324 3730 Isaiam,
1377 3665 1724 3722 Ezechielem
1757 3675 1810 3720 et
1839 3670 2107 3738 quosdam

524 3766 556 3807 e
584 3752 871 3808 duodecim
903 3757 1340 3823 commentariis,
1376 3759 1725 3827 exposuimus
1759 3759 1824 3814 ad
1879 3761 2107 3814 verbum

524 3857 589 3898 ea
621 3859 741 3912 qua:
769 3843 958 3900 Celsus
984 3845 1217 3900 fanatica
1249 3857 1407 3902 vocat
1439 3861 1494 3902 et
1518 3848 1946 3904 inextricabilia.
1971 3849 2108 3904 Cum

526 3943 709 3992 autem
745 3935 886 3991 Deus
921 3937 1077 4006 mihi,
1105 3945 1314 3993 statuto
1346 3939 1451 3992 sibi
1489 3947 1757 4007 tempore,
1791 3941 2108 4008 ampliorem

527 4027 612 4082 sui
656 4028 806 4083 verbi
855 4029 1067 4086 dederit
1110 4031 1560 4103 intelligentiam,
1614 4033 1812 4086 addam
1863 4034 1945 4089 vel
1990 4049 2112 4105 quae

525 4119 766 4189 Vulgatis
818 4121 1036 4186 desunt,
1066 4123 1150 4176 vel
1176 4137 1518 4192 quaecunque
1558 4133 1748 4192 potero
1811 4124 2106 4180 illustrare.

528 4211 639 4267 Sed
666 4224 722 4267 et
747 4213 840 4268 alii
872 4213 1194 4284 prudentes,
1219 4217 1266 4272 si
1300 4217 1535 4271 scrutari
1565 4217 1879 4282 Scripturas
1918 4217 2109 4282 velint,

527 4322 718 4362 earum
752 4307 1088 4363 intellectum
1119 4309 1334 4378 assequi
1370 4319 1647 4377 poterunt.
1684 4309 1946 4381 Equidem
1981 4310 2114 4363 ntul-

528 4399 600 4458 tis
624 4399 678 4453 in
705 4399 840 4455 locis
874 4415 1068 4455 revera
1118 4401 1368 4456 obscura:
1415 4411 1566 4464 sunt,
1607 4401 1704 4456 sed
1741 4417 1844 4456 non
1905 4403 2112 4471 absque

528 4491 640 4546 ullo
661 4507 847 4557 sensu,
878 4501 936 4546 ut
968 4492 1042 4546 ait
1068 4492 1278 4550 Celsus.
1311 4492 1497 4562 Neque
1528 4494 1690 4548 etiam
1724 4493 1972 4562 stupidus
2018 4502 2113 4546 aut

2210 3299 2376 3367 ἕξεως
2441 3303 2819 3373 σοφωτέρους,
2867 3304 2993 3367 τοὺς
3043 3302 3377 3372 δυναμένους
3422 3295 3728 3353 ἀποδεικνύναι

2209 3394 2538 3467 ψευδόμενον
2573 3398 2630 3448 ὲν
2669 3397 2880 3460 τούτοις
2917 3397 3008 3449 τὸν
3051 3396 3287 3459 Κέλσον,
3328 3395 3420 3449 καὶ
3461 3392 3644 3452 ἐνθέους
3665 3387 3728 3448 τὰς

2213 3487 2550 3558 προφητείας
2571 3503 2584 3516 ⁸
2616 3487 2756 3558 πλὴν
2791 3488 2885 3540 καὶ
2919 3488 3101 3558 ἡμεῖς,
3132 3486 3274 3540 κατὰ
3297 3487 3360 3539 τὸ
3396 3484 3597 3538 δυνατὸν
3617 3479 3727 3550 ἡμῖν.

2213 3580 2613 3652 πεποιήκαμεν,
2657 3578 2748 3642 τὰ,
2789 3579 2864 3642 ῶς
2896 3596 3028 3650 φησι
3073 3579 3302 3643 Κέλσος,
3343 3580 3635 3650 πάροιστρα,
3665 3572 3731 3622 καὶ

2214 3670 2390 3740 πάντη
2436 3668 2624 3741 ἄδηλα,
2652 3670 2791 3740 πρὸς
2817 3669 2960 3734 λέξιν
2992 3669 3386 3742 διηγησάμενοι
3423 3670 3477 3720 ὲν
3507 3669 3601 3727 τοῖς
3631 3678 3733 3731 πρα-

2211 3762 2599 3834 γματευθεῖσιν
2637 3764 2770 3834 ἡμῖν
2798 3765 2878 3826 είς
2916 3763 3006 3816 τὸν
3045 3764 3295 3827 Ἡσαΐαν,
3323 3762 3415 3814 καὶ
3449 3762 3520 3824 εἰς
3549 3759 3626 3810 τον
3663 3755 3733 3806 Ἰε-

2214 3855 2424 3927 ζεκιὴλ,
2468 3857 2562 3910 καὶ
2596 3857 2675 3920 είς
2717 3873 2869 3922 τινας
2900 3855 3006 3910 τῶν
3034 3855 3266 3911 δώδεκα.
3305 3853 3438 3908 Θεοῦ
3472 3852 3522 3905 δὲ
3555 3849 3732 3907 διδόντος

2214 3950 2310 4020 τὴν
2353 3950 2410 4001 ἐν
2443 3948 2519 4020 τῷ
2545 3947 2685 4018 λόγῳ
2733 3949 2900 4002 αὑτοῦ
2939 3948 3240 4021 προκοπὴν,
3273 3947 3392 4002 καθ’
3417 3945 3503 4010 οὒς
3540 3942 3733 4018 βούλεται

2215 4040 2440 4112 χρόνους
2459 4079 2473 4103 ,
2504 4039 2934 4111 προστεθήσεται
2960 4042 3074 4103 τοῖς
3102 4040 3200 4111 ἤδη
3238 4037 3644 4109 ὑπαγορευθεῐσιν
3671 4035 3735 4091 εις

2214 4133 2388 4186 ταῦτα
2410 4134 2526 4204 ἦτοι
2546 4133 2612 4185 τὰ
2639 4132 2915 4196 λείποντα,
2943 4132 2976 4204 ἦ
3009 4133 3107 4186 ὅσα
3136 4134 3186 4201 γ’
3216 4132 3281 4186 ἂν
3310 4133 3577 4203 φθάσωμεν
3601 4139 3736 4191 σαφε-

2215 4226 2381 4279 νίσαι.
2410 4227 2520 4278 Καὶ
2543 4225 2690 4279 άλλοι
2716 4225 2794 4290 δὲ,
2824 4228 2873 4280 οἱ
2903 4225 3216 4296 βουλόμενοι
3241 4225 3502 4292 ἐξετάζειν
3524 4221 3604 4291 τὴν
3627 4219 3735 4286 [‘91-

2215 4319 2343 4390 φὴν,
2369 4317 2494 4370 νοῦν
2518 4317 2731 4388 ἔχοντες
2767 4318 2829 4370 τὸ
2853 4318 3047 4389 γνῶμα
3083 4318 3194 4390 (84)
3222 4319 3387 4389 αὐτῆς
3413 4315 3570 4386 εὑρεῖν
3591 4311 3641 4364 ἂν
3659 4307 3734 4359 δύο

2215 4425 2411 4461 ναιντοο
2439 4407 2603 4479 οὔσης
2627 4408 2898 4479 πολλαχοῦ
2925 4408 3139 4480 άληθῶς
3166 4409 3406 4478 ἀσαφοῦς
3433 4408 3534 4482 μὲν,
3559 4403 3607 4455 οὐ
3630 4399 3733 4470 μὴν.

2215 4496 2290 4560 ὥς
2328 4514 2460 4568 φησι
2505 4497 2731 4560 Κέλσος,
2769 4497 2831 4550 τὸ
2876 4498 3060 4569 μηδέν.
3103 4499 3241 4551 Ἀλλ’
3289 4498 3406 4552 οὐδὲ
3449 4491 3633 4548 δύναταί
3663 4503 3736 4547 τις

527 4585 794 4655 impostor
831 4586 993 4656 702
1017 4601 1110 4641 eas
1138 4585 1435 4655 explanare
1475 4595 1570 4640 aut
1615 4585 1680 4638 ad
1725 4599 2103 4655 quamcunque

2217 4587 2500 4659 ἀνόητοςῆ
2542 4587 2674 4657 γόης
2705 4586 3025 4658 ὲξομαλίσαι
3063 4588 3096 4660 ἢ
3142 4589 3248 4660 ὅπη
3288 4588 3415 4640 ποτὲ
3458 4584 3656 4655 βούλεται
3681 4576 3738 4626 τδ

530 4691 648 4732 rem
679 4679 1095 4735 accommodare
1119 4693 1217 4749 pro
1245 4678 1400 4733 libitu
1435 4679 1657 4746 poterit.
1686 4677 1847 4732 Solus
1881 4679 1933 4732 in
1961 4680 2121 4734 Chri-

533 4780 617 4824 sto
653 4785 783 4826 vere
815 4771 1058 4840 sapiens,
1089 4787 1187 4840 par
1221 4781 1305 4825 est
1347 4773 1415 4825 ad
1441 4771 1792 4825 evolvendam
1829 4782 1998 4826 totam
2025 4789 2118 4827 eo-

533 4879 654 4918 rum
686 4865 904 4932 seriem,
941 4881 1065 4934 quae
1099 4867 1150 4920 in
1190 4869 1473 4936 prophetis
1504 4869 1736 4922 obscure
1772 4877 1828 4921 et
1875 4868 2118 4924 involute

531 4955 676 5010 dicta
709 4965 859 5021 sunt,
895 4957 1057 5025 idque
1110 4958 1270 5012 modo
1315 4959 1622 5027 spiritualio
1657 4974 1775 5010 cum
1817 4959 2118 5026 spirituali-

536 5045 630 5100 bus
661 5046 902 5112 conferat
943 5048 1012 5110 ⁸⁸,
1059 5057 1112 5102 et
1156 5049 1370 5119 singula
1415 5064 1606 5104 eorum
1662 5062 1786 5116 quae
1825 5049 2111 5113 invenerit,

537 5137 734 5190 usitata
770 5135 1074 5207 Scripturis
1119 5140 1375 5210 loquendi
1427 5144 1638 5194 ratione
1666 5142 1977 5196 conﬁrmet.
2007 5140 2112 5196 Ne-

537 5242 641 5294 que
673 5226 829 5284 Celso
858 5229 992 5284 ﬁdes
1040 5230 1284 5284 habenda
1339 5241 1425 5286 est
1477 5233 1680 5288 dicenti
1711 5246 1768 5286 se
1804 5231 2113 5298 hujusmodi

640 5409 684 5442 "
713 5410 778 5467 IV
808 5412 942 5485 Reg.
997 5431 1072 5478 rx,
1131 5414 1221 5468 Η.
1303 5413 1396 5468 “l
1429 5414 1559 5469 Cor.
1595 5430 1655 5480 ιι,
1693 5413 1778 5466 15.

612 5564 726 5636 (83)
771 5564 893 5636 Τῶν
919 5569 1256 5636 προφητῶν.
1295 5568 1417 5624 [iure
1443 5569 1639 5625 Guieto
1675 5577 1924 5634 suspecta
1965 5578 2112 5624 sunt.

613 5634 725 5704 (83)
766 5634 1112 5712 Codd._|ieg.
1133 5650 1188 5692 et
1213 5640 1402 5705 Basil.,
1429 5637 1739 5712 γνώρισμα,
1767 5641 2042 5696 Ιίωεοίιοί.
2064 5649 2120 5694 et

546 5700 830 5775 Spetreet),
859 5700 1067 5775 γνῶμαῖ

616 5772 730 5845 (84)
768 5773 926 5832 Libb.
951 5772 1079 5831 editi
1114 5787 1169 5834 et
1203 5793 1336 5834 mss.
1367 5779 1466 5837 hoc
1495 5780 1612 5838 loco
1643 5781 1867 5848 habent,
1896 5779 2112 5851 γνῶμα..

2220 4681 2410 4750 λεχθὲν
2445 4680 2871 4752 σφετερίσασθαι
2890 4698 2902 4710 ·
2938 4681 3096 4751 μόνος
3120 4681 3177 4733 δὲ
3210 4683 3301 4734 καὶ
3327 4681 3430 4743 πᾶς
3452 4681 3477 4732 ό
3511 4677 3608 4730 κατ’
3628 4671 3738 4738 ἀλή-

2222 4773 2369 4826 θειαν
2395 4773 2451 4826 ὲν
2480 4771 2699 4844 Χριστῷ
2725 4774 2891 4843 σοφὸς
2920 4774 3010 4826 τὸν
3043 4773 3234 4845 εἱρμὸν
3271 4773 3439 4826 πάντα
3467 4765 3642 4835 ἀποδῴη
3673 4761 3737 4812 ἂν

2218 4865 2329 4918 τῶν
2379 4865 2494 4935 μετ’
2541 4864 2890 4935 ἐπικρύψεως
2943 4866 3247 4936 εἰρημένων
3308 4867 3362 4916 ἐν
3415 4866 3522 4925 ταῖς
3563 4871 3740 4927 προᾷηο

2217 4957 2391 5021 τείαις
2425 4956 2559 5028 (85),
2590 4958 2961 5026 πνευματικὰ
2990 4956 3404 5026 πνευματικοῖς
3431 4950 3736 5022 συγκρίνωνι

2222 5050 2316 5107 καὶ
2361 5047 2782 5111 κατασκευάζων
2823 5049 2930 5103 ἀπὸ
2966 5050 3063 5120 τῆς
3103 5049 3384 5122 συνηθείας
3413 5045 3509 5100 τῶν
3545 5036 3739 5113 Γριῖῶν

2222 5141 2452 5194 ἕκαστον
2497 5141 2602 5194 τῶν
2648 5141 3070 5214 εὑρισκομένων.
3129 5144 3203 5198 Ού
3255 5140 3542 5197 πιστευτέον
3660 5129 3742 5196 τῷ

2222 5233 2417 5305 Κέλσῳ
2444 5233 2653 5304 λέγοντι
2678 5235 2937 5290 τοιούτων
2978 5235 3280 5311 ἀνθρώπιον
3315 5232 3562 5306 γεγονέναι
3589 5225 3738 5290 αὕτη·

2224 5570 2557 5645 iice_t‘_supra_
2583 5585 2717 5645 mss.
2750 5572 3008 5645 habeant,
3042 5575 3346 5645 γνώρισμα.
3471 5638 3491 5645 _
3694 5629 3705 5639 ,

2294 5641 2410 5712 (85)
2451 5638 2618 5700 Codd.
2661 5639 2798 5713 ﬂag.
2839 5653 2892 5699 et
2937 5638 3281 5710 Basi'leensis',
3323 5645 3379 5696 ὲν
3417 5638 3514 5702 τοῖς
3549 5638 3741 5703 590??

2226 5729 2365 5776 ταιςι
