3846 6406
173 369 303 423 1457

1353 353 1633 414 CONTRA
1665 349 1946 410 CELSUM
1976 348 2106 405 LIB.
2139 346 2256 406 VII.

3265 338 3403 396 “58

166 503 304 543 mw.
338 480 470 538 Οὐδὲ
501 477 613 551 γὰρ
636 475 777 532 κατά
800 477 925 538 τοὺς
961 473 1170 527 Κέλσου
1209 473 1432 546 χρόνους
1474 470 1729 542 γεγόνασί

1836 467 2081 524 homines
2120 448 2413 518 audivisse.
2468 456 2654 528 Neque
2701 453 2846 509 enim
2896 452 3038 508 Celsi
3085 459 3243 510 atate
3270 468 3404 526 pro-

163 593 301 641 τινες
325 571 600 646 προφῆται
625 573 735 634 τοῖς
761 566 1008 640 ἀρχαίοις
1042 564 1436 637 παραπλήσιοι·
1471 564 1592 616 ἐπεὶ
1627 561 1728 616 κᾶν

166 665 552 740 παραπλησίως
577 665 689 725 τοῖς
715 659 880 713 πάλαι
905 659 1194 728 γραφεῖσιν
1226 655 1611 726 ἀνεγράφησαν
1636 653 1730 707 καὶ

165 760 285 830 ἑξῆς
322 756 648 828 προφητεῖαι
688 751 791 805 ὑπὸ
833 749 939 802 τῶν
965 746 1378 818 ἀποδεξαμένων
1403 747 1495 798 καὶ
1529 745 1732 815 θαυμα-

167 853 360 905 σάντων
386 847 574 910 αὑτάς.
605 847 764 898 Δοκεῖ
788 842 844 895 δέ
881 859 970 912 μοι
1001 840 1175 909 πάντη
1206 839 1361 909 δῆλον
1389 833 1524 891 εἶναι
1551 838 1611 890 τὸ
1637 834 1730 890 τοῦ

165 943 360 998 Κέλσου
389 937 606 1009 ψεῦδος,
641 939 742 1001 ὅτι,
777 939 840 990 Ol
869 934 1053 1002 δῆθεν
1087 929 1404 1001 προφῆται,
1433 927 1521 985 ὧν
1551 931 1732 998 αὐτή-

164 1049 297 1098 κοος
323 1028 580 1100 ἐγένετο,
623 1026 1009 1095 ἐλεγχθέντες
1042 1024 1154 1078 ὑπὸ
1208 1023 1468 1087 Κέλσου,
1511 1023 1732 1092 ὡμολό-

162 1137 350 1193 γησαν
369 1119 530 1184 αὐτῷ
553 1115 790 1185 οὗτινος
819 1116 1054 1172 ἐδέοντο
1075 1132 1088 1146 ·
1117 1114 1215 1170 καὶ
1238 1114 1326 1193 ὅτι
1346 1113 1732 1167 ἐπλάσσοντο

162 1189 430 1280 λέγοντες
473 1206 974 1274 ἀλλοπρόσαλλα.
1011 1204 1156 1257 Ἔδει
1194 1204 1239 1257 δ’
1265 1189 1447 1256 ἀὑτὸν
1491 1203 1585 1257 καὶ
1616 1201 1732 1254 ὀνό-

167 1320 300 1374 ματα
326 1301 496 1354 θεῖναι
534 1292 611 1352 ὧν
641 1298 875 1368 ἔφασκεν
903 1296 1168 1366 αὐτήκοος
1210 1295 1490 1364 γεγονέναι
1509 1311 1522 1324 ο
1555 1294 1640 1346 ἵνα
1667 1294 1732 1346 ἐκ

163 1397 264 1450 τῶν
287 1394 584 1465 ὀνομάτων,
629 1391 787 1461 εἴπερ
821 1385 965 1462 εἶχεν
991 1391 1186 1453 εἰπεῖν,
1214 1392 1354 1459 φανῇ
1378 1393 1490 1452 τοῖς
1527 1388 1731 1459 κρίνειν

161 1487 482 1559 δυναμένοις,
525 1484 757 1556 πότερον
790 1481 966 1554 ἀληθῆ
999 1481 1032 1553 ἦ
1071 1480 1240 1553 ψευδῆ
1277 1480 1480 1550 ἔλεγεν.

227 1658 405 1712 Οἴεται
437 1657 493 1710 δὲ
531 1658 625 1709 καὶ
655 1657 778 1720 τους
822 1656 928 1710 ἀπὸ
957 1656 1064 1710 τῶν
1104 1656 1399 1730 προφητῶν
1437 1655 1735 1723 ἀπολογου-

167 1750 347 1820 μένους
377 1749 502 1820 περὶ
538 1747 648 1801 τῶν
674 1747 818 1800 κατὰ
851 1747 941 1800 τὸν
969 1748 1202 1820 Χριστὸν
1245 1748 1407 1819 μηδὲν
1443 1747 1540 1818 μὲν
1574 1746 1727 1800 δύναο

165 1839 278 1891 σθαι
306 1837 439 1907 πρὸς
468 1836 598 1898 ἕπος
627 1836 825 1904 λέγειν,
861 1835 999 1888 ὲπάν
1032 1837 1277 1906 φαίνεταί
1304 1856 1356 1889 τι
1397 1837 1650 1907 πονηρὸν,
1694 1835 1726 1906 ἢ
1765 1827 1806 1883 Β

161 1930 396 2001 αἰσχρὸν,
430 1930 462 2000 ἢ
504 1929 813 1998 ἀκάθαρτον
853 1927 1144 1998 λεγόμενον
1182 1930 1309 1999 περὶ
1347 1927 1439 1981 τοῦ
1479 1928 1646 1992 Θεοῦ,
1694 1927 1727 1998 ἢ

165 2023 367 2094 μιαρόν.
396 2023 486 2075 Διὸ
512 2022 628 2087 καὶ,
667 2022 742 2086 ὡς
775 2023 1042 2094 μηδεμιᾶς
1076 2020 1239 2092 οὔσης
1266 2022 1577 2090 ἀπολογίας,
1609 2037 1732 2083 συν-

162 2115 287 2185 είρει
325 2115 502 2184 ἐαυτῷ
550 2115 722 2185 μυρία
749 2115 876 2185 περὶ
911 2113 1018 2166 τῶν
1063 2114 1137 2185 μὴ
1172 2098 1481 2184 διδομένων.
1520 2112 1730 2165 Εξδέναι

161 2207 210 2260 δὲ
234 2206 357 2278 χρὴ,
383 2207 462 2261 ὅτι
483 2207 579 2260 καὶ
605 2209 654 2260 οἱ
683 2206 992 2276 βουλόμενοι
1020 2207 1158 2259 κατὰ
1179 2207 1273 2270 τὰς
1300 2206 1446 2268 θείας
1474 2205 1571 2275 ζῇν
1592 2205 1732 2276 Γρα-

161 2299 278 2366 φὲς,
304 2298 398 2351 καὶ
423 2297 796 2368 ἐπιστάμενοι,
825 2300 926 2363 ὅτι,
956 2297 1193 2364 Γνῶσις
1217 2296 1515 2352 ἀσυνέτου
1537 2295 1731 2359 ἀδιεξ-

161 2391 386 2443 έταστοι
435 2390 626 2458 λόγοι,
690 2392 786 2444 καὶ
835 2391 1157 2459 ἀναγνόντες
1205 2391 1289 2454 τὸ,
1339 2391 1586 2459 ’Ἑτοιμοι
1637 2389 1728 2443 ἀεὶ

162 2481 295 2545 πρ”ς
331 2479 667 2549 ἀπολογίαν
706 2479 885 2532 παντὶ
918 2476 997 2544 τῷ
1041 2478 1303 2533 αἰτοῦντι
1347 2477 1504 2547 ἡμᾶς
1544 2479 1730 2549 λόγον

161 2570 412 2637 περὶτῆς
435 2570 506 2623 ἐν
529 2571 675 2640 ἡμῖν
694 2570 963 2636 ἐλπίδος,
995 2572 1092 2632 οὐκ
1121 2570 1212 2623 ἐπὶ
1257 2570 1415 2640 μόνον
1452 2571 1512 2623 τὸ
1544 2588 1730 2641 προει-

163 2659 349 2729 ρῆσθαι
374 2660 499 2714 τάδε
538 2661 660 2716 τινὰ
687 2660 1125 2730 καταφεύγουσιν
1145 2678 1158 2692 ·
1195 2661 1330 2715 ἀλλά
1360 2661 1469 2733 γὰρ
1504 2661 1600 2715 καὶ
1630 2661 1728 2726 τὰς

161 2754 408 2818 δοκούσας
439 2756 545 2808 ἀπε
555 2755 790 2826 μφάσεις
817 2754 962 2808 λύειν
990 2755 1306 2826 πειρῶνται,
1335 2755 1427 2808 καὶ
1452 2756 1727 2816 δεικνύναι

161 2842 296 2896 οὐδὲν
336 2840 472 2898 εἶναι
498 2844 736 2915 πονηρὸν
762 2845 821 2897 ἐν
846 2847 957 2906 τοῖς
981 2844 1178 2912 λόγοις,
1213 2845 1319 2898 οὐδ’
1347 2846 1592 2916 αἰσχρὸν,
1617 2845 1725 2898 οὐδ’

161 2934 474 3007 ἀκάθαρτον,
499 2935 620 2988 οὐδὲ
651 2935 843 3007 μιαρόν
861 2954 874 2968 ο
901 2935 1038 2990 ἀλλά
1061 2936 1296 2990 τοιοῦτον
1327 2937 1626 3006 γίγνεσθαι,
1649 2936 1726 3000 ὡς

160 3026 252 3098 χρὴ
284 3027 597 3098 ἐκδέχεσθαι
639 3030 750 3090 τοῖς
777 3033 1003 3082 συνιεῖσι
1029 3029 1140 3101 (86)
1170 3029 1268 3102 τὴν
1303 3028 1452 3083 θείαν
1483 3031 1720 3102 Γραφήν.

1833 561 2006 631 pheta:
2034 556 2304 611 veteribus
2332 551 2538 607 similes
2560 548 2886 603 exstiterunt
2914 565 2932 608 ε,
2965 548 3399 618 quandoquidem

1831 667 2018 705 eorum
2072 645 2370 718 prophetiae
2425 644 2495 698 ab
2562 642 2629 696 iis
2665 641 2756 712 qui
2799 655 2892 693 eas
2953 639 3292 708 accepissent
3345 651 3402 698 et

1833 744 2082 799 admirati
2159 749 2379 804 essent,
2467 736 2690 808 perinde
2779 735 3008 790 fuissent
3080 739 3404 810 conscripta:

1832 852 1993 908 atque
2055 847 2297 891 veterum
2373 831 2669 904 prophetiae
2749 833 3070 901 conscriptae
3155 832 3397 888 fuerunt.

1833 929 1939 983 Sed
1976 925 2265 986 manifesto
2313 925 2530 980 videtur
2582 925 2634 977 in
2697 924 2980 977 mendacio
3039 923 3398 991 deprehendi,

1832 1036 1956 1074 cum
1993 1020 2368 1087 aitprophetus
2408 1017 2551 1081 illos,
2585 1033 2714 1085 quos
2764 1017 2872 1081 ipse
2914 1017 3137 1080 audivit,
3182 1033 3298 1069 cum
3335 1020 3400 1069 ab

1832 1112 1943 1181 ipso
1966 1120 2297 1179 urgerentur,
2322 1107 2588 1172 confessos
2620 1107 2781 1166 fuisse
2808 1107 2933 1175 quid
2962 1108 3092 1175 ipsis
3127 1107 3399 1174 deﬁceret,

1832 1211 1882 1255 et
1901 1217 2017 1270 qua:
2044 1201 2289 1269 ambigua
2312 1199 2574 1258 dicebant,
2602 1196 2858 1269 (ifmenta
2898 1213 3010 1250 esse
3041 1199 3240 1250 omnia.
3299 1197 3402 1251 De-

1832 1293 1950 1347 buit
2009 1293 2153 1346 enim
2209 1308 2394 1346 eorum
2452 1291 2694 1345 indicare
2749 1291 2965 1344 nomina
3016 1305 3150 1356 quos
3187 1287 3403 1342 auditos

1832 1385 1931 1440 sibi
1974 1383 2137 1437 fuisse
2164 1382 2515 1446 afﬁrmat;ut
2542 1399 2607 1436 ex
2651 1382 2978 1443 nominibus.
3010 1381 3279 1450 siquidem
3315 1392 3402 1434 re-

1833 1492 2058 1532 censere
2117 1475 2205 1529 illa
2264 1484 2472 1544 posset,
2514 1475 2808 1545 prudentes
2853 1471 3162 1542 iudicarent
3206 1487 3404 1528 verane

1833 1581 1900 1618 an
1928 1565 2061 1620 falsa
2093 1565 2342 1620 dixisset.

1905 1657 1994 1715 l2.
2029 1658 2343 1711 Arbitratur
2398 1666 2664 1726 praeterea
2710 1672 2805 1712 eos
2865 1657 2957 1725 qui
3013 1656 3402 1725 prophetarqu

1835 1747 2162 1803 auctoritate
2193 1763 2411 1803 causam
2436 1749 2638 1803 Christi
2668 1748 2986 1815 defendunt,
3029 1747 3162 1802 nihil
3199 1745 3403 1801 habere

1831 1842 1972 1911 quod
2003 1841 2380 1910 respondeant,
2413 1856 2535 1895 eum
2559 1842 2836 1911 quidpiam
2887 1840 2996 1894 illis
3053 1840 3118 1894 de
3171 1841 3278 1894 Deo
3309 1848 3404 1893 aut

1834 1933 2123 2000 nefarium,
2150 1943 2242 1987 aut
2281 1942 2458 2002 turpe,
2500 1945 2593 1987 aut
2648 1934 2950 1998 sordidum,
3007 1943 3102 1988 aut
3133 1932 3400 2001 impurum

1833 2025 2034 2079 dictum
2083 2040 2207 2080 esse
2250 2033 2604 2079 menstratur.
2660 2024 3026 2090 Quamobrem
3085 2024 3240 2093 quasi
3289 2031 3403 2076 tum

1833 2117 1976 2170 nulla
2002 2117 2208 2185 reliqua
2233 2127 2376 2172 esset
2410 2116 2680 2183 defensio,
2718 2115 2986 2186 permulta
3017 2115 3117 2170 sibi
3151 2131 3246 2184 pro
3272 2131 3406 2169 con-

1831 2212 2000 2266 cessis
2025 2213 2187 2266 sumit
2214 2226 2334 2280 quae
2392 2210 2616 2264 minime
2670 2209 3064 2263 conceduntur.
3111 2207 3217 2260 Sed
3262 2205 3404 2260 scire

1831 2311 2067 2371 oportet,
2097 2317 2211 2368 eos,
2241 2302 2332 2372 qui
2359 2303 2522 2355 vitam
2552 2317 2582 2355 e
2613 2300 2911 2369 Scripturis
2936 2313 3263 2367 componere
3294 2307 3408 2353 sta-

1833 2405 2009 2458 tuunt,
2041 2396 2130 2465 qui
2192 2395 2319 2448 inde
2369 2395 2514 2448 (loeti
2557 2403 2684 2446 sunt
2720 2393 2850 2446 illud
2883 2411 2897 2448 :
2931 2393 3163 2448 Scientia
3203 2393 3406 2461 impru-

1830 2487 1998 2544 dentis
2030 2485 2401 2539 inscrutabilia
2453 2485 2610 2537 verba
2640 2485 2709 2548 9‘,
2750 2494 2804 2537 et
2853 2484 3099 2554 legerunt
3141 2501 3157 2541 :
3213 2482 3406 2538 Parati

1829 2591 2029 2643 semper
2055 2575 2124 2628 ad
2153 2574 2570 2641 satisfactionem
2623 2572 2766 2626 οιιιηὶ
2815 2573 3053 2640 poscenti
3091 2589 3185 2626 nos
3234 2575 3404 2626 ratio—

1831 2681 1946 2718 nem
1973 2665 2037 2719 de
2075 2680 2134 2718 ea
2155 2679 2272 2734 qua:
2307 2665 2361 2717 in
2394 2665 2544 2722 nobis
2589 2673 2665 2718 est
2715 2681 2802 2732 spe
2832 2665 2897 2728 ",
2953 2679 3057 2717 non
3098 2666 3197 2718 hoc
3228 2663 3404 2718 solum

1830 2758 2132 2828 perfugium
2160 2757 2363 2813 habere
2394 2768 2455 2812 ut
2481 2757 2664 2813 dicant
2702 2759 2816 2812 hmc
2845 2767 2938 2810 aut
2969 2758 3058 2811 illa
3085 2756 3253 2811 fuisse
3273 2771 3406 2825 prte-

1829 2851 2096 2918 uuntiata,
2127 2851 2221 2905 sed
2249 2851 2414 2904 etiam
2436 2850 2621 2903 conari
2655 2849 2845 2903 tollere
2876 2865 2997 2919 qua:
3027 2850 3278 2903 videntur
3308 2848 3405 2902 ah-

1829 2943 1996 2997 surda
2021 2957 2167 3009 esse,
2186 2942 2525 2996 ostendendo
2551 2941 2682 2994 nihil
2705 2942 2756 3002 in
2785 2940 3088 3009 Seripturis
3110 2955 3232 2995 esse
3255 2938 3404 2994 nefa-

1829 3035 1990 3100 rium,
2007 3045 2099 3092 aut
2119 3044 2292 3104 turpe,
2315 3043 2409 3086 aut
2425 3033 2720 3096 sordidum,
2743 3033 3117 3102 autimpurum
3143 3049 3160 3096 ;
3189 3036 3280 3088 sed
3299 3033 3406 3086 tale

170 3116 355 3202 Ἐχρῆν
381 3117 423 3170 δ’
455 3117 618 3172 αὑτὸν
645 3118 750 3171 ἀπὸ
776 3118 883 3211 τέῖιν
914 3120 1207 3192 προφητῶν
1231 3119 1290 3172 τὸ
1316 3120 1633 3191 φαινόμενον
1667 3122 1725 3174 ὲν

1836 3142 1968 3193 esse,
1985 3128 2146 3198 quale
2165 3127 2334 3197 accipi
2357 3137 2569 3196 oportet
2593 3128 2660 3183 ab
2689 3129 2754 3182 iis
2777 3128 2868 3198 qui
2895 3128 3132 3182 divinam
3157 3125 3408 3192 Scriptur-

159 3195 328 3272 αύτοῖς
354 3210 611 3281 πονηρὸν,
645 3210 679 3281 ἢ
709 3211 770 3264 τὸ
797 3195 995 3266 δοκοῦν
1021 3212 1170 3284 αὐτῷ
1204 3213 1447 3284 αἰσχρὸν,
1482 3213 1514 3283 ἦ
1549 3214 1608 3268 τὸ
1634 3231 1722 3268 νο-

163 3301 439 3372 μιζόμενον
473 3302 625 3373 αὐτῷ
659 3303 986 3374 ἀκάθαρτον,
1031 3305 1065 3376 ἢ
1107 3305 1135 3357 ὃ
1174 3305 1550 3375 ὑπελάμϐανεν
1589 3301 1726 3359 εἶναι

162 3394 365 3464 μιαρὸν,
410 3395 770 3466 παραθέσθαι,
807 3397 963 3470 εἴπερ
1001 3396 1227 3452 τοιαῦτα
1266 3398 1490 3452 ἔϐλεπεν
1529 3399 1584 3452 ὲν
1617 3401 1728 3462 τοῖς

161 3488 456 3557 προφήταις
497 3487 793 3558 εἰρημέναο
823 3487 1264 3560 πληκτικώτερος
1292 3490 1398 3562 γὰρ
1431 3489 1494 3544 ἂν
1517 3493 1544 3543 6
1573 3490 1728 3560 λόγος

158 3578 307 3632 αὑτοῦ
339 3574 408 3649 ἦν
447 3580 544 3632 καὶ
587 3580 723 3651 πρὸς
755 3580 782 3633 ὃ
824 3582 1076 3635 ἐϐούλετο
1117 3581 1549 3654 ἀνυστικὼτερος
1582 3584 1724 3654 (87)⁶

160 3671 266 3723 νυνὶ
306 3671 366 3723 δὲ
404 3671 464 3723 οὐ
511 3671 799 3742 παρέθετο,
831 3673 946 3726 ἀλλ’
987 3675 1475 3746 ὲπανατεινάμενος
1520 3675 1730 3728 ἀπειλεῖ

159 3762 373 3817 τοιαῦτα
407 3764 692 3832 φαίνεσθαι
729 3765 789 3818 ἐν
813 3769 933 3830 ταῖς
964 3767 1229 3837 Γραφαῖς,
1265 3768 1730 3839 καταψευδόμενος

160 3854 346 3908 αὐτῶν.
376 3857 520 3927 Πρὸς
547 3852 641 3910 οὖν
668 3859 858 3922 κενοὺς
887 3858 996 3930 (88)
1028 3858 1233 3928 ψόφους
1254 3860 1532 3930 ὀνομάτων
1554 3860 1731 3926 οὐδεὶς

160 3942 300 4013 λόγος
325 3949 468 4017 αἱρεῖ
493 3949 957 4021 ἀπολογήσασθαι,
985 3953 1125 4022 ὑπὲρ
1147 3952 1240 4005 τοῦ
1262 3953 1449 4018 δεῖξαι,
1475 3955 1555 4008 ὅτι
1581 3955 1731 4007 οὐδὲν

162 4039 403 4110 πονηρὸν,
437 4039 469 4111 ἢ
505 4042 752 4112 αἰσχρὸν,
782 4042 815 4113 ἢ
841 4043 1171 4114 ἀκάθαρτον,
1196 4045 1230 4116 ἢ
1273 4047 1469 4117 μιαρόν
1499 4047 1646 4101 ἐστιν
1673 4049 1732 4105 ὲν

159 4132 258 4194 τοῖς
288 4132 395 4185 τῶν
427 4134 722 4204 προφητῶν
753 4134 954 4203 λόγοις.

235 4223 371 4276 Ἀλλ’
393 4226 515 4278 οὐδὲ
543 4227 707 4280 ποιεῖ
727 4227 763 4296 ἣ
791 4228 1012 4299 πάσχει
1037 4231 1327 4300 αἴσχιστα
1349 4235 1381 4286 ὀ
1405 4233 1568 4298 Θεὸς,
1591 4232 1733 4286 οὐδὲ

161 4313 232 4379 τῷ
262 4318 424 4383 κακῴ
457 4318 838 4385 διακονεῖται,
875 4322 950 4385 ὡς
981 4324 1152 4376 οἴεται
1187 4325 1426 4388 Κέλσοςο
1473 4325 1593 4377 οὐδὲ
1623 4324 1733 4395 γάρ

161 4408 466 4479 προείρηταί
498 4427 551 4462 τι
591 4407 704 4464 τῶν
747 4410 1023 4475 τοιούτων,
1058 4412 1159 4466 κᾶν
1188 4413 1318 4485 λέγῃ
1351 4415 1515 4478 αὐτὸς
1549 4432 1735 4485 προει-

164 4497 366 4567 ρῆσθαι.
402 4501 638 4572 Ἔμελλε
668 4502 758 4555 τὸν
781 4503 910 4556 Θεὸν
936 4505 1044 4575 (89)
1072 4504 1148 4576 τῷ
1175 4507 1329 4576 κακῷ
1349 4507 1732 4571 διακονεῖσθαι,

161 4589 190 4659 ἥ
222 4594 406 4656 ποιεῖν,
435 4595 471 4664 ἢ
515 4595 752 4665 πάσχειν
789 4597 1064 4667 αἴσχιστα,
1113 4598 1451 4670 παραθέσθαι
1485 4599 1583 4662 τὰς
1624 4600 1732 4652 ἀπὸ

161 4679 257 4734 τῶν
287 4685 581 4754 προφητῶν
612 4687 692 4749 εἰς
738 4686 894 4741 τοῦτο
934 4687 1126 4753 λέξειςο
1177 4691 1270 4742 καὶ
1307 4691 1378 4762 μὴ
1426 4692 1600 4762 μάτην
1637 4708 1733 4762 μο-

161 4772 324 4829 λύνειν
366 4778 573 4831 ἐθέλειν
625 4779 750 4842 τοὺς
794 4779 1091 4844 ἀκούοντας
1137 4781 1322 4836 αὐτοῦ.
1373 4783 1440 4836 Ἀ
1489 4783 1587 4852 μὲν
1637 4779 1732 4836 οὖν

162 4869 392 4926 πείσεται
425 4872 682 4944 Χριστὸς,
737 4877 999 4942 προεῖπον
1049 4874 1097 4927 οἱ
1143 4875 1441 4945 προφῆται,
1491 4875 1586 4927 καὶ
1631 4875 1731 4947 τὴν

162 4959 330 5014 αἰτίαν
358 4961 598 5025 τιθέντες
631 4962 744 5028 τοῦ,
777 4964 844 5016 δι’
871 4963 900 5015 ὃ
948 4964 1214 5016 πείσεταιο
1248 4965 1341 5017 καὶ
1376 4966 1402 5017 ὁ
1434 4964 1565 5027 Θεὸς
1608 4964 1734 5034 ἠπί-

167 5063 316 5104 στατο
342 5051 483 5126 ἅπερ
511 5055 540 5105 6
571 5054 806 5124 Χριστὸς
838 5053 1002 5107 αὐτοῦ
1055 5054 1324 5108 πείσεται·
1362 5055 1522 5117 πόθεν
1549 5055 1614 5118 δ’,
1649 5057 1732 5108 ὅτι

165 5140 247 5191 καὶ
301 5143 621 5214 μιαρώτατα
683 5145 777 5196 καὶ
833 5143 1247 5214 ἀκαθαρτότατα
1296 5142 1446 5196 ταῦτ’
1495 5139 1596 5212 ἧνς
1657 5141 1733 5206 ὣς

167 5245 316 5300 φησιν
349 5237 378 5289 6
405 5236 636 5298 Κέλσος.
681 5235 839 5289 Ἀλλά
871 5235 1012 5300 δόξει
1060 5234 1330 5288 διδάσκειν
1363 5234 1480 5298 πῶς
1525 5232 1733 5305 μιαρώ-

165 5338 288 5378 τατα
330 5329 424 5382 καί
471 5328 891 5400 ἀκαθαρτότατα
920 5329 1075 5382 ταῦτ’
1117 5328 1252 5382 ἄττα
1286 5324 1376 5399 ἦν,
1400 5327 1436 5382 ἀ
1468 5328 1560 5380 καλ⁴
1602 5327 1735 5380 ὑπέ-

229 5421 271 5454 ⁹¹
304 5423 472 5481 Eccli.
513 5440 628 5493 χιι,
655 5423 744 5479 18.
819 5427 866 5458 ’³
898 5425 918 5479 ι
949 5425 1104 5480 Petr.
1137 5440 1222 5489 ιιι,
1257 5424 1344 5478 15.

372 5541 538 5615 iidem
571 5543 753 5615 codd.,
773 5545 889 5615 τοῖς
925 5543 1000 5615 μὴ
1025 5546 1272 5598 συνιεῖσι.

429 5628 502 5666 ss.
515 5651 547 5685 ,ί
559 5608 979 5685 ἀνυτικώτερος.

231 5679 334 5748 (88)
370 5681 644 5736 ι-ΙωεοιιοΙ.
675 5686 726 5736 in
755 5679 924 5748 textu,
951 5682 1189 5748 καινούς.

234 5748 335 5818 (89)
369 5753 632 5820 Ἔμελλε
675 5753 782 5806 τὸν
819 5755 985 5816 Θεόν,
1020 5769 1127 5809 etc.
1182 5756 1272 5810 Sic
1315 5758 1514 5811 habent
1539 5770 1732 5808 omnes

173 5833 290 5873 mss.
331 5837 429 5877 uec
455 5824 682 5883 terenda
718 5824 977 5896 Speuceri
1030 5827 1258 5887 audacia
1303 5829 1396 5898 qui
1434 5826 1730 5883 llwschelii

1829 3238 1944 3276 ram
1965 3221 2292 3290 intelligunt.
2322 3220 2443 3290 Ipse
2480 3235 2609 3275 vero
2632 3221 2857 3276 debebat
2880 3236 2946 3275 ex
2983 3220 3259 3290 prophetis
3281 3229 3408 3289 pro-

1827 3314 1971 3370 ferre
2001 3314 2141 3384 quod
2174 3314 2273 3384 ipsi
2295 3315 2465 3369 visum
2491 3313 2667 3366 fuerat
2685 3324 2775 3368 aut
2803 3312 3092 3375 nefarium,
3114 3321 3207 3366 aut
3231 3322 3405 3380 turpe,

1829 3415 1924 3460 aut
1959 3405 2260 3472 sordidum,
2294 3414 2388 3459 aut
2421 3405 2713 3473 impurum,
2746 3404 3011 3472 siquidem
3052 3403 3102 3456 in
3130 3404 3408 3472 prepbetis

1830 3513 1917 3552 res
1932 3496 2197 3564 ejusmodi
2218 3495 2447 3550 viderat.
2469 3495 2560 3549 Sic
2585 3495 2728 3549 enim
2749 3505 2803 3548 et
2824 3495 3197 3550 vehementior
3221 3493 3410 3548 fuisset

1830 3590 2002 3645 oratio
2029 3597 2084 3642 et
2107 3589 2173 3642 ad
2205 3588 2364 3642 ﬁnem
2407 3587 2505 3656 ipsi
2539 3585 2872 3655 propositqu
2917 3587 3404 3639 accommodatior.

1829 3682 1900 3734 At
1928 3678 2060 3732 nihil
2111 3679 2305 3734 horum
2349 3678 2497 3743 facit,
2552 3685 2760 3730 tantum
2797 3692 2942 3730 mera
2995 3677 3049 3730 in
3096 3675 3409 3745 Scripturas

1833 3769 2102 3823 calumnia
2144 3768 2389 3822 clamitat
2445 3767 2559 3822 haec
2612 3767 2798 3822 omnia
2853 3767 2905 3820 in
2928 3767 3037 3820 illis
3069 3767 3265 3820 videri.
3325 3767 3408 3823 Ad

1833 3861 2048 3914 inanem
2090 3859 2253 3928 igitur
2292 3873 2494 3913 vocum
2545 3859 2834 3926 strepitum
2894 3857 3024 3912 nihil
3076 3873 3297 3914 necesse
3327 3868 3413 3913 est

1834 3967 1931 4005 nos
1963 3951 2312 4019 respondere,
2348 3958 2407 4002 ut
2447 3951 2768 4007 ostendatur
2803 3950 2937 4003 nihil
2975 3950 3268 4016 nefarium,
3317 3959 3413 4004 aut

1834 4053 2012 4112 turpe,
2043 4051 2136 4095 aut
2167 4041 2467 4106 sordidum,
2509 4051 2603 4097 aut
2630 4041 2902 4109 impurum
2933 4041 2988 4094 in
3021 4042 3409 4110 prophetarum

1834 4137 1989 4190 libris
2020 4151 2162 4190 esse.

1905 4229 1989 4283 15.
2017 4227 2199 4295 Neque
2221 4226 2383 4280 etiam
2413 4226 2714 4295 turpissima
2737 4224 2886 4293 facit,
2925 4233 3014 4277 aut
3043 4225 3250 4292 patitur
3266 4222 3408 4279 Deus

1836 4331 1929 4373 aut
1958 4319 2099 4372 malo
2123 4319 2283 4386 favet,
2317 4327 2375 4370 ut
2399 4316 2592 4371 Celsus
2623 4324 2792 4385 putat.
2825 4316 2984 4385 703
3011 4315 3310 4370 Nihilenim
3343 4316 3412 4372 si-

1838 4412 1975 4467 mile
1991 4412 2300 4482 praedictum
2323 4420 2424 4475 est,
2441 4411 2566 4462 licet
2585 4410 2902 4477 praedictum
2925 4423 3044 4462 esse
3069 4409 3405 4477 pronuntiet.

1766 4504 1811 4563 D
1842 4507 1882 4561 Ε
1917 4505 2193 4576 prophetis
2223 4505 2490 4558 adducere
2521 4503 2705 4556 debuit
2729 4500 3039 4554 testimonia
3085 4519 3205 4571 qua:
3239 4500 3408 4557 Deum

1839 4612 1932 4654 aut
1980 4600 2160 4654 facere
2205 4606 2298 4652 aut
2353 4599 2461 4668 pati
2519 4597 2834 4666 turpissima
2885 4604 2979 4651 aut
3030 4598 3174 4651 malo
3228 4597 3412 4652 favere

1839 4689 2276 4758 comprobarent,
2336 4703 2440 4741 non
2497 4701 2626 4740 vero
2673 4686 2982 4740 auditorum
3044 4702 3206 4742 aures
3255 4689 3411 4744 vanis

1840 4781 2209 4838 contaminare
2235 4780 2602 4835 sermonibus.
2634 4781 2762 4845 Quae
2789 4795 3048 4847 passurus
3072 4791 3219 4835 esset
3249 4779 3413 4835 Chri-

1838 4881 1953 4926 stus
1989 4868 2352 4939 praedixerunt
2379 4870 2673 4938 prophetae,
2701 4871 2857 4924 allata
2887 4887 3052 4926 causa
3083 4885 3182 4925 cur
3219 4886 3412 4941 passu-

1840 4978 1932 5016 rus
1959 4969 2120 5016 esset.
2150 4962 2290 5016 Deus
2314 4963 2478 5015 etiam
2513 4971 2738 5021 noverat
2763 4977 2882 5031 qua:
2907 4962 3128 5019 Christo
3155 4963 3409 5032 patienda

1838 5065 2025 5120 erant;
2065 5063 2120 5107 at
2149 5054 2289 5107 unde
2340 5055 2766 5123 accepitCelsus
2821 5058 2936 5110 haec
2990 5056 3303 5125 turpissima
3355 5063 3412 5110 et

1838 5147 2208 5204 sordidissima
2252 5145 2408 5199 esse?
2454 5144 2561 5199 Sed
2614 5148 2884 5215 (μιοιιιοόο
2952 5146 3313 5214 impurissima
3356 5153 3412 5201 et

1838 5236 2218 5291 sordidissima
2260 5235 2367 5290 sint
2395 5251 2518 5305 quae
2543 5236 2800 5291 Christus
2830 5236 3070 5306 pertulit,
3100 5236 3236 5292 forte
3260 5237 3410 5290 vide-

1839 5329 1988 5384 bitur
2010 5327 2206 5382 docere
2237 5327 2324 5383 his
2361 5327 2542 5382 verbis
2575 5345 2591 5380 :-
2632 5327 2772 5393 Quid
2822 5329 2984 5395 enim,
3030 5326 3226 5396 inquit,
3260 5325 3411 5379 aliud

1841 5543 2213 5610 conjecturam
2253 5543 2306 5597 in
2332 5542 2578 5609 margine
2604 5541 2862 5611 positam,
2902 5538 3081 5611 tex_tui
3127 5551 3227 5611 sup
3263 5535 3411 5611 inse:

1841 5603 2075 5685 ruit-huc
2103 5614 2262 5685 modo
2298 5631 2311 5685 ς
2360 5615 2420 5666 Εἰ
2455 5603 2570 5685 γάρ
2605 5603 2836 5685 ’ἔμελλεν
2888 5610 2917 5663 ὁ
2973 5608 3106 5685 Θερς
3141 5605 3220 5676 τῷ
3256 5603 3414 5685 κςξῷ

1836 5681 2220 5755 διακονεῖσθαι,
2283 5683 2315 5755 ἢ
2364 5674 2554 5750 ποιεῖν,
2702 5682 2931 5752 πάσχειν
2981 5674 3252 5749 αἴσχιστα,
3302 5674 3414 5736 ἒδιι

1840 5753 2202 5825 παραθέσθαι.
