3846 6406
577 284 716 344 MSS

2042 286 2368 345 ORIGENIS
3518 338 3520 340 τ
3676 296 3765 352 liii

573 405 718 476 Ergo
762 419 863 461 nec
905 405 1160 475 primum.
1198 405 1371 476 Super
1407 407 1511 462 hac
1545 407 1778 462 materia
1833 408 2139 478 exemplum

2249 409 2297 461 οἱ
2323 407 2430 460 ἀπὸ
2461 406 2563 477 τῆς
2585 407 2785 471 Στοᾶς,
2814 407 3063 476 λέγοντες
3097 409 3176 464 τόο
3212 411 3275 464 ΕΞ
3307 410 3589 465 ἐπίστασαι
3611 411 3693 479 (97)
3714 416 3767 469 ὅτι

573 495 944 566 hujuscemodi
983 495 1209 551 aﬂ'ertnr
1236 511 1263 549 a
1299 495 1521 553 Stoicis.
1568 497 1624 552 Si
1657 499 1766 552 scis
1794 507 1847 552 te
1864 513 1984 553 esse
2003 515 2150 553 mor-

570 598 746 654 tuum,
775 601 838 644 es
879 598 1150 643 mortuus.
1185 587 1242 642 Si
1269 589 1379 643 scis
1411 597 1464 644 te
1508 600 1784 645 mortuum
1832 605 1972 655 esse,
2004 606 2151 644 mor—

575 686 696 733 tuus
729 693 836 733 non
867 694 949 733 es.
990 676 1145 733 Unde
1173 679 1422 748 sequitur
1449 697 1464 737 :
1500 681 1648 751 Ergo
1681 698 1789 737 non
1818 683 1931 739 scis
1953 692 2004 738 te
2031 699 2150 741 esse

571 781 865 826 mortuum.
916 769 1009 826 Sic
1040 780 1221 826 autem
1265 787 1515 828 connexa
1550 775 1825 844 probant:
1858 773 1902 831 si
1938 777 2060 832 'scis
2095 788 2149 832 te

569 871 841 916 mortuum
879 877 1023 926 esse,
1051 871 1137 916 cst
1177 861 1229 918 id
1264 865 1409 933 quod
1446 866 1598 922 scis:
1633 879 1842 922 certum
1875 878 1959 923 est
1988 869 2149 939 igitur

569 964 623 1010 te
658 969 780 1009 esse
825 964 1122 1010 mortuum.
1170 956 1239 1010 Et
1283 972 1494 1023 rursus,
1521 962 1565 1014 si
1607 960 1716 1015 scis
1770 971 1822 1016 te
1871 971 2143 1016 mortuum

566 1064 710 1114 esse,
741 1050 840 1104 hoc
869 1051 1045 1120 ipsum
1081 1053 1224 1122 quod
1259 1064 1504 1109 mortuus
1531 1069 1610 1116 es,
1644 1066 1726 1110 est
1757 1058 1807 1112 id
1846 1058 1989 1128 quod
2015 1059 2134 1113 scis.

566 1142 730 1211 Atqui
763 1152 1009 1197 mortuus
1043 1143 1176 1197 nihil
1204 1147 1328 1198 scit.
1369 1145 1540 1215 Igitur
1569 1147 1612 1201 si
1642 1148 1750 1203 scis
1787 1157 1836 1203 te
1871 1159 2144 1204 mortuum

565 1249 704 1300 esse,
739 1243 790 1288 te
823 1243 1095 1288 mortuum
1143 1251 1250 1290 non
1287 1253 1408 1293 esse
1456 1240 1679 1294 evidens
1722 1250 1849 1295 est:
1884 1243 1970 1296 cui
2009 1245 2147 1297 utri-

565 1340 670 1392 que
699 1339 951 1380 conuexo
985 1342 1328 1394 consequens
1365 1336 1469 1393 est,
1519 1339 1578 1381 ut
1611 1337 1741 1384 ante
1782 1328 1922 1394 dixi,
1969 1331 2144 1385 nescis

565 1422 617 1468 te
645 1430 767 1471 esse
804 1427 1101 1473 mortuum.
1142 1419 1341 1474 Eodem
1381 1434 1551 1488 prope
1583 1420 1716 1473 vitio
1744 1419 1960 1474 laborat
1998 1420 2140 1476 Celsi

563 1508 883 1575 suppositio,
918 1525 1039 1578 qnze
1066 1512 1316 1579 superius
1345 1526 1373 1563 a
1406 1510 1564 1565 nobis
1599 1510 1822 1565 recitata
1858 1520 1964 1567 est.

637 1601 726 1654 16.
768 1601 873 1656 Sed
904 1618 1024 1672 quae
1073 1605 1125 1658 in
1163 1603 1306 1659 Celsi
1360 1606 1732 1675 suppositione
1779 1605 2142 1674 deprehendi-

562 1709 706 1758 mus,
739 1708 802 1748 ea
835 1696 1134 1763 prophetiis
1181 1697 1248 1751 de
1282 1695 1408 1751 Jcsn
1459 1697 1660 1751 similia
1700 1714 1806 1753 non
1840 1707 1986 1752 sunt.
2031 1697 2141 1754 Neo

2253 498 2542 570 τέθνηκας,
2566 499 2851 552 ἀκολουθεῖ
2869 499 2948 563 τὸ,
2964 501 3076 555 Οὐκ
3097 502 3203 574 ἄρα
3224 503 3528 566 ἐπίστασαι,
3551 504 3622 557 ὅτι
3639 507 3769 576 τέθνη-

2253 610 2374 656 κας.
2425 593 2530 645 Τὸν
2561 591 2762 664 τρόπον
2807 592 2864 646 δὲ
2898 593 3084 646 τοῦτον
3113 596 3575 660 κατασκευάζουσι
3600 599 3654 651 τὰ
3681 617 3766 651 συν-

2249 684 2491 755 ημμέναο
2525 685 2588 736 Εἰ
2620 684 2933 749 ἐπίστασαι,
2971 687 3052 740 ὅτι
3080 686 3367 759 τέθνηκας,
3400 688 3539 741 ἔστιν
3562 689 3588 741 ὅ
3609 690 3769 742 sitiat:-

2253 793 2363 827 σαι·
2401 774 2546 827 ἔστιν
2586 775 2694 847 ἄρα
2725 775 2808 840 τὸ,
2850 776 3136 848 τέθνηκας.
3174 780 3284 832 Καὶ
3317 779 3496 844 πάλιν,
3524 781 3582 834 Εἰ
3608 781 3770 835 ἐπίστα-

2252 885 2338 920 σαι
2368 869 2448 921 ὅτι
2488 867 2549 920 οὐ
2591 868 2861 938 τέθνηκας
2886 869 3019 941 (98),
3058 870 3152 923 καὶ
3180 871 3328 924 ἔστιν
3377 871 3405 924 ὃ
3442 873 3767 936 etiamnam

2247 959 2534 1029 τέθνηκας.
2575 960 2728 1012 Ἐπεὶ
2756 961 2814 1013 δὲ
2842 961 3161 1032 ὁτεθνηκὼς
3179 963 3469 1017 ἐπίσταται
3501 963 3618 1033 (99),
3639 965 3770 1036 δῃλω·

2247 1051 2350 1117 ὁτι,
2391 1054 2438 1105 εἰ
2472 1052 2786 1115 ἐπίστασαι,
2831 1052 2912 1105 ὃτι
2958 1052 3248 1124 τέθνηκας,
3283 1056 3345 1108 οὐ
3389 1054 3650 1126 τέθνηκας.
3695 1059 3769 1111 Καὶ

2247 1141 2551 1208 ἀκολουθεῖ,
2599 1143 2676 1206 ὡς
2708 1146 2992 1216 προεῖπον,
3040 1145 3374 1217 ἀμφοτέροις
3415 1149 3524 1210 τοῖς
3557 1151 3770 1218 συνημμέ-

2246 1252 2356 1298 νοις
2388 1234 2470 1300 τὸ,
2513 1235 2627 1288 Οὐκ
2662 1236 2771 1306 ἄρα
2814 1228 3122 1302 ἐπίστασαι,
3153 1237 3236 1290 ὅτι
3275 1238 3553 1308 τέθνηκας.
3583 1241 3771 1296 Τοιοῦτίν

2246 1326 2299 1379 τί
2348 1329 2464 1380 ἐστι
2509 1328 2605 1382 καὶ
2648 1330 2777 1398 περὶ
2825 1328 2922 1400 τὴν
2953 1329 3159 1382 Κέλσου
3194 1331 3470 1395 ὑπόθεσιν,
3500 1331 3705 1401 λέγοντος
3725 1337 3770 1404 ἦν

2246 1417 2650 1492 προεξεθέμεθα
2683 1420 2854 1488 λέξιν.

2330 1601 2466 1656 Ἀλλ’
2519 1603 2625 1656 οὐδ’
2661 1603 2805 1676 ειπερ
2857 1607 2913 1658 ἐν
2975 1606 3231 1660 ὑποθέσει
3291 1608 3676 1680 παρειλήφαμεν
3718 1613 3769 1676 (l)

2245 1694 2604 1766 παραπλήσιά
2631 1697 2750 1748 ἐστι
2785 1699 2908 1760 ταῖς
2948 1698 3076 1769 περὶ
3124 1698 3301 1770 Ἰησοῦ
3346 1702 3685 1771 προφητείαις.
3717 1704 3770 1754 0-3

561 1799 666 1853 que
692 1786 841 1840 enim
875 1786 978 1840 illae
1017 1787 1388 1856 prtedixerunt
1417 1788 1585 1843 Deum
1621 1793 1767 1843 cruci
1801 1787 2019 1843 aiilxum
2051 1790 2138 1856 iri,

2248 1784 2349 1856 γὰρ
2383 1787 2641 1856 προεῖπον
2682 1788 2737 1839 αἱ
2773 1789 3100 1858 προφητεῖαι
3143 1787 3276 1841 Θεὸν
3339 1789 3768 1861 σταυρωθῄσεσθαι,

560 1893 683 1932 ειιιιι
719 1878 784 1933 de
813 1893 878 1932 eo
923 1879 1016 1947 Qui
1061 1890 1294 1935 mortem
1324 1881 1512 1947 subiit,
1547 1882 1730 1936 dicant
1765 1903 1778 1936 :
1815 1880 1883 1935 Et
1916 1885 2142 1937 vidimus

561 1984 701 2034 eum,
735 1980 782 2023 et
819 1987 924 2024 non
970 1970 1194 2024 habebat
1241 1973 1482 2041 speciem,
1534 1989 1698 2043 neque
1735 1975 2004 2034 decorem;
2051 1974 2142 2028 sed

561 2059 756 2123 species
785 2059 902 2128 ejus
933 2057 1190 2114 inhonora
1213 2071 1258 2114 et
1283 2062 1532 2130 deﬁciens
1556 2081 1666 2132 pra:
1688 2063 1816 2132 ﬁliis
1849 2066 2140 2131 hominum,

562 2150 716 2204 homo
750 2151 807 2205 in
834 2153 992 2222 plaga
1041 2162 1089 2207 et
1136 2153 1338 2218 dolore,
1383 2165 1432 2208 et
1474 2156 1643 2209 sciens
1669 2156 1807 2224 ferre
1848 2156 2139 2224 inﬁrmita-

564 2251 664 2294 tem
691 2241 758 2294 ’⁸.
796 2241 931 2297 Vide
975 2252 1034 2298 ut
1071 2243 1353 2312 sapienter
1399 2244 1640 2300 dixerint
1716 2247 1989 2301 hominem
2024 2261 2144 2302 esse

562 2332 654 2400 qui
689 2331 929 2387 humana
955 2349 1146 2403 passus
1174 2344 1280 2393 est.
1311 2335 1376 2392 Et
1403 2335 1565 2392 Jesns
1601 2338 1714 2407 ipse
1744 2354 1866 2393 cum
1896 2340 2142 2409 apprime

563 2425 731 2479 sciret
760 2425 812 2479 id
845 2425 989 2494 quod
1021 2427 1343 2482 moriturum
1373 2438 1512 2493 erat,
1551 2428 1822 2482 hominem
1857 2444 1999 2496 esse,
2027 2431 2142 2484 suis

566 2517 982 2574 insidiatoribus
1011 2518 1127 2574 ait:
1163 2516 1321 2572 Nunc
1357 2529 1533 2573 autem
1579 2519 1818 2588 qua’ritis
1854 2535 1934 2572 me
1982 2519 2169 2572 inter-.

561 2610 1057 2677 ficere,hominem,
1112 2614 1202 2680 qui
1259 2611 1527 2664 veritatem
1581 2611 1725 2664 vobis
1778 2610 1984 2663 locu-tus
2025 2625 2140 2664 sunt

560 2717 720 2771 quam
750 2701 935 2756 audivi
975 2719 1007 2756 a
1038 2701 1147 2756 Deo
1193 2702 1261 2756 °‘.
1298 2701 1451 2769 Quod
1483 2702 1528 2756 si
1577 2702 1704 2770 quid
1746 2700 1986 2755 divinum
2025 2709 2142 2754 erat

563 2790 619 2845 in
673 2790 767 2845 illo
809 2792 1030 2846 homine
1075 2807 1238 2861 quem
1286 2792 1650 2861 assumpsisse
1708 2791 2138 2862 intelligebatur,

561 2881 824 2935 nimirum
890 2881 1218 2951 Unigenitns
1271 2881 1364 2936 Dei
1413 2881 1494 2945 ⁸⁷,
1536 2879 1912 2949 primogenitus
1973 2881 2140 2932 omnis

562 2979 823 3026 creatura:
846 2970 928 3038 ";
977 2971 1065 3026 ille
1100 2971 1191 3040 qui
1226 2971 1293 3026 de
1327 2985 1386 3026 se
1413 2969 1545 3024 dicit
1572 2983 1586 3021 :
1619 2966 1732 3038 Ego
1765 2985 1882 3022 sum
1909 2968 2138 3032 veritas;

564 3070 619 3116 et
645 3079 660 3117 :
698 3061 809 3132 Ego
833 3077 950 3116 sum
971 3062 1078 3116 vita
1108 3059 1178 3129 ⁹⁹;
1207 3069 1262 3115 et
1289 3077 1304 3115 :
1336 3059 1451 3130 Ego
1473 3075 1584 3113 sum
1611 3064 1804 3112 ostium
1829 3060 1870 3125 ¹;
1893 3068 1990 3117 et:
2030 3059 2138 3128 Ego

563 3170 679 3207 sum
719 3157 847 3218 via;
883 3164 934 3208 et
965 3169 981 3209 :
1020 3152 1131 3222 Ego
1161 3170 1279 3207 sum
1323 3154 1472 3222 panis
1507 3153 1650 3206 vivus
1688 3152 1779 3222 qui
1811 3151 1874 3205 de
1901 3152 2026 3205 creto
2052 3154 2116 3206 de
2171 3136 2213 3194 (ἶ

563 3245 741 3299 scendi
767 3247 822 3309 ';
860 3248 926 3298 de
973 3259 1039 3300 eo
1084 3246 1308 3316 ejusque
1363 3255 1555 3298 natura
1589 3244 1744 3313 longe
1787 3244 1890 3297 alia
1927 3247 2140 3299 ratione

559 3337 918 3406 iudicandum
955 3345 1040 3390 est
1070 3350 1133 3389 ac
1162 3335 1227 3390 de
1261 3335 1482 3389 homine
1511 3334 1604 3404 qui
1639 3335 1690 3387 in
1726 3330 1854 3387 Jesu
1900 3348 2021 3388 esse
2057 3333 2144 3386 in-

566 3428 851 3499 telligitur.
897 3427 1049 3482 Unde
1077 3426 1279 3481 nullum
1323 3423 1693 3480 Christianum
1727 3425 1912 3480 videas
1944 3425 2029 3480 vel
2061 3425 2144 3478 in-

567 3528 652 3574 ter
684 3520 1120 3589 sitnplicissimos
1181 3529 1238 3574 et
1290 3518 1742 3588 exquisitioribus
1793 3518 1989 3572 studiis
2040 3517 2144 3571 mi-

565 3613 713 3668 nime
763 3612 1078 3679 innutritos,
1110 3611 1204 3680 qui
1253 3610 1439 3665 dicant
1471 3617 1743 3664 mortuam
1779 3623 1903 3664 esse
1937 3610 2142 3665 verita-

566 3715 699 3774 tem,
739 3715 836 3758 aut
879 3704 1070 3772 vitam,
1103 3711 1196 3757 aut
1226 3702 1394 3765 viam,
1447 3709 1541 3755 aut
1585 3715 1777 3771 panem
1825 3701 2004 3755 vivum
2049 3701 2137 3771 qui

568 3798 637 3854 de
673 3796 813 3853 coelo
855 3795 1158 3860 descendit,
1204 3804 1299 3850 aut
1341 3794 1817 3848 resurrectionem
1872 3794 1961 3847 Ait
1991 3795 2135 3848 cutim

563 3904 623 3944 se
683 3905 806 3945 esse
855 3887 1306 3943 resurrectionem
1359 3886 1482 3949 ille,
1533 3885 1625 3954 qui
1678 3886 1728 3939 in
1775 3886 1992 3941 homine
2031 3901 2138 3956 quo

561 3978 723 4037 Iesus
760 3982 981 4036 indutus
1019 3980 1330 4044 videbatur,
1374 3976 1608 4032 docebat
1653 3978 1795 4032 istud
1825 3995 1839 4031 :
1871 3976 1984 4048 Ego
2021 3994 2138 4032 sum

561 4074 878 4128 resurrectio
932 4072 975 4125 ³.
1044 4072 1151 4127 Sed
1216 4087 1393 4141 neque
1442 4081 1685 4126 nostrum
1749 4071 1889 4126 ullus
1935 4081 2019 4126 est
2066 4072 2139 4125 ita

562 4174 745 4220 mente
781 4173 996 4235 captus,
1043 4172 1103 4218 ut
1147 4164 1338 4218 dicat:
1385 4161 1502 4216 Vita
1551 4174 1759 4217 mortua
1799 4171 1898 4227 est,
1931 4171 2136 4216 mortua

559 4267 634 4313 est
674 4257 1016 4312 resurrectio.
1061 4254 1266 4310 Locum
1301 4254 1536 4310 fortasse
1572 4255 1799 4310 haberet
1832 4254 1973 4310 Celsi
2005 4271 2134 4323 snp-

561 4349 780 4418 positio,
809 4350 854 4404 si
901 4348 1206 4403 diceremus
1237 4362 1265 4399 a
1302 4347 1585 4417 prophetis
1612 4345 1782 4400 fuisse
1817 4347 2134 4416 praedictum

557 4439 697 4504 fore,
733 4451 791 4495 nt
825 4449 924 4494 aut
976 4440 1117 4494 Deus
1173 4439 1422 4503 verbum,
1473 4446 1568 4491 aut
1613 4438 1842 4502 veritas,
1881 4445 1975 4490 aut
2004 4438 2133 4500 vita,

559 4543 654 4586 ant
683 4533 1042 4597 resurrectio,
1097 4537 1193 4586 aut
1241 4531 1372 4599 quid
1425 4529 1575 4592 aliud
1629 4522 1842 4596 eorum,
1873 4545 1992 4599 qua:
2037 4529 2132 4584 Dei

561 4623 729 4682 Filius
757 4639 881 4682 esse
909 4641 967 4682 se
1000 4624 1282 4696 praedicat,
1320 4631 1645 4683 moreretur.

631 4718 720 4774 l7.
760 4719 876 4776 Hoc
922 4719 1089 4791 igitur
1135 4718 1254 4774 loco
1299 4719 1350 4772 id
1397 4731 1561 4770 unum
1592 4714 1735 4770 Celsi
1784 4729 1972 4769 verum
2003 4722 2133 4769 est:

653 4884 700 4917 °'
734 4885 837 4943 lsa.
867 4901 965 4950 LII,
997 4885 1054 4950 2,
1082 4887 1136 4940 5.
1213 4884 1260 4916 ⁸⁸
1289 4881 1446 4938 Joan.
1481 4898 1600 4947 vnt,
1627 4879 1717 4936 40.

563 4955 583 4986 ²
611 4952 771 5009 Joan.
801 4970 876 5012 vr.
909 4955 998 5010 50.
1075 4956 1096 4987 ³
1126 4953 1284 5011 Joan.
1319 4970 1396 5021 xu,
1429 4953 1519 5008 25.

628 5119 737 5192 (97)
762 5122 831 5175 Ei
857 5119 1202 5192 ἐπίστασαι,
1230 5131 1336 5179 etc.
1356 5123 1518 5176 Deest
1544 5121 1774 5192 alterum
1797 5133 1835 5192 ei
1853 5119 2136 5192 connexis,

564 5190 814 5260 monente
844 5191 1084 5246 Valesio.
1113 5191 1202 5244 Sic
1240 5194 1406 5260 igitur
1433 5193 1660 5244 restitue
1692 5207 1706 5243 :
1733 5190 1794 5242 Et
1823 5191 2136 5252 ἐπίστασαι,

560 5258 646 5332 ὅτι
671 5258 1356 5332 τέθνηκαςητέθνηκαςξΕἰ
1382 5261 1692 5323 ἐπίστασαι,
1730 5261 1812 5313 ὅτι
1847 5261 2133 5331 τέθνηκας,

561 5330 620 5451 ab
643 5330 928 5451 ἱέξνηκας.
963 5331 1086 5386 Mox
1132 5330 1449 5388 Boherellus
1479 5332 1630 5385 addit
1682 5332 1791 5384 καίη
1817 5343 1945 5386 ante
1998 5332 2133 5384 ἀκο-

595 5416 652 5451 Ου
691 5416 716 5451 ε
746 5442 760 5451 .

595 5403 760 5454 ουθεϊ.

634 5467 856 5540 (98)οὐ
899 5469 1210 5537 τέθνηκας.
1254 5471 1399 5524 Bene
1446 5470 1694 5525 Valesius
1725 5469 1868 5525 delet
1915 5469 1998 5524 οὐ.
2033 5469 2132 5540 se-

563 5539 784 5611 quentia
818 5541 1061 5611 νςῐορκαὶ
1083 5540 1229 5595 ἐστιν
1258 5540 1287 5593 ὂ
1308 5540 1617 5602 ἐπίστασαι,
1647 5540 1706 5592 οὺ
1734 5539 2022 5611 τέθνηκας,
2055 5539 2135 5594 sic

561 5605 808 5678 corrigit.
850 5605 1174 5680 Ἐπίστασαι,
1208 5612 1290 5664 ὅτι
1337 5611 1624 5680 τέθνηκας.
1663 5613 1734 5664 At
1795 5605 2126 5675 Bohercllns,

561 5690 658 5744 pro
690 5676 831 5740 istis,
856 5676 950 5728 καὶ
978 5678 1122 5732 ἔστιν
1159 5681 1206 5744 ὃ,
1241 5695 1361 5748 quae
1407 5676 1651 5735 Valesius
1702 5683 1926 5736 omnino
1965 5681 2127 5742 delet,

565 5749 674 5804 hwc
701 5748 1008 5819 reponenda
1037 5759 1207 5819 putat,
1241 5749 1400 5802 τοῦτο
1432 5749 1559 5820 ἄρα.
1591 5750 1665 5826 ,υι
1700 5753 1792 5818 sit,
1829 5750 1984 5803 τοῦτο
2021 5749 2130 5819 ἄρα

1821 4881 1867 4912 ’⁷
1901 4879 2059 4936 Joan.
2093 4896 2131 4942 ι,
2165 4879 2252 4933 M.

2244 1875 2444 1940 αἵτινές
2473 1893 2604 1945 φασι
2627 1877 2758 1948 περὶ
2780 1876 2875 1930 τοῦ
2902 1878 3303 1949 ἀναδεξαμένου
3331 1877 3421 1932 τὸν
3451 1880 3669 1934 θάνατον·
3691 1883 3766 1934 Καὶ

2243 1962 2484 2032 εἴδομεν
2510 1964 2718 2027 αὑτὸν,
2750 1966 2850 2018 καὶ
2882 1968 2992 2020 οὐκ
3023 1967 3189 2036 εῖχεν
3216 1965 3400 2035 εἶδος,
3423 1969 3556 2023 οὐδὲ
3577 1971 3766 2035 nium,

2245 2054 2404 2108 ἀλλὰ
2437 2055 2502 2108 τὸ
2536 2051 2695 2120 εἶδος
2750 2057 2936 2111 αὑτοῦ
2966 2056 3180 2126 ἄτιμον
3226 2061 3325 2112 καὶ
3359 2060 3624 2114 ἐκλεῖπον
3652 2066 3768 2127 παρὰ

2243 2144 2386 2209 τοὺς
2426 2144 2594 2210 υἱοὺς
2640 2145 2757 2198 τῶν
2803 2145 3146 2214 ἀνθρώπων·
3182 2147 3493 2217 ἄνθρωπος
3529 2150 3592 2203 ἐν
3615 2149 3764 2216 πληγῇ

2243 2234 2328 2290 ὢν
2370 2237 2470 2290 καὶ
2497 2238 2680 2303 πόνῳ,
2729 2239 2826 2291 καὶ
2873 2239 3045 2305 εἰδὼς
3080 2240 3286 2310 φέρειν
3335 2244 3637 2312 μαλακίαν.
3663 2244 3764 2311 Ὅρα

2245 2321 2361 2390 οὖν,
2422 2326 2608 2395 σαφῶς
2651 2327 2725 2397 (2)
2773 2327 3357 2402 ἄνθρωπον-εἰρήκασι
3405 2334 3494 2386 τὸν
3532 2331 3764 2386 πεπονθότα

2245 2417 2576 2491 ἀνθρώπινα.
2626 2421 2737 2472 Καὶ
2789 2421 2951 2484 αὐτὸς
2993 2421 3236 2494 ἀκριϐῶς
3288 2423 3444 2488 εἰδὼς
3493 2424 3681 2497 Ἰησοῦς,
3707 2425 3765 2476 ὃτι

2245 2507 2304 2560 τὸ
2329 2507 2670 2578 ἀποθνῆσκον
2703 2509 2800 2564 ἄνθ
2811 2527 2990 2578 ρωπος
3022 2507 3110 2582 ἦν,
3139 2513 3274 2582 φησι
3301 2514 3439 2584 πρὸς
3467 2512 3767 2576 coegit-.1694-

2243 2597 2496 2661 λεύοντας
2557 2598 2736 2669 αὐτῷ·
2787 2599 2917 2653 Νῦν
2967 2601 3035 2654 δὲ
3079 2599 3298 2670 ζητεῖτέ
3337 2621 3415 2672 με
3464 2602 3765 2665 ἀποκτεῖναι,

2244 2688 2576 2758 ἄνθρωπον,
2612 2690 2680 2756 ὃς
2709 2690 2826 2759 τὴν
2863 2692 3157 2761 ἀλήθειαν
3187 2695 3331 2765 ὑμῖν
3372 2697 3672 2762 λελάληκα,
3709 2694 3769 2758 ἦν

2245 2781 2489 2852 ἤκουσα
2530 2782 2692 2852 παρὰ
2727 2785 2835 2838 τοῦ
2880 2785 3146 2858 Θεοῦ(5).
3195 2789 3258 2840 Εἰ
3306 2787 3362 2842 δέ
3405 2806 3455 2840 τι
3489 2789 3614 2841 θεῖον
3641 2788 3686 2842 ἐν
3711 2787 3770 2855 τῷ

2245 2875 2363 2928 κατ’
2396 2873 2556 2928 αὐτὸν
2584 2877 2857 2948 νοουμένῳ
2879 2877 3151 2950 ἀνθρώπῳ
3183 2879 3494 2950 ἐτύγχανεν,
3519 2881 3640 2951 ὅπερ
3663 2873 3715 2949 ἦν
3743 2880 3766 2930 ’5

2248 2967 2558 3038 Μονογενὴς
2590 2967 2683 3020 τοῦ
2701 2969 2859 3032 Θεοῦ,
2874 2970 2967 3023 καὶ
2991 2973 3019 3023 ὁ
3048 2973 3428 3038 Πρωτότοκος
3449 2970 3632 3038 πάσης
3642 2972 3771 3024 κτίσ-

2266 3069 2395 3119 εως,
2429 3054 2456 3106 ὁ
2491 3054 2698 3123 λέγωνη
2732 3056 2880 3125 Ἐγώ
2904 3060 3018 3127 ειμι
3049 3060 3087 3126 ἡ
3121 3060 3396 3126 ἀλήθεια,
3426 3060 3773 3130 καὶ,⁹Εγώεἱμι

2248 3142 2432 3214 ἠζωὴ,
2451 3149 2564 3212 καὶ,
2595 3147 2741 3217 Ἐγώ
2771 3151 2885 3213 εἰμι
2912 3151 3133 3218 ἠθύρα,
3159 3149 3279 3215 καὶ,
3312 3153 3455 3224 Ἐγώ
3474 3153 3624 3222 claui
3643 3152 3769 3215 ὁδὸς,

2247 3235 2335 3290 καὶ
2348 3277 2362 3300 ,
2379 3238 2526 3308 Ἐγώ
2544 3241 2658 3308 εἶμι
2675 3243 2708 3295 ὀ
2728 3240 2906 3309 ἄρτος
2922 3245 2953 3295 ὁ
2969 3241 3097 3307 ζῶν,
3120 3247 3152 3296 ό
3170 3246 3238 3297 ἐκ
3259 3245 3364 3299 τοῦ
3385 3245 3621 3313 οὐρανοῦ
3639 3259 3774 3297 κατα-

2247 3329 2374 3396 6άς⁹
2403 3330 2558 3394 ἄλλος
2579 3331 2750 3403 δήπου
2778 3335 2807 3386 ὁ
2839 3335 2966 3405 περὶ
2989 3335 3178 3388 τούτου
3212 3337 3306 3390 καὶ
3332 3336 3431 3408 τῆς
3454 3337 3618 3400 οὐσίας
3639 3333 3772 3390 αὑτοῦ

2245 3421 2402 3490 λόγος
2447 3423 2563 3475 ἐστὶ
2613 3423 2765 3495 παρὰ
2810 3425 2898 3479 τὸν
2937 3425 3064 3498 περὶ
3105 3426 3196 3480 τοῦ
3235 3429 3516 3499 νοουμένου
3551 3428 3668 3482 κατὰ
3696 3426 3775 3477 τὸν

2259 3499 2465 3583 Ἰησοῦν
2498 3513 2810 3585 ἀνθρώπου.
2843 3516 3041 3588 Διόπερ
3073 3519 3182 3572 οὐδ’
3220 3523 3270 3572 οἱ
3304 3521 3440 3574 πάνυ
3470 3519 3772 3574 ἁπλούστατοι

2245 3606 2337 3659 καὶ
2375 3605 2550 3674 λόγοις
2590 3607 2690 3660 οὐκ
2717 3608 3141 3681 ἐντεθραμμένοι
3173 3612 3526 3678 ὲξεταστικοῖς
3554 3615 3774 3684 Χριστιαο

2244 3697 2323 3750 vol
2362 3698 2563 3751 εἴποιεν
2588 3701 2652 3752 ἂν
2678 3700 2996 3772 τεθνηκέναι
3030 3703 3129 3774 τὴν
3159 3704 3436 3776 ἀλήθειαν,
3468 3705 3499 3777 ἢ
3527 3705 3612 3776 τὴν
3634 3701 3770 3771 ζωὴν.

2243 3793 2274 3865 ἦ
2307 3794 2404 3865 τὴν
2436 3793 2574 3857 ὁδὸν,
2597 3792 2630 3863 ἢ
2660 3792 2749 3845 τὸν
2772 3794 2832 3858 ἐξ
2852 3795 3079 3864 οὐρανοῦ
3106 3795 3420 3850 καταϐάντα
3445 3795 3601 3862 ζῶντα
3618 3796 3771 3865 ἄρτον,

2241 3885 2274 3956 ἦ
2303 3886 2401 3956 τὴν
2433 3886 2744 3939 ἀνάστασινο
2785 3887 2918 3956 φησὶ
2942 3885 3051 3957 γὰρ
3085 3887 3274 3940 ἑαυτὸν
3315 3889 3586 3942 ἀνάστασιν
3609 3880 3725 3938 εἶναι
3749 3883 3773 3932 ὁ

2242 3978 2300 4031 ἐν
2331 3976 2408 4046 τῷ
2439 3976 2748 4047 φαινομένῳ
2783 3976 3056 4049 ἀνθρώπῳ
3083 3979 3225 4033 κατὰ
3249 3979 3341 4032 τὸν
3380 3978 3570 4050 Ἰησοῦν
3590 3973 3774 4038 διδάξας

2239 4068 2324 4134 τὸ,
2365 4066 2512 4138 Ἐγώ
2543 4070 2657 4136 εἰμι
2693 4069 2729 4137 ή
2769 4067 3126 4136 ἀνάστασις.
3145 4071 3306 4124 Ἀλλά
3335 4071 3426 4124 καὶ
3451 4071 3604 4132 οὐδεὶς
3623 4066 3773 4126 οὕτως

2241 4159 2607 4231 ὲμϐρόντητος
2641 4159 2798 4231 ὴμῶν
2827 4163 2995 4224 ἐστιν,
3031 4162 3097 4215 ἵν’
3131 4161 3286 4235 εἴπῃ·
3327 4163 3593 4230 Τέθνηκεν
3613 4158 3798 4228 viti-tiu,

2240 4251 2277 4319 ἢ
2313 4250 2601 4319 τέθνηκεν
2647 4253 2684 4318 ἡ
2729 4251 3087 4320 ἀνάστασις.
3122 4250 3233 4308 Ἦν
3269 4255 3313 4307 δ’
3349 4255 3413 4308 ἂν
3451 4253 3507 4307 τὸ
3542 4253 3626 4322 τῆς
3652 4251 3773 4302 ὐπο-

2239 4343 2441 4406 θέσεως
2464 4344 2557 4397 τοῦ
2587 4341 2799 4398 Κέλσου
2831 4345 3015 4418 χώραν
3048 4345 3193 4416 ἕχον,
3231 4350 3277 4400 εἰ
3308 4348 3590 4417 ἐφάσκομιν
3612 4357 3773 4411 epos:-

2243 4437 2467 4508 ρηκέναι
2499 4436 2624 4500 τοὺς
2649 4439 2938 4509 προφήτας
2965 4437 3319 4510 τεθνήξεσθαι
3353 4437 3437 4492 τὸν
3465 4437 3580 4492 Θεὸν
3603 4433 3769 4498 Λόγον.

2239 4530 2275 4601 ἦ
2304 4530 2402 4600 τὴν
2431 4529 2709 4600 ἀλήθειαν,
2743 4529 2778 4600 ἦ
2809 4530 2908 4601 τὴν
2937 4527 3102 4600 ζωὴν,
3138 4530 3171 4601 ἦ
3216 4530 3312 4602 τὴν
3359 4531 3631 4588 ἀνάπασιν,
3664 4524 3699 4592 ἦ
3725 4540 3771 4573 τι

2241 4621 2349 4676 τῶν
2379 4621 2572 4684 ἄλλων,
2609 4619 2646 4676 ἃ.
2677 4638 2844 4691 φησιν
2876 4617 3015 4675 εἶναι
3043 4624 3073 4676 ὁ
3103 4620 3234 4686 Υἱὸς
3263 4621 3357 4675 τοῦ
3387 4619 3528 4676 Θεοῦ.

2328 4712 2606 4784 ’Δληθεύει
2666 4709 2761 4767 οὖν
2819 4715 2876 4768 ὲν
2931 4713 3078 4785 μόνῳ
3109 4713 3253 4768 κατὰ
3283 4714 3372 4768 τὸν
3413 4707 3602 4767 τόπονὸ
3641 4704 3773 4760 Keil-

2333 4879 2378 4911 ’⁸
2403 4876 2611 4934 Coloss.
2645 4893 2686 4943 t,
2727 4877 2818 4932 15.
2916 4877 2960 4912 ”
2990 4875 3148 4932 Joan.
3186 4893 3297 4945 xiv,
3325 4878 3377 4932 (i.
3453 4873 3615 4929 ‘Joan.
3643 4883 3698 4933 ς,
3723 4865 3772 4918 9.

2242 5117 2553 5180 ἐπίστασαι,
2577 5116 2658 5170 ὅτι
2684 5111 2976 5187 τέθνηκας.
3055 5183 3095 5188 __
3138 5183 3150 5188 _
3221 5186 3231 5188 _
3415 5180 3477 5188 η,
3567 5176 3577 5188 ,
3634 5172 3648 5188 ,

2307 5190 2416 5258 (99)
2468 5176 2849 5241 Ἐπίστασαί
2880 5176 3023 5240 Bene
3055 5183 3320 5246 Valesius,
3378 5180 3513 5235 οὐδὲν
3564 5176 3779 5226 ἐπίσταο

2238 5276 2382 5400 cmil)
2408 5326 2754 5400 ﬂqaschelins
2786 5329 2842 5382 in
2900 5334 3070 5390 textu,
3110 5326 3172 5400 έν
3215 5309 3764 5400 ὑποθέσεσι

2237 5394 2440 5471 φαμὲν.
2463 5396 2781 5454 Boherellus
2813 5412 2910 5468 pro
2950 5394 3383 5468 παρειλήφαμεν,
3435 5394 3545 5459 legit
3584 5397 3774 5454 παρει-

2419 5539 2558 5615 Ὅρα
2597 5529 2726 5615 οὖν,
2755 5536 2983 5615 σαξῷς.
3017 5533 3165 5615 Lege
3216 5552 3336 5615 cum
3375 5523 3650 5615 ponerello.
3680 5522 3774 5592 ap:

2239 5602 2554 5694 tbc:_da§p.d3s.
2583 5608 2810 5694 yelcum
2833 5602 3050 5671 Gnicto,
3075 5607 3176 5694 §pa
3207 5602 3298 5686 οὖν
3320 5603 3435 5694 (πῶς
3458 5602 3640 5668 σαῷς,

2311 5682 2387 5753 (5)
2419 5675 2759 5736 [lteschelius
2779 5681 2833 5735 in
2859 5687 3030 5744 textu,
3067 5675 3175 5731 ἀπὸ
3203 5676 3294 5730 τοῦ
3319 5675 3459 5728 Θεοῦ.
