  <div class='ocr_page' id='page_1' title='image "/cluster/home/n/w/nwhite01/storage/ocr_20150623/11/hvd.32044024345175/730.png"; bbox 0 0 3846 6406; ppageno 0'>
   <div class='ocr_carea' id='block_1_1' title="bbox 205 213 340 270">
    <p class='ocr_par' dir='ltr' id='par_1_1' title="bbox 205 213 340 270">
     <span class='ocr_line' id='line_1_1' title="bbox 205 213 340 270; baseline -0.015 0"><span class='ocrx_word' id='word_1_1' title='bbox 205 213 340 270; x_wconf 76' lang='grc' dir='ltr'>ιιιθ</span> 
     </span>
    </p>
   </div>
   <div class='ocr_carea' id='block_1_2' title="bbox 1358 192 2260 294">
    <p class='ocr_par' dir='ltr' id='par_1_2' title="bbox 1358 192 2260 294">
     <span class='ocr_line' id='line_1_2' title="bbox 1358 192 2260 294; baseline 0 -25"><span class='ocrx_word' id='word_1_2' title='bbox 1358 211 1637 269; x_wconf 80' lang='lat' dir='ltr'><strong>CONTRA</strong></span> <span class='ocrx_word' id='word_1_3' title='bbox 1677 192 1953 269; x_wconf 82' lang='lat' dir='ltr'><strong>CELSUM</strong></span> <span class='ocrx_word' id='word_1_4' title='bbox 1982 196 2106 294; x_wconf 75' lang='lat' dir='ltr'><strong>Lll_3_.</strong></span> <span class='ocrx_word' id='word_1_5' title='bbox 2143 211 2260 269; x_wconf 86' lang='lat' dir='ltr'><strong>vn.</strong></span> 
     </span>
    </p>
   </div>
   <div class='ocr_carea' id='block_1_3' title="bbox 3323 213 3460 272">
    <p class='ocr_par' dir='ltr' id='par_1_3' title="bbox 3323 213 3460 272">
     <span class='ocr_line' id='line_1_3' title="bbox 3323 213 3460 272; baseline 0.036 -5"><span class='ocrx_word' id='word_1_6' title='bbox 3323 213 3460 272; x_wconf 69' lang='lat'><strong>“50</strong></span> 
     </span>
    </p>
   </div>
   <div class='ocr_carea' id='block_1_4' title="bbox 203 325 1779 400">
    <p class='ocr_par' dir='ltr' id='par_1_4' title="bbox 203 327 1779 400">
     <span class='ocr_line' id='line_1_4' title="bbox 203 327 1779 400; baseline 0.001 -19"><span class='ocrx_word' id='word_1_7' title='bbox 203 330 276 392; x_wconf 86' lang='grc' dir='ltr'>ὡς</span> <span class='ocrx_word' id='word_1_8' title='bbox 315 327 452 400; x_wconf 83' lang='grc' dir='ltr'>πρὸς</span> <span class='ocrx_word' id='word_1_9' title='bbox 474 329 576 399; x_wconf 73' lang='grc' dir='ltr'><strong>τὴν</strong></span> <span class='ocrx_word' id='word_1_10' title='bbox 617 329 872 399; x_wconf 80' lang='grc' dir='ltr'><strong>ἱστορίαν,</strong></span> <span class='ocrx_word' id='word_1_11' title='bbox 909 327 1187 400; x_wconf 79' lang='grc' dir='ltr'>μηνίοντος</span> <span class='ocrx_word' id='word_1_12' title='bbox 1217 329 1350 400; x_wconf 77' lang='grc'><strong>(15),</strong></span> <span class='ocrx_word' id='word_1_13' title='bbox 1381 330 1447 382; x_wconf 81' lang='grc' dir='ltr'><strong>ἵν’</strong></span> <span class='ocrx_word' id='word_1_14' title='bbox 1472 331 1645 395; x_wconf 69' lang='grc' dir='ltr'>οὕτως</span> <span class='ocrx_word' id='word_1_15' title='bbox 1669 331 1779 383; x_wconf 84' lang='grc' dir='ltr'><strong>ὀνο-</strong></span> 
     </span>
    </p>
   </div>
   <div class='ocr_carea' id='block_1_5' title="bbox 1887 325 3460 400">
    <p class='ocr_par' dir='ltr' id='par_1_5' title="bbox 1887 325 3460 399">
     <span class='ocr_line' id='line_1_5' title="bbox 1887 325 3460 399; baseline 0.001 -15"><span class='ocrx_word' id='word_1_16' title='bbox 1887 344 2017 385; x_wconf 88' lang='lat' dir='ltr'><strong>sane</strong></span> <span class='ocrx_word' id='word_1_17' title='bbox 2040 327 2218 399; x_wconf 85' lang='lat' dir='ltr'><strong>quoad</strong></span> <span class='ocrx_word' id='word_1_18' title='bbox 2251 325 2535 382; x_wconf 70' lang='lat' dir='ltr'><strong>historiam</strong></span> <span class='ocrx_word' id='word_1_19' title='bbox 2584 327 2784 384; x_wconf 86' lang='lat' dir='ltr'><strong>factum</strong></span> <span class='ocrx_word' id='word_1_20' title='bbox 2827 338 2913 386; x_wconf 90' lang='lat' dir='ltr'><strong>est</strong></span> <span class='ocrx_word' id='word_1_21' title='bbox 2942 338 3064 399; x_wconf 87' lang='lat' dir='ltr'><strong>post</strong></span> <span class='ocrx_word' id='word_1_22' title='bbox 3090 329 3220 385; x_wconf 84' lang='lat' dir='ltr'><strong>Jesu</strong></span> <span class='ocrx_word' id='word_1_23' title='bbox 3252 334 3460 386; x_wconf 80' lang='lat' dir='ltr'><strong>adven-</strong></span> 
     </span>
    </p>
   </div>
   <div class='ocr_carea' id='block_1_6' title="bbox 207 416 1782 491">
    <p class='ocr_par' dir='ltr' id='par_1_6' title="bbox 207 416 1782 491">
     <span class='ocr_line' id='line_1_6' title="bbox 207 416 1782 491; baseline 0 -20"><span class='ocrx_word' id='word_1_24' title='bbox 207 421 381 491; x_wconf 81' lang='grc' dir='ltr'>μάσω,</span> <span class='ocrx_word' id='word_1_25' title='bbox 425 416 518 471; x_wconf 89' lang='grc' dir='ltr'><strong>τοῦ</strong></span> <span class='ocrx_word' id='word_1_26' title='bbox 553 417 713 481; x_wconf 85' lang='grc' dir='ltr'>Θεοῦ,</span> <span class='ocrx_word' id='word_1_27' title='bbox 751 418 1036 488; x_wconf 85' lang='grc' dir='ltr'>γεγένηται</span> <span class='ocrx_word' id='word_1_28' title='bbox 1072 419 1206 488; x_wconf 75' lang='grc' dir='ltr'>μετὰ</span> <span class='ocrx_word' id='word_1_29' title='bbox 1238 419 1334 489; x_wconf 72' lang='grc' dir='ltr'>τὴν</span> <span class='ocrx_word' id='word_1_30' title='bbox 1386 420 1562 488; x_wconf 83' lang='grc' dir='ltr'>Ἰησοῦ</span> <span class='ocrx_word' id='word_1_31' title='bbox 1597 420 1782 491; x_wconf 73' lang='grc' dir='ltr'>ἐπιδη-</span> 
     </span>
    </p>
   </div>
   <div class='ocr_carea' id='block_1_7' title="bbox 207 509 1780 583">
    <p class='ocr_par' dir='ltr' id='par_1_7' title="bbox 207 509 1780 583">
     <span class='ocr_line' id='line_1_7' title="bbox 207 509 1780 583; baseline 0 -19"><span class='ocrx_word' id='word_1_32' title='bbox 207 513 352 583; x_wconf 85' lang='grc' dir='ltr'>μίαν,</span> <span class='ocrx_word' id='word_1_33' title='bbox 387 510 536 581; x_wconf 70' lang='grc' dir='ltr'>ἥπερ</span> <span class='ocrx_word' id='word_1_34' title='bbox 557 509 803 578; x_wconf 78' lang='grc' dir='ltr'><strong>εὐλογίας</strong></span> <span class='ocrx_word' id='word_1_35' title='bbox 831 509 1187 572; x_wconf 75' lang='grc' dir='ltr'>ἀποδιδόντος.</span> <span class='ocrx_word' id='word_1_36' title='bbox 1231 510 1390 563; x_wconf 83' lang='grc' dir='ltr'>Ἀλλὰ</span> <span class='ocrx_word' id='word_1_37' title='bbox 1424 511 1517 564; x_wconf 76' lang='grc' dir='ltr'><strong>καὶ</strong></span> <span class='ocrx_word' id='word_1_38' title='bbox 1547 512 1780 582; x_wconf 77' lang='grc' dir='ltr'>περὶτοῦ</span> 
     </span>
    </p>
   </div>
   <div class='ocr_carea' id='block_1_8' title="bbox 203 601 1778 673">
    <p class='ocr_par' dir='ltr' id='par_1_8' title="bbox 203 601 1778 673">
     <span class='ocr_line' id='line_1_8' title="bbox 203 601 1778 673; baseline 0 -16"><span class='ocrx_word' id='word_1_39' title='bbox 203 607 257 658; x_wconf 78' lang='grc' dir='ltr'>ὲν</span> <span class='ocrx_word' id='word_1_40' title='bbox 274 601 839 673; x_wconf 76' lang='grc' dir='ltr'>ἐπαγγελίᾳείρῆσθαι</span> <span class='ocrx_word' id='word_1_41' title='bbox 855 601 1124 664; x_wconf 78' lang='grc' dir='ltr'><strong>Ἰουδαίοις</strong></span> <span class='ocrx_word' id='word_1_42' title='bbox 1141 602 1523 670; x_wconf 76' lang='grc' dir='ltr'>καταφονεύειν</span> <span class='ocrx_word' id='word_1_43' title='bbox 1541 605 1666 667; x_wconf 81' lang='grc' dir='ltr'>τοὺς</span> <span class='ocrx_word' id='word_1_44' title='bbox 1683 621 1778 656; x_wconf 85' lang='grc' dir='ltr'><strong>πο-</strong></span> 
     </span>
    </p>
   </div>
   <div class='ocr_carea' id='block_1_9' title="bbox 202 694 1781 768">
    <p class='ocr_par' dir='ltr' id='par_1_9' title="bbox 202 694 1781 768">
     <span class='ocr_line' id='line_1_9' title="bbox 202 694 1781 768; baseline 0.003 -22"><span class='ocrx_word' id='word_1_45' title='bbox 202 695 439 765; x_wconf 77' lang='grc' dir='ltr'>λεμίους,</span> <span class='ocrx_word' id='word_1_46' title='bbox 489 695 710 748; x_wconf 81' lang='grc' dir='ltr'><strong>λεκτέον</strong></span> <span class='ocrx_word' id='word_1_47' title='bbox 745 695 847 758; x_wconf 85' lang='grc' dir='ltr'>ὄτι,</span> <span class='ocrx_word' id='word_1_48' title='bbox 875 694 1028 758; x_wconf 77' lang='grc' dir='ltr'>εἴτις</span> <span class='ocrx_word' id='word_1_49' title='bbox 1063 695 1374 763; x_wconf 78' lang='grc' dir='ltr'>ἀναλέγοιτο</span> <span class='ocrx_word' id='word_1_50' title='bbox 1396 696 1491 749; x_wconf 71' lang='grc' dir='ltr'>καὶ</span> <span class='ocrx_word' id='word_1_51' title='bbox 1525 698 1781 768; x_wconf 79' lang='grc' dir='ltr'><strong>προσέχοι</strong></span> 
     </span>
    </p>
   </div>
   <div class='ocr_carea' id='block_1_10' title="bbox 202 783 1782 862">
    <p class='ocr_par' dir='ltr' id='par_1_10' title="bbox 202 783 1782 862">
     <span class='ocr_line' id='line_1_10' title="bbox 202 783 1782 862; baseline 0.003 -22"><span class='ocrx_word' id='word_1_52' title='bbox 202 785 476 857; x_wconf 78' lang='grc' dir='ltr'><strong>ἐπιμελῶς</strong></span> <span class='ocrx_word' id='word_1_53' title='bbox 522 787 643 848; x_wconf 88' lang='grc' dir='ltr'>ταῖς</span> <span class='ocrx_word' id='word_1_54' title='bbox 673 785 903 850; x_wconf 83' lang='grc' dir='ltr'><strong>λέξεσιν,</strong></span> <span class='ocrx_word' id='word_1_55' title='bbox 947 783 1093 858; x_wconf 79' lang='grc' dir='ltr'>εὖροι</span> <span class='ocrx_word' id='word_1_56' title='bbox 1125 786 1190 840; x_wconf 85' lang='grc' dir='ltr'><strong>ἂν</strong></span> <span class='ocrx_word' id='word_1_57' title='bbox 1228 786 1486 843; x_wconf 77' lang='grc' dir='ltr'>ἀδύνατον</span> <span class='ocrx_word' id='word_1_58' title='bbox 1517 785 1656 844; x_wconf 80' lang='grc' dir='ltr'>εἶναι</span> <span class='ocrx_word' id='word_1_59' title='bbox 1686 791 1782 862; x_wconf 77' lang='grc' dir='ltr'><strong>τὴν</strong></span> 
     </span>
    </p>
   </div>
   <div class='ocr_carea' id='block_1_11' title="bbox 200 877 1782 952">
    <p class='ocr_par' dir='ltr' id='par_1_11' title="bbox 200 877 1782 952">
     <span class='ocr_line' id='line_1_11' title="bbox 200 877 1782 952; baseline 0.001 -22"><span class='ocrx_word' id='word_1_60' title='bbox 200 879 272 941; x_wconf 80' lang='grc' dir='ltr'>ὡς</span> <span class='ocrx_word' id='word_1_61' title='bbox 297 877 438 949; x_wconf 74' lang='grc' dir='ltr'>πρὸς</span> <span class='ocrx_word' id='word_1_62' title='bbox 463 877 523 931; x_wconf 80' lang='grc' dir='ltr'><strong>τὸ</strong></span> <span class='ocrx_word' id='word_1_63' title='bbox 558 878 719 949; x_wconf 77' lang='grc' dir='ltr'>ῥητὸν</span> <span class='ocrx_word' id='word_1_64' title='bbox 765 877 1008 948; x_wconf 81' lang='grc' dir='ltr'>ὲκδοχήν.</span> <span class='ocrx_word' id='word_1_65' title='bbox 1050 879 1233 948; x_wconf 79' lang='grc' dir='ltr'>Ἀρκεῖ</span> <span class='ocrx_word' id='word_1_66' title='bbox 1262 878 1306 930; x_wconf 87' lang='grc' dir='ltr'>δ’</span> <span class='ocrx_word' id='word_1_67' title='bbox 1338 880 1432 931; x_wconf 74' lang='grc' dir='ltr'>ἐπὶ</span> <span class='ocrx_word' id='word_1_68' title='bbox 1463 879 1553 932; x_wconf 89' lang='grc' dir='ltr'><strong>τοῦ</strong></span> <span class='ocrx_word' id='word_1_69' title='bbox 1581 881 1782 952; x_wconf 86' lang='grc' dir='ltr'>παρόν-</span> 
     </span>
    </p>
   </div>
   <div class='ocr_carea' id='block_1_12' title="bbox 202 968 1785 1042">
    <p class='ocr_par' dir='ltr' id='par_1_12' title="bbox 202 968 1785 1042">
     <span class='ocr_line' id='line_1_12' title="bbox 202 968 1785 1042; baseline 0.001 -20"><span class='ocrx_word' id='word_1_70' title='bbox 202 987 287 1032; x_wconf 87' lang='grc' dir='ltr'><strong>τος</strong></span> <span class='ocrx_word' id='word_1_71' title='bbox 321 970 430 1022; x_wconf 84' lang='grc' dir='ltr'>ἀπὸ</span> <span class='ocrx_word' id='word_1_72' title='bbox 456 969 566 1021; x_wconf 73' lang='grc' dir='ltr'>τῶν</span> <span class='ocrx_word' id='word_1_73' title='bbox 591 968 822 1039; x_wconf 73' lang='grc' dir='ltr'>ψαλμῶν</span> <span class='ocrx_word' id='word_1_74' title='bbox 857 969 1214 1038; x_wconf 76' lang='grc' dir='ltr'><strong>παραθέσθαι,</strong></span> <span class='ocrx_word' id='word_1_75' title='bbox 1243 969 1364 1024; x_wconf 88' lang='grc' dir='ltr'>τίνα</span> <span class='ocrx_word' id='word_1_76' title='bbox 1402 972 1599 1042; x_wconf 78' lang='grc' dir='ltr'><strong>τρόπον</strong></span> <span class='ocrx_word' id='word_1_77' title='bbox 1637 974 1665 1026; x_wconf 97' lang='lat'><strong>6</strong></span> <span class='ocrx_word' id='word_1_78' title='bbox 1714 973 1785 1025; x_wconf 86' lang='grc' dir='ltr'>δί-</span> 
     </span>
    </p>
   </div>
   <div class='ocr_carea' id='block_1_13' title="bbox 202 1059 1783 1130">
    <p class='ocr_par' dir='ltr' id='par_1_13' title="bbox 202 1059 1783 1130">
     <span class='ocr_line' id='line_1_13' title="bbox 202 1059 1783 1130; baseline 0.002 -18"><span class='ocrx_word' id='word_1_79' title='bbox 202 1077 350 1122; x_wconf 74' lang='grc' dir='ltr'>καιος</span> <span class='ocrx_word' id='word_1_80' title='bbox 379 1060 662 1127; x_wconf 77' lang='grc' dir='ltr'><strong>εἰσάγεται</strong></span> <span class='ocrx_word' id='word_1_81' title='bbox 689 1060 860 1127; x_wconf 86' lang='grc' dir='ltr'>λέγων</span> <span class='ocrx_word' id='word_1_82' title='bbox 895 1059 1030 1130; x_wconf 74' lang='grc' dir='ltr'>πρὸς</span> <span class='ocrx_word' id='word_1_83' title='bbox 1063 1060 1270 1130; x_wconf 76' lang='grc' dir='ltr'>ἑτέροις</span> <span class='ocrx_word' id='word_1_84' title='bbox 1295 1063 1389 1114; x_wconf 75' lang='grc' dir='ltr'>καὶ</span> <span class='ocrx_word' id='word_1_85' title='bbox 1421 1063 1503 1121; x_wconf 87' lang='grc' dir='ltr'><strong>τὸ,</strong></span> <span class='ocrx_word' id='word_1_86' title='bbox 1541 1066 1644 1129; x_wconf 75' lang='grc' dir='ltr'><strong>Εἰς</strong></span> <span class='ocrx_word' id='word_1_87' title='bbox 1676 1063 1783 1129; x_wconf 85' lang='grc' dir='ltr'>τὰς</span> 
     </span>
    </p>
   </div>
   <div class='ocr_carea' id='block_1_14' title="bbox 202 1151 1784 1223">
    <p class='ocr_par' dir='ltr' id='par_1_14' title="bbox 202 1151 1784 1223">
     <span class='ocr_line' id='line_1_14' title="bbox 202 1151 1784 1223; baseline 0.004 -19"><span class='ocrx_word' id='word_1_88' title='bbox 202 1153 421 1219; x_wconf 83' lang='grc' dir='ltr'>πρωΐας</span> <span class='ocrx_word' id='word_1_89' title='bbox 451 1152 810 1205; x_wconf 75' lang='grc' dir='ltr'><strong>ἀπέκτεινον</strong></span> <span class='ocrx_word' id='word_1_90' title='bbox 835 1151 1063 1217; x_wconf 78' lang='grc' dir='ltr'><strong>πάντας</strong></span> <span class='ocrx_word' id='word_1_91' title='bbox 1099 1153 1239 1218; x_wconf 81' lang='grc' dir='ltr'>τοὺς</span> <span class='ocrx_word' id='word_1_92' title='bbox 1266 1154 1650 1221; x_wconf 77' lang='grc' dir='ltr'>ἁμαρτωλοὺς</span> <span class='ocrx_word' id='word_1_93' title='bbox 1678 1155 1784 1223; x_wconf 79' lang='grc' dir='ltr'>τῆς</span> 
     </span>
    </p>
   </div>
   <div class='ocr_carea' id='block_1_15' title="bbox 202 1243 1784 1316">
    <p class='ocr_par' dir='ltr' id='par_1_15' title="bbox 202 1243 1784 1316">
     <span class='ocr_line' id='line_1_15' title="bbox 202 1243 1784 1316; baseline 0.004 -20"><span class='ocrx_word' id='word_1_94' title='bbox 202 1243 330 1314; x_wconf 78' lang='grc' dir='ltr'>τῆς,</span> <span class='ocrx_word' id='word_1_95' title='bbox 361 1244 472 1297; x_wconf 86' lang='grc' dir='ltr'><strong>τοῦ</strong></span> <span class='ocrx_word' id='word_1_96' title='bbox 503 1244 931 1312; x_wconf 70' lang='grc' dir='ltr'>ἐξολοθρεῦσαι</span> <span class='ocrx_word' id='word_1_97' title='bbox 956 1245 1024 1297; x_wconf 81' lang='grc' dir='ltr'><strong>ἐκ</strong></span> <span class='ocrx_word' id='word_1_98' title='bbox 1051 1247 1280 1310; x_wconf 71' lang='grc' dir='ltr'>πόλεως</span> <span class='ocrx_word' id='word_1_99' title='bbox 1308 1249 1527 1312; x_wconf 80' lang='grc' dir='ltr'>Κυρίου</span> <span class='ocrx_word' id='word_1_100' title='bbox 1555 1249 1784 1316; x_wconf 78' lang='grc' dir='ltr'>πάντας</span> 
     </span>
    </p>
   </div>
   <div class='ocr_carea' id='block_1_16' title="bbox 201 1334 1784 1412">
    <p class='ocr_par' dir='ltr' id='par_1_16' title="bbox 201 1334 1784 1412">
     <span class='ocr_line' id='line_1_16' title="bbox 201 1334 1784 1412; baseline 0.002 -23"><span class='ocrx_word' id='word_1_101' title='bbox 201 1336 335 1401; x_wconf 85' lang='grc' dir='ltr'>τοὺς</span> <span class='ocrx_word' id='word_1_102' title='bbox 366 1334 799 1404; x_wconf 59' lang='grc' dir='ltr'>ἐργαζομένους</span> <span class='ocrx_word' id='word_1_103' title='bbox 854 1335 968 1402; x_wconf 75' lang='grc' dir='ltr'><strong>τὴν</strong></span> <span class='ocrx_word' id='word_1_104' title='bbox 1000 1337 1270 1404; x_wconf 83' lang='grc' dir='ltr'>ἀνομίαν.</span> <span class='ocrx_word' id='word_1_105' title='bbox 1311 1338 1555 1409; x_wconf 65' lang='grc' dir='ltr'>Πρόσχες</span> <span class='ocrx_word' id='word_1_106' title='bbox 1601 1340 1664 1411; x_wconf 82' lang='grc' dir='ltr'>δὴ</span> <span class='ocrx_word' id='word_1_107' title='bbox 1708 1342 1784 1412; x_wconf 80' lang='grc' dir='ltr'><strong>τῷ</strong></span> 
     </span>
    </p>
   </div>
   <div class='ocr_carea' id='block_1_17' title="bbox 203 1426 1787 1498">
    <p class='ocr_par' dir='ltr' id='par_1_17' title="bbox 203 1426 1787 1498">
     <span class='ocr_line' id='line_1_17' title="bbox 203 1426 1787 1498; baseline 0.004 -20"><span class='ocrx_word' id='word_1_108' title='bbox 203 1426 346 1498; x_wconf 77' lang='grc' dir='ltr'><strong>ῥητῷ</strong></span> <span class='ocrx_word' id='word_1_109' title='bbox 392 1427 489 1479; x_wconf 80' lang='grc' dir='ltr'>καὶ</span> <span class='ocrx_word' id='word_1_110' title='bbox 521 1429 593 1496; x_wconf 83' lang='grc' dir='ltr'>τῇ</span> <span class='ocrx_word' id='word_1_111' title='bbox 627 1426 864 1480; x_wconf 80' lang='grc' dir='ltr'><strong>διαθέσει</strong></span> <span class='ocrx_word' id='word_1_112' title='bbox 907 1427 1000 1481; x_wconf 89' lang='grc' dir='ltr'><strong>τοῦ</strong></span> <span class='ocrx_word' id='word_1_113' title='bbox 1040 1427 1310 1496; x_wconf 81' lang='grc' dir='ltr'>λέγοντος,</span> <span class='ocrx_word' id='word_1_114' title='bbox 1355 1431 1402 1481; x_wconf 83' lang='grc' dir='ltr'>εί</span> <span class='ocrx_word' id='word_1_115' title='bbox 1434 1430 1656 1485; x_wconf 76' lang='grc' dir='ltr'>ἐδύνατο</span> <span class='ocrx_word' id='word_1_116' title='bbox 1697 1433 1787 1485; x_wconf 87' lang='grc' dir='ltr'>ἀν-</span> 
     </span>
    </p>
   </div>
   <div class='ocr_carea' id='block_1_18' title="bbox 199 1517 1785 1594">
    <p class='ocr_par' dir='ltr' id='par_1_18' title="bbox 199 1517 1785 1594">
     <span class='ocr_line' id='line_1_18' title="bbox 199 1517 1785 1594; baseline 0.005 -25"><span class='ocrx_word' id='word_1_117' title='bbox 199 1517 598 1588; x_wconf 83' lang='grc' dir='ltr'>δραγαθήματα</span> <span class='ocrx_word' id='word_1_118' title='bbox 648 1518 1173 1590; x_wconf 80' lang='grc' dir='ltr'>προδιηγησάμενος,</span> <span class='ocrx_word' id='word_1_119' title='bbox 1231 1519 1371 1590; x_wconf 76' lang='grc' dir='ltr'>ἅπερ</span> <span class='ocrx_word' id='word_1_120' title='bbox 1412 1520 1653 1576; x_wconf 78' lang='grc' dir='ltr'>ἔκκειται</span> <span class='ocrx_word' id='word_1_121' title='bbox 1706 1524 1785 1594; x_wconf 82' lang='grc' dir='ltr'>τῷ</span> 
     </span>
    </p>
   </div>
   <div class='ocr_carea' id='block_1_19' title="bbox 203 1606 1783 1685">
    <p class='ocr_par' dir='ltr' id='par_1_19' title="bbox 203 1606 1783 1685">
     <span class='ocr_line' id='line_1_19' title="bbox 203 1606 1783 1685; baseline 0.005 -25"><span class='ocrx_word' id='word_1_122' title='bbox 203 1606 512 1678; x_wconf 74' lang='grc' dir='ltr'><strong>βουλομένῳ</strong></span> <span class='ocrx_word' id='word_1_123' title='bbox 557 1607 975 1675; x_wconf 83' lang='grc' dir='ltr'><strong>ἀναγινώσκειν,</strong></span> <span class='ocrx_word' id='word_1_124' title='bbox 1010 1609 1290 1681; x_wconf 75' lang='grc' dir='ltr'>ἐπιφέρειν</span> <span class='ocrx_word' id='word_1_125' title='bbox 1318 1606 1378 1662; x_wconf 84' lang='grc' dir='ltr'>τὸ</span> <span class='ocrx_word' id='word_1_126' title='bbox 1405 1612 1480 1674; x_wconf 81' lang='grc' dir='ltr'>ὡς</span> <span class='ocrx_word' id='word_1_127' title='bbox 1522 1614 1656 1682; x_wconf 85' lang='grc' dir='ltr'>πρὸς</span> <span class='ocrx_word' id='word_1_128' title='bbox 1685 1614 1783 1685; x_wconf 81' lang='grc' dir='ltr'><strong>τὴν</strong></span> 
     </span>
    </p>
   </div>
   <div class='ocr_carea' id='block_1_20' title="bbox 199 1699 1782 1779">
    <p class='ocr_par' dir='ltr' id='par_1_20' title="bbox 199 1699 1782 1779">
     <span class='ocr_line' id='line_1_20' title="bbox 199 1699 1782 1779; baseline 0.005 -27"><span class='ocrx_word' id='word_1_129' title='bbox 199 1701 334 1768; x_wconf 83' lang='grc' dir='ltr'>λέξιν</span> <span class='ocrx_word' id='word_1_130' title='bbox 364 1702 618 1764; x_wconf 82' lang='grc' dir='ltr'>δυνατὸν,</span> <span class='ocrx_word' id='word_1_131' title='bbox 649 1703 729 1756; x_wconf 82' lang='grc' dir='ltr'>ὅτι</span> <span class='ocrx_word' id='word_1_132' title='bbox 750 1703 849 1757; x_wconf 80' lang='grc' dir='ltr'>οὐκ</span> <span class='ocrx_word' id='word_1_133' title='bbox 883 1704 1027 1774; x_wconf 81' lang='grc' dir='ltr'>ἄλλῳ</span> <span class='ocrx_word' id='word_1_134' title='bbox 1057 1704 1233 1775; x_wconf 85' lang='grc' dir='ltr'>καιρῷ</span> <span class='ocrx_word' id='word_1_135' title='bbox 1263 1705 1363 1775; x_wconf 78' lang='grc' dir='ltr'>τῆς</span> <span class='ocrx_word' id='word_1_136' title='bbox 1397 1706 1609 1778; x_wconf 78' lang='grc' dir='ltr'>ἡμέρας</span> <span class='ocrx_word' id='word_1_137' title='bbox 1703 1708 1782 1779; x_wconf 80' lang='grc' dir='ltr'><strong>τῷ</strong></span> 
     </span>
    </p>
   </div>
   <div class='ocr_carea' id='block_1_21' title="bbox 200 1792 1784 1870">
    <p class='ocr_par' dir='ltr' id='par_1_21' title="bbox 200 1792 1784 1870">
     <span class='ocr_line' id='line_1_21' title="bbox 200 1792 1784 1870; baseline 0.005 -26"><span class='ocrx_word' id='word_1_138' title='bbox 200 1792 399 1863; x_wconf 78' lang='grc' dir='ltr'>ἑωθινῷ</span> <span class='ocrx_word' id='word_1_139' title='bbox 426 1795 626 1864; x_wconf 80' lang='grc' dir='ltr'>ἀνῄρει</span> <span class='ocrx_word' id='word_1_140' title='bbox 653 1794 862 1859; x_wconf 81' lang='grc' dir='ltr'><strong>πάντας</strong></span> <span class='ocrx_word' id='word_1_141' title='bbox 884 1797 1011 1859; x_wconf 78' lang='grc' dir='ltr'>τοὺς</span> <span class='ocrx_word' id='word_1_142' title='bbox 1039 1797 1395 1868; x_wconf 74' lang='grc' dir='ltr'>ἁμαρτωλοὺς</span> <span class='ocrx_word' id='word_1_143' title='bbox 1425 1799 1525 1868; x_wconf 75' lang='grc' dir='ltr'>τῆς</span> <span class='ocrx_word' id='word_1_144' title='bbox 1560 1801 1682 1870; x_wconf 82' lang='grc' dir='ltr'>γῆς,</span> <span class='ocrx_word' id='word_1_145' title='bbox 1708 1800 1784 1865; x_wconf 87' lang='grc' dir='ltr'>ὡς</span> 
     </span>
    </p>
   </div>
   <div class='ocr_carea' id='block_1_22' title="bbox 203 1883 1784 1962">
    <p class='ocr_par' dir='ltr' id='par_1_22' title="bbox 203 1883 1784 1962">
     <span class='ocr_line' id='line_1_22' title="bbox 203 1883 1784 1962; baseline 0.008 -29"><span class='ocrx_word' id='word_1_146' title='bbox 203 1883 399 1953; x_wconf 79' lang='grc' dir='ltr'>μηδένα</span> <span class='ocrx_word' id='word_1_147' title='bbox 425 1885 755 1939; x_wconf 79' lang='grc' dir='ltr'>καταλιπεῖν</span> <span class='ocrx_word' id='word_1_148' title='bbox 785 1885 964 1940; x_wconf 82' lang='grc' dir='ltr'>αὐτῶν</span> <span class='ocrx_word' id='word_1_149' title='bbox 997 1887 1191 1951; x_wconf 79' lang='grc' dir='ltr'>ζῶντα·</span> <span class='ocrx_word' id='word_1_150' title='bbox 1227 1889 1318 1941; x_wconf 69' lang='grc' dir='ltr'>καὶ</span> <span class='ocrx_word' id='word_1_151' title='bbox 1351 1892 1398 1942; x_wconf 83' lang='grc' dir='ltr'><strong>εί</strong></span> <span class='ocrx_word' id='word_1_152' title='bbox 1425 1890 1784 1962; x_wconf 79' lang='grc' dir='ltr'>έξωλόθρευεν</span> 
     </span>
    </p>
   </div>
   <div class='ocr_carea' id='block_1_23' title="bbox 202 1972 1784 2052">
    <p class='ocr_par' dir='ltr' id='par_1_23' title="bbox 202 1972 1784 2052">
     <span class='ocr_line' id='line_1_23' title="bbox 202 1972 1784 2052; baseline 0.008 -28"><span class='ocrx_word' id='word_1_153' title='bbox 202 1972 303 2024; x_wconf 82' lang='grc' dir='ltr'>ἀπὸ</span> <span class='ocrx_word' id='word_1_154' title='bbox 317 1973 418 2042; x_wconf 77' lang='grc' dir='ltr'>τῆς</span> <span class='ocrx_word' id='word_1_155' title='bbox 447 1974 976 2046; x_wconf 77' lang='grc' dir='ltr'>Ἰερουσαλὴμπανθ’</span> <span class='ocrx_word' id='word_1_156' title='bbox 992 1978 1226 2031; x_wconf 79' lang='grc' dir='ltr'>ὁντινοῦν</span> <span class='ocrx_word' id='word_1_157' title='bbox 1249 1979 1532 2050; x_wconf 80' lang='grc' dir='ltr'>ἄνθρωπον</span> <span class='ocrx_word' id='word_1_158' title='bbox 1555 1983 1784 2052; x_wconf 78' lang='grc' dir='ltr'><strong>ἐργαζό-</strong></span> 
     </span>
    </p>
   </div>
   <div class='ocr_carea' id='block_1_24' title="bbox 203 2061 1784 2146">
    <p class='ocr_par' dir='ltr' id='par_1_24' title="bbox 203 2061 1784 2146">
     <span class='ocr_line' id='line_1_24' title="bbox 203 2061 1784 2146; baseline 0.008 -32"><span class='ocrx_word' id='word_1_159' title='bbox 203 2079 356 2132; x_wconf 88' lang='grc' dir='ltr'>μενον</span> <span class='ocrx_word' id='word_1_160' title='bbox 369 2064 472 2136; x_wconf 81' lang='grc' dir='ltr'><strong>τὴν</strong></span> <span class='ocrx_word' id='word_1_161' title='bbox 502 2066 756 2135; x_wconf 83' lang='grc' dir='ltr'>ἀνομίαν.</span> <span class='ocrx_word' id='word_1_162' title='bbox 785 2066 962 2120; x_wconf 83' lang='grc' dir='ltr'>Πολλὰ</span> <span class='ocrx_word' id='word_1_163' title='bbox 991 2067 1033 2119; x_wconf 80' lang='grc' dir='ltr'>δ’</span> <span class='ocrx_word' id='word_1_164' title='bbox 1058 2068 1123 2120; x_wconf 84' lang='grc' dir='ltr'><strong>ἂν</strong></span> <span class='ocrx_word' id='word_1_165' title='bbox 1148 2068 1329 2140; x_wconf 85' lang='grc' dir='ltr'>εῦροις</span> <span class='ocrx_word' id='word_1_166' title='bbox 1352 2071 1445 2124; x_wconf 75' lang='grc' dir='ltr'><strong>καὶ</strong></span> <span class='ocrx_word' id='word_1_167' title='bbox 1471 2072 1527 2125; x_wconf 82' lang='grc' dir='ltr'>ὲν</span> <span class='ocrx_word' id='word_1_168' title='bbox 1543 2073 1620 2144; x_wconf 80' lang='grc' dir='ltr'>τῷ</span> <span class='ocrx_word' id='word_1_169' title='bbox 1635 2061 1784 2146; x_wconf 81' lang='grc' dir='ltr'>νόμῳ</span> 
     </span>
    </p>
   </div>
   <div class='ocr_carea' id='block_1_25' title="bbox 198 2155 1779 2235">
    <p class='ocr_par' dir='ltr' id='par_1_25' title="bbox 198 2155 1779 2235">
     <span class='ocr_line' id='line_1_25' title="bbox 198 2155 1779 2235; baseline 0.009 -28"><span class='ocrx_word' id='word_1_170' title='bbox 198 2155 446 2221; x_wconf 82' lang='grc' dir='ltr'>τοιαῦτα,</span> <span class='ocrx_word' id='word_1_171' title='bbox 485 2157 563 2220; x_wconf 84' lang='grc' dir='ltr'>ὡς</span> <span class='ocrx_word' id='word_1_172' title='bbox 596 2159 688 2219; x_wconf 87' lang='grc' dir='ltr'><strong>τὸ,</strong></span> <span class='ocrx_word' id='word_1_173' title='bbox 728 2161 809 2212; x_wconf 79' lang='grc' dir='ltr'><strong>Οὐ</strong></span> <span class='ocrx_word' id='word_1_174' title='bbox 855 2161 1252 2229; x_wconf 77' lang='grc' dir='ltr'><strong>κατελίπομεν</strong></span> <span class='ocrx_word' id='word_1_175' title='bbox 1295 2163 1494 2218; x_wconf 78' lang='grc' dir='ltr'>αὐτῶν</span> <span class='ocrx_word' id='word_1_176' title='bbox 1516 2165 1779 2235; x_wconf 76' lang='grc' dir='ltr'>ζωγρίαν.</span> 
     </span>
    </p>
   </div>
   <div class='ocr_carea' id='block_1_26' title="bbox 262 2248 1776 2325">
    <p class='ocr_par' dir='ltr' id='par_1_26' title="bbox 262 2248 1776 2325">
     <span class='ocr_line' id='line_1_26' title="bbox 262 2248 1776 2325; baseline 0.009 -26"><span class='ocrx_word' id='word_1_177' title='bbox 262 2248 422 2318; x_wconf 80' lang='grc' dir='ltr'>Φέρει</span> <span class='ocrx_word' id='word_1_178' title='bbox 486 2249 534 2302; x_wconf 89' lang='grc' dir='ltr'>δ’</span> <span class='ocrx_word' id='word_1_179' title='bbox 600 2251 628 2301; x_wconf 82' lang='grc' dir='ltr'>ὁ</span> <span class='ocrx_word' id='word_1_180' title='bbox 675 2250 882 2313; x_wconf 82' lang='grc' dir='ltr'>Κέλσος</span> <span class='ocrx_word' id='word_1_181' title='bbox 928 2251 1018 2303; x_wconf 77' lang='grc' dir='ltr'><strong>καὶ</strong></span> <span class='ocrx_word' id='word_1_182' title='bbox 1068 2252 1128 2304; x_wconf 84' lang='grc' dir='ltr'>τὸ</span> <span class='ocrx_word' id='word_1_183' title='bbox 1168 2254 1526 2325; x_wconf 79' lang='grc' dir='ltr'>προειρῆσθαι</span> <span class='ocrx_word' id='word_1_184' title='bbox 1573 2258 1776 2321; x_wconf 82' lang='grc' dir='ltr'>αὐτοῖς,</span> 
     </span>
    </p>
   </div>
   <div class='ocr_carea' id='block_1_27' title="bbox 203 2339 1783 2421">
    <p class='ocr_par' dir='ltr' id='par_1_27' title="bbox 203 2339 1783 2421">
     <span class='ocr_line' id='line_1_27' title="bbox 203 2339 1783 2421; baseline 0.008 -32"><span class='ocrx_word' id='word_1_185' title='bbox 203 2339 270 2410; x_wconf 83' lang='grc' dir='ltr'><strong>μὴ</strong></span> <span class='ocrx_word' id='word_1_186' title='bbox 307 2339 659 2410; x_wconf 78' lang='grc' dir='ltr'>πειθομένοις</span> <span class='ocrx_word' id='word_1_187' title='bbox 687 2340 766 2412; x_wconf 77' lang='grc' dir='ltr'><strong>τῷ</strong></span> <span class='ocrx_word' id='word_1_188' title='bbox 802 2342 971 2413; x_wconf 88' lang='grc' dir='ltr'>νόμῳ,</span> <span class='ocrx_word' id='word_1_189' title='bbox 1009 2343 1075 2396; x_wconf 78' lang='grc' dir='ltr'><strong>τὰ</strong></span> <span class='ocrx_word' id='word_1_190' title='bbox 1113 2345 1252 2396; x_wconf 77' lang='grc' dir='ltr'>αὐτὰ</span> <span class='ocrx_word' id='word_1_191' title='bbox 1286 2346 1588 2412; x_wconf 85' lang='grc' dir='ltr'>πείσεσθαι,</span> <span class='ocrx_word' id='word_1_192' title='bbox 1640 2349 1783 2421; x_wconf 81' lang='grc' dir='ltr'>ἂπερ</span> 
     </span>
    </p>
   </div>
   <div class='ocr_carea' id='block_1_28' title="bbox 200 2430 1784 2510">
    <p class='ocr_par' dir='ltr' id='par_1_28' title="bbox 200 2430 1784 2510">
     <span class='ocr_line' id='line_1_28' title="bbox 200 2430 1784 2510; baseline 0.008 -29"><span class='ocrx_word' id='word_1_193' title='bbox 200 2430 360 2502; x_wconf 75' lang='grc' dir='ltr'>ἔδρων</span> <span class='ocrx_word' id='word_1_194' title='bbox 415 2434 552 2496; x_wconf 82' lang='grc' dir='ltr'>τοὺς</span> <span class='ocrx_word' id='word_1_195' title='bbox 594 2432 906 2504; x_wconf 82' lang='grc' dir='ltr'>πολεμίους.</span> <span class='ocrx_word' id='word_1_196' title='bbox 945 2434 1054 2488; x_wconf 72' lang='grc' dir='ltr'><strong>Καὶ</strong></span> <span class='ocrx_word' id='word_1_197' title='bbox 1098 2435 1226 2506; x_wconf 76' lang='grc' dir='ltr'>πρὶν</span> <span class='ocrx_word' id='word_1_198' title='bbox 1269 2438 1333 2490; x_wconf 78' lang='grc' dir='ltr'>ἄν</span> <span class='ocrx_word' id='word_1_199' title='bbox 1366 2454 1418 2491; x_wconf 89' lang='grc' dir='ltr'><strong>τι</strong></span> <span class='ocrx_word' id='word_1_200' title='bbox 1464 2439 1784 2510; x_wconf 78' lang='grc' dir='ltr'>παρατιθεὶς</span> 
     </span>
    </p>
   </div>
   <div class='ocr_carea' id='block_1_29' title="bbox 199 2521 1784 2602">
    <p class='ocr_par' dir='ltr' id='par_1_29' title="bbox 199 2521 1784 2602">
     <span class='ocr_line' id='line_1_29' title="bbox 199 2521 1784 2602; baseline 0.007 -29"><span class='ocrx_word' id='word_1_201' title='bbox 199 2524 398 2587; x_wconf 72' lang='grc' dir='ltr'>τούτοις</span> <span class='ocrx_word' id='word_1_202' title='bbox 438 2526 470 2577; x_wconf 92' lang='lat'><strong>6</strong></span> <span class='ocrx_word' id='word_1_203' title='bbox 512 2523 726 2588; x_wconf 86' lang='grc' dir='ltr'>Κέλσος</span> <span class='ocrx_word' id='word_1_204' title='bbox 755 2526 1021 2597; x_wconf 80' lang='grc' dir='ltr'>χρήσηται</span> <span class='ocrx_word' id='word_1_205' title='bbox 1052 2521 1133 2591; x_wconf 76' lang='grc' dir='ltr'>οἷς</span> <span class='ocrx_word' id='word_1_206' title='bbox 1164 2526 1374 2599; x_wconf 80' lang='grc' dir='ltr'>νομίζει</span> <span class='ocrx_word' id='word_1_207' title='bbox 1418 2529 1784 2602; x_wconf 83' lang='grc' dir='ltr'>ὲναντιὼμασι</span> 
     </span>
    </p>
   </div>
   <div class='ocr_carea' id='block_1_30' title="bbox 202 2614 1782 2688">
    <p class='ocr_par' dir='ltr' id='par_1_30' title="bbox 202 2614 1782 2688">
     <span class='ocr_line' id='line_1_30' title="bbox 202 2614 1782 2688; baseline 0.005 -22"><span class='ocrx_word' id='word_1_208' title='bbox 202 2614 328 2684; x_wconf 73' lang='grc' dir='ltr'>πρὸς</span> <span class='ocrx_word' id='word_1_209' title='bbox 351 2615 446 2668; x_wconf 81' lang='grc' dir='ltr'><strong>τὸν</strong></span> <span class='ocrx_word' id='word_1_210' title='bbox 469 2617 639 2686; x_wconf 87' lang='grc' dir='ltr'>νόμον</span> <span class='ocrx_word' id='word_1_211' title='bbox 665 2616 770 2670; x_wconf 78' lang='grc' dir='ltr'><strong>ἀπὸ</strong></span> <span class='ocrx_word' id='word_1_212' title='bbox 799 2617 900 2687; x_wconf 82' lang='grc' dir='ltr'><strong>τῆς</strong></span> <span class='ocrx_word' id='word_1_213' title='bbox 915 2619 1149 2688; x_wconf 86' lang='grc' dir='ltr'>Χριστοῦ</span> <span class='ocrx_word' id='word_1_214' title='bbox 1176 2620 1540 2685; x_wconf 81' lang='grc' dir='ltr'>διδασκαλίας,</span> <span class='ocrx_word' id='word_1_215' title='bbox 1565 2622 1782 2676; x_wconf 82' lang='grc' dir='ltr'>λεκτέον</span> 
     </span>
    </p>
   </div>
   <div class='ocr_carea' id='block_1_31' title="bbox 200 2705 1782 2786">
    <p class='ocr_par' dir='ltr' id='par_1_31' title="bbox 200 2705 1782 2786">
     <span class='ocr_line' id='line_1_31' title="bbox 200 2705 1782 2786; baseline 0.007 -30"><span class='ocrx_word' id='word_1_216' title='bbox 200 2707 318 2775; x_wconf 79' lang='grc' dir='ltr'>περὶ</span> <span class='ocrx_word' id='word_1_217' title='bbox 343 2705 456 2759; x_wconf 84' lang='grc' dir='ltr'><strong>τῶν</strong></span> <span class='ocrx_word' id='word_1_218' title='bbox 493 2708 934 2778; x_wconf 83' lang='grc' dir='ltr'>προειρημένων.</span> <span class='ocrx_word' id='word_1_219' title='bbox 966 2710 1147 2779; x_wconf 83' lang='grc' dir='ltr'>Φαμὲν</span> <span class='ocrx_word' id='word_1_220' title='bbox 1195 2712 1394 2776; x_wconf 83' lang='grc' dir='ltr'>τοίνυν,</span> <span class='ocrx_word' id='word_1_221' title='bbox 1435 2713 1514 2765; x_wconf 79' lang='grc' dir='ltr'>ὅτι</span> <span class='ocrx_word' id='word_1_222' title='bbox 1560 2715 1588 2765; x_wconf 93' lang='lat'><strong>6</strong></span> <span class='ocrx_word' id='word_1_223' title='bbox 1621 2715 1782 2786; x_wconf 84' lang='grc' dir='ltr'>νόμος</span> 
     </span>
    </p>
   </div>
   <div class='ocr_carea' id='block_1_32' title="bbox 199 2795 1783 2874">
    <p class='ocr_par' dir='ltr' id='par_1_32' title="bbox 199 2795 1783 2874">
     <span class='ocr_line' id='line_1_32' title="bbox 199 2795 1783 2874; baseline 0.008 -28"><span class='ocrx_word' id='word_1_224' title='bbox 199 2795 362 2859; x_wconf 77' lang='grc' dir='ltr'>διττός</span> <span class='ocrx_word' id='word_1_225' title='bbox 390 2799 567 2850; x_wconf 70' lang='grc' dir='ltr'>ἐστιν’</span> <span class='ocrx_word' id='word_1_226' title='bbox 601 2799 630 2849; x_wconf 90' lang='lat'><strong>6</strong></span> <span class='ocrx_word' id='word_1_227' title='bbox 668 2798 766 2868; x_wconf 83' lang='grc' dir='ltr'><strong>μέν</strong></span> <span class='ocrx_word' id='word_1_228' title='bbox 799 2817 880 2862; x_wconf 91' lang='grc' dir='ltr'><strong>τις</strong></span> <span class='ocrx_word' id='word_1_229' title='bbox 922 2799 1058 2869; x_wconf 84' lang='grc' dir='ltr'>πρὸς</span> <span class='ocrx_word' id='word_1_230' title='bbox 1095 2801 1278 2871; x_wconf 80' lang='grc' dir='ltr'>ῥητὸν,</span> <span class='ocrx_word' id='word_1_231' title='bbox 1323 2804 1351 2855; x_wconf 87' lang='lat'><strong>6</strong></span> <span class='ocrx_word' id='word_1_232' title='bbox 1395 2802 1450 2854; x_wconf 86' lang='grc' dir='ltr'><strong>δὲ</strong></span> <span class='ocrx_word' id='word_1_233' title='bbox 1493 2805 1628 2874; x_wconf 88' lang='grc' dir='ltr'>πρὸς</span> <span class='ocrx_word' id='word_1_234' title='bbox 1669 2805 1783 2858; x_wconf 82' lang='grc' dir='ltr'><strong>διὰ-</strong></span> 
     </span>
    </p>
   </div>
   <div class='ocr_carea' id='block_1_33' title="bbox 199 2887 1784 2962">
    <p class='ocr_par' dir='ltr' id='par_1_33' title="bbox 199 2887 1784 2962">
     <span class='ocr_line' id='line_1_33' title="bbox 199 2887 1784 2962; baseline 0.004 -23"><span class='ocrx_word' id='word_1_235' title='bbox 199 2902 356 2947; x_wconf 83' lang='grc' dir='ltr'>νοιαν,</span> <span class='ocrx_word' id='word_1_236' title='bbox 380 2887 459 2950; x_wconf 83' lang='grc' dir='ltr'>ὡς</span> <span class='ocrx_word' id='word_1_237' title='bbox 492 2888 594 2942; x_wconf 75' lang='grc' dir='ltr'>καὶ</span> <span class='ocrx_word' id='word_1_238' title='bbox 625 2888 733 2940; x_wconf 79' lang='grc' dir='ltr'><strong>τῶν</strong></span> <span class='ocrx_word' id='word_1_239' title='bbox 762 2889 866 2960; x_wconf 80' lang='grc' dir='ltr'><strong>πρὸ</strong></span> <span class='ocrx_word' id='word_1_240' title='bbox 889 2890 1045 2960; x_wconf 85' lang='grc' dir='ltr'>ἡμῶν</span> <span class='ocrx_word' id='word_1_241' title='bbox 1060 2908 1202 2955; x_wconf 88' lang='grc' dir='ltr'>τινες</span> <span class='ocrx_word' id='word_1_242' title='bbox 1233 2893 1342 2962; x_wconf 87' lang='grc'><strong>(16)</strong></span> <span class='ocrx_word' id='word_1_243' title='bbox 1377 2891 1638 2957; x_wconf 76' lang='grc' dir='ltr'>ἐδίδαξαν.</span> <span class='ocrx_word' id='word_1_244' title='bbox 1675 2896 1784 2948; x_wconf 75' lang='grc' dir='ltr'><strong>Καὶ</strong></span> 
     </span>
    </p>
   </div>
   <div class='ocr_carea' id='block_1_34' title="bbox 1893 417 3462 488">
    <p class='ocr_par' dir='ltr' id='par_1_34' title="bbox 1893 417 3462 488">
     <span class='ocr_line' id='line_1_34' title="bbox 1893 417 3462 488; baseline 0.003 -17"><span class='ocrx_word' id='word_1_245' title='bbox 1893 428 2031 483; x_wconf 83' lang='grc' dir='ltr'>ιιιιιι,</span> <span class='ocrx_word' id='word_1_246' title='bbox 2071 419 2212 472; x_wconf 90' lang='lat' dir='ltr'><strong>irato</strong></span> <span class='ocrx_word' id='word_1_247' title='bbox 2242 417 2421 486; x_wconf 91' lang='lat' dir='ltr'><strong>potius</strong></span> <span class='ocrx_word' id='word_1_248' title='bbox 2463 417 2590 483; x_wconf 90' lang='lat' dir='ltr'><strong>Deo,</strong></span> <span class='ocrx_word' id='word_1_249' title='bbox 2619 429 2676 472; x_wconf 91' lang='lat' dir='ltr'><strong>ut</strong></span> <span class='ocrx_word' id='word_1_250' title='bbox 2728 419 2800 472; x_wconf 90' lang='lat' dir='ltr'><strong>ita</strong></span> <span class='ocrx_word' id='word_1_251' title='bbox 2837 419 3048 488; x_wconf 89' lang='lat' dir='ltr'><strong>loquar,</strong></span> <span class='ocrx_word' id='word_1_252' title='bbox 3095 435 3257 488; x_wconf 90' lang='lat' dir='ltr'><strong>quam</strong></span> <span class='ocrx_word' id='word_1_253' title='bbox 3297 421 3462 476; x_wconf 85' lang='lat' dir='ltr'><strong>bene-</strong></span> 
     </span>
    </p>
   </div>
   <div class='ocr_carea' id='block_1_35' title="bbox 1889 509 3461 575">
    <p class='ocr_par' dir='ltr' id='par_1_35' title="bbox 1889 509 3461 575">
     <span class='ocr_line' id='line_1_35' title="bbox 1889 509 3461 575; baseline 0.003 -11"><span class='ocrx_word' id='word_1_254' title='bbox 1889 511 2157 565; x_wconf 87' lang='lat' dir='ltr'><strong>dictioncs</strong></span> <span class='ocrx_word' id='word_1_255' title='bbox 2182 509 2551 572; x_wconf 74' lang='lat' dir='ltr'><strong>impertiente.</strong></span> <span class='ocrx_word' id='word_1_256' title='bbox 2589 509 2744 575; x_wconf 84' lang='lat' dir='ltr'><strong>Quod</strong></span> <span class='ocrx_word' id='word_1_257' title='bbox 2793 511 3018 566; x_wconf 80' lang='lat' dir='ltr'><strong>additur</strong></span> <span class='ocrx_word' id='word_1_258' title='bbox 3066 511 3235 567; x_wconf 76' lang='lat' dir='ltr'><strong>fuisse</strong></span> <span class='ocrx_word' id='word_1_259' title='bbox 3259 511 3461 568; x_wconf 71' lang='lat' dir='ltr'><strong>Judaais</strong></span> 
     </span>
    </p>
   </div>
   <div class='ocr_carea' id='block_1_36' title="bbox 1889 599 3460 670">
    <p class='ocr_par' dir='ltr' id='par_1_36' title="bbox 1889 599 3460 670">
     <span class='ocr_line' id='line_1_36' title="bbox 1889 599 3460 670; baseline 0.001 -18"><span class='ocrx_word' id='word_1_260' title='bbox 1889 600 2213 670; x_wconf 90' lang='lat' dir='ltr'><strong>promissum</strong></span> <span class='ocrx_word' id='word_1_261' title='bbox 2243 599 2382 665; x_wconf 81' lang='lat' dir='ltr'><strong>fore,</strong></span> <span class='ocrx_word' id='word_1_262' title='bbox 2415 609 2474 654; x_wconf 91' lang='lat' dir='ltr'><strong>ut</strong></span> <span class='ocrx_word' id='word_1_263' title='bbox 2503 615 2629 656; x_wconf 90' lang='lat' dir='ltr'><strong>suos</strong></span> <span class='ocrx_word' id='word_1_264' title='bbox 2663 603 2846 658; x_wconf 79' lang='lat' dir='ltr'><strong>hostes</strong></span> <span class='ocrx_word' id='word_1_265' title='bbox 2872 602 3267 668; x_wconf 83' lang='lat' dir='ltr'><strong>interﬁcerent,</strong></span> <span class='ocrx_word' id='word_1_266' title='bbox 3291 603 3460 669; x_wconf 86' lang='lat' dir='ltr'><strong>istud,</strong></span> 
     </span>
    </p>
   </div>
   <div class='ocr_carea' id='block_1_37' title="bbox 1889 691 3459 764">
    <p class='ocr_par' dir='ltr' id='par_1_37' title="bbox 1889 691 3459 764">
     <span class='ocr_line' id='line_1_37' title="bbox 1889 691 3459 764; baseline 0.003 -19"><span class='ocrx_word' id='word_1_267' title='bbox 1889 692 1934 745; x_wconf 89' lang='lat' dir='ltr'><strong>si</strong></span> <span class='ocrx_word' id='word_1_268' title='bbox 1965 692 2086 761; x_wconf 86' lang='lat' dir='ltr'><strong>quis</strong></span> <span class='ocrx_word' id='word_1_269' title='bbox 2113 691 2278 746; x_wconf 80' lang='lat' dir='ltr'><strong>verba</strong></span> <span class='ocrx_word' id='word_1_270' title='bbox 2305 691 2591 761; x_wconf 79' lang='lat' dir='ltr'><strong>diligenter</strong></span> <span class='ocrx_word' id='word_1_271' title='bbox 2637 695 3010 764; x_wconf 88' lang='lat' dir='ltr'><strong>perpenderit,</strong></span> <span class='ocrx_word' id='word_1_272' title='bbox 3050 693 3290 749; x_wconf 83' lang='lat' dir='ltr'><strong>inveniet</strong></span> <span class='ocrx_word' id='word_1_273' title='bbox 3339 695 3459 750; x_wconf 83' lang='lat' dir='ltr'><strong>ﬁeri</strong></span> 
     </span>
    </p>
   </div>
   <div class='ocr_carea' id='block_1_38' title="bbox 1889 785 3459 856">
    <p class='ocr_par' dir='ltr' id='par_1_38' title="bbox 1889 785 3459 856">
     <span class='ocr_line' id='line_1_38' title="bbox 1889 785 3459 856; baseline 0.002 -17"><span class='ocrx_word' id='word_1_274' title='bbox 1889 799 1996 839; x_wconf 90' lang='lat' dir='ltr'><strong>non</strong></span> <span class='ocrx_word' id='word_1_275' title='bbox 2051 799 2209 854; x_wconf 84' lang='lat' dir='ltr'><strong>posse</strong></span> <span class='ocrx_word' id='word_1_276' title='bbox 2272 793 2334 839; x_wconf 90' lang='lat' dir='ltr'><strong>ut</strong></span> <span class='ocrx_word' id='word_1_277' title='bbox 2381 785 2678 839; x_wconf 89' lang='lat' dir='ltr'><strong>secundum</strong></span> <span class='ocrx_word' id='word_1_278' title='bbox 2728 785 2962 840; x_wconf 82' lang='lat' dir='ltr'><strong>litteram</strong></span> <span class='ocrx_word' id='word_1_279' title='bbox 3016 786 3337 856; x_wconf 86' lang='lat' dir='ltr'><strong>accipiatur.</strong></span> <span class='ocrx_word' id='word_1_280' title='bbox 3402 789 3459 842; x_wconf 89' lang='lat' dir='ltr'><strong>ln</strong></span> 
     </span>
    </p>
   </div>
   <div class='ocr_carea' id='block_1_39' title="bbox 1889 875 3456 946">
    <p class='ocr_par' dir='ltr' id='par_1_39' title="bbox 1889 875 3456 946">
     <span class='ocr_line' id='line_1_39' title="bbox 1889 875 3456 946; baseline 0.004 -18"><span class='ocrx_word' id='word_1_281' title='bbox 1889 877 2174 944; x_wconf 73' lang='lat' dir='ltr'><strong>przesentia</strong></span> <span class='ocrx_word' id='word_1_282' title='bbox 2221 878 2356 932; x_wconf 85' lang='lat' dir='ltr'><strong>satis</strong></span> <span class='ocrx_word' id='word_1_283' title='bbox 2401 875 2736 930; x_wconf 51' lang='lat' dir='ltr'><strong>erit&#39;locnm</strong></span> <span class='ocrx_word' id='word_1_284' title='bbox 2767 892 2800 931; x_wconf 72' lang='grc' dir='ltr'>ε</span> <span class='ocrx_word' id='word_1_285' title='bbox 2827 878 3060 932; x_wconf 82' lang='lat' dir='ltr'><strong>Psalmis</strong></span> <span class='ocrx_word' id='word_1_286' title='bbox 3107 876 3326 946; x_wconf 75' lang='lat' dir='ltr'><strong>alferre,</strong></span> <span class='ocrx_word' id='word_1_287' title='bbox 3366 879 3456 935; x_wconf 88' lang='lat' dir='ltr'><strong>ubi</strong></span> 
     </span>
    </p>
   </div>
   <div class='ocr_carea' id='block_1_40' title="bbox 1884 966 3460 1034">
    <p class='ocr_par' dir='ltr' id='par_1_40' title="bbox 1884 966 3460 1034">
     <span class='ocr_line' id='line_1_40' title="bbox 1884 966 3460 1034; baseline 0.004 -15"><span class='ocrx_word' id='word_1_288' title='bbox 1884 966 2062 1034; x_wconf 80' lang='lat' dir='ltr'><strong>justus</strong></span> <span class='ocrx_word' id='word_1_289' title='bbox 2116 969 2260 1022; x_wconf 90' lang='lat' dir='ltr'><strong>inter</strong></span> <span class='ocrx_word' id='word_1_290' title='bbox 2293 980 2484 1024; x_wconf 66' lang='lat' dir='ltr'><strong>uetera</strong></span> <span class='ocrx_word' id='word_1_291' title='bbox 2523 969 2793 1024; x_wconf 83' lang='lat' dir='ltr'><strong>inducitur</strong></span> <span class='ocrx_word' id='word_1_292' title='bbox 2828 969 3011 1024; x_wconf 89' lang='lat' dir='ltr'><strong>dicens</strong></span> <span class='ocrx_word' id='word_1_293' title='bbox 3041 987 3052 1023; x_wconf 92' lang='lat'><strong>:</strong></span> <span class='ocrx_word' id='word_1_294' title='bbox 3083 969 3149 1023; x_wconf 80' lang='lat' dir='ltr'><strong>In</strong></span> <span class='ocrx_word' id='word_1_295' title='bbox 3197 973 3460 1027; x_wconf 83' lang='lat' dir='ltr'><strong>matutino</strong></span> 
     </span>
    </p>
   </div>
   <div class='ocr_carea' id='block_1_41' title="bbox 1889 1059 3459 1130">
    <p class='ocr_par' dir='ltr' id='par_1_41' title="bbox 1889 1059 3459 1130">
     <span class='ocr_line' id='line_1_41' title="bbox 1889 1059 3459 1130; baseline 0.003 -18"><span class='ocrx_word' id='word_1_296' title='bbox 1889 1059 2264 1128; x_wconf 70' lang='lat' dir='ltr'><strong>inter/Sciebam</strong></span> <span class='ocrx_word' id='word_1_297' title='bbox 2290 1077 2466 1114; x_wconf 82' lang='lat' dir='ltr'><strong>omnes</strong></span> <span class='ocrx_word' id='word_1_298' title='bbox 2490 1072 2784 1130; x_wconf 79' lang='lat' dir='ltr'><strong>peccatores</strong></span> <span class='ocrx_word' id='word_1_299' title='bbox 2816 1071 2993 1124; x_wconf 75' lang='lat' dir='ltr'><strong>terrrr,</strong></span> <span class='ocrx_word' id='word_1_300' title='bbox 3022 1072 3078 1114; x_wconf 86' lang='lat' dir='ltr'><strong>ut</strong></span> <span class='ocrx_word' id='word_1_301' title='bbox 3105 1062 3459 1129; x_wconf 82' lang='lat' dir='ltr'><strong>disperderem</strong></span> 
     </span>
    </p>
   </div>
   <div class='ocr_carea' id='block_1_42' title="bbox 1887 1149 3456 1221">
    <p class='ocr_par' dir='ltr' id='par_1_42' title="bbox 1887 1149 3456 1221">
     <span class='ocr_line' id='line_1_42' title="bbox 1887 1149 3456 1221; baseline 0.004 -19"><span class='ocrx_word' id='word_1_302' title='bbox 1887 1149 1952 1203; x_wconf 83' lang='lat' dir='ltr'><strong>de</strong></span> <span class='ocrx_word' id='word_1_303' title='bbox 1994 1150 2199 1203; x_wconf 83' lang='lat' dir='ltr'><strong>civitate</strong></span> <span class='ocrx_word' id='word_1_304' title='bbox 2241 1149 2452 1204; x_wconf 84' lang='lat' dir='ltr'><strong>Domini</strong></span> <span class='ocrx_word' id='word_1_305' title='bbox 2485 1167 2664 1205; x_wconf 81' lang='lat' dir='ltr'><strong>omnes</strong></span> <span class='ocrx_word' id='word_1_306' title='bbox 2713 1160 2988 1220; x_wconf 82' lang='lat' dir='ltr'><strong>operantes</strong></span> <span class='ocrx_word' id='word_1_307' title='bbox 3047 1152 3381 1221; x_wconf 80' lang='lat' dir='ltr'><strong>iniquitatem</strong></span> <span class='ocrx_word' id='word_1_308' title='bbox 3413 1155 3456 1208; x_wconf 63' lang='grc' dir='ltr'><strong>θ.</strong></span> 
     </span>
    </p>
   </div>
   <div class='ocr_carea' id='block_1_43' title="bbox 1887 1242 3457 1314">
    <p class='ocr_par' dir='ltr' id='par_1_43' title="bbox 1887 1242 3457 1314">
     <span class='ocr_line' id='line_1_43' title="bbox 1887 1242 3457 1314; baseline 0.004 -19"><span class='ocrx_word' id='word_1_309' title='bbox 1887 1242 2126 1298; x_wconf 79' lang='lat' dir='ltr'><strong>Adverte</strong></span> <span class='ocrx_word' id='word_1_310' title='bbox 2154 1243 2220 1297; x_wconf 89' lang='lat' dir='ltr'><strong>ad</strong></span> <span class='ocrx_word' id='word_1_311' title='bbox 2261 1245 2421 1298; x_wconf 83' lang='lat' dir='ltr'><strong>verba</strong></span> <span class='ocrx_word' id='word_1_312' title='bbox 2453 1254 2508 1298; x_wconf 90' lang='lat' dir='ltr'><strong>et</strong></span> <span class='ocrx_word' id='word_1_313' title='bbox 2531 1253 2766 1299; x_wconf 86' lang='lat' dir='ltr'><strong>mentem</strong></span> <span class='ocrx_word' id='word_1_314' title='bbox 2808 1244 3102 1313; x_wconf 87' lang='lat' dir='ltr'><strong>loquentis,</strong></span> <span class='ocrx_word' id='word_1_315' title='bbox 3128 1248 3457 1314; x_wconf 84' lang='lat' dir='ltr'><strong>potueritne.</strong></span> 
     </span>
    </p>
   </div>
   <div class='ocr_carea' id='block_1_44' title="bbox 1889 1336 3461 1409">
    <p class='ocr_par' dir='ltr' id='par_1_44' title="bbox 1889 1336 3461 1409">
     <span class='ocr_line' id='line_1_44' title="bbox 1889 1336 3461 1409; baseline 0.002 -20"><span class='ocrx_word' id='word_1_316' title='bbox 1889 1343 2170 1404; x_wconf 88' lang='lat' dir='ltr'><strong>postquam</strong></span> <span class='ocrx_word' id='word_1_317' title='bbox 2200 1336 2463 1404; x_wconf 67' lang='lat' dir='ltr'><strong>praeclara</strong></span> <span class='ocrx_word' id='word_1_318' title='bbox 2500 1337 2773 1392; x_wconf 89' lang='lat' dir='ltr'><strong>recensuit</strong></span> <span class='ocrx_word' id='word_1_319' title='bbox 2804 1336 3046 1392; x_wconf 82' lang='lat' dir='ltr'><strong>facinora</strong></span> <span class='ocrx_word' id='word_1_320' title='bbox 3077 1353 3198 1406; x_wconf 65' lang='lat' dir='ltr'><strong>qua:</strong></span> <span class='ocrx_word' id='word_1_321' title='bbox 3227 1341 3461 1409; x_wconf 85' lang='lat' dir='ltr'><strong>quisque</strong></span> 
     </span>
    </p>
   </div>
   <div class='ocr_carea' id='block_1_45' title="bbox 1891 1427 3458 1497">
    <p class='ocr_par' dir='ltr' id='par_1_45' title="bbox 1891 1427 3458 1497">
     <span class='ocr_line' id='line_1_45' title="bbox 1891 1427 3458 1497; baseline 0.001 -18"><span class='ocrx_word' id='word_1_322' title='bbox 1891 1427 2069 1495; x_wconf 84' lang='lat' dir='ltr'><strong>legere</strong></span> <span class='ocrx_word' id='word_1_323' title='bbox 2116 1437 2294 1494; x_wconf 88' lang='lat' dir='ltr'><strong>potest</strong></span> <span class='ocrx_word' id='word_1_324' title='bbox 2338 1429 2383 1482; x_wconf 88' lang='lat' dir='ltr'><strong>si</strong></span> <span class='ocrx_word' id='word_1_325' title='bbox 2433 1429 2586 1492; x_wconf 85' lang='lat' dir='ltr'><strong>libet,</strong></span> <span class='ocrx_word' id='word_1_326' title='bbox 2641 1429 2912 1496; x_wconf 82' lang='lat' dir='ltr'><strong>subjicere</strong></span> <span class='ocrx_word' id='word_1_327' title='bbox 2967 1431 3122 1497; x_wconf 89' lang='lat' dir='ltr'><strong>quasi</strong></span> <span class='ocrx_word' id='word_1_328' title='bbox 3163 1445 3277 1484; x_wconf 88' lang='lat' dir='ltr'><strong>rem</strong></span> <span class='ocrx_word' id='word_1_329' title='bbox 3310 1431 3458 1486; x_wconf 77' lang='lat' dir='ltr'><strong>factu</strong></span> 
     </span>
    </p>
   </div>
   <div class='ocr_carea' id='block_1_46' title="bbox 1890 1517 3552 1588">
    <p class='ocr_par' dir='ltr' id='par_1_46' title="bbox 1890 1517 3552 1588">
     <span class='ocr_line' id='line_1_46' title="bbox 1890 1517 3552 1588; baseline 0.005 -20"><span class='ocrx_word' id='word_1_330' title='bbox 1890 1517 2224 1586; x_wconf 84' lang='lat' dir='ltr'><strong>possibilem,</strong></span> <span class='ocrx_word' id='word_1_331' title='bbox 2273 1529 2332 1573; x_wconf 92' lang='lat' dir='ltr'><strong>ut</strong></span> <span class='ocrx_word' id='word_1_332' title='bbox 2378 1521 2539 1574; x_wconf 82' lang='lat' dir='ltr'><strong>verba</strong></span> <span class='ocrx_word' id='word_1_333' title='bbox 2574 1534 2684 1588; x_wconf 71' lang='lat' dir='ltr'><strong>prae</strong></span> <span class='ocrx_word' id='word_1_334' title='bbox 2734 1533 2796 1574; x_wconf 86' lang='lat' dir='ltr'><strong>se</strong></span> <span class='ocrx_word' id='word_1_335' title='bbox 2843 1520 3048 1586; x_wconf 82' lang='lat' dir='ltr'><strong>ferunt,</strong></span> <span class='ocrx_word' id='word_1_336' title='bbox 3079 1535 3163 1583; x_wconf 86' lang='lat' dir='ltr'><strong>se,</strong></span> <span class='ocrx_word' id='word_1_337' title='bbox 3211 1537 3319 1575; x_wconf 90' lang='lat' dir='ltr'><strong>non</strong></span> <span class='ocrx_word' id='word_1_338' title='bbox 3352 1521 3460 1576; x_wconf 88' lang='lat' dir='ltr'><strong>alio</strong></span> <span class='ocrx_word' id='word_1_339' title='bbox 3535 1552 3552 1558; x_wconf 90' lang='lat'><strong>-</strong></span> 
     </span>
    </p>
   </div>
   <div class='ocr_carea' id='block_1_47' title="bbox 1890 1610 3456 1687">
    <p class='ocr_par' dir='ltr' id='par_1_47' title="bbox 1890 1610 3456 1687">
     <span class='ocr_line' id='line_1_47' title="bbox 1890 1610 3456 1687; baseline 0.006 -25"><span class='ocrx_word' id='word_1_340' title='bbox 1890 1610 1995 1664; x_wconf 90' lang='lat' dir='ltr'><strong>diei</strong></span> <span class='ocrx_word' id='word_1_341' title='bbox 2036 1621 2276 1679; x_wconf 88' lang='lat' dir='ltr'><strong>tempore</strong></span> <span class='ocrx_word' id='word_1_342' title='bbox 2312 1627 2376 1666; x_wconf 89' lang='lat' dir='ltr'><strong>ac</strong></span> <span class='ocrx_word' id='word_1_343' title='bbox 2427 1613 2719 1676; x_wconf 90' lang='lat' dir='ltr'><strong>matutino,</strong></span> <span class='ocrx_word' id='word_1_344' title='bbox 2761 1614 3070 1670; x_wconf 77' lang='lat' dir='ltr'><strong>interﬁcere</strong></span> <span class='ocrx_word' id='word_1_345' title='bbox 3110 1631 3301 1670; x_wconf 87' lang='lat' dir='ltr'><strong>omnes</strong></span> <span class='ocrx_word' id='word_1_346' title='bbox 3328 1632 3456 1687; x_wconf 89' lang='lat' dir='ltr'><strong>pec-</strong></span> 
     </span>
    </p>
   </div>
   <div class='ocr_carea' id='block_1_48' title="bbox 1885 1705 3457 1774">
    <p class='ocr_par' dir='ltr' id='par_1_48' title="bbox 1885 1705 3457 1774">
     <span class='ocr_line' id='line_1_48' title="bbox 1885 1705 3457 1774; baseline 0.004 -19"><span class='ocrx_word' id='word_1_347' title='bbox 1885 1712 2100 1757; x_wconf 88' lang='lat' dir='ltr'><strong>calores</strong></span> <span class='ocrx_word' id='word_1_348' title='bbox 2133 1713 2312 1770; x_wconf 59' lang='lat' dir='ltr'><strong>terrae,</strong></span> <span class='ocrx_word' id='word_1_349' title='bbox 2363 1712 2422 1758; x_wconf 94' lang='lat' dir='ltr'><strong>ut</strong></span> <span class='ocrx_word' id='word_1_350' title='bbox 2465 1707 2736 1760; x_wconf 89' lang='lat' dir='ltr'><strong>neminem</strong></span> <span class='ocrx_word' id='word_1_351' title='bbox 2777 1705 3041 1774; x_wconf 88' lang='lat' dir='ltr'><strong>reliquum</strong></span> <span class='ocrx_word' id='word_1_352' title='bbox 3091 1706 3332 1774; x_wconf 80' lang='lat' dir='ltr'><strong>faceret;</strong></span> <span class='ocrx_word' id='word_1_353' title='bbox 3386 1725 3457 1762; x_wconf 88' lang='lat' dir='ltr'><strong>an</strong></span> 
     </span>
    </p>
   </div>
   <div class='ocr_carea' id='block_1_49' title="bbox 1887 1794 3459 1869">
    <p class='ocr_par' dir='ltr' id='par_1_49' title="bbox 1887 1794 3459 1869">
     <span class='ocr_line' id='line_1_49' title="bbox 1887 1794 3459 1869; baseline 0.006 -24"><span class='ocrx_word' id='word_1_354' title='bbox 1887 1794 2277 1862; x_wconf 85' lang='lat' dir='ltr'><strong>disperdiderit</strong></span> <span class='ocrx_word' id='word_1_355' title='bbox 2313 1797 2382 1850; x_wconf 88' lang='lat' dir='ltr'><strong>de</strong></span> <span class='ocrx_word' id='word_1_356' title='bbox 2410 1795 2714 1851; x_wconf 76' lang='lat' dir='ltr'><strong>Jerusalem</strong></span> <span class='ocrx_word' id='word_1_357' title='bbox 2749 1799 3060 1868; x_wconf 86' lang='lat' dir='ltr'><strong>quicunque</strong></span> <span class='ocrx_word' id='word_1_358' title='bbox 3093 1813 3459 1869; x_wconf 88' lang='lat' dir='ltr'><strong>operarentur</strong></span> 
     </span>
    </p>
   </div>
   <div class='ocr_carea' id='block_1_50' title="bbox 1887 1883 3459 1961">
    <p class='ocr_par' dir='ltr' id='par_1_50' title="bbox 1887 1883 3459 1961">
     <span class='ocr_line' id='line_1_50' title="bbox 1887 1883 3459 1961; baseline 0.006 -25"><span class='ocrx_word' id='word_1_359' title='bbox 1887 1883 2252 1953; x_wconf 86' lang='lat' dir='ltr'><strong>iniquitatem.</strong></span> <span class='ocrx_word' id='word_1_360' title='bbox 2285 1885 2444 1940; x_wconf 84' lang='lat' dir='ltr'><strong>Multa</strong></span> <span class='ocrx_word' id='word_1_361' title='bbox 2487 1887 2647 1955; x_wconf 84' lang='lat' dir='ltr'><strong>hujus</strong></span> <span class='ocrx_word' id='word_1_362' title='bbox 2677 1889 2894 1957; x_wconf 80' lang='lat' dir='ltr'><strong>generis</strong></span> <span class='ocrx_word' id='word_1_363' title='bbox 2942 1889 2996 1942; x_wconf 90' lang='lat' dir='ltr'><strong>in</strong></span> <span class='ocrx_word' id='word_1_364' title='bbox 3045 1890 3164 1961; x_wconf 81' lang='lat' dir='ltr'><strong>lege</strong></span> <span class='ocrx_word' id='word_1_365' title='bbox 3213 1893 3459 1946; x_wconf 85' lang='lat' dir='ltr'><strong>invenire</strong></span> 
     </span>
    </p>
   </div>
   <div class='ocr_carea' id='block_1_51' title="bbox 1885 1977 3458 2053">
    <p class='ocr_par' dir='ltr' id='par_1_51' title="bbox 1885 1977 3458 2053">
     <span class='ocr_line' id='line_1_51' title="bbox 1885 1977 3458 2053; baseline 0.005 -22"><span class='ocrx_word' id='word_1_366' title='bbox 1885 1977 2034 2042; x_wconf 86' lang='lat' dir='ltr'><strong>licet,</strong></span> <span class='ocrx_word' id='word_1_367' title='bbox 2074 1988 2132 2032; x_wconf 91' lang='lat' dir='ltr'><strong>ut</strong></span> <span class='ocrx_word' id='word_1_368' title='bbox 2165 1980 2310 2035; x_wconf 87' lang='lat' dir='ltr'><strong>istud</strong></span> <span class='ocrx_word' id='word_1_369' title='bbox 2335 1997 2349 2034; x_wconf 91' lang='lat'><strong>:</strong></span> <span class='ocrx_word' id='word_1_370' title='bbox 2388 1979 2516 2034; x_wconf 87' lang='lat' dir='ltr'><strong>Non</strong></span> <span class='ocrx_word' id='word_1_371' title='bbox 2542 1982 2851 2051; x_wconf 77' lang='lat' dir='ltr'><strong>reliquimus</strong></span> <span class='ocrx_word' id='word_1_372' title='bbox 2881 1981 2937 2036; x_wconf 88' lang='lat' dir='ltr'><strong>in</strong></span> <span class='ocrx_word' id='word_1_373' title='bbox 2961 1982 3036 2038; x_wconf 84' lang='lat' dir='ltr'><strong>eis</strong></span> <span class='ocrx_word' id='word_1_374' title='bbox 3062 1984 3348 2053; x_wconf 85' lang='lat' dir='ltr'><strong>quidquam</strong></span> <span class='ocrx_word' id='word_1_375' title='bbox 3378 1986 3458 2039; x_wconf 81' lang='lat' dir='ltr'><strong>ui-</strong></span> 
     </span>
    </p>
   </div>
   <div class='ocr_carea' id='block_1_52' title="bbox 1885 2071 2098 2124">
    <p class='ocr_par' dir='ltr' id='par_1_52' title="bbox 1885 2071 2098 2124">
     <span class='ocr_line' id='line_1_52' title="bbox 1885 2071 2098 2124; baseline 0.005 -1"><span class='ocrx_word' id='word_1_376' title='bbox 1885 2086 2003 2123; x_wconf 73' lang='lat' dir='ltr'><strong>uum</strong></span> <span class='ocrx_word' id='word_1_377' title='bbox 2035 2071 2098 2124; x_wconf 82' lang='grc'>¹⁰.</span> 
     </span>
    </p>
   </div>
   <div class='ocr_carea' id='block_1_53' title="bbox 1954 2251 3456 2322">
    <p class='ocr_par' dir='ltr' id='par_1_53' title="bbox 1954 2251 3456 2322">
     <span class='ocr_line' id='line_1_53' title="bbox 1954 2251 3456 2322; baseline 0.005 -17"><span class='ocrx_word' id='word_1_378' title='bbox 1954 2252 2044 2306; x_wconf 75' lang='grc'><strong>20.</strong></span> <span class='ocrx_word' id='word_1_379' title='bbox 2084 2252 2245 2306; x_wconf 81' lang='lat' dir='ltr'><strong>Addit</strong></span> <span class='ocrx_word' id='word_1_380' title='bbox 2272 2251 2462 2307; x_wconf 89' lang='lat' dir='ltr'><strong>Celsus</strong></span> <span class='ocrx_word' id='word_1_381' title='bbox 2496 2252 2814 2322; x_wconf 74' lang='lat' dir='ltr'><strong>praedictum</strong></span> <span class='ocrx_word' id='word_1_382' title='bbox 2847 2254 3011 2309; x_wconf 87' lang='lat' dir='ltr'><strong>etiam</strong></span> <span class='ocrx_word' id='word_1_383' title='bbox 3041 2255 3213 2311; x_wconf 84' lang='lat' dir='ltr'><strong>fuisse</strong></span> <span class='ocrx_word' id='word_1_384' title='bbox 3235 2254 3456 2320; x_wconf 66' lang='lat' dir='ltr'><strong>Iudaeis,</strong></span> 
     </span>
    </p>
   </div>
   <div class='ocr_carea' id='block_1_54' title="bbox 1885 2343 3456 2417">
    <p class='ocr_par' dir='ltr' id='par_1_54' title="bbox 1885 2343 3456 2417">
     <span class='ocr_line' id='line_1_54' title="bbox 1885 2343 3456 2417; baseline 0.003 -20"><span class='ocrx_word' id='word_1_385' title='bbox 1885 2344 1988 2399; x_wconf 92' lang='lat' dir='ltr'><strong>nisi</strong></span> <span class='ocrx_word' id='word_1_386' title='bbox 2050 2343 2153 2413; x_wconf 87' lang='lat' dir='ltr'><strong>legi</strong></span> <span class='ocrx_word' id='word_1_387' title='bbox 2208 2353 2491 2414; x_wconf 89' lang='lat' dir='ltr'><strong>parerent,</strong></span> <span class='ocrx_word' id='word_1_388' title='bbox 2540 2360 2727 2413; x_wconf 68' lang='lat' dir='ltr'><strong>pmnas</strong></span> <span class='ocrx_word' id='word_1_389' title='bbox 2771 2347 2989 2401; x_wconf 83' lang='lat' dir='ltr'><strong>easdem</strong></span> <span class='ocrx_word' id='word_1_390' title='bbox 3033 2348 3265 2402; x_wconf 90' lang='lat' dir='ltr'><strong>luituros</strong></span> <span class='ocrx_word' id='word_1_391' title='bbox 3316 2363 3456 2417; x_wconf 80' lang='lat' dir='ltr'><strong>quas</strong></span> 
     </span>
    </p>
   </div>
   <div class='ocr_carea' id='block_1_55' title="bbox 1884 2434 3460 2508">
    <p class='ocr_par' dir='ltr' id='par_1_55' title="bbox 1884 2434 3460 2508">
     <span class='ocr_line' id='line_1_55' title="bbox 1884 2434 3460 2508; baseline 0.004 -20"><span class='ocrx_word' id='word_1_392' title='bbox 1884 2436 2131 2490; x_wconf 86' lang='lat' dir='ltr'><strong>hostibus</strong></span> <span class='ocrx_word' id='word_1_393' title='bbox 2173 2435 2502 2491; x_wconf 77' lang='lat' dir='ltr'><strong>inferebant.</strong></span> <span class='ocrx_word' id='word_1_394' title='bbox 2546 2434 2650 2491; x_wconf 82' lang='lat' dir='ltr'><strong>Sed</strong></span> <span class='ocrx_word' id='word_1_395' title='bbox 2712 2437 3030 2506; x_wconf 87' lang='lat' dir='ltr'><strong>priusquam</strong></span> <span class='ocrx_word' id='word_1_396' title='bbox 3081 2439 3285 2508; x_wconf 88' lang='lat' dir='ltr'><strong>aliquid</strong></span> <span class='ocrx_word' id='word_1_397' title='bbox 3337 2442 3460 2496; x_wconf 87' lang='lat' dir='ltr'><strong>istis</strong></span> 
     </span>
    </p>
   </div>
   <div class='ocr_carea' id='block_1_56' title="bbox 1884 2527 3454 2602">
    <p class='ocr_par' dir='ltr' id='par_1_56' title="bbox 1884 2527 3454 2602">
     <span class='ocr_line' id='line_1_56' title="bbox 1884 2527 3454 2602; baseline 0.004 -23"><span class='ocrx_word' id='word_1_398' title='bbox 1884 2527 2046 2580; x_wconf 84' lang='lat' dir='ltr'><strong>addat</strong></span> <span class='ocrx_word' id='word_1_399' title='bbox 2068 2536 2122 2580; x_wconf 88' lang='lat' dir='ltr'><strong>et</strong></span> <span class='ocrx_word' id='word_1_400' title='bbox 2151 2536 2333 2582; x_wconf 86' lang='lat' dir='ltr'><strong>utatur</strong></span> <span class='ocrx_word' id='word_1_401' title='bbox 2381 2529 2705 2597; x_wconf 85' lang='lat' dir='ltr'><strong>quibusdam</strong></span> <span class='ocrx_word' id='word_1_402' title='bbox 2745 2531 3015 2584; x_wconf 73' lang='lat' dir='ltr'><strong>doctrinae</strong></span> <span class='ocrx_word' id='word_1_403' title='bbox 3058 2530 3265 2586; x_wconf 85' lang='lat' dir='ltr'><strong>Christi</strong></span> <span class='ocrx_word' id='word_1_404' title='bbox 3311 2547 3454 2602; x_wconf 59' lang='lat' dir='ltr'><strong>prae.</strong></span> 
     </span>
    </p>
   </div>
   <div class='ocr_carea' id='block_1_57' title="bbox 1883 2618 3520 2688">
    <p class='ocr_par' dir='ltr' id='par_1_57' title="bbox 1883 2618 3520 2688">
     <span class='ocr_line' id='line_1_57' title="bbox 1883 2618 3520 2688; baseline 0.005 -16"><span class='ocrx_word' id='word_1_405' title='bbox 1883 2618 2056 2687; x_wconf 90' lang='lat' dir='ltr'><strong>ccptis</strong></span> <span class='ocrx_word' id='word_1_406' title='bbox 2101 2631 2222 2685; x_wconf 68' lang='lat' dir='ltr'><strong>quae</strong></span> <span class='ocrx_word' id='word_1_407' title='bbox 2278 2618 2383 2688; x_wconf 84' lang='lat' dir='ltr'><strong>legi</strong></span> <span class='ocrx_word' id='word_1_408' title='bbox 2436 2620 2710 2674; x_wconf 86' lang='lat' dir='ltr'><strong>contraria</strong></span> <span class='ocrx_word' id='word_1_409' title='bbox 2749 2636 2873 2676; x_wconf 89' lang='lat' dir='ltr'><strong>esse</strong></span> <span class='ocrx_word' id='word_1_410' title='bbox 2925 2621 3236 2686; x_wconf 83' lang='lat' dir='ltr'><strong>existimat,</strong></span> <span class='ocrx_word' id='word_1_411' title='bbox 3285 2622 3352 2677; x_wconf 90' lang='lat' dir='ltr'><strong>de</strong></span> <span class='ocrx_word' id='word_1_412' title='bbox 3390 2623 3460 2680; x_wconf 86' lang='lat' dir='ltr'><strong>iis</strong></span> <span class='ocrx_word' id='word_1_413' title='bbox 3517 2623 3520 2626; x_wconf 75' lang='grc'><strong>’</strong></span> 
     </span>
    </p>
   </div>
   <div class='ocr_carea' id='block_1_58' title="bbox 1885 2709 3458 2785">
    <p class='ocr_par' dir='ltr' id='par_1_58' title="bbox 1885 2709 3458 2785">
     <span class='ocr_line' id='line_1_58' title="bbox 1885 2709 3458 2785; baseline 0.006 -24"><span class='ocrx_word' id='word_1_414' title='bbox 1885 2725 2006 2777; x_wconf 75' lang='lat' dir='ltr'><strong>qua:</strong></span> <span class='ocrx_word' id='word_1_415' title='bbox 2035 2709 2186 2779; x_wconf 90' lang='lat' dir='ltr'><strong>prius</strong></span> <span class='ocrx_word' id='word_1_416' title='bbox 2219 2711 2364 2764; x_wconf 90' lang='lat' dir='ltr'><strong>dicta</strong></span> <span class='ocrx_word' id='word_1_417' title='bbox 2421 2720 2568 2775; x_wconf 86' lang='lat' dir='ltr'><strong>sunt,</strong></span> <span class='ocrx_word' id='word_1_418' title='bbox 2599 2712 2924 2781; x_wconf 89' lang='lat' dir='ltr'><strong>loquendum</strong></span> <span class='ocrx_word' id='word_1_419' title='bbox 2968 2721 3075 2769; x_wconf 89' lang='lat' dir='ltr'><strong>est.</strong></span> <span class='ocrx_word' id='word_1_420' title='bbox 3127 2713 3260 2769; x_wconf 89' lang='lat' dir='ltr'><strong>Dico</strong></span> <span class='ocrx_word' id='word_1_421' title='bbox 3293 2715 3458 2785; x_wconf 78' lang='lat' dir='ltr'><strong>igitur</strong></span> 
     </span>
    </p>
   </div>
   <div class='ocr_carea' id='block_1_59' title="bbox 1887 2798 3460 2876">
    <p class='ocr_par' dir='ltr' id='par_1_59' title="bbox 1887 2798 3460 2876">
     <span class='ocr_line' id='line_1_59' title="bbox 1887 2798 3460 2876; baseline 0.006 -26"><span class='ocrx_word' id='word_1_422' title='bbox 1887 2798 2055 2869; x_wconf 80' lang='lat' dir='ltr'><strong>legem</strong></span> <span class='ocrx_word' id='word_1_423' title='bbox 2091 2801 2356 2870; x_wconf 84' lang='lat' dir='ltr'><strong>duplicem</strong></span> <span class='ocrx_word' id='word_1_424' title='bbox 2393 2816 2534 2866; x_wconf 88' lang='lat' dir='ltr'><strong>esse,</strong></span> <span class='ocrx_word' id='word_1_425' title='bbox 2579 2802 2803 2857; x_wconf 86' lang='lat' dir='ltr'><strong>alteram</strong></span> <span class='ocrx_word' id='word_1_426' title='bbox 2847 2803 3159 2870; x_wconf 87' lang='lat' dir='ltr'><strong>litteraletn,</strong></span> <span class='ocrx_word' id='word_1_427' title='bbox 3202 2807 3460 2876; x_wconf 84' lang='lat' dir='ltr'><strong>spiritua-</strong></span> 
     </span>
    </p>
   </div>
   <div class='ocr_carea' id='block_1_60' title="bbox 1887 2889 3455 2964">
    <p class='ocr_par' dir='ltr' id='par_1_60' title="bbox 1887 2889 3455 2964">
     <span class='ocr_line' id='line_1_60' title="bbox 1887 2889 3455 2964; baseline 0.006 -22"><span class='ocrx_word' id='word_1_428' title='bbox 1887 2889 1991 2943; x_wconf 81' lang='lat' dir='ltr'><strong>lem</strong></span> <span class='ocrx_word' id='word_1_429' title='bbox 2034 2891 2280 2954; x_wconf 85' lang='lat' dir='ltr'><strong>alteram.</strong></span> <span class='ocrx_word' id='word_1_430' title='bbox 2328 2901 2385 2945; x_wconf 93' lang='lat' dir='ltr'><strong>ut</strong></span> <span class='ocrx_word' id='word_1_431' title='bbox 2414 2893 2525 2962; x_wconf 86' lang='lat' dir='ltr'><strong>jam</strong></span> <span class='ocrx_word' id='word_1_432' title='bbox 2558 2903 2682 2948; x_wconf 83' lang='lat' dir='ltr'><strong>ante</strong></span> <span class='ocrx_word' id='word_1_433' title='bbox 2730 2909 2828 2949; x_wconf 88' lang='lat' dir='ltr'><strong>nos</strong></span> <span class='ocrx_word' id='word_1_434' title='bbox 2859 2897 3078 2964; x_wconf 85' lang='lat' dir='ltr'><strong>quidam</strong></span> <span class='ocrx_word' id='word_1_435' title='bbox 3124 2897 3455 2952; x_wconf 80' lang='lat' dir='ltr'><strong>docuerunt.</strong></span> 
     </span>
    </p>
   </div>
   <div class='ocr_carea' id='block_1_61' title="bbox 198 2975 1779 3075">
    <p class='ocr_par' dir='ltr' id='par_1_61' title="bbox 198 2977 1779 3054">
     <span class='ocr_line' id='line_1_61' title="bbox 198 2977 1779 3054; baseline 0.007 -26"><span class='ocrx_word' id='word_1_436' title='bbox 198 2977 224 3028; x_wconf 86' lang='lat'><strong>6</strong></span> <span class='ocrx_word' id='word_1_437' title='bbox 254 2981 346 3048; x_wconf 82' lang='grc' dir='ltr'><strong>μὲν</strong></span> <span class='ocrx_word' id='word_1_438' title='bbox 369 2981 510 3052; x_wconf 75' lang='grc' dir='ltr'>πρὸς</span> <span class='ocrx_word' id='word_1_439' title='bbox 533 2981 597 3032; x_wconf 79' lang='grc' dir='ltr'>τὸ</span> <span class='ocrx_word' id='word_1_440' title='bbox 630 2980 790 3050; x_wconf 76' lang='grc' dir='ltr'>ῥητὸν</span> <span class='ocrx_word' id='word_1_441' title='bbox 819 2981 879 3033; x_wconf 78' lang='grc' dir='ltr'><strong>οὐ</strong></span> <span class='ocrx_word' id='word_1_442' title='bbox 909 2981 1160 3036; x_wconf 87' lang='grc' dir='ltr'>τοσοῦτον</span> <span class='ocrx_word' id='word_1_443' title='bbox 1202 2985 1290 3053; x_wconf 79' lang='grc' dir='ltr'><strong>ὑφ’</strong></span> <span class='ocrx_word' id='word_1_444' title='bbox 1328 2985 1503 3054; x_wconf 82' lang='grc' dir='ltr'>ήμῶν,</span> <span class='ocrx_word' id='word_1_445' title='bbox 1532 2987 1654 3040; x_wconf 85' lang='grc' dir='ltr'>ὅσον</span> <span class='ocrx_word' id='word_1_446' title='bbox 1682 2987 1779 3040; x_wconf 75' lang='grc' dir='ltr'><strong>ὑπὸ</strong></span> 
     </span>
    </p>
   </div>
   <div class='ocr_carea' id='block_1_62' title="bbox 1887 2975 3457 3075">
    <p class='ocr_par' dir='ltr' id='par_1_62' title="bbox 1888 2975 3457 3056">
     <span class='ocr_line' id='line_1_62' title="bbox 1888 2975 3457 3056; baseline 0.006 -23"><span class='ocrx_word' id='word_1_447' title='bbox 1888 2975 2204 3033; x_wconf 83' lang='lat' dir='ltr'><strong>Litteralem</strong></span> <span class='ocrx_word' id='word_1_448' title='bbox 2249 2997 2355 3034; x_wconf 91' lang='lat' dir='ltr'><strong>non</strong></span> <span class='ocrx_word' id='word_1_449' title='bbox 2390 2991 2501 3035; x_wconf 88' lang='lat' dir='ltr'><strong>tam</strong></span> <span class='ocrx_word' id='word_1_450' title='bbox 2535 2998 2636 3037; x_wconf 93' lang='lat' dir='ltr'><strong>nos</strong></span> <span class='ocrx_word' id='word_1_451' title='bbox 2668 2999 2830 3052; x_wconf 88' lang='lat' dir='ltr'><strong>quam</strong></span> <span class='ocrx_word' id='word_1_452' title='bbox 2861 2984 3005 3041; x_wconf 89' lang='lat' dir='ltr'><strong>Deus</strong></span> <span class='ocrx_word' id='word_1_453' title='bbox 3049 2987 3162 3056; x_wconf 89' lang='lat' dir='ltr'><strong>ipse</strong></span> <span class='ocrx_word' id='word_1_454' title='bbox 3189 2987 3242 3041; x_wconf 92' lang='lat' dir='ltr'><strong>in</strong></span> <span class='ocrx_word' id='word_1_455' title='bbox 3276 3002 3383 3042; x_wconf 89' lang='lat' dir='ltr'><strong>uno</strong></span> <span class='ocrx_word' id='word_1_456' title='bbox 3425 3004 3457 3042; x_wconf 73' lang='grc' dir='ltr'><strong>ο</strong></span> 
     </span>
    </p>
   </div>
   <div class='ocr_carea' id='block_1_63' title="bbox 198 3070 1784 3149">
    <p class='ocr_par' dir='ltr' id='par_1_63' title="bbox 198 3070 1784 3149">
     <span class='ocr_line' id='line_1_63' title="bbox 198 3070 1784 3149; baseline 0.008 -29"><span class='ocrx_word' id='word_1_457' title='bbox 198 3070 282 3121; x_wconf 82' lang='grc' dir='ltr'>τοῦ</span> <span class='ocrx_word' id='word_1_458' title='bbox 314 3071 369 3124; x_wconf 75' lang='grc' dir='ltr'>ἓν</span> <span class='ocrx_word' id='word_1_459' title='bbox 404 3089 513 3125; x_wconf 85' lang='grc' dir='ltr'>τινι</span> <span class='ocrx_word' id='word_1_460' title='bbox 555 3071 667 3124; x_wconf 84' lang='grc' dir='ltr'>τῶν</span> <span class='ocrx_word' id='word_1_461' title='bbox 706 3071 999 3143; x_wconf 72' lang='grc' dir='ltr'>προφητῶν</span> <span class='ocrx_word' id='word_1_462' title='bbox 1049 3073 1296 3141; x_wconf 83' lang='grc' dir='ltr'>λέγοντος</span> <span class='ocrx_word' id='word_1_463' title='bbox 1360 3076 1518 3139; x_wconf 85' lang='grc' dir='ltr'>Θεοῦ,</span> <span class='ocrx_word' id='word_1_464' title='bbox 1569 3078 1784 3149; x_wconf 72' lang='grc' dir='ltr'>εἴρηται</span> 
     </span>
    </p>
   </div>
   <div class='ocr_carea' id='block_1_64' title="bbox 198 3159 1782 3240">
    <p class='ocr_par' dir='ltr' id='par_1_64' title="bbox 198 3159 1782 3240">
     <span class='ocr_line' id='line_1_64' title="bbox 198 3159 1782 3240; baseline 0.006 -25"><span class='ocrx_word' id='word_1_465' title='bbox 198 3159 325 3216; x_wconf 81' lang='grc' dir='ltr'>εἶναι</span> <span class='ocrx_word' id='word_1_466' title='bbox 365 3164 734 3233; x_wconf 76' lang='grc' dir='ltr'>δικαιώματα</span> <span class='ocrx_word' id='word_1_467' title='bbox 784 3167 855 3218; x_wconf 82' lang='grc' dir='ltr'><strong>οὐ</strong></span> <span class='ocrx_word' id='word_1_468' title='bbox 900 3166 1076 3229; x_wconf 76' lang='grc' dir='ltr'>καλὰ,</span> <span class='ocrx_word' id='word_1_469' title='bbox 1111 3169 1206 3219; x_wconf 77' lang='grc' dir='ltr'><strong>καὶ</strong></span> <span class='ocrx_word' id='word_1_470' title='bbox 1252 3169 1678 3240; x_wconf 75' lang='grc' dir='ltr'>προστάγματα</span> <span class='ocrx_word' id='word_1_471' title='bbox 1711 3174 1782 3226; x_wconf 87' lang='grc' dir='ltr'><strong>οὐ</strong></span> 
     </span>
    </p>
   </div>
   <div class='ocr_carea' id='block_1_65' title="bbox 198 3253 1781 3335">
    <p class='ocr_par' dir='ltr' id='par_1_65' title="bbox 198 3253 1781 3335">
     <span class='ocr_line' id='line_1_65' title="bbox 198 3253 1781 3335; baseline 0.008 -30"><span class='ocrx_word' id='word_1_472' title='bbox 198 3253 363 3306; x_wconf 76' lang='grc' dir='ltr'>καλά’</span> <span class='ocrx_word' id='word_1_473' title='bbox 397 3257 427 3306; x_wconf 90' lang='grc' dir='ltr'>ὁ</span> <span class='ocrx_word' id='word_1_474' title='bbox 463 3255 522 3308; x_wconf 85' lang='grc' dir='ltr'>δὲ</span> <span class='ocrx_word' id='word_1_475' title='bbox 576 3254 714 3325; x_wconf 85' lang='grc' dir='ltr'>πρὸς</span> <span class='ocrx_word' id='word_1_476' title='bbox 752 3255 987 3310; x_wconf 80' lang='grc' dir='ltr'>διάνοιαν</span> <span class='ocrx_word' id='word_1_477' title='bbox 1016 3259 1157 3311; x_wconf 85' lang='grc' dir='ltr'>κατὰ</span> <span class='ocrx_word' id='word_1_478' title='bbox 1187 3257 1278 3312; x_wconf 83' lang='grc' dir='ltr'>τὸν</span> <span class='ocrx_word' id='word_1_479' title='bbox 1306 3259 1468 3314; x_wconf 78' lang='grc' dir='ltr'>αὑτὸν</span> <span class='ocrx_word' id='word_1_480' title='bbox 1499 3264 1781 3335; x_wconf 81' lang='grc' dir='ltr'>προφήτην</span> 
     </span>
    </p>
   </div>
   <div class='ocr_carea' id='block_1_66' title="bbox 197 3343 1783 3422">
    <p class='ocr_par' dir='ltr' id='par_1_66' title="bbox 197 3343 1783 3422">
     <span class='ocr_line' id='line_1_66' title="bbox 197 3343 1783 3422; baseline 0.009 -28"><span class='ocrx_word' id='word_1_481' title='bbox 197 3343 255 3395; x_wconf 73' lang='grc' dir='ltr'>ἐκ</span> <span class='ocrx_word' id='word_1_482' title='bbox 291 3344 598 3415; x_wconf 76' lang='grc' dir='ltr'>προσώπου</span> <span class='ocrx_word' id='word_1_483' title='bbox 653 3345 746 3398; x_wconf 88' lang='grc' dir='ltr'><strong>τοῦ</strong></span> <span class='ocrx_word' id='word_1_484' title='bbox 801 3345 936 3399; x_wconf 84' lang='grc' dir='ltr'>Θεοῦ</span> <span class='ocrx_word' id='word_1_485' title='bbox 985 3347 1202 3417; x_wconf 86' lang='grc' dir='ltr'>λέγεται</span> <span class='ocrx_word' id='word_1_486' title='bbox 1243 3347 1380 3404; x_wconf 85' lang='grc' dir='ltr'>εἶναι</span> <span class='ocrx_word' id='word_1_487' title='bbox 1425 3351 1783 3422; x_wconf 81' lang='grc' dir='ltr'>δικαιώματα</span> 
     </span>
    </p>
   </div>
   <div class='ocr_carea' id='block_1_67' title="bbox 198 3437 1782 3516">
    <p class='ocr_par' dir='ltr' id='par_1_67' title="bbox 198 3437 1782 3516">
     <span class='ocr_line' id='line_1_67' title="bbox 198 3437 1782 3516; baseline 0.008 -29"><span class='ocrx_word' id='word_1_488' title='bbox 198 3438 363 3500; x_wconf 73' lang='grc' dir='ltr'>καλὰ,</span> <span class='ocrx_word' id='word_1_489' title='bbox 395 3437 499 3490; x_wconf 78' lang='grc' dir='ltr'>καὶ</span> <span class='ocrx_word' id='word_1_490' title='bbox 545 3437 972 3508; x_wconf 63' lang='grc' dir='ltr'>προστάῃαατα</span> <span class='ocrx_word' id='word_1_491' title='bbox 1022 3441 1198 3494; x_wconf 76' lang='grc' dir='ltr'>καλά.</span> <span class='ocrx_word' id='word_1_492' title='bbox 1245 3443 1320 3494; x_wconf 78' lang='grc' dir='ltr'><strong>Οὐ</strong></span> <span class='ocrx_word' id='word_1_493' title='bbox 1353 3443 1460 3514; x_wconf 78' lang='grc' dir='ltr'><strong>γὰρ</strong></span> <span class='ocrx_word' id='word_1_494' title='bbox 1492 3447 1782 3516; x_wconf 80' lang='grc' dir='ltr'>προφανῶς</span> 
     </span>
    </p>
   </div>
   <div class='ocr_carea' id='block_1_68' title="bbox 197 3528 1782 3605">
    <p class='ocr_par' dir='ltr' id='par_1_68' title="bbox 197 3528 1782 3605">
     <span class='ocr_line' id='line_1_68' title="bbox 197 3528 1782 3605; baseline 0.007 -26"><span class='ocrx_word' id='word_1_495' title='bbox 197 3528 404 3582; x_wconf 79' lang='grc' dir='ltr'>ἐναντία</span> <span class='ocrx_word' id='word_1_496' title='bbox 444 3528 598 3596; x_wconf 82' lang='grc' dir='ltr'>λέγει</span> <span class='ocrx_word' id='word_1_497' title='bbox 646 3530 674 3581; x_wconf 94' lang='lat'><strong>6</strong></span> <span class='ocrx_word' id='word_1_498' title='bbox 705 3532 988 3602; x_wconf 75' lang='grc' dir='ltr'>προφήτης</span> <span class='ocrx_word' id='word_1_499' title='bbox 1024 3534 1081 3584; x_wconf 79' lang='grc' dir='ltr'>ἐν</span> <span class='ocrx_word' id='word_1_500' title='bbox 1126 3533 1330 3605; x_wconf 82' lang='grc' dir='ltr'>ταύτῷ.</span> <span class='ocrx_word' id='word_1_501' title='bbox 1362 3528 1432 3604; x_wconf 85' lang='grc' dir='ltr'>ᾯ</span> <span class='ocrx_word' id='word_1_502' title='bbox 1473 3537 1782 3602; x_wconf 81' lang='grc' dir='ltr'>ἀκολούθως</span> 
     </span>
    </p>
   </div>
   <div class='ocr_carea' id='block_1_69' title="bbox 198 3619 1780 3702">
    <p class='ocr_par' dir='ltr' id='par_1_69' title="bbox 198 3619 1780 3702">
     <span class='ocr_line' id='line_1_69' title="bbox 198 3619 1780 3702; baseline 0.008 -32"><span class='ocrx_word' id='word_1_503' title='bbox 198 3621 283 3672; x_wconf 73' lang='grc' dir='ltr'><strong>καὶ</strong></span> <span class='ocrx_word' id='word_1_504' title='bbox 300 3622 328 3673; x_wconf 88' lang='lat'><strong>6</strong></span> <span class='ocrx_word' id='word_1_505' title='bbox 345 3621 567 3684; x_wconf 83' lang='grc' dir='ltr'>Παῦλος</span> <span class='ocrx_word' id='word_1_506' title='bbox 597 3621 658 3673; x_wconf 79' lang='grc' dir='ltr'><strong>τὸ</strong></span> <span class='ocrx_word' id='word_1_507' title='bbox 683 3621 780 3692; x_wconf 80' lang='grc' dir='ltr'><strong>μὲν</strong></span> <span class='ocrx_word' id='word_1_508' title='bbox 799 3623 1033 3691; x_wconf 60' lang='grc' dir='ltr'>γράμμα</span> <span class='ocrx_word' id='word_1_509' title='bbox 1051 3619 1203 3676; x_wconf 78' lang='grc' dir='ltr'>εἶπεν</span> <span class='ocrx_word' id='word_1_510' title='bbox 1221 3626 1620 3692; x_wconf 78' lang='grc' dir='ltr'>ἀποκτείνειν,</span> <span class='ocrx_word' id='word_1_511' title='bbox 1643 3630 1780 3702; x_wconf 84' lang='grc' dir='ltr'>ὅπερ</span> 
     </span>
    </p>
   </div>
   <div class='ocr_carea' id='block_1_70' title="bbox 200 3714 1776 3787">
    <p class='ocr_par' dir='ltr' id='par_1_70' title="bbox 200 3714 1776 3787">
     <span class='ocr_line' id='line_1_70' title="bbox 200 3714 1776 3787; baseline 0.006 -24"><span class='ocrx_word' id='word_1_512' title='bbox 200 3714 434 3768; x_wconf 72' lang='grc' dir='ltr'>ἵσονὲστὶ</span> <span class='ocrx_word' id='word_1_513' title='bbox 452 3714 534 3784; x_wconf 81' lang='grc' dir='ltr'>τῷ</span> <span class='ocrx_word' id='word_1_514' title='bbox 553 3714 614 3767; x_wconf 81' lang='grc' dir='ltr'><strong>τὸ</strong></span> <span class='ocrx_word' id='word_1_515' title='bbox 633 3715 794 3786; x_wconf 78' lang='grc' dir='ltr'>ῥητόν</span> <span class='ocrx_word' id='word_1_516' title='bbox 828 3716 957 3786; x_wconf 76' lang='grc'><strong>(17)-</strong></span> <span class='ocrx_word' id='word_1_517' title='bbox 998 3715 1058 3768; x_wconf 82' lang='grc' dir='ltr'>τὸ</span> <span class='ocrx_word' id='word_1_518' title='bbox 1087 3717 1143 3770; x_wconf 84' lang='grc' dir='ltr'>δὲ</span> <span class='ocrx_word' id='word_1_519' title='bbox 1175 3719 1414 3787; x_wconf 81' lang='grc' dir='ltr'>πνεῦμα</span> <span class='ocrx_word' id='word_1_520' title='bbox 1456 3717 1776 3783; x_wconf 58' lang='grc' dir='ltr'>ζωοποιεῖν,</span> 
     </span>
    </p>
   </div>
   <div class='ocr_carea' id='block_1_71' title="bbox 197 3805 1781 3880">
    <p class='ocr_par' dir='ltr' id='par_1_71' title="bbox 197 3805 1781 3880">
     <span class='ocr_line' id='line_1_71' title="bbox 197 3805 1781 3880; baseline 0.004 -23"><span class='ocrx_word' id='word_1_521' title='bbox 197 3805 323 3876; x_wconf 72' lang='grc' dir='ltr'>ὅπερ</span> <span class='ocrx_word' id='word_1_522' title='bbox 373 3805 696 3875; x_wconf 70' lang='grc' dir='ltr'>ίσώυναμεῖ</span> <span class='ocrx_word' id='word_1_523' title='bbox 725 3805 802 3874; x_wconf 83' lang='grc' dir='ltr'>τῷ</span> <span class='ocrx_word' id='word_1_524' title='bbox 819 3805 954 3877; x_wconf 78' lang='grc' dir='ltr'>πρὸς</span> <span class='ocrx_word' id='word_1_525' title='bbox 981 3807 1236 3860; x_wconf 82' lang='grc' dir='ltr'>διάνοιαν.</span> <span class='ocrx_word' id='word_1_526' title='bbox 1288 3808 1442 3860; x_wconf 88' lang='grc' dir='ltr'>Ἔστι</span> <span class='ocrx_word' id='word_1_527' title='bbox 1473 3808 1602 3876; x_wconf 87' lang='grc' dir='ltr'>γοῦν</span> <span class='ocrx_word' id='word_1_528' title='bbox 1630 3809 1781 3880; x_wconf 81' lang='grc' dir='ltr'>παρὰ</span> 
     </span>
    </p>
   </div>
   <div class='ocr_carea' id='block_1_72' title="bbox 197 3897 1780 3970">
    <p class='ocr_par' dir='ltr' id='par_1_72' title="bbox 197 3897 1780 3970">
     <span class='ocr_line' id='line_1_72' title="bbox 197 3897 1780 3970; baseline 0.004 -22"><span class='ocrx_word' id='word_1_529' title='bbox 197 3897 266 3966; x_wconf 74' lang='grc' dir='ltr'>τῷ</span> <span class='ocrx_word' id='word_1_530' title='bbox 315 3898 518 3968; x_wconf 81' lang='grc' dir='ltr'>Παύλῳ</span> <span class='ocrx_word' id='word_1_531' title='bbox 571 3897 833 3964; x_wconf 72' lang='grc' dir='ltr'><strong>ἀνάλογόν</strong></span> <span class='ocrx_word' id='word_1_532' title='bbox 865 3915 914 3950; x_wconf 92' lang='grc' dir='ltr'><strong>τι</strong></span> <span class='ocrx_word' id='word_1_533' title='bbox 964 3899 1142 3968; x_wconf 84' lang='grc' dir='ltr'>εὑρεῖν</span> <span class='ocrx_word' id='word_1_534' title='bbox 1181 3902 1295 3963; x_wconf 89' lang='grc' dir='ltr'>τοῖς</span> <span class='ocrx_word' id='word_1_535' title='bbox 1349 3901 1681 3970; x_wconf 80' lang='grc' dir='ltr'>νομισθείσιν</span> <span class='ocrx_word' id='word_1_536' title='bbox 1715 3898 1780 3954; x_wconf 80' lang='grc' dir='ltr'><strong>ἂν</strong></span> 
     </span>
    </p>
   </div>
   <div class='ocr_carea' id='block_1_73' title="bbox 198 3989 1779 4063">
    <p class='ocr_par' dir='ltr' id='par_1_73' title="bbox 198 3989 1779 4063">
     <span class='ocr_line' id='line_1_73' title="bbox 198 3989 1779 4063; baseline 0.003 -23"><span class='ocrx_word' id='word_1_537' title='bbox 198 3990 559 4060; x_wconf 76' lang='grc' dir='ltr'>ὲναντιιὶιμασι</span> <span class='ocrx_word' id='word_1_538' title='bbox 607 3989 748 4043; x_wconf 73' lang='grc' dir='ltr'>κατὰ</span> <span class='ocrx_word' id='word_1_539' title='bbox 775 3990 864 4043; x_wconf 82' lang='grc' dir='ltr'><strong>τὸν</strong></span> <span class='ocrx_word' id='word_1_540' title='bbox 893 3992 1196 4063; x_wconf 71' lang='grc' dir='ltr'>προφήτην.</span> <span class='ocrx_word' id='word_1_541' title='bbox 1238 3992 1323 4055; x_wconf 81' lang='grc' dir='ltr'>Ὡς</span> <span class='ocrx_word' id='word_1_542' title='bbox 1360 3993 1468 4063; x_wconf 77' lang='grc' dir='ltr'>γὰρ</span> <span class='ocrx_word' id='word_1_543' title='bbox 1498 3993 1628 4045; x_wconf 83' lang='grc' dir='ltr'>ὅπου</span> <span class='ocrx_word' id='word_1_544' title='bbox 1681 3991 1779 4063; x_wconf 76' lang='grc' dir='ltr'><strong>μὲν</strong></span> 
     </span>
    </p>
   </div>
   <div class='ocr_carea' id='block_1_74' title="bbox 210 4081 1777 4154">
    <p class='ocr_par' dir='ltr' id='par_1_74' title="bbox 210 4081 1777 4154">
     <span class='ocr_line' id='line_1_74' title="bbox 210 4081 1777 4154; baseline 0.001 -20"><span class='ocrx_word' id='word_1_545' title='bbox 210 4082 462 4154; x_wconf 52' lang='lat' dir='ltr'><strong>meum</strong></span> <span class='ocrx_word' id='word_1_546' title='bbox 497 4082 667 4151; x_wconf 75' lang='grc' dir='ltr'>λέγει,</span> <span class='ocrx_word' id='word_1_547' title='bbox 701 4082 926 4136; x_wconf 81' lang='grc' dir='ltr'>Ἕδωκα</span> <span class='ocrx_word' id='word_1_548' title='bbox 951 4082 1153 4148; x_wconf 85' lang='grc' dir='ltr'>αὐτοῖς</span> <span class='ocrx_word' id='word_1_549' title='bbox 1185 4081 1543 4151; x_wconf 75' lang='grc' dir='ltr'>δικαιώματα</span> <span class='ocrx_word' id='word_1_550' title='bbox 1564 4086 1635 4137; x_wconf 86' lang='grc' dir='ltr'><strong>οὐ</strong></span> <span class='ocrx_word' id='word_1_551' title='bbox 1669 4100 1777 4136; x_wconf 84' lang='grc' dir='ltr'>κα·-</span> 
     </span>
    </p>
   </div>
   <div class='ocr_carea' id='block_1_75' title="bbox 199 4171 1777 4243">
    <p class='ocr_par' dir='ltr' id='par_1_75' title="bbox 199 4171 1777 4243">
     <span class='ocr_line' id='line_1_75' title="bbox 199 4171 1777 4243; baseline 0.002 -17"><span class='ocrx_word' id='word_1_552' title='bbox 199 4171 291 4240; x_wconf 74' lang='lat' dir='ltr'><strong>.t‘t‘t,</strong></span> <span class='ocrx_word' id='word_1_553' title='bbox 324 4177 420 4230; x_wconf 79' lang='grc' dir='ltr'>καὶ</span> <span class='ocrx_word' id='word_1_554' title='bbox 454 4175 884 4243; x_wconf 76' lang='grc' dir='ltr'>προστάγματα</span> <span class='ocrx_word' id='word_1_555' title='bbox 914 4176 984 4228; x_wconf 79' lang='grc' dir='ltr'><strong>οὐ</strong></span> <span class='ocrx_word' id='word_1_556' title='bbox 1000 4177 1178 4239; x_wconf 81' lang='grc' dir='ltr'>καλὰ,</span> <span class='ocrx_word' id='word_1_557' title='bbox 1197 4177 1267 4229; x_wconf 80' lang='grc' dir='ltr'>ἐν</span> <span class='ocrx_word' id='word_1_558' title='bbox 1294 4171 1383 4242; x_wconf 83' lang='grc' dir='ltr'>οἷς</span> <span class='ocrx_word' id='word_1_559' title='bbox 1403 4178 1474 4229; x_wconf 85' lang='grc' dir='ltr'><strong>οὐ</strong></span> <span class='ocrx_word' id='word_1_560' title='bbox 1499 4175 1777 4243; x_wconf 79' lang='grc' dir='ltr'>ζ-ήσονται</span> 
     </span>
    </p>
   </div>
   <div class='ocr_carea' id='block_1_76' title="bbox 198 4265 1772 4336">
    <p class='ocr_par' dir='ltr' id='par_1_76' title="bbox 198 4265 1772 4336">
     <span class='ocr_line' id='line_1_76' title="bbox 198 4265 1772 4336; baseline 0.003 -20"><span class='ocrx_word' id='word_1_561' title='bbox 198 4265 492 4332; x_wconf 77' lang='grc' dir='ltr'>ἐναὺτοῒς·</span> <span class='ocrx_word' id='word_1_562' title='bbox 509 4268 645 4319; x_wconf 81' lang='grc' dir='ltr'>ὅπου</span> <span class='ocrx_word' id='word_1_563' title='bbox 661 4265 735 4328; x_wconf 84' lang='grc' dir='ltr'>δὲ,</span> <span class='ocrx_word' id='word_1_564' title='bbox 760 4265 986 4320; x_wconf 84' lang='grc' dir='ltr'>Ἕδωκα</span> <span class='ocrx_word' id='word_1_565' title='bbox 1000 4267 1202 4333; x_wconf 81' lang='grc' dir='ltr'>αὐτοῖς</span> <span class='ocrx_word' id='word_1_566' title='bbox 1220 4266 1579 4336; x_wconf 82' lang='grc' dir='ltr'>δικαιώματα</span> <span class='ocrx_word' id='word_1_567' title='bbox 1596 4267 1772 4329; x_wconf 75' lang='grc' dir='ltr'>καλὰ,</span> 
     </span>
    </p>
   </div>
   <div class='ocr_carea' id='block_1_77' title="bbox 1888 3073 3456 3148">
    <p class='ocr_par' dir='ltr' id='par_1_77' title="bbox 1888 3073 3456 3148">
     <span class='ocr_line' id='line_1_77' title="bbox 1888 3073 3456 3148; baseline 0.008 -28"><span class='ocrx_word' id='word_1_568' title='bbox 1888 3073 2161 3139; x_wconf 85' lang='lat' dir='ltr'><strong>prophetis</strong></span> <span class='ocrx_word' id='word_1_569' title='bbox 2209 3073 2433 3141; x_wconf 81' lang='lat' dir='ltr'><strong>loquens</strong></span> <span class='ocrx_word' id='word_1_570' title='bbox 2484 3086 2644 3128; x_wconf 85' lang='lat' dir='ltr'><strong>vocat</strong></span> <span class='ocrx_word' id='word_1_571' title='bbox 2679 3077 2876 3138; x_wconf 82' lang='lat' dir='ltr'><strong>iudicia</strong></span> <span class='ocrx_word' id='word_1_572' title='bbox 2913 3093 3016 3131; x_wconf 84' lang='lat' dir='ltr'><strong>non</strong></span> <span class='ocrx_word' id='word_1_573' title='bbox 3071 3079 3225 3144; x_wconf 84' lang='lat' dir='ltr'><strong>bona,</strong></span> <span class='ocrx_word' id='word_1_574' title='bbox 3257 3095 3456 3148; x_wconf 75' lang='lat' dir='ltr'><strong>prtrce-</strong></span> 
     </span>
    </p>
   </div>
   <div class='ocr_carea' id='block_1_78' title="bbox 1883 3165 3452 3237">
    <p class='ocr_par' dir='ltr' id='par_1_78' title="bbox 1883 3165 3452 3237">
     <span class='ocr_line' id='line_1_78' title="bbox 1883 3165 3452 3237; baseline 0.007 -24"><span class='ocrx_word' id='word_1_575' title='bbox 1883 3173 1972 3230; x_wconf 76' lang='lat' dir='ltr'><strong>pta</strong></span> <span class='ocrx_word' id='word_1_576' title='bbox 2027 3179 2126 3216; x_wconf 83' lang='lat' dir='ltr'><strong>non</strong></span> <span class='ocrx_word' id='word_1_577' title='bbox 2179 3166 2312 3217; x_wconf 83' lang='lat' dir='ltr'><strong>bona</strong></span> <span class='ocrx_word' id='word_1_578' title='bbox 2365 3165 2782 3234; x_wconf 79' lang='lat' dir='ltr'><strong>“;spiritualis</strong></span> <span class='ocrx_word' id='word_1_579' title='bbox 2830 3181 2960 3221; x_wconf 80' lang='lat' dir='ltr'><strong>vero</strong></span> <span class='ocrx_word' id='word_1_580' title='bbox 3008 3169 3148 3237; x_wconf 87' lang='lat' dir='ltr'><strong>apud</strong></span> <span class='ocrx_word' id='word_1_581' title='bbox 3203 3173 3452 3224; x_wconf 85' lang='lat' dir='ltr'><strong>eumdem</strong></span> 
     </span>
    </p>
   </div>
   <div class='ocr_carea' id='block_1_79' title="bbox 1885 3251 3456 3326">
    <p class='ocr_par' dir='ltr' id='par_1_79' title="bbox 1885 3251 3456 3326">
     <span class='ocr_line' id='line_1_79' title="bbox 1885 3251 3456 3326; baseline 0.006 -23"><span class='ocrx_word' id='word_1_582' title='bbox 1885 3251 2196 3321; x_wconf 85' lang='lat' dir='ltr'><strong>prophetam</strong></span> <span class='ocrx_word' id='word_1_583' title='bbox 2226 3253 2528 3321; x_wconf 87' lang='lat' dir='ltr'><strong>appellatur</strong></span> <span class='ocrx_word' id='word_1_584' title='bbox 2560 3269 2588 3306; x_wconf 88' lang='lat' dir='ltr'><strong>a</strong></span> <span class='ocrx_word' id='word_1_585' title='bbox 2625 3255 2736 3308; x_wconf 89' lang='lat' dir='ltr'><strong>Deo</strong></span> <span class='ocrx_word' id='word_1_586' title='bbox 2760 3254 2972 3323; x_wconf 86' lang='lat' dir='ltr'><strong>judicia</strong></span> <span class='ocrx_word' id='word_1_587' title='bbox 3002 3255 3158 3322; x_wconf 87' lang='lat' dir='ltr'><strong>bona,</strong></span> <span class='ocrx_word' id='word_1_588' title='bbox 3194 3258 3456 3326; x_wconf 68' lang='lat' dir='ltr'><strong>pra&#39;éepta</strong></span> 
     </span>
    </p>
   </div>
   <div class='ocr_carea' id='block_1_80' title="bbox 1883 3343 3454 3413">
    <p class='ocr_par' dir='ltr' id='par_1_80' title="bbox 1883 3343 3454 3413">
     <span class='ocr_line' id='line_1_80' title="bbox 1883 3343 3454 3413; baseline 0.007 -18"><span class='ocrx_word' id='word_1_589' title='bbox 1883 3343 2020 3396; x_wconf 83' lang='lat' dir='ltr'><strong>bona</strong></span> <span class='ocrx_word' id='word_1_590' title='bbox 2070 3345 2134 3397; x_wconf 80' lang='lat'><strong>&quot;.</strong></span> <span class='ocrx_word' id='word_1_591' title='bbox 2185 3343 2348 3399; x_wconf 87' lang='lat' dir='ltr'><strong>Certe</strong></span> <span class='ocrx_word' id='word_1_592' title='bbox 2407 3344 2666 3413; x_wconf 78' lang='lat' dir='ltr'><strong>prOpheta</strong></span> <span class='ocrx_word' id='word_1_593' title='bbox 2731 3347 2922 3401; x_wconf 89' lang='lat' dir='ltr'><strong>eodem</strong></span> <span class='ocrx_word' id='word_1_594' title='bbox 2982 3348 3035 3402; x_wconf 92' lang='lat' dir='ltr'><strong>in</strong></span> <span class='ocrx_word' id='word_1_595' title='bbox 3101 3349 3218 3403; x_wconf 93' lang='lat' dir='ltr'><strong>loco</strong></span> <span class='ocrx_word' id='word_1_596' title='bbox 3268 3365 3454 3406; x_wconf 91' lang='lat' dir='ltr'><strong>secum</strong></span> 
     </span>
    </p>
   </div>
   <div class='ocr_carea' id='block_1_81' title="bbox 1882 3432 3458 3503">
    <p class='ocr_par' dir='ltr' id='par_1_81' title="bbox 1882 3432 3458 3503">
     <span class='ocr_line' id='line_1_81' title="bbox 1882 3432 3458 3503; baseline 0.003 -19"><span class='ocrx_word' id='word_1_597' title='bbox 1882 3432 2182 3502; x_wconf 82' lang='lat' dir='ltr'><strong>pugnantia</strong></span> <span class='ocrx_word' id='word_1_598' title='bbox 2209 3447 2312 3487; x_wconf 93' lang='lat' dir='ltr'><strong>non</strong></span> <span class='ocrx_word' id='word_1_599' title='bbox 2342 3433 2499 3486; x_wconf 89' lang='lat' dir='ltr'><strong>dicit.</strong></span> <span class='ocrx_word' id='word_1_600' title='bbox 2531 3434 2709 3503; x_wconf 86' lang='lat' dir='ltr'><strong>Atque</strong></span> <span class='ocrx_word' id='word_1_601' title='bbox 2755 3435 2922 3488; x_wconf 88' lang='lat' dir='ltr'><strong>etiam</strong></span> <span class='ocrx_word' id='word_1_602' title='bbox 2959 3433 3040 3488; x_wconf 90' lang='lat' dir='ltr'><strong>illi</strong></span> <span class='ocrx_word' id='word_1_603' title='bbox 3083 3435 3280 3490; x_wconf 88' lang='lat' dir='ltr'><strong>Paulus</strong></span> <span class='ocrx_word' id='word_1_604' title='bbox 3322 3451 3458 3490; x_wconf 85' lang='lat' dir='ltr'><strong>con-</strong></span> 
     </span>
    </p>
   </div>
   <div class='ocr_carea' id='block_1_82' title="bbox 1882 3525 3458 3596">
    <p class='ocr_par' dir='ltr' id='par_1_82' title="bbox 1882 3525 3458 3596">
     <span class='ocr_line' id='line_1_82' title="bbox 1882 3525 3458 3596; baseline 0.002 -16"><span class='ocrx_word' id='word_1_605' title='bbox 1882 3535 2062 3590; x_wconf 87' lang='lat' dir='ltr'><strong>sonat,</strong></span> <span class='ocrx_word' id='word_1_606' title='bbox 2100 3529 2224 3580; x_wconf 74' lang='lat' dir='ltr'><strong>dunt</strong></span> <span class='ocrx_word' id='word_1_607' title='bbox 2277 3527 2355 3580; x_wconf 85' lang='lat' dir='ltr'><strong>ait</strong></span> <span class='ocrx_word' id='word_1_608' title='bbox 2381 3525 2634 3594; x_wconf 81' lang='lat' dir='ltr'><strong>litteram,</strong></span> <span class='ocrx_word' id='word_1_609' title='bbox 2668 3540 2790 3596; x_wconf 68' lang='lat' dir='ltr'><strong>qua:</strong></span> <span class='ocrx_word' id='word_1_610' title='bbox 2845 3525 2987 3582; x_wconf 88' lang='lat' dir='ltr'><strong>idem</strong></span> <span class='ocrx_word' id='word_1_611' title='bbox 3036 3535 3119 3583; x_wconf 89' lang='lat' dir='ltr'><strong>est</strong></span> <span class='ocrx_word' id='word_1_612' title='bbox 3155 3543 3219 3584; x_wconf 90' lang='lat' dir='ltr'><strong>ac</strong></span> <span class='ocrx_word' id='word_1_613' title='bbox 3262 3543 3458 3583; x_wconf 84' lang='lat' dir='ltr'><strong>sensus</strong></span> 
     </span>
    </p>
   </div>
   <div class='ocr_carea' id='block_1_83' title="bbox 1883 3617 3456 3690">
    <p class='ocr_par' dir='ltr' id='par_1_83' title="bbox 1883 3617 3456 3690">
     <span class='ocr_line' id='line_1_83' title="bbox 1883 3617 3456 3690; baseline 0.003 -18"><span class='ocrx_word' id='word_1_614' title='bbox 1883 3617 2152 3680; x_wconf 87' lang='lat' dir='ltr'><strong>litteralis,</strong></span> <span class='ocrx_word' id='word_1_615' title='bbox 2191 3618 2462 3683; x_wconf 84' lang='lat' dir='ltr'><strong>occidere;</strong></span> <span class='ocrx_word' id='word_1_616' title='bbox 2507 3626 2561 3673; x_wconf 82' lang='grc' dir='ltr'><strong>ει</strong></span> <span class='ocrx_word' id='word_1_617' title='bbox 2582 3619 2849 3688; x_wconf 83' lang='lat' dir='ltr'><strong>spiritum,</strong></span> <span class='ocrx_word' id='word_1_618' title='bbox 2877 3620 2970 3689; x_wconf 92' lang='lat' dir='ltr'><strong>qui</strong></span> <span class='ocrx_word' id='word_1_619' title='bbox 3009 3620 3148 3676; x_wconf 90' lang='lat' dir='ltr'><strong>idem</strong></span> <span class='ocrx_word' id='word_1_620' title='bbox 3184 3621 3456 3690; x_wconf 79' lang='lat' dir='ltr'><strong>signiﬁcat</strong></span> 
     </span>
    </p>
   </div>
   <div class='ocr_carea' id='block_1_84' title="bbox 1881 3709 3453 3782">
    <p class='ocr_par' dir='ltr' id='par_1_84' title="bbox 1881 3709 3453 3782">
     <span class='ocr_line' id='line_1_84' title="bbox 1881 3709 3453 3782; baseline 0.003 -18"><span class='ocrx_word' id='word_1_621' title='bbox 1881 3725 1946 3766; x_wconf 89' lang='lat' dir='ltr'><strong>ac</strong></span> <span class='ocrx_word' id='word_1_622' title='bbox 1996 3723 2188 3766; x_wconf 87' lang='lat' dir='ltr'><strong>sensus</strong></span> <span class='ocrx_word' id='word_1_623' title='bbox 2239 3709 2562 3779; x_wconf 85' lang='lat' dir='ltr'><strong>spiritualis,</strong></span> <span class='ocrx_word' id='word_1_624' title='bbox 2613 3711 2972 3780; x_wconf 78' lang='lat' dir='ltr'><strong>viviﬁcare&quot;.</strong></span> <span class='ocrx_word' id='word_1_625' title='bbox 3025 3713 3181 3782; x_wconf 85' lang='lat' dir='ltr'><strong>Apud</strong></span> <span class='ocrx_word' id='word_1_626' title='bbox 3229 3713 3453 3769; x_wconf 73' lang='lat' dir='ltr'><strong>Paulum</strong></span> 
     </span>
    </p>
   </div>
   <div class='ocr_carea' id='block_1_85' title="bbox 1882 3802 3456 3876">
    <p class='ocr_par' dir='ltr' id='par_1_85' title="bbox 1882 3802 3456 3876">
     <span class='ocr_line' id='line_1_85' title="bbox 1882 3802 3456 3876; baseline 0.002 -19"><span class='ocrx_word' id='word_1_627' title='bbox 1882 3803 2046 3874; x_wconf 83' lang='lat' dir='ltr'><strong>igitur</strong></span> <span class='ocrx_word' id='word_1_628' title='bbox 2079 3802 2329 3857; x_wconf 84' lang='lat' dir='ltr'><strong>invenire</strong></span> <span class='ocrx_word' id='word_1_629' title='bbox 2355 3811 2438 3857; x_wconf 80' lang='lat' dir='ltr'><strong>est</strong></span> <span class='ocrx_word' id='word_1_630' title='bbox 2471 3803 2667 3858; x_wconf 89' lang='lat' dir='ltr'><strong>similia</strong></span> <span class='ocrx_word' id='word_1_631' title='bbox 2704 3805 2788 3869; x_wconf 86' lang='lat' dir='ltr'><strong>iis,</strong></span> <span class='ocrx_word' id='word_1_632' title='bbox 2823 3820 2942 3875; x_wconf 70' lang='lat' dir='ltr'><strong>quae</strong></span> <span class='ocrx_word' id='word_1_633' title='bbox 2973 3807 3113 3876; x_wconf 87' lang='lat' dir='ltr'><strong>apud</strong></span> <span class='ocrx_word' id='word_1_634' title='bbox 3138 3808 3456 3876; x_wconf 82' lang='lat' dir='ltr'><strong>prophetam</strong></span> 
     </span>
    </p>
   </div>
   <div class='ocr_carea' id='block_1_86' title="bbox 1882 3895 3453 3968">
    <p class='ocr_par' dir='ltr' id='par_1_86' title="bbox 1882 3895 3453 3968">
     <span class='ocr_line' id='line_1_86' title="bbox 1882 3895 3453 3968; baseline 0.003 -18"><span class='ocrx_word' id='word_1_635' title='bbox 1882 3895 2154 3950; x_wconf 88' lang='lat' dir='ltr'><strong>contraria</strong></span> <span class='ocrx_word' id='word_1_636' title='bbox 2207 3895 2309 3949; x_wconf 84' lang='lat' dir='ltr'><strong>sibi</strong></span> <span class='ocrx_word' id='word_1_637' title='bbox 2359 3909 2481 3951; x_wconf 90' lang='lat' dir='ltr'><strong>esse</strong></span> <span class='ocrx_word' id='word_1_638' title='bbox 2529 3896 2698 3951; x_wconf 87' lang='lat' dir='ltr'><strong>videri</strong></span> <span class='ocrx_word' id='word_1_639' title='bbox 2730 3907 2973 3967; x_wconf 89' lang='lat' dir='ltr'><strong>possent.</strong></span> <span class='ocrx_word' id='word_1_640' title='bbox 3019 3896 3155 3952; x_wconf 86' lang='lat' dir='ltr'><strong>Nam</strong></span> <span class='ocrx_word' id='word_1_641' title='bbox 3189 3901 3453 3968; x_wconf 81' lang='lat' dir='ltr'><strong>quemad-</strong></span> 
     </span>
    </p>
   </div>
   <div class='ocr_carea' id='block_1_87' title="bbox 1884 3987 3458 4059">
    <p class='ocr_par' dir='ltr' id='par_1_87' title="bbox 1884 3987 3458 4059">
     <span class='ocr_line' id='line_1_87' title="bbox 1884 3987 3458 4059; baseline 0.001 -18"><span class='ocrx_word' id='word_1_642' title='bbox 1884 3987 2106 4041; x_wconf 89' lang='lat' dir='ltr'><strong>modum</strong></span> <span class='ocrx_word' id='word_1_643' title='bbox 2133 3987 2382 4042; x_wconf 86' lang='lat' dir='ltr'><strong>Ezechiel</strong></span> <span class='ocrx_word' id='word_1_644' title='bbox 2427 3987 2588 4052; x_wconf 88' lang='lat' dir='ltr'><strong>dicit,</strong></span> <span class='ocrx_word' id='word_1_645' title='bbox 2623 3989 2712 4043; x_wconf 91' lang='lat' dir='ltr'><strong>bic</strong></span> <span class='ocrx_word' id='word_1_646' title='bbox 2734 3988 2953 4058; x_wconf 88' lang='lat' dir='ltr'><strong>quidem</strong></span> <span class='ocrx_word' id='word_1_647' title='bbox 2987 4007 3002 4043; x_wconf 91' lang='lat'><strong>:</strong></span> <span class='ocrx_word' id='word_1_648' title='bbox 3037 3987 3169 4042; x_wconf 85' lang='lat' dir='ltr'><strong>Dedi</strong></span> <span class='ocrx_word' id='word_1_649' title='bbox 3207 3991 3280 4042; x_wconf 86' lang='lat' dir='ltr'><strong>eis</strong></span> <span class='ocrx_word' id='word_1_650' title='bbox 3299 3990 3458 4059; x_wconf 84' lang='lat' dir='ltr'><strong>judi-</strong></span> 
     </span>
    </p>
   </div>
   <div class='ocr_carea' id='block_1_88' title="bbox 1881 4079 3455 4150">
    <p class='ocr_par' dir='ltr' id='par_1_88' title="bbox 1881 4079 3455 4150">
     <span class='ocr_line' id='line_1_88' title="bbox 1881 4079 3455 4150; baseline 0.003 -19"><span class='ocrx_word' id='word_1_651' title='bbox 1881 4079 1961 4132; x_wconf 87' lang='lat' dir='ltr'><strong>cia</strong></span> <span class='ocrx_word' id='word_1_652' title='bbox 1981 4095 2081 4132; x_wconf 88' lang='lat' dir='ltr'><strong>non</strong></span> <span class='ocrx_word' id='word_1_653' title='bbox 2099 4085 2255 4144; x_wconf 82' lang='lat' dir='ltr'><strong>bona,</strong></span> <span class='ocrx_word' id='word_1_654' title='bbox 2275 4090 2323 4134; x_wconf 84' lang='lat' dir='ltr'><strong>et</strong></span> <span class='ocrx_word' id='word_1_655' title='bbox 2351 4091 2610 4149; x_wconf 72' lang='lat' dir='ltr'><strong>prwcepta</strong></span> <span class='ocrx_word' id='word_1_656' title='bbox 2636 4098 2742 4136; x_wconf 86' lang='lat' dir='ltr'><strong>non</strong></span> <span class='ocrx_word' id='word_1_657' title='bbox 2771 4081 2926 4145; x_wconf 81' lang='lat' dir='ltr'><strong>bona,</strong></span> <span class='ocrx_word' id='word_1_658' title='bbox 2959 4084 3013 4135; x_wconf 89' lang='lat' dir='ltr'><strong>in</strong></span> <span class='ocrx_word' id='word_1_659' title='bbox 3039 4082 3228 4150; x_wconf 82' lang='lat' dir='ltr'><strong>quibus</strong></span> <span class='ocrx_word' id='word_1_660' title='bbox 3245 4099 3347 4136; x_wconf 85' lang='lat' dir='ltr'><strong>non</strong></span> <span class='ocrx_word' id='word_1_661' title='bbox 3373 4083 3455 4138; x_wconf 80' lang='lat' dir='ltr'><strong>vi-</strong></span> 
     </span>
    </p>
   </div>
   <div class='ocr_carea' id='block_1_89' title="bbox 1879 4172 3456 4243">
    <p class='ocr_par' dir='ltr' id='par_1_89' title="bbox 1879 4172 3456 4243">
     <span class='ocr_line' id='line_1_89' title="bbox 1879 4172 3456 4243; baseline 0 -16"><span class='ocrx_word' id='word_1_662' title='bbox 1879 4184 1991 4227; x_wconf 76' lang='lat' dir='ltr'><strong>rent</strong></span> <span class='ocrx_word' id='word_1_663' title='bbox 2024 4174 2100 4240; x_wconf 74' lang='lat'><strong>“;</strong></span> <span class='ocrx_word' id='word_1_664' title='bbox 2142 4173 2250 4228; x_wconf 91' lang='lat' dir='ltr'><strong>illic</strong></span> <span class='ocrx_word' id='word_1_665' title='bbox 2283 4189 2409 4228; x_wconf 83' lang='lat' dir='ltr'><strong>vero</strong></span> <span class='ocrx_word' id='word_1_666' title='bbox 2441 4191 2456 4228; x_wconf 90' lang='lat'><strong>:</strong></span> <span class='ocrx_word' id='word_1_667' title='bbox 2492 4174 2627 4228; x_wconf 79' lang='lat' dir='ltr'><strong>Dedi</strong></span> <span class='ocrx_word' id='word_1_668' title='bbox 2669 4173 2745 4226; x_wconf 86' lang='lat' dir='ltr'><strong>eis</strong></span> <span class='ocrx_word' id='word_1_669' title='bbox 2780 4172 2989 4243; x_wconf 85' lang='lat' dir='ltr'><strong>judicia</strong></span> <span class='ocrx_word' id='word_1_670' title='bbox 3036 4173 3193 4238; x_wconf 85' lang='lat' dir='ltr'><strong>bona,</strong></span> <span class='ocrx_word' id='word_1_671' title='bbox 3241 4181 3292 4226; x_wconf 82' lang='lat' dir='ltr'><strong>et</strong></span> <span class='ocrx_word' id='word_1_672' title='bbox 3317 4190 3456 4242; x_wconf 63' lang='lat' dir='ltr'><strong>pra?-</strong></span> 
     </span>
    </p>
   </div>
   <div class='ocr_carea' id='block_1_90' title="bbox 1880 4260 3454 4333">
    <p class='ocr_par' dir='ltr' id='par_1_90' title="bbox 1880 4260 3454 4333">
     <span class='ocr_line' id='line_1_90' title="bbox 1880 4260 3454 4333; baseline 0.002 -17"><span class='ocrx_word' id='word_1_673' title='bbox 1880 4274 2029 4333; x_wconf 76' lang='lat' dir='ltr'><strong>eepta</strong></span> <span class='ocrx_word' id='word_1_674' title='bbox 2070 4265 2224 4328; x_wconf 88' lang='lat' dir='ltr'><strong>bona,</strong></span> <span class='ocrx_word' id='word_1_675' title='bbox 2268 4264 2324 4316; x_wconf 84' lang='lat' dir='ltr'><strong>in</strong></span> <span class='ocrx_word' id='word_1_676' title='bbox 2374 4265 2562 4332; x_wconf 80' lang='lat' dir='ltr'><strong>quibus</strong></span> <span class='ocrx_word' id='word_1_677' title='bbox 2609 4263 2778 4317; x_wconf 78' lang='lat' dir='ltr'><strong>virent</strong></span> <span class='ocrx_word' id='word_1_678' title='bbox 2835 4262 2914 4326; x_wconf 69' lang='grc' dir='ltr'>ης</span> <span class='ocrx_word' id='word_1_679' title='bbox 2969 4262 3050 4317; x_wconf 82' lang='lat' dir='ltr'><strong>sic</strong></span> <span class='ocrx_word' id='word_1_680' title='bbox 3101 4260 3321 4326; x_wconf 84' lang='lat' dir='ltr'><strong>Paulus,</strong></span> <span class='ocrx_word' id='word_1_681' title='bbox 3362 4263 3454 4319; x_wconf 78' lang='lat' dir='ltr'><strong>ubi</strong></span> 
     </span>
    </p>
   </div>
   <div class='ocr_carea' id='block_1_91' title="bbox 198 4349 1779 4430">
    <p class='ocr_par' dir='ltr' id='par_1_91' title="bbox 198 4355 1770 4430">
     <span class='ocr_line' id='line_1_91' title="bbox 198 4355 1770 4430; baseline -0.001 -18"><span class='ocrx_word' id='word_1_682' title='bbox 198 4361 282 4413; x_wconf 77' lang='grc' dir='ltr'><strong>καί</strong></span> <span class='ocrx_word' id='word_1_683' title='bbox 307 4359 738 4430; x_wconf 69' lang='grc' dir='ltr'>προστάγματα</span> <span class='ocrx_word' id='word_1_684' title='bbox 763 4361 936 4422; x_wconf 76' lang='grc' dir='ltr'>καλὰ,</span> <span class='ocrx_word' id='word_1_685' title='bbox 957 4360 1026 4413; x_wconf 85' lang='grc' dir='ltr'>ἐν</span> <span class='ocrx_word' id='word_1_686' title='bbox 1048 4355 1137 4425; x_wconf 84' lang='grc' dir='ltr'>οἷς</span> <span class='ocrx_word' id='word_1_687' title='bbox 1164 4359 1442 4429; x_wconf 78' lang='grc' dir='ltr'>ζήσονται</span> <span class='ocrx_word' id='word_1_688' title='bbox 1465 4360 1535 4413; x_wconf 82' lang='grc' dir='ltr'>ἐν</span> <span class='ocrx_word' id='word_1_689' title='bbox 1552 4359 1770 4425; x_wconf 76' lang='grc' dir='ltr'>αὐτοῖς·</span> 
     </span>
    </p>
   </div>
   <div class='ocr_carea' id='block_1_92' title="bbox 1887 4349 3458 4430">
    <p class='ocr_par' dir='ltr' id='par_1_92' title="bbox 1887 4349 3458 4426">
     <span class='ocr_line' id='line_1_92' title="bbox 1887 4349 3458 4426; baseline -0.003 -16"><span class='ocrx_word' id='word_1_690' title='bbox 1887 4359 2050 4426; x_wconf 85' lang='lat' dir='ltr'><strong>legem</strong></span> <span class='ocrx_word' id='word_1_691' title='bbox 2093 4355 2380 4410; x_wconf 83' lang='lat' dir='ltr'><strong>littetalent</strong></span> <span class='ocrx_word' id='word_1_692' title='bbox 2409 4355 2715 4424; x_wconf 88' lang='lat' dir='ltr'><strong>deprimere</strong></span> <span class='ocrx_word' id='word_1_693' title='bbox 2746 4352 2877 4419; x_wconf 82' lang='lat' dir='ltr'><strong>vult,</strong></span> <span class='ocrx_word' id='word_1_694' title='bbox 2908 4353 2983 4405; x_wconf 85' lang='lat' dir='ltr'><strong>ait</strong></span> <span class='ocrx_word' id='word_1_695' title='bbox 3014 4372 3026 4407; x_wconf 90' lang='lat'><strong>:</strong></span> <span class='ocrx_word' id='word_1_696' title='bbox 3061 4349 3120 4406; x_wconf 87' lang='lat' dir='ltr'><strong>Si</strong></span> <span class='ocrx_word' id='word_1_697' title='bbox 3147 4361 3321 4406; x_wconf 82' lang='lat' dir='ltr'><strong>autem</strong></span> <span class='ocrx_word' id='word_1_698' title='bbox 3356 4355 3458 4406; x_wconf 83' lang='lat' dir='ltr'><strong>mi-</strong></span> 
     </span>
    </p>
   </div>
   <div class='ocr_carea' id='block_1_93' title="bbox 197 4451 1774 4524">
    <p class='ocr_par' dir='ltr' id='par_1_93' title="bbox 197 4451 1774 4524">
     <span class='ocr_line' id='line_1_93' title="bbox 197 4451 1774 4524; baseline 0 -20"><span class='ocrx_word' id='word_1_699' title='bbox 197 4453 304 4523; x_wconf 76' lang='grc' dir='ltr'>ήτοι</span> <span class='ocrx_word' id='word_1_700' title='bbox 324 4452 684 4524; x_wconf 78' lang='grc' dir='ltr'>ἰσοδυναμοῦν</span> <span class='ocrx_word' id='word_1_701' title='bbox 706 4468 768 4518; x_wconf 83' lang='grc' dir='ltr'>γε</span> <span class='ocrx_word' id='word_1_702' title='bbox 791 4451 1018 4514; x_wconf 75' lang='grc' dir='ltr'>τούτοιςο</span> <span class='ocrx_word' id='word_1_703' title='bbox 1045 4451 1186 4504; x_wconf 74' lang='grc' dir='ltr'>οὕτω</span> <span class='ocrx_word' id='word_1_704' title='bbox 1207 4454 1302 4505; x_wconf 70' lang='grc' dir='ltr'><strong>καὶ</strong></span> <span class='ocrx_word' id='word_1_705' title='bbox 1337 4453 1364 4505; x_wconf 86' lang='lat'><strong>6</strong></span> <span class='ocrx_word' id='word_1_706' title='bbox 1386 4451 1618 4515; x_wconf 86' lang='grc' dir='ltr'>Παῦλος,</span> <span class='ocrx_word' id='word_1_707' title='bbox 1641 4452 1774 4504; x_wconf 82' lang='grc' dir='ltr'>ὅπου</span> 
     </span>
    </p>
   </div>
   <div class='ocr_carea' id='block_1_94' title="bbox 201 4542 1773 4616">
    <p class='ocr_par' dir='ltr' id='par_1_94' title="bbox 201 4542 1773 4616">
     <span class='ocr_line' id='line_1_94' title="bbox 201 4542 1773 4616; baseline -0.001 -18"><span class='ocrx_word' id='word_1_708' title='bbox 201 4547 288 4614; x_wconf 81' lang='grc' dir='ltr'><strong>μὲν</strong></span> <span class='ocrx_word' id='word_1_709' title='bbox 309 4549 370 4600; x_wconf 80' lang='grc' dir='ltr'>τὸ</span> <span class='ocrx_word' id='word_1_710' title='bbox 396 4547 494 4600; x_wconf 86' lang='grc' dir='ltr'><strong>τοῦ</strong></span> <span class='ocrx_word' id='word_1_711' title='bbox 512 4542 740 4616; x_wconf 82' lang='grc' dir='ltr'>νομικοῦ</span> <span class='ocrx_word' id='word_1_712' title='bbox 759 4546 1082 4616; x_wconf 81' lang='grc' dir='ltr'>γράμματος</span> <span class='ocrx_word' id='word_1_713' title='bbox 1097 4544 1370 4598; x_wconf 80' lang='grc' dir='ltr'>διαϐαλεῖν</span> <span class='ocrx_word' id='word_1_714' title='bbox 1393 4543 1554 4608; x_wconf 88' lang='grc' dir='ltr'>θέλει,</span> <span class='ocrx_word' id='word_1_715' title='bbox 1588 4543 1773 4615; x_wconf 77' lang='grc' dir='ltr'>φησίνο</span> 
     </span>
    </p>
   </div>
   <div class='ocr_carea' id='block_1_95' title="bbox 199 4632 1776 4708">
    <p class='ocr_par' dir='ltr' id='par_1_95' title="bbox 199 4632 1776 4708">
     <span class='ocr_line' id='line_1_95' title="bbox 199 4632 1776 4708; baseline -0.003 -18"><span class='ocrx_word' id='word_1_716' title='bbox 199 4638 336 4692; x_wconf 83' lang='grc' dir='ltr'><strong>Είδὲ</strong></span> <span class='ocrx_word' id='word_1_717' title='bbox 362 4640 399 4708; x_wconf 73' lang='grc' dir='ltr'>ἢ</span> <span class='ocrx_word' id='word_1_718' title='bbox 431 4639 708 4691; x_wconf 77' lang='grc' dir='ltr'>διακονία</span> <span class='ocrx_word' id='word_1_719' title='bbox 732 4636 835 4690; x_wconf 85' lang='grc' dir='ltr'><strong>τοῦ</strong></span> <span class='ocrx_word' id='word_1_720' title='bbox 868 4634 1125 4690; x_wconf 78' lang='grc' dir='ltr'>θανάτου</span> <span class='ocrx_word' id='word_1_721' title='bbox 1157 4635 1228 4687; x_wconf 86' lang='grc' dir='ltr'>ἐν</span> <span class='ocrx_word' id='word_1_722' title='bbox 1250 4632 1590 4704; x_wconf 79' lang='grc' dir='ltr'>γράμμασιν</span> <span class='ocrx_word' id='word_1_723' title='bbox 1615 4633 1776 4686; x_wconf 85' lang='grc' dir='ltr'>ἐντε-</span> 
     </span>
    </p>
   </div>
   <div class='ocr_carea' id='block_1_96' title="bbox 198 4724 1773 4800">
    <p class='ocr_par' dir='ltr' id='par_1_96' title="bbox 198 4724 1773 4800">
     <span class='ocr_line' id='line_1_96' title="bbox 198 4724 1773 4800; baseline -0.002 -20"><span class='ocrx_word' id='word_1_724' title='bbox 198 4731 503 4800; x_wconf 78' lang='grc' dir='ltr'>τυπωμένη</span> <span class='ocrx_word' id='word_1_725' title='bbox 550 4729 622 4782; x_wconf 81' lang='grc' dir='ltr'>ἐν</span> <span class='ocrx_word' id='word_1_726' title='bbox 673 4729 856 4794; x_wconf 70' lang='grc' dir='ltr'>λίθοις</span> <span class='ocrx_word' id='word_1_727' title='bbox 911 4726 1164 4796; x_wconf 80' lang='grc' dir='ltr'>ἐγενήθη</span> <span class='ocrx_word' id='word_1_728' title='bbox 1203 4726 1274 4779; x_wconf 87' lang='grc' dir='ltr'>ἐν</span> <span class='ocrx_word' id='word_1_729' title='bbox 1305 4725 1475 4795; x_wconf 82' lang='grc' dir='ltr'>δόξῃ,</span> <span class='ocrx_word' id='word_1_730' title='bbox 1511 4724 1666 4778; x_wconf 81' lang='grc' dir='ltr'>ὥστε</span> <span class='ocrx_word' id='word_1_731' title='bbox 1686 4725 1773 4794; x_wconf 83' lang='grc' dir='ltr'>μὴ</span> 
     </span>
    </p>
   </div>
   <div class='ocr_carea' id='block_1_97' title="bbox 196 4815 1770 4886">
    <p class='ocr_par' dir='ltr' id='par_1_97' title="bbox 196 4815 1770 4886">
     <span class='ocr_line' id='line_1_97' title="bbox 196 4815 1770 4886; baseline -0.002 -14"><span class='ocrx_word' id='word_1_732' title='bbox 196 4819 483 4879; x_wconf 82' lang='grc' dir='ltr'>δύνασθαι</span> <span class='ocrx_word' id='word_1_733' title='bbox 531 4821 803 4875; x_wconf 78' lang='grc' dir='ltr'>ἀτενίσαι</span> <span class='ocrx_word' id='word_1_734' title='bbox 855 4818 998 4884; x_wconf 79' lang='grc' dir='ltr'>τοὺς</span> <span class='ocrx_word' id='word_1_735' title='bbox 1058 4817 1227 4884; x_wconf 82' lang='grc' dir='ltr'>υἱοὺς</span> <span class='ocrx_word' id='word_1_736' title='bbox 1282 4817 1520 4886; x_wconf 72' lang='grc' dir='ltr'>Ἰσραὴλ</span> <span class='ocrx_word' id='word_1_737' title='bbox 1569 4819 1655 4882; x_wconf 81' lang='grc' dir='ltr'><strong>είς</strong></span> <span class='ocrx_word' id='word_1_738' title='bbox 1704 4815 1770 4869; x_wconf 85' lang='grc' dir='ltr'>τὸ</span> 
     </span>
    </p>
   </div>
   <div class='ocr_carea' id='block_1_98' title="bbox 198 4908 1770 4982">
    <p class='ocr_par' dir='ltr' id='par_1_98' title="bbox 198 4908 1770 4982">
     <span class='ocr_line' id='line_1_98' title="bbox 198 4908 1770 4982; baseline 0 -19"><span class='ocrx_word' id='word_1_739' title='bbox 198 4916 515 4982; x_wconf 77' lang='grc' dir='ltr'>πρόσωπον</span> <span class='ocrx_word' id='word_1_740' title='bbox 539 4912 835 4978; x_wconf 78' lang='grc' dir='ltr'>Μωῢσέως</span> <span class='ocrx_word' id='word_1_741' title='bbox 859 4911 955 4965; x_wconf 85' lang='grc' dir='ltr'>διὰ</span> <span class='ocrx_word' id='word_1_742' title='bbox 969 4909 1083 4979; x_wconf 77' lang='grc' dir='ltr'><strong>τὴν</strong></span> <span class='ocrx_word' id='word_1_743' title='bbox 1109 4910 1299 4975; x_wconf 81' lang='grc' dir='ltr'>δόξαν</span> <span class='ocrx_word' id='word_1_744' title='bbox 1317 4910 1423 4964; x_wconf 85' lang='grc' dir='ltr'><strong>τοῦ</strong></span> <span class='ocrx_word' id='word_1_745' title='bbox 1447 4908 1770 4978; x_wconf 79' lang='grc' dir='ltr'><strong>προσώπου</strong></span> 
     </span>
    </p>
   </div>
   <div class='ocr_carea' id='block_1_99' title="bbox 197 5001 1772 5078">
    <p class='ocr_par' dir='ltr' id='par_1_99' title="bbox 197 5001 1772 5078">
     <span class='ocr_line' id='line_1_99' title="bbox 197 5001 1772 5078; baseline -0.003 -20"><span class='ocrx_word' id='word_1_746' title='bbox 197 5009 371 5063; x_wconf 84' lang='grc' dir='ltr'>αὐτοῦ</span> <span class='ocrx_word' id='word_1_747' title='bbox 398 5008 518 5077; x_wconf 79' lang='grc' dir='ltr'>τὴν</span> <span class='ocrx_word' id='word_1_748' title='bbox 544 5005 1051 5078; x_wconf 75' lang='grc' dir='ltr'>καταργουμένην·</span> <span class='ocrx_word' id='word_1_749' title='bbox 1093 5003 1218 5070; x_wconf 81' lang='grc' dir='ltr'><strong>πῶς</strong></span> <span class='ocrx_word' id='word_1_750' title='bbox 1258 5001 1396 5072; x_wconf 81' lang='grc' dir='ltr'><strong>οὐχὶ</strong></span> <span class='ocrx_word' id='word_1_751' title='bbox 1437 5001 1681 5071; x_wconf 79' lang='grc' dir='ltr'>μᾶλλον</span> <span class='ocrx_word' id='word_1_752' title='bbox 1733 5001 1772 5069; x_wconf 80' lang='grc' dir='ltr'><em>ἠ</em></span> 
     </span>
    </p>
   </div>
   <div class='ocr_carea' id='block_1_100' title="bbox 1293 5174 1811 5240">
    <p class='ocr_par' dir='ltr' id='par_1_100' title="bbox 1293 5174 1811 5240">
     <span class='ocr_line' id='line_1_100' title="bbox 1293 5174 1811 5240; baseline -0.008 -9"><span class='ocrx_word' id='word_1_753' title='bbox 1293 5181 1336 5213; x_wconf 72' lang='grc' dir='ltr'>ιι</span> <span class='ocrx_word' id='word_1_754' title='bbox 1367 5178 1564 5233; x_wconf 81' lang='lat' dir='ltr'><strong>Ezech.</strong></span> <span class='ocrx_word' id='word_1_755' title='bbox 1597 5191 1688 5240; x_wconf 91' lang='lat' dir='ltr'><strong>xx,</strong></span> <span class='ocrx_word' id='word_1_756' title='bbox 1716 5174 1811 5228; x_wconf 73' lang='lat'><strong>‘25.</strong></span> 
     </span>
    </p>
   </div>
   <div class='ocr_carea' id='block_1_101' title="bbox 274 5184 1773 5312">
    <p class='ocr_par' dir='ltr' id='par_1_101' title="bbox 274 5184 1773 5312">
     <span class='ocr_line' id='line_1_101' title="bbox 274 5184 1773 5251; baseline -0.009 -10"><span class='ocrx_word' id='word_1_757' title='bbox 274 5184 442 5241; x_wconf 82' lang='lat' dir='ltr'><strong>&#39;Psal.</strong></span> <span class='ocrx_word' id='word_1_758' title='bbox 476 5204 530 5251; x_wconf 89' lang='lat' dir='ltr'><strong>c,</strong></span> <span class='ocrx_word' id='word_1_759' title='bbox 571 5186 626 5240; x_wconf 90' lang='lat'><strong>8.</strong></span> <span class='ocrx_word' id='word_1_760' title='bbox 742 5185 783 5216; x_wconf 82' lang='lat'><strong>’°</strong></span> <span class='ocrx_word' id='word_1_761' title='bbox 812 5184 964 5238; x_wconf 87' lang='lat' dir='ltr'><strong>Dent.</strong></span> <span class='ocrx_word' id='word_1_762' title='bbox 1002 5200 1061 5246; x_wconf 88' lang='lat' dir='ltr'><strong>Il,</strong></span> <span class='ocrx_word' id='word_1_763' title='bbox 1086 5184 1178 5237; x_wconf 73' lang='grc'><strong>54.</strong></span> <span class='ocrx_word' id='word_1_764' title='bbox 1293 5184 1336 5213; x_wconf 82' lang='grc'><strong>¹¹</strong></span> <span class='ocrx_word' id='word_1_765' title='bbox 1367 5184 1564 5233; x_wconf 83' lang='lat' dir='ltr'><strong>Ezech.</strong></span> <span class='ocrx_word' id='word_1_766' title='bbox 1597 5191 1688 5240; x_wconf 91' lang='lat' dir='ltr'><strong>xx,</strong></span> <span class='ocrx_word' id='word_1_767' title='bbox 1716 5184 1773 5228; x_wconf 62' lang='grc' dir='ltr'><strong>ξιξ</strong></span> 
     </span>
     <span class='ocr_line' id='line_1_102' title="bbox 274 5245 1773 5312; baseline -0.007 -4"><span class='ocrx_word' id='word_1_768' title='bbox 274 5254 395 5312; x_wconf 87' lang='lat' dir='ltr'><strong>lbid.</strong></span> <span class='ocrx_word' id='word_1_769' title='bbox 423 5257 516 5311; x_wconf 77' lang='lat'><strong>2|.</strong></span> <span class='ocrx_word' id='word_1_770' title='bbox 637 5256 680 5287; x_wconf 80' lang='grc'>¹⁶</span> <span class='ocrx_word' id='word_1_771' title='bbox 710 5253 893 5309; x_wconf 82' lang='lat' dir='ltr'><strong>llCor.</strong></span> <span class='ocrx_word' id='word_1_772' title='bbox 926 5271 1009 5312; x_wconf 89' lang='grc' dir='ltr'>ιιι,</span> <span class='ocrx_word' id='word_1_773' title='bbox 1041 5254 1095 5312; x_wconf 87' lang='lat'><strong>&#39;7.</strong></span> <span class='ocrx_word' id='word_1_774' title='bbox 1131 5259 1183 5308; x_wconf 89' lang='lat'><strong>8.</strong></span> <span class='ocrx_word' id='word_1_775' title='bbox 1293 5251 1334 5283; x_wconf 76' lang='lat'><strong>”</strong></span> <span class='ocrx_word' id='word_1_776' title='bbox 1367 5245 1526 5303; x_wconf 83' lang='lat' dir='ltr'><strong>Rom.</strong></span> <span class='ocrx_word' id='word_1_777' title='bbox 1551 5261 1643 5312; x_wconf 81' lang='lat' dir='ltr'><strong>vn,</strong></span> <span class='ocrx_word' id='word_1_778' title='bbox 1689 5245 1773 5299; x_wconf 70' lang='grc'><strong>14.</strong></span> 
     </span>
    </p>
   </div>
   <div class='ocr_carea' id='block_1_102' title="bbox 203 5254 516 5313">
    <p class='ocr_par' dir='ltr' id='par_1_102' title="bbox 203 5254 516 5313">
     <span class='ocr_line' id='line_1_103' title="bbox 203 5254 516 5313; baseline 0.01 -5"><span class='ocrx_word' id='word_1_779' title='bbox 203 5255 241 5286; x_wconf 77' lang='grc'>⁸⁸</span> <span class='ocrx_word' id='word_1_780' title='bbox 264 5254 395 5313; x_wconf 83' lang='lat' dir='ltr'><strong>Ibid.</strong></span> <span class='ocrx_word' id='word_1_781' title='bbox 423 5257 516 5311; x_wconf 76' lang='lat'><strong>2|.</strong></span> 
     </span>
    </p>
   </div>
   <div class='ocr_carea' id='block_1_103' title="bbox 742 5183 1178 5246">
    <p class='ocr_par' dir='ltr' id='par_1_103' title="bbox 742 5183 1178 5246">
     <span class='ocr_line' id='line_1_104' title="bbox 742 5183 1178 5246; baseline -0.005 -10"><span class='ocrx_word' id='word_1_782' title='bbox 742 5185 783 5216; x_wconf 81' lang='grc' dir='ltr'><strong>ὀ</strong></span> <span class='ocrx_word' id='word_1_783' title='bbox 812 5184 964 5238; x_wconf 87' lang='lat' dir='ltr'><strong>Dent.</strong></span> <span class='ocrx_word' id='word_1_784' title='bbox 1002 5200 1061 5246; x_wconf 88' lang='lat' dir='ltr'><strong>Il,</strong></span> <span class='ocrx_word' id='word_1_785' title='bbox 1086 5183 1178 5237; x_wconf 73' lang='grc'><strong>54.</strong></span> 
     </span>
    </p>
   </div>
   <div class='ocr_carea' id='block_1_104' title="bbox 637 5253 1183 5321">
    <p class='ocr_par' dir='ltr' id='par_1_104' title="bbox 637 5253 1183 5321">
     <span class='ocr_line' id='line_1_105' title="bbox 637 5253 1183 5321; baseline -0.002 -13"><span class='ocrx_word' id='word_1_786' title='bbox 637 5256 680 5287; x_wconf 80' lang='grc'>¹⁶</span> <span class='ocrx_word' id='word_1_787' title='bbox 710 5253 893 5309; x_wconf 82' lang='lat' dir='ltr'><strong>llCor.</strong></span> <span class='ocrx_word' id='word_1_788' title='bbox 926 5271 1009 5314; x_wconf 89' lang='grc' dir='ltr'>ιιι,</span> <span class='ocrx_word' id='word_1_789' title='bbox 1041 5254 1095 5321; x_wconf 88' lang='lat'><strong>&#39;7,</strong></span> <span class='ocrx_word' id='word_1_790' title='bbox 1131 5259 1183 5308; x_wconf 89' lang='lat'><strong>8.</strong></span> 
     </span>
    </p>
   </div>
   <div class='ocr_carea' id='block_1_105' title="bbox 267 5407 1762 5492">
    <p class='ocr_par' dir='ltr' id='par_1_105' title="bbox 267 5407 1762 5492">
     <span class='ocr_line' id='line_1_106' title="bbox 267 5407 1762 5492; baseline -0.01 -20"><span class='ocrx_word' id='word_1_791' title='bbox 267 5417 374 5492; x_wconf 80' lang='lat' dir='ltr'><strong>(l5)</strong></span> <span class='ocrx_word' id='word_1_792' title='bbox 416 5417 562 5473; x_wconf 90' lang='lat' dir='ltr'><strong>Idem</strong></span> <span class='ocrx_word' id='word_1_793' title='bbox 612 5416 664 5492; x_wconf 79' lang='lat' dir='ltr'><strong>in</strong></span> <span class='ocrx_word' id='word_1_794' title='bbox 709 5424 886 5492; x_wconf 73' lang='lat' dir='ltr'><strong>textu,</strong></span> <span class='ocrx_word' id='word_1_795' title='bbox 935 5413 1260 5492; x_wconf 63' lang='grc' dir='ltr'>μηνύοντος,</span> <span class='ocrx_word' id='word_1_796' title='bbox 1302 5408 1463 5492; x_wconf 74' lang='lat' dir='ltr'><strong>male.</strong></span> <span class='ocrx_word' id='word_1_797' title='bbox 1491 5407 1762 5492; x_wconf 66' lang='lat' dir='ltr'><strong>Praeterea</strong></span> 
     </span>
    </p>
   </div>
   <div class='ocr_carea' id='block_1_106' title="bbox 203 5480 1762 5546">
    <p class='ocr_par' dir='ltr' id='par_1_106' title="bbox 203 5480 1762 5546">
     <span class='ocr_line' id='line_1_107' title="bbox 203 5480 1762 5546; baseline -0.008 -6"><span class='ocrx_word' id='word_1_798' title='bbox 203 5480 392 5543; x_wconf 71' lang='lat' dir='ltr'><strong>ibidem</strong></span> <span class='ocrx_word' id='word_1_799' title='bbox 422 5498 519 5543; x_wconf 89' lang='lat' dir='ltr'><strong>aut</strong></span> <span class='ocrx_word' id='word_1_800' title='bbox 562 5480 878 5541; x_wconf 84' lang='lat' dir='ltr'><strong>addendum</strong></span> <span class='ocrx_word' id='word_1_801' title='bbox 914 5480 1008 5540; x_wconf 76' lang='lat' dir='ltr'><strong>aut</strong></span> <span class='ocrx_word' id='word_1_802' title='bbox 1035 5480 1468 5542; x_wconf 86' lang='lat' dir='ltr'><strong>subaudiendum</strong></span> <span class='ocrx_word' id='word_1_803' title='bbox 1502 5485 1587 5534; x_wconf 86' lang='lat' dir='ltr'><strong>est</strong></span> <span class='ocrx_word' id='word_1_804' title='bbox 1623 5480 1762 5546; x_wconf 78' lang='grc' dir='ltr'>μᾶλ-</span> 
     </span>
    </p>
   </div>
   <div class='ocr_carea' id='block_1_107' title="bbox 200 5556 1763 5700">
    <p class='ocr_par' dir='ltr' id='par_1_107' title="bbox 200 5556 1763 5700">
     <span class='ocr_line' id='line_1_108' title="bbox 200 5556 1763 5700; baseline -0.013 -10"><span class='ocrx_word' id='word_1_805' title='bbox 200 5556 372 5700; x_wconf 33' lang='grc' dir='ltr'><strong>λΩκίῖίῆ</strong></span> <span class='ocrx_word' id='word_1_806' title='bbox 411 5629 533 5699; x_wconf 86' lang='grc' dir='ltr'>Πρὸ</span> <span class='ocrx_word' id='word_1_807' title='bbox 565 5592 733 5698; x_wconf 61' lang='grc' dir='ltr'>ἡμῶν</span> <span class='ocrx_word' id='word_1_808' title='bbox 761 5644 936 5694; x_wconf 82' lang='grc' dir='ltr'>τινες.</span> <span class='ocrx_word' id='word_1_809' title='bbox 976 5628 1048 5682; x_wconf 89' lang='lat' dir='ltr'><strong>lta</strong></span> <span class='ocrx_word' id='word_1_810' title='bbox 1081 5635 1225 5682; x_wconf 87' lang='lat' dir='ltr'><strong>recte</strong></span> <span class='ocrx_word' id='word_1_811' title='bbox 1257 5623 1418 5683; x_wconf 90' lang='lat' dir='ltr'><strong>codd.</strong></span> <span class='ocrx_word' id='word_1_812' title='bbox 1450 5618 1763 5685; x_wconf 83' lang='lat' dir='ltr'><strong>Vaticanus,</strong></span> 
     </span>
    </p>
   </div>
   <div class='ocr_carea' id='block_1_108' title="bbox 348 5725 930 5786">
    <p class='ocr_par' dir='ltr' id='par_1_108' title="bbox 348 5725 930 5786">
     <span class='ocr_line' id='line_1_109' title="bbox 348 5725 930 5786; baseline -0.005 0"><span class='ocrx_word' id='word_1_813' title='bbox 348 5726 618 5786; x_wconf 74' lang='grc' dir='ltr'>ΡΑτιιοι..</span> <span class='ocrx_word' id='word_1_814' title='bbox 666 5725 782 5784; x_wconf 82' lang='lat' dir='ltr'><strong>Gn.</strong></span> <span class='ocrx_word' id='word_1_815' title='bbox 821 5725 930 5783; x_wconf 78' lang='lat' dir='ltr'><strong>Xl.</strong></span> 
     </span>
    </p>
   </div>
   <div class='ocr_carea' id='block_1_109' title="bbox 1875 5474 2357 5548">
    <p class='ocr_par' dir='ltr' id='par_1_109' title="bbox 1875 5474 2357 5548">
     <span class='ocr_line' id='line_1_110' title="bbox 1875 5474 2357 5548; baseline -0.002 1"><span class='ocrx_word' id='word_1_816' title='bbox 1875 5474 2357 5548; x_wconf 48' lang='lat' dir='ltr'><strong>Vettiavteostrntté</strong></span> 
     </span>
    </p>
   </div>
   <div class='ocr_carea' id='block_1_110' title="bbox 1882 4443 3456 4516">
    <p class='ocr_par' dir='ltr' id='par_1_110' title="bbox 1882 4443 3456 4516">
     <span class='ocr_line' id='line_1_111' title="bbox 1882 4443 3456 4516; baseline -0.002 -13"><span class='ocrx_word' id='word_1_817' title='bbox 1882 4449 2123 4503; x_wconf 82' lang='lat' dir='ltr'><strong>nistratio</strong></span> <span class='ocrx_word' id='word_1_818' title='bbox 2157 4449 2340 4502; x_wconf 87' lang='lat' dir='ltr'><strong>mortis</strong></span> <span class='ocrx_word' id='word_1_819' title='bbox 2360 4447 2544 4501; x_wconf 73' lang='lat' dir='ltr'><strong>litteris</strong></span> <span class='ocrx_word' id='word_1_820' title='bbox 2569 4445 2732 4516; x_wconf 79' lang='lat'><strong>709</strong></span> <span class='ocrx_word' id='word_1_821' title='bbox 2760 4443 3059 4513; x_wconf 75' lang='lat' dir='ltr'><strong>deformata</strong></span> <span class='ocrx_word' id='word_1_822' title='bbox 3089 4445 3142 4497; x_wconf 85' lang='lat' dir='ltr'><strong>in</strong></span> <span class='ocrx_word' id='word_1_823' title='bbox 3167 4444 3456 4514; x_wconf 81' lang='lat' dir='ltr'><strong>lapidibus,</strong></span> 
     </span>
    </p>
   </div>
   <div class='ocr_carea' id='block_1_111' title="bbox 1882 4535 3457 4611">
    <p class='ocr_par' dir='ltr' id='par_1_111' title="bbox 1882 4535 3457 4611">
     <span class='ocr_line' id='line_1_112' title="bbox 1882 4535 3457 4611; baseline -0.001 -18"><span class='ocrx_word' id='word_1_824' title='bbox 1882 4541 1979 4611; x_wconf 80' lang='lat' dir='ltr'><strong>fuit</strong></span> <span class='ocrx_word' id='word_1_825' title='bbox 2009 4541 2062 4594; x_wconf 88' lang='lat' dir='ltr'><strong>in</strong></span> <span class='ocrx_word' id='word_1_826' title='bbox 2080 4540 2244 4610; x_wconf 83' lang='lat' dir='ltr'><strong>gloria</strong></span> <span class='ocrx_word' id='word_1_827' title='bbox 2266 4555 2284 4603; x_wconf 88' lang='lat'><em>;</em></span> <span class='ocrx_word' id='word_1_828' title='bbox 2304 4542 2377 4594; x_wconf 89' lang='lat' dir='ltr'><strong>ita</strong></span> <span class='ocrx_word' id='word_1_829' title='bbox 2400 4549 2454 4593; x_wconf 89' lang='lat' dir='ltr'><strong>ut</strong></span> <span class='ocrx_word' id='word_1_830' title='bbox 2472 4549 2790 4608; x_wconf 80' lang='lat' dir='ltr'><strong>nonpossent</strong></span> <span class='ocrx_word' id='word_1_831' title='bbox 2808 4536 3183 4605; x_wconf 74' lang='lat' dir='ltr'><strong>intendere/iiii</strong></span> <span class='ocrx_word' id='word_1_832' title='bbox 3205 4535 3379 4590; x_wconf 79' lang='lat' dir='ltr'><strong>Israel</strong></span> <span class='ocrx_word' id='word_1_833' title='bbox 3396 4537 3457 4592; x_wconf 85' lang='lat' dir='ltr'><strong>in</strong></span> 
     </span>
    </p>
   </div>
   <div class='ocr_carea' id='block_1_112' title="bbox 1882 4627 3457 4701">
    <p class='ocr_par' dir='ltr' id='par_1_112' title="bbox 1882 4627 3457 4701">
     <span class='ocr_line' id='line_1_113' title="bbox 1882 4627 3457 4701; baseline -0.001 -17"><span class='ocrx_word' id='word_1_834' title='bbox 1882 4632 2068 4701; x_wconf 77' lang='lat' dir='ltr'><strong>faciem</strong></span> <span class='ocrx_word' id='word_1_835' title='bbox 2088 4631 2283 4701; x_wconf 77' lang='lat' dir='ltr'><strong>Moysis</strong></span> <span class='ocrx_word' id='word_1_836' title='bbox 2304 4640 2514 4700; x_wconf 66' lang='lat' dir='ltr'><strong>promer</strong></span> <span class='ocrx_word' id='word_1_837' title='bbox 2537 4631 2756 4700; x_wconf 85' lang='lat' dir='ltr'><strong>gloriam</strong></span> <span class='ocrx_word' id='word_1_838' title='bbox 2774 4629 2948 4682; x_wconf 82' lang='lat' dir='ltr'><strong>vultus</strong></span> <span class='ocrx_word' id='word_1_839' title='bbox 2966 4627 3080 4697; x_wconf 84' lang='lat' dir='ltr'><strong>ejus</strong></span> <span class='ocrx_word' id='word_1_840' title='bbox 3096 4643 3215 4696; x_wconf 72' lang='lat' dir='ltr'><strong>quae</strong></span> <span class='ocrx_word' id='word_1_841' title='bbox 3229 4643 3457 4682; x_wconf 77' lang='lat' dir='ltr'><strong>evacua-</strong></span> 
     </span>
    </p>
   </div>
   <div class='ocr_carea' id='block_1_113' title="bbox 1881 4718 3458 4793">
    <p class='ocr_par' dir='ltr' id='par_1_113' title="bbox 1881 4718 3458 4793">
     <span class='ocr_line' id='line_1_114' title="bbox 1881 4718 3458 4793; baseline -0.004 -15"><span class='ocrx_word' id='word_1_842' title='bbox 1881 4735 2001 4787; x_wconf 89' lang='lat' dir='ltr'><strong>tur;</strong></span> <span class='ocrx_word' id='word_1_843' title='bbox 2019 4723 2277 4793; x_wconf 81' lang='lat' dir='ltr'><strong>quomodo</strong></span> <span class='ocrx_word' id='word_1_844' title='bbox 2294 4739 2400 4776; x_wconf 88' lang='lat' dir='ltr'><strong>non</strong></span> <span class='ocrx_word' id='word_1_845' title='bbox 2415 4722 2578 4792; x_wconf 77' lang='lat' dir='ltr'><strong>magis</strong></span> <span class='ocrx_word' id='word_1_846' title='bbox 2598 4719 2912 4774; x_wconf 78' lang='lat' dir='ltr'><strong>ministratio</strong></span> <span class='ocrx_word' id='word_1_847' title='bbox 2929 4718 3143 4787; x_wconf 84' lang='lat' dir='ltr'><strong>spiritus</strong></span> <span class='ocrx_word' id='word_1_848' title='bbox 3156 4721 3251 4771; x_wconf 82' lang='lat' dir='ltr'><strong>erit</strong></span> <span class='ocrx_word' id='word_1_849' title='bbox 3272 4719 3324 4772; x_wconf 90' lang='lat' dir='ltr'><strong>in</strong></span> <span class='ocrx_word' id='word_1_850' title='bbox 3341 4718 3458 4787; x_wconf 78' lang='lat' dir='ltr'><strong>glo-</strong></span> 
     </span>
    </p>
   </div>
   <div class='ocr_carea' id='block_1_114' title="bbox 1881 4809 3454 4881">
    <p class='ocr_par' dir='ltr' id='par_1_114' title="bbox 1881 4809 3454 4881">
     <span class='ocr_line' id='line_1_115' title="bbox 1881 4809 3454 4881; baseline -0.003 -13"><span class='ocrx_word' id='word_1_851' title='bbox 1881 4816 1965 4869; x_wconf 83' lang='lat' dir='ltr'><strong>ria</strong></span> <span class='ocrx_word' id='word_1_852' title='bbox 1982 4816 2063 4869; x_wconf 79' lang='lat' dir='ltr'><strong>“‘t</strong></span> <span class='ocrx_word' id='word_1_853' title='bbox 2085 4815 2182 4871; x_wconf 91' lang='lat' dir='ltr'><strong>Ubi</strong></span> <span class='ocrx_word' id='word_1_854' title='bbox 2203 4825 2383 4869; x_wconf 90' lang='lat' dir='ltr'><strong>autem</strong></span> <span class='ocrx_word' id='word_1_855' title='bbox 2412 4813 2715 4868; x_wconf 87' lang='lat' dir='ltr'><strong>admiratur</strong></span> <span class='ocrx_word' id='word_1_856' title='bbox 2732 4822 2783 4865; x_wconf 92' lang='lat' dir='ltr'><strong>et</strong></span> <span class='ocrx_word' id='word_1_857' title='bbox 2809 4814 3072 4881; x_wconf 86' lang='lat' dir='ltr'><strong>approbat</strong></span> <span class='ocrx_word' id='word_1_858' title='bbox 3095 4809 3290 4880; x_wconf 86' lang='lat' dir='ltr'><strong>legem,</strong></span> <span class='ocrx_word' id='word_1_859' title='bbox 3306 4810 3454 4864; x_wconf 88' lang='lat' dir='ltr'><strong>illam</strong></span> 
     </span>
    </p>
   </div>
   <div class='ocr_carea' id='block_1_115' title="bbox 1884 4901 3452 4978">
    <p class='ocr_par' dir='ltr' id='par_1_115' title="bbox 1884 4901 3452 4978">
     <span class='ocr_line' id='line_1_116' title="bbox 1884 4901 3452 4978; baseline -0.004 -16"><span class='ocrx_word' id='word_1_860' title='bbox 1884 4906 2220 4978; x_wconf 88' lang='lat' dir='ltr'><strong>spiritualem</strong></span> <span class='ocrx_word' id='word_1_861' title='bbox 2238 4915 2396 4962; x_wconf 79' lang='lat' dir='ltr'><strong>vocat</strong></span> <span class='ocrx_word' id='word_1_862' title='bbox 2417 4923 2430 4960; x_wconf 85' lang='lat'><strong>:</strong></span> <span class='ocrx_word' id='word_1_863' title='bbox 2450 4903 2682 4966; x_wconf 85' lang='lat' dir='ltr'><strong>Scimus,</strong></span> <span class='ocrx_word' id='word_1_864' title='bbox 2701 4903 2894 4972; x_wconf 91' lang='lat' dir='ltr'><strong>inquit,</strong></span> <span class='ocrx_word' id='word_1_865' title='bbox 2910 4903 3035 4973; x_wconf 89' lang='lat' dir='ltr'><strong>quia</strong></span> <span class='ocrx_word' id='word_1_866' title='bbox 3057 4901 3142 4955; x_wconf 74' lang='lat' dir='ltr'><strong>lea:</strong></span> <span class='ocrx_word' id='word_1_867' title='bbox 3158 4902 3452 4970; x_wconf 80' lang='lat' dir='ltr'><strong>spiritualis</strong></span> 
     </span>
    </p>
   </div>
   <div class='ocr_carea' id='block_1_116' title="bbox 1882 4991 3452 5066">
    <p class='ocr_par' dir='ltr' id='par_1_116' title="bbox 1882 4991 3452 5066">
     <span class='ocr_line' id='line_1_117' title="bbox 1882 4991 3452 5066; baseline -0.004 -14"><span class='ocrx_word' id='word_1_868' title='bbox 1882 5009 1956 5052; x_wconf 85' lang='lat' dir='ltr'><strong>est</strong></span> <span class='ocrx_word' id='word_1_869' title='bbox 1991 4999 2056 5051; x_wconf 83' lang='lat'><strong>&quot;.</strong></span> <span class='ocrx_word' id='word_1_870' title='bbox 2103 4997 2250 5053; x_wconf 90' lang='lat' dir='ltr'><strong>Illam</strong></span> <span class='ocrx_word' id='word_1_871' title='bbox 2291 4997 2453 5052; x_wconf 89' lang='lat' dir='ltr'><strong>etiam</strong></span> <span class='ocrx_word' id='word_1_872' title='bbox 2507 4994 2771 5066; x_wconf 68' lang='lat' dir='ltr'><strong>approbat</strong></span> <span class='ocrx_word' id='word_1_873' title='bbox 2802 4994 2904 5050; x_wconf 86' lang='lat' dir='ltr'><strong>hoc</strong></span> <span class='ocrx_word' id='word_1_874' title='bbox 2936 4993 3054 5050; x_wconf 89' lang='lat' dir='ltr'><strong>loco</strong></span> <span class='ocrx_word' id='word_1_875' title='bbox 3084 5009 3099 5048; x_wconf 87' lang='lat'><strong>:</strong></span> <span class='ocrx_word' id='word_1_876' title='bbox 3136 4991 3322 5062; x_wconf 81' lang='lat' dir='ltr'><strong>Itaque</strong></span> <span class='ocrx_word' id='word_1_877' title='bbox 3366 4991 3452 5046; x_wconf 64' lang='lat' dir='ltr'><strong>lex</strong></span> 
     </span>
    </p>
   </div>
   <div class='ocr_carea' id='block_1_117' title="bbox 2921 5165 3450 5238">
    <p class='ocr_par' dir='ltr' id='par_1_117' title="bbox 2921 5165 3450 5238">
     <span class='ocr_line' id='line_1_118' title="bbox 2921 5165 3450 5238; baseline -0.002 -13"><span class='ocrx_word' id='word_1_878' title='bbox 2921 5172 2964 5203; x_wconf 75' lang='lat'>“</span> <span class='ocrx_word' id='word_1_879' title='bbox 2988 5171 3194 5226; x_wconf 84' lang='lat' dir='ltr'><strong>Ezech.</strong></span> <span class='ocrx_word' id='word_1_880' title='bbox 3223 5185 3317 5238; x_wconf 80' lang='lat' dir='ltr'><strong>xx,</strong></span> <span class='ocrx_word' id='word_1_881' title='bbox 3353 5165 3450 5224; x_wconf 75' lang='grc'><strong>25.</strong></span> 
     </span>
    </p>
   </div>
   <div class='ocr_carea' id='block_1_118' title="bbox 1902 5171 2805 5235">
    <p class='ocr_par' dir='ltr' id='par_1_118' title="bbox 1902 5171 2805 5235">
     <span class='ocr_line' id='line_1_119' title="bbox 1902 5171 2805 5235; baseline -0.001 -8"><span class='ocrx_word' id='word_1_882' title='bbox 1902 5176 1943 5206; x_wconf 81' lang='grc'>¹²</span> <span class='ocrx_word' id='word_1_883' title='bbox 1969 5173 2102 5228; x_wconf 88' lang='lat' dir='ltr'><strong>Ibid.</strong></span> <span class='ocrx_word' id='word_1_884' title='bbox 2133 5173 2221 5229; x_wconf 72' lang='lat'><strong>21.</strong></span> <span class='ocrx_word' id='word_1_885' title='bbox 2340 5173 2382 5204; x_wconf 80' lang='grc'>³³</span> <span class='ocrx_word' id='word_1_886' title='bbox 2416 5171 2455 5226; x_wconf 90' lang='lat' dir='ltr'><strong>ll</strong></span> <span class='ocrx_word' id='word_1_887' title='bbox 2481 5173 2608 5228; x_wconf 81' lang='lat' dir='ltr'><strong>Cor.</strong></span> <span class='ocrx_word' id='word_1_888' title='bbox 2637 5189 2718 5235; x_wconf 86' lang='lat' dir='ltr'><strong>tu,</strong></span> <span class='ocrx_word' id='word_1_889' title='bbox 2752 5171 2805 5226; x_wconf 90' lang='lat'><strong>6.</strong></span> 
     </span>
    </p>
   </div>
   <div class='ocr_carea' id='block_1_119' title="bbox 1882 5378 3480 5478">
    <p class='ocr_par' dir='ltr' id='par_1_119' title="bbox 1882 5397 3450 5478">
     <span class='ocr_line' id='line_1_120' title="bbox 1882 5397 3450 5478; baseline -0.002 -18"><span class='ocrx_word' id='word_1_890' title='bbox 1882 5403 2103 5476; x_wconf 81' lang='lat' dir='ltr'><strong>Regius,</strong></span> <span class='ocrx_word' id='word_1_891' title='bbox 2137 5403 2467 5478; x_wconf 29' lang='lat' dir='ltr'><strong>Basilee‘nsis</strong></span> <span class='ocrx_word' id='word_1_892' title='bbox 2513 5406 2956 5478; x_wconf 9' lang='lat' dir='ltr'><strong>etgAnglicanus</strong></span> <span class='ocrx_word' id='word_1_893' title='bbox 3013 5401 3302 5459; x_wconf 86' lang='lat' dir='ltr'><strong>secundus.</strong></span> <span class='ocrx_word' id='word_1_894' title='bbox 3343 5397 3450 5458; x_wconf 79' lang='lat' dir='ltr'><strong>Alli</strong></span> 
     </span>
    </p>
   </div>
   <div class='ocr_carea' id='block_1_120' title="bbox 1947 5476 3447 5618">
    <p class='ocr_par' dir='ltr' id='par_1_120' title="bbox 1947 5476 3447 5618">
     <span class='ocr_line' id='line_1_121' title="bbox 1947 5476 2734 5548; baseline 0 -19"><span class='ocrx_word' id='word_1_895' title='bbox 1947 5493 2025 5539; x_wconf 89' lang='lat' dir='ltr'><strong>ro,</strong></span> <span class='ocrx_word' id='word_1_896' title='bbox 2055 5476 2466 5548; x_wconf 81' lang='grc' dir='ltr'>προειρημένων</span> <span class='ocrx_word' id='word_1_897' title='bbox 2494 5476 2657 5538; x_wconf 86' lang='grc' dir='ltr'>τινές.</span> <span class='ocrx_word' id='word_1_898' title='bbox 2719 5476 2734 5478; x_wconf 70' lang='grc'><em>’</em></span> 
     </span>
     <span class='ocr_line' id='line_1_122' title="bbox 1947 5539 3447 5618; baseline 0.002 -18"><span class='ocrx_word' id='word_1_899' title='bbox 1947 5544 2056 5617; x_wconf 85' lang='lat' dir='ltr'><strong>(l7)</strong></span> <span class='ocrx_word' id='word_1_900' title='bbox 2104 5545 2187 5612; x_wconf 83' lang='grc' dir='ltr'><strong>Τῷ</strong></span> <span class='ocrx_word' id='word_1_901' title='bbox 2220 5547 2282 5599; x_wconf 78' lang='grc' dir='ltr'>τὸ</span> <span class='ocrx_word' id='word_1_902' title='bbox 2308 5547 2518 5613; x_wconf 79' lang='grc' dir='ltr'>ῥητόν.</span> <span class='ocrx_word' id='word_1_903' title='bbox 2556 5546 2704 5618; x_wconf 77' lang='lat' dir='ltr'><strong>Legit</strong></span> <span class='ocrx_word' id='word_1_904' title='bbox 2737 5545 3076 5610; x_wconf 83' lang='lat' dir='ltr'><strong>Boherellus,</strong></span> <span class='ocrx_word' id='word_1_905' title='bbox 3107 5541 3186 5612; x_wconf 84' lang='grc' dir='ltr'>τῷ</span> <span class='ocrx_word' id='word_1_906' title='bbox 3221 5539 3356 5613; x_wconf 77' lang='grc' dir='ltr'>πρὸς</span> <span class='ocrx_word' id='word_1_907' title='bbox 3388 5543 3447 5598; x_wconf 80' lang='grc' dir='ltr'><strong>τδ</strong></span> 
     </span>
    </p>
   </div>
   <div class='ocr_carea' id='block_1_121' title="bbox 1877 5618 2058 5689">
    <p class='ocr_par' dir='ltr' id='par_1_121' title="bbox 1877 5618 2058 5689">
     <span class='ocr_line' id='line_1_123' title="bbox 1877 5618 2058 5689; baseline -0.006 -20"><span class='ocrx_word' id='word_1_908' title='bbox 1877 5618 2058 5689; x_wconf 78' lang='grc' dir='ltr'>ῥητόν.</span> 
     </span>
    </p>
   </div>
   <div class='ocr_carea' id='block_1_122' title="bbox 3098 5704 3175 5765">
    <p class='ocr_par' dir='ltr' id='par_1_122' title="bbox 3098 5704 3175 5765">
     <span class='ocr_line' id='line_1_124' title="bbox 3098 5704 3175 5765; baseline 0.013 -1"><span class='ocrx_word' id='word_1_909' title='bbox 3098 5704 3175 5765; x_wconf 62' lang='lat' dir='ltr'><em>b6</em></span> 
     </span>
    </p>
   </div>
  </div>
