3894 6574
379 336 403 391 ί
417 335 512 392 651

1868 332 2189 390 ORIGENIS

3529 333 3670 388 {132

365 455 591 524 quidem
623 462 825 519 sancta,
861 462 907 506 et
942 453 1248 506 mandatum
1280 463 1540 513 sanctum,
1576 459 1622 503 ct
1644 451 1873 520 justum,
1906 465 1943 506 et

2058 449 2330 504 διακονία
2361 449 2465 502 τοῦ
2488 448 2821 518 πνεύματος
2849 450 3018 504 ἔσται
3046 451 3114 503 ἐν
3144 450 3291 518 δόξῃ
3316 465 3336 510 :
3382 450 3578 503 ’Ὁπου
3611 449 3666 502 δὲ

376 548 567 600 bonum
603 545 668 597 “.

2065 540 2332 612 θαυμάζει
2353 540 2444 592 τὸν
2474 540 2635 610 νόμον
2660 540 2752 592 καὶ
2777 541 3116 611 ἀποδέχεται,
3150 541 3541 610 πνευματικὸν
3573 542 3672 592 αὖα

2065 631 2157 685 τὸν
2187 631 2458 702 ὀνομάζει,
2481 630 2671 700 λέγων·
2712 631 2966 700 Οἴδαμεν
2988 631 3039 684 δ’
3074 632 3162 684 ὅτι
3183 634 3216 685 ὀ
3241 632 3432 700 νόμος
3468 643 3670 684 πνευ-

375 719 620 791 ματικός
644 719 831 772 ἐστιν·
867 717 1185 787 ἀποδέχεται
1210 719 1266 771 δὲ
1298 720 1355 771 ὲν
1371 718 1654 789 τῷ,’Ώστε
1679 720 1843 788 ὁμὲν
1881 723 2064 790 νόμος
2094 721 2278 791 ἅγιος,
2311 723 2408 775 καὶ
2439 725 2475 790 ἡ
2507 721 2725 790 ἐντολὴ
2757 723 2895 792 ἁγία
2938 722 3036 775 καὶ
3063 722 3260 776 δικαία
3287 723 3392 776 καὶ
3425 722 3666 788 ἀγαθή.

445 816 538 870 τι.
576 814 732 870 Nunc
765 813 808 869 si
852 813 1013 868 verba
1045 813 1180 883 legis
1217 813 1379 882 justis
1427 816 1644 870 divitias
1686 816 1952 886 pollicen-

379 917 488 972 tur,
540 907 729 963 Celsus
772 905 1114 960 occidentem
1165 905 1401 960 litteram
1444 917 1662 961 secutus
1694 906 1762 960 de
1796 907 1954 962 caecis

378 1003 532 1059 hisce
582 998 787 1055 divitiis
843 997 1260 1067 promissionem
1313 997 1608 1066 intelligat;
1652 1013 1751 1054 nos
1802 998 1950 1052 illam

375 1091 652 1160 pertinere
682 1088 914 1144 dicimus
951 1087 1018 1141 ad
1047 1085 1167 1142 ilias
1189 1086 1407 1142 divitias
1441 1104 1560 1158 quae
1580 1089 1766 1145 oculos
1801 1105 1954 1145 men-

378 1183 449 1239 tis
483 1191 708 1250 acuunt,
738 1191 791 1236 et
820 1181 1197 1251 quibusdives
1227 1180 1288 1234 ﬁt
1327 1181 1524 1251 aliquis
1547 1182 1602 1234 in
1629 1183 1772 1234 omni
1797 1182 1948 1236 verba

375 1286 424 1329 et
454 1277 507 1328 in
555 1276 696 1328 omni
727 1275 945 1328 scientia
991 1275 1056 1326 ".
1091 1273 1209 1340 Quo
1241 1288 1400 1328 sensu
1453 1274 1779 1342 praecipimus
1813 1271 1949 1326 divi-

376 1369 517 1421 tibus
545 1367 703 1436 hujus
741 1365 924 1420 stvculi
958 1381 1062 1418 non
1105 1365 1353 1418 sublimia
1401 1380 1602 1432 sapere,
1644 1365 1803 1434 neque
1834 1380 1951 1432 spe-

377 1476 494 1513 rare
519 1459 574 1512 in
612 1459 810 1512 incerto
852 1457 1183 1521 diuitiarum,
1207 1456 1298 1508 sed
1326 1457 1378 1508 iu
1410 1455 1518 1508 Deo
1560 1457 1670 1508 vivo
1699 1456 1787 1525 qui
1812 1470 1951 1525 pra:-

373 1560 478 1605 stat
503 1552 678 1603 omnia
713 1549 919 1603 abunde
958 1549 1026 1600 ad
1055 1548 1356 1616 fruendum,
1403 1548 1526 1602 bene
1556 1565 1732 1618 agere.
1763 1550 1947 1605 divites

379 1645 497 1710 ﬁeri
549 1645 606 1695 iu
655 1643 800 1695 bonis
848 1639 1110 1708 operibus,
1160 1639 1312 1693 facile
1362 1641 1609 1705 tribuere,
1657 1644 1945 1696 communi-

374 1752 493 1788 care
521 1735 586 1788 ”.
632 1725 790 1797 Nam,
826 1743 886 1787 ut
913 1733 990 1786 ait
1025 1729 1303 1796 Salomon,
1337 1733 1535 1786 divitia:
1581 1748 1820 1786 verorum
1850 1737 1944 1787 bo-

2141 819 2265 871 Ἐὰν
2307 814 2398 871 οὖν
2443 821 2474 888 ὴ
2523 815 2666 881 λέξις
2695 815 2787 869 τοῦ
2831 816 2994 886 νόμου
3040 815 3264 868 πλοῦτον
3301 815 3668 883 ἐπαγγέλλε-

2055 925 2145 960 ται
2187 909 2297 970 τοῖς
2348 905 2597 968 δικαίοις,
2643 905 2848 968 Κέλσος
2891 906 2990 976 μὲν
3027 905 3167 958 κατὰ
3215 906 3274 958 τὸ
3317 907 3668 958 ἀποκτεῖναν

2057 1000 2291 1071 γράμμα
2329 998 2593 1071 νομιζέτω
2632 999 2726 1050 τὸν
2758 998 2956 1066 τυφλὸν
3003 997 3230 1051 πλοῦτον
3280 998 3561 1065 λέγεσθαι
3605 999 3667 1049 ἐν

2059 1092 2378 1162 ἐπαγγελία·
2407 1094 2566 1162 ἡμεῖς
2606 1091 2662 1144 δὲ
2688 1090 2777 1143 τὸν
2811 1089 2903 1155 ὀξὺ
2932 1090 3217 1160 βλέποντα,
3252 1091 3392 1144 καθὸ
3419 1089 3667 1142 πλουτεί

2056 1204 2140 1249 τις
2165 1186 2231 1239 ἐν
2249 1185 2424 1238 παντὶ
2447 1187 2608 1254 λόγῳ
2627 1184 2725 1236 καὶ
2755 1183 2921 1250 πάσῃ
2948 1181 3181 1251 γνώσειο
3204 1183 3297 1234 καὶ
3325 1182 3470 1234 καθὸ
3504 1194 3666 1246 παρ-

2053 1278 2425 1348 αγγέλλομεν
2455 1277 2579 1342 τοῖς
2619 1276 2936 1340 πλουσίοις
2981 1275 3050 1328 ὲν
3075 1274 3155 1339 τῷ
3196 1274 3314 1327 νῦν
3353 1273 3540 1326 αἰῶνι
3566 1271 3658 1340 μὴ

2053 1367 2265 1436 ὑψηλὰ
2296 1367 2559 1436 φρονεῖν,
2580 1367 2720 1436 μηδ’
2737 1365 3055 1433 ἠλπικέναι
3077 1365 3174 1418 ἐπὶ
3200 1366 3476 1418 πλούτου
3504 1362 3661 1428 ἀδη-

2052 1461 2280 1528 λότητι,
2309 1461 2445 1514 ἀλλ’
2463 1460 2533 1512 ἐν
2547 1458 2625 1524 τῷ
2643 1456 2764 1524 Θεῷ
2778 1458 2858 1523 τῷ
2885 1457 3071 1518 ζῶντι,
3087 1456 3167 1522 τῷ
3187 1457 3524 1525 παρέχοντι
3540 1456 3659 1525 (18)

2053 1548 2251 1601 πάντα
2308 1549 2620 1613 πλουσίως
2671 1551 2759 1613 εις
2811 1549 3174 1608 ἀπόλαυσιν,
3229 1547 3661 1616 ἀγαθοεργεῖν,

2052 1641 2343 1716 πλουτεῖν
2365 1641 2436 1695 ἐν
2473 1640 2664 1708 ἔργοις
2700 1639 2962 1708 ἀγαθοῖς,
2991 1639 3424 1708 εὐμεταδότους
3460 1635 3659 1698 εἷναι,

2051 1733 2462 1796 κοινωνικούς.
2519 1732 2624 1784 Καὶ
2689 1731 2796 1800 γὰρ
2843 1735 2876 1784 ό
2917 1733 2988 1784 ἐν
3033 1729 3340 1797 ἀληθινοῖς
3393 1729 3662 1798 ἀγαθοῖς

374 1843 585 1891 norum,
637 1825 922 1895 redemptio
963 1825 1154 1880 animae
1207 1824 1306 1876 viri
1332 1825 1400 1876 ιι.
1439 1823 1736 1892 Paupertas
1768 1833 1943 1878 autem

2051 1822 2312 1886 πλοῦτος
2342 1822 2567 1888 λύτρον
2615 1820 2789 1874 ἐστὶν
2819 1820 3038 1888 ἀνδρὸς
3086 1819 3313 1888 ψυχῆς,
3347 1820 3500 1872 κατὰ
3557 1822 3656 1872 τὸν

374 1918 485 1973 illis
505 1917 708 1972 divitiis
738 1917 1032 1978 contraria,
1063 1916 1370 1985 perniciosa
1402 1923 1504 1977 est,
1537 1924 1756 1983 propter
1784 1930 1945 1984 quam

372 2026 571 2079 pauper
602 2011 772 2062 minas
809 2024 912 2062 non
935 2009 1175 2062 sustinet.
1209 2008 1340 2072 Quae
1381 2007 1448 2060 de
1489 2006 1694 2060 divitiis
1725 2020 1950 2074 respon-

374 2102 574 2168 dimus,
626 2103 816 2154 eadem
873 2097 987 2152 fere
1021 2098 1089 2151 de
1134 2095 1506 2152 dominatione
1561 2096 1664 2150 dici
1713 2105 1945 2163 Oportet,

375 2205 569 2258 nempe
602 2205 722 2245 eam
758 2205 880 2245 esse
910 2204 1013 2258 qua
1066 2205 1208 2243 unus
1238 2189 1416 2257 justus
1462 2189 1665 2243 dicitur
1708 2192 1948 2260 persequi

373 2283 537 2344 mille.
573 2297 621 2335 et
656 2283 764 2335 duo
799 2281 985 2350 fugare
1024 2281 1198 2332 decem
1244 2281 1414 2334 millia
1461 2282 1528 2336 ²¹.
1564 2280 1681 2334 Jam
1737 2295 1868 2336 vero
1901 2282 1945 2336 si

375 2368 582 2428 divitia:
631 2372 740 2426 hoc
789 2372 950 2426 modo
1003 2371 1395 2440 intelligantur,
1430 2371 1553 2426 vide
1600 2385 1777 2426 annon
1819 2385 1946 2438 pro-

375 2465 622 2520 missioni
676 2465 768 2518 Dei
822 2478 1162 2532 consequens
1197 2464 1290 2524 sit,
1341 2472 1400 2515 ut
1453 2463 1545 2530 qui
1577 2461 1730 2517 dives
1766 2471 1847 2517 est
1892 2464 1944 2517 in

374 2555 519 2610 omni
560 2552 746 2618 verbo,
787 2551 840 2607 in
894 2552 1040 2607 omni
1085 2553 1338 2617 scientia,
1374 2552 1426 2605 in
1471 2553 1616 2606 omni
1661 2553 1944 2620 sapientia,

374 2647 429 2701 in
480 2645 732 2700 omnibus
790 2645 948 2699 bonis
992 2645 1281 2714 operibus,
1334 2644 1515 2698 multis
1569 2646 1820 2712 gentibus
1875 2660 1943 2700 ex

374 2738 497 2793 istis
528 2735 701 2799 verbi,
741 2735 1018 2804 sapientiae
1057 2745 1113 2789 et
1165 2735 1409 2789 scientia:
1442 2735 1645 2790 divitiis
1679 2736 1940 2802 faeneret;

373 2828 828 2899 quemadmodum
851 2827 1051 2881 Paulus
1088 2824 1376 2881 fmneravit
1403 2826 1655 2895 gentibus
1687 2829 1944 2882 omnibus

373 2922 442 2974 ad
480 2935 617 2989 quas
647 2921 915 2988 pervenit,
947 2921 1011 2972 ab
1038 2919 1336 2974 Jerusalem
1371 2936 1464 2988 per
1479 2919 1757 2973 circuitum
1782 2935 1944 2989 usque

373 3012 444 3065 ad
505 3009 780 3080 Illyricum
837 3010 1040 3077 replens
1098 3009 1441 3078 Erangelium
1493 3009 1687 3063 Clu-isti
1743 3009 1810 3063 ".
1877 3009 1946 3062 Ει

373 3101 626 3170 quoniam
662 3115 758 3170 per
797 3099 1180 3154 revelationem
1236 3106 1360 3152 nota
1411 3097 1484 3152 illi
1539 3099 1677 3152 facta
1729 3098 1942 3152 fuerant

374 3193 554 3248 divina
618 3190 872 3263 mysteria
930 3191 1012 3256 “,
1071 3199 1309 3245 mentem
1367 3191 1537 3259 ipsius
1605 3191 1945 3246 illuminante

374 3285 536 3339 Verbi
594 3284 898 3348 divinitate,
948 3290 1232 3351 propterea
1283 3298 1388 3335 non
1437 3276 1632 3350 accepit
1680 3292 1943 3346 mutuum,

374 3390 474 3430 nec
501 3389 638 3443 opus
678 3374 864 3428 habuit
889 3373 1108 3427 homine
1153 3373 1243 3441 qui
1291 3372 1465 3441 ipsum
1504 3371 1815 3440 religionem
1849 3373 1945 3424 do-

375 3477 542 3522 ceret.
575 3467 650 3520 lla
683 3477 880 3521 etcum
921 3464 1203 3532 scriptum‘
1227 3474 1374 3518 esset
1405 3481 1418 3517 :
1456 3463 1818 3517 Dominaberis
1850 3481 1945 3516 ua-

374 3561 602 3612 tionibus
631 3559 896 3626 plurimis,
926 3568 972 3612 et
1007 3559 1084 3612 tui
1111 3571 1262 3611 nemo
1308 3555 1664 3608 dominabitur
1709 3555 1775 3616 ’⁵,
1812 3570 1944 3622 gen-

373 3648 502 3703 tiles
541 3662 638 3716 per
691 3648 840 3701 verbi
890 3647 1187 3716 potentiam
1244 3643 1510 3698 doctrinae
1567 3644 1692 3699 Jcsn
1739 3644 1944 3699 Christi

375 3740 694 3807 subiiciens,
727 3739 836 3793 illis
865 3739 1168 3793 dominatus
1196 3744 1298 3799 est,
1337 3751 1500 3804 neque
1533 3737 1602 3789 ad
1634 3737 1818 3789 horam
1849 3737 1944 3791 lto-

373 3831 609 3885 minibus
638 3830 1086 3898 cessit".utpote
1112 3827 1213 3882 illis
1245 3829 1610 3897 praestantior.
1664 3827 1753 3882 Sic
1781 3829 1942 3882 etiam

375 3935 580 3980 terram
612 3925 884 3994 implebat.

445 4013 538 4071 ‘22.
582 4012 639 4066 Si
692 4027 835 4066 nunc
887 4010 1150 4079 explicem
1195 4018 1409 4079 oportet
1442 4009 1711 4078 quomodo
1765 4008 1944 4079 justus

375 4107 558 4163 hostes
597 4105 892 4160 i-nterliciat
927 4113 984 4157 et
1029 4102 1226 4158 habeat
1267 4101 1317 4154 in
1354 4103 1535 4155 omnia
1581 4110 1938 4170 potestatem;

372 4200 494 4255 dico
521 4199 690 4268 ipsum
721 4211 842 4252 cum
878 4195 991 4249 ait:
1022 4195 1088 4248 In
1115 4193 1376 4247 matutino
1408 4193 1789 4261 iaterﬁciebam
1827 4209 1941 4246 om-

373 4315 462 4353 nes
490 4305 787 4368 peccatores
827 4303 1000 4357 terrm,
1031 4301 1084 4346 ut
1113 4291 1464 4360 disperderem
1501 4291 1564 4344 de
1589 4291 1801 4344 civitate
1829 4291 1963 4344 υο-⁴

368 4392 500 4446 mini
549 4403 728 4443 omnes
776 4395 1047 4456 operantes
1093 4385 1420 4454 iniquitatem
1455 4386 1522 4452 ³⁷,
1561 4395 1759 4439 terram
1807 4384 1938 4454 ligu-

2050 1913 2396 1984 Σολομῶντα·
2437 1913 2470 1982 ἡ
2496 1911 2540 1964 δ’
2571 1912 2786 1966 ἐναντία
2804 1912 2978 1982 τούτῳ
3009 1911 3246 1981 πτωχεία
3275 1910 3556 1982 ὀλέθριον,
3588 1912 3660 1963 δι’

2048 2005 2112 2076 ἣν
2163 2008 2196 2059 ό
2243 2004 2480 2073 πτωχὸς
2511 2007 2627 2074 οὐχ
2665 2005 2988 2073 ὑφίσταται
3030 2002 3308 2067 ἀπειλήν.
3353 2003 3660 2072 Ἀνάιλογον

2049 2098 2104 2151 δὲ
2124 2100 2236 2160 τοῖς
2269 2098 2686 2168 ἀποδεδομένοις
2720 2098 2848 2167 περὶ
2894 2096 2988 2150 τοῦ
3023 2097 3251 2150 πλούτου
3286 2094 3514 2148 λεκτέον
3564 2095 3660 2147 καὶ

2049 2191 2177 2260 περὶ
2208 2191 2307 2259 τῆς
2335 2189 2682 2256 δυναστείας,
2723 2189 2844 2242 καθ’
2878 2189 2944 2259 ἥν
2982 2185 3064 2252 εἷς
3090 2189 3296 2252 δίκαιος
3325 2188 3660 2252 διώξεσθαι

2050 2280 2262 2348 λέγεται
2289 2280 2544 2350 χιλίους,
2576 2279 2678 2332 καὶ
2720 2279 2830 2334 δύο
2850 2279 3192 2349 μετακινεῖν
3206 2278 3530 2348 μυριάδας.
3557 2277 3657 2329 Εἶ-

2050 2389 2153 2442 περ
2180 2371 2236 2423 δὲ
2279 2370 2452 2424 ταῦτα
2500 2371 2759 2441 νενόηται
2803 2371 2860 2424 ἐν
2907 2374 3020 2434 τοῖς
3064 2370 3207 2423 κατὰ
3238 2371 3330 2422 τὸν
3387 2369 3650 2430 πλοῦτον,

2046 2463 2145 2533 ὅρα
2165 2463 2211 2513 εί
2240 2463 2312 2532 μὴ
2341 2461 2632 2515 ἀκόλουθόν
2654 2464 2802 2515 ἐστιν
2833 2463 3135 2532 ἐπαγγελίᾳ
3165 2461 3325 2524 Θεοῦ,
3356 2462 3454 2515 τὸν
3480 2461 3652 2514 πλον·

2045 2554 2242 2607 τοῦντα
2268 2558 2326 2608 ὲν
2378 2554 2547 2607 παντὶ
2578 2554 2744 2624 λόγῳ,
2773 2556 2867 2608 καὶ
2899 2553 3046 2625 πάσῃ
3082 2552 3304 2623 γνώσει,
3351 2556 3448 2609 καὶ
3492 2556 3646 2626 misr;

2049 2648 2231 2717 σοφίᾳ,
2283 2645 2377 2700 καὶ
2401 2649 2460 2700 ἐν
2485 2648 2649 2700 παντὶ
2685 2648 2830 2719 ἔργῳ
2866 2647 3072 2718 ἀγαθῷ,
3099 2647 3366 2710 δανείζειν
3400 2648 3512 2700 ἀπὸ
3546 2649 3644 2700 τοῦ

2046 2740 2187 2793 κατὰ
2202 2740 2292 2794 τὸν
2321 2740 2497 2808 λόγον,
2529 2742 2623 2793 καὶ
2650 2742 2749 2811 τὴν
2773 2741 2984 2808 σοφίαν,
3010 2741 3103 2794 καὶ
3129 2740 3226 2810 τὴν
3253 2739 3652 2809 γνῶσινζπλού-

2045 2848 2138 2884 του
2169 2832 2345 2885 ἔθνεσι
2387 2831 2622 2896 πολλοῖςο
2659 2833 2735 2896 ὡς
2771 2832 3009 2886 ἐδάνεισε
3039 2831 3269 2895 Παῦλος,
3296 2831 3485 2902 κύκλῳ
3516 2831 3648 2886 ἀπὸ

2057 2923 2446 2993 Ἰερουσαλὴμ
2511 2924 2623 3001 ἕως
2680 2924 2788 2978 τοῦ
2862 2924 3190 2991 Ἰλλυρικοῦ
3251 2923 3506 2990 πληρῶν
3570 2924 3644 2975 τὸ

2045 3012 2414 3084 Εὐαγγέλιον
2440 3014 2545 3068 τοῦ
2573 3012 2856 3081 Χριστοῦ,
2896 3013 3058 3066 πᾶσιν
3088 3011 3319 3074 ἔθνεσιν,
3345 3007 3428 3073 οἷς
3459 3009 3643 3062 ἐπιδε-

2045 3106 2279 3176 δήμηκε.
2302 3105 2414 3161 Καὶ
2430 3105 2552 3159 ἐπεὶ
2588 3105 2728 3158 κατὰ
2757 3103 3095 3172 ἀποκάλυψιν
3128 3101 3276 3171 αὐτῷ
3309 3102 3646 3172 ὲγνωρίζετο

2047 3198 2114 3252 τὰ
2147 3198 2285 3260 θεῖα,
2317 3196 2669 3268 φωτιζομὲνῳ
2695 3196 2794 3268 τὴν
2842 3195 3019 3266 ψυχὴν
3046 3196 3149 3248 ὑπὸ
3178 3194 3276 3264 τῆς
3315 3193 3411 3246 τοῦ
3459 3193 3637 3262 Λόγου

2047 3291 2340 3361 θειότητος
2387 3289 2474 3343 διὰ
2526 3289 2688 3341 τοῦτο
2743 3288 2906 3351 αὐτὸς
2953 3289 3064 3341 οὐκ
3113 3285 3464 3349 ἐδανείζετο,
3513 3286 3638 3339 οὐδὲ

2047 3383 2233 3452 χρείαν
2268 3378 2416 3451 εἶχεν
2445 3379 2732 3451 ἀνθρώπου
2764 3379 3181 3448 διακονουμένου
3215 3377 3367 3448 αὐτῷ
3414 3377 3509 3430 τὸν
3542 3375 3636 3429 λό-

2047 3486 2159 3541 γον;
2212 3473 2367 3525 Οὖτω
2395 3473 2453 3525 δὲ
2504 3471 2891 3542 γεγραμμένου
2947 3470 3040 3523 καὶ
3097 3468 3214 3532 τοῦ,
3265 3470 3509 3538 Ἀρξεις
3549 3470 3638 3523 σὺ

2045 3563 2231 3616 ἐθνῶν
2253 3563 2517 3626 πολλῶν,
2545 3563 2661 3616 σοῦ
2691 3561 2759 3616 δὲ
2784 3565 2896 3615 οὐκ
2929 3561 3202 3629 ἄρξουσι·
3236 3561 3382 3614 κατὰ
3401 3562 3503 3632 τὴν
3525 3563 3634 3615 ἀπὸ

2045 3655 2138 3707 τοῦ
2171 3655 2331 3723 λόγου
2359 3654 2678 3707 δυναστείαν
2705 3654 3024 3707 ὑποτάσσων
3050 3656 3115 3723 τῇ
3157 3652 3398 3724 Χριστοῦ
3451 3652 3630 3723 Ἰησοῦ

2045 3746 2356 3816 διδασκαλίᾳ
2381 3747 2507 3810 τοὺς
2529 3746 2636 3799 ἀπὸ
2657 3745 2763 3798 τῶν
2805 3743 2994 3807 ἐθνῶν,
3031 3739 3201 3814 ἦρχεν
3236 3744 3442 3807 αὐτῶν,
3468 3742 3633 3797 οὐδέ-

2045 3853 2192 3892 ποτε
2231 3839 2302 3891 ἐν
2349 3835 2509 3908 χώρῃ
2552 3836 2988 3906 ὑποτεταγμένος
3021 3834 3128 3904 (l9)
3168 3833 3502 3903 ἀνθρώποις,
3552 3834 3630 3895 ὡς

2045 3931 2306 4002 κρείττων
2333 3930 2632 3999 γινόμενος.
2649 3929 2803 3982 Οὖτω
2825 3928 2881 3980 δὲ
2905 3926 2996 3980 καὶ
3010 3926 3365 3996 κατεπίμπλα
3378 3925 3479 3996 τὴν
3503 3925 3626 3992 γῆν.

2115 4021 2178 4072 El
2227 4020 2282 4072 δὲ
2315 4019 2408 4072 καὶ
2460 4019 2584 4088 περὶ
2645 4016 2738 4070 τοῦ
2796 4016 3183 4085 καταφονεύειν
3237 4016 3318 4068 δεῖ
3365 4015 3632 4085 διηγήσα-

2045 4112 2168 4166 σθαι
2198 4111 2334 4182 ἅμα,
2384 4110 2564 4164 καὶτὸ
2595 4110 2818 4163 δυνατὸν
2861 4109 2955 4162 τοῦ
2983 4107 3192 4160 δικαίου
3248 4106 3377 4176 περὶ
3427 4106 3624 4159 πάντα·

2042 4203 2280 4267 λεκτέον,
2337 4204 2420 4256 ὃτι
2459 4202 2701 4270 φάσκων,
2736 4203 2841 4266 Εὶς
2883 4201 2991 4265 τὰς
3018 4200 3241 4267 πρωΐας
3269 4197 3625 4251 ἀπέκτεινον

2042 4299 2273 4364 πάντας
2322 4298 2462 4363 τοὺς
2514 4295 2896 4366 ἁμαρτωλοὺς
2947 4292 3056 4361 τῆς
3102 4292 3234 4362 γῆς,
3281 4291 3391 4344 τοῦ
3422 4290 3625 4353 ἐξολο-

2042 4389 2285 4457 θρεῦσαι
2315 4388 2385 4440 ἐκ
2439 4389 2669 4451 πόλεως
2698 4385 2918 4452 Κυρίου
2948 4383 3178 4448 πάντας
3219 4381 3364 4446 τοὺς
3392 4380 3621 4450 ἐργαζο-

368 4495 487 4540 rate
513 4485 759 4552 accipere
784 4495 882 4551 pro
916 4493 1101 4542 carne,
1129 4477 1286 4548 cujus
1316 4479 1596 4546 prudentia
1622 4479 1835 4532 inimica
1863 4488 1935 4530 cst

2051 4479 2259 4544 μένους
2289 4479 2402 4546 τὴν
2434 4478 2706 4547 ἀνομίαν,
2742 4477 2845 4546 γῆν
2877 4475 2975 4546 μὲν
3015 4473 3289 4546 τροπικῶς
3335 4472 3489 4539 ἔλεγε
3528 4470 3628 4541 τὴν

367 4578 480 4632 Deo
512 4577 592 4641 '8;
626 4575 717 4628 Dei
751 4581 928 4626 autem
966 4569 1244 4625 civitatem
1273 4584 1374 4638 pro
1395 4571 1574 4623 anima
1602 4584 1722 4634 sua,
1755 4569 1806 4623 in
1832 4585 1936 4639 qua

2044 4573 2242 4643 σάρκα,
2286 4567 2354 4642 ἧς
2390 4569 2458 4623 τὸ
2491 4571 2765 4638 φρόνημα
2791 4567 2977 4636 ἔχθρα
3003 4565 3177 4619 ἐστὶν
3207 4567 3296 4630 είς
3325 4565 3496 4617 Θεὸν·
3531 4562 3623 4614 πό-

367 4673 464 4727 Dei
493 4669 655 4740 710
692 4664 947 4735 tempium
979 4669 1121 4725 erat,
1156 4660 1448 4716 continens
1492 4671 1699 4716 rectam
1734 4663 1799 4716 de
1827 4661 1938 4716 Deo

2051 4664 2120 4712 λιν
2151 4659 2208 4712 δὲ
2238 4660 2444 4730 Κυρίου
2475 4658 2573 4728 τὴν
2596 4656 2790 4710 ἑαυτοῦ
2821 4656 3018 4726 ψυχὴν,
3053 4655 3110 4707 ὲν
3206 4647 3274 4724 ἦν
3304 4653 3438 4715 ναὸς
3467 4650 3621 4709 Θεοξ,

368 4763 692 4836 sententiam
726 4779 737 4813 :
770 4757 1026 4828 quocirca
1072 4756 1322 4810 omnibus
1368 4770 1486 4836 eam
1539 4755 1936 4810 consideranti-

2051 4756 2292 4826 χωρήσας
2320 4751 2475 4818 δόξαν
2510 4753 2603 4805 καὶ
2647 4751 2913 4822 ὑπόληψιν
2944 4749 3108 4820 ὀρθὴν
3153 4747 3470 4819 περιθεοῦ,
3533 4747 3623 4800 καὶ

366 4859 468 4911 bus
496 4851 844 4920 admirationi
889 4863 1026 4904 erat.
1066 4849 1131 4904 Ut
1161 4850 1390 4918 primum
1427 4846 1749 4915 igiturSolis
1774 4847 1933 4917 justi-

368 4948 454 5000 tiaa
490 4944 629 4998 radii
677 4942 790 5009 ejus
821 4941 1058 4995 animam
1105 4940 1224 4994 luce
1266 4938 1641 5007 perfuderunt,
1679 4938 1743 4993 iis
1779 4940 1936 5006 quasi-

365 5038 608 5094 munitus
652 5044 706 5090 et
735 5035 1037 5093 roboratus.
1073 5032 1420 5100 inter/Sciebat
1451 5046 1668 5085 omnem
1698 5033 1931 5099 pruden-

369 5130 499 5183 tiam
537 5124 722 5181 carnis
750 5122 1109 5192 peccatoribus
1159 5132 1316 5175 terra:
1345 5122 1705 5190 designatam,
1733 5133 1787 5175 et
1821 5123 1930 5174 dis-

366 5216 612 5286 perdebat
659 5215 723 5269 de
764 5213 850 5268 illa
881 5213 1088 5266 civitate
1129 5211 1360 5275 Domini,
1407 5225 1526 5280 quae
1556 5221 1675 5265 erat
1726 5211 1778 5265 in
1833 5228 1930 5265 sua

2039 4843 2456 4914 θαυμαζομένην
2473 4841 2576 4894 ὑπὸ
2602 4841 2818 4894 πάντων
2846 4841 2953 4892 τῶν
2987 4838 3235 4909 ὁρώντων
3252 4838 3448 4907 αὑτήν.
3476 4838 3622 4907 Ἅμα

2037 4933 2129 4989 οὖν
2172 4939 2288 4998 ταῖς
2318 4933 2409 4987 τοῦ
2445 4933 2593 5004 ἡλίου
2636 4933 2733 5003 τῆς
2763 4929 3109 4999 δικαιοσύνης
3147 4927 3346 4995 αὐγαῖς
3390 4927 3624 4994 ἐπιλαμ-

2042 5027 2268 5089 πούσαις
2313 5024 2474 5078 αὑτοῦ
2517 5026 2581 5094 τῇ
2611 5023 2776 5094 ψυχῇ,
2809 5021 3048 5091 ὡσπερεὶ
3077 5017 3482 5088 δυναμούμενος
3532 5017 3619 5069 ὑπ’

2041 5120 2238 5182 αὐτῶν,
2271 5120 2364 5171 καὶ
2416 5117 2860 5190 κραταιούμενος,
2893 5115 3100 5180 ἀνῄρει
3134 5114 3238 5165 πᾶν
3270 5110 3332 5162 τὸ
3367 5110 3618 5180 φρόνημα

2039 5213 2139 5282 τῆς
2171 5212 2392 5283 σαρκὸς,
2424 5210 2714 5280 λεγόμενον
2746 5205 3131 5278 ἁμαρτωλοὺς
3173 5203 3308 5272 γῆς,
3355 5205 3451 5258 καὶ
3478 5204 3618 5265 ἐξω-
3649 5197 3651 5199 ’

437 5371 479 5403 ¹¹¹
510 5371 666 5426 Rom.
704 5385 798 5430 vn,
827 5368 911 5423 12.
1011 5364 1089 5418 "l
1117 5366 1237 5418 Cor.
1268 5323 1309 5424 it.
1345 5365 1394 5418 5.
1492 5366 1536 5396 ¹⁰
1564 5363 1580 5416 Ι
1612 5364 1752 5418 Tim.
1785 5381 1857 5418 νι.
1896 5367 1979 5432 l7,
2022 5365 2110 5420 l8.
2186 5365 2226 5396 ¹¹
2265 5363 2426 5420 Prov.
2458 5380 2577 5422 xm.
2611 5363 2665 5418 8.
2740 5364 2788 5396 “
2821 5363 2974 5416 Deut.
3013 5358 3298 5420 xxxn.50.
3379 5359 3427 5391 ⁸³
3456 5357 3612 5412 Rom.

364 5457 456 5508 xv,
480 5442 566 5498 l9.
639 5440 684 5470 “
715 5439 1018 5506 “Gonni,
1055 5438 1103 5491 i.
1181 5437 1223 5468 "
1262 5437 1416 5491 Deut.
1445 5451 1531 5502 xv,
1569 5435 1657 5488 16.

1751 5438 1795 5467 ’⁸
1824 5436 1944 5492 Gal.
1983 5454 2048 5499 ιι.
2082 5435 2142 5491 5.
2216 5437 2261 5467 ¹⁷
2293 5434 2439 5489 Psal.
2469 5450 2520 5501 ο,
2545 5434 2599 5488 8.

2681 5433 2753 5508 ’,³³
2783 5433 2943 5488 Botn.
2973 5449 3093 5498 vm,
3127 5433 3179 5485 7.

430 5604 546 5675 ’(18)
585 5602 755 5658 Codd.
793 5603 1000 5675 Regius
1035 5610 1100 5675 et
1149 5601 1504 5666 Basileensis,
1549 5599 1642 5653 ἐπὶ
1686 5596 1805 5668 Θεῷ
1847 5595 1924 5665 τῷ

2051 5593 2167 5675 Eph;
2197 5593 2835 5675 t'bpavnbrro-‘re'rayuéyog,
2864 5607 2893 5643 ο
2927 5591 3111 5675 βηῐοι.
3133 5607 3192 5657 It,
3305 5591 3428 5646 Mox
3455 5594 3605 5675 codd.

364 5672 670 5746 παρέχον-τι,
695 5673 899 5746 omisso
923 5672 1000 5744 τῷ
1029 5672 1206 5735 ζῶντι.

436 5738 546 5817 (19)
587 5743 928 5820 l'lmschclius
953 5738 1002 5820 in
1035 5755 1182 5820 tetttu
1212 5741 1393 5820 habet,
1412 5743 1665 5820 οὐδέποτε
1691 5741 1746 5792 ἐν
1773 5738 1926 5820 xiiing

365 5810 820 5886 ὑποτεταγμένον.
877 5812 1190 5869 Boherellus
1245 5814 1525 5885 legendum
1565 5821 1755 5883 putat,
1805 5810 1923 5862 οὐδὲ

2034 5661 2310 5734 Regius-et
2338 5661 2685 5728 Basileensis,
2714 5664 2788 5725 ὼς
2817 5663 3078 5733 κρείττων
3109 5662 3418 5734 γινόμενος.
3456 5661 3601 5718 Lihb.

2034 5737 2189 5805 editi,
2221 5736 2295 5800 ὡς
2329 5734 2599 5809 κρείττοσι
2635 5734 2938 5804 γινόμενος.
