3846 6406
203 243 321 298 1455

1335 241 1614 298 CONTRA
1651 243 1925 301 CELSUM
1959 246 2085 301 LIB.
2125 245 2238 301 VII.

3266 249 3402 305 1454

197 363 457 428 Jddpever
483 336 592 413 ἀπὸ
629 359 738 427 τῆς
778 361 835 412 ὲν
869 361 932 431 τῇ
965 360 1108 431 ψυχῇ
1143 361 1334 416 ἑαυτοῦ
1366 364 1595 430 πόλεως
1622 369 1708 418 Κυ

1843 367 2046 434 anima,
2073 365 2434 436 cogitationes
2459 365 2640 421 omnes
2670 373 2941 436 sperantes
2967 366 3318 437 iniquitatem,
3345 379 3402 426 et

189 452 310 521 ρίου
328 447 544 513 πάντας
570 448 710 514 τοὺς
735 449 1158 519 ἐργαζομένους
1185 452 1295 519 τὴν
1322 453 1578 522 ἀνομίαν
1601 455 1740 522 λογι-

193 540 362 611 σμοὺς,
388 538 569 592 καὶτὰ
611 538 782 610 ἐχθρὰ
813 542 880 610 τῇ
911 540 1138 612 ἀληθείᾳ
1166 542 1542 614 ἐνθυμήματα.
1581 543 1737 597 Οὕτω

190 630 244 684 δὲ
281 629 364 681 καὶ
407 628 715 699 ἀναιροῦσιν
764 632 812 683 οἱ
845 631 1040 684 δίκαιοι
1083 634 1260 685 πᾶσαν
1291 634 1389 704 τὴν
1429 633 1536 686 τῶν
1575 635 1734 686 πολε--

196 721 314 789 μίων
339 720 424 772 καὶ
445 718 551 772 ἀπὸ
563 719 758 783 κακίας
778 721 1083 792 ἐρχομένων
1105 721 1359 794 ζωγρίαν,
1377 724 1452 786 ὡς
1475 725 1608 796 μηδὲ
1638 727 1733 795 νή-

193 828 298 863 πιον
319 811 404 863 καὶ
429 810 550 881 ἄρτι
571 812 939 883 ὑποφυόμενον
955 815 1121 866 κακὸν
1157 815 1594 870 καταλείπεσθαι.
1625 817 1729 870 Οὗ-

189 899 542 971 σωάκοὺομεν
560 901 669 971 (20)
695 903 893 957 καὶτοῦ
916 905 972 957 ὲν
992 905 1264 976 ἑκατοστῷ
1275 908 1732 980 τριακοπῷέκτῳ

188 990 362 1061 ψαλμῷ
392 992 573 1063 ῥητοῦ,
595 993 764 1058 οὕτως
791 994 1018 1064 ἔχοντος
1041 996 1310 1067 Θυγάτηρ
1327 999 1728 1070 Βαϐυλῶνοςή

186 1084 545 1151 ταλαίπωρος,
572 1084 864 1154 μακάριος
877 1070 952 1152 ¹ὃς
972 1088 1379 1144 ἀνταποδώσει
1409 1107 1507 1145 σοι
1535 1091 1601 1144 τὸ
1625 1093 1730 1146 ἁν-

185 1175 461 1244 ταπόδομιί
491 1193 625 1239 σου,
653 1178 684 1230 ὃ
711 1178 1127 1246 ἁνταπέδωκας
1149 1181 1308 1250 ἡμῖν·
1326 1181 1636 1252 μακάριος,
1661 1183 1728 1248 ὃς

184 1264 437 1330 κρατήσει
477 1266 574 1318 καὶ
595 1267 828 1336 ἐδαφιεῖ
854 1269 926 1322 τὰ
954 1268 1139 1335 νήπιά
1159 1287 1274 1324 σου
1300 1272 1449 1339 πρὸς
1477 1272 1590 1340 τὴν
1626 1273 1728 1325 πέ-

182 1371 328 1421 τραν.
356 1357 534 1426 Νήπια
562 1358 671 1429 γὰρ
701 1359 1036 1424 Βαϐυλῶνος,
1055 1362 1496 1433 ἑρμηνευομένης
1526 1369 1726 1434 συγχύ-

185 1457 323 1504 σεως,
336 1443 381 1494 οἱ
395 1445 514 1514 ἄρτι
530 1445 897 1516 ὑποφυόμενοι
918 1449 1011 1501 καὶ
1033 1450 1409 1514 ἀνατέλλοντες
1422 1453 1482 1505 ὲν
1499 1455 1562 1522 τῇ
1579 1453 1722 1526 ψυχῇ

183 1532 275 1583 εἰσι
306 1537 608 1603 συγχυτικοὶ
639 1536 907 1608 λογισμοὶ,
940 1541 988 1592 oi
1031 1540 1139 1592 ἀπὸ
1169 1542 1382 1606 κακίας,
1414 1535 1488 1595 ὧν
1528 1545 1556 1596 ὁ
1592 1560 1723 1614 κρα-
1779 1601 1783 1609 ,

181 1622 296 1684 τῷν,
331 1623 399 1687 ὡς
429 1626 521 1679 καὶ
551 1626 628 1696 τῷ
657 1629 862 1699 στερεῷ
895 1631 987 1684 καὶ
1021 1632 1218 1702 εὺτόνῳ
1236 1634 1328 1686 τοῦ
1359 1633 1517 1702 λόγου
1552 1652 1720 1705 προσ-

1844 471 2003 512 sensa
2041 456 2284 512 veritatis
2325 456 2656 511 adversaria.
2687 457 2778 511 Sic
2808 458 2970 510 etiam
2996 456 3124 524 justi
3159 457 3401 512 interneo

1843 546 1983 600 cioui
2017 549 2146 602 dant
2185 545 2442 614 quidquid
2491 546 2669 608 vivum
2712 555 2799 599 est
2842 547 2896 600 in
2925 547 3091 613 vitiis,
3140 558 3195 601 ut
3225 563 3401 618 neque

1842 637 1970 705 quid
1998 651 2186 691 recens
2218 647 2271 690 et
2319 637 2478 690 modo
2509 648 2684 690 ortum
2717 637 2980 706 reliquum
3031 639 3248 692 faciant.
3289 638 3401 694 Hoc

1842 739 2004 779 sensu
2038 726 2389 792 intelligimus
2429 727 2568 794 quod
2598 726 2650 778 in
2687 727 2896 795 psalmo
2924 743 3122 782 cxxxvr
3153 729 3352 784 dicitur
3381 748 3396 783 :

1843 812 1989 868 Filia
2038 814 2331 884 Babylonis
2379 816 2568 868 misera
2607 831 2627 867 :
2664 816 2843 870 beatus
2881 817 2970 887 qui
3016 815 3265 871 retribuet
3301 819 3399 872 tibi

1841 906 2233 960 retributionem
2267 916 2434 970 tuam,
2468 922 2624 975 quam
2654 906 2940 960 retribuisti
2988 909 3154 962 nobis.
3201 908 3398 964 Beatus

1835 996 1926 1063 qui
1969 995 2158 1048 tenebit
2203 1004 2251 1048 et
2301 995 2482 1048 allidet
2519 995 2765 1065 parvulos
2811 1007 2928 1051 (uos
2973 999 3042 1052 ad
3074 1010 3274 1067 petram
3327 1003 3395 1056 ".

1836 1084 1984 1138 Nam,
2017 1085 2222 1154 parvuli
2257 1085 2562 1156 Babylonis,
2599 1101 2718 1154 quae
2765 1087 3134 1145 confusionem
3186 1091 3396 1163 signifi-

1835 1183 1956 1240 cat,
2005 1186 2126 1230 sunt
2173 1177 2532 1242 cogitationes
2589 1176 2694 1231 illae
2745 1193 2774 1231 a
2824 1180 2970 1233 vitiis
3016 1195 3202 1236 recens
3246 1191 3388 1238 nata

1833 1275 1888 1320 et
1944 1265 1998 1320 in
2037 1266 2216 1320 anima
2264 1267 2501 1322 oricntes
2541 1279 2663 1336 quae
2707 1268 3075 1324 confusionem
3138 1271 3392 1337 atl‘erunt,

1833 1371 1969 1426 quas
1997 1358 2088 1427 qui
2137 1367 2304 1424 tenet,
2336 1359 2407 1411 ita
2462 1368 2522 1412 ut
2555 1373 2737 1414 earum
2772 1359 2950 1429 capita
3003 1361 3156 1429 quasi
3191 1362 3258 1416 ad
3293 1361 3391 1418 fir-

1831 1449 2069 1504 mitatem
2096 1459 2151 1504 et
2188 1451 2510 1506 soliditatem
2542 1451 2764 1505 rationis
2785 1451 2989 1514 allidat,
3011 1452 3104 1506 ille
3137 1453 3392 1521 parvulos

1829 1539 2116 1610 Babylonis
2167 1541 2231 1594 ad
2284 1550 2490 1609 petram
2555 1541 2761 1607 allidit,
2829 1549 2884 1596 et
2947 1542 3148 1598 idcirco
3203 1545 3392 1601 beatus

1827 1641 1932 1688 est.
1998 1629 2194 1685 Jubeat
2249 1632 2415 1701 igitur
2491 1633 2630 1685 Deus
2702 1632 2830 1686 vitia
2895 1631 3138 1689 funditus
3199 1635 3387 1701 deleri,

183 1712 322 1782 ρῆξαι
340 1715 511 1769 αὐτῶν
543 1717 643 1780 τὰς
674 1719 932 1788 κεφαλὰς,
963 1721 1282 1791 ὲδαφίζειτά
1302 1725 1467 1794 νήπια
1495 1725 1593 1795 τῆς
1618 1726 1713 1778 Βα-

1826 1719 1958 1773 nihil
2017 1719 2262 1788 prmcipit
2307 1720 2371 1772 iis
2411 1735 2530 1787 quas
2580 1719 2736 1774 Jesus
2795 1722 2978 1775 docuit
3033 1725 3384 1779 contrarium.

182 1805 388 1868 ὅυλῶνος
412 1807 544 1876 πρὸς
571 1808 667 1878 τὴν
702 1810 926 1879 πέτραν,
949 1814 1229 1884 γινόμενος
1253 1815 1341 1867 διὰ
1359 1815 1515 1869 τοῦτο
1549 1818 1722 1886 μακά-

181 1912 297 1964 ριος.
339 1897 555 1968 Ἡεηδδν
581 1896 672 1953 οὖν
708 1902 775 1954 τὰ
809 1903 906 1973 τῆς
937 1904 1132 1967 κακίας
1166 1907 1258 1958 καὶ
1288 1909 1546 1974 παγγενεὶ
1580 1909 1724 1961 κτεί-

179 2003 275 2038 νειν
318 1986 571 2042 κελευέτω
606 1991 634 2042 ὁ
674 1989 824 2053 Θεὸς,
868 1992 1018 2046 οὐδὲν
1061 1995 1296 2047 ἐναντίον
1337 1995 1600 2049 διδάσκων
1637 1989 1723 2059 οἷς

189 2074 371 2144 Ἰησοῦς
399 2078 740 2148 κατήγγειλε’
775 2080 868 2132 καὶ
913 2082 970 2132 ὲν
998 2081 1290 2152 ὀφθαλμοῖς
1326 2084 1434 2136 τῶν
1463 2084 1534 2137 ἐν
1583 2101 1723 2152 κρυ-

176 2163 286 2229 πτῷ
323 2167 578 2222 Ἰουδαίων
609 2171 824 2223 ποιείτω
851 2172 878 2222 ὁ
908 2171 1038 2235 Θεὸς
1074 2172 1172 2242 τὴν
1200 2173 1306 2226 τῶν
1333 2175 1603 2245 πολεμίων
1623 2177 1716 2228 καὶ

178 2252 369 2306 πάντων
392 2256 498 2308 τῶν
531 2258 641 2309 ἀπὸ
676 2259 871 2323 κακίας
911 2261 1208 2331 ἀναίρεσιν.
1240 2264 1348 2315 Καὶ
1380 2261 1616 2316 τοιοῦτόν
1652 2281 1715 2332 γε

1823 1807 2156 1863 Exterminet
2201 1809 2341 1865 Deus
2385 1807 2436 1861 in
2488 1808 2658 1864 oculis
2713 1823 2901 1862 eorum
2945 1810 3038 1878 qui
3079 1813 3135 1864 in
3187 1813 3388 1866 occulto

1820 1900 1989 1956 Judaei
2051 1909 2176 1954 sunt
2225 1900 2303 1964 ³ο,
2369 1898 2503 1953 vitia
2567 1899 2746 1953 omnia
2810 1913 2929 1968 qua:
2992 1911 3117 1956 sunt
3176 1901 3385 1956 illorum

1829 1993 2034 2047 hostes.
2075 1991 2166 2044 Sic
2195 2001 2250 2045 et
2282 1990 2315 2043 ii
2349 1989 2441 2057 qui
2482 1989 2586 2057 legi
2627 1997 2686 2042 et
2713 1988 2880 2042 verbo
2911 1988 3004 2044 Dei
3038 2003 3141 2043 non
3183 2005 3388 2044 morem

1823 2091 2037 2153 gerunt,
2080 2082 2172 2137 sed
2222 2082 2468 2136 hostibus
2499 2081 2705 2135 similes
2748 2079 2878 2134 facti
2920 2089 2974 2134 et
3018 2095 3049 2134 a
3085 2081 3233 2136 vitiis
3262 2096 3388 2151 per-

1821 2173 1965 2228 versi
1995 2180 2144 2238 sunt,
2183 2186 2247 2226 ea
2290 2171 2564 2241 patiantur
2598 2186 2718 2241 qua:
2755 2170 2867 2240 pati
2898 2171 3052 2226 decet
3087 2184 3184 2227 eos
3224 2173 3315 2242 qui
3351 2188 3384 2228 a

1821 2264 1917 2318 Dei
1947 2263 2123 2318 verbis
2149 2261 2432 2316 deﬁciunt.
2518 2255 2526 2261 ’

177 2342 298 2394 ἔστω
336 2344 394 2396 τὸ
421 2345 546 2408 τοὺς
593 2347 668 2416 μὴ
715 2349 1065 2420 πειθομένους
1095 2352 1242 2422 νόμῳ
1271 2353 1364 2406 καὶ
1390 2353 1532 2424 λόγῳ
1562 2354 1695 2408 Θεοῦ
1714 2395 1728 2417 ,
1763 2353 2126 2424 ὁμοιωθέντας
2153 2355 2265 2416 τοῖς
2301 2353 2596 2423 πολεμίοις,
2627 2353 2720 2406 καὶ
2766 2351 3093 2416 ποιωθέντας
3124 2352 3233 2408 ἀπὸ
3287 2353 3389 2424 τῆς

177 2437 368 2500 κακίας,
396 2439 622 2510 πάσχειν
644 2442 834 2507 ταῦτα,
853 2444 1157 2516 ἆπερᾶξιον
1188 2447 1414 2517 πάσχειν
1441 2449 1566 2511 τοὺς
1589 2449 1929 2512 ἀποστάντας
1960 2449 2132 2516 λόγων
2161 2447 2319 2500 Θεοῦ.

235 2530 372 2600 Σαξιιῆ
436 2533 534 2601 μὲν
580 2533 673 2587 οὖν
723 2538 818 2590 καὶ
859 2539 924 2590 ὲκ
979 2531 1199 2605 τούτων,
1265 2542 1382 2605 πῶς
1431 2543 1637 2614 Ἰησοῦς
1691 2546 1718 2597 ὁ

174 2615 462 2692 Ναζωραῖος
517 2625 801 2697 ἄνθρωπος
840 2629 940 2682 οὐκ
988 2631 1386 2702 ἀντινομοθετεῖ
1439 2637 1552 2702 τοῖς
1588 2637 1717 2706 περὶ

177 2710 383 2764 πλούτου
431 2716 525 2768 καὶ
567 2717 676 2769 τῶν
714 2718 1076 2790 ἐξισταμένων
1111 2721 1221 2791 (21)
1252 2725 1559 2796 εἰρημένοις
1589 2725 1718 2797 περὶ

171 2801 278 2864 τοῦ,
300 2802 600 2859 δύσκολον
616 2805 765 2861 εἶναι
782 2812 1080 2864 πλούσιον
1106 2812 1216 2883 (‘22)
1233 2815 1604 2885 εὶσέρχεσθαι
1632 2819 1719 2882 εἰς

169 2889 270 2956 τὴν
290 2893 387 2946 τοῦ
422 2897 570 2950 Θεοῦ
588 2899 931 2961 βασιλείαν
969 2901 1078 2954 εἴτε
1117 2903 1370 2957 πλούσιόν
1397 2923 1481 2969 τις
1505 2906 1715 2977 λαμϐά-

1890 2543 1979 2597 25.
2022 2543 2098 2596 Ex
2138 2543 2221 2598 his
2252 2542 2595 2612 perspicuum
2647 2540 2704 2597 ﬁt
2725 2543 2994 2612 quomodo
3019 2540 3182 2598 Jesus
3206 2541 3382 2598 Naza-

1821 2649 1988 2688 renus
2016 2635 2176 2689 homo
2228 2634 2374 2705 leges
2401 2651 2504 2689 non
2551 2634 2691 2688 ierat
2732 2633 3036 2688 contrarias
3066 2635 3132 2687 iis
3166 2649 3284 2702 quas
3315 2636 3384 2689 de

1820 2724 2022 2779 divitiis
2066 2734 2121 2778 et
2172 2725 2279 2779 illis
2324 2726 2414 2794 qui
2448 2739 2634 2779 earum
2669 2738 2854 2778 amore
2901 2726 3198 2779 transversi
3237 2726 3385 2781 abri-

1819 2815 2064 2881 piuntur,
2098 2814 2244 2868 dicta
2286 2824 2433 2880 sunt,
2468 2829 2589 2868 cum
2620 2813 2696 2868 ait
2724 2814 2930 2883 diﬁcile
2964 2829 3074 2868 esse
3109 2814 3256 2868 diviti
3297 2815 3386 2868 in-

1819 2913 1961 2958 trare
1997 2905 2050 2958 in
2081 2921 2299 2975 regnum
2333 2904 2426 2958 Dei
2456 2905 2542 2971 ἐς
2577 2905 2690 2960 sive
2719 2905 2898 2959 divitis
2916 2905 3139 2959 nomine
3172 2905 3382 2975 simpli-

172 2996 236 3030 νει
267 2981 618 3055 ἁπλούστερον
649 2987 737 3040 τὸν
766 2990 868 3043 ὑπὸ
897 2991 1128 3046 πλούτου
1164 2993 1574 3065 περισπώμενον
1615 2996 1710 3048 καὶ¹

1824 2994 1954 3048 citer
1987 2994 2222 3062 accipias
2252 2993 2425 3057 illum,
2462 2993 2556 3062 qui
2582 2991 2788 3047 divitiis
2821 2993 3114 3047 distractus
3147 3003 3204 3046 et
3225 2996 3382 3068 quasi

170 3069 233 3133 ὡς
269 3071 367 3124 ὑπὸ
407 3075 646 3146 ἀκάνθης
687 3080 845 3133 αὐτοῦ
889 3083 1309 3153 ὲμποδιξόμενον
1357 3085 1542 3156 φέρειν
1582 3087 1707 3150 τοὺς

169 3160 249 3213 τοῦ
291 3162 438 3232 λόγου
471 3169 734 3238 καρπούς·
775 3173 883 3226 εἶτε
924 3174 1103 3228 καὶτὸ
1137 3178 1194 3229 ὲν
1231 3180 1340 3240 τοῖς
1367 3177 1582 3246 ψευδέσι
1621 3177 1708 3230 δό-

169 3267 321 3319 γμασι
340 3255 684 3326 πλουτοῦντα,
710 3263 835 3332 περὶ
862 3255 922 3315 οῦ
950 3265 1006 3316 ἐν
1024 3265 1350 3336 Παροιμίαις
1376 3266 1705 3336 γέγραπται*

170 3345 434 3410 [imitetur
463 3349 571 3420 (25)
599 3355 831 3421 πτωχὸς
875 3354 1105 3420 δίκαιος
1151 3355 1190 3423 ἢ
1235 3358 1530 3422 πλούσιος
1564 3359 1728 3425 piatis

165 3451 316 3503 στης.
356 3440 512 3504 Εἰκὸς
557 3442 613 3494 δὲ
661 3444 767 3497 ἀπὸ
799 3445 913 3511 τοῦ,
952 3447 1004 3498 Ὁ
1047 3446 1238 3500 θέλων
1277 3449 1348 3501 ἐν
1393 3447 1534 3516 ὑμῖν
1558 3445 1708 3502 εἶναι

166 3527 388 3595 πρῶτος,
413 3533 566 3586 ἔστω
593 3534 832 3589 πάντων
855 3528 1150 3603 διάκονος·
1185 3539 1298 3600 καὶ,
1330 3541 1393 3591 Οί
1423 3538 1706 3607 ἄρχοντες

165 3618 264 3671 τῶν
281 3622 460 3676 ἐθνῶν
485 3631 1015 3695 κατακυριεύουσιν
1041 3629 1256 3684 αὐτῶν·
1293 3631 1406 3700 καὶ,
1447 3635 1510 3684 Oi
1532 3630 1704 3695 ἐξου-

165 3709 440 3778 σιάζοντες
483 3716 553 3768 ἐν
584 3718 790 3784 αὐτοῖς
827 3721 1129 3790 εὐεργέται
1172 3719 1514 3774 καλοῦνται·
1558 3721 1704 3792 εἰλη-

168 3798 302 3864 φέναι
345 3804 434 3856 τὸν
466 3806 690 3869 Κέλσον,
726 3810 807 3861 ὅτι
849 3810 1052 3881 Ἰησοῦς
1075 3810 1192 3881 (24)
1243 3811 1527 3882 φιλαρχίαν
1571 3810 1706 3865 ἐκώ-

167 3889 300 3959 λυεν,
352 3897 536 3966 ἥντινα
585 3899 685 3952 οὐκ
740 3901 984 3954 ἐναντίαν
1044 3898 1182 3956 εἶναι
1239 3903 1518 3973 νομιστέον
1574 3903 1701 3969 τοῦ,

170 3983 364 4053 Ἅρξεις
414 3990 493 4044 σὺ
546 3990 738 4045 ἐθνῶν
790 3993 1057 4057 πολλῶν,
1103 3993 1221 4047 σοῦ
1247 3993 1315 4046 δὲ
1341 3997 1450 4048 οὐκ
1488 3994 1702 4063 ἄρξου-

164 4089 232 4125 σι’
282 4078 508 4146 μάλιστα
562 4081 648 4134 διὰ
690 4082 758 4135 τὰ
817 4082 1182 4154 ἀποδεδομένα
1240 4084 1320 4147 είς
1369 4084 1468 4152 τὴν
1536 4083 1696 4148 λέξιν.

177 4162 308 4237 Ἑξῆς
332 4169 384 4223 δὲ
419 4171 628 4235 τούτοις
665 4174 1031 4245 ωραρῤίπτει
1092 4174 1221 4246 περὶ
1271 4174 1372 4244 τῆς
1437 4174 1624 4242 σοφίας
1673 4177 1702 4227 ὁ

166 4255 358 4322 Κέλσκ,
389 4262 629 4332 οἰόμενος
661 4262 748 4314 τὸν
793 4261 997 4333 Ἰησοῦν
1029 4263 1322 4327 διδάσκειν,
1362 4263 1435 4334 μὴ
1472 4281 1703 4336 παριτη-

1815 3085 1988 3152 spinis
2017 3083 2310 3153 impeditus
2339 3082 2482 3138 ferre
2507 3083 2656 3137 verbi
2700 3082 2912 3137 fructus
2957 3097 3062 3137 non
3089 3093 3267 3154 potest
3295 3087 3380 3148 "-,

1816 3173 1929 3226 sive
1961 3172 2050 3240 qui
2097 3171 2250 3226 falsis
2287 3171 2630 3240 dogmatibus
2677 3170 2827 3225 dives
2864 3180 2967 3238 est,
2993 3180 3047 3226 et
3079 3173 3145 3226 de
3175 3186 3280 3241 quo
3324 3173 3379 3227 iu

1815 3263 2124 3317 Proverbiis
2152 3262 2355 3316 dictum
2385 3269 2510 3316 est:
2546 3261 2736 3314 Melior
2751 3277 2954 3329 pauper
2983 3260 3181 3330 justus,
3219 3277 3380 3331 quam

1815 3354 1954 3406 diues
1985 3353 2210 3406 mendax
2232 3352 2298 3406 ³³.
2323 3350 2610 3405 Probabile
2631 3362 2713 3405 est
2738 3353 2850 3405 lucc
2877 3351 2993 3406 loca
3023 3370 3036 3406 :
3071 3350 3382 3422 Quicunque

1815 3441 2036 3495 uoluerit
2065 3441 2119 3493 in
2149 3440 2292 3493 vobis
2311 3441 2510 3508 primus
2535 3456 2666 3504 esse,
2681 3441 2749 3493 sit
2779 3441 3011 3493 omnium
3043 3443 3277 3495 minister
3299 3441 3376 3509 “;

1815 3541 1869 3586 et
1899 3544 1912 3584 :
1949 3529 2215 3598 Principes
2235 3532 2465 3600 gentium
2486 3532 2837 3585 dominantur
2856 3547 3036 3585 eorum
3060 3531 3105 3564 ³⁸
3127 3543 3142 3598 ;
3163 3541 3218 3586 et
3240 3551 3254 3586 :
3274 3531 3379 3597 Qui

1813 3630 2118 3691 potestatem
2175 3621 2363 3675 habent
2406 3637 2562 3689 super
2603 3637 2715 3686 eos,
2760 3621 2977 3690 beneﬁci
3029 3634 3280 3678 uocantur
3306 3624 3377 3690 ³⁸,

1816 3712 1981 3767 fuisse
2023 3712 2180 3768 Celso
2211 3726 2431 3767 causam
2461 3722 2522 3766 ut
2550 3712 2772 3776 diceret,
2803 3713 3188 3768 dominationis
3227 3729 3380 3768 amo-

1811 3819 1927 3860 rem
1974 3819 2005 3858 a
2033 3802 2159 3858 Jesu
2193 3803 2362 3858 fuisse
2407 3803 2760 3872 prohibitum.
2807 3802 2863 3858 ld
2911 3813 3088 3858 tamen
3135 3819 3376 3875 pugnare

1807 3904 1932 3951 eum
1959 3896 2062 3950 isto
2105 3896 2259 3950 loco:
2291 3893 2651 3948 Dominaberis
2680 3893 2859 3949 multis
2881 3895 3200 3960 nationibus,
3230 3904 3281 3949 et
3300 3898 3378 3952 tui

1811 4003 1960 4041 nemo
1975 3987 2333 4040 dominabitur
2349 3986 2414 4049 "’,
2439 3999 2542 4040 non
2561 3986 2988 4040 existimandum
3005 3995 3110 4050 est,
3136 3987 3373 4042 maxime

1809 4087 2030 4147 propter
2062 4092 2125 4132 ea
2165 4091 2284 4145 quae
2313 4077 2379 4130 de
2407 4076 2490 4130 his
2536 4075 2718 4129 verbis
2758 4075 3130 4130 disseruimus.
3179 4076 3374 4130 Postea

1811 4168 1970 4237 711
2009 4165 2196 4220 Celsus
2230 4165 2360 4219 facit
2399 4167 2465 4219 de
2506 4163 2774 4234 sapientia
2818 4165 3182 4228 mentionem,
3221 4175 3376 4219 ratus

1805 4259 1931 4314 Jesu
1962 4259 2203 4313 doctrina
2238 4256 2534 4325 sapientem
2561 4255 2705 4308 aditu
2726 4255 3000 4324 prohiberi
3033 4255 3100 4307 ad
3126 4253 3369 4309 Patrem.

164 4346 235 4397 τὸν
273 4346 404 4403 εἶναι
454 4352 590 4423 πρὸς
633 4354 720 4405 τὸν
765 4354 984 4425 Πατέρα
1032 4353 1109 4424 τῷ
1152 4354 1320 4424 σοφῷ.
1352 4354 1607 4424 Εἴπωμεν
1640 4355 1696 4407 δὲ

1824 4349 2004 4415 Quaero
2034 4361 2134 4417 ego
2164 4360 2458 4412 quemnam
2491 4345 2788 4413 sapientem
2810 4344 2836 4396 ?
2874 4342 3007 4396 Nam
3058 4344 3105 4397 si
3152 4344 3374 4412 sapien-

164 4437 273 4506 πρὸς
311 4442 464 4495 αὑτὸν
485 4481 499 4504 ,
533 4442 669 4513 ποίῳ
702 4445 846 4514 σοφῷ
879 4461 892 4508 ;
926 4445 988 4496 Εἰ
1021 4445 1120 4514 μὲν
1145 4443 1252 4515 γὰρ
1277 4446 1450 4515 τούτῳ
1473 4483 1487 4507 ,
1513 4444 1570 4507 ὃς
1596 4461 1696 4496 πε-

165 4529 360 4585 ποίωται
401 4534 539 4587 κατά
577 4533 675 4605 τὴν
715 4534 1013 4604 λεγομένην
1059 4536 1284 4603 σοφίαν
1329 4534 1435 4589 τοῦ
1469 4535 1698 4603 κόσμου

163 4625 364 4686 τούτου,
391 4621 591 4680 οὖσαν
620 4625 848 4693 μωρίαν
894 4625 1053 4692 παρὰ
1083 4624 1163 4690 τῷ
1203 4623 1322 4690 Θεῷ
1344 4643 1358 4658 ·
1401 4625 1495 4678 καὶ
1541 4625 1699 4695 ἡμεῖς

164 4714 374 4786 φήσομεν
423 4717 497 4787 μὴ
540 4715 835 4786 παριτητὸν
890 4711 1028 4769 εἶναι
1064 4716 1199 4785 πρὸς
1241 4716 1332 4768 τὸν
1372 4716 1588 4786 Πατέρα
1622 4714 1699 4785 τῷ

164 4803 278 4858 οὕτω
309 4808 482 4878 σοφῷ·
535 4809 581 4859 εἰ
617 4807 672 4860 δὲ
717 4806 907 4875 σοφίαν
957 4823 1040 4868 τις
1088 4808 1278 4877 νοήσαι.
1324 4807 1412 4858 τὸν
1448 4807 1698 4876 Χριστὸν,

161 4890 260 4950 ἐπεὶ
286 4898 512 4969 Χριστός
546 4900 659 4951 ἐστι
703 4896 848 4951 Θεοῦ
881 4896 1132 4964 δύναμις
1162 4898 1257 4950 καί
1291 4897 1436 4951 Θεοῦ
1480 4898 1664 4966 σοφία
1685 4915 1697 4928 ’
1731 4947 1741 4956 .

248 5082 286 5112 ²⁹
316 5081 450 5136 Psal.
479 5097 698 5147 cxxxvr,
731 5081 784 5145 8,
818 5083 872 5137 9.
969 5082 1012 5113 ³ο
1034 5079 1190 5136 Rom.
1220 5097 1282 5146 tt,
1309 5083 1398 5136 29.

159 5141 384 5206 “Matth.
420 5170 473 5217 ι,
505 5153 596 5208 44.

215 5308 311 5378 (20)
347 5310 512 5364 Codd.
556 5310 690 5379 Reg.
737 5321 791 5363 et
831 5309 1191 5370 Basileensis,
1239 5305 1682 5379 καταλείπεσθαι.

1510 5083 1551 5113 ³³
1583 5081 1776 5136 Matth.
1817 5097 1926 5144 XIX,
1959 5082 2048 5135 25.

706 5153 748 5184 ³⁸
774 5137 968 5206 Μειιὶι.
998 5168 1091 5216 xx,
1123 5153 1212 5206 255.
1269 5137 1483 5206 "‘an.
1517 5167 1654 5217 XXII.
1679 5153 1713 5205 Ξ

1850 5153 1892 5183 δ’
1916 5137 2072 5206 Deut.
2108 5164 2196 5214 xv,
2233 5147 2286 5201 6.
2363 5147 2407 5177 ³⁸
2440 5137 2602 5200 lCor.
2635 5158 2717 5210 ιιι,
2754 5142 2839 5198 l9.
2916 5140 2961 5173 '°
2990 5141 3009 5195 l
3036 5140 3163 5193 Cur.
3209 5156 3249 5202 ι,
3278 5137 3380 5194 24.

1805 4449 1912 4495 tem
1938 4438 2190 4507 intelligit
2216 4435 2374 4506 hujus
2403 4435 2587 4488 mundi
2620 4423 2899 4503 sapientia,
2930 4443 2989 4487 ut
3025 4442 3278 4497 vocatur,
3313 4443 3372 4486 et

1804 4546 1925 4600 quae
1948 4529 2173 4584 stultitia
2206 4535 2280 4580 est
2307 4525 2448 4595 apud
2485 4521 2744 4590 Deum";
2789 4523 3095 4591 huiusmodi
3137 4523 3376 4590 sapienti

1806 4624 2050 4678 dicemus
2077 4628 2131 4674 et
2163 4634 2262 4674 nos
2302 4617 2506 4672 aditum
2532 4617 2598 4670 ad
2647 4615 2867 4670 Patrem
2907 4613 3212 4683 praecludi;
3242 4622 3299 4666 at
3326 4612 3378 4667 si

1807 4713 2088 4784 sapientize
2111 4711 2329 4765 nomine
2365 4709 2642 4764 Cbristunt
2675 4705 2896 4774 accipit,
2925 4703 3194 4773 siquidem
3219 4702 3380 4758 Cltri-

1807 4816 1924 4863 stus
1951 4805 2046 4858 Dei
2069 4804 2234 4857 virtus
2264 4809 2340 4854 est
2389 4810 2436 4854 et
2467 4799 2561 4853 Dei
2609 4797 2866 4864 sapientia
2882 4795 2963 4861 ³⁹;
3011 4794 3103 4850 tali
3143 4793 3381 4863 sapienti

1810 4913 1920 4953 non
1954 4895 2126 4952 solum
2152 4902 2341 4963 patere
2368 4891 2434 4946 ad
2473 4889 2690 4945 Patrem
2719 4888 2926 4942 aditum
2967 4887 3238 4951 dicimus,
3279 4885 3377 4938 sed

2153 5079 2196 5110 “
2231 5076 2422 5130 Matth.
2476 5091 2596 5138 xm,
2627 5072 2716 5127 9.2.
2831 5070 2875 5101 ³³
2897 5070 3058 5125 Prov.
3090 5083 3298 5138 xxvnt,
3319 5068 3374 5138 6.

1890 5307 1984 5377 2‘2)
2029 5303 2282 5377 Yttlgata,
2311 5297 2889 5377 δυσκόλως-πλούσιον.
3034 5363 3074 5377 η
3201 5365 3215 5377 .
3275 5362 3306 5377 μ

1890 5311 1984 5377 2‘2)
2030 5311 2282 5374 Vulgata,
2311 5311 2582 5363 δυσκόλως
2615 5311 2889 5352 πλουσιον.
3295 5362 3306 5374 ⁸

1867 5311 1978 5449 ίὲὖ)
2019 5375 2188 5429 Codd.
2232 5373 2367 5449 Reg_.
2395 5383 2450 5426 et
2489 5369 2650 5425 Basil.
2712 5369 2998 5439 κρείττων.
3033 5363 3386 5421 llmscheltus

1793 5445 2200 5517 etSpencerus,
2232 5445 2506 5517 κρεῖσσον.
2630 5509 2652 5517 _
2755 5510 2790 5517 __
2900 5506 2925 5517 ~

1865 5500 1978 5587 (ᾗ)
2016 5500 2387 5587 lidetn'_cbdd.
2428 5525 2581 5577 mss.,
2627 5509 2709 5562 ὅτι
2755 5506 2982 5580 Ἰησοῦς.
3016 5500 3295 5562 llmschel.
3329 5521 3385 5565 rt

1795 5581 2051 5657 Speneer.
2066 5623 2081 5652 ,
2110 5584 2162 5636 τί
2201 5581 2424 5653 Ἰησοῦς.

159 5375 310 5450 Ο-ὖτως
348 5375 818 5450 ἀκούομεν.ἰίι)ι).
848 5381 1009 5446 editi,
1047 5379 1457 5432 καταλιπέσθαι.
1499 5378 1686 5447 Ἡμεῖς

159 5444 298 5520 οὕτως
326 5444 609 5520 ἀκούομεν.

215 5517 311 5588 (21)
356 5517 808 5588 Ἐξισταμένων.
841 5519 966 5575 llzec
999 5519 1160 5574 lectio
1194 5518 1319 5576 ferri
1352 5525 1548 5586 potest,
1578 5517 1682 5571 nisi

159 5587 490 5662 πηθιίείιθιιθτε
533 5587 913 5662 ἐξητασμένων
983 5590 1050 5646 Ut
1085 5600 1300 5645 vertas:
1342 5589 1406 5642 Et
1452 5589 1520 5642 iis
1567 5603 1681 5656 qua:

160 5660 284 5711 modo
311 5661 693 5730 perpendimus.
