3894 6576
427 336 569 395 “55
1879 331 2196 389 ORIGENIS
3547 330 3686 385 1‘53

426 454 594 512 etiam
618 468 762 518 eum,
798 453 892 522 qui
939 453 1172 508 donatus
1197 467 1226 507 a
1281 451 1486 522 Spiritu
1519 457 1708 506 sancto
1757 457 1842 504 est
1898 449 1981 503 illa

2097 449 2151 500 οὐ
2189 448 2344 518 μόνον
2382 445 2677 519 παριτητδν
2709 444 2842 517 πρὸς
2874 444 2966 499 τὸν
2998 446 3213 517 Πατέρα
3239 447 3320 518 τῷ
3346 447 3502 500 οὕτω
3534 447 3691 517 σοφῷ

429 548 602 619 gratia
657 561 779 616 quae
825 544 1050 600 Verbum
1078 545 1349 614 sapientia:
1398 541 1786 614 appellatur“,
1833 542 1981 612 longe

2097 541 2320 612 λέγομεν
2380 536 2515 593 εἶναι
2535 581 2549 603 ,
2594 537 2730 592 ἀλλὰ
2782 540 2874 591 καὶ
2930 538 3108 610 πολλῷ
3149 539 3256 593 τῶν
3293 540 3375 611 μὴ
3406 538 3690 592 τοιούτων

427 639 642 695 caeteris
675 637 770 707 qui
799 651 863 692 ea
889 644 1081 692 carent
1105 636 1450 691 autecellere.

2097 633 2363 704 διαφέρειν
2443 632 2533 685 τὸν
2605 633 3016 704 κεκοσμημένον
3085 633 3387 703 χαρίσματί
3449 648 3690 702 φαμεν,

2093 726 2256 795 Λόγῳ
2285 725 2505 793 σοφίας
2535 723 2874 795 καλουμένῳ,
2918 723 3007 777 διὰ
3049 723 3143 776 τοῦ
3177 723 3510 794 Πνεύματος
3545 722 3692 775 6:50-

2094 819 2256 888 μένῳ.

2160 910 2328 963 Πάλιν
2364 927 2422 962 τε
2465 905 2532 962 αὖ
2581 910 2642 962 τὸ
2697 909 2854 980 δόξης
2907 908 3298 962 ἀντιποιεῖσθαι
3368 908 3477 978 τῆς
3552 909 3689 976 παρ’

2090 1003 2398 1075 ἀνθρώποις
2441 1005 2501 1056 οὐ
2543 1003 2684 1058 κατὰ
2714 1004 2814 1074 τὴν
2861 1002 3030 1074 Ἰησοῦ
3065 1004 3224 1073 μόνον
3253 1002 3368 1071 (25)
3405 1001 3690 1053 διδασκα-

2089 1096 2210 1150 λίαν
2241 1096 2542 1151 κωλύεσθαί
2576 1114 2755 1168 φαμεν
2775 1137 2789 1161 ,
2827 1095 2962 1150 ἀλλὰ
2991 1097 3085 1149 καὶ
3128 1097 3267 1150 κατὰ
3290 1095 3391 1166 τὴν
3429 1093 3689 1148 παλαιὰν

2088 1189 2329 1260 Γραφήν.
2361 1187 2738 1260 Ἐπαρώμενος
2759 1187 2888 1256 γοῦν
2910 1186 3085 1256 ἐαυτῷ
3112 1205 3195 1250 τις
3219 1186 3326 1239 τῶν
3343 1184 3689 1256 προφητῶν,

2087 1279 2136 1329 εἰ
2165 1275 2345 1346 ἔνοχος
2377 1276 2461 1343 εἴη
2492 1279 2607 1340 τοῖς
2636 1278 2853 1348 ἁμαρτή
2865 1293 3014 1346 μασι,
3046 1275 3209 1345 φησὶν
3249 1275 3372 1329 ἀντὶ
3403 1274 3690 1344 μεγίστου

2086 1365 2257 1418 κακοῦ
2309 1365 2580 1436 συμϐῆναι
2630 1365 2696 1419 ἂν
2730 1365 2878 1435 αὐτῷ
2909 1365 3005 1417 καὶ
3035 1365 3133 1434 τὴν
3180 1363 3436 1434 βιωτικὴν
3470 1362 3683 1428 δόξαν·

2085 1455 2231 1525 λέγει
2260 1457 2317 1510 δὲ
2351 1457 2492 1510 οὕτω
2515 1475 2528 1488 ο
2557 1458 2732 1524 Κύριε
2757 1460 2789 1510 ὀ
2815 1459 2958 1522 Θεός
2983 1473 3126 1525 μου,
3155 1458 3208 1508 εὶ
3232 1456 3504 1521 ἐποίησα
3545 1455 3688 1507 τοῦ·

2087 1565 2173 1611 το,
2212 1551 2262 1602 ει
2295 1548 2467 1602 ἔστιν
2499 1549 2700 1603 ἀδικία
2726 1549 2796 1601 ἑν
2820 1549 2999 1618 χερσί
3017 1564 3157 1616 μου,
3195 1551 3245 1601 εὶ
3271 1547 3687 1600 ἀνταπέδωκιι

423 1631 943 1701 sequaturinimicus
968 1633 1199 1684 animam
1229 1639 1463 1684 meamet
1498 1631 1897 1699 comprehendat
1936 1641 1981 1686 et

2097 1637 2210 1703 τοῖς
2237 1637 2707 1692 ἀνταποδιδοῦσί
2754 1655 2856 1707 μοι
2913 1637 3098 1700 κακὰ,
3135 1637 3502 1706 ἀποπέσοιμι
3566 1637 3686 1704 ἄρα

423 1723 686 1776 conculcet
724 1724 779 1776 in
807 1733 949 1776 terra
982 1725 1141 1776 vitam
1175 1738 1374 1788 meam,
1403 1733 1448 1776 et
1477 1724 1703 1792 gloriam
1731 1739 1900 1777 meam
1930 1725 1981 1777 in

2097 1727 2206 1780 tim)
2236 1726 2355 1780 τῶν
2383 1725 2610 1796 ἐχθρῶν
2653 1745 2770 1797 μου
2823 1729 2997 1794 κενός
3028 1727 3050 1779 !
3097 1725 3449 1791 καταδιώξαι
3478 1727 3614 1794 ἄρα
3654 1730 3684 1779 ὁ

424 1814 538 1867 loco
567 1815 708 1868 edito
727 1814 1026 1868 collocet“.
1060 1813 1162 1868 Sed
1201 1829 1375 1882 neque
1412 1814 1554 1868 istud
1601 1832 1613 1869 :
1651 1813 1734 1868 Ne
1767 1816 1981 1871 solliciti

2097 1817 2298 1886 ἐχθρὸς
2331 1794 2446 1886 τὴν
2469 1794 2681 1888 ’ψυχήν
2704 1837 2824 1888 μου
2853 1819 2951 1872 καὶ
2986 1819 3324 1884 καταλάϐοι,
3350 1818 3452 1872 καὶ
3479 1835 3682 1871 κατα-

422 1905 539 1959 sitis
565 1907 691 1974 quid
723 1907 1048 1959 manducetis
1076 1916 1165 1958 aut
1207 1907 1331 1976 quid
1357 1906 1562 1961 bibatis.
1605 1905 1866 1975 Respicite
1900 1924 1981 1960 vo-

2097 1910 2352 1976 πατῆσαι
2396 1913 2482 1976 εις
2511 1912 2629 1980 γῆν
2660 1911 2777 1979 τὴν
2812 1910 2964 1978 ζωήν
2997 1930 3152 1982 μου,
3189 1914 3284 1965 καὶ
3323 1913 3446 1979 τὴν
3475 1913 3688 1976 δόξαν

423 1999 602 2052 latilia
633 1999 748 2052 caeli
783 2009 873 2051 aut
899 1998 1225 2052 considerate
1256 2015 1455 2064 corvos,
1497 2001 1747 2067 quoniam
1783 2017 1887 2054 non
1912 2017 1981 2055 se-

2097 2019 2203 2067 ιιου
2243 2005 2328 2067 εἰς
2371 2002 2523 2070 χοῦν
2569 2001 2678 2072 (26)
2708 2002 3167 2069 κατασκηνώσαι
3198 2003 3218 2055 !
3260 2004 3400 2056 Ἀλλ’
3429 2005 3562 2056 οὐδὲ
3596 2005 3678 2067 τὺ,

423 2100 582 2149 runt.
617 2105 781 2159 neque
820 2097 1056 2156 metunt,
1100 2099 1146 2144 et
1186 2089 1350 2144 Pater
1381 2099 1547 2145 uester
1575 2090 1792 2145 caelestis
1819 2093 1981 2160 pascit

2097 2092 2184 2161 Μὴ
2200 2091 2517 2161 μεριμνᾶτε
2545 2094 2602 2146 τί
2621 2093 2867 2162 φάγητε,
2884 2093 2922 2162 ἢ
2943 2096 3000 2148 τί
3019 2095 3210 2162 πίητε.
3237 2095 3684 2161 Κατανοήσατε

422 2182 518 2235 illa
533 2182 598 2234 δ’.
633 2181 845 2246 Quanto
876 2181 1045 2250 magis
1077 2198 1165 2236 vos
1206 2182 1374 2251 pluris
1420 2183 1545 2237 estis
1580 2183 1981 2238 volatilibus“?

2097 2185 2159 2238 τὰ
2184 2183 2422 2238 πετεινὰ
2450 2185 2555 2238 τοῦ
2585 2185 2862 2252 οὐρανοῦ,
2891 2184 2929 2254 ἢ
2959 2186 3370 2251 κατανοήσατε
3396 2187 3550 2252 τοὺς
3582 2192 3682 2240 κέ-

422 2285 472 2326 et
519 2275 583 2327 de
609 2275 908 2329 vestimento
942 2276 1067 2346 quid
1103 2274 1319 2329 solliciti
1358 2275 1526 2329 estis?
1563 2277 1844 2345 recogitate
1871 2275 1981 2329 lilia

2097 2292 2291 2341 οακας,
2323 2275 2411 2328 ὅτι
2439 2277 2511 2329 οὺ
2537 2276 2928 2343 σπείρουσιν,
2959 2275 3101 2330 οὐδὲ
3127 2277 3458 2345 θερίζουσιο
3501 2279 3610 2330 καὶ
3648 2280 3682 2332 ὁ

421 2367 537 2434 agri
549 2365 617 2430 ⁸³,
651 2379 749 2419 nec
773 2381 893 2436 qua:
917 2375 1240 2434 sequuntur,
1274 2373 1574 2436 repugnant
1603 2365 1738 2434 legis
1765 2365 1981 2420 benedi-

2097 2367 2288 2436 Πατὴρ
2316 2366 2484 2438 ὑμῶν
2522 2372 2554 2422 ό
2587 2367 2867 2436 οὐράνιος
2899 2367 3095 2438 τρέφει
3133 2369 3285 2422 αὺτά
3318 2369 3457 2438 (27).
3492 2372 3678 2434 Πόσῳ

421 2458 717 2522 ctiouibus,
740 2473 861 2528 quas
891 2459 1088 2513 docent
1115 2457 1352 2511 futurum
1377 2471 1497 2510 esse
1529 2466 1585 2510 ut
1604 2456 1783 2523 iusws
1813 2473 1981 2510 conte-

2097 2458 2322 2524 μᾶλλον
2354 2460 2521 2529 ὑμεῖς
2543 2459 2848 2528 διαφέρετε
2884 2459 3003 2513 τῶν
3033 2460 3361 2521 aereo-(Br;
3398 2461 3500 2512 καὶ
3533 2462 3672 2527 περὶ

419 2552 509 2605 dat
553 2553 606 2604 in
632 2550 1001 2617 saturitate“;
1052 2561 1229 2617 neque
1280 2549 1368 2603 isti
1417 2547 1724 2602 Salomonis
1776 2547 1980 2602 ell’ato:

2097 2551 2413 2620 ἐνδύματος
2436 2552 2494 2604 τί
2511 2549 2824 2621 μεριμνᾶτε
2845 2566 2866 2616 ;
2885 2553 3248 2622 καταμάθετε
3267 2552 3340 2603 τὰ
3363 2553 3550 2620 κρίνα
3574 2551 3676 2605 τεῦ

421 2644 606 2699 Justus
635 2642 909 2697 comedens
933 2640 1092 2710 replet
1115 2641 1349 2694 animum
1383 2655 1559 2701 suam,
1587 2640 1779 2692 animm
1809 2648 1981 2691 autem

2097 2643 2269 2712 ἀποοῦ
2293 2682 2308 2707 ,
2342 2645 2436 2697 καὶ
2463 2642 2531 2696 τὰ
2563 2643 2721 2712 ἑξῆς,
2749 2643 2965 2697 ἐναντία
3007 2644 3123 2696 ἐστὶ
3151 2647 3269 2706 ταῖς
3304 2646 3364 2696 ὲν
3396 2643 3479 2712 τῷ
3518 2644 3676 2712 νόμῳ

417 2737 700 2804 impiorum
745 2734 1037 2804 indigentes
1056 2731 1119 2785 “.
1179 2729 1316 2785 Nam
1362 2715 1713 2785 conside-rare
1765 2736 1981 2797 oportet

2097 2734 2378 2803 εὐλογίαις,
2409 2735 2784 2798 διδασκούσαις
2803 2735 2894 2788 τὸν
2914 2734 3117 2788 δίκαιον
3147 2735 3399 2788 ἐσθίοντα
3431 2733 3677 2804 πληροῦ-

419 2828 598 2882 cibum
623 2827 820 2881 animae
847 2839 988 2889 esse,
1011 2838 1172 2892 quem
1216 2821 1404 2890 legalis
1432 2820 1737 2876 benedictio
1773 2819 1981 2886 signiti-

2097 2826 2242 2879 σθαι·
2279 2826 2373 2878 καὶ
2412 2825 2489 2896 τῷ
2530 2826 2635 2878 ὑπὸ
2672 2825 2766 2879 τοῦ
2799 2826 3141 2897 Σολομῶντος
3165 2825 3358 2879 τοῦτον
3388 2825 3674 2895 εἰρημένῳ

419 2927 508 2974 cat
533 2938 548 2974 :
577 2933 688 2988 quo
713 2918 838 2972 cibo
866 2931 971 2971 non
1005 2915 1260 2985 impletur
1292 2915 1457 2968 homo
1484 2927 1550 2966 ex
1590 2911 1792 2981 duplici
1827 2917 1981 2979 parte

2097 2917 2176 2969 τὸν
2193 2917 2392 2988 τρόπον
2411 2934 2424 2947 °
2449 2918 2680 2982 Δίκαιος
2698 2917 2918 2971 ἐσθίων
2934 2918 3197 2986 ἐμπίπλη
3206 2932 3269 2970 σι
3295 2915 3408 2983 (28)
3432 2914 3678 2984 ψυχὴν,

418 3020 696 3073 constans,
736 3009 830 3063 sed
865 3007 1044 3061 anima
1077 3005 1211 3060 sola.
1245 3006 1422 3060 Verba
1473 3013 1654 3057 autem
1701 3001 1981 3071 Evangelii

2097 3009 2273 3076 ψυχαὶ
2315 3007 2384 3060 δὲ
2420 3006 2652 3061 ἀσεϐῶν
2690 3007 2936 3074 ἐνδεεῖς.
2966 3008 3085 3079 Χρὴ
3116 3008 3224 3079 γὰρ
3256 3009 3392 3078 ὁρᾷν
3435 3008 3536 3078 τὴν
3571 3007 3676 3074 τῆς

417 3105 656 3158 fortasse
684 3101 939 3154 arcanius
969 3099 1096 3167 quid
1124 3099 1448 3163 continent;
1480 3096 1621 3150 forte
1651 3097 1817 3150 etiam
1850 3095 1981 3149 sim-

2097 3100 2261 3171 l’UXﬁG
2293 3099 2496 3169 τροφὴν
2521 3099 2858 3171 δηλουμένην
2889 3101 2947 3152 ὲν
2985 3102 3051 3169 τῇ
3079 3099 3223 3152 κατὰ
3255 3101 3348 3151 τὸν
3382 3098 3549 3168 νόμον
3577 3099 3672 3149 εὑ-

418 3196 633 3265 pliciter
687 3192 1003 3262 accipienda
1054 3199 1202 3253 sunt,
1256 3199 1314 3243 ut
1355 3190 1586 3244 doceant
1624 3187 1859 3240 animam
1913 3185 1981 3239 de

2097 3191 2244 3261 λογίᾳ
2268 3207 2281 3220 ⁸
2311 3188 2379 3261 ἦς
2407 3192 2505 3261 οὐχ
2535 3194 2563 3244 ὁ
2589 3190 2840 3255 σύνθετος
2863 3190 3163 3261 πληροῦται
3195 3188 3517 3260 ἀνθρωπθςν
3548 3189 3670 3240 ἀλλ’

496 903 586 958 24.
614 902 875 957 Humana:
917 917 1132 972 quoque
1168 901 1353 972 gloria:
1393 902 1808 971 aucupationent
1851 917 1987 956 con-

426 997 702 1051 tendimus
731 993 983 1050 interdici
1033 1009 1138 1048 non
1169 993 1343 1049 solum
1383 991 1508 1048 Jcsu
1559 993 1841 1059 doctrina,
1894 994 1987 1048 sed

425 1087 591 1142 etiam
651 1085 929 1156 Scriptura
983 1086 1178 1140 veteri.
1243 1087 1393 1141 Unde
1432 1102 1571 1141 unus
1623 1100 1653 1140 e
1709 1086 1989 1157 prophetis

427 1179 566 1235 mala
619 1179 725 1234 sibi
771 1180 1110 1249 imprecans,
1163 1179 1208 1232 si
1265 1186 1614 1247 peccatorum
1648 1188 1792 1233 esset
1824 1193 1984 1242 reus,

426 1270 648 1325 maximi
683 1268 804 1323 mali
837 1269 958 1323 loco
985 1269 1136 1337 ponit
1163 1268 1322 1334 hujus
1366 1269 1489 1322 vitae
1540 1267 1769 1338 gloriam
1821 1285 1834 1320 :
1884 1266 1986 1320 llo.

434 1361 574 1412 mine
599 1357 740 1412 Deus
773 1373 940 1424 meus,
979 1359 1177 1426 inquit,
1201 1361 1248 1412 si
1282 1358 1381 1427 feci
1410 1359 1550 1411 istud
1577 1399 1592 1423 ,
1619 1358 1663 1411 si
1686 1368 1762 1411 est
1794 1359 1988 1427 iniqui-

425 1461 505 1504 tas
538 1450 594 1503 in
625 1449 868 1502 manibus
894 1450 1056 1512 meis;-
1089 1449 1134 1502 εἰ
1176 1449 1381 1502 reddidi
1430 1448 1829 1502 retribucntibus
1860 1448 1987 1500 mihi

423 1543 588 1605 mala,
613 1543 852 1594 decidant
885 1543 1071 1595 merito
1111 1542 1174 1594 ab
1211 1542 1440 1594 inimicis
1475 1543 1602 1593 meis
1633 1542 1829 1594 inanis.
1862 1538 1988 1594 Per-

417 3289 541 3342 cibo
567 3299 619 3342 et
649 3285 981 3340 indumentis
1019 3296 1128 3336 non
1158 3283 1356 3336 debere
1389 3279 1730 3350 perturbari;
1762 3277 1856 3333 sed
1884 3292 1984 3346 pro

417 3389 572 3433 certo
602 3377 804 3433 habere
847 3375 1013 3428 Deum
1055 3374 1142 3427 his
1196 3373 1356 3427 rebus
1405 3371 1745 3440 provisurum
1772 3409 1788 3433 ,
1826 3369 1984 3422 dum-

416 3472 579 3525 modo
605 3469 940 3539 simplicitati
967 3467 1246 3522 studentes
1282 3481 1386 3521 nou
1417 3478 1726 3535 quaeramus
1755 3462 1858 3518 nisi
1884 3477 1980 3517 ne-

418 3578 570 3618 cessa
580 3565 679 3617 ria.

608 3830 876 3884 Prwterea
919 3827 1108 3882 Celsus
1137 3839 1202 3878 ex
1237 3822 1532 3892 Evangelio
1563 3819 1777 3890 profert
1809 3817 1978 3885 istud,

416 3925 461 3976 ei
494 3924 586 3994 qui
611 3919 766 3975 semel
797 3918 1071 3988 percussit,
1099 3915 1492 3984 percutiendum
1536 3929 1720 3967 rursus
1749 3911 1980 3982 prtebere

415 4031 470 4068 se
496 4024 751 4082 oportere,
782 4021 836 4064 at
858 4025 962 4064 non
987 4009 1223 4063 aﬂ‘ertex
1249 4008 1364 4078 lege
1389 4022 1510 4076 qua:
1538 4007 1716 4060 verbis
1750 4019 1986 4074 evanger

418 4106 541 4159 licis
592 4103 869 4159 contraria
905 4101 1179 4156 videntur.
1231 4098 1639 4168 Respondemus
1683 4097 1826 4152 scire
1885 4111 1983 4151 nos

421 4198 626 4250 dictum
661 4210 782 4250 esse
825 4193 1065 4262 antiquis
1088 4233 1102 4255 ,
1129 4189 1336 4246 oculum
1367 4207 1462 4257 pro
1497 4189 1646 4243 oculo
1693 4197 1742 4243 et
1777 4193 1981 4242 dentem

415 4305 509 4355 pro
528 4290 680 4341 dente
698 4287 764 4354 i’;
796 4286 994 4355 legisse
1022 4285 1189 4338 etiam
1231 4300 1244 4336 :
1275 4281 1389 4350 Ego
1431 4292 1605 4334 autem
1654 4282 1772 4333 dico
1812 4282 1979 4344 vobis,

417 4381 729 4450 percutienti
750 4391 797 4434 te
817 4379 979 4448 712
1001 4378 1052 4433 in
1079 4376 1373 4438 maxillam,
1395 4375 1567 4443 prwbe
1595 4386 1640 4429 et
1673 4373 1978 4429 alteram“.

2089 3283 2122 3351 ή
2152 3281 2297 3352 ψυχὴ
2333 3282 2487 3352 μόνη.
2536 3283 2668 3334 Ἀπὸ
2692 3281 2750 3334 δὲ
2774 3282 2867 3334 τοῦ
2895 3281 3228 3350 Εὑαγγελίου
3259 3273 3561 3350 λαμϐάνειν
3587 3279 3670 3332 δεῖ

2088 3374 2228 3444 τάχα
2253 3373 2354 3443 μέν
2384 3390 2436 3426 τι
2457 3373 2551 3426 καὶ
2581 3372 2892 3444 βαθύτερον,
2912 3374 3053 3442 τάχα
3079 3371 3138 3425 δέ
3168 3390 3222 3426 τι
3257 3373 3352 3424 καὶ
3374 3371 3670 3425 ἁπλούστεο
3713 3383 3722 3388 ·

2094 3480 2216 3534 ρον·
2267 3465 2349 3517 ὅτι
2399 3465 2502 3536 χρὴ
2541 3465 2614 3534 μὴ
2661 3463 2957 3529 ξενίζεσθαι
2985 3466 3103 3526 ταῖς
3138 3464 3267 3534 περὶ
3298 3463 3410 3517 τῶν
3449 3464 3668 3534 τροφῶν

2091 3556 2182 3609 καὶ
2209 3556 2518 3626 ἐνδυμάτων
2562 3555 2660 3626 τὴν
2687 3554 2862 3626 ψυχὴν
2897 3556 3208 3626 φροντίσιν·’
3389 3556 3668 3609 εὐτέλειαν

2089 3646 2358 3700 ἀσκοῦντα
2381 3687 2394 3712 ,
2432 3646 2719 3700 πεπεῖσθαι
2753 3647 2860 3700 ἀπὸ
2888 3647 2983 3699 τοῦ
3015 3646 3150 3699 Θεοῦ
3197 3647 3576 3717 προνοεῖσθαι,
3613 3648 3662 3698 εξ

2091 3738 2251 3807 μόνον
2277 3755 2361 3801 τις
2387 3737 2495 3790 τῶν
2517 3738 2829 3805 ἀναγκαίων
2858 3738 3149 3809 φροντίζοι.

2171 3827 2228 3881 '0
2291 3830 2387 3898 μὲν
2451 3824 2541 3882 οὖν
2604 3828 2828 3892 Κέλσος,
2897 3828 2969 3900 μὴ
3017 3827 3412 3899 ἀντιπαραθεὶς
3472 3829 3542 3882 τὰ
3575 3828 3661 3881 δο-

2088 3919 2286 3973 κοῦντα
2317 3920 2533 3972 ἐναντία
2566 3919 2674 3972 ἀπὸ
2722 3919 2816 3972 τοῦ
2850 3921 3011 3990 νόμου
3045 3923 3157 3982 τοῖς
3200 3920 3309 3972 ἀπὸ
3343 3919 3442 3972 τοῦ
3491 3921 3665 3988 Εὐαγ-

2087 4010 2286 4078 γελίου,
2319 4011 2451 4081 φησὶ
2475 4010 2568 4063 καὶ
2599 4011 2678 4072 τὸ,
2711 4029 2728 4061 ι
2762 4011 2851 4082 Τῷ
2881 4011 2926 4063 δ’
2960 4010 3102 4076 ἅπαξ
3133 4011 3472 4080 τυπτήσαντι
3499 4012 3664 4083 παι-ἑο

2088 4123 2202 4176 χειν
2235 4107 2326 4158 καὶ
2359 4101 2513 4166 αὖθις
2537 4103 2790 4157 τύπτειν
2830 4124 2848 4154 ι
2878 4107 3037 4174 ἡμεῖς
3066 4103 3109 4155 δ’
3150 4101 3386 4173 ἐροῦμεν
3412 4143 3428 4166 ,
3463 4103 3660 4156 εἰδέναι

2091 4199 2190 4268 μὲν
2221 4198 2312 4249 καὶ
2333 4197 2410 4261 τδ,
2444 4197 2753 4266 ὀφθαλμὸν
2778 4197 2911 4250 ἀντὶ
2942 4195 3274 4264 ὀφθαλμοῦ,
3311 4194 3413 4246 καὶ
3449 4194 3658 4247 ὀδόντα

2087 4289 2220 4343 ἀντὶ
2247 4288 2509 4354 ὀδόντος,
2533 4288 2817 4358 εἰρημένον
2838 4288 2948 4350 τοῖς
2981 4286 3143 4338 πάλαι
3169 4303 3180 4316 ·
3216 4285 3582 4354 ἀνεγνωκέναι
3603 4285 3657 4336 δὲ

2088 4383 2182 4434 καὶ
2203 4384 2284 4444 τὸ,
2322 4380 2469 4449 Ἐγὼ
2494 4380 2726 4449 δὲλέγω
2743 4379 2902 4449 ὑμῖν·
2927 4377 3005 4444 τῷ
3033 4379 3318 4432 τύπτοντί
3338 4395 3416 4432 σε
3447 4381 3536 4443 είς
3551 4379 3658 4442 τὴν

417 4473 686 4538 Quoniam
741 4487 866 4526 vero
895 4472 1084 4526 Celsus
1113 4471 1248 4534 haec,
1301 4478 1358 4522 ut
1385 4469 1600 4538 opinor,
1649 4469 1861 4538 accepit
1913 4469 1980 4521 ab

2097 4477 2340 4542 σιαγόνα
2364 4512 2378 4536 ,
2421 4471 2640 4539 παρέχε
2670 4472 2779 4540 (29)
2833 4470 2930 4523 καὶ
2958 4475 3070 4538 τὴν
3100 4470 3316 4537 ἄλλην.
3369 4470 3511 4522 Ἀλλ’
3545 4470 3656 4520 ἐπεὶ

418 4566 508 4630 iis,
552 4565 643 4634 qui
695 4565 859 4621 alium
916 4564 1237 4633 Evangelii,
1286 4565 1450 4619 alium
1482 4564 1618 4631 legis
1659 4562 1826 4616 Deum
1857 4577 1979 4616 esse

418 4656 634 4722 docent,
663 4657 738 4710 illi
777 4658 1208 4724 respondendum
1249 4668 1333 4712 est
1362 4657 1641 4711 veteribus
1675 4653 1982 4722 Scripturis

418 4762 524 4801 non
561 4750 803 4818 ignotum
831 4764 957 4804 esse
985 4749 1126 4803 istud
1162 4769 1175 4804 :
1215 4749 1543 4804 Percutienti
1594 4759 1642 4801 te
1673 4748 1742 4800 in
1790 4745 1983 4799 maxil-

416 4840 523 4893 lam
553 4841 811 4904 dextram,
835 4841 1004 4908 prtebe
1025 4851 1072 4894 et
1107 4841 1348 4894 alteram.
1369 4840 1458 4894 Sic
1473 4838 1616 4894 enim
1648 4839 1699 4891 in
1733 4836 1982 4890 Jeremim
2033 4879 2039 4891 .

418 4929 920 4987 Lamentationibus
953 4949 967 4985 :
994 4930 1196 4986 Bonum
1237 4943 1309 4986 est
1358 4933 1465 4986 viro
1487 4971 1502 4998 ,
1529 4947 1644 4984 cum
1695 4929 1981 5000 portaverit

488 5094 533 5126 ιο
568 5095 582 5146 I
612 5094 736 5149 Cor.
781 5110 876 5157 xu,
910 5095 964 5152 8.

418 5161 463 5195 ⁸³
486 5163 660 5218 Levit.
694 5179 840 5231 xxvr,
873 5164 927 5219 5.

1069 5094 1110 5126 “
1136 5093 1277 5148 Psal.
1316 5109 1408 5152 vn.
1441 5093 1495 5154 4,
1525 5093 1578 5156 5,
1607 5093 1658 5145 6.

1002 5164 1048 5196 ⁸⁸
1067 5163 1224 5218 Prov.
1258 5181 1373 5230 xm,
1406 5164 1496 5218 25.

486 5324 598 5396 (25)
633 5326 812 5381 Codex
845 5325 1066 5397 Regius,
1096 5325 1276 5397 μόνον.
1305 5324 1461 5381 Libb.
1496 5335 1657 5380 antea
1685 5325 1837 5390 editi,
1880 5325 1980 5396 μό-

417 5413 806 5534 νοὶξέϐυίοῦν.
842 5466 884 5519 Ε
937 5465 1366 5535 ριέεεειιεηιὶιηιε
1419 5475 1642 5534 apparet
1685 5463 1974 5534 Origenem

418 5537 536 5605 haec
569 5537 651 5591 sic
679 5537 956 5605 accepisse
994 5537 1153 5604 quasi
1185 5539 1444 5604 propheta
1478 5537 1658 5590 dicere
1685 5535 1973 5605 voluisset:

419 5601 657 5658 Gloriam
681 5601 846 5658 meam
872 5606 930 5658 in
949 5601 1305 5667 tumulo,—sive
1328 5607 1380 5660 in
1416 5605 1528 5658 loco
1567 5607 1706 5658 edito
1735 5604 1972 5665 collucet,

418 5691 531 5728 eam
554 5676 810 5729 illustrem
843 5686 887 5727 et
912 5677 1243 5744 cottspiCttant
1270 5675 1748 5744 reddut.i(lmterum
1777 5689 1874 5744 pro
1896 5676 1976 5737 ei;

418 5745 570 5816 χοῦν,
596 5747 806 5816 vulgata
842 5743 1007 5800 Biblia
1037 5743 1235 5800 habent
1266 5746 1345 5808 et;
1379 5743 1555 5815 χνοῦν.

1755 5092 1800 5123 δ’
1831 5091 2021 5144 Matth.
2075 5107 2150 5157 νι,
2196 5091 2286 5152 25.
2332 5090 2422 5144 26.

1606 5163 1646 5194 ⁵⁷
1677 5161 1844 5216 Exod.
1879 5178 1993 5226 χιιι,
2019 5161 2110 5216 24.

2090 4563 2442 4633 περιηχηοεὶς
2462 4603 2475 4624 ,
2502 4558 2654 4633 οἶμαι
2678 4602 2693 4626 ,
2727 4564 2755 4614 ὁ
2784 4560 2987 4624 Κέλσος
3019 4561 3125 4614 ἀπὸ
3167 4561 3274 4614 τῶν
3308 4560 3654 4632 διαιρούντων

2086 4656 2183 4726 τὴν
2203 4655 2343 4707 κατὰ
2366 4655 2426 4706 τὸ
2452 4654 2778 4722 Εὐαγγέλιω
2807 4651 3054 4722 θεότητα,
3073 4653 3136 4704 ὲκ
3160 4653 3259 4722 τῆς
3285 4652 3523 4722 νομικῆς
3539 4651 3656 4704 Θεό-

2087 4764 2249 4816 τητος
2276 4747 2342 4800 τὰ
2374 4745 2597 4799 τοιαῦτα
2620 4745 2824 4816 τίθησιο
2858 4743 3076 4797 λεκτέον
3110 4746 3243 4816 πρὸς
3271 4744 3547 4812 τὸνλόγον
3568 4744 3654 4796 αὖ·

2088 4839 2216 4904 τοῦ,
2266 4841 2345 4892 ὅτι
2386 4837 2492 4893 οἶδε
2538 4839 2632 4892 καὶ
2674 4837 2744 4891 τὰ
2793 4837 2994 4890 παλαιὰ
3042 4836 3386 4908 γράμματαο
3430 4835 3518 4900 Τῷ
3565 4835 3654 4888 τύ-

2091 4930 2299 4983 πτοντι
2323 4946 2396 4984 σε
2418 4932 2505 4996 εὶς
2532 4928 2647 4997 τὴν
2666 4927 2870 4993 δεξιὰν
2895 4928 3146 4998 σιαγόνα
3170 4925 3397 4994 πάρεχε
3425 4927 3522 4980 καὶ
3552 4924 3652 4992 τὴν

2533 5090 2738 5146 “Luc.
2795 5105 2896 5152 xu,
2941 5087 3033 5141 24.
3136 5086 3185 5117 “
3211 5085 3404 5141 Matth.
3440 5103 3516 5150 vr,
3565 5085 3644 5142 9.8.

2209 5162 2255 5193 ‘8
2281 5161 2475 5217 Matth.
2504 5177 2558 5228 ν,
2582 5161 2672 5226 59,
2715 5171 2773 5214 et
2803 5158 2936 5213 Luc.
2966 5173 3041 5223 γι,
3066 5156 3156 5212 29.

2128 5325 2267 5413 ’(Ξξῖ)
2306 5324 2641 5381 Ιιωεςιιειίιιε
2673 5323 2730 5378 in
2759 5333 2902 5380 textu
2920 5331 2973 5377 et
2999 5335 3157 5387 mss.,
3177 5317 3338 5372 αὑτά.
3367 5318 3647 5389 Spencer.,

2082 5413 2516 5548 αυξὲἔῖἷιιιεθιιι
2547 5463 2740 5548 Βίιίιίο,
2777 5460 3175 5548 ἐμπίμπλαται.

2152 5468 2266 5608 ἓὲδ)
2292 5468 2516 5533 Vulgata
2547 5468 2740 5527 Biltlia,
2777 5468 3175 5548 ἐμπίμπλαται.
3484 5533 3497 5545 ,

2177 5537 2260 5607 29)
2303 5535 2423 5602 Τὴν
2455 5534 2981 5608 σιαγόνα-παρεχε.
3028 5533 3102 5586 ita
3153 5531 3312 5608 codd.
3368 5532 3562 5600 Regius
3587 5541 3638 5608 et

2080 5601 2428 5660 Balsileensis.
2478 5601 3020 5660 l-loescheliusautem
3077 5612 3134 5659 et
3185 5602 3517 5672 Spencerus,
3556 5601 3637 5657 τὸν

2080 5678 2301 5744 σιαγόνα
2329 5676 2606 5747 παρέχειν.
