3846 6406
169 420 286 476 1437

1334 405 1610 464 CONTRA
1643 403 1917 462 CELSUM
1948 401 2072 457 LIB.
2101 400 2211 457 Vll.
2299 351 2305 356 .

3231 393 3370 450 ιιδδ

164 536 352 602 ἄλλην.
399 531 482 584 Ἐν
512 527 640 597 γοῦν
672 528 785 590 τοῖς
819 527 1080 599 Ἰερεμίου
1107 528 1337 601 Θρήνοις
1371 526 1700 595 γέγραπται·

1811 521 1993 589 iugum
2019 519 2080 570 ab
2106 515 2460 570 adolescentia
2487 528 2604 567 sua.
2643 508 2854 566 Sedebit
2895 505 3166 562 solitarius
3211 514 3258 559 et
3295 517 3373 559 ta-

177 623 381 694 Ἀγαθὸν
395 619 584 686 ἀνδρὶ,
615 618 760 672 ὅταν
783 616 897 686 ἄρῃ
916 616 1092 686 ζυγὸν
1111 619 1182 670 ἐν
1210 617 1440 678 νεότητι
1464 614 1575 684 (50)
1595 616 1699 667 αὺ-

163 719 266 772 τοῦ.
295 715 616 779 Καθήσεται
651 711 1008 780 καταμόνας,
1039 709 1137 764 καὶ
1173 706 1575 772 σιωπήσεται,
1609 704 1699 758 ὅτι

161 806 280 878 ἦρεν
296 807 380 875 ἐφ’
406 803 592 868 ἐαυτῷ
609 820 622 833 ·
650 802 830 857 δώσει
859 801 938 868 τῷ
957 801 1192 854 παίοντι
1215 798 1401 854 αὐτὸν
1419 799 1695 867 σιαγόνα,

162 900 240 953 καί
259 896 713 967 χορτασθήσεται
735 891 1104 962 ὀνειδισμῶν.
1140 893 1254 944 Οὐκ
1287 889 1693 944 ἀντιδιατάσσε-

159 1007 229 1042 ται
256 987 377 1041 Θεοῦ
399 987 457 1040 τὸ
488 985 814 1055 Εὐαγγέλιον
841 984 949 1056 (51)
973 983 1049 1055 τῷ
1068 983 1162 1036 τοῦ
1208 981 1378 1052 νόμου
1403 979 1540 1049 Θεῷ,
1576 977 1696 1032 οὐδὲ

162 1080 264 1150 περὶ
296 1079 387 1148 τῆς
419 1075 556 1130 κατὰ
588 1076 650 1129 τὸ
685 1077 845 1147 ῥητὸν
877 1075 1015 1129 κατὰ
1053 1073 1260 1144 κόρρης
1295 1071 1512 1140 πληγῆς
1537 1085 1550 1099 α
1589 1067 1696 1120 οὐδ’

157 1171 382 1240 ὁπότερος
403 1167 655 1237 ψεύδεται
683 1165 804 1220 οὗτε
838 1165 1096 1236 Μωῦσῆς,
1131 1163 1252 1217 οὔτε
1307 1160 1513 1231 Ἰησοῦς
1536 1175 1551 1191 ο
1589 1159 1695 1212 οὐδ’

155 1258 425 1329 ὁΠατὴρ,
475 1258 566 1310 τὸν
627 1257 832 1328 Ἰησοῦν
903 1255 1171 1326 πέμπων,
1229 1250 1519 1305 ἐπελάθετο
1577 1249 1699 1302 τίνα

1806 609 1960 671 cebit,
2008 608 2131 676 quia
2178 603 2360 658 levavit
2412 616 2568 668 super
2617 614 2692 652 se.
2737 595 2899 649 Dabit.
2953 591 3262 659 percutienti
3317 605 3373 643 se

1804 697 2078 754 maxillam
2131 706 2178 750 et
2225 691 2557 748 saturabitur
2604 683 2997 756 opprobriis‘a’.
3053 681 3168 736 Non
3206 680 3374 749 igitur

1805 788 2079 857 Evangelii
2117 787 2258 842 Deus
2285 801 2407 838 cum
2458 785 2568 840 Deo
2613 781 2748 849 legis
2794 784 3020 847 pugnat,
3056 788 3122 827 ne
3151 773 3368 840 quidem

1802 883 1868 936 de
1898 881 2131 934 maxillae
2165 877 2538 946 percussione.
2577 871 2764 939 Neque
2807 869 3076 922 alteruter
3112 862 3372 917 mentitur

1807 973 2018 1043 Moyses
2045 979 2140 1025 aut
2167 969 2347 1031 Jesus,
2387 981 2560 1035 neque
2585 963 2750 1016 Pater
2783 961 3003 1014 mittens
3025 955 3208 1010 Iesum
3231 951 3372 1005 obli-

1807 1040 2094 1116 tus't'uerat
2118 1075 2239 1128 quae
2272 1057 2440 1128 Moysi
2469 1054 2782 1108 mandasset
2811 1065 2826 1104 :
2868 1049 2961 1104 sed
2999 1059 3174 1114 neque
3194 1040 3370 1111 pinni-

1805 1154 1975 1208 tentia
2011 1154 2206 1206 ductus
2230 1149 2481 1220 proprias
2507 1147 2653 1218 leges
2685 1141 3004 1204 damnavit,
3042 1152 3219 1206 neque
3245 1149 3374 1188 nun-

1805 1248 1941 1300 tium
1979 1244 2254 1298 contraria
2287 1249 2686 1311 praecepturum
2716 1234 2899 1289 mittit.

155 1317 831 1422 Blwﬁoﬁ'.6terdtﬁaro"&lit’
875 1317 992 1402 οὐδέ
1019 1349 1320 1428 καταγνοὺς
1348 1344 1455 1399 τῶν
1508 1344 1649 1397 ἰδίων
1701 1341 1881 1412 νόμων
1935 1338 2210 1410 μετέγνω,
2268 1337 2363 1390 καὶ
2410 1335 2499 1387 τὸν
2535 1330 2764 1400 ἄγγελον
2815 1327 2906 1380 ἐτι)⁸
2947 1327 3058 1386 τοῖς
3115 1317 3375 1379 ἐναντίοις

154 1444 456 1497 ἀποστέλλει.

213 1540 267 1591 Ei
325 1537 380 1588 δὲ
424 1538 528 1608 χρὴ
571 1537 672 1590 κᾶν
711 1537 864 1604 ὀλίγα
926 1539 1053 1608 περὶ
1111 1537 1208 1607 τῆς
1254 1536 1509 1606 διαφόρου
1545 1532 1694 1585 πολι-

157 1629 278 1692 τείας
317 1631 507 1690 εἰπεῖν,
536 1628 726 1697 ἥντινα
768 1627 1009 1679 Ἰουδαῖοι
1048 1626 1189 1680 κατὰ
1227 1627 1462 1680 Μωϋσέα
1499 1625 1694 1694 πρότε-

159 1736 232 1792 ρον
259 1718 613 1771 ἐπολιτεύοντο
634 1758 648 1782 ,
684 1719 778 1770 καὶ
813 1721 878 1785 ἢν
918 1718 1234 1787 Χριστιανοὶ
1276 1715 1372 1769 νῦν
1422 1714 1563 1768 κατὰ
1598 1713 1697 1784 τὴν

168 1809 313 1878 Ἰησοῦ
348 1809 689 1863 διδασκαλίαν
744 1808 1019 1878 βούλονται
1063 1806 1358 1877 κατορθοῦν
1383 1825 1395 1836 ·
1432 1807 1695 1875 φήσομεν,

1874 1524 1970 1581 26.
1992 1522 2112 1578 Jain
2135 1521 2180 1574 si
2207 1519 2396 1590 paucis
2425 1516 2715 1572 dicendum
2739 1521 2821 1565 est
2857 1509 2922 1563 de
2960 1505 3260 1564 diﬂ‘erentia
3296 1504 3374 1558 le—

1804 1633 1930 1688 gum
1959 1628 2094 1684 quas
2116 1612 2285 1668 Judaei
2319 1626 2347 1665 a
2375 1610 2558 1680 Moyse
2585 1608 2740 1661 datas
2758 1606 2912 1675 prius
2943 1601 3112 1658 secuti
3145 1605 3290 1662 sunt,
3314 1605 3372 1650 et

1805 1722 1996 1762 earum
2025 1719 2162 1774 quas
2187 1718 2328 1757 nunc
2357 1700 2652 1756 Christiani
2679 1715 2706 1753 a
2737 1699 2863 1754 Jesu
2889 1695 3067 1751 edocti
3092 1693 3244 1760 sequi
3276 1703 3372 1743 vo-

1807 1802 1956 1864 lunt;
1991 1799 2232 1853 dicemus
2273 1808 2448 1862 neque
2487 1792 2739 1862 gentibus
2777 1791 2845 1844 ad
2879 1788 3039 1843 [idem
3073 1781 3285 1838 vocatis
3316 1787 3372 1833 et

155 1902 222 1957 ὅτι
271 1901 383 1954 οὔτε
428 1904 493 1972 τῇ
551 1901 742 1970 κλήσει
795 1899 903 1952 τῶν
958 1899 1126 1952 ἐθνῶν
1171 1898 1378 1969 ἥρμοζε
1429 1895 1568 1949 κατὰ
1608 1896 1698 1948 τὸν

1811 1891 2174 1946 Romanorum
2195 1884 2415 1940 dictioni
2439 1882 2701 1951 subjectis
2722 1875 3182 1934 accommodatam
3205 1870 3376 1924 fuisse

156 1992 424 2056 Μωῦσέως,
461 1994 538 2056 ὼς
588 1993 723 2064 πρὸς
770 1993 832 2045 τὸ
889 1993 1156 2063 γράμμα,
1198 1988 1574 2043 πολιτεύεσθαι
1611 1989 1698 2042 νό-

159 2099 270 2150 μον,
307 2084 407 2136 ὑπὸ
452 2084 750 2155 Ῥωμαίοις
790 2084 1134 2154 τεταγμένων
1159 2101 1171 2112 ’
1213 2081 1336 2136 οὔτε
1372 2084 1485 2143 τοῖς
1535 2079 1701 2133 πάλαι

166 2173 407 2237 Ἰουδαίοις
438 2169 547 2228 οἷόν
574 2174 622 2226 τ’
650 2171 806 2245 ἦνιτὺ
839 2174 1088 2244 σύστημα
1115 2173 1212 2244 τῆς
1250 2169 1523 2233 πολιτείας
1557 2169 1700 2238 ἔχειν

156 2265 500 2337 ἁκαθαίρετον,
541 2267 590 2318 εί
629 2265 749 2318 καθ’
791 2265 1045 2319 ὑπόθεσιν
1081 2267 1146 2334 τῇ
1186 2264 1324 2316 κατὰ
1359 2262 1418 2315 τὸ
1454 2259 1700 2329 Εὐαγγέ-

155 2354 248 2408 λιον
282 2356 516 2427 πολιτείᾳ
567 2356 879 2409 ἐπείθοντο·
922 2357 1199 2428 ἀναιρέσει
1242 2355 1339 2424 μὲν
1377 2353 1485 2423 γὰρ
1538 2349 1701 2404 πολε-

158 2446 274 2514 μίων
298 2485 312 2509 ,
349 2447 379 2516 ἢ
431 2447 537 2498 τῶν
593 2447 741 2518 παρὰ
779 2447 868 2500 τὸν
907 2447 1069 2517 νόμον
1106 2446 1245 2515 (52)
1283 2443 1660 2513 πεποιηκότων
1685 2482 1700 2510 ,

155 2539 234 2589 καὶ
267 2536 419 2601 ἀξίων
459 2538 752 2610 κριθέντων
789 2538 887 2608 τῆς
927 2538 1014 2591 διὰ
1053 2537 1299 2609 πυρὸς,ῆ
1349 2534 1510 2587 λίθων
1550 2535 1701 2588 ἀναι-

157 2627 332 2697 ρέσεως
355 2670 368 2694 ,
406 2631 504 2700 οὐχ
558 2625 668 2683 οἷόν
701 2631 747 2682 τ’
785 2626 852 2700 ἦν
898 2630 1252 2702 Χριστιανοὺς
1291 2626 1522 2698 χρῆσθαι
1561 2623 1702 2678 κατὰ

155 2717 232 2770 τὸν
266 2720 534 2782 Μωῦσέως
572 2720 767 2790 νόμον
810 2719 864 2772 εί
891 2737 955 2787 γε
993 2719 1102 2772 οὐδ’
1141 2720 1188 2770 οἱ
1234 2717 1474 2769 Ἰουδαῖοι
1525 2714 1704 2767 θέλον-

153 2821 230 2868 τες
275 2809 384 2860 κατ’
423 2811 630 2864 ἐκεῖνον
669 2809 778 2880 (55)
817 2809 1068 2862 δύνανται
1119 2807 1324 2871 ταῦτα,
1362 2805 1437 2870 ὡς
1475 2808 1503 2858 ὁ
1541 2805 1704 2874 νόμος

154 2899 494 2966 προσέταξεν,
548 2899 835 2953 ἐπιτελεῖν.
891 2898 1058 2952 Πάλιν
1111 2915 1170 2950 τε
1220 2893 1321 2961 αὖ,
1362 2896 1456 2950 ἐὰν
1507 2895 1704 2967 ἀνέλῃς

155 2991 245 3043 ἀπὸ
276 2991 375 3044 τῶν
396 2993 515 3044 τότε
541 2991 831 3053 Ἰουδαίων,
868 2989 1120 3060 σύστημα
1147 2989 1274 3042 ἴδιον
1299 2988 1575 3051 πολιτείας
1607 2987 1702 3041 καὶ

153 3080 314 3151 χώρας
347 3080 575 3150 ἐχόντων
604 3119 618 3144 ,
659 3080 722 3132 τὸ
764 3079 1034 3145 ἐπεξιέναι
1085 3082 1197 3141 τοῖς
1241 3077 1516 3147 πολεμίοις
1542 3118 1557 3141 ,
1606 3078 1701 3130 καὶ

155 3170 518 3242 στρατεύεσθαι
551 3169 662 3240 (54)
704 3171 843 3240 ὑπὲρ
871 3169 978 3222 τῶν
1009 3168 1250 3240 πατρίων
1274 3209 1288 3232 ,
1322 3170 1417 3221 καὶ
1462 3169 1704 3240 ἀναιρεῖν

1803 1980 2095 2034 lilosaicam
2132 1977 2302 2047 legem
2353 1974 2517 2028 obvio
2563 1986 2724 2027 sensu
2771 1967 3144 2030 intellectam;
3199 1974 3374 2030 neque

1805 2071 1924 2126 tieri
1960 2069 2220 2137 potuisse,
2255 2075 2312 2120 ut
2344 2073 2560 2120 veteres
2605 2061 2779 2119 Judaei
2821 2061 3089 2126 integram
3125 2067 3237 2107 suae
3267 2050 3376 2104 rei-

1803 2161 2034 2232 publicae
2061 2159 2506 2212 constitutionem
2542 2160 2860 2213 scrvarent,
2908 2146 3088 2218 posito
3118 2157 3212 2197 eos
3237 2141 3376 2209 legi-

1803 2255 1905 2308 bus
1930 2249 2261 2320 evangelicis
2285 2249 2650 2302 obsecuturos
2674 2256 2813 2298 esse.
2841 2238 3026 2307 Neque
3052 2234 3200 2290 enim
3221 2231 3378 2291 Chri-

1805 2343 1967 2398 stiani
1998 2341 2322 2411 potuissent,
2365 2345 2426 2391 ut
2465 2336 2550 2390 lex
2586 2334 2821 2388 Mosaica
2871 2328 3140 2398 praecipit,
3191 2326 3377 2379 hostes

1807 2433 2118 2492 interﬁcere
2146 2432 2393 2500 legisque
2419 2427 2717 2482 violatores
2745 2424 2873 2492 igne
2915 2420 3242 2474 comburere
3284 2425 3379 2465 aut

1805 2526 2074 2594 lapidibus
2102 2522 2362 2586 obruere,
2405 2526 2564 2590 prout
2615 2517 2882 2572 alterutro
2915 2510 3180 2583 supplicio
3223 2506 3378 2576 digni

1799 2617 2026 2687 judicati
2050 2616 2313 2678 fuissent;
2346 2610 2616 2680 siquidem
2649 2621 2747 2663 nec
2783 2602 2985 2660 Judaeis
3021 2600 3106 2653 vel
3139 2596 3375 2652 volenti-

1806 2710 1907 2762 bus
1934 2708 2084 2770 haec,
2141 2714 2201 2758 ut
2233 2703 2318 2757 lex
2369 2699 2674 2761 constituit,
2731 2694 2955 2762 exsequi
3007 2704 3152 2745 nunc
3190 2688 3372 2742 liceat.

1806 2799 2018 2853 Rursus
2047 2797 2090 2850 si
2127 2795 2403 2850 veteribus
2427 2789 2627 2845 Judzeis
2663 2787 2757 2856 qui
2798 2783 3040 2854 privatas
3088 2779 3234 2847 leges
3275 2775 3376 2828 ha-

1806 2894 2010 2947 bebant
2042 2891 2388 2960 privatasque
2419 2882 2731 2940 incolebant
2757 2876 3006 2946 regiones
3030 2912 3045 2938 ,
3087 2873 3141 2926 in
3185 2870 3374 2922 hostes

1810 2982 2043 3038 faciendi
2077 2979 2515 3049 impressionem,
2544 2971 2743 3027 bellum
2785 2965 3007 3038 gerendi
3045 2977 3141 3034 pro
3171 2960 3374 3031 patria,

1807 3086 1901 3128 aut
1934 3071 2177 3142 quolibet
2224 3068 2385 3123 modo
2413 3064 2691 3120 adulteros
2716 3099 2732 3126 ,
2763 3057 3069 3114 homicidas
3116 3062 3206 3107 aut
3243 3051 3375 3120 quid

1807 3166 1954 3220 aliud
1985 3163 2161 3218 simile
2187 3167 2565 3231 perpetrantes
2591 3150 2857 3222 supplicio
2893 3146 3164 3202 alliciendi
3208 3145 3375 3199 liber-

152 3261 467 3331 ῆὸτὶώσποτε
494 3261 744 3326 κολάζειν
773 3263 898 3325 τοὺς
926 3261 1112 3331 μοιχεύ
1123 3260 1390 3330 σαντας,ἤ
1415 3259 1702 3328 φονεύσαν-

1814 3268 1897 3313 tas
1924 3256 2103 3311 ablata
2135 3253 2354 3316 fuisset;
2383 3248 2518 3303 nihil
2549 3246 2818 3314 reliquum
2858 3251 2976 3296 erat
3006 3253 3167 3309 quam
3193 3237 3376 3290 subito

151 3367 251 3416 τας,
289 3353 398 3423 ήτι
424 3352 534 3406 τῶν
568 3353 829 3416 τοιούτοις
861 3351 1254 3422 παραπλησίων
1303 3349 1701 3420 πεποιηκότας·

150 3442 284 3496 οὐδὲν
310 3443 550 3498 λείπεται
586 3445 620 3516 ἢ
661 3444 722 3497 τὸ
769 3443 938 3515 ἄρδην
979 3443 1176 3506 αὐτοὺς
1225 3442 1452 3512 ἀθρόους
1495 3440 1705 3513 ἁθρόως

149 3533 448 3602 ἀπολέσθαι,
486 3535 876 3606 ἐπιτιθεμένων
906 3535 1015 3588 τῶν
1048 3535 1318 3604 πολεμίων
1341 3532 1418 3604 τῷ
1443 3533 1604 3596 ἔθνει,
1630 3532 1705 3594 ὡς

151 3626 242 3679 ὑπὸ
270 3627 359 3680 τοῦ
390 3627 519 3688 ἰδίου
553 3627 718 3698 νόμου
749 3626 1262 3710 ἐκνενευρισμένων,
1302 3627 1397 3678 καὶ
1424 3621 1705 3694 κωλυομέ-

149 3732 241 3780 νων
274 3716 376 3787 (55)
415 3715 720 3787 ἀμύνεσθαι
751 3707 878 3778 τοὺς
919 3707 1231 3785 πολεμίους.
1267 3714 1378 3767 Καὶ
1414 3712 1488 3783 μὴ
1522 3711 1706 3782 βουλοκ

154 3806 273 3875 μένιι
317 3825 378 3876 γε
408 3810 440 3879 ἡ
482 3807 650 3860 πάλαι
702 3807 800 3876 μὲν
834 3807 922 3859 τὸν
955 3806 1118 3876 νόμον
1151 3805 1415 3858 δεδωκυῖα
1449 3803 1703 3874 Πρόνοια,

150 3897 232 3950 νῦν
268 3898 321 3950 δὲ
365 3899 540 3970 Ἰησοῦ
585 3897 820 3968 Χριστοῦ
865 3897 1232 3966 Εὑαγγέλιον,
1263 3897 1484 3969 κρατεῖν
1516 3895 1597 3947 ἐτι
1638 3893 1705 3946 τὰ

161 3987 426 4053 Ἰουδαίων,
466 3987 710 4041 καθεῖλεν
738 3987 916 4047 αὐτῶν
948 3986 1045 4059 τὴν
1085 3985 1239 4038 πόλιν
1259 4024 1274 4048 ,
1311 3985 1404 4036 καὶ
1438 3982 1526 4034 τὸν
1555 3981 1703 4046 ναὸν,

150 4078 231 4129 καὶ
257 4079 353 4150 τὴν
381 4077 530 4150 παρὰ
556 4077 634 4160 τῷ
654 4076 764 4148 ναῷ
785 4076 872 4130 διὰ
900 4075 1098 4129 θυσιῶν
1117 4077 1210 4128 καὶ
1230 4074 1329 4144 τῆς
1350 4075 1705 4144 ἀναγεγραμ-

153 4171 301 4243 μένης
325 4173 579 4245 λατρείας
599 4173 893 4245 θεραπείαν
914 4172 1009 4225 τοῦ
1025 4171 1181 4224 Θεοῦ.
1211 4171 1420 4241 ’Ὠσπερ
1439 4170 1481 4223 δ’
1503 4173 1704 4234 ἐκεῖνα,

153 4262 218 4333 μὴ
245 4265 533 4336 βουλομένη
563 4264 924 4318 ἐπιτελεῖσθαι
955 4264 1065 4328 ἔτι,
1104 4262 1320 4317 καθεῖλε
1341 4279 1354 4292 ·
1387 4262 1476 4314 τὸν
1508 4262 1708 4332 τρόπον

149 4355 228 4408 τὸν
264 4358 419 4411 αὑτὸν
456 4356 524 4410 τὰ
575 4358 910 4427 Χριστιανῶν
948 4354 1153 4427 ηὔξησε
1189 4355 1283 4407 καὶ
1323 4352 1593 4424 ὁσημέραι
1630 4354 1710 4416 είς

150 4446 368 4516 πλῆθος,
395 4448 498 4519 ἠδη
536 4445 592 4500 δὲ
633 4447 726 4499 καὶ
758 4446 1066 4520 παρρησίαν
1098 4445 1392 4505 ἐπιδέδωκε
1416 4461 1428 4472 ·
1467 4444 1708 4511 καίτοιγε

152 4543 339 4612 μυρίων
372 4542 511 4594 ὅσων
544 4539 880 4611 κοιλωμάτων
902 4538 1211 4609 γενομένων
1238 4537 1374 4606 πρὸς
1395 4536 1454 4589 τὸ
1488 4536 1561 4607 μὴ
1585 4537 1702 4588 ἐπι-

60 4651 64 4654 ·
151 4631 406 4700 σπαρῆναι
427 4630 527 4701 τὴν
561 4628 732 4698 Ἰησοῦ
757 4627 1103 4683 διδασκαλίαν
1125 4629 1190 4698 τῇ
1219 4626 1530 4697 οἰκουμένῃ.
1570 4625 1707 4678 Ἀλλ’

148 4719 258 4774 ἐπεὶ
288 4721 418 4784 Θεὸς
451 4716 520 4792 ἦν
551 4721 580 4771 ὁ
612 4719 931 4790 βουλόμενος
958 4721 1053 4772 καὶ
1088 4718 1214 4781 τοὺς
1245 4717 1354 4772 ἀπὸ
1386 4718 1500 4771 τῶν
1540 4716 1708 4771 ἐθνῶν

147 4811 476 4885 ὠφεληθῆναι
505 4812 592 4866 διὰ
616 4813 714 4883 τῆς
751 4812 924 4883 Ἰησοῦ
949 4811 1042 4864 τοῦ
1072 4810 1306 4883 Χριστοῦ
1337 4810 1706 4875 διδασκαλίας,

149 4905 286 4958 πᾶσα
320 4905 634 4977 ἀνθρωπίνη
666 4905 828 4976 βουλὴ
858 4903 1000 4958 κατὰ
1031 4901 1371 4975 Χριστιανῶν
1395 4901 1706 4974 καθῃρέθη·

147 4993 244 5065 ὅσῳ
273 4995 380 5068 γὰρ
403 4996 602 5060 αὐτοὺς
631 4996 947 5049 ἐταπείνουν
974 4992 1210 5065 βασιλεῖς
1235 4994 1329 5047 καὶ
1361 4992 1529 5047 ἐθνῶν
1553 4991 1714 5063 ἡγού-

151 5103 308 5156 μενοι,
331 5090 424 5143 καὶ
441 5089 604 5160 δῆμοι
626 5087 921 5158 πανταχοῦ,
951 5086 1186 5156 τοσούτῳ
1207 5084 1422 5148 πλείους
1447 5083 1707 5153 ἐγίνοντο,

149 5181 232 5240 καὶ
264 5183 553 5252 κατίσχυον
581 5182 784 5252 σφόδρα
814 5180 1037 5250 σφόδρα.

215 5336 278 5370 ⁸⁸⁸
305 5337 512 5393 Thren.
551 5354 638 5402 ιιι,
659 5338 750 5403 27,
783 5335 874 5403 28,
906 5334 996 5402 ‘29,
1027 5335 1115 5399 50,

219 5495 326 5564 (50)
377 5495 720 5550 Ηαιεειιειίιιε
763 5504 817 5550 et
849 5509 1002 5559 mss.,
1049 5495 1108 5546 ὲν
1149 5493 1382 5562 νεότητι.
1418 5488 1706 5559 Spencer.,

150 5565 208 5617 ἐκ
235 5567 499 5630 νεότητος.
1486 5629 1496 5630 ,
1577 5628 1583 5630 _
1692 5625 1703 5630 -

215 5637 325 5706 (51)
360 5633 508 5691 Θεοῦ
563 5633 631 5689 τὸ
687 5637 814 5690 Εὑα

150 5705 778 5786 Θεέιὲὶτοῦᾴῐίῦαγγελίουτ

215 5776 323 5899 (52)
369 5778 438 5831 Ἡ
478 5769 602 5830 τῶι(
640 5776 796 5844 παρὰ
848 5774 954 5826 τὸν
994 5775 1198 5842 νίψον.
1258 5771 1481 5825 Videtur
1532 5769 1706 5822 Bohc~

215 5846 276 5899 io
300 5849 436 5899 forte
465 5847 770 5899 legendum.
801 5847 832 5899 ἢ
869 5844 972 5897 τῶν
1005 5861 1054 5898 τι
1090 5843 1238 5899 παρὰ
1267 5842 1358 5895 τὸν
1385 5839 1566 5899 νόμον.

153 5842 276 5903 reilo
300 5842 436 5904 forte
465 5842 770 5925 legendum,
801 5847 833 5919 ἢ
869 5844 972 5897 τῶν
1005 5861 1054 5898 τι
1090 5843 1238 5922 παρὰ
1267 5842 1358 5895 τὸν
1385 5842 1566 5909 νόμον.

816 5633 1069 5706 γγέλιον.
1116 5630 1434 5687 Boherellus
1484 5628 1632 5698 legit,
1681 5625 1710 5678 ὁ

1807 3361 2000 3404 omnes
2027 3356 2083 3401 et
2111 3343 2330 3414 penitus
2359 3339 2561 3404 deleri;
2589 3334 3034 3410 quandoquidem
3071 3333 3256 3386 hostes
3290 3327 3372 3380 ir-

1809 3439 2047 3494 ruissent
2084 3435 2140 3488 in
2172 3446 2269 3487 eos
2297 3439 2555 3498 tanquam
2589 3428 2640 3482 iu
2674 3435 2892 3498 gentem
2914 3465 2929 3488 ,
2960 3438 3119 3492 quam
3142 3417 3379 3490 propriae

1808 3531 1954 3599 leges
1977 3529 2334 3582 enervassent
2355 3530 2410 3576 et
2435 3521 2621 3574 hostes
2641 3518 2897 3588 propulsa
2907 3530 2964 3569 re
2986 3509 3378 3567 cohibuissent.

1807 3622 1987 3689 Atque
2037 3619 2200 3672 etiam
2260 3614 2350 3669 illa
2410 3611 2758 3669 Providentia
2825 3623 2946 3679 quae
2995 3605 3125 3660 olim
3176 3602 3376 3670 legem,

1811 3729 1956 3769 nunc
1986 3710 2340 3780 Evangelium
2377 3707 2547 3773 dedit,
2577 3719 2700 3761 cum
2743 3701 3052 3756 Judaeorum
3080 3691 3372 3764 rempubli-

1809 3821 1929 3861 cam
1984 3804 2188 3859 diutius
2228 3809 2471 3872 perstare
2522 3797 2710 3859 nollet,
2752 3804 2807 3849 et
2837 3791 3119 3846 civitatem
3152 3796 3206 3840 et
3243 3791 3380 3837 tem-

1812 3899 1960 3969 plum
1991 3905 2045 3950 et
2077 3896 2281 3949 cultum
2312 3892 2364 3946 in
2390 3890 2482 3943 illo
2519 3903 2614 3957 per
2648 3885 2900 3940 victimas
2947 3880 3191 3946 aliosque
3238 3873 3382 3927 ritus

1813 3963 2164 4060 praescriptos
2189 3985 2299 4039 Deo
2337 3981 2644 4036 exhibitura
2670 3973 2965 4032 destruxit.
3013 3970 3080 4024 Et
3123 3963 3382 4036 quemad-

1811 4081 2034 4135 modum
2061 4079 2168 4135 illis
2193 4077 2355 4131 rebus
2377 4114 2392 4140 ,
2425 4087 2558 4142 quas
2592 4069 2794 4124 diutius
2845 4071 3196 4134 perseverare
3237 4053 3386 4108 nole-

1809 4174 1928 4240 bat,
1962 4173 2124 4227 linem
2155 4168 2345 4232 dedit,
2397 4165 2476 4222 sic
2527 4163 2842 4232 religionem
2898 4152 3263 4211 Christianam
3323 4148 3381 4201 in

1811 4271 1928 4324 dies
1961 4261 2332 4335 ampliﬁcavit,
2380 4258 2454 4314 ita
2484 4263 2542 4309 ut
2590 4266 2737 4308 nunc
2781 4249 2950 4303 libere
3004 4242 3378 4315 praedicetur:

1812 4328 2128 4430 quanquam
2160 4360 2434 4408 sescentae
2463 4344 2625 4419 713
2651 4356 2740 4397 res
2768 4339 2994 4407 obiectae
3032 4328 3383 4402 impedierint

1815 4450 2110 4530 quominus
2137 4445 2341 4503 Christi
2379 4442 2624 4499 doctrina
2655 4439 2710 4492 in
2750 4433 2938 4490 orbem
2985 4424 3371 4484 disseminare-

1815 4517 1926 4598 tur.
1950 4541 2058 4597 Sed
2085 4540 2209 4610 quia
2239 4536 2386 4591 Deus
2412 4533 2628 4588 volebat
2655 4527 2910 4600 gentibus
2931 4523 3093 4578 etiam
3122 4517 3382 4587 prodesse

1740 4608 1942 4692 l)Jesu
1981 4632 2186 4688 Christi
2242 4629 2583 4691 doctrinam,
2633 4619 2817 4679 omnia
2869 4615 3149 4672 hominum
3189 4611 3380 4662 contra

1815 4727 2156 4785 Christianos
2177 4721 2403 4778 consilia
2436 4720 2591 4773 irrita
2623 4717 2767 4771 facta
2797 4721 2925 4770 sunt
2952 4717 3040 4764 :et
3077 4716 3184 4773 quo
3210 4696 3381 4766 magis

1816 4832 1993 4888 reges,
2025 4814 2286 4887 praesides
2315 4811 2558 4881 gentium
2580 4847 2596 4875 ,
2651 4805 2831 4876 populi
2861 4801 3219 4864 undecunque
3257 4791 3382 4845 illos

1818 4908 2257 4971 insectabantur,
2290 4919 2357 4958 eo
2386 4901 2553 4971 magis
2582 4903 2760 4957 crevit
2785 4908 2976 4958 eorum
2998 4900 3258 4949 numerus
3284 4926 3298 4953 ,
3328 4890 3384 4944 et

1815 5020 1882 5060 eo
1909 5002 2083 5072 magis
2108 5001 2487 5066 invaluerunta

1885 5486 1996 5560 (55)
2041 5488 2177 5544 Κατ’
2206 5484 2455 5540 ἐκεῖνον.
2492 5483 2649 5553 Legit
2699 5479 3038 5544 Boherellus,
3068 5479 3190 5534 κατ’
3235 5475 3382 5530 ἐκει-

1824 5575 1998 5697 Ιωῖέιί)
2031 5624 2141 5680 Kal
2165 5622 2613 5694 στρατεύεσθαι.
2647 5621 2784 5676 Vide
2831 5619 2926 5673 lib.
2971 5634 3089 5682 vm,
3130 5634 3276 5672 num.
3314 5617 3382 5670 75

1811 5708 1866 5752 et
2045 5761 2613 5836 Ἐκνενευρισμένων
2636 5762 2734 5815 καὶ
2757 5757 3186 5836 κωλυομένων.
3229 5757 3392 5827 Legit,

1812 5829 2154 5902 Bolicrellus,
2192 5829 2655 5911 ἐκνενευρισμένῳ
2686 5834 2777 5886 καὶ
2810 5829 3159 5902 κωλυομένῳ,
