3846 6406
485 372 512 426 Ι
527 373 624 430 459
1901 365 2004 423 0R1

2152 366 2225 422 lS
3564 359 3671 422 “66

555 495 646 548 ‘37.
674 491 868 548 Postea
897 492 1105 557 Celsus,
1137 499 1423 562 postquam
1460 491 1670 554 multis,
1702 503 1821 558 quae
1852 499 2040 543 nostra
2071 546 2074 556 η

2226 485 2386 556 Ἑξῆς
2413 485 2470 538 δὲ
2511 473 2718 546 τούτοις
2767 482 2797 532 δ
2840 483 3064 546 Κέλσος,
3110 480 3200 534 διὰ
3253 476 3503 535 πλειόνων
3529 488 3588 534 τὰ
3616 485 3673 554 μὴ

486 597 591 636 non
623 590 770 645 sunt,
797 581 949 649 quasi
973 589 1156 635 nostra
1183 593 1381 643 essent,
1417 581 1599 635 retulit
1629 580 1695 633 de
1726 580 1854 642 Deo,
1884 593 2005 647 quer

2157 580 2412 650 λεγόμενα
2457 579 2547 648 ὑφ’
2598 576 2756 648 ἡμῶν
2806 576 2974 638 τιθεὶς
3007 575 3084 638 ὡς
3121 572 3387 644 λεγόμενα
3428 573 3509 642 ὑφ’
3547 576 3676 644 ἡμῶν

487 687 518 724 a
571 672 726 724 nobis
776 680 969 722 natura
1015 684 1206 736 corpus
1266 678 1314 722 et
1361 684 1552 737 corpus
1592 666 1823 719 humana
1873 665 2006 732 forat

2155 673 2275 742 περὶ
2305 669 2398 722 τοῦ
2431 669 2587 732 Θεοῦ,
2612 668 2687 730 ὡς
2710 667 2982 736 σώματος
3000 664 3075 735 τῇ
3094 666 3276 735 φύσει
3296 663 3674 732 τυγχάνοντος,

487 762 642 815 credi
689 761 993 827 contendit,
1046 759 1289 815 refutare
1343 769 1572 813 conatur
1615 773 1735 826 qua:
1773 771 2006 825 nunqnat

2159 759 2247 812 ml
2293 757 2761 826 άνθρωποειδοῦς
2811 755 3116 824 σώματος,
3174 754 3494 827 ἀνατρέπειν
3539 753 3678 806 ἐθέλει

488 849 651 903 nobis
687 849 738 902 ἱη
767 859 1000 904 mentem
1036 857 1327 904 venerunt.
1363 847 1519 904 Ullth
1554 856 1609 902 et
1655 862 1716 900 ea
1763 856 1817 900 ει
1860 861 2007 899 801³111

2159 849 2216 902 τὰ
2251 847 2324 917 μὴ
2356 847 2637 917 τεθειμένα
2671 847 2761 915 ὑφ’
2789 845 2948 916 ἡμῶν
2971 862 2984 874 ·
3023 846 3168 915 ἅπερ
3193 843 3450 914 περισσὸν
3477 841 3678 912 παραθέ-

489 941 876 997 refutationem
905 940 1102 995 all‘crre
1147 955 1540 1010 supervacuum
1587 938 1772 993 fuerit.
1825 935 1964 990 Nam
2001 953 2008 990 ι

2158 939 2272 991 σθαι
2324 938 2357 1007 ἦ
2405 938 2506 1009 τὴν
2551 936 2860 1008 ἀνατροπὴν
2910 934 3107 988 αὐτῶν.
3148 935 3211 986 El
3248 935 3346 1003 μὲν
3373 933 3478 1003 γὰρ
3505 932 3537 986 ἀ
3563 933 3677 1000 λέγει

484 1044 609 1100 qua
636 1030 796 1086 nobis
821 1031 887 1084 de
910 1029 1022 1085 Deo
1045 1029 1252 1094 tribuit,
1285 1030 1634 1092 doceremus,
1677 1037 1731 1081 et
1757 1025 1847 1080 ille
1874 1025 2003 1094 impi

2160 1029 2300 1098 ἡμᾶς
2332 1027 2558 1095 φάσκειν
2599 1028 2726 1098 περὶ
2756 1025 2928 1088 Θεοῦ,
2978 1026 3237 1095 ἐλέγομεν
3270 1022 3412 1094 (56),
3442 1023 3527 1075 καὶ
3567 1021 3679 1092 πρὸς

484 1127 700 1191 gnaret,
732 1133 958 1175 necesse
995 1118 1140 1175 foret
1167 1129 1226 1174 ut
1275 1119 1423 1174 illius
1455 1119 1619 1173 verba
1674 1118 2003 1172 recitaremu:

2158 1116 2287 1169 αὐτὰ
2343 1116 2530 1168 ἵστατο
2552 1132 2565 1144 ·
2591 1116 2882 1183 ἀναγκαῖον
2914 1109 2981 1184 ἦν
3011 1115 3148 1183 ἡμῖν
3173 1111 3236 1164 τὸ
3274 1110 3476 1163 τιθέναι
3499 1110 3584 1173 τὰς
3608 1109 3677 1161 λέο

484 1221 669 1266 nostra
701 1211 1093 1277 stabiliremus,
1131 1219 1187 1264 et
1219 1209 1431 1276 objecta
1465 1208 1654 1263 abillo
1691 1207 2003 1261 dilueremu:

2158 1205 2262 1269 Εεις
2285 1205 2468 1268 αὐτοῦ,
2498 1206 2592 1258 καὶ
2611 1205 3036 1268 κατασκευάζειν
3065 1203 3164 1273 μὲν
3193 1202 3262 1255 τὰ
3290 1201 3542 1270 ἡμέτερα,
3562 1198 3677 1250 λύειν

483 1303 555 1356 At
588 1301 634 1356 si
663 1317 783 1372 quae
809 1301 1033 1370 objicit,
1064 1317 1126 1356 ea
1157 1312 1252 1356 aut
1277 1315 1306 1355 a
1339 1300 1484 1356 nullo
1519 1299 1761 1368 accepit,
1795 1307 1889 1351 aut
1923 1297 2002 1352 dat

2156 1295 2206 1348 δὲ
2242 1295 2310 1348 τὰ
2353 1295 2560 1349 ἐκείνου
2582 1311 2596 1325 ·
2629 1297 2680 1346 εἰ
2715 1295 2770 1348 δὲ
2809 1294 2957 1364 αὐτῷ
2992 1294 3100 1362 (57)
3141 1292 3377 1363 συνείρει
3412 1289 3444 1343 ἂ
3474 1290 3578 1359 ἦτοι
3605 1289 3675 1340 ἀπ’

483 1409 607 1447 eum
636 1395 936 1464 accepisse,
986 1393 1198 1462 accepit
1255 1393 1326 1448 ab
1378 1391 1634 1455 indoctis,
1690 1388 2002 1458 simplicibu

2159 1387 2362 1451 οὐδενὸς
2388 1389 2618 1458 ἤκουσεν
2641 1425 2656 1450 ,
2685 1387 2717 1456 ἢ
2744 1426 2758 1448 ,
2793 1385 2880 1438 ἴνα
2909 1385 3003 1437 καὶ
3022 1383 3148 1453 δοθῇ
3169 1421 3183 1446 ,
3211 1384 3293 1435 ὅτι
3326 1383 3541 1451 ἤκουσεν
3562 1421 3574 1440 ,
3596 1381 3678 1432 ἀπό

486 1493 720 1540 mentem
754 1484 1162 1554 Scripturarum
1213 1497 1559 1553 nequaquam
1600 1478 2005 1550 intelligentibu:

2158 1494 2308 1530 τινων
2342 1477 2530 1530 ἁπλῶν
2554 1516 2568 1536 ,
2600 1476 2693 1528 καὶ
2718 1474 2992 1544 ἀκεραίων
3012 1513 3025 1537 ,
3053 1474 3148 1525 καὶ
3181 1471 3257 1542 μὴ
3302 1471 3509 1524 εἰδότων
3531 1471 3582 1522 τὸ
3607 1471 3677 1523 τοῦ

485 1591 592 1629 non
625 1584 841 1645 oportet
868 1591 966 1631 nos
990 1576 1057 1630 de
1095 1575 1258 1630 rebus
1287 1589 1393 1629 non
1435 1571 1761 1627 necessariis
1785 1584 1904 1625 esse
1938 1571 2004 1624 so‘

2159 1569 2308 1636 λόγου
2346 1567 2590 1637 βούλημα
2613 1583 2624 1596 '
2659 1566 2718 1618 οὐ
2745 1565 2850 1636 χρὴ
2882 1565 3029 1634 ἡμᾶς
3051 1560 3336 1626 τευτάξειν
3377 1561 3498 1630 περὶ
3530 1561 3589 1613 τὰ
3623 1563 3678 1632 μὴ

483 1665 683 1721 licitos.
715 1666 880 1721 Deum
927 1666 1070 1720 enim
1098 1679 1222 1721 esse
1273 1663 1520 1732 corporis
1565 1669 1842 1728 expertem
1873 1657 2002 1728 palai

2161 1662 2443 1727 ἀναγκαῖα.
2473 1657 2664 1723 Σαφῶς
2706 1655 2815 1728 γὰρ
2853 1654 3144 1725 ἀσώματόν
3183 1669 3346 1720 φασιν
3377 1653 3428 1704 οί
3459 1652 3586 1719 λόγοι
3611 1653 3680 1703 τὸν

483 1757 847 1811 testiﬁcantur
872 1755 1192 1826 Scriptura.
1223 1754 1522 1823 Propterea
1549 1751 1716 1805 Deum
1743 1764 1892 1803 nemo
1921 1748 2002 1802 uid

2162 1751 2310 1804 Βεόψ
2347 1750 2425 1804 διὸ
2467 1751 2558 1802 καὶ
2594 1749 2741 1802 Θεὸν
2785 1746 2983 1812 οὐδεὶς
3035 1745 3261 1813 ἑώρακε
3318 1743 3564 1798 πώποτε·
3609 1746 3681 1796 καὶ

483 1862 714 1914 unquam
735 1845 801 1910 “;
833 1853 925 1900 et:
955 1841 1345 1913 Primogenitus
1367 1842 1534 1898 omnis
1563 1848 1821 1894 creatura
1862 1837 2002 1892 diClll

2160 1841 2336 1895 εἰκὼν
2369 1840 2602 1911 λέγεται
2631 1837 2782 1893 εἶναι
2814 1839 2919 1894 τοῦ
2961 1836 3220 1905 ἀοράτου
3255 1835 3402 1889 Θεοῦ
3436 1838 3466 1888 ό
3493 1836 3679 1901 Πρωτό-

483 1938 658 2005 imago
685 1950 806 1991 esse
841 1935 938 1990 Dei
967 1935 1244 1989 invisibilis
1269 1934 1340 1998 ⁸ο,
1373 1947 1436 1988 ac
1461 1932 1508 1987 si
1538 1931 1831 1992 diceretur,
1865 1928 2002 1982 incon

2157 1949 2328 1997 τοκος
2367 1931 2571 1998 πάσης
2623 1931 2910 1996 κτίσεως,
2951 1929 3026 1992 ὡς
3065 1930 3113 1980 εἰ
3161 1927 3348 1994 ἔλεγεν
3413 1926 3676 1995 ἀσωμάτου.

484 2027 657 2096 porei.
690 2027 794 2082 Sed
835 2025 948 2093 jam
987 2027 1238 2094 superius
1265 2024 1522 2080 nonnulla
1549 2022 1617 2077 de
1647 2023 1756 2077 Deo
1787 2021 2003 2076 disseru‘

2161 2021 2408 2093 Μετρίως
2451 2021 2496 2074 δ’
2529 2022 2588 2073 ἐν
2621 2023 2734 2084 τοῖς
2772 2019 3126 2091 πρὸτούτων
3158 2018 3252 2070 καὶ
3286 2016 3410 2087 περὶ
3440 2015 3561 2066 Θεοῦ
3586 2015 3680 2067 διει-

486 2130 628 2181 mus,
655 2116 744 2170 ubi
775 2115 1032 2170 videlicet
1059 2115 1414 2183 expendimus
1437 2128 1548 2182 quo
1607 2127 1767 2167 sensu
1817 2125 1847 2164 a
1897 2111 2000 2166 nob

2155 2112 2432 2183 λήφαμεν,
2467 2111 2808 2178 ἐξετάζοντες
2829 2151 2844 2176 ,
2872 2110 2990 2173 πῶς
3021 2107 3252 2179 νοοῦμεν
3291 2109 3379 2161 τό·
3412 2107 3624 2174 Πνεῦμα
3650 2110 3673 2158 ὁ

486 2206 786 2275 accipiatur
820 2205 965 2260 istud
1003 2228 1014 2261 ;
1051 2204 1278 2272 Spiritus
1303 2214 1377 2258 est
1414 2204 1574 2266 Deus,
1605 2214 1655 2258 et
1688 2219 1776 2256 eos
1796 2203 1886 2272 qui
1917 2203 2005 2256 adt

2158 2203 2301 2270 Θεὸς
2321 2203 2418 2256 καὶ
2448 2205 2587 2269 τοὺς
2612 2202 3107 2272 προσκυνοῦντας
3137 2201 3328 2255 αὑτὸν
3349 2201 3417 2254 ἐν
3435 2202 3676 2268 πνεύματι

487 2307 609 2351 rant
639 2313 784 2362 eum,
807 2297 863 2349 in
891 2297 1084 2364 spiritu
1105 2305 1152 2348 et
1176 2296 1392 2349 veritate
1417 2303 1616 2363 oportet
1645 2295 1950 2348 adorare".

1542 2303 1616 2348 'tet
1645 2295 1950 2348 adorare".
2155 2294 2254 2348 καὶ
2295 2295 2546 2361 ἀληθείᾳ
2569 2293 2660 2348 δεῖ
2676 2291 3061 2361 προσκυνεῖν.

553 2387 644 2442 28.
678 2385 806 2442 Post
838 2387 927 2441 illa
952 2401 1072 2455 qua:
1097 2387 1163 2440 de
1197 2386 1306 2440 Deo
1341 2385 1660 2453 disputavit,
1699 2384 1789 2438 ubi
1830 2399 1929 2438 nos
1959 2398 2052 2438 ea-

2249 2378 2406 2436 Μετὰ
2453 2379 2510 2433 δὲ
2557 2377 2625 2431 τὰ
2668 2379 2797 2450 περὶ
2839 2377 2932 2431 τοῦ
2979 2378 3148 2441 Θεοῦ,
3188 2381 3248 2434 ἐν
3278 2375 3361 2443 οἷς
3389 2381 3529 2450 ἡμᾶς
3559 2395 3681 2430 συκο-

485 2475 804 2538 lumniatur,
840 2473 1144 2543 interrogat
1167 2487 1396 2544 quonam
1449 2472 1646 2526 abituri
1672 2473 1860 2536 simus,
1885 2489 2004 2543 qua:

2160 2479 2377 2544 φαντεῖ,
2415 2465 2739 2529 πυνθάνεται
2781 2473 2967 2546 ἡμῶν·
2997 2473 3110 2526 Ποῖ
3145 2471 3384 2526 ἀπεῖναι
3407 2469 3679 2539 μέλλομεν,

484 2581 630 2632 spem
670 2566 976 2620 habeamus.
1031 2565 1095 2618 Et
1144 2565 1300 2634 quasi
1346 2578 1666 2633 responsum
1715 2563 2003 2618 dederimu:

2160 2566 2256 2620 καὶ
2301 2568 2432 2620 τίνα
2467 2566 2684 2620 ἐλπίδα
2713 2567 2960 2634 ἔχομεν·
2997 2565 3092 2617 καὶ
3138 2563 3215 2622 ὡς
3260 2561 3679 2632 ἀποκριναμένων,

487 2655 568 2708 sic
612 2667 710 2708 nos
761 2653 1042 2723 loquentes
1077 2653 1332 2709 inducit:
1379 2651 1450 2706 In
1489 2662 1684 2705 terram
1736 2652 1902 2704 aliam
1946 2651 2006 2704 ist

2164 2658 2334 2729 τίθησι
2379 2657 2539 2726 δῆθεν
2569 2657 2840 2728 ἡμετέρας
2884 2656 3067 2726 φωνὰς
3108 2655 3282 2718 οὕτως
3327 2652 3570 2722 ἐχούσας·
3604 2651 3683 2712 Εἰς

485 2743 774 2798 meliorem.
800 2747 883 2798 Ad
910 2758 1034 2813 quae
1055 2744 1133 2798 ait
1175 2761 1188 2797 :
1224 2741 1489 2797 Fecerunt
1519 2752 1710 2797 ueteres
1739 2782 1754 2808 ,
1783 2742 1946 2796 divini
1970 2741 2004 2794 il

2165 2747 2354 2814 tium-
2395 2747 2512 2818 γῆν
2533 2788 2548 2813 ,
2589 2748 2809 2814 ταύτης
2846 2747 3173 2815 κρείττονα.
3215 2745 3331 2797 Καὶ,
3384 2743 3510 2813 πρὸς
3563 2741 3684 2793 τοῦτὰ

485 2834 605 2901 uiri,
637 2835 701 2888 de
723 2835 873 2888 beata
894 2837 1001 2888 vita
1023 2835 1301 2888 animabus
1328 2835 1493 2888 beatis
1528 2835 1791 2888 destinata
1828 2834 2004 2886 mentit

2167 2854 2351 2908 φησιν·
2411 2839 2745 2906 Ἰστόρηται
2798 2837 2979 2901 θείοις
3019 2831 3572 2902 άνδράσιπαλαιοῖς
3612 2833 3686 2882 εὐ-

487 2939 626 2978 ηειιι.
657 2923 812 2978 Hanc
838 2926 996 2980 vitam
1037 2925 1131 2978 alii
1159 2935 1345 2980 uocant
1373 2926 1641 2980 beatorum
1667 2925 1868 2978 insulas
1895 2950 1912 2988 ,
1955 2924 2006 2977 al

2167 2929 2380 2996 δαίμων
2421 2928 2562 2993 ,βίος
2600 2926 2822 2996 ψυχαῖς
2861 2926 3236 2994 εὐδαίμοσιν.
3289 2925 3601 2992 Ὠνόμασαν
3634 2919 3686 2970 δὲ

486 3029 730 3084 campum
765 3015 1005 3084 Elysium
1028 3017 1150 3068 inde
1177 3017 1399 3080 dictum,
1424 3017 1564 3086 quod
1585 3015 1694 3069 illic
1715 3016 1954 3085 degentes
1983 3033 2005 3068 a

2168 3017 2339 3071 αὐτὸν
2361 3020 2414 3071 οί
2437 3017 2556 3086 μὲν
2577 3016 2857 3086 μακάρων
2881 3015 3134 3084 νήσους,
3159 3019 3211 3068 οἱ
3241 3014 3310 3067 δὲ
3341 3015 3600 3068 Ἠλύσιον
3615 3026 3687 3062 πε·

489 3103 647 3175 hujus
678 3107 798 3161 vita:
821 3106 975 3160 malis
1002 3107 1163 3161 soluti
1192 3107 1317 3161 sint.
1351 3106 1445 3164 Sic
1472 3114 1525 3162 et
1555 3105 1824 3162 Homerus
1854 3122 1870 3160 :

2167 3107 2287 3160 δίον
2323 3107 2440 3160 ἀπὸ
2472 3105 2584 3174 τῆς
2614 3107 2848 3172 λύσεως
2884 3104 3003 3158 τῶν
3037 3104 3213 3160 ἐνθεν
3266 3102 3494 3156 κακῶνο
3535 3101 3686 3170 ὥσπερ

2085 3183 2126 3241 (ἶ
2161 3200 2254 3252 καὶ
2285 3196 2530 3269 Ὅμηρος
2559 3195 2707 3268 (58)·

631 3305 737 3386 Sed
777 3314 826 3359 te
845 3306 923 3386 ad
953 3303 1195 3386 Elysium
1229 3321 1470 3374 campum
1499 3315 1546 3359 et
1575 3305 1707 3374 fines
1736 3313 1893 3358 terra:

2242 3312 2425 3386 ξΑλᾷά
2452 3313 2512 3364 0"
2538 3313 2603 3379 ἐς
2630 3312 2910 3386 Ἠλύσιον
2931 3309 3141 3364 πεδίον
3162 3273 3262 3365 καὶ
3285 3309 3524 3378 πείρατα
3551 3305 3689 3374 γαίης

631 3374 966 3455 ζςιιιηρνιοίςε
995 3374 1315 3455 mittent...”
1363 3445 1375 3454 .
1433 3445 1476 3455 ﬂ

1433 3445 1476 3455 .-
2241 3381 2548 3455 Ἀθάνατοι
2578 3374 2903 3455 ίπέμψουσι,

635 3442 738 3496 Ubi
761 3444 1019 3512 facillima
1044 3444 1245 3497 vivendi
1270 3445 1407 3497 ratio
1431 3445 1498 3498 ".

2233 3489 2248 3505 .
2279 3492 2293 3506 .
2323 3492 2334 3503 .
2366 3450 2440 3519 τῇ
2477 3466 2588 3519 περ
2618 3442 2838 3518 ῥηίστη
2861 3449 3037 3515 ,ϐιοτή
3065 3489 3079 3502 .
3111 3488 3126 3501 .
3156 3488 3171 3501 .

493 3552 655 3608 Plato
683 3571 887 3624 quoque
913 3557 1146 3610 animam
1188 3572 1298 3610 esse
1344 3556 1694 3610 immortalem
1745 3558 2012 3612 arbitratu.

2167 3563 2409 3618 Πλάτων
2433 3561 2545 3633 (59)
2578 3562 2630 3616 δ’
2662 3561 2960 3617 ἀθάνατον
3010 3560 3127 3628 τὴν
3151 3559 3364 3629 ψυχὴν
3388 3557 3686 3627 ἡγούμενος.

493 3645 666 3698 locum
692 3661 793 3714 quo
819 3645 914 3698 illa
945 3647 1191 3709 mittitur,
1236 3655 1432 3700 terram
1468 3657 1647 3715 aperte
1672 3649 1931 3703 nominat.
1964 3649 2012 3702 Ιι

2170 3653 2400 3720 ἐκείνην
2419 3651 2534 3720 τὴν
2553 3649 2768 3721 χώραν,
2787 3649 2931 3704 ἔνθα
2966 3647 3298 3711 στέλλεται,
3330 3647 3590 3712 ἄντικρυς
3603 3639 3689 3711 γῆν

493 3751 620 3804 gens
649 3746 723 3789 est
770 3737 998 3803 spatium
1026 3777 1042 3799 ,
1069 3738 1279 3804 inquit,
1326 3753 1421 3792 nos
1455 3754 1575 3792 vero
1606 3741 1662 3791 in
1701 3740 1888 3808 exigua
1943 3743 2012 3808 ejt

2165 3743 2473 3812 ὠνόμασεν
2512 3741 2696 3795 οὕτω·
2747 3737 3022 3809 πάμμεγα
3049 3756 3106 3793 τι
3133 3735 3285 3791 εἶναι
3324 3738 3520 3806 φήσας
3550 3732 3684 3792 αὐτὸ,

493 3835 661 3890 ναι-ιε,
693 3843 724 3879 a
754 3823 985 3878 Phaside
1019 3827 1214 3879 scilicet
1245 3828 1314 3880 ad
1346 3827 1622 3879 columnas
1650 3827 1917 3894 Herculis,
1943 3839 2012 3881 tat

2172 3834 2261 3887 real
2292 3831 2448 3902 ἡμᾶς
2484 3831 2668 3886 οἰκεῖν
2703 3830 2846 3896 τοὺς
2886 3831 3064 3899 μέχρι
3102 3829 3463 3897 Ἡρακλείων
3491 3823 3691 3893 στηλῶν

493 3932 652 3986 quam
681 3915 915 3984 formica:
949 3927 1039 3970 aut
1075 3933 1220 3970 rana:
1243 3919 1382 3970 circa
1409 3918 1656 3986 paludem
1679 3959 1695 3985 ,
1736 3921 1875 3971 circa
1918 3938 2012 3973 ma:

2172 3924 2279 3980 άπὸ
2311 3923 2572 3990 Φάσιδος
2599 3924 2669 3976 ἐν
2702 3922 2934 3991 σμικρῷ
2959 3938 3074 3976 τινι
3101 3923 3292 3992 μορίῳ
3312 3960 3327 3984 ,
3365 3920 3553 3987 ὥσπερ
3588 3915 3691 3982 :t'epl

495 4009 816 4061 habitamus.
851 4008 959 4061 Alii
1002 4019 1179 4062 autem
1231 4027 1420 4078 magno
1469 4027 1685 4065 numero
1741 4013 1849 4066 alia
1893 4015 2014 4068 mult

2170 4015 2348 4084 τέλμα
2373 4015 2689 4083 μύρμηκας
2724 4013 2763 4082 ἢ
2791 4011 3161 4081 βατράχους,
3197 4011 3335 4079 περὶ
3365 4010 3476 4078 τὴν
3504 4009 3689 4062 θάλασ-

496 4098 802 4166 ltujusmodi
841 4099 954 4150 loca
984 4099 1242 4152 incolunt.
1277 4101 1418 4153 Nam
1448 4103 1590 4154 circa
1641 4112 1836 4156 terram
1882 4104 2011 4161 mult

2172 4121 2283 4157 σαν
2331 4103 2672 4168 οἰκοῦνταςο
2718 4103 2816 4154 καὶ
2857 4102 3087 4166 ἄλλους
3133 4099 3350 4154 ἄλλοθι
3369 4097 3623 4170 ξπολλοὺς
3640 4095 3691 4147 ὲν

496 4197 622 4242 sunt
653 4191 904 4244 eavitates
931 4192 1150 4245 diverste
1178 4193 1366 4259 forma:
1395 4194 1716 4263 diuerswque
1749 4198 2015 4263 magnitud

2170 4194 2413 4260 πολλοῖς
2454 4195 2740 4258 τοιούτοις
2769 4192 2975 4256 τόποις
3005 4191 3209 4245 οἰκεῖν.
3253 4192 3422 4245 Εἶναι
3450 4190 3548 4260 τὰρ
3571 4202 3689 4239 παν-

496 4281 600 4341 nis,
629 4297 730 4348 quo
757 4282 1031 4349 conﬂuunt
1065 4298 1239 4352 nqueo,
1279 4284 1458 4336 nubila
1483 4295 1530 4338 et
1574 4302 1686 4338 aer.
1735 4285 1898 4356 714
1958 4286 2015 4340 St

2172 4283 2315 4352 ταχῆ
2348 4283 2479 4352 περὶ
2509 4284 2623 4354 τὴν
2644 4281 2761 4352 γῆν
2786 4282 2987 4336 πολλὰ
3012 4283 3188 4336 κοῖλα
3211 4322 3229 4346 ,
3260 4284 3358 4336 καὶ
3393 4275 3691 4336 παντοδαπὰ

495 4381 639 4422 terra
662 4371 755 4424 illa
787 4388 923 4439 pura
953 4375 1006 4425 in
1044 4389 1176 4441 puro
1211 4374 1336 4427 caelo
1369 4379 1542 4444 posita
1571 4385 1667 4428 est.
1694 4377 1856 4431 Putat
1901 4379 2014 4444 igitt

2171 4370 2263 4422 καὶ
2293 4369 2396 4434 τὰς
2424 4369 2584 4436 ίδέας
2608 4371 2705 4423 καὶ
2737 4369 2807 4423 τὰ
2821 4370 3040 4440 μεγέθη
3061 4387 3076 4402 ·
3095 4373 3183 4436 είς
3209 4371 3246 4424 ἂ
3271 4368 3690 4438 συνερριτηκέναι

497 4459 692 4516 Celsus
717 4479 838 4529 nos,
869 4453 987 4534 quae
1011 4465 1076 4517 de
1117 4465 1218 4518 alia
1243 4467 1463 4522 meliore
1495 4475 1639 4521 terra
1673 4469 1870 4537 istique
1901 4469 2016 4539 long

2168 4461 2233 4512 τό
2267 4476 2328 4539 τε
2352 4458 2528 4527 ὕδωρ,
2567 4459 2665 4513 καὶ
2694 4459 2809 4528 τὴν
2843 4461 3127 4529 ὀμίχλην,
3153 4461 3252 4513 καὶ
3295 4462 3398 4513 τὸν
3419 4451 3580 4526 άέρά·
3607 4458 3687 4508 ai:-

447 4566 450 4570 '
497 4553 862 4609 antecellente
901 4556 1132 4610 dicimus
1154 4596 1169 4620 ,
1197 4571 1225 4610 a
1256 4558 1576 4625 quibusdam
1619 4524 1896 4614 veteribus
1927 4575 1959 4629 q

2169 4553 2279 4621 τὴν
2303 4538 2370 4606 δὲ
2402 4524 2517 4622 την
2553 4552 2668 4623 γῆν
2698 4524 2981 4621 κάθαρἀιῖ
3115 4524 3359 4622 καθαρῷ
3401 4524 3606 4605 κεῖσθαι
3631 4545 3688 4610 τῷ

495 4642 712 4698 divinos
735 4646 1034 4710 existimat,
1061 4661 1124 4700 ea
1155 4657 1428 4702 mutuatos
1453 4649 1642 4714 fuisse,
1677 4659 1729 4704 et
1758 4653 2014 4719 prtesertit

2169 4643 2418 4712 οὐρανῷ.
2460 4643 2862 4714 ’Υπολαμὸἀνει
2891 4643 3069 4696 τοίνυν
3097 4645 3126 4696 ὁ
3159 4645 3367 4707 Κέλσος
3397 4644 3461 4697 τὰ
3484 4642 3593 4712 περὶ

496 4749 529 4787 a
561 4734 783 4790 Platone
805 4739 894 4806 qui
926 4739 977 4791 in
1009 4736 1277 4792 Pltwdone
1309 4739 1374 4792 de
1430 4748 1574 4792 terra
1631 4755 1761 4809 pura
1819 4741 1873 4792 in
1930 4756 2015 4809 pun

2170 4736 2332 4806 ἄλλης
2361 4737 2464 4806 γῆς
2483 4736 2790 4807 κρείττονος
2819 4735 2911 4788 καὶ
2941 4733 3120 4804 πολλῷ
3151 4724 3357 4806 ταύτης
3385 4729 3689 4809 διαφερούσης

497 4826 644 4880 caelo
677 4828 778 4880 sita
812 4828 1220 4897 philosophatus
1251 4839 1356 4883 est.
1401 4829 1626 4882 Scilicet
1672 4845 1778 4882 non
1831 4824 2016 4884 advcrt

2169 4805 2445 4898 εἰληῲέναι
2656 4828 2762 4879 ἀπό
2791 4843 2949 4880 τινων
2981 4805 3354 4896 νομιζομένων
3402 4823 3538 4894 αὐτῷ
3568 4805 3688 4874 θείων

498 4914 640 4981 apud
670 4915 903 4984 Moysem
957 4917 1162 4971 Graecis
1202 4919 1367 4971 etiam
1409 4919 1605 4971 litteris
1657 4921 2017 4986 antiquiorem

2169 4917 2411 4969 παλαιῶν
2447 4918 2677 4990 ἀνδρῶν,
2709 4917 2805 4970 καὶ
2835 4919 3068 4988 μάλιστα
3101 4918 3385 4981 Πλάτωνος
3406 4957 3420 4981 ,
3455 4915 3540 4968 τοῦ
3565 4917 3612 4966 ἐν
3633 4908 3687 4976 τῷ

499 4999 670 5055 Deum
717 5005 1138 5062 observantibus
1186 5009 1354 5076 legem
1410 5009 1654 5078 polliceri
1709 5019 1907 5064 terram
1941 5027 2018 5064 sat

2168 5007 2419 5060 Φαίδωνι
2453 5012 2583 5080 περὶ
2612 5009 2710 5079 τῆς
2743 5009 2988 5081 καθαρᾶς
3015 5000 3072 5064 ὲν
3111 5009 3337 5081 καθαρῴ
3368 5009 3598 5079 κειμένης
3623 5002 3686 5052 0'3-

499 5099 664 5157 clam,
691 5095 902 5160 bonam,
940 5099 1246 5164 spatiosam,
1275 5101 1409 5153 lacte
1436 5110 1485 5152 et
1534 5100 1687 5153 melle
1725 5102 2012 5169 ﬂuentem5

2170 5099 2315 5170 ρανῴ
2343 5101 2443 5170 γῆς
2481 5101 2592 5170 (40)
2629 5101 3086 5172 φιλοσοφήσαντος
3106 5119 3119 5133 ·
3153 5103 3252 5172 οὐχ
3284 5102 3442 5172 ὁρῶν,
3469 5102 3540 5151 ὅτι
3565 5095 3686 5150 Morir

501 5182 630 5248 Quia:
656 5187 874 5254 quidem
910 5189 1050 5242 bona
1092 5199 1233 5243 terra
1261 5205 1364 5243 non
1393 5199 1496 5255 est,
1527 5199 1584 5242 ut
1613 5190 1908 5260 Opinantur
1940 5207 2020 5264 not

2171 5191 2300 5260 σῆς,
2325 5191 2354 5242 ὁ
2373 5190 2551 5260 πολλῷ
2581 5192 2672 5245 καὶ
2694 5191 2804 5244 τῶν
2832 5193 3156 5264 Ἑλληνικῶν
3173 5183 3685 5265 γραμμάτωνάρχαιὸι

571 5345 620 5380 δ’
649 5345 808 5404 Joan.
835 5365 878 5413 ι,
913 5350 1001 5404 18.
1067 5351 1114 5382 ⁵ο
1138 5349 1343 5406 Coloss.
1376 5367 1412 5417 I,
1446 5352 1532 5407 15.
1597 5354 1642 5385 ⁵⁸
1667 5351 1826 5408 Joan.
1855 5354 2048 5418 mal.

1763 5370 1826 5406 ιι.
1855 5354 2048 5418 ψει.
2125 5355 2173 5385 ³²
2211 5353 2374 5424 Odys.
2409 5352 2504 5406 lib.
2541 5369 2614 5420 tv,
2639 5353 2762 5408 565.
2840 5354 2885 5385 ⁸³
2915 5354 3084 5410 Exod.
3121 5371 3202 5421 ιιι,
3231 5355 3282 5410 8.

576 5508 689 5649 ξὸϐ)
717 5509 881 5588 Mss.,~
899 5509 1178 5581 ἐλέγομεν.
1207 5511 1353 5566 Libri
1380 5524 1539 5568 antea
1567 5513 1721 5580 editi,
1753 5513 2004 5584 λέγομεν.

603 5580 693 5646 5'7)
718 5581 909 5643 Αῠτῳ.
943 5580 1257 5636 Bolterellus
1304 5583 1487 5636 mallet
1515 5584 1698 5647 αὑτός.
1740 5585 1830 5638 Vel
1878 5587 2063 5649 legen-

2246 5513 2356 5584 (58)
2390 5515 2659 5584 Ὅμηρος.
2687 5514 2905 5570 Homer.
2938 5515 3151 5584 0dyss.,
3185 5517 3261 5580 A',
3288 5529 3426 5570 vers.

2044 5613 2063 5625 -
2242 5584 2353 5649 (59)
2380 5585 2656 5649 Πλάτων.
2683 5585 2859 5649 Plato,
2894 5588 2944 5640 in
2970 5584 3256 5649 Pluedone,
3284 5598 3400 5649 pag.
3433 5581 3539 5635 109.

603 5580 693 5658 5⁵η
718 5580 909 5661 Αὐτῷ.
933 5580 1257 5661 .Bolterellus
1304 5583 1487 5661 mallet
1515 5584 1723 5661 αὑτόςζ
1740 5580 1836 5661 νει·
1878 5580 2063 5653 legen-

2019 5602 2063 5638 ι·
2683 5585 2859 5651 Plato,
2894 5588 2944 5640 in
2970 5580 3256 5661 Pluedone,
3284 5598 3400 5661 pag.
3433 5581 3538 5661 109τ

579 5589 693 5649 (5η
718 5589 909 5643 Αῡτῳ.
943 5589 1257 5636 Bolterellus
1304 5589 1487 5636 mallet
1515 5589 1698 5647 αὑτός.
1740 5589 1830 5638 Vel
1878 5589 2027 5653 legen

508 5651 659 5725 dum,
677 5649 868 5717 inquit,
887 5648 1032 5725 αὐτῷ
1059 5651 1172 5703 sive
1201 5651 1372 5725 ἑαυτῴ
1408 5654 1656 5722 συνείρει.
1685 5653 1940 5725 Gnietus,
1967 5669 2027 5721 pr

2265 5589 2353 5653 59)
2380 5589 2656 5652 Πλάτων.
2684 5589 2859 5651 Plato,
2894 5589 2944 5640 in
2970 5589 3256 5651 Phaedone,
3284 5598 3400 5656 pag.
3433 5589 3539 5635 109.

2242 5589 2355 5724 llo;
2384 5654 2533 5721 Γῆς.
2569 5654 2718 5709 Hanc
2763 5670 2954 5713 vocem
2992 5671 3112 5725 qua:
3147 5658 3214 5711 ab
3251 5658 3406 5716 editis
3437 5653 3681 5712 cxciclerzlg

513 5717 767 5789 συνείρει,
799 5718 978 5777 mallet
1009 5725 1266 5790 συναιρεῖ.
1297 5717 1602 5791 spencerus
1633 5724 1795 5779 habet
1821 5717 2032 5795 συνῄρει

1304 5717 1602 5791 spencerus
1633 5724 1795 5779 habet
1821 5717 2060 5795 συνῄρει.
2175 5717 2664 5783 restituunt—codd.
2693 5740 2823 5781 mss.
