3846 6406
153 423 256 477 lilii

1306 417 1585 474 CONTRA
1607 419 1885 478 CELSUM
1917 421 2042 476 LIB.
2083 422 2192 476 Vll.

3216 417 3240 472 l
3251 417 3354 474 462

147 555 290 611 τερος,
323 536 576 606 εἰσήγαγε
612 535 699 588 τὸν
741 535 869 588 Θεὸν
905 535 1374 605 ἐπαγγελλόμενον
1397 537 1492 606 τὴν
1526 537 1684 604 ἁγίαν

1796 539 1951 603 nulli,
1993 541 2152 610 hujus
2183 538 2330 594 orbis
2370 538 2585 603 Judma,
2633 554 2752 593 cum
2803 546 2859 594 et
2899 537 3012 608 ipsa
3054 554 3180 607 pars
3209 537 3352 593 illius

148 631 246 700 γῆν,
283 628 367 680 καὶ
409 627 639 694 ἀγαθὴν
665 627 758 680 καὶ
791 626 1032 693 πολλὴν
1055 667 1066 688 ,
1101 625 1374 691 ῥέουσαν
1404 627 1558 697 γάλα
1583 629 1679 681 καὶ

141 719 271 790 μέλι,
300 720 406 780 τοῖς
433 719 573 770 κατὰ
606 718 694 770 τὸν
723 718 882 786 νόμον
909 716 1100 768 ἑαυτοῦ
1136 715 1395 785 βιώσασιν
1413 735 1424 748 ·
1460 718 1588 778 οὐδ’,
1607 718 1682 781 ὡς

146 806 312 862 οίονταί
347 824 518 869 τινες,
553 807 650 878 τὴν
703 807 946 878 ἀγαθὴν,
982 809 1082 876 τὴν
1125 806 1277 858 κάτω
1321 804 1681 877 νομιζομένην

155 899 372 956 Ἰουδαίαν
393 941 406 963 ,
439 901 694 970 κειμένην
730 904 820 955 καὶ
860 902 1026 971 αὐτὴν
1055 902 1110 951 ἐν
1142 902 1207 969 τῇ
1243 899 1481 971 ἀρχῆθεν
1512 915 1684 964 κατη-

137 991 330 1064 ραμένῃ
359 992 428 1044 ἐν
456 991 580 1056 τοῖς
611 993 800 1060 ἔργοις
830 995 928 1064 τῆς
977 993 1341 1063 παραϐάσεως
1374 990 1469 1043 τοῦ
1515 989 1684 1059 Ἀδὰμ

142 1082 304 1153 ﬁl.“
335 1082 474 1152 γὰρ,
521 1081 972 1150 Ἐπικατάρατος
1014 1086 1051 1152 ἡ
1105 1083 1179 1151 γῆ
1211 1085 1280 1135 ἐν
1325 1081 1450 1146 τοῖς
1490 1082 1684 1148 ἔργοις

141 1188 265 1226 σουο
303 1173 368 1225 ἐν
396 1173 619 1238 λύπαις
656 1173 816 1243 parii
861 1174 1056 1241 αὐτὴν·
1093 1174 1293 1238 πάσας
1327 1173 1432 1237 τὰς
1462 1155 1684 1240 ἡμέρας

139 1265 230 1333 τῆς
254 1263 392 1332 ζωῆς
439 1279 590 1327 σου,
626 1267 750 1337 περὶ
794 1266 921 1337 ὅλης
956 1269 1172 1339 εἴρηται
1212 1267 1307 1336 τῆς
1351 1266 1482 1336 γῆς·
1516 1266 1581 1335 ἣν
1628 1265 1684 1316 ἐν

139 1356 324 1420 λύπαις,
355 1357 601 1410 τουτέστι
633 1356 830 1420 πόνοις,
871 1357 1039 1410 ἐσθίει
1076 1358 1181 1420 πᾶς
1205 1357 1488 1428 ἄνθρωπος
1521 1358 1577 1409 ἐν
1610 1355 1686 1426 τῷ

151 1447 292 1517 Ἀδὰμ
321 1447 431 1518 (41)
455 1445 739 1500 ἀποθανών
759 1464 770 1477 ’
807 1449 900 1500 καὶ
937 1448 1104 1501 ἐσθίει
1138 1449 1316 1510 πάσας
1346 1446 1444 1509 τὰς
1471 1447 1686 1518 ἡμέρας

140 1541 219 1607 τῆς
243 1539 426 1592 ἑαυτοῦ
466 1538 630 1607 ζωῆς.
666 1539 774 1591 Καὶ
819 1540 892 1603 ὡς
924 1540 1326 1610 ἐπικατάρατος
1364 1542 1512 1593 πᾶσα
1552 1543 1583 1609 ἡ
1616 1541 1684 1610 γῆ

137 1630 346 1692 ἀκάνθας
377 1631 472 1682 καὶ
522 1631 802 1702 τριϐόλους
850 1631 1096 1686 ἀνατελεῑ
1135 1633 1316 1696 πάσας
1349 1632 1447 1696 τὰς
1477 1632 1688 1704 ἡμέρας

137 1720 218 1788 τῆς
243 1718 374 1790 ζωῆς
402 1720 499 1773 τοῦ
539 1723 595 1772 ἐν
619 1721 695 1790 τῷ
731 1721 899 1789 Ἀδὰμ
930 1722 1285 1788 ἐκϐληθέντος
1311 1723 1418 1774 ἀπὸ
1451 1722 1546 1774 τοῦ
1581 1740 1686 1775 πα-

139 1810 353 1879 ραδείσου
374 1827 386 1839 '
421 1811 517 1864 καὶ
552 1813 610 1864 ἐν
660 1811 838 1882 ἱδρῶτι
876 1811 968 1864 τοῦ
1001 1811 1293 1882 προσώπου
1328 1809 1493 1863 αὑτοῦ
1524 1810 1688 1862 ἐσθίει

139 1903 226 1964 πιΞς
253 1901 529 1972 ἄνθρωπος
553 1903 642 1954 τὸν
665 1902 852 1955 ἑαυτοῦ
888 1903 1050 1974 ἄρτον
1073 1902 1207 1972 (4'2),
1234 1902 1338 1965 ἕως
1366 1902 1683 1973 ἐπιστρέψει

137 1993 202 2053 εἰς
221 1993 308 2063 τὴν
336 1994 462 2063 γῆν,
488 1993 547 2060 ἐξ
581 1990 648 2065 ἧς
679 1993 903 2065 ἐλήφθη.
939 1995 1114 2048 Πολὺν
1153 1996 1250 2065 μὲν
1277 1991 1369 2048 οὖν
1393 1994 1504 2065 ἔχει
1530 1995 1683 2063 λόγον

134 2083 213 2136 ὅλα
236 2083 298 2136 τὰ
318 2084 461 2137 κατὰ
493 2085 584 2168 τρν
610 2086 769 2139 τόπον
799 2087 1005 2150 τοῦτον,
1033 2087 1326 2157 δυνάμενον
1358 2088 1436 2149 εἰς
1466 2086 1564 2156 τὴν
1591 2102 1684 2137 σα-

133 2176 329 2244 φήνειαν
354 2175 466 2228 τῶν
492 2175 693 2241 λέξεων
718 2177 1226 2248 κατασκευασθῆναι
1247 2195 1259 2208 ’
1293 2178 1493 2246 ὀλίγοις
1524 2178 1568 2231 δ’
1592 2179 1684 2230 ἐπὶ

1785 638 1943 683 terrae
1966 631 2059 693 sit,
2091 646 2210 699 quae
2238 629 2392 683 initio
2431 629 2708 682 maledicta
2744 629 2842 683 fuit
2867 631 2917 681 in
2943 629 3183 696 operibus
3213 643 3352 697 pra:-

1783 720 2138 774 varicationis
2167 721 2361 775 Adam.
2387 721 2520 773 Nam
2556 721 2621 773 ad
2654 720 2962 774 universam
2991 729 3189 774 terram
3227 733 3350 786 per-

1784 811 1945 864 tinuit
1979 813 2121 866 istud
2161 828 2175 864 :
2228 811 2513 864 Maledicta
2540 822 2680 865 terra
2725 812 2777 866 in
2821 811 3064 879 operibus
3105 810 3242 872 tuis,
3295 809 3347 860 in

1785 903 2038 954 molestiis
2085 903 2322 966 comedas
2370 919 2483 954 eam
2523 904 2724 956 cunctis
2770 901 2951 953 diebus
3001 900 3117 953 vita:
3155 897 3347 952 tute”.

1787 995 1938 1048 llauc
1974 996 2024 1048 in
2051 994 2332 1057 molestiis,
2359 995 2409 1047 id
2441 1003 2526 1047 est
2559 994 2610 1046 iu
2641 994 2935 1058 laboribus,
2963 992 3204 1048 comedit
3233 1005 3350 1044 0m-

1787 1089 1869 1140 nis
1905 1088 2066 1141 homo
2119 1086 2209 1155 qui
2246 1096 2492 1141 mortuus
2534 1095 2617 1140 est
2671 1088 2721 1141 in
2757 1086 2948 1148 Adam,
2999 1093 3054 1138 et
3113 1085 3350 1138 comedit

1785 1178 1998 1246 quidem
2033 1177 2284 1232 omnibus
2307 1177 2494 1230 diebus
2524 1177 2645 1232 vita:
2671 1192 2799 1232 suae.
2825 1175 2889 1229 Et
2914 1177 3035 1243 quia
3061 1175 3349 1229 maledicta

1790 1269 1901 1321 lia-e
1931 1268 2107 1322 omnis
2139 1275 2278 1321 terra
2307 1276 2408 1330 est,
2438 1267 2624 1335 spinas
2665 1275 2719 1322 et
2754 1266 2985 1322 tribulos
3022 1267 3351 1335 germinabit

1787 1358 2040 1410 omnibus
2069 1357 2255 1410 diebus
2281 1357 2401 1409 vitae
2435 1357 2549 1424 ejus
2574 1397 2589 1420 ,
2623 1359 2712 1425 qui
2744 1359 2794 1410 in
2825 1356 2996 1411 Adam
3045 1373 3074 1410 e
3103 1357 3352 1424 paradiso

1791 1449 1997 1514 cjectus
2032 1457 2141 1510 est;
2183 1450 2233 1500 in
2267 1449 2463 1501 sudore
2485 1450 2644 1502 etiam
2681 1448 2858 1503 vultus
2891 1449 2969 1501 sui
2991 1462 3183 1517 pauent
3205 1462 3353 1499 com-

1789 1542 1896 1594 edit
1961 1540 2137 1593 omnis
2189 1540 2389 1601 homo,
2453 1540 2622 1593 donec
2686 1540 2738 1593 iu
2786 1549 2985 1593 terram
3047 1547 3354 1592 revertatur

1789 1632 1931 1687 unde
1957 1639 2201 1700 sumptus
2231 1639 2330 1684 est.
2367 1630 2546 1684 Multis
2575 1631 2627 1685 in
2665 1631 2920 1686 universa
2962 1645 3084 1698 qua:
3111 1628 3178 1683 ad
3208 1628 3353 1681 lmuc

1791 1724 1966 1778 locum
2005 1723 2295 1792 pertinent,
2327 1737 2458 1790 opus
2485 1732 2629 1776 esset
2655 1723 2943 1789 disserere,
2979 1729 3037 1773 ut
3065 1720 3155 1775 illa
3187 1719 3352 1774 verba

1791 1829 1952 1885 quam
1983 1814 2217 1868 maxime
2239 1814 2676 1882 explicarentur;
2712 1815 2809 1869 sed
2838 1815 2889 1866 iu
2925 1811 3210 1882 prmsentia
3236 1811 3354 1864 haec

1792 1917 1958 1974 pauca
1993 1902 2126 1956 satis
2158 1901 2476 1965 habuimus,
2523 1910 2581 1954 ut
2616 1914 2828 1954 onmem
2870 1899 2919 1953 ei
2963 1896 3354 1951 dubitationem

1794 1993 2140 2059 tolleremus,
2185 1991 2274 2058 qui
2328 2001 2481 2059 putat
2532 1991 2599 2044 ad
2637 1989 2876 2043 Judaeum
2935 1987 3204 2057 pertinere
3234 2000 3356 2054 qua:

1793 2084 1935 2137 dicta
1972 2089 2098 2136 sunt
2126 2080 2192 2135 de
2233 2088 2378 2136 terra
2423 2083 2584 2146 bona,
2615 2093 2777 2149 quam
2825 2080 2964 2134 Deus
2998 2076 3164 2148 iustis
3203 2077 3356 2146 polli-

1792 2185 1970 2231 cetur.

131 2243 207 2321 τοῦ
237 2271 496 2342 παρόντος
531 2271 898 2342 ἡρκὲσθημεν,
935 2243 1247 2344 βουλόμενοι
1298 2243 1575 2327 ἀπολῦσαι
1611 2269 2023 2345 περισπασμοῢ,
2063 2269 2155 2323 τοῦ
2197 2269 2272 2332 ὡς
2306 2269 2432 2338 περὶ
2476 2268 2574 2339 τῆς
2612 2243 2869 2329 Ἰουδαίας
2900 2267 3001 2338 γῆς
3040 2263 3356 2336 ὑπολαμϐά-

132 2378 285 2424 νοντος
315 2363 564 2433 εἰρῆσθαι
593 2361 661 2414 τὰ
690 2364 814 2434 περὶ
841 2363 1049 2433 ἀγαθῆς
1079 2364 1181 2433 γῆς
1205 2403 1217 2427 ,
1253 2365 1319 2434 ἣν
1366 2367 1393 2417 ὁ
1426 2365 1558 2428 Θεὸς
1592 2366 1926 2436 ὑπισχνεῖται
1953 2363 2066 2426 τοῖς
2090 2361 2337 2423 δικαίοις.

185 2456 264 2510 29.
297 2455 469 2528 Εἴπερ
512 2453 606 2509 οὖν
639 2460 671 2526 ἡ
717 2460 861 2510 πᾶσα
903 2458 974 2527 γῆ
1008 2458 1143 2528 αὐτὴ
1179 2459 1579 2530 ἐπικατάρατος
1623 2461 1680 2511 ἐν

132 2548 222 2609 τοῖς
243 2547 417 2618 ἔργοις
445 2547 561 2600 ἐστὶ
593 2547 687 2599 τοῦ
731 2546 900 2616 Ἀδὲιμ
933 2549 1024 2600 καὶ
1052 2548 1157 2601 τῶν
1197 2550 1253 2600 ἐν
1292 2549 1438 2619 αὖτῷ
1477 2549 1682 2602 ἀποθα-

130 2637 321 2702 νόντων,
354 2637 536 2708 δῆλον,
574 2639 655 2690 δτι
699 2639 789 2690 καὶ
825 2640 1000 2691 πάντα
1034 2639 1100 2692 τὰ
1132 2641 1296 2710 μόρια
1326 2641 1495 2710 αὐτῆς
1525 2643 1682 2711 μετὲ-

82 2733 84 2735 ’
132 2742 199 2793 χει
223 2725 314 2795 τῆς
359 2727 534 2797 ἀρᾶς,
573 2727 630 2778 ἐν
653 2721 733 2788 οἷς
769 2727 883 2779 ἐστι
928 2727 1021 2780 καὶ
1062 2729 1094 2798 ἡ
1141 2729 1367 2782 Ἰουδαία
1400 2731 1505 2799 γῆ*
1541 2730 1680 2783 ὥστε

131 2816 465 2885 μὴδύνασθαι
498 2816 828 2888 ἐφαρμόζειν
861 2818 997 2889 αὑτῇ
1031 2818 1122 2882 τὸ,
1163 2822 1206 2871 Ε
1215 2823 1267 2885 lc
1297 2819 1413 2889 γῆν
1454 2821 1686 2889 ἀγαθὴν

129 2907 209 2958 καί
254 2907 527 2974 πολλὴν,
574 2910 661 2972 εἰς
703 2905 818 2975 γῆν
856 2907 1125 2975 ῥέουσαν
1167 2909 1324 2978 γάλα
1361 2911 1454 2962 καὶ
1509 2911 1682 2979 μέλιο

129 2997 212 3050 κᾶν
235 2999 577 3069 συμϐολικῶς
603 2999 727 3052 σκιὰ
761 2997 900 3053 εἶναι
931 3000 1349 3072 ἀποδεικνὺηται
1382 3005 1413 3073 ὴ
1459 3003 1686 3056 Ἰουδαία

129 3091 206 3140 καὶ
233 3094 261 3160 ἡ
304 3089 664 3162 Ἰερουσαλὴμ
686 3091 788 3159 τῆς
819 3092 1066 3162 καθαρᾶς
1096 3094 1151 3143 ἐν
1174 3093 1399 3165 καθαρῷ
1430 3094 1687 3164 κειμένης

1859 2457 1951 2512 29.
1981 2455 2100 2511 Jam
2129 2471 2259 2510 vero
2291 2456 2335 2510 si
2358 2463 2498 2510 terra
2525 2455 2639 2510 haec
2668 2455 2848 2510 omnis
2880 2453 3164 2508 maledicta
3191 2464 3273 2508 est
3306 2455 3356 2508 iu

1789 2548 2045 2618 operibus
2088 2546 2262 2600 Adam
2297 2559 2594 2614 eorumque
2623 2545 2718 2614 qui
2763 2545 2815 2598 iu
2847 2545 2940 2600 illo
2981 2545 3177 2599 mortui
3206 2554 3358 2610 sunt,

1788 2638 2131 2708 perspicuum
2164 2645 2244 2691 est
2276 2650 2463 2690 omnes
2495 2635 2611 2704 ejus
2636 2646 2849 2704 partes,
2892 2649 3120 2702 quarum
3173 2632 3356 2687 Iudaea

1789 2741 1895 2794 est,
1924 2727 2318 2782 maledictiouis
2341 2741 2460 2780 esse
2491 2725 2816 2794 participes;
2845 2725 3072 2792 proinde
3094 2739 3196 2777 non
3224 2738 3358 2778 eon-

1787 2824 1971 2878 venire
2030 2820 2224 2876 Judaei!)
2273 2832 2433 2887 posse
2470 2818 2594 2871 illud
2639 2834 2652 2869 :
2691 2817 2758 2870 lu
2811 2829 3006 2869 terram
3046 2819 3235 2869 bonam
3310 2827 3362 2870 et

1787 2913 2094 2981 spatiosum,
2146 2911 2199 2961 iu
2264 2921 2457 2962 terram
2519 2907 2769 2976 ﬂuentem
2811 2905 2950 2958 lacte
2998 2915 3045 2958 et
3103 2903 3358 2971 melle”;

1785 3015 2095 3071 quanquam
2135 3009 2190 3053 et
2215 2997 2400 3053 Iudaea
2440 3003 2495 3050 et
2524 2994 2826 3050 Jerusalem
2882 2991 3048 3060 ﬁgura
3079 3003 3130 3048 et
3163 2993 3358 3046 umbra

1788 3093 2037 3146 dicantur
2070 3104 2188 3144 esse
2220 3099 2377 3143 terra:
2404 3086 2546 3139 illius
2580 3087 2732 3139 boum
2766 3093 2820 3137 et
2841 3086 3108 3154 spatiosas
3135 3085 3352 3152 inpuro

126 3182 313 3254 οὗρανῷ
342 3186 448 3254 γῆς
479 3185 688 3254 ἀγαθῆς
716 3185 809 3237 καὶ
848 3185 1078 3256 πολλῆς,
1111 3187 1167 3239 ἐν
1273 3189 1420 3239 ἐστιν
1454 3191 1486 3258 ἡ
1523 3187 1684 3239 ἐπου-

1795 3181 1930 3234 coelo
1956 3180 2166 3248 positae,
2201 3179 2251 3232 in
2282 3194 2384 3246 qua
2412 3175 2716 3231 Jerusalem
2750 3175 2990 3230 caelestis
3015 3186 3114 3228 est.
3154 3177 3226 3230 De
3252 3176 3354 3229 ista

130 3275 283 3342 ρὰνιος
325 3277 704 3347 Ἰερουσαλήμ.
733 3277 868 3346 Περὶ
897 3271 964 3347 ἧς
992 3277 1258 3330 διαλαϐὼν
1282 3280 1310 3329 ὁ
1346 3278 1686 3341 Ἀπόστο).ος,

126 3368 188 3430 ὡς
214 3369 555 3440 συνεγερθεὶς
585 3369 825 3440 Χριστῷ,
847 3371 938 3422 καὶ
971 3369 1038 3422 τὰ
1067 3369 1176 3422 ἄνω
1212 3369 1409 3439 ζητῶν,
1440 3370 1532 3422 καὶ
1563 3369 1686 3421 νοῦν

127 3457 277 3528 εὑρὼν
330 3461 592 3530 οὐδεμιᾶς
650 3460 906 3530 ἐχόμενον
978 3460 1272 3527 Ἰουδαϊκῆς
1342 3459 1683 3529 μυθολογίας,

126 3550 302 3618 φησίνο
380 3538 570 3605 Ἀλίὶιί
628 3553 1121 3619 προσεληλύθατε
1184 3550 1336 3603 Σιὼν
1390 3550 1547 3618 ὄρει,
1591 3549 1687 3602 καὶ

125 3640 275 3695 πόλει
340 3643 490 3696 Θεοῦ
555 3642 796 3709 ζῶντος,
873 3641 1260 3710 Ἰερουσαλῖυι
1322 3639 1685 3710 ἐποιφανίῳ,

125 3729 208 3783 καὶ
247 3732 540 3800 μυριάσιν
579 3733 690 3804 (45)
730 3733 1028 3804 ἀγγέλων,
1081 3735 1426 3802 πανηγύρει.
1475 3734 1589 3786 Ἵνα
1631 3733 1687 3786 δέ

123 3834 192 3881 τις
227 3823 418 3892 πεισθῇ
443 3863 459 3886 ,
497 3824 572 3892 μὴ
631 3823 780 3892 παρὰ
823 3823 884 3875 τὸ
925 3822 1170 3893 βούλημα
1207 3821 1301 3874 τοῦ
1342 3822 1486 3875 θείου
1521 3821 1689 3874 Πνεύ-

127 3923 273 3976 ματος
320 3913 474 3982 ἡμᾶς
522 3911 702 3978 λέγειν
764 3912 890 3982 περὶ
954 3912 1054 3982 τῆς
1112 3910 1262 3981 παρὰ
1317 3913 1521 3982 Μωῦσῇ
1587 3912 1690 3981 γῆς

124 4001 312 4070 ἀγαθῆς
341 4003 439 4055 καὶ
467 4001 670 4071 πολλῆς
693 4019 706 4031 ·
739 4003 1086 4072 ἐπιστησάτω
1116 4005 1250 4055 πᾶσι
1286 4002 1383 4072 μὲν
1410 4005 1522 4064 τοῖς
1554 4019 1686 4072 προ-

125 4092 335 4161 φήταις,
383 4092 699 4146 διδάσκουσι
760 4094 859 4162 τὴν
917 4095 996 4155 είς
1061 4091 1414 4162 Ἰερουσαλὴμ
1482 4092 1688 4144 ἐπάνο-

121 4182 196 4234 δον
240 4185 342 4238 τῶν
397 4183 834 4253 πεπλανημένων
897 4183 990 4234 καὶ
1058 4181 1537 4235 ἀποπεπτωκότων
1592 4182 1686 4234 ἀπ’

122 4276 302 4347 αὐτῆς,
363 4278 460 4331 καὶ
500 4275 834 4341 ἁπαξαπλῶς
886 4274 1412 4344 ἀποκαθισταμένων
1461 4273 1541 4336 είς
1597 4274 1687 4326 τὸν

121 4367 434 4440 καλούμενον
481 4370 644 4422 τόπον
679 4369 771 4420 καὶ
827 4367 974 4419 πόλιν
1008 4365 1101 4418 τοῦ
1136 4365 1268 4418 Θεοῦ
1303 4363 1454 4435 παρὰ
1488 4363 1562 4433 τῷ
1608 4365 1686 4415 εί-

123 4458 280 4523 πόντι,
313 4462 416 4526 ὅτι,
457 4463 561 4515 Ἐν
580 4458 785 4528 εἰρήνῃ
817 4458 954 4526 ἁγίᾳ
975 4460 1005 4510 ὁ
1027 4457 1207 4522 τόπος
1228 4455 1414 4510 αὑτοῦ
1431 4474 1442 4486 ·
1477 4455 1686 4523 λέγοντι

120 4550 168 4604 δὲ
206 4555 294 4608 καὶ
328 4555 419 4618 τὸ,
455 4552 656 4622 Μέγας
694 4554 726 4604 ό
771 4551 986 4616 Κύριος
1013 4548 1110 4601 καὶ
1159 4548 1391 4612 αἱνετὸς
1430 4545 1684 4614 σφόδρα,

120 4642 181 4693 ἐν
216 4645 384 4698 πόλει
434 4642 543 4698 τοῦ
592 4640 740 4695 Θεοῦ
793 4637 981 4708 ἡμῶν,
1025 4637 1105 4705 ἐν⁵
1127 4637 1246 4705 ὄρει
1305 4637 1446 4704 ἁγίῳ
1476 4637 1683 4701 αὐτοῦ,

118 4734 304 4803 etiple
334 4735 449 4807 (Η)
465 4731 858 4804 ἁγαλλιάματι
883 4729 1085 4796 πάσης
1108 4729 1216 4796 τῆς
1259 4727 1388 4797 γῆς.
1429 4729 1480 4780 Ἀ
1494 4731 1609 4798 ρκεῐ
1632 4729 1687 4780 δὲ

123 4826 205 4877 ἐπὶ
219 4827 310 4880 τοῦ
336 4825 606 4897 παρόντος
639 4820 978 4894 παραθέσθαι
1003 4821 1069 4875 τὰ
1103 4821 1210 4872 ἀπὸ
1237 4821 1328 4872 τοῦ
1363 4818 1684 4891 τριακοστοῦ

119 4914 264 4968 ἕκτου
294 4915 537 4987 ψαλμοῦ,
572 4914 746 4977 οὕτως
781 4909 970 4984 ἔχοντα
1003 4914 1126 4983 περὶ
1180 4911 1279 4981 τῆς
1329 4911 1434 4964 τῶν
1466 4910 1686 4962 δικαίων

120 5006 241 5075 γῆς·
277 5011 340 5061 Ol
379 5007 430 5059 δ’
467 5005 864 5073 ὑπομένοντες
913 5002 1018 5055 τὸν
1049 5002 1283 5067 Κύριον,
1331 4999 1497 5052 αὐτοὶ
1544 5001 1686 5063 κλη-

116 5099 519 5168 ρονομήσουσι
558 5096 677 5167 γῆν
703 5115 716 5126 “
768 5095 860 5148 καὶ
909 5093 1024 5165 μετ’
1057 5093 1212 5160 ὀλίγα
1232 5110 1243 5122 ·
1277 5094 1341 5144 Ol
1379 5090 1447 5143 δὲ
1479 5088 1684 5156 πραεῖς

119 5191 638 5260 κληρονομήσουσι
667 5187 804 5257 γῆν,
839 5184 938 5240 καὶ
974 5182 1538 5252 κατατρυφήσουσιν
1586 5182 1680 5235 ἐπὶ

122 5282 322 5349 πλήθει
367 5280 644 5350 εἰρήνης’
683 5278 777 5332 καὶ
815 5279 930 5349 μετ’
959 5277 1140 5343 ὀλίγαο
1192 5279 1252 5328 Ol
1289 5272 1680 5342 εὐλογοῦντες

208 5405 252 5436 ⁸⁸
271 5405 412 5461 Gen.
444 5419 526 5464 ιιι,
559 5403 644 5456 l7.
751 5401 794 5431 ⁸⁵
826 5399 991 5454 Exod.
1023 5415 1105 5462 Ill,
1137 5396 1190 5450 8.

122 5489 294 5540 xxxvr,
334 5476 396 5540 9,
422 5474 504 5536 ll,
536 5472 628 5534 22,
666 5470 753 5524 29.

188 5594 314 5665 (41),
335 5595 439 5665 Ἐν
467 5593 546 5658 τῷ
572 5591 772 5660 Ἀδάμ.
803 5591 936 5646 Vide
969 5592 1347 5647 aduolationes
1369 5591 1437 5646 ad
1466 5587 1558 5644 lib.
1599 5605 1672 5652 tv,

125 5663 494 5802 κυῗίίξῗὲοάά.
543 5731 676 5800 Reg.
730 5738 784 5784 et
828 5729 1172 5798 Basileensis,
1220 5732 1404 5801 ἄρτον,
1475 5731 1678 5787 rectius

115 5817 278 5875 ,ιιιιιιιιι
311 5803 443 5860 libb.
468 5803 616 5868 editi,
650 5802 857 5871 χόρτον.

1279 5396 1326 5428 ⁵⁸
1358 5395 1520 5450 llebr.
1565 5410 1660 5461 xu,
1685 5394 1775 5450 22.

1788 3272 2103 3342 Apostolus,
2154 3272 2246 3339 qui
2300 3286 2422 3324 cum
2485 3271 2704 3324 Christo
2738 3267 3092 3323 resuscitatus
3135 3277 3188 3321 et
3235 3285 3357 3336 qua!

1788 3379 1998 3417 sursum
2025 3371 2153 3416 sunt
2181 3375 2432 3430 qumrens
2453 3361 2857 3429 Scripturarum
2886 3372 3105 3412 sensum
3137 3358 3360 3411 iuvenc-

1789 3465 1871 3509 rat
1903 3455 2038 3508 nihil
2062 3453 2410 3508 Judaicarum
2445 3451 2757 3505 fabularum
2787 3451 3078 3504 habentem
3115 3467 3128 3502 :
3161 3448 3357 3502 Acces-

1786 3547 1952 3613 sistis,
1985 3546 2188 3614 inquit,
2215 3545 2283 3596 ad
2311 3542 2442 3598 Sion
2470 3551 2698 3596 montem
2743 3551 2789 3597 et
2835 3543 3097 3596 civitatem
3143 3539 3236 3596 Dei
3276 3541 3355 3594 vi-

1787 3639 1982 3704 ventis,
2017 3637 2312 3692 Jerusalem
2355 3636 2643 3698 cwlestem,
2697 3643 2747 3688 et
2791 3635 3080 3687 multorum
3128 3632 3354 3685 millium

1791 3729 2095 3800 angelorum
2124 3728 2562 3797 frequentiam“.
2586 3726 2763 3795 Atque
2789 3735 2848 3780 ut
2879 3738 3200 3794 persuasum
3230 3723 3355 3792 quis

1790 3823 1986 3876 habeat
2021 3819 2156 3877 nihil
2182 3835 2280 3874 nos
2313 3820 2402 3874 hic
2433 3820 2499 3872 de
2528 3827 2670 3873 terra
2704 3817 2840 3872 bona
2858 3825 2914 3871 et
2941 3816 3180 3883 spatiosa
3211 3814 3354 3883 apud

1791 3913 2028 3982 Moysem
2072 3911 2345 3978 promissa
2395 3910 2578 3964 dicere
2633 3916 2822 3962 contra
2885 3915 3120 3964 mentem
3185 3906 3356 3961 divini

1792 4001 2320 4070 Spiritus,attendat
2359 3999 2424 4053 ad
2451 3998 2504 4052 id
2529 3999 2670 4069 quod
2704 3998 2980 4066 propheta:
3024 4010 3214 4050 omnes
3255 3995 3357 4050 do-

1789 4103 1934 4156 cent,
1960 4107 2080 4159 eos,
2105 4093 2197 4163 qui
2226 4095 2293 4147 ab
2325 4091 2632 4147 Jerusalem
2675 4091 3070 4144 aberraverunt
3113 4095 3167 4141 et
3209 4086 3357 4140 exci-

1790 4185 2008 4249 derunt,
2047 4199 2366 4241 reversuros
2389 4198 2509 4238 esse
2543 4185 2607 4236 ad
2637 4180 2806 4251 715.
2842 4194 2962 4235 eam
3006 4188 3062 4233 et
3084 4178 3358 4232 collocan-

1790 4276 1888 4330 dos
1916 4290 2037 4332 esse
2083 4276 2136 4330 in
2187 4274 2306 4331 loco
2329 4288 2486 4345 quem
2520 4272 2612 4328 Dei
2650 4271 2830 4324 locum
2874 4279 2932 4323 et
2961 4267 3146 4322 urbem
3199 4279 3358 4321 vocat

1790 4365 1879 4418 ille
1913 4364 2005 4433 qui
2057 4363 2192 4418 dicit
2229 4380 2242 4416 :
2279 4362 2347 4416 In
2397 4377 2526 4430 pace
2580 4369 2763 4414 sancta
2814 4357 2962 4411 locus
3003 4356 3219 4425 ejus";
3253 4365 3353 4409 et:

1799 4455 2022 4523 Magnus
2052 4454 2308 4507 Dominus
2331 4463 2376 4506 et
2407 4449 2692 4506 laudabilis
2721 4447 2920 4512 valde,~
2942 4447 2998 4500 in
3021 4447 3228 4500 civitate
3257 4444 3356 4500 Dei

1793 4547 1980 4606 nostri,
2027 4544 2081 4600 in
2115 4554 2285 4597 monte
2329 4554 2511 4597 sancto
2555 4542 2691 4609 eius,
2737 4540 2958 4609 [mulato
3011 4538 3358 4594 exsultatione

1791 4639 2049 4691 universes
2100 4636 2337 4690 terr-aa“.
2395 4634 2549 4688 Nunc
2585 4634 2718 4689 satis
2771 4633 2880 4687 erit
2929 4633 3137 4687 referre
3186 4627 3357 4683 verba

1792 4727 1990 4781 Psalmi
2030 4741 2192 4781 xxxvi
2227 4727 2292 4780 de
2329 4735 2468 4779 terra
2499 4724 2771 4793 iustorum
2798 4725 2876 4780 sic
2907 4722 3176 4794 loquentis
3206 4738 3219 4774 :
3250 4721 3358 4776 Su-

1788 4821 2037 4873 stineutes
2097 4817 2382 4871 Dominum
2425 4818 2526 4885 ipsi
2569 4816 2952 4872 ha’redilabuut
3015 4823 3254 4875 terram;
3301 4822 3363 4884 et

1789 4914 1948 4979 paulo
1979 4919 2100 4978 post
2128 4927 2140 4962 :
2172 4907 2437 4961 Mansueti
2465 4919 2640 4961 autem
2687 4906 3072 4961 lrwretlitabunt
3119 4915 3315 4958 terram
3339 4945 3356 4968 ,

1791 5012 1838 5054 et
1891 5001 2288 5065 delectabantur
2340 5003 2392 5054 in
2452 5000 2792 5054 multitudine
2858 5001 3040 5067 pacis;
3102 5007 3157 5054 et
3230 5010 3356 5067 post

1792 5106 1961 5160 pauca
2019 5108 2034 5144 :
2086 5089 2456 5145 Benedicemes
2513 5092 2560 5144 ei
2612 5090 3003 5145 Itwreditabunt
3036 5101 3270 5154 terram;
3301 5099 3359 5143 et

1788 5183 1983 5236 iterum
2018 5195 2034 5235 :
2064 5181 2210 5236 Jusli
2241 5182 2621 5236 Itwreditabuut
2653 5192 2848 5235 terram
2895 5191 2942 5234 et
2987 5179 3355 5233 inhabitabant

1787 5275 1842 5327 iu
1873 5273 2124 5327 sweulum
2169 5273 2350 5328 steculi
2399 5290 2557 5342 super
2598 5290 2713 5327 eam
2733 5274 2800 5329 ”.
2833 5273 2950 5326 Jam
3008 5273 3128 5327 vide
3173 5287 3352 5326 annon

1871 5397 1914 5429 ⁵⁷
1945 5396 2086 5452 Psal.
2118 5411 2281 5463 Lxxv,
2307 5397 2360 5450 5.
2450 5395 2496 5427 ⁸⁸
2523 5394 2661 5451 Psal.
2690 5409 2857 5459 van,
2889 5394 2940 5458 2,
2971 5393 3022 5447 5.
3132 5393 3176 5426 ⁵⁹
3207 5389 3353 5450 Psal.

1852 5586 1964 5657 (.55)
2011 5583 2351 5640 lloesrhclius
2394 5585 2444 5637 in
2485 5591 2655 5657 textu,
2689 5591 2741 5635 et
2774 5596 2970 5638 omnes
3001 5581 3159 5637 codd.
3197 5596 3355 5643 mss..

1789 5653 2062 5727 μυριάσιν,
2089 5657 2410 5727 Spetteerus,
2445 5653 2738 5727 μυριάδιιιν.

1879 5728 1973 5810 ιι).
2024 5717 2455 5810 Μεεζηξὶύρίζῳᾙ
2487 5717 2702 5781 ΙῘωερΙι.
2746 5735 2801 5778 et
2846 5722 3043 5793 Spcnc.
3098 5717 3361 5789 εὐρίζονιι

1783 5797 1950 5867 Vulgo
1963 5807 2034 5863 ta,
2079 5795 2325 5865 εὐρίξων.
