3846 6406
486 369 626 424 1665

1963 361 2285 418 ORlGENlS

3577 367 3688 424 MM

487 482 627 537 idem
667 482 759 536 ille
810 481 1050 550 psalmus
1089 480 1235 535 clare
1285 480 1486 535 indicet
1518 490 1716 535 terram
1773 495 1960 552 puram
1997 481 2043 532 iu

2153 477 2340 532 αὐτὸν
2394 477 2930 545 κληρονομήσουσι
2961 476 3074 547 γῆν
3100 495 3114 510 ο
3162 478 3258 534 καὶ
3302 479 3486 535 πάλινο
3531 484 3588 534 Οἱ
3622 482 3692 535 δί-

483 586 621 641 puro
642 587 766 627 esse
792 571 948 638 cmlo,
978 571 1134 625 modo
1157 570 1327 626 lector
1354 571 1546 624 horum
1573 572 1816 638 ejusdem
1849 571 2043 640 psalmi

485 665 774 718 verborum
808 677 1026 717 sensum
1069 676 1265 730 capere
1306 663 1480 730 possit
1513 679 1526 714 :
1568 661 1826 728 Exspecta
1864 660 2048 713 Domi-

486 769 612 807 num
636 762 684 804 et
722 753 930 805 custodi
951 753 1084 806 viam
1114 752 1252 821 ejus,
1283 764 1328 806 et
1358 753 1613 806 exaltabit
1645 762 1693 806 te
1731 763 1785 805 ut
1820 752 2047 805 liceretli-

485 850 590 896 tate
615 843 792 911 capias
818 851 1012 895 terram
1028 841 1093 896 ⁵⁸.

485 937 660 1008 μένων
728 940 785 990 ὲν
837 937 914 1007 τῷ
970 938 1118 1008 αὐτῷ
1161 937 1391 1010 ψαλμῷ·

480 1049 555 1088 σε
592 1033 697 1087 τοῦ
731 1032 1330 1102 κατακληρονομῆσαι
1360 1035 1476 1102 τὴν
1504 1034 1639 1103 γῆν.

551 1125 640 1180 50.
672 1124 940 1180 Przeterea
975 1141 1094 1194 qua
1123 1127 1252 1180 dicit
1306 1126 1460 1182 Plato
1509 1128 1575 1181 de
1630 1127 1898 1197 lapidibus
1951 1130 2044 1198 qui

481 1218 570 1270 hic
600 1216 824 1285 pretiosi
864 1226 1124 1286 putantur
1147 1257 1162 1281 ,
1192 1228 1244 1273 et
1277 1234 1506 1287 quorum
1551 1219 1808 1288 splendor
1845 1220 2045 1274 dicitur

479 1323 738 1362 emanare
765 1322 830 1361 ex
862 1309 1100 1363 melioris
1125 1317 1281 1362 terrae
1311 1309 1601 1378 lapidibus,
1627 1325 1689 1364 ea
1723 1311 1854 1364 mihi
1896 1311 2044 1365 vide-

482 1409 568 1449 tur
589 1397 808 1452 duxisse
835 1409 900 1452 es
926 1399 1290 1468 descriptione
1325 1401 1561 1456 civitatis
1587 1399 1710 1466 Dei,
1744 1415 1866 1469 qua:
1890 1401 2034 1470 apud

479 1485 672 1540 Isaiam
706 1488 788 1542 sic
812 1489 1008 1557 legitur
1043 1506 1058 1545 :
1090 1488 1297 1542 Ponant
1331 1491 1596 1558 jaspidem
1640 1490 2038 1560 prapugnacula

481 1589 571 1630 tua
593 1618 608 1640 ,
657 1589 708 1631 et
760 1579 958 1647 lapides
989 1589 1107 1634 tuos
1137 1579 1339 1648 lapides
1370 1581 1606 1649 crystalli
1634 1623 1648 1646 ,
1683 1591 1730 1635 et
1759 1581 2039 1635 circuitum

481 1679 629 1722 tuum
673 1670 874 1739 lapides
925 1671 1115 1726 electos
1139 1673 1216 1737 ⁸¹;
1256 1683 1312 1727 et
1339 1689 1572 1727 rursus:
1613 1672 1818 1726 Panum
1855 1672 2042 1741 funda-

2154 587 2309 625 καιοι
2356 568 2888 637 κληρονομήσουσι
2923 568 3059 638 γῆν,
3093 572 3191 624 καὶ
3229 571 3690 639 κατασκηνώσου-

2152 677 2257 714 σιν
2287 664 2374 726 εὶς
2408 659 2591 713 αἰῶνα
2621 660 2842 726 αἰῶνος
2884 662 2975 714 ἐπ’
3009 662 3222 731 αὺτῆςο
3288 665 3427 735 Ὅρα
3472 664 3514 716 δ’
3544 667 3587 718 εί
3630 666 3691 737 μὴ

2151 751 2212 804 τὸ
2245 751 2490 822 καθαρὰν
2542 746 2678 804 εἶναι
2736 753 2799 805 ἐν
2854 753 3079 826 καθαρῷ
3127 754 3205 824 τῷ
3235 754 3446 825 οὐρανῷ
3484 755 3572 826 τὴν
3606 756 3691 825 γῆν

2151 841 2402 913 δηλοῦται
2447 845 2558 906 τοῖς
2614 842 2835 896 ἀκούειν
2881 843 3197 914 δυναμένοις
3244 844 3352 898 τῶν
3383 843 3542 909 οὕτως
3570 848 3691 916 εἰρη-

1475 939 1830 1008 ’Υπόμεινον
1874 937 1980 990 τὸν
2037 937 2280 1010 Κύριον,
2337 937 2434 991 καὶ
2475 938 2751 1006 φύλαξον
2786 937 2899 1008 τὴν
2932 939 3076 994 ὁδὸν
3109 939 3330 993 αὐτοῦ’
3373 940 3468 992 καὶ
3496 938 3691 1006 ὑψώσει

2219 1127 2376 1179 Δοκεῖ
2405 1125 2464 1178 δέ
2513 1142 2602 1194 μοι
2643 1125 2740 1178 καὶ
2784 1125 2852 1178 τὰ
2885 1127 3010 1196 περὶ
3055 1125 3166 1192 τῶν,
3204 1127 3331 1197 τῇδε
3365 1127 3549 1196 τιμίων
3575 1122 3688 1182 εἶναι

2147 1215 2518 1286 νομιζομένων
2550 1215 2734 1279 λίθων,
2773 1216 3052 1286 ἀπορροήν
3083 1232 3204 1270 τινα
3237 1215 3534 1284 λεγομένων
3571 1217 3687 1286 ἔχειν

2147 1307 2254 1360 ἀπὸ
2303 1306 2412 1360 τῶν
2465 1309 2524 1359 ὲν
2579 1310 2641 1377 τῇ
2689 1306 2964 1376 κρείττονι
2995 1310 3064 1377 γῇ
3099 1308 3286 1369 λίθων,
3334 1307 3590 1376 εἰληφέναι
3615 1309 3687 1362 τὸν

2147 1387 2411 1452 Πλάτώνα
2444 1397 2551 1450 ἀπὸ
2595 1397 2699 1452 τῶν
2747 1400 2809 1450 ἐν
2854 1398 2931 1468 τῷ
2970 1392 3168 1470 Ἡσαΐᾳ
3223 1400 3687 1469 ἀναγεγραμμένων

2147 1489 2403 1560 περὶτῆς
2438 1488 2642 1551 πόλεως
2699 1487 2797 1541 τοῦ
2848 1488 2983 1542 Θεοῦ
3011 1506 3024 1519 ·
3087 1491 3217 1560 περὶ
3259 1487 3328 1560 ἦς
3379 1491 3684 1560 γέγραπταιο

2150 1579 2324 1643 Θήσω
2378 1579 2484 1648 τὰς
2544 1578 2832 1644 ἐπάλξεις
2868 1593 2982 1632 σου
3024 1579 3258 1644 ἴασπιν,
3313 1581 3410 1632 καὶ
3457 1581 3584 1645 τοὺς
3607 1581 3684 1632 λι-

2147 1672 2289 1734 θους
2353 1668 2461 1736 (45)
2530 1683 2643 1722 σου
2711 1671 2926 1734 λίθους
2973 1669 3363 1736 κρυστάλλου
3388 1709 3404 1734 ,
3457 1670 3546 1723 καὶ
3600 1671 3686 1724 τὸν⁹

478 1770 655 1814 menta
693 1770 782 1813 tua
807 1764 1114 1830 sapphirum
1140 1764 1205 1815 ⁸⁸.
1241 1761 1390 1817 Hanc
1421 1762 1666 1817 Platonis
1692 1762 1928 1817 fabulam
1961 1763 2040 1816 al-

2151 1759 2458 1826 περίϐολον
2513 1772 2628 1810 σου
2684 1758 2898 1824 λίθους
2975 1758 3332 1822 ἐκλεκτούς·
3383 1757 3474 1810 καὶ
3517 1758 3683 1813 πάλινο

479 1849 714 1919 legorice
765 1851 1038 1920 explicant
1101 1853 1190 1922 qui
1253 1851 1416 1920 hujus
1476 1853 1782 1922 philosophi
1841 1854 2041 1922 placita

478 1941 696 2008 gravius
719 1942 1058 2008 edisseram;
1091 1943 1412 2012 prophetias
1441 1942 1593 2006 item,
1633 1959 1664 1998 c
1696 1943 1894 2011 quibus
1921 1943 2044 1996 Pla-

477 2039 660 2098 tonem
713 2032 967 2088 hausisse
1014 2033 1360 2102 conjicimus,
1390 2042 1664 2102 espouent
1711 2034 1748 2086 ii
1785 2033 1875 2100 qui
1920 2047 2044 2101 pro-

478 2121 766 2190 phetarum
793 2123 962 2178 vitam
992 2125 1175 2179 divina
1203 2125 1438 2193 quadam
1467 2126 1661 2195 agendi
1692 2127 1900 2178 ratione
1926 2126 2045 2178 imi-

478 2221 666 2267 tantur
699 2221 982 2283 totumque
1013 2224 1223 2284 tempus
1246 2217 1298 2268 in
1330 2217 1642 2270 scrutandis
1690 2217 1865 2270 sacris
1901 2216 2044 2269 Scri-

479 2303 658 2372 pturis
713 2303 1036 2371 insumunt;
1088 2306 1132 2359 si
1190 2305 1347 2360 modo
1388 2305 1612 2360 idoneos
1665 2315 1887 2374 propter
1920 2308 2043 2360 vitae

481 2394 848 2460 integritatem
872 2397 1166 2464 rerumque
1209 2397 1512 2449 divinarum
1544 2397 1901 2464 cognoscendi
1926 2407 2044 2451 stu-

479 2481 629 2535 dium
667 2481 944 2537 auditores
974 2482 1302 2539 invenerint.
1332 2485 1499 2540 Nobis
1542 2486 1647 2539 hoc
1683 2495 1801 2538 erat
1849 2500 2041 2555 propo-

479 2574 650 2626 situm
674 2574 988 2640 ostendere,
1019 2589 1138 2644 qua:
1169 2577 1236 2631 do
1261 2587 1406 2631 terra
1437 2587 1626 2632 sancta
1655 2578 1950 2642 credimus,
1978 2593 2041 2631 ca

478 2679 580 2718 nos
611 2649 770 2718 nec‘a
814 2662 1020 2721 Grzecis
1065 2682 1168 2721 nec
1220 2682 1248 2721 a
1296 2666 1520 2724 Platone
1580 2671 1866 2734 didicisse;
1921 2670 2042 2725 illos

478 2768 629 2818 vero,
657 2755 749 2825 qui
783 2771 888 2810 non
913 2757 1292 2827 antiquissimo
1314 2757 1496 2829 Moyse
1521 2760 1721 2824 solum,
1749 2761 1845 2815 sed
1879 2761 2042 2814 etiam

479 2845 755 2915 plerisque
779 2848 1060 2916 prophetis
1107 2850 1442 2904 recentiores
1472 2861 1626 2914 sunt,
1656 2861 1748 2905 aut
1782 2851 1922 2904 male
1957 2851 2041 2904 in-

480 2936 760 2993 tellexisse
790 2954 910 3008 quae
942 2941 1008 2995 de
1031 2940 1138 3006 illis
1165 2940 1328 2996 rebus
1358 2957 1388 2997 a
1439 2943 1765 3011 quihusdam
1811 2945 2044 2998 obscure

483 3029 722 3084 indicata
749 3040 898 3098 sunt,
925 3041 1014 3087 aut
1045 3033 1134 3086 illa
1171 3046 1201 3087 e
1227 3035 1401 3093 sacris
1429 3033 1750 3105 Scripturis,
1784 3051 1905 3106 quae
1940 3035 2040 3091 sibi

479 3121 536 3176 in
567 3137 759 3177 manus
781 3132 1063 3187 venerant,
1095 3123 1233 3178 falso
1265 3125 1503 3181 imitatos
1524 3165 1540 3189 ,
1565 3126 1870 3191 huiusmodi
1894 3142 2042 3195 qua:-

481 3213 606 3266 dam
637 3213 704 3267 de
739 3213 965 3268 meliore
1025 3223 1165 3269 terra
1235 3216 1457 3271 dixisse.
1523 3217 1590 3272 Et
1637 3234 1769 3273 sane
1818 3219 2046 3289 Aggaeus

481 3311 687 3356 terram
707 3304 774 3358 ab
797 3305 944 3358 arida
975 3306 1260 3374 perspicue
1286 3306 1590 3378 distinguit,
1614 3309 1820 3362 aridam
1848 3324 2048 3364 vocans

483 3394 624 3449 hanc
670 3394 721 3448 in
753 3411 855 3464 qua
885 3411 1092 3452 sumus.
1148 3397 1241 3452 Sic
1300 3399 1442 3453 enim
1493 3399 1733 3468 loquitur
1775 3418 1790 3454 :
1841 3400 2046 3456 Rursus

483 3485 660 3537 adlmc
686 3501 780 3554 ego
807 3489 1132 3542 commovebo
1160 3486 1365 3555 caelum,
1398 3499 1444 3542 et
1474 3499 1696 3560 terram,
1725 3501 1772 3545 et
1808 3492 2040 3559 aridam,

481 3583 528 3627 et
561 3589 706 3627 mare
721 3576 787 3629 ⁸³.

555 3749 646 3802 31.
674 3748 791 3804 lam
822 3751 962 3806 sicut
987 3752 1104 3821 ipse
1132 3754 1186 3807 in
1227 3753 1376 3808 aliud
1401 3763 1612 3823 tempus
1648 3765 1892 3809 reservat
1915 3756 2043 3810 Pla-

488 3842 685 3894 tonicae
744 3842 798 3895 in
859 3839 1127 3896 Phwdone
1193 3845 1388 3900 fabulae
1435 3846 1898 3915 explicationem,
1961 3849 2048 3904 his

484 3931 669 3986 verbis
696 3949 710 3985 :
737 3930 878 3997 Quid
915 3949 1006 4000 per
1027 3933 1138 3988 hare
1165 3935 1381 3998 indicet,
1407 3953 1509 3990 non
1532 3936 1691 4006 facile
1708 3947 1784 3990 est
1807 3939 2047 3991 omnibus

485 4023 824 4091 perspicere:
857 4025 960 4078 nisi
1002 4025 1141 4094 forte
1170 4028 1284 4095 quis
1322 4045 1508 4094 capere
1551 4040 1720 4098 posset
1765 4031 1893 4099 quid
1948 4033 2050 4084 sibi

485 4113 608 4166 velit
644 4115 700 4168 id
729 4119 869 4184 quod
895 4119 999 4180 ait,
1048 4134 1143 4171 nos
1185 4133 1296 4186 pra:
1346 4120 1649 4187 inﬁrmitate
1705 4131 1754 4176 et
1800 4125 2049 4176 tarditate

489 4205 652 4275 716
677 4223 778 4259 non
805 4223 955 4274 posse
980 4209 1048 4260 ad
1079 4219 1370 4261 extremum
1399 4225 1571 4263 aerem
1601 4222 1912 4278 penetrare;
1947 4229 2046 4264 na-

486 4309 661 4349 turam
685 4312 825 4360 vero,
856 4299 901 4350 si
925 4314 1022 4367 par
1058 4309 1188 4352 esset
1216 4299 1307 4352 isti
1348 4299 1793 4368 contemplationi,
1825 4302 2045 4370 agnitu-

2147 1849 2322 1915 Θήσω
2352 1848 2423 1901 τὰ
2467 1848 2707 1917 θεμέλιά
2757 1863 2874 1902 σου
2925 1849 3282 1916 σάπφειρον.
3348 1849 3448 1904 Τὸν
3483 1851 3571 1920 μὲν
3610 1847 3685 1904 οὖν

2145 1940 2295 2010 παρὰ
2328 1939 2572 1993 Πλάτωνι
2604 1937 3028 2009 ἀλληγοροῦντες
3081 1938 3253 2008 μῦθον
3305 1941 3356 1992 οἱ
3401 1940 3683 2013 σεμνότερον

2143 2030 2210 2083 τὰ
2266 2030 2358 2082 τοῦ
2411 2029 2694 2099 φιλοσόφου
2753 2029 3094 2099 ἐξειληφότες
3126 2029 3470 2099 διηγοῦνται’
3514 2032 3598 2094 τὰς
3637 2033 3682 2086 δὲ

2145 2123 2477 2192 προφητείας
2498 2162 2512 2185 ,
2547 2122 2635 2190 ἀφ’
2677 2114 2754 2173 ὧν
2777 2107 3176 2192 ’στοχαζόμεθα
3210 2123 3306 2175 καὶ
3333 2123 3425 2176 τὸν
3461 2123 3685 2176 Πλάτωνα

2145 2211 2442 2280 εἰληφέναι,
2493 2213 2541 2262 οἱ
2598 2211 2879 2279 συγγενῶς
2908 2214 3019 2274 τοῖς
3053 2213 3359 2283 προφήταις
3388 2213 3479 2265 καὶ
3521 2212 3682 2274 ἐνθέως

2146 2305 2439 2374 βιώσαντες
2460 2343 2474 2367 ,
2510 2305 2601 2357 καὶ
2627 2304 2809 2358 πάντα
2837 2305 2925 2356 τὸν
2953 2305 3142 2376 χρόνον
3173 2304 3461 2368 ἀναθέντες
3497 2307 3554 2374 τῇ
3591 2302 3684 2368 ἑξε-

2144 2397 2293 2449 τάσει
2345 2397 2451 2449 τῶν
2503 2396 2659 2467 ἱερῶν
2687 2395 3060 2465 γραμμάτων,
3104 2398 3217 2458 τοῖς
3260 2395 3570 2465 ἐπιτηδείοις
3613 2393 3681 2446 διὰ

2147 2485 2261 2554 βίου
2296 2484 2641 2555 καθαρότητα
2685 2484 2782 2535 καὶ
2811 2482 2906 2553 τὴν
2946 2482 3074 2552 περὶ
3114 2483 3182 2536 τὰ
3217 2482 3336 2535 θεῖα
3369 2481 3681 2552 φιλομάθειαν

2145 2581 2602 2648 παραστήσουσιν.
2651 2575 2814 2644 Ἡμῖν
2841 2575 2897 2628 δὲ
2929 2574 3286 2643 προκείμενον
3321 2569 3389 2643 ἦν
3415 2573 3585 2636 δεῖξαι,
3615 2574 3680 2626 ὅτι

2142 2669 2305 2736 ἡμεῖς
2341 2668 2439 2736 μὲν
2494 2668 2592 2719 οὑκ
2639 2667 2750 2718 ἀπὸ
2790 2665 3051 2737 Ἑλλήνων
3090 2667 3123 2736 ἢ
3159 2664 3444 2728 Πλάτωνος
3491 2663 3553 2716 τὰ
3577 2664 3681 2734 περὶ

2143 2755 2241 2824 τῆς
2281 2756 2438 2822 ἁγίας
2472 2755 2572 2824 γῆς
2615 2754 2918 2824 εἰλήφαμεν
2939 2771 2952 2784 ⁸
2986 2755 3184 2808 ἐκεῖνοι
3218 2754 3297 2816 δὲ,
3329 2753 3563 2822 νεώτεροι
3605 2769 3680 2818 γε-

2145 2846 2358 2916 νόμενοι
2391 2847 2451 2899 οὐ
2489 2847 2646 2916 μόνον
2675 2845 2771 2897 τοῦ
2812 2846 3175 2916 ἀρχαιοτάτου
3228 2844 3530 2908 Μωῦσέως,
3570 2841 3681 2897 ἀλλὰ

2146 2938 2240 2990 καὶ
2271 2936 2377 2989 τῶν
2427 2936 2690 2990 πλείστων
2731 2935 3047 3006 προφητῶν,
3081 2935 3202 3004 ἢτοι
3229 2933 3594 3006 παρακηκόασί
3618 2950 3683 2985 τι-

2146 3045 2250 3082 νων
2294 3028 2680 3096 αἰνισσομένων
2715 3029 2844 3099 περὶ
2887 3026 2995 3079 τῶν
3050 3025 3327 3089 τοιούτων,
3373 3027 3406 3095 ἢ
3455 3026 3540 3079 καὶ
3583 3027 3682 3086 ταῖς

2153 3120 2323 3190 ἱεραῖς
2367 3118 2674 3187 ἐντυχόντες
2723 3118 3000 3188 Γραφαῖς,
3054 3117 3522 3187 παραποιήσαντες
3549 3115 3679 3178 αὐτὰ,

2147 3209 2369 3263 τοιαῦτά
2417 3227 2534 3262 τινα
2588 3210 2717 3278 περὶ
2770 3209 2868 3279 τῆς
2931 3208 3239 3279 κρείττονος
3289 3210 3534 3280 εἰρήκασι
3575 3207 3678 3276 γῆς.

2147 3299 2341 3369 Σαφῶς
2371 3300 2413 3354 δ’
2447 3303 2475 3353 ό
2510 3301 2760 3366 Ἀγγαῖος
2794 3300 3122 3370 παρίστησιν
3155 3298 3284 3353 ἄλλο
3328 3300 3424 3370 μὲν
3455 3295 3681 3367 εἶναιτὴν

2147 3391 2339 3461 ξηρὰν,
2362 3390 2488 3444 ἄλλο
2517 3391 2572 3442 δὲ
2599 3389 2695 3460 τὴν
2723 3391 2848 3459 γῆν,
2889 3388 3056 3460 ξηρὰν
3089 3389 3271 3442 καλῶν
3305 3390 3498 3459 ταύτην
3528 3389 3602 3455 ἐφ’
3627 3380 3681 3456 ἧς

2147 3479 2346 3549 ἐσμέν·
2380 3477 2528 3546 λέγει
2561 3479 2618 3532 δὲ
2651 3477 2824 3540 οὕτως
2849 3493 2863 3506 ’
2905 3478 3026 3528 Ἔτι
3073 3476 3237 3539 timui;
3265 3477 3380 3545 ἐγὼ
3401 3478 3571 3530 σείσω
3597 3473 3681 3527 τὸν

2145 3567 2425 3636 οὐρανὸν,
2486 3569 2581 3623 καὶ
2625 3567 2740 3636 τὴν
2779 3566 2915 3637 γῆν,
2947 3565 3045 3620 καὶ
3073 3566 3191 3634 τὴν
3224 3566 3445 3643 ξηρὰν,
3477 3564 3563 3619 καὶ
3589 3562 3682 3630 τὴν

2146 3659 2484 3714 θάλασσα-ι’.

2220 3751 2426 3820 ’Ὠσπερ
2455 3749 2513 3802 δὲ
2544 3748 2704 3811 αὐτὸς
2731 3747 2827 3818 τὴν
2846 3747 3096 3818 διήγησιν
3117 3747 3430 3810 ἀνατίθεται
3455 3744 3538 3798 τοῦ
3557 3741 3680 3812 παρέξ

2148 3840 2392 3893 Πλάτωνι
2428 3839 2597 3910 μύθου
2632 3839 2882 3908 κειμένου
2910 3839 3016 3908 (46)
3048 3840 3106 3892 ὲν
3131 3837 3210 3907 τῷ
3242 3839 3508 3901 Φαίδωνι,
3538 3836 3681 3901 λέγων

2148 3931 2273 3984 τάδε
2298 3948 2312 3960 '
2368 3931 2434 3984 Τί
2487 3930 2555 3983 δὲ
2608 3928 2706 3983 διὰ
2767 3931 2993 3984 τούτων
3034 3928 3367 3999 ἐμφανίζει,
3418 3931 3488 3982 οὐ
3530 3923 3681 3978 παντὶ

2149 4023 2366 4092 γνῶναι
2405 4022 2644 4091 ῥᾴδιον·
2687 4027 2740 4076 εὶ
2767 4023 2854 4092 μὴ
2898 4023 3066 4089 ὅστις
3100 4025 3334 4077 ἐπαΐειν
3361 4023 3610 4082 δύναιτο,
3637 4015 3683 4067 τί

2149 4117 2276 4170 ποτ’
2322 4117 2494 4170 ἐστὶν
2534 4115 2726 4170 ἐκεῖνο
2759 4116 2792 4168 ὅ
2840 4129 3049 4184 φησιν,
3109 4115 3211 4170 ὑπ’
3264 4114 3564 4177 ἀσθενείας
3600 4107 3680 4161 καὶ

2143 4207 2518 4276 βραδυτῆτος
2577 4209 2688 4274 οὐχ
2755 4208 2923 4272 οἵους
2971 4207 3021 4258 τ’
3054 4207 3207 4259 εἶναι
3256 4202 3570 4269 διεξελθεῖν
3605 4198 3680 4252 ἐπ’

2148 4302 2412 4367 ἔσχατον
2439 4297 2544 4350 τὸν
2569 4298 2713 4364 ἀέρα
2747 4298 2856 4367 (47)
2874 4315 2888 4329 ·
2918 4299 3016 4351 καὶ
3045 4300 3097 4351 εὶ
3138 4299 3175 4364 ἢ
3207 4299 3393 4365 φύσις
3424 4295 3582 4360 ἱκανὴ
3605 4290 3682 4354 ειη

486 4401 601 4438 ram
627 4386 754 4456 quid
780 4386 846 4440 sit
875 4403 1049 4441 verum
1080 4387 1215 4440 illud
1249 4388 1433 4441 malum
1467 4404 1688 4458 veraque
1714 4388 1843 4453 lux;
1884 4390 1962 4443 sic
1993 4397 2043 4444 et

2151 4389 2520 4458 ἀνασχέσθαι
2565 4389 2869 4455 θεωροῦσα
2922 4388 3144 4458 γνῶναι
3199 4388 3278 4442 ἂν
3321 4389 3357 4442 ὅ
3400 4406 3452 4441 τι
3491 4383 3682 4445 ἐκεῖνός

486 4491 586 4530 nos
611 4477 897 4547 praesentis
928 4477 1156 4531 instituti
1189 4493 1293 4533 non
1324 4479 1572 4534 ducimus
1598 4494 1718 4534 esse
1745 4488 1902 4534 terra:
1923 4495 2052 4534 san-

486 4580 589 4624 ctae
618 4579 674 4624 et
710 4568 866 4624 home
886 4578 942 4624 et
979 4570 1222 4626 civitatis
1255 4570 1350 4626 Dei
1384 4586 1504 4640 quae
1529 4571 1582 4626 in
1614 4570 1700 4625 illa
1740 4580 1845 4634 est,
1875 4570 2046 4639 expli-

485 4661 798 4725 cationem;
829 4661 1006 4716 acturi
1037 4661 1103 4716 de
1129 4661 1216 4714 illa
1243 4669 1379 4726 tum,
1416 4676 1536 4715 cum
1567 4663 1861 4731 prophetas
1895 4677 2053 4718 enar-

486 4749 731 4805 rabimus
768 4769 782 4805 :
812 4752 1112 4820 praesertim
1139 4766 1260 4805 cum
1289 4751 1396 4820 iam
1417 4766 1479 4807 ex
1513 4761 1669 4820 parte
1695 4753 1748 4806 in
1772 4767 2050 4807 commen-

489 4840 641 4894 tariis
669 4840 724 4893 in
765 4839 1001 4908 psalmos
1029 4855 1130 4895 XLV
1160 4849 1214 4894 et
1238 4856 1362 4895 xm
1437 4841 1505 4895 de
1537 4837 1756 4895 civitate
1793 4839 1884 4895 Dei
1948 4858 2048 4912 pro

488 4930 698 4984 viribus
733 4943 1039 4986 sermonem
1066 4931 1382 4985 fecerimus.
1413 4929 1689 5008 Praeterea
1722 4931 1815 4986 illa
1847 4931 2050 5002 Moysis

487 5029 542 5074 et
589 5021 978 5090 prophetarum
1029 5023 1226 5090 scripta
1281 5022 1662 5092 antiquissima
1718 5024 1914 5077 docent
1965 5038 2051 5077 res

487 5121 699 5173 omnes,
726 5123 845 5178 quae
872 5126 1014 5166 vera:
1041 5120 1188 5176 sunt,
1227 5112 1367 5166 idem
1403 5113 1604 5167 habere
1629 5128 1822 5168 nomen
1858 5129 1922 5166 ac
1947 5111 2050 5166 illa:

487 5213 608 5268 qua:
635 5200 726 5255 hic
757 5203 1009 5257 omnibus
1034 5202 1088 5260 in
1119 5216 1220 5257 usu
1248 5213 1375 5260 sunt
1394 5243 1410 5269 ,
1441 5201 1594 5257 verbi
1643 5204 1844 5281 gratia,
1872 5203 2046 5263 lucem

2149 4479 2317 4531 ἐστιν
2347 4480 2378 4530 ὀ
2409 4473 2646 4542 ἀληθῶς
2673 4476 2928 4543 οὐρανὸς
2951 4517 2966 4541 ,
3011 4477 3111 4529 καὶ
3145 4478 3210 4530 τὸ
3239 4476 3523 4544 ἀληθινὸν·
3549 4472 3678 4542 φῶςο

2148 4571 2239 4626 τὸν
2285 4569 2445 4622 αὑτὸν
2489 4568 2688 4639 τρόπον
2719 4568 2815 4623 καὶ
2848 4571 3007 4640 ἡμεῖς
3053 4570 3120 4623 τὰ
3154 4570 3282 4640 περὶ
3313 4571 3410 4641 τῆς
3440 4567 3583 4636 ἁγίας
3607 4563 3679 4616 καὶ

2152 4661 2363 4732 ἀγαθῆς
2393 4661 2528 4731 γῆς,
2563 4661 2657 4714 καὶ
2695 4661 2791 4731 τῆς
2825 4663 2882 4714 ὲν
2915 4663 3052 4732 αὐτῇ
3107 4662 3317 4725 πόλεως
3347 4660 3440 4714 τοῦ
3469 4658 3605 4719 Θεοῦ,
3631 4653 3678 4706 οὐ

2150 4752 2293 4806 κατά
2327 4751 2425 4822 τὴν
2458 4749 2761 4819 ἐνεστῶσαν
2813 4749 3126 4821 νομίζοντες
3158 4746 3297 4804 εἶναι
3343 4744 3681 4821 πραγματείαν

2151 4842 2480 4912 σαφηνίσαι,
2535 4839 2940 4912 ὑπερτιθέμεθα
3001 4841 3082 4905 εἰς
3137 4842 3207 4895 τὰ
3269 4840 3556 4912 ὲξηγητικὰ
3595 4835 3679 4888 τῶν

2151 4934 2469 5004 προφητῶν·
2504 4933 2611 4986 ἀπὸ
2643 4933 2840 5004 μέρους
2859 4976 2874 4998 ,
2908 4933 3048 4986 κατά
3077 4933 3137 4986 τὸ
3160 4933 3384 4988 δυνατὸν
3424 4932 3564 5003 ἡμῖν,
3592 4927 3680 4996 8n,-

2149 5022 2446 5093 γησάμενοι
2503 5022 2631 5092 περὶ
2686 5020 2892 5083 πόλεως
2924 5020 3059 5073 Θεοῦ
3105 5023 3165 5074 ὲν
3214 5025 3329 5085 τοῖς
3366 5033 3677 5092 πραγματευ-

2148 5113 2316 5166 θεῖσιν
2344 5114 2476 5183 ἡμῖν
2509 5116 2588 5174 εἰς
2632 5112 2723 5164 τὸν
2753 5112 3186 5182 τεσσαρακοστὸν
3216 5113 3461 5182 πέμπτον
3486 5105 3675 5179 ψαλμὸν,

2155 5204 2249 5258 καὶ
2300 5203 2391 5258 τὸν
2445 5203 2876 5278 τεσσαρακοστὸν
2918 5202 3142 5273 ἕϐδομον
3169 5201 3401 5273 ψαλμόν.
3453 5197 3561 5254 Οἵδε
3586 5195 3675 5250 δὲό

560 5349 606 5382 ⁵⁸
638 5351 783 5408 Psal.
811 5368 1000 5420 xxxvr,
1028 5355 1119 5410 54.
1162 5355 1205 5388 ⁶¹
1233 5353 1337 5409 lsa.
1367 5369 1474 5420 ιιν,
1507 5353 1594 5409 12.
1635 5355 1681 5387 ⁶²
1715 5354 1846 5410 lbid.
1879 5356 1966 5410 ll.
2033 5358 2043 5388 ‘

2151 5371 2246 5427 ες.
2278 5371 2339 5424 ιι,
2370 5355 2422 5410 6.

584 5554 672 5621 46)
692 5554 808 5610 Τοῦ
836 5557 992 5624 παρὰ
1011 5557 1281 5612 Πλάτωνι
1293 5558 1484 5626 μύθου
1500 5556 1796 5629 κειμένου.
1813 5558 1890 5613 lla
1910 5568 2050 5615 recte

584 5633 696 5677 ient
728 5624 888 5678 codd.
920 5627 1092 5680 Vatic.
1129 5636 1183 5681 et
1214 5627 1398 5691 Basil.,
1435 5630 1574 5683 male
1603 5639 1780 5683 autem
1831 5628 2050 5687 Haasch.

491 5703 546 5750 et
573 5693 895 5768 ._S_pe_uc‘er.,
930 5694 1008 5768 τῷ
1043 5695 1192 5768 παρὰ
1219 5697 1462 5751 Πλάτωνι
1497 5699 1685 5768 μύθου,
1720 5698 1978 5768 κειμένῳ.

491 5716 546 5750 et
610 5716 895 5758 opertaen.
930 5716 1008 5763 τῳ
1043 5716 1192 5764 παρα
1219 5716 1462 5751 ιιΛατωνι
1537 5716 1685 5762 υυου,
1720 5716 1978 5768 κειμενω.

446 5773 450 5777 ’
564 5760 675 5831 (47)
718 5759 893 5832 Ἀέρα.
928 5765 1079 5836 Apud
1103 5764 1376 5821 Platonem
1405 5716 1900 5843 iulg/twdonemag.
1927 5751 2050 5840 ‘09,

585 5485 652 5539 45
707 5486 952 5554 Vulgata,
981 5488 1077 5552 τὰς
1105 5489 1297 5552 πύλας.

559 5484 808 5676 {:631'013
836 5557 992 5624 παρὰ
1011 5557 1297 5626 Πλάτωνα

601 5633 696 5676 ent
728 5624 888 5676 codd.
920 5627 1092 5676 Vatic.
1129 5636 1183 5676 et
1214 5627 1297 5676 Bai

2163 5493 2305 5547 inter
2332 5492 2474 5562 ἀέρα
2495 5493 2673 5562 θεῖ-καὶ
2697 5492 2947 5562 εἱφύσις,
2980 5495 3093 5547 hmc
3123 5493 3286 5548 verba
3315 5492 3572 5558 interiecta
3602 5490 3674 5562 bs-

692 5553 1890 5634 T013;anﬂxdrwrtugiOOUuetpér-otha
1910 5568 2056 5634 recte
2159 5562 2299 5634 bes;
2341 5553 2490 5615 Ἐπεὶ
2513 5560 2681 5634 ,εἴ-τις
2713 5553 2878 5616 αὑτοῦ
2908 5553 3012 5634 ’έπῖ
3042 5563 3188 5634 ἄκρα
3230 5563 3393 5627 ἔλθοι,
3512 5559 3674 5634 mw:

2159 5632 2464 5708 γενόμενος.
2501 5630 2810 5708 ἀνάπτριτο,
2863 5633 3097 5708 κατιδεῖν
3121 5628 3488 5708 asumma,
3519 5628 3674 5708 ὥσπερ

2159 5699 2343 5772 ἐνθάδε
2372 5701 2422 5772 oi
2449 5701 2512 5772 ὲκ
2541 5700 2644 5772 τῆς
2673 5699 2938 5772 θαλάττης
2965 5702 3146 5772 ἰχθύες
3170 5699 3671 5772 ἀνακύπτοντες-όρῶ

2162 5785 2209 5820 σι
2244 5771 2310 5822 τὰ
2345 5769 2547 5833 ἐνθάδε,
2577 5768 2747 5832 οὓτως
2781 5770 2846 5822 ἄν
2878 5768 3121 5826 τινακαὶ
3145 5773 3214 5828 τὰ
3242 5775 3355 5829 ἐκεῖ
3382 5769 3604 5828 κατιδεῖν.
