3846 6406
175 331 293 387 H65

1300 326 1578 382 CONTRA
1617 325 1891 380 CELSUM
1927 326 2053 380 LIB.
2097 326 2207 381 VII.
2295 354 2298 356 ν

3242 332 3382 390 “66

169 443 490 516 ἀρχαιότατος
523 441 799 503 Μωῦσέως
833 441 925 493 καὶ
956 440 1062 493 τῶν
1101 441 1390 510 προφητῶν
1435 441 1589 508 λόγος
1643 440 1693 492 τὲ

1815 455 1937 494 esse
1979 457 2182 515 veram,
2237 456 2356 496 esse
2395 441 2591 495 coelum
2627 440 2768 495 aliud
2821 449 3026 510 praeter
3068 442 3374 499 ﬁrmamen-'-

171 533 368 606 ἀληθινὰ
399 534 571 586 πάντα
620 531 886 602 ὁμώνυμα
916 533 1027 594 τοῖς
1070 530 1193 600 τῇδε
1227 531 1672 599 καθολικωτέροις
1693 547 1705 558 °

169 623 279 690 οἷον,
307 624 550 695 ἀληθινὸν
577 622 714 692 φῶς,
739 623 832 675 καὶ
853 622 1078 691 οὐρανὸν
1110 621 1194 673 ἒτε
1204 638 1293 691 ρον
1323 622 1470 691 παρά
1498 622 1557 674 τὸ
1589 638 1709 673 στε-

171 719 351 788 ρέωμα,
378 715 469 768 καὶ
489 715 577 767 τὸν
593 715 689 783 τῆς
716 712 1054 782 δικαιοσύνης
1079 711 1226 781 ἥλιον
1252 711 1407 764 ἄλλον
1440 710 1589 781 παρά
1617 711 1707 763 τὸν

169 805 410 877 αἰσθητόν.
463 805 573 857 Καὶ
604 802 935 868 ἁπαξαπλῶς
965 802 1022 856 δέ
1063 819 1196 872 φησι
1236 801 1344 870 (48)
1381 802 1516 872 πρὸς
1563 801 1708 853 ἀντι-

165 895 416 965 διαστολὴν
438 894 544 946 τῶν
573 892 862 962 αἰσθητῶν,
890 885 964 944 ὧν
985 891 1134 944 οὐδέν
1161 893 1306 942 ἐστιν
1328 890 1596 961 ἀληθινὸν,
1623 894 1704 959 τὸ,
1757 925 1760 930 -

168 987 305 1051 Θεὸς,
341 984 596 1050 ἀληθινά
626 983 698 1037 τὰ
718 983 859 1051 ἔργα
881 981 1064 1036 αὑτοῦ
1085 999 1096 1011 ⁸
1128 983 1214 1033 ἐπ’
1241 981 1412 1034 ἄλλων
1448 981 1544 1050 μὲν
1576 981 1706 1033 τάσ-

166 1095 256 1130 σων
284 1076 345 1129 τὰ
383 1075 517 1145 ἔργα
547 1074 638 1126 τοῦ
665 1073 821 1137 Θεοῦ,
856 1073 948 1125 ἐπὶ
979 1073 1212 1143 ἡττόνων
1242 1072 1299 1124 δὲ
1337 1069 1405 1123 τὰ
1437 1071 1703 1140 λεγόμενα

164 1167 280 1237 ἔργα
318 1165 421 1218 τῶν
455 1165 652 1236 χειρῶν
700 1164 884 1218 αὑτοῦ.
920 1163 1278 1232 Μεμφόμενος
1308 1161 1438 1230 γοῦν
1473 1179 1580 1216 τισι
1616 1162 1704 1217 διὰ

1819 543 1952 598 tum,
1982 547 2102 586 csse
2126 532 2303 587 Solem
2345 535 2571 600 iustitia:
2616 534 2780 588 alium
2815 550 2844 588 a
2875 535 3115 589 sensibili
3141 536 3206 589 ⁸⁸.
3256 536 3375 592 Uno

1816 625 2002 689 verbo,
2031 636 2087 678 ιιι
2114 641 2198 680 res
2227 627 2330 680 illa:
2361 643 2388 681 a
2412 627 2781 695 sensibilihus,
2809 643 3037 697 quarum
3065 630 3209 683 milia
3242 646 3375 687 vera

1814 727 1918 780 est,
1950 717 2371 786 distinguantur,
2401 719 2588 772 dicunt
2619 733 2634 771 :
2664 719 2824 782 Deus,
2853 718 2972 774 vera
2992 737 3148 788 opera
3171 721 3284 791 ejus
3303 723 3370 787 ",

1814 815 1862 860 et
1897 821 2060 874 opera
2095 808 2186 861 Dei
2239 809 2305 860 ab
2335 809 2588 877 operilms
2630 824 2886 864 manuum
2914 811 3050 880 ejus,
3083 814 3223 882 quod
3259 814 3375 867 haec

1814 897 2021 950 minora
2057 899 2184 964 sint,
2219 899 2624 956 discriminant.
2655 902 3019 968 Quamobrem
3055 905 3196 957 Deus
3229 905 3370 973 apud

1809 985 2002 1040 lsaiam
2053 987 2118 1041 de
2158 988 2482 1055 quibusdam
2509 1005 2765 1058 querens,
2792 993 2867 1046 ait
2898 1009 2913 1046 :
2963 990 3135 1060 Opera
3165 992 3371 1044 Domini

1809 1095 1912 1132 non
1964 1081 2262 1146 respiciunt,
2322 1098 2412 1135 nec
2469 1099 2625 1151 opera
2682 1100 2932 1138 manuum
2975 1084 3090 1152 ejus
3134 1083 3346 1138 conside

1809 1179 1926 1222 rant
1947 1170 2013 1222 ⁸⁸.
2052 1169 2159 1224 Sed
2191 1173 2258 1224 de
2283 1173 2371 1226 illa
2406 1189 2462 1227 re
2487 1175 2642 1230 satis.

163 1262 239 1315 τοῦ
282 1261 514 1323 Ἡσαΐου,
564 1261 728 1332 φησί’
794 1261 869 1314 Τὰ
909 1259 1050 1330 ἔργα
1110 1259 1329 1326 Κυρίου
1377 1260 1488 1313 οὐκ
1541 1260 1940 1329 ἐμϐλέπουσι,
2001 1267 2096 1320 καὶ
2134 1267 2206 1321 τὰ
2233 1269 2375 1338 ἔργα
2437 1270 2553 1324 τῶν
2601 1270 2811 1338 χειρῶν
2856 1269 3042 1324 αὐτοῦ
3082 1271 3153 1324 οὺ
3191 1283 3371 1322 κατα-

161 1353 364 1408 νοοῦσι.
387 1354 496 1407 Καὶ
539 1355 712 1406 ταῦτα
756 1353 856 1422 μὲν
898 1353 993 1404 ἐπὶ
1026 1351 1298 1404 τοσοῦτον.

230 1449 366 1501 Ἐπεὶ
396 1447 452 1500 δὲ
501 1447 592 1501 τὸν
623 1448 751 1517 περὶ
788 1447 890 1517 τῆς
936 1447 1284 1509 ἀναστάσεως
1325 1444 1482 1514 λόγον
1533 1445 1700 1500 πολὺν

159 1539 268 1592 ὄντα
293 1539 378 1593 καὶ
409 1539 860 1610 δυσερμήνευτον,
895 1539 989 1591 καὶ
1019 1537 1267 1606 δεόμενον
1301 1536 1465 1606 σοφοῦ
1491 1577 1505 1602 ,
1547 1535 1703 1609 εἴπερ

159 1645 202 1680 τι
225 1628 340 1682 ἀλλο
357 1628 464 1682 τῶν
495 1628 801 1698 δογμάτων,
838 1627 932 1681 καὶ
964 1628 1056 1679 ἐπὶ
1089 1626 1269 1679 πλεῐον
1299 1627 1700 1698 διαϐεϐηκότος,

159 1723 231 1775 ἵνα
262 1721 318 1773 τὸ
359 1720 506 1784 ἀξιον
539 1719 632 1773 τοῦ
666 1719 800 1773 Θεοῦ
834 1720 1156 1790 παραστήσῃ
1181 1757 1195 1781 ,
1245 1719 1338 1772 καὶ
1376 1718 1437 1770 τὸ
1472 1718 1702 1788 μεγαλο-

158 1811 268 1879 est;
308 1809 397 1862 τοῦ
435 1808 735 1880 δόγματος,
781 1809 1117 1872 διδάσκοντος
1149 1808 1303 1876 λόγον
1344 1807 1486 1878 ἔχειν
1531 1808 1700 1879 σπέρ-

159 1917 302 1971 ματος
333 1901 392 1954 τὸ
431 1900 766 1972 καλούμενον
807 1900 947 1954 κατά
978 1900 1077 1963 τάς
1111 1899 1330 1970 Γραφάς
1368 1900 1560 1970 σκῆνος
1601 1899 1701 1969 τῆς

156 1990 338 2060 ψυχῆς,
383 1991 441 2044 ὲν
476 1983 521 2058 ᾧ
549 1991 598 2043 οἱ
641 1990 835 2043 δίκαιοι
867 1989 1018 2052 ὄντες
1064 1987 1418 2050 στεγάζουσι
1472 1989 1700 2056 βαρού-

153 2097 312 2150 μενοι,
341 2079 426 2149 μὴ
459 2078 737 2145 θέλοντες
768 2078 914 2133 αὐτὸ
941 2078 1329 2144 ἐκδύσασθαι,
1361 2079 1495 2134 ἀλλ’
1537 2079 1703 2132 ἐπεν-

154 2173 458 2226 δύσασθαιο
519 2172 593 2242 μὴ
641 2174 838 2242 νοήσας
888 2175 917 2225 ὁ
972 2172 1208 2234 Κέλσος,
1273 2171 1350 2242 τῷ
1395 2171 1500 2224 ἀπὸ
1553 2171 1714 2242 ίδιωέ

155 2264 242 2317 τῶν
260 2264 385 2335 (49),
437 2264 532 2318 καὶ
579 2265 768 2335 μηδενὶ
824 2264 966 2334 λόγῳ
999 2264 1348 2335 παραστῆσαι
1388 2265 1696 2334 δυναμένων

156 2355 417 2426 ἀκηκοέναι
455 2355 585 2426 περὶ
615 2355 777 2408 αὑτοῦ
799 2395 813 2418 ,
845 2355 1091 2425 χλευάζει
1128 2355 1188 2406 τὸ
1219 2355 1530 2424 λεγόμενον·
1573 2356 1700 2426 χρή-

157 2463 287 2515 σιμον
311 2446 445 2518 πρὸς
472 2449 586 2509 τοίς
610 2446 865 2518 ἀνωτέρω
897 2447 1206 2517 εἰρημένοις
1241 2447 1371 2515 ἡμῖν
1412 2447 1538 2518 περὶ
1575 2447 1700 2499 τού-

154 2555 226 2589 του
253 2536 402 2590 τοῦτο
437 2536 598 2607 μόνον
631 2527 1144 2605 ὑποσημειώσασθαι
1187 2537 1322 2607 πρὸς
1377 2537 1468 2589 τὸν
1520 2537 1695 2605 λόγον,

153 2629 218 2680 ὅτι
255 2629 381 2698 ούχ,
427 2627 503 2691 ὡς
541 2627 713 2680 οἴεται
747 2627 985 2691 Κέλσος,
1024 2627 1122 2696 τῆς
1159 2625 1696 2698 μετενσωματὼσεως

155 2717 569 2788 παρακούσαντες
595 2716 664 2768 τά
697 2717 824 2786 περὶ
850 2716 1195 2780 ἀναστάσεως
1229 2734 1404 2787 φαμεν
1425 2734 1438 2746 ·
1475 2717 1589 2770 ἀλλ’
1617 2718 1695 2769 εί-

152 2808 300 2874 δὸτες,
345 2809 427 2862 ὃτι
457 2810 491 2879 ἡ
518 2810 584 2878 τῇ
609 2807 808 2877 ἑαυτῆς
838 2807 994 2875 φύσει
1024 2806 1311 2877 ἀσώματος
1345 2810 1437 2861 καὶ
1469 2809 1696 2880 ἀόρατος

151 2899 268 2970 ψυχὴ
287 2938 301 2962 ,
332 2901 394 2952 ὲν
425 2899 589 2953 παντὶ¹
617 2897 912 2969 σωματικῷ
942 2898 1091 2968 τόπῳ
1119 2899 1454 2968 τυγχάνουσα
1474 2938 1488 2961 ,
1517 2899 1694 2951 δέεται

153 2987 374 3058 σώματος
419 2988 619 3042 οἰκείου
675 2990 742 3058 τῇ
795 2986 952 3056 φύσει
1003 2985 1081 3056 τῷ
1132 2987 1278 3056 τόπῳ
1327 2987 1520 3056 ἐκείνῳ
1545 2987 1692 3058 (50)·

151 3076 262 3148 ὅπερ
313 3078 447 3130 ὅπου
497 3078 596 3148 μὲν
653 3079 809 3147 φορεῖ
857 3075 1275 3145 ἀπεκδυσαμένη
1327 3076 1386 3129 τὸ
1435 3076 1695 3147 πρότερον

1878 1446 1966 1500 52.
2034 1446 2301 1512 Quoniam
2351 1461 2477 1501 vero
2521 1448 2938 1503 resurrectionis
2973 1447 3165 1518 dogma
3200 1449 3368 1505 altum

1807 1551 1936 1591 Sane
1951 1544 2006 1591 et
2033 1547 2290 1592 enarrata
2316 1534 2554 1602 ditlicile,
2585 1541 2838 1607 quodque
2862 1539 3102 1592 omnium
3135 1541 3370 1596 maxime

1809 1629 2018 1697 indiget
2056 1629 2173 1682 viro
2203 1628 2480 1696 sapiente,
2525 1631 2632 1684 imo
2681 1631 2734 1684 in
2773 1632 3043 1700 sapientia
3075 1641 3366 1702 provecto,

1807 1720 1897 1787 qui
1928 1720 2179 1774 ostendat
2206 1734 2369 1789 quam
2399 1721 2616 1788 dignum
2643 1721 2769 1774 illud
2798 1721 2928 1786 Deo,
2953 1738 3115 1792 quam
3139 1724 3370 1780 sublime

1806 1811 2213 1881 sit;siquidem
2251 1828 2315 1867 ex
2375 1813 2466 1867 illo
2505 1814 2765 1868 discimus
2823 1816 3086 1868 rationem
3144 1813 3368 1869 seminis

1807 1903 1983 1958 inesse
2017 1905 2068 1958 iu
2095 1907 2199 1959 hoc
2237 1904 2466 1970 animm,
2496 1917 2555 1960 ut
2588 1906 2881 1975 Scriptura:
2914 1916 3145 1970 vocant,
3188 1906 3369 1958 taber-

1806 1995 1999 2050 naculo
2020 2037 2034 2060 ,
2076 1997 2128 2050 in
2159 2013 2268 2067 quo
2295 1999 2429 2066 justi
2466 1999 2816 2068 ingemiscant
2847 1998 3048 2068 gravati
3075 2036 3092 2060 ,
3134 1996 3368 2050 nolentes

1801 2087 2124 2155 exspoliari,
2173 2089 2264 2142 sed
2305 2090 2645 2156 supervestiri
2680 2090 2747 2150 '7;
2793 2091 2915 2143 ideo
2944 2088 3135 2142 Celsus
3176 2085 3370 2140 irridet

1802 2176 1928 2245 quia
1965 2193 2072 2230 non
2108 2178 2360 2246 intelligit
2388 2217 2403 2241 ,
2449 2194 2547 2233 nec
2591 2178 2795 2233 audivit
2819 2178 2923 2230 nisi
2958 2178 3024 2231 ab
3063 2175 3366 2246 imperitis,

1801 2264 1892 2332 qui
1917 2264 2061 2318 nullo
2101 2266 2230 2319 illud
2255 2278 2577 2336 argumento
2607 2276 2859 2322 astruere
2905 2275 3195 2334 poterant,
3230 2263 3367 2318 utile

1801 2350 1985 2418 fuerit,
2014 2364 2212 2422 pratter
2235 2369 2296 2407 ca
2332 2371 2454 2424 qua:
2487 2356 2590 2410 hac
2627 2357 2690 2409 dc
2736 2371 2793 2408 re
2826 2369 2989 2424 supra
3017 2354 3165 2407 dicta
3197 2361 3366 2415 sunt,

1800 2443 1903 2497 hoc
1945 2458 2107 2496 unum
2134 2444 2460 2510 observare,
2501 2459 2618 2513 quae
2663 2446 2728 2498 de
2772 2446 3173 2498 resurrectione
3197 2442 3367 2496 tradi-

1800 2549 1938 2596 mus,
1971 2550 2032 2588 ea
2085 2551 2190 2588 non
2222 2535 2490 2604 proﬁcisci
2517 2579 2530 2603 ,
2569 2546 2624 2590 ut
2667 2536 2855 2590 Celsus
2883 2545 3056 2605 putat,
3101 2550 3166 2588 ex
3223 2535 3366 2587 male

1801 2624 2075 2678 intellecta
2137 2625 2448 2678 animarum
2481 2641 2510 2680 e
2554 2627 2876 2694 corporibus
2912 2628 2963 2678 iu
3000 2639 3232 2694 corpora
3264 2625 3366 2677 mi-

1798 2717 2084 2784 gratione;
2116 2717 2209 2771 sed
2239 2719 2365 2784 quia
2401 2719 2604 2771 scimus
2629 2719 2864 2771 animam
2902 2757 2918 2782 ,
2947 2725 3142 2770 natura
3184 2717 3367 2770 incor-

1798 2818 2020 2872 porcam
2070 2813 2124 2858 et
2172 2803 2531 2868 invisibilem,
2586 2805 2638 2857 in
2687 2804 2834 2858 rmllo
2869 2816 3136 2872 corporeo
3182 2800 3362 2856 consi-

1799 2903 1942 2949 stere
1966 2894 2106 2960 loco,
2143 2897 2272 2965 quin
2304 2896 2543 2966 indigeat
2574 2911 2807 2966 corpore
2837 2897 2902 2949 ad
2938 2905 3189 2949 naturam
3217 2893 3362 2947 illius

1801 2986 1902 3039 loci
1930 2987 2378 3041 accommodato:
2413 2988 2560 3056 quod
2598 3003 2796 3056 corpus
2824 2991 2982 3042 modo
3022 2985 3241 3055 quidem
3266 2998 3360 3052 ge-

1800 3086 1929 3144 stat,
1961 3087 2123 3133 exuto
2154 3079 2324 3147 priori
2352 3082 2496 3148 quod
2521 3087 2681 3132 antea
2713 3077 3081 3133 necessarium
3106 3115 3122 3140 ,
3174 3085 3361 3144 postea

151 3167 414 3235 ἀναγκαῖον
458 3168 590 3237 μὲν,
628 3166 884 3237 περισσὸν
929 3166 985 3218 δὲ
1035 3165 1110 3228 ὼς
1164 3166 1297 3235 πρὸς
1329 3165 1394 3218 τὰ
1427 3165 1653 3236 δεύτερα
1678 3183 1690 3196 ·

1804 3167 1991 3222 inutile
2033 3168 2126 3234 ﬁt;
2162 3171 2318 3222 modo
2359 3177 2536 3222 autem
2573 3184 2740 3238 super
2777 3168 2954 3233 illud,
3007 3166 3155 3236 quod
3209 3164 3363 3233 prius

149 3257 256 3310 ὅπου
297 3259 350 3312 δὲ
402 3257 808 3327 ὲπενδυσαμένη
864 3249 908 3324 ᾧ
959 3257 1220 3328 πρότερον
1273 3250 1406 3325 εἶχε,
1463 3255 1688 3328 δεομένη

149 3351 419 3419 κρείττονος
448 3349 740 3420 ἐνδύματος
769 3349 847 3412 είς
870 3350 996 3411 τοὺς
1025 3347 1439 3416 καθαρωτέρους
1473 3347 1568 3399 καὶ
1601 3347 1686 3398 αἱ-

147 3439 325 3511 θερίους
356 3445 453 3496 καὶ
482 3440 767 3513 οὐρανίους
791 3441 1006 3502 τόπους.
1037 3439 1146 3491 Καὶ
1178 3436 1543 3503 ἀπεξεδύσατο
1590 3439 1688 3508 μὲν

146 3533 221 3586 ἐπὶ
250 3537 339 3607 τὴν
393 3536 520 3607 τῇδε
569 3535 781 3603 γένεσιν
815 3531 1080 3603 ἐρχομένη
1129 3531 1189 3583 τὸ
1237 3531 1502 3600 χρήσιμον
1554 3530 1688 3600 πρὸς

147 3626 224 3695 τὴν
265 3629 316 3680 ὲν
347 3629 413 3698 τῇ
468 3625 672 3696 ὑστέρᾳ
700 3624 797 3694 τῆς
839 3621 1074 3692 κυούσης
1099 3661 1113 3685 ,
1172 3623 1275 3686 ἕως
1323 3619 1390 3693 ἦν
1424 3624 1480 3673 ὲν
1512 3622 1647 3692 αὐτῇ
1672 3661 1684 3683 ,

147 3718 344 3787 χωρίον’
387 3715 676 3770 ἐνεδύσατο
705 3715 762 3767 δὲ
803 3715 893 3766 ὑπ’
937 3715 1109 3766 ἐκεῖνο
1140 3713 1167 3765 ὃ
1195 3709 1260 3783 ἦν
1289 3715 1581 3780 ἀναγκαῖον
1611 3712 1688 3782 τῷ

146 3808 220 3859 ἐπὶ
250 3810 345 3878 γῆς
395 3809 644 3880 μέλλοντι
692 3805 899 3876 διαζῇν.
943 3801 1073 3857 Εἶτα
1123 3804 1302 3868 πάλιν,
1347 3807 1496 3869 ὂντος
1547 3805 1688 3868 τινὸς

146 3901 382 3967 σκήνους
437 3903 533 3954 καὶ
583 3901 846 3968 ἐπιγείου
879 3898 1100 3962 οἰκίας,
1135 3896 1438 3964 ἀναγκαίας
1463 3914 1563 3949 που
1611 3897 1688 3967 τῷ

147 3994 324 4062 σκήνει,
356 3990 724 4045 καταλύεσθαι
762 3989 859 4058 μέν
890 4004 1051 4056 φασιν
1075 3988 1123 4038 οἱ
1153 3987 1300 4054 λόγοι
1324 3986 1419 4057 τὴν
1449 3988 1688 4054 ἐπίγειον

145 4083 292 4138 οἰκίαν
333 4082 425 4137 τοῦ
474 4083 737 4151 σκήνους,
790 4079 850 4131 τὸ
905 4079 960 4132 δὲ
993 4079 1186 4148 σκῆνος
1242 4078 1688 4131 ἐπενδύσασθαι

146 4175 307 4228 οὶκίαν
338 4172 812 4244 ἀχειροποίητον,
848 4169 1086 4222 αἰώνιον
1131 4169 1200 4220 ἐν
1235 4167 1360 4232 τοῖς
1390 4167 1682 4235 οὐρανοῖς.

146 4263 346 4328 Λέγουσι
389 4263 445 4316 δὲ
492 4264 543 4314 οἱ
595 4261 687 4313 τοῦ
717 4256 850 4312 Θεοῦ
881 4259 1153 4330 ἄνθρωποι
1181 4299 1196 4322 ,
1229 4260 1288 4311 τὸ
1325 4259 1421 4329 μὲν
1453 4258 1687 4329 φθαρτὸν

146 4353 434 4408 ἐνδύσασθαι
469 4352 802 4422 ἀφθαρσίαν,
835 4350 934 4421 τὴν
965 4351 1327 4422 διαφέρουσαν
1353 4349 1444 4403 τοῦ
1480 4351 1689 4422 ἀφθάρ-
1739 4419 1744 4423 η

144 4460 248 4498 του·
301 4447 357 4498 τὸ
407 4446 466 4499 δὲ
521 4444 714 4514 θνητὸν
760 4443 1077 4495 ἐνδύσασθαι
1125 4443 1442 4505 ἀθανασίαν,
1503 4443 1686 4514 ἕτερον

1801 3257 2060 3324 habebat,
2091 3259 2334 3314 induitur
2366 3259 2622 3325 meliore,
2656 3273 2762 3326 quo
2789 3257 2996 3326 indiget
3023 3296 3039 3323 ,
3071 3265 3130 3308 ut
3161 3255 3226 3307 ad
3256 3268 3363 3322 pu-

1799 3348 1996 3410 riores,
2023 3350 2292 3404 aethereos
2335 3350 2698 3417 caelestesque
2745 3348 2894 3402 locos
2933 3345 3237 3415 perveniat.
3269 3341 3363 3397 Sic

1797 3439 1847 3491 in
1881 3439 1982 3494 hac
2012 3441 2120 3494 vita
2173 3455 2405 3496 nascens
2432 3440 2803 3494 membranam
2854 3437 3040 3501 exuit,
3091 3450 3197 3504 qua
3239 3449 3362 3489 eam

1797 3530 1850 3582 in
1915 3529 2092 3583 vulva.
2124 3531 2316 3586 matris
2359 3531 2570 3586 obvolvi
2628 3529 2760 3585 utile
2819 3539 2959 3595 erat,
3016 3528 3258 3598 quandiu
3307 3527 3361 3581 in

1794 3618 2047 3685 ca‘l‘uit;
2098 3622 2190 3675 sed
2221 3631 2512 3692 antequam
2549 3621 2700 3676 illam
2755 3630 2964 3688 exuat,
3018 3632 3214 3688 corpus
3272 3615 3390 3673 in-.

1764 3710 1957 3778 duit,
2013 3712 2154 3781 quod
2191 3695 2317 3767 erai
2373 3714 2424 3766 in
2489 3722 2634 3767 terra
2684 3715 2899 3769 victuro
2958 3709 3357 3765 necessarium.

1793 3803 1928 3856 Cum
1978 3813 2156 3857 autem
2208 3815 2468 3873 prmlerca
2518 3808 2586 3860 sit
2630 3806 2904 3875 quoddam
2965 3798 3363 3856 tabernaculum

1796 3895 1955 3964 ’117
1990 3905 2037 3948 et
2080 3905 2283 3950 terrena
2329 3897 2587 3950 habitatio
2613 3897 2657 3928 ⁸⁸
2691 3893 3040 3950 tabernaculo
3090 3890 3360 3960 quodam-

1795 3989 1954 4041 modo
1983 3991 2315 4055 necessaria,
2364 3990 2562 4044 docent
2610 3987 2906 4056 Scriptura!
2937 3984 3258 4040 dissolutum
3295 3979 3360 4033 iri

1794 4086 2062 4132 terrenam
2094 4079 2503 4140 habitationem,
2545 4079 2950 4132 tabernaculum
2975 4089 3102 4127 vero
3128 4070 3365 4136 superia-

1794 4165 2060 4219 duendum
2076 4183 2188 4220 esse
2201 4168 2355 4220 domo
2376 4184 2478 4220 non
2495 4166 2825 4234 ntanufacta,
2845 4175 3041 4219 (eterna
3065 4165 3118 4216 in
3136 4163 3277 4215 caelis
3291 4160 3358 4213 °’.

1797 4255 1991 4310 Dicunt
2040 4259 2204 4311 etiam
2240 4259 2486 4312 homines
2517 4254 2609 4308 Dei
2644 4253 2998 4323 corruptibile
3045 4252 3359 4306 induturum

1793 4363 1914 4402 esse
1961 4347 2421 4418 incorruptionem
2455 4351 2523 4416 7°,
2568 4366 2688 4419 qua:
2719 4347 2900 4404 diﬂ‘ert
2930 4347 2996 4399 ab
3030 4341 3364 4408 incorrupti-

1795 4439 1887 4494 bili
1912 4457 1926 4504 ;
1962 4450 2016 4495 et
2045 4444 2272 4494 mortale
2306 4442 2617 4496 indutui-um
2646 4439 3130 4500 immortalitatem,
3156 4448 3277 4502 quae
3310 4440 3366 4486 et

143 4540 372 4608 τυγχάνον
401 4539 511 4608 (51)
542 4535 638 4590 τοῦ
665 4536 954 4589 ἀθανάτου.
975 4537 1070 4588 Ὃν
1090 4535 1196 4607 γὰρ
1214 4535 1368 4604 λόγον
1389 4536 1498 4605 ἔχει
1529 4535 1688 4603 σοφία

1804 4533 1910 4601 ipsa
1950 4532 2224 4600 discrepat
2252 4532 2320 4585 ab
2362 4533 2676 4590 immortali.
2708 4529 2778 4586 Ut
2810 4530 2954 4584 enim
2999 4525 3267 4595 sapientia
3307 4538 3367 4576 se

144 4629 254 4701 πρὸς
283 4632 339 4684 τὸ
371 4631 554 4699 σοφὸν,
598 4629 692 4681 καὶ
729 4627 1036 4698 δικαιοσύνη
1072 4629 1207 4700 πρὸς
1248 4629 1308 4682 τὸ
1335 4629 1559 4691 δίκαιον,
1592 4627 1686 4681 καὶ

142 4721 300 4795 εξρήνη
331 4725 463 4796 πρὸς
485 4724 546 4777 τὸ
573 4721 842 4793 εἰρηνικόν
862 4738 874 4750 ·
906 4721 1092 4773 τοῦτον
1117 4723 1209 4775 τὸν
1232 4708 1387 4789 λόγον
1412 4719 1688 4791 ἁφθαρσὶα

144 4812 223 4880 μὲν
276 4817 404 4886 πρὸς
455 4815 754 4883 ἄφθαρτον,
803 4812 1066 4866 ἀθανασία
1113 4813 1168 4866 δὲ
1215 4814 1348 4884 πρὸς
1399 4814 1683 4866 ἀθάνατον.

143 4904 262 4974 Ὀρα
287 4903 376 4960 οὖν
407 4908 491 4975 ἐφ’
521 4900 610 4958 οἷα
643 4903 938 4975 προτρέπει
968 4905 996 4956 ὁ
1024 4903 1201 4972 λόγος,
1237 4903 1558 4956 ἐνδύσασθαι
1601 4901 1688 4955 λέ-

141 5009 232 5059 γων
272 4996 366 5066 τὴν
413 4993 721 5065 ἀφθαρσίαν
763 4992 858 5044 καὶ
898 4991 994 5061 τὴν
1024 4991 1350 5045 ἀθανασίαν·
1390 4990 1581 5052 ἅτινα,
1612 4991 1687 5054 ὡς

140 5081 385 5153 ἐνδύματα
445 5084 524 5155 τῷ
596 5081 938 5151 ὲνδυσαμένῳ
993 5080 1088 5135 καὶ⁴
1144 5078 1516 5150 περιεχομένῳ
1583 5077 1690 5132 τῶν

141 5175 364 5229 τοιούτων
404 5176 736 5242 ἐνδυμάτων,
769 5175 868 5227 οὐκ
908 5175 972 5243 ἐᾷ
1010 5173 1282 5245 φθαρῆναι
1330 5172 1362 5242 ἢ
1396 5171 1689 5224 ἀποθανεῖν

200 5306 445 5366 “lloan.
469 5325 530 5376 ιι,
554 5309 608 5372 8;
636 5315 800 5368 llebr.
834 5329 905 5375 ικ,
941 5313 1048 5370 24:
1084 5314 1313 5368 Malach.
1350 5328 1423 5376 iv,
1451 5312 1505 5366 2,

143 5393 217 5446 xv,
248 5384 327 5439 i9.
399 5388 443 5419 ⁸³
471 5387 512 5440 ll
537 5387 660 5441 Cor.
696 5399 746 5448 ν,
783 5386 841 5440 1.
911 5385 956 5416 ⁷ο
991 5385 1004 5437 Ι
1035 5384 1161 5439 Cor.
1195 5400 1287 5452 xv,
1315 5385 1407 5440 55.

145 5588 165 5601 κ
204 5523 300 5592 (48)
332 5528 481 5603 Post
503 5531 638 5602 φησί
675 5530 1009 5587 Πωεοιιθιίιιε
1037 5540 1090 5587 et
1131 5534 1444 5603 Spencerus
1475 5532 1681 5588 addunt

142 5597 373 5664 61t,qtl0d
396 5597 675 5656 redundat.

201 5665 298 5728 (4⁸))
336 5668 417 5733 Τῷ
455 5671 572 5724 ἀπὸ
604 5671 865 5726 ἰδιωτῶν.
916 5672 989 5724 ita
1023 5681 1173 5727 recte
1209 5675 1380 5728 codex
1415 5669 1682 5728 Jolianus.

145 5725 450 5793 "test-belius
481 5750 660 5797 autem
691 5751 745 5798 ct
777 5725 1108 5812 Spencerus,
1126 5725 1187 5795 τὸ
1221 5725 1328 5797 ἀπὸ
1353 5725 1607 5797 τίδιωτῶν.

1587 5313 1631 5344 ⁸⁵
1669 5312 1807 5367 Dan.
1841 5330 1914 5382 tv,
1946 5314 2036 5371 57.

1798 4624 1958 4677 habet
1982 4625 2048 4678 ad
2079 4624 2128 4677 id
2164 4624 2304 4692 quod
2341 4624 2559 4692 sapiens
2592 4634 2694 4688 est,
2721 4634 2781 4678 ut
2803 4620 3013 4691 justitia
3046 4619 3112 4672 ad
3137 4617 3189 4671 id
3223 4615 3367 4683 quod

1790 4715 2019 4782 justum,
2053 4722 2106 4766 ut
2143 4730 2248 4783 pax
2274 4716 2338 4766 ad
2365 4715 2416 4767 id
2445 4715 2587 4781 quod
2613 4714 2932 4782 picilicum;
2978 4710 3059 4764 sic
3112 4721 3170 4760 se
3202 4707 3370 4760 habet

1797 4807 2130 4876 incorruptio
2171 4807 2236 4861 ad
2285 4806 2694 4876 iucorruptihile
2741 4813 2796 4860 et
2865 4799 3251 4857 immortalitas
3297 4800 3364 4854 ad

1799 4900 2123 4952 immortale.
2164 4899 2299 4954 Vide
2349 4900 2512 4968 igitur
2549 4900 2616 4952 ad
2650 4913 2770 4968 quae
2819 4913 2918 4953 nos
2949 4899 3194 4951 hortetur
3221 4893 3367 4949 Scri-

1795 5000 1977 5058 ptura,
1999 5005 2122 5044 cum
2153 4991 2281 5045 dicit
2309 4991 2553 5047 indutum
2614 4992 2679 5046 iri
2737 5006 2836 5046 nos
2872 4990 3281 5059 incorruptione
3307 4998 3365 5044 et

1795 5082 2222 5146 immortalitate,
2255 5083 2452 5151 quibus
2482 5085 2571 5153 qui
2605 5096 2859 5156 tanquam
2905 5082 3235 5138 indumentis
3266 5095 3362 5137 ve-

1791 5173 1988 5227 Stietur
2013 5181 2176 5242 atque
2215 5174 2696 5240 circumvolvetur,
2720 5175 2992 5244 corrumpi
3017 5183 3072 5229 et
3093 5173 3231 5228 mori
3254 5186 3363 5228 non

2113 5316 2158 5349 “
2183 5315 2288 5372 lsa.
2323 5332 2376 5381 ν,
2411 5316 2498 5370 12.
2589 5316 2634 5348 ⁶⁷
2659 5317 2700 5372 Il
2729 5316 2854 5371 Cor.
2880 5333 2935 5381 ν,
2970 5319 3020 5372 ι.
3101 5317 3148 5350 ⁸⁸
3169 5313 3360 5377 Matth.

1853 5529 1964 5602 (50)
1998 5529 2340 5602 Hmschelins
2373 5530 2424 5584 iu
2458 5539 2628 5602 textu,
2651 5529 2745 5602 τού
2774 5529 2938 5583 τόπου
2952 5530 3193 5602 ἐκείνου.
3219 5531 3361 5585 Pan.

1781 5601 1837 5673 ιρ
1864 5598 2002 5673 post
2031 5601 2213 5673 code;
2260 5599 2525 5673 Jolianys,
2561 5600 2603 5673 ὃ-
2623 5600 2883 5673 πρότερον
2923 5598 3056 5673 εἶχε,
3097 5601 3355 5673 δεομένη.

1790 5664 2064 5743 Ηαέςοιιθι.
2098 5681 2152 5724 et
2180 5672 2402 5743 Spenc.,
2420 5664 2764 5743 Δπρύτερον
2791 5664 2923 5743 εἶχε,
2949 5664 3207 5743 δεομένῳ.

1867 5742 1977 5815 (Si)
2013 5741 2337 5812 Τυγχιὶνον.
2383 5740 2564 5798 Mallet
2597 5740 2925 5808 Bohcrellus,
2965 5740 3353 5812 τυγχάνουσαν.
