3846 6406
525 388 660 443 Ιτίϐἳ

1979 379 2300 436 ORIGENIS

3605 383 3714 440 ιιιι

517 504 742 574 poterit.
791 503 967 570 Atque
1019 501 1130 554 hsce
1159 514 1320 554 ausus
1365 513 1482 552 sum
1517 498 1811 566 disputare,
1865 506 2075 566 propter

2189 494 2277 546 τὸν
2308 493 2686 562 περικείμενον
2711 494 2868 546 αὑτά.
2901 493 3007 546 Καὶ
3033 493 3208 547 ταῦτα
3236 495 3280 546 δ’
3307 496 3438 564 ἡμῖν
3469 497 3718 552 ἀποτετολ-

519 591 644 647 enm
679 593 767 663 qui
805 591 1264 645 resurrectionem
1297 599 1582 656 propterea
1615 589 1896 640 cavillatus
1921 597 1996 641 est
2027 597 2082 640 et

520 681 712 746 irrisit,
743 681 890 750 quia,
919 681 1046 750 quid
1075 681 1176 734 hoc
1219 679 1432 734 nurnine
1477 679 1834 748 significetur,
1861 693 1966 732 uou
2001 679 2084 730 in-

519 771 820 826 tellexerat.

589 861 676 916 '53.
717 861 1046 915 Existimans
1085 869 1266 914 autem
1315 861 1732 914 resurrectionis
1764 861 2078 930 mysterium

519 967 580 1006 ea
619 966 784 1006 causa
819 967 850 1004 a
882 951 1038 1005 nobis
1067 951 1270 1016 doceri,
1303 957 1362 1002 ut.
1394 963 1782 1018 cognoscamus
1811 961 1866 1006 et
1901 953 2080 1006 videaé

521 1058 642 1096 mus
677 1042 865 1110 Deum,
894 1043 995 1097 sibi
1031 1042 1195 1097 sumit
1225 1055 1344 1109 qum
1371 1039 1504 1098 vult.
1549 1041 1675 1109 Ejus
1711 1043 1874 1096 verba
1911 1052 2035 1096 sunt
2064 1059 2078 1096 :

518 1130 802 1200 Postquam
819 1133 1158 1200 undecunque
1179 1134 1394 1202 refutati
1407 1143 1526 1186 sunt
1547 1144 1592 1188 et
1615 1134 1852 1198 convicti,
1874 1149 2078 1198 rursus,

516 1223 672 1290 quasi
701 1223 834 1276 nihil
877 1223 1192 1290 audiissent,
1222 1227 1290 1277 ad
1319 1229 1556 1280 eamdem
1601 1227 1808 1279 redeunt
1837 1224 2084 1291 quwstio-

519 1328 633 1365 nem
676 1331 696 1370 :
744 1313 1020 1378 Quomodo
1069 1316 1236 1383 igitur
1284 1332 1656 1386 rognoscemus
1703 1324 1750 1367 et
1797 1315 2080 1368 videbimus

515 1399 684 1454 Deum
702 1402 728 1454 ?
753 1402 1026 1467 Quomodo
1045 1405 1114 1456 ad
1145 1421 1263 1458 eum
1295 1407 1482 1458 ibimus
1499 1405 1686 1458 fSeiat
1708 1419 1836 1473 ergo
1855 1405 2080 1472 quicun-

515 1506 622 1559 que
655 1491 903 1556 voluerit,
939 1494 1154 1548 etiamsi
1187 1509 1420 1564 corpore
1449 1509 1582 1564 opus
1624 1493 1916 1547 habeamus
1955 1509 2078 1546 cum

515 1583 582 1636 ad
629 1583 763 1638 alios
806 1599 958 1650 usus,
1011 1595 1124 1638 tum
1181 1595 1242 1639 ut
1287 1587 1340 1638 in
1385 1585 1503 1638 loco
1552 1599 1814 1653 corporeo
1863 1585 2076 1648 simus;

515 1676 727 1729 etiamsi
755 1689 982 1742 corpore
1005 1677 1220 1744 quidem
1251 1691 1385 1743 opus
1419 1676 1492 1730 sit
1523 1675 1638 1738 tali,
1662 1675 1834 1742 qualis
1857 1684 1938 1728 est
1959 1689 2081 1728 cor-

514 1766 659 1833 porei
683 1765 786 1820 loci
821 1776 1034 1832 natura,
1067 1777 1120 1820 et
1147 1776 1430 1836 propterea
1471 1781 1634 1836 super
1664 1766 2076 1820 tabernaculum

2190 581 2382 652 μήσθω
2407 581 2494 634 διὰ
2533 583 2624 634 τὸν
2655 583 2728 651 μὴ
2776 584 3046 652 νοήσαντα
3079 584 3108 635 6
3143 601 3192 635 τι
3225 585 3356 636 ποτὲ
3387 585 3602 656 λέγομεν
3625 589 3713 656 (52)

2183 674 2280 742 τὴν
2309 673 2624 736 ἀνάστασιν,
2651 671 2742 724 κα)¹
2767 672 2854 724 διὰ
2875 672 3032 726 τοῦτο
3053 675 3298 742 γελῶντα
3320 676 3412 746 κα)
3433 677 3715 746 χλευάζοντα

2183 765 2242 817 ὃν
2272 765 2372 817 οὐκ
2402 758 2511 816 οἶδε
2541 764 2716 832 λόγον.

2255 858 2508 928 Οξόμενος
2557 857 2602 909 δ’
2645 858 2822 926 ἡμᾶς,
2870 857 2956 909 διὰ
2999 857 3058 909 τὸ
3099 858 3306 926 γνῶναι
3353 861 3446 914 καὶ
3491 863 3602 916 ἰδεῖν
3645 865 3715 918 τὸν

2183 949 2335 1011 θεὸν,
2366 946 2686 1018 πρεσϐεύειν
2719 945 2788 998 τὰ
2817 948 2942 1016 περὶ
2983 947 3082 1017 τῆς
3113 949 3482 1014 ἀναστάσεως,
3521 955 3714 1026 συνείρει

2183 1039 2361 1108 ἑαυτῷ
2401 1038 2435 1090 ἃ
2471 1037 2748 1107 βούλεται,
2779 1037 2872 1092 καὶ
2915 1037 3140 1092 τοιαῦτά
3193 1057 3360 1109 φησιν
3383 1059 3396 1072 ·
3461 1044 3626 1098 Ὅταν
3655 1046 3714 1112 δὴ

2185 1131 2479 1185 πάντοθεν
2504 1131 2880 1199 ἐξείργωνται
2919 1131 3014 1182 καὶ
3053 1130 3372 1200 διελέγχων
3383 1150 3505 1196 ται,
3543 1136 3712 1198 πάλιν,

2183 1221 2384 1288 ὥσπερ
2415 1219 2596 1274 οὐδὲν
2635 1219 2982 1286 ἀκηκοότες,
3031 1219 3358 1272 ἐπανίασιν
3385 1219 3478 1272 ἐπὶ
3507 1223 3567 1274 τὸ
3599 1226 3711 1276 αὐτὸ

2183 1308 2478 1376 ἐρώτημα,
2509 1307 2640 1372 ιΙῶς
2665 1303 2778 1362 οὖν
2803 1305 3034 1375 γνῶμεν
3063 1307 3159 1359 καὶ
3197 1306 3416 1376 ἴδωμεν
3443 1309 3542 1362 τὸν
3571 1314 3712 1376 Geor,-

2183 1399 2281 1451 καὶ
2335 1396 2468 1462 Πῶς
2519 1397 2696 1466 ιωμεν
2726 1396 2877 1464 πρὸς
2913 1397 3138 1462 αὐτόν;
3174 1397 3336 1450 Ἰστω
3369 1396 3464 1452 οὖν
3499 1402 3526 1452 6
3569 1400 3714 1472 βουλό-

2185 1504 2344 1558 μενος
2366 1527 2380 1551 ,
2415 1487 2496 1540 ὅτι
2529 1487 2634 1540 κᾶν
2663 1489 2744 1549 είς
2787 1487 2922 1540 ἄλλα
2949 1487 3198 1558 δεώμεθα
3229 1489 3512 1560 σώματος,
3557 1495 3622 1564 τῷ
3669 1497 3712 1548 ἐν

2181 1581 2330 1650 τόπῳ
2361 1579 2654 1649 σωματικῷ
2676 1579 2788 1650 (55)
2817 1581 3125 1648 τυγχάνειν,
3169 1581 3265 1634 καὶ
3297 1583 3552 1646 τοιούτου,
3585 1589 3714 1640 tiae-is

2181 1674 2328 1726 ἐστὶν
2355 1675 2387 1742 ή
2419 1671 2578 1739 φύσις
2597 1671 2690 1724 τοῦ
2724 1671 3034 1740 σωματικοῦ
3065 1671 3254 1736 τόπου,
3278 1676 3374 1727 καὶ
3401 1674 3708 1746 δεόμενοιτοῦ

2185 1764 2429 1834 σώματος
2445 1763 2808 1834 ὲπενδυόμεθα
2825 1763 2934 1832 (54)
2952 1763 3028 1834 τῷ
3049 1765 3240 1834 σκήνει
3259 1767 3330 1819 τὰ
3355 1771 3708 1839 προειρημέναι

515 1857 585 1910 iis
614 1856 902 1912 induamur
954 1872 1076 1925 quze
1123 1859 1280 1912 modo
1310 1859 1583 1924 diximus;
1622 1874 1722 1914 nos
1767 1868 1946 1912 tamen
1976 1874 2075 1911 non

2185 1855 2296 1908 ἀλλ’
2331 1857 2410 1917 εἰς
2459 1854 2655 1922 γνῶσίν
2705 1871 2768 1922 γε
2819 1854 2954 1906 Θεοῦ
3001 1855 3254 1925 σώματος
3284 1857 3530 1927 οὐδαμῶς
3551 1861 3709 1930 χρῇζο-

515 1959 675 2016 egere
693 1961 918 2016 corpore
941 1949 1006 2000 ad
1024 1948 1454 2018 cognoscendum
1481 1949 1672 2004 Deum.
1704 1950 1757 2004 Id
1782 1949 1924 2004 enim
1939 1945 2082 2016 quod

515 2037 661 2090 videt
685 2037 873 2102 Deum,
897 2052 1001 2090 non
1033 2047 1112 2091 est
1137 2037 1322 2092 oculus
1344 2040 1608 2108 corporis,
1641 2041 1734 2094 sed
1773 2053 2081 2107 mens,qu:e

517 2126 585 2179 ad
628 2127 914 2198 imaginem
948 2127 1258 2184 Conditoris
1307 2130 1447 2186 facta
1477 2141 1582 2196 est,
1612 2140 1667 2186 et
1697 2147 1726 2186 ιι
1757 2130 1850 2186 Dei
1896 2131 2076 2199 provi-

515 2216 699 2271 dentia
725 2219 815 2272 Dei
850 2223 1212 2288 cognoscendi
1241 2221 1550 2278 facultatem
1582 2224 1813 2290 accepit.
1852 2223 1906 2276 Id
1935 2221 2078 2290 quod

515 2305 680 2361 Deum
707 2309 873 2373 videt,
909 2322 989 2364 est
1017 2325 1112 2366 cor
1160 2327 1376 2382 purum,
1425 2315 1566 2368 unde
1599 2329 1703 2368 non
1723 2315 1952 2382 amplius
1982 2327 2080 2367 ex-

513 2402 996 2470 euntcogitationes
1019 2403 1190 2470 malm,
1216 2421 1318 2458 non
1339 2405 1642 2470 homicidia,
1662 2423 1764 2458 non
1792 2405 2079 2469 adulteria,

513 2507 616 2544 non
651 2491 1046 2560 fornicationes,
1093 2511 1194 2548 non
1229 2495 1396 2562 furta.
1433 2511 1538 2548 non
1579 2495 1717 2564 falsa
1751 2495 2078 2560 testimonia,

515 2597 616 2633 non
669 2579 1026 2649 blasphemia,
1063 2599 1164 2636 non
1204 2585 1388 2638 oculus
1433 2601 1656 2654 nequam
1680 2585 1748 2648 ⁷¹,
1797 2600 1900 2639 non
1933 2585 2078 2639 aliud

511 2671 801 2739 quidquam
831 2673 1102 2730 vitiosum.
1135 2675 1424 2742 Propterea
1445 2675 1684 2730 dicitur:
1713 2675 1862 2729 Beati
1883 2677 2077 2729 mundo

510 2761 666 2814 corde
683 2803 698 2827 ,
719 2764 968 2830 quoniam
991 2763 1090 2829 ipsi
1114 2764 1276 2817 Deum
1299 2765 1542 2818 videbunt
1567 2766 1634 2818 ".
1661 2765 1926 2830 Quoaiam
1949 2779 2077 2819 vero

511 2859 569 2904 ut
597 2865 690 2905 cor
715 2853 934 2906 omnino
971 2855 1222 2908 mundum
1255 2855 1700 2919 habeamus,uon
1733 2857 1930 2912 sufﬁcit
1955 2873 2078 2926 pro-

511 2941 750 3010 positqu
821 2953 1100 3008 nostrum,
1159 2946 1253 2998 sed
1313 2960 1451 3014 opus
1505 2955 1588 3000 est
1636 2955 1694 3000 ut
1745 2948 1824 3000 sic
1881 2963 1909 2999 a
1971 2948 2078 3002 Deo

510 3043 764 3098 creetur;
797 3033 917 3088 ideo
944 3033 1035 3103 qui
1065 3045 1316 3104 precatur
1337 3037 1479 3089 sicut
1513 3047 1752 3104 oportet.
1793 3038 1890 3091 hac
1917 3053 2076 3106 prece

511 3125 682 3179 utitur
711 3145 722 3180 :
756 3123 862 3180 Cor
883 3124 1138 3179 mundum
1167 3141 1284 3178 crea
1317 3129 1368 3178 in
1399 3143 1500 3194 me,
1533 3127 1670 3181 Deus
1693 3129 1758 3181 ⁷³.

577 3297 668 3354 54.
697 3299 801 3354 Sed
821 3301 1409 3369 neque,qnasiDeusin
1437 3303 1558 3356 loco
1577 3311 1744 3366 esset.
1774 3303 2075 3370 interroga-

509 3389 684 3444 bimus
709 3391 966 3459 quomodo
981 3393 1108 3444 ituri
1133 3393 1294 3445 simus
1322 3394 1390 3445 ad
1410 3393 1580 3447 illum.
1603 3393 1741 3446 Deus
1763 3395 1905 3446 enim
1927 3393 2072 3446 muni

509 3478 628 3534 loco
656 3481 849 3534 melior
879 3483 1062 3536 omnia
1106 3484 1539 3550 comprehendit,
1571 3499 1670 3536 nec
1705 3484 1810 3536 ulla
1839 3499 1896 3538 re
1929 3498 2076 3537 com-

507 3573 886 3644 prehenditur.
917 3573 1028 3626 Non
1055 3573 1222 3643 igitur
1256 3591 1486 3643 corpore
1519 3577 1582 3628 ad
1620 3575 1784 3628 Deum
1811 3577 2074 3628 accedere

503 3668 661 3736 jubet
689 3667 831 3720 istud
865 3675 1200 3737 praeceptum
1235 3685 1246 3718 :
1285 3665 1410 3720 Post
1439 3667 1720 3720 Dominum
1745 3666 2072 3718 Deumtuum

505 3758 798 3810 ambulabis
819 3757 894 3823 '5;
945 3773 1122 3826 neque
1169 3759 1436 3826 PrOpheta
1485 3771 1712 3822 corpore
1761 3757 2074 3808 adluerehat

509 3846 638 3910 Deo,
666 3863 786 3901 cum
822 3861 986 3902 orans
1017 3849 1181 3918 718
1205 3848 1413 3902 diceret
1445 3865 1458 3902 :
1495 3843 1936 3899 Adha'sit'anima
1960 3863 2073 3899 mea

505 3947 620 4004 post
645 3945 694 3990 te
723 3937 790 3991 ".
839 3936 948 3990 Nos
997 3937 1165 4008 igitur
1193 3937 1562 3991 calumniatur
1601 3936 1815 4000 Celsus,
1849 3951 1969 3990 cmn
2001 3937 2074 3992 ait

505 4043 725 4094 sperare
755 4046 845 4082 nos
863 4031 1123 4096 futurum,
1145 4039 1200 4080 ut
1221 4027 1388 4081 oculis
1413 4027 1649 4092 corporis
1672 4027 1838 4080 Deum
1863 4029 2071 4080 intuea-

503 4135 644 4182 mur,
688 4122 903 4174 auribus
931 4137 1102 4174 vocent
1131 4119 1244 4185 ejus
1275 4120 1580 4184 audiamus,
1607 4129 1656 4174 et
1689 4119 1933 4175 manibus
1953 4135 2072 4172 cor-

505 4213 648 4277 poris
667 4228 786 4265 eunt
817 4220 1212 4266 contrectemus.
1239 4211 1451 4266 Scimus
1479 4212 1530 4266 in
1551 4211 1752 4266 divinis
1777 4211 2074 4281 Scripturis

503 4305 835 4358 mentionem
871 4303 987 4357 tieri
1015 4303 1082 4356 de
1119 4303 1310 4367 oculis,
1345 4304 1412 4358 de
1440 4303 1690 4369 auribus,
1724 4305 1790 4358 de
1821 4304 2073 4358 manibus

505 4409 624 4464 quas
655 4409 777 4449 cum
827 4396 948 4449 istis
994 4396 1243 4464 corporis
1297 4397 1547 4465 partibus
1597 4396 1814 4450 nonnisi
1877 4411 2072 4451 nomen

503 4501 790 4540 commune
815 4486 1032 4552 habent,
1053 4486 1185 4550 imo,
1204 4487 1342 4556 quod
1369 4486 1667 4542 mirabilius
1689 4499 1794 4550 est,
1814 4488 1882 4542 de
1911 4502 2070 4542 sensu

2186 1963 2302 2016 μεν.
2366 1946 2438 1998 T6
2479 1945 2588 2016 γὰρ
2635 1945 2936 2013 γιγνῶσκον
2983 1947 3135 2010 Θεὸν,
3187 1949 3290 2000 οὐκ
3341 1949 3600 2020 ὀφθαλμός
3617 1953 3706 2004 ἐστι

2183 2033 2433 2104 σώματος
2453 2074 2466 2098 ,
2509 2034 2646 2087 ἀλλὰ
2675 2035 2830 2098 νοῦς,
2863 2035 3004 2106 ὁρῶν
3028 2036 3138 2106 (55)
3185 2037 3246 2089 τὸ
3289 2041 3410 2090 κατ’
3441 2042 3606 2094 είκόνα
3634 2041 3706 2094 τοῦ

2181 2125 2494 2187 κτίσαντος,
2529 2127 2622 2178 καὶ
2655 2125 2714 2178 τὸ
2749 2127 3044 2196 δυνάμενον
3083 2127 3412 2195 γιγνώσκειν
3445 2129 3564 2182 Θεὸν
3605 2147 3706 2200 προ-

2181 2215 2298 2286 νοίᾳ
2331 2215 2464 2268 Θεοῦ
2511 2215 2833 2284 ἀνειληφώς.
2875 2215 2985 2268 Καὶ
3009 2215 3070 2268 τὸ
3106 2215 3250 2286 ὁρῶν
3291 2217 3350 2268 δὲ
3378 2218 3504 2269 Θεὸν
3533 2219 3706 2288 καθαρά

2182 2306 2296 2358 ἐστι
2325 2305 2547 2374 καρδία,
2579 2305 2670 2372 ἀφ’
2709 2301 2775 2375 ἧς
2799 2305 2978 2356 οὐκέτι
3011 2305 3330 2376 ἐξέρχονται
3381 2307 3704 2377 διαλογισμοί

2181 2395 2458 2462 πονηροὶ,
2501 2396 2572 2448 οὐ
2614 2395 2782 2462 φόνοι
2799 2435 2814 2456 ,
2841 2395 2913 2448 οὐ
2943 2395 3200 2464 μοιχεῖαι
3221 2435 3244 2458 ,
3270 2398 3344 2450 οὐ
3367 2399 3629 2464 πορνεῖαι,
3651 2401 3704 2451 σὺ

2181 2486 2422 2548 κλοπαὶ,
2444 2488 2514 2539 οὺ
2542 2485 3044 2555 ψευδομαρτυρίαι
3061 2527 3076 2550 ,
3105 2489 3176 2540 οὐ
3197 2487 3591 2561 βλασφημίαι,
3619 2492 3706 2542 οὐκ

2181 2576 2484 2645 ὀφθαλμὸς
2509 2577 2802 2644 πονηρὸς,
2845 2577 2952 2628 οὐδ’
2999 2575 3126 2628 ἄλλο
3157 2595 3212 2629 τι
3241 2578 3351 2630 τῶν
3393 2579 3622 2647 ἀτόπωνο
3651 2579 3704 2630 δι’

2179 2668 2214 2722 ἃ
2247 2669 2494 2736 λέγεται·
2525 2667 2810 2736 Μακάριοι
2854 2672 2906 2722 οἱ
2949 2669 3194 2736 καθαροὶ
3245 2669 3320 2737 τῇ
3373 2671 3598 2738 καρδίᾳ,
3637 2670 3708 2720 ὅτι

2179 2760 2346 2812 αὐτοὶ
2391 2760 2494 2812 τὸν
2526 2759 2675 2811 Θεὸν
2713 2759 2984 2826 ὄψονται.
3061 2759 3216 2810 Ἐπεὶ
3257 2759 3302 2812 δ’
3333 2761 3433 2812 οὐκ
3473 2760 3706 2827 αὐτάρκης

2179 2852 2212 2920 ἡ
2247 2850 2490 2919 ἡμετέρα
2522 2849 2840 2919 προαίρεσις
2871 2849 3005 2919 πρὸς
3033 2850 3092 2900 τὸ
3125 2849 3304 2918 πάντη
3335 2850 3564 2918 καθαρὰν
3593 2849 3705 2917 ἔχειν

2179 2941 2274 3011 τὴν
2315 2940 2555 3010 καρδίαν,
2604 2939 2738 2992 ἀλλὰ
2767 2939 2902 2990 Θεοῦ
2947 2941 3076 3010 ήμῖν
3107 2939 3223 3003 δεῖ,
3269 2939 3538 3003 κτίζοντος
3567 2940 3704 3006 αὐτὴν

2179 3031 2460 3101 τοιαύτην·
2495 3031 2582 3082 διὰ
2629 3029 2787 3082 τοῦτο
2837 3029 3051 3096 λέγεται
3087 3030 3192 3083 ὑπὸ
3233 3031 3328 3082 τοῦ
3375 3029 3706 3099 ἐπιστημόνως

2181 3119 2504 3189 εὐχομένου’
2535 3119 2795 3187 Καρδίαν
2831 3119 3096 3186 καθαρὰν
3141 3120 3356 3172 κτίσον
3400 3119 3468 3172 ἐν
3509 3118 3644 3188 ἐμοὶ,
3681 3119 3706 3168 d

2103 3205 2143 3260 C
2181 3211 2342 3274 Θεός.

2259 3302 2396 3354 Ἀλλ’
2441 3301 2570 3364 οὐδ’,
2601 3302 2676 3364 ὡς
2723 3303 2776 3352 ὲν
2809 3305 2957 3371 τόπῳ
2993 3300 3146 3363 ὄντος
3191 3301 3286 3354 τοῦ
3335 3301 3494 3362 Θεοῦ,
3549 3297 3707 3350 πευσό-

2180 3393 2319 3461 μεΟὰ
2362 3409 2526 3456 τινος,
2563 3393 2657 3444 καὶ
2709 3391 2960 3462 ἐροῦμεν,
2992 3391 3122 3456 Πῶς
3151 3392 3330 3459 ἴωμεν
3355 3392 3498 3459 πρὸς
3525 3389 3702 3446 αὐτόν,

2177 3483 2437 3553 κρείττων
2469 3483 2576 3552 γὰρ
2611 3485 2639 3534 6
2671 3483 2800 3544 Θεὸς
2831 3482 3031 3544 παντὸς
3061 3483 3250 3544 τόπου,
3285 3481 3384 3534 καὶ
3409 3478 3704 3550 περιεκτικὸς

2177 3575 2378 3636 παντὸς
2416 3571 2751 3624 οὑτινοσοῦν·
2803 3571 2896 3624 καὶ
2927 3571 3078 3634 οὐδέν
3121 3572 3239 3622 ἐστι
3275 3571 3337 3621 τὸ
3381 3567 3704 3640 περιέχονατον

2175 3665 2324 3716 Θεόν.
2387 3663 2458 3714 Τὸ
2513 3662 2646 3716 ἰέναι
2693 3657 2784 3714 οὖν
2828 3661 2961 3722 πρὸς
2997 3661 3090 3712 τὸν
3121 3661 3254 3713 Θεὸν
3309 3663 3371 3714 οὐ
3429 3657 3702 3728 σωματικῶς

2177 3753 2574 3824 προστέτακται
2613 3754 2738 3822 ἡμῖν
2758 3769 2772 3782 ο
2811 3751 2904 3814 τὸ,
2959 3751 3180 3804 Ὀπίσω
3212 3752 3435 3816 Kvpt'ov
3465 3748 3558 3800 τοῦ
3586 3744 3702 3800 Θεοῦ

2175 3863 2289 3900 σου
2325 3845 2590 3912 πορεύσῃ
2615 3861 2628 3873 ·
2679 3843 2798 3895 οὐδὲ
2843 3841 3166 3911 σωματικῶς
3197 3844 3226 3893 6
3259 3842 3563 3910 προφήτης,
3605 3837 3702 3888 κολα

2175 3933 2358 4004 λήθεις
2407 3932 2483 4002 τῷ
2537 3930 2674 4001 Θεῷ,
2727 3931 2890 4000 φησιν
2947 3932 3004 3982 ἐν
3060 3932 3124 3999 τῇ
3183 3931 3348 3999 εὐχῇ·
3416 3925 3700 3988 Euam-litin

2176 4025 2366 4077 ὀπίσω
2397 4039 2512 4077 σου
2543 4024 2582 4090 ἠ
2629 4020 2798 4090 ψυχή
2831 4039 2970 4090 μου.
3003 4020 3412 4088 Καταψεύδεται
3457 4015 3543 4071 οὖν
3579 4015 3701 4085 ἡμῶν

2175 4115 2412 4178 Κέλσος,
2471 4115 2646 4182 λέγων
2699 4111 3140 4179 προσδέχεσθαι
3203 4109 3366 4180 ἡμᾶς
3423 4105 3702 4178 (ﬁgamus-ig

2175 4203 2446 4272 σώματος
2481 4202 2628 4256 Θεὸν
2659 4201 2944 4270 ὄψεσθαι,
2987 4202 3082 4254 καὶ
3131 4201 3242 4254 ὠσὶ
3277 4199 3384 4268 τῆς
3407 4198 3596 4268 φωνῆς
3619 4199 3701 4248 αὺ-

2174 4296 2282 4349 τοῦ
2301 4297 2664 4348 ἀκούσεσθαι
2682 4292 2812 4362 (56),
2839 4292 2938 4344 καὶ
2963 4293 3177 4360 χερσὶν
3195 4291 3508 4360 αἰσθηταῖς
3525 4289 3701 4356 ψαύειν

2175 4385 2380 4440 αὑτοῦ.
2409 4385 2638 4454 Οἰῦαμεν
2661 4383 2716 4436 δὲ
2731 4383 3036 4453 ὁμωνύμως
3053 4385 3166 4444 τοῖς
3193 4383 3442 4452 σώματος
3455 4379 3700 4448 ὀφθαλμοῖς

2177 4481 2500 4551 λεγομένους
2531 4479 2636 4531 ὑπὸ
2667 4477 2774 4530 τῶν
2809 4477 2968 4530 θείων
2992 4477 3164 4545 λόγων
3195 4475 3520 4544 ὀφθαλμοὺς,
3541 4469 3700 4540 ὁμοίως

503 4577 770 4631 diviniore
821 4586 878 4630 et
915 4577 1022 4636 alio
1054 4593 1274 4645 prorsus
1298 4577 1365 4632 ab
1403 4579 1494 4632 illo
1524 4579 1614 4647 qui
1647 4577 1900 4647 loquendi
1933 4595 2066 4632 con-

2182 4574 2230 4625 δὲ
2263 4575 2354 4624 καὶ
2383 4571 2450 4624 τε
2481 4567 2626 4634 ὦτα,
2662 4569 2753 4622 καὶ
2785 4569 2886 4632 τὰς
2907 4571 3112 4638 χεῖρας,
3149 4569 3261 4630 καὶ,
3303 4567 3364 4619 τὸ
3403 4565 3592 4640 τούτων
3623 4575 3700 4610 παι

504 4659 790 4724 suetudine
823 4678 1070 4739 receptus
1099 4677 1205 4724 est.
1238 4669 1372 4723 Nam
1407 4685 1529 4724 cum
1579 4670 1850 4737 Propheta
1887 4669 2020 4723 dicit
2049 4685 2064 4723 :

507 4760 695 4815 Revela
723 4759 900 4814 oculos
945 4779 1084 4814 meos
1111 4771 1160 4814 et
1187 4747 1544 4814 considerabo
1579 4760 1848 4814 mirabilia
1871 4761 1934 4813 de
1959 4759 2069 4828 lege

507 4863 596 4904 tua
627 4853 675 4884 "
701 4868 714 4914 ;
747 4861 838 4904 aut
859 4870 872 4904 :
897 4849 1224 4921 Prwreptum
1247 4851 1455 4904 Domini
1481 4851 1735 4915 lucidum,
1761 4850 2066 4902 illuminans

505 4941 682 4994 oculos
709 4942 792 5005 7";
827 4951 919 4996 aut
953 4961 966 4996 :
1000 4941 1258 4996 “lumina
1291 4942 1468 4994 oculos
1515 4957 1657 4994 nteos
1685 4982 1698 5004 ,
1736 4959 1796 4995 ne
1833 4956 2066 5007 unquam

507 5033 832 5084 obdormiam
879 5033 930 5084 in
981 5033 1239 5098 morte";
1273 5047 1430 5088 nemo
1462 5034 1536 5087 ita
1585 5033 1836 5102 stupidus
1881 5039 1980 5092 est,
2011 5039 2068 5082 ut

2181 4662 2546 4735 ραδοξὸτερον,
2577 4660 2830 4730 αἴσθησιν
2859 4659 3154 4728 θειοτέραν,
3197 4659 3292 4710 καὶ
3333 4657 3562 4726 ὲτεροίαν
3583 4651 3699 4716 παρὰ

2175 4755 2272 4825 τὴν
2303 4753 2544 4824 συνήθως
2588 4753 2691 4805 ὑπὸ
2731 4749 2841 4802 τῶν
2873 4749 3080 4802 πολλῶν
3108 4747 3524 4817 ὀνομαζομένην.
3567 4738 3697 4794 Ἐπᾶν

2173 4846 2281 4916 γὶιρ
2337 4843 2468 4914 λέγῃ
2498 4843 2609 4914 (57)
2669 4843 2696 4893 6
2745 4841 3066 4910 Προφήτης·
3133 4837 3552 4904 Ἀποκάλυψον
3593 4828 3696 4890 rcis:

2175 4937 2518 5006 ὀφθαλμούς
2539 4949 2678 5003 μου,
2708 4931 2807 4984 καὶ
2841 4928 3194 4994 κατανοήσω
3215 4929 3286 4982 τὰ
3313 4923 3596 4997 θίιιεμιὶσιά
3609 4937 3694 4976 σου

2175 5031 2244 5081 ἐκ
2275 5026 2596 5095 τοῦνόμου
2629 5039 2740 5078 σου
2760 5039 2774 5053 '
2815 5023 2872 5094 ἦ,
2916 5022 2980 5077 Ἠ
3005 5019 3225 5088 ἐντολὴ
3265 5021 3483 5088 Kvplov
3523 5019 3695 5082 τηλαυ-

576 5153 619 5183 ⁷¹
655 5151 843 5207 Malth.
871 5170 960 5216 xv,
990 5153 1076 5219 19,
1100 5162 1150 5206 et
1181 5169 1253 5220 Vl,
1296 5155 1384 5208 23.
1443 5155 1486 5185 τ’
1517 5153 1703 5207 Matth.
1741 5169 1792 5216 ν,
1824 5153 1875 5206 8.
1940 5151 1985 5182 ⁷³
2013 5149 2075 5203 Ps

2193 5165 2242 5210 ι,
2277 5147 2361 5200 12.
2439 5147 2487 5179 ⁷⁸
2521 5147 2674 5200 Deut.
2705 5157 2821 5202 XIII,
2855 5142 2907 5196 4.
2971 5139 3032 5207 ,⁷³
3059 5139 3204 5194 Psal.
3231 5154 3362 5203 uti,
3389 5137 3442 5192 9.
3514 5133 3554 5165 "
3583 5125 3692 5183 Psal.

506 5236 692 5288 cxvm,
723 5223 809 5277 18.
889 5224 932 5254 ⁷⁷
959 5224 1096 5276 Psal.
1139 5239 1292 5290 xvut,
1318 5225 1371 5278 9.
1434 5223 1480 5254 ⁷⁸
1513 5225 1650 5278 Psal.
1683 5238 1778 5287 xu,
1806 5223 1860 5275 Δ.

579 5351 694 5424 (52)
719 5352 904 5424 codex
936 5353 1199 5424 Julianus,
1227 5353 1474 5424 λέγομεν,
1511 5353 1784 5424 liteschel.
1819 5363 1872 5408 et
1899 5353 2076 5424 Spen-

511 5418 646 5484 rer.,
674 5418 981 5541 λείγόμενον.
1012 5423 1210 5476 Ibidem
1237 5418 1391 5487 mss...
1425 5421 1752 5492 χλευάζοντα
1771 5424 1828 5476 ὃν
1849 5418 1954 5476 οὐκ
1969 5418 2076 5475 οἶδε

510 5488 685 5541 λόγον.
769 5491 990 5541 msehel.
1022 5503 1074 5541 et
1109 5493 1393 5541 Suencet'u
1424 5493 1747 5541 νλευάζοντα
1774 5494 1802 5541 ὃ
1838 5495 1936 5541 οὐκ
1969 5489 2075 5541 οἶδε

511 5489 685 5609 ἒόγον.
721 5489 990 5545 Ηαέευὶιοι.
1022 5503 1074 5546 et
1109 5493 1393 5561 Spenccr.,
1424 5489 1747 5562 χλευάζοντα
1774 5494 1802 5546 6
1838 5495 1936 5546 οὐκ
1969 5489 2075 5545 οἶδε

545 5575 818 5612 εγοιιενον.

545 5575 568 5609 ε
609 5575 636 5610 ο
681 5575 818 5612 ενον.

573 5575 880 5710 ἷεὲλιιεεη
908 5633 1219 5702 σωματικῷ.
1255 5632 1520 5686 llmschel.
1555 5643 1606 5686 et
1636 5634 1922 5701 Spencer.,
1973 5651 2076 5685 σω-

565 5713 778 5750 ατικως.

518 5713 778 5768 ματικως.

591 5766 699 5840 (54)
743 5769 1188 5838 Ἐπενδινιῖμεθα.
1227 5772 1370 5840 Lege
1417 5789 1533 5828 cum
1591 5775 1870 5830 Boliercllo
1915 5775 2072 5826 επεν-

2185 5345 2458 5418 δυώμεϐα.
2489 5355 2548 5418 u_t
2571 5344 2839 5418 referatur
2869 5344 2934 5418 a_d
2963 5343 3292 5418 prmeedens,
3323 5335 3572 5418 δειὶιμεῼα.

2259 5409 2370 5488 (55)
2414 5414 2786 5488 ὀρῶνειιεεο
2815 5417 2843 5467 ὁ
2874 5409 3052 5488 tim—et
3080 5414 3154 5488 ita
3185 5413 3312 5488 legit
3335 5409 3590 5488 Gelenius.

2259 5417 2348 5488 (55
2414 5417 2611 5483 Ὁρῶν.
2643 5417 2786 5482 Lego
2815 5417 2843 5467 6
2874 5417 2970 5476 ὥν,
2995 5422 3052 5466 et
3080 5417 3154 5465 ita
3185 5417 3312 5480 legit
3335 5417 3590 5462 Gelenius.

2255 5417 2373 5560 (56¢.
2401 5487 2582 5560 Corde);
2619 5485 2836 5560 Regius,
2863 5481 3210 5560 ἀκούσεσθαι.
3241 5481 3454 5560 llmseh.
3483 5485 3532 5560 et

2182 5544 2317 5618 cer"
2351 5544 2882 5610 axodsoeatJbidem
2910 5569 3007 5620 pro
3032 5552 3246 5622 ψαύειν,
3281 5549 3455 5604 malim
3483 5544 3684 5622 ψαιξσειγο

2255 5609 2367 5698 (57)
2399 5625 2668 5681 Ηωεριιοι.
2701 5632 2754 5677 et
2785 5609 3070 5693 Speneer;
3101 5609 3267 5690 λέγει.
3307 5622 3374 5675 At
3399 5609 3539 5678 mss},
3563 5609 3680 5676 λέγω

2185 5708 2403 5754 ιεοιιιιε.
