  <div class='ocr_page' id='page_1' title='image "/cluster/home/n/w/nwhite01/storage/ocr_20150623/11/hvd.32044024345175/740.png"; bbox 0 0 3894 6520; ppageno 0'>
   <div class='ocr_carea' id='block_1_1' title="bbox 108 427 238 485">
    <p class='ocr_par' dir='ltr' id='par_1_1' title="bbox 108 427 238 485">
     <span class='ocr_line' id='line_1_1' title="bbox 108 427 238 485; baseline -0.031 -1"><span class='ocrx_word' id='word_1_1' title='bbox 108 430 130 484; x_wconf 99' lang='grc'>1</span> <span class='ocrx_word' id='word_1_2' title='bbox 141 427 238 485; x_wconf 64' lang='grc'>169</span> 
     </span>
    </p>
   </div>
   <div class='ocr_carea' id='block_1_2' title="bbox 1268 410 2156 475">
    <p class='ocr_par' dir='ltr' id='par_1_2' title="bbox 1268 410 2156 475">
     <span class='ocr_line' id='line_1_2' title="bbox 1268 410 2156 475; baseline -0.01 0"><span class='ocrx_word' id='word_1_3' title='bbox 1268 418 1548 475; x_wconf 77' lang='lat' dir='ltr'>CONTRA</span> <span class='ocrx_word' id='word_1_4' title='bbox 1584 415 1858 473; x_wconf 80' lang='lat' dir='ltr'>CELSUM</span> <span class='ocrx_word' id='word_1_5' title='bbox 1885 413 2010 470; x_wconf 81' lang='lat' dir='ltr'>LIB.</span> <span class='ocrx_word' id='word_1_6' title='bbox 2051 410 2156 466; x_wconf 75' lang='lat' dir='ltr'>VII.</span> 
     </span>
    </p>
   </div>
   <div class='ocr_carea' id='block_1_3' title="bbox 3219 409 3354 462">
    <p class='ocr_par' dir='ltr' id='par_1_3' title="bbox 3219 409 3354 462">
     <span class='ocr_line' id='line_1_3' title="bbox 3219 409 3354 462; baseline 0.015 -2"><span class='ocrx_word' id='word_1_7' title='bbox 3219 409 3354 462; x_wconf 74' lang='lat' dir='ltr'>H70</span> 
     </span>
    </p>
   </div>
   <div class='ocr_carea' id='block_1_4' title="bbox 103 519 1659 620">
    <p class='ocr_par' dir='ltr' id='par_1_4' title="bbox 103 535 1659 620">
     <span class='ocr_line' id='line_1_4' title="bbox 103 535 1659 620; baseline -0.008 -20"><span class='ocrx_word' id='word_1_8' title='bbox 103 550 241 620; x_wconf 76' lang='grc' dir='ltr'>τὴς,</span> <span class='ocrx_word' id='word_1_9' title='bbox 284 544 619 614; x_wconf 73' lang='grc' dir='ltr'>φωτίζουσα</span> <span class='ocrx_word' id='word_1_10' title='bbox 660 539 1006 610; x_wconf 62' lang='grc' dir='ltr'>ὀφθαλμούς</span> <span class='ocrx_word' id='word_1_11' title='bbox 1031 555 1043 566; x_wconf 90' lang='grc'><strong>·</strong></span> <span class='ocrx_word' id='word_1_12' title='bbox 1097 537 1169 607; x_wconf 82' lang='grc' dir='ltr'>ἢ,</span> <span class='ocrx_word' id='word_1_13' title='bbox 1206 535 1476 590; x_wconf 75' lang='grc' dir='ltr'>Φώτισον</span> <span class='ocrx_word' id='word_1_14' title='bbox 1535 535 1659 601; x_wconf 76' lang='grc' dir='ltr'>τοὺς</span> 
     </span>
    </p>
   </div>
   <div class='ocr_carea' id='block_1_5' title="bbox 1767 519 3350 620">
    <p class='ocr_par' dir='ltr' id='par_1_5' title="bbox 1785 519 3350 604">
     <span class='ocr_line' id='line_1_5' title="bbox 1785 519 3350 604; baseline -0.006 -18"><span class='ocrx_word' id='word_1_15' title='bbox 1785 533 1917 604; x_wconf 83' lang='lat' dir='ltr'><strong>legis</strong></span> <span class='ocrx_word' id='word_1_16' title='bbox 1952 530 2148 585; x_wconf 67' lang='lat' dir='ltr'><strong>divinae</strong></span> <span class='ocrx_word' id='word_1_17' title='bbox 2200 523 2469 581; x_wconf 72' lang='lat' dir='ltr'>mirabilia</span> <span class='ocrx_word' id='word_1_18' title='bbox 2505 520 2754 592; x_wconf 88' lang='lat' dir='ltr'><strong>corporis</strong></span> <span class='ocrx_word' id='word_1_19' title='bbox 2794 519 2966 576; x_wconf 90' lang='lat' dir='ltr'><strong>oculis</strong></span> <span class='ocrx_word' id='word_1_20' title='bbox 2992 521 3350 586; x_wconf 89' lang='lat' dir='ltr'><strong>considerari,</strong></span> 
     </span>
    </p>
   </div>
   <div class='ocr_carea' id='block_1_6' title="bbox 105 627 1663 708">
    <p class='ocr_par' dir='ltr' id='par_1_6' title="bbox 105 627 1663 708">
     <span class='ocr_line' id='line_1_6' title="bbox 105 627 1663 708; baseline -0.009 -15"><span class='ocrx_word' id='word_1_21' title='bbox 105 637 433 708; x_wconf 75' lang='grc' dir='ltr'>ὀφθαλμούς</span> <span class='ocrx_word' id='word_1_22' title='bbox 472 653 612 704; x_wconf 80' lang='grc' dir='ltr'>μου,</span> <span class='ocrx_word' id='word_1_23' title='bbox 652 632 884 702; x_wconf 79' lang='grc' dir='ltr'>μήποτε</span> <span class='ocrx_word' id='word_1_24' title='bbox 927 627 1185 684; x_wconf 78' lang='grc' dir='ltr'>ὑπνώσω</span> <span class='ocrx_word' id='word_1_25' title='bbox 1235 631 1322 694; x_wconf 82' lang='grc' dir='ltr'>είς</span> <span class='ocrx_word' id='word_1_26' title='bbox 1374 628 1663 683; x_wconf 79' lang='grc' dir='ltr'>θάνατον’</span> 
     </span>
    </p>
   </div>
   <div class='ocr_carea' id='block_1_7' title="bbox 103 719 1668 801">
    <p class='ocr_par' dir='ltr' id='par_1_7' title="bbox 103 719 1668 801">
     <span class='ocr_line' id='line_1_7' title="bbox 103 719 1668 801; baseline -0.008 -17"><span class='ocrx_word' id='word_1_27' title='bbox 103 733 192 801; x_wconf 77' lang='grc' dir='ltr'>οὐχ</span> <span class='ocrx_word' id='word_1_28' title='bbox 221 728 361 782; x_wconf 75' lang='grc' dir='ltr'>οὕτω</span> <span class='ocrx_word' id='word_1_29' title='bbox 393 743 484 793; x_wconf 76' lang='grc' dir='ltr'>τις</span> <span class='ocrx_word' id='word_1_30' title='bbox 502 723 868 796; x_wconf 78' lang='grc' dir='ltr'>ὲμϐρόντητός</span> <span class='ocrx_word' id='word_1_31' title='bbox 897 723 1063 786; x_wconf 75' lang='grc' dir='ltr'>ἐστιν,</span> <span class='ocrx_word' id='word_1_32' title='bbox 1095 722 1172 784; x_wconf 87' lang='grc' dir='ltr'>ὡς</span> <span class='ocrx_word' id='word_1_33' title='bbox 1203 720 1442 791; x_wconf 79' lang='grc' dir='ltr'>νομίζειν</span> <span class='ocrx_word' id='word_1_34' title='bbox 1470 719 1668 789; x_wconf 83' lang='grc' dir='ltr'>ὀφθαλ-</span> 
     </span>
    </p>
   </div>
   <div class='ocr_carea' id='block_1_8' title="bbox 107 808 1669 893">
    <p class='ocr_par' dir='ltr' id='par_1_8' title="bbox 107 808 1669 893">
     <span class='ocr_line' id='line_1_8' title="bbox 107 808 1669 893; baseline -0.008 -21"><span class='ocrx_word' id='word_1_35' title='bbox 107 823 217 893; x_wconf 87' lang='grc' dir='ltr'>μοῖς</span> <span class='ocrx_word' id='word_1_36' title='bbox 248 816 496 888; x_wconf 83' lang='grc' dir='ltr'>σώματος</span> <span class='ocrx_word' id='word_1_37' title='bbox 528 811 906 868; x_wconf 79' lang='grc' dir='ltr'>κατανοεῖσθαι</span> <span class='ocrx_word' id='word_1_38' title='bbox 935 811 1005 864; x_wconf 82' lang='grc' dir='ltr'>τὰ</span> <span class='ocrx_word' id='word_1_39' title='bbox 1052 810 1330 881; x_wconf 89' lang='grc' dir='ltr'>θαυμάσια</span> <span class='ocrx_word' id='word_1_40' title='bbox 1378 809 1472 862; x_wconf 79' lang='grc' dir='ltr'>τοῦ</span> <span class='ocrx_word' id='word_1_41' title='bbox 1523 808 1669 861; x_wconf 82' lang='grc' dir='ltr'>θείου</span> 
     </span>
    </p>
   </div>
   <div class='ocr_carea' id='block_1_9' title="bbox 104 894 1669 980">
    <p class='ocr_par' dir='ltr' id='par_1_9' title="bbox 104 894 1669 980">
     <span class='ocr_line' id='line_1_9' title="bbox 104 894 1669 980; baseline -0.009 -15"><span class='ocrx_word' id='word_1_42' title='bbox 104 912 276 980; x_wconf 79' lang='grc' dir='ltr'>νόμον,</span> <span class='ocrx_word' id='word_1_43' title='bbox 311 909 344 977; x_wconf 84' lang='grc' dir='ltr'>ἢ</span> <span class='ocrx_word' id='word_1_44' title='bbox 387 907 488 977; x_wconf 77' lang='grc' dir='ltr'>τὴν</span> <span class='ocrx_word' id='word_1_45' title='bbox 529 904 626 958; x_wconf 75' lang='grc' dir='ltr'>τοῦ</span> <span class='ocrx_word' id='word_1_46' title='bbox 671 903 877 974; x_wconf 80' lang='grc' dir='ltr'>Κυρίου</span> <span class='ocrx_word' id='word_1_47' title='bbox 912 901 1128 970; x_wconf 76' lang='grc' dir='ltr'>ἐντολὴν</span> <span class='ocrx_word' id='word_1_48' title='bbox 1174 899 1503 969; x_wconf 80' lang='grc' dir='ltr'>φωτιστικὴν</span> <span class='ocrx_word' id='word_1_49' title='bbox 1533 894 1669 952; x_wconf 71' lang='grc' dir='ltr'>εἶναι</span> 
     </span>
    </p>
   </div>
   <div class='ocr_carea' id='block_1_10' title="bbox 102 989 1668 1066">
    <p class='ocr_par' dir='ltr' id='par_1_10' title="bbox 102 989 1668 1066">
     <span class='ocr_line' id='line_1_10' title="bbox 102 989 1668 1066; baseline -0.008 -14"><span class='ocrx_word' id='word_1_50' title='bbox 102 1001 199 1054; x_wconf 74' lang='grc' dir='ltr'>τῶν</span> <span class='ocrx_word' id='word_1_51' title='bbox 224 997 313 1051; x_wconf 81' lang='grc' dir='ltr'>τοῦ</span> <span class='ocrx_word' id='word_1_52' title='bbox 344 995 598 1066; x_wconf 84' lang='grc' dir='ltr'>σώματος</span> <span class='ocrx_word' id='word_1_53' title='bbox 629 992 944 1063; x_wconf 75' lang='grc' dir='ltr'>ὀφθαλμῶν,</span> <span class='ocrx_word' id='word_1_54' title='bbox 980 992 1013 1061; x_wconf 74' lang='grc' dir='ltr'><strong>ἢ</strong></span> <span class='ocrx_word' id='word_1_55' title='bbox 1056 991 1226 1044; x_wconf 77' lang='grc' dir='ltr'>ὕπνον</span> <span class='ocrx_word' id='word_1_56' title='bbox 1246 989 1480 1044; x_wconf 79' lang='grc' dir='ltr'>Θανάτου</span> <span class='ocrx_word' id='word_1_57' title='bbox 1517 991 1668 1041; x_wconf 78' lang='grc' dir='ltr'>ἑποι-</span> 
     </span>
    </p>
   </div>
   <div class='ocr_carea' id='block_1_11' title="bbox 105 1080 1666 1158">
    <p class='ocr_par' dir='ltr' id='par_1_11' title="bbox 105 1080 1666 1158">
     <span class='ocr_line' id='line_1_11' title="bbox 105 1080 1666 1158; baseline -0.008 -14"><span class='ocrx_word' id='word_1_58' title='bbox 105 1090 271 1144; x_wconf 74' lang='grc' dir='ltr'>στικὺν</span> <span class='ocrx_word' id='word_1_59' title='bbox 298 1087 614 1158; x_wconf 77' lang='grc' dir='ltr'>συμϐαίνειν</span> <span class='ocrx_word' id='word_1_60' title='bbox 634 1087 760 1158; x_wconf 74' lang='grc' dir='ltr'>περὶ</span> <span class='ocrx_word' id='word_1_61' title='bbox 785 1087 906 1147; x_wconf 77' lang='grc' dir='ltr'>τοὺς</span> <span class='ocrx_word' id='word_1_62' title='bbox 934 1083 1026 1137; x_wconf 75' lang='grc' dir='ltr'>τοῦ</span> <span class='ocrx_word' id='word_1_63' title='bbox 1048 1083 1301 1154; x_wconf 79' lang='grc' dir='ltr'>σώματος</span> <span class='ocrx_word' id='word_1_64' title='bbox 1333 1080 1666 1151; x_wconf 74' lang='grc' dir='ltr'>ὀφθαλμούς.</span> 
     </span>
    </p>
   </div>
   <div class='ocr_carea' id='block_1_12' title="bbox 113 1175 1670 1249">
    <p class='ocr_par' dir='ltr' id='par_1_12' title="bbox 113 1175 1670 1249">
     <span class='ocr_line' id='line_1_12' title="bbox 113 1175 1670 1249; baseline -0.006 -13"><span class='ocrx_word' id='word_1_65' title='bbox 113 1181 265 1237; x_wconf 82' lang='grc' dir='ltr'>Ἀλλὰ</span> <span class='ocrx_word' id='word_1_66' title='bbox 316 1182 450 1239; x_wconf 80' lang='grc' dir='ltr'>καὶ,</span> <span class='ocrx_word' id='word_1_67' title='bbox 510 1179 646 1232; x_wconf 74' lang='grc' dir='ltr'>ἐπάν</span> <span class='ocrx_word' id='word_1_68' title='bbox 691 1178 823 1249; x_wconf 85' lang='grc' dir='ltr'>λέγῃ</span> <span class='ocrx_word' id='word_1_69' title='bbox 879 1179 906 1230; x_wconf 90' lang='lat'>6</span> <span class='ocrx_word' id='word_1_70' title='bbox 940 1177 1132 1248; x_wconf 85' lang='grc' dir='ltr'>Σωτὴρ</span> <span class='ocrx_word' id='word_1_71' title='bbox 1185 1175 1365 1246; x_wconf 79' lang='grc' dir='ltr'>ἡμῶν,</span> <span class='ocrx_word' id='word_1_72' title='bbox 1418 1175 1480 1227; x_wconf 86' lang='grc' dir='ltr'><em>Ὃ</em></span> <span class='ocrx_word' id='word_1_73' title='bbox 1515 1175 1670 1241; x_wconf 74' lang='grc' dir='ltr'>ἔχων</span> 
     </span>
    </p>
   </div>
   <div class='ocr_carea' id='block_1_13' title="bbox 101 1263 1669 1337">
    <p class='ocr_par' dir='ltr' id='par_1_13' title="bbox 101 1263 1669 1337">
     <span class='ocr_line' id='line_1_13' title="bbox 101 1263 1669 1337; baseline -0.007 -12"><span class='ocrx_word' id='word_1_74' title='bbox 101 1269 208 1326; x_wconf 82' lang='grc' dir='ltr'>ὦτα</span> <span class='ocrx_word' id='word_1_75' title='bbox 237 1271 479 1325; x_wconf 76' lang='grc' dir='ltr'>ἀκούειν</span> <span class='ocrx_word' id='word_1_76' title='bbox 517 1269 805 1324; x_wconf 77' lang='grc' dir='ltr'>ἀκουέτω·</span> <span class='ocrx_word' id='word_1_77' title='bbox 859 1268 953 1320; x_wconf 79' lang='grc' dir='ltr'>καὶ</span> <span class='ocrx_word' id='word_1_78' title='bbox 999 1269 1028 1320; x_wconf 98' lang='lat'>6</span> <span class='ocrx_word' id='word_1_79' title='bbox 1072 1266 1248 1337; x_wconf 81' lang='grc' dir='ltr'>τυχὼν</span> <span class='ocrx_word' id='word_1_80' title='bbox 1283 1266 1497 1336; x_wconf 76' lang='grc' dir='ltr'>συνίησι</span> <span class='ocrx_word' id='word_1_81' title='bbox 1541 1263 1669 1335; x_wconf 79' lang='grc' dir='ltr'>περὶ</span> 
     </span>
    </p>
   </div>
   <div class='ocr_carea' id='block_1_14' title="bbox 103 1356 1668 1432">
    <p class='ocr_par' dir='ltr' id='par_1_14' title="bbox 103 1356 1668 1432">
     <span class='ocr_line' id='line_1_14' title="bbox 103 1356 1668 1432; baseline -0.004 -18"><span class='ocrx_word' id='word_1_82' title='bbox 103 1361 373 1432; x_wconf 75' lang='grc' dir='ltr'>θειοτέρων</span> <span class='ocrx_word' id='word_1_83' title='bbox 400 1361 576 1414; x_wconf 85' lang='grc' dir='ltr'>ταῦτα</span> <span class='ocrx_word' id='word_1_84' title='bbox 609 1359 862 1429; x_wconf 89' lang='grc' dir='ltr'>λέγεσθαι</span> <span class='ocrx_word' id='word_1_85' title='bbox 891 1357 1065 1412; x_wconf 77' lang='grc' dir='ltr'>ὢτων.</span> <span class='ocrx_word' id='word_1_86' title='bbox 1110 1358 1225 1410; x_wconf 86' lang='grc' dir='ltr'>Κᾶν</span> <span class='ocrx_word' id='word_1_87' title='bbox 1253 1357 1478 1428; x_wconf 83' lang='grc' dir='ltr'>λέγηται</span> <span class='ocrx_word' id='word_1_88' title='bbox 1510 1356 1668 1424; x_wconf 82' lang='grc' dir='ltr'>λόγος</span> 
     </span>
    </p>
   </div>
   <div class='ocr_carea' id='block_1_15' title="bbox 105 1449 1665 1523">
    <p class='ocr_par' dir='ltr' id='par_1_15' title="bbox 105 1449 1665 1523">
     <span class='ocr_line' id='line_1_15' title="bbox 105 1449 1665 1523; baseline -0.004 -17"><span class='ocrx_word' id='word_1_89' title='bbox 105 1452 296 1523; x_wconf 78' lang='grc' dir='ltr'>Κυρίου</span> <span class='ocrx_word' id='word_1_90' title='bbox 327 1452 609 1521; x_wconf 87' lang='grc' dir='ltr'>γεγονέναι</span> <span class='ocrx_word' id='word_1_91' title='bbox 657 1455 713 1504; x_wconf 84' lang='grc' dir='ltr'>ὲν</span> <span class='ocrx_word' id='word_1_92' title='bbox 762 1451 905 1522; x_wconf 75' lang='grc' dir='ltr'>χειρὶ</span> <span class='ocrx_word' id='word_1_93' title='bbox 963 1449 1222 1522; x_wconf 88' lang='grc' dir='ltr'>Ἰερεμίου</span> <span class='ocrx_word' id='word_1_94' title='bbox 1258 1449 1352 1502; x_wconf 80' lang='grc' dir='ltr'>τοῦ</span> <span class='ocrx_word' id='word_1_95' title='bbox 1388 1449 1665 1520; x_wconf 79' lang='grc' dir='ltr'>προφήτου</span> 
     </span>
    </p>
   </div>
   <div class='ocr_carea' id='block_1_16' title="bbox 100 1530 1662 1614">
    <p class='ocr_par' dir='ltr' id='par_1_16' title="bbox 100 1530 1662 1614">
     <span class='ocr_line' id='line_1_16' title="bbox 100 1530 1662 1614; baseline -0.003 -18"><span class='ocrx_word' id='word_1_96' title='bbox 100 1544 306 1614; x_wconf 66' lang='grc' dir='ltr'>ἢᾶλλου</span> <span class='ocrx_word' id='word_1_97' title='bbox 337 1530 511 1607; x_wconf 86' lang='grc' dir='ltr'>τινός·</span> <span class='ocrx_word' id='word_1_98' title='bbox 547 1543 604 1613; x_wconf 83' lang='grc' dir='ltr'>ἢ,</span> <span class='ocrx_word' id='word_1_99' title='bbox 641 1545 836 1612; x_wconf 84' lang='grc' dir='ltr'><em>Νόμος</em></span> <span class='ocrx_word' id='word_1_100' title='bbox 878 1544 948 1595; x_wconf 82' lang='grc' dir='ltr'>ἐν</span> <span class='ocrx_word' id='word_1_101' title='bbox 985 1543 1129 1611; x_wconf 76' lang='grc' dir='ltr'>χειρὶ</span> <span class='ocrx_word' id='word_1_102' title='bbox 1170 1540 1395 1609; x_wconf 58' lang='lat' dir='ltr'><strong>Momm}</strong></span> <span class='ocrx_word' id='word_1_103' title='bbox 1419 1558 1432 1572; x_wconf 75' lang='grc' dir='ltr'><strong><em>ο</em></strong></span> <span class='ocrx_word' id='word_1_104' title='bbox 1481 1540 1514 1610; x_wconf 79' lang='grc' dir='ltr'>ἢ</span> <span class='ocrx_word' id='word_1_105' title='bbox 1561 1541 1662 1604; x_wconf 83' lang='grc' dir='ltr'>ὅτι,</span> 
     </span>
    </p>
   </div>
   <div class='ocr_carea' id='block_1_17' title="bbox 107 1633 1664 1703">
    <p class='ocr_par' dir='ltr' id='par_1_17' title="bbox 107 1633 1664 1703">
     <span class='ocr_line' id='line_1_17' title="bbox 107 1633 1664 1703; baseline -0.002 -15"><span class='ocrx_word' id='word_1_106' title='bbox 107 1635 226 1702; x_wconf 83' lang='grc' dir='ltr'>Ταῖς</span> <span class='ocrx_word' id='word_1_107' title='bbox 259 1636 432 1703; x_wconf 85' lang='grc' dir='ltr'>χερσί</span> <span class='ocrx_word' id='word_1_108' title='bbox 453 1652 574 1703; x_wconf 83' lang='grc' dir='ltr'>μου</span> <span class='ocrx_word' id='word_1_109' title='bbox 608 1635 866 1702; x_wconf 73' lang='grc' dir='ltr'>ἐζήτησα</span> <span class='ocrx_word' id='word_1_110' title='bbox 905 1634 1010 1688; x_wconf 81' lang='grc' dir='ltr'>τὸν</span> <span class='ocrx_word' id='word_1_111' title='bbox 1045 1634 1211 1697; x_wconf 77' lang='grc' dir='ltr'>Θεὸν,</span> <span class='ocrx_word' id='word_1_112' title='bbox 1242 1633 1338 1686; x_wconf 77' lang='grc' dir='ltr'>καὶ</span> <span class='ocrx_word' id='word_1_113' title='bbox 1369 1635 1478 1686; x_wconf 81' lang='grc' dir='ltr'>οὐκ</span> <span class='ocrx_word' id='word_1_114' title='bbox 1511 1634 1664 1700; x_wconf 77' lang='grc' dir='ltr'>ἠπα-</span> 
     </span>
    </p>
   </div>
   <div class='ocr_carea' id='block_1_18' title="bbox 100 1724 1666 1798">
    <p class='ocr_par' dir='ltr' id='par_1_18' title="bbox 100 1724 1666 1798">
     <span class='ocr_line' id='line_1_18' title="bbox 100 1724 1666 1798; baseline -0.004 -16"><span class='ocrx_word' id='word_1_115' title='bbox 100 1729 272 1796; x_wconf 71' lang='grc' dir='ltr'>τιξθην</span> <span class='ocrx_word' id='word_1_116' title='bbox 294 1746 306 1760; x_wconf 80' lang='grc'><em>’</em></span> <span class='ocrx_word' id='word_1_117' title='bbox 349 1729 449 1798; x_wconf 82' lang='grc' dir='ltr'>οὐχ</span> <span class='ocrx_word' id='word_1_118' title='bbox 492 1727 668 1791; x_wconf 74' lang='grc' dir='ltr'>οὔτως</span> <span class='ocrx_word' id='word_1_119' title='bbox 696 1727 812 1779; x_wconf 80' lang='grc' dir='ltr'>ἐστι</span> <span class='ocrx_word' id='word_1_120' title='bbox 849 1744 932 1790; x_wconf 85' lang='grc' dir='ltr'>τις</span> <span class='ocrx_word' id='word_1_121' title='bbox 967 1727 1226 1795; x_wconf 86' lang='grc' dir='ltr'>ἀνόητος,</span> <span class='ocrx_word' id='word_1_122' title='bbox 1257 1725 1331 1786; x_wconf 81' lang='grc' dir='ltr'>ὡς</span> <span class='ocrx_word' id='word_1_123' title='bbox 1366 1724 1441 1795; x_wconf 83' lang='grc' dir='ltr'>μὴ</span> <span class='ocrx_word' id='word_1_124' title='bbox 1470 1724 1666 1794; x_wconf 80' lang='grc' dir='ltr'>ἐκλαμ-</span> 
     </span>
    </p>
   </div>
   <div class='ocr_carea' id='block_1_19' title="bbox 101 1814 1658 1891">
    <p class='ocr_par' dir='ltr' id='par_1_19' title="bbox 101 1814 1658 1891">
     <span class='ocr_line' id='line_1_19' title="bbox 101 1814 1658 1891; baseline -0.003 -19"><span class='ocrx_word' id='word_1_125' title='bbox 101 1821 263 1874; x_wconf 71' lang='grc' dir='ltr'>ϐάνειν</span> <span class='ocrx_word' id='word_1_126' title='bbox 314 1821 506 1891; x_wconf 89' lang='grc' dir='ltr'>χεῖράς</span> <span class='ocrx_word' id='word_1_127' title='bbox 555 1836 705 1882; x_wconf 89' lang='grc' dir='ltr'>τινας</span> <span class='ocrx_word' id='word_1_128' title='bbox 769 1814 905 1871; x_wconf 73' lang='grc' dir='ltr'>εἶναι</span> <span class='ocrx_word' id='word_1_129' title='bbox 959 1816 1234 1888; x_wconf 79' lang='grc' dir='ltr'>τροπικῶς</span> <span class='ocrx_word' id='word_1_130' title='bbox 1283 1816 1658 1886; x_wconf 79' lang='grc' dir='ltr'>καλουμένας,</span> 
     </span>
    </p>
   </div>
   <div class='ocr_carea' id='block_1_20' title="bbox 1777 611 3350 694">
    <p class='ocr_par' dir='ltr' id='par_1_20' title="bbox 1777 611 3350 694">
     <span class='ocr_line' id='line_1_20' title="bbox 1777 611 3350 694; baseline -0.006 -18"><span class='ocrx_word' id='word_1_131' title='bbox 1777 636 2046 694; x_wconf 63' lang='lat' dir='ltr'><strong>praecepto</strong></span> <span class='ocrx_word' id='word_1_132' title='bbox 2093 617 2305 674; x_wconf 81' lang='lat' dir='ltr'>Domini</span> <span class='ocrx_word' id='word_1_133' title='bbox 2355 615 2600 685; x_wconf 89' lang='lat' dir='ltr'><strong>corporis</strong></span> <span class='ocrx_word' id='word_1_134' title='bbox 2657 611 2846 668; x_wconf 90' lang='lat' dir='ltr'><strong>oculos</strong></span> <span class='ocrx_word' id='word_1_135' title='bbox 2897 612 3213 676; x_wconf 80' lang='lat' dir='ltr'>illuminari,</span> <span class='ocrx_word' id='word_1_136' title='bbox 3254 624 3350 667; x_wconf 83' lang='lat' dir='ltr'>aut</span> 
     </span>
    </p>
   </div>
   <div class='ocr_carea' id='block_1_21' title="bbox 1773 703 3350 776">
    <p class='ocr_par' dir='ltr' id='par_1_21' title="bbox 1773 703 3350 776">
     <span class='ocr_line' id='line_1_21' title="bbox 1773 703 3350 776; baseline -0.005 -8"><span class='ocrx_word' id='word_1_137' title='bbox 1773 728 1967 768; x_wconf 85' lang='lat' dir='ltr'><strong>somno</strong></span> <span class='ocrx_word' id='word_1_138' title='bbox 1996 710 2212 766; x_wconf 81' lang='lat' dir='ltr'><strong>letifero</strong></span> <span class='ocrx_word' id='word_1_139' title='bbox 2259 707 2506 776; x_wconf 85' lang='lat' dir='ltr'><strong>corporis</strong></span> <span class='ocrx_word' id='word_1_140' title='bbox 2533 704 2722 758; x_wconf 91' lang='lat' dir='ltr'><strong>oculos</strong></span> <span class='ocrx_word' id='word_1_141' title='bbox 2753 703 3028 772; x_wconf 86' lang='lat' dir='ltr'><strong>consopiri</strong></span> <span class='ocrx_word' id='word_1_142' title='bbox 3053 705 3350 760; x_wconf 73' lang='lat' dir='ltr'>existimet.</span> 
     </span>
    </p>
   </div>
   <div class='ocr_carea' id='block_1_22' title="bbox 1773 793 3353 859">
    <p class='ocr_par' dir='ltr' id='par_1_22' title="bbox 1773 793 3353 859">
     <span class='ocr_line' id='line_1_22' title="bbox 1773 793 3353 859; baseline -0.006 -2"><span class='ocrx_word' id='word_1_143' title='bbox 1773 803 1905 858; x_wconf 84' lang='lat' dir='ltr'><strong>Item</strong></span> <span class='ocrx_word' id='word_1_144' title='bbox 1939 818 2059 857; x_wconf 91' lang='lat' dir='ltr'>cum</span> <span class='ocrx_word' id='word_1_145' title='bbox 2090 801 2221 854; x_wconf 88' lang='lat' dir='ltr'><strong>dicit</strong></span> <span class='ocrx_word' id='word_1_146' title='bbox 2250 797 2502 853; x_wconf 79' lang='lat' dir='ltr'>Salvator</span> <span class='ocrx_word' id='word_1_147' title='bbox 2531 803 2712 850; x_wconf 87' lang='lat' dir='ltr'>noster</span> <span class='ocrx_word' id='word_1_148' title='bbox 2739 810 2754 847; x_wconf 90' lang='lat'><strong>:</strong></span> <span class='ocrx_word' id='word_1_149' title='bbox 2786 793 2888 859; x_wconf 82' lang='lat' dir='ltr'><strong>Qui</strong></span> <span class='ocrx_word' id='word_1_150' title='bbox 2911 794 3234 847; x_wconf 76' lang='lat' dir='ltr'><strong>habetaures</strong></span> <span class='ocrx_word' id='word_1_151' title='bbox 3259 811 3353 848; x_wconf 85' lang='lat' dir='ltr'><strong>au-</strong></span> 
     </span>
    </p>
   </div>
   <div class='ocr_carea' id='block_1_23' title="bbox 1775 885 3348 957">
    <p class='ocr_par' dir='ltr' id='par_1_23' title="bbox 1775 885 3348 957">
     <span class='ocr_line' id='line_1_23' title="bbox 1775 885 3348 957; baseline -0.006 -8"><span class='ocrx_word' id='word_1_152' title='bbox 1775 893 1978 957; x_wconf 78' lang='lat' dir='ltr'><strong>diendi,</strong></span> <span class='ocrx_word' id='word_1_153' title='bbox 1998 891 2266 957; x_wconf 74' lang='lat' dir='ltr'><strong>audiat&quot;,</strong></span> <span class='ocrx_word' id='word_1_154' title='bbox 2293 888 2376 942; x_wconf 90' lang='lat' dir='ltr'>vel</span> <span class='ocrx_word' id='word_1_155' title='bbox 2410 889 2571 941; x_wconf 89' lang='lat' dir='ltr'><strong>homo</strong></span> <span class='ocrx_word' id='word_1_156' title='bbox 2593 901 2623 940; x_wconf 91' lang='lat' dir='ltr'>e</span> <span class='ocrx_word' id='word_1_157' title='bbox 2648 885 2803 953; x_wconf 78' lang='lat' dir='ltr'><strong>vulgo</strong></span> <span class='ocrx_word' id='word_1_158' title='bbox 2834 885 2936 938; x_wconf 88' lang='lat' dir='ltr'>hoc</span> <span class='ocrx_word' id='word_1_159' title='bbox 2969 886 3035 939; x_wconf 89' lang='lat' dir='ltr'>ad</span> <span class='ocrx_word' id='word_1_160' title='bbox 3072 900 3234 940; x_wconf 89' lang='lat' dir='ltr'><strong>aures</strong></span> <span class='ocrx_word' id='word_1_161' title='bbox 3267 886 3348 940; x_wconf 87' lang='lat' dir='ltr'><strong>di-</strong></span> 
     </span>
    </p>
   </div>
   <div class='ocr_carea' id='block_1_24' title="bbox 1775 979 3349 1052">
    <p class='ocr_par' dir='ltr' id='par_1_24' title="bbox 1775 979 3349 1052">
     <span class='ocr_line' id='line_1_24' title="bbox 1775 979 3349 1052; baseline -0.004 -11"><span class='ocrx_word' id='word_1_162' title='bbox 1775 987 2016 1041; x_wconf 85' lang='lat' dir='ltr'><strong>viniores</strong></span> <span class='ocrx_word' id='word_1_163' title='bbox 2049 984 2397 1039; x_wconf 76' lang='lat' dir='ltr'><strong>referendum</strong></span> <span class='ocrx_word' id='word_1_164' title='bbox 2438 997 2560 1036; x_wconf 91' lang='lat' dir='ltr'><strong>esse</strong></span> <span class='ocrx_word' id='word_1_165' title='bbox 2592 981 2872 1052; x_wconf 82' lang='lat' dir='ltr'><strong>intelligit.</strong></span> <span class='ocrx_word' id='word_1_166' title='bbox 2907 979 3115 1034; x_wconf 83' lang='lat' dir='ltr'><strong>Etcum</strong></span> <span class='ocrx_word' id='word_1_167' title='bbox 3151 981 3349 1036; x_wconf 86' lang='lat' dir='ltr'><strong>dicitur</strong></span> 
     </span>
    </p>
   </div>
   <div class='ocr_carea' id='block_1_25' title="bbox 1773 1074 3347 1150">
    <p class='ocr_par' dir='ltr' id='par_1_25' title="bbox 1773 1074 3347 1150">
     <span class='ocr_line' id='line_1_25' title="bbox 1773 1074 3347 1150; baseline -0.006 -15"><span class='ocrx_word' id='word_1_168' title='bbox 1773 1083 1951 1136; x_wconf 81' lang='lat' dir='ltr'><strong>factus</strong></span> <span class='ocrx_word' id='word_1_169' title='bbox 1996 1094 2115 1134; x_wconf 87' lang='lat' dir='ltr'><strong>esse</strong></span> <span class='ocrx_word' id='word_1_170' title='bbox 2147 1094 2327 1150; x_wconf 86' lang='lat' dir='ltr'><strong>sermo</strong></span> <span class='ocrx_word' id='word_1_171' title='bbox 2379 1077 2590 1131; x_wconf 87' lang='lat' dir='ltr'>Domini</span> <span class='ocrx_word' id='word_1_172' title='bbox 2628 1076 2678 1129; x_wconf 94' lang='lat' dir='ltr'>in</span> <span class='ocrx_word' id='word_1_173' title='bbox 2727 1091 2893 1129; x_wconf 89' lang='lat' dir='ltr'><strong>manu</strong></span> <span class='ocrx_word' id='word_1_174' title='bbox 2921 1074 3172 1128; x_wconf 80' lang='lat' dir='ltr'><strong>Jeremiae</strong></span> <span class='ocrx_word' id='word_1_175' title='bbox 3224 1090 3347 1144; x_wconf 81' lang='lat' dir='ltr'><strong>prn-</strong></span> 
     </span>
    </p>
   </div>
   <div class='ocr_carea' id='block_1_26' title="bbox 1772 1165 3347 1244">
    <p class='ocr_par' dir='ltr' id='par_1_26' title="bbox 1772 1165 3347 1244">
     <span class='ocr_line' id='line_1_26' title="bbox 1772 1165 3347 1244; baseline -0.006 -16"><span class='ocrx_word' id='word_1_176' title='bbox 1772 1177 1952 1244; x_wconf 73' lang='lat' dir='ltr'><strong>pheta:</strong></span> <span class='ocrx_word' id='word_1_177' title='bbox 1999 1180 2093 1225; x_wconf 88' lang='lat' dir='ltr'>aut</span> <span class='ocrx_word' id='word_1_178' title='bbox 2155 1171 2380 1224; x_wconf 87' lang='lat' dir='ltr'>alterius</span> <span class='ocrx_word' id='word_1_179' title='bbox 2423 1169 2743 1238; x_wconf 86' lang='lat' dir='ltr'>cujuslibet;</span> <span class='ocrx_word' id='word_1_180' title='bbox 2796 1176 2889 1220; x_wconf 90' lang='lat' dir='ltr'>aut</span> <span class='ocrx_word' id='word_1_181' title='bbox 2923 1185 2936 1220; x_wconf 87' lang='lat'><strong>:</strong></span> <span class='ocrx_word' id='word_1_182' title='bbox 2969 1165 3347 1219; x_wconf 70' lang='lat' dir='ltr'><strong>Lexiu‘manu</strong></span> 
     </span>
    </p>
   </div>
   <div class='ocr_carea' id='block_1_27' title="bbox 1776 1259 3347 1337">
    <p class='ocr_par' dir='ltr' id='par_1_27' title="bbox 1776 1259 3347 1337">
     <span class='ocr_line' id='line_1_27' title="bbox 1776 1259 3347 1337; baseline -0.006 -16"><span class='ocrx_word' id='word_1_183' title='bbox 1776 1267 1977 1337; x_wconf 64' lang='lat' dir='ltr'><strong>Moysi:</strong></span> <span class='ocrx_word' id='word_1_184' title='bbox 2000 1266 2076 1331; x_wconf 73' lang='lat'>8°;</span> <span class='ocrx_word' id='word_1_185' title='bbox 2099 1273 2192 1317; x_wconf 89' lang='lat' dir='ltr'>aut</span> <span class='ocrx_word' id='word_1_186' title='bbox 2218 1281 2231 1316; x_wconf 91' lang='lat'>:</span> <span class='ocrx_word' id='word_1_187' title='bbox 2261 1262 2428 1315; x_wconf 87' lang='lat' dir='ltr'><strong>Deum</strong></span> <span class='ocrx_word' id='word_1_188' title='bbox 2448 1262 2703 1330; x_wconf 71' lang='lat' dir='ltr'><strong>exquisivi</strong></span> <span class='ocrx_word' id='word_1_189' title='bbox 2725 1259 2968 1313; x_wconf 81' lang='lat' dir='ltr'><strong>manibus</strong></span> <span class='ocrx_word' id='word_1_190' title='bbox 3005 1260 3151 1321; x_wconf 76' lang='lat' dir='ltr'><strong>meis,</strong></span> <span class='ocrx_word' id='word_1_191' title='bbox 3177 1269 3222 1311; x_wconf 81' lang='lat' dir='ltr'>et</span> <span class='ocrx_word' id='word_1_192' title='bbox 3244 1275 3347 1311; x_wconf 83' lang='lat' dir='ltr'>non</span> 
     </span>
    </p>
   </div>
   <div class='ocr_carea' id='block_1_28' title="bbox 1771 1352 3348 1426">
    <p class='ocr_par' dir='ltr' id='par_1_28' title="bbox 1771 1352 3348 1426">
     <span class='ocr_line' id='line_1_28' title="bbox 1771 1352 3348 1426; baseline -0.005 -13"><span class='ocrx_word' id='word_1_193' title='bbox 1771 1375 1886 1413; x_wconf 74' lang='lat' dir='ltr'>sum</span> <span class='ocrx_word' id='word_1_194' title='bbox 1907 1359 2150 1426; x_wconf 80' lang='lat' dir='ltr'><strong>deceptus</strong></span> <span class='ocrx_word' id='word_1_195' title='bbox 2174 1356 2216 1386; x_wconf 83' lang='grc'>⁸¹</span> <span class='ocrx_word' id='word_1_196' title='bbox 2241 1371 2254 1419; x_wconf 90' lang='lat'><strong>;</strong></span> <span class='ocrx_word' id='word_1_197' title='bbox 2275 1369 2433 1407; x_wconf 90' lang='lat' dir='ltr'><strong>nemo</strong></span> <span class='ocrx_word' id='word_1_198' title='bbox 2454 1363 2561 1406; x_wconf 85' lang='lat' dir='ltr'>tam</span> <span class='ocrx_word' id='word_1_199' title='bbox 2579 1353 2778 1407; x_wconf 81' lang='lat' dir='ltr'><strong>bardus</strong></span> <span class='ocrx_word' id='word_1_200' title='bbox 2797 1353 2927 1422; x_wconf 86' lang='lat' dir='ltr'><strong>quin</strong></span> <span class='ocrx_word' id='word_1_201' title='bbox 2943 1352 3348 1421; x_wconf 81' lang='lat' dir='ltr'><strong>cogitetmanus</strong></span> 
     </span>
    </p>
   </div>
   <div class='ocr_carea' id='block_1_29' title="bbox 1771 1441 3349 1518">
    <p class='ocr_par' dir='ltr' id='par_1_29' title="bbox 1771 1441 3349 1518">
     <span class='ocr_line' id='line_1_29' title="bbox 1771 1441 3349 1518; baseline -0.008 -12"><span class='ocrx_word' id='word_1_202' title='bbox 1771 1465 1893 1506; x_wconf 89' lang='lat' dir='ltr'><strong>esse</strong></span> <span class='ocrx_word' id='word_1_203' title='bbox 1924 1464 2043 1518; x_wconf 64' lang='lat' dir='ltr'><strong>quae</strong></span> <span class='ocrx_word' id='word_1_204' title='bbox 2080 1450 2309 1518; x_wconf 82' lang='lat' dir='ltr'><strong>ﬁgurate</strong></span> <span class='ocrx_word' id='word_1_205' title='bbox 2343 1447 2422 1501; x_wconf 89' lang='lat' dir='ltr'>sic</span> <span class='ocrx_word' id='word_1_206' title='bbox 2457 1445 2828 1515; x_wconf 86' lang='lat' dir='ltr'><strong>appellentur;</strong></span> <span class='ocrx_word' id='word_1_207' title='bbox 2868 1443 2935 1498; x_wconf 90' lang='lat' dir='ltr'>de</span> <span class='ocrx_word' id='word_1_208' title='bbox 2958 1444 3158 1512; x_wconf 84' lang='lat' dir='ltr'>quibus</span> <span class='ocrx_word' id='word_1_209' title='bbox 3187 1441 3349 1496; x_wconf 83' lang='lat' dir='ltr'><strong>Joan-</strong></span> 
     </span>
    </p>
   </div>
   <div class='ocr_carea' id='block_1_30' title="bbox 1771 1535 3343 1598">
    <p class='ocr_par' dir='ltr' id='par_1_30' title="bbox 1771 1535 3343 1598">
     <span class='ocr_line' id='line_1_30' title="bbox 1771 1535 3343 1598; baseline -0.008 0"><span class='ocrx_word' id='word_1_210' title='bbox 1771 1558 1870 1598; x_wconf 91' lang='lat' dir='ltr'>nes</span> <span class='ocrx_word' id='word_1_211' title='bbox 1893 1545 1968 1596; x_wconf 86' lang='lat' dir='ltr'>ait</span> <span class='ocrx_word' id='word_1_212' title='bbox 2001 1557 2015 1595; x_wconf 90' lang='lat'><strong>:</strong></span> <span class='ocrx_word' id='word_1_213' title='bbox 2051 1541 2244 1594; x_wconf 82' lang='lat' dir='ltr'><strong>Manus</strong></span> <span class='ocrx_word' id='word_1_214' title='bbox 2294 1548 2492 1594; x_wconf 68' lang='grc' dir='ltr'>ποεῖν-ω</span> <span class='ocrx_word' id='word_1_215' title='bbox 2545 1547 3003 1592; x_wconf 79' lang='lat' dir='ltr'><strong>contrectaveruut</strong></span> <span class='ocrx_word' id='word_1_216' title='bbox 3052 1539 3114 1590; x_wconf 87' lang='lat' dir='ltr'>de</span> <span class='ocrx_word' id='word_1_217' title='bbox 3177 1535 3343 1590; x_wconf 83' lang='lat' dir='ltr'><strong>Verbo</strong></span> 
     </span>
    </p>
   </div>
   <div class='ocr_carea' id='block_1_31' title="bbox 1769 1627 3345 1687">
    <p class='ocr_par' dir='ltr' id='par_1_31' title="bbox 1769 1627 3345 1687">
     <span class='ocr_line' id='line_1_31' title="bbox 1769 1627 3345 1687; baseline -0.004 0"><span class='ocrx_word' id='word_1_218' title='bbox 1769 1634 1965 1687; x_wconf 70' lang='lat' dir='ltr'><strong>vitm”.</strong></span> <span class='ocrx_word' id='word_1_219' title='bbox 1997 1631 2114 1686; x_wconf 85' lang='lat' dir='ltr'>Jam</span> <span class='ocrx_word' id='word_1_220' title='bbox 2142 1633 2184 1686; x_wconf 92' lang='lat' dir='ltr'>si</span> <span class='ocrx_word' id='word_1_221' title='bbox 2226 1632 2360 1686; x_wconf 85' lang='lat' dir='ltr'><strong>velis</strong></span> <span class='ocrx_word' id='word_1_222' title='bbox 2411 1646 2634 1686; x_wconf 91' lang='lat' dir='ltr'><strong>sensum</strong></span> <span class='ocrx_word' id='word_1_223' title='bbox 2672 1630 2997 1684; x_wconf 89' lang='lat' dir='ltr'><strong>diviniorem</strong></span> <span class='ocrx_word' id='word_1_224' title='bbox 3030 1643 3097 1683; x_wconf 89' lang='lat' dir='ltr'>ae</span> <span class='ocrx_word' id='word_1_225' title='bbox 3122 1627 3345 1681; x_wconf 88' lang='lat' dir='ltr'><strong>minime</strong></span> 
     </span>
    </p>
   </div>
   <div class='ocr_carea' id='block_1_32' title="bbox 1768 1717 3346 1794">
    <p class='ocr_par' dir='ltr' id='par_1_32' title="bbox 1768 1717 3346 1794">
     <span class='ocr_line' id='line_1_32' title="bbox 1768 1717 3346 1794; baseline -0.004 -17"><span class='ocrx_word' id='word_1_226' title='bbox 1768 1739 2090 1794; x_wconf 87' lang='lat' dir='ltr'><strong>corporeum</strong></span> <span class='ocrx_word' id='word_1_227' title='bbox 2123 1723 2218 1778; x_wconf 88' lang='lat' dir='ltr'><strong>tibi</strong></span> <span class='ocrx_word' id='word_1_228' title='bbox 2255 1734 2310 1777; x_wconf 91' lang='lat' dir='ltr'>et</span> <span class='ocrx_word' id='word_1_229' title='bbox 2348 1724 2520 1778; x_wconf 87' lang='lat' dir='ltr'><strong>sacris</strong></span> <span class='ocrx_word' id='word_1_230' title='bbox 2553 1723 2755 1776; x_wconf 89' lang='lat' dir='ltr'><strong>litteris</strong></span> <span class='ocrx_word' id='word_1_231' title='bbox 2788 1720 3057 1786; x_wconf 79' lang='lat' dir='ltr'><strong>exhiberi,</strong></span> <span class='ocrx_word' id='word_1_232' title='bbox 3091 1719 3216 1772; x_wconf 90' lang='lat' dir='ltr'><strong>audi</strong></span> <span class='ocrx_word' id='word_1_233' title='bbox 3247 1717 3346 1772; x_wconf 83' lang='lat' dir='ltr'>Sa-</span> 
     </span>
    </p>
   </div>
   <div class='ocr_carea' id='block_1_33' title="bbox 1770 1811 3345 1870">
    <p class='ocr_par' dir='ltr' id='par_1_33' title="bbox 1770 1811 3345 1870">
     <span class='ocr_line' id='line_1_33' title="bbox 1770 1811 3345 1870; baseline -0.003 -2"><span class='ocrx_word' id='word_1_234' title='bbox 1770 1814 2039 1870; x_wconf 81' lang='lat' dir='ltr'><strong>lomonem</strong></span> <span class='ocrx_word' id='word_1_235' title='bbox 2080 1815 2132 1869; x_wconf 93' lang='lat' dir='ltr'>in</span> <span class='ocrx_word' id='word_1_236' title='bbox 2163 1815 2476 1870; x_wconf 87' lang='lat' dir='ltr'><strong>Proverbiis</strong></span> <span class='ocrx_word' id='word_1_237' title='bbox 2500 1815 2768 1869; x_wconf 89' lang='lat' dir='ltr'><strong>dicentem</strong></span> <span class='ocrx_word' id='word_1_238' title='bbox 2807 1831 2821 1867; x_wconf 89' lang='lat'><strong>:</strong></span> <span class='ocrx_word' id='word_1_239' title='bbox 2857 1811 3083 1868; x_wconf 79' lang='lat' dir='ltr'><strong>Sensum</strong></span> <span class='ocrx_word' id='word_1_240' title='bbox 3110 1812 3345 1866; x_wconf 83' lang='lat' dir='ltr'><strong>divinum</strong></span> 
     </span>
    </p>
   </div>
   <div class='ocr_carea' id='block_1_34' title="bbox 105 1903 2097 1983">
    <p class='ocr_par' dir='ltr' id='par_1_34' title="bbox 105 1903 2097 1983">
     <span class='ocr_line' id='line_1_34' title="bbox 105 1903 2097 1983; baseline 0 -19"><span class='ocrx_word' id='word_1_241' title='bbox 105 1915 218 1983; x_wconf 78' lang='grc' dir='ltr'>περὶ</span> <span class='ocrx_word' id='word_1_242' title='bbox 247 1906 319 1967; x_wconf 82' lang='grc' dir='ltr'>ὧν</span> <span class='ocrx_word' id='word_1_243' title='bbox 357 1915 450 1966; x_wconf 75' lang='grc' dir='ltr'>καὶ</span> <span class='ocrx_word' id='word_1_244' title='bbox 487 1913 741 1982; x_wconf 81' lang='grc' dir='ltr'>Ἰωάννης</span> <span class='ocrx_word' id='word_1_245' title='bbox 784 1911 931 1978; x_wconf 82' lang='grc' dir='ltr'>λέγει</span> <span class='ocrx_word' id='word_1_246' title='bbox 959 1928 972 1940; x_wconf 89' lang='grc'><strong>·</strong></span> <span class='ocrx_word' id='word_1_247' title='bbox 1001 1913 1071 1964; x_wconf 82' lang='lat' dir='ltr'>Al</span> <span class='ocrx_word' id='word_1_248' title='bbox 1100 1914 1294 1978; x_wconf 82' lang='grc' dir='ltr'>χεῖρες</span> <span class='ocrx_word' id='word_1_249' title='bbox 1322 1909 1491 1977; x_wconf 75' lang='grc' dir='ltr'>ἡμῶν</span> <span class='ocrx_word' id='word_1_250' title='bbox 1516 1909 1666 1977; x_wconf 66' lang='grc' dir='ltr'>ἐψη-</span> <span class='ocrx_word' id='word_1_251' title='bbox 1696 1903 1740 1961; x_wconf 84' lang='grc' dir='ltr'><strong>Β</strong></span> <span class='ocrx_word' id='word_1_252' title='bbox 1771 1910 1999 1963; x_wconf 80' lang='lat' dir='ltr'><strong>invenies</strong></span> <span class='ocrx_word' id='word_1_253' title='bbox 2028 1909 2097 1964; x_wconf 82' lang='grc'>⁸³.</span> 
     </span>
    </p>
   </div>
   <div class='ocr_carea' id='block_1_35' title="bbox 94 1997 3348 2075">
    <p class='ocr_par' dir='ltr' id='par_1_35' title="bbox 94 1997 3348 2075">
     <span class='ocr_line' id='line_1_35' title="bbox 94 1997 3348 2075; baseline -0.002 -15"><span class='ocrx_word' id='word_1_254' title='bbox 94 2001 353 2070; x_wconf 59' lang='grc' dir='ltr'>..ἳάφησαν</span> <span class='ocrx_word' id='word_1_255' title='bbox 375 2002 511 2069; x_wconf 74' lang='grc' dir='ltr'>περὶ</span> <span class='ocrx_word' id='word_1_256' title='bbox 539 2002 644 2054; x_wconf 87' lang='grc' dir='ltr'>τοῦ</span> <span class='ocrx_word' id='word_1_257' title='bbox 672 2001 856 2070; x_wconf 75' lang='grc' dir='ltr'>λόγου</span> <span class='ocrx_word' id='word_1_258' title='bbox 881 1998 985 2068; x_wconf 82' lang='grc' dir='ltr'>τῆς</span> <span class='ocrx_word' id='word_1_259' title='bbox 1015 1997 1184 2067; x_wconf 77' lang='grc' dir='ltr'>ζωῆς.</span> <span class='ocrx_word' id='word_1_260' title='bbox 1213 2002 1280 2052; x_wconf 78' lang='lat' dir='ltr'><strong>Ei</strong></span> <span class='ocrx_word' id='word_1_261' title='bbox 1300 2001 1355 2052; x_wconf 78' lang='grc' dir='ltr'>δὲ</span> <span class='ocrx_word' id='word_1_262' title='bbox 1385 2001 1475 2053; x_wconf 77' lang='grc' dir='ltr'>καὶ</span> <span class='ocrx_word' id='word_1_263' title='bbox 1502 2000 1629 2071; x_wconf 76' lang='grc' dir='ltr'>περὶ</span> <span class='ocrx_word' id='word_1_264' title='bbox 1654 1999 1755 2070; x_wconf 81' lang='grc' dir='ltr'>τῆς</span> <span class='ocrx_word' id='word_1_265' title='bbox 1789 2001 2095 2072; x_wconf 87' lang='grc' dir='ltr'>κρείττονος</span> <span class='ocrx_word' id='word_1_266' title='bbox 2127 2004 2433 2074; x_wconf 80' lang='grc' dir='ltr'>αἰσθήσεως</span> <span class='ocrx_word' id='word_1_267' title='bbox 2457 2003 2550 2056; x_wconf 79' lang='grc' dir='ltr'>καὶ</span> <span class='ocrx_word' id='word_1_268' title='bbox 2582 2004 2642 2056; x_wconf 82' lang='grc' dir='ltr'>οὐ</span> <span class='ocrx_word' id='word_1_269' title='bbox 2685 2005 3003 2075; x_wconf 75' lang='grc' dir='ltr'>σωματικῆς</span> <span class='ocrx_word' id='word_1_270' title='bbox 3039 2002 3214 2073; x_wconf 80' lang='grc' dir='ltr'>βούλει</span> <span class='ocrx_word' id='word_1_271' title='bbox 3241 1997 3348 2054; x_wconf 76' lang='grc' dir='ltr'>ἀπὸ</span> 
     </span>
    </p>
   </div>
   <div class='ocr_carea' id='block_1_36' title="bbox 100 2089 3346 2164">
    <p class='ocr_par' dir='ltr' id='par_1_36' title="bbox 100 2089 3346 2164">
     <span class='ocr_line' id='line_1_36' title="bbox 100 2089 3346 2164; baseline 0.001 -20"><span class='ocrx_word' id='word_1_272' title='bbox 100 2093 192 2144; x_wconf 68' lang='grc' dir='ltr'>τῶν</span> <span class='ocrx_word' id='word_1_273' title='bbox 226 2091 378 2163; x_wconf 82' lang='grc' dir='ltr'>ἱερῶν</span> <span class='ocrx_word' id='word_1_274' title='bbox 409 2091 760 2162; x_wconf 83' lang='grc' dir='ltr'>Γραμμάτων</span> <span class='ocrx_word' id='word_1_275' title='bbox 799 2089 1017 2161; x_wconf 80' lang='grc' dir='ltr'>μαθεῖν,</span> <span class='ocrx_word' id='word_1_276' title='bbox 1064 2089 1292 2143; x_wconf 79' lang='grc' dir='ltr'>ἄκουσον</span> <span class='ocrx_word' id='word_1_277' title='bbox 1320 2090 1663 2160; x_wconf 83' lang='grc' dir='ltr'>Σολομῶντος</span> <span class='ocrx_word' id='word_1_278' title='bbox 1700 2094 1758 2147; x_wconf 80' lang='grc' dir='ltr'>ἐν</span> <span class='ocrx_word' id='word_1_279' title='bbox 1783 2095 1904 2156; x_wconf 82' lang='grc' dir='ltr'>ταῖς</span> <span class='ocrx_word' id='word_1_280' title='bbox 1938 2095 2288 2164; x_wconf 77' lang='grc' dir='ltr'>Παροιμίαις</span> <span class='ocrx_word' id='word_1_281' title='bbox 2354 2095 2628 2162; x_wconf 85' lang='grc' dir='ltr'>λέγοντος·</span> <span class='ocrx_word' id='word_1_282' title='bbox 2663 2095 2962 2163; x_wconf 74' lang='grc' dir='ltr'>Αἴσθησιν</span> <span class='ocrx_word' id='word_1_283' title='bbox 3021 2096 3188 2148; x_wconf 79' lang='grc' dir='ltr'>θείαν</span> <span class='ocrx_word' id='word_1_284' title='bbox 3235 2094 3346 2164; x_wconf 77' lang='lat'>(58)</span> 
     </span>
    </p>
   </div>
   <div class='ocr_carea' id='block_1_37' title="bbox 100 2184 375 2253">
    <p class='ocr_par' dir='ltr' id='par_1_37' title="bbox 100 2184 375 2253">
     <span class='ocr_line' id='line_1_37' title="bbox 100 2184 375 2253; baseline -0.011 -14"><span class='ocrx_word' id='word_1_285' title='bbox 100 2184 375 2253; x_wconf 77' lang='grc' dir='ltr'>εὑρήσεις.</span> 
     </span>
    </p>
   </div>
   <div class='ocr_carea' id='block_1_38' title="bbox 161 2279 1658 2351">
    <p class='ocr_par' dir='ltr' id='par_1_38' title="bbox 161 2279 1658 2351">
     <span class='ocr_line' id='line_1_38' title="bbox 161 2279 1658 2351; baseline 0.001 -19"><span class='ocrx_word' id='word_1_286' title='bbox 161 2281 226 2332; x_wconf 79' lang='grc' dir='ltr'>Οὐ</span> <span class='ocrx_word' id='word_1_287' title='bbox 255 2281 410 2351; x_wconf 84' lang='grc' dir='ltr'>χρεία</span> <span class='ocrx_word' id='word_1_288' title='bbox 431 2279 612 2334; x_wconf 89' lang='grc' dir='ltr'>τοίνυν</span> <span class='ocrx_word' id='word_1_289' title='bbox 657 2282 809 2350; x_wconf 79' lang='grc' dir='ltr'>ἡμῖν,</span> <span class='ocrx_word' id='word_1_290' title='bbox 845 2280 921 2342; x_wconf 82' lang='grc' dir='ltr'>ὡς</span> <span class='ocrx_word' id='word_1_291' title='bbox 953 2279 1095 2332; x_wconf 71' lang='grc' dir='ltr'>οὕτω</span> <span class='ocrx_word' id='word_1_292' title='bbox 1125 2279 1348 2351; x_wconf 72' lang='grc' dir='ltr'>ζητοῦσι</span> <span class='ocrx_word' id='word_1_293' title='bbox 1385 2281 1477 2333; x_wconf 81' lang='grc' dir='ltr'>τὸν</span> <span class='ocrx_word' id='word_1_294' title='bbox 1506 2281 1658 2347; x_wconf 75' lang='grc' dir='ltr'>Θεὸν,</span> 
     </span>
    </p>
   </div>
   <div class='ocr_carea' id='block_1_39' title="bbox 101 2370 1657 2441">
    <p class='ocr_par' dir='ltr' id='par_1_39' title="bbox 101 2370 1657 2441">
     <span class='ocr_line' id='line_1_39' title="bbox 101 2370 1657 2441; baseline 0.001 -18"><span class='ocrx_word' id='word_1_295' title='bbox 101 2372 313 2436; x_wconf 78' lang='grc' dir='ltr'>ἀπιέναι,</span> <span class='ocrx_word' id='word_1_296' title='bbox 336 2373 469 2425; x_wconf 85' lang='grc' dir='ltr'>ὅπου</span> <span class='ocrx_word' id='word_1_297' title='bbox 504 2372 647 2441; x_wconf 75' lang='grc' dir='ltr'>ἡμᾶς</span> <span class='ocrx_word' id='word_1_298' title='bbox 672 2371 878 2441; x_wconf 77' lang='grc' dir='ltr'>πέμπει</span> <span class='ocrx_word' id='word_1_299' title='bbox 903 2373 930 2424; x_wconf 93' lang='lat'>6</span> <span class='ocrx_word' id='word_1_300' title='bbox 961 2370 1166 2433; x_wconf 84' lang='grc' dir='ltr'>Κέλσος</span> <span class='ocrx_word' id='word_1_301' title='bbox 1188 2410 1201 2434; x_wconf 95' lang='grc'>,</span> <span class='ocrx_word' id='word_1_302' title='bbox 1226 2374 1305 2434; x_wconf 86' lang='grc' dir='ltr'>είς</span> <span class='ocrx_word' id='word_1_303' title='bbox 1323 2372 1657 2441; x_wconf 73' lang='grc' dir='ltr'>Τροφωνίου,</span> 
     </span>
    </p>
   </div>
   <div class='ocr_carea' id='block_1_40' title="bbox 103 2463 1659 2534">
    <p class='ocr_par' dir='ltr' id='par_1_40' title="bbox 103 2463 1659 2534">
     <span class='ocr_line' id='line_1_40' title="bbox 103 2463 1659 2534; baseline 0.001 -19"><span class='ocrx_word' id='word_1_304' title='bbox 103 2466 183 2516; x_wconf 74' lang='grc' dir='ltr'>καὶ</span> <span class='ocrx_word' id='word_1_305' title='bbox 230 2466 306 2527; x_wconf 84' lang='grc' dir='ltr'>είς</span> <span class='ocrx_word' id='word_1_306' title='bbox 348 2464 690 2534; x_wconf 68' lang='grc' dir='ltr'>Ἀμφιάρεω,</span> <span class='ocrx_word' id='word_1_307' title='bbox 744 2465 838 2516; x_wconf 78' lang='grc' dir='ltr'>καὶ</span> <span class='ocrx_word' id='word_1_308' title='bbox 892 2465 970 2527; x_wconf 84' lang='grc' dir='ltr'>είς</span> <span class='ocrx_word' id='word_1_309' title='bbox 1019 2463 1241 2533; x_wconf 63' lang='grc' dir='ltr'>Μόψου,</span> <span class='ocrx_word' id='word_1_310' title='bbox 1300 2464 1427 2516; x_wconf 75' lang='grc' dir='ltr'>ἔνθα</span> <span class='ocrx_word' id='word_1_311' title='bbox 1497 2465 1659 2534; x_wconf 69' lang='grc' dir='ltr'>φησὶν</span> 
     </span>
    </p>
   </div>
   <div class='ocr_carea' id='block_1_41' title="bbox 101 2556 1660 2624">
    <p class='ocr_par' dir='ltr' id='par_1_41' title="bbox 101 2556 1660 2624">
     <span class='ocr_line' id='line_1_41' title="bbox 101 2556 1660 2624; baseline 0.001 -15"><span class='ocrx_word' id='word_1_312' title='bbox 101 2556 528 2624; x_wconf 75' lang='grc' dir='ltr'>ἀνθρωποειδεῖς</span> <span class='ocrx_word' id='word_1_313' title='bbox 563 2556 902 2624; x_wconf 78' lang='grc' dir='ltr'>θεωρεῖσθαι</span> <span class='ocrx_word' id='word_1_314' title='bbox 939 2557 1111 2622; x_wconf 84' lang='grc' dir='ltr'>θεοὺς</span> <span class='ocrx_word' id='word_1_315' title='bbox 1133 2598 1148 2620; x_wconf 92' lang='grc'>,</span> <span class='ocrx_word' id='word_1_316' title='bbox 1183 2557 1302 2618; x_wconf 73' lang='grc' dir='ltr'>καὶ,</span> <span class='ocrx_word' id='word_1_317' title='bbox 1328 2557 1404 2620; x_wconf 83' lang='grc' dir='ltr'>ὡς</span> <span class='ocrx_word' id='word_1_318' title='bbox 1444 2557 1591 2624; x_wconf 81' lang='grc' dir='ltr'>λέγει</span> <span class='ocrx_word' id='word_1_319' title='bbox 1632 2559 1660 2610; x_wconf 87' lang='grc' dir='ltr'>ὁ</span> 
     </span>
    </p>
   </div>
   <div class='ocr_carea' id='block_1_42' title="bbox 103 2647 1654 2717">
    <p class='ocr_par' dir='ltr' id='par_1_42' title="bbox 103 2647 1654 2717">
     <span class='ocr_line' id='line_1_42' title="bbox 103 2647 1654 2717; baseline 0.001 -17"><span class='ocrx_word' id='word_1_320' title='bbox 103 2649 317 2712; x_wconf 80' lang='grc' dir='ltr'>Κέλσος,</span> <span class='ocrx_word' id='word_1_321' title='bbox 365 2650 435 2701; x_wconf 86' lang='grc' dir='ltr'>οὐ</span> <span class='ocrx_word' id='word_1_322' title='bbox 498 2647 937 2716; x_wconf 66' lang='grc' dir='ltr'>ψευδομένους,</span> <span class='ocrx_word' id='word_1_323' title='bbox 997 2649 1159 2701; x_wconf 74' lang='grc' dir='ltr'><em>ἀλλὰ</em></span> <span class='ocrx_word' id='word_1_324' title='bbox 1221 2648 1316 2700; x_wconf 76' lang='grc' dir='ltr'>καὶ</span> <span class='ocrx_word' id='word_1_325' title='bbox 1367 2648 1654 2717; x_wconf 76' lang='grc' dir='ltr'>ἐναργεῖς.</span> 
     </span>
    </p>
   </div>
   <div class='ocr_carea' id='block_1_43' title="bbox 106 2738 1656 2810">
    <p class='ocr_par' dir='ltr' id='par_1_43' title="bbox 106 2738 1656 2810">
     <span class='ocr_line' id='line_1_43' title="bbox 106 2738 1656 2810; baseline 0 -20"><span class='ocrx_word' id='word_1_326' title='bbox 106 2741 272 2808; x_wconf 86' lang='grc' dir='ltr'>Ἵσμεν</span> <span class='ocrx_word' id='word_1_327' title='bbox 316 2739 620 2809; x_wconf 10' lang='grc' dir='ltr'>γὰρςὴμεῖς</span> <span class='ocrx_word' id='word_1_328' title='bbox 649 2739 870 2802; x_wconf 82' lang='grc' dir='ltr'>τούτους</span> <span class='ocrx_word' id='word_1_329' title='bbox 901 2739 1162 2808; x_wconf 87' lang='grc' dir='ltr'>δαίμονας</span> <span class='ocrx_word' id='word_1_330' title='bbox 1208 2738 1367 2800; x_wconf 75' lang='grc' dir='ltr'>ὄντας</span> <span class='ocrx_word' id='word_1_331' title='bbox 1395 2778 1409 2802; x_wconf 93' lang='grc'>,</span> <span class='ocrx_word' id='word_1_332' title='bbox 1457 2756 1656 2810; x_wconf 79' lang='grc' dir='ltr'>τρεφο-</span> 
     </span>
    </p>
   </div>
   <div class='ocr_carea' id='block_1_44' title="bbox 105 2827 1660 2898">
    <p class='ocr_par' dir='ltr' id='par_1_44' title="bbox 105 2827 1660 2898">
     <span class='ocr_line' id='line_1_44' title="bbox 105 2827 1660 2898; baseline 0.001 -19"><span class='ocrx_word' id='word_1_333' title='bbox 105 2829 274 2898; x_wconf 81' lang='grc' dir='ltr'>μένους</span> <span class='ocrx_word' id='word_1_334' title='bbox 310 2828 558 2890; x_wconf 87' lang='grc' dir='ltr'>κνίσσαις</span> <span class='ocrx_word' id='word_1_335' title='bbox 595 2829 688 2880; x_wconf 79' lang='grc' dir='ltr'>καὶ</span> <span class='ocrx_word' id='word_1_336' title='bbox 728 2829 961 2898; x_wconf 81' lang='grc' dir='ltr'>αἵμασι,</span> <span class='ocrx_word' id='word_1_337' title='bbox 1002 2828 1094 2880; x_wconf 76' lang='grc' dir='ltr'>καὶ</span> <span class='ocrx_word' id='word_1_338' title='bbox 1136 2831 1253 2889; x_wconf 83' lang='grc' dir='ltr'>ταῖς</span> <span class='ocrx_word' id='word_1_339' title='bbox 1285 2827 1392 2879; x_wconf 80' lang='grc' dir='ltr'>ἀπὸ</span> <span class='ocrx_word' id='word_1_340' title='bbox 1421 2827 1527 2880; x_wconf 85' lang='grc' dir='ltr'>τῶν</span> <span class='ocrx_word' id='word_1_341' title='bbox 1568 2827 1660 2880; x_wconf 90' lang='grc' dir='ltr'>θυ-</span> 
     </span>
    </p>
   </div>
   <div class='ocr_carea' id='block_1_45' title="bbox 104 2918 1659 2990">
    <p class='ocr_par' dir='ltr' id='par_1_45' title="bbox 104 2918 1659 2990">
     <span class='ocr_line' id='line_1_45' title="bbox 104 2918 1659 2990; baseline 0.001 -19"><span class='ocrx_word' id='word_1_342' title='bbox 104 2919 214 2972; x_wconf 83' lang='grc' dir='ltr'>σιῶν</span> <span class='ocrx_word' id='word_1_343' title='bbox 241 2919 667 2990; x_wconf 82' lang='grc' dir='ltr'>ἀναθυμιάσεσι,</span> <span class='ocrx_word' id='word_1_344' title='bbox 705 2921 797 2972; x_wconf 82' lang='grc' dir='ltr'>καὶ</span> <span class='ocrx_word' id='word_1_345' title='bbox 836 2918 978 2972; x_wconf 82' lang='grc' dir='ltr'>οὓτω</span> <span class='ocrx_word' id='word_1_346' title='bbox 1003 2919 1558 2990; x_wconf 85' lang='grc' dir='ltr'>παρακατεχομένους</span> <span class='ocrx_word' id='word_1_347' title='bbox 1602 2921 1659 2972; x_wconf 81' lang='grc' dir='ltr'>έν</span> 
     </span>
    </p>
   </div>
   <div class='ocr_carea' id='block_1_46' title="bbox 103 3010 1658 3081">
    <p class='ocr_par' dir='ltr' id='par_1_46' title="bbox 103 3010 1658 3081">
     <span class='ocr_line' id='line_1_46' title="bbox 103 3010 1658 3081; baseline 0.001 -20"><span class='ocrx_word' id='word_1_348' title='bbox 103 3014 196 3073; x_wconf 85' lang='grc' dir='ltr'>τοῖς</span> <span class='ocrx_word' id='word_1_349' title='bbox 223 3011 322 3064; x_wconf 83' lang='grc' dir='ltr'>άπὸ</span> <span class='ocrx_word' id='word_1_350' title='bbox 359 3011 459 3081; x_wconf 76' lang='grc' dir='ltr'>τῆς</span> <span class='ocrx_word' id='word_1_351' title='bbox 494 3010 786 3080; x_wconf 79' lang='grc' dir='ltr'>ἐπιθυμίας</span> <span class='ocrx_word' id='word_1_352' title='bbox 816 3010 995 3062; x_wconf 82' lang='grc' dir='ltr'>αὐτῶν</span> <span class='ocrx_word' id='word_1_353' title='bbox 1036 3011 1528 3063; x_wconf 78' lang='grc' dir='ltr'>κατασκευασθεῖσι</span> <span class='ocrx_word' id='word_1_354' title='bbox 1573 3011 1658 3064; x_wconf 88' lang='grc' dir='ltr'>δε-</span> 
     </span>
    </p>
   </div>
   <div class='ocr_carea' id='block_1_47' title="bbox 1839 2278 3347 2348">
    <p class='ocr_par' dir='ltr' id='par_1_47' title="bbox 1839 2278 3347 2348">
     <span class='ocr_line' id='line_1_47' title="bbox 1839 2278 3347 2348; baseline 0.001 -13"><span class='ocrx_word' id='word_1_355' title='bbox 1839 2279 1930 2335; x_wconf 80' lang='lat'>55.</span> <span class='ocrx_word' id='word_1_356' title='bbox 1980 2279 2112 2334; x_wconf 90' lang='lat' dir='ltr'>Cum</span> <span class='ocrx_word' id='word_1_357' title='bbox 2151 2279 2315 2348; x_wconf 85' lang='lat' dir='ltr'><strong>igitur</strong></span> <span class='ocrx_word' id='word_1_358' title='bbox 2345 2279 2512 2332; x_wconf 87' lang='lat' dir='ltr'><strong>Deum</strong></span> <span class='ocrx_word' id='word_1_359' title='bbox 2545 2278 2648 2332; x_wconf 92' lang='lat' dir='ltr'>hoc</span> <span class='ocrx_word' id='word_1_360' title='bbox 2673 2278 2830 2331; x_wconf 85' lang='lat' dir='ltr'><strong>modo</strong></span> <span class='ocrx_word' id='word_1_361' title='bbox 2873 2295 3198 2347; x_wconf 60' lang='lat' dir='ltr'><strong>quaeramus,</strong></span> <span class='ocrx_word' id='word_1_362' title='bbox 3239 2298 3347 2337; x_wconf 87' lang='lat' dir='ltr'><strong>non</strong></span> 
     </span>
    </p>
   </div>
   <div class='ocr_carea' id='block_1_48' title="bbox 1766 2369 3347 2442">
    <p class='ocr_par' dir='ltr' id='par_1_48' title="bbox 1766 2369 3347 2442">
     <span class='ocr_line' id='line_1_48' title="bbox 1766 2369 3347 2442; baseline 0.002 -15"><span class='ocrx_word' id='word_1_363' title='bbox 1766 2388 1902 2442; x_wconf 89' lang='lat' dir='ltr'><strong>opus</strong></span> <span class='ocrx_word' id='word_1_364' title='bbox 1937 2381 2021 2426; x_wconf 83' lang='lat' dir='ltr'>est</span> <span class='ocrx_word' id='word_1_365' title='bbox 2056 2372 2208 2426; x_wconf 88' lang='lat' dir='ltr'><strong>abire</strong></span> <span class='ocrx_word' id='word_1_366' title='bbox 2261 2387 2369 2440; x_wconf 91' lang='lat' dir='ltr'><strong>quo</strong></span> <span class='ocrx_word' id='word_1_367' title='bbox 2402 2387 2503 2426; x_wconf 89' lang='lat' dir='ltr'>nos</span> <span class='ocrx_word' id='word_1_368' title='bbox 2537 2369 2705 2426; x_wconf 84' lang='lat' dir='ltr'><strong>mittit</strong></span> <span class='ocrx_word' id='word_1_369' title='bbox 2753 2372 2964 2436; x_wconf 86' lang='lat' dir='ltr'><strong>Celsus,</strong></span> <span class='ocrx_word' id='word_1_370' title='bbox 3015 2375 3230 2429; x_wconf 89' lang='lat' dir='ltr'><strong>scilicet</strong></span> <span class='ocrx_word' id='word_1_371' title='bbox 3280 2378 3347 2430; x_wconf 92' lang='lat' dir='ltr'><strong>ad</strong></span> 
     </span>
    </p>
   </div>
   <div class='ocr_carea' id='block_1_49' title="bbox 1768 2463 3346 2532">
    <p class='ocr_par' dir='ltr' id='par_1_49' title="bbox 1768 2463 3346 2532">
     <span class='ocr_line' id='line_1_49' title="bbox 1768 2463 3346 2532; baseline 0.002 -14"><span class='ocrx_word' id='word_1_372' title='bbox 1768 2464 2088 2532; x_wconf 80' lang='lat' dir='ltr'>Trophonii,</span> <span class='ocrx_word' id='word_1_373' title='bbox 2117 2471 2168 2517; x_wconf 91' lang='lat' dir='ltr'>et</span> <span class='ocrx_word' id='word_1_374' title='bbox 2189 2463 2530 2531; x_wconf 83' lang='lat' dir='ltr'><strong>Amphiarai,</strong></span> <span class='ocrx_word' id='word_1_375' title='bbox 2560 2464 2795 2532; x_wconf 84' lang='lat' dir='ltr'><strong>etMopsi</strong></span> <span class='ocrx_word' id='word_1_376' title='bbox 2819 2465 2979 2528; x_wconf 82' lang='lat' dir='ltr'><strong>aedes,</strong></span> <span class='ocrx_word' id='word_1_377' title='bbox 3007 2465 3092 2519; x_wconf 92' lang='lat' dir='ltr'>ubi</span> <span class='ocrx_word' id='word_1_378' title='bbox 3122 2466 3197 2519; x_wconf 90' lang='lat' dir='ltr'>ait</span> <span class='ocrx_word' id='word_1_379' title='bbox 3222 2468 3346 2521; x_wconf 77' lang='lat' dir='ltr'><strong>deos</strong></span> 
     </span>
    </p>
   </div>
   <div class='ocr_carea' id='block_1_50' title="bbox 1767 2556 3344 2627">
    <p class='ocr_par' dir='ltr' id='par_1_50' title="bbox 1767 2556 3344 2627">
     <span class='ocr_line' id='line_1_50' title="bbox 1767 2556 3344 2627; baseline -0.006 -18"><span class='ocrx_word' id='word_1_380' title='bbox 1767 2558 1999 2609; x_wconf 84' lang='lat' dir='ltr'><strong>humana</strong></span> <span class='ocrx_word' id='word_1_381' title='bbox 2038 2556 2209 2623; x_wconf 78' lang='lat' dir='ltr'><strong>[arma</strong></span> <span class='ocrx_word' id='word_1_382' title='bbox 2250 2557 2504 2624; x_wconf 73' lang='lat' dir='ltr'><strong>conspici,</strong></span> <span class='ocrx_word' id='word_1_383' title='bbox 2543 2572 2644 2609; x_wconf 87' lang='lat' dir='ltr'>non</span> <span class='ocrx_word' id='word_1_384' title='bbox 2681 2557 2926 2624; x_wconf 74' lang='lat' dir='ltr'><strong>fallaces,</strong></span> <span class='ocrx_word' id='word_1_385' title='bbox 2982 2557 3071 2609; x_wconf 81' lang='lat' dir='ltr'>sed</span> <span class='ocrx_word' id='word_1_386' title='bbox 3115 2559 3344 2627; x_wconf 66' lang='lat' dir='ltr'><strong>mauife-</strong></span> 
     </span>
    </p>
   </div>
   <div class='ocr_carea' id='block_1_51' title="bbox 1766 2645 3375 2715">
    <p class='ocr_par' dir='ltr' id='par_1_51' title="bbox 1766 2645 3375 2715">
     <span class='ocr_line' id='line_1_51' title="bbox 1766 2645 3375 2715; baseline 0.001 -15"><span class='ocrx_word' id='word_1_387' title='bbox 1766 2658 1897 2701; x_wconf 78' lang='lat' dir='ltr'><strong>stos.</strong></span> <span class='ocrx_word' id='word_1_388' title='bbox 1947 2645 2078 2699; x_wconf 83' lang='lat' dir='ltr'><strong>Nam</strong></span> <span class='ocrx_word' id='word_1_389' title='bbox 2141 2648 2344 2700; x_wconf 85' lang='lat' dir='ltr'><strong>scimus</strong></span> <span class='ocrx_word' id='word_1_390' title='bbox 2376 2648 2651 2701; x_wconf 73' lang='lat' dir='ltr'><strong>dmmones</strong></span> <span class='ocrx_word' id='word_1_391' title='bbox 2685 2646 2805 2701; x_wconf 91' lang='lat' dir='ltr'><strong>illos</strong></span> <span class='ocrx_word' id='word_1_392' title='bbox 2834 2662 2953 2701; x_wconf 86' lang='lat' dir='ltr'><strong>esse</strong></span> <span class='ocrx_word' id='word_1_393' title='bbox 2985 2649 3168 2715; x_wconf 88' lang='lat' dir='ltr'><strong>adipe,</strong></span> <span class='ocrx_word' id='word_1_394' title='bbox 3220 2666 3346 2701; x_wconf 78' lang='lat' dir='ltr'><strong>san-</strong></span> <span class='ocrx_word' id='word_1_395' title='bbox 3373 2713 3375 2715; x_wconf 18' lang='grc' dir='ltr'><strong><em>ι</em></strong></span> 
     </span>
    </p>
   </div>
   <div class='ocr_carea' id='block_1_52' title="bbox 1763 2734 3344 2805">
    <p class='ocr_par' dir='ltr' id='par_1_52' title="bbox 1763 2734 3344 2805">
     <span class='ocr_line' id='line_1_52' title="bbox 1763 2734 3344 2805; baseline 0.003 -18"><span class='ocrx_word' id='word_1_396' title='bbox 1763 2737 1924 2805; x_wconf 80' lang='lat' dir='ltr'><strong>gnine</strong></span> <span class='ocrx_word' id='word_1_397' title='bbox 1947 2744 2002 2788; x_wconf 88' lang='lat' dir='ltr'>et</span> <span class='ocrx_word' id='word_1_398' title='bbox 2030 2734 2218 2788; x_wconf 88' lang='lat' dir='ltr'><strong>nidore</strong></span> <span class='ocrx_word' id='word_1_399' title='bbox 2245 2735 2594 2789; x_wconf 88' lang='lat' dir='ltr'><strong>victimarum</strong></span> <span class='ocrx_word' id='word_1_400' title='bbox 2620 2745 2916 2803; x_wconf 77' lang='lat' dir='ltr'><strong>saturatos,</strong></span> <span class='ocrx_word' id='word_1_401' title='bbox 2947 2753 3149 2805; x_wconf 79' lang='lat' dir='ltr'><strong>eosque</strong></span> <span class='ocrx_word' id='word_1_402' title='bbox 3178 2739 3257 2791; x_wconf 89' lang='lat' dir='ltr'>sic</span> <span class='ocrx_word' id='word_1_403' title='bbox 3291 2740 3344 2791; x_wconf 87' lang='lat' dir='ltr'><strong>in</strong></span> 
     </span>
    </p>
   </div>
   <div class='ocr_carea' id='block_1_53' title="bbox 1767 2827 3344 2898">
    <p class='ocr_par' dir='ltr' id='par_1_53' title="bbox 1767 2827 3344 2898">
     <span class='ocr_line' id='line_1_53' title="bbox 1767 2827 3344 2898; baseline 0.001 -16"><span class='ocrx_word' id='word_1_404' title='bbox 1767 2827 2088 2882; x_wconf 88' lang='lat' dir='ltr'><strong>carceribus</strong></span> <span class='ocrx_word' id='word_1_405' title='bbox 2143 2827 2363 2881; x_wconf 89' lang='lat' dir='ltr'><strong>retineri</strong></span> <span class='ocrx_word' id='word_1_406' title='bbox 2401 2842 2541 2896; x_wconf 82' lang='lat' dir='ltr'><strong>quos</strong></span> <span class='ocrx_word' id='word_1_407' title='bbox 2590 2827 2692 2881; x_wconf 87' lang='lat' dir='ltr'><strong>sibi</strong></span> <span class='ocrx_word' id='word_1_408' title='bbox 2740 2843 2836 2882; x_wconf 85' lang='lat' dir='ltr'><strong>sua</strong></span> <span class='ocrx_word' id='word_1_409' title='bbox 2879 2828 3174 2898; x_wconf 88' lang='lat' dir='ltr'><strong>cupiditate</strong></span> <span class='ocrx_word' id='word_1_410' title='bbox 3210 2845 3344 2884; x_wconf 85' lang='lat' dir='ltr'><strong>con-</strong></span> 
     </span>
    </p>
   </div>
   <div class='ocr_carea' id='block_1_54' title="bbox 1762 2918 3342 2990">
    <p class='ocr_par' dir='ltr' id='par_1_54' title="bbox 1762 2918 3342 2990">
     <span class='ocr_line' id='line_1_54' title="bbox 1762 2918 3342 2990; baseline 0.003 -18"><span class='ocrx_word' id='word_1_411' title='bbox 1762 2927 2101 2973; x_wconf 75' lang='lat' dir='ltr'><strong>suuxerunt.</strong></span> <span class='ocrx_word' id='word_1_412' title='bbox 2129 2918 2236 2973; x_wconf 85' lang='lat' dir='ltr'><strong>llos</strong></span> <span class='ocrx_word' id='word_1_413' title='bbox 2259 2935 2511 2974; x_wconf 89' lang='lat' dir='ltr'><strong>carceres</strong></span> <span class='ocrx_word' id='word_1_414' title='bbox 2533 2918 2704 2974; x_wconf 66' lang='lat' dir='ltr'><strong>Grazci</strong></span> <span class='ocrx_word' id='word_1_415' title='bbox 2738 2919 2934 2990; x_wconf 90' lang='lat' dir='ltr'><strong>templa</strong></span> <span class='ocrx_word' id='word_1_416' title='bbox 2962 2921 3184 2974; x_wconf 89' lang='lat' dir='ltr'><strong>deorum</strong></span> <span class='ocrx_word' id='word_1_417' title='bbox 3219 2936 3342 2976; x_wconf 88' lang='lat' dir='ltr'><strong>esse</strong></span> 
     </span>
    </p>
   </div>
   <div class='ocr_carea' id='block_1_55' title="bbox 1761 3009 3340 3078">
    <p class='ocr_par' dir='ltr' id='par_1_55' title="bbox 1761 3009 3340 3078">
     <span class='ocr_line' id='line_1_55' title="bbox 1761 3009 3340 3078; baseline 0.001 -16"><span class='ocrx_word' id='word_1_418' title='bbox 1761 3018 1972 3078; x_wconf 85' lang='lat' dir='ltr'><strong>putant,</strong></span> <span class='ocrx_word' id='word_1_419' title='bbox 2014 3009 2107 3063; x_wconf 90' lang='lat' dir='ltr'>sed</span> <span class='ocrx_word' id='word_1_420' title='bbox 2141 3009 2296 3064; x_wconf 89' lang='lat' dir='ltr'><strong>nobis</strong></span> <span class='ocrx_word' id='word_1_421' title='bbox 2323 3010 2797 3063; x_wconf 80' lang='lat' dir='ltr'><strong>fraudulentorum</strong></span> <span class='ocrx_word' id='word_1_422' title='bbox 2846 3011 3151 3065; x_wconf 59' lang='lat' dir='ltr'><strong>daimonum</strong></span> <span class='ocrx_word' id='word_1_423' title='bbox 3184 3011 3340 3064; x_wconf 80' lang='lat' dir='ltr'><strong>habi-</strong></span> 
     </span>
    </p>
   </div>
   <div class='ocr_carea' id='block_1_56' title="bbox 106 3100 1659 3186">
    <p class='ocr_par' dir='ltr' id='par_1_56' title="bbox 106 3102 1655 3174">
     <span class='ocr_line' id='line_1_56' title="bbox 106 3102 1655 3174; baseline 0.003 -22"><span class='ocrx_word' id='word_1_424' title='bbox 106 3102 440 3172; x_wconf 82' lang='grc' dir='ltr'>σμωτηρίοις·</span> <span class='ocrx_word' id='word_1_425' title='bbox 481 3103 640 3156; x_wconf 85' lang='grc' dir='ltr'>ἇτινα</span> <span class='ocrx_word' id='word_1_426' title='bbox 673 3103 789 3174; x_wconf 77' lang='grc' dir='ltr'>ἱερὰ</span> <span class='ocrx_word' id='word_1_427' title='bbox 814 3102 962 3155; x_wconf 85' lang='grc' dir='ltr'>Θεῶν</span> <span class='ocrx_word' id='word_1_428' title='bbox 995 3103 1256 3172; x_wconf 86' lang='grc' dir='ltr'>’Έλληνες</span> <span class='ocrx_word' id='word_1_429' title='bbox 1287 3104 1655 3173; x_wconf 78' lang='grc' dir='ltr'>νενομίκασιν,</span> 
     </span>
    </p>
   </div>
   <div class='ocr_carea' id='block_1_57' title="bbox 1767 3100 3340 3186">
    <p class='ocr_par' dir='ltr' id='par_1_57' title="bbox 1767 3100 3340 3178">
     <span class='ocr_line' id='line_1_57' title="bbox 1767 3100 3340 3178; baseline 0.002 -26"><span class='ocrx_word' id='word_1_430' title='bbox 1767 3100 1938 3154; x_wconf 90' lang='lat' dir='ltr'><strong>tacula</strong></span> <span class='ocrx_word' id='word_1_431' title='bbox 1964 3114 2085 3155; x_wconf 89' lang='lat' dir='ltr'><strong>esse</strong></span> <span class='ocrx_word' id='word_1_432' title='bbox 2109 3111 2446 3170; x_wconf 87' lang='lat' dir='ltr'><strong>perspectunt</strong></span> <span class='ocrx_word' id='word_1_433' title='bbox 2500 3110 2605 3156; x_wconf 88' lang='lat' dir='ltr'><strong>est.</strong></span> <span class='ocrx_word' id='word_1_434' title='bbox 2636 3100 2830 3156; x_wconf 82' lang='lat' dir='ltr'><strong>Subdit</strong></span> <span class='ocrx_word' id='word_1_435' title='bbox 2863 3102 3106 3171; x_wconf 82' lang='lat' dir='ltr'><strong>improbe</strong></span> <span class='ocrx_word' id='word_1_436' title='bbox 3150 3102 3340 3178; x_wconf 84' lang='lat' dir='ltr'><strong>Celsus</strong></span> 
     </span>
    </p>
   </div>
   <div class='ocr_carea' id='block_1_58' title="bbox 103 3190 1659 3266">
    <p class='ocr_par' dir='ltr' id='par_1_58' title="bbox 103 3190 1659 3266">
     <span class='ocr_line' id='line_1_58' title="bbox 103 3190 1659 3266; baseline 0.001 -21"><span class='ocrx_word' id='word_1_437' title='bbox 103 3194 198 3246; x_wconf 83' lang='grc' dir='ltr'>ἀλλ’</span> <span class='ocrx_word' id='word_1_438' title='bbox 225 3198 373 3266; x_wconf 78' lang='grc' dir='ltr'>ἡμεῖς</span> <span class='ocrx_word' id='word_1_439' title='bbox 406 3196 569 3266; x_wconf 84' lang='grc' dir='ltr'>ἴσμεν</span> <span class='ocrx_word' id='word_1_440' title='bbox 596 3193 924 3249; x_wconf 83' lang='grc' dir='ltr'>ἀπατεώνων</span> <span class='ocrx_word' id='word_1_441' title='bbox 963 3195 1232 3264; x_wconf 85' lang='grc' dir='ltr'>δαιμόνων</span> <span class='ocrx_word' id='word_1_442' title='bbox 1263 3190 1400 3247; x_wconf 81' lang='grc' dir='ltr'>εἶναι</span> <span class='ocrx_word' id='word_1_443' title='bbox 1443 3194 1511 3246; x_wconf 83' lang='grc' dir='ltr'>τὰ</span> <span class='ocrx_word' id='word_1_444' title='bbox 1531 3213 1659 3258; x_wconf 27' lang='grc' dir='ltr'>,τοι-</span> 
     </span>
    </p>
   </div>
   <div class='ocr_carea' id='block_1_59' title="bbox 102 3284 1660 3359">
    <p class='ocr_par' dir='ltr' id='par_1_59' title="bbox 102 3284 1660 3359">
     <span class='ocr_line' id='line_1_59' title="bbox 102 3284 1660 3359; baseline 0.001 -23"><span class='ocrx_word' id='word_1_445' title='bbox 102 3285 218 3340; x_wconf 72' lang='grc' dir='ltr'>αὔτα</span> <span class='ocrx_word' id='word_1_446' title='bbox 257 3289 563 3359; x_wconf 78' lang='grc' dir='ltr'>οίκητήρια.</span> <span class='ocrx_word' id='word_1_447' title='bbox 630 3285 784 3339; x_wconf 80' lang='grc' dir='ltr'>Μετὰ</span> <span class='ocrx_word' id='word_1_448' title='bbox 838 3285 1008 3339; x_wconf 79' lang='grc' dir='ltr'>ταῦτα</span> <span class='ocrx_word' id='word_1_449' title='bbox 1057 3284 1344 3356; x_wconf 78' lang='grc' dir='ltr'>κακοήθως</span> <span class='ocrx_word' id='word_1_450' title='bbox 1377 3287 1404 3336; x_wconf 94' lang='lat'>6</span> <span class='ocrx_word' id='word_1_451' title='bbox 1453 3286 1660 3349; x_wconf 85' lang='grc' dir='ltr'>Κέλσος</span> 
     </span>
    </p>
   </div>
   <div class='ocr_carea' id='block_1_60' title="bbox 104 3376 1657 3451">
    <p class='ocr_par' dir='ltr' id='par_1_60' title="bbox 104 3376 1657 3451">
     <span class='ocr_line' id='line_1_60' title="bbox 104 3376 1657 3451; baseline -0.001 -20"><span class='ocrx_word' id='word_1_452' title='bbox 104 3380 216 3446; x_wconf 74' lang='grc' dir='ltr'>φησὶ</span> <span class='ocrx_word' id='word_1_453' title='bbox 272 3381 394 3451; x_wconf 76' lang='grc' dir='ltr'>περὶ</span> <span class='ocrx_word' id='word_1_454' title='bbox 439 3379 552 3433; x_wconf 81' lang='grc' dir='ltr'>τῶν</span> <span class='ocrx_word' id='word_1_455' title='bbox 601 3378 1016 3449; x_wconf 84' lang='grc' dir='ltr'>προειρημένων</span> <span class='ocrx_word' id='word_1_456' title='bbox 1061 3376 1474 3447; x_wconf 83' lang='grc' dir='ltr'>ἁνθρωποειδῶν</span> <span class='ocrx_word' id='word_1_457' title='bbox 1538 3379 1657 3430; x_wconf 70' lang='grc' dir='ltr'>κατ’</span> 
     </span>
    </p>
   </div>
   <div class='ocr_carea' id='block_1_61' title="bbox 103 3466 1657 3535">
    <p class='ocr_par' dir='ltr' id='par_1_61' title="bbox 103 3466 1657 3535">
     <span class='ocr_line' id='line_1_61' title="bbox 103 3466 1657 3535; baseline 0.001 -16"><span class='ocrx_word' id='word_1_458' title='bbox 103 3469 242 3522; x_wconf 78' lang='grc' dir='ltr'>αὑτὸν</span> <span class='ocrx_word' id='word_1_459' title='bbox 299 3469 453 3531; x_wconf 85' lang='grc' dir='ltr'>θεῶν,</span> <span class='ocrx_word' id='word_1_460' title='bbox 513 3471 594 3521; x_wconf 79' lang='grc' dir='ltr'>ὅτι</span> <span class='ocrx_word' id='word_1_461' title='bbox 651 3467 863 3535; x_wconf 68' lang='grc' dir='ltr'>ὄψεται</span> <span class='ocrx_word' id='word_1_462' title='bbox 910 3484 999 3531; x_wconf 91' lang='grc' dir='ltr'>τις</span> <span class='ocrx_word' id='word_1_463' title='bbox 1051 3466 1271 3532; x_wconf 83' lang='grc' dir='ltr'>αὐτοὺς</span> <span class='ocrx_word' id='word_1_464' title='bbox 1321 3469 1434 3535; x_wconf 83' lang='grc' dir='ltr'>οὐχ</span> <span class='ocrx_word' id='word_1_465' title='bbox 1495 3466 1657 3530; x_wconf 80' lang='grc' dir='ltr'>ἅπαξ</span> 
     </span>
    </p>
   </div>
   <div class='ocr_carea' id='block_1_62' title="bbox 102 3557 1656 3629">
    <p class='ocr_par' dir='ltr' id='par_1_62' title="bbox 102 3557 1656 3629">
     <span class='ocr_line' id='line_1_62' title="bbox 102 3557 1656 3629; baseline -0.001 -18"><span class='ocrx_word' id='word_1_466' title='bbox 102 3562 526 3629; x_wconf 73' lang='grc' dir='ltr'>πίιραῤῥυέντας</span> <span class='ocrx_word' id='word_1_467' title='bbox 552 3600 565 3621; x_wconf 89' lang='grc'>,</span> <span class='ocrx_word' id='word_1_468' title='bbox 625 3559 828 3627; x_wconf 80' lang='grc' dir='ltr'>ὥσπερ</span> <span class='ocrx_word' id='word_1_469' title='bbox 887 3558 994 3611; x_wconf 79' lang='grc' dir='ltr'>τὸν</span> <span class='ocrx_word' id='word_1_470' title='bbox 1049 3559 1297 3624; x_wconf 84' lang='grc' dir='ltr'>τούτους</span> <span class='ocrx_word' id='word_1_471' title='bbox 1357 3557 1656 3624; x_wconf 80' lang='grc' dir='ltr'>ἐξαπατή-</span> 
     </span>
    </p>
   </div>
   <div class='ocr_carea' id='block_1_63' title="bbox 100 3645 1654 3717">
    <p class='ocr_par' dir='ltr' id='par_1_63' title="bbox 100 3645 1654 3717">
     <span class='ocr_line' id='line_1_63' title="bbox 100 3645 1654 3717; baseline -0.001 -16"><span class='ocrx_word' id='word_1_472' title='bbox 100 3666 266 3704; x_wconf 75' lang='grc' dir='ltr'>σαντα</span> <span class='ocrx_word' id='word_1_473' title='bbox 291 3690 304 3716; x_wconf 92' lang='grc'>,</span> <span class='ocrx_word' id='word_1_474' title='bbox 347 3652 486 3706; x_wconf 71' lang='grc' dir='ltr'>ἀλλ’</span> <span class='ocrx_word' id='word_1_475' title='bbox 516 3649 606 3703; x_wconf 82' lang='grc' dir='ltr'>ἀεὶ</span> <span class='ocrx_word' id='word_1_476' title='bbox 653 3648 779 3713; x_wconf 82' lang='grc' dir='ltr'>τοῖς</span> <span class='ocrx_word' id='word_1_477' title='bbox 820 3647 1222 3717; x_wconf 73' lang='grc' dir='ltr'>βουλομένοις</span> <span class='ocrx_word' id='word_1_478' title='bbox 1275 3645 1654 3716; x_wconf 80' lang='grc' dir='ltr'>ὁμιλοῦντας.</span> 
     </span>
    </p>
   </div>
   <div class='ocr_carea' id='block_1_64' title="bbox 104 3726 1657 3809">
    <p class='ocr_par' dir='ltr' id='par_1_64' title="bbox 104 3726 1657 3809">
     <span class='ocr_line' id='line_1_64' title="bbox 104 3726 1657 3809; baseline -0.001 -17"><span class='ocrx_word' id='word_1_479' title='bbox 104 3743 195 3792; x_wconf 79' lang='grc' dir='ltr'>Καὶ</span> <span class='ocrx_word' id='word_1_480' title='bbox 237 3741 370 3794; x_wconf 77' lang='grc' dir='ltr'>ἔοικέ</span> <span class='ocrx_word' id='word_1_481' title='bbox 426 3758 495 3809; x_wconf 90' lang='grc' dir='ltr'>γε</span> <span class='ocrx_word' id='word_1_482' title='bbox 539 3739 627 3792; x_wconf 81' lang='grc' dir='ltr'>διὰ</span> <span class='ocrx_word' id='word_1_483' title='bbox 669 3726 872 3791; x_wconf 88' lang='grc' dir='ltr'>τούτων</span> <span class='ocrx_word' id='word_1_484' title='bbox 917 3738 1108 3808; x_wconf 83' lang='grc' dir='ltr'>φάσμα</span> <span class='ocrx_word' id='word_1_485' title='bbox 1159 3739 1255 3808; x_wconf 80' lang='grc' dir='ltr'>μὲν</span> <span class='ocrx_word' id='word_1_486' title='bbox 1311 3739 1657 3808; x_wconf 70' lang='grc' dir='ltr'>νενομικέναι</span> 
     </span>
    </p>
   </div>
   <div class='ocr_carea' id='block_1_65' title="bbox 105 3829 1657 3900">
    <p class='ocr_par' dir='ltr' id='par_1_65' title="bbox 105 3829 1657 3900">
     <span class='ocr_line' id='line_1_65' title="bbox 105 3829 1657 3900; baseline 0.002 -22"><span class='ocrx_word' id='word_1_487' title='bbox 105 3829 179 3880; x_wconf 78' lang='grc' dir='ltr'>τὸν</span> <span class='ocrx_word' id='word_1_488' title='bbox 216 3830 443 3899; x_wconf 78' lang='grc' dir='ltr'>Ἰησοῦν,</span> <span class='ocrx_word' id='word_1_489' title='bbox 501 3829 638 3899; x_wconf 73' lang='grc' dir='ltr'>μετὰ</span> <span class='ocrx_word' id='word_1_490' title='bbox 679 3829 777 3900; x_wconf 81' lang='grc' dir='ltr'>τὴν</span> <span class='ocrx_word' id='word_1_491' title='bbox 823 3830 886 3881; x_wconf 78' lang='grc' dir='ltr'>ἐκ</span> <span class='ocrx_word' id='word_1_492' title='bbox 930 3829 1141 3900; x_wconf 83' lang='grc' dir='ltr'>νεκρῶν</span> <span class='ocrx_word' id='word_1_493' title='bbox 1198 3829 1490 3882; x_wconf 80' lang='grc' dir='ltr'>ἀνάστασιν</span> <span class='ocrx_word' id='word_1_494' title='bbox 1536 3830 1657 3881; x_wconf 83' lang='grc' dir='ltr'>ἐπι-</span> 
     </span>
    </p>
   </div>
   <div class='ocr_carea' id='block_1_66' title="bbox 104 3920 1670 3992">
    <p class='ocr_par' dir='ltr' id='par_1_66' title="bbox 104 3920 1670 3992">
     <span class='ocr_line' id='line_1_66' title="bbox 104 3920 1670 3992; baseline 0.002 -22"><span class='ocrx_word' id='word_1_495' title='bbox 104 3920 310 3986; x_wconf 72' lang='grc' dir='ltr'>φανέντα</span> <span class='ocrx_word' id='word_1_496' title='bbox 370 3926 481 3984; x_wconf 88' lang='grc' dir='ltr'>τοῖ;</span> <span class='ocrx_word' id='word_1_497' title='bbox 541 3920 840 3991; x_wconf 83' lang='grc' dir='ltr'>μαθηταῖς,</span> <span class='ocrx_word' id='word_1_498' title='bbox 895 3921 1135 3992; x_wconf 80' lang='grc' dir='ltr'>ὡσπερεὶ</span> <span class='ocrx_word' id='word_1_499' title='bbox 1197 3920 1670 3991; x_wconf 68' lang='grc' dir='ltr'>ποιραρῤεύσοινταΔ</span> 
     </span>
    </p>
   </div>
   <div class='ocr_carea' id='block_1_67' title="bbox 100 4008 1656 4080">
    <p class='ocr_par' dir='ltr' id='par_1_67' title="bbox 100 4008 1656 4080">
     <span class='ocr_line' id='line_1_67' title="bbox 100 4008 1656 4080; baseline 0.003 -22"><span class='ocrx_word' id='word_1_500' title='bbox 100 4009 216 4078; x_wconf 74' lang='grc' dir='ltr'>πρὸς</span> <span class='ocrx_word' id='word_1_501' title='bbox 263 4009 320 4062; x_wconf 85' lang='grc' dir='ltr'>τὸ</span> <span class='ocrx_word' id='word_1_502' title='bbox 365 4010 601 4080; x_wconf 68' lang='grc' dir='ltr'>ὀφθῆναι</span> <span class='ocrx_word' id='word_1_503' title='bbox 649 4009 850 4070; x_wconf 85' lang='grc' dir='ltr'>αὐτοῖς.</span> <span class='ocrx_word' id='word_1_504' title='bbox 935 4008 1041 4072; x_wconf 85' lang='grc' dir='ltr'>υῦς</span> <span class='ocrx_word' id='word_1_505' title='bbox 1091 4009 1136 4061; x_wconf 80' lang='grc' dir='ltr'>δ’</span> <span class='ocrx_word' id='word_1_506' title='bbox 1179 4009 1429 4078; x_wconf 83' lang='grc' dir='ltr'>ὠνόμασε</span> <span class='ocrx_word' id='word_1_507' title='bbox 1484 4010 1656 4078; x_wconf 88' lang='grc' dir='ltr'>λέγων</span> 
     </span>
    </p>
   </div>
   <div class='ocr_carea' id='block_1_68' title="bbox 97 4099 1656 4170">
    <p class='ocr_par' dir='ltr' id='par_1_68' title="bbox 97 4099 1656 4170">
     <span class='ocr_line' id='line_1_68' title="bbox 97 4099 1656 4170; baseline -0.001 -18"><span class='ocrx_word' id='word_1_508' title='bbox 97 4100 485 4170; x_wconf 77' lang='grc' dir='ltr'>ἀνθρωποειδεῖς</span> <span class='ocrx_word' id='word_1_509' title='bbox 516 4100 690 4163; x_wconf 82' lang='grc' dir='ltr'>θεοὺς,</span> <span class='ocrx_word' id='word_1_510' title='bbox 726 4099 945 4161; x_wconf 82' lang='grc' dir='ltr'>τούτους</span> <span class='ocrx_word' id='word_1_511' title='bbox 972 4099 1142 4152; x_wconf 80' lang='grc' dir='ltr'>οἴεται</span> <span class='ocrx_word' id='word_1_512' title='bbox 1164 4099 1250 4151; x_wconf 65' lang='grc' dir='ltr'>ἄιε)⁸</span> <span class='ocrx_word' id='word_1_513' title='bbox 1269 4102 1379 4161; x_wconf 88' lang='grc' dir='ltr'>τοῖς</span> <span class='ocrx_word' id='word_1_514' title='bbox 1399 4100 1656 4170; x_wconf 85' lang='grc' dir='ltr'>βουλομέ-</span> 
     </span>
    </p>
   </div>
   <div class='ocr_carea' id='block_1_69' title="bbox 99 4188 1654 4262">
    <p class='ocr_par' dir='ltr' id='par_1_69' title="bbox 99 4188 1654 4262">
     <span class='ocr_line' id='line_1_69' title="bbox 99 4188 1654 4262; baseline 0.001 -20"><span class='ocrx_word' id='word_1_515' title='bbox 99 4194 190 4254; x_wconf 58' lang='lat' dir='ltr'><strong>vei;</strong></span> <span class='ocrx_word' id='word_1_516' title='bbox 216 4193 430 4262; x_wconf 88' lang='grc' dir='ltr'>ὁμιλεῖν.</span> <span class='ocrx_word' id='word_1_517' title='bbox 465 4191 590 4253; x_wconf 74' lang='grc' dir='ltr'>Πῶς</span> <span class='ocrx_word' id='word_1_518' title='bbox 619 4189 675 4242; x_wconf 79' lang='grc' dir='ltr'>δὲ</span> <span class='ocrx_word' id='word_1_519' title='bbox 700 4188 919 4242; x_wconf 88' lang='grc' dir='ltr'>δύναται</span> <span class='ocrx_word' id='word_1_520' title='bbox 947 4189 1159 4259; x_wconf 72' lang='grc' dir='ltr'>φάσμα,</span> <span class='ocrx_word' id='word_1_521' title='bbox 1189 4188 1263 4252; x_wconf 83' lang='grc' dir='ltr'>ὥς</span> <span class='ocrx_word' id='word_1_522' title='bbox 1281 4206 1442 4259; x_wconf 85' lang='grc' dir='ltr'>φησιν</span> <span class='ocrx_word' id='word_1_523' title='bbox 1475 4192 1654 4253; x_wconf 76' lang='grc' dir='ltr'>αὐτὸς,</span> 
     </span>
    </p>
   </div>
   <div class='ocr_carea' id='block_1_70' title="bbox 99 4279 1657 4353">
    <p class='ocr_par' dir='ltr' id='par_1_70' title="bbox 99 4279 1657 4353">
     <span class='ocr_line' id='line_1_70' title="bbox 99 4279 1657 4353; baseline 0.003 -23"><span class='ocrx_word' id='word_1_524' title='bbox 99 4284 384 4353; x_wconf 67' lang='grc' dir='ltr'>παραρρυὲν</span> <span class='ocrx_word' id='word_1_525' title='bbox 416 4283 504 4335; x_wconf 73' lang='grc' dir='ltr'>ἐπ’</span> <span class='ocrx_word' id='word_1_526' title='bbox 533 4281 718 4350; x_wconf 81' lang='grc' dir='ltr'>ἀπάτῃ</span> <span class='ocrx_word' id='word_1_527' title='bbox 746 4280 854 4332; x_wconf 84' lang='grc' dir='ltr'>τῶν</span> <span class='ocrx_word' id='word_1_528' title='bbox 881 4279 1250 4349; x_wconf 85' lang='grc' dir='ltr'>θεασαμένων,</span> <span class='ocrx_word' id='word_1_529' title='bbox 1278 4280 1372 4332; x_wconf 76' lang='grc' dir='ltr'>καὶ</span> <span class='ocrx_word' id='word_1_530' title='bbox 1397 4281 1535 4350; x_wconf 87' lang='grc' dir='ltr'>μετὰ</span> <span class='ocrx_word' id='word_1_531' title='bbox 1561 4281 1657 4350; x_wconf 81' lang='grc' dir='ltr'>τὴν</span> 
     </span>
    </p>
   </div>
   <div class='ocr_carea' id='block_1_71' title="bbox 99 4371 1655 4444">
    <p class='ocr_par' dir='ltr' id='par_1_71' title="bbox 99 4371 1655 4444">
     <span class='ocr_line' id='line_1_71' title="bbox 99 4371 1655 4444; baseline 0.001 -23"><span class='ocrx_word' id='word_1_532' title='bbox 99 4371 200 4423; x_wconf 74' lang='grc' dir='ltr'>τότε</span> <span class='ocrx_word' id='word_1_533' title='bbox 225 4373 336 4442; x_wconf 71' lang='grc' dir='ltr'>ὄψιν</span> <span class='ocrx_word' id='word_1_534' title='bbox 363 4372 602 4427; x_wconf 79' lang='grc' dir='ltr'>τοσαῦτα</span> <span class='ocrx_word' id='word_1_535' title='bbox 626 4375 888 4444; x_wconf 84' lang='grc' dir='ltr'>ἐνεργεῖν,</span> <span class='ocrx_word' id='word_1_536' title='bbox 921 4372 1011 4425; x_wconf 57' lang='grc' dir='ltr'>καὶ⁹</span> <span class='ocrx_word' id='word_1_537' title='bbox 1037 4373 1385 4442; x_wconf 76' lang='grc' dir='ltr'>ἐπιστρέφειν</span> <span class='ocrx_word' id='word_1_538' title='bbox 1419 4373 1515 4435; x_wconf 79' lang='grc' dir='ltr'>τὰς</span> <span class='ocrx_word' id='word_1_539' title='bbox 1547 4373 1655 4424; x_wconf 83' lang='grc' dir='ltr'>τῶν</span> 
     </span>
    </p>
   </div>
   <div class='ocr_carea' id='block_1_72' title="bbox 1762 3191 3339 3261">
    <p class='ocr_par' dir='ltr' id='par_1_72' title="bbox 1762 3191 3339 3261">
     <span class='ocr_line' id='line_1_72' title="bbox 1762 3191 3339 3261; baseline 0.001 -17"><span class='ocrx_word' id='word_1_540' title='bbox 1762 3192 1894 3246; x_wconf 89' lang='lat' dir='ltr'><strong>deos</strong></span> <span class='ocrx_word' id='word_1_541' title='bbox 1922 3191 2065 3257; x_wconf 91' lang='lat' dir='ltr'><strong>illos,</strong></span> <span class='ocrx_word' id='word_1_542' title='bbox 2105 3207 2241 3261; x_wconf 90' lang='lat' dir='ltr'><strong>quos</strong></span> <span class='ocrx_word' id='word_1_543' title='bbox 2271 3207 2394 3246; x_wconf 85' lang='lat' dir='ltr'><strong>esse</strong></span> <span class='ocrx_word' id='word_1_544' title='bbox 2434 3193 2511 3246; x_wconf 90' lang='lat' dir='ltr'>ait</span> <span class='ocrx_word' id='word_1_545' title='bbox 2542 3195 2777 3246; x_wconf 85' lang='lat' dir='ltr'><strong>humana</strong></span> <span class='ocrx_word' id='word_1_546' title='bbox 2809 3191 2981 3247; x_wconf 81' lang='lat' dir='ltr'><strong>forma</strong></span> <span class='ocrx_word' id='word_1_547' title='bbox 3002 3236 3016 3258; x_wconf 92' lang='lat'>,</span> <span class='ocrx_word' id='word_1_548' title='bbox 3045 3195 3209 3246; x_wconf 79' lang='lat' dir='ltr'><strong>videri</strong></span> <span class='ocrx_word' id='word_1_549' title='bbox 3236 3211 3339 3246; x_wconf 81' lang='lat' dir='ltr'>non</span> 
     </span>
    </p>
   </div>
   <div class='ocr_carea' id='block_1_73' title="bbox 1759 3282 3340 3354">
    <p class='ocr_par' dir='ltr' id='par_1_73' title="bbox 1759 3282 3340 3354">
     <span class='ocr_line' id='line_1_73' title="bbox 1759 3282 3340 3354; baseline 0.001 -18"><span class='ocrx_word' id='word_1_550' title='bbox 1759 3282 1916 3336; x_wconf 76' lang='lat' dir='ltr'><strong>semel</strong></span> <span class='ocrx_word' id='word_1_551' title='bbox 1943 3293 1990 3337; x_wconf 78' lang='lat' dir='ltr'>et</span> <span class='ocrx_word' id='word_1_552' title='bbox 2026 3284 2179 3353; x_wconf 79' lang='lat' dir='ltr'><strong>quasi</strong></span> <span class='ocrx_word' id='word_1_553' title='bbox 2222 3283 2718 3353; x_wconf 70' lang='lat' dir='ltr'><strong>pra&#39;lervolitanles,</strong></span> <span class='ocrx_word' id='word_1_554' title='bbox 2767 3285 3211 3354; x_wconf 84' lang='lat' dir='ltr'><strong>quemadmodum</strong></span> <span class='ocrx_word' id='word_1_555' title='bbox 3253 3285 3340 3338; x_wconf 85' lang='lat' dir='ltr'><strong>ille</strong></span> 
     </span>
    </p>
   </div>
   <div class='ocr_carea' id='block_1_74' title="bbox 1759 3373 3336 3442">
    <p class='ocr_par' dir='ltr' id='par_1_74' title="bbox 1759 3373 3336 3442">
     <span class='ocr_line' id='line_1_74' title="bbox 1759 3373 3336 3442; baseline 0.004 -20"><span class='ocrx_word' id='word_1_556' title='bbox 1759 3373 1847 3442; x_wconf 83' lang='lat' dir='ltr'>qui</span> <span class='ocrx_word' id='word_1_557' title='bbox 1885 3373 1981 3426; x_wconf 73' lang='lat' dir='ltr'><strong>Iros</strong></span> <span class='ocrx_word' id='word_1_558' title='bbox 2011 3374 2235 3442; x_wconf 76' lang='lat' dir='ltr'><strong>decepit,</strong></span> <span class='ocrx_word' id='word_1_559' title='bbox 2260 3375 2352 3427; x_wconf 78' lang='lat' dir='ltr'>sed</span> <span class='ocrx_word' id='word_1_560' title='bbox 2393 3390 2598 3442; x_wconf 79' lang='lat' dir='ltr'><strong>semper</strong></span> <span class='ocrx_word' id='word_1_561' title='bbox 2629 3390 2746 3426; x_wconf 86' lang='lat' dir='ltr'>cum</span> <span class='ocrx_word' id='word_1_562' title='bbox 2789 3374 3073 3428; x_wconf 78' lang='lat' dir='ltr'><strong>volentibus</strong></span> <span class='ocrx_word' id='word_1_563' title='bbox 3116 3377 3336 3429; x_wconf 78' lang='lat' dir='ltr'><strong>versari.</strong></span> 
     </span>
    </p>
   </div>
   <div class='ocr_carea' id='block_1_75' title="bbox 1759 3457 3334 3532">
    <p class='ocr_par' dir='ltr' id='par_1_75' title="bbox 1759 3457 3334 3532">
     <span class='ocr_line' id='line_1_75' title="bbox 1759 3457 3334 3532; baseline 0.003 -19"><span class='ocrx_word' id='word_1_564' title='bbox 1759 3459 1835 3513; x_wconf 80' lang='lat' dir='ltr'>Ex</span> <span class='ocrx_word' id='word_1_565' title='bbox 1868 3457 1952 3512; x_wconf 92' lang='lat' dir='ltr'>his</span> <span class='ocrx_word' id='word_1_566' title='bbox 1987 3459 2198 3513; x_wconf 88' lang='lat' dir='ltr'><strong>videtur</strong></span> <span class='ocrx_word' id='word_1_567' title='bbox 2227 3461 2279 3514; x_wconf 92' lang='lat' dir='ltr'>in</span> <span class='ocrx_word' id='word_1_568' title='bbox 2314 3461 2416 3515; x_wconf 90' lang='lat' dir='ltr'>hac</span> <span class='ocrx_word' id='word_1_569' title='bbox 2445 3461 2616 3516; x_wconf 80' lang='lat' dir='ltr'><strong>fuisse</strong></span> <span class='ocrx_word' id='word_1_570' title='bbox 2656 3463 2939 3532; x_wconf 89' lang='lat' dir='ltr'><strong>opinione,</strong></span> <span class='ocrx_word' id='word_1_571' title='bbox 2967 3463 3178 3528; x_wconf 84' lang='lat' dir='ltr'><strong>Jesum,</strong></span> <span class='ocrx_word' id='word_1_572' title='bbox 3211 3480 3334 3518; x_wconf 88' lang='lat' dir='ltr'>cum</span> 
     </span>
    </p>
   </div>
   <div class='ocr_carea' id='block_1_76' title="bbox 1759 3552 3336 3623">
    <p class='ocr_par' dir='ltr' id='par_1_76' title="bbox 1759 3552 3336 3623">
     <span class='ocr_line' id='line_1_76' title="bbox 1759 3552 3336 3623; baseline 0.004 -21"><span class='ocrx_word' id='word_1_573' title='bbox 1759 3558 1884 3618; x_wconf 91' lang='lat' dir='ltr'><strong>post</strong></span> <span class='ocrx_word' id='word_1_574' title='bbox 1918 3564 2073 3604; x_wconf 88' lang='lat' dir='ltr'><strong>suam</strong></span> <span class='ocrx_word' id='word_1_575' title='bbox 2105 3565 2135 3604; x_wconf 90' lang='lat' dir='ltr'>e</span> <span class='ocrx_word' id='word_1_576' title='bbox 2164 3552 2390 3606; x_wconf 86' lang='lat' dir='ltr'><strong>mortuis</strong></span> <span class='ocrx_word' id='word_1_577' title='bbox 2418 3555 2876 3607; x_wconf 86' lang='lat' dir='ltr'><strong>resurrectionem</strong></span> <span class='ocrx_word' id='word_1_578' title='bbox 2905 3554 3185 3623; x_wconf 89' lang='lat' dir='ltr'><strong>discipulis</strong></span> <span class='ocrx_word' id='word_1_579' title='bbox 3200 3570 3336 3609; x_wconf 88' lang='lat' dir='ltr'><strong>con-</strong></span> 
     </span>
    </p>
   </div>
   <div class='ocr_carea' id='block_1_77' title="bbox 1759 3641 3334 3714">
    <p class='ocr_par' dir='ltr' id='par_1_77' title="bbox 1759 3641 3334 3714">
     <span class='ocr_line' id='line_1_77' title="bbox 1759 3641 3334 3714; baseline 0.004 -20"><span class='ocrx_word' id='word_1_580' title='bbox 1759 3641 2004 3709; x_wconf 88' lang='lat' dir='ltr'><strong>spicuum</strong></span> <span class='ocrx_word' id='word_1_581' title='bbox 2058 3657 2118 3695; x_wconf 91' lang='lat' dir='ltr'>se</span> <span class='ocrx_word' id='word_1_582' title='bbox 2150 3641 2395 3711; x_wconf 77' lang='lat' dir='ltr'><strong>pra:buit,</strong></span> <span class='ocrx_word' id='word_1_583' title='bbox 2445 3643 2620 3699; x_wconf 82' lang='lat' dir='ltr'><strong>fuisse</strong></span> <span class='ocrx_word' id='word_1_584' title='bbox 2665 3653 2943 3713; x_wconf 89' lang='lat' dir='ltr'><strong>spectrum</strong></span> <span class='ocrx_word' id='word_1_585' title='bbox 2993 3646 3136 3714; x_wconf 89' lang='lat' dir='ltr'><strong>quod</strong></span> <span class='ocrx_word' id='word_1_586' title='bbox 3171 3647 3334 3701; x_wconf 88' lang='lat' dir='ltr'><strong>veluti</strong></span> 
     </span>
    </p>
   </div>
   <div class='ocr_carea' id='block_1_78' title="bbox 1760 3732 3333 3805">
    <p class='ocr_par' dir='ltr' id='par_1_78' title="bbox 1760 3732 3333 3805">
     <span class='ocr_line' id='line_1_78' title="bbox 1760 3732 3333 3805; baseline 0.006 -22"><span class='ocrx_word' id='word_1_587' title='bbox 1760 3732 2192 3800; x_wconf 66' lang='lat' dir='ltr'><strong>prtetervolitans</strong></span> <span class='ocrx_word' id='word_1_588' title='bbox 2221 3749 2409 3787; x_wconf 87' lang='lat' dir='ltr'><strong>eorum</strong></span> <span class='ocrx_word' id='word_1_589' title='bbox 2447 3735 2590 3789; x_wconf 91' lang='lat' dir='ltr'><strong>oculi</strong></span> <span class='ocrx_word' id='word_1_590' title='bbox 2617 3737 2952 3805; x_wconf 82' lang='lat' dir='ltr'><strong>aspexerint.</strong></span> <span class='ocrx_word' id='word_1_591' title='bbox 2979 3737 3126 3804; x_wconf 81' lang='lat' dir='ltr'><strong>Quos</strong></span> <span class='ocrx_word' id='word_1_592' title='bbox 3151 3749 3333 3794; x_wconf 88' lang='lat' dir='ltr'><strong>autem</strong></span> 
     </span>
    </p>
   </div>
   <div class='ocr_carea' id='block_1_79' title="bbox 1760 3824 3329 3897">
    <p class='ocr_par' dir='ltr' id='par_1_79' title="bbox 1760 3824 3329 3897">
     <span class='ocr_line' id='line_1_79' title="bbox 1760 3824 3329 3897; baseline 0.004 -21"><span class='ocrx_word' id='word_1_593' title='bbox 1760 3824 1994 3876; x_wconf 87' lang='lat' dir='ltr'><strong>humana</strong></span> <span class='ocrx_word' id='word_1_594' title='bbox 2027 3824 2199 3878; x_wconf 83' lang='lat' dir='ltr'><strong>forma</strong></span> <span class='ocrx_word' id='word_1_595' title='bbox 2225 3825 2357 3879; x_wconf 88' lang='lat' dir='ltr'><strong>deos</strong></span> <span class='ocrx_word' id='word_1_596' title='bbox 2381 3837 2564 3888; x_wconf 84' lang='lat' dir='ltr'><strong>vocat,</strong></span> <span class='ocrx_word' id='word_1_597' title='bbox 2595 3826 2717 3882; x_wconf 91' lang='lat' dir='ltr'><strong>illos</strong></span> <span class='ocrx_word' id='word_1_598' title='bbox 2747 3827 2910 3897; x_wconf 80' lang='lat'>719</span> <span class='ocrx_word' id='word_1_599' title='bbox 2939 3839 3091 3897; x_wconf 91' lang='lat' dir='ltr'><strong>putat</strong></span> <span class='ocrx_word' id='word_1_600' title='bbox 3118 3831 3329 3886; x_wconf 81' lang='lat' dir='ltr'><strong>versari</strong></span> 
     </span>
    </p>
   </div>
   <div class='ocr_carea' id='block_1_80' title="bbox 1760 3900 3335 3986">
    <p class='ocr_par' dir='ltr' id='par_1_80' title="bbox 1760 3900 3335 3986">
     <span class='ocr_line' id='line_1_80' title="bbox 1760 3900 3335 3986; baseline 0.005 -22"><span class='ocrx_word' id='word_1_601' title='bbox 1760 3928 1976 3982; x_wconf 84' lang='lat' dir='ltr'><strong>semper</strong></span> <span class='ocrx_word' id='word_1_602' title='bbox 2001 3929 2125 3968; x_wconf 91' lang='lat' dir='ltr'>cum</span> <span class='ocrx_word' id='word_1_603' title='bbox 2153 3900 2478 3969; x_wconf 84' lang='lat' dir='ltr'><strong>volentibus.</strong></span> <span class='ocrx_word' id='word_1_604' title='bbox 2518 3915 2799 3980; x_wconf 84' lang='lat' dir='ltr'><strong>Quomodo</strong></span> <span class='ocrx_word' id='word_1_605' title='bbox 2826 3929 3126 3986; x_wconf 88' lang='lat' dir='ltr'><strong>spectrum,</strong></span> <span class='ocrx_word' id='word_1_606' title='bbox 3165 3930 3221 3971; x_wconf 90' lang='lat' dir='ltr'>ut</span> <span class='ocrx_word' id='word_1_607' title='bbox 3246 3918 3335 3972; x_wconf 92' lang='lat' dir='ltr'><strong>ille</strong></span> 
     </span>
    </p>
   </div>
   <div class='ocr_carea' id='block_1_81' title="bbox 1758 4005 3334 4076">
    <p class='ocr_par' dir='ltr' id='par_1_81' title="bbox 1758 4005 3334 4076">
     <span class='ocr_line' id='line_1_81' title="bbox 1758 4005 3334 4076; baseline 0.004 -19"><span class='ocrx_word' id='word_1_608' title='bbox 1758 4005 2012 4073; x_wconf 83' lang='lat' dir='ltr'><strong>appellat,</strong></span> <span class='ocrx_word' id='word_1_609' title='bbox 2064 4005 2126 4059; x_wconf 88' lang='lat' dir='ltr'>ad</span> <span class='ocrx_word' id='word_1_610' title='bbox 2180 4005 2449 4060; x_wconf 80' lang='lat' dir='ltr'><strong>fallendos</strong></span> <span class='ocrx_word' id='word_1_611' title='bbox 2504 4017 2843 4075; x_wconf 78' lang='lat' dir='ltr'><strong>Spectatores</strong></span> <span class='ocrx_word' id='word_1_612' title='bbox 2893 4009 3334 4076; x_wconf 64' lang='lat' dir='ltr'><strong>praetervolitans</strong></span> 
     </span>
    </p>
   </div>
   <div class='ocr_carea' id='block_1_82' title="bbox 1757 4097 3336 4167">
    <p class='ocr_par' dir='ltr' id='par_1_82' title="bbox 1757 4097 3336 4167">
     <span class='ocr_line' id='line_1_82' title="bbox 1757 4097 3336 4167; baseline 0.006 -22"><span class='ocrx_word' id='word_1_613' title='bbox 1757 4105 1954 4164; x_wconf 72' lang='lat' dir='ltr'><strong>l&#39;ltileSl,</strong></span> <span class='ocrx_word' id='word_1_614' title='bbox 1989 4106 2272 4166; x_wconf 83' lang='lat' dir='ltr'><strong>postquam</strong></span> <span class='ocrx_word' id='word_1_615' title='bbox 2305 4097 2476 4150; x_wconf 90' lang='lat' dir='ltr'><strong>visutn</strong></span> <span class='ocrx_word' id='word_1_616' title='bbox 2510 4107 2613 4161; x_wconf 89' lang='lat' dir='ltr'><strong>est,</strong></span> <span class='ocrx_word' id='word_1_617' title='bbox 2665 4109 2812 4152; x_wconf 88' lang='lat' dir='ltr'><strong>tanta</strong></span> <span class='ocrx_word' id='word_1_618' title='bbox 2847 4098 3085 4163; x_wconf 75' lang='lat' dir='ltr'><strong>efﬁcere,</strong></span> <span class='ocrx_word' id='word_1_619' title='bbox 3148 4100 3336 4167; x_wconf 85' lang='lat' dir='ltr'><strong>hujus-</strong></span> 
     </span>
    </p>
   </div>
   <div class='ocr_carea' id='block_1_83' title="bbox 1758 4186 3335 4252">
    <p class='ocr_par' dir='ltr' id='par_1_83' title="bbox 1758 4186 3335 4252">
     <span class='ocr_line' id='line_1_83' title="bbox 1758 4186 3335 4252; baseline 0.003 -15"><span class='ocrx_word' id='word_1_620' title='bbox 1758 4186 1899 4238; x_wconf 91' lang='lat' dir='ltr'><strong>modi</strong></span> <span class='ocrx_word' id='word_1_621' title='bbox 1927 4187 2202 4239; x_wconf 91' lang='lat' dir='ltr'><strong>hominum</strong></span> <span class='ocrx_word' id='word_1_622' title='bbox 2235 4189 2444 4242; x_wconf 85' lang='lat' dir='ltr'><strong>animas</strong></span> <span class='ocrx_word' id='word_1_623' title='bbox 2470 4199 2809 4252; x_wconf 79' lang='lat' dir='ltr'><strong>convertere,</strong></span> <span class='ocrx_word' id='word_1_624' title='bbox 2841 4203 2934 4244; x_wconf 90' lang='lat' dir='ltr'>eos</span> <span class='ocrx_word' id='word_1_625' title='bbox 2977 4190 3246 4244; x_wconf 82' lang='lat' dir='ltr'><strong>adducere</strong></span> <span class='ocrx_word' id='word_1_626' title='bbox 3278 4198 3335 4244; x_wconf 92' lang='lat' dir='ltr'><strong>ut</strong></span> 
     </span>
    </p>
   </div>
   <div class='ocr_carea' id='block_1_84' title="bbox 1757 4278 3329 4350">
    <p class='ocr_par' dir='ltr' id='par_1_84' title="bbox 1757 4278 3329 4350">
     <span class='ocr_line' id='line_1_84' title="bbox 1757 4278 3329 4350; baseline 0.001 -20"><span class='ocrx_word' id='word_1_627' title='bbox 1757 4278 1984 4331; x_wconf 79' lang='lat' dir='ltr'><strong>credant</strong></span> <span class='ocrx_word' id='word_1_628' title='bbox 2006 4279 2190 4332; x_wconf 87' lang='lat' dir='ltr'><strong>omnia</strong></span> <span class='ocrx_word' id='word_1_629' title='bbox 2219 4280 2319 4334; x_wconf 91' lang='lat' dir='ltr'><strong>sibi</strong></span> <span class='ocrx_word' id='word_1_630' title='bbox 2348 4280 2596 4334; x_wconf 84' lang='lat' dir='ltr'><strong>facienda</strong></span> <span class='ocrx_word' id='word_1_631' title='bbox 2624 4295 2746 4334; x_wconf 90' lang='lat' dir='ltr'><strong>esse</strong></span> <span class='ocrx_word' id='word_1_632' title='bbox 2774 4295 2893 4350; x_wconf 64' lang='lat' dir='ltr'><strong>quae</strong></span> <span class='ocrx_word' id='word_1_633' title='bbox 2925 4280 3031 4334; x_wconf 91' lang='lat' dir='ltr'>Deo</span> <span class='ocrx_word' id='word_1_634' title='bbox 3054 4280 3329 4349; x_wconf 87' lang='lat' dir='ltr'><strong>placeant,</strong></span> 
     </span>
    </p>
   </div>
   <div class='ocr_carea' id='block_1_85' title="bbox 1758 4369 3332 4438">
    <p class='ocr_par' dir='ltr' id='par_1_85' title="bbox 1758 4369 3332 4438">
     <span class='ocr_line' id='line_1_85' title="bbox 1758 4369 3332 4438; baseline 0.001 -17"><span class='ocrx_word' id='word_1_635' title='bbox 1758 4369 1941 4437; x_wconf 91' lang='lat' dir='ltr'><strong>utqui</strong></span> <span class='ocrx_word' id='word_1_636' title='bbox 1995 4370 2258 4424; x_wconf 86' lang='lat' dir='ltr'><strong>rationem</strong></span> <span class='ocrx_word' id='word_1_637' title='bbox 2311 4372 2576 4426; x_wconf 88' lang='lat' dir='ltr'><strong>reddituri</strong></span> <span class='ocrx_word' id='word_1_638' title='bbox 2628 4371 2800 4426; x_wconf 89' lang='lat' dir='ltr'><strong>sunt?</strong></span> <span class='ocrx_word' id='word_1_639' title='bbox 2849 4373 3129 4438; x_wconf 88' lang='lat' dir='ltr'><strong>Quomodo</strong></span> <span class='ocrx_word' id='word_1_640' title='bbox 3184 4371 3332 4438; x_wconf 85' lang='lat' dir='ltr'><strong>ejicit</strong></span> 
     </span>
    </p>
   </div>
   <div class='ocr_carea' id='block_1_86' title="bbox 99 4458 1659 4536">
    <p class='ocr_par' dir='ltr' id='par_1_86' title="bbox 99 4463 1658 4536">
     <span class='ocr_line' id='line_1_86' title="bbox 99 4463 1658 4536; baseline 0.004 -26"><span class='ocrx_word' id='word_1_641' title='bbox 99 4463 321 4518; x_wconf 81' lang='grc' dir='ltr'>τοιούτων</span> <span class='ocrx_word' id='word_1_642' title='bbox 351 4465 550 4535; x_wconf 76' lang='grc' dir='ltr'>ψυχάς,</span> <span class='ocrx_word' id='word_1_643' title='bbox 583 4466 674 4518; x_wconf 76' lang='grc' dir='ltr'>καὶ</span> <span class='ocrx_word' id='word_1_644' title='bbox 705 4463 874 4518; x_wconf 84' lang='grc' dir='ltr'>πειθὼ</span> <span class='ocrx_word' id='word_1_645' title='bbox 901 4465 1146 4534; x_wconf 75' lang='grc' dir='ltr'>ἐμποιεῖν</span> <span class='ocrx_word' id='word_1_646' title='bbox 1176 4463 1365 4526; x_wconf 82' lang='grc' dir='ltr'>αὐταῖς</span> <span class='ocrx_word' id='word_1_647' title='bbox 1395 4463 1504 4535; x_wconf 85' lang='grc'>(59)</span> <span class='ocrx_word' id='word_1_648' title='bbox 1532 4466 1658 4536; x_wconf 78' lang='grc' dir='ltr'>περὶ</span> 
     </span>
    </p>
   </div>
   <div class='ocr_carea' id='block_1_87' title="bbox 1767 4458 3330 4536">
    <p class='ocr_par' dir='ltr' id='par_1_87' title="bbox 1767 4458 3330 4530">
     <span class='ocr_line' id='line_1_87' title="bbox 1767 4458 3330 4530; baseline 0.003 -19"><span class='ocrx_word' id='word_1_649' title='bbox 1767 4458 2028 4513; x_wconf 81' lang='lat' dir='ltr'><strong>daemonia</strong></span> <span class='ocrx_word' id='word_1_650' title='bbox 2057 4461 2274 4530; x_wconf 89' lang='lat' dir='ltr'><strong>aliaque</strong></span> <span class='ocrx_word' id='word_1_651' title='bbox 2307 4462 2449 4516; x_wconf 90' lang='lat' dir='ltr'><strong>haud</strong></span> <span class='ocrx_word' id='word_1_652' title='bbox 2473 4464 2864 4517; x_wconf 87' lang='lat' dir='ltr'><strong>contemnenda</strong></span> <span class='ocrx_word' id='word_1_653' title='bbox 2912 4463 3166 4517; x_wconf 86' lang='lat' dir='ltr'><strong>miracula</strong></span> <span class='ocrx_word' id='word_1_654' title='bbox 3199 4463 3330 4522; x_wconf 83' lang='lat' dir='ltr'><strong>facit</strong></span> 
     </span>
    </p>
   </div>
   <div class='ocr_carea' id='block_1_88' title="bbox 104 4552 1657 4627">
    <p class='ocr_par' dir='ltr' id='par_1_88' title="bbox 104 4552 1657 4627">
     <span class='ocr_line' id='line_1_88' title="bbox 104 4552 1657 4627; baseline 0.003 -23"><span class='ocrx_word' id='word_1_655' title='bbox 104 4552 176 4604; x_wconf 72' lang='grc' dir='ltr'>τοῦ</span> <span class='ocrx_word' id='word_1_656' title='bbox 210 4557 372 4610; x_wconf 81' lang='grc' dir='ltr'>πάντα</span> <span class='ocrx_word' id='word_1_657' title='bbox 399 4558 509 4610; x_wconf 87' lang='grc' dir='ltr'>δεῖν</span> <span class='ocrx_word' id='word_1_658' title='bbox 539 4557 880 4627; x_wconf 85' lang='grc' dir='ltr'>ἀρεσκόντως</span> <span class='ocrx_word' id='word_1_659' title='bbox 913 4554 1172 4625; x_wconf 86' lang='grc' dir='ltr'>πράττειν</span> <span class='ocrx_word' id='word_1_660' title='bbox 1199 4555 1336 4624; x_wconf 83' lang='grc' dir='ltr'>Θεῷ,</span> <span class='ocrx_word' id='word_1_661' title='bbox 1363 4556 1439 4618; x_wconf 80' lang='grc' dir='ltr'>ὡς</span> <span class='ocrx_word' id='word_1_662' title='bbox 1464 4555 1657 4627; x_wconf 89' lang='grc' dir='ltr'>κριθη-</span> 
     </span>
    </p>
   </div>
   <div class='ocr_carea' id='block_1_89' title="bbox 101 4645 1657 4718">
    <p class='ocr_par' dir='ltr' id='par_1_89' title="bbox 101 4645 1657 4718">
     <span class='ocr_line' id='line_1_89' title="bbox 101 4645 1657 4718; baseline 0.003 -24"><span class='ocrx_word' id='word_1_663' title='bbox 101 4646 363 4714; x_wconf 82' lang='grc' dir='ltr'>σομένους;</span> <span class='ocrx_word' id='word_1_664' title='bbox 398 4649 525 4712; x_wconf 81' lang='grc' dir='ltr'>Πῶς</span> <span class='ocrx_word' id='word_1_665' title='bbox 568 4649 623 4701; x_wconf 85' lang='grc' dir='ltr'>δὲ</span> <span class='ocrx_word' id='word_1_666' title='bbox 655 4650 844 4718; x_wconf 77' lang='grc' dir='ltr'>φάσμα</span> <span class='ocrx_word' id='word_1_667' title='bbox 872 4646 1169 4717; x_wconf 84' lang='grc' dir='ltr'>ὀνομασθὲν</span> <span class='ocrx_word' id='word_1_668' title='bbox 1220 4646 1512 4699; x_wconf 80' lang='grc' dir='ltr'>ἀπελαύνει</span> <span class='ocrx_word' id='word_1_669' title='bbox 1539 4645 1657 4698; x_wconf 81' lang='grc' dir='ltr'>δαι-</span> 
     </span>
    </p>
   </div>
   <div class='ocr_carea' id='block_1_90' title="bbox 102 4735 1656 4808">
    <p class='ocr_par' dir='ltr' id='par_1_90' title="bbox 102 4735 1656 4808">
     <span class='ocr_line' id='line_1_90' title="bbox 102 4735 1656 4808; baseline 0.003 -22"><span class='ocrx_word' id='word_1_670' title='bbox 102 4735 254 4802; x_wconf 79' lang='grc' dir='ltr'>μόνια,</span> <span class='ocrx_word' id='word_1_671' title='bbox 308 4741 399 4793; x_wconf 76' lang='grc' dir='ltr'>καὶ</span> <span class='ocrx_word' id='word_1_672' title='bbox 437 4740 603 4802; x_wconf 85' lang='grc' dir='ltr'>ἄλλας</span> <span class='ocrx_word' id='word_1_673' title='bbox 660 4741 759 4792; x_wconf 80' lang='grc' dir='ltr'>οὐκ</span> <span class='ocrx_word' id='word_1_674' title='bbox 820 4738 1326 4808; x_wconf 78' lang='grc' dir='ltr'>εὐκαταφρονήτους</span> <span class='ocrx_word' id='word_1_675' title='bbox 1380 4737 1656 4808; x_wconf 78' lang='grc' dir='ltr'>ἐνεργείας</span> 
     </span>
    </p>
   </div>
   <div class='ocr_carea' id='block_1_91' title="bbox 99 4823 1654 4900">
    <p class='ocr_par' dir='ltr' id='par_1_91' title="bbox 99 4823 1654 4900">
     <span class='ocr_line' id='line_1_91' title="bbox 99 4823 1654 4900; baseline 0.001 -24"><span class='ocrx_word' id='word_1_676' title='bbox 99 4823 316 4895; x_wconf 79' lang='grc' dir='ltr'>ἐνεργεῖ’</span> <span class='ocrx_word' id='word_1_677' title='bbox 363 4831 461 4900; x_wconf 80' lang='grc' dir='ltr'>οὐχ</span> <span class='ocrx_word' id='word_1_678' title='bbox 504 4830 599 4881; x_wconf 74' lang='grc' dir='ltr'>ἕνα</span> <span class='ocrx_word' id='word_1_679' title='bbox 638 4828 1054 4899; x_wconf 85' lang='grc' dir='ltr'>κεκληρωμένον</span> <span class='ocrx_word' id='word_1_680' title='bbox 1099 4827 1207 4899; x_wconf 82' lang='grc'>(60)</span> <span class='ocrx_word' id='word_1_681' title='bbox 1254 4828 1446 4891; x_wconf 87' lang='grc' dir='ltr'>τόπον,</span> <span class='ocrx_word' id='word_1_682' title='bbox 1485 4827 1561 4891; x_wconf 85' lang='grc' dir='ltr'>ὡς</span> <span class='ocrx_word' id='word_1_683' title='bbox 1605 4829 1654 4880; x_wconf 80' lang='lat' dir='ltr'>oi</span> 
     </span>
    </p>
   </div>
   <div class='ocr_carea' id='block_1_92' title="bbox 98 4921 1656 4994">
    <p class='ocr_par' dir='ltr' id='par_1_92' title="bbox 98 4921 1656 4994">
     <span class='ocr_line' id='line_1_92' title="bbox 98 4921 1656 4994; baseline 0.002 -23"><span class='ocrx_word' id='word_1_684' title='bbox 98 4921 198 4972; x_wconf 79' lang='grc' dir='ltr'>κατ’</span> <span class='ocrx_word' id='word_1_685' title='bbox 221 4923 370 4976; x_wconf 75' lang='grc' dir='ltr'>αὐτὸν</span> <span class='ocrx_word' id='word_1_686' title='bbox 395 4923 813 4994; x_wconf 81' lang='grc' dir='ltr'>ἀνθρωποειδεῖς</span> <span class='ocrx_word' id='word_1_687' title='bbox 847 4922 977 4984; x_wconf 73' lang='grc' dir='ltr'>θεοὶ,</span> <span class='ocrx_word' id='word_1_688' title='bbox 1022 4921 1154 4974; x_wconf 85' lang='grc' dir='ltr'>ἀλλά</span> <span class='ocrx_word' id='word_1_689' title='bbox 1200 4922 1382 4991; x_wconf 87' lang='grc' dir='ltr'>διῆκον</span> <span class='ocrx_word' id='word_1_690' title='bbox 1426 4921 1518 4974; x_wconf 75' lang='grc' dir='ltr'>ἐπὶ</span> <span class='ocrx_word' id='word_1_691' title='bbox 1552 4922 1656 4974; x_wconf 83' lang='grc' dir='ltr'>πᾶ·-</span> 
     </span>
    </p>
   </div>
   <div class='ocr_carea' id='block_1_93' title="bbox 1765 4550 3332 4625">
    <p class='ocr_par' dir='ltr' id='par_1_93' title="bbox 1765 4550 3332 4625">
     <span class='ocr_line' id='line_1_93' title="bbox 1765 4550 3332 4625; baseline 0.001 -21"><span class='ocrx_word' id='word_1_692' title='bbox 1765 4550 1894 4606; x_wconf 89' lang='lat' dir='ltr'><strong>illud</strong></span> <span class='ocrx_word' id='word_1_693' title='bbox 1945 4554 2087 4620; x_wconf 88' lang='lat' dir='ltr'><strong>quod</strong></span> <span class='ocrx_word' id='word_1_694' title='bbox 2117 4563 2275 4609; x_wconf 88' lang='lat' dir='ltr'><strong>vocat</strong></span> <span class='ocrx_word' id='word_1_695' title='bbox 2301 4565 2596 4624; x_wconf 90' lang='lat' dir='ltr'><strong>spectrum,</strong></span> <span class='ocrx_word' id='word_1_696' title='bbox 2633 4559 2775 4625; x_wconf 87' lang='lat' dir='ltr'><strong>quod</strong></span> <span class='ocrx_word' id='word_1_697' title='bbox 2808 4570 2914 4608; x_wconf 91' lang='lat' dir='ltr'><strong>non</strong></span> <span class='ocrx_word' id='word_1_698' title='bbox 2968 4571 3130 4607; x_wconf 90' lang='lat' dir='ltr'><strong>unum</strong></span> <span class='ocrx_word' id='word_1_699' title='bbox 3165 4555 3332 4609; x_wconf 84' lang='lat' dir='ltr'><strong>sorti-</strong></span> 
     </span>
    </p>
   </div>
   <div class='ocr_carea' id='block_1_94' title="bbox 1761 4643 3333 4719">
    <p class='ocr_par' dir='ltr' id='par_1_94' title="bbox 1761 4643 3333 4719">
     <span class='ocr_line' id='line_1_94' title="bbox 1761 4643 3333 4719; baseline 0.001 -22"><span class='ocrx_word' id='word_1_700' title='bbox 1761 4653 1876 4698; x_wconf 92' lang='lat' dir='ltr'>tum</span> <span class='ocrx_word' id='word_1_701' title='bbox 1907 4654 1990 4699; x_wconf 88' lang='lat' dir='ltr'>est</span> <span class='ocrx_word' id='word_1_702' title='bbox 2029 4645 2231 4713; x_wconf 91' lang='lat' dir='ltr'><strong>locum,</strong></span> <span class='ocrx_word' id='word_1_703' title='bbox 2263 4657 2319 4701; x_wconf 86' lang='lat' dir='ltr'><strong>ut</strong></span> <span class='ocrx_word' id='word_1_704' title='bbox 2341 4648 2416 4701; x_wconf 89' lang='lat' dir='ltr'>dii</span> <span class='ocrx_word' id='word_1_705' title='bbox 2453 4648 2686 4702; x_wconf 87' lang='lat' dir='ltr'><strong>humana</strong></span> <span class='ocrx_word' id='word_1_706' title='bbox 2719 4645 2890 4700; x_wconf 78' lang='lat' dir='ltr'><strong>ferina</strong></span> <span class='ocrx_word' id='word_1_707' title='bbox 2929 4646 2995 4699; x_wconf 89' lang='lat' dir='ltr'>de</span> <span class='ocrx_word' id='word_1_708' title='bbox 3017 4646 3213 4719; x_wconf 81' lang='lat' dir='ltr'><strong>quibus</strong></span> <span class='ocrx_word' id='word_1_709' title='bbox 3243 4643 3333 4698; x_wconf 85' lang='lat' dir='ltr'><strong>ille</strong></span> 
     </span>
    </p>
   </div>
   <div class='ocr_carea' id='block_1_95' title="bbox 1762 4736 3335 4808">
    <p class='ocr_par' dir='ltr' id='par_1_95' title="bbox 1762 4736 3335 4808">
     <span class='ocr_line' id='line_1_95' title="bbox 1762 4736 3335 4808; baseline -0.001 -19"><span class='ocrx_word' id='word_1_710' title='bbox 1762 4736 2028 4804; x_wconf 86' lang='lat' dir='ltr'><strong>loquitur,</strong></span> <span class='ocrx_word' id='word_1_711' title='bbox 2074 4737 2167 4792; x_wconf 91' lang='lat' dir='ltr'>sed</span> <span class='ocrx_word' id='word_1_712' title='bbox 2205 4746 2408 4792; x_wconf 90' lang='lat' dir='ltr'><strong>terram</strong></span> <span class='ocrx_word' id='word_1_713' title='bbox 2459 4741 2706 4808; x_wconf 85' lang='lat' dir='ltr'><strong>pervadit</strong></span> <span class='ocrx_word' id='word_1_714' title='bbox 2752 4739 3084 4801; x_wconf 85' lang='lat' dir='ltr'><strong>universam,</strong></span> <span class='ocrx_word' id='word_1_715' title='bbox 3115 4751 3335 4805; x_wconf 81' lang='lat' dir='ltr'><strong>congre-</strong></span> 
     </span>
    </p>
   </div>
   <div class='ocr_carea' id='block_1_96' title="bbox 1759 4827 3340 4900">
    <p class='ocr_par' dir='ltr' id='par_1_96' title="bbox 1759 4827 3340 4900">
     <span class='ocr_line' id='line_1_96' title="bbox 1759 4827 3340 4900; baseline -0.002 -18"><span class='ocrx_word' id='word_1_716' title='bbox 1759 4843 1895 4897; x_wconf 82' lang='lat' dir='ltr'><strong>gans</strong></span> <span class='ocrx_word' id='word_1_717' title='bbox 1943 4838 2107 4900; x_wconf 89' lang='lat' dir='ltr'><strong>atque</strong></span> <span class='ocrx_word' id='word_1_718' title='bbox 2144 4832 2366 4886; x_wconf 87' lang='lat' dir='ltr'><strong>trahens</strong></span> <span class='ocrx_word' id='word_1_719' title='bbox 2395 4832 2680 4886; x_wconf 88' lang='lat' dir='ltr'><strong>divinitate</strong></span> <span class='ocrx_word' id='word_1_720' title='bbox 2729 4847 2826 4886; x_wconf 90' lang='lat' dir='ltr'>sua</span> <span class='ocrx_word' id='word_1_721' title='bbox 2869 4844 3224 4900; x_wconf 87' lang='lat' dir='ltr'><strong>quoscunque</strong></span> <span class='ocrx_word' id='word_1_722' title='bbox 3265 4827 3340 4889; x_wconf 74' lang='lat' dir='ltr'>ad,</span> 
     </span>
    </p>
   </div>
   <div class='ocr_carea' id='block_1_97' title="bbox 1761 4921 2907 4979">
    <p class='ocr_par' dir='ltr' id='par_1_97' title="bbox 1761 4921 2907 4979">
     <span class='ocr_line' id='line_1_97' title="bbox 1761 4921 2907 4979; baseline -0.001 -2"><span class='ocrx_word' id='word_1_723' title='bbox 1761 4923 1897 4977; x_wconf 87' lang='lat' dir='ltr'><strong>bene</strong></span> <span class='ocrx_word' id='word_1_724' title='bbox 1919 4921 2204 4976; x_wconf 84' lang='lat' dir='ltr'><strong>vivendum</strong></span> <span class='ocrx_word' id='word_1_725' title='bbox 2227 4938 2286 4977; x_wconf 90' lang='lat' dir='ltr'>se</span> <span class='ocrx_word' id='word_1_726' title='bbox 2312 4923 2635 4978; x_wconf 89' lang='lat' dir='ltr'><strong>inclinantes</strong></span> <span class='ocrx_word' id='word_1_727' title='bbox 2663 4923 2907 4979; x_wconf 86' lang='lat' dir='ltr'><strong>invenit?</strong></span> 
     </span>
    </p>
   </div>
   <div class='ocr_carea' id='block_1_98' title="bbox 101 5013 3336 5089">
    <p class='ocr_par' dir='ltr' id='par_1_98' title="bbox 101 5013 3336 5089">
     <span class='ocr_line' id='line_1_98' title="bbox 101 5013 3336 5089; baseline 0.002 -28"><span class='ocrx_word' id='word_1_728' title='bbox 101 5024 183 5062; x_wconf 86' lang='grc' dir='ltr'>σαν</span> <span class='ocrx_word' id='word_1_729' title='bbox 206 5013 295 5084; x_wconf 83' lang='grc' dir='ltr'>τὴν</span> <span class='ocrx_word' id='word_1_730' title='bbox 337 5015 679 5086; x_wconf 81' lang='grc' dir='ltr'>οἰκουμένην,</span> <span class='ocrx_word' id='word_1_731' title='bbox 725 5015 818 5068; x_wconf 76' lang='grc' dir='ltr'>καὶ</span> <span class='ocrx_word' id='word_1_732' title='bbox 859 5015 1108 5083; x_wconf 87' lang='grc' dir='ltr'>συνάγον,</span> <span class='ocrx_word' id='word_1_733' title='bbox 1154 5016 1246 5068; x_wconf 78' lang='grc' dir='ltr'>καὶ</span> <span class='ocrx_word' id='word_1_734' title='bbox 1274 5015 1427 5069; x_wconf 75' lang='grc' dir='ltr'>ἕλκον</span> <span class='ocrx_word' id='word_1_735' title='bbox 1465 5019 1532 5087; x_wconf 78' lang='grc' dir='ltr'>τῇ</span> <span class='ocrx_word' id='word_1_736' title='bbox 1579 5015 1744 5070; x_wconf 78' lang='grc' dir='ltr'>αὑτοῦ</span> <span class='ocrx_word' id='word_1_737' title='bbox 1803 5016 2036 5088; x_wconf 78' lang='grc' dir='ltr'>θειότητι</span> <span class='ocrx_word' id='word_1_738' title='bbox 2066 5016 2161 5080; x_wconf 83' lang='grc' dir='ltr'>οὓς</span> <span class='ocrx_word' id='word_1_739' title='bbox 2215 5018 2280 5071; x_wconf 85' lang='grc' dir='ltr'>ἃν</span> <span class='ocrx_word' id='word_1_740' title='bbox 2335 5017 2482 5088; x_wconf 72' lang='grc' dir='ltr'>εὖροι</span> <span class='ocrx_word' id='word_1_741' title='bbox 2527 5019 2662 5089; x_wconf 83' lang='grc' dir='ltr'>πρὸς</span> <span class='ocrx_word' id='word_1_742' title='bbox 2710 5020 2800 5072; x_wconf 86' lang='grc' dir='ltr'>τὸν</span> <span class='ocrx_word' id='word_1_743' title='bbox 2841 5017 3000 5072; x_wconf 84' lang='grc' dir='ltr'>καλὸν</span> <span class='ocrx_word' id='word_1_744' title='bbox 3049 5017 3159 5086; x_wconf 80' lang='grc' dir='ltr'>βίον</span> <span class='ocrx_word' id='word_1_745' title='bbox 3218 5015 3336 5070; x_wconf 78' lang='grc' dir='ltr'>κλί-</span> 
     </span>
    </p>
   </div>
   <div class='ocr_carea' id='block_1_99' title="bbox 99 5109 558 5173">
    <p class='ocr_par' dir='ltr' id='par_1_99' title="bbox 99 5109 558 5173">
     <span class='ocr_line' id='line_1_99' title="bbox 99 5109 558 5173; baseline 0.02 -20"><span class='ocrx_word' id='word_1_746' title='bbox 99 5115 270 5169; x_wconf 85' lang='grc' dir='ltr'>ναντας</span> <span class='ocrx_word' id='word_1_747' title='bbox 295 5109 517 5172; x_wconf 77' lang='grc' dir='ltr'>ἑαυτούς</span> <span class='ocrx_word' id='word_1_748' title='bbox 545 5127 558 5173; x_wconf 91' lang='grc'><strong>;</strong></span> 
     </span>
    </p>
   </div>
   <div class='ocr_carea' id='block_1_100' title="bbox 157 5197 1660 5274">
    <p class='ocr_par' dir='ltr' id='par_1_100' title="bbox 157 5197 1660 5274">
     <span class='ocr_line' id='line_1_100' title="bbox 157 5197 1660 5274; baseline 0.005 -26"><span class='ocrx_word' id='word_1_749' title='bbox 157 5197 296 5253; x_wconf 76' lang='grc' dir='ltr'>Μετὰ</span> <span class='ocrx_word' id='word_1_750' title='bbox 341 5202 528 5266; x_wconf 82' lang='grc' dir='ltr'>ταῦτα,</span> <span class='ocrx_word' id='word_1_751' title='bbox 591 5204 726 5274; x_wconf 74' lang='grc' dir='ltr'>πρὸς</span> <span class='ocrx_word' id='word_1_752' title='bbox 782 5203 816 5258; x_wconf 77' lang='grc' dir='ltr'>ἃ</span> <span class='ocrx_word' id='word_1_753' title='bbox 875 5204 1014 5257; x_wconf 80' lang='grc' dir='ltr'>κατὰ</span> <span class='ocrx_word' id='word_1_754' title='bbox 1057 5203 1117 5256; x_wconf 86' lang='grc' dir='ltr'>τὸ</span> <span class='ocrx_word' id='word_1_755' title='bbox 1159 5203 1379 5256; x_wconf 86' lang='grc' dir='ltr'>δυνατὸν</span> <span class='ocrx_word' id='word_1_756' title='bbox 1434 5205 1660 5274; x_wconf 78' lang='grc' dir='ltr'>εἰρήκα-</span> 
     </span>
    </p>
   </div>
   <div class='ocr_carea' id='block_1_101' title="bbox 104 5293 1661 5366">
    <p class='ocr_par' dir='ltr' id='par_1_101' title="bbox 104 5293 1661 5366">
     <span class='ocr_line' id='line_1_101' title="bbox 104 5293 1661 5366; baseline 0.007 -28"><span class='ocrx_word' id='word_1_757' title='bbox 104 5301 204 5353; x_wconf 82' lang='grc' dir='ltr'>μεν,</span> <span class='ocrx_word' id='word_1_758' title='bbox 238 5293 452 5347; x_wconf 78' lang='grc' dir='ltr'>τοιαῦτα</span> <span class='ocrx_word' id='word_1_759' title='bbox 483 5295 638 5347; x_wconf 88' lang='grc' dir='ltr'>πάλιν</span> <span class='ocrx_word' id='word_1_760' title='bbox 670 5297 699 5346; x_wconf 88' lang='lat'>6</span> <span class='ocrx_word' id='word_1_761' title='bbox 726 5295 932 5358; x_wconf 86' lang='grc' dir='ltr'>Κέλσος</span> <span class='ocrx_word' id='word_1_762' title='bbox 970 5296 1134 5366; x_wconf 85' lang='grc' dir='ltr'>φησίν</span> <span class='ocrx_word' id='word_1_763' title='bbox 1155 5313 1167 5325; x_wconf 74' lang='grc'><strong><em>⁸</em></strong></span> <span class='ocrx_word' id='word_1_764' title='bbox 1200 5298 1262 5348; x_wconf 75' lang='grc' dir='ltr'><strong><em>Οἱ</em></strong></span> <span class='ocrx_word' id='word_1_765' title='bbox 1295 5294 1362 5348; x_wconf 82' lang='grc' dir='ltr'>δὲ</span> <span class='ocrx_word' id='word_1_766' title='bbox 1395 5295 1493 5348; x_wconf 77' lang='grc' dir='ltr'>καὶ</span> <span class='ocrx_word' id='word_1_767' title='bbox 1548 5295 1661 5349; x_wconf 82' lang='grc' dir='ltr'>πά-</span> 
     </span>
    </p>
   </div>
   <div class='ocr_carea' id='block_1_102' title="bbox 195 5405 1213 5476">
    <p class='ocr_par' dir='ltr' id='par_1_102' title="bbox 195 5405 1213 5476">
     <span class='ocr_line' id='line_1_102' title="bbox 195 5405 1213 5476; baseline 0.006 -17"><span class='ocrx_word' id='word_1_768' title='bbox 195 5405 422 5465; x_wconf 76' lang='lat' dir='ltr'><strong>&quot;Matth.</strong></span> <span class='ocrx_word' id='word_1_769' title='bbox 452 5428 570 5475; x_wconf 80' lang='lat' dir='ltr'><strong>xm,</strong></span> <span class='ocrx_word' id='word_1_770' title='bbox 593 5412 647 5466; x_wconf 86' lang='lat'><strong>9.</strong></span> <span class='ocrx_word' id='word_1_771' title='bbox 723 5412 769 5443; x_wconf 72' lang='grc'>⁸³</span> <span class='ocrx_word' id='word_1_772' title='bbox 797 5411 956 5468; x_wconf 80' lang='lat' dir='ltr'><strong>Num.</strong></span> <span class='ocrx_word' id='word_1_773' title='bbox 988 5429 1095 5476; x_wconf 78' lang='lat' dir='ltr'><strong>xvr,</strong></span> <span class='ocrx_word' id='word_1_774' title='bbox 1123 5413 1213 5468; x_wconf 76' lang='grc'>40.</span> 
     </span>
    </p>
   </div>
   <div class='ocr_carea' id='block_1_103' title="bbox 165 5555 1645 5637">
    <p class='ocr_par' dir='ltr' id='par_1_103' title="bbox 165 5555 1645 5637">
     <span class='ocr_line' id='line_1_103' title="bbox 165 5555 1645 5637; baseline 0.004 -21"><span class='ocrx_word' id='word_1_775' title='bbox 165 5555 264 5637; x_wconf 55' lang='grc'>(58)</span> <span class='ocrx_word' id='word_1_776' title='bbox 296 5564 588 5634; x_wconf 68' lang='grc' dir='ltr'>Λῖσθιησιν</span> <span class='ocrx_word' id='word_1_777' title='bbox 626 5567 813 5622; x_wconf 85' lang='grc' dir='ltr'>θείαν.</span> <span class='ocrx_word' id='word_1_778' title='bbox 864 5566 1033 5624; x_wconf 85' lang='lat' dir='ltr'><strong>Hodie</strong></span> <span class='ocrx_word' id='word_1_779' title='bbox 1084 5566 1225 5637; x_wconf 87' lang='lat' dir='ltr'><strong>apud</strong></span> <span class='ocrx_word' id='word_1_780' title='bbox 1259 5566 1405 5622; x_wconf 76' lang='lat' dir='ltr'>LXX</span> <span class='ocrx_word' id='word_1_781' title='bbox 1439 5567 1645 5637; x_wconf 80' lang='lat' dir='ltr'><strong>legitur</strong></span> 
     </span>
    </p>
   </div>
   <div class='ocr_carea' id='block_1_104' title="bbox 105 5621 884 5694">
    <p class='ocr_par' dir='ltr' id='par_1_104' title="bbox 105 5621 884 5694">
     <span class='ocr_line' id='line_1_104' title="bbox 105 5621 884 5694; baseline 0.017 -19"><span class='ocrx_word' id='word_1_782' title='bbox 105 5621 370 5694; x_wconf 74' lang='grc' dir='ltr'>ἐπίγνωσιν</span> <span class='ocrx_word' id='word_1_783' title='bbox 393 5621 545 5690; x_wconf 72' lang='grc' dir='ltr'>Θεοῦ.</span> <span class='ocrx_word' id='word_1_784' title='bbox 636 5621 640 5622; x_wconf 13' lang='lat'><em>7</em></span> <span class='ocrx_word' id='word_1_785' title='bbox 879 5678 884 5682; x_wconf 88' lang='lat'>.</span> 
     </span>
    </p>
   </div>
   <div class='ocr_carea' id='block_1_105' title="bbox 167 5700 1643 5779">
    <p class='ocr_par' dir='ltr' id='par_1_105' title="bbox 167 5700 1643 5779">
     <span class='ocr_line' id='line_1_105' title="bbox 167 5700 1643 5779; baseline 0.005 -23"><span class='ocrx_word' id='word_1_786' title='bbox 167 5700 263 5769; x_wconf 61' lang='grc' dir='ltr'>(ἷκεν)</span> <span class='ocrx_word' id='word_1_787' title='bbox 291 5707 517 5779; x_wconf 46' lang='lat' dir='ltr'><strong>sam/1.</strong></span> <span class='ocrx_word' id='word_1_788' title='bbox 553 5708 713 5765; x_wconf 83' lang='lat' dir='ltr'><strong>Forte</strong></span> <span class='ocrx_word' id='word_1_789' title='bbox 753 5709 1036 5777; x_wconf 79' lang='lat' dir='ltr'><strong>legendum</strong></span> <span class='ocrx_word' id='word_1_790' title='bbox 1070 5709 1273 5772; x_wconf 83' lang='grc' dir='ltr'>αὐτοῖς,</span> <span class='ocrx_word' id='word_1_791' title='bbox 1302 5724 1427 5763; x_wconf 89' lang='lat' dir='ltr'>nam</span> <span class='ocrx_word' id='word_1_792' title='bbox 1458 5709 1643 5779; x_wconf 87' lang='lat' dir='ltr'><strong>sequi-</strong></span> 
     </span>
    </p>
   </div>
   <div class='ocr_carea' id='block_1_106' title="bbox 105 5767 639 5846">
    <p class='ocr_par' dir='ltr' id='par_1_106' title="bbox 105 5767 639 5846">
     <span class='ocr_line' id='line_1_106' title="bbox 105 5767 639 5846; baseline 0.032 -31"><span class='ocrx_word' id='word_1_793' title='bbox 105 5767 639 5846; x_wconf 44' lang='grc' dir='ltr'>ιιινηκριθησομένους.</span> 
     </span>
    </p>
   </div>
   <div class='ocr_carea' id='block_1_107' title="bbox 165 5837 1643 5920">
    <p class='ocr_par' dir='ltr' id='par_1_107' title="bbox 165 5837 1643 5920">
     <span class='ocr_line' id='line_1_107' title="bbox 165 5837 1643 5920; baseline 0.016 -41"><span class='ocrx_word' id='word_1_794' title='bbox 165 5837 263 5908; x_wconf 66' lang='grc' dir='ltr'>(δυ)</span> <span class='ocrx_word' id='word_1_795' title='bbox 308 5837 786 5919; x_wconf 43' lang='grc' dir='ltr'>Κεκάαοουὶένον.</span> <span class='ocrx_word' id='word_1_796' title='bbox 838 5860 889 5905; x_wconf 70' lang='grc' dir='ltr'>οι</span> <span class='ocrx_word' id='word_1_797' title='bbox 944 5849 1078 5904; x_wconf 64' lang='lat' dir='ltr'><strong>intra</strong></span> <span class='ocrx_word' id='word_1_798' title='bbox 1128 5848 1380 5920; x_wconf 61' lang='grc' dir='ltr'>δνήκον...</span> <span class='ocrx_word' id='word_1_799' title='bbox 1413 5851 1643 5919; x_wconf 83' lang='grc' dir='ltr'>συνάγον</span> 
     </span>
    </p>
   </div>
   <div class='ocr_carea' id='block_1_108' title="bbox 1292 5411 1817 5481">
    <p class='ocr_par' dir='ltr' id='par_1_108' title="bbox 1292 5411 1817 5481">
     <span class='ocr_line' id='line_1_108' title="bbox 1292 5411 1817 5481; baseline 0.004 -16"><span class='ocrx_word' id='word_1_800' title='bbox 1292 5413 1334 5445; x_wconf 82' lang='grc'>⁸¹</span> <span class='ocrx_word' id='word_1_801' title='bbox 1363 5411 1505 5466; x_wconf 88' lang='lat' dir='ltr'><strong>Psal.</strong></span> <span class='ocrx_word' id='word_1_802' title='bbox 1543 5429 1726 5481; x_wconf 75' lang='lat' dir='ltr'><strong>uxvr,</strong></span> <span class='ocrx_word' id='word_1_803' title='bbox 1760 5417 1817 5470; x_wconf 82' lang='grc'>5.</span> 
     </span>
    </p>
   </div>
   <div class='ocr_carea' id='block_1_109' title="bbox 1833 5203 3337 5276">
    <p class='ocr_par' dir='ltr' id='par_1_109' title="bbox 1833 5203 3337 5276">
     <span class='ocr_line' id='line_1_109' title="bbox 1833 5203 3337 5276; baseline -0.002 -18"><span class='ocrx_word' id='word_1_804' title='bbox 1833 5204 1924 5258; x_wconf 81' lang='grc'>56.</span> <span class='ocrx_word' id='word_1_805' title='bbox 1947 5203 2077 5259; x_wconf 85' lang='lat' dir='ltr'><strong>Post</strong></span> <span class='ocrx_word' id='word_1_806' title='bbox 2095 5203 2183 5258; x_wconf 91' lang='lat' dir='ltr'><strong>illa</strong></span> <span class='ocrx_word' id='word_1_807' title='bbox 2218 5220 2338 5274; x_wconf 70' lang='lat' dir='ltr'><strong>qua:</strong></span> <span class='ocrx_word' id='word_1_808' title='bbox 2374 5220 2473 5276; x_wconf 90' lang='lat' dir='ltr'>pro</span> <span class='ocrx_word' id='word_1_809' title='bbox 2504 5206 2709 5260; x_wconf 85' lang='lat' dir='ltr'><strong>viribus</strong></span> <span class='ocrx_word' id='word_1_810' title='bbox 2727 5204 3194 5268; x_wconf 87' lang='lat' dir='ltr'><strong>rel&#39;utavimus,sic</strong></span> <span class='ocrx_word' id='word_1_811' title='bbox 3217 5218 3337 5256; x_wconf 82' lang='lat' dir='ltr'><strong>rur-</strong></span> 
     </span>
    </p>
   </div>
   <div class='ocr_carea' id='block_1_110' title="bbox 1764 5295 3334 5366">
    <p class='ocr_par' dir='ltr' id='par_1_110' title="bbox 1764 5295 3334 5366">
     <span class='ocr_line' id='line_1_110' title="bbox 1764 5295 3334 5366; baseline -0.003 -16"><span class='ocrx_word' id='word_1_812' title='bbox 1764 5311 1882 5350; x_wconf 88' lang='lat' dir='ltr'>sum</span> <span class='ocrx_word' id='word_1_813' title='bbox 1906 5296 1980 5350; x_wconf 88' lang='lat' dir='ltr'>ait</span> <span class='ocrx_word' id='word_1_814' title='bbox 2000 5296 2190 5351; x_wconf 85' lang='lat' dir='ltr'><strong>Celsus</strong></span> <span class='ocrx_word' id='word_1_815' title='bbox 2211 5314 2225 5351; x_wconf 85' lang='lat'><strong>:</strong></span> <span class='ocrx_word' id='word_1_816' title='bbox 2247 5295 2347 5351; x_wconf 75' lang='lat' dir='ltr'><strong>Sed</strong></span> <span class='ocrx_word' id='word_1_817' title='bbox 2373 5314 2557 5352; x_wconf 80' lang='lat' dir='ltr'><strong>rursus</strong></span> <span class='ocrx_word' id='word_1_818' title='bbox 2577 5299 2854 5366; x_wconf 79' lang='lat' dir='ltr'><strong>regabuut,</strong></span> <span class='ocrx_word' id='word_1_819' title='bbox 2869 5296 3129 5366; x_wconf 86' lang='lat' dir='ltr'><strong>quomodo</strong></span> <span class='ocrx_word' id='word_1_820' title='bbox 3142 5295 3334 5360; x_wconf 85' lang='lat' dir='ltr'><strong>Deum,</strong></span> 
     </span>
    </p>
   </div>
   <div class='ocr_carea' id='block_1_111' title="bbox 1891 5413 2830 5481">
    <p class='ocr_par' dir='ltr' id='par_1_111' title="bbox 1891 5413 2830 5481">
     <span class='ocr_line' id='line_1_111' title="bbox 1891 5413 2830 5481; baseline 0.004 -15"><span class='ocrx_word' id='word_1_821' title='bbox 1891 5415 1936 5447; x_wconf 77' lang='grc'>⁸³</span> <span class='ocrx_word' id='word_1_822' title='bbox 1965 5413 1983 5466; x_wconf 92' lang='grc'><strong>1</strong></span> <span class='ocrx_word' id='word_1_823' title='bbox 2015 5413 2173 5472; x_wconf 83' lang='lat' dir='ltr'><strong>Joan.</strong></span> <span class='ocrx_word' id='word_1_824' title='bbox 2204 5431 2244 5481; x_wconf 86' lang='grc' dir='ltr'>ι,</span> <span class='ocrx_word' id='word_1_825' title='bbox 2279 5416 2330 5470; x_wconf 87' lang='grc'><strong>1.</strong></span> <span class='ocrx_word' id='word_1_826' title='bbox 2407 5416 2454 5447; x_wconf 82' lang='grc'>⁸³</span> <span class='ocrx_word' id='word_1_827' title='bbox 2489 5416 2650 5472; x_wconf 91' lang='lat' dir='ltr'><strong>Prov.</strong></span> <span class='ocrx_word' id='word_1_828' title='bbox 2680 5433 2738 5479; x_wconf 82' lang='grc' dir='ltr'>ιι.</span> 
     </span>
    </p>
   </div>
   <div class='ocr_carea' id='block_1_112' title="bbox 1754 5571 3331 5640">
    <p class='ocr_par' dir='ltr' id='par_1_112' title="bbox 1754 5571 3331 5640">
     <span class='ocr_line' id='line_1_112' title="bbox 1754 5571 3331 5640; baseline 0.001 -16"><span class='ocrx_word' id='word_1_829' title='bbox 1754 5571 1848 5624; x_wconf 73' lang='grc' dir='ltr'>καὶ</span> <span class='ocrx_word' id='word_1_830' title='bbox 1879 5571 2055 5637; x_wconf 72' lang='grc' dir='ltr'>ἕλκον,</span> <span class='ocrx_word' id='word_1_831' title='bbox 2089 5585 2238 5627; x_wconf 87' lang='lat' dir='ltr'><strong>recte</strong></span> <span class='ocrx_word' id='word_1_832' title='bbox 2262 5573 2485 5626; x_wconf 91' lang='lat' dir='ltr'><strong>omnino</strong></span> <span class='ocrx_word' id='word_1_833' title='bbox 2513 5573 2715 5627; x_wconf 88' lang='lat' dir='ltr'><strong>habent</strong></span> <span class='ocrx_word' id='word_1_834' title='bbox 2742 5574 2902 5628; x_wconf 89' lang='lat' dir='ltr'><strong>codd.</strong></span> <span class='ocrx_word' id='word_1_835' title='bbox 2944 5573 3099 5640; x_wconf 82' lang='lat' dir='ltr'>ch.,</span> <span class='ocrx_word' id='word_1_836' title='bbox 3142 5573 3331 5638; x_wconf 83' lang='lat' dir='ltr'><strong>Basil.,</strong></span> 
     </span>
    </p>
   </div>
   <div class='ocr_carea' id='block_1_113' title="bbox 1754 5641 3408 5710">
    <p class='ocr_par' dir='ltr' id='par_1_113' title="bbox 1754 5641 3408 5710">
     <span class='ocr_line' id='line_1_113' title="bbox 1754 5641 3408 5710; baseline -0.001 -14"><span class='ocrx_word' id='word_1_837' title='bbox 1754 5641 2002 5697; x_wconf 79' lang='lat' dir='ltr'><strong>Julianus</strong></span> <span class='ocrx_word' id='word_1_838' title='bbox 2031 5654 2085 5696; x_wconf 90' lang='lat' dir='ltr'>et</span> <span class='ocrx_word' id='word_1_839' title='bbox 2118 5643 2453 5710; x_wconf 79' lang='lat' dir='ltr'><strong>Anglicanus</strong></span> <span class='ocrx_word' id='word_1_840' title='bbox 2483 5645 2770 5696; x_wconf 83' lang='lat' dir='ltr'><strong>secundus.</strong></span> <span class='ocrx_word' id='word_1_841' title='bbox 2803 5644 3070 5698; x_wconf 61' lang='lat' dir='ltr'><strong>Praecedit</strong></span> <span class='ocrx_word' id='word_1_842' title='bbox 3099 5645 3243 5698; x_wconf 84' lang='lat' dir='ltr'><strong>enim</strong></span> <span class='ocrx_word' id='word_1_843' title='bbox 3274 5642 3332 5696; x_wconf 83' lang='grc' dir='ltr'>τὸ</span> <span class='ocrx_word' id='word_1_844' title='bbox 3406 5682 3408 5684; x_wconf 91' lang='grc'><strong><em>-</em></strong></span> 
     </span>
    </p>
   </div>
   <div class='ocr_carea' id='block_1_114' title="bbox 1755 5712 3332 5786">
    <p class='ocr_par' dir='ltr' id='par_1_114' title="bbox 1755 5712 3332 5786">
     <span class='ocr_line' id='line_1_114' title="bbox 1755 5712 3332 5786; baseline 0.002 -23"><span class='ocrx_word' id='word_1_845' title='bbox 1755 5714 1965 5786; x_wconf 61' lang='grc' dir='ltr'>φάσμα.</span> <span class='ocrx_word' id='word_1_846' title='bbox 2000 5712 2142 5786; x_wconf 68' lang='lat' dir='ltr'><strong>Male</strong></span> <span class='ocrx_word' id='word_1_847' title='bbox 2167 5729 2297 5786; x_wconf 80' lang='lat' dir='ltr'><strong>ergo</strong></span> <span class='ocrx_word' id='word_1_848' title='bbox 2329 5713 2604 5786; x_wconf 69' lang='lat' dir='ltr'><strong>llmscltcl.</strong></span> <span class='ocrx_word' id='word_1_849' title='bbox 2636 5724 2700 5786; x_wconf 75' lang='lat' dir='ltr'><strong>cl_</strong></span> <span class='ocrx_word' id='word_1_850' title='bbox 2722 5715 3016 5786; x_wconf 43' lang='lat' dir='ltr'><strong>Spenceri,</strong></span> <span class='ocrx_word' id='word_1_851' title='bbox 3053 5714 3332 5786; x_wconf 77' lang='grc' dir='ltr'>κεκληρω-</span> 
     </span>
    </p>
   </div>
   <div class='ocr_carea' id='block_1_115' title="bbox 1756 5783 3168 5855">
    <p class='ocr_par' dir='ltr' id='par_1_115' title="bbox 1756 5783 3168 5855">
     <span class='ocr_line' id='line_1_115' title="bbox 1756 5783 3168 5855; baseline 0.004 -20"><span class='ocrx_word' id='word_1_852' title='bbox 1756 5783 1935 5852; x_wconf 80' lang='grc' dir='ltr'>μένος,</span> <span class='ocrx_word' id='word_1_853' title='bbox 1969 5795 2021 5838; x_wconf 85' lang='lat' dir='ltr'>et</span> <span class='ocrx_word' id='word_1_854' title='bbox 2061 5785 2229 5847; x_wconf 80' lang='lat' dir='ltr'><strong>infra,</strong></span> <span class='ocrx_word' id='word_1_855' title='bbox 2266 5783 2536 5855; x_wconf 80' lang='grc' dir='ltr'>διήκων...</span> <span class='ocrx_word' id='word_1_856' title='bbox 2578 5784 2824 5852; x_wconf 67' lang='grc' dir='ltr'>συνάγων</span> <span class='ocrx_word' id='word_1_857' title='bbox 2856 5785 2948 5838; x_wconf 76' lang='grc' dir='ltr'>καὶ</span> <span class='ocrx_word' id='word_1_858' title='bbox 2974 5785 3168 5841; x_wconf 74' lang='grc' dir='ltr'>ἕλκων.</span> 
     </span>
    </p>
   </div>
  </div>
