3846 6406
114 347 227 401 14ἷῦ

1270 335 1548 392 CONTRA
1587 331 1864 389 CELSUM
1896 311 2025 388 Lis.
2067 309 2180 388 i'n.

3181 315 3324 386 147s

110 463 340 537 ἠρτῆσθαι
373 461 477 516 τῶν
523 459 865 533 αἰοθήσεωνζ
906 461 954 512 εἰ
1000 459 1056 511 δὲ
1095 458 1429 512 ἀναπλάσσει
1465 457 1648 526 λόγους

1762 454 1951 524 telligi,
1977 463 2030 508 et
2061 452 2422 524 cognitionem
2457 463 2670 506 omnem
2704 465 2732 505 a
2764 451 3011 507 sensibus
3043 454 3281 522 pendere
3301 454 3329 509 τ

107 556 195 610 τῶν
220 553 655 625 φιλοσοφούντων,
683 554 775 605 καὶ
796 548 1087 622 ἐπιμελῶς,
1130 551 1227 621 ὅση
1258 549 1502 620 δύναμις,
1537 547 1650 613 ἐξε-

107 647 342 711 ταζόντων
367 645 437 697 τὰ
466 643 724 715 Χριστοῦ,
755 642 874 696 οὐδὲ
903 642 1112 704 τούτοις
1135 641 1402 695 ἀκόλουθα
1424 640 1649 711 πεποίη-

106 755 198 789 κεν.
217 736 390 798 Οὐδεὶς
410 735 538 806 γὰρ,
573 730 757 804 μαθὼν
794 734 1022 804 ἀόρατον
1055 733 1194 785 εἶναι
1242 732 1332 784 τὸν
1378 731 1531 795 Θεὸν,
1560 732 1652 784 καὶ

107 824 216 879 εἰναί
244 843 358 878 τινα
397 825 852 895 δημιουργήματα
899 823 1138 894 ἀόρατα,
1182 823 1424 874 τουτέστι
1465 821 1649 891 νοητὰ,

103 915 221 980 λέγοι
248 913 306 965 ἂν
341 912 413 976 ὡς
436 913 864 981 ἀπολογούμενος
902 913 1029 982 περὶ
1059 911 1167 963 τῶν
1201 911 1341 963 κατὰ
1384 910 1480 981 τὴν
1519 910 1652 962 ἀνά-

106 1021 261 1056 στασιν
287 1007 363 1062 τὸ.
397 1002 527 1069 Πῶς
541 1001 819 1066 αἰσθήσει
832 1002 917 1070 μὴ
941 1003 1522 1070 καταλαμϐανόμενοι
1541 1000 1650 1070 (68)

103 1094 395 1163 γνώσονται
419 1095 524 1146 τόν
567 1094 749 1157 Θεόν;
779 1094 834 1162 ἦ,
877 1095 934 1146 τί
964 1092 1140 1161 χωρὶς
1183 1091 1519 1160 αἰσθήσεως
1543 1110 1654 1161 μα-

102 1183 204 1237 θεῖν
227 1184 478 1236 δυνατόν
506 1184 714 1244 eam;
743 1184 852 1236 Kal.
879 1184 976 1235 οὐκ
1005 1184 1060 1234 ἐν
1095 1182 1538 1252 ἁνακεχωρηκόσι
1561 1182 1654 1234 καὶ

103 1275 593 1344 ἀναγινωσκομένοις
615 1275 721 1326 ὑπὸ
753 1273 946 1341 ὀλίγων
994 1273 1151 1343 μόνον
1194 1273 1287 1325 καί
1319 1272 1651 1343 φιλομαθῶν,

101 1364 193 1417 ἀλλ’
245 1366 296 1416 ἐν
328 1367 438 1426 τοῖς
480 1362 914 1432 δημωδεστέροις
955 1362 1284 1433 γέγραπται,
1324 1361 1406 1414 ὅτι
1443 1361 1519 1414 Τὰ
1548 1361 1650 1414 ἀό-

95 1472 222 1522 ρατα
247 1454 344 1507 τοῦ
377 1453 524 1507 Θεοῦ
544 1453 662 1506 ἀπὸ
694 1453 944 1518 κτίσεως
970 1455 1198 1521 κόσμου
1223 1450 1345 1517 τοῖς
1365 1448 1652 1519 ποιήμασι

100 1548 358 1614 νοούμενα
426 1543 764 1612 καθορᾶται.
809 1545 886 1596 Δι’
920 1538 994 1596 ὧν
1036 1545 1181 1595 ἐστιν
1221 1544 1440 1606 εἰδέναι,
1472 1543 1573 1604 ὅτι,
1605 1541 1652 1593 εἰ

101 1639 175 1690 καὶ
196 1639 308 1699 τοὺς
328 1639 383 1688 ὲν
409 1635 506 1706 βίῳ
536 1635 854 1706 ἀνθρώπους
891 1635 995 1706 χρὴ
1021 1634 1127 1688 ἀπὺ
1155 1632 1460 1705 αἰσθήσεων
1494 1632 1654 1704 ἄρεα·

101 1727 308 1780 σθαικαί
333 1727 440 1780 τῶν
494 1725 765 1797 αἰσθητῶν
809 1725 938 1795 (69),
997 1723 1288 1795 μέλλοντας
1342 1724 1651 1778 ἀναόαίνειν

1752 545 1905 610 Quod
1944 547 1987 600 si
2035 559 2221 600 eorum
2271 560 2549 601 sermones
2576 546 2776 614 -lingit,
2809 546 2900 614 qui
2935 545 3328 614 philosophan-

1755 647 1865 700 tur,
1897 648 1950 690 et
1982 653 2079 707 pro
2119 636 2324 692 viribus
2368 637 2628 694 doctrinae
2657 639 2858 694 Christi
2912 637 3166 708 mysteria
3199 637 3327 691 dili-

1753 739 1944 796 genter
1975 737 2316 791 scrutantur,
2360 743 2537 797 neque
2582 729 2744 784 etiam
2783 729 2892 784 illis
2939 729 3326 786 convenientia

1756 820 1966 874 tribuit.
2001 819 2170 882 Nemo
2205 821 2348 875 enim
2378 822 2572 875 doctus
2605 821 2768 874 Deum
2809 835 2929 876 esse
2961 821 3321 886 invisibilem,

1750 919 1806 963 et
1827 909 2069 976 t‘pizedam
2105 909 2222 980 ejus
2242 925 2402 978 opera
2430 910 2714 966 invisibilia
2743 926 2882 975 esse,
2915 912 3018 966 hoc
3043 921 3128 966 est
3162 913 3323 968 intel-

1755 1001 2000 1072 ligibilia,
2048 1004 2113 1056 ad
2164 1001 2559 1056 defendendam
2617 1003 3070 1058 resurrectionem
3122 1005 3322 1061 dixerit

1756 1093 1894 1145 istud
1931 1108 1944 1144 :
1983 1091 2258 1156 Quomodo
2291 1091 2459 1147 Deum
2493 1095 2753 1163 cognituri
2774 1105 2916 1160 sunt,
2947 1097 2992 1148 si
3019 1113 3171 1149 sensu
3214 1112 3321 1150 non

1753 1194 1967 1252 possunt
2020 1185 2364 1252 cognoscere?
2389 1185 2496 1238 Aut
2525 1202 2540 1238 :
2577 1185 2720 1249 Quid
2746 1187 2858 1239 sine
2895 1202 3050 1239 sensu
3076 1188 3320 1254 cognosci

1752 1273 1945 1339 potest?
1974 1270 2157 1341 Neque
2195 1274 2358 1327 etiam
2386 1277 2434 1327 in
2463 1276 2848 1342 secretioribus
2895 1276 3194 1345 Scripturis
3227 1287 3322 1332 aut

1755 1362 1822 1416 iis
1849 1379 1983 1431 quas
2012 1365 2164 1434 pauci
2209 1375 2414 1418 tantum
2445 1367 2644 1420 curiosi
2677 1367 2882 1436 legunt,
2915 1368 3006 1422 sed
3049 1368 3101 1421 in
3138 1370 3322 1437 vulgas

1756 1453 1982 1508 tioribus
2025 1455 2287 1522 scriptum
2338 1463 2464 1510 est:
2501 1454 2797 1508 lnvisibilia
2844 1455 2936 1509 Dei
2992 1473 3024 1509 a
3078 1466 3322 1510 creatura

1753 1544 1940 1595 mundi
1988 1557 2079 1611 per
2111 1559 2170 1596 ea
2197 1561 2314 1612 gate
2345 1545 2487 1613 facta
2531 1553 2653 1598 sunt
2699 1545 2961 1598 intellecta
2990 1545 3323 1612 conspiciun-

1754 1642 1840 1684 tur
1857 1632 1924 1684 ⁸³.
1951 1632 2026 1685 Ex
2061 1648 2169 1701 quo
2188 1634 2329 1688 scire
2361 1634 2510 1699 licet,
2537 1633 2784 1704 quamvis
2803 1635 2853 1688 iu
2883 1636 2984 1690 hac
3004 1635 3114 1688 vita
3149 1635 3324 1688 homi-

1756 1738 1853 1777 nes
1885 1734 2132 1792 oporteat
2184 1740 2213 1779 a
2253 1727 2504 1780 sensibus
2560 1726 3013 1795 seusibilibusque
3061 1728 3320 1796 incipere,

100 1820 173 1870 ἐπὶ
193 1818 281 1888 τὴν
309 1817 414 1870 τῶν
447 1817 652 1888 νοητῶν
686 1817 865 1887 φύσιν,
893 1815 1006 1870 ἀλλ’
1036 1813 1151 1868 οῦτι
1183 1832 1246 1882 γε
1290 1816 1346 1866 ἐν
1372 1813 1648 1884 αἰσθητοῖς

1757 1816 1877 1870 inde
1921 1820 1988 1870 ad
2040 1833 2220 1872 rerum
2257 1817 2681 1884 intelligibilium
2717 1829 2965 1872 naturam
3006 1834 3322 1888 progressu-

103 1908 393 1979 καταμένειν
423 1909 527 1978 χρή
549 1925 561 1937 ·
596 1907 716 1960 οὔτε
747 1909 914 1979 χωρὶς
945 1907 1246 1976 αἰσθήσεως
1271 1905 1488 1976 ἐροῦσιν
1523 1905 1648 1958 ἀδύ-

99 2018 229 2053 νατον
251 1997 378 2052 εἶναι
405 2000 594 2070 μαθεῖν
619 2000 684 2053 τὰ
711 2000 893 2069 νοητά’
913 1997 1184 2068 χρώμενοι
1207 1997 1263 2050 δέ
1285 1997 1378 2067 τῷ,
1418 1998 1512 2061 Τίς
1541 2013 1649 2062 χω-

93 2092 174 2159 ρὶς
195 2091 518 2158 αἰσθήσεως
540 2090 752 2160 μαθεῖν
777 2089 1031 2154 δυνατός
1051 2090 1220 2141 ἐστιν
1237 2088 1378 2158 (70);
1405 2087 1650 2155 ἐλέγξου-

100 2197 166 2233 σιν
185 2182 276 2233 οὐκ
307 2181 540 2248 εὐλόγως
570 2179 724 2232 τοῦτο
756 2179 867 2250 (71)
901 2180 1006 2233 ὑπὸ
1029 2180 1122 2232 τοῦ
1155 2178 1360 2230 Κέλσου
1396 2177 1652 2248 ἐπιφέρε-

101 2271 200 2323 σθαι
246 2273 322 2330 τὸ,
354 2275 475 2326 Οὐκ
531 2273 841 2340 ἀνθρώπου
874 2272 1006 2342 μὲν,
1051 2271 1192 2326 οὐδὲ
1221 2270 1448 2340 ψυχῆς,
1489 2270 1650 2325 ἀλλὰ

101 2364 188 2432 γὰρ
213 2365 431 2432 σαρκὸς
473 2364 662 2432 φωνή.

154 2457 282 2509 Νοῦν
337 2457 533 2519 τοίνυν,
583 2457 616 2528 ἢ
670 2458 920 2510 ἐπέκεινα
973 2456 1062 2511 νοῦ
1099 2456 1193 2510 καὶ
1229 2456 1436 2519 οὐσίας,
1469 2455 1632 2524 λέγονι

99 2564 172 2610 τες
198 2545 326 2600 εἶναι
364 2547 590 2612 ἁπλοῦν,
617 2549 710 2600 καὶ
738 2549 985 2618 ἀόρατον,
1014 2550 1105 2602 καὶ
1125 2546 1412 2618 ἀσώματον
1432 2547 1522 2600 τὸν
1541 2547 1649 2600 τῶν

100 2637 212 2690 ὅλων
242 2638 385 2696 Θεὸν,
404 2639 506 2690 οὐκ
534 2639 599 2691 ἂν
627 2639 768 2708 ἄλλῳ
795 2640 902 2691 τινὶ
931 2638 1061 2709 (72),
1088 2637 1215 2708 ἢτῷ
1231 2637 1370 2692 κατὰ
1387 2639 1486 2710 τὴν
1510 2638 1651 2691 ἐκεί-

101 2748 174 2782 νου
200 2729 284 2782 τοῦ
310 2730 400 2783 νοῦ
431 2730 614 2782 εἰκόνα
642 2730 914 2801 γενομένῳ
960 2731 1204 2801 φήσομεν
1238 2731 1652 2801 καταλαμϐάνε-

101 2821 203 2873 σθαι
231 2823 314 2874 τὸν
341 2821 472 2875 Θεόν
496 2839 509 2851 ο
546 2821 640 2875 νῦν
676 2822 792 2891 μὲν,
836 2823 922 2875 ἵνα
954 2825 1016 2892 τῇ
1045 2822 1189 2887 λέξει
1220 2823 1508 2892 χρήσωμαι
1538 2823 1649 2893 (73)

99 2911 172 2962 τοῦ
205 2913 427 2977 Παύλου,
455 2911 530 2964 δι’
553 2913 846 2980 ἐσόπτρου
877 2912 975 2965 καὶ
1016 2914 1376 2982 αἰνίγματος,
1426 2915 1558 2967 τότε
1584 2913 1652 2966 δὲ

99 3014 152 3065 α]
169 3001 390 3056 damnor
455 3001 606 3068 πρὸς
660 3003 1002 3068 πρόσωπον.
1065 3004 1393 3070 Πρόσωπον
1443 3003 1500 3056 δὲ
1556 3003 1651 3058 ἐὰν

97 3088 232 3156 λέγω,
263 3092 331 3162 μὴ
361 3093 763 3160 συκοφαντείτω
790 3111 871 3155 τις
905 3093 990 3146 διὰ
1020 3095 1118 3165 τὴν
1151 3094 1294 3160 λέξιν
1329 3095 1420 3147 τὸν
1459 3094 1650 3165 δηλούε-

1753 1921 1862 1972 ros,
1894 1915 2071 1961 tamen
2106 1908 2160 1961 in
2203 1907 2552 1962 sensibilibus
2575 1907 2874 1962 sistendum
2903 1923 3006 1962 non
3035 1923 3176 1962 esse.
3207 1908 3322 1963 Nec

1750 1999 1919 2067 magis
1939 1999 2191 2063 dixerint,
2220 1999 2336 2054 sine
2361 2013 2522 2054 sensu
2548 1998 2900 2064 intelligibilia
2931 2001 3181 2068 cognosci
3211 2016 3320 2053 non

1750 2101 1931 2156 posse.
1975 2087 2041 2140 Et
2085 2089 2331 2155 quamvis
2387 2087 2670 2142 dicereut:
2709 2085 2839 2150 Quis
2867 2087 2980 2140 sine
3035 2104 3187 2141 sensu
3239 2103 3322 2141 co-

1750 2195 1998 2248 gnoscere
2034 2180 2250 2246 potest?
2279 2191 2454 2232 tamen
2492 2179 2616 2231 hinc
2650 2195 2677 2230 a
2708 2177 2862 2232 Celso
2908 2189 3168 2249 negarent
3207 2195 3322 2233 me-

1752 2271 1854 2324 rito
1884 2271 2082 2340 colligi,
2105 2287 2276 2326 vocem
2306 2271 2444 2324 hanc
2475 2287 2578 2324 non
2603 2271 2850 2336 hominis,
2879 2287 2970 2325 nec
2995 2274 3206 2338 anima',
3229 2272 3320 2324 sed

1750 2364 1925 2414 carnis
1951 2353 2095 2416 esse:

1823 2449 1912 2503 58.
1940 2449 2231 2504 Enimvero
2257 2465 2379 2505 cum
2429 2450 2677 2505 dicamus
2725 2450 3104 2506 universorum
3152 2452 3318 2504 Deum

1750 2555 1872 2595 esse
1900 2541 1968 2594 ab
1996 2541 2142 2595 omni
2185 2542 2534 2596 concretione
2565 2541 2813 2607 liberum,
2851 2541 3197 2606 invisibilem,
3230 2544 3318 2597 iu-

1751 2632 2725 2704 corporeum,intellectum,autquid
2773 2635 2918 2688 aliud
2959 2636 3234 2689 intellectu
3265 2646 3322 2690 et

1751 2726 2052 2780 substantia
2077 2726 2441 2794 praestantius,
2459 2743 2561 2780 non
2581 2727 2822 2781 dicemus
2839 2727 2940 2780 alia
2963 2742 3318 2794 re,qnamea,

1753 2830 1870 2880 qua:
1893 2815 1958 2868 ad
1987 2815 2274 2883 imaginem
2301 2815 2445 2870 illius
2474 2816 2782 2869 intellectus
2815 2815 2953 2869 facta
3004 2826 3108 2880 est,
3145 2815 3320 2870 Deum

1753 2905 2035 2972 cognosci,
2070 2922 2206 2958 nunc
2245 2907 2462 2974 quidem
2500 2923 2591 2974 per
2613 2907 2879 2976 speculum
2910 2919 2958 2961 et
2988 2909 3234 2976 tenigma,
3263 2918 3322 2962 ut

1753 3000 1906 3054 Pauli
1937 2998 2118 3052 verbis
2147 3005 2304 3060 utar;
2339 3005 2464 3050 tunc
2489 2985 2607 3052 vero
2625 2999 2762 3066 facie
2781 3001 2847 3050 ad
2871 2998 3057 3068 faciem
3080 3000 3318 3066 ".Quod

1755 3094 1873 3146 dico
1914 3091 2140 3159 faciem,
2201 3104 2359 3143 nemo
2413 3099 2635 3158 promer
2685 3104 2870 3144 vocem
2925 3089 2977 3144 id
3037 3092 3180 3158 quod
3227 3093 3321 3146 illa

99 3198 234 3250 μενον
263 3182 384 3236 νοῦν
410 3185 504 3236 ὑπ’
533 3185 700 3254 αὐτῆς
719 3201 732 3216 ⁸
767 3184 902 3238 ἀλλὰ
931 3185 1246 3256 μανθανέτω
1269 3187 1325 3238 ἐν
1350 3185 1446 3256 τῷ,
1482 3190 1648 3239 Ἀνα-

1757 3184 1914 3254 721
1952 3181 2240 3250 significat,
2273 3180 2652 3246 calumnietur,
2681 3182 2774 3235 sed
2804 3196 2870 3235 ex
2905 3181 3008 3236 hoc
3033 3181 3189 3237 loco:
3221 3183 3322 3236 lle-

98 3277 502 3344 κεκαλυμμένῳ
541 3275 833 3344 προσώπῳ
872 3277 986 3345 τὴν
1022 3277 1210 3341 δόξαν
1257 3279 1468 3345 Κυρίου
1514 3294 1651 3331 κατ-

93 3366 484 3434 οπτριζόμενοι,
523 3367 618 3419 καὶ
650 3366 761 3434 τὴν
781 3367 976 3435 αὐτὴν
1001 3371 1204 3422 εἰκόνα
1241 3368 1650 3437 μεταμορφού-

87 3472 233 3524 iteret
265 3456 378 3510 ἀπὸ
411 3456 598 3524 δόξης
622 3461 708 3522 εἰς
733 3458 939 3522 δόξαν,
970 3459 1029 3511 οὐ
1062 3460 1348 3528 πρόσωπον
1400 3459 1652 3530 αἰσθητὸν

91 3547 139 3598 έν
166 3552 270 3611 τοίς
299 3551 555 3612 τοιούτοις
585 3551 1138 3622 παραλαμϐανόμενον
1158 3593 1172 3615 ,
1205 3552 1340 3605 ἀλλὰ
1367 3553 1506 3606 κατὰ
1530 3570 1654 3624 τρο·-

91 3640 322 3708 πολογίαν
351 3642 660 3712 νοούμενον,
695 3644 769 3707 ὼς
799 3646 890 3698 καὶ
929 3645 1254 3715 ὀφθαλμοὺς,
1280 3646 1373 3698 καὶ
1405 3639 1536 3711 ὦτα,
1557 3647 1653 3698 καὶ

90 3733 172 3786 ὅσα
210 3738 264 3788 ἐν
299 3739 409 3799 τοῖς
471 3736 728 3807 ἀνωτέρω
779 3735 1041 3806 ὁμώνυμα
1091 3739 1200 3800 τοῖς
1251 3736 1345 3789 τοῦ
1406 3737 1654 3808 σώματος

93 3827 256 3893 μέλεσι
287 3829 729 3898 παρεστήσαμεν.
780 3829 891 3880 Καὶ
924 3827 1207 3899 ἄνθρωπος
1241 3829 1338 3898 μὲν
1381 3823 1494 3892 οὖν,
1525 3845 1649 3880 τουι

89 3918 218 3971 τέατι
256 3921 396 3990 ψυχὴ
456 3919 711 3989 χρωμένη
762 3919 991 3989 σώματι,
1031 3919 1293 3992 λεγομένη
1326 3922 1357 3973 ό
1385 3922 1506 3972 ἔσω
1543 3919 1650 3971 ἂν·

88 4012 312 4076 θρωπος,
370 4012 509 4064 ἀλλὰ
568 4011 662 4064 καὶ
719 4014 910 4079 ψυχὴ,
965 4012 1335 4081 ἀποκρίνεται,
1374 4012 1470 4081 οὐχ
1508 4011 1651 4081 ἅπερ

90 4102 274 4166 Κέλσος
319 4103 646 4174 ἀνέγραψεν,
691 4104 802 4156 ἀλλ’
840 4104 980 4174 ἅπερ
1020 4104 1180 4167 αὐτὸς
1223 4103 1459 4156 διδάσκει
1491 4105 1518 4154 ό
1557 4101 1649 4153 τοῦ

89 4192 204 4247 Θεοῦ
231 4195 512 4266 ἅνθρωπος
536 4213 548 4225 ·
585 4195 781 4264 σαρκὸς
806 4195 861 4248 δὲ
885 4198 1032 4265 φωνῇ
1078 4195 1176 4247 οῦκ
1219 4193 1284 4246 ἂν
1327 4193 1651 4263 Χριστιανὸς

89 4285 349 4352 κρῆταιτο,
386 4284 573 4355 μαθὼν
609 4285 875 4355 πνεύματι
903 4285 1006 4349 τὰς
1043 4283 1285 4351 πίάξεις
1321 4282 1426 4336 τοῦ
1456 4281 1650 4348 σώμα-

89 4391 173 4440 τος
189 4376 505 4440 θανατοῦν,
533 4377 644 4439 καὶ,
673 4375 927 4429 πάντοτε
952 4375 1064 4444 τὴν
1087 4375 1380 4442 ’νέκρωσιν
1403 4371 1508 4425 τοῦ
1543 4373 1648 4440 Ἰη-

87 4465 185 4517 σοῦ
205 4467 271 4518 ἐν
298 4466 376 4531 τῷ
405 4465 634 4534 σώματι
667 4465 1002 4534 περιφέρειν
1023 4504 1035 4528 ,
1072 4469 1183 4529 καὶ,
1208 4463 1554 4528 Νεκρὼσατε
1581 4461 1652 4514 τὰ

1753 3278 1922 3328 velata
1948 3274 2084 3342 [acie
2116 3273 2338 3340 gloriam
2373 3271 2584 3324 Domini
2615 3271 2958 3339 speculantes,
2994 3273 3046 3324 in
3085 3276 3320 3326 eamdem

1752 3365 2031 3434 imaginem
2062 3364 2432 3431 transformati
2463 3381 2492 3416 α
2527 3366 2768 3418 claritate
2809 3365 2878 3418 ad
2923 3365 3225 3418 claritatem
3249 3364 3316 3428 ⁸⁸,

1751 3455 1925 3509 discat
1979 3455 2068 3508 hic
2119 3454 2326 3508 nonde
2377 3453 2518 3508 facie
2552 3454 2796 3514 sensibili
2845 3470 3152 3510 sermonem
3179 3454 3320 3519 ﬁeri,

1752 3547 1848 3600 sed
1886 3546 2078 3600 faciem
2124 3545 2357 3616 ﬁgurate
2388 3545 2636 3615 intelligi,
2688 3555 2747 3600 ut
2789 3547 2975 3602 oculos
2998 3556 3054 3602 et
3079 3563 3239 3602 aures
3264 3557 3322 3603 et

1751 3646 2017 3708 quotquot
2046 3652 2207 3705 supra
2235 3638 2585 3705 probavimus
2637 3637 2776 3690 idem
2809 3639 3008 3692 habere
3040 3653 3233 3692 nomen
3259 3653 3324 3694 ac

1755 3729 1995 3783 incitibra
2054 3730 2321 3797 corporis.
2359 3729 2434 3782 Ae
2478 3745 2578 3784 nec
2638 3731 2800 3783 homo
2861 3730 3100 3796 quidem,
3151 3730 3203 3784 id
3238 3740 3322 3784 est

1757 3821 1934 3874 anima
1981 3835 2211 3888 corpore
2262 3832 2443 3885 utens,
2487 3823 2641 3874 homo
2694 3823 2913 3875 interior
2941 3822 3110 3885 dicta,
3143 3833 3199 3876 et
3230 3824 3325 3878 ali-

1752 3914 1966 3982 quando
1996 3915 2172 3965 anima
2205 3913 2274 3978 ⁸⁷,
2316 3917 2664 3982 respondebit
2712 3931 2836 3984 qua:
2874 3916 3064 3969 scribit
3108 3916 3321 3981 Celsus,

1751 4006 1845 4057 sed
1879 4018 2000 4072 quae
2045 4005 2157 4071 ipse
2191 4006 2354 4058 homo
2389 4007 2478 4059 Dei
2529 4007 2706 4060 docet.
2739 4007 2925 4074 Neque
2972 4021 3102 4061 voce
3142 4008 3326 4060 carnis

1752 4104 1934 4148 utetur
1962 4092 2325 4160 Christianus,
2357 4108 2543 4164 utpote
2565 4099 2656 4165 qui
2689 4098 2879 4151 didicit
2917 4099 3060 4165 facta
3087 4100 3324 4164 corporis

1750 4186 2072 4250 mortiﬁcare
2098 4185 2163 4247 ⁸⁸,
2189 4194 2242 4238 et
2265 4201 2466 4252 semper
2488 4185 2944 4253 mortiﬁcationem
2971 4185 3098 4240 Jesu
3127 4188 3182 4240 in
3205 4203 3324 4240 cor-

1750 4293 1874 4343 pore
1907 4276 2244 4342 circumferre
2268 4275 2334 4339 ⁸³,
2365 4285 2420 4328 et
2451 4277 2774 4342 morti/icore
2800 4278 3030 4330 membra
3055 4294 3169 4347 qua:
3200 4288 3323 4331 sunt

1751 4383 1908 4435 super
1934 4378 2130 4420 (errant
2156 4367 2242 4434 '9;
2271 4368 2527 4438 novitque
2561 4368 2690 4436 quid
2722 4367 3033 4437 significent
3057 4371 3171 4422 haec
3199 4382 3325 4421 ver-

1753 4459 1817 4513 ba
1855 4478 1868 4514 :
1907 4458 2026 4512 Non
2085 4460 2406 4530 permanebit
2463 4461 2682 4524 spiritus
2733 4478 2877 4515 meus
2929 4463 2985 4515 in
3027 4462 3325 4516 hominibus

81 4554 217 4621 μέλη
249 4557 315 4609 τὰ
345 4555 444 4608 ἐπὶ
476 4553 584 4622 τῆς
609 4553 747 4624 γῆς·
779 4556 870 4608 καὶ
897 4554 1050 4618 εἰδὼς
1082 4555 1133 4606 τί
1165 4553 1413 4611 δηλοῦται
1444 4556 1506 4606 ἐκ
1534 4552 1648 4611 τοῦ,

1758 4552 1871 4606 istis
1894 4554 1947 4604 in
1969 4553 2255 4613 sa‘culum,
2295 4551 2416 4618 quia
2445 4567 2568 4605 caro
2598 4561 2716 4605 sunt
2741 4552 2784 4582 ⁹¹
2813 4567 2828 4616 ;
2857 4561 2911 4605 et
2946 4553 3048 4612 ista
3083 4572 3096 4607 :
3131 4551 3238 4616 Qui
3272 4553 3329 4606 in

142 4717 357 4773 “Rom.
386 4736 425 4780 ι,
459 4718 552 4771 20.
628 4718 673 4749 ⁸⁵
700 4719 714 4770 1
746 4719 871 4776 Cor.
931 4733 1046 4780 xm,
1079 4716 1164 4770 ιε.

87 4787 157 4842 ιο.
253 4791 297 4823 ’⁸
324 4792 534 4845 Coloss.
566 4803 646 4852 Ill,
675 4787 727 4842 5.
801 4788 846 4821 "
873 4788 1006 4843 Gen.
1035 4804 1105 4851 γι,
1128 4785 1182 4842 5.

84 4931 304 4994 (quibus
333 4947 436 4983 non
489 4929 750 4997 principia
795 4927 984 4991 solum,
1024 4926 1114 4978 sed
1147 4925 1360 4977 latiores
1397 4923 1636 4997 quoﬁdem

84 5003 143 5052 ad
165 5003 418 5052 rationem
461 4995 825 5052 inveniendam
877 5002 968 5049 via:
1001 4997 1346 5062 reperiuntur,
1377 5004 1431 5046 et
1463 4995 1556 5046 lib.
1587 5007 1638 5045 Iv

85 5071 452 5140 Arattqutest.
499 5083 517 5120 :
568 5068 754 5122 Dicunt
784 5067 914 5119 enim
949 5065 1117 5120 Stoici
1162 5081 1343 5140 sensus
1383 5065 1520 5128 ipsos
1553 5079 1640 5114 as-

85 5154 247 5193 sensus
271 5137 416 5204 ‘esse,
467 5155 640 5207 quos,
672 5139 918 5206 quoniam
962 5137 1636 5207 appetitioconsequatur,

84 5211 329 5278 actionem
358 5203 543 5278 sequi:
570 5203 883 5261 tolliautem
911 5207 1086 5259 omnia
1115 5207 1160 5259 si
1204 5205 1313 5258 visa
1353 5203 1634 5255 tollantur.

86 5277 308 5334 SPENCER
322 5321 333 5331 .

145 5352 252 5421 (68)
273 5347 556 5421 Haescbel.
588 5357 643 5403 et
672 5346 957 5421 Spencer.,
981 5345 1099 5408 πῶς
1127 5343 1408 5421 dicendast
1437 5342 1514 5421 μὴ
1544 5358 1643 5421 κα-

83 5415 572 5491 ταλαμϐανόμενον,
608 5428 664 5471 at
709 5418 868 5491 codd.
901 5415 1031 5491 lleg.
1069 5429 1135 5491 et
1157 5415 1480 5491 Basileensis
1509 5423 1564 5464 ut
1590 5415 1641 5463 in

86 5483 258 5546 nostro
300 5483 473 5554 textu,
499 5493 686 5558 sicque
717 5487 928 5558 ipsimet
957 5484 1298 5558 lltnsebelius
1325 5493 1379 5538 et
1413 5483 1646 5543 Spence-

89 5573 174 5614 rus
201 5563 401 5616 habent
437 5556 666 5613 numero
695 5556 1048 5626 praaeedenti.

148 5632 257 5700 (60)
290 5630 567 5686 Haeschel.
599 5629 652 5700 in
685 5624 859 5700 textu,
888 5625 996 5700 υπὸ
1024 5624 1345 5700 αἰσθήσεων.

149 5690 255 5771 (70)
330 5702 428 5766 Τίς
476 5697 656 5771 χωρὶς
723 5695 1060 5771 αἰσθήσεως
1119 5690 1330 5771 μαθεῗιρ
1387 5690 1645 5771 δυνατός

84 5760 274 5839 tortu;
313 5760 752 5842 Supravlcgitur,
792 5766 844 5819 τί
885 5767 1051 5836 χωρὶς
1097 5760 1396 5835 αἰσθήσεως
1454 5760 1644 5832 μαθεῖν

1241 4716 1286 4747 ⁸⁸
1318 4715 1355 4768 ΙΙ
1397 4715 1521 4770 (.or.
1552 4731 1630 4783 tu,
1663 4716 1749 4770 18.

1829 4715 1870 4746 ⁸⁷
1889 4713 2046 4770 Rom.
2071 4729 2168 4780 vn,
2197 4713 2296 4768 22.-
2363 4713 2408 4746 ⁸⁸
2439 4713 2593 4769 Rom.
2631 4729 2748 4776 vm,
2781 4713 2867 4766 l5.
2941 4714 2985 4747 ⁸³
3021 4714 3061 4768 ll
3092 4713 3218 4768 Cor.
3250 4725 3328 4779 tv,

1745 4924 1969 4976 δυνατόν
2002 4925 2147 4988 ἐστιν
2169 4941 2182 4989 ;

1818 4993 1930 5064 (71)
1967 4993 2164 5047 Τοῦτο.
2198 4992 2514 5064 Bolierellus
2545 4991 2695 5064 legit,
2729 4993 2918 5062 τούτῳ.

1818 5061 1930 5134 (7:!)
1963 5067 2083 5134 Οὐκ
2119 5065 2196 5117 ἂν
2221 5062 2390 5134 ἄλλῳ
2433 5063 2814 5134 τινίηϐιιίιιιιιε
2850 5062 3130 5134 existimat
3171 5061 3323 5134 seri-

1747 5131 1982 5188 lieudum
2038 5133 2200 5192 forte.
2246 5133 2346 5186 οὐκ
2394 5134 2459 5187 ἂν
2505 5133 2648 5202 ἄλλῳ
2695 5134 2800 5186 τινὶ
2844 5133 2877 5202 ἢ
2930 5131 3006 5202 τῷ
3055 5131 3195 5186 κατὰ
3224 5131 3324 5253 τίἐν

1751 5203 1959 5253 ἐκείνου
2006 5203 2188 5253 εἰκόνα
2214 5205 2491 5253 γενομένω
2537 5203 2634 5253 νῶ.
2681 5206 2942 5253 φήσομεν.
2989 5203 3189 5253 ltaaue.
3235 5217 3267 5253 τ
3305 5240 3322 5253 .

1751 5203 1963 5276 ἐκείνου
2006 5203 2188 5257 εἰκόνα
2214 5205 2508 5276 γενομένῳ
2537 5203 2634 5276 νῷ,
2681 5206 2951 5276 φήσομεν.
2989 5203 3203 5276 Itaque,
3235 5203 3322 5276 τό,

1751 5273 1846 5327 τοῦ
1862 5273 1966 5344 ’νοῦ
1997 5289 2094 5342 pro
2130 5289 2278 5328 mero
2323 5271 2556 5340 imperiti
2585 5271 2910 5344 glossemate
2943 5271 3323 5344 liabet._Scr_i-

1751 5339 2170 5398 Dentium-enim
2206 5352 2342 5402 erat.
2381 5339 2716 5411 inquitf'coﬁ
2744 5341 2900 5407 Θεοῦ,
2935 5357 3038 5397 non
3075 5341 3170 5395 τοῦ
3203 5339 3318 5395 νοῦ.

1823 5412 1934 5484 (75)
1985 5413 2137 5476 Mss.,
2192 5414 2502 5484 χρήσωμαι.
2545 5413 2894 5484 lltescbelius
2933 5421 3003 5484 et”
3034 5411 3275 5484 Spencer
3303 5449 3321 5484 ,

1750 5481 2043 5554 χρήσομαι.
2095 5481 2295 5554 Ibidem
2347 5481 2706 5554 codd.ulteg.
2759 5494 2814 5537 et
2867 5482 3212 5549 Basileensis,
3247 5481 3318 5554 διξ

1748 5551 2012 5623 ἐσόπτρου
2039 5555 2132 5605 καὶ
2155 5551 2494 5623 αἰνίγματος.
2527 5551 2802 5608 Hmscliel.
2835 5563 2889 5607 et
2933 5557 3218 5623 Spencer.,
3251 5551 3321 5603 δι’

1748 5621 2014 5696 ἐσόπτρου
2049 5623 2144 5678 καὶ
2188 5621 2488 5694 αἰνίγματι.
2543 5623 2794 5696 Vulgata,
2835 5623 2903 5676 δι’
2949 5621 3211 5694 ἐσόπτρου
3262 5623 3322 5675 ἐν

1752 5694 2054 5764 αἰνίγματι.
