3846 6406
563 266 700 324 M79

2027 265 2349 321 ORIGENIS

3639 274 3732 331 “30

563 391 749 456 eisque
775 388 1037 456 supplicio
1065 386 1403 456 exponimus,
1432 384 1486 440 id
1521 384 1626 439 illis
1651 380 1830 438 tribuit
1862 384 1955 453 qui
1988 384 2097 439 nihi

2227 384 2435 457 ρωροῦς
2478 384 2579 453 τῆς
2624 384 2835 449 ἀνόδου,
2878 385 2981 449 ἕως
3026 385 3256 440 θανάτου
3303 385 3411 457 (86)
3446 387 3635 439 ἵσταται
3664 390 3733 442 κᾶν

562 481 736 535 simile
767 480 1045 548 perferunt
1074 496 1089 543 ;
1126 478 1280 533 nobis
1328 488 1542 541 autem,
1580 477 1671 546 qui
1706 476 1923 546 pietatis
1953 493 2118 531 causa

560 571 710 626 cruci
739 568 1026 638 aﬂigimur,
1052 569 1263 623 illorum
1286 568 1351 636 de
1373 577 1624 638 portento
1655 568 1884 622 leoninae
1906 567 2117 631 fartum,

560 663 626 715 de
647 660 922 729 amphibio
943 660 1260 729 ueterisque
1287 660 1447 714 rebus
1481 658 1717 713 tabulam
1739 658 1944 725 objicit.
1965 658 2117 725 Quod

558 750 763 817 igitura
779 749 1022 803 doctrina
1040 748 1106 801 de
1142 748 1333 817 angelo
1350 748 1560 803 leonina
1589 748 1769 817 specie
1787 756 1840 802 et
1856 763 1885 801 a
1904 748 2117 801 caeteris

555 840 767 893 illorum
806 840 1026 908 ineptiis
1049 840 1426 904 abhorremus,
1460 840 1616 907 hujus
1636 839 1712 893 rei
1743 838 1932 893 Celsus
1964 838 2116 891 nobis

554 946 661 986 non
696 941 780 987 est
828 942 1048 996 auctor;
1090 946 1262 998 neque
1309 932 1454 986 enim
1503 930 1569 983 ab
1622 930 1775 983 initio
1811 928 2118 996 huiusmodi

554 1023 835 1092 quidpiam
881 1022 1222 1090 accepimus;
1272 1022 1366 1076 sed
1401 1022 1443 1076 si
1491 1035 1597 1075 non
1643 1020 1970 1074 assentimur
2014 1019 2115 1071 Mi-

553 1113 797 1169 chaelem
829 1121 921 1167 aut
950 1113 1114 1167 alium
1151 1127 1221 1167 ex
1265 1112 1554 1166 recensitis
1586 1124 1727 1166 esse
1757 1112 1859 1164 hac
1889 1119 1983 1163 aut
2024 1109 2114 1164 illa

551 1202 748 1265 forma,
780 1204 831 1258 in
855 1217 1015 1259 causa
1040 1215 1121 1258 est
1142 1202 1268 1257 Jesu
1297 1202 1538 1258 doctrina
1558 1217 1723 1272 quam
1757 1201 2037 1271 sequimur
2062 1209 2116 1257 et

547 1310 611 1348 ex
642 1309 748 1363 qua
787 1296 1058 1347 contraria
1091 1294 1197 1349 illis
1222 1294 1402 1349 dicere
1425 1295 1709 1349 discimus.

2228 478 2369 547 ὑπὲρ
2406 477 2505 545 τῆς
2550 478 2881 547 φαινομένης
2917 479 3065 547 αὐτῷ
3105 479 3381 550 ἀληθείας.
3420 479 3563 532 Ἀλλά
3588 480 3639 532 τὸ
3670 479 3733 548 ὑφ’

2224 567 2382 638 ἡμῶν
2411 567 2477 619 δι’
2499 568 2800 631 εὐσεϐείας,
2834 570 2905 621 ἵν·
2928 569 3101 632 οὕτως
3132 570 3292 635 εἴπω,
3325 571 3609 642 ὑπερϐολὴν
3633 574 3733 640 γινό-

2226 677 2409 730 μενον,
2458 661 2803 730 παρεχόντων
2848 663 3072 725 ἑαυτοὺς
3118 664 3281 715 παντὶ
3312 664 3496 735 τρόπῳ
3539 664 3731 727 θανάτου,

2224 750 2317 801 καί
2370 749 2429 801 τὸ
2477 749 3000 814 ἀνασκολοπίζεσθαι
3056 752 3188 821 (87),
3246 752 3474 816 ἐκείνοις
3529 756 3731 823 προσάγει

2220 843 2333 902 τοῖς
2365 840 2527 910 μηδὲν
2549 840 2753 895 τούτων
2783 842 3101 912 πάσχουσινο
3130 846 3262 913 ἡμῖν
3292 843 3348 895 δὲ
3369 843 3499 914 (88),
3530 848 3623 907 τοῖς
3642 848 3731 898 ἀνα-

2220 930 2691 1001 σκολοπιζομένοις
2725 932 2787 985 δι’
2817 933 3121 995 εὐσέϐειαν,
3150 934 3397 997 ὀνειδίζει
3429 936 3521 1005 τὴν
3562 936 3728 988 ἐκείνων

2220 1020 2347 1092 περὶ
2373 1019 2463 1071 τὸν
2493 1020 2787 1091 λεοντοειδῆ
2820 1022 2915 1073 καὶ
2956 1022 3048 1074 τὸν
3090 1023 3373 1092 ἀμφίϐιον,
3419 1027 3508 1076 καὶ
3535 1027 3594 1078 τὰ
3614 1026 3729 1078 λοιπὰ

2222 1111 2561 1182 μυθοποιίαν.
2593 1114 2665 1164 Οὐ
2696 1112 2783 1165 διὰ
2808 1114 3014 1167 Κέλσον
3038 1116 3219 1167 τοίνυν
3247 1117 3516 1187 φεύγομεν
3539 1118 3616 1170 τὸν
3639 1121 3730 1188 περὶ

2215 1202 2573 1266 λεοντοειδοῦς
2622 1201 2717 1256 καὶ
2761 1204 2871 1257 τῶν
2908 1204 3109 1257 λοιπῶν
3148 1207 3326 1274 λόγον·
3374 1209 3491 1261 οὐδὲ
3536 1210 3627 1279 γὰρ
3659 1213 3727 1279 τὴν

2216 1292 2391 1362 ἀρχὴν
2420 1292 2655 1345 τοιοῦτόν
2678 1311 2730 1345 τι
2757 1295 3201 1365 παρειλήφαμεν*
3230 1298 3348 1349 ἀλλ’
3377 1300 3726 1363 ἀκολουθοῦντες

547 1391 609 1459 τῇ
642 1388 958 1459 διδασκαλίᾳ
1018 1388 1191 1460 Ἰησοῦ
1235 1388 1304 1441 τά
1350 1387 1567 1443 ἐναντία
1621 1387 1849 1452 ἐκείνοις
1892 1386 2141 1458 λέγομεν,
2191 1386 2251 1438 ού
2295 1387 2817 1458 συγκατατιθέμενοι
2862 1388 2938 1459 τῷ
2978 1390 3179 1443 τοιόνδε
3222 1388 3362 1445 εἶναι
3402 1393 3476 1463 τῷ
3514 1395 3727 1464 προσώπῳ

544 1484 637 1535 τὸν
675 1483 914 1553 Μιχαὴλ,
955 1484 1049 1535 καὶ
1091 1481 1291 1535 τοιόνδε
1319 1481 1507 1553 ἕτερόν
1537 1499 1659 1535 τινα
1692 1482 1801 1535 τῶν
1838 1479 2380 1552 προκατειλεγμένων
2416 1479 2548 1550 (89).

612 1577 674 1629 «tl
691 1614 705 1629 .
725 1577 1139 1632 Consideremus
1162 1590 1305 1629 nunc
1329 1590 1532 1645 ecquos
1574 1575 1707 1629 velit
1727 1575 1913 1630 Celsus
1954 1576 2109 1629 nobis

545 1669 738 1737 praeire
763 1671 951 1731 duces,
994 1678 1053 1721 ut
1079 1682 1147 1721 ne
1177 1666 1336 1721 nobis
1360 1676 1573 1722 veteres
1590 1677 1643 1721 et
1664 1667 1806 1720 sacri
1832 1666 2106 1721 deficiant.

2285 1570 2401 1625 Τίνι
2442 1573 2499 1625 δέ
2525 1575 2615 1627 καὶ
2658 1575 2886 1630 ἕπεσθαι
2927 1579 3074 1648 ἡμᾶς
3113 1578 3141 1630 ό
3174 1577 3383 1641 Κέλσος
3417 1577 3727 1649 podis-raw;

2214 1663 2313 1715 οὐκ
2353 1664 2726 1733 ἀπορήσοντας
2758 1668 3002 1722 παλαιῶν
3036 1671 3323 1740 ἡγεμόνων
3366 1674 3460 1723 καὶ
3495 1672 3633 1742 ἱερῶν
3666 1676 3728 1725 ἀν-

544 1730 652 1812 Νοε
682 1757 897 1826 ablegat
922 1730 987 1810 ad
1019 1764 1227 1825 poetas,
1268 1766 1327 1810 ut
1355 1757 1471 1824 ait,f
1496 1756 1755 1811 divinitus
1784 1755 2011 1817 amatos,
2042 1756 2106 1807 ad

2213 1752 2371 1822 δρῶν,
2417 1757 2795 1823 κατανοητέον.
2861 1758 3201 1829 Ἀναπέμπει
3231 1761 3380 1829 ἡμᾶς
3426 1762 3511 1811 ἐπὶ
3546 1761 3725 1825 ἐνθέους,

543 1848 837 1915 sapientes,
875 1847 940 1901 ad
959 1846 1326 1915 philosophos,
1363 1860 1594 1915 quorum
1629 1847 1843 1899 nomina
1880 1860 1984 1898 non
2014 1845 2108 1898 de-

542 1948 716 1994 notat.
751 1936 1033 1993 Pollicitus
1063 1951 1121 1990 se
1151 1936 1315 1991 duces
1361 1942 1786 1991 monstraturum
1843 1951 1985 2000 esse,
2017 1951 2110 2006 ge-

544 2034 773 2087 neratim
818 2032 1026 2085 indicat
1058 2038 1245 2099 poetas
1296 2030 1515 2083 numine
1546 2028 1775 2093 aﬂlatos,
1814 2031 2106 2098 sapientes,

541 2122 917 2191 philosophos.
977 2121 1034 2175 Si
1090 2120 1521 2189 uniuscujusque
1575 2134 1770 2174 nomen
1812 2120 2107 2184 attulisset,

544 2214 714 2268 nostri
738 2213 896 2267 oliicii
926 2226 1053 2267 esse
1083 2212 1427 2267 duxissemus
1457 2213 1850 2275 demonstrare,
1880 2211 1950 2264 ab
1992 2212 2108 2281 ipso

542 2307 697 2358 nobis
727 2317 903 2357 cmcos
935 2317 1061 2373 erga
1088 2302 1374 2355 veritatem
1403 2302 1567 2355 duces
1603 2301 1741 2365 dari,
1779 2312 1837 2353 ut
1870 2302 1921 2355 in
1958 2316 2111 2355 erro-

543 2407 656 2447 rem
706 2392 1053 2454 inducamur;
1086 2402 1177 2445 aut
1201 2392 1245 2445 si
1277 2407 1380 2445 non
1415 2393 1642 2447 omnino
1666 2392 1794 2445 (ιωοί
1832 2400 1983 2458 sunt,
2015 2406 2109 2447 eos

548 2496 725 2540 tamen
751 2502 780 2541 a
803 2486 1031 2540 veritate
1054 2487 1107 2539 in
1135 2486 1317 2540 multis
1352 2485 1625 2556 dogmatis
1648 2485 1958 2543 aberrasse.
1984 2488 2110 2542 Sive

541 2579 707 2646 igitur
731 2576 999 2647 Orpheus,
1031 2579 1143 2632 sive
1187 2577 1556 2639 Parmenides,
1592 2578 1705 2632 sive
1737 2578 2105 2648 Empedocles,

542 2666 657 2718 sive
690 2663 1109 2734 llomerusipse,
1139 2674 1231 2719 aut
1254 2666 1417 2720 etiam
1450 2665 1713 2721 Hesiodus
1734 2667 1824 2723 ille
1856 2668 2107 2736 sitquem

542 2766 756 2824 poetam
798 2756 1061 2811 divinitus
1102 2757 1430 2827 inspiratum
1478 2772 1601 2813 esse
1640 2759 1754 2812 vult
1781 2800 1796 2825 ,
1856 2761 2108 2814 ostendat

541 2851 634 2919 qui
676 2849 933 2913 voluerit,
972 2849 1245 2918 quomodo
1268 2850 1359 2918 qui
1389 2849 1616 2904 ducibus
1657 2850 1766 2904 illis
1794 2860 2038 2915 utuntur,
2072 2853 2105 2904 ii

539 2942 819 2997 meliorem
851 2940 993 2995 viam
1026 2952 1324 3010 sequantur
1352 2951 1405 2995 et
1448 2943 1652 2996 rectius
1681 2957 1859 2997 mores
1882 2958 2101 3011 compo-

540 3048 689 3105 nant,
730 3053 891 3107 quam
921 3038 1037 3106 qui.
1060 3036 1369 3091 simulacris
1386 3037 1638 3092 omnibus
1658 3037 1959 3106 statuisque
1979 3036 2103 3091 Jesu
2136 3072 2178 3129 ϐ

543 3131 807 3185 doctrina:
840 3129 1190 3199 posthabitis,
1237 3127 1402 3199 724
1455 3128 1646 3184 relicta
1690 3129 1853 3183 etiam
1886 3127 2109 3183 Judaica

546 3221 962 3290 superstitione,
991 3236 1085 3290 per
1101 3220 1335 3274 Verbum
1362 3220 1456 3273 Dei
1480 3220 1546 3274 ad
1572 3219 1741 3274 solum
1764 3218 1931 3273 Deum
1948 3218 2111 3273 Verbi

538 3312 756 3368 Patrem
784 3312 975 3367 oculos
1020 3312 1236 3367 tollunt.
1285 3311 1453 3381 Ecqui
1494 3321 1620 3366 sunt
1668 3322 1846 3365 autem
1890 3311 1964 3365 illi
1996 3312 2112 3366 sive

540 3403 841 3471 sapientes,
878 3402 990 3457 sive
1030 3402 1381 3471 philosophi,
1434 3418 1464 3457 a
1499 3403 1694 3472 quibus
1729 3403 1894 3457 multa
1938 3418 2112 3473 eaque

541 3493 722 3546 divina
758 3492 875 3546 vult
905 3508 1005 3546 nos
1050 3494 1241 3547 audire
1273 3492 1496 3557 Celsus,
1531 3508 1733 3562 eosque
1783 3502 2111 3561 anteponere

541 3582 715 3653 Moysi
761 3583 855 3637 Dei
904 3582 1123 3646 cultori,
1172 3582 1473 3637 conditoris
1516 3584 1756 3637 omnium
1794 3585 2107 3651 prophetis,

541 3674 633 3741 qui
675 3688 804 3728 vere
835 3673 1099 3727 divinitus
1150 3672 1314 3725 amati
1362 3673 1648 3726 innumera
1696 3674 1997 3739 dixerunt;
2032 3675 2107 3728 illi

539 3766 705 3819 etiam
740 3766 831 3834 qui
863 3764 1141 3818 hominum
1172 3764 1359 3832 generi
1388 3763 1584 3826 illuxit,
1611 3764 1704 3831 qui
1730 3764 1892 3817 divini
1934 3764 2108 3817 cultus

542 3856 894 3909 annuntiavit
923 3855 1092 3916 viam,
1135 3855 1227 3922 qui
1258 3862 1520 3922 quantum
1546 3854 1598 3907 in
1637 3869 1695 3908 se
1733 3866 1814 3907 est
1840 3855 2106 3908 neminem

544 3948 806 4016 relinquit
847 3946 1229 4015 mysteriorum
1262 3959 1483 3998 suorum
1525 3954 1824 4011 expertem,
1858 3945 1952 3998 sed
1987 3958 2108 4012 pro-

538 4049 661 4110 pter
694 4041 1011 4093 immensam
1056 4038 1443 4091 humanitatem
1513 4036 1951 4105 prudentioribus
1988 4034 2108 4103 qui-

537 4132 663 4186 dem
695 4130 1020 4199 theologiam
1055 4128 1282 4199 largitur
1312 4142 1497 4182 eorum
1543 4127 1735 4180 animis
1762 4142 1791 4179 a
1826 4126 2103 4194 praesenti-

539 4227 643 4278 bus
684 4222 920 4293 negotiis
959 4220 1270 4274 attollendis
1299 4234 1506 4288 parem,
1557 4218 1948 4271 inﬁrmioribus
1977 4233 2104 4272 vero

540 4316 822 4371 hominum
872 4313 1287 4383 imperitorum,
1376 4311 1700 4380 simplicium
1758 4310 2100 4377 feminarum,

2209 1846 2284 1907 ὡς
2328 1844 2495 1912 λέγει,
2521 1848 2766 1916 ποιητὰς,
2807 1850 2902 1903 καὶ
2942 1852 3157 1917 σοφοὺς,
3190 1851 3285 1903 καὶ
3325 1850 3636 1918 φιλοσόφους,
3674 1854 3725 1923 μὴ
3779 1885 3782 1889 ~

2207 1933 2376 1995 τιθεὶς
2403 1936 2586 1998 αὐτοῖς
2616 1938 2856 2007 ὀνόματα
2897 1939 3008 2011 (90)
3026 1957 3038 1969 ·
3069 1940 3313 2002 καὶτοὺς
3341 1939 3558 2009 ὁδηγοὺς
3581 1941 3726 2005 δείξειν
3758 1936 3773 1943 ’“

2210 2032 2667 2101 ἐπαγγελλόμενος
2686 2070 2698 2091 ,
2725 2030 2989 2101 ἀορίστως
3018 2032 3376 2101 ἀποφαίνεται
3409 2038 3527 2099 τοὺς
3565 2035 3725 2095 ἐνθέους

2209 2122 2456 2193 ποιητὰς,
2492 2122 2582 2175 καὶ
2610 2122 2827 2190 σοφοὺς,
2854 2123 2947 2174 xui.
2980 2122 3323 2191 φιλοσόφους,
3362 2127 3423 2177 Εἰ
3450 2127 3491 2178 δ’
3521 2126 3655 2178 ἐτίθει
3678 2124 3724 2174 τὰ

2209 2210 2445 2281 ὀνόματα
2488 2212 2717 2263 ἑκάστου
2748 2209 2954 2263 τούτων
2976 2251 2990 2274 ,
3033 2211 3127 2262 καὶ
3166 2213 3525 2279 ἀγωνίζεσθαι
3561 2215 3723 2279 εὒλογον

2209 2306 2341 2373 ἡμῖν
2370 2304 2639 2371 ἐφαίνετο,
2675 2302 2755 2354 ὅτι
2786 2300 3197 2370 τυφλώττοντας
3231 2306 3361 2375 περὶ
3398 2306 3493 2376 τὴν
3526 2303 3721 2373 ἀλήθειαν

2208 2394 2435 2463 ὁδηγοὺς
2466 2394 2595 2463 ἡμῖν
2624 2391 2859 2454 δίδωσιν,
2904 2392 2990 2444 ἵνα
3021 2393 3316 2463 σφάλωμεν
3338 2412 3351 2425 -
3384 2396 3441 2464 ἦ,
3480 2398 3525 2447 εί
3559 2397 3634 2447 καὶ
3668 2395 3720 2465 μὴ

2210 2484 2353 2537 πάνυ
2403 2482 2837 2550 τυφλώττοντας,
2887 2484 3015 2554 περὶ
3066 2484 3239 2536 πολλά
3280 2501 3344 2552 γε
3386 2487 3482 2555 τῆς
3524 2486 3723 2555 ἀληθείας

2209 2577 2453 2646 δόγματα
2518 2574 2910 2644 ἐσφαλμένους.
2963 2575 3074 2627 Εἶτ’
3124 2570 3217 2627 οὖν
3279 2576 3477 2646 Ὀρφέα
3530 2576 3723 2645 βούλεται

2208 2667 2389 2720 ἔνθεον
2430 2662 2566 2718 εἶναι
2595 2666 2845 2736 ποιητὴν,
2881 2665 2987 2718 εἴτε
3021 2666 3391 2737 Παρμενίδην,
3431 2667 3521 2719 εἴτ’
3568 2667 3725 2737 Ἐμπε-

2208 2758 2419 2819 δοκλέα,
2473 2758 2579 2809 εἴτε
2626 2758 2720 2809 καὶ
2770 2757 2932 2810 αὐτὸν
2983 2757 3249 2828 Ὅμηρον,
3300 2759 3332 2830 ἦ
3377 2760 3469 2811 καὶ
3507 2757 3722 2811 Ἦσίοδω·

2209 2849 2468 2902 δεικνύτω
2512 2849 2541 2901 ὁ
2575 2847 2915 2917 βουλόμενος,
2962 2848 3079 2911 πῶς
3128 2848 3341 2918 βέλτιον
3384 2850 3659 2902 ὁδεύσουσιν
3690 2849 3725 2899 οἱ

2209 2938 2468 3001 τοιούτοις
2518 2940 2733 3009 ὁδηγοῖς
2792 2937 3085 3009 χρώμενοι,
3146 2940 3243 2992 καὶ
3297 2940 3587 3011 ὠφέληνται
3631 2938 3727 3007 περὶ

2210 3028 2318 3082 τῶν
2349 3028 2459 3101 (91)
2486 3028 2627 3082 κατά
2652 3028 2742 3080 τὸν
2771 3027 2904 3097 βίον,
2931 3028 3082 3099 παρά
3112 3030 3240 3092 τοὺς
3271 3031 3638 3092 καταλιπόντας
3662 3028 3727 3081 διὰ

2212 3121 2311 3191 τὴν
2345 3120 2517 3191 Ἰησοῦ
2541 3118 2635 3172 τοῦ
2653 3120 2889 3190 Χριστοῦ
2919 3119 3463 3175 διδασκαλίανπάντα
3489 3124 3727 3191 ἀγάλματα

2214 3212 2308 3263 καὶ
2356 3210 2643 3282 ἱδρύματα,
2682 3208 2816 3262 ἀλλά
2848 3210 2942 3262 καὶ
2982 3212 3166 3262 πᾶσαν
3213 3211 3501 3283 Ἱουδαῖκὴν
3526 3211 3728 3264 δεισιδαι-

2216 3302 2422 3371 μονίαν,
2456 3302 2550 3353 καὶ
2588 3300 2723 3370 πρὸς
2757 3301 2913 3368 μόνον
2946 3301 3349 3366 ἀναϐλέποντας
3374 3303 3457 3356 διὰ
3482 3303 3566 3356 τοῦ
3594 3303 3726 3369 Λόγου

2211 3392 2304 3445 τοῦ
2331 3390 2465 3443 Θεοῦ
2507 3391 2596 3442 τὸν
2634 3391 2852 3461 Πατέρα
2891 3391 2985 3444 τοῦ
3016 3393 3189 3459 Λόγου
3218 3393 3372 3447 Θεόν.
3409 3396 3553 3456 Τίνες
3578 3394 3624 3446 δὲ
3656 3394 3727 3444 καὶ

2210 3484 2259 3533 οἱ
2295 3482 2503 3551 σοφοὶῆ
2531 3483 2579 3533 oi
2615 3480 2912 3550 φιλόσοφοι,
2946 3482 3075 3553 παρ’
3104 3476 3179 3535 ὧν
3217 3484 3460 3553 βούλεται
3487 3483 3633 3536 πολλὰ
3657 3482 3725 3533 καὶ

2211 3570 2329 3624 θεῖα
2357 3573 2584 3625 ἀκοῦσαι
2630 3574 2777 3644 ἡμᾶς
2819 3574 2847 3624 6
2896 3574 3125 3637 Κέλσος,
3175 3576 3561 3637 καταλιπόντας
3603 3572 3724 3640 Θερὰ·

2211 3678 2378 3713 ποντα
2418 3662 2551 3715 Θεοῦ
2597 3664 2855 3726 Μωῦσὲα,
2905 3665 2999 3716 καὶ
3044 3668 3333 3735 προφήτας
3376 3666 3466 3719 τοῦ
3494 3666 3589 3718 τῶν
3621 3664 3726 3716 ὅλων

2210 3753 2562 3823 δημιουργοῦ,
2612 3753 2828 3823 ἀληθῶς
2861 3756 3058 3819 ἐνθέως
3103 3758 3275 3828 μυρία
3316 3759 3413 3809 ὅσα
3457 3756 3721 3827 εἰρηκότας·

2210 3844 2303 3895 καὶ
2329 3844 2489 3897 αὑτὸν
2521 3843 2900 3913 ἐπιλάμψαντα
2924 3846 3001 3916 τῷ
3030 3847 3177 3914 γένει
3201 3848 3311 3900 τῶν
3337 3848 3631 3919 ἀνθρώπιον,
3655 3844 3724 3897 καὶ

2208 3934 2637 4002 καταγγείλαντα
2670 3935 2786 3988 ὁδὸν
2824 3936 3151 4001 θεοσεϐείας,
3191 3941 3286 3992 καὶ
3322 3942 3516 4011 μηδένα
3554 3938 3605 3991 τὸ
3632 3940 3725 3990 ὅσον

2208 4024 2292 4091 ἐφ’
2335 4023 2509 4093 ἑαυτῷ
2548 4025 2811 4091 ἄγευστον
2844 4027 3210 4081 καταλιπόντα
3250 4029 3361 4083 τῶν
3386 4031 3521 4084 ἰδίων
3562 4045 3725 4100 μυστη-

2209 4114 2361 4185 ρίων,
2399 4114 2533 4167 ἀλλά
2565 4115 2628 4167 δι’
2664 4116 3106 4186 ὑπερϐάλλουσαν
3146 4119 3545 4192 φιλανθρωπίαν
3570 4120 3719 4189 ἔχοντα

2211 4206 2307 4275 μὲν
2338 4206 2532 4259 διδόναι
2558 4212 2669 4271 τοῖς
2702 4210 3083 4280 συνετωτέροις
3114 4211 3413 4280 θεολογίαν,
3445 4214 3622 4284 ἐπᾶραι
3645 4210 3718 4275 τὴν

2204 4297 2380 4369 ψυχὴν
2421 4298 2527 4352 ἀπὸ
2564 4300 2671 4351 τῶν
2705 4301 2830 4370 τῇδε
2872 4302 3217 4372 πραγμάτων
3260 4305 3581 4376 δυναμένην·
3606 4300 3718 4353 οὐδὲν

538 4414 596 4460 et
630 4418 915 4459 vernarum
942 4402 1148 4457 viribus
1168 4415 1225 4456 se
1246 4411 1587 4468 attemperat,
1604 4416 1710 4453 uno
1736 4400 1901 4454 verbo
1925 4402 2068 4454 omni
2084 4428 2101 4439 -

2213 4389 2247 4440 δ’
2298 4385 2458 4459 ἦττον
2511 4390 3009 4458 συγκαταϐαίνοντα
3050 4395 3146 4447 καὶ
3196 4398 3319 4458 ταῖς
3371 4394 3716 4463 ὑποδεεστέρας

546 4498 666 4560 bus,
704 4494 797 4563 qui
830 4511 861 4548 a
885 4493 1098 4548 nemine
1135 4491 1245 4545 alio
1270 4506 1429 4559 quam
1469 4505 1500 4545 a
1547 4490 1663 4544 solo
1686 4489 1813 4545 Jesu
1842 4491 2099 4545 auxilium

543 4596 871 4656 acceperunt
900 4587 965 4639 ad
1007 4584 1201 4638 melius
1224 4584 1515 4637 vivendum
1567 4593 1826 4650 quantum
1876 4582 2104 4637 facultas

542 4677 768 4739 ferebat,
803 4676 1142 4748 dogmatibus
1194 4676 1259 4728 de
1291 4674 1400 4729 Deo
1436 4675 1691 4729 instructi
1734 4689 1857 4743 quae
1907 4690 2102 4745 capere

540 4771 828 4838 poterant?

611 4928 701 4981 42.
736 4926 865 4982 Post
900 4928 1013 4982 haec
1040 4942 1139 4981 nos
1174 4926 1397 4981 remittit
1423 4927 1488 4980 ad
1527 4924 1803 4981 Platonem
1843 4934 2100 4997 tanquam

615 5088 724 5161 (86)
751 5091 898 5156 Ἕως
924 5088 1203 5145 θανάτου.
1263 5090 1394 5146 Vide
1444 5108 1603 5163 supra
1636 5093 2011 5151 adnotationes
2037 5097 2101 5151 ad

544 5159 640 5212 lib.
665 5176 740 5212 vr.
773 5176 898 5212 num
939 5162 1021 5212 li.

568 5160 1406 5306 Ιὺ(.8ζΞῖθὸυὲἰνιθένκολπίζεσθαι.
1447 5231 1599 5303 Legit
1628 5232 1964 5299 Boherellus,
2025 5234 2106 5306 τῷ

543 5295 1071 5361 ἀνασκολοπίζεσθαι.

617 5366 726 5461 (88)
775 5366 831 5421 lu
879 5380 1036 5421 antea
1090 5369 1246 5423 editis
1291 5369 1443 5425 deest
1490 5372 1567 5439 δέ,
1616 5372 1758 5440 quod
1813 5374 2108 5429 restituunt

545 5445 726 5578 ms(38.9)
758 5504 909 5578 Mss_.,
938 5508 1493 5578 προκατειλεγμένων.
1557 5510 1711 5565 Lihb.
1744 5520 1904 5565 antea
1946 5513 2099 5575 editi,

546 5573 994 5645 κατειλεγμένωνξ
1051 5577 1170 5630 Mox
1222 5573 1315 5643 pro
1353 5580 1455 5631 τίνι
1486 5580 1541 5632 δὲ
1568 5581 1660 5633 καὶ
1688 5580 1935 5645 ἕπεσθαι,
1967 5573 2101 5635 mal;

547 5641 653 5696 lem
687 5641 1127 5700 cum-Boherello
1172 5641 1277 5699 τίσι
1324 5648 1377 5700 δὲ
1425 5651 1517 5702 καὶ
1565 5650 1810 5705 ἕπεσθαι.
1878 5641 2099 5714 Ibidem.

2209 4479 2383 4543 ἕξεσιν
2430 4480 2648 4534 ἰδιωτῶν
2692 4482 2899 4553 ἀνδρῶν
2932 4485 3027 4536 καὶ
3070 4484 3456 4560 ἁπλουστέρων
3480 4483 3713 4555 γυναικῶν.

2211 4567 2435 4621 οἰκετῶν
2462 4585 2540 4633 τε,
2568 4572 2661 4623 καὶ
2686 4571 3018 4636 ἁπαξαπλῶς
3038 4574 3148 4628 τῶν
3176 4578 3281 4631 ὑπὸ
3306 4577 3517 4649 μηδενὸς
3535 4577 3563 4646 ἢ
3582 4570 3714 4642 Ἰησΰῦ

2211 4659 2372 4728 μόνου
2418 4660 2826 4732 βεϐοηθημένων
2873 4665 3011 4738 πρὸς
3052 4668 3113 4721 τὸ
3154 4670 3233 4732 ὡς
3272 4669 3519 4741 ἐνεχώρει
3558 4666 3715 4736 βέλτιον

2208 4750 2402 4814 αὐτοὺς
2430 4751 2577 4821 βιοῦν
2612 4754 2749 4824 μετά
2775 4755 3059 4829 δογμάτων
3104 4754 3180 4814 ὧν
3211 4760 3460 4815 ἐδύναντο
3485 4758 3595 4829 περὶ
3616 4750 3718 4809 9εοῦ

2206 4845 2403 4912 χωρεῖν
2423 4860 2437 4908 ;

2276 4928 2411 4986 Εἶτα
2448 4935 2584 5005 μετά
2614 4936 2804 5003 ταῦτα,
2847 4940 2923 5004 ὡς
2964 4942 3057 4994 ἐπὶ
3101 4944 3480 5018 ἐνεργέστερον
3516 4942 3718 4995 διδάσκα-

2204 5098 2412 5178 ὼςοιὶκ
2457 5101 2847 5178 ἁπρρήσοντας,
2876 5106 3069 5178 Quieto
3099 5108 3385 5162 delendum
3413 5108 3596 5178 videtur
3618 5099 3716 5178 alia,

2208 5168 2309 5245 nisi
2339 5168 2497 5245 forte,
2528 5168 2720 5245 inquit.
2764 5190 2859 5242 pro
2885 5173 3281 5245 ἀπορήσοντας,
3336 5173 3635 5231 scribendum
3656 5169 3721 5219 sit

2207 5236 2629 5323 εὐπορῄσοντας.
2667 5236 3124 5323 Ρύξιίουιιηιιόὖκ
3168 5236 3421 5303 Gelenius
3470 5261 3559 5300 non
3581 5252 3721 5308 θεου-

2208 5309 2334 5377 scit.
2377 5308 2486 5377 Ego
2515 5313 2848 5366 retinendam
2887 5329 3105 5371 censeo.

2281 5376 2390 5451 (90)
2427 5376 2643 5451 ᾈὺτοῖς
2688 5382 2967 5451 ὀνόματα.
3024 5384 3217 5440 Melius
3275 5387 3407 5442 forte
3451 5386 3574 5451 legas
3608 5390 3719 5451 σιω

2210 5444 2511 5525 ῥοῇσι-6110,
2563 5444 2741 5525 αύτῷν
2768 5444 2833 5505 τὰ
2856 5453 3113 5525 ὀνόματα.
3178 5456 3343 5511 Paulo
3374 5465 3479 5525 post
3496 5444 3723 5507 Haasch-

2211 5515 2330 5595 lius
2347 5517 2401 5595 in
2436 5528 2583 5595 t_extu
2615 5515 3109 5595 liabet,_dopiotoug
3136 5515 3494 5595 ἀποφαίνεται.

2281 5584 2390 5670 (9.1)
2426 5588 2567 5667 Περὶ
2612 5589 2748 5644 τῶν.
2780 5584 2929 5648 ἸΙειξό
2983 5584 3178 5651 absunt
3231 5584 3270 5650 θ’
3307 5596 3452 5652 codd.
3491 5598 3625 5670 Regio
3664 5602 3729 5646 et

2209 5651 2520 5711 BaSileensiI
