3846 6406
463 350 602 406 1483

1922 350 2255 412 ὉΒΙΟΕΝΙΒ

3559 360 3661 419 us:

460 466 780 522 inuominati
809 475 858 522 et
888 467 1044 534 primi
1074 484 1374 538 caperemus
1397 470 1682 526 notionem.
1714 472 1782 527 At
1811 489 1908 528 nos
1928 491 2021 528 nou:

2133 477 2191 530 δὲ
2215 475 2273 528 οὐ
2319 475 2477 546 μόνον
2507 473 2596 528 τὸν
2624 473 2755 528 Θεὸν
2789 475 3032 548 ἄρρητον
3063 469 3201 529 εἷναί
3230 492 3431 547 φαμεν,
3457 479 3574 533 ἀλλὰ
3595 484 3664 537 ad;

466 561 628 616 modo
658 561 826 615 Deum
868 559 1194 616 ineﬂ'abilem
1237 577 1358 617 esse
1394 576 1704 629 censemus,
1740 565 1834 621 sed
1865 567 2030 621 etiam

464 651 566 704 alia
595 665 714 719 quae
748 651 864 720 ipso
897 651 1152 707 inferiora
1175 664 1324 707 sunt.
1357 653 1481 709 ιιωε
1509 653 1705 710 Paulus
1726 657 2032 727 exprimere

461 754 692 798 conatus
719 753 802 798 est
847 744 930 798 his
968 745 1152 800 verbis
1185 761 1201 798 :
1233 745 1424 800 Audivi
1463 763 1659 801 arcana
1695 749 1868 815 verba,
1915 766 2031 814 qua:

462 851 569 888 nm
607 834 721 888 licet
763 833 965 889 homini
1009 836 1153 905 loqui
1185 837 1265 904 ";
1303 837 1392 892 ubi
1426 839 1613 894 audire
1647 839 1787 893 idem
1832 849 1916 894 est
1968 857 2032 896 ac

461 923 775 994 intelligere,
805 926 1261 993 quemadmodum
1309 927 1361 981 in
1412 928 1514 983 hoc
1544 927 1704 983 loco:
1741 929 1846 994 Qui
1878 930 2028 986 habet

459 1033 615 1071 aures
639 1017 912 1084 audiendi,
945 1019 1127 1072 audiat
1157 1020 1225 1074 θ’.
1259 1018 1496 1076 Dicimus
1524 1022 1689 1076 etiam
1717 1038 1814 1078 nos
1847 1022 2032 1079 videre

460 1111 796 1166 conditorem
827 1119 880 1164 et
920 1119 1129 1179 patrem
1155 1107 1319 1177 hujus
1359 1110 1601 1167 universi
1634 1126 1754 1168 esse
1792 1113 2028 1171 dillicile.

461 1201 689 1258 Videtur
714 1210 915 1268 tamen,
940 1203 1082 1270 quod
1105 1201 1295 1272 probat
1329 1217 1434 1257 non
1463 1204 1634 1258 solum
1661 1205 1801 1259 istud
1837 1222 1851 1259 :
1879 1204 2030 1260 Beati

457 1295 654 1349 mundo
699 1295 884 1360 corde,
925 1295 1174 1366 quoniam
1208 1295 1310 1362 ipsi
1357 1294 1524 1349 Deum
1569 1297 1810 1350 videbunt
1853 1300 1902 1363 ¹;
1938 1298 2031 1352 sed

456 1386 622 1440 etiam
655 1386 756 1441 hoc
803 1386 871 1439 ab
901 1375 1131 1455 imagine
1162 1385 1446 1440 invisibilis
1475 1385 1570 1440 Dei
1600 1387 1804 1440 dictum
1839 1390 1882 1442 ¹.
1925 1387 2030 1453 Qui

2133 566 2295 637 ’έτερα
2329 564 2439 619 τῶν
2487 566 2604 635 μετ’
2637 565 2830 619 αὐτόν’
2882 565 3028 636 ᾶπερ
3064 566 3396 637 βιασάμενος
3435 568 3463 619 ὁ
3499 569 3664 636 Παῦλος

2137 661 2376 732 σημῆναι
2419 677 2550 731 φησι
2591 661 2672 726 τὸ,
2705 662 2981 715 Ἤκουσα
3018 652 3244 729 ἄρρητα
3267 661 3662 731 ῥήματα,ἀοῠκ

2132 753 2277 818 ἐξὸν
2323 752 2616 821 ἀνθρώπῳ
2667 752 2961 821 λαλῆσαι,
3003 752 3082 824 τῷ
3126 754 3396 822 ἤκουσεν
3445 756 3553 808 ἀντὶ
3591 757 3663 809 τοῦ

2133 841 2370 911 συνῆκε
2421 843 2784 914 χρησάμενος,
2839 842 3100 910 ἀνάλογον
3146 843 3246 912 τῷ,
3313 843 3366 894 '0
3393 842 3538 910 ἔχων
3574 838 3665 896 ὦτα

2131 935 2374 988 ἀκούειν
2411 932 2692 988 ἀκουέτω.
2725 934 2824 986 Τὸν
2855 934 3084 1005 ποιητὴν
3114 934 3178 1005 δὴ
3219 935 3315 987 καὶ
3358 936 3560 1007 Πατέρα
3592 936 3662 989 τοῦ

2133 1026 2335 1090 παντὸς
2365 1028 2529 1097 ἡμεῖς
2570 1042 2749 1096 φαμεν
2777 1025 2940 1097 ἔργον
2973 1025 3119 1079 ἰδεῖν.
3151 1025 3415 1078 Βλέπεται
3439 1026 3492 1078 δὲ
3516 1028 3564 1078 οὐ
3590 1028 3661 1097 μό-

2131 1136 2220 1172 νον
2251 1118 2392 1172 κατὰ
2444 1119 2526 1183 τὸ,
2562 1117 2848 1185 Μακάριοι
2885 1120 2938 1171 οὶ
2972 1117 3218 1185 καθαροὶ
3249 1117 3324 1184 τῇ
3353 1118 3564 1187 καρδίᾳ,
3597 1120 3662 1172 ὅτι

2131 1211 2297 1264 αὐτοὶ
2332 1210 2439 1264 τὸν
2477 1211 2626 1265 Θεὸν
2657 1211 2941 1280 ὄψονται·
2979 1208 3116 1262 ἀλλά
3157 1212 3252 1263 καὶ
3295 1208 3436 1263 κατά
3467 1211 3522 1263 τὸ
3543 1211 3661 1280 λεγό-

2135 1319 2293 1374 μενον
2317 1303 2538 1374 ὑπὸτῆς
2576 1303 2780 1366 εἰκόνος
2821 1300 2918 1355 τοῦ
2959 1300 3193 1373 ἀοράτου
3229 1301 3366 1354 Θεοῦ
3405 1303 3460 1355 ὲν
3493 1302 3576 1372 τῷ,
3614 1303 3660 1355 '0

2130 1394 2399 1464 ἑωρακὼς
2431 1395 2537 1466 ἐμὲ
2581 1395 2802 1464 ἑώρακε
2830 1395 2937 1448 τὸν
2975 1395 3206 1462 Πατέρα
3249 1395 3354 1447 τὸν
3393 1395 3662 1463 πέμψαντά

455 1479 584 1534 vidit
613 1495 720 1545 me,
771 1480 897 1532 vidit
928 1487 974 1532 et
1019 1477 1230 1532 Patrem
1263 1479 1353 1548 qui
1397 1495 1476 1533 me
1521 1480 1662 1552 misit
1695 1479 1733 1531 ³.
1774 1479 1850 1533 lbi
1882 1481 2021 1534 enim

2127 1507 2220 1559 με.
2259 1489 2345 1542 Ἐν
2365 1488 2575 1550 τούτοις
2600 1487 2707 1559 γὰρ
2731 1487 2909 1549 οὐδεὶς
2948 1486 3012 1540 ἂν
3049 1486 3175 1539 νοῦν
3202 1486 3342 1556 ἔχων
3367 1488 3582 1557 φήσειεν,
3602 1489 3662 1540 ὅτι

457 1585 616 1625 nemo
641 1585 776 1624 sana
808 1580 989 1624 mente
1027 1569 1225 1625 dixerit
1270 1568 1453 1624 Jesum
1479 1569 1545 1623 ad
1577 1569 1836 1624 sensibile
1872 1586 2027 1624 suum

454 1671 508 1716 et
539 1662 851 1717 hominibus
893 1662 1246 1732 conspicuum
1297 1677 1499 1733 corpus
1552 1662 1812 1718 retulisse
1863 1663 2022 1718 haec:

457 1753 562 1819 Qui
594 1754 723 1808 vidit
754 1771 854 1818 me,
887 1753 1014 1807 vidit
1031 1764 1076 1807 et
1100 1752 1314 1808 Patrem
1342 1755 1431 1824 qui
1464 1771 1544 1806 me
1576 1754 1740 1808 misit.
1772 1755 2027 1824 Alioquin

2130 1578 2417 1648 ἀναφέρων
2449 1576 2624 1629 ταῦτα
2653 1579 2681 1630 ὁ
2721 1575 2929 1646 Ἰησοῦς
2950 1576 3042 1628 ἐπὶ
3065 1575 3126 1628 τὸ
3148 1575 3405 1645 αἰσθητὸν
3429 1577 3571 1630 αὐτοῦ
3594 1577 3664 1630 καὶ

2133 1670 2458 1740 βλεπόμενον
2496 1672 2608 1731 τοῖς
2644 1666 2952 1738 ἀνθρώποις
2981 1667 3140 1739 σῶμα
3170 1665 3290 1721 εῐπε
3322 1666 3404 1731 τὸ,
3447 1668 3504 1721 '0
3525 1670 3663 1737 ἑωρα·

2130 1762 2248 1826 κὼς
2284 1761 2387 1830 ἐμὲ
2425 1759 2643 1826 ἑώρακε
2679 1759 2782 1811 τὸν
2817 1758 3048 1826 Πατέρα
3093 1758 3200 1811 τὸν
3237 1759 3544 1828 πέμψαντά
3571 1775 3658 1828 με·

455 1857 511 1900 et
543 1845 634 1915 qui
658 1845 964 1899 clamabant
997 1861 1008 1893 :
1049 1844 1331 1916 Cruci/iga,
1371 1845 1616 1916 cruciﬁge
1640 1863 1760 1900 eum
1775 1846 1822 1916 ⁵,
1857 1858 1908 1902 et
1937 1847 2021 1903 Γί-

2131 1852 2343 1906 έσονται
2366 1851 2476 1922 γὰρ
2509 1850 2648 1904 κατά
2675 1849 2832 1907 τοῦτο
2872 1849 3180 1919 ἑωρακότες
3212 1849 3304 1902 τὸν
3339 1850 3540 1921 Πατέρα
3560 1849 3660 1902 Θεὸν

457 1941 599 1992 latus
647 1938 739 2007 qui
787 1947 1113 2009 potestatem
1161 1939 1212 1991 in
1270 1938 1561 1992 humanam
1608 1939 1730 2008 ejus
1777 1949 2027 1997 naturam

455 2040 760 2100 acceperat,
789 2031 956 2084 Deum
986 2029 1201 2084 Patrem
1230 2030 1524 2096 vidissent;
1557 2033 1703 2101 quod
1731 2033 2026 2088 absurdum

453 2132 558 2179 est.
598 2121 802 2177 Deinde
833 2121 976 2176 istud
1003 2136 1013 2168 :
1050 2119 1153 2186 Qui
1186 2121 1312 2175 vidit
1338 2137 1440 2186 me,
1465 2123 1594 2177 vidit
1627 2133 1674 2176 et
1703 2122 1916 2178 Patrem
1940 2126 2027 2195 qui

453 2231 535 2270 me
565 2214 767 2278 misit",
800 2231 904 2268 non
923 2230 1044 2270 esse
1071 2215 1358 2283 vulgatiori
1383 2231 1546 2271 sensu
1573 2217 1984 2288 intelligendum
2008 2259 2024 2284 ,

454 2304 634 2375 palam
665 2319 727 2359 ex
759 2320 824 2359 eo
853 2313 958 2370 est,
987 2306 1128 2376 quod
1153 2305 1403 2375 Philippo
1433 2307 1639 2361 dictum
1673 2306 1772 2362 fuit
1800 2327 1812 2362 :
1858 2306 2026 2362 Tanto

454 2409 684 2471 tempore
707 2402 972 2455 vobiscum
1006 2418 1142 2466 sum,
1185 2413 1235 2455 ct
1281 2417 1385 2455 non
1428 2402 1716 2472 cognouisti
1766 2419 1868 2466 me,
1896 2401 2027 2456 Plii-

453 2494 593 2565 lippe
625 2494 691 2548 ‘?
717 2495 857 2564 quod
903 2494 980 2548 illi
1014 2495 1216 2550 dictum
1251 2504 1354 2558 est,
1397 2503 1682 2562 postquam
1716 2493 2027 2562 postulave-

453 2598 541 2641 rat
562 2595 618 2641 et
643 2586 896 2642 dixerat:
940 2584 1168 2640 Ostende
1190 2585 1338 2639 nobis
1372 2583 1610 2647 Patrem,
1644 2594 1693 2638 et
1721 2585 1904 2654 sufficit
1932 2601 2027 2638 no-

452 2681 532 2734 bis
550 2679 592 2732 ⁷.
621 2677 883 2748 Quisquis
912 2677 1078 2749 igitur
1127 2679 1338 2732 noverit
1366 2678 1639 2745 quomodo
1679 2675 1783 2732 ista
1811 2677 1974 2731 verba
2004 2693 2020 2730 :

459 2769 688 2827 Verbum
715 2787 838 2825 curo
869 2771 1068 2840 [actum
1094 2779 1170 2824 est
1193 2770 1241 2837 ⁸,
1270 2768 1616 2837 intelligenda
1661 2769 1774 2824 sint
1803 2769 1870 2825 de
1898 2772 2022 2824 uni-

451 2862 637 2934 genito
668 2861 759 2916 Dei
798 2859 1100 2926 FiliO'Deo,
1137 2861 1500 2930 primogenito
1521 2861 1699 2916 omnis
1720 2869 2020 2927 creatur-az;

453 2955 544 3010 ille
574 2952 739 3008 etiam
770 2952 910 3006 sciet
943 2953 1218 3022 quomodo
1247 2953 1338 3022 qui
1379 2953 1575 3007 viderit
1605 2951 1892 3008 invisibilis
1928 2951 2023 3007 Dei

454 3047 771 3116 imaginem,
801 3044 847 3099 is
874 3043 1040 3115 hujus
1063 3045 1303 3101 universi
1339 3044 1676 3101 conditorem
1722 3053 1778 3100 et
1805 3052 2020 3114 patrem

451 3147 766 3209 cognoscet.

2135 1946 2230 1999 καὶ
2271 1944 2468 2006 πάντες
2491 1943 2540 1995 οἱ
2592 1942 2860 2009 λέγοντες.
2886 1941 3182 2009 Σταύρου,
3206 1942 3468 2009 σταύρου
3497 1942 3659 2006 αὐτόν,

2136 2038 2230 2090 καὶ
2265 2039 2292 2090 ὁ
2326 2035 2576 2103 ἐξουσίαν
2617 2033 2757 2087 κατά
2791 2033 2888 2086 τοῦ
2926 2033 3267 2106 ἀνθρωπίνου
3310 2033 3470 2087 αὑτοῦ
3499 2035 3564 2105 (Ξ)
3589 2037 3659 2088 II:-

2134 2128 2292 2191 λάτος
2324 2125 2500 2180 λαϐών
2521 2143 2532 2155 ·
2560 2127 2693 2196 ὅπερ
2724 2125 2868 2176 ἐστὶν
2904 2125 3121 2178 ἄτοπον.
3154 2126 3275 2178 Ὅτι
3321 2125 3379 2178 δὲ
3402 2121 3480 2189 τὸ,
3513 2125 3557 2176 '0
3581 2125 3658 2177 tu.

2126 2220 2328 2290 ρακὼς
2363 2220 2466 2290 ἐμὲ
2488 2218 2710 2287 ἑώρακε
2742 2218 2848 2271 τόν
2873 2216 3104 2285 Πατέρα
3130 2218 3236 2270 τὸν
3262 2216 3561 2286 πέμψαντά
3583 2233 3656 2285 με,

2133 2315 2233 2368 οὐκ
2273 2314 2364 2366 ἐπὶ
2403 2312 2500 2383 τὴν
2548 2309 2860 2382 κοινοτέραν
2897 2310 3122 2380 ἐκδοχὴν
3154 2309 3505 2380 ἀναφέρεταιο
3537 2308 3654 2378 δῆλον

2133 2407 2197 2460 ὲκ
2221 2404 2315 2458 τοῦ
2341 2403 2591 2477 εἰρῆσθαι
2622 2402 2700 2473 τῷ
2725 2401 2996 2471 Φιλίππῳ⁸
3020 2400 3319 2454 Τοσοῦτον
3338 2402 3543 2469 χρόνον
3559 2399 3654 2468 μεθ’

2130 2496 2298 2568 ὑμῶν
2324 2499 2474 2566 ειμι,
2512 2494 2612 2550 καὶ
2643 2497 2754 2549 οὐκ
2800 2491 3070 2564 ἔγνωκάς
3090 2509 3188 2561 με,
3227 2493 3512 2554 sibilet-ure;
3536 2488 3658 2542 τοῦτο

2129 2590 2176 2644 δ’
2235 2591 2454 2660 εἴρηκεν
2511 2586 2660 2657 αὑτῷ
2707 2585 3001 2652 ἀξιώσαντι
3061 2585 3156 2636 καὶ
3187 2583 3436 2652 λέγοντι·
3492 2581 3656 2645 Δεῖξον

2131 2681 2275 2750 ἡμῖν
2310 2681 2417 2734 τὸν
2448 2678 2698 2747 Πατέρα,
2741 2679 2839 2732 καὶ
2875 2677 3048 2746 ἀρκεῖ
3073 2676 3236 2746 ἡμῖν.
3263 2678 3474 2747 Νοήσας
3493 2693 3564 2738 τις
3583 2669 3657 2727 οῦν

2131 2773 2248 2836 πῶς
2270 2773 2351 2826 δεῖ
2375 2772 2593 2825 ἀκούειν
2619 2771 2746 2841 περὶ⁵
2769 2768 3094 2840 μονογενοῦς
3118 2768 3256 2822 Θεοῦ
3280 2769 3406 2821 Υἱοῦ
3431 2766 3515 2821 τοῦ
3527 2765 3654 2827 Θεοῦ,

2128 2864 2222 2919 τοῦ
2252 2863 2593 2934 πρωτοτόκου
2630 2861 2808 2932 πάσης
2837 2860 3083 2924 κτίσεως,
3125 2861 3313 2914 καθότι
3353 2862 3379 2912 ὁ
3413 2859 3552 2928 λόγος
3584 2859 3656 2926 γέ-

2129 2971 2252 3026 γονε
2277 2952 2434 3024 σὰρξ,
2461 2953 2647 3022 ὄψεται
2676 2952 2792 3015 πῶς
2819 2951 2943 3006 ἰδών
2969 2969 3052 3015 τις
3085 2953 3184 3024 τὴν
3219 2952 3400 3006 εἰκόνα
3420 2951 3504 3004 τοῦ
3525 2949 3659 3020 ἀορὰ-

2125 3063 2220 3101 του
2251 3043 2385 3098 Θεοῦ
2405 3043 2672 3113 γνώσεται
2698 3043 2788 3096 τὸν
2815 3043 3026 3114 πατέρα
3055 3043 3130 3114 (ὅ)
3161 3044 3256 3096 καὶ
3293 3045 3508 3116 ποιητὴν
3532 3041 3657 3095 τοῦδε

2127 3137 2221 3193 τοῦ
2255 3136 2472 3200 παντός.

520 3232 610 3287 Η.
641 3231 828 3287 Celsus
851 3232 1066 3303 quidem
1101 3239 1253 3300 putat
1281 3232 1448 3288 Deum
1475 3232 1732 3303 cognosci
1755 3239 1847 3287 aut
1873 3246 2021 3287 com-

2198 3229 2403 3292 Κέλσος
2439 3229 2539 3298 μὲν
2568 3222 2658 3281 οὖν
2691 3229 2808 3299 ἦτοι
2839 3230 2905 3299 τῇ
2943 3227 3189 3281 συνθέσει
3222 3231 3288 3298 τῇ
3323 3227 3412 3280 ἐπὶ
3441 3226 3504 3279 τὰ
3529 3224 3658 3290 ἄλλα,

405 3387 413 3404 χ
449 3326 700 3398 ponenda
729 3325 852 3395 ejus
877 3325 1099 3379 notione
1113 3339 1180 3379 ex
1207 3325 1433 3380 aliarum
1473 3340 1658 3381 rerum
1683 3324 2020 3391 unctionibus,

453 3429 513 3473 ut
551 3426 837 3489 geometrze
869 3416 1074 3472 iaciunt
1109 3432 1208 3487 per
1255 3431 1408 3472 suam
1441 3432 1600 3486 quam
1652 3425 1845 3471 vocant
1887 3432 2022 3470 com-

453 3513 801 3582 positionem;
849 3520 948 3564 aut
975 3510 1066 3563 illa
1117 3510 1185 3565 ab
1217 3509 1338 3564 aliis
1374 3510 1542 3580 726
1569 3509 1895 3579 separanda,
1929 3516 2023 3562 aut

453 3602 705 3673 analogia
750 3616 869 3670 qua
897 3600 1004 3655 illis
1027 3601 1216 3655 iisdem
1241 3600 1298 3654 in
1335 3616 1440 3656 usu
1469 3611 1583 3668 est;
1617 3609 1672 3655 et
1717 3601 1794 3655 sic
1828 3600 2018 3654 saltem

449 3695 657 3748 aditum
681 3694 747 3747 ad
770 3707 1039 3748 summum
1061 3693 1261 3746 bonum
1287 3691 1528 3762 patefieri
1557 3707 1734 3761 posse.
1766 3691 1871 3746 Sed
1895 3691 2024 3746 Ver-

451 3790 582 3844 bum
615 3789 730 3852 Dei,
761 3803 884 3842 cum
908 3787 1028 3840 ait:
1064 3783 1234 3839 Nemo
1269 3787 1410 3840 novit
1443 3786 1656 3839 Patrem
1688 3786 1788 3839 nisi
1819 3783 2017 3848 Filius,

447 3884 499 3930 et
521 3877 607 3930 cui
636 3875 812 3930 F.lius
847 3874 1208 3939 revelaverit’,
1239 3874 1404 3928 Deum
1434 3874 1613 3928 divina
1643 3875 1874 3943 quadam
1904 3889 2022 3945 gra-

451 3969 524 4022 tia
552 3970 744 4024 anima:
771 3983 877 4022 non
905 3967 1028 4021 sine
1073 3966 1332 4036 singulari
1362 3967 1456 4020 Dei
1493 3966 1776 4032 beneticio,
1818 3969 1916 4020 sed
1939 3968 2022 4020 di-

448 4063 576 4115 vino
603 4062 835 4131 quodam
868 4059 1049 4115 alllatu
1094 4059 1410 4128 ingenerata
1453 4057 1704 4128 cognosci
1753 4056 2016 4113 declarat.

448 4153 546 4211 Est
571 4155 715 4208 enim
751 4152 1031 4223 probabile
1057 4151 1148 4206 Dei
1182 4149 1548 4218 cognitionem
1583 4149 1728 4204 vires
1770 4149 2019 4204 humanm

447 4256 656 4302 natura:
687 4261 948 4317 superare
1000 4243 1166 4317 (quod
1200 4243 1418 4314 quidem
1469 4243 1608 4310 apud
1658 4241 1906 4297 homines
1940 4252 2018 4296 tot

443 4339 722 4394 erroribus
749 4339 814 4392 de
850 4337 958 4392 Deo
986 4337 1166 4391 locum
1207 4331 1399 4403 dedit),
1435 4333 1528 4387 sed
1563 4333 1654 4386 Dei
1698 4334 1938 4387 bonitate
1965 4341 2021 4386 et

443 4422 562 4492 ejus
588 4424 641 4478 in
681 4423 928 4478 homines
963 4437 1167 4486 amore,
1207 4421 1440 4475 miriliea
1473 4430 1525 4474 et
1549 4422 1815 4476 divininre
1845 4421 2017 4490 gratia

445 4514 669 4570 concedi
702 4513 793 4580 iis,
830 4527 968 4583 quos
1003 4513 1143 4569 Deus
1177 4512 1518 4582 praescientia
1564 4512 1811 4581 prmvidit
1850 4513 2014 4566 vitam

443 4607 684 4662 victuros
707 4605 925 4676 cognito
960 4605 1076 4674 ipso
1107 4605 1346 4674 dignam,
1378 4613 1432 4658 et
1459 4603 1712 4672 pietatem
1741 4605 1797 4657 in
1841 4605 2014 4674 ipsum

2125 3323 2386 3390 ἀνάλογον
2417 3324 2483 3392 τῇ
2521 3321 2674 3392 παρά
2697 3323 2810 3385 τοῖς
2841 3320 3183 3392 γεωμέτραις
3219 3320 3512 3392 καλουμένῃ
3539 3332 3660 3371 συγ-

2124 3417 2309 3478 θέσει,
2338 3416 2371 3486 ἢ
2398 3417 2463 3485 τῇ
2495 3416 2604 3469 ἀπὸ
2647 3414 2754 3467 τῶν
2784 3414 2956 3468 ἄλλων
2997 3413 3277 3476 ἀναλύσει,
3317 3413 3348 3484 ἦ
3376 3414 3462 3466 καὶ
3496 3412 3656 3464 ἀναλο-

2124 3509 2218 3580 γίᾳ
2249 3507 2322 3577 (4)
2358 3506 2618 3574 ἀνάλογον
2649 3509 2714 3576 τῇ
2747 3505 2899 3577 παρά
2926 3508 3037 3569 τοῖς
3066 3507 3252 3568 αὐτοῖς
3282 3505 3544 3574 ἀναλογία,
3570 3505 3656 3554 os-

2122 3615 2210 3651 ται
2240 3596 2642 3665 γιγνώσκεσθαι
2673 3596 2763 3649 τὸν
2802 3595 2955 3658 Θεὸν,
3005 3595 3098 3648 ἐπὶ
3125 3595 3194 3648 τά
3237 3595 3472 3667 πρόθυρα
3501 3595 3542 3645 εἰ
3571 3594 3658 3662 ἀρα

2122 3691 2215 3744 τοῦ
2247 3688 2455 3758 ἀγαθοῦ
2488 3689 2788 3760 δυναμένου
2816 3688 2962 3751 τινὸς
2988 3687 3165 3752 οὕτως
3200 3688 3403 3741 έλθείνο
3441 3690 3468 3740 ὁ
3506 3687 3556 3738 δὲ
3580 3683 3658 3736 τοῦ

2122 3781 2256 3838 Θεοῦ
2283 3781 2455 3850 Λόγος
2481 3779 2670 3844 εἰπὼν,
2703 3780 2914 3847 Οὐδεὶς
2941 3780 3093 3850 ἔγνω
3133 3781 3242 3834 τόν
3270 3780 3488 3848 Πατέρα
3513 3780 3557 3832 εί
3586 3775 3656 3844 μὴ

2122 3877 2156 3929 ό
2195 3873 2344 3940 Υἱὸς,
2390 3869 2488 3925 καὶ
2533 3865 2582 3938 ᾧ
2622 3871 2698 3926 ἂν·
2739 3875 2772 3926 ὁ
2820 3871 2951 3937 Υἱὸς
2995 3872 3388 3940 ἀποκαλύψῃ,
3431 3871 3537 3940 θείᾳ⁴
3571 3866 3660 3920 τινὶ

2122 3965 2324 4035 χάριτι,
2369 3962 2469 4015 οὐκ
2508 3961 2658 4015 ἀθεεὶ
2702 3961 3027 4032 ἐγγινομένη
3069 3963 3135 4032 τῇ
3179 3961 3343 4032 ψυχῇ,
3384 3958 3508 4013 ἀλλὰ
3545 3954 3660 4027 μετά

2121 4073 2264 4118 τινος
2298 4052 2715 4124 ἐνθουσιασμοῦ,
2761 4052 3124 4122 ἀποφαίνεται
3169 4050 3550 4122 γιγνώσκεσθαι
3584 4048 3658 4099 τὸν

2120 4147 2272 4201 Θεὸν.
2308 4145 2417 4199 Καὶ
2442 4146 2555 4218 γὰρ
2582 4145 2728 4207 εἰκὸς
2759 4143 2980 4214 μείζονα
3009 4144 3108 4215 μὲν
3138 4145 3171 4215 ἣ
3199 4144 3338 4198 κατὰ
3362 4144 3452 4214 τὴν
3477 4141 3657 4211 ἀνθρω-

2122 4240 2283 4310 πίνην
2318 4238 2479 4308 φύσιν
2511 4235 2647 4292 εἶναι
2675 4238 2773 4308 τὴν
2797 4237 2997 4305 γνῶσιν
3035 4236 3128 4290 τοῦ
3185 4236 3319 4289 Θεοῦ
3377 4236 3480 4307 (διὸ
3502 4235 3580 4288 καὶ
3602 4231 3658 4284 τὰ

2120 4330 2358 4383 τοσαῦτα
2388 4331 2519 4401 παρ’
2552 4329 2857 4400 ἀνθρώποις
2895 4330 3011 4382 ἐστὶ
3043 4329 3174 4398 περὶ
3200 4328 3333 4382 Θεοῦ
3373 4327 3654 4397 σφάλματα)

2121 4422 2448 4493 χρηστότητι
2489 4422 2546 4475 δὲ
2590 4421 2682 4474 καὶ
2723 4420 3098 4492 φιλανθρωπία
3129 4421 3224 4474 τοῦ
3266 4420 3418 4485 Θεοῦ,
3461 4421 3542 4473 καὶ
3568 4433 3655 4468 πα-

2125 4513 2332 4585 ραδόξῳ
2363 4515 2458 4567 καὶ
2505 4513 2751 4586 θειοτέρα
2793 4515 2994 4585 χάριτι,
3028 4513 3250 4582 φθάνειν
3291 4514 3385 4584 τὴν
3425 4512 3508 4565 τοῦ
3542 4505 3655 4562 Θεοῦ

2121 4605 2322 4674 γνῶσιν
2345 4605 2440 4657 ἐπὶ
2467 4608 2593 4669 τοὺς
2624 4603 2927 4675 προγνώσει
2956 4604 3091 4658 θεοῦ
3121 4601 3654 4676 προκαταληφθέντας,

445 4713 718 4768 nunquam
754 4697 1181 4763 adultereturos,
1215 4695 1432 4751 etiamsi
1461 4711 1608 4749 mors
1647 4696 2017 4750 intentaretur

2127 4699 2202 4750 ὅτι
2235 4695 2398 4760 ἀξίως
2435 4696 2690 4766 βιώσουσι
2718 4695 2812 4748 τοῦ
2845 4695 3208 4766 ἐγνωσμένου,
3244 4694 3481 4764 οὐδαμῶς
3509 4704 3650 4760 παρα-

446 4791 514 4844 ab
545 4790 632 4854 iis,
673 4789 764 4858 qui
801 4787 935 4858 quid
961 4788 1032 4843 sit
1062 4788 1236 4856 pietas
1268 4787 1441 4856 ignari
1472 4787 1687 4855 quidvis
1717 4787 1862 4842 aliud
1899 4789 2014 4857 pie-

443 4891 609 4934 tatem
643 4895 766 4935 esse
792 4882 1000 4952 lingunt
1026 4895 1089 4934 ac
1119 4879 1288 4948 pietas
1307 4888 1420 4945 est;
1453 4879 1668 4935 etiamsi
1695 4881 2011 4950 perridiculi

441 4985 561 5025 csse
603 4971 940 5025 viderentur.
979 4970 1137 5035 Deus,
1177 4971 1393 5039 opinor,
1442 4985 1564 5024 cum
1600 4970 1808 5024 videret
1849 4985 2011 5039 quam

441 5071 764 5132 arroganter
809 5062 945 5117 alios
991 5071 1402 5116 contemnerent
1456 5062 1558 5125 illi,
1620 5063 1711 5131 qui
1761 5063 2012 5130 quamvis

443 5153 609 5207 Deum
641 5154 962 5224 cognovisse
993 5161 1046 5208 et
1072 5169 1136 5208 ex
1164 5153 1505 5222 philosophia
1539 5167 1627 5208 res
1671 5153 1886 5208 divinas
1933 5155 2015 5208 di-

443 5242 638 5297 dicisse
686 5259 744 5298 se
800 5244 1145 5313 jactitarent,
1183 5244 1251 5299 ad
1284 5244 1578 5300 simulacra
1644 5254 1821 5300 tamen
1853 5255 1906 5301 et
1941 5247 2009 5298 ad

513 5394 556 5425 ³³
583 5391 623 5445 ll
647 5393 770 5447 Cor.
795 5410 892 5460 xu,
913 5395 969 5449 ὦ.
1068 5396 1113 5428 ⁹⁹
1136 5394 1322 5449 Matth.
1341 5407 1412 5458 XI,
1440 5394 1530 5450 15.

440 5460 597 5518 Joan.
623 5477 734 5529 XIX,
759 5462 812 5517 6.
907 5468 928 5499 ⁸
947 5464 1103 5520 Joan.
1126 5469 1239 5530 xiv,
1260 5463 1314 5520 9.
1410 5465 1431 5496 ⁸
1451 5463 1612 5525 Joan.
1641 5483 1752 5536 x1v,
1776 5467 1832 5524 9.

444 5603 589 5729 “uti:
613 5605 838 5728 ἱζξξθρῖοῢ.
878 5607 936 5661 In
969 5617 1126 5664 antea
1149 5610 1310 5667 editis
1338 5614 1627 5683 omittitur,
1668 5615 1762 5672 sed
1794 5616 2007 5686 supple-

513 5746 1016 5826 (5)"01£remt.m3c
1038 5749 1175 5826 ἰδών
1200 5767 1290 5826 τις
1316 5751 1432 5826 τὴν
1467 5755 1668 5826 εἰκόνα
1696 5755 1802 5809 τοῦ
1827 5755 2004 5823 ἀορά-

438 5829 546 5869 του
591 5816 738 5872 Θεοῦ
785 5816 1067 5887 γνώσεται
1094 5819 1198 5874 τὸν
1230 5816 1478 5890 Πατέρα.
1521 5823 1626 5881 Has
1655 5839 1835 5892 voces,
1879 5816 2004 5896 ὄψε-

1632 5398 1648 5429 ¹
1675 5396 1864 5452 Matlh.
1892 5413 1949 5462 v,
1973 5397 2031 5452 8.
2140 5400 2159 5430 ²

1641 5483 1752 5523 xw.
1776 5467 1832 5523 9.
1926 5470 1946 5501 τ
1976 5467 2106 5523 ibid.
2133 5467 2166 5522 8

2119 4787 2485 4858 χαράττοντες
2531 4786 2626 4857 τὴν
2672 4788 2752 4849 εἰς
2783 4785 2946 4839 αὑτὸν
2979 4785 3280 4849 εὐσέϐειαν,
3324 4783 3438 4838 οὔτε
3469 4783 3526 4835 ἂν
3567 4776 3658 4831 ὑπὸ

2121 4881 2230 4934 τῶν
2264 4880 2600 4949 ἀγνοούντων
2628 4880 2656 4932 ὅ
2686 4879 2743 4931 τί
2786 4879 2916 4932 ποτέ
2948 4881 3097 4931 ἐστιν
3142 4878 3405 4939 εὐσέϐεια,
3447 4875 3530 4929 καὶ
3565 4872 3656 4924 πᾶν

2120 4971 2148 5022 ὃ
2169 4971 2221 5023 τί
2255 4966 2470 5023 ποτόῦν
2504 4969 2700 5040 μᾶλλον
2735 4970 3183 5024 ἀναπλαττόντων
3229 4964 3364 5022 εἶναι
3392 4967 3481 5036 τὴν
3522 4960 3654 5016 εὐσέ-

2121 5063 2272 5114 ϐειαν
2298 5062 2330 5132 ἢ
2361 5061 2499 5134 ὅπερ
2532 5060 2734 5133 ὲστὶνή
2763 5061 3030 5126 εὐσέϐεια,
3061 5062 3159 5132 τὴν
3193 5061 3285 5114 ἐπὶ
3308 5060 3506 5126 θανάτῳ
3535 5052 3655 5106 dmi-

2119 5169 2347 5221 γωνται,
2381 5152 2509 5206 οὔτε
2539 5153 2602 5208 ἂν
2645 5154 3167 5221 καταγελαστότατοι
3201 5149 3336 5206 εἶναι
3362 5148 3650 5221 νομίζονται-

2135 5243 2303 5314 Ὀρῶν
2331 5244 2395 5308 δ’,
2439 5242 2616 5316 οἶμαι,
2645 5248 2674 5298 ό
2715 5245 2848 5309 Θεὸς
2887 5245 2979 5298 καὶ
3019 5246 3118 5316 τὴν
3159 5243 3480 5310 ἀλαζονείαν,
3509 5240 3536 5308 ἢ
3568 5234 3655 5305 τὴν

2140 5400 2159 5430 ²
2188 5396 2394 5453 Coloss.
2422 5414 2464 5459 ι,
2494 5399 2577 5454 15.
2677 5399 2696 5429 ³
2719 5397 2875 5453 Joan.
2900 5414 3015 5463 xiv,
3041 5398 3095 5451 9.
3190 5398 3211 5428 ⁵
3233 5397 3358 5452 Luc.
3385 5409 3517 5454 χχιιι,
3566 5387 3650 5449 2|;

2283 5467 2304 5498 ⁸
2326 5465 2487 5522 Joan.
2514 5486 2551 5535 ι,
2580 5469 2665 5522 14.
2741 5471 2761 5500 ⁹
2787 5468 3056 5535 Mattlul,
3080 5468 3169 5525 27.

2116 5632 2226 5677 ται,
2267 5613 2564 5685 γνώσεται,
2605 5614 2837 5670 invicem
2880 5615 3284 5670 transferendus
3321 5619 3454 5680 putat
3488 5604 3654 5659 Bohe-

2117 5687 2640 5826 nl(l«i')s.'Ara.loriq.
2708 5753 2834 5807 ll-ec
2883 5771 2982 5809 vox
3029 5756 3114 5810 hic
3148 5752 3407 5807 abundare
3431 5743 3647 5805 videtur,

2114 5842 2212 5880 nec
2247 5845 2274 5879 a
2309 5827 2540 5883 Gelenio
2573 5826 2908 5895 agnoscitur.
