3846 6406
244 400 363 458 {£89

1372 395 1652 453 CONTRA
1687 393 1963 452 CELSUM
1998 393 2138 452 LIB.
2175 392 2280 451 VII.

3329 384 3467 440 1490

239 521 335 592 (Π)
365 515 620 588 μαθόντες
632 517 736 570 ἀπὸ
755 515 848 570 τοῦ
871 517 1016 571 θείου
1037 517 1234 589 Λόγου,
1258 519 1350 573 καὶ
1372 519 1674 589 ποιοῦντες,
1693 523 1775 576 καλ

1893 535 2030 586 cere,
2055 518 2466 590 persecutionem
2491 515 2604 586 pati
2645 525 2692 570 et
2723 515 3000 584 sustinere,
3035 511 3385 583 blasphemari
3413 519 3464 564 et

239 613 722 682 τὺλοιδορούμενοι
739 612 1036 684 εὐλογεῖν,
1067 613 1413 684 διωκόμενοι
1440 615 1780 684 ἀνέχεσθαι,

237 705 695 775 δυσφημούμενοι
728 704 1128 772 παρακαλεῒν’
1163 697 1312 759 οῦτοι
1358 705 1423 760 ἂν
1470 699 1578 758 εἷεν
1611 705 1660 758 oi
1691 704 1788 768 τὰς

236 798 320 868 τῆς
354 795 522 865 ψυχῆς
577 793 761 865 βάσεις
809 795 1168 868 ὀρθώσαντες,
1212 796 1305 849 καὶ
1332 795 1458 867 ὃλην
1487 795 1583 867 τὴν
1614 795 1790 868 ψυχὴν

233 887 562 958 καθαίροντες
607 888 703 940 καὶ
750 886 1192 958 εὑτρεπίζοντες·
1234 889 1332 958 οὐχ
1371 888 1458 940 ἵνα
1485 887 1660 953 λέξεσι
1697 889 1791 959 μό-

233 996 335 1040 ναις
374 976 553 1031 οὐσίαν
610 977 716 1030 ἀπὸ
766 977 1032 1046 γενέσεως
1080 977 1390 1050 χωρίζωσι,
1457 980 1548 1032 καὶ
1601 979 1789 1050 νοητὸν

231 1069 324 1124 ἀπὸ
364 1067 575 1140 ὁρατοῦ,
606 1069 698 1122 καὶ
727 1068 824 1140 τὴν
874 1069 970 1140 μὲν
1011 1069 1268 1141 ἀλήθειαν
1301 1073 1366 1142 τῇ
1413 1070 1570 1142 οὐσία
1628 1070 1790 1125 συνά-

233 1178 405 1225 πτωσι,
442 1160 542 1230 τὴν
580 1160 637 1213 δὲ
684 1161 822 1230 μετὰ
855 1161 1122 1230 γενέσεως
1168 1161 1376 1234 πλάνην
1411 1163 1573 1217 παντὶ
1604 1162 1789 1234 τρόπῳ

229 1255 478 1322 φεύγωσιο
541 1251 890 1316 σκοποῦντες,
941 1253 1016 1315 ὡς
1064 1253 1287 1325 ἔμαθον,
1318 1255 1378 1307 οὐ
1404 1255 1470 1308 τὰ
1499 1255 1783 1324 γενέσεως,

229 1343 352 1416 ειπερ
403 1344 519 1396 ἐστὶ
573 1343 912 1415 βλεπόμενα,
965 1345 1060 1397 καὶ
1111 1344 1198 1398 διὰ
1247 1344 1402 1399 τοῦτο
1456 1345 1784 1418 πρόσκαιρα,

227 1436 344 1490 ἀλλά
373 1434 436 1488 τὰ
485 1435 804 1507 κρείττονα·
856 1434 954 1488 εἴτ’
998 1435 1184 1489 οὐσίαν
1233 1436 1374 1490 αὑτά
1410 1454 1493 1500 τις
1543 1436 1788 1508 βούλεται

226 1528 409 1593 καλεῖν,
444 1527 577 1589 εἴτε,
627 1525 712 1580 διὰ
757 1527 816 1580 τὸ
860 1527 1024 1598 νοητὰ
1071 1528 1358 1598 τυγχάνειν
1393 1527 1526 1599 (18),
1556 1529 1784 1600 ἀόρατα,

223 1619 337 1683 εἴτε,
382 1619 464 1672 διὰ
497 1619 559 1673 τὸ
594 1619 696 1685 ἔξω
739 1619 1040 1690 αἰσθήσεως
1074 1616 1208 1673 εἶναι
1250 1619 1428 1674 αὐτῶν
1472 1619 1568 1692 τὴν
1602 1620 1783 1691 φύσιν,

225 1711 288 1782 μὴ
318 1709 637 1782 βλεπόμενα.
671 1712 826 1764 Οῦτω
856 1711 911 1764 δὲ
942 1715 1053 1775 τοῖς
1096 1713 1193 1782 τῆς
1224 1712 1492 1781 γενέσεως
1531 1713 1786 1785 ἐνορῶσιν

222 1803 263 1853 οἱ
288 1801 372 1855 τοῦ
404 1802 580 1872 Ἰησοῦ
616 1802 872 1873 μαθηταὶ,
899 1801 1038 1855 ὥστε
1061 1805 1222 1857 οἱονεὶ
1252 1803 1525 1876 ἐπιϐάθρα⁵
1553 1804 1786 1876 χρῆσθαι

220 1893 382 1955 αὐτοῖς
411 1893 547 1963 πρὸς
578 1893 673 1964 τὴν
701 1894 1024 1964 κατανόησιν
1045 1894 1142 1965 τῆς
1165 1894 1273 1947 τῶν
1301 1895 1506 1966 νοητῶν
1538 1895 1777 1965 φύσεως·

223 1986 414 2056 Τίιγαρ
465 1986 692 2054 ἀόρατα
730 1986 834 2041 τοῦ
870 1986 1016 2040 Θεοῦ
1072 1986 1191 2041 ἀπὸ
1227 1988 1477 2056 κτίσεως
1526 1989 1779 2058 κόσμου,

215 2075 439 2127 τουτέστι
473 2075 544 2128 τὰ
584 2075 769 2147 νοητὰ,
805 2076 929 2142 τοῖς
956 2075 1243 2146 ποιήμασι
1266 2079 1582 2148 νοούμενα,
1615 2067 1672 2135 ἐν
1705 2079 1782 2152 τῷ

216 2165 448 2230 νοεῖσθαι,
481 2165 826 2234 καθορᾶται.
874 2169 983 2221 Καὶ
1017 2169 1112 2240 οὐχ
1151 2169 1399 2224 ἵστανταί
1431 2188 1514 2240 γε,
1549 2170 1778 2227 ἀναϐάν--

212 2271 293 2319 τες
329 2256 433 2308 ἀπὸ
464 2256 576 2310 τῶν
618 2255 714 2309 τοῦ
761 2257 968 2328 κόσμου
1005 2259 1338 2330 κτισμάτων,
1371 2260 1428 2314 ἐν
1462 2263 1575 2327 τοῖς
1613 2261 1780 2334 ἀορά-

211 2359 309 2406 τοις
347 2341 438 2397 τοῦ
471 2343 646 2398 Θεοῦ·
685 2344 817 2399 ἀλλὰ
853 2345 962 2417 γὰρ
999 2346 1196 2410 ἱκανῶς
1236 2347 1465 2412 ἐκείνοις
1499 2351 1780 2422 ἐγγυμνα-

213 2433 453 2503 σάμενοι,
491 2437 592 2488 καὶ
630 2435 900 2498 συνιέντες
937 2436 1073 2489 αὐτὰ
1106 2437 1484 2491 ἀναϐαίνουσιν
1530 2440 1622 2494 ἐπὶ
1683 2441 1782 2514 τὴν

210 2522 386 2577 ἀΐδιον
411 2524 674 2594 δύναμιν
704 2525 808 2580 τοῦ
839 2526 1007 2592 Θεοῦ,
1043 2527 1134 2580 καὶ
1165 2527 1497 2592 ἁπαξαπλῶς
1533 2529 1631 2600 τὴν
1667 2529 1783 2584 θεό-

209 2631 330 2685 τητα
353 2616 516 2670 αὑτοῦ
542 2634 555 2646 ·
579 2617 952 2688 ἐπιστάμενοι,
971 2619 1051 2671 ὅτι
1075 2620 1103 2671 ὁ
1124 2620 1220 2690 μὲν
1242 2620 1621 2692 φιλάνθρωπος
1647 2622 1782 2687 Θεὸς

208 2703 296 2774 τὴν
331 2704 590 2775 ἀλήθειαν
628 2706 722 2758 καὶ
755 2707 821 2760 τὸ
848 2707 1066 2762 ἑαυτοῦ
1100 2709 1372 2777 γνωστὸν
1401 2711 1782 2780 ἐφανέρωσεν

207 2796 260 2848 οὐ
288 2796 441 2866 μόνον
471 2801 590 2862 τοῖς
618 2799 996 2870 ἀνακειμένοις
1028 2800 1198 2872 αὐτῷ,
1236 2801 1371 2855 ἀλλὰ
1411 2804 1503 2857 καί
1531 2821 1642 2856 τισι
1677 2804 1782 2870 ἔξω

206 2890 292 2958 τῆς
323 2889 648 2960 εἰλικρινοῦς
682 2890 989 2956 θεοσεϐείας
1023 2894 1117 2946 καὶ
1150 2896 1230 2958 είς
1261 2895 1423 2948 αὐτὸν
1459 2895 1738 2960 εὐσεϐείας
1761 2912 1775 2926 ·

205 2977 332 3040 τινὲς
375 2977 429 3031 δὲ
473 2978 588 3031 τῶν
616 2979 751 3033 Θεοῦ
808 2983 1035 3055 προνοίᾳ
1069 2983 1488 3055 ἀναϐεϐηκότων
1542 2986 1634 3040 ἐπὶ
1681 2986 1779 3058 τὴν

204 3066 299 3118 τῶν
315 3068 650 3138 τηλικούτων
670 3071 866 3140 γνῶσιν
904 3073 1003 3127 οὐκ
1018 3073 1140 3138 ἄξια
1162 3075 1261 3145 τῆς
1285 3075 1532 3144 γνώσεως
1548 3077 1780 3150 δρῶντες

204 3156 467 3222 ἀσεϐοῦσι,
517 3159 619 3213 καὶ
654 3159 768 3228 τὴν
815 3159 1104 3227 ἀλήθειαν
1148 3162 1219 3215 ἐν
1256 3163 1455 3231 ἀδικίᾳ
1495 3163 1780 3234 κατέχου-

202 3264 324 3299 σιν·
366 3249 480 3303 οὔτ’
514 3250 818 3320 ἀπολογίας
856 3253 936 3305 ἔτι
979 3252 1164 3325 χώραν
1199 3254 1293 3306 ἐπὶ
1323 3257 1387 3326 τῇ
1434 3255 1632 3324 γνώσει
1672 3257 1779 3311 τῶν

203 3342 520 3411 τηλικούτων
548 3343 696 3415 ἔχειν
726 3343 1012 3416 δυνάμενοι
1046 3345 1195 3417 παρά
1225 3346 1302 3417 τῷ
1325 3345 1462 3417 Θεῷ.

261 3435 682 3504 Μαρτυροῦνται
739 3436 868 3505 γοῦν
911 3437 1016 3490 ὑπὸ
1069 3436 1160 3489 τοῦ
1213 3436 1359 3490 θείου
1410 3437 1569 3507 λόγου
1613 3441 1660 3492 oi
1709 3439 1779 3494 τὰ

202 3525 340 3596 παρὰ
367 3529 444 3598 τῷ
479 3528 676 3599 Κέλσῳ
718 3529 1014 3600 ἐκκείμενα
1058 3529 1476 3595 καταλαϐόντες,
1513 3531 1608 3584 καὶ
1637 3532 1777 3585 κατά

198 3616 260 3669 τὰ
303 3617 550 3689 δόγματα
584 3618 757 3673 ταῦτα
785 3619 1093 3691 φιλοσοφεῖν
1152 3604 1644 3693 ἐπαγγελλόμενοι,
1695 3623 1776 3676 ὅτι

200 3709 433 3776 γνόντες
461 3710 571 3765 τὸν
595 3711 743 3765 Θεὸν
775 3713 886 3782 οὐχ
915 3712 994 3777 ὡς
1022 3695 1170 3766 Θεὸν
1195 3711 1500 3776 ἐδόξασαν
1532 3712 1570 3782 ἢ
1598 3715 1776 3781 εὐχα-

193 3799 520 3868 ρίστησαν*
555 3803 698 3857 ἀλλ’
739 3801 1189 3871 ἐματαιώθησαν
1237 3803 1306 3856 ὲν
1343 3802 1470 3870 τοῖς
1518 3803 1778 3874 διαλογι-

197 3889 360 3957 σμοῖς
389 3890 615 3958 αὐτῶν,
649 3894 740 3946 καὶ
766 3893 1050 3964 ἐσκοτίσθη
1083 3892 1220 3965 μετὰ
1247 3895 1307 3947 τὸ
1344 3893 1630 3966 τηλικοῦτο
1660 3895 1774 3964 φῶς

195 3980 282 4050 τῆς
323 3984 454 4054 περὶ
486 3979 567 4038 ὧν
592 3985 934 4059 ἐφανέρωσεν
975 3987 1160 4050 αὐτοῖς
1206 3987 1234 4038 ὁ
1271 3986 1405 4051 Θεὸς
1449 3987 1703 4055 γνώσεως
1739 3990 1774 4060 ἡ

197 4068 517 4146 ἐπειγομένη
577 4075 878 4142 ἀσύνετος
921 4075 1119 4130 αὐτῶν
1165 4075 1396 4144 καρδία.
1445 4079 1600 4131 Ἔστι
1643 4078 1773 4147 γοῦν

197 4158 334 4225 ἰδεῖν,
363 4162 487 4217 τίνα
519 4163 726 4236 τρόπον
751 4165 799 4217 oi
830 4166 1131 4234 φάσκοντες
1169 4163 1310 4222 εἷναι
1343 4169 1495 4238 σοφοὶ
1531 4169 1773 4240 μεγάλης

198 4253 392 4322 μωρίας
440 4255 720 4326 δείγματα
760 4256 1136 4326 ἐμφαίνουσιν,
1173 4259 1262 4312 ὅτε
1299 4259 1434 4330 μετὰ
1462 4260 1588 4325 τοὺς
1621 4260 1771 4332 τηλι-

195 4342 407 4409 κούτους
437 4349 498 4399 ἐν
549 4349 673 4410 ταῖς
706 4347 1006 4420 διατριϐαῖς
1035 4352 1166 4422 περὶ
1197 4350 1331 4404 Θεοῦ
1372 4353 1463 4405 καὶ
1494 4352 1603 4406 τῶν
1645 4371 1770 4424 νοη-

191 4433 288 4487 τῶν
314 4436 511 4506 λόγους
542 4438 894 4507 ἠλλάξαντο
940 4442 1056 4510 τὴν
1100 4441 1291 4508 δόξαν
1325 4443 1432 4497 τοῦ
1461 4444 1769 4513 ἀφθάρτου

194 4525 329 4581 Θεοῦ
375 4529 448 4581 ἐν
490 4529 812 4599 ὁμοιώματι
853 4535 1085 4599 εἰκόνος
1128 4535 1390 4603 φθαρτοῦ
1435 4534 1766 4604 ἀνθρώπου,

190 4617 275 4669 καὶ
311 4620 628 4686 πετεινῶν,
670 4623 764 4676 καὶ
805 4625 1197 4693 τετραπόδων,
1230 4627 1327 4681 καὶ
1361 4627 1640 4695 ἑρπετῶν.
1677 4629 1768 4681 Διὸ
1801 4651 1842 4706 D

188 4708 272 4761 καὶ
300 4712 452 4765 αὐτοὶ
479 4714 586 4784 μὲν
639 4715 1086 4785 καταλειφθέντες
1125 4718 1229 4774 ὑπὸ
1256 4721 1354 4792 τῆς
1380 4718 1654 4791 προνοίας.
1689 4720 1764 4784 ὡς

185 4801 274 4873 οὐκ
301 4803 466 4868 ἀξίως
501 4804 800 4874 βιώσαντες
843 4807 952 4861 τῶν
993 4811 1411 4881 φανερωθέντων
1442 4811 1622 4874 αὐτοῖς
1660 4810 1764 4864 ὑπὸ

183 4887 268 4942 τοῦ
295 4893 452 4959 Θεοῦ,
489 4895 935 4966 ἐγκαλινδοῦνται
958 4899 1087 4966 ταῖς
1113 4900 1451 4970 ἐπιθυμίαις
1489 4901 1606 4954 τῶν
1633 4920 1766 4970 καρ-

182 4981 314 5036 διῶν
353 4987 562 5041 αὐτῶν
601 4990 690 5053 εὶς
732 4989 1124 5058 ἀκαθαρσίαν,
1165 4991 1258 5044 καὶ
1290 4989 1621 5060 ἁτιμάζεται
1661 4993 1766 5046 αὑ-

181 5072 291 5127 τῶν
327 5077 400 5131 τὰ
446 5078 704 5149 σώματα
747 5081 802 5132 ἐν
834 5081 1244 5152 ἀσχημοσύναις
1289 5082 1383 5136 καὶ
1425 5083 1762 5149 ἀκολασίαις,

179 5165 284 5219 ἀνθ’
321 5163 396 5224 ὧν
429 5169 834 5236 ἀντήλλαξαν
863 5172 970 5243 (l9)
1011 5172 1125 5241 τὴν
1169 5174 1457 5241 ἀλήθειαν
1482 5174 1588 5228 τοῦ
1617 5175 1763 5229 Θεοῦ

178 5255 241 5308 ὲν
275 5259 352 5326 τῷ
387 5262 631 5331 ψευδεῖ,
666 5263 763 5318 καί
805 5264 1230 5333 ἐσεϐάσθησαν
1260 5266 1356 5321 καὶ
1388 5266 1763 5337 ἐλάτρευσαν

177 5348 245 5417 τῇ
271 5355 466 5408 κτίσει
504 5354 673 5422 παρὰ
702 5355 808 5409 τὸν
853 5357 1168 5413 κτίσαντα.

239 5443 299 5495 Οἱ
332 5443 377 5496 δ’
423 5446 519 5499 ὑπ’
571 5446 750 5500 αὐτῶν
779 5448 869 5499 ἐπὶ
900 5447 1134 5520 ἰδιωτείᾳ
1159 5449 1268 5522 (26)
1300 5448 1755 5520 ἐξουθενούμενοι,

240 5579 281 5611 ⁸⁸
318 5580 339 5635 Ι
380 5583 513 5638 Cor.
545 5601 625 5650 Iv,
651 5586 738 5652 12,
770 5587 856 5640 15.
969 5587 1013 5619 ¹⁶
1038 5586 1196 5642 Rom.
1228 5606 1267 5654 ι,
1291 5589 1381 5644 20.
1461 5591 1503 5622 ¹’¹
1524 5591 1655 5646 ibid.
1683 5592 1769 5646 19.

241 5695 351 5777 ςίἹ)
372 5699 837 5777 Πρόαέτέρους.
855 5703 1125 5777 interpres
1152 5704 1410 5777 Gelenius
1434 5707 1584 5777 legit,
1617 5709 1756 5774 πρὸς

174 5759 684 5899 Ξῖἱροιςντοβίἰτιιθί
724 5759 894 5828 (λάθει.
955 5759 1086 5845 Βίης.
1133 5787 1187 5828 et
1236 5776 1430 5833 B;tsil..
1467 5759 1752 5848 τξρδξ

241 5905 345 5976 HS)
389 5907 550 5976 Mss.,
586 5909 676 5964 διὰ
719 5912 778 5966 τὸ
804 5913 966 5987 νοητᾶ
1013 5915 1322 5985 τυγχάνειν.
1385 5917 1526 5973 Libri
1574 5929 1733 5973 antea

1893 613 2164 666 obsecrare
2201 611 2268 677 '5,
2305 609 2381 664 illi
2408 617 2536 664 sunt
2563 608 2654 679 qui
2701 622 2920 677 gressus
2963 604 3158 660 anitum
3197 603 3461 673 dirigunt,

1891 712 1944 758 et
1981 711 2148 756 totum
2177 701 2420 756 animam
2451 698 2746 772 puriﬁcant
2783 709 2948 768 atque
2979 707 3178 752 ornant
3207 713 3221 750 :
3255 709 3358 750 non
3405 702 3465 748 ιιι

1890 794 2070 848 verbis
2113 803 2320 848 tantum
2366 791 2724 848 substantiam
2773 805 2803 844 a
2857 787 3220 860 generatione
3267 785 3465 842 distin-

1888 893 2060 956 guant
2089 894 2144 939 et
2192 883 2531 956 intelligibile
2579 899 2608 937 a
2642 881 2862 948 visibili,
2905 891 2960 936 et
3003 879 3288 936 veritatem
3329 878 3462 932 sub-

1889 976 2105 1032 stantia:
2131 977 2499 1044 conjungant,
2520 983 2574 1030 et
2611 989 2855 1029 errorem
2887 964 3221 1043 generationi
3271 970 3465 1039 adjun-

1889 1078 2034 1123 ctum
2064 1067 2235 1122 modis
2262 1066 2515 1121 omnibus
2546 1065 2754 1136 fugiant
2787 1081 2801 1118 :
2830 1051 3266 1133 contemplantur
3293 1060 3459 1123 enim,

1890 1166 1950 1211 ut
1989 1155 2319 1220 didicerunt,
2363 1170 2466 1209 non
2520 1169 2608 1209 res
2651 1169 2681 1207 a
2731 1153 3082 1224 generatione
3133 1160 3304 1215 ortas,
3341 1164 3463 1218 qum

1889 1247 2138 1301 videntur
2161 1255 2214 1301 et
2248 1257 2533 1316 propterea
2583 1255 2948 1312 temporanea:
2989 1249 3138 1308 sunt,
3170 1241 3263 1295 sed
3291 1237 3462 1293 multo

1888 1339 2326 1408 praestantiores;
2373 1337 2486 1391 sive
2516 1336 2634 1390 illas
2669 1349 2862 1389 vorare
2892 1333 3025 1388 velis
3053 1331 3454 1395 substantiam;

1888 1432 2003 1486 sive
2033 1430 2347 1496 invisibilia,
2371 1430 2499 1499 quia
2527 1426 2883 1496 intelligibilia
2916 1433 3076 1490 sunt;
3109 1425 3226 1480 sive
3251 1439 3310 1478 ea
3340 1439 3460 1492 quae

1890 1536 1994 1574 non
2045 1519 2316 1588 videntur,
2366 1519 2495 1589 quia
2549 1534 2738 1574 eorum
2795 1526 2987 1572 natura
3048 1524 3203 1572 extra
3243 1528 3461 1570 sensum

1886 1618 1991 1665 est.
2028 1610 2118 1664 Sic
2148 1617 2203 1663 et
2247 1610 2315 1663 ad
2370 1625 2457 1664 res
2507 1624 2535 1661 a
2587 1607 2936 1677 generatione
2986 1613 3137 1661 ortas
3179 1604 3466 1658 attendunt

1887 1702 2015 1759 Jesu
2064 1703 2337 1772 discipuli,
2392 1703 2486 1757 sed
2541 1701 2648 1755 illis
2702 1711 2959 1768 tanquam
2999 1696 3166 1766 gradu
3217 1704 3460 1758 utuntur,

1889 1807 1948 1852 ut
1975 1797 2041 1852 ad
2075 1795 2480 1866 intelligendam
2520 1809 2700 1848 rerum
2744 1791 3167 1862 intelligibilium
3213 1797 3460 1842 naturam

1890 1888 2230 1959 perveniant.
2281 1887 2414 1941 Nam
2450 1884 2736 1940 invisibilia
2793 1883 2912 1950 Dei,
2946 1885 3050 1938 hoc
3091 1892 3174 1938 est
3206 1879 3462 1948 intelligi-

1889 1982 2039 2048 bilia,
2066 1998 2096 2035 a
2127 1989 2372 2035 creatura
2421 1978 2602 2032 mundi
2653 1994 2744 2047 per
2774 1995 2834 2032 ea
2864 1993 2980 2048 qua:
3011 1975 3153 2045 facta
3203 1983 3322 2028 sunt
3373 1973 3461 2024 in-

1884 2071 2092 2127 tellecta
2141 2081 2322 2126 mente
2359 2069 2758 2146 conspiciuntur
2810 2067 2876 2124 ιθ.
2925 2065 3039 2123 Non
3084 2077 3261 2124 tamen
3317 2067 3369 2120 in
3395 2065 3461 2120 iis

1885 2163 1980 2220 Dei
2027 2163 2394 2218 invisibilibus
2447 2161 2793 2229 c0nsistunt,
2842 2176 2962 2216 cum
2997 2174 3026 2213 a
3082 2159 3244 2216 rebus
3303 2155 3462 2227 hujus

1886 2257 2071 2312 mundi
2117 2257 2317 2313 creatis
2371 2264 2605 2310 mentem
2654 2257 2912 2325 erigunt;
2944 2255 3037 2310 sed
3089 2263 3372 2325 postquam
3410 2255 3462 2308 in

1886 2351 1951 2406 iis
1980 2365 2038 2404 se
2081 2350 2215 2404 satis
2256 2359 2623 2404 exercuerunt
2666 2357 2724 2402 et
2769 2346 2855 2400 illa
2906 2346 3308 2412 intellexerunt,
3349 2347 3465 2402 eni-

1886 2451 2074 2496 tuntur
2118 2456 2288 2510 usque
2334 2441 2400 2494 ad
2454 2442 2826 2510 sempiternam
2874 2442 2990 2509 ejus
3041 2441 3313 2503 virtutem,
3355 2453 3463 2492 uno

1883 2535 2047 2592 verbo
2091 2534 2156 2588 ad
2201 2533 2318 2605 ejus
2367 2533 2742 2602 divinitatem;
2791 2533 3026 2588 scientes
3078 2533 3243 2588 Deum
3279 2546 3377 2587 suo
3405 2531 3460 2586 in

1883 2627 2133 2682 homines
2181 2639 2369 2681 amore
2417 2624 2702 2680 veritatem
2755 2635 2810 2680 et
2857 2625 3000 2695 quod
3033 2624 3115 2678 sui
3166 2632 3346 2678 nolunt
3385 2632 3462 2677 est

1882 2717 2257 2786 manifestasse
2306 2715 2349 2747 ”
2404 2730 2509 2770 non
2543 2714 2612 2770 iis
2665 2715 2822 2770 modo
2855 2715 2945 2785 qui
3010 2714 3110 2784 ipsi
3163 2728 3222 2769 se
3265 2727 3460 2768 conse-

1881 2817 2078 2873 crant,
2145 2808 2242 2862 sed
2285 2807 2448 2862 etiam
2500 2806 2823 2877 quibusdam
2879 2823 2908 2860 ιι
2953 2820 3202 2877 germana
3263 2805 3462 2874 pietate

1881 2910 1936 2954 et
1987 2899 2245 2969 religione
2295 2897 2523 2962 alienis,
2582 2900 2846 2968 quosdam
2901 2910 3083 2952 autem
3129 2913 3320 2952 eorum
3362 2898 3458 2968 qui

1885 2989 1975 3044 Dei
2043 2988 2385 3060 providentia
2465 2989 2530 3043 ad
2619 2998 2892 3044 tantarum
2955 3006 3136 3044 rerum
3203 2989 3452 3044 notitiam

1883 3081 2052 3136 evecti
2107 3081 2341 3143 fuerant,
2416 3079 2659 3135 facinora
2708 3080 2812 3136 hac
2871 3083 3178 3152 cognitione
3232 3082 3452 3152 indigna

1883 3181 2218 3243 perpetrare,
2269 3181 2322 3226 et
2359 3173 2412 3226 in
2461 3171 2727 3242 injustitia
2779 3172 3010 3226 detinere
3060 3173 3330 3227 veritatem
3375 3173 3454 3240 ης

1807 3299 1848 3356 C
1885 3265 2109 3334 proinde
2148 3265 2348 3319 nullam
2397 3263 2554 3334 ipsis,
2595 3273 2714 3334 post
2751 3274 3032 3333 acceptam
3064 3273 3334 3320 tantarum
3370 3280 3456 3321 re-

1883 3373 2000 3410 rum
2029 3356 2301 3422 notitiam,
2340 3355 2752 3411 excusationem
2783 3355 3037 3424 relinqui.

1949 3448 2039 3502 47.
2079 3446 2248 3518 Igitur
2281 3449 2372 3517 qui
2399 3463 2579 3502 rerum
2630 3463 2661 3502 a
2693 3447 2852 3503 Celso
2898 3457 3319 3503 memoratarum
3359 3464 3452 3503 no-

1879 3535 2080 3592 tionem
2160 3538 2336 3608 adepti
2381 3549 2525 3604 sunt,
2578 3550 2631 3595 et
2666 3540 2848 3593 nixam
2885 3537 3195 3608 lmjusmodi
3241 3539 3449 3608 princi-

1879 3627 1982 3697 piis
2027 3627 2426 3699 pliilOSOpltiam
2476 3638 2664 3685 tenere
2723 3630 3080 3700 proﬁtentur;
3138 3627 3305 3699 729
3353 3629 3452 3685 bos

1879 3726 2114 3773 testatur
2141 3719 2445 3790 Scriptura,
2480 3723 2726 3791 quamvis
2769 3721 2936 3776 Deum
2969 3731 3360 3792 cognoscerent,
3394 3730 3454 3776 ut

1879 3809 2047 3862 Deum
2094 3817 2269 3863 tamen
2324 3827 2425 3864 non
2469 3811 2822 3882 gloriﬁcasse,
2873 3828 2966 3865 nec
3012 3813 3211 3883 gratias
3265 3812 3449 3882 egisse,

1877 3902 1966 3954 sed
1992 3903 2262 3956 evanuisse
2293 3903 2346 3956 in
2375 3903 2778 3974 cogitationibus
2811 3906 2940 3970 suis,
2978 3911 3027 3958 et
3067 3904 3322 3974 insipiens
3363 3921 3454 3958 cor

1876 4005 2056 4044 eorum
2108 4007 2140 4046 ε
2180 3999 2330 4045 tanta
2379 3992 2498 4048 luce
2546 3993 2874 4064 cognitionis
2924 4005 3106 4047 rerum
3139 4009 3273 4062 quas
3310 3994 3452 4048 Deus
3529 4008 3538 4014 ‘

1876 4081 2010 4149 ipsis
2036 4091 2329 4149 retexerat,
2365 4085 2418 4136 in
2452 4084 2690 4138 tenebras
2718 4085 2966 4138 incidisse
2990 4085 3054 4141 '°.
3076 4084 3255 4153 Atque
3283 4086 3448 4140 etiam

1875 4173 2062 4226 videre
2114 4170 2243 4226 licet
2289 4172 2413 4226 illos
2458 4173 2550 4242 qui
2596 4187 2655 4227 se
2709 4173 2990 4243 sapientes
3025 4186 3146 4228 esse
3171 4172 3448 4236 dicebant,

1874 4276 2068 4332 magna
2119 4262 2251 4316 dare
2303 4261 2548 4316 stultitia:
2605 4276 2716 4316 suae
2760 4272 3115 4332 argumenta,
3161 4277 3284 4315 cum
3329 4267 3452 4332 post

1874 4353 2176 4421 disputatas
2218 4353 2270 4407 in
2305 4353 2513 4408 scholis
2563 4362 2739 4408 tantas
2787 4353 2853 4408 de
2886 4351 2996 4407 Deo
3045 4355 3320 4422 rebusque
3364 4351 3449 4406 in-

1874 4444 2246 4516 telligibilibus
2296 4445 2671 4515 quaestiones,
2717 4453 3050 4501 mutaverunt
3096 4446 3323 4517 gloriam
3359 4445 3446 4498 in-

1871 4536 2231 4606 corruptibilis
2259 4535 2356 4590 Dei
2384 4536 2441 4590 in
2471 4536 2876 4592 similitudinem
2901 4538 3149 4606 imaginis
3179 4536 3443 4603 corrupti-

1873 4622 1992 4675 bilis
2053 4622 2301 4687 hominis,
2350 4631 2398 4675 et
2458 4620 2759 4687 uolucrum,
2811 4630 2862 4675 et
2910 4621 3343 4692 quadrupedum,
3399 4631 3450 4676 et

1871 4712 2194 4782 serpentium
2221 4711 2289 4766 ⁸⁸.
2321 4709 2528 4778 Quare,
2562 4725 2686 4765 cum
2717 4726 2825 4766 non
2855 4711 3074 4780 dignam
3100 4712 3285 4778 rebus,
3313 4725 3451 4782 quas

1875 4803 2013 4858 Deus
2046 4803 2151 4857 illis
2183 4801 2648 4866 manifestaveral,
2687 4803 2851 4857 vitam
2876 4805 3108 4873 egerint,
3133 4819 3162 4858 a
3191 4803 3284 4860 Dei
3319 4819 3446 4874 pro-
3501 4850 3503 4852 .

1872 4895 2109 4951 videntia
2154 4895 2358 4949 deserti
2390 4896 2706 4950 volutantur
2741 4897 2795 4950 in
2841 4895 3115 4951 desideriis
3149 4897 3322 4950 cordis
3361 4899 3448 4951 sui

1872 4989 1927 5041 in
1960 4987 2440 5052 immunditiam,et
2466 4986 2798 5042 contumeliis
2823 4989 3057 5058 aﬁiciunt
3091 5005 3312 5058 corpora
3345 5006 3443 5044 sua

1873 5079 1928 5134 in
1955 5079 2238 5149 spurcitiis
2271 5089 2327 5132 et
2363 5077 2790 5148 impuritatibus,
2814 5089 3100 5150 propterea
3133 5083 3272 5150 quod
3299 5097 3442 5136 com-

1870 5181 2201 5226 mutaveruut
2249 5172 2520 5225 ueritatem
2555 5171 2651 5226 Dei
2688 5173 2743 5226 in
2788 5172 3147 5239 mendacium,
3192 5181 3240 5227 et
3266 5173 3442 5228 colue-

1869 5274 2014 5329 runt,
2074 5273 2120 5318 et
2182 5265 2469 5318 servierunt
2528 5274 2785 5319 creatura:
2841 5265 3013 5334 potius
3069 5279 3228 5335 quam
3277 5263 3440 5320 Crea-

1864 5357 1966 5409 tori
1997 5356 2060 5410 ".

1935 5446 2026 5502 48.
2090 5447 2286 5503 Verum
2337 5463 2473 5519 quos
2518 5448 2587 5502 ob
2631 5445 2962 5516 imperitiam
3015 5444 3167 5500 nihili
3196 5446 3440 5514 ducunt,

1847 5591 1898 5623 ¹⁸
1917 5590 2048 5647 ibid.
2069 5589 2152 5644 18.
2231 5590 2274 5622 ’⁸
2294 5591 2426 5646 ibid.
2449 5589 2540 5644 21.
2617 5588 2662 5620 ³⁸
2687 5585 2925 5642 ἰι›ἰι1.25.
3003 5586 3044 5618 ’ί
3074 5585 3205 5654 ibid.
3228 5584 3320 5650 αι,
3343 5582 3436 5641 35.

1860 5708 2014 5768 editi,
2045 5705 2132 5777 διὰ
2159 5705 2230 5759 τὰ
2263 5704 2429 5777 νοητά
2457 5703 2766 5777 τυγχάνειν.

1933 5777 2044 5842 (19)
2076 5776 2230 5829 [.ibb.
2268 5768 2423 5843 anjea
2449 5768 2601 5832 editi.
2629 5774 2826 5836 οἵτινες
2848 5773 3057 5828 ἀνωθεν
3074 5768 3437 5843 μετήλλαξαν,

1861 5839 1951 5902 sed
1979 5839 2133 5906 mss"
2163 5845 2279 5899 ἀνθ’
2316 5839 2389 5900 ὧν
2415 5843 2768 5916 ἀντήλλαξαν.

1937 5916 2045 5989 (‘20)
2072 5917 2220 5982 Mss.,
2257 5915 2510 5990 ἰδιωτείᾳ.
2537 5909 2704 5970 ΠΜ).
2734 5913 2884 5980 editi,
2921 5909 3150 5982 ίδιωτίᾳ..
