3846 6406
205 364 333 422 H93

1357 356 1638 415 CONTRA
1675 349 1950 412 CELSUM
1988 353 2116 410 LIB.
2155 353 2264 410 Vll.

3333 355 3468 412 1491

276 483 332 538 '0
393 483 494 555 μὲν
541 475 634 538 οὖν
688 485 788 538 οὐκ
844 483 1142 554 ὲσαφῆνισε
1187 477 1303 546 πῶς
1349 480 1488 552 μετὰ
1520 477 1776 550 γενέσεώς

1964 477 2053 534 50.
2094 475 2215 533 lam
2242 487 2343 530 nec
2373 471 2673 529 declaravit
2705 458 2974 544 quomodo
3001 473 3339 543 generationi
3369 477 3467 530 ad-

203 579 308 631 ἐστι
333 576 537 647 πλάνη,
567 575 692 629 οὐδὲ
737 576 1082 648 παρέστησεν
1117 575 1146 629 ὅ
1167 575 1218 628 τί
1248 591 1354 646 περ
1386 573 1655 636 ἐϐούλετο,
1698 571 1782 624 ἵνα

203 668 624 738 κατανοήσωμεν
648 667 1028 739 συγκρίνοντες
1051 665 1120 718 τὰ
1139 665 1306 720 αὐτοῦ
1331 668 1445 729 τοῖς
1465 664 1778 736 ἡμετέροις*

200 756 319 810 οίδὲ
353 758 654 828 προφῆται,
685 757 1046 828 αἰνιττόμενοι
1072 756 1101 808 ὅ
1127 773 1180 807 τι
1212 754 1319 826 (29)
1352 755 1478 824 περὶ
1501 753 1608 806 τῶν
1628 753 1782 822 γενέ-

203 865 325 912 σεως
372 850 716 921 πραγμάτων
747 849 930 918 σοφὸν,
976 847 1165 902 θυσίαν
1217 846 1345 918 περὶ
1386 845 1659 917 ἁμαρτίας
1698 844 1785 899 λέ-

200 955 379 1008 γουσιν
424 938 818 1010 ἀναφέρεσθαι,
860 939 954 992 καὶ⁹
999 937 1263 1009 περὶτῶν
1305 938 1430 1010 ἄρτι
1454 937 1784 1009 γεγεννημέο

199 1048 296 1084 νων
322 1029 436 1101 (50)
466 1031 544 1095 ὡς
577 1031 638 1084 οὐ
673 1029 929 1103 καθαρῶν
961 1029 1067 1082 ἀπὸ
1097 1029 1391 1100 ἁμαρτίας.
1425 1028 1564 1080 Φασὶ
1588 1027 1644 1081 δὲ
1691 1026 1784 1080 καὶ

198 1125 270 1185 τὸ,
317 1122 419 1175 Ἑν
455 1122 736 1190 ἁνομίαις
767 1119 1183 1190 συνελήφθην,
1227 1119 1329 1173 καὶ
1375 1121 1444 1172 ὲν
1470 1120 1785 1188 ἁμαρτίαις

196 1210 488 1280 ἑκίσσησέ
513 1229 589 1281 με
608 1214 648 1281 ἡ
661 1211 858 1282 μήτηρ
881 1229 1024 1281 μου.
1068 1209 1229 1263 Ἀλλὰ
1253 1209 1346 1263 καὶ
1370 1207 1780 1279 ἀποφαίνονται,

195 1305 270 1358 δτι
301 1305 888 1374 ἁπηλλοτριώθησαν
931 1308 985 1359 οἱ
1022 1303 1357 1374 ἁμαρτωλοὶ
1389 1303 1508 1357 ἀπὸ
1525 1300 1781 1371 μήτρας,

197 1395 511 1466 παραδόξως
561 1397 813 1465 λέγοντες
858 1397 952 1450 καὶ
1002 1396 1082 1459 τὸ,
1151 1393 1624 1461 Ἐπλανήθησαν
1666 1393 1784 1446 ἀπὸ

195 1489 470 1559 γαστρὸς,
520 1489 838 1558 ἐλάλησαν
881 1486 1098 1558 ψευδῆ.
1155 1485 1312 1539 Οὕτω
1351 1486 1407 1540 δὲ
1465 1487 1646 1540 πᾶσαν
1686 1484 1784 1556 τὴν

193 1579 294 1632 τῶν
315 1579 590 1650 αἰσθητῶν
621 1579 991 1633 διαϐάλλουσιν
1011 1579 1061 1632 οἱ
1088 1577 1210 1632 καθ’
1235 1579 1383 1650 μᾶς
1408 1577 1563 1646 σοφοὶ
1599 1575 1780 1646 φύσιν,

195 1673 327 1726 ὥστε
377 1671 454 1744 πὴ
501 1673 601 1744 μὲν
644 1673 985 1744 ματαιότητα
1016 1670 1266 1743 είρῆσθαι
1314 1669 1382 1724 τὰ
1436 1669 1686 1741 σώματα,
1728 1670 1785 1722 ὲν

192 1765 286 1836 τῷ,
341 1763 421 1833 Τῇ
471 1765 585 1836 γὰρ
630 1767 978 1834 ματαιότητι
1014 1767 1054 1834 ἡ
1106 1766 1303 1830 κτίσις
1353 1762 1621 1832 ὑπετάγη
1671 1763 1784 1831 οὐχ

1883 568 2144 640 jungatur
2173 583 2351 634 error,
2384 581 2484 623 nec
2517 567 2650 637 quid
2684 567 2786 623 sibi
2824 567 3005 632 vellet,
3040 567 3112 622 ita
3156 567 3466 638 explicavit,

1887 673 1946 718 ut
1994 662 2127 718 illud
2178 661 2482 734 intelligere
2537 674 2860 730 possemus,
2901 658 3042 713 facta
3085 675 3303 727 eorum,
3347 675 3468 731 quae

1889 755 2042 822 dicit,
2075 769 2196 810 cum
2233 754 2435 810 nostris
2476 751 2908 822 comparatione.
2952 752 3022 805 At
3068 751 3342 822 propheta:
3384 765 3466 807 sa-

1888 849 2042 920 piens
2071 847 2200 918 quid
2236 847 2301 901 de
2332 845 2492 900 rebus
2517 859 2548 900 e
2597 846 2943 914 generatione
2974 842 3108 896 ortis
3145 839 3464 912 indicantes,

1887 939 2041 994 aiunt
2069 937 2400 1008 piacularem
2436 936 2715 992 victimam
2763 935 2923 990 etiam
2971 949 3064 1004 pro
3093 944 3280 988 recens
3311 935 3464 1003 geni-

1890 1032 1958 1087 tis
2000 1030 2206 1094 oﬂ'erri,
2241 1039 2428 1100 utpote
2476 1028 2570 1100 qui
2617 1028 2826 1097 peccati
2873 1042 2979 1081 non
3026 1027 3137 1081 sint
3169 1026 3464 1082 immunes.

1885 1124 2087 1180 Dicunt
2117 1122 2287 1180 etiam
2323 1139 2336 1177 :
2375 1120 2440 1175 In
2471 1121 2835 1192 iniquitatibus
2863 1127 3137 1187 conceptus
3167 1133 3281 1172 sum
3323 1125 3372 1172 et
3411 1119 3465 1171 in

1885 1214 2110 1284 peccatis
2157 1213 2392 1281 concepit
2441 1228 2524 1266 me
2552 1223 2718 1266 mater
2749 1227 2862 1264 mea
2899 1210 2964 1263 ".
3015 1207 3464 1274 Eorumdemvest

1886 1305 2030 1360 istud
2063 1323 2075 1360 :
2111 1305 2350 1360 Alienati
2378 1313 2500 1358 sunt
2528 1311 2824 1372 peccatores
2870 1320 2900 1354 a
2933 1303 3082 1356 vulva
3115 1301 3194 1367 ";
3250 1309 3303 1356 et
3335 1301 3465 1355 illud

1889 1397 2208 1467 stupendum
2253 1394 2397 1466 quod
2441 1393 2688 1447 addunt:
2725 1391 3052 1447 Erraverunt
3084 1391 3148 1446 ab
3179 1403 3351 1460 utero,
3386 1391 3466 1446 lo-

1887 1489 1993 1543 cuti
2025 1497 2145 1543 sunt
2191 1485 2330 1556 falsa
2377 1486 2443 1541 ³⁷.
2479 1486 2555 1539 ita
2586 1499 2715 1539 vero
2749 1497 2966 1539 omnem
2999 1499 3181 1538 rerum
3226 1481 3464 1538 sensibi-

1887 1579 2018 1634 lium
2052 1588 2304 1633 naturam
2336 1577 2646 1648 deprimunt
2677 1575 2950 1646 sapientes
2987 1575 3180 1639 nostri,
3214 1583 3272 1628 ut
3306 1575 3464 1629 modo

1888 1685 2115 1740 corpora
2163 1672 2458 1724 vanitatem
2505 1667 2779 1738 appellent
2811 1667 2895 1723 his
2924 1667 3106 1723 verbis
3137 1685 3152 1722 :
3190 1665 3332 1721 Nam
3373 1684 3465 1722 ua-

1889 1761 2047 1815 nitati
2079 1771 2325 1816 creatura
2367 1760 2602 1829 subjecta
2631 1770 2705 1813 est
2756 1773 2859 1812 non
2890 1758 3090 1823 volens,
3124 1758 3217 1813 sed
3255 1768 3465 1829 propter

193 1856 434 1916 ἑκοῦσα,
470 1857 632 1910 ἀλλὰ
656 1855 752 1910 διὰ
770 1856 876 1910 τὸν
893 1855 1278 1921 ὑποτάξαντα
1305 1855 1396 1908 ἐπ’
1427 1853 1629 1908 ἑλπίδι
1650 1870 1663 1884 ·
1703 1853 1776 1924 πὴ

1894 1871 2001 1910 eum
2045 1855 2134 1926 qui
2171 1853 2394 1922 subjecit
2427 1854 2480 1906 iu
2529 1867 2616 1922 spe
2642 1850 2760 1916 '7‘;
2793 1850 2952 1904 modo
2981 1849 3278 1904 vanitatem
3311 1851 3464 1902 vani-

191 1948 241 2000 δὲ
296 1948 635 2019 ματαιότητα
687 1949 1084 2021 ματαιοτὴτων,
1122 1947 1197 2011 ὡς
1246 1943 1397 2000 εἶπεν
1432 1945 1543 2018 (51)
1585 1947 1613 2000 ό
1659 1944 1780 1998 Ἑκ-

191 2039 557 2112 κλησιαστής·
593 2039 930 2107 Ματαιότης
973 2039 1413 2109 ματαιοτήτων,
1457 2039 1530 2094 τὰ
1584 2037 1780 2092 πάντα

189 2133 530 2202 ματαιότης.
562 2131 661 2195 Τίς
685 2131 730 2184 δ’
759 2131 902 2184 οὕτω
929 2131 1257 2203 διαϐέϐληκε
1287 2132 1386 2204 τὴν
1414 2129 1647 2184 ἐνταῦθα
1678 2130 1780 2200 τῆς

189 2219 472 2292 ἀνθρώπου
505 2221 684 2292 ψυχῆς
711 2221 876 2289 ζωὴν,
910 2222 986 2286 ὡς
1016 2225 1044 2276 ό
1071 2221 1240 2288 εἰπών
1260 2239 1272 2251 °
1310 2220 1487 2289 Πλὴν
1513 2221 1586 2275 τὰ
1634 2223 1781 2290 σύμ-

190 2329 383 2367 παντα
425 2314 777 2383 ματαιότης,
821 2312 941 2380 πᾶς
995 2313 1307 2383 ἅνθρωπος
1352 2312 1500 2377 (dir;
1545 2313 1619 2367 υύ
1669 2312 1778 2386 γὰρ

190 2404 435 2456 ἑδίστασε
466 2403 594 2474 περὶ
623 2403 722 2473 τῆς
759 2403 1024 2476 διαφορᾶς
1054 2403 1146 2457 τοῦ
1197 2402 1296 2476 ζῇν
1337 2405 1436 2475 τῆς
1478 2403 1656 2474 ψυχῆς
1689 2405 1776 2458 ἐν·

187 2497 358 2551 ταῦθα
388 2497 485 2551 καὶ
517 2496 624 2562 ἔξω
651 2496 760 2553 τῶν
787 2496 974 2552 ἐνθάδε
994 2515 1020 2564 ﬂ
1044 2497 1153 2552 οὐδ’
1183 2498 1334 2567 ἔλεγε
1374 2499 1491 2569 μὲν,

258 2611 356 2677 Τίς
388 2607 555 2665 οἶδεν
587 2610 733 2682 (52),
752 2611 894 2682 ειτὸ
925 2610 1032 2682 ζῆν
1065 2610 1181 2682 μέν
1207 2614 1337 2666 ἐστι
1369 2613 1704 2679 κατθανεῖν,

259 2683 327 2735 Τὸ
368 2681 689 2735 κατθανεῖν
713 2681 781 2734 δὲ
803 2681 954 2751 ζῇν;

190 2772 382 2846 θαρρεῖ
454 2772 510 2826 δὲ
598 2772 780 2842 λέγειν
865 2772 933 2827 τὰ
1011 2772 1187 2844 ἀληθῆ
1261 2773 1320 2826 ἐν
1400 2773 1511 2845 τῷ,
1615 2775 1775 2828 Ἑτα-

189 2863 445 2932 πεινώθη
498 2865 586 2928 εις
635 2861 792 2932 χοῦν
844 2863 882 2931 ἠ
957 2862 1130 2932 ψυχῆ
1215 2862 1406 2934 ἡμῶνο
1485 2863 1610 2930 καί,
1675 2867 1776 2932 Εἰς

189 2956 335 3027 χοῦν
371 2955 640 3010 θανάτου
687 2954 1020 3026 κατήγαγές
1053 2973 1154 3026 με.
1203 2956 1355 3010 Καθὸ
1404 2958 1500 3012 καὶ
1549 2961 1635 3025 τὸ,
1683 2961 1776 3026 Ἠς

186 3067 254 3118 με
331 3049 592 3118 ῥύσεται
660 3047 729 3101 ἐκ
798 3047 906 3102 τοῦ
984 3047 1257 3118 σώματος
1324 3049 1432 3104 τοῦ
1515 3049 1775 3105 θανάτου

187 3143 444 3205 τούτους
476 3140 744 3194 Λέλεκται
794 3139 888 3193 καὶ
930 3139 1022 3205 τὸ,
1096 3143 1194 3206 Ὃς
1261 3143 1774 3213 μετασχηματίσει

187 3229 249 3283 τὸ
273 3228 448 3298 σῶμα
473 3227 584 3296 τῆς
610 3219 1021 3296 ταπεινώσεως
1051 3229 1238 3299 ήμῶν.
1269 3233 1559 3303 Προφήτης
1582 3232 1638 3285 δέ
1661 3234 1774 3285 ἐστι

187 3322 279 3375 καὶ
309 3323 339 3373 ό
373 3320 548 3374 εἰπὼν
576 3321 660 3387 τὸ,
708 3310 1151 3389 Έταπείνωσας
1199 3321 1356 3392 ἡμᾶς
1391 3324 1460 3377 ἐν
1487 3324 1646 3391 τόπῳ
1677 3340 1784 3378 κα-

189 3413 425 3482 κώσεως
445 3431 460 3446 ⁸
479 3412 778 3478 κακώσεως
795 3413 960 3468 τόπον
976 3414 1151 3482 λέγων
1174 3415 1266 3468 τὸν
1295 3433 1361 3468 πε
1369 3415 1570 3486 ρίγειον
1593 3417 1777 3480 τόπον,

189 3507 269 3576 ἐφ’
299 3507 366 3560 ὃν
390 3505 682 3576 ἐκϐληθεὶς
716 3506 824 3560 ἀπὸ
853 3504 948 3559 τοῦ
980 3506 1311 3580 παραδείσου
1343 3505 1430 3559 διὰ
1458 3507 1555 3578 τὴν
1585 3509 1780 3564 κακίαν

189 3599 447 3672 ἐλήλυθεν
482 3602 510 3653 ό
553 3598 719 3670 Ἀδὰμ
753 3598 866 3670 (55)
912 3599 1048 3670 ὅπερ
1077 3599 1224 3651 ἐστὶν
1264 3599 1580 3670 ἄνθρωπος’
1625 3601 1718 3654 καὶ
1753 3603 1782 3656 ό

190 3690 360 3761 λέγων
388 3691 468 3756 δὲ,
505 3692 588 3745 ὅτι
615 3691 930 3760 ,βλέπομεν
966 3690 1097 3758 ἄρτι
1129 3689 1204 3744 δι’
1243 3692 1545 3759 ἐσόπτρου
1589 3691 1685 3746 καὶ
1713 3693 1781 3746 ἐν

191 3786 511 3853 αἰνίγματι,
539 3783 671 3837 τότε
691 3782 759 3836 δὲ
786 3784 1113 3850 πρόσωπον
1141 3782 1291 3851 πρὸς
1321 3784 1671 3851 πρόσωπον·
1701 3784 1782 3838 ἔτι

190 3875 243 3929 δὲ
277 3879 374 3931 καί¹
407 3878 492 3942 τὸ,
541 3877 970 3946 Ἑνδημοῦντες
1013 3877 1083 3930 ἐν
1120 3875 1202 3942 τῷ
1231 3876 1457 3946 σώματι
1499 3878 1784 3948 ἐκδημοῦ-

187 3987 298 4038 μεν
330 3971 454 4026 ἀπὸ
494 3969 607 4024 τοῦ
651 3970 895 4038 Kvplov,
925 3970 1004 4023 διὸ
1043 3969 1414 4040 εὐδοκοῦμεν
1445 3971 1784 4042 ἐκδημῆσαι

192 4061 256 4115 ἐκ
284 4061 394 4117 τοῦ
419 4061 718 4131 σώματος,
744 4060 844 4114 καὶ
871 4059 1208 4130 ἐνδημῆσαι
1236 4063 1385 4130 πρὸς
1414 4061 1521 4115 τὸν
1543 4064 1780 4130 Κύριον·

193 4156 292 4227 ὅρα
328 4157 535 4226 πηλίκα
572 4155 700 4227 περὶ
731 4154 830 4226 τῆς
861 4154 1117 4226 διαφόρου
1153 4151 1296 4224 ζωῆς
1328 4153 1437 4207 τῶν
1475 4154 1662 4225 ψυχῶν
1700 4174 1782 4209 τεο

194 4242 488 4319 θεωρήκει.

263 4339 376 4392 Καὶ
405 4339 459 4391 τί
498 4355 566 4409 με
591 4339 673 4392 δεῖ
700 4338 794 4391 ἐπὶ
823 4338 1003 4392 πλεῖον
1027 4338 1509 4413 ἀντιπαρατιθέναι
1544 4341 1610 4411 τῇ
1643 4338 1784 4406 λέξει

195 4429 424 4494 Κέλσου,
454 4429 532 4492 ὡς
562 4428 740 4498 πολλῷ
778 4429 1040 4501 πρότερον
1071 4428 1276 4484 τούτων
1310 4431 1439 4502 παρ’
1472 4433 1606 4501 ἡμῖν
1639 4430 1786 4484 λελε-

1888 1957 2056 2003 talum
2119 1947 2339 2003 dicant:
2383 1942 2604 1998 Vanitas
2657 1943 2993 2010 vanitatum,
3049 1941 3228 2012 inquit
3276 1941 3462 1997 Eccleo

1885 2043 2100 2107 siastes,
2143 2040 2321 2095 omnia
2360 2041 2562 2093 uanitas
2616 2035 2684 2089 ".
2744 2033 2877 2102 Quis
2925 2047 3078 2104 aeque
3138 2041 3460 2104 praesentem

1886 2135 2134 2189 humanae
2187 2134 2381 2186 anima:
2431 2129 2598 2184 vitam
2631 2127 2929 2182 insectatus
2977 2135 3082 2191 est,
3115 2141 3182 2183 ac
3232 2125 3324 2180 ille
3368 2124 3462 2195 qui

1886 2227 2062 2282 dixit:
2101 2223 2474 2278 Verumtamen
2523 2221 2765 2274 universa
2815 2219 3043 2282 vanitas,
3077 2219 3252 2272 onmis
3307 2217 3463 2270 homo

1884 2320 2058 2373 vivens
2086 2315 2172 2370 "l
2209 2314 2318 2370 Nec
2346 2313 2488 2369 enim
2525 2311 2742 2366 dubitat
2775 2310 3061 2366 diversane
3108 2310 3179 2365 sit
3221 2323 3466 2380 praesens

1884 2414 1993 2467 vita
2036 2410 2255 2475 animat,
2288 2423 2316 2462 a
2346 2406 2458 2461 vita
2498 2419 2664 2475 quam
2697 2419 2729 2459 e
2761 2402 2924 2458 rebus
2968 2402 3090 2458 istis
3131 2414 3351 2472 egressa
3383 2400 3464 2452 vi-

1885 2515 2036 2560 ctura
2068 2512 2179 2568 est;
2217 2516 2314 2556 nec
2344 2498 2480 2553 dixit
2513 2512 2529 2550 :

2028 2615 2158 2680 Quis
2193 2614 2356 2675 novit,
2385 2610 2529 2664 istud
2554 2609 2718 2663 vivere
2750 2625 2818 2661 an
2849 2609 2983 2661 mori
3017 2607 3140 2673 siet,

2026 2687 2078 2740 Μ
2088 2687 2266 2755 orique
2295 2684 2460 2738 vivere
2486 2680 2573 2734 '°?

1883 2783 1979 2837 sed
2028 2779 2258 2834 ﬁdenter
2287 2789 2413 2830 vera
2450 2768 2787 2843 pronuntiat,
2839 2783 2960 2826 cum
2994 2769 3069 2822 ait
3103 2784 3118 2822 :
3161 2765 3459 2822 Humiliata

1882 2884 1958 2929 est
2007 2873 2061 2926 in
2104 2874 2314 2940 pulvere
2357 2865 2538 2919 anima
2584 2873 2764 2917 nostra
2813 2861 2892 2928 ³¹;
2941 2870 3040 2916 et:
3071 2859 3138 2914 In
3191 2859 3461 2929 pulverem

1883 2965 2068 3019 mortis
2125 2958 2394 3014 deduxisti
2441 2972 2520 3009 me
2569 2954 2638 3009 ".
2677 2956 2794 3022 Quo
2843 2953 2985 3009 redit
3013 2962 3065 3007 et
3111 2951 3297 3007 istud:
3327 2949 3460 3016 Quis

1885 3073 1965 3111 me
1994 3054 2233 3109 liberabit
2261 3053 2325 3106 de
2354 3067 2567 3120 corpore
2603 3049 2786 3102 mortis
2831 3047 2990 3118 hujus
3016 3045 3061 3077 ³³
3086 3044 3108 3099 ?
3149 3042 3263 3098 lloc
3294 3043 3456 3098 etiam

1883 3150 2087 3205 dictum
2115 3156 2200 3202 est
2224 3166 2236 3201 :
2268 3145 2371 3211 Qui
2397 3141 2794 3212 transfigurabit
2831 3139 2991 3210 731
3023 3155 3213 3209 corpus
3240 3137 3462 3192 humili-

1885 3245 2008 3296 tatis
2040 3253 2237 3296 nostris
2272 3238 2340 3293 “.
2373 3235 2662 3306 Propheta:
2703 3241 2788 3288 est
2826 3243 2879 3286 et
2927 3232 3068 3286 istud
3096 3248 3109 3283 ι
3142 3229 3460 3284 Humiliasti

1884 3353 1976 3390 nos
2005 3337 2058 3389 in
2087 3335 2200 3389 loco
2229 3331 2522 3404 aﬁlictionis
2552 3329 2622 3395 ³⁸,
2643 3329 2731 3385 ubi
2760 3327 2937 3381 locum
2968 3323 3276 3380 alﬂictionis
3302 3329 3462 3377 vocat

1885 3440 2156 3482 terrenum
2190 3427 2337 3481 hunc
2380 3425 2579 3492 locum,
2612 3439 2721 3494 quo
2757 3421 2932 3475 Adam
2977 3432 3070 3472 seu
3105 3417 3267 3472 homo
3308 3432 3338 3472 e
3370 3431 3462 3485 pa-

1882 3521 2063 3575 radiso
2094 3520 2302 3589 ejectns
2329 3519 2569 3574 advenit.
2605 3515 2738 3569 Vide
2766 3513 2928 3568 etiam
2963 3526 3124 3581 quam
3173 3518 3459 3580 perspecta

1884 3605 2047 3663 fuerit
2077 3609 2290 3663 diversa
2325 3609 2636 3662 animarum
2686 3603 2794 3657 vita
2831 3600 2906 3655 illi
2941 3601 3032 3670 qui
3077 3600 3213 3654 dixit
3243 3618 3255 3652 :
3299 3596 3462 3652 Vide-

1885 3718 2001 3755 mus
2031 3717 2170 3754 nunc
2199 3717 2292 3766 per
2319 3698 2587 3770 speculum
2615 3710 2663 3754 et
2707 3697 2761 3751 in
2793 3696 3093 3764 wnigmate,
3131 3703 3256 3746 tunc
3285 3701 3460 3745 autem

1885 3791 2025 3860 facie
2070 3792 2140 3845 ad
2172 3790 2362 3861 [aciem
2407 3792 2486 3856 ³⁶;
2539 3802 2591 3846 et
2623 3791 2766 3845 istud
2802 3806 2815 3842 :
2852 3787 2988 3841 Dum
3023 3801 3202 3840 sumus
3237 3784 3295 3837 in
3339 3797 3459 3837 cor-

1884 3899 2032 3954 pore,
2083 3885 2486 3954 peregrinamur
2538 3901 2570 3937 a
2625 3881 2872 3949 Domina,
2919 3888 3211 3953 propterea
3272 3875 3462 3930 bonum

1885 3976 2204 4030 voluntatem
2239 3975 2491 4029 habemus
2541 3976 2868 4044 peregrinari
2907 3990 2938 4026 a
2985 3985 3200 4040 corpore
3229 3977 3280 4023 et
3319 3983 3460 4038 pra:-

1887 4078 2056 4123 sentes
2084 4084 2192 4122 esse
2223 4068 2292 4122 ad
2323 4067 2605 4122 Dominum
2639 4067 2705 4122 ³⁷.

1958 4335 2048 4388 5|.
2090 4332 2196 4390 Sed
2227 4334 2355 4404 quid
2389 4347 2476 4390 me
2499 4349 2635 4405 opus
2667 4343 2751 4391 est
2782 4333 2924 4389 Celsi
2969 4329 3151 4386 verbis
3180 4331 3334 4400 plura
3361 4345 3461 4397 op-

1889 4443 2116 4498 ponere,
2155 4436 2212 4481 nt
2239 4427 2462 4496 probem
2502 4427 2618 4482 hmc
2649 4442 2678 4480 a
2709 4425 2910 4481 nostris
2948 4425 3114 4479 multo
3147 4432 3274 4478 ante
3301 4421 3466 4477 fuisse

194 4522 431 4591 γμένων,
489 4522 580 4575 ὅτε
632 4522 728 4575 καὶ
763 4523 826 4574 ὲκ
858 4520 964 4575 τῶν
1014 4521 1318 4594 εἰρημένων
1360 4523 1528 4592 σαφές
1575 4525 1692 4577 ἐστι
1723 4521 1776 4577 τὲ

1894 4522 2058 4588 dicta,
2093 4520 2310 4589 quando
2356 4536 2424 4575 ex
2474 4516 3169 4577 memoratis.testitnoniis
3224 4515 3276 4569 id
3317 4514 3468 4570 clare

197 4611 446 4684 βούλημα
488 4611 676 4683 ἡμῶν;
736 4613 823 4665 Ἐν
857 4611 1068 4676 τούτοις
1116 4612 1173 4664 δὲ
1204 4615 1299 4666 καὶ
1332 4612 1493 4666 οἱονεὶ
1536 4612 1778 4686 τίθησιν·

195 4702 300 4754 Καὶ
327 4701 566 4771 πνεῦμα
585 4701 696 4754 εἴτι
722 4701 919 4756 οἴεσθε
943 4701 1150 4756 κατιὼν
1177 4703 1246 4756 ἐκ
1273 4702 1419 4756 Θεοῦ
1450 4703 1778 4774 προαγγέλ-

192 4792 454 4866 ,ιω-(δι)
479 4791 552 4846 τὰ
572 4792 718 4858 θεῖα,
746 4794 899 4847 τοῦτ’
922 4793 1000 4846 ἂν
1019 4793 1111 4860 εἴη
1134 4794 1199 4847 τὸ
1229 4794 1483 4864 πνεῦμα,
1508 4795 1571 4848 τὸ
1598 4797 1787 4851 ταῦτα

266 4949 312 4982 ³⁵
336 4949 478 5004 Psal.
506 4965 558 5012 ι,
586 4948 639 5002 7.
718 4948 764 4979 ’⁸
791 4948 933 5005 Psul.
989 4964 1111 5010 Lvu,
1151 4949 1206 5002 4.
1300 4951 1343 4982 ³⁷
1371 4949 1500 5004 ibid.

195 5015 242 5088 ξεῖ
272 5020 523 5088 Euripid.
599 5019 642 5050 "
669 5017 812 5072 Psal.
841 5035 991 5080 mu,
1016 5021 1102 5072 26-
1184 5020 1228 5051 ³²
1254 5020 1396 5074 Psal.
1422 5035 1533 5083 ut,
1561 5021 1651 5074 l6.

197 5087 243 5118 ⁸⁸
266 5088 285 5141 l
311 5087 444 5144 Cor.
474 5104 597 5156 xm,
625 5088 712 5141 12.
790 5089 832 5119 ³⁷
859 5089 897 5142 ll
923 5090 1048 5143 Cor.
1075 5105 1129 5150 v.
1158 5089 1190 5142 6
1213 5102 1264 5144 et
1287 5091 1338 5144 8.

295 5205 391 5276 29)
422 5206 564 5260 Ὅτι.
601 5205 919 5276 Boltcrellus
956 5205 1137 5260 mallet
1169 5207 1249 5261 τό.

295 5277 390 5344 30)
443 5275 584 5346 Περὶ
634 5276 752 5327 τῶν
782 5275 912 5343 ἄρτι
941 5277 1410 5346 γεγεννημένων.
1440 5275 1574 5331 Vide
1594 5276 1783 5332 Galeni

203 5345 302 5417 lib.
327 5361 358 5397 v
378 5346 466 5417 De
511 5345 852 5417 Hippocratis
879 5356 926 5398 et
957 5345 1202 5400 Plutonis
1228 5348 1470 5406 decretis.
1509 5363 1627 5417 pag.
1655 5349 1782 5402 290.

275 5415 394 5486 (31)
436 5416 535 5482 Ὠς
568 5412 758 5488 εἶπεν.
797 5417 870 5469 Ita
901 5417 1061 5471 codd.
1092 5417 1222 5488 lteg.
1263 5428 1316 5470 et
1349 5412 1599 5471 Βυεὶιζιιῐ
1626 5427 1783 5472 antea

205 5487 374 5538 editis
397 5488 548 5539 deest
575 5486 673 5547 ὡς.

281 5556 400 5625 (52)
435 5556 539 5622 Τίς
569 5553 753 5610 οἶδεν.
793 5555 1052 5624 Sequitur
1084 5557 1222 5625 apud
1263 5557 1510 5620 Suidam,
1542 5556 1605 5609 τὸ
1637 5558 1787 5610 πνεῖν

204 5625 264 5678 δὲ
316 5626 576 5690 δειπνεῖν,
626 5627 720 5678 καὶ
772 5627 834 5678 τὸ
895 5625 1175 5680 καθεύδειν
1230 5627 1439 5680 κώδιον.
1503 5629 1784 5691 Stobteus,

209 5711 386 5750 scrin.
422 5695 545 5757 H7,
581 5712 648 5750 ex
676 5695 935 5761 Euripide
969 5713 982 5748 :

289 5767 396 5832 Τίς
426 5765 478 5818 δ’
510 5763 674 5821 οἶδεν
702 5768 752 5819 εὶ
781 5765 887 5834 ζῆν
918 5766 1097 5830 τοῦθ’,
1128 5766 1157 5818 ὃ
1187 5767 1470 5833 κέκληται
1497 5767 1718 5831 θανεῖν,

291 5837 364 5890 Τὸ
399 5835 503 5906 ζῇν
529 5837 596 5890 δὲ
628 5834 913 5904 θνήσκειν
943 5837 1075 5889 ἐστι
1090 5853 1109 5900 ;
1143 5841 1231 5891 ηλ
1243 5837 1316 5906 ὴν
1345 5837 1498 5906 ὅμως
1520 5837 1757 5907 βροτῶν

1608 4952 1689 4982 ⁸⁷¹
1736 4951 1892 5004 Rom.
1939 4967 2057 5016 vm,
2133 4950 2223 5004 20.

1748 5022 1791 5052 ³³
1811 5021 1969 5076 Boni.
1995 5037 2088 5086 vn,
2117 5021 2207 5074 24.

1893 4611 2164 4668 ellicitur‘l
2213 4609 2331 4680 Ipse
2370 4611 2438 4665 ad
2490 4609 2579 4664 illa
2627 4610 3029 4679 quodammodo
3063 4605 3302 4676 respicit,
3341 4619 3468 4658 cum

1892 4707 1964 4758 ait
1996 4722 2008 4758 :
2043 4702 2104 4758 Si
2129 4719 2282 4773 quem
2307 4704 2505 4772 putatis
2529 4717 2594 4756 ex
2622 4701 2730 4755 Deo
2756 4700 3087 4755 descendisse
3115 4698 3359 4767 spiritum
3398 4697 3470 4750 ad

1894 4814 1974 4851 res
2009 4797 2214 4850 divinas
2249 4794 2699 4859 annuntiandum,
2743 4793 2829 4846 hic
2857 4793 3076 4860 spiritus
3112 4806 3240 4845 sane
3281 4788 3367 4842 ille
3394 4799 3470 4842 est

2859 4947 2902 4978 ¹⁹
2926 4944 3072 4998 Psal.
3118 4959 3350 5006 xxxvm,
3414 4943 3471 4996 6.

2317 4949 2364 4982 ³⁸
2402 4947 2608 5002 Eccles.
2637 4963 2676 5010 ι,
2700 4946 2756 5000 2.
2859 4947 2902 4978 ¹⁹
2926 4946 3072 4998 Psal.
3118 4959 3350 5006 xxxvm,
3414 4946 3471 4996 6.

2317 5019 2350 5050 ’δ
2377 5019 2607 5080 Philipp.
2636 5033 2724 5080 tu,
2745 5017 2836 5072 21.
2933 5016 2977 5046 ³⁵
2999 5014 3147 5069 Psal.
3178 5028 3332 5080 sunt,
3379 5011 3484 5068 20.

2304 5019 2350 5051 “
2377 5019 2607 5086 Philipp.
2636 5033 2724 5081 tu,
2745 5017 2836 5072 21.

1963 5204 2270 5260 Νοσοῦσιν
2299 5204 2353 5255 οἱ
2383 5199 2742 5266 βλέποντες,
2765 5203 2819 5254 οὶ
2851 5198 2902 5252 δ’
2929 5198 3228 5262 ὀλωλότες

1970 5273 2160 5328 Οὐδὲν
2211 5271 2529 5332 νοσοῦσιν,
2569 5265 2711 5325 οὐδέ
2740 5269 3060 5337 κέκτηνται
3081 5267 3258 5321 κακά.
3278 5265 3478 5337 Set-Inc.

1896 5345 2024 5412 Qtne
2061 5343 2334 5410 Euripidis
2380 5342 2624 5396 versibus
2674 5336 3209 5412 subnectit_Su_itlas
3257 5341 3312 5393 in
3364 5336 3477 5405 τίς,

1895 5407 2174 5482 desumpta
2196 5407 2331 5482 sunt
2353 5427 2417 5465 ex
2450 5411 2836 5482 Aristophane,
2870 5409 2923 5462 iu
2956 5407 3147 5482 Ranis.

1967 5479 2101 5555 (53)
2123 5484 2177 5534 Ὁ
2213 5481 2406 5551 Ἀδάμ.
2444 5481 2573 5536 Vide
2597 5479 2976 5536 adnotationcs
3001 5482 3068 5535 ad
3100 5479 3193 5534 lib.
3228 5494 3299 5544 tv,
3324 5492 3478 5532 num.

1969 5596 2082 5693 (54)
2110 5623 2218 5678 Καὶ
2274 5623 2512 5693 πνεῦμα
2561 5621 2672 5676 εἴτι
2720 5620 2922 5693 οἴεσθε
2977 5617 3188 5674 κατιόν
3227 5619 3296 5672 ἐκ
3330 5615 3482 5693 θεοῦ

1897 5689 2352 5765 προαάιτέλλειν.
2386 5689 2462 5749 lla
2508 5694 2674 5765 code};
2722 5690 2970 5765 Jolianus
2995 5707 3063 5765 ex
3111 5689 3481 5765 correctione.

1901 5755 2254 5819 lfihhfhntea
2293 5765 2448 5836 editi,
2492 5764 2524 5836 ἢ
2580 5761 2695 5827 πῶς
2729 5762 2945 5834 πνεῦμα
2990 5761 3132 5815 θεῖον
3181 5757 3366 5814 κατιδν
3413 5755 3494 5812 ἑκ

1899 5836 2030 5890 Θεοῦ
2063 5833 2394 5907 προαγγέλλε
2404 5853 2439 5890 ι.
