3846 6406
552 295 690 352 usa
2041 308 2371 367 ORIGENIS
3664 333 3776 393 tam

549 430 699 482 rans,
721 431 845 470 eum
874 418 950 472 ait
979 418 1219 472 omnium
1250 433 1513 477 consensu
1540 435 1730 480 sancto
1760 426 1963 497 Spiritu
1993 431 2104 486 allia

2240 435 2473 501 ἐκείνοις
2504 438 2841 511 ἀρκούμεθα.
2882 442 2947 496 Τί
2985 444 3041 498 δὲ
3081 446 3173 500 καὶ
3216 447 3505 519 θαυμάσας
3557 453 3769 526 Ὀρφέως,

551 516 664 559 tum
699 522 819 562 esse
848 518 902 561 et
935 519 1080 564 recte
1114 511 1348 565 vixisse?
1382 512 1605 570 Multum
1637 516 1817 586 fallor,
1858 522 1903 575 si
1943 524 2104 579 Celso,

2230 527 2676 600 ὁμολογουμένως
2714 534 2882 603 φησὶν
2914 536 3076 590 αὐτὸν
3107 538 3241 609 ὁσίῳ
3279 511 3623 612 χρησάμενονΙ

547 612 651 649 non
701 613 765 650 eo
797 598 1033 652 celebrat
1078 598 1376 670 Orpheum,
1419 615 1479 659 ut
1513 608 1793 664 nobiscum
1831 618 2129 671 contendat

544 697 598 737 et
624 684 807 741 Jcsum
841 690 1140 757 deprimat;
1174 708 1293 747 cum
1328 709 1459 751 vero
1492 697 1685 767 impias
1730 703 1873 759 illius
1918 706 1984 761 de
2025 708 2129 764 diis

544 775 758 831 fabulas
807 778 977 848 legit,
1029 798 1134 837 non
1199 787 1447 841 carmina
1502 790 1806 850 detestatus
1856 795 2021 851 fuerit
2071 808 2130 854 ut

543 868 715 935 magis
762 886 923 939 quant
979 872 1195 932 Homeri
1252 894 1463 946 versus,
1510 883 1693 954 digna,
1742 902 1861 955 qua:
1907 903 1975 942 ex
2024 892 2127 945 rite

2234 634 2387 687 ματι,
2436 619 2616 684 καλῶς
2663 621 3023 691 βεϐιωκέναι;
3065 627 3346 697 Θαυμάςω
3388 630 3464 695 δὲ,
3504 635 3552 685 εί
3599 634 3662 705 μὴ
3701 641 3770 691 καὶ

2230 710 2441 774 Κέλσος
2471 712 2558 765 διά
2595 717 2691 783 μὲν
2733 716 2836 787 τὴν
2868 717 3003 788 πρὸς
3036 721 3187 790 ἡμᾶς
3227 720 3578 789 φιλονεικίαν,
3603 728 3682 779 καὶ
3708 728 3771 781 ἵνα

2242 798 2452 869 Ἰησοῦν
2494 801 2828 875 ὲξευτελίσῃ,
2877 804 2973 858 νῦν
3009 806 3169 878 ὑμνεῖ
3213 809 3455 881 Ὀρφέα·
3500 813 3583 865 ὅτε
3622 814 3661 868 δ’
3688 818 3771 871 ἐνε-

2228 891 2495 961 τύγχανεν
2529 894 2638 966 (42)
2674 896 2843 951 αὑτοῦ
2876 901 2989 963 τοῖς
3016 899 3092 963 ὼς
3126 902 3254 975 περῖ¹
3289 902 3429 957 θεῶν
3466 905 3669 960 ἀσεϐέσι
3698 910 3771 978 μύ-

544 955 787 1011 instituta
839 963 1115 1030 republica
1169 971 1628 1028 exterminentur.
1675 975 1923 1048 Orpheus
1975 983 2121 1037 enim

541 1047 700 1119 longe
730 1052 935 1120 pejora,
966 1072 1126 1125 quam
1157 1059 1443 1127 Homerus,
1478 1065 1542 1119 de
1575 1066 1680 1121 diis
1710 1071 1953 1126 carmina
1988 1088 2124 1129 cou-

538 1143 775 1211 scripsit.
810 1146 1145 1216 Generosos,
1184 1151 1380 1220 lateor,
1438 1156 1528 1211 ille
1579 1158 1940 1219 Anaxarchus
1989 1165 2125 1233 fuit,

540 1232 630 1297 qui
656 1233 1053 1292 Aristocreonti
1084 1239 1245 1312 Cypri
1276 1254 1506 1315 tyranno
1533 1264 1546 1301 :
1582 1249 1784 1317 Tunde,
1823 1232 2123 1325 inquiebat,

539 1323 699 1375 (unde
744 1326 1053 1383 Anaxarchi
1100 1335 1381 1402 vaginam;
1431 1340 1527 1394 sed
1569 1342 1623 1395 id
1656 1359 1822 1399 unum
1874 1323 1941 1402 de
1974 1323 2122 1404 Ana;

539 1413 743 1467 xarcho
786 1415 960 1473 (ἓνωοί
1010 1435 1241 1488 norunt,
1294 1429 1438 1495 quod
1490 1434 1850 1490 admiratione
1898 1438 2122 1510 dignum

537 1500 647 1554 sit:
683 1514 735 1555 et
778 1512 1025 1573 quamvis
1070 1513 1308 1571 hominis
1350 1520 1604 1575 virtutem
1650 1524 1772 1591 alii,
1819 1537 1876 1581 ut
1909 1528 2121 1599 Celsus,

538 1593 715 1659 magni
758 1595 939 1652 facere
986 1600 1299 1672 debuerint,
1341 1608 1731 1667 Anaxarchum
1779 1616 1981 1673 idcirco
2026 1593 2123 1689 pro

535 1680 634 1733 deo
665 1684 849 1739 haberi
888 1702 991 1743 non
1041 1703 1161 1746 erat
1194 1709 1646 1756 consentaneum.
1689 1704 1769 1759 Ad
1810 1706 2117 1776 Epictetum

534 1786 750 1841 quoque
785 1790 880 1831 nos
919 1781 1118 1847 mittit,
1150 1786 1428 1845 admirans
1459 1806 1619 1859 quam
1666 1812 1929 1866 generoso
1972 1804 2117 1860 dicto
2150 1806 2190 1861 Β

536 1863 835 1921 fracturam
876 1871 960 1925 sui
1023 1876 1200 1931 cruris
1251 1885 1577 1950 exceperit;
1619 1890 1760 1954 quod
1815 1900 1990 1947 tamen
2036 1897 2121 1950 di-

535 1963 683 2012 ctum
710 1959 974 2026 ejusmodi
1005 1982 1108 2020 non
1136 1980 1240 2035 est,
1267 1981 1326 2024 ut
1362 1989 1487 2030 cum
1522 1980 1917 2040 excellentibus
1962 1987 2123 2045 dictis

538 2044 804 2116 factisque
848 2050 976 2105 Jesu
1013 2070 1040 2107 a
1089 2057 1249 2113 Celso
1296 2062 1568 2132 despectis
1613 2070 1850 2126 conferri
1902 2077 2119 2143 possit:

535 2150 661 2203 nam
710 2140 831 2196 illos
886 2141 1013 2198 Jesu
1058 2162 1343 2208 sermones
1403 2156 1584 2211 divina
1648 2173 1887 2229 potestas
1946 2171 2121 2223 comi-

538 2230 780 2298 tabatur,
831 2243 887 2289 et
946 2238 1119 2293 adhuc
1176 2257 1284 2297 non
1340 2246 1701 2317 simpliciores
1768 2259 1959 2327 modo,
2026 2265 2129 2318 sed:

533 2321 700 2374 etiam
747 2324 1200 2397 intelligentiores
1262 2349 1367 2389 non
1408 2353 1573 2406 parvo
1605 2358 1833 2403 numero
1885 2365 2118 2408 conver-

605 2503 697 2557 53.
741 2506 909 2562 Addit
960 2519 1039 2565 tot
1074 2512 1310 2571 virorum
1360 2525 1765 2581 enumerationi
1814 2548 1827 2584 :
1864 2532 2007 2597 Quid
2042 2537 2116 2589 εἱς

531 2595 654 2649 mile
697 2596 839 2652 Deus
871 2612 1033 2657 vester
1063 2607 1119 2660 in
1164 2612 1422 2679 supplicio
1472 2616 1651 2670 dixit?
1682 2595 2112 2693 Respondemus,

530 2688 649 2754 ejus
680 2691 731 2744 in
765 2694 1079 2754 verberibus
1124 2700 1547 2776 ignominiisque
1579 2711 1852 2768 silentium
1895 2718 2116 2789 majoris

530 2786 858 2840 constantia:
922 2791 1306 2862 patientiaque
1364 2795 1569 2863 fuisse,
1621 2818 1785 2871 quam
1852 2786 2114 2879 quidquid

527 2873 697 2930 Grmci
745 2878 1146 2938 calamitatibus
1196 2890 1368 2955 pressi
1424 2892 1709 2962 dixerunt;
1757 2899 1801 2952 si
1838 2910 2014 2957 tamen
2061 2904 2113 2959 id

528 2969 750 3023 credere
799 2973 911 3025 vult
959 2972 1191 3042 Celsus,
1231 2983 1373 3048 quod
1429 2999 1459 3038 a
1518 2988 1653 3044 viris
1713 2993 1932 3061 Optima:
1988 2995 2110 3052 ﬁdei

533 3062 801 3129 scriptum
834 3074 941 3129 est,
986 3069 1076 3136 qui
1108 3085 1231 3123 eum
1260 3070 1387 3127 Jesu
1433 3077 1695 3133 miracula
1741 3098 1867 3139 vere
1909 3100 2112 3143 memo-

526 3163 739 3217 rarunt,
783 3163 895 3209 tum
930 3158 1035 3214 illis
1073 3162 1189 3231 ejus
1228 3164 1279 3219 in
1317 3168 1583 3237 suppl-icio
1622 3172 1895 3231 silentium
1931 3193 2107 3234 annu-

523 3256 825 3302 meravere.
854 3247 960 3302 Sed
992 3259 1045 3303 et
1076 3253 1263 3310 eadem
1298 3274 1428 3313 usus
1458 3274 1539 3316 est
1573 3269 2009 3337 mansuetudine,
2053 3284 2109 3328 et

522 3348 647 3387 cum
693 3337 927 3396 ludibrio
966 3344 1185 3401 habitus
1215 3359 1318 3414 est,
1360 3362 1565 3408 etcum
1603 3356 1822 3416 indutus
1863 3374 1947 3417 est
1983 3380 2109 3421 coc-

521 3428 734 3483 cineam
766 3433 930 3506 734
956 3439 1324 3511 chlamydem,
1347 3456 1401 3500 et
1429 3466 1551 3505 eum
1583 3453 1699 3523 ejus
1725 3464 1886 3525 caput
1918 3459 2104 3527 spinea

518 3517 913 3579 circumdatum
961 3539 1042 3583 est
1092 3546 1321 3601 corona,
1359 3550 1414 3593 et
1449 3556 1571 3596 cum
1609 3547 1930 3603 arundinem
1986 3550 2104 3605 loco

520 3610 719 3676 sceptri
757 3616 986 3683 sumpsit
1028 3618 1079 3672 in
1115 3636 1337 3689 manus;
1377 3644 1476 3684 nec
1508 3633 1806 3703 quidquam
1848 3638 2100 3707 ignavum

519 3706 613 3749 aut
671 3704 1075 3762 stomachosum
1127 3712 1201 3766 illi
1269 3719 1474 3773 excidit
1533 3724 1795 3781 adversus
1858 3743 1951 3784 eos
2008 3731 2100 3800 qui

520 3797 668 3846 tanta
721 3794 987 3853 adversus
1047 3801 1222 3870 ipsum
1293 3812 1578 3869 auderent.
1629 3816 1731 3882 Qui
1784 3820 1947 3889 igitur
1990 3839 2099 3890 pra:

519 3878 843 3940 fortitudine
891 3893 1058 3945 tacuit
1107 3894 1157 3947 iu
1215 3900 1502 3969 supplicio,
1550 3878 1881 3974 quivomn’ia
1918 3913 2021 3968 sibi
2067 3934 2095 3969 a

512 3973 627 4026 suis
659 3974 1001 4035 derisoribus
1042 3983 1248 4042 inllicta
1288 4005 1567 4049 mansuete
1599 4001 1878 4064 sustinuit,
1913 4004 1958 4058 is
1991 4021 2095 4060 non

515 4076 627 4129 pr=e
669 4068 905 4137 ignavia,
944 4082 1001 4127 ut
1055 4079 1352 4146 opinantur
1406 4090 1677 4156 nonnulli,
1725 4095 1859 4148 dixit
1908 4098 2092 4155 istud:

514 4150 701 4221 Pater,
733 4160 781 4210 si
812 4164 1062 4221 possibile
1098 4177 1195 4231 est,
1226 4180 1458 4227 transeat
1491 4194 1521 4229 α
1562 4196 1641 4233 me
1669 4185 1811 4237 catis:
1842 4187 1958 4240 iste.
2003 4186 2094 4243 Ve-

509 4256 809 4303 rumtamen
845 4268 947 4305 non
996 4265 1051 4307 ut
1082 4274 1173 4327 ego
1211 4261 1346 4325 volo,
1383 4267 1475 4319 sed
1525 4270 1664 4323 sicut
1711 4283 1767 4325 tu
1794 4274 1862 4331 "’.
1897 4278 1992 4332 Est
2037 4290 2092 4335 et

507 4336 610 4390 alia
660 4343 799 4396 ratio
833 4360 931 4399 cur
964 4348 1146 4415 istum,
1198 4363 1255 4407 ut
1293 4367 1485 4425 vocat,
1521 4363 1748 4419 calicem
1804 4368 2086 4438 deprecari

505 4432 653 4487 visus
696 4435 892 4506 fuerit,
942 4457 1104 4509 quam
1157 4447 1282 4500 alibi
1325 4448 1495 4508 fusius
1552 4459 1986 4517 cxaminavimus
2034 4476 2087 4519 et

502 4525 916 4593 explicavimus.
962 4536 1156 4591 Verum
1192 4551 1246 4593 ut
1281 4543 1419 4598 hanc
1463 4547 1907 4617 deprecationem
1952 4558 2085 4612 sint-

502 4618 695 4684 plicius
736 4624 1126 4697 intelligamus,
1176 4635 1297 4690 vide
1330 4652 1509 4693 annon
1554 4643 1639 4709 pia
1677 4645 1727 4699 in
1778 4647 1945 4703 Deum
1996 4651 2082 4705 illa

499 4706 571 4758 sit
603 4713 811 4768 oratio:
845 4732 968 4769 cum
1008 4735 1167 4774 nemo
1204 4740 1331 4779 suas
1366 4728 1709 4787 calamitates
1744 4742 2084 4795 antecedenti

497 4811 683 4854 causa:
711 4804 935 4871 tribuat,
967 4811 1059 4862 sed
1091 4814 1465 4870 sustinendum
1493 4835 1613 4875 esse
1641 4824 1934 4897 existimet,
1960 4846 2081 4886 cum

498 4894 713 4957 tempus
737 4896 991 4964 postulat,
1023 4900 1073 4954 id
1112 4905 1254 4971 quod
1286 4922 1392 4961 non
1431 4924 1496 4963 ex
1534 4917 1891 4974 antecedente
1917 4894 2081 4977 causa

637 5062 685 5096 “
710 5065 898 5123 Matth.
926 5088 1077 5142 xxvr,
1105 5076 1195 5131 59.

706 5220 854 5314 ths;
873 5226 1261 5314 νἐνετύγχανενἐ
1290 5234 1444 5291 Libb.
1468 5240 1622 5314 editi,
1647 5245 1960 5314 ἐτύγχανεν.

563 5288 675 5385 (λάξ)
702 5288 1141 5385 ΙξΕκϐάλνξερςᾷἶι
1183 5303 1291 5372 τῆς
1338 5288 2071 5385 “Vide

494 5358 877 5437 adnutatipnes
904 5370 968 5421 ad
1010 5371 1101 5425 lib.
1132 5388 1204 5437 tv,

717 5431 979 5519 :ngcsdc.
1010 5438 1145 5519 Yide
1587 5454 1653 5507 ad
1690 5456 1782 5511 lib.
1815 5475 1850 5519 ι,
1887 5478 1943 5513 n.
1976 5462 2063 5517 16.

563 5497 689 5591 (4‘5)1
700 5497 1195 5591 ᾹΑξρὶστοξιρέρντι.
1234 5497 1614 5591 Νιιῖ
1623 5497 1801 5580 “Pl-lita
1965 5497 1998 5585 li

490 5565 1012 5650 πεθὶηήᾂέὰρετῆξι.
1045 5565 1250 5647 Laert.,
1546 5565 1847 5650 ’ᾖδε-ἀ.ιὲιῶ

563 5634 677 5738 (ἧς)
724 5634 1092 5738 ’Ξάέξίτήξοτα
1136 5634 1178 5705 Α
1216 5634 1429 5738 .t'tzncris
1460 5663 1801 5738 tlaudicasse
1850 5670 2061 5738 Epicte-

496 5709 607 5756 tum
634 5706 796 5762 tradit
822 5706 1131 5785 Simplicius
1161 5726 1225 5777 ad
1262 5706 2058 5805 |ccx

2228 982 2361 1047 θοις,
2399 986 2498 1038 οὐκ
2538 988 2912 1061 ἀπεστρέφετο
2939 990 3006 1044 τὰ
3039 994 3344 1064 ποιήματα,
3377 994 3453 1059 ὡς
3491 997 3669 1067 μᾶλλον
3694 1002 3769 1054 τῶν

2238 1076 2479 1146 Ὀμήρου
2508 1078 2630 1144 ἀξια
2663 1080 3026 1136 ἐκϐάλλεσθαι
3057 1085 3157 1155 τῆς
3185 1086 3360 1157 καλῆς
3392 1087 3651 1153 πολιτείας
3670 1092 3766 1161 (ﬁt

2226 1168 2319 1220 καὶ
2354 1168 2464 1240 γὰρ
2493 1171 2669 1242 πολλῷ
2710 1173 2931 1245 χείρονα
2976 1176 3103 1249 περὶ
3142 1178 3252 1231 τῶν
3284 1179 3644 1251 νομιζομένων
3680 1180 3769 1237 εἷπε

2226 1259 2364 1313 θεῶν
2421 1262 2652 1333 Ὀρφεὺς
2687 1264 2801 1336 (44)
2846 1265 2879 1338 ἢ
2934 1269 3199 1341 Ὅμηρος.
3240 1271 3495 1335 Γενναῖος
3528 1274 3618 1343 μὲν
3646 1271 3719 1328 οὖν
3751 1280 3771 1329 ὁ

2237 1353 2585 1427 Ἀνάξαρχος,
2607 1356 2782 1426 λέγων
2802 1359 2881 1429 τῷ
2906 1360 3005 1431 τῆς
3031 1362 3258 1434 Κύπρου
3289 1366 3538 1437 τυράννῳ
3579 1368 3771 1439 Ἀριστο-

2224 1446 2437 1514 κρέοντι
2467 1447 2600 1517 (45),
2630 1451 2883 1516 Πτίσσε,
2925 1454 3148 1507 πτίσσε
3172 1456 3282 1509 τὸν
3322 1457 3676 1528 Ἀναξάρχου
3701 1462 3770 1515 θύ-

2220 1540 2449 1592 λακον
2498 1543 2783 1611 μονογενὲς
2823 1544 2880 1597 δὲ
2917 1544 3075 1599 τοῦτο
3118 1547 3248 1619 περὶ
3296 1548 3620 1622 Ἀναξάρχου
3658 1554 3767 1606 ἴσασι

2223 1626 2635 1701 θαυμαζόμενον
2669 1634 2966 1706 ’Έλληνεςσ
3008 1638 3092 1706 ἐφ’
3137 1632 3183 1707 ᾧ
3227 1640 3277 1692 εί
3320 1641 3439 1705 καὶ,
3468 1642 3541 1706 ὡς
3585 1643 3766 1708 Κέλσος,

2222 1720 2387 1787 ἀξίως
2415 1723 2580 1795 ἐχρῆν
2604 1741 2757 1789 τινας
2796 1726 2976 1780 σέϐειν
3022 1728 3310 1801 ἄνθρωπον
3340 1732 3410 1785 δι’
3449 1734 3654 1804 ἀρετὴν,
3693 1741 3767 1790 οὒκ

2319 1813 2538 1883 εὔλογον
2564 1818 2995 1889 ἀναγορεύεσθαι
3028 1822 3121 1875 τὸν
3166 1823 3501 1897 Ἀνάξαρχον
3535 1826 3660 1881 θεόν.
3688 1832 3767 1882 Καὶ

2224 1904 2318 1957 ἐπὶ
2356 1906 2676 1978 Ἑπίκτητον
2714 1909 2827 1978 (46)
2870 1910 2927 1962 δὲ
2963 1913 3113 1982 ἡμᾶς
3150 1914 3493 1986 ἀναπέμπει,
3531 1918 3766 1989 θαυμάσας

2221 1992 2282 2047 τὺ
2304 1994 2541 2063 εὐγενῶς
2573 1997 2670 2066 μὲν
2702 1999 2851 2071 αὐτῷ
2872 2001 3220 2073 λελεγμένον,
3242 2006 3307 2059 οὐ
3343 2006 3451 2078 μὴν
3479 2007 3607 2062 ὥστε
3631 2029 3765 2081 παρα-

2222 2085 2481 2157 6).ηθῆναι
2514 2089 2676 2144 αὑτοῦ
2702 2092 2796 2163 τὸν
2820 2093 2912 2146 ἐπὶ
2938 2096 3002 2165 τῇ
3030 2096 3257 2163 κατάξει
3282 2097 3379 2152 τοῦ
3414 2100 3625 2166 σκέλους
3645 2104 3763 2173 λόγον

2222 2179 2331 2240 τοῖς
2352 2180 2672 2250 παραδόξοις
2691 2182 2787 2236 τοῦ
2823 2185 2996 2255 Ἰησοῦ
3024 2186 3206 2257 ἔργοις
3234 2189 3332 2243 καὶ
3354 2190 3535 2260 λόγοις
3556 2195 3761 2248 ἀπιστου-

2224 2271 2405 2341 μένοις
2436 2275 2539 2328 ὑπὸ
2565 2278 2774 2332 Κέλσου
2791 2297 2804 2311 ·
2838 2280 2925 2334 διὰ
2949 2281 3008 2336 τὸ
3030 2284 3124 2337 καὶ
3145 2284 3378 2357 δυνάμει
3403 2289 3636 2361 λελέχθαι
3653 2292 3755 2363 θείᾳ,

2224 2362 2385 2434 μέχρι
2414 2364 2574 2438 δεῦρο
2607 2370 3033 2441 ἐπιστρέφοντας
3061 2375 3123 2428 οὐ
3158 2376 3270 2431 τῶν
3310 2379 3676 2454 ἁπλουστέρων

2218 2452 2315 2518 νὰς
2345 2456 2526 2525 μόνον,
2562 2458 2695 2513 ἀλλὰ
2723 2462 2816 2514 καὶ
2846 2462 3072 2528 πολλοὺς
3108 2465 3217 2518 τῶν
3254 2452 3643 2543 συνετωτέρὼ.

2304 2547 2456 2601 Ἐπεὶ
2494 2549 2550 2603 δέ
2588 2568 2719 2622 φησι
2756 2552 2895 2623 μετά
2927 2554 3017 2610 τὸν
3044 2558 3353 2628 κατάλογον
3395 2562 3506 2615 τῶν
3540 2564 3765 2617 τοσούτων

2218 2636 2427 2709 ἀνδρῶν
2453 2639 2536 2701 τὸ,
2589 2643 2651 2695 Τί
2683 2646 2959 2699 τοιοῦτον
3004 2650 3037 2701 ό
3070 2649 3360 2719 ὑμέτερος
3396 2655 3537 2720 Θεὸς
3570 2655 3767 2716 κολαζό-

2209 2747 2397 2800 μενος
2440 2731 2802 2803 ἐφθέγξατο;
2837 2738 3099 2809 Εἴποιμεν
3144 2739 3212 2794 ἄν
3247 2744 3389 2815 πρὸς
3435 2746 3608 2809 αὐτὸν,
3646 2748 3765 2816 ὁτιή

2217 2822 2369 2892 παρὰ
2401 2825 2521 2887 ταῖς
2554 2824 2773 2895 μάστιξι
2812 2830 2905 2881 καὶ
2938 2833 3061 2894 ταῖς
3110 2832 3336 2897 πολλαῖς
3388 2837 3590 2901 αἰκίαις
3636 2837 3765 2890 αξιπῦ

2217 2915 2395 2983 σιωπὴ
2436 2916 2635 2980 παντὸς
2660 2917 2753 2970 τοῦ
2780 2920 2838 2971 ὲν
2868 2920 3148 2992 Ἕλλησιν,
3192 2926 3251 2977 ὲν
3284 2929 3632 2999 περιστάσεσι
3662 2946 3764 2997 τυγο

2214 3002 2488 3073 χάνοντος,
2546 3007 2920 3081 φθεγξαμένου
2975 3014 3178 3083 μᾶλλον
3230 3018 3463 3089 ἐνέφηνε
3510 3022 3765 3092 καρτερίαν

2215 3096 2307 3149 καὶ
2341 3096 2647 3169 ὑπομονήν·
2693 3100 2749 3153 εί
2778 3119 2841 3170 γε
2875 3103 2978 3157 κᾶν
3014 3104 3189 3175 τούτῳ
3233 3108 3511 3162 πιστεύειν
3542 3113 3569 3163 ὁ
3599 3110 3766 3171 Κέλσος

2132 3168 2178 3230 C
2211 3185 2455 3255 βούλεται
2486 3168 2843 3261 εὐγνωμόνιος
2864 3168 3346 3271 ἀναγεγραμμένῳ
3372 3201 3478 3254 ὑπὸ
3501 3202 3769 3271 φιλαληθᾶιν

2209 3278 2436 3350 ἀνδρῶν,
2482 3280 2589 3334 τῶν
2630 3284 2724 3336 κα)⁵
2755 3284 2824 3338 τὰ
2874 3287 3153 3357 παράδοξα
3188 3288 3446 3357 ἀψευδῶς
3477 3292 3759 3361 εἰρηκότων,

2208 3372 2301 3425 καὶ
2319 3372 2415 3443 τὴν
2442 3373 2594 3446 παρά
2620 3377 2741 3439 ταῖς
2764 3377 2978 3447 μάστιξι
3005 3380 3403 3458 σιωπὴν-αὑτοῦ
3432 3384 3647 3446 ἐκείνοις
3670 3401 3769 3435 σνν-

2205 3462 2651 3535 αριθμησάντων.
2709 3467 2867 3521 Ἀλλά
2909 3470 3003 3523 καὶ
3029 3472 3459 3543 ὲμπαιζόμενος,
3494 3477 3585 3528 καὶ
3619 3474 3766 3527 ἐνδυό-

2208 3570 2371 3624 μενος
2395 3555 2492 3627 τὴν
2520 3558 2780 3629 κοκκίνην
2814 3560 3082 3631 χλαμύδα,
3117 3566 3214 3619 καὶ
3240 3565 3334 3618 τὸν
3362 3566 3639 3622 ἀκάνθινον
3667 3568 3763 3619 στέ-

2204 3663 2373 3715 φανον
2422 3650 2484 3717 τῇ
2546 3649 2756 3721 κεφαλῇ
2808 3652 3237 3725 περιτιθέμενος,
3275 3658 3373 3709 καὶ
3416 3660 3506 3712 τὸν
3554 3660 3765 3729 κάλαμον

2202 3736 2493 3806 λαμϐάνων
2525 3739 2617 3792 ἐπὶ
2647 3742 2745 3813 τῆς
2776 3744 2957 3817 χειρὸς
2984 3748 3106 3801 ἀντὶ
3142 3750 3451 3822 σκήπτρου,
3485 3753 3622 3824 ἄκρα
3647 3768 3763 3823 πρα-

2200 3830 2351 3898 ότητι
2381 3830 2672 3902 ἐχρήσατο,
2713 3834 2875 3905 μηδὲν
2910 3837 3031 3910 μηδ’
3062 3840 3292 3909 ἀγεννὲς
3317 3843 3453 3914 (47),
3482 3844 3598 3916 μηδ’
3625 3846 3765 3911 ἀγαν-

2200 3922 2490 3990 ακτητικὸν
2537 3923 2706 3977 είπὼν
2747 3927 2882 3999 πρὸς
2924 3930 3143 3996 αὐτοὺς,
3184 3934 3427 3989 τοσαῦτα
3468 3937 3583 3989 κατ’
3626 3934 3763 3989 αὐτοῦ

2198 4011 2590 4082 τολμήσαντας.
2624 4017 2739 4071 Οὐκ
2777 4014 2845 4091 ἧν
2886 4017 2999 4087 οὖν,
3042 4025 3188 4078 κατὰ
3231 4026 3323 4079 τὸν
3358 4028 3467 4081 ἀπὸ
3498 4031 3759 4101 καρτερίας

2198 4105 2351 4176 παρά
2380 4109 2499 4168 ταῖς
2544 4108 2763 4177 μάστιξι
2807 4116 3180 4185 σιωπήσαντα,
3216 4118 3313 4172 καὶ
3348 4120 3457 4173 ἀπὸ
3490 4122 3760 4193 πραότητος

2195 4196 2371 4249 πάντα
2402 4197 2740 4268 ὑπομένοντα
2764 4202 2831 4254 τά
2874 4206 3026 4277 παρὰ
3064 4208 3171 4261 τῶν
3196 4209 3585 4279 ἐμπαιζόνπων
3624 4230 3761 4284 προτ-

2193 4288 2454 4357 αγόμενα,
2492 4292 2770 4363 εἰρηκέναι
2805 4297 2911 4350 ἀπὸ
2954 4299 3240 4367 ἀγεννείας
3281 4303 3360 4368 ὡς
3402 4304 3596 4359 οἴονταί
3640 4322 3759 4366 τινες

2195 4377 2289 4431 καὶ
2324 4380 2402 4443 τὸ,
2435 4382 2645 4450 Πάτερ,
2663 4388 2713 4437 εί
2740 4385 3021 4455 δυνατὸν,
3047 4391 3111 4444 τὸ
3132 4394 3430 4462 ποτήριον
3454 4398 3759 4465 παρελθέτω

2119 4516 2163 4570 D
2190 4469 2366 4522 τοῦτο
2396 4472 2493 4524 ἀπ’
2522 4475 2689 4543 ἐμοῦ·
2733 4478 2900 4548 πλὴν
2932 4484 3045 4552 υὺχ
3079 4484 3159 4550 ὡς
3192 4484 3311 4555 ἐγὼ
3342 4488 3515 4551 θέλω,
3549 4490 3673 4543 ἀλλ’
3694 4491 3756 4552 ὼς

2192 4561 2293 4614 σύ.
2335 4564 2485 4635 Ἔχει
2523 4567 2621 4636 μὲν
2654 4564 2747 4623 οὖν
2781 4570 2939 4641 λόγον
2990 4576 3025 4644 ἡ
3064 4576 3298 4632 δοκούσα
3348 4582 3759 4654 ὑποπαραίτησις

2190 4651 2327 4707 εἶναι
2373 4658 2467 4711 τοῦ
2522 4660 2855 4732 καλουμένου
2910 4669 3193 4740 ποτηρίου,
3244 4672 3307 4725 ὃν
3350 4675 3410 4726 ὲν
3459 4675 3631 4737 ἄλλοις
3679 4672 3757 4724 ἐπὶ

2190 4744 2373 4800 πλεῖον
2404 4748 2745 4822 ἐξητάσαμεν
2777 4755 2869 4808 καὶ
2891 4758 3337 4832 ἀποδεδώκαμεν.
3368 4765 3481 4819 Ἵνα
3506 4766 3547 4818 δ’
3577 4764 3753 4818 suae»:

2193 4853 2381 4910 στερον
2412 4842 2730 4916 ἀκούσωμεν
2776 4849 2869 4902 τοῦ
2912 4850 3261 4925 λελεγμένου,
3306 4859 3411 4931 ὅρα
3444 4861 3593 4931 εἰμὴ
3635 4860 3753 4930 μετὰ

2186 4928 2287 4999 τῆς
2319 4933 2455 5003 πρὸς
2482 4934 2611 4991 Θεὸν
2638 4938 2920 5008 εὐσεϐείας
2953 4947 3047 4999 καὶ
3079 4950 3111 5018 ἡ
3142 4948 3279 5021 εὐχὴ
3312 4928 3548 5024 είρηταιν,
3577 4928 3752 5016 παντὸς

2185 5259 2721 5362 deﬂttlxionepedntu
2761 5271 3107 5362 debilitatum
3139 5278 3550 5362 refert-Suidas.
3586 5281 3744 5362 Porro

2180 5328 2543 5410 claudicantis
2565 5339 2820 5410 -σκέλους
2877 5343 3109 5410 Epicteti
3165 5353 3374 5404 mentio
3415 5369 3519 5407 non
3558 5370 3666 5408 uno
3700 5355 3745 5406 iu

2179 5398 2300 5481 loco
2358 5407 2501 5489 apud
2545 5398 3105 5489 ’δλιιιριὲυίυιιίρθέξ

2174 5472 2457 5562 ςὲῑδι.1.6·ί,
2488 5472 3174 5562 λύμη]ίῖθεσξίοιμιη-ξρίιὸωι.
3218 5472 3285 5545 in,

2168 5540 2241 5661 l57
2277 5544 2504 5665 etl‘ition.
2535 5540 2870 5605 Montacvntii.
2908 5550 3041 5610 Vide
3075 5540 3591 5619 Cazsariutn
3634 5540 3743 5619 Idi:-

2190 5626 2292 5665 oao
2364 5653 2379 5665 .

2190 5626 2292 5680 ogo
2325 5626 2379 5666 4.

2238 5682 2350 5753 (Π)
2385 5684 2538 5752 Mss,
2572 5688 2815 5757 ἀγεννές.
2851 5693 2998 5750 Libb.
3037 5695 3187 5764 editi,
3224 5701 3441 5770 ἀγενές.
