3894 6526
47 368 212 425 130!

1291 376 1570 434 CONTRA
1603 375 1879 432 CELSUM
1915 348 2046 431 LIB.
2077 373 2186 429 vu.

3208 372 3346 429 1502

43 490 399 545 οὑτινοσοῦν
443 493 514 547 te;
548 496 933 566 περιστατικὸν
981 499 1042 552 οὐ
1083 499 1492 571 προηγούμενον
1537 493 1652 552 εἷνα

1779 498 1992 552 accidit.
2027 498 2228 552 Deinde
2259 510 2364 549 non
2405 493 2829 561 sucenmbentis,
2865 495 2960 551 sed
3008 495 3345 552 calamitates

44 583 424 653 νομίζοντος,
454 586 570 639 ἀλλ’
613 588 977 658 ὑπομένοντος
1023 590 1084 643 τὸ
1127 590 1200 661 μὴ
1245 590 1670 662 προηγουμένως

49 690 127 727 συ
138 674 386 745 μϐαῖνον
423 677 555 748 (48),
582 680 709 734 ὅταν
741 680 930 752 καιρὸς
961 681 1119 753 καλῇ.
1139 682 1297 736 Ἀλλά
1330 683 1424 736 καὶ
1454 683 1553 736 οὐκ
1585 685 1670 735 ἐν-

47 767 382 833 δεδωκότος
418 765 506 842 ἦν,
549 772 1007 845 εὐαρεστουμένου
1055 775 1111 828 δὲ
1147 778 1257 839 τοῖς
1292 775 1666 846 συμϐαίνουσι,

51 857 167 908 καὶ
215 857 602 928 προτιμῶντος
647 861 715 914 τά
758 861 867 914 ἀπὸ
912 863 1178 934 Προνοίας
1221 864 1600 936 περιπατικά,
1634 866 1667 936 ἡ

49 945 318 1014 λέγουσα
348 951 527 1021 φωνή·
558 951 732 1019 Πλὴν
762 955 834 1008 οὐ
858 955 916 1008 τί
945 955 1061 1025 ἐγὼ
1097 956 1267 1021 θέλω,
1298 957 1458 1011 ἀλλὰ
1481 958 1538 1010 τί
1562 958 1664 1011 σύ.

134 1032 270 1090 Εἶτ’
296 1039 397 1092 οὐκ
417 1035 510 1093 οἷδ’
534 1041 683 1105 ὅπως
701 1041 950 1098 ἐϐούλετο
976 1048 1123 1116 ἡμᾶς
1150 1046 1347 1116 μᾶλλον
1366 1049 1669 1101 Σίϐυλλαν

51 1130 452 1202 ἀναγορεῦσαι
486 1133 671 1186 παῖδα
708 1136 856 1190 Θεοῦ
890 1137 923 1208 ἢ
970 1137 1194 1208 Ἰησοῦν,
1227 1139 1663 1210 ἀποφηνάμενος,

50 1219 151 1272 ὅτι
206 1223 750 1293 παρπεγφάψαμεν
800 1227 888 1291 εὶς
922 1229 994 1280 τὰ
1046 1228 1283 1295 ἐκείνης
1326 1228 1524 1283 πολλὰ
1566 1229 1664 1282 καὶ

45 1308 453 1380 βλάσφημα·
488 1315 582 1367 καὶ
613 1315 686 1386 μὴ
718 1316 1007 1384 ἀποδείξας
1041 1319 1162 1390 μηδ’
1193 1323 1220 1375 ὃ
1245 1337 1297 1372 τι
1330 1321 1668 1392 παρενεγρά-

49 1395 300 1467 ψαμενο
343 1399 593 1468 ἀπέδειξε
633 1403 677 1456 δ’
725 1403 812 1470 ἂν,
866 1408 913 1459 εί
955 1408 1023 1461 τά
1057 1409 1384 1481 ἀρχαιότερα
1417 1408 1668 1481 καθαρώ-

50 1503 208 1558 τερα
251 1489 510 1556 ἐδείκνυε,
542 1494 634 1546 καὶ
669 1495 770 1548 οὐκ
795 1495 984 1566 ἔχοντα
1019 1499 1162 1570 άπερ
1194 1500 1364 1553 οῐεται
1396 1517 1666 1572 παρεγγε-

54 1579 360 1648 γράφθαιυ
413 1581 487 1654 μὴ
519 1585 811 1650 ἀποδείξας
848 1588 905 1640 δὲ
942 1589 1063 1659 μηδ’
1107 1591 1189 1644 ὅτι
1226 1591 1518 1662 βλάσφημά
1551 1593 1664 1645 ἐστι

51 1671 252 1724 ταῦτα
275 1689 289 1702 ο
340 1668 459 1728 εἶτα
492 1675 653 1730 πάλιν
687 1677 748 1730 ού
779 1677 880 1743 δὶς,
919 1680 1038 1748 οὐδὲ
1077 1684 1220 1752 τρὶς,
1264 1682 1398 1736 ἀλλὰ
1443 1683 1506 1754 δὴ
1539 1683 1666 1736 πολ-

54 1762 235 1826 λάκις
287 1766 710 1838 ἐπιρρητότατον
750 1763 870 1822 εἷπε
907 1769 997 1825 τὸν
1043 1771 1215 1844 Ἰησοῦ
1251 1772 1393 1843 βίον·
1430 1773 1490 1826 ού
1527 1773 1660 1838 στὰς

1774 587 1958 642 libenti
2009 587 2194 641 animo
2233 584 2478 651 ferentis,
2527 594 2584 639 et
2632 585 2907 640 immissos
2950 585 3053 641 sibi
3084 600 3114 638 a
3161 583 3346 640 Provi-

1771 679 1953 733 dentia
1983 692 2150 734 casus
2182 677 2484 733 reverentis
2516 675 2619 731 fuit
2646 677 2760 734 haec
2789 692 2891 734 vox
2918 698 2935 734 :
2977 676 3341 733 Verumtamen

1772 786 1876 823 non
1905 778 1961 825 ut
1992 785 2086 840 ego
2117 768 2254 834 volo,
2281 770 2370 824 sed
2398 769 2534 823 sicut
2566 778 2623 823 tu
2644 770 2710 825 ".

1839 1031 1928 1087 56.
1962 1031 2178 1098 Subdit,
2213 1033 2398 1088 nescio
2427 1031 2722 1102 quomodo,
2750 1046 2850 1087 nos
2879 1030 3074 1086 melius
3102 1031 3341 1086 facturos

1768 1125 1956 1188 fuisse,
1986 1124 2030 1178 si
2081 1122 2337 1194 Sibyllam
2377 1122 2470 1178 Dei
2498 1124 2667 1192 ﬁliam
2713 1122 3133 1192 appellasscnius
3163 1123 3342 1192 potius

1767 1233 1928 1287 quam
1955 1216 2172 1282 Jesum;
2203 1214 2540 1284 aﬂirmatque
2564 1234 2595 1270 a
2621 1215 2767 1269 nobis
2797 1215 2960 1268 multa
2994 1231 3154 1285 eaque
3181 1215 3340 1284 impia

1767 1306 1820 1358 in
1860 1307 1974 1376 ejus
2006 1307 2218 1376 scriptis
2249 1305 2447 1359 inserta
2475 1322 2620 1370 esse;
2649 1320 2746 1359 nec
2776 1315 2953 1359 tamen
2986 1303 3186 1358 indicat
3212 1304 3340 1374 quid

1767 1399 2032 1454 insertum
2066 1413 2097 1453 a
2138 1398 2295 1454 nobis
2339 1396 2522 1455 fuerit.
2562 1397 2715 1464 Quod
2749 1395 2999 1464 fecisset,
3034 1395 3080 1450 si
3119 1396 3340 1467 puriora

1767 1497 2126 1545 monstrasset
2151 1489 2504 1560 exemplaria,
2528 1488 2615 1542 ubi
2651 1503 2756 1542 non
2788 1489 3102 1544 viderentur
3129 1502 3189 1542 ea
3221 1502 3340 1557 qua:

1767 1583 1969 1636 inserta
2017 1581 2186 1636 fuisse
2218 1583 2519 1642 existimat.
2574 1580 2684 1637 lmo
2733 1597 2802 1637 ne
2839 1580 3071 1636 ostendit
3121 1580 3340 1650 quidem

1766 1673 1855 1728 illa
1887 1689 2008 1730 esse
2062 1674 2252 1742 impia.
2299 1675 2501 1728 Deinde
2537 1689 2729 1729 rursus
2777 1688 2880 1728 non
2933 1675 3036 1740 bis,
3078 1687 3184 1727 non
3234 1681 3336 1736 ter,

1767 1765 1859 1820 sed
1899 1765 2100 1832 smpius
2132 1763 2389 1818 infamem
2423 1763 2560 1818 dixit
2600 1763 2727 1818 .lesu
2767 1763 2927 1817 vitam
2958 1777 2974 1817 :
3005 1762 3251 1832 quamvis
3282 1762 3337 1817 in

55 1855 196 1907 καθ’
239 1857 469 1912 ’ἑκαστον
511 1859 619 1914 τῶν
661 1861 720 1914 ἐν
764 1861 842 1933 τῷ
875 1863 975 1934 βίῳ
1013 1864 1182 1918 αὑτοῦ
1225 1866 1652 1938 πεπραγμένων,

1767 1857 1995 1927 singulis
2032 1855 2193 1910 rebus
2238 1854 2426 1925 gestis,
2454 1869 2593 1923 quas
2631 1854 2864 1910 infames
2908 1864 3081 1918 vocat,
3114 1853 3340 1909 minime

56 1949 170 2000 καὶ
227 1949 597 2021 νομιζομένων
651 1948 794 2006 εἶναι
839 1955 1281 2028 ἐπιρρητοτάτων
1302 1971 1322 1988 '
1377 1959 1463 2012 ἵνα
1517 1957 1659 2012 τοῦτ’

55 2035 249 2090 εἰπὼν
292 2037 416 2112 δόξῃ
470 2041 544 2112 μὴ
595 2042 756 2112 μόνον
801 2046 1203 2111 ἀναποδείκτως
1245 2049 1658 2118 ἀποφαίνεσθαι,

57 2128 210 2182 ἀλλά
249 2131 344 2183 καὶ
378 2131 634 2203 λοιδορεῖν
666 2133 725 2186 ὃν
757 2136 857 2188 οὐκ
885 2136 1188 2192 ἐπίσταται.
1219 2140 1282 2194 Εί
1309 2139 1417 2212 γὰρ
1443 2141 1511 2193 τά
1545 2141 1657 2211 εἴδη

56 2215 166 2268 τοῦ
193 2218 626 2290 ἐπιρῥητοτάτου
664 2222 780 2292 βίου
812 2225 870 2278 ἐν
901 2230 1020 2290 ταῖς
1049 2228 1310 2300 πράξεσιν
1340 2229 1503 2283 αὑτοῦ
1535 2248 1659 2300 φαι-

57 2307 280 2376 νόμενα
304 2309 450 2380 αὐτῷ
485 2311 830 2382 ἐκτιθέμενος
862 2310 951 2386 ἦν,
980 2316 1081 2370 κᾶν
1109 2318 1497 2390 ἠγωνισάμεθα
1525 2320 1660 2390 πρὸς

56 2397 307 2452 ἕκαστον
365 2399 474 2454 τῶν
531 2401 828 2458 δοκούντων
891 2401 1030 2460 εἶναι
1091 2409 1239 2479 αύτῷ
1295 2411 1657 2482 ἐπιρῤητοτά-

57 2506 178 2540 των
206 2489 340 2561 (49).
383 2491 454 2545 Τὸ
497 2493 555 2545 δὲ
581 2495 675 2547 καὶ
709 2493 923 2568 Θανάτῳ
953 2498 1209 2571 οἰκτίστῳ
1241 2501 1541 2572 κεχρῆσθαι
1568 2502 1659 2556 τὸν

69 2578 313 2650 Ἰησοῦν,
361 2580 560 2637 δύναιτ’
603 2583 669 2638 ἂν
717 2585 970 2653 λέγεσθαι
1019 2589 1111 2642 καὶ
1160 2592 1288 2662 περὶ
1338 2592 1660 2664 Σωκράτους

59 2673 164 2724 καὶ
199 2675 328 2746 περὶ
369 2675 719 2748 Ἀναξάρχου,
756 2671 816 2730 οὗ
863 2681 967 2752 πρὸ
1003 2681 1232 2752 βραχέος
1260 2685 1656 2756 ἐμνημόνευσε,

60 2765 164 2817 καὶ
206 2767 340 2838 περὶ
378 2767 550 2821 ἄλλων
601 2771 829 2842 μυρίων.
884 2773 955 2825 Ἢ
993 2772 1264 2838 οἴκτιστος
1311 2776 1410 2846 μέν
1451 2779 1596 2831 ἐστιν
1630 2779 1658 2831 ό

72 2851 258 2923 Ἰησοῦ
299 2853 546 2920 Θάνατος,
585 2858 705 2928 ούχὶ
737 2858 792 2911 δὲ
821 2859 972 2920 καὶὸ
1016 2861 1274 2930 ἐκείνων;
1315 2864 1347 2935 ἢ
1377 2867 1404 2918 ό
1436 2865 1656 2920 ἐκείνων

62 2943 172 3013 μὲν
204 2945 306 2998 οὐκ
347 2945 634 3012 οἴκτιστος,
676 2951 704 3003 ό
738 2949 795 3003 δέ
835 2950 929 3003 τοῦ
975 2948 1148 3023 Ἰησοῦ
1182 2954 1484 3023 οἵκτιστος;
1526 2959 1658 3030 ὁρᾷς

58 3032 161 3091 οὖν
195 3038 291 3090 καὶ
318 3039 568 3107 ἐνταῦθα,
599 3043 679 3095 ὃτι
709 3043 908 3107 σκοπὸς
934 3037 1001 3115 ἦν
1033 3044 1111 3115 τῷ
1143 3045 1338 3117 Κέλσῳ
1367 3047 1428 3100 τὸ
1459 3047 1656 3102 διαλοι-

58 3127 344 3199 δορεῖσθαι
383 3131 517 3200 πρὸς
554 3131 645 3183 τὸν
691 3132 920 3203 Ἰησοῦν,
963 3134 1287 3206 κινουμένῳ,
1329 3132 1501 3208 οἶμαι,
1550 3140 1656 3192 ὑπό

1765 1949 2114 2014 immoretur;
2152 1947 2224 2002 ita
2259 1957 2316 2001 ut
2355 1945 2458 2000 hoc
2497 1945 2686 2000 dicens
2731 1960 2835 1999 non
2873 1945 3045 2000 solum
3069 1943 3339 1999 afﬁrmare

1764 2039 1916 2094 nulla
1947 2040 2182 2108 ratione,
2209 2039 2304 2094 sed
2344 2039 2506 2093 etiam
2535 2038 2588 2092 in
2620 2037 2859 2107 ignotum
2888 2035 3132 2092 convicia
3155 2036 3339 2106 jacere

1762 2130 2028 2186 videatur.
2073 2130 2226 2197 Quod
2271 2132 2312 2183 si
2359 2141 2497 2198 quas
2548 2127 2787 2181 infamia:
2818 2127 3030 2196 species
3075 2127 3129 2180 in
3183 2125 3341 2182 factis

1760 2221 1886 2278 Josu
1918 2220 2323 2283 animadvertit,
2362 2218 2723 2286 declarasset,
2757 2218 2825 2272 ad
2858 2217 3068 2288 singula
3116 2230 3337 2284 eorum,

1763 2327 1881 2382 qua:
1921 2313 2022 2383 ipsi
2054 2314 2169 2367 visa
2224 2313 2442 2366 fuerant
2476 2311 2732 2377 infamia,
2783 2312 3114 2382 respondere
3158 2310 3338 2367 conati

1761 2404 2074 2458 fuissemus.
2113 2403 2232 2458 .lam
2275 2419 2406 2458 vero
2441 2405 2772 2458 exstinctum
2809 2403 2974 2459 fuisse
3001 2401 3184 2458 Jesum
3233 2403 3338 2458 mi-

1760 2495 1980 2550 serabili
2035 2507 2228 2559 morte,
2283 2495 2336 2548 id
2376 2493 2534 2562 objici
2587 2502 2764 2563 potest
2817 2502 3004 2548 contra
3057 2494 3335 2550 Socratem

1759 2596 1815 2642 et
1845 2587 2250 2652 Anaxarchum,
2269 2586 2423 2656 cujus
2447 2585 2606 2654 paulo
2632 2593 2759 2640 ante
2787 2584 3051 2650 meminit,
3072 2591 3125 2638 et
3147 2593 3337 2642 contra

1758 2688 2044 2733 sexcentos
2071 2677 2225 2732 alios.
2253 2679 2334 2732 An
2369 2676 2496 2732 .lesu
2531 2691 2676 2730 mors
2711 2685 2795 2730 est
2839 2676 3186 2741 miserabilis,
3222 2692 3327 2731 non

1756 2781 1937 2825 autem
1982 2771 2226 2825 illorum?
2262 2779 2354 2825 aut
2392 2771 2604 2825 illorum
2655 2785 2760 2824 non
2809 2770 3141 2825 miserabilis
3186 2770 3332 2836 fuit,

1756 2861 1882 2918 Jesu
1935 2871 2115 2916 autem
2168 2861 2304 2916 fuit?
2347 2863 2525 2932 Atque
2573 2862 2700 2916 hinc
2746 2862 2912 2916 etiam
2963 2862 3120 2916 vides
3175 2860 3336 2918 Celso

1757 2955 2094 3024 propositum
2126 2953 2290 3009 fuisse
2317 2954 2580 3009 conviciis
2607 2969 2836 3009 onerare
2868 2951 3072 3008 Jesum.
3104 2951 3332 3024 Opinor,

1761 3043 2008 3098 movebat
2045 3044 2197 3100 illum
2226 3045 2453 3114 spiritus
2487 3045 2688 3114 aliquis
2720 3045 2795 3099 ita
2823 3044 3121 3101 debellatus
3147 3061 3177 3100 a
3204 3044 3334 3100 Jesn

1760 3145 1922 3205 atque
1953 3135 2286 3207 proﬂigatus,
2327 3147 2385 3190 ut
2417 3153 2522 3193 non
2563 3137 2759 3192 habeat
2805 3135 3040 3206 amplius
3082 3137 3334 3193 nidorem

59 3238 216 3284 τινος
261 3221 594 3293 πνεύματος,
647 3225 1038 3291 καταλυθέντος
1079 3227 1184 3280 ὑπὸ
1223 3227 1316 3280 τοῦ
1359 3229 1531 3300 Ἰησοῦ
1567 3232 1652 3284 καὶ

1763 3236 1814 3279 et
1861 3227 2216 3296 sanguinem,
2259 3229 2457 3298 quibus
2498 3239 2659 3284 antea
2707 3229 2940 3284 nutritus
2984 3229 3037 3284 in
3085 3227 3332 3284 fraudem

62 3312 506 3383 καθαιρεθέντος,
549 3315 636 3368 ἴνα
665 3317 859 3388 μηκέτι
891 3318 992 3391 ἔχῃ
1030 3319 1252 3384 κνίσσας
1295 3321 1389 3374 καὶ
1431 3323 1654 3394 αἵματα,

59 3397 151 3466 οἷς
171 3403 503 3474 τρεφόμενον
540 3407 725 3475 ἠπάτα
749 3409 873 3472 τοὺς
898 3410 956 3461 ἐν
979 3411 1087 3473 τοῖς
1121 3411 1213 3463 ἐπὶ
1241 3411 1344 3481 γῆς
1379 3413 1654 3484 ἀγάλμασι

61 3495 366 3565 ζητοῦντας
405 3496 546 3561 θεὸν,
593 3499 684 3552 καὶ
730 3500 805 3572 μὴ
846 3500 1252 3566 ἀναϐλέποντας
1298 3505 1378 3568 είς
1425 3505 1515 3560 τὸν
1564 3507 1657 3560 ἐπὶ

69 3591 245 3643 πᾶσιν
278 3589 490 3659 ἀληθῶς
520 3590 678 3646 Θεόν.

143 3675 260 3731 Εἶθ’
305 3679 450 3752 ἐξῆς,
498 3681 737 3754 ὡσπερεὶ
778 3684 978 3739 σκοπὸν
1021 3685 1160 3757 ἔχων
1202 3687 1262 3740 τὸ
1301 3689 1658 3761 συμπληροῦν

64 3774 295 3845 βιϐλίον,
355 3774 604 3828 ἐϐούλετο
653 3778 800 3848 ἡμᾶς
843 3778 1087 3847 μᾶλλον
1151 3781 1258 3835 τὸν
1311 3781 1510 3837 Ἰωνᾶν
1555 3802 1656 3838 νο-

57 3867 241 3938 μίσαι
261 3865 408 3920 Θεὸν
440 3866 593 3936 ἢπερ
643 3869 894 3936 Ἰησοῦν·
957 3871 1162 3940 Ἰωνᾶν,
1207 3873 1298 3926 τὸν
1339 3874 1655 3947 κηρύξαντα

63 3959 358 4030 μετάνοιαν
402 3961 500 4031 μιᾷ
529 3961 681 4014 πόλει
729 3965 796 4033 τῇ
846 3963 1054 4027 Νινευῖ,
1113 3966 1420 4037 προκρίνων
1478 3967 1652 4038 Ἰησοῦ

61 4052 163 4105 τοῦ
189 4051 522 4123 κηρύξαντος
551 4052 839 4123 μετάνοιαν
865 4053 969 4124 ὅλῳ
996 4055 1072 4127 τῷ
1099 4057 1308 4126 κόσμῳ,
1335 4058 1428 4110 καὶ
1453 4058 1652 4128 μᾶλλον

64 4143 278 4195 ἐκείνου
305 4141 615 4206 ἀνύσαντος.
647 4145 756 4198 Καὶ
779 4144 869 4198 τὸν
901 4146 997 4216 μὲν
1025 4147 1082 4199 ἐν
1122 4150 1186 4218 τῇ
1219 4147 1395 4219 κοιλίᾳ
1424 4147 1518 4200 τοῦ
1551 4150 1650 4220 κή-

63 4251 195 4296 τους
223 4234 520 4306 τεραστίως
546 4237 845 4306 ποιήσαντα
867 4238 960 4290 καὶ
990 4239 1305 4308 παραδόξως
1335 4243 1480 4309 τρεῖς
1510 4241 1652 4311 ἡμέ-

69 4344 172 4399 ρας
223 4328 314 4379 καὶ
339 4329 484 4398 τρεῖς
523 4327 722 4392 νύκτας
776 4328 1026 4382 ἐϐούλετο
1089 4332 1231 4400 ἡμᾶς
1290 4331 1650 4404 ἀναγορεῦσαι

65 4418 220 4470 Θεόν·
250 4419 334 4471 τὸν
357 4418 401 4470 δ’
426 4419 818 4490 ἀναδεξάμενον
849 4421 990 4494 ὑπὲρ
1009 4420 1309 4493 ἀνθρώπων
1339 4423 1648 4489 ἀποθανεῖν,

63 4511 169 4564 οὐκ
197 4510 349 4581 ἤθελε
375 4511 602 4576 Κέλσος,
640 4513 1084 4585 μαρτυρούμενον
1126 4514 1231 4567 ὑπὸ
1255 4513 1349 4567 τοῦ
1381 4514 1515 4568 Θεοῦ
1561 4515 1649 4569 διὰ

64 4601 175 4654 τῶν
210 4603 496 4674 προφητῶν
537 4603 697 4684 ἄξιον
733 4599 872 4658 εἶναι
921 4605 1018 4675 τῆς
1054 4604 1473 4677 δευτερευούσης
1510 4605 1649 4676 μετά

60 4693 156 4747 τὸν
189 4693 318 4746 Θεὸν
347 4695 454 4747 τῶν
475 4695 627 4762 ὅλων,
657 4697 722 4750 δι’
752 4696 788 4750 δι
813 4697 1066 4767 ἐποίησεν
1095 4698 1151 4750 ἐν
1183 4696 1396 4768 οὐρανῷ
1424 4698 1518 4750 καὶ
1555 4698 1649 4750 ἐπὶ

63 4786 169 4856 γῆς
195 4785 670 4858 ἀνδραγαθήματα,
694 4789 881 4859 τιμῆς.
911 4789 1021 4842 Καὶ
1056 4790 1240 4852 Ἰωνᾶς
1280 4789 1399 4860 μὲν,
1432 4790 1644 4860 ἵνα(ἰί0)

66 4879 145 4950 μὴ
175 4877 382 4950 κηρύξῃ
415 4880 476 4932 τὸ
517 4881 991 4951 προστεταγμένον
1026 4880 1131 4932 ὑπὸ
1159 4880 1251 4933 τοῦ
1283 4881 1440 4944 Θεοῦ,
1483 4899 1643 4934 κατε-

62 4969 204 5040 πόθη
239 4969 339 5021 ὑπὸ
367 4969 459 5022 τοῦ
491 4972 686 5042 κήτους
700 4988 723 5040 °._
747 4970 952 5042 Ἰησοῦς
977 4970 1054 5036 δὲ,
1081 4971 1201 5024 ἐπεὶ
1227 4971 1464 5037 ἐδίδαξεν
1497 4971 1641 5044 ἅπερ

61 5063 90 5113 ὁ
120 5061 253 5123 Θεὸς
288 5060 556 5126 ἐϐούλετο,
611 5061 702 5115 τὸν
749 5063 888 5134 ὑπὲρ
927 5061 1231 5132 ἀνθρώπιον
1259 5062 1487 5116 θάνατον
1526 5066 1643 5117 ἀνε-

59 5154 268 5219 δέξατο.
311 5152 466 5225 Ἐξῆς
492 5154 548 5208 δέ
598 5173 781 5225 φησιν,
815 5155 896 5209 ὅτι
937 5153 1042 5208 ἔδει
1077 5155 1274 5226 μᾶλλον
1303 5156 1392 5208 τὸν
1423 5155 1639 5227 Δανιὴλ,

63 5244 334 5297 ἀναϐάντα
365 5245 473 5298 ἀπὸ
501 5246 607 5298 τῶν
632 5246 880 5310 λεόντων,
912 5245 1330 5315 προσκυνεῖσθαι
1362 5247 1450 5317 ὑφ’
1482 5249 1514 5318 ἡ
1525 5246 1641 5317 μῶν

62 5337 206 5407 ἥπερ
231 5339 317 5390 τὸν
346 5337 570 5406 Ἰησοῦν,
604 5336 700 5409 τὴν
723 5339 1020 5410 ἀγριότητα
1055 5339 1232 5410 πάσης
1263 5338 1640 5410 ἀντικειμένης

135 5490 176 5522 δ’
199 5488 384 5543 Matth.
412 5507 566 5556 χιι-ι,
597 5493 685 5548 59.
806 5493 851 5524 ⁸ο
873 5492 992 5549 Jon.
1019 5509 1100 5559 tu,
1129 5492 1180 5546 4.
1259 5493 1301 5524 ⁵¹
1329 5490 1452 5548 Jon.
1480 5493 1615 5558 ",1.

137 5644 246 5713 (ίὸ)
285 5641 439 5721 Libh.
468 5646 622 5721 editi,
665 5650 1090 5720 προηγουμένως
1140 5645 1281 5721 εἶναι
1312 5649 1624 5721 συμϐαῖνον,

65 5729 158 5765 sint
194 5732 219 5763 ιι
251 5715 435 5770 codice
470 5715 760 5772 Basilenttsi
797 5715 943 5773 recte
972 5723 1123 5774 abest
1157 5717 1314 5774 εἶναι.

142 5783 249 5850 Mil)
281 5784 452 5864 (Zethi:
488 5787 686 5864 liegius
718 5789 1357 5864 οι.Ιίέιςὶλιιξειιεὶδναύτὸν
1404 5794 1637 5864 ἑπιρρη-

66 5854 305 5908 τότατον.
341 5855 491 5912 Lihb.
533 5859 684 5924 editi,
739 5859 884 5931 αύτῷ
928 5861 1373 5932 ἐπιρρητὸτατον.
1425 5854 1633 5934 Legitu-

1711 5493 1757 5525 "
1778 5493 1900 5549 Jan.
1927 5512 1964 5559 ι,
1991 5496 2044 5551 5.
2123 5496 2168 5528 ⁸³
2196 5497 2326 5550 Dan.
2354 5513 2426 5563 ιι,
2450 5497 2540 5553 25.

1763 3316 2048 3373 inducebat
2070 3333 2162 3374 eos
2193 3321 2306 3390 qui,
2340 3321 2500 3376 deum
2548 3321 2635 3374 hic
2668 3323 2719 3376 in
2763 3321 2961 3376 statuis
2995 3331 3325 3390 quaerentes,

1758 3410 1824 3463 ad
1873 3425 2144 3466 sumntum
2186 3427 2487 3484 verumque
2530 3412 2698 3468 Deum
2736 3413 2923 3469 oculos
2968 3428 3076 3469 non
3112 3415 3330 3470 attolle.

1757 3501 1910 3558 bant.

1831 3678 1992 3750 735
2034 3679 2124 3735 57.
2183 3679 2416 3748 Postea,
2464 3683 2617 3752 quasi
2653 3691 2710 3737 ιιι
2735 3685 2982 3740 volumen
3009 3685 3326 3755 amplificet,

1757 3773 1831 3826 ait
1855 3772 2050 3827 latrant
2081 3775 2278 3843 potius,
2302 3792 2459 3844 quam
2490 3775 2707 3841 Jesum,
2750 3776 2916 3831 Deum
2949 3795 2980 3831 a
3030 3780 3177 3834 nobis
3211 3782 3330 3835 exi-

1754 3866 1962 3920 stimari
1995 3867 2230 3921 debuisse
2253 3868 2334 3931 ⁸ος
2363 3883 2472 3937 quo
2501 3865 2719 3934 Jonam,
2753 3870 2841 3937 qui
2865 3870 2955 3923 uni
2991 3871 3110 3926 urbi
3136 3871 3326 3927 Ninive

1755 3957 2127 4025 paenitentiam
2157 3961 2491 4030 praedicavit,
2527 3960 2654 4016 Jesn
2685 3963 2920 4032 praefert,
2958 3980 2986 4018 a
3035 3980 3144 4034 quo
3184 3967 3322 4022 idem

1755 4052 2009 4107 universo
2042 4055 2241 4109 mundo
2270 4055 2654 4110 annnntialnnt
2696 4065 2780 4113 est
2815 4065 2869 4110 et
2898 4055 3111 4113 felicius
3148 4061 3325 4129 perfe-

1753 4155 1920 4199 ctum.
1951 4145 2051 4213 Qui
2087 4155 2202 4204 tres
2225 4148 2341 4202 dies
2371 4157 2666 4216 noctesque
2699 4148 2750 4201 in
2786 4158 2977 4203 ventre
3009 4150 3111 4204 ceti
3143 4152 3325 4220 prodi—

1753 4237 1967 4303 gialiter
1996 4246 2245 4292 servatus
2274 4237 2444 4304 est“,
2475 4254 2597 4293 eum
2645 4253 2672 4290 a
2725 4237 2880 4292 nobis
2912 4239 3068 4292 deum
3113 4257 3324 4294 nuncu—

1752 4329 1864 4394 puri
1908 4327 2200 4396 voluisset;
2227 4327 2485 4382 noluisset
2512 4337 2691 4382 autem
2713 4328 2900 4382 Celsus
2923 4343 3066 4391 eum,
3101 4331 3190 4398 qui
3229 4331 3325 4384 ho-

1753 4421 1956 4472 ιιιίιιιιιιι
2004 4435 2166 4474 causa
2225 4429 2452 4474 mortem
2513 4423 2772 4490 pertulit,
2806 4423 2892 4476 cui
2955 4422 3318 4476 testimonium

1685 4550 1726 4604 ο
1759 4509 1898 4563 Deus
1927 4524 2026 4579 per
2056 4510 2352 4579 prophetas
2387 4510 2658 4580 perhibet,
2688 4511 2779 4580 qui
2819 4511 3082 4580 praeclara
3107 4511 3159 4566 in
3183 4511 3323 4565 malo

1755 4611 1808 4655 et
1842 4610 1984 4655 terra
2011 4601 2186 4656 edidit
2215 4600 2480 4669 facinora,
2513 4603 2735 4671 dignum
2777 4618 2898 4660 esse
2927 4604 3017 4674 qui
3051 4602 3322 4658 secundos

1753 4711 1782 4748 τι
1817 4709 2030 4749 summo
2064 4694 2175 4750 Deo
2211 4695 2446 4752 honores
2477 4707 2727 4768 occupet.
2757 4699 2834 4754 Ac
2874 4695 3044 4752 Jonas
3072 4697 3321 4766 quidem,

1753 4787 1878 4854 quia
1905 4787 2051 4857 quod
2081 4801 2110 4840 a
2163 4785 2270 4842 Deo
2294 4785 2506 4854 jussnm
2540 4791 2716 4844 fuerat
2753 4788 3051 4859 praedicare
3102 4804 3320 4844 recusa-

1755 4889 1857 4943 ret,
1890 4879 2180 4949 absorptus
2211 4891 2294 4936 est
2325 4895 2356 4932 a
2383 4889 2504 4935 ceto
2527 4881 2610 4947 l";
2641 4881 2803 4937 Jesus
2831 4892 3011 4936 antem
3041 4881 3318 4935 hominum

1751 4971 1924 5038 gratia
1975 4981 2208 5026 mortem
2268 4971 2511 5041 pertulit,
2568 4982 2856 5043 postquam
2900 4973 3162 5028 docuerat
3199 4987 3320 5046 quae

1754 5063 1894 5116 Deus
1918 5062 2106 5116 voluit.
2156 5061 2361 5117 Deinde
2387 5064 2463 5118 ait
2499 5063 2672 5132 magis
2718 5080 2745 5116 a
2787 5063 2942 5118 nobis
2974 5062 3248 5117 Daniclem
3289 5079 3318 5116 a

1750 5151 1995 5209 leonibus
2017 5153 2244 5209 illmsum
2267 5154 2429 5210 adora
2440 5156 2479 5209 ri
2504 5156 2814 5225 oportuisse
2828 5155 2895 5224 ⁸⁸,
2917 5171 3078 5226 quam
3110 5153 3318 5217 Jesnm,

1748 5246 1838 5314 qui
1885 5245 2160 5311 feritatem
2190 5247 2366 5302 omnis
2401 5247 2736 5304 adversaria:
2778 5249 3066 5318 potestatis
3100 5249 3311 5317 procul-

1747 5338 1986 5404 cavit“,
2040 5349 2087 5394 et
2123 5339 2268 5393 dedit
2318 5341 2465 5396 nobis
2518 5351 2822 5410 potestatem
2873 5341 3115 5396 calcandi
3159 5357 3318 5413 supra

2633 5499 2680 5532 “
2700 5499 2902 5557 Coloss.
2929 5515 2988 5567 ιι,
3016 5500 3102 5556 15.

1738 5650 1865 5724 dunt
1886 5650 2040 5724 atati?)
2075 5653 2537 5724 ἐπιρῤητοτάτων.

1815 5721 1925 5793 (50)
1961 5723 2111 5798 Ἵνα.
2144 5721 2464 5798 anteuhanc
2493 5740 2675 5782 vocent
2722 5727 2934 5784 videtur
2966 5725 3154 5782 deesse
3185 5722 3314 5798 φεύ-

1743 5807 1872 5860 γων,
1904 5803 1994 5847 attt
2026 5796 2154 5862 quid
2183 5795 2382 5853 simile.
