3846 6406
110 331 131 388 l
142 332 225 390 509

1233 333 1524 388 CONTRA
1557 331 1833 388 CELSUM
1875 333 2004 390 LIB.
2051 331 2165 390 νη.

3197 337 3338 393 1510

108 452 324 507 utinam.
354 452 475 506 Ὅτι
500 452 569 506 δὲ
593 452 689 508 καὶ
708 451 928 523 Πέρσαι
949 454 1135 522 οὕτως
1159 457 1504 526 νομίζουσιν
1521 456 1651 527 (76),

1759 459 2034 523 sententia,
2069 467 2289 511 testatur
2311 456 2611 512 Herodotus
2647 455 2728 510 liis
2767 455 2969 511 verbis:
2992 456 3117 512 Scio
3147 455 3337 512 Persas

113 543 387 612 Ἡρόδοτος
415 544 488 597 ἐν
514 544 711 598 τοῖσδε
758 546 1000 614 ιστορεῐ·
1058 565 1076 598 ι
1130 547 1366 616 Πέρσας
1411 547 1480 601 δὲ
1517 545 1650 602 οἴδα

106 638 305 706 νόμοισι
337 635 545 690 τοῖσδε
568 638 952 707 χρεομένους.
1007 638 1334 709 Ἀγάλματα
1363 641 1500 707 μὲν,
1549 641 1648 694 καὶ

105 727 326 797 βωμοὺς,
379 729 481 782 καὶ
536 731 720 797 ναοὺς
765 733 875 786 οὐκ
933 732 1002 785 ἐν
1047 735 1208 801 νόμῳ
1259 733 1650 802 ποιευμένους

104 819 394 886 ἱδρύεσθαι,
422 818 583 873 ἀλλὰ
613 821 708 875 καὶ
742 821 898 874 τοῖσι
923 821 1163 876 ποιοῦσι
1187 824 1421 891 μωρίην
1446 822 1648 892 ἐπιφέ-

100 926 300 978 ρουσιν·
325 910 409 976 ὡς
435 911 550 980 μὲν
575 913 703 981 ἐμοὶ
747 913 961 979 δοκέει,
997 913 1144 968 διότι
1192 917 1302 968 οὐκ
1347 916 1641 984 ἀνθρωπο-

101 1000 258 1068 φυέας
283 1001 577 1070 ἐνόμισαν
590 1003 731 1069 τοὺς
755 1003 945 1068 θεοὺς,
978 1003 1241 1072 καθάπερ
1257 1007 1308 1058 οί
1333 1005 1647 1073 Ἕλληνες,

100 1089 241 1146 εἶναι.
282 1110 301 1142 ι
338 1093 450 1147 Καὶ
502 1092 631 1162 μὴν
661 1095 757 1148 καὶ
786 1095 1156 1164 Ἡράκλειτος
1199 1089 1314 1148 ὦδέ
1346 1111 1471 1162 πως
1499 1097 1648 1150 ἀποο-

99 1183 354 1251 φαίνεταιτ
399 1203 419 1234 ι
463 1185 572 1239 Kal
599 1186 722 1252 τοῖς
746 1186 1047 1257 ἀγάλμασι
1084 1187 1421 1241 τουτέοισιν
1449 1188 1652 1256 εὔχον-

93 1293 192 1350 Ιτιιι,
221 1275 419 1329 ὁκοῖον
445 1277 504 1330 εἴ
539 1295 628 1343 τις
657 1278 779 1344 τοῖς
794 1279 1028 1348 δόμοισι
1056 1279 1166 1350 (77)
1197 1281 1647 1350 λεσχηνεύοιτο,

99 1367 213 1419 οὔτε
232 1367 573 1438 γιγνώσκων
597 1369 771 1435 θεοὺς
794 1369 918 1423 οὐδ’
949 1370 1166 1438 ἥρωας,
1198 1371 1416 1436 οἵτινές
1447 1373 1586 1427 είσι.
1628 1390 1646 1422 ι

100 1458 150 1510 Τί
171 1458 302 1526 γοῦν
352 1459 700 1529 σοφώτερον
737 1461 841 1515 τοῦ
881 1463 1257 1529 Ἡρακλείτου
1306 1462 1462 1533 ἡμᾶς
1492 1463 1654 1518 διδά-

96 1563 357 1613 σκοινσινς
404 1552 459 1603 Ὁ
496 1551 612 1621 μέν
654 1569 722 1622 γε
746 1552 912 1622 μάλα
943 1554 1288 1623 ἀπορῤήτως
1327 1558 1656 1626 ὑποσημαί-

96 1657 166 1692 νει
195 1641 424 1709 ἠλίθιον
466 1642 534 1696 τὸ
572 1643 695 1710 τοῖς
723 1644 1067 1716 ἀγάλμασιν
1105 1649 1388 1717 εὔχεσθαι
1418 1651 1525 1704 ἐὰν
1566 1651 1652 1720 μὴ

96 1731 366 1800 γιγνώσκῃ
417 1750 511 1798 τις
562 1736 736 1802 θεοὺς
776 1737 875 1790 καὶ
934 1737 1153 1806 ἥρωας,
1208 1739 1426 1806 οἵτινές
1473 1743 1650 1794 εἰσιν.

1755 550 1836 602 Itis
1864 547 2152 616 utilegibus
2173 565 2190 602 :
2213 548 2519 614 simulacra,
2543 566 2689 616 aras,
2715 549 2904 618 templa
2929 548 3166 602 construi
3188 549 3338 602 nulla

1756 657 1931 695 eorum
1964 640 2047 694 lea‘
2067 641 2240 710 jubet,
2269 644 2372 695 imo
2391 641 2530 708 apud
2563 658 2650 696 eos
2673 643 2928 695 habentur
2953 642 3338 710 stultiquiha’c

1755 744 2088 786 construunt.
2123 733 2288 800 Cujus
2309 735 2383 786 rei
2412 737 2546 787 ratio
2578 744 2653 787 est
2680 751 2790 787 mea
2820 734 3028 803 quidem
3050 735 3332 796 sententia,

1755 824 1893 890 quod
1921 823 2045 876 deos
2093 840 2156 877 ex
2207 825 2507 879 hominibus
2553 835 2698 878 ortos
2732 841 2836 878 non
2889 825 3240 887 arbitrentur,
3278 835 3334 876 ut

1757 909 1927 965 Cra'ci
1947 913 2012 966 ⁸ο.
2034 913 2330 966 Heraclitus
2346 929 2548 983 quoque
2562 917 2634 967 sic
2655 914 2848 966 alicubi
2865 913 3116 983 loquitur.
3138 913 3205 967 Et
3224 913 3334 967 illis

1756 1004 2060 1058 simulacris
2085 1022 2259 1073 preces
2289 1005 2538 1073 oﬂ‘erunt,
2568 1007 2718 1074 quasi
2747 1005 2791 1059 si
2824 1007 2942 1074 quis
2971 1023 3088 1059 cum
3117 1007 3334 1075 parieti-

1758 1099 1852 1151 bus
1888 1098 2201 1166 colloquium
2228 1099 2461 1159 haberet,
2505 1096 2724 1165 ignarus
2759 1098 2887 1166 quid
2923 1099 3028 1152 sint
3081 1099 3178 1159 dii,
3205 1099 3331 1167 quid

1757 1189 1861 1242 sint
1921 1190 2125 1242 heroes.
2194 1189 2260 1242 Et
2307 1192 2436 1259 quid
2494 1192 2572 1244 illi
2639 1208 2731 1246 nos
2793 1193 2976 1246 docent
3031 1190 3331 1245 Heraclitea

1757 1280 2011 1334 sententia
2056 1281 2390 1346 sapientius?
2425 1279 2527 1334 Ille
2575 1281 2711 1334 clam
2765 1283 3062 1336 subindicat
3110 1283 3330 1334 stultam

1758 1387 1868 1425 esse
1893 1388 2066 1438 preces
2095 1371 2231 1440 ferre
2290 1374 2610 1438 simulacris,
2651 1374 2750 1427 nisi
2813 1384 3157 1442 cognoscatur
3203 1373 3331 1441 quid

1758 1465 1864 1517 sint
1909 1463 2006 1527 dii,
2033 1463 2160 1530 quid
2199 1465 2398 1518 lteroes.
2432 1464 2520 1520 Sic
2557 1465 2877 1527 Heraclitus,
2905 1464 2984 1516 illi
3013 1480 3129 1518 vero
3183 1461 3331 1517 nulla

1759 1559 2058 1624 exceptione
2093 1555 2378 1610 simulacra
2407 1568 2760 1612 contemnunt.
2797 1555 2854 1611 Si
2889 1557 3029 1616 ideo,
3072 1559 3208 1627 quod
3239 1573 3330 1610 nec

1761 1667 1917 1730 lapis.
1949 1667 2271 1736 neclignum,
2315 1684 2404 1722 nec
2435 1688 2526 1734 (Bs,
2585 1687 2676 1723 nec
2731 1687 2919 1722 aurum
2954 1670 3094 1740 quod
3123 1671 3206 1722 hic
3236 1679 3330 1722 aut

1757 1754 1849 1810 ille
1874 1757 2140 1826 expolivit,
2163 1757 2297 1811 Deus
2321 1774 2430 1812 esse
2453 1759 2634 1828 possit,
2663 1756 2888 1811 ridicula
2916 1759 3026 1811 Iure
3047 1761 3325 1828 sapientia.

101 1823 447 1892 Ἡράκλειτος
480 1826 600 1894 μὲν
638 1828 843 1894 οὕτως·
880 1833 935 1883 οἱ
966 1829 1034 1882 δὲ
1065 1830 1346 1899 ἄντικρυς
1383 1831 1454 1884 τὰ
1481 1831 1651 1902 ἀγάλ-

1760 1847 1952 1914 Ecquis
1996 1849 2131 1900 enim
2188 1849 2288 1901 nisi
2349 1866 2566 1918 prorsus
2603 1849 2850 1917 desipiat,
2898 1851 3007 1903 Ιιωσ
3059 1851 3180 1904 deos
3221 1867 3332 1905 esse

89 1933 220 1983 ματα
243 1915 651 1984 ἀτιμάζουσιν.
686 1921 756 1971 El
777 1919 913 1989 μὲν,
949 1919 1037 1973 ὅτι
1060 1922 1252 1987 λίθος,
1288 1921 1325 1990 ἢ
1359 1922 1571 1986 ξύλον,
1614 1923 1651 1992 ἢ

1759 1940 1972 2005 iudicet,
2031 1956 2133 1993 non
2160 1957 2275 1993 vero
2329 1942 2470 1994 dona
2528 1941 2630 1994 diis
2678 1950 2982 1993 consecrata
3051 1957 3331 2012 eorumque

93 2005 310 2074 χαλκὸς,
343 2005 384 2075 ἢ
418 2008 673 2076 χρυσὸς,
708 2008 780 2062 ὃν
809 2012 840 2063 ό
871 2008 1037 2064 δεῖνα
1068 2010 1104 2078 ἢ
1133 2015 1166 2066 ό
1190 2011 1356 2066 δεῖνα
1386 2013 1655 2082 εἰργάσα-

93 2099 281 2158 το,οὺ)ι
301 2097 382 2152 ἂν
410 2099 509 2167 εἴη
540 2099 695 2165 θεὸς,
731 2102 932 2170 γελοία
970 2103 1006 2170 ἡ
1049 2104 1253 2171 σοφία·
1288 2104 1379 2169 τίς
1422 2106 1519 2174 πὰρ
1555 2106 1654 2160 καὶ

91 2187 271 2255 ἄλλος,
305 2193 360 2244 ει
388 2190 477 2260 μὴ
506 2189 703 2259 πάντη
739 2190 973 2259 νήπιος,
1007 2193 1193 2247 ταῦτα
1217 2195 1442 2264 ἡγεῖται
1459 2198 1650 2264 θεοὺς,

89 2281 223 2335 ἀλλὰ
265 2283 422 2336 θεῶν
463 2283 576 2354 (78)
623 2283 970 2354 ἀναθήματα
999 2286 1094 2339 καὶ
1124 2287 1466 2358 ὰγάλματα;
1491 2293 1543 2343 εί
1592 2290 1642 2343 δ’

88 2371 158 2425 ὅτι
180 2374 332 2442 μηδὲ
377 2377 544 2442 θείας
579 2375 813 2443 εἰκόνας
842 2379 1242 2446 ὑποληπτέον,
1288 2381 1489 2450 ἄλλην
1539 2383 1647 2452 γὰρ

88 2461 213 2519 εἶναι
236 2466 390 2521 Θεοῦ
418 2467 684 2537 μορφὴν,
713 2467 913 2538 ὥσπερ
944 2470 1043 2527 καὶ
1061 2470 1320 2539 Πέρσαις
1349 2472 1530 2527 δοκεῖ’
1557 2478 1650 2528 λε-

86 2557 323 2624 λήθασιν
373 2561 547 2615 αὐτοὶ
599 2560 762 2630 σφᾶς
807 2563 1026 2629 αὐτοὺς
1073 2563 1444 2634 ἐλέγχοντες,
1505 2566 1650 2620 ὅταν

89 2651 273 2718 φῶσιν,
309 2654 404 2706 ὅτι
447 2656 480 2706 ό
513 2653 657 2719 Θεὸς
705 2654 955 2722 ἐποίησε
992 2655 1098 2708 τὸν
1135 2655 1445 2724 ἄνθρωπον
1492 2657 1649 2712 ἰδίαν

84 2745 276 2809 εἰκόνα,
303 2745 373 2799 τὸ
401 2744 473 2798 δὲ
500 2741 660 2811 εἶδος
703 2745 906 2815 ὅμοιον
952 2747 1157 2814 ἑαυτῷ.
1215 2749 1386 2804 Ἀλλὰ
1423 2749 1649 2818 συνθή-

86 2847 274 2890 certat
288 2836 413 2906 μὲν
445 2833 599 2890 εἶναι
620 2837 804 2890 ταῦτα
845 2837 941 2890 ἐπὶ
969 2838 1108 2907 τιμῇ
1143 2857 1339 2905 τινων,
1365 2840 1403 2909 ἢ
1431 2843 1648 2910 όμοίων

1751 2029 2081 2084 simulacra?
2106 2030 2201 2085 Sin
2230 2042 2414 2100 putant
2447 2048 2606 2102 neque
2641 2032 2895 2100 imagines
2935 2048 3045 2086 esse
3091 2033 3328 2095 deorum,

1750 2121 2003 2191 siquidem
2052 2123 2162 2176 alia
2195 2124 2263 2176 sit
2310 2123 2527 2176 deorum
2573 2123 2767 2191 forma,
2817 2123 2871 2174 id
2908 2122 3045 2191 quod
3075 2132 3120 2175 et
3153 2120 3334 2177 Persis

1751 2213 1915 2266 risum
1939 2222 2034 2278 est,
2062 2230 2116 2265 se
2133 2214 2232 2282 ipsi
2249 2215 2600 2278 imprudentes
2631 2214 3003 2270 condemnant.
3020 2213 3178 2266 Aiunt
3196 2214 3332 2266 enim

1752 2302 1921 2357 Deum
1946 2304 2204 2358 hominem
2227 2304 2410 2372 fecisse
2438 2306 2708 2372 prapriam
2739 2305 3040 2373 imaginem,
3065 2314 3112 2357 et
3162 2303 3333 2371 forma

1754 2393 1854 2446 sibi
1882 2393 1979 2462 ipsi
2019 2395 2260 2448 similent.
2314 2394 2418 2448 Sed
2449 2396 2731 2449 concedent
2790 2395 2998 2464 quidem
3047 2394 3333 2448 simulacra

1755 2483 1847 2536 illa
1881 2487 2226 2553 quorumdam
2239 2486 2407 2539 cultui
2425 2487 2683 2540 destinata
2711 2503 2842 2543 esse.
2867 2488 2970 2540 sire
2998 2486 3077 2538 illi
3112 2486 3327 2553 similes,

1757 2577 1866 2630 sive
1889 2577 2171 2631 dissimiles
2199 2577 2372 2646 forma
2400 2579 2530 2635 sint.
2560 2577 2624 2630 At
2658 2577 2914 2648 negabunt
2953 2578 3075 2632 deos
3090 2579 3324 2650 essequi-

1758 2668 1853 2720 bus
1901 2667 1992 2720 illa
2027 2669 2322 2736 eriguntur,
2379 2679 2426 2722 et
2483 2669 2744 2722 da'mones
2798 2685 2906 2722 esse
2961 2669 3329 2737 afﬁrmabant,

1756 2759 2030 2828 dicentque
2072 2758 2220 2828 nefas
2252 2775 2361 2813 esse
2395 2759 2488 2814 Dei
2547 2759 2739 2814 cultori
2785 2758 2951 2811 ullum
3004 2758 3330 2812 dtemonibus

1755 2847 1950 2902 cultum
1979 2849 2223 2904 tribuere.

85 2923 114 2989 ἢ
141 2926 431 2996 ἀνομοίων
462 2927 530 2980 τὸ
549 2923 728 2994 εἶδος·
787 2930 922 2982 οὔτε
979 2928 1046 2980 δὲ
1101 2929 1274 2997 θεοὺς
1325 2927 1497 2996 εἶναι,
1531 2928 1622 3000 οἷς
1646 2936 1829 2992 ταῦτα
1856 2939 2178 3006 ἀνάκειται,
2209 2941 2370 2995 ἀλλὰ
2396 2941 2698 3012 δαίμονας·
2741 2941 2880 2995 οὐδὲ
2911 2941 3127 3010 χρῆναι
3165 2943 3334 3008 θερα-

85 3020 263 3072 πεύειν
284 3021 603 3090 δαίμονας,
639 3021 804 3088 ὅστις
826 3023 986 3077 σέϐει
1013 3026 1178 3078 Θεόν.

139 3114 237 3167 Καὶ
275 3116 421 3188 πρὸς
475 3116 644 3170 ταῦτα
673 3118 726 3170 δὲ
757 3117 994 3172 λεκτέονο
1025 3121 1167 3186 Ὅτι,
1215 3123 1374 3194 εἴπερ
1424 3124 1648 3190 Σκύθαι,
1677 3145 1720 3203 C

83 3205 159 3256 καὶ
186 3205 398 3261 Λιϐύων
428 3209 480 3260 οἱ
512 3209 777 3279 Νομάδες,
807 3211 901 3263 καὶ
923 3211 1115 3282 Σῆρες,
1139 3213 1233 3278 οὓς
1267 3233 1428 3287 φησιν
1455 3216 1647 3281 ἀθέους

83 3291 200 3350 εἶναι
229 3299 256 3350 ὁ
278 3300 518 3364 Κέλσος,
547 3302 642 3354 καὶ
673 3302 805 3357 ἄλλα
835 3302 960 3374 ἔθνη
993 3304 1372 3374 δυσαγέστατα
1399 3311 1493 3362 καὶ
1525 3312 1648 3363 ἀνο-

85 3389 301 3457 μώτατα,
328 3390 472 3444 ἀλλὰ
504 3391 600 3445 καὶ
631 3392 859 3462 Πέρσαι,
885 3393 984 3444 οὑκ
1013 3394 1293 3465 ἀνέχονται
1325 3399 1458 3462 νεὼς
1487 3400 1650 3471 ὁρῶν-

80 3495 174 3543 τες,
196 3484 286 3541 καὶ
319 3483 568 3554 βωμοὺς,
605 3484 698 3536 καὶ
737 3483 1026 3554 ἀγάλματα
1045 3502 1058 3514 ·
1093 3487 1154 3539 οὐ
1186 3489 1334 3560 παρὰ
1356 3490 1511 3544 τοῦτο
1536 3493 1648 3544 ἴσον

80 3573 179 3625 ἐστὶ
204 3575 263 3627 τὸ
307 3577 388 3647 μὴ
432 3575 727 3647 ἀνέχεσθαι
752 3577 952 3630 τούτων
993 3579 1234 3644 ἐκείνους
1263 3581 1341 3653 τῷ
1381 3584 1472 3636 καὶ
1502 3586 1649 3656 ἡμᾶς

81 3663 144 3734 μὴ
176 3666 466 3738 ἀνέχεσθαι
513 3667 711 3722 αὐτῶν.
755 3669 1098 3736 Ἑξεταστέον
1141 3672 1249 3744 γὰρ
1277 3674 1345 3728 τὰ
1382 3675 1645 3747 δόγματα,

78 3757 154 3825 ἀφ’
196 3752 267 3812 ὧν
314 3758 639 3831 ὁρμώμενοι
684 3761 824 3833 (79)
872 3764 972 3817 οὐκ
1035 3765 1316 3837 ἀνέχονται
1360 3769 1503 3822 ναῶν
1556 3772 1650 3824 καὶ

80 3849 394 3921 ἀγαλμάτων
439 3853 490 3905 οἱ
519 3852 592 3924 μὴ
623 3854 934 3925 ἀνεχόμενοί
971 3872 1034 3924 γε
1068 3857 1274 3911 αὐτῶνθ
1313 3861 1412 3923 ἶν’,
1455 3863 1502 3915 εί
1551 3862 1650 3932 μὲν

78 3944 168 3996 ἀπὸ
195 3946 366 4015 ὑγιῶν
414 3946 702 4016 δογμάτων
729 3949 830 4000 οὐκ
870 3949 1141 4020 ἀνέχεται,
1192 3954 1478 4024 ἐπαινῆται
1518 3959 1546 4009 ὁ
1575 3958 1648 4028 μὴ

78 4035 411 4108 ἀνεχόμενος,
441 4039 491 4091 εί
516 4037 558 4090 δ’
586 4039 691 4091 ἀπὸ
719 4039 1070 4111 ἐσφαλμένων
1090 4083 1104 4107 ,
1132 4044 1386 4114 ψὲγηται.
1418 4047 1651 4101 Δυνατὺν

76 4128 169 4198 γὰρ
197 4131 254 4184 τὸ
289 4131 427 4185 αὐτὸ
457 4129 568 4184 ἀπὺ
607 4131 879 4204 διαφόρων
908 4133 1192 4204 δογμάτων
1222 4137 1486 4204 γίνεσθαι.
1527 4133 1650 4193 Οἶον

78 4221 155 4273 ἐπὶ
181 4223 653 4294 παραδείγματος,
678 4223 981 4279 ἐκκλίνουσι
1011 4228 1070 4281 τὸ
1099 4227 1370 4300 μοιχεύειν
1399 4233 1446 4284 οἱ
1472 4232 1538 4286 τὰ
1557 4233 1649 4286 τοῦ

76 4312 291 4379 Κιτιέως
320 4317 578 4386 Ζήνωνος
607 4314 1036 4386 φιλοσοφοῦντες,
1063 4320 1196 4375 ἀλλὰ
1225 4324 1318 4376 καὶ
1341 4327 1388 4376 οἱ
1413 4325 1479 4378 τὰ
1509 4325 1653 4377 Ἐπιο

77 4405 254 4474 κούρου
281 4447 296 4470 ,
332 4406 484 4469 τινὲς
532 4404 589 4457 δὲ
632 4407 723 4459 καὶ
770 4408 877 4462 τῶν
920 4412 1199 4478 παντελῶς
1231 4413 1471 4468 ἰδιωτῶν.
1513 4416 1651 4468 ’Δλλ’

1827 3127 1916 3182 65.
1972 3129 2052 3182 Ad
2109 3129 2224 3184 haec
2273 3129 2597 3195 dicendum,
2649 3129 2690 3183 si
2748 3129 3001 3198 Scythas,
3064 3128 3334 3187 Nomades

1756 3217 1920 3290 739
1954 3219 2005 3273 in
2038 3218 2234 3289 Libya,
2293 3219 2455 3275 Seres
2508 3220 2703 3288 quibus
2767 3219 2845 3274 ait
2904 3219 3093 3275 Celsus
3158 3223 3336 3278 nullos

1751 3325 1873 3366 esse
1901 3311 2053 3372 deos.
2090 3312 2134 3366 si
2201 3311 2321 3365 alias
2385 3320 2574 3381 gentes
2630 3310 2808 3379 impia:
2858 3319 2912 3365 et
2961 3312 3230 3378 barbarae,
3289 3316 3333 3369 si

1754 3401 1934 3456 Persa:
1965 3401 2064 3471 ipsi
2098 3416 2201 3455 non
2240 3401 2457 3470 templa,
2497 3416 2602 3455 non
2639 3401 2860 3466 altaria,
2887 3415 2992 3456 non
3040 3402 3331 3458 simulacra

1751 3493 1951 3557 ierunt;
1975 3509 2080 3548 non
2112 3493 2318 3547 idcirco
2345 3492 2591 3547 eamdem
2628 3492 2732 3546 illis
2751 3507 2874 3548 esse
2908 3508 2994 3546 res
3029 3492 3333 3562 huiusmodi

1753 3599 1858 3638 non
1890 3582 2095 3638 ferendi
2136 3583 2401 3636 rationem
2431 3623 2445 3648 ,
2491 3593 2655 3654 atque
2700 3583 2876 3639 nobis.
2942 3582 3334 3654 lnquireudum

1753 3673 1895 3728 enim
1929 3680 2009 3727 est
2035 3672 2236 3741 quibus
2267 3672 2537 3742 dogmatis
2571 3674 2636 3726 ad
2689 3673 2980 3740 rejicienda
3018 3674 3218 3743 templa
3281 3685 3336 3730 et

1752 3758 2045 3814 sitnulacra
2081 3760 2297 3830 impulsi
2336 3762 2537 3816 fuerint
2569 3761 2628 3827 ii,
2662 3763 2754 3832 qui
2789 3763 2878 3818 illa
2930 3779 3038 3819 non
3099 3763 3278 3820 ferunt
3317 3781 3331 3817 :

1753 3858 1828 3911 ut,
1857 3850 1899 3902 si
1932 3851 2055 3918 quis
2087 3861 2308 3919 propter
2334 3867 2462 3906 sana
2499 3851 2750 3921 dogmata
2785 3869 2890 3908 non
2922 3853 3007 3908 illa
3050 3853 3178 3920 fert,
3212 3856 3334 3909 lau-

1753 3939 1940 4004 detur;
1984 3940 2028 3993 si
2093 3949 2312 4010 propter
2360 3941 2518 4007 falsa,
2577 3943 2934 4013 vituperetur.
2984 3944 3129 4000 Fieri
3183 3946 3332 4001 enim

1753 4040 1930 4101 potest
1955 4043 2009 4085 ut
2047 4032 2262 4088 diversa
2290 4034 2539 4104 dogmata
2569 4036 2647 4089 rei
2683 4035 2923 4104 ejusdem
2970 4053 3131 4092 causa
3195 4040 3329 4095 sint.

1755 4124 1996 4190 Exempli
2029 4126 2226 4194 gratia,
2285 4127 2456 4180 vitant
2504 4126 2832 4180 adulterium
2874 4127 3176 4197 philosophi
3237 4131 3329 4199 qui

1755 4222 2028 4276 Zenonem
2091 4219 2386 4274 Citieusem
2442 4226 2757 4284 sectantur;
2815 4221 2990 4272 vitant
3047 4229 3103 4274 et
3135 4221 3330 4288 quibus

1755 4313 2022 4383 Epicurus
2053 4310 2230 4380 placet
2282 4309 2568 4379 magister;
2609 4307 2852 4363 nonnulli
2905 4309 3067 4363 etiam
3106 4309 3328 4365 Omnino

1757 4405 1956 4460 ἰδίοισι.
1994 4401 2098 4457 Sed
2128 4401 2248 4454 vide
2277 4414 2438 4468 quam
2483 4398 2696 4452 diversa
2749 4400 2957 4451 ratione
3005 4397 3079 4452 illi
3139 4412 3330 4454 omnes

75 4494 180 4565 ὅρα,
214 4497 315 4569 ὅση
363 4497 634 4566 διαφωνία
679 4498 794 4551 ἐστὶ
831 4502 958 4572 περὶ
990 4502 1088 4573 τῆς
1122 4505 1215 4557 τοῦ
1254 4507 1523 4576 μοιχεύειν
1555 4510 1649 4560 ὲκ-

1759 4497 1827 4552 ab
1862 4495 2128 4551 adulterio
2162 4492 2489 4546 abstineant.
2517 4489 2622 4543 Alii
2656 4489 2781 4544 boni
2819 4490 3014 4557 publici
3049 4492 3247 4557 studio,
3276 4501 3330 4546 et

76 4588 288 4655 κλίσεως
321 4591 435 4644 τῶν
464 4589 735 4643 τοσούτων
753 4609 766 4621 ο
797 4595 844 4646 οἱ
879 4594 995 4664 μὲν,
1026 4595 1113 4650 διὰ
1136 4598 1195 4652 τὸ
1218 4600 1530 4653 κοινωνικὸν
1555 4601 1650 4654 καὶ

74 4681 210 4751 παρὰ
238 4681 408 4749 φύσιν
442 4677 586 4734 εἶναι
625 4680 702 4752 τῷ
743 4681 944 4754 λογικῷ
972 4684 1113 4756 ςὼῳ,
1143 4687 1382 4742 νοθεύειν
1422 4690 1519 4762 τὴν
1546 4691 1651 4744 ὑπὸ

72 4769 170 4823 τῶν
210 4773 398 4842 νόμων
454 4771 627 4842 ἑτέρῃ
673 4775 1220 4846 προκαταληφθεῖσαν
1262 4785 1520 4848 γυναῖκα,
1562 4783 1656 4835 καὶ

75 4861 306 4937 φθείρειν
333 4865 428 4918 τὸν
462 4863 624 4917 ἄλλον
661 4864 944 4937 ἀνθρώπου
974 4864 1121 4923 οἷκον
1146 4888 1159 4901 ·
1191 4873 1241 4925 οἱ
1267 4872 1322 4926 δὲ
1359 4874 1465 4926 ἀπὸ
1501 4876 1654 4927 Ἐπι-

73 4953 260 5025 κούρου
305 4956 371 5008 οὐ
403 4953 496 5008 διὰ
519 4953 678 5006 τοῦτο
719 4954 779 5007 οὐ
816 4956 1188 5026 μοιχεύουσιν,
1231 4961 1320 5013 ὅτε
1362 4962 1657 5032 ἀπέχονται

72 5044 155 5098 τοῦ
201 5046 522 5117 μοιχεύειν,
570 5044 705 5100 ἀλλὰ
747 5045 838 5100 διὰ
884 5047 944 5100 τὸ
985 5051 1323 5121 νενομικέναι
1366 5053 1518 5116 τέλος
1559 5051 1656 5123 τὴν

72 5138 274 5211 ἡδονὴν,
309 5140 486 5193 πολλὰ
524 5138 569 5191 δ’
602 5140 844 5212 ἀπαντᾷν
878 5141 990 5212 (80)
1018 5143 1296 5198 κωλυτικὰ
1319 5145 1422 5214 τῆς
1462 5143 1657 5215 ἡδονῆς

135 5280 179 5311 ⁵⁵
227 5278 498 5335 Herodot.
546 5276 644 5332 lib.
679 5294 717 5332 ι.

139 5396 247 5468 (76)
293 5395 709 5469 Ὀνομάζουσι.
765 5396 1048 5469 Boberello
1101 5399 1381 5469 legendum
1417 5397 1652 5469 videtur,

70 5469 374 5536 νομίζουσι.
411 5467 582 5521 Paulo
613 5477 754 5537 post,
793 5467 918 5520 libb.
951 5468 1078 5522 editi
1122 5467 1398 5532 Herodoti,
1435 5468 1648 5536 νόμοισι

70 5539 598 5610 τοῖσιχρεομένουςη
647 5539 787 5610 Infra
821 5538 1156 5610 Ilmschelius
1196 5539 1249 5591 in
1287 5547 1433 5610 textu
1468 5537 1646 5610 habet.

71 5608 122 5658 ἰν
144 5604 295 5681 vespa;
325 5604 1017 5681 negauerit-{voceiapﬁcxoat.
1052 5617 1104 5663 et
1135 5608 1475 5681 in__|nargitte
1507 5604 1650 5676 ἱδρύ-

69 5696 154 5731 σαι
182 5678 285 5746 pro
320 5678 599 5749 ἱδρύσοαι.
621 5748 624 5749 ν
646 5679 774 5734 Vide
806 5678 1135 5749 Herodotum
1171 5678 1263 5749 lib.
1286 5694 1334 5749 _I.

134 5750 248 5817 (77)
279 5745 548 5818 Δόμοισι.
615 5748 883 5818 Interpres
913 5746 1164 5802 Gelenius
1211 5747 1427 5818 videtur
1452 5745 1648 5815 legisse

68 5816 292 5890 δοκοῖσι,
333 5816 502 5876 τίει-ιιι
527 5821 669 5875 cnim
717 5837 729 5874 :
763 5816 843 5872 SAc
879 5818 924 5873 si
951 5819 1065 5889 quis
1103 5816 1374 5887 fabuletur
1403 5832 1521 5871 cum
1551 5819 1644 5869 sti-

1757 4587 1883 4659 quia
1917 4597 2123 4640 natura:
2159 4589 2422 4653 repugnat
2457 4579 2524 4633 ab
2577 4579 2853 4633 animante
2893 4578 3119 4634 rationis
3170 4580 3330 4646 parti-

1758 4680 1879 4744 cipe
1919 4677 2175 4730 feminznu
2217 4669 2511 4725 adulterari
2541 4667 2748 4738 legibus
2777 4668 3118 4735 conjunctam
3154 4667 3327 4733 alteri,

1759 4783 1813 4826 et
1844 4769 2065 4824 alterius
2100 4763 2334 4820 hominis
2357 4761 2626 4829 corrumpi
2653 4757 2870 4813 domum
2896 4776 2910 4822 ;
2955 4757 3170 4826 Epicuri
3200 4773 3330 4814 vero

1759 4859 2010 4928 discipuli
2052 4870 2273 4923 nonca
2327 4869 2495 4910 causa
2550 4850 2821 4904 adulterio
2859 4849 3154 4912 abstinent,
3204 4865 3325 4903 eum

1761 4955 1852 5009 illo
1887 4948 2320 5013 abstinent;sed
2378 4945 2520 5016 quod
2569 4959 2844 4998 summum
2899 4942 3094 4994 bonum
3131 4943 3181 4995 in
3240 4957 3333 4997 vo-

1759 5048 1964 5116 luptate
2014 5045 2250 5114 positum
2307 5038 2623 5092 existiment
2663 5073 2680 5099 ,
2739 5033 3012 5102 multaque
3069 5032 3330 5100 voluptati

1759 5141 1878 5210 ejus
1909 5137 2146 5201 obicere,
2204 5132 2294 5203 qui
2342 5132 2432 5184 uni
2502 5126 2759 5182 adulterii
2812 5124 3073 5192 voluptati
3132 5123 3330 5178 cedit:

1760 5393 1975 5461 pitibus,
2009 5387 2099 5442 sed
2126 5386 2248 5461 ride
2281 5383 2376 5461 l_ib.
2403 5377 3050 5461 I.contra_‘C‘el‘sum,An.~5.

1826 5463 1937 5530 (78)
1962 5447 2168 5530 "Alide
2193 5453 2373 5508 Θεῶν.
2395 5453 2584 5530 _Lego,
2623 5450 2762 5530 ἀλλα
2789 5449 2862 5530 μὴ
2890 5447 3048 5530 θεῶν.

1829 5515 1937 5600 (79)
1977 5523 2469 5600 ὈρμὼμενοιῄΙιιι
2494 5515 2644 5576 recte
2678 5515 3328 5600 habet'codexjo'lianns.

1755 5585 2095 5656 lléscltelius
2126 5585 2254 5649 vero
2285 5605 2339 5646 et
2367 5592 2675 5661 Spencerus
2721 5591 2773 5644 in
2813 5599 2978 5657 textu,
3012 5585 3326 5658 οίμώμενοι,

1755 5683 1808 5727 et
1843 5674 1895 5723 iu
1926 5667 2169 5734 margine
2197 5662 2491 5735 ῥμώμενοι,
2526 5662 2687 5735 male.

1825 5739 1935 5810 (80)
1974 5726 2292 5801 ’Λὲὲιιντᾷη
2321 5726 2332 5735 ’
2363 5735 2454 5786 Sic
2479 5726 2485 5728 ⁷
2507 5734 2709 5799 "illim"
2756 5729 2950 5810 mai“.
2973 5726 3328 5810 “muni-fx

1754 5795 2128 5874 correctione;
2191 5795 2234 5862 si
2277 5805 2421 5860 enim
2469 5795 2703 5874 ἀτέλντᾷ,
2740 5801 2883 5872 quod
2916 5801 3138 5870 _habent
3190 5795 3329 5848 libb.
