3846 6406
177 423 288 479 1515

1234 411 1515 469 CONTRA
1551 410 1826 466 CELSUM
1862 409 1989 463 LIB.
2038 408 2145 463 Vll.

3241 411 3380 466 1514

227 538 425 608 Εἴρηται
474 531 527 584 δὲ
583 533 637 583 ὲν
690 532 798 592 τοῖς
847 530 1102 603 ἀνωτέρω
1157 532 1283 603 περὶ
1308 533 1535 604 Περσῶν
1564 533 1698 603 πρὸς

1874 531 1964 587 65.
1994 530 2070 585 De
2103 530 2286 585 Persis
2312 530 2422 600 jam
2472 546 2632 601 supra
2673 519 2928 594 diximus,
2992 534 3061 587 ab
3110 535 3213 590 illis
3263 553 3371 592 non

168 632 218 687 τὸ
238 629 352 690 νεὼς
380 625 468 695 μὲν
494 623 684 684 αὐτοὺς
715 621 787 692 μὴ
823 621 1088 692 ἱδρῦσθαι,
1132 622 1309 674 σέϐειν
1344 623 1401 675 δὲ
1425 623 1517 675 τὸν
1543 622 1691 692 ἣλιον

165 723 242 776 καὶ
285 719 346 771 τά
384 715 470 769 τοῦ
511 713 642 766 Θεοῦ
676 713 1130 786 δημιουργήματα
1153 731 1164 742 ·
1197 714 1334 784 ὅπερ
1382 716 1514 784 ἡμῖν
1548 715 1692 782 ἁπη-

163 814 380 884 γόρευται
402 808 528 880 (86),
554 805 952 876 διδασκομένοις
996 807 1068 879 μὴ
1095 806 1375 878 λατρεύειν
1415 809 1480 878 τῇ
1517 808 1692 860 κτίσει

164 904 287 976 παρὰ
314 902 396 954 τὸν
426 898 714 952 κτίσαντα·
751 897 864 950 ἀλλ’
899 898 1094 951 εἰδέναι
1123 899 1220 969 μὲν
1243 939 1256 961 ,
1301 898 1389 951 ὅτι
1424 900 1462 966 ἠ
1496 899 1694 965 κτίσις

161 991 654 1062 ἐλευθερωθήσεται
696 989 812 1044 ἀπὸ
859 989 968 1058 τῆς
1001 989 1282 1057 δουλείας
1313 989 1425 1057 τῆς
1469 989 1694 1059 φθορᾶς

157 1093 228 1154 εἱς
263 1087 366 1155 τὴν
403 1085 742 1152 ἐλευθερίαν
776 1081 882 1152 τῆς
929 1083 1114 1151 δόξης
1153 1083 1272 1136 τῶν
1321 1084 1547 1137 τέκνων
1587 1083 1694 1136 τοῦ

161 1177 308 1231 Θεοῦ·
343 1175 450 1237 καὶ,
485 1174 569 1226 ὅτι
606 1174 643 1238 ἡ
679 1172 1122 1240 ἀποκαραδοκία
1156 1171 1266 1240 τῆς
1299 1173 1548 1237 κτίσεως
1581 1172 1694 1241 τὴν

156 1263 506 1332 ἀποκάλυψιν
529 1261 647 1313 τῶν
672 1260 817 1315 υἱῶν
840 1261 944 1314 τοῦ
971 1262 1118 1315 Θεοῦ
1142 1260 1552 1329 ἀπεκδέχεταιο
1573 1264 1692 1330 καὶ,

157 1360 228 1410 ὅτι
271 1355 359 1424 τῇ,
369 1356 707 1423 ματαιότητι
753 1353 864 1424 (87)
910 1356 947 1423 ἠ
995 1355 1191 1418 κτίσις
1234 1354 1500 1423 ὑπετάγη
1527 1395 1542 1417 ,
1580 1357 1692 1425 οὐχ

154 1450 366 1511 ἑκοῦσα,
389 1448 544 1500 ἀλλὰ
571 1446 665 1499 διὰ
693 1447 786 1498 τίὲν
817 1446 1198 1509 ὑποτάξαντα
1218 1447 1310 1498 ἐπ’
1333 1447 1535 1501 ἑλπίδι
1553 1465 1567 1476 ·
1600 1450 1694 1502 καὶ

157 1543 217 1613 μὴ
243 1542 334 1612 μὴν
361 1542 449 1593 καὶ
479 1541 588 1594 δεῖν
621 1540 686 1592 τὰ
721 1539 812 1592 ὲπί
843 1542 910 1610 τῇ
937 1539 1150 1610 δουλείᾳ
1185 1539 1295 1610 (88)
1345 1541 1444 1610 τῆς
1487 1540 1692 1611 φθορᾶς

153 1637 228 1688 καὶ
256 1635 337 1688 ἐπὶ
363 1636 424 1705 τῇ
473 1633 788 1703 ματαιότητι
815 1632 1227 1702 ὑποτεταγμένα
1265 1634 1358 1686 καὶ
1392 1635 1478 1685 ἐπ’
1520 1633 1692 1686 ἐλπίδι

151 1725 382 1796 κρείττονι
415 1721 584 1777 ταῦτα
611 1723 914 1794 πράττοντα
941 1724 996 1774 ἐν
1036 1721 1189 1793 χώρᾳ
1225 1725 1388 1794 τιμᾷν
1421 1723 1558 1776 Θεοῦ
1598 1723 1690 1776 τοῦ

151 1819 412 1882 ἀνενδεοῦς,
443 1818 474 1889 ἦ
505 1817 595 1871 τοῦ
631 1815 760 1870 Υἱοῦ
781 1815 946 1870 αὑτοῦ
973 1817 1063 1867 καὶ
1087 1817 1464 1883 Πρωτοτόκου
1487 1815 1690 1883 πάσης

1804 621 2001 690 templa
2037 621 2258 691 quidem
2287 623 2552 686 construi,
2596 622 2688 676 sed
2743 622 2912 678 solem
2956 631 3136 678 tamen
3168 635 3219 678 et
3276 627 3372 681 Det

1799 728 1962 782 opera
1991 713 2231 769 adorari.
2264 713 2319 767 id
2372 713 2516 782 quod
2566 715 2794 769 vetitum
2842 714 2998 770 nobis
3030 727 3133 781 est,
3186 727 3240 770 ιιι
3271 719 3365 787 qui

1799 807 1943 861 docti
1977 822 2166 861 sumus
2199 821 2303 860 non
2355 816 2669 861 creaturam
2713 808 2970 869 adorare.
3002 809 3095 862 sed
3144 808 3371 864 Creato-

1799 913 1936 960 rem,
1975 908 2029 953 et
2058 909 2356 952 creaturam
2384 898 2662 952 liberatum
2693 900 2764 952 iri
2807 917 2838 952 a
2884 902 3132 954 servitute
3181 918 3371 954 corru-

1796 991 1998 1059 ptionis
2021 992 2073 1044 in
2097 989 2391 1043 libertatem
2417 988 2602 1058 gloria:
2621 990 2855 1059 ﬁliorum
2889 991 2983 1046 Dei
3011 992 3076 1056 ⁶³;
3106 1002 3160 1048 et
3195 1010 3372 1061 exspe-

1798 1085 2078 1136 ctationem
2169 1088 2432 1135 creatura:
2518 1081 2884 1136 reuelationem
2962 1083 3199 1151 ﬁliorum
3273 1083 3370 1137 Dei

1797 1185 2095 1242 exspectare
2117 1175 2184 1239 “,
2213 1182 2267 1228 et
2319 1176 2540 1228 vanitati
2583 1185 2881 1228 creaturam
2933 1176 3221 1245 subjectum
3263 1193 3374 1231 esse

1798 1283 1901 1320 non
1934 1268 2206 1332 volentem,
2239 1269 2331 1322 sed
2363 1277 2577 1335 propter
2600 1283 2718 1320 eum
2745 1269 2833 1336 qui
2855 1267 3068 1336 subjecit
3093 1268 3145 1321 in
3181 1285 3268 1337 spe
3292 1270 3366 1333 ‘5;

1801 1358 2025 1426 proinde
2062 1373 2150 1412 res
2201 1359 2532 1426 corrluptioni
2587 1358 2864 1413 servitutis
2919 1357 3260 1429 subjacentes
3317 1373 3372 1416 et

1796 1450 2024 1504 vanitati
2077 1451 2348 1522 subjectas
2380 1462 2436 1506 et
2488 1451 2728 1506 melioris
2774 1451 3098 1506 conditionis
3154 1469 3248 1522 spe
3290 1457 3372 1509 sic

1796 1553 2178 1610 permanentes
2216 1544 2428 1597 adorari
2480 1559 2586 1598 non
2651 1551 2902 1611 oportere
2949 1558 3044 1611 pro
3097 1542 3226 1608 Deo,
3277 1545 3367 1612 qui

1796 1635 1940 1688 nulla
1973 1653 2029 1689 re
2060 1635 2287 1706 indiget,
2312 1648 2405 1689 aut
2434 1651 2531 1704 pro
2563 1635 2702 1689 Filio
2749 1637 2867 1703 ejus
2899 1645 2954 1689 et
3010 1631 3371 1704 Primogenito

1795 1727 1962 1778 omnis
1987 1739 2246 1780 creatura:
2275 1728 2339 1783 ⁸⁸.
2381 1729 2556 1795 Atque
2584 1727 2698 1780 haec
2726 1726 3053 1794 supradictis
3084 1727 3148 1780 de
3183 1726 3372 1784 Persa-

1800 1833 1918 1869 rum
1946 1828 2104 1886 gente
2138 1833 2262 1872 aras
2283 1819 2496 1888 quidem
2529 1826 2584 1872 et
2615 1817 2910 1872 simulacra
2938 1829 3246 1884 aversante,
3276 1822 3367 1874 sed

150 1912 384 1977 κτίσεως.
407 1912 593 1982 Ἀρκεῖ
611 1910 784 1964 τοίνυν
813 1910 947 1979 πρὸς
981 1908 1209 1972 ἐκείνοις
1240 1911 1333 1961 καὶ
1363 1908 1536 1962 ταῦτα
1562 1909 1690 1979 περὶ

1808 1919 2103 1962 creaturam
2161 1910 2278 1965 loco
2332 1909 2606 1964 Creatoris
2659 1908 2885 1963 colente‘
2917 1909 3195 1964 addidisse
3238 1913 3373 1965 satis

149 2002 223 2054 τοῦ
251 2002 459 2073 Περσῶν
492 2002 697 2065 ἔθνους,
731 2001 946 2072 βωμοὺς
979 2001 1072 2052 καὶ
1105 1999 1394 2070 ἀγάλματα
1428 2003 1689 2071 ἐκτρεπο-

151 2094 316 2162 μένων,
344 2093 705 2164 λατρευόντων
733 2092 788 2144 δὲ
812 2095 877 2162 τῇ
906 2091 1078 2144 κτίσει
1113 2089 1264 2161 παρά
1291 2090 1381 2142 τὸν
1411 2090 1689 2144 κτίσαντα.

159 2187 286 2238 Ἐπεὶ
310 2187 362 2238 δὲ
393 2187 484 2240 καὶ
517 2185 614 2256 τὴν
668 2184 1022 2257 Ἡρακλείτου
1057 2182 1324 2254 παρέθετο
1353 2182 1496 2247 λέξιν
1517 2224 1530 2247 ,
1563 2184 1695 2237 ὑπο-

145 2279 504 2349 διηγησάμενος
543 2278 714 2349 αὑτὴν
745 2275 1224 2347 ὑποσημαίνουσαν
1265 2275 1499 2341 ἠλίθιον
1543 2275 1695 2328 εῖναι

145 2370 196 2422 τὸ
220 2371 330 2436 τοῖς
352 2369 694 2440 ἀγάλμασιν
713 2368 1016 2437 εὔχεσθαι,
1040 2367 1148 2420 ἐὰν
1163 2367 1249 2436 μὴ
1281 2365 1585 2437 γιγνώσκῃ
1604 2385 1693 2433 τις

144 2463 292 2528 θεοὺς
321 2464 412 2516 καὶ
444 2463 664 2531 ἥρωας,
691 2463 911 2526 οἵτινές
936 2464 1054 2513 εἱσι
1081 2478 1093 2490 ο
1130 2460 1368 2523 λεκτέον,
1395 2461 1476 2512 ὅτι
1505 2459 1700 2529 γιγνώ-

147 2569 269 2607 σκειν
310 2555 404 2624 μέν
439 2556 556 2607 ἐστι
603 2554 734 2607 Θεὸν
760 2593 774 2616 ,
811 2554 905 2606 καὶ
937 2553 1028 2605 τὸν
1061 2551 1340 2621 Μονογενῆ
1373 2551 1558 2616 αὑτοῦ,
1605 2553 1698 2605 καὶ

144 2649 245 2710 τοὺς
263 2648 648 2718 τετιμημένους
672 2646 774 2700 ὑπὸ
796 2645 930 2699 Θεοῦ
959 2649 1023 2716 τῇ
1049 2639 1192 2711 Θεὸς
1217 2644 1573 2717 προσηγορίᾳ,
1605 2645 1696 2697 καὶ

146 2738 438 2808 μετέχοντας
469 2739 572 2808 τῆς
607 2737 858 2807 θεότητος
893 2735 1080 2800 αὑτοῦ,
1109 2736 1328 2807 ἑτέρους
1352 2734 1510 2798 ὄντας
1544 2733 1698 2804 παρά

1802 2000 1982 2054 fuerit.
2014 2000 2285 2067 Quoniam
2319 2015 2446 2054 vero
2482 2011 2536 2055 et
2567 2000 2823 2054 lleracliti
2884 2001 3044 2054 verba
3102 2001 3367 2071 recitavit,

1801 2097 1996 2163 quibus
2036 2095 2367 2150 subindicari
2433 2096 2528 2154 ait,
2582 2094 2802 2147 stultum
2855 2111 2964 2149 esse
3015 2113 3188 2163 preces
3236 2098 3373 2166 ferre

1799 2187 2120 2252 simulacris,
2146 2187 2246 2241 nisi
2273 2196 2452 2240 notum
2479 2189 2546 2239 sit
2569 2187 2697 2254 quid
2721 2187 2822 2239 sint
2857 2188 2952 2252 dii,
2988 2190 3113 2258 quid
3148 2191 3330 2247 heroes
3353 2211 3372 2255 ,'

1800 2281 2114 2344 dicendum,
2160 2277 2319 2332 facile
2377 2279 2625 2347 cognosci
2679 2292 2835 2346 posse
2889 2278 3182 2334 discrimen
3232 2287 3372 2350 quod

1803 2373 1945 2424 inter
1975 2371 2164 2433 Deum,
2200 2369 2544 2438 Unigenitum
2578 2367 2728 2435 ejus,
2782 2369 3023 2439 dignatos
3061 2385 3090 2424 a
3131 2375 3240 2428 Deo
3278 2375 3372 2429 Dei

1803 2463 2184 2528 appellatione,
2232 2461 2526 2530 participes
2555 2457 2669 2525 ejus
2704 2458 3030 2527 divinitatis,
3080 2474 3135 2517 et
3184 2482 3376 2522 omnes

1802 2556 1930 2608 deos
1955 2555 2194 2625 gentium
2254 2554 2344 2624 qui
2396 2552 2661 2608 dminonia
2707 2561 2852 2616 sunt,
2900 2553 3220 2625 intercedit;
3280 2564 3373 2614 sed

1804 2645 1970 2700 Deum
2004 2647 2259 2716 cognosci
2303 2647 2464 2700 simul
2491 2655 2544 2698 et
2598 2644 2912 2698 simulacris
2951 2647 3152 2704 cultum
3210 2652 3373 2707 tribui

1802 2751 1906 2787 tton
1939 2751 2118 2801 posse.

142 2834 321 2897 πάντας
342 2835 465 2898 τοὺς
495 2833 652 2898 θεοὺς
684 2833 792 2886 τῶν
819 2832 1006 2896 ἐθνῶν,
1035 2832 1229 2894 οἵτινές
1260 2832 1364 2884 εἰσι
1390 2830 1640 2899 δαιμόνια
1665 2846 1678 2860 ·
1709 2831 1768 2882 οὑ
1803 2830 1908 2901 μὴν
1936 2831 2158 2884 δυνατόν
2180 2832 2294 2882 ὲστι
2322 2834 2414 2884 καὶ
2437 2833 2760 2902 γιγνώσκειν
2781 2836 2869 2888 τὸν
2916 2835 3047 2888 Θεὸν
3109 2836 3202 2888 καὶ
3263 2836 3379 2900 τοῖς

143 2930 418 3002 ἀγάλμασιν
442 2929 723 3003 εὔχεσθαι.

200 3027 297 3079 Καὶ
317 3029 375 3080 οὑ
408 3029 570 3098 μόνον
599 3027 659 3079 τὸ
699 3025 953 3096 εὔχεσθαι
997 3029 1108 3088 τοῖς
1149 3024 1457 3093 ἀγάλμασιν
1492 3021 1696 3090 ἠλίθιόν

145 3121 285 3186 ἐστιν,
302 3123 434 3176 ἀλλά
452 3123 563 3192 γὰρ
590 3120 682 3172 καὶ
710 3119 770 3172 τὸ
797 3118 1336 3190 συμπεριφερόμενον
1357 3117 1468 3178 τοῖς
1486 3115 1698 3176 πολλοῖς

145 3216 530 3283 προσποιεῖσθαι
564 3205 676 3283 (89)
703 3217 814 3276 τοῖς
853 3211 1164 3280 ἀγάλμασιν
1193 3207 1446 3278 εὔχεσθαι
1472 3224 1484 3236 ο
1517 3208 1698 3259 ὁποῖον

1808 3204 2055 3274 exemplo
2100 3205 2464 3284 myltitudinis
2503 3223 2517 3261 :

144 3308 355 3360 ποιοῦσιν
377 3311 426 3361 οἱ
458 3308 528 3361 τά
556 3307 664 3360 ἀπὸ
688 3305 780 3358 τοῦ
811 3304 1119 3375 Περιπάτου
1144 3299 1578 3370 φιλοσοφοῦντες,
1602 3298 1696 3351 καὶ
1733 3329 1736 3333 -

139 3400 178 3449 οἱ
210 3399 268 3451 τά
305 3401 630 3471 Ἐπικούρου
676 3398 709 3468 ἢ
741 3395 1081 3467 Δημοκρίτου
1114 3392 1498 3462 ἀσπαζόμενοι.
1528 3388 1696 3443 Οὐδὲν

141 3490 229 3561 γὰρ
266 3493 412 3546 νόθον
453 3491 563 3563 χρὴ
604 3491 928 3560 ἐνυπάρχειν
961 3489 1026 3557 τῇ
1061 3485 1206 3555 ψυχῇ
1238 3482 1332 3536 τοῦ
1365 3481 1578 3552 ἀληθῶς
1620 3481 1698 3542 είς

140 3582 190 3635 τὸ
221 3583 362 3638 Θεῖον
384 3584 665 3646 εὐσεϐοῦς.
715 3583 788 3634 Οὑ
830 3579 1076 3650 τιμώμεν
1106 3578 1162 3630 δὲ
1195 3575 1264 3628 τά
1291 3574 1578 3644 ἀγάλματα
1606 3571 1700 3623 καὶ

140 3675 211 3728 διὰ
233 3677 288 3730 τὸ
312 3680 405 3749 μὴ,
427 3679 490 3731 τὸ
519 3679 645 3731 ὅσον
667 3677 748 3744 ἐφ’
772 3675 922 3745 ἡμῖν,
946 3671 1309 3724 καταπίπτειν
1333 3669 1414 3730 εἰς
1434 3665 1698 3735 ὑπόληψιν

139 3766 217 3837 τὴν
242 3768 481 3840 περὶτοῦ
518 3763 660 3820 εἶναι
702 3764 770 3817 τὰ
802 3763 1091 3831 ἀγάλματα
1133 3760 1288 3824 θεοὺς
1330 3758 1568 3829 ἐτέρους.
1611 3755 1702 3806 Διὸ

139 3862 216 3912 καὶ
251 3861 590 3933 ἐγκαλοῦμεν
623 3859 812 3928 Κέλσῳ
839 3857 933 3910 καὶ
965 3856 1098 3907 πᾶσι
1127 3855 1239 3913 τοῖς
1271 3850 1592 3922 ὁμολογοῦσι
1627 3847 1700 3917 μὴ

140 3948 254 4006 εἶναι
294 3955 464 4007 ταῦτα
513 3954 705 4015 θεοὺς,
755 3953 836 4004 ὃτι
870 3950 976 4002 τῶν
1025 3945 1321 3999 δοκούντων
1351 3940 1490 3996 εἶναι
1523 3941 1700 4008 σοφῶν

139 4046 218 4097 xui.
255 4050 286 4117 ἡ
331 4047 636 4117 φαινομένη
681 4045 787 4114 (90)
828 4043 954 4114 περὶ
996 4039 1064 4094 τὰ
1107 4037 1395 4108 ἀγάλματα
1422 4036 1590 4106 τιμή·
1621 4029 1703 4096 οἷς

141 4136 216 4188 καὶ
244 4138 662 4199 ἀκολουθοῦντες
704 4139 752 4190 οἰ
787 4133 1059 4188 πολλοιοὺ
1103 4130 1259 4202 μόνον
1306 4127 1447 4181 κατά
1493 4141 1704 4196 συμπε-

141 4231 342 4303 ριφορὰν
374 4233 555 4285 σέϐειν
582 4231 721 4282 αὑτὰ
759 4228 1072 4298 νομίζοντες
1100 4223 1523 4294 ἁμαρτάνουσιν,
1565 4215 1702 4268 ἀλλὰ

140 4324 228 4396 γὰρ
247 4328 336 4380 καὶ
359 4326 797 4386 καταπίπτοντες
821 4326 885 4393 τῇ
912 4322 1055 4391 ψυχῇ
1079 4321 1170 4371 ἐπὶ
1189 4317 1249 4369 τὸ
1269 4311 1509 4385 νομίζειν
1530 4309 1702 4362 ταῦτα

137 4413 255 4472 εἶναι
301 4421 493 4483 θεοὺς,
532 4419 629 4471 καὶ
669 4417 788 4488 μηδ’
837 4413 1151 4483 ἀνεχόμενοι
1193 4408 1445 4467 ἀκούειν,
1479 4404 1560 4456 ὅτι
1603 4399 1702 4453 οῦκ

138 4511 225 4562 εἰσι
246 4513 413 4566 ταῦτα
439 4511 556 4565 θεοὶ
586 4509 653 4563 τὰ
674 4509 762 4560 ὑπ’
783 4505 961 4559 αὐτῶν
993 4499 1464 4572 προσκυνούμενα.
1493 4493 1701 4555 Κέλσος

1875 3017 2032 3090 741
2051 3015 2332 3088 66.Neque
2352 3019 2526 3074 solum
2552 3019 2776 3075 stultum
2801 3031 2885 3077 est
2908 3023 3222 3079 simulacris
3246 3041 3376 3093 pre-

1805 3129 1897 3168 ces
1939 3113 2107 3177 ferre,
2151 3127 2339 3165 verum
2401 3112 2564 3166 etiam
2610 3113 2675 3166 ad
2726 3113 2778 3168 id
2821 3113 3184 3169 simulandum
3230 3117 3374 3171 trahi

2567 3206 2711 3274 quod
2760 3206 2962 3261 faciunt
2996 3206 3376 3277 Peripateticae

1802 3299 2156 3370 philosophia:
2185 3308 2500 3359 sectatores.
2524 3309 2578 3351 et
2600 3299 2692 3366 qui
2720 3299 2937 3367 Epicuri
2961 3310 3054 3352 aut
3079 3300 3391 3355 Democriti.

1801 3393 1998 3462 placita
2031 3389 2457 3459 amplectuntur.
2489 3388 2631 3442 Nihil
2663 3390 2804 3443 enim
2834 3390 2886 3443 in
2915 3392 3092 3445 anima
3137 3389 3380 3449 hominis

1803 3499 1928 3539 vera
1965 3484 2168 3554 pietate
2225 3480 2388 3536 Deum
2432 3481 2660 3535 colentis
2705 3483 2883 3536 inesse
2929 3483 3084 3538 debet
3119 3484 3380 3539 adulteri-

1805 3591 1952 3629 num.
1989 3573 2089 3628 Est
2121 3573 2278 3626 nobis
2303 3583 2350 3626 et
2379 3573 2480 3625 alia
2509 3588 2669 3627 causa
2702 3589 2803 3627 cur
2832 3573 3138 3629 simulacris
3169 3574 3370 3628 nulluir

1803 3668 2066 3722 honorem
2100 3666 2424 3727 habeamus,
2455 3665 2711 3717 nimirum
2738 3680 2804 3718 ne
2830 3675 3092 3734 quantum
3132 3666 3183 3720 in
3223 3668 3374 3720 nobis

1804 3773 1888 3813 est
1941 3760 1994 3812 in
2041 3759 2183 3812 hanc
2236 3757 2490 3810 labantur
2527 3757 2873 3824 opinionem,
2919 3755 3210 3810 simulacra
3242 3755 3380 3808 alios

1807 3853 1936 3907 deos
1995 3868 2138 3905 esse.
2173 3850 2440 3917 Quocirca
2473 3849 2607 3901 vitio
2651 3851 2910 3904 vertimus
2956 3848 3118 3904 Celso
3150 3848 3381 3918 aliisque

1809 3943 2106 3998 simulacra
2161 3945 2288 3997 deos
2332 3959 2436 3996 non
2483 3957 2604 3995 esse
2637 3941 3054 4006 conﬁtentibus,
3081 3942 3248 4012 quod,
3284 3957 3375 3995 sa-

1807 4035 2020 4104 pientes
2054 4036 2247 4098 habiti,
2312 4035 2518 4088 cultum
2553 4033 2864 4087 simulacris
2907 4032 3118 4087 deferre
3151 4035 3380 4087 vidcan-

1810 4136 1916 4178 tur.
1956 4125 2153 4177 Eornm
2198 4127 2342 4178 enim
2402 4127 2649 4194 exemplo
2679 4128 2831 4180 multi
2881 4137 3106 4195 peccant
3136 4126 3230 4194 qui
3273 4140 3381 4179 non

1808 4217 1983 4271 solum
2018 4218 2132 4270 haec
2163 4217 2261 4271 sibi
2300 4218 2523 4271 colenda
2556 4234 2674 4274 esse
2697 4231 2886 4287 putant
2913 4230 2972 4274 ιιι
3001 4236 3060 4275 se
3089 4227 3382 4273 consuetu-

1817 4307 1929 4359 dini
1961 4308 2390 4370 accommodent,
2417 4309 2510 4361 sed
2541 4310 2704 4362 etiam
2744 4320 2927 4365 mente
2970 4313 3024 4364 in
3062 4312 3204 4365 hanc
3243 4311 3382 4364 inci-

1809 4396 1943 4448 dunt
1971 4395 2304 4464 opinionem,
2343 4397 2430 4449 illa
2457 4412 2576 4451 esse
2611 4398 2746 4452 deos
2779 4418 2790 4451 :
2831 4414 2937 4468 quo
2983 4401 3043 4454 [it
3086 4408 3145 4453 ut
3195 4401 3385 4453 audire

1809 4500 1914 4538 non
1943 4485 2175 4551 possint,
2201 4485 2333 4538 deos
2361 4485 2449 4538 illa
2475 4501 2583 4538 non
2612 4500 2730 4540 esse
2757 4502 2875 4552 qum
2899 4487 2968 4540 ab
2998 4487 3128 4554 ipsis
3149 4484 3381 4538 adoran-

140 4603 220 4668 μὲν
247 4599 334 4655 οὖν
368 4621 539 4672 φησιν
567 4597 718 4653 αὐτὰ
745 4596 830 4666 μὴ
864 4594 1133 4664 ἡγεῖσθαι
1154 4589 1346 4654 θεοὺς,
1371 4584 1530 4640 ἀλλὰ
1550 4581 1698 4636 θεῶν

1810 4587 1915 4630 tur.
1949 4580 2039 4632 Ait
2061 4578 2278 4646 quidem
2304 4578 2492 4633 Celsus
2523 4597 2581 4633 se
2610 4579 2702 4630 illa
2731 4582 2852 4632 deos
2903 4595 3006 4632 non
3052 4578 3379 4640 existimare,

136 4691 495 4762 ἀναθήματαο
559 4692 632 4762 μὴ
680 4688 1040 4749 ἀποδεικνὺς,
1089 4682 1208 4745 πῶς
1249 4681 1348 4733 οὑκ
1401 4675 1702 4749 ἀνθριξιπων

136 4784 225 4835 εἰσὶ
247 4784 415 4836 ταῦτα
446 4782 774 4851 ἀναθήματα
801 4818 814 4840 ,
864 4777 977 4830 ἀλλ’
999 4818 1014 4842 ,
1057 4775 1132 4838 ὡς
1173 4771 1455 4842 ὠνόμασεν
1476 4809 1490 4833 ,
1525 4767 1704 4820 αὐτῶν

135 4875 226 4926 τῶν
248 4877 400 4929 θεῶν.
439 4875 622 4943 Σαφὲς
652 4873 778 4944 γάρ,
809 4873 889 4925 ὅτι
924 4871 1069 4923 ἐστὶν
1101 4866 1400 4938 ἀνθρώπων
1426 4861 1707 4914 πεπλανη-

139 4961 293 5027 μένων
337 4965 466 5034 περὶ
499 4962 564 5016 τὸ
613 4960 752 5013 θεῖον
795 4958 967 5012 ταῦτα
1017 4957 1359 5025 ἀναθήματα.
1415 4949 1552 5002 Ἀλλ’
1587 4947 1709 5000 οὑδὲ

136 5056 267 5122 θείας
296 5060 504 5124 εἰκόνος
536 5055 986 5127 ὑπολαμϐάνομεν
1010 5049 1146 5105 εἶναι
1177 5051 1243 5104 τὰ
1274 5048 1584 5118 ἀγάλματα,
1615 5044 1710 5096 ἆτε

136 5153 329 5223 μορφὴν
390 5153 631 5223 ἀοράτου
693 5146 786 5201 καὶ
849 5145 1140 5214 ἀσωμάτου
1207 5141 1280 5212 μὴ
1334 5139 1706 5209 διαγράφοντα

133 5237 253 5293 Θεοῦ
285 5242 419 5315 (91).
467 5243 625 5296 Ἐπεὶ
649 5240 706 5293 δὲ
739 5235 1109 5308 ὑπολαμϐάνει
1133 5235 1278 5304 ἡμᾶς
1305 5235 1332 5285 ὁ
1363 5229 1568 5292 Κέλσος
1592 5229 1706 5289 τοῖς

195 5364 236 5396 ⁸³
272 5365 433 5420 Rom.
467 5381 590 5427 vm,
623 5365 712 5418 2|.
790 5362 836 5394 ⁸⁸
879 5359 1040 5422 lbid.,
1081 5357 1170 5412 19.
1247 5356 1317 5418 ⁸⁸,
1342 5353 1502 5418 lbid.,
1535 5349 1627 5403 εὶς).

200 5484 304 5557 186)
338 5486 514 5542 Codd.
565 5485 714 5556 lleg..
763 5483 923 5536 Basil.
957 5491 1011 5535 et
1044 5477 1319 5543 Vatican.,
1359 5471 1702 5545 ἀπαγορεύε-

141 5572 302 5692 αἷΘἸ)
328 5627 503 5682 Codd.
544 5627 675 5695 Reg.
719 5636 774 5680 et
819 5623 1008 5685 Basi|.,
1054 5617 1450 5688 ἀπεκδέχεται’
1499 5618 1564 5687 τῇ
1592 5615 1702 5686 γὰρ

135 5697 465 5769 ματαιότητι.

195 5769 301 5845 (iis)
339 5757 488 5822 Idem
541 5783 693 5826 mss.,
739 5767 824 5817 ἐπ’
863 5761 1070 5815 ἐλπίδιο
1120 5760 1182 5812 οὑ
1223 5759 1328 5829 μὴν
1379 5758 1448 5811 τὰ
1489 5757 1582 5810 ἐπὶ
1635 5759 1701 5826 τῇ

132 5835 818 5980 ὅθιἐίλῖλῗιίῖροσπτοιεῖσθαι.
864 5904 998 5960 Vide
1028 5905 1222 5960 Euseb.
1248 5901 1344 5958 lib.
1372 5914 1424 5954 tv
1455 5897 1701 5966 Prwpar.

240 6037 264 6064 ο
438 6005 712 6064 ΡΑτιπιοι..
764 6003 879 6063 Gn.
929 6002 1037 6063 Xi.

1806 4676 1896 4725 sed
1929 4674 2076 4728 dona
2123 4671 2224 4723 diis
2269 4683 2597 4726 consecrata.
2659 4674 2725 4724 At
2769 4687 2876 4724 non
2921 4671 3183 4733 ostendit,
3245 4685 3385 4738 quo-

1813 4765 1975 4817 modo
2022 4764 2110 4815 illa
2142 4779 2245 4817 non
2292 4765 2400 4816 sint
2439 4765 2622 4833 potius
2665 4773 2984 4817 consecrata
3038 4761 3388 4818 hominibus.

1815 4870 1974 4923 quam
2041 4855 2178 4916 diis,
2223 4865 2280 4906 ιιι
2331 4855 2596 4924 loquitur.
2645 4857 2874 4910 Constat
2940 4859 3087 4909 enim
3121 4853 3211 4907 illa
3245 4855 3387 4906 dona

1814 4958 1936 4997 esse
1964 4943 2277 5006 hominum,
2321 4945 2411 5012 qui
2442 4945 2507 4997 de
2539 4943 2822 4996 divinitate
2850 4944 2902 4996 iu
2940 4957 3128 4997 errore
3159 4955 3387 4995 versan-

1820 5051 1929 5094 tur.
1964 5037 2163 5105 Neque.
2196 5040 2364 5090 etiam
2418 5039 2692 5110 credimus
2727 5037 3016 5090 siumlacra
3043 5051 3164 5090 esse
3192 5035 3392 5090 divinat:

1819 5129 2094 5202 imaginis,
2144 5141 2201 5184 ut
2244 5145 2366 5199 quae
2400 5131 2494 5184 Dei
2529 5130 2820 5183 invisibilis
2845 5140 2900 5182 et
2932 5129 3236 5196 incorporei
3279 5125 3392 5180 lor-

1819 5242 1964 5279 mam
1994 5242 2100 5282 non
2128 5223 2386 5280 referant.
2436 5223 2590 5289 Quod
2626 5222 2818 5276 Celsus
2850 5230 3003 5290 putat
3037 5235 3134 5274 nos
3168 5235 3198 5274 a
3233 5220 3394 5275 nobis

1707 5351 1775 5381 ⁶⁶’
1803 5351 2019 5406 Coloss.
2061 5365 2100 5416 ι,
2128 5348 2218 5403 15.

1813 5473 2076 5538 evangel.,
2114 5472 2170 5526 in
2212 5472 2320 5525 ﬁne
2349 5469 2544 5537 capitis
2575 5464 2862 5538 secundi.“
2931 5486 2958 5538 _'

1884 5529 1994 5614 (96)
2024 5529 2132 5596 Καὶ
2168 5546 2206 5612 ὴ
2233 5529 2585 5614 spata-operm
2619 5533 2901 5614 liciterello
2929 5533 3214 5614 legendum
3243 5529 3398 5611 vide-

1816 5603 1903 5667 tur
1944 5603 2152 5683 γίνεται
2281 5603 2598 5682 φαινομένη.
2644 5607 2842 5684 Ibidem
2877 5603 2942 5684 ad
2974 5603 3271 5684 t‘narhgipem
3296 5608 3398 5653 an-

1815 5697 1894 5739 tea
1923 5671 2195 5738 editorum
2230 5671 2454 5747 legitur;
2495 5671 2627 5747 τιμή
2653 5693 2665 5704 ο
2759 5676 2852 5747 καὶ
2879 5671 3318 5747 ἀκολουθοῦντες.

1885 5735 2326 5822 (91)--11ωεειιέ1ί
2378 5735 2443 5822 «τι
2488 5735 2783 5822 διῖιειιριξὶῖ.ζ
2827 5746 3074 5822 ἀοράτουΔ
3109 5740 3252 5822 Θεοῦ.
3298 5735 3394 5822 καί
3477 5814 3489 5821 Ὤ

1812 5811 2103 5895 ἀσωμάτου
2137 5825 2209 5894 μὴ
2237 5811 2626 5891 διαγράφοντες
2653 5815 2805 5896 Θεοῦ.
2845 5811 2913 5867 At
2941 5817 3091 5868 codd.
3125 5811 3322 5881 licgius
3342 5819 3397 5862 et

1812 5897 2004 5966 Basil.,
2035 5904 2092 5950 ut
2124 5895 2176 5949 ιιι
2208 5903 2395 5950 nostro
2434 5899 2606 5956 textu,
2639 5895 2860 5943 rectius.

2973 5977 3051 6037 1&8
