3846 6406
192 352 300 407 1517

1303 349 1582 408 CONTRA
1618 352 1894 410 CELSUM
1927 353 2055 410 LIB.
2099 353 2212 409 Vll.

3258 365 3404 420 τ.)ιὸ

186 485 309 524 νειν·
351 466 523 539 ὁράτω
564 466 663 539 τὴν
701 466 928 522 ἀτοπίαν
970 467 999 520 ό
1037 467 1194 522 τοῦτο
1225 468 1400 540 λέγων
1426 471 1520 525 τοῦ
1549 473 1713 527 πάντα

1833 472 1925 527 Dei
1953 475 2183 530 arbitrio
2217 474 2523 545 dispensari
2568 493 2581 529 :
2611 475 2742 532 hinc
2768 479 2916 533 enim
2953 492 3296 551 consequens
3328 492 3416 534 est

185 558 300 614 κατά
323 555 537 628 γνώμην
578 556 892 612 διοικεῖσθαι
933 558 1030 612 τοῦ
1077 559 1245 614 Θεοῦ·
1298 563 1581 617 ἀκολουθεῖ
1612 566 1721 636 γὰρ

181 651 245 721 τῷ
267 649 392 719 λόγῳ
417 649 508 701 καὶ
530 648 597 701 τὰ
623 649 1041 721 ἁμαρτανόμενα
1065 653 1158 705 καὶ
1185 654 1362 707 πάντα
1391 653 1457 706 τὰ
1484 654 1594 707 ἀπὸ
1625 672 1722 708 κα⁹

183 745 286 807 κίας
325 741 455 795 κατά
502 743 724 814 γνώμην
768 744 1079 799 διοικεῖσθαι
1131 747 1224 800 τοῦ
1265 747 1400 800 Θεοῦ
1426 765 1438 778 ·
1477 748 1616 819 ὅπερ
1658 752 1720 802 ού

179 835 344 890 ταύτόν
371 836 481 886 ἐστι
521 834 631 906 τῷο
666 837 728 889 ού
762 836 1061 901 κωλύοντος
1090 838 1184 892 τοῦ
1225 838 1358 893 Θεοῦ
1397 842 1621 910 γίνεται.
1659 845 1721 898 Εί

178 928 224 979 δὲ
246 927 326 979 καὶ
347 927 543 998 κυρίως
566 944 649 990 τις
681 929 867 982 ἀκούοι
896 929 989 982 τοῦ
1029 930 1362 996 διοικεῖσθαι,
1399 934 1722 990 διοικεῖσθαι

179 1019 261 1089 μὲν
285 1019 417 1087 λέγει
452 1019 559 1090 (97)
591 1021 656 1074 τὰ
681 1022 787 1074 ἀπὸ
829 1023 1028 1088 κακίας
1065 1025 1439 1096 διοικούμενα’
1478 1029 1722 1098 δηλονότι

176 1113 326 1165 πάντα
356 1111 494 1164 κατά
514 1114 737 1186 γνώμην
764 1115 1042 1170 διοικεῖται
1069 1118 1161 1172 τοῦ
1189 1121 1347 1176 Θεοῦ.
1384 1123 1480 1175 καὶ
1515 1124 1576 1176 ού
1615 1142 1721 1178 πα-

176 1209 370 1276 ρανομεῖ
394 1207 474 1270 είς
501 1206 598 1278 τὴν
629 1207 895 1280 διοίκησιν
922 1211 1015 1264 τοῦ
1038 1212 1172 1265 Θεοῦ
1213 1217 1321 1279 πᾶς
1349 1217 1680 1288 ἁμαρτάνων
1704 1237 1718 1252 ο

174 1297 284 1350 τὸδ’
323 1299 500 1368 ὅμοιον
535 1300 628 1353 καὶ
664 1303 788 1374 περὶ
822 1303 1086 1374 Προνοίας
1113 1305 1476 1373 διασταλτέον,
1510 1313 1604 1365 καὶ
1635 1313 1723 1366 λε-

178 1391 327 1454 κτέον,
369 1391 532 1444 ὅτιτὸ
557 1433 570 1455 ,
603 1395 778 1448 Πᾶσα
812 1396 881 1460 ἐξ
918 1399 1150 1453 ἐκείνου
1176 1403 1442 1468 πρόνοια,
1472 1407 1724 1476 σημαίνει

173 1482 256 1552 μέν
282 1499 330 1534 τι
372 1484 569 1554 ἀληθὲς
590 1528 601 1546 ,
633 1487 722 1538 ὅτε
751 1489 784 1558 ἡ
819 1489 1045 1560 πρόνοια
1071 1493 1355 1546 σπουδαῖόν
1386 1497 1562 1549 ἐστιν’
1595 1501 1642 1550 εἰ
1677 1499 1721 1550 δ’

171 1574 475 1641 ἁπαξαπλῶς
517 1578 694 1632 πάντα
735 1581 804 1633 τὰ
837 1584 1096 1654 γινόμενα
1141 1587 1282 1640 κατὰ
1315 1576 1425 1648 (98)
1468 1590 1724 1659 :{Awtw

167 1664 283 1721 εἶναι
307 1671 565 1741 φήσομεν,
598 1671 701 1725 κᾶν
743 1675 928 1738 κακῶς
972 1693 1023 1729 τι
1051 1677 1301 1750 γίνηται,
1337 1681 1532 1750 ψεῦδος
1572 1685 1722 1738 ἔσται

166 1760 242 1822 τὸ,
273 1759 441 1815 Πᾶσα
482 1763 551 1828 ἐξ
595 1764 831 1820 ἐκείνου
871 1770 1150 1833 πρόνοια·
1185 1773 1233 1824 εί
1278 1773 1352 1844 μὴ
1395 1773 1502 1846 ἄρα
1531 1777 1625 1830 καὶ
1655 1778 1722 1830 τὰ

1829 579 1886 621 ιιι
1920 576 2144 638 peccata
2188 569 2404 632 omnia,
2454 573 2526 623 et'
2558 569 2823 641 quidquid
2861 586 2928 626 ex
2965 573 3098 626 vitio
3141 575 3414 634 nascitur.
3465 567 3470 576 “

1825 674 1924 727 pro
1978 660 2070 714 Dei
2133 669 2267 714 nutu
2306 661 2796 728 administrentur;
2837 666 2984 732 quod
3019 666 3237 734 quidem
3301 681 3412 720 non

1828 753 1970 807 idem
2004 761 2089 806 est
2146 767 2210 807 ac
2267 753 2313 807 si
2366 754 2488 821 quis
2540 753 2750 808 diceret
2783 755 2898 808 haec
2932 755 3046 810 ﬁeri
3079 772 3184 809 non
3223 757 3413 824 probi-

1827 847 1990 902 bente
2021 846 2152 902 Deo.
2197 845 2332 901 Nam
2367 848 2410 900 si
2441 847 2566 917 quis
2594 848 2820 916 proprio
2856 863 3020 902 sensu
3059 849 3409 902 administra-

1829 939 2031 992 tionem
2058 939 2336 1007 acceperit
2362 953 2424 992 ac
2455 939 2662 994 dixerit
2690 954 2752 992 ea
2777 979 2792 1001 ,
2839 955 2962 1008 qum
3010 951 3308 993 nascuntur
3338 955 3408 995 ex

1825 1029 1993 1093 vitio,
2023 1029 2424 1092 administrari,
2453 1031 2676 1085 evidens
2701 1040 2786 1085 est
2811 1047 2907 1100 pro
2944 1031 3033 1086 Dei
3073 1041 3203 1084 nutu
3229 1031 3407 1084 admi~

1828 1118 2046 1172 nislrari
2101 1119 2318 1184 omnia;
2364 1121 2596 1188 proinde
2644 1121 2696 1174 in
2745 1120 2838 1176 Dei
2875 1121 3406 1176 administrationem

1827 1211 1964 1265 nihil
1995 1226 2221 1280 peccare
2263 1227 2387 1265 eum
2426 1212 2516 1282 qni
2556 1221 2762 1281 peccat.
2805 1212 2882 1266 De
2925 1212 3272 1267 Providentia
3315 1229 3407 1266 ea-

1827 1302 1949 1356 dem
1995 1312 2080 1357 est
2119 1305 2424 1359 adhibenda
2475 1303 2783 1357 distinctio.
2833 1302 2964 1357 Nam
3004 1305 3117 1358 haec
3157 1323 3170 1358 :
3221 1305 3410 1360 Omnis

1828 1411 1895 1447 ex
1932 1395 2027 1447 illo
2059 1397 2416 1464 providentia,
2458 1395 2664 1463 aliquid
2701 1410 2891 1450 verum
2919 1397 3259 1467 significant,
3286 1413 3409 1452 cum

1827 1488 2194 1543 Providentia:
2241 1489 2375 1543 nihil
2420 1489 2521 1542 nisi
2550 1488 2758 1558 justum
2809 1491 3119 1545 ascribitur.
3174 1492 3230 1545 Si
3279 1494 3411 1546 vero

1829 1584 2128 1650 generalium
2155 1583 2456 1636 dixerimus
2481 1583 2742 1652 quidquid
2781 1583 2858 1645 fit,
2887 1583 2937 1636 id
2961 1599 3026 1638 ex
3064 1587 3407 1651 providentia

1829 1672 1970 1732 ﬁeri.
1993 1673 2209 1727 etiamsi
2243 1673 2444 1726 malum
2481 1674 2574 1738 sit,
2613 1673 2812 1726 falsum
2856 1684 2938 1727 est
2969 1691 3174 1729 omnem
3214 1693 3278 1730 ea:
3312 1678 3406 1730 illo

1830 1782 1940 1820 esse
1976 1767 2391 1836 providentiam;
2433 1767 2535 1820 nisi
2577 1765 2718 1819 forte
2771 1767 3147 1837 intelligatur,
3181 1785 3302 1839 qnze
3338 1787 3408 1826 ex

165 1854 264 1902 κατ’
291 1855 716 1927 ἐπακολούθησιν
767 1858 872 1911 τῶν
907 1861 969 1912 ὲκ
1004 1863 1259 1929 προνοίας
1298 1865 1436 1920 Θεοῦ
1466 1868 1614 1937 λέγοι
1641 1888 1713 1934 τις

1830 1859 2090 1927 operibus
2124 1858 2481 1926 providentia:
2511 1859 2602 1911 Dei
2644 1872 3070 1930 consequuntur,
3103 1878 3162 1915 ea
3189 1878 3250 1916 ex
3279 1878 3406 1933 pro~

163 1943 279 1998 εἶναι
325 1947 385 1999 ἐκ
424 1949 681 2018 προνοίας
719 1949 873 2004 Θεοῦ.
930 1952 1306 2022 Ἀποφαίνεται
1348 1957 1404 2010 δὲ
1439 1961 1529 2012 καὶ
1553 2001 1566 2022 ,
1604 1961 1636 2013 ὅ
1669 1979 1722 2014 τι

161 2054 253 2106 περ
278 2039 350 2092 ἂν
376 2035 418 2111 ᾗ
452 2041 523 2094 ἐν
554 2041 677 2108 τοῖς
712 2042 900 2109 ὅλοις,
930 2043 1049 2097 εἴτε
1091 2046 1240 2099 Θεοῦ
1269 2047 1464 2118 ἔργον,
1492 2051 1596 2104 εἴτ’
1629 2054 1725 2122 ἀςπ-

161 2131 346 2198 retur,
371 2133 494 2186 εἴτε
526 2133 732 2187 ἄλλων·
761 2133 1080 2204 δαιμόνων,
1110 2138 1231 2192 εἴτε
1271 2141 1502 2208 ἡρώων,
1532 2143 1723 2197 πάντα

157 2222 321 2275 ταῦτα
347 2224 475 2293 ἔχει
503 2226 691 2293 νόμον
717 2227 783 2278 ἐκ
814 2227 920 2280 τοῦ
945 2231 1226 2296 μεγίστου
1259 2232 1405 2284 Θεοῦ
1431 2249 1442 2262 ⁸
1479 2235 1574 2287 καὶ
1612 2238 1722 2287 οὐκ

157 2317 330 2384 ἀληθῆ
365 2335 432 2388 γε
462 2321 649 2388 λόγον
679 2321 1093 2388 ἀποφαίνεται.
1143 2323 1277 2375 Οὐδὲ
1307 2325 1412 2395 γὰρ
1452 2325 1521 2378 τὰ
1553 2345 1725 2398 παρα-

155 2407 397 2477 νομοῦντα
432 2411 672 2482 ἑπόμενα
703 2413 850 2482 νόμῳ
901 2411 977 2482 τῷ
1020 2415 1126 2466 ἀπὸ
1173 2415 1428 2484 μεγίστου
1458 2417 1592 2470 Θεοῦ
1623 2437 1726 2471 πα-

157 2503 381 2572 ρανομεῖ.
422 2503 768 2573 Παρανομεῖν
807 2504 862 2557 δὲ
897 2506 925 2556 ό
967 2504 1124 2573 λόγος
1164 2505 1431 2558 δείκνυσιν
1474 2508 1532 2559 ού
1566 2511 1725 2579 μόνον

152 2590 452 2663 ἀνθρώπους
485 2592 742 2662 φαύλους,
765 2594 899 2647 ἀλλὰ
929 2595 1020 2648 καὶ
1049 2597 1175 2660 τοὺς
1197 2596 1434 2666 φαύλους
1465 2598 1726 2670 δαίμονας

152 2686 233 2737 καὶ
261 2687 382 2750 τοὺς
415 2686 655 2757 φαύλους
688 2687 976 2758 ἀγγέλους.

207 2778 443 2843 Φαύλους
500 2780 556 2833 δὲ
607 2781 866 2851 δαίμονας
919 2784 979 2836 ού
1036 2786 1185 2856 μόνοι
1233 2786 1465 2860 λέγομεν
1516 2792 1676 2863 ἡμεῖς
1706 2830 1721 2852 ,

152 2871 269 2926 ἀλλὰ
290 2874 383 2927 καὶ
410 2873 596 2945 σχεδὸν
627 2876 844 2939 πάντες,
867 2876 978 2930 ὅσοι
1007 2877 1264 2950 δαίμονας
1294 2881 1536 2936 τιθέασιν
1562 2879 1720 2937 εἶναι.

152 2966 216 3018 υύ
246 2967 420 3020 πάντα
451 2963 542 3020 οῦν
567 2966 680 3038 ἔχει
707 2969 870 3040 νόμον
901 2971 963 3022 ὲκ
988 2970 1082 3023 τοῦ
1115 2973 1370 3041 μεγίστου
1400 2973 1556 3029 Θεοῦ.
1585 2976 1724 3029 Ὅσα

151 3054 244 3125 γὰρ
284 3060 416 3128 παρ’
452 3058 588 3111 ἰδίαν
639 3060 990 3132 ἀπροσεξίαν,
1031 3063 1247 3125 κακίαν,
1291 3065 1324 3135 ἦ
1369 3066 1652 3138 πονηρίαν,
1688 3068 1720 3138 ἢ

144 3145 349 3215 ἄγνοιαν
409 3149 508 3202 τοῦ
586 3150 782 3213 καλοῦ,
834 3153 1237 3206 ἀποπέπτωκεν
1287 3155 1378 3208 τοῦ
1439 3157 1582 3210 θείου
1633 3161 1722 3212 νό-

1826 1951 2066 2004 videnlia
2106 1951 2197 2004 Dei
2235 1951 2369 2003 iieri.
2409 1949 2650 2004 Aﬂirniat
2689 1952 2852 2003 etiam
2878 1993 2890 2012 ,
2921 1955 3182 2023 quidquid
3209 1955 3268 2023 ﬁt
3301 1956 3410 2010 sive

1826 2059 1857 2094 (ι
1889 2041 2016 2104 Deo,
2050 2043 2154 2095 sive
2187 2043 2252 2095 ab
2277 2042 2498 2111 angelis,
2528 2043 2634 2095 sive
2657 2043 2719 2095 ab
2759 2044 2880 2096 aliis
2919 2046 3270 2112 (immanibus,
3301 2049 3410 2109 sire

1826 2135 1889 2187 ab
1925 2134 2204 2194 heroibus.
2255 2134 2364 2187 [nec
2402 2135 2581 2186 omnia
2634 2134 2798 2204 legem
2849 2137 3038 2190 habere
3082 2140 3183 2192 sibi
3224 2157 3256 2193 α
3301 2139 3410 2196 Deo

1828 2229 2056 2278 maximo
2108 2228 2491 2292 prmeripmm.
2548 2226 2654 2280 Sed
2694 2225 2744 2278 itl
2788 2243 3008 2298 quoque
3068 2229 3262 2286 falsum
3299 2246 3408 2290 est.

1828 2321 2012 2387 Neque
2034 2319 2178 2372 enim
2198 2327 2405 2372 naturze
2424 2327 2807 2388 qnarpeccant.
2842 2319 2930 2373 Dei
2962 2321 3134 2390 legem
3165 2339 3413 2395 sequun-

1831 2420 1916 2462 tur
1949 2424 2074 2462 cuni
2105 2417 2354 2476 peccant.
2405 2407 2565 2480 743
2597 2409 2758 2476 Atqui
2793 2411 3072 2478 Scriptura
3111 2415 3268 2468 docet
3301 2433 3407 2470 non

1833 2500 2008 2552 solum
2049 2499 2330 2562 homines,
2363 2499 2458 2553 sed
2502 2508 2558 2554 et
2605 2499 2778 2553 malos
2819 2501 3094 2559 daemones
3130 2504 3410 2576 malosque

1829 2591 2050 2661 angelos
2072 2606 2322 2664 peccare.

1899 2774 1986 2830 (29.
2016 2772 2201 2844 Neque
2233 2789 2367 2830 vero
2391 2789 2488 2830 nos
2514 2774 2610 2830 soli
2641 2774 2816 2831 malos
2851 2777 3123 2836 daemones
3147 2781 3406 2851 dicimus,

1829 2872 1922 2924 sed
1961 2883 2127 2938 prope
2157 2883 2350 2922 omnes
2377 2867 2450 2922 illi
2486 2877 2753 2937 quotquot
2793 2871 3066 2926 dmmones
3109 2888 3230 2929 esse
3281 2891 3407 2932 cre-

1828 2962 1980 3017 dttnl.
2017 2961 2134 3015 Non
2169 2962 2350 3017 omnia
2377 2961 2542 3031 igitur
2593 2963 2768 3033 legem
2816 2979 2843 3016 a
2881 2963 2993 3018 Deo
3026 2967 3265 3024 maximo
3297 2969 3403 3025 sibi

1828 3057 2202 3124 praescriptam
2224 3055 2446 3109 habent.
2479 3053 2738 3124 Quisquis
2769 3058 2913 3111 enim
2951 3058 3064 3114 sive
3098 3060 3410 3133 incogitan-

1831 3149 1922 3210 tia.
1953 3149 2067 3202 sive
2095 3148 2224 3202 vitio
2254 3157 2307 3202 et
2340 3149 2573 3212 malitia,
2608 3151 2721 3204 sive
2747 3147 2875 3204 boni
2913 3151 3224 3222 ignorantia
3258 3170 3287 3209 a
3323 3156 3406 3210 di-

145 3258 234 3310 μου
255 3243 386 3311 (99),
420 3244 523 3296 οὐκ
549 3243 661 3314 ἔχει
695 3244 782 3296 τὸν
818 3245 982 3314 νόμον
1015 3247 1108 3299 τοῦ
1137 3248 1293 3308 Θεοῦ,
1329 3249 1464 3314 ἀλλ’,
1486 3252 1572 3306 ἵνα
1600 3253 1713 3306 ὀνο-

1827 3243 1947 3295 vina
1979 3243 2092 3310 iege
2131 3242 2403 3305 discessit,
2433 3241 2478 3295 is
2514 3256 2618 3295 non
2658 3242 2748 3296 Dei
2788 3244 2984 3314 legem,
3023 3247 3140 3310 sed,
3179 3254 3240 3298 ut
3264 3263 3408 3301 novo

143 3333 285 3402 μάσω
322 3335 499 3406 καινῷ
527 3336 746 3406 ὀνόματι
803 3340 896 3392 καὶ
932 3337 1008 3408 τῷ
1040 3339 1180 3392 κατὰ
1231 3341 1328 3412 τὴν
1363 3343 1602 3414 Γραφὴν,
1631 3346 1722 3399 τὸν

140 3425 286 3496 νόμον
315 3429 430 3500 ἔχει
453 3429 554 3498 τῆς
585 3429 878 3500 ἁμαρτίας.
907 3429 1065 3483 Κατά
1092 3432 1188 3502 μὲν
1217 3429 1310 3487 οῦν
1338 3437 1461 3498 τοὺς
1494 3437 1720 3502 πολλοὺς

137 3518 232 3571 τῶν
265 3521 526 3574 τιθέντων
556 3522 692 3574 εἶναι
716 3521 999 3592 δαίμονας,
1035 3523 1126 3576 καὶ
1156 3525 1204 3577 οἱ
1238 3526 1430 3593 φαῦλοι
1466 3529 1720 3600 δαίμονες

135 3612 224 3665 ούκ
261 3614 448 3687 ἔχουσι
481 3614 572 3668 τὸν
617 3615 725 3667 ἀπὸ
756 3614 889 3668 Θεοῦ
923 3615 1108 3686 νόμον,
1138 3616 1273 3670 ἀλλὰ
1315 3621 1711 3692 παρανομοῦσι·

135 3706 264 3759 κατὰ
300 3707 357 3759 δὲ
404 3708 576 3776 ἡμᾶς,
627 3708 821 3771 πάντες
870 3709 1144 3780 δαίμονες,
1197 3712 1570 3778 ἀποπεσόντες
1616 3717 1714 3786 τῆς

133 3797 216 3849 ἐπὶ
246 3799 308 3851 τὸ
351 3799 560 3868 ἀγαθὸν
601 3799 744 3864 ὁδοῦ,
792 3803 1058 3874 πρότερον
1104 3807 1202 3858 οὐκ
1249 3805 1402 3870 ὅντες
1438 3808 1710 3879 δαίμονες·

135 3892 218 3944 καὶ
246 3892 394 3946 ἐστιν
424 3891 561 3956 εἶδος
587 3893 694 3946 τῶν
749 3896 1091 3951 ἐκπεσόντων
1128 3897 1262 3952 Θεοῦ
1295 3900 1356 3952 τὸ
1387 3899 1495 3954 τῶν
1523 3902 1713 3973 δαιμόο

130 4000 243 4038 νων.
263 3986 471 4057 Διόπερ
501 3987 564 4038 ού
593 3987 696 4057 χρὴ
731 3985 1054 4058 θεραπεύειν
1079 3989 1358 4061 δαίμονας,
1389 3993 1536 4057 ὅστις
1567 3994 1714 4047 σέϐει

128 4074 268 4129 Θεόν.
298 4078 571 4150 Δηλοῦται
603 4079 660 4131 δὲ
692 4082 760 4132 τα
789 4079 920 4150 περὶ
948 4083 1074 4146 τοὺς
1100 4083 1361 4154 δαίμονας
1390 4085 1485 4137 καὶ
1512 4087 1577 4139 ὲκ
1605 4087 1714 4139 τῶν

126 4170 431 4225 καλούντων
463 4171 653 4234 αὐτοὺς
676 4172 750 4242 (1)
771 4173 862 4226 ἐπὶ
881 4176 991 4236 τοῖς
1007 4173 1424 4245 ὀνομαζομένοις
1449 4177 1708 4249 φίλτροις,

126 4260 154 4330 ἢ
205 4266 515 4336 μισήτροις,
574 4264 607 4335 ἢ
669 4265 761 4318 ἐπὶ
818 4265 1084 4319 κωλύσεσι
1131 4267 1402 4339 πράξεων,
1448 4270 1480 4339 ἢ
1539 4269 1710 4324 ἄλλων

123 4354 371 4408 τοιούτων
415 4354 644 4425 μυρίων’
685 4355 828 4426 ἅπερ
869 4356 1112 4409 ποιοῦσιν
1164 4359 1212 4410 οί
1255 4358 1321 4411 δι’
1352 4359 1573 4430 ἐπῳδῶν
1617 4363 1711 4413 καὶ

127 4446 469 4513 μαγγανειῶν
505 4445 882 4516 μεμαθηκότες
909 4446 1096 4500 καλεῖν
1135 4449 1230 4501 καὶ
1270 4448 1570 4518 ἐπάγεσθαι
1595 4450 1711 4504 δαί-

124 4553 282 4604 μονας
323 4538 412 4608 ἐφ’
442 4538 478 4592 ἃ
523 4537 819 4608 βούλονται.
861 4539 1058 4611 Διόπερ
1095 4542 1128 4612 ἡ
1173 4542 1388 4597 πάντων
1439 4543 1708 4614 δαιμόνων

120 4624 384 4696 θεραπεία
417 4627 671 4700 ἀλλοτρία
698 4627 853 4698 ἡμῶν
888 4630 1165 4691 earn-16w
1195 4631 1463 4687 σεϐόντων
1493 4634 1583 4687 τὸν
1615 4635 1707 4687 ἐπὶ

117 4722 246 4773 πᾶσι
273 4720 450 4774 Θεόνι
473 4720 569 4774 καὶ
593 4718 858 4790 Θεραπεία
891 4720 1160 4791 δαιμόνων
1190 4723 1337 4778 ἐστὶν
1374 4725 1406 4796 ή
1439 4724 1704 4798 θεραπεία

113 4811 216 4864 τῶν
253 4813 633 4884 νομιζομένων
663 4812 740 4884 (9.)
781 4810 935 4864 θεῶν’
965 4811 1192 4879 Πάντες
1223 4815 1332 4887 γάρ
1355 4819 1410 4869 οἱ
1432 4817 1553 4870 θεοὶ
1585 4816 1705 4869 τῶν

113 4903 300 4959 ἐθνῶν
332 4906 631 4976 δαιμόνια.
672 4904 836 4976 Δῆλον
883 4905 940 4958 δὲ
983 4905 1076 4958 καὶ
1108 4905 1267 4959 τοῦτο
1298 4910 1363 4960 εκ
1403 4909 1496 4962 τοῦ
1526 4911 1603 4972 εἰς
1633 4909 1703 4962 τά

110 4995 367 5051 δοκοῦντα
417 4999 777 5070 ὲνεργέστερα
823 4997 931 5050 τῶν
984 4999 1354 5070 νομιζομένων
1406 5003 1565 5072 ίερῶν
1599 5019 1698 5054 κα-

106 5091 389 5155 τακλίσεις
419 5092 493 5163 (5)
540 5091 866 5162 περιέργους
926 5092 1226 5160 γεγονέναι,
1278 5094 1372 5147 καὶ
1417 5095 1559 5148 κατὰ
1600 5095 1700 5158 τὰς

107 5183 280 5255 ἀρχὰς
308 5185 414 5254 τῆς
459 5185 719 5256 ἱδρύσεως
761 5184 869 5238 τῶν
913 5175 1128 5238 τοιῶνδε
1173 5186 1375 5251 ξοάνων
1409 5189 1502 5242 καὶ
1536 5187 1694 5240 νεῶν

170 5331 213 5362 ⁸⁷
249 5331 416 5385 Rom.
445 5347 563 5396 vni,
609 5331 665 5385 2.
747 5330 791 5363 ³⁸
830 5330 977 5386 Psal.
1011 5347 1137 5396 xcv,
1170 5331 1238 5395 5,-

169 5448 283 5520 (97)
319 5448 488 5518 Lego,
538 5451 585 5502 εί
630 5449 686 5502 δὲ
725 5450 928 5520 κυρίως
969 5466 1054 5513 τις
1101 5451 1289 5506 ἀκούοι
1336 5449 1430 5504 τοῦ
1477 5450 1689 5504 διοικεῖ-

101 5519 243 5582 σθαι,
264 5519 372 5592 καὶ
399 5520 711 5592 διοικεῖσθαι
748 5519 845 5592 μὲν
876 5520 1044 5588 λέγοι.

167 5592 284 5652 (98)
319 5591 436 5644 Vox
490 5591 634 5644 κατά
688 5593 841 5646 deest
887 5593 940 5644 in
974 5600 1130 5646 antea
1162 5593 1340 5659 editis,
1387 5594 1482 5648 sed
1526 5593 1687 5646 resti-

100 5660 271 5712 tuitur
295 5677 328 5715 e
363 5663 548 5716 codice
585 5663 819 5716 .Iuliano.

321 5732 493 5788 Codd.
533 5732 667 5813 Reg.
695 5743 749 5815 et
771 5732 1123 5815 ~Basileensis.
1157 5736 1328 5807 κακία
1357 5734 1389 5815 ᾖ
1424 5733 1679 5815 πονηρία,

94 5796 126 5869 ἢ
152 5799 217 5854 δι’
248 5803 476 5870 ἄγνοιαν
511 5796 820 5865 τοῦκαλοῦ,
870 5796 1267 5858 ἀποπέπτωκεν
1297 5796 1391 5858 τοῦ
1423 5796 1682 5859 θείου’νό-

94 5888 218 5940 μου.
249 5873 406 5927 Libri
435 5885 613 5929 autem
643 5877 790 5937 editi,
829 5876 1079 5948 κακία·θῆ
1109 5879 1370 5950 πονηρίαν
1398 5877 1430 5946 ἦ
1461 5879 1681 5947 ἄγνοιαν

1826 3345 1880 3390 et
1909 3333 2206 3401 Scripturis
2243 3334 2445 3387 usitato
2468 3335 2731 3388 vocabulo
2759 3343 2879 3388 utar
2900 3334 2967 3399 ⁸⁷,
2998 3339 3206 3406 peccati
3233 3338 3406 3408 legem

1826 3427 2007 3480 habet.
2037 3424 2224 3494 Itaque
2249 3440 2316 3479 ex
2347 3426 2607 3495 opinione
2652 3426 2944 3479 multorum
2997 3427 3090 3496 qtti
3134 3427 3410 3484 daamones

1824 3535 1947 3576 esse
1981 3529 2249 3582 statuunt,
2289 3519 2415 3574 mali
2449 3533 2668 3589 quoque
2697 3519 3016 3574 daemonesa
3047 3521 3155 3576 Deo
3185 3537 3290 3577 non
3325 3523 3406 3577 le-

1824 3630 1944 3682 gem
1976 3615 2198 3675 habent,
2235 3614 2330 3668 sed
2373 3613 2440 3666 ab
2479 3611 2567 3666 illa
2601 3612 2947 3677 desciscnnt;
3001 3629 3100 3668 nos
3135 3629 3268 3669 vero
3314 3615 3408 3670 tri-

1826 3709 2040 3762 buimus
2067 3708 2116 3761 id
2146 3707 2402 3760 omnibus
2434 3706 2793 3770 dmmonibus,
2830 3705 2922 3774 qui
2951 3721 3074 3759 cum
3103 3706 3231 3760 olim
3265 3706 3407 3763 tales

1822 3816 1927 3855 non
1953 3809 2160 3866 essent,
2189 3801 2463 3854 daamones
2496 3798 2620 3852 facti
2650 3806 2794 3857 sunt,
2832 3814 2894 3850 ex
2927 3813 3035 3866 quo
3074 3813 3102 3851 a
3142 3800 3250 3863 via,
3281 3816 3405 3870 qua:

1818 3897 1882 3947 ad
1932 3896 2128 3948 bonum
2185 3893 2452 3963 perducit.
2511 3894 2844 3946 aberravere
2873 3907 2886 3943 :
2920 3893 2991 3945 ita
3036 3902 3095 3945 ut
3128 3893 3403 3949 daemones

1817 3986 2030 4054 species
2059 3987 2167 4039 sint
2191 3996 2511 4039 naturarum
2530 3998 2650 4052 qua:
2684 3997 2712 4035 a
2746 3981 2852 4035 Deo
2883 3983 3221 4038 exciderunt.
3252 3985 3400 4052 Qua-

1815 4090 2040 4147 propter
2075 4093 2179 4130 non
2207 4087 2420 4144 oportet
2470 4077 2564 4131 Dei
2619 4075 2883 4128 cultorem
2913 4077 3252 4131 daemonibus
3283 4079 3400 4140 cul-

1817 4180 1933 4223 tnm
1965 4168 2200 4224 deferre.
2229 4169 2322 4222 Est
2358 4180 2415 4224 et
2446 4169 2550 4222 alia
2571 4167 2875 4221 dieinonuni
2899 4167 3004 4220 vim
3034 4173 3399 4240 cognoscendi

1818 4262 1959 4315 ratio
1989 4278 2003 4314 :
2042 4275 2235 4329 nempe
2266 4261 2310 4314 si
2345 4260 2727 4314 consideretur
2753 4273 2846 4311 eos
2887 4272 2916 4309 a
2951 4259 3278 4326 quibusdam
3310 4276 3400 4316 vo-

1815 4354 1955 4416 cari,
1993 4364 2228 4406 utainor
2273 4363 2368 4406 aut
2415 4352 2599 4407 odium
2657 4351 2975 4420 inspiretur,
3025 4359 3116 4404 aut
3149 4354 3396 4422 quaedam

1814 4449 2059 4503 actiones
2113 4446 2520 4516 impediantur,
2582 4452 2676 4496 aut
2740 4444 3023 4496 innumera
3086 4443 3396 4514 hujusmod';

1814 4540 1917 4595 alia
1960 4542 2110 4601 (iant,
2137 4555 2366 4608 quorum
2402 4547 2655 4593 auctores
2684 4546 2814 4590 sunt
2841 4535 2898 4596 ii,
2926 4535 3018 4602 qui
3059 4537 3403 4592 carminibus

1817 4632 2152 4704 magicisque
2182 4628 2649 4684 incantationibus
2683 4639 2884 4680 norunt
2917 4627 3180 4681 invocare
3223 4637 3280 4682 et
3307 4645 3398 4682 ar-

1813 4738 2030 4779 cessere
2064 4723 2344 4776 dtemones
2396 4719 2562 4775 simul
2591 4729 2760 4787 atque
2798 4717 3011 4771 libitum
3063 4725 3166 4772 est.
3219 4719 3403 4786 Quare

1809 4817 2052 4870 omnium
2077 4815 2385 4868 darnonum
2404 4813 2580 4867 cultus
2597 4813 2813 4866 alienus
2854 4822 2938 4866 est
2965 4826 2992 4864 a
3020 4809 3176 4864 nobis
3198 4826 3400 4866 summi

1813 4909 1904 4964 Dei
1935 4888 2253 4974 cultoribus,
2285 4917 2339 4960 et
2367 4907 2546 4960 cultus
2572 4907 2880 4960 da‘monum
2905 4905 3084 4959 cultus
3099 4912 3186 4960 est
3207 4919 3398 4959 eorum

1809 5004 1900 5060 (ιιιί
1935 5002 2008 5056 (1ἰί
2036 5001 2308 5054 habentur
2339 5014 2354 5053 :
2386 4997 2582 5052 Omnes
2613 4999 2759 5053 enim
2791 4999 2866 5050 dii
2915 4999 3147 5066 gentium
3195 4997 3397 5050 dwmo~

1808 5096 1898 5147 nia
1931 5094 1996 5148 ⁸⁸.
2032 5093 2143 5146 Hoc
2183 5093 2346 5146 etiam
2380 5092 2506 5145 inde
2537 5090 2729 5161 liquet,
2781 5093 2926 5160 quod
2969 5091 3020 5143 in
3053 5090 3226 5144 sacris
3273 5103 3397 5157 qua:

1806 5185 2112 5241 eﬂicaciora
2143 5186 2472 5254 videbantur
2487 5198 2707 5242 arcanae
2739 5183 2998 5240 adhibitae
3033 5181 3238 5235 fuerint
3262 5196 3394 5238 evo-

1796 5448 1906 5502 τῶν
1941 5446 2124 5503 καλῶν
2152 5445 2558 5518 ἀποπέπτωκεν
2583 5444 2678 5499 τοῦ
2695 5444 2856 5518 (θείου
2885 5445 3072 5518 νόμου.

1869 5521 1942 5590 (1)
1969 5518 2141 5575 Codd.
2172 5520 2304 5587 lteg.
2334 5528 2388 5573 et
2419 5516 2609 5580 Basil..
2647 5517 2865 5580 αὐτούς.
2907 5513 3064 5572 ιδὶιιυ.
3094 5515 3247 5583 editi,
3274 5513 3392 5572 δαί-

1837 5607 1962 5645 ονας
1969 5633 1982 5645 .

1798 5608 2428 5732 μοῖἔῗὈοιΙιιηνιιιίοιιιι.
2456 5666 2512 5712 et
2536 5656 2729 5726 Basil.,
2770 5657 3161 5732 νομιζομένων.
3222 5657 3385 5715 ῐιίΙιιι.

1792 5734 1947 5798 editi,
1983 5730 2424 5802 ὀνομαζομένων.

1863 5804 1939 5874 l5)
1968 5798 2386 5869 Κατακλῗσεις.
2449 5798 2758 5868 Legendnm
2801 5803 3014 5856 videtur
3049 5805 3152 5855 hoc
3178 5800 3299 5854 loco
3331 5805 3387 5855 et

1793 5877 1951 5944 paulo
1987 5885 2130 5941 post,
2164 5874 2590 5946 κατακηλήσεις,
2629 5876 2709 5928 vel
2747 5874 3134 5943 κατακλήσεις.
