3846 6406
475 379 610 435 1519
1974 377 1994 434 (

2176 376 2295 432 :Nts
2682 436 2693 455 ε
3562 338 3563 341 Ν
3592 384 3695 439 ιδιο

464 496 743 563 catioues,
784 499 950 553 etiam
996 514 1119 554 cum
1166 500 1400 571 primum
1434 500 1728 556 simulacra
1778 496 1983 553 colloca

2177 497 2379 561 ιστινας
2408 497 2762 560 κατακλίσεις
2790 497 2841 550 οἱ
2871 500 2936 570 τῇ
2964 497 3072 553 τῶν
3098 498 3369 569 δαιμόνων
3412 497 3505 553 διὰ
3531 516 3696 569 μαγγα-

463 598 590 641 sunt
614 599 668 644 et
694 590 887 659 templa
914 601 1249 647 constructa.
1270 593 1417 659 Quas
1431 592 1780 647 evocationes
1799 589 1981 645 feceru

2174 590 2312 643 ιειῶν
2337 589 2603 661 Θεραπεία
2629 589 2988 660 σχολάζοντες
3014 590 3357 661 πεποίηνται.
3389 590 3481 643 Διὸ
3499 591 3693 645 δέδοκται

463 678 523 743 ii,
560 680 652 747 qui
686 681 896 736 artibus
922 683 1146 754 magicis
1168 693 1385 739 utentes
1417 686 1719 739 daemonum
1752 684 1919 738 cultui
1951 699 1980 735 v

2175 684 2284 752 jpiv
2310 680 2534 751 φεύγειν
2579 681 2654 745 ὡς
2696 680 2922 753 ὄλεθρον
2970 680 3068 752 τὴν
3112 680 3223 733 τῶν
3266 680 3531 751 δαιμόνων
3570 681 3694 753 θερα-

464 770 682 827 cabant.
716 776 891 844 Atque
924 777 1051 832 hinc
1082 788 1165 832 est
1187 778 1331 848 quod
1364 777 1567 833 cultum
1600 778 1903 832 daemonum
1928 792 1983 847 pr

2173 775 2331 827 τείαν·
2378 774 2647 845 δαιμόνων
2689 774 2748 828 δὲ
2802 774 3094 846 θεραπείαν
3140 770 3279 827 εἶναί
3332 792 3510 846 φαμεν
3554 778 3692 829 πᾶσαν

463 860 589 916 inde
647 878 709 918 ac
747 868 1046 933 perniciem
1082 869 1377 942 fugiamus,
1436 885 1867 939 censeamusque
1903 870 1982 923 ritl

2171 863 2247 935 ῖὴν
2267 863 2629 936 νομιζομένην
2649 866 2786 936 παρ’
2814 864 3036 935 Ἕλλησι
3058 864 3211 937 παρὰ
3232 863 3439 936 βωμοῖς
3459 865 3544 919 καὶ
3562 864 3690 934 ἀγάλ-

462 952 586 1008 illns
634 958 831 1024 quibus
892 962 958 1016 ad
1001 977 1144 1030 aras,
1200 973 1410 1019 statuas
1456 973 1511 1018 et
1566 963 1763 1033 templa
1816 972 1981 1017 utuntI

1600 963 1763 1033 ampla
1816 972 2041 1017 utuntur
2153 974 2289 1026 μασι
2320 958 2415 1010 καὶ
2446 960 2594 1021 ναοῖς
2630 957 2773 1013 θεῶν
2802 956 3119 1028 Θρησκείαν.

461 1042 658 1113 Graeci,
688 1049 991 1105 daemonum
1019 1068 1142 1109 esse
1175 1054 1404 1112 cultum.

539 1143 629 1197 70.
666 1141 813 1197 Dixit
869 1155 1130 1212 prasterea
1166 1165 1179 1201 :
1216 1147 1407 1203 Nonne
1440 1147 1663 1217 singulis
1724 1147 1878 1201 rebus
1903 1161 2039 1214 prce-

2217 1133 2351 1194 Εἷπε
2382 1138 2440 1192 δὲ
2468 1140 2563 1193 καὶ
2594 1141 2675 1208 τὸ,
2705 1141 2982 1196 Τέτακται
3016 1140 3084 1194 δὲ
3103 1140 3196 1210 ἐφ’
3225 1138 3465 1207 ἑκάστῳ
3484 1137 3690 1210 δύναμιν

458 1237 625 1306 fectus
685 1245 762 1288 est
814 1248 1071 1304 potestate
1118 1256 1150 1291 α
1204 1240 1313 1293 Deo
1371 1251 1588 1308 accepta
1636 1241 1872 1311 quisquis
1907 1256 1973 1308 qu

2169 1231 2352 1300 ῑαχὼν
2371 1230 2481 1286 τοῦ
2495 1234 2789 1301 μεγίστου
2815 1232 2981 1299 Θεοῦ,
3002 1234 3169 1299 ὅστις
3188 1233 3438 1301 ἠξίωται
3462 1236 3688 1289 οὑτινοσ-

457 1328 579 1380 libet
620 1342 770 1392 opere
815 1328 1006 1397 dignus
1040 1331 1250 1385 habitus
1270 1334 1394 1386 est?
1440 1335 1533 1388 sed
1566 1333 1655 1387 hic
1688 1348 1822 1401 opus
1852 1342 1933 1385 est
1958 1347 1976 1384 ε

2164 1326 2258 1379 >ῦν
2288 1326 2499 1396 ἐργου;
2532 1330 2710 1379 Δείται
2744 1326 2803 1379 δὲ
2845 1326 2985 1379 πάνυ
3034 1326 3341 1398 βαθυτέρας
3402 1328 3683 1398 ἐπιστήμης,

460 1420 598 1474 tiore
628 1418 881 1485 scientia,
903 1435 1009 1488 qua
1029 1423 1243 1477 deliniri
1271 1425 1444 1494 possit
1470 1435 1649 1479 utrum
1683 1425 1979 1494 quemadme

2167 1420 2237 1472 ιαὶ
2261 1418 2561 1489 δυναμένης
2597 1419 2969 1490 παραστῆσαι,
3005 1419 3231 1490 πότερόν
3273 1436 3428 1483 ποτε,
3453 1420 3525 1483 ὡς
3551 1424 3592 1473 οἱ
3618 1422 3686 1492 6b-

455 1512 582 1565 dum
614 1510 667 1563 in
706 1510 1021 1568 civitatibus
1059 1516 1348 1571 carniﬁces
1376 1526 1429 1571 et
1455 1517 1546 1572 alii
1580 1517 1893 1571 crudelibus
1920 1532 1973 1586 qi

2164 1528 2258 1563 ιιοι
2303 1512 2361 1565 ὲν
2386 1513 2507 1574 ταῖς
2543 1512 2726 1563 πόλεσι
2770 1512 2863 1565 καὶ
2894 1513 2940 1564 οἱ
2969 1512 3291 1583 τεταγμένοι
3322 1512 3417 1563 ἐπὶ
3459 1512 3558 1565 τῶν
3585 1530 3683 1565 σκυ-

453 1604 575 1660 dem
618 1607 711 1661 sed
758 1608 1085 1663 necessariis
1131 1610 1453 1665 muneribus
1502 1610 1704 1665 addicti
1754 1623 1901 1675 sunt,
1958 1612 1970 1665 i

2163 1603 2375 1675 Ιρωπῶν
2410 1595 2542 1675 μὲν,’
2558 1604 2873 1671 ἀναγκαίων
2916 1603 2973 1656 δὲ
3012 1605 3066 1657 ἐν
3098 1607 3221 1668 ταῖς
3256 1604 3547 1669 πολιτείαις
3575 1622 3682 1675 πρα-

452 1695 578 1749 mali
613 1696 887 1752 dicmones
941 1696 1140 1750 muniis
1185 1697 1510 1765 quibusdam
1546 1696 1790 1766 praslecti
1841 1698 1951 1751 sint

2161 1696 2387 1767 ιμάτων,
2434 1695 2605 1759 οὕτως
2642 1697 2751 1749 εἰσὶ
2796 1698 3118 1767 τεταγμένοι
3172 1696 3447 1768 μοχθηροὶ
3479 1698 3680 1767 δαίμονες

451 1782 631 1841 Verbo
662 1784 760 1840 Dei
800 1787 944 1855 quod
972 1786 1319 1841 administrat
1360 1788 1579 1854 omnia;
1614 1804 1684 1843 an
1708 1829 1723 1849 .
1771 1802 1967 1857 quema

2155 1789 2232 1841 ml
2257 1806 2416 1842 τινων
2451 1790 2556 1842 ὑπὸ
2586 1788 2679 1842 τοῦ
2734 1789 3060 1853 διοικοῦντος
3117 1790 3186 1842 τὰ
3222 1790 3321 1844 ὅλα
3360 1791 3526 1858 Λόγου
3558 1790 3674 1843 Θεοῦ*

450 1880 669 1933 modum
700 1879 753 1933 in
780 1879 1014 1934 desertis
1051 1878 1189 1934 locis
1208 1880 1448 1936 latrones
1478 1898 1643 1935 unum
1671 1881 1901 1951 aliquem
1928 1883 1969 1936 si

2155 1880 2193 1951 δ,
2228 1880 2416 1950 ὥσπερ
2446 1882 2493 1931 οἱ
2542 1881 2597 1931 ἐν
2630 1882 2749 1942 ταῖς
2786 1880 3044 1951 ἐρημίαις
3087 1879 3465 1951 λῃστεύοντες,
3496 1881 3577 1933 καί
3605 1881 3674 1931 ἕνα

449 1970 773 2039 prazliciunt,
807 1971 889 2026 sic
920 1972 1196 2027 daemones
1229 1974 1384 2042 quasi
1418 1974 1735 2042 agminatim
1766 1975 1818 2028 in
1862 1974 1968 2028 divi

2153 1971 2255 2026 τινὰ
2288 1974 2727 2043 προστησάμενοι
2760 1972 2946 2044 ἄρχειν
2984 1972 3183 2026 αὐτῶν·
3239 1972 3416 2037 οὕτως
3455 1976 3498 2026 οἱ
3531 1974 3672 2043 δαίμο-

447 2063 526 2118 sis
558 2071 719 2118 terra:
773 2066 1087 2135 regionibus
1122 2065 1357 2130 collecti,
1410 2066 1515 2121 sibi
1571 2068 1673 2136 ipsi
1727 2067 1966 2136 principe

2151 2082 2241 2126 ιες,
2272 2065 2434 2117 οίονεῒι¹
2460 2064 2597 2118 κατὰ
2622 2064 2821 2127 τόπους
2854 2064 2928 2135 (4)
2961 2064 3061 2134 τῆς
3087 2064 3193 2135 γῆς
3229 2066 3541 2135 συστήματα
3563 2066 3670 2134 γενόσ

451 2156 839 2210 constituerint
867 2156 1021 2223 cujus
1046 2157 1207 2211 ductu
1241 2158 1341 2227 ipsi
1376 2159 1758 2227 subripiantet
1781 2158 1970 2213 iurent:

2149 2173 2312 2221 ιενοι,
2350 2156 2588 2227 ἄρχοντά
2617 2173 2738 2210 τινα
2766 2158 2981 2219 ἑαυτοῖς
3011 2157 3373 2227 πεποιήκασι,
3405 2158 3493 2208 τὸν
3516 2156 3668 2227 ὴγησόο

447 2247 728 2302 hominum
754 2247 919 2320 744
940 2250 1172 2304 animas.
1207 2250 1311 2318 Qui
1342 2260 1522 2307 autem
1560 2253 1626 2306 de
1658 2252 1723 2307 iis
1754 2253 1891 2307 bene
1913 2253 1963 2305 di

2143 2261 2295 2313 μενον
2348 2245 2529 2297 αὐτῶν
2575 2247 2654 2308 είς
2684 2244 2785 2308 τὰς
2824 2244 3072 2317 πράξεις,
3100 2246 3167 2310 ἃς
3199 2246 3407 2299 εἴλοντο
3446 2248 3571 2317 ὑπὲρ
3600 2246 3662 2298 τοῦ

444 2354 630 2395 serere
662 2340 915 2404 voluerit,
949 2351 1009 2396 ut
1032 2342 1375 2398 Christianos
1400 2344 1547 2398 aliud
1585 2344 1863 2414 quidpiam
1896 2360 1963 2413 pr

2139 2337 2381 2389 κλέπτειν
2410 2336 2488 2406 (5)
2524 2337 2616 2390 καὶ
2654 2335 2934 2409 λῃστεύειν
2978 2337 3284 2408 ἀνθρώπων
3318 2338 3510 2409 ψυχάς.
3542 2341 3658 2410 Χρεία

446 2441 525 2483 ter
548 2446 816 2486 summum
844 2431 1012 2487 Deum
1032 2434 1535 2503 etjprimogenitum
1560 2436 1736 2490 omnis
1759 2448 1965 2491 creatul

2144 2431 2183 2483 Ξὲ
2224 2429 2301 2500 τῷ
2346 2429 2589 2500 μέλλοντι
2633 2430 2712 2492 είς
2764 2428 2937 2482 ταῦτα
2980 2429 3158 2499 λέγειν
3202 2430 3406 2494 καλῶς,
3459 2433 3537 2484 ἵνα
3576 2433 3663 2501 περὶ

446 2518 681 2575 Verbum
721 2519 839 2592 ejus
885 2532 941 2577 et
969 2522 1137 2577 Deum
1186 2527 1367 2579 colere
1417 2524 1692 2596 fugientes
1744 2526 1965 2582 delenda

2145 2522 2467 2595 (ριστιανῶν
2517 2523 2961 2595 ἀπολογήσηται,
3015 2526 3438 2595 ἐκτρεπομένων
3486 2525 3592 2579 ἄλλο
3628 2541 3664 2577 τι

442 2614 589 2670 illum
608 2626 821 2687 oportet
850 2632 1113 2675 enarrare
1135 2622 1277 2677 istud
1309 2640 1321 2675 :
1353 2623 1545 2677 Omnes
1570 2633 1830 2694 quotquot
1870 2644 1961 2681 ven

2146 2615 2305 2669 τὲσειν
2344 2615 2497 2687 παρὰ
2525 2615 2617 2669 τὸν
2649 2617 2741 2668 ἐπὶ
2772 2618 2905 2669 πᾶσι
2934 2616 3087 2682 Θεὸν,
3126 2616 3221 2669 καὶ
3250 2617 3343 2669 τὸν
3377 2618 3665 2688 πρωτότοκον

440 2716 701 2763 runtante
728 2726 832 2775 me,
862 2710 1009 2780 {ures
1034 2721 1155 2765 sunt
1180 2723 1227 2766 et
1262 2713 1514 2779 latrones,
1546 2726 1594 2769 et
1613 2733 1716 2769 non
1739 2718 1959 2771 cudieru

2147 2709 2307 2779 πάσης
2333 2708 2562 2772 κτίσεως
2586 2708 2761 2777 Λόγον
2781 2707 2943 2762 αὑτοῦ
2972 2709 3066 2761 καὶ
3087 2708 3219 2761 Θεὸν
3239 2709 3339 2780 (6),
3354 2709 3666 2781 διηγήσασθαι

438 2818 523 2854 eos
550 2818 667 2855 oves
694 2802 772 2867 ⁶⁹;
808 2806 985 2859 ethoc
1019 2822 1032 2858 :
1062 2803 1180 2859 Fur
1212 2823 1315 2860 non
1348 2808 1487 2862 venit
1515 2810 1617 2862 nisi
1648 2818 1704 2861 ut
1728 2810 1937 2879 {aretur

2148 2801 2219 2854 tal.
2244 2806 2333 2866 τὸ,
2354 2800 2600 2864 Πάντες,
2634 2802 2767 2855 ὅσοι
2792 2798 2983 2871 ἦλθον
3001 2800 3114 2869 πρὸ
3136 2802 3306 2871 ἐμοῦ,
3330 2804 3564 2855 κλέπται
3576 2800 3667 2855 εισι

438 2898 631 2944 mactet
672 2899 723 2945 et
750 2894 937 2962 perdat
962 2895 1034 2961 '°,
1063 2904 1118 2949 et
1143 2896 1186 2951 si
1212 2897 1343 2966 quid
1383 2899 1532 2953 aliud
1557 2899 1734 2955 simile
1760 2901 1935 2956 sacris

2144 2891 2218 2945 ιαὶ
2249 2891 2495 2961 λῃσταὶ,
2529 2891 2629 2944 καὶ
2654 2894 2766 2945 οὐκ
2797 2892 3067 2960 ἤκουσεν
3095 2892 3295 2947 αὐτῶν
3326 2892 3397 2946 τὰ
3430 2896 3663 2962 πρόϐατα·

438 2980 737 3053 Scripturis
760 2985 965 3041 dictum
1014 2988 1114 3051 sit,
1140 2998 1199 3042 ut
1236 3000 1290 3045 et
1322 2992 1464 3046 istud
1498 3008 1511 3045 :
1544 2990 1681 3047 Ecce
1710 2994 1831 3048 dedi
1874 2995 1957 3049 vol

2147 2983 2213 3036 εαὶ
2232 2984 2316 3048 τὸ,
2335 2984 2395 3037 '0
2411 2985 2676 3052 κλέπτης
2703 2988 2815 3039 οὐκ
2833 2986 3086 3055 ἔρχεται,
3107 2988 3157 3039 εί
3170 2986 3257 3055 μὴ
3276 2988 3378 3040 ἵνα
3394 2987 3575 3056 κλέψῃ
3590 2987 3666 3041 καὶ

433 3083 745 3138 potestatem
778 3076 1025 3132 calcandi
1056 3096 1219 3149 supra
1246 3092 1511 3151 serpentes
1541 3093 1589 3137 et
1623 3086 1928 3154 scorpiones

2149 3077 2300 3145 >ὐσῃ,
2340 3078 2438 3130 καὶ
2475 3077 2771 3146 ἀπολέσῃο
2804 3079 2899 3131 καὶ
2935 3078 2987 3130 εἴ
3015 3096 3067 3131 τι
3099 3077 3228 3133 ἄλλο
3265 3079 3471 3143 τούτοις
3493 3080 3668 3151 εἴρηται

434 3181 591 3231 super
637 3183 840 3222 omnem
891 3171 1134 3226 virtutem
1168 3173 1395 3242 inimici,
1428 3184 1475 3228 et
1517 3177 1649 3229 nihil
1690 3178 1831 3231 vobis
1862 3195 1953 3232 noc

438 3255 827 3277 Lf.'¢--.l,,
896 3262 955 3277 ,I'
1018 3262 1032 3277 I
1116 3263 1149 3277 η
1434 3267 1480 3277 ..
1712 3270 1722 3277 ι
1809 3270 1862 3277 --.

2152 3170 2503 3241 παραπλήσιον
2554 3172 2611 3224 ὲν
2652 3174 2767 3235 τοῖς
2813 3174 2975 3243 ίεροῖς
3001 3174 3347 3245 γράμμασιψ
3389 3174 3560 3246 ὥσπερ
3599 3176 3671 3228 καὶ

434 3255 505 3309 bit
528 3256 611 3322 7‘;
648 3268 700 3312 et
735 3259 836 3314 hoc
888 3262 1070 3317 aliud:
1109 3263 1285 3333 Super
1326 3267 1564 3335 aspidem
1603 3278 1652 3322 et
1705 3270 1953 3324 basilisca

2150 3268 2207 3327 ὸ,
2256 3263 2431 3329 Ἰδοὺ,
2459 3264 2677 3317 δέδωκα
2700 3266 2845 3335 ὑμῖν
2857 3266 3149 3330 ἐξουσίαν
3160 3268 3269 3321 τοῦ
3286 3268 3491 3322 πατεῖν
3506 3267 3669 3321 ἐπάνω

432 3349 753 3415 ambulabis,
807 3363 855 3405 et
895 3355 1226 3411 conculcabis
1272 3358 1477 3413 leonem
1533 3371 1579 3413 et
1632 3362 1951 3417 draconem"

2149 3361 2317 3430 ἱφεων
2346 3360 2445 3413 καὶ
2474 3361 2802 3427 σκορπίων,
2838 3362 2934 3414 καὶ
2968 3361 3295 3417 ἐπὶπᾶσαν
3316 3363 3428 3431 τὴν
3455 3364 3668 3431 δύναμιν

432 3439 539 3495 Sed
585 3441 721 3496 nihil
766 3458 953 3499 eorum
986 3458 1215 3502 noverat
1258 3449 1469 3506 Celsus.
1518 3449 1653 3505 Nam
1687 3455 1731 3508 si
1763 3465 1887 3509 nota
1934 3456 1948 3509 i

2147 3456 2226 3509 ὀῦ
2244 3456 2481 3525 ἐχθροῦ,
2510 3454 2607 3508 καὶ
2629 3455 2814 3509 οὐδὲν
2828 3455 2983 3524 ὑμᾶς
3001 3460 3072 3509 οὺ
3086 3456 3174 3525 μὴ
3192 3457 3484 3527 ἀδικήσει·
3504 3458 3583 3510 καὶ
3602 3459 3666 3515 τὸ,

430 3544 641 3599 essent,
657 3548 765 3589 non
788 3536 1042 3593 dixisset:
1066 3537 1257 3595 Nonne
1270 3542 1525 3611 quidquid
1542 3544 1671 3611 ﬁtin
1688 3546 1786 3597 hac
1810 3546 1949 3601 univt

2149 3548 2251 3600 [ἔπ’
2295 3547 2524 3602 ἀσπίδα
2549 3548 2647 3601 καὶ
2676 3549 3053 3611 βασιλίσκων
3081 3549 3363 3618 ἑπιϐιξσῃ,
3398 3551 3488 3605 καὶ
3524 3566 3668 3603 κατα-

429 3618 586 3677 εἰιεὶε
609 3626 717 3679 sive
744 3643 775 3679 a
811 3627 941 3694 Deo,
974 3630 1083 3684 sive
1106 3633 1170 3684 ab
1200 3635 1547 3703 angelis,sive
1569 3636 1632 3687 ab
1656 3636 1778 3689 aliis
1808 3638 1945 3692 dwm

2145 3640 2416 3709 πατήσεις
2473 3640 2691 3711 λέοντα
2749 3640 2847 3693 καὶ
2902 3639 3217 3709 δράκοντα.
3270 3643 3404 3695 Ἀλλ’
3452 3640 3664 3712 οὐδαμῶς

429 3714 612 3784 nibus,
647 3721 751 3774 sive
782 3722 845 3774 ab
874 3722 1141 3789 heroibus,
1164 3723 1276 3778 haec
1304 3729 1481 3782 omnia
1512 3728 1675 3798 legem
1697 3746 1729 3781 a
1760 3728 1871 3784 Deo
1900 3748 1947 3784 m

2147 3732 2235 3804 ᾔδει
2264 3732 2438 3786 ταῦτα
2464 3734 2492 3786 ὁ
2522 3733 2749 3797 Κέλσος.
2784 3735 2845 3786 Εἰ
2876 3733 2987 3804 γὰρ
3016 3734 3153 3804 ᾔδει,
3195 3736 3294 3787 οὐκ
3325 3736 3388 3789 ἂν
3423 3731 3551 3797 εἷπε,
3578 3732 3666 3787 Kal

425 3809 570 3863 ximo
596 3816 959 3884 praescriptam
992 3815 1092 3869 sibi
1115 3814 1345 3871 habent?
1375 3817 1569 3873 Nonne
1594 3823 1744 3876 rebus
1786 3824 1938 3893 singn

2147 3826 2153 3868 ἶ
2184 3842 2237 3878 τι
2268 3840 2378 3893 περ
2418 3824 2494 3879 ἂν
2521 3820 2563 3896 ᾖ
2589 3826 2659 3878 ἐν
2682 3826 2809 3891 τοῖς
2846 3826 3011 3892 ὅλοις
3039 3827 3161 3879 εἴτε
3202 3827 3351 3881 Θεοῦ
3377 3830 3559 3897 ἔργον,
3580 3824 3666 3878 ειτ’

425 3900 708 3969 prie/cetus
756 3917 830 3957 est
888 3922 1008 3958 cum
1047 3916 1306 3975 potestate
1357 3910 1595 3978 quisquis
1650 3910 1748 3965 hoc
1797 3929 1944 3967 mune

2147 3918 2407 3989 ὶγγέλων,
2455 3919 2574 3973 εἴτε
2617 3918 2915 3989 δαιμόνων
2941 3919 3039 3991 (7),
3099 3920 3220 3974 εἴτε
3269 3920 3485 3989 ἡρώων·
3530 3915 3666 3972 ταῦτ’

422 3990 671 4062 dignatus
696 3996 814 4049 est?
839 3996 944 4061 Qui
971 3998 1136 4067 igitur
1161 3996 1331 4052 Deum
1356 4002 1500 4065 colit,
1525 4018 1627 4055 non
1655 4004 1696 4055 is
1717 4003 1862 4070 juste
1890 4022 1941 4059 cc

2147 4011 2243 4079 ίχει
2281 4012 2468 4078 νόμον
2513 4010 2581 4062 ἐκ
2627 4010 2737 4064 τοῦ
2768 4011 3060 4081 μεγίστου
3095 4011 3279 4076 Θεοῦ;
3326 4011 3578 4065 Τέτακται
3612 4008 3666 4060 δὲ

426 4086 580 4139 illum
617 4087 766 4140 cuia
806 4087 915 4143 Deo
976 4090 1104 4143 data
1136 4101 1369 4160 potestas
1411 4102 1508 4146 est.
1559 4092 1767 4160 Quibus
1816 4096 1940 4150 addi

2142 4104 2209 4172 ’φ’
2235 4102 2471 4167 ἑκάστῳ
2495 4104 2754 4171 δύναμιν
2785 4104 3011 4174 λαχὼν,
3052 4104 3224 4171 ὅστις
3258 4105 3522 4172 ἡξίωται;
3548 4101 3661 4156 70'3-

420 4177 575 4234 Fieri
602 4182 740 4236 enim
771 4199 874 4236 non
903 4192 1073 4251 potest
1106 4194 1161 4237 ut
1188 4184 1429 4254 pluribus
1460 4187 1689 4242 dominis
1720 4190 1939 4242 serviati

2143 4214 2221 4250 ὀν
2275 4194 2407 4261 οὖν,
2462 4201 2568 4252 τὸν
2603 4199 2831 4254 ἐκεῖθεν
2873 4198 3162 4266 ἐξουσίας
3202 4204 3571 4268 τετυχηκότα,
3606 4197 3662 4247 οὐ

420 4270 529 4327 Sed
566 4275 667 4330 hac
698 4275 765 4330 de
795 4290 853 4331 re
883 4276 938 4331 in
969 4276 1109 4333 libro
1128 4279 1377 4348 sequenti
1412 4281 1829 4350 disputabimus.
1869 4284 1939 4336 Na

2145 4290 2468 4357 ἐραπεύσει
2493 4290 2736 4358 δικαίως
2767 4294 2801 4345 ὁ
2832 4290 3025 4345 σέϐων
3058 4292 3167 4345 τὸν
3211 4288 3664 4363 Θεόν(8).Τούτοκ

414 4364 614 4433 justam
648 4367 701 4421 in
737 4368 931 4424 molem
972 4370 1147 4425 crevit
1182 4372 1448 4441 septimus
1491 4373 1593 4427 iste
1648 4374 1805 4439 liber,
1835 4392 1933 4444 que

2148 4385 2153 4401 '
2186 4382 2435 4455 ἐπιφέρει
2458 4386 2541 4449 τὸ,
2558 4387 2638 4438 Οὐ
2668 4384 2779 4455 γὰρ
2807 4379 3019 4440 οἷόντε
3041 4384 3357 4439 δουλεύειν
3382 4384 3483 4437 τὸν
3505 4378 3667 4434 αὐτὸν

420 4468 610 4513 contra
647 4460 788 4516 Celsi
825 4463 1090 4532 scriptum
1127 4464 1471 4535 scripsimus.

2145 4478 2347 4530 ’λείοσι
2397 4480 2640 4547 κυρίοις.
2680 4478 2816 4549 Περὶ
2860 4472 2921 4532 οὗ
2959 4480 3019 4531 ὲν
3063 4478 3142 4549 τῷ
3182 4477 3311 4547 ἐξῆς
3350 4476 3526 4548 βιόλίῳ
3567 4470 3664 4522 δια-

416 4550 718 4624 ληψόμεθα,
767 4554 860 4609 ἅτε
902 4556 1154 4629 αὐτάρκη
1201 4558 1550 4631 περιγραφὴν
1596 4559 1873 4630 εἰληφότος
1906 4563 1999 4616 τοῦ
2039 4568 2264 4641 ἑϐδόμου
2325 4572 2492 4642 τόμου
2548 4571 2684 4641 πρὸς
2734 4572 2795 4624 τὸ
2826 4560 3166 4642 σύγγραμμα
3207 4571 3411 4625 Κέλσου
3445 4569 3567 4639 ἡμῖν
3587 4577 3663 4629 γε·

416 4650 758 4718 γραμμένου.
2772 4683 2778 4689 ο

488 4802 532 4833 ⁸⁸
567 4802 724 4857 Joan.
758 4806 891 4870 x,8.
969 4806 1013 4837 '°
1047 4806 1207 4877 ibid.,
1238 4809 1325 4863 10.
1402 4811 1443 4841 ⁷³
1483 4808 1613 4864 Luc.
1653 4827 1704 4874 x,
1738 4812 1821 4865 19.
1906 4816 1950 4845 ’³
1981 4816 2007 4868 Γ

849 4806 891 4860 Β.
969 4806 1013 4837 ⁷⁸
1047 4806 1325 4877 ibid.,10.
1402 4811 1443 4841 ⁷³
1483 4808 1613 4864 Luc.
1653 4827 1704 4874 x,
1738 4812 1821 4865 19.
1906 4816 1950 4845 ’³
1981 4814 2121 4868 l‘sal.
2166 4815 2368 4880 xc,15.

438 4954 560 5038 ..(4)
590 4958 751 5011 Κατὰ
780 4960 1019 5038 τόξους.
1067 4961 1200 5038 Vide
1230 4962 1510 5027 Huetium,
1549 4962 1957 5034 Origenianorui

2175 4968 2248 5038 (6)
2277 4969 2385 5021 Kal
2423 4973 2588 5023 Θεόν.
2650 4969 2776 5025 ll:ec
2814 4972 2865 5024 in
2898 4980 3062 5026 antea
3091 4971 3255 5027 editis
3287 4972 3475 5028 omissa
3510 4967 3655 5025 resti-

415 5022 819 5097 lib.__tl,‘quaest.
848 5030 901 5092 5,
932 5022 996 5083 de
1022 5034 1244 5097 angelis.
1497 5022 1541 5067 ἰ
1646 5022 1669 5034 ν
1956 5062 1971 5065 -
2104 5022 2330 5092 ῑυιῖιιίιιι·
2358 5056 2388 5093 c
2424 5022 2553 5093 Iitss.
2585 5022 2894 5097 codicibus.

486 5089 1053 5185 ἓῆξίειι.,ᾒκλέςιττεθινΖ
1093 5089 1387 5185 Hmscheb.
1422 5104 1663 5185 βλέπεινἶ
1704 5104 1991 5185 Spencer.,

2915 5111 3025 5166 εἴτε
3056 5111 3344 5185 δαιμόνων.
3394 5111 3653 5181 Spencer..

414 5160 697 5252 ρλξττειη
723 5160 917 5252 Χευίο
944 5172 1296 5252 ἀπίω-μηδ,
1356 5160 1774 5252 ἐκτρεπομένων
1813 5160 1933 5231 ἄλλο

1211 5189 1296 5252 ῑεη
1356 5160 1774 5252 ἐκτρεπομένων
1813 5160 1993 5232 ἂλλοτί
2101 5160 2220 5252 εἴτε

414 5232 608 5288 σέϐειν.
675 5235 830 5294 Libb.
864 5251 1023 5296 antea
1056 5243 1210 5311 editi,
1244 5232 1676 5317 ἐντρεπδμένών,
1707 5257 1810 5303 etc.

2175 5232 2261 5319 (8)7
2283 5232 2625 5307 HmSclielius
2644 5232 2914 5321 intexto,
2943 5256 3093 5320 ὅστις
3124 5253 3271 5310 σέϐει
3300 5254 3385 5309 τδν
3408 5249 3545 5306 Θεόν.
