3846 6406
205 377 314 434 illi!

1266 442 1269 447 κ
1330 371 1609 428 CONTRA
1642 370 1920 428 CELSUM
1956 370 2079 425 LIB.
2114 368 2246 425 vm.

3266 368 3419 426 159'}

678 683 1627 820 ΩΡΙΓΕΝΟΥΣ
1702 652 2167 813 ΚΑΤΑ
2239 676 2921 813 ΚΕΛΣΟΥ

1355 923 1737 1010 ΤΟΜΟΣ
1775 920 2211 1009 ΟΓΔΟΟΣ

378 1230 956 1343 ORIGENIS
1026 1249 1502 1343 CONTRA
1578 1249 2039 1342 CELSUM
2117 1246 2484 1336 LIBER
2554 1244 3093 1339 OCTAVUS

231 1538 354 1609 Ἤδη
386 1537 593 1609 ἔφθασα
629 1540 720 1593 ἐπὶ
752 1540 814 1593 τὸ
851 1543 1165 1597 συντελέσαι
1197 1544 1335 1598 ἑπτὰ
1358 1544 1557 1616 βιϐλία·
1581 1546 1701 1601 θέλο

1889 1545 1943 1598 1.
1976 1542 2091 1599 Jam
2127 1554 2195 1596 eo
2221 1548 2549 1610 perventum
2584 1548 2671 1594 est
2703 1548 2763 1593 ut
2785 1548 2989 1607 septem
3021 1536 3185 1595 libros
3213 1536 3395 1593 absol-

166 1631 213 1683 δὲ
232 1630 479 1703 ἄρξασθαι
510 1631 605 1684 κοιλ¹
629 1632 835 1700 ὀγδόου.
866 1633 999 1695 Θεὸς
1030 1635 1085 1688 δὲ
1116 1636 1210 1688 καὶ
1239 1638 1268 1691 ό
1300 1638 1592 1709 μονογενὴς
1619 1638 1715 1691 αύ-

165 1722 244 1775 τοῦ
283 1722 442 1789 Λόγος
484 1722 754 1792 παρέσται
786 1725 859 1796 (9)
896 1728 1047 1798 ἡμῖν,
1085 1728 1171 1782 ἵνα
1212 1729 1473 1796 γενναίως
1519 1730 1621 1801 μὲν
1646 1730 1715 1783 τὰ

164 1811 345 1864 Κέλσου
369 1810 535 1881 ψεύδη
563 1811 841 1885 διελεγχθῇ
876 1816 1052 1888 μάτην
1079 1818 1535 1888 ἐπιγεγραμμένα
1567 1820 1716 1887 ἁλη-

164 1900 257 1968 ϐὴς
282 1905 472 1972 λόγος,
506 1903 747 1968 δυνατῶς
775 1905 830 1958 δὲ
868 1908 961 1961 καὶ
993 1909 1054 1960 τὸ
1084 1909 1207 1963 ὅσον
1249 1910 1342 1962 ἐπὶ
1372 1914 1483 1975 τοῖς
1508 1912 1715 1980 ὑπαγο-

164 1995 443 2066 ριυομένοις
492 1997 563 2051 τὰ
620 1999 1046 2071 Χριστιανισμοῦ
1112 2002 1426 2073 ἀποδειχθῇ·
1487 2003 1715 2075 εὐχομέ-

162 2104 251 2149 νοις
293 2090 372 2150 τὸ,
436 2089 617 2158 ’Υπὲρ
670 2091 929 2157 Χριστοῦ
987 2094 1413 2162 πρεσϐεύομεν,
1472 2095 1553 2161 ὡς
1606 2095 1714 2150 τοῦ

162 2177 286 2231 Θεοῦ
321 2181 819 2249 παρακαλοῦντος
855 2182 929 2235 δι’
958 2182 1127 2251 ἡμῶν
1153 2184 1285 2255 (10),
1318 2187 1490 2239 εἰπεῖν
1515 2188 1582 2257 τῇ
1618 2187 1712 2241 τοῦ

160 2266 343 2320 Παύλου
371 2269 630 2336 διαθέσει,
665 2274 759 2326 καὶ
804 2274 1135 2345 πρεσϐεῦσαι
1163 2277 1303 2347 ὑπὲρ
1333 2276 1429 2329 τοῦ
1474 2278 1711 2349 Χριστοῦ

156 2355 273 2426 πρὸς
297 2362 417 2422 τοὺς
442 2358 790 2431 ἀνθρώπους,
820 2361 893 2424 ὼς
928 2363 957 2414 ὁ
992 2361 1085 2414 τοῦ
1127 2361 1261 2415 Θεοῦ
1297 2362 1469 2431 Λόγος
1495 2364 1586 2417 ἐπὶ
1613 2365 1714 2435 τὴν

156 2450 271 2519 πρὸς
298 2451 481 2505 ἑαυτὸν
504 2453 1051 2525 φιλίαν-παρακαλεῖ·
1089 2455 1407 2526 βουλόμενος
1432 2457 1711 2513 οἰκειῶσαι

155 2534 457 2611 δικαιοσύνῃ,
506 2542 604 2593 καὶ
637 2540 883 2613 ἀληθείᾳ,
927 2544 1023 2595 καὶ
1061 2547 1183 2607 ταῖς
1221 2544 1433 2609 λοιπαῖς
1468 2547 1708 2617 ἀρεταῖς,
1757 2602 1760 2605 λ

154 2628 259 2691 τοὺς
299 2630 401 2701 πρὸ
443 2632 546 2701 τῆς
594 2633 905 2705 παραδοχῆς
955 2633 1064 2687 τῶν
1124 2635 1296 2705 Ἰησοῦ
1345 2637 1436 2689 τοῦ
1472 2638 1709 2707 Χριστοῦ

153 2716 405 2789 δογμάτων
433 2723 489 2775 ἐν
513 2725 692 2795 σκότῳ
716 2724 793 2796 τῷ
819 2726 946 2797 περὶ
971 2726 1127 2791 Θεοῦ,
1156 2730 1247 2781 καὶ
1272 2728 1462 2799 ἀγνοίᾳ
1492 2732 1558 2800 τῇ
1583 2730 1711 2802 περὶ

152 2809 228 2862 τοῦ
270 2813 550 2879 κτίσαντος
592 2817 1057 2889 ὲνδιατρίψαντας.
1094 2820 1205 2874 Καὶ
1263 2820 1420 2875 πάλιν
1485 2821 1542 2874 δὲ
1575 2823 1707 2894 ἐρῶ,

1818 1637 2029 1701 verim;
2062 1642 2314 1688 octavum
2346 1646 2493 1687 nunc
2533 1631 2748 1700 aggredi
2773 1631 2912 1687 volo.
2947 1631 3086 1687 Deus
3110 1640 3167 1685 et
3202 1631 3393 1701 unige—
3442 1626 3449 1651 ί

1817 1732 1965 1785 nitus
1998 1728 2116 1797 ejus
2160 1726 2401 1782 Verbum
2455 1726 2597 1780 adsit
2628 1725 2807 1790 nobis,
2842 1733 2901 1779 ut
2932 1723 3074 1780 Celsi
3110 1725 3390 1779 mendacia

1816 1835 2102 1891 perperam
2142 1817 2407 1886 inscripta
2432 1833 2585 1871 verus
2606 1832 2803 1881 sermo,
2832 1825 3053 1871 strenue
3082 1815 3391 1871 refutentur

1817 1922 1873 1967 et
1905 1909 2187 1981 religionis
2222 1906 2554 1962 Christianae
2584 1907 2786 1961 veritas
2813 1905 2987 1961 solide
3034 1916 3088 1961 et
3123 1916 3389 1975 quantum

1814 2017 1912 2073 per
1940 2000 2224 2056 materiam
2252 1998 2441 2053 licebit
2482 1998 2907 2053 demonstretur.
2935 1996 3230 2052 Preeamur
3259 1997 3391 2050 item

1816 2102 1875 2147 ut
1921 2106 2029 2162 quo
2078 2089 2261 2144 animo
2294 2086 2516 2153 Paulus,
2561 2088 2751 2142 eodem
2780 2096 2833 2143 et
2867 2103 2965 2143 nos
3004 2088 3184 2142 dicere
3214 2087 3389 2156 possi-

1813 2200 1958 2248 mus,
1989 2182 2096 2238 Pro
2125 2181 2334 2237 Christo
2369 2179 2628 2249 legatione
2674 2180 2952 2250 fungimur
2981 2190 3231 2249 tanquam
3282 2178 3391 2231 Deo

1814 2276 2129 2330 exhortante
2161 2289 2252 2344 per
2287 2289 2381 2327 nos
2408 2272 2478 2338 ⁷³,
2511 2281 2566 2326 et
2585 2286 2683 2339 pro
2705 2272 2921 2327 Christo
2946 2272 3216 2341 legatione
3240 2270 3387 2338 fungi

1815 2382 1944 2439 erga
1978 2364 2247 2431 homines,
2285 2365 2743 2435 quemadmodum
2763 2364 2857 2419 Dei
2881 2364 3113 2419 Verbum
3146 2363 3213 2419 ad
3241 2377 3390 2417 amo-

1813 2474 1926 2514 rem
1956 2459 2008 2512 in
2048 2472 2107 2513 se
2134 2456 2457 2510 exhortatur
2486 2472 2499 2509 :
2528 2455 2725 2524 quippe
2761 2453 2905 2523 quod
2952 2453 3064 2508 vult
3117 2452 3344 2523 justitize
3372 2493 3385 2515 ,

1810 2550 2029 2605 veritati
2082 2548 2401 2615 (umerisque
2434 2544 2731 2601 virtutibus
2781 2560 2875 2600 eos
2903 2542 3223 2611 conciliare,
3269 2544 3385 2612 qui,

1811 2650 2101 2713 antequam
2130 2640 2255 2696 Jesu
2282 2639 2483 2696 Christi
2517 2638 2764 2709 dogmata
2796 2639 3124 2707 reciperent,
3150 2636 3203 2689 in
3231 2644 3387 2689 tene-

1811 2735 1930 2791 bris
1960 2743 2015 2789 et
2052 2733 2358 2804 ignorantia
2392 2733 2489 2787 Dei
2516 2729 2814 2787 conditoris
2842 2729 3220 2784 versabantur.
3271 2727 3385 2783 lte-

1811 2838 1933 2875 rum
1963 2822 2167 2887 dicam,
2190 2822 2280 2876 det
2310 2822 2465 2875 nobis
2491 2823 2630 2876 Deus
2655 2821 2849 2875 fortem
2880 2829 2936 2872 et
2968 2833 3153 2872 verum
3177 2832 3387 2872 sermo—

153 2902 219 2955 ὅτι
240 2904 266 2955 ὁ
287 2905 413 2971 Θεὸς
446 2908 560 2980 δῴη
598 2911 731 2980 ἡμῖν
774 2910 866 2964 τὸν
908 2910 1154 2980 γενναῖον
1181 2914 1276 2966 καὶ
1323 2911 1497 2984 ἁληθῆ
1528 2913 1701 2982 λόγον,

1812 2927 1960 2977 nem,
2010 2911 2298 2965 Dominum
2332 2910 2481 2964 illum
2510 2911 2606 2981 qui
2638 2911 2694 2963 in
2742 2910 2873 2962 bello
2899 2917 3087 2963 contra
3121 2907 3383 2963 malitiam

150 2994 225 3047 τὸν
258 2997 454 3070 Κύριον
498 3001 614 3054 τὸν
642 3002 925 3070 κραταιὸν
950 3003 1049 3056 καὶ
1080 3002 1344 3057 δυνατὸν
1374 3006 1444 3059 ἐν
1468 3005 1709 3074 πολέμῳ

150 3086 213 3157 τῷ
233 3089 359 3142 κατὰ
383 3092 482 3161 τῆς
512 3092 734 3156 κακίας.
766 3094 904 3165 Ἤδη
930 3094 985 3147 δὲ
1010 3094 1103 3147 καὶ
1138 3095 1230 3147 ἐπὶ
1264 3096 1361 3166 τὴν
1400 3094 1528 3166 ἑξῆς
1568 3096 1710 3162 λέξιν

149 3176 330 3232 Κέλσου
357 3182 451 3234 καὶ
483 3182 556 3235 τὰ
586 3182 723 3252 πρὸς
758 3185 927 3254 αὐτὴν
955 3184 1196 3239 ὁδευτέον
1231 3187 1379 3238 ἐστὶν
1409 3188 1562 3257 ἡμῖν.

217 3270 559 3345 Ἐπηπόρησε
610 3273 666 3326 δὲ
722 3276 778 3327 ἐν
834 3279 945 3339 τοῖς
981 3277 1086 3349 πρὸ
1116 3278 1317 3331 τούτων
1364 3278 1497 3347 πρὸς
1537 3280 1705 3348 ἡμᾶς,

144 3358 217 3415 διὰ
255 3364 304 3417 τί
339 3365 607 3436 δαίμονας
651 3368 713 3419 οὐ
758 3366 1153 3439 θεραπεύομεν·
1192 3370 1287 3423 καὶ
1333 3370 1469 3441 πρὸς
1508 3371 1543 3424 ἃ
1585 3368 1706 3426 εἶπε

145 3455 253 3525 περὶ
294 3456 586 3528 δαιμόνων,
635 3459 1026 3531 ἁπηντήσαμεν
1080 3461 1220 3513 κατὰ
1268 3462 1330 3514 τὸ
1383 3464 1706 3534 φαινόμενον

142 3544 253 3614 ἡμῖν
297 3548 547 3622 βούλημα
605 3550 699 3603 τοῦ
744 3550 886 3605 θείου
931 3551 1109 3620 λόγου.
1158 3547 1270 3604 Εἶθ’
1300 3552 1428 3623 ἑξῆς
1479 3554 1705 3619 ὲκείνοις

141 3635 265 3705 ἡμᾶς
291 3640 499 3709 είσάγει
538 3641 797 3710 λέγοντας
827 3644 962 3716 πρὸς
992 3641 1089 3714 τὴν
1137 3644 1477 3716 ἐπαπόρησιν
1514 3645 1702 3709 αὐτοῦ,

140 3723 355 3797 θέλοντος
392 3735 545 3805 ἡμᾶς
595 3735 690 3787 καὶ
739 3736 865 3798 τοὺς
908 3735 1166 3805 δαίμονας
1214 3736 1564 3808 θεραπεύειν,
1622 3738 1703 3792 ὅτι

137 3819 219 3889 οὐχ
264 3818 368 3877 οἷόν
420 3844 482 3879 τε
534 3826 806 3879 δουλεύειν
849 3828 941 3881 τὸν
994 3829 1158 3884 αὑτὸν
1206 3830 1415 3886 πλείοσι
1470 3833 1698 3904 κυρίοις.

140 3912 296 3968 Τοῦτο
323 3916 394 3982 δ’,
426 3919 503 3982 ὡς
533 3918 707 3972 οἴεται
736 3918 1006 3987 στάσεως
1039 3923 1193 3976 εἶναι
1217 3924 1427 3993 φωνὴν
1457 3924 1594 3989 τῶν,
1623 3926 1703 3993 ὠς

135 4003 291 4070 αὐτὸς
314 4007 655 4078 ὠνόμασεν,
685 4010 1175 4080 ἀποτειχιζόντων
1191 4016 1235 4082 (1
1255 4016 1301 4087 l)
1324 4016 1577 4083 ἑαυτοὺς
1604 4015 1704 4070 καὶ

133 4093 618 4169 ἀπορρηγνύντων
645 4102 765 4156 ἀπὸ
798 4101 915 4155 τῶν
941 4104 1170 4159 λοιπῶν
1213 4107 1556 4175 ἀνθρώπων.
1592 4110 1699 4161 Νο-

136 4186 259 4252 μίζει
289 4189 343 4242 δὲ
384 4193 531 4260 τοὺς
580 4194 757 4248 τοῦτο
797 4196 1108 4266 λέγοντας,
1146 4199 1213 4253 τὸ
1251 4199 1403 4254 ὅσον
1439 4201 1531 4269 ἐφ’
1564 4202 1699 4256 ἐαυ-

1814 3004 1967 3074 fortis
2014 3014 2097 3060 est
2129 3013 2178 3059 et
2210 3012 2395 3073 potens
2425 3003 2492 3058 ⁷⁸.
2527 3002 2680 3058 Nunc
2712 3003 2778 3057 ad
2828 3017 2892 3056 ea
2938 3002 3264 3056 veniendum
3300 3010 3385 3056 est

1814 3112 1932 3167 quae
1981 3096 2169 3153 Celsus
2211 3106 2401 3167 postea
2460 3096 2683 3165 objicit,
2733 3108 2787 3150 et
2829 3096 2895 3149 ad
2944 3110 3005 3149 ea
3051 3094 3385 3163 responden-
3458 3128 3459 3131 η

1810 3191 1959 3246 dum.
2355 3254 2363 3263 .

1879 3282 2041 3355 745
2074 3282 2326 3338 2.~Antea
2347 3283 2594 3353 quaesivit
2617 3298 2647 3337 a
2682 3283 2837 3337 nobis
2862 3280 2989 3350 quid
3010 3295 3190 3338 causae
3214 3290 3379 3344 esset,

1809 3387 1904 3428 cur
1944 3374 2219 3427 daemones
2244 3387 2348 3427 non
2382 3372 2651 3437 colamus,
2678 3382 2734 3427 et
2761 3375 2827 3427 ad
2854 3357 2967 3438 illa,
2992 3386 3113 3442 quae
3145 3372 3285 3429 dixit
3315 3372 3383 3426 de

1808 3463 2165 3530 dmmonibus,
2196 3464 2536 3534 reposuimus
2561 3467 2701 3534 quod
2730 3465 2886 3520 nobis
2910 3465 3083 3520 visum
3113 3467 3385 3522 eStverbo

1808 3557 1994 3613 divino
2025 3570 2477 3614 consentaneum.
2509 3560 2710 3614 Deinde
2745 3559 2811 3612 ad
2842 3557 2957 3628 ejus
2990 3557 3340 3627 quzestionem
3364 3598 3379 3621 ,

1811 3665 1918 3720 qua
1951 3666 2050 3707 nos
2080 3654 2149 3707 ad
2183 3651 2391 3707 cultum
2422 3652 2725 3706 daemonum
2750 3650 2978 3705 incitare
3009 3647 3247 3715 volebat,
3283 3664 3382 3703 nos

1806 3747 2200 3814 respondentes
2226 3744 2378 3809 fecit,
2415 3744 2530 3800 ﬁeri
2574 3759 2681 3799 non
2713 3757 2873 3812 posse
2905 3750 2962 3796 ut
2990 3740 3238 3811 pluribus
3281 3743 3381 3795 do-

1806 3837 1974 3890 minis
2001 3838 2295 3891 serviatur.
2335 3835 2468 3901 Qua:
2489 3851 2610 3901 vox,
2640 3843 2697 3888 ut
2724 3844 2904 3905 putat,
2933 3834 3208 3889 seditionis
3234 3842 3308 3886 est
3332 3842 3382 3884 et

1805 3926 2074 3980 hominum
2092 3926 2478 3996 segregantium
2505 3936 2551 3982 et
2588 3927 2996 3981 rescindentium
3020 3941 3095 3990 se,
3114 3934 3172 3979 ut
3204 3924 3383 3994 loqui-

1806 4027 1913 4082 tur,
1945 4035 1977 4072 a
2013 4018 2339 4089 reliquorum
2380 4016 2651 4072 hominum
2678 4018 2949 4072 societate.
2982 4016 3112 4087 Ejus
3144 4014 3375 4083 judicio,

1802 4109 1891 4177 qui
1916 4109 2011 4161 hoc
2041 4110 2243 4173 dicunt,
2264 4123 2387 4162 suos
2415 4108 2496 4161 illi
2524 4109 2577 4160 in
2597 4106 2764 4160 Deum
2781 4107 2999 4175 aﬁ'ectus
3030 4104 3377 4173 transferunt.

1804 4199 2145 4269 Quapropter
2174 4198 2227 4252 id
2252 4199 2530 4254 existimat
2555 4198 2695 4266 apud
2708 4196 2941 4251 homines
2958 4196 3169 4265 quidem
3187 4197 3378 4250 habere

132 4276 253 4344 τοῖς,
282 4282 731 4352 ἀπομάττεσθαι
776 4288 844 4342 τὸ
886 4288 1179 4359 σφέτερον
1230 4293 1418 4359 πάθος
1461 4297 1549 4360 εὶς
1591 4295 1698 4348 τὸν

1810 4290 2002 4355 locum,
2035 4289 2338 4343 servientem
2373 4287 2603 4356 cuipiam
2633 4283 2771 4339 male
2798 4302 2851 4341 se
2885 4284 3043 4338 alteri
3073 4284 3127 4336 in
3156 4283 3381 4336 servitu-

132 4371 276 4425 Θεόν.
331 4375 422 4428 Διὸ
468 4378 567 4429 καὶ
604 4378 702 4431 ἐπὶ
744 4378 861 4447 μὲν
904 4380 1231 4450 ἀνθρώπων
1286 4384 1485 4453 χώραν
1532 4387 1696 4457 ἔχειν

128 4460 297 4529 οἴεται,
343 4466 454 4522 τὸν
483 4468 859 4524 δουλεύοντά
898 4489 1013 4526 τινι
1053 4474 1140 4544 μὴ
1185 4475 1263 4529 ἂν
1293 4479 1559 4547 εὐλόγως
1584 4478 1695 4552 (12)

128 4558 210 4610 καὶ
255 4560 420 4625 ἄλλῳ
468 4561 784 4617 δουλεύειν
814 4564 1120 4633 ἀνθρώπῳ,
1165 4569 1247 4634 ὡς
1272 4570 1697 4641 ,ϐλαπτομένου

126 4650 217 4705 τοῦ
240 4652 437 4723 ἐτέρου
470 4654 593 4710 ἀπὸ
620 4653 730 4722 τῆς
757 4657 1045 4725 διαφόρου
1076 4660 1378 4729 δουλείας·
1408 4664 1564 4731 μηδὲ
1591 4663 1699 4719 τὸν

123 4744 419 4810 φθάσαντα
464 4747 957 4817 συνομωμοκέναι
1002 4752 1120 4806 τινὶ
1172 4754 1541 4823 συνομνύειν
1592 4758 1691 4810 καὶ

122 4834 295 4906 ἑτέρῳ·
310 4840 761 4908 ὼςβλάπτοντα
779 4842 962 4910 λόγον
978 4841 1140 4911 ἔχειν
1155 4844 1221 4899 τὸ
1254 4845 1569 4902 δουλεύειν
1581 4850 1597 4919 (
1609 4850 1689 4919 15)

125 4926 226 4990 ἅμα
248 4931 558 5001 διαφόροις
580 4932 767 5001 ἣρωσι
790 4934 887 4987 καὶ
920 4934 1044 5002 τοῖς
1071 4938 1359 5007 τοιούτοις
1386 4940 1685 5011 δαίμοσιν.

134 5019 249 5075 Ἐπὶ
275 5024 342 5078 δὲ
375 5026 548 5090 Θεοῦ,
577 5025 725 5094 πρὸς
752 5026 823 5079 ὃν
847 5027 984 5080 οὔτε
1006 5028 1207 5096 ,ϐλάϐη
1238 5048 1325 5096 τις
1361 5032 1497 5086 οὔτε
1522 5034 1686 5101 λύπη

122 5116 267 5185 φανῇ
284 5118 415 5190 (id),
437 5118 667 5188 ἄλογον
688 5118 905 5188 νομίζει
946 5120 1010 5172 τὸ
1049 5121 1455 5189 φυλάττεσθαι
1474 5126 1687 5194 ὁμοίως

210 5230 255 5263 ⁷³
281 5231 321 5285 ll
352 5232 487 5288 Cor.
518 5248 572 5297 ν,
600 5232 689 5286 20.
767 5234 810 5265 ⁷⁸
839 5233 979 5289 Psal.
1016 5250 1172 5303 χχιιι,
1204 5236 1260 5291 8.

1803 4392 1905 4436 tem
1931 4384 2080 4447 dare,
2118 4392 2397 4453 propterea
2430 4380 2573 4450 quod
2607 4395 2672 4433 ex
2702 4378 2905 4431 diversa
2936 4377 3182 4431 servitute
3213 4374 3382 4428 detri—

1802 4485 2033 4529 mentum
2064 4474 2198 4529 alter
2220 4475 2497 4543 patiatur;
2534 4470 2753 4541 proinde
2769 4471 2857 4539 qui
2896 4486 2949 4523 se
2976 4469 3139 4522 alicui
3174 4468 3381 4538 obliga-

1803 4569 1894 4635 rit,
1944 4568 2083 4623 hunc
2129 4566 2282 4622 alteri
2325 4581 2429 4619 non
2464 4564 2647 4617 debere
2671 4578 2725 4615 se
2754 4560 3021 4630 obligare;
3064 4561 3240 4628 sicque
3274 4575 3382 4614 non

1802 4676 1951 4729 posse
1984 4660 2197 4714 diversis
2226 4658 2468 4712 heroibus
2489 4666 2539 4709 et
2583 4654 2846 4723 eiusmodi
2873 4652 3200 4707 dwmouibus
3220 4650 3381 4705 simul

1801 4753 2014 4819 serviri,
2048 4754 2173 4822 quin
2204 4752 2395 4804 horum
2439 4748 2685 4803 alterutri
2713 4746 2807 4815 ﬁat
2841 4745 3069 4815 injuria.
3099 4742 3208 4799 Sed
3236 4743 3380 4814 quod

1799 4854 2000 4917 spectat
2036 4848 2104 4900 ad
2136 4844 2326 4909 Deum,
2354 4845 2408 4897 in
2429 4859 2578 4914 quem
2598 4858 2687 4897 nec
2695 4841 2914 4910 jactura
2956 4838 3066 4892 ulla
3123 4854 3214 4892 nec
3262 4853 3378 4889 mo-

1799 4942 1957 4995 lestia
2009 4942 2171 5004 cadit,
2208 4940 2498 4994 absurdum
2529 4935 2737 5005 judicat
2772 4936 2953 4989 eadem
2982 4935 3226 4987 cautione
3256 4932 3377 5001 plu-

1802 5038 1935 5088 rium
1989 5037 2204 5089 deorum
2266 5033 2465 5089 cultum
2510 5036 2723 5106 fugere,
2776 5053 2835 5090 ac
2889 5035 2934 5088 si
2983 5047 3100 5085 cum
3142 5029 3372 5083 homini-

1801 5129 1914 5191 bus,
1964 5128 2227 5193 heroibus,
2291 5136 2338 5181 et
2396 5128 2655 5198 ejusmodi
2703 5126 3051 5190 daemonibus,
3106 5129 3370 5191 ageretur.

180 5347 620 5447 l9LHapéq'ratr.
648 5352 916 5447 “Molli-aut.
954 5351 1180 5447 Cuictus
1235 5364 1290 5408 et
1338 5353 1680 5447 .Boherelllus,

1867 5356 1977 5427 (12)
2008 5355 2278 5447 llmschel'.
2312 5356 2665 5447 et‘Spencer.
2722 5358 2881 5422 male,
2907 5356 2996 5447 pi,
3044 5353 3373 5447 ἀνευξόγωνςν

119 5422 381 5493 παρέστω,
433 5422 538 5476 nisi
590 5424 728 5477 forte
776 5425 846 5477 sit
892 5422 1129 5477 futurum
1180 5440 1276 5492 pro
1336 5425 1681 5493 imperativo,

119 5502 254 5543 more
285 5491 661 5547 Hebraeorum.

180 5560 589 5637 tiO)_lltnsehel.
623 5573 675 5616 et
708 5562 994 5637 Speneer.,_
1046 5564 1489 5637 παρακαλοῦντος
1533 5564 1683 5636 ἡμᾶς

116 5625 177 5679 δι’
207 5625 380 5699 ἡμῶν,
442 5634 539 5687 sed
592 5649 621 5687 a
663 5625 822 5688 codd.
868 5632 1034 5703 Regio
1083 5625 1139 5690 ei
1188 5625 1485 5690 Basilecnsi
1536 5625 1684 5689 recte

119 5700 260 5771 “te?!
293 5703 465 5771 ἡμᾶς·

119 5704 260 5752 abest
293 5704 465 5768 ἡμᾶς.

186 5769 291 5839 (Η)
317 5769 871 5845 ³ᾼςτοτειχιζόντων.
898 5844 905 5845 7
932 5772 1093 5831 Forte
1124 5774 1408 5845 legendum
1461 5776 1686 5845 ἀποσχι-

126 5834 334 5900 ξὸντων.
382 5842 516 5900 Vide
547 5834 685 5899 iiifra
722 5860 867 5899 num.
891 5844 943 5899 5.

1793 5425 1928 5510 bene
1956 5439 2137 5480 autem
2168 5427 2336 5480 codex
2374 5426 2704 5497 Anglicanus
2730 5425 3024 5490 secundus,
3069 5426 3149 5495 μὴ
3184 5425 3249 5480 ἂν
3281 5426 3373 5478 εὑ-

1794 5498 1987 5636 Αόῖίυξ).
2021 5564 2295 5637 Haasehel.
2332 5577 2389 5623 et
2436 5568 2717 5636 Spencer.,
2769 5566 2831 5619 τὸ
2869 5565 2942 5637 μὴ
2983 5563 3273 5629 δουλεύειν,
3319 5571 3377 5618 at

1794 5634 1941 5693 recte
1961 5634 2137 5692 codex
2167 5634 2413 5707 lolianus
2437 5634 2623 5692 Oinisit
2654 5634 2976 5705 particulam
3009 5637 3106 5707 μή.

1865 5707 1978 5777 (M)
2024 5705 2210 5776 Φανῇ.
2291 5704 2665 5766 Scribeudum
2703 5717 2850 5763 recte
2896 5704 3107 5761 videtur
3152 5704 3385 5773 Guieto,

1794 5779 1992 5853 φθάνῃ.
