3846 6406
451 364 474 419 Ι
485 364 588 420 5‘25

1941 339 2259 398 ORIGENIS

3542 318 3643 372 liii!

446 485 536 536 Ait
570 488 829 550 praterea
877 494 1030 541 eum,
1081 477 1169 545 qui
1215 473 1388 541 plures
1429 473 1554 526 deos
1591 468 1736 532 colit,
1781 467 1875 520 hoc
1909 467 2006 534 ipsi

2130 460 2249 526 τοῖς
2282 457 2413 526 περὶ
2441 453 2783 523 ἀνθρώπων,
2806 448 2904 504 καί
2932 445 3154 514 ἡρώων,
3184 443 3280 496 καὶ
3311 440 3534 495 τοιῶνδε
3555 441 3648 495 6m-

446 574 578 644 quid
616 572 845 626 maximo
874 579 1139 632 acceptum
1173 568 1347 636 facere
1371 605 1385 629 ,
1427 563 1566 634 quod
1614 576 1778 615 unum
1819 557 2019 628 aliquid

446 680 666 724 eorum,
711 677 828 730 qua:
867 660 936 712 ad
981 658 1131 712 illum
1175 658 1472 722 pertinent,
1517 652 1675 707 colat.
1726 651 1893 706 Addit
1933 666 2021 703 ne-

446 755 528 824 fas
560 769 671 806 esse
703 752 900 804 cultum
932 750 1093 804 alicui
1137 747 1364 817 deferre,
1401 745 1486 798 cui
1525 740 1668 798 istud
1711 759 1744 796 a
1777 740 1889 794 Deo
1924 741 2022 792 da-

445 861 556 900 tum
596 863 699 900 non
721 855 818 899 est.
854 843 1210 913 Quapropter,
1239 839 1431 910 inquit,
1463 838 1640 891 cultus
1665 835 1902 890 omnibus
1932 834 2022 887 de-

444 941 586 992 latus
618 937 704 1006 qui
727 937 795 988 ad
829 935 993 988 Deum
1022 935 1306 1002 pertinent,
1346 931 1430 984 illi
1463 946 1567 983 non
1596 927 1860 997 displicet,
1889 925 2014 995 quia

446 1046 624 1083 omnes
658 1029 802 1082 illius
837 1038 982 1080 sunt.

516 1205 572 1258 3.
606 1205 908 1273 Antequam
938 1204 1004 1257 ad
1040 1204 1323 1273 sequentia
1371 1215 1689 1273 pergamus,
1723 1198 2012 1252 videndum

445 1310 624 1350 annon
649 1297 772 1364 jure
797 1297 1165 1364 approbemus
1210 1296 1314 1349 hoc
1345 1293 1566 1348 eli‘atum
1609 1311 1624 1346 :
1654 1291 1823 1345 Nemo
1851 1299 2016 1358 potest

441 1387 647 1441 duobus
678 1388 904 1440 dominis
927 1387 1157 1450 servire;
1189 1386 1274 1439 cui
1308 1384 1657 1455 subjungitur
1694 1399 1709 1436 :
1739 1383 1842 1434 Aut
1879 1382 2018 1434 enim

441 1495 607 1532 unum
637 1480 758 1532 odio
789 1479 996 1533 habebit
1039 1492 1086 1532 et
1122 1480 1346 1531 alterunt
1381 1477 1586 1548 diliget,
1617 1489 1707 1531 aut
1743 1492 1904 1530 unum
1934 1491 2019 1528 su-

440 1567 644 1619 stinebit
664 1577 711 1620 et
744 1565 970 1620 alterum
1011 1577 1323 1620 contemnet.
1361 1567 1424 1620 Et
1461 1582 1623 1622 mox:
1661 1565 1784 1620 Non
1801 1566 2015 1635 potestis

441 1657 556 1710 Deo
598 1659 791 1712 servire
839 1670 888 1713 et
936 1675 1250 1712 mammona:
1278 1659 1343 1713 ⁷³.
1379 1659 1550 1729 Hujus
1583 1658 1727 1715 elIati
1773 1657 2016 1712 defensio

441 1750 676 1816 postulat
708 1759 766 1802 ut
798 1749 850 1803 in
885 1749 1046 1804 altam
1081 1751 1495 1820 abstrusamque
1523 1751 1589 1806 de
1616 1751 1720 1804 diis
1747 1761 1801 1805 et
1841 1749 2014 1803 domi—

2119 555 2321 622 μόνων
2365 548 2712 618 θεραπεύειν
2757 540 2930 607 θεοὺς
2978 538 3280 602 πλείονας.
3323 534 3454 602 Φησὶ
3492 533 3538 587 δὲ
3578 533 3649 588 καὶ

2124 645 2230 698 τὸν
2260 640 2661 711 θεραπεύοντα
2705 635 2874 700 θεοὺς
2921 631 3225 695 πλείονας,
3268 625 3349 692 τῷ
3388 626 3454 679 ἓν
3485 642 3531 678 τι
3561 623 3652 677 τῶν

2122 736 2229 790 τοῦ
2277 732 2545 805 μεγάλου
2603 728 2973 798 θεραπεύειν,
3029 724 3211 794 φίλον
3253 721 3354 774 καὶ
3402 720 3471 772 ἐν
3506 719 3651 784 τούτῳ

2121 829 2331 890 ἐκείνῳ
2385 823 2596 878 ποιεῖν·
2649 821 2744 876 καὶ
2795 817 3171 892 προστίθησιν,
3205 814 3294 868 ὅτι
3339 811 3463 866 οὐδ’
3496 811 3651 875 ἔξεστι

2122 918 2402 990 τιμᾶσθαί
2447 933 2561 970 τινι
2610 912 2656 980 ᾧ
2694 912 2780 983 μὴ
2825 910 2896 976 ἐξ
2943 909 3178 964 ἐκείνου
3220 906 3397 959 τοῦτο
3443 902 3652 957 δέδοται.

2123 1014 2276 1066 Διότι
2319 1007 2504 1079 τιμῶν
2562 1025 2653 1073 τις
2697 1005 2794 1060 καὶ
2842 1002 3056 1066 σέϐων,
3098 1000 3252 1071 φησὶ,
3291 997 3434 1063 τοὺς
3466 994 3654 1049 ἐκείνου

2122 1103 2373 1167 πάντας,
2403 1103 2474 1155 οὑ
2508 1097 2693 1152 λυπεῖ
2714 1097 2822 1151 τὸν
2855 1095 3020 1158 Θεὸν,
3055 1089 3126 1149 οὗ
3165 1091 3387 1155 πάντες
3414 1090 3572 1141 εἰσίν.

2192 1197 2419 1266 Ἴδωμεν
2447 1193 2511 1264 δὴ
2546 1191 2658 1263 πρὸ,
2680 1191 2786 1244 τῶν
2815 1189 2959 1258 ἑξῆς,
2991 1190 3038 1241 εἰ
3066 1186 3139 1258 μὴ
3173 1183 3410 1253 εὐλόγως
3444 1181 3654 1252 67:06:16-

2123 1290 2262 1362 μεθα.
2279 1289 2398 1361 τὴν,
2440 1285 2647 1351 Οὐδεὶς
2667 1285 2914 1338 δύναται
2937 1279 3076 1334 δυσὶ
3108 1279 3337 1346 κυρίοις
3361 1274 3649 1335 δουλεύειν,

2119 1383 2330 1452 φωνήν,
2358 1374 2392 1454 ᾖ
2422 1377 2738 1447 ἐπιφέρεται
2770 1378 2861 1440 τὸ,
2893 1375 2971 1427 Ἢ
3004 1371 3112 1440 γὰρ
3145 1368 3251 1422 τὸν
3289 1368 3400 1420 ἕνα
3429 1364 3653 1435 μισήσει,

2117 1472 2216 1525 καὶ
2262 1471 2368 1524 τὸν
2410 1469 2614 1536 ἕτερον
2644 1463 2959 1536 ἀγαπήσειν
2993 1461 3030 1530 ἢ
3069 1459 3207 1525 ἐνὸς
3239 1457 3553 1521 ἀνθέξεται,
3579 1455 3653 1508 καὶ

2117 1564 2222 1618 τοῦ
2260 1562 2468 1630 ἐτέρου
2503 1557 2962 1628 καταφρονήσει.
3013 1554 3122 1608 Καὶ
3168 1551 3299 1622 ἑξῆς
3329 1549 3477 1620 αὐτῴ
3500 1550 3568 1613 τὸ,
3590 1551 3652 1602 Οὐ

2115 1657 2378 1710 δύνασθε
2407 1651 2528 1717 Θεῷ
2565 1650 2880 1704 δουλεύειν
2922 1645 3021 1699 καὶ
3061 1640 3378 1714 μαμμωνᾷ.
3434 1639 3579 1701 Καλεί
3615 1639 3653 1692 δ’

2113 1749 2262 1819 ἡμᾶς
2294 1749 2327 1816 ή
2359 1743 2619 1810 ἀπολογία
2649 1743 2727 1804 είς
2758 1737 3052 1816 βαθύτερον
3097 1752 3221 1789 τινα.
3263 1733 3361 1786 καὶ
3393 1731 3652 1803 ἀπόρρητον

441 1841 525 1893 nis
577 1842 932 1909 qumstionem
989 1852 1358 1910 penetremus.
1417 1843 1583 1897 Docet
1631 1844 1773 1897 enim
1827 1843 2006 1896 divina

2113 1837 2240 1907 περὶ
2266 1836 2401 1889 θεῶν
2433 1836 2527 1888 καὶ
2569 1831 2772 1904 κυρίων
2805 1830 2981 1897 λόγον.
3022 1827 3343 1879 Ἐπίσταται
3386 1824 3491 1894 γὰρ
3514 1823 3541 1893 ἠ
3563 1821 3652 1874 θεία

441 1932 720 2000 Scriptura
771 1950 1020 2001 magnum
1077 1952 1196 1990 esse
1259 1935 1543 1988 Dominum
1601 1950 1712 2003 pra:
1772 1933 2012 1986 omnibus

437 2025 543 2077 diis
567 2025 650 2076 7°:
681 2024 734 2077 in
766 2024 962 2093 quibus
987 2027 1116 2080 deos
1147 2044 1251 2080 non
1280 2026 1634 2097 intelligimus
1663 2025 1802 2090 illos,
1835 2027 1925 2098 qui
1959 2025 2012 2079 in

440 2115 695 2182 gentibus
755 2116 1052 2170 adorantur
1108 2118 1379 2187 (novimus
1419 2132 1656 2185 namque
1685 2135 1859 2171 omnes
1889 2118 2012 2172 deos

437 2209 670 2276 gentium
721 2222 843 2262 esse
900 2209 1162 2264 dtemonia
1192 2208 1322 2281 '7);
1374 2210 1465 2264 sed
1513 2211 1662 2274 deos,
1697 2211 1761 2264 de
1785 2227 2012 2279 quorum

437 2315 712 2368 synagoga
752 2300 1081 2368 prophetica:
1113 2301 1308 2355 litterae
1337 2302 1543 2355 faciunt
1575 2303 1932 2364 mentionem,
1959 2312 2014 2357 et

439 2405 711 2442 summum
737 2391 929 2456 Deum,
959 2393 1047 2460 qui
1070 2391 1185 2446 illos
1209 2393 1562 2462 dijudicat,et
1583 2409 1769 2446 eorum
1798 2396 2012 2448 unicui-

440 2495 544 2548 que
575 2496 769 2534 munus
800 2483 1078 2551 proprium
1121 2483 1383 2552 assignat.
1427 2484 1560 2538 Nam
1594 2485 1733 2538 Deus
1767 2488 1908 2539 stetit
1956 2487 2010 2540 in

438 2584 708 2637 synagoga
740 2574 980 2636 deorunt,
1043 2572 1096 2626 in
1147 2574 1319 2627 medio
1358 2586 1532 2628 autem
1571 2577 1698 2629 deos
1747 2577 2013 2646 dijudica-

440 2662 510 2711 bit
535 2661 603 2717 ⁷⁸.
635 2661 774 2717 Deus
800 2666 940 2718 enim
977 2675 1062 2718 est
1093 2671 1309 2719 deorum
1366 2667 1620 2722 Dominus
1668 2669 1760 2738 qui
1793 2685 1887 2738 per
1921 2668 2012 2723 Fi-

439 2749 568 2802 lium
600 2755 794 2806 vocavit
825 2765 1020 2807 terram
1047 2773 1078 2808 a
1102 2755 1229 2809 solis
1262 2769 1382 2810 ortu
1402 2775 1563 2827 usque
1584 2759 1652 2812 ad
1685 2762 2007 2817 occasum”.

435 2841 699 2899 iubemur
728 2847 896 2901 etiam
929 2847 1040 2901 Deo
1068 2849 1287 2903 deorum
1331 2851 1574 2920 conﬁteri
1602 2852 1648 2883 ⁸ο
1679 2871 1693 2906 :
1724 2853 2012 2908 didicimus

437 2945 695 3001 praeterea
712 2935 877 2991 Deum
903 2955 1004 2992 non
1030 2955 1141 2994 esse
1166 2950 1516 3008 mortuorum,
1533 2943 1623 2996 sed
1648 2942 2007 2996 viventium“.

438 3025 624 3096 Neque
664 3028 778 3084 haec
820 3029 933 3084 sola
980 3044 1107 3086 sunt
1146 3032 1199 3086 in
1237 3033 1377 3089 hanc
1419 3047 1530 3088 rem
1564 3015 1704 3100 loca,
1753 3045 2008 3090 sexcenta

437 3117 542 3172 alia
571 3119 763 3174 referri
793 3135 1030 3191 possent.

504 3211 559 3265 4.
591 3211 800 3266 Similia
826 3216 892 3268 de
918 3214 1144 3270 Domino
1177 3217 1521 3272 dominorum
1550 3217 1827 3288 inquirere
1849 3218 2012 3292 746

435 3313 492 3358 et
539 3320 732 3374 sapere
783 3321 878 3360 nos
912 3306 1110 3362 docent
1159 3309 1353 3363 divina:
1404 3309 1620 3364 litterae.
1670 3309 1823 3364 Nunc
1863 3314 2008 3366 enim

434 3402 588 3454 aiunt
612 3417 624 3452 :
651 3400 984 3470 Con/itemini
1011 3403 1116 3456 Deo
1140 3405 1381 3466 deorum,
1401 3405 1650 3474 quoniam
1674 3407 1730 3458 in
1757 3406 2009 3460 saeculum

434 3493 800 3544 misericordia
833 3493 982 3561 ejus;
1019 3494 1339 3553 confitemini
1376 3495 1601 3548 Domino
1628 3497 1963 3551 dominorum
1989 3540 2007 3563 ,

435 3586 683 3649 quoniam
709 3585 760 3636 in
789 3585 1041 3639 sa’culum
1070 3587 1432 3639 misericordia
1452 3587 1563 3655 ejus
1579 3587 1818 3651 °';nunc
1847 3605 2005 3644 vero:

434 3673 531 3727 Est
574 3676 716 3730 Deus
755 3675 869 3731 Rea:
908 3693 1085 3746 regum
1130 3689 1176 3730 et
1226 3678 1479 3732 Dominus
1524 3681 1913 3733 dominantium
1937 3681 2006 3734 ⁸³.

436 3766 598 3821 Novit
631 3768 797 3822 etiam
831 3767 1117 3836 Scriptura
1157 3770 1285 3824 deos
1331 3770 1422 3839 qui
1458 3771 1593 3826 tales
1633 3782 1758 3826 sunt
1786 3775 2006 3827 nomine

436 3871 615 3924 tenus,
647 3871 702 3914 et
725 3862 854 3915 deos
880 3861 972 3930 qui
1005 3876 1194 3916 revera
1217 3873 1361 3924 sunt,
1389 3863 1503 3917 sive
1534 3878 1728 3918 nomen
1751 3865 2006 3929 ba‘beant,

431 3953 549 4007 sive
580 3969 708 4008 non.
740 3953 885 4008 Idem
919 3955 984 4008 de
1008 3954 1244 4008 dominis
1270 3956 1362 4024 qui
1391 3965 1517 4008 sunt
1547 3964 1600 4010 et
1633 3956 1724 4024 qui
1754 3973 1858 4012 non
1884 3969 2008 4013 sunt

433 4043 628 4097 Paulus
659 4043 736 4097 ait
759 4064 789 4098 -:
831 4043 948 4098 Etsi
971 4047 1204 4114 suntqui
1237 4045 1483 4100 dicantur
1505 4047 1604 4111 dii,
1640 4049 1747 4102 sive
1777 4050 1832 4102 in
1856 4048 2004 4115 caelo,

425 4136 534 4188 sive
580 4137 636 4190 in
681 4147 846 4198 terra,
881 4149 936 4190 ut
965 4150 1086 4191 sunt
1129 4139 1404 4193 dii‘multi
1446 4150 1494 4195 et
1537 4142 1740 4196 domini
1769 4144 2001 4199 inulti“.

427 4226 632 4282 Deinde
661 4229 914 4296 quoniam
939 4231 1081 4286 Deus
1110 4232 1335 4286 deorum
1367 4248 1462 4301 per
1490 4232 1674 4289 Jesum
1703 4239 1771 4292 ab
1794 4240 2006 4294 oriente

424 4327 478 4370 et
512 4333 712 4374 occasu
737 4331 895 4375 vocat
917 4337 1054 4392 quos
1089 4323 1199 4376 vult
1230 4325 1296 4379 ad
1328 4342 1480 4380 suam
1514 4328 1887 4383 bmreditatem
1912 4371 1926 4394 ,
1953 4340 2006 4384 et

423 4406 682 4464 Christus
717 4410 832 4476 Dei,
868 4413 958 4480 qui
991 4423 1075 4467 est
1101 4413 1385 4483 Dominus,
1424 4417 1548 4473 inde
1575 4433 1634 4473 se
1666 4420 1862 4488 probat
1887 4436 2006 4474 orn-

2116 1929 2306 2002 Γραφὴ
2333 1927 2443 1980 τὸν
2467 1926 2659 1996 μέγαν
2683 1918 2822 1976 εἶναι
2847 1923 3065 1989 Κύριον
3101 1917 3262 1987 παρὰ
3289 1917 3516 1981 πάντας
3546 1915 3652 1979 τοὺς

2116 2024 2304 2088 θεούς’
2337 2023 2393 2074 ἐν
2428 2016 2506 2082 οἷς
2551 2017 2704 2080 Θεους
2737 2016 2796 2068 οὐ
2821 2015 2946 2076 τοὺς
2966 2009 3474 2083 προσκυνουμένους
3499 2009 3547 2062 ἐν
3566 2009 3650 2070 τοῖς

2115 2112 2342 2176 ἔθνεσιν.
2371 2107 2720 2178 ὲξακούομεν,
2774 2105 2870 2159 ᾰτε
2911 2103 3196 2175 μαθόντες,
3243 2103 3328 2155 ὅτι
3377 2099 3576 2166 πάντες
3608 2103 3648 2152 oi

2115 2205 2234 2257 θεοὶ
2263 2203 2380 2257 τῶν
2411 2199 2599 2256 ἐθνῶν
2630 2199 2922 2268 δαιμόνιιν
2960 2196 3097 2250 ἀλλὰ
3135 2195 3314 2261 Θεοὺς,
3347 2188 3423 2248 ὧν
3452 2190 3545 2247 οἷδὲ
3563 2211 3648 2246 τινα

2113 2296 2475 2366 συναγωγὴν
2506 2298 2534 2348 6
2579 2292 2914 2366 προφητικὸς
2947 2290 3121 2359 λόγος,
3166 2292 3261 2344 καὶ
3302 2289 3395 2342 τὸν
3437 2289 3521 2341 ἐπὶ
3553 2290 3642 2340 πίει

2113 2388 2244 2441 Θεὸν
2271 2387 2492 2452 τούτους
2511 2385 2912 2454 διακρίνοντα,
2931 2384 3025 2438 καὶ
3041 2382 3461 2453 διατασσόμενον
3482 2381 3644 2448 ἑκάστῳ

2112 2483 2172 2534 τὸ
2202 2484 2398 2534 οἰκεῖον
2436 2481 2582 2551 αὐτῷ
2618 2479 2796 2550 ἔργον.
2840 2479 2902 2530 '0
2940 2477 3076 2543 Θεὸς
3106 2476 3216 2548 γὰρ
3243 2476 3398 2543 ἔστη
3421 2475 3487 2528 ἑν
3505 2488 3649 2527 συνα-

2111 2573 2272 2643 γωγῇ
2298 2573 2468 2636 θεῶν,
2494 2573 2563 2626 ἐν
2594 2573 2763 2642 μέσῳ
2796 2573 2864 2626 δὲ
2898 2571 3071 2636 θεοὺς
3111 2569 3416 2637 διακρινεῖ.
3451 2567 3547 2620 Καὶ
3567 2565 3648 2634 γάρ

2113 2668 2226 2719 ἐστι
2243 2664 2386 2730 Θεὸς
2411 2663 2559 2718 θεῶν
2575 2665 2808 2732 Κύριος,
2838 2664 2896 2727 ὃς
2915 2663 3004 2716 διὰ
3024 2660 3116 2715 τοῦ
3140 2659 3271 2713 Υίοῦ
3301 2659 3542 2712 ἐκάλεσε
3563 2655 3650 2723 τὴν

2114 2757 2229 2827 γῆν
2243 2756 2361 2811 ἀπὸ
2377 2754 2688 2810 ἀνατολῶν
2704 2757 2809 2824 ήλί
2811 2773 2882 2808 ου
2897 2755 3006 2821 ἕως
3019 2752 3288 2823 δυσμῶν.
3305 2753 3414 2805 Καὶ
3427 2765 3652 2823 προστασ-

2113 2849 2318 2921 σόμεθα
2335 2847 2820 2921 ἐξομολογεῖσθαι
2844 2845 2924 2912 τῷ
2953 2845 3074 2912 Θεῷ
3097 2845 3216 2899 τῶν
3238 2843 3408 2898 θεῶν·
3438 2842 3651 2914 μαθόντες

2111 2917 2205 2996 καί.
2235 2945 2317 3008 τὸ,
2360 2942 2421 2995 Ὁ
2440 2917 2450 2919 ἡ
2472 2939 2614 3007 Θεὸς
2643 2917 2915 2994 οὺκ⁹ἕστι
2958 2936 3206 3006 νεκρῶν,
3236 2936 3400 2990 ἀλλὰ
3423 2934 3645 3011 ⁸ζἰίινινιινν.

2114 3036 2291 3106 "Amp
2321 3034 2385 3107 δὴ
2409 3035 2625 3103 λέγεται
2648 3033 2707 3085 οὐ
2742 3033 2904 3103 μόνον
2931 3030 3018 3084 διὰ
3047 3029 3155 3083 τῶν
3182 3028 3525 3098 ἐκκειμένων,
3547 3023 3653 3078 ἀλλὰ

2113 3129 2207 3182 καὶ
2231 3128 2299 3182 δι’
2329 3128 2506 3182 ἄλλων
2541 3125 2769 3197 μυρίων.

2184 3220 2420 3274 Τοιαῦτα
2464 3221 2518 3274 δὲ
2574 3219 2666 3271 καὶ
2713 3217 2842 3288 περὶ
2889 3214 3093 3285 Κυρίου
3122 3212 3328 3285 κυρίων
3356 3211 3653 3265 διδάσκουσιν

2113 3316 2258 3385 ἡμᾶς
2287 3311 2557 3378 ἐξετάζειν
2595 3311 2687 3364 καὶ
2719 3309 2934 3379 φρονεῖν
2970 3308 3019 3360 οἱ
3051 3304 3186 3358 Οεῖοι
3217 3304 3398 3373 Λόγοι·
3429 3304 3549 3356 ὅπου
3575 3301 3652 3371 μὲν

2111 3405 2374 3474 λέγοντες,
2408 3400 2896 3472 Ἐξομολογεῖσθε
2916 3398 2994 3469 τῷ
3019 3397 3141 3464 Θεῷ
3164 3396 3282 3450 τῶν
3301 3395 3469 3462 θεῶν,
3491 3395 3569 3447 ὅτι
3586 3395 3655 3457 εὶς

2112 3499 2216 3551 τὸν
2241 3496 2424 3549 αἰῶνα
2448 3495 2514 3549 τὸ
2545 3494 2718 3560 ἕλεος
2745 3492 2948 3550 αὑτοῦ·
2979 3489 3437 3560 ἐξομολογεῖσθε
3474 3486 3543 3553 τῷ
3561 3490 3657 3541 Κυ-

2102 3592 2212 3660 ρίῳ
2241 3589 2358 3643 τῶν
2383 3589 2623 3657 κυρίων,
2643 3586 2730 3640 ὅτι
2752 3588 2840 3652 είς
2861 3585 2968 3639 τὸν
2988 3584 3173 3638 αἰῶνα
3199 3583 3267 3637 τὸ
3293 3586 3460 3648 ἕλεος
3477 3578 3653 3634 αὐτοῦ’

2109 3687 2240 3738 ὅπου
2282 3680 2364 3747 δὲ,
2399 3682 2526 3734 Ὅτι
2564 3679 2733 3733 ἐστιν
2773 3683 2805 3733 ὁ
2849 3677 2994 3743 Θεὸς
3031 3677 3334 3743 Βασιλεὺς
3365 3675 3478 3730 τῶν
3499 3674 3654 3738 ,ϐασιο

2107 3777 2428 3837 λευόντων,
2461 3773 2558 3826 καὶ
2602 3773 2816 3840 Κύριος
2852 3769 2973 3822 τῶν
3011 3770 3430 3837 κυριευόντων.
3467 3761 3574 3820 Οἵδε
3610 3763 3657 3816 δὲ

2107 3871 2136 3921 6
2166 3868 2332 3936 Λόγος
2359 3865 2514 3928 θεοὺς
2544 3865 2671 3926 τοὺς
2698 3863 2795 3934 μέν
2823 3879 2976 3925 τινας
2995 3858 3343 3932 λεγομένους,
3372 3861 3494 3922 τοὺς
3510 3858 3561 3910 δὲ
3578 3853 3659 3910 καὶ

2107 3960 2286 4025 ὄντας,
2311 3957 2420 4011 εἴτε
2453 3955 2776 4026 λεγομένους
2805 3955 2914 4006 εἴτε
2941 3957 3034 4026 μή·
3070 3943 3129 4006 τὶ
3160 3954 3204 4006 δ’
3245 3953 3382 4006 αὐτὸ
3423 3949 3660 4004 διδάσκων

2108 4051 2202 4104 καὶ
2233 4051 2359 4121 περὶ
2390 4049 2593 4120 κυρίων
2621 4046 2730 4100 τῶν
2771 4046 2938 4099 ὄντων
2964 4047 3058 4100 καὶ
3092 4046 3188 4118 μὴ,
3210 4047 3362 4114 λέγει
3398 4048 3426 4099 6
3453 4042 3656 4103 Παῦλος

2108 4141 2213 4194 Καὶ
2240 4141 2349 4209 γὰρ
2381 4141 2547 4207 εἴπερ
2577 4138 2694 4192 εισι
2723 4140 3033 4208 λεγόμενοι
3062 4139 3206 4201 θεοὶ,
3233 4137 3338 4191 εἴτ’
3359 4137 3427 4189 ἐν
3452 4130 3660 4202 cup-emi:

2105 4233 2209 4286 εἴτ’
2239 4232 2333 4284 ἐπὶ
2365 4231 2496 4302 γῆς·
2531 4229 2733 4297 ὥσπερ
2759 4231 2877 4284 εἰσὶ
2917 4228 3038 4284 θεοί
3079 4231 3321 4290 πολλοὶ.
3360 4228 3456 4281 καὶ
3493 4228 3661 4292 κύριοι

2105 4325 2340 4379 πολλοί.
2389 4320 2498 4378 Εἶτ’
2528 4323 2650 4377 ἐπεὶ
2677 4325 2704 4376 6
2728 4322 2836 4375 τῶν
2868 4323 3004 4375 Θεῶν
3027 4321 3160 4386 Θεὸς
3184 4321 3340 4376 καλεί
3369 4322 3460 4373 ἀπ’
3490 4321 3663 4372 ἀνατο-

2104 4417 2209 4471 λῶν
2240 4417 2330 4469 καὶ
2365 4413 2582 4486 δυσμῶν
2617 4415 2708 4467 ἐπὶ
2746 4413 2843 4486 τὴν
2877 4415 3069 4468 ἑαυτοῦ
3102 4414 3294 4486 μερίδα
3323 4413 3410 4466 διὰ
3430 4411 3516 4464 τοῦ
3569 4411 3663 4477 Ἰη-

423 4497 586 4554 nibus
625 4500 1035 4557 dominantibus
1065 4516 1351 4574 prazstare,
1385 4511 1530 4578 quod
1577 4512 1628 4565 in
1659 4513 1900 4566 onmium
1935 4513 2000 4566 li-

2113 4509 2200 4562 ςοῦ
2244 4508 2336 4572 οὓς
2372 4508 2636 4578 βούλεται*
2667 4507 2870 4578 Κύριος
2907 4507 2963 4559 δὲ
2989 4506 3064 4558 ὣν
3092 4512 3120 4558 6
3149 4507 3382 4577 Χριστὸς
3419 4501 3509 4557 τοῦ
3540 4498 3662 4553 Θεοῦ

420 4605 518 4645 nes
542 4595 870 4662 pervaserit,
905 4605 957 4648 et
991 4611 1055 4650 ex
1088 4600 1331 4654 omnium
1371 4602 1569 4658 ﬁnibus
1622 4605 1869 4661 subditos
1898 4607 2000 4661 sibi

419 4683 714 4751 :isciverit,
767 4686 973 4740 idcirco
1007 4687 1206 4745 Paulus
1254 4704 1379 4761 post
1429 4697 1590 4750 modo
1641 4707 1940 4752 memorata
1981 4716 1997 4752 :

355 4837 365 4852 ι
419 4773 526 4827 Sed
558 4778 727 4841 nobis,
760 4777 956 4848 inquit,
1007 4797 1144 4834 unus
1182 4781 1319 4838 Deus
1355 4784 1515 4841 Pater
1543 4804 1618 4841 ειυ-
1651 4807 1754 4860 quo
1796 4792 1994 4855 omnia,

415 4875 464 4914 et
489 4881 624 4920 unus
654 4865 915 4923 Dominus
943 4869 1102 4925 Jesus
1137 4871 1376 4929 Christus
1407 4895 1500 4946 per
1525 4895 1674 4947 quem
1705 4882 1913 4948 omnia,
1948 4894 1994 4935 et

419 4969 511 5005 nos
537 4970 628 5021 per
655 4955 827 5024 ipsum
857 4958 924 5012 ⁸⁵.
954 4958 1021 5013 Et
1061 4975 1184 5014 cum
1226 4962 1330 5019 hoc
1368 4967 1484 5020 loco
1515 4969 1832 5024 admirabile
1862 4973 1990 5040 quid

417 5054 474 5097 ct
503 5059 761 5100 arcanum
803 5052 1162 5121 prospiceret,
1206 5057 1394 5112 addit:
1431 5057 1535 5113 Sed
1572 5077 1677 5114 non
1713 5063 1770 5115 in
1817 5066 1991 5116 omni-

415 5134 511 5188 bus
533 5149 604 5190 est
628 5139 847 5193 scientia
863 5141 930 5194 ⁸⁸.
969 5141 1102 5200 Cum
1133 5157 1316 5202 autem
1351 5151 1483 5205 dicit
1509 5167 1524 5204 :
1549 5150 1656 5206 Sed
1681 5155 1829 5207 nobis
1852 5172 1988 5210 unus

412 5223 559 5280 Deus
598 5229 779 5296 Pater,
826 5249 890 5287 ea:
917 5251 1023 5304 quo
1057 5241 1275 5304 omnia;
1338 5253 1386 5296 et
1437 5261 1574 5297 unus
1609 5245 1865 5302 Dominus
1891 5247 1987 5302 Je—

415 5332 506 5369 sus
541 5317 779 5376 Christus
803 5341 897 5393 per
924 5343 1075 5396 quem
1107 5331 1306 5399 omnia,
1346 5333 1448 5388 hac
1476 5350 1612 5392 voce
1640 5338 1789 5392 nobis
1819 5339 1989 5408 signi-

485 5453 532 5486 ⁷⁸
558 5455 746 5511 Matth.
777 5475 850 5521 vr,
884 5463 975 5519 24,

411 5538 612 5607 cxxxv,
644 5526 739 5607 2.__
879 5533 1068 5607 Matth.
1121 5556 1258 5607 εχει,
1303 5526 1392 5600 δέ.

415 5609 536 5660 nn,
567 5598 620 5648 6.
695 5597 742 5628 ⁸⁸
779 5599 935 5666 lbid.,
973 5605 1024 5658 7.
1245 5597 1258 5607 ’

483 5738 594 5831 (⁸1.5)
629 5737 898 5831 ξιωςοιοιιθιι.
928 5757 995 5831 et‘
1019 5747 1276 5831 SECI'ISBDI‘.
1361 5754 1417 5818 ἐξ
1465 5748 1525 5807 οὗ
1557 5756 1624 5808 τὰ
1656 5759 1830 5810 πάντα
1864 5758 1980 5831 [καὶ

412 5803 573 5878 ἡμεῖς
597 5811 675 5873 είς
705 5810 886 5884 αὐτον]
915 5816 1004 5867 καὶ
1035 5815 1111 5879 εἷς
1141 5817 1359 5890 Κύριος.
1386 5803 1452 5879 Ᾰι
1484 5828 1534 5881 in
1564 5829 1816 5884 omnibus
1845 5803 1977 5888 mss.

1065 5469 1112 5500 ⁷⁸
1144 5470 1286 5526 Psal.
1318 5491 1462 5543 xcvr,
1491 5479 1544 5530 9.
1621 5480 1664 5509 ⁷⁷
1699 5479 1842 5534 Psal.
1886 5497 2006 5541 xcv,
2037 5480 2088 5533 5.

1486 5548 1530 5578 δ’
1564 5548 1705 5605 Psal.
1740 5565 1939 5618 cxxxv,
1976 5553 2036 5618 ‘2,
2062 5552 2114 5604 5.

2107 4602 2375 4656 δείκνυσιν
2417 4600 2482 4652 δι’
2511 4593 2584 4652 ὧν
2615 4598 2785 4666 ἐπέϐη
2817 4601 2930 4662 τοῖς
2967 4599 3185 4651 πάντων
3217 4600 3385 4669 ὁρίοις
3427 4598 3517 4663 καὶ
3543 4593 3666 4665 πρὸς

2106 4692 2298 4747 ἑαυτὸν
2339 4691 2447 4744 ἀπὸ
2486 4690 2700 4743 πάντων
2744 4689 2906 4760 ὁρίων
2953 4689 3138 4751 καλεῖ,
3180 4691 3264 4742 ὅτι
3300 4690 3415 4742 ἐστὶ
3462 4687 3662 4741 πάντων

2103 4783 2462 4856 κυριευόντων
2491 4781 2779 4852 διαφέρων,
2811 4779 2898 4833 διὰ
2925 4779 3083 4833 τοῦτο
3113 4779 3288 4834 ταῦτα.
3323 4780 3663 4848 ἐπιστάμενος

2099 4879 2127 4929 6
2157 4875 2368 4940 Παῦλὸς
2417 4890 2548 4946 φησι
2591 4872 2712 4944 μεθ’
2749 4872 2785 4926 δι
2833 4871 3173 4944 παρεθέμηνο
3215 4873 3372 4927 Ἀλλ’
3417 4870 3556 4940 ἡμῖν
3583 4861 3663 4930 εἷς

2101 4970 2244 5034 Θεὸς
2272 4971 2304 5021 ό
2331 4967 2553 5035 Πατὴρ,
2577 4966 2646 5030 ἐξ
2675 4962 2746 5021 οὗ
2774 4966 2844 5020 τὰ
2867 4965 3082 5028 πάντα,
3107 4967 3206 5020 καὶ
3233 4961 3319 5032 εἷς
3335 4967 3539 5033 Κύριος
3558 4959 3659 5029 (15)

2105 5057 2338 5126 Ἰησοῦς
2362 5057 2634 5126 Χριστὸς,
2672 5056 2746 5110 δι’
2784 5052 2854 5112 οὗ
2877 5057 2950 5110 τὰ
2990 5055 3208 5120 πάντα,
3249 5056 3349 5110 καὶ
3396 5052 3561 5122 ἡμεῖς
3592 5047 3661 5100 δι’

2091 5153 2296 5208 αὐτοῦ.
2331 5151 2561 5224 Θεωρῶν
2586 5168 2647 5204 τε
2687 5151 2987 5222 θαυμάσιόν
3027 5169 3148 5204 τινα
3187 5153 3281 5204 καὶ
3331 5141 3660 5222 μυστηριώδη

2090 5245 2247 5314 λόγον
2296 5244 2437 5298 κατὰ
2480 5245 2567 5298 τὸν
2599 5243 2762 5296 τόπον
2809 5243 3057 5314 ἐπιφέρει
3101 5243 3302 5306 αὐτοῖς’
3358 5238 3510 5294 Ἀλλ’
3556 5234 3658 5286 οὖλε

2089 5339 2160 5392 ἐν
2195 5336 2384 5392 πᾶσιν
2406 5338 2444 5405 ἠ
2470 5334 2710 5407 γνῶσις.
2755 5334 2921 5388 Ἐπεὰν
2944 5333 3001 5386 δὲ
3029 5334 3180 5406 λέγῃ·
3224 5334 3380 5388 Ἀλλ’
3412 5328 3554 5399 ἡμῖν
3577 5318 3657 5386 εἷς

3431 5469 3473 5502 ⁸⁸
3508 5463 3649 5520 Psal.

3414 5541 3456 5573 ⁸³
3479 5530 3644 5595 lCor.

2826 5477 2872 5508 ⁷³
2921 5475 3063 5530 Psal.
3110 5491 3253 5535 χιιι,
3287 5476 3335 5528 1.

2817 5546 2864 5578 ⁸⁸
2909 5545 2931 5600 1
2960 5546 3089 5602 Cor.
3125 5561 3241 5613 vni,
3270 5546 3322 5600 5.

2190 5482 2236 5511 ⁷³
2278 5479 2423 5532 Psul.
2458 5493 2644 5535 unt.
2675 5477 2731 5532 Ι.

2213 5551 2260 5582 ⁸³
2286 5551 2305 5604 l
2336 5551 2475 5604 Tim.
2512 5565 2583 5615 vr,
2619 5547 2709 5602 15.

2091 5761 2448 5834 desitleratur
2479 5763 2572 5816 καὶ
2615 5766 2779 5834 ἡμεῖς
2824 5765 2902 5828 εἰς
2950 5764 3134 5829 αὐτόν,
3163 5765 3302 5834 quod
3345 5760 3540 5818 idcirco
3589 5749 3641 5806 in

2091 5831 2364 5901 prioribus
2392 5831 2719 5890 editionibus
2749 5836 2873 5891 unci
2904 5831 3208 5891 includunt.
