  <div class='ocr_page' id='page_1' title='image "/cluster/home/n/w/nwhite01/storage/ocr_20150623/11/hvd.32044024345175/770.png"; bbox 0 0 3846 6406; ppageno 0'>
   <div class='ocr_carea' id='block_1_1' title="bbox 76 273 188 328">
    <p class='ocr_par' dir='ltr' id='par_1_1' title="bbox 76 273 188 328">
     <span class='ocr_line' id='line_1_1' title="bbox 76 273 188 328; baseline -0.018 0"><span class='ocrx_word' id='word_1_1' title='bbox 76 275 95 328; x_wconf 75' lang='lat' dir='ltr'><strong>i</strong></span> <span class='ocrx_word' id='word_1_2' title='bbox 103 273 188 327; x_wconf 70' lang='lat'><strong>529</strong></span> 
     </span>
    </p>
   </div>
   <div class='ocr_carea' id='block_1_2' title="bbox 1224 268 2149 329">
    <p class='ocr_par' dir='ltr' id='par_1_2' title="bbox 1224 268 2149 329">
     <span class='ocr_line' id='line_1_2' title="bbox 1224 268 2149 329; baseline 0.001 -5"><span class='ocrx_word' id='word_1_3' title='bbox 1224 268 1500 324; x_wconf 80' lang='lat' dir='ltr'><strong>CONTRA</strong></span> <span class='ocrx_word' id='word_1_4' title='bbox 1532 271 1813 329; x_wconf 76' lang='lat' dir='ltr'><strong>CELSUM</strong></span> <span class='ocrx_word' id='word_1_5' title='bbox 1849 271 1977 328; x_wconf 76' lang='lat' dir='ltr'><strong>Lm.</strong></span> <span class='ocrx_word' id='word_1_6' title='bbox 2013 269 2149 325; x_wconf 81' lang='lat' dir='ltr'><strong>Vill.</strong></span> 
     </span>
    </p>
   </div>
   <div class='ocr_carea' id='block_1_3' title="bbox 3187 272 3345 328">
    <p class='ocr_par' dir='ltr' id='par_1_3' title="bbox 3187 272 3345 328">
     <span class='ocr_line' id='line_1_3' title="bbox 3187 272 3345 328; baseline 0.013 -2"><span class='ocrx_word' id='word_1_7' title='bbox 3187 272 3345 328; x_wconf 77' lang='grc'><strong>1550,</strong></span> 
     </span>
    </p>
   </div>
   <div class='ocr_carea' id='block_1_4' title="bbox 73 383 1592 461">
    <p class='ocr_par' dir='ltr' id='par_1_4' title="bbox 73 384 1592 458">
     <span class='ocr_line' id='line_1_4' title="bbox 73 384 1592 458; baseline 0.002 -19"><span class='ocrx_word' id='word_1_8' title='bbox 73 409 133 452; x_wconf 74' lang='grc' dir='ltr'><strong>ες</strong></span> <span class='ocrx_word' id='word_1_9' title='bbox 169 387 383 452; x_wconf 77' lang='grc' dir='ltr'>πέλαγος</span> <span class='ocrx_word' id='word_1_10' title='bbox 415 385 682 457; x_wconf 73' lang='grc' dir='ltr'>φλυαρίας</span> <span class='ocrx_word' id='word_1_11' title='bbox 707 384 964 457; x_wconf 74' lang='grc' dir='ltr'>ἐμπεσὼν</span> <span class='ocrx_word' id='word_1_12' title='bbox 996 387 1286 442; x_wconf 85' lang='grc' dir='ltr'>ἀναλαϐεῖν</span> <span class='ocrx_word' id='word_1_13' title='bbox 1319 389 1410 442; x_wconf 83' lang='grc' dir='ltr'><strong>τὸν</strong></span> <span class='ocrx_word' id='word_1_14' title='bbox 1448 389 1592 458; x_wconf 70' lang='grc' dir='ltr'>λόγοι</span> 
     </span>
    </p>
   </div>
   <div class='ocr_carea' id='block_1_5' title="bbox 1707 383 3316 461">
    <p class='ocr_par' dir='ltr' id='par_1_5' title="bbox 1734 383 3316 461">
     <span class='ocr_line' id='line_1_5' title="bbox 1734 383 3316 461; baseline -0.001 -17"><span class='ocrx_word' id='word_1_15' title='bbox 1734 401 1962 461; x_wconf 81' lang='lat' dir='ltr'><strong>cogetur</strong></span> <span class='ocrx_word' id='word_1_16' title='bbox 1992 397 2241 456; x_wconf 89' lang='lat' dir='ltr'><strong>repetere</strong></span> <span class='ocrx_word' id='word_1_17' title='bbox 2265 400 2387 454; x_wconf 85' lang='lat' dir='ltr'><strong>quae</strong></span> <span class='ocrx_word' id='word_1_18' title='bbox 2418 385 2554 439; x_wconf 80' lang='lat' dir='ltr'><strong>dixit</strong></span> <span class='ocrx_word' id='word_1_19' title='bbox 2589 393 2643 439; x_wconf 92' lang='lat' dir='ltr'><strong>et</strong></span> <span class='ocrx_word' id='word_1_20' title='bbox 2677 383 2785 451; x_wconf 89' lang='lat' dir='ltr'><strong>jam</strong></span> <span class='ocrx_word' id='word_1_21' title='bbox 2817 394 3017 438; x_wconf 81' lang='lat' dir='ltr'><strong>statuta</strong></span> <span class='ocrx_word' id='word_1_22' title='bbox 3049 395 3316 446; x_wconf 82' lang='lat' dir='ltr'><strong>evertere.</strong></span> 
     </span>
    </p>
   </div>
   <div class='ocr_carea' id='block_1_6' title="bbox 71 476 1622 551">
    <p class='ocr_par' dir='ltr' id='par_1_6' title="bbox 71 476 1622 551">
     <span class='ocr_line' id='line_1_6' title="bbox 71 476 1622 551; baseline -0.001 -16"><span class='ocrx_word' id='word_1_23' title='bbox 71 484 144 535; x_wconf 73' lang='lat' dir='ltr'><strong>ml.</strong></span> <span class='ocrx_word' id='word_1_24' title='bbox 157 479 395 545; x_wconf 80' lang='grc' dir='ltr'>ἀθετῆσαι</span> <span class='ocrx_word' id='word_1_25' title='bbox 416 476 485 529; x_wconf 75' lang='grc' dir='ltr'>τὰ</span> <span class='ocrx_word' id='word_1_26' title='bbox 505 478 800 550; x_wconf 79' lang='grc' dir='ltr'>εἰρημένα·</span> <span class='ocrx_word' id='word_1_27' title='bbox 829 478 860 548; x_wconf 85' lang='grc' dir='ltr'>ἢ</span> <span class='ocrx_word' id='word_1_28' title='bbox 894 477 966 549; x_wconf 82' lang='grc' dir='ltr'><strong>μὴ</strong></span> <span class='ocrx_word' id='word_1_29' title='bbox 994 478 1251 551; x_wconf 74' lang='grc' dir='ltr'><strong>φλυαρεῖν</strong></span> <span class='ocrx_word' id='word_1_30' title='bbox 1281 479 1471 542; x_wconf 88' lang='grc' dir='ltr'>θέλων,</span> <span class='ocrx_word' id='word_1_31' title='bbox 1494 483 1622 550; x_wconf 77' lang='grc' dir='ltr'>ὁμοο</span> 
     </span>
    </p>
   </div>
   <div class='ocr_carea' id='block_1_7' title="bbox 71 565 1614 639">
    <p class='ocr_par' dir='ltr' id='par_1_7' title="bbox 71 565 1614 639">
     <span class='ocr_line' id='line_1_7' title="bbox 71 565 1614 639; baseline -0.001 -15"><span class='ocrx_word' id='word_1_32' title='bbox 71 574 233 639; x_wconf 69' lang='grc' dir='ltr'>λογεῐν,</span> <span class='ocrx_word' id='word_1_33' title='bbox 251 570 327 620; x_wconf 81' lang='grc' dir='ltr'>ὅτι</span> <span class='ocrx_word' id='word_1_34' title='bbox 349 565 470 619; x_wconf 76' lang='grc' dir='ltr'>οὔτε</span> <span class='ocrx_word' id='word_1_35' title='bbox 487 568 520 638; x_wconf 77' lang='grc' dir='ltr'>ἦ</span> <span class='ocrx_word' id='word_1_36' title='bbox 530 585 674 636; x_wconf 87' lang='grc' dir='ltr'>ρωας</span> <span class='ocrx_word' id='word_1_37' title='bbox 693 567 817 620; x_wconf 78' lang='grc' dir='ltr'>οὔτε</span> <span class='ocrx_word' id='word_1_38' title='bbox 833 568 1100 638; x_wconf 79' lang='grc' dir='ltr'><strong>δαιμόνων</strong></span> <span class='ocrx_word' id='word_1_39' title='bbox 1125 568 1289 638; x_wconf 81' lang='grc' dir='ltr'>φύσιν</span> <span class='ocrx_word' id='word_1_40' title='bbox 1306 570 1614 623; x_wconf 74' lang='grc' dir='ltr'>ἐπίσταται.</span> 
     </span>
    </p>
   </div>
   <div class='ocr_carea' id='block_1_8' title="bbox 71 659 1622 731">
    <p class='ocr_par' dir='ltr' id='par_1_8' title="bbox 71 659 1622 731">
     <span class='ocr_line' id='line_1_8' title="bbox 71 659 1622 731; baseline 0 -15"><span class='ocrx_word' id='word_1_41' title='bbox 71 666 141 726; x_wconf 75' lang='grc' dir='ltr'><strong>Εἰς</strong></span> <span class='ocrx_word' id='word_1_42' title='bbox 164 663 212 714; x_wconf 76' lang='grc' dir='ltr'>δὲ</span> <span class='ocrx_word' id='word_1_43' title='bbox 244 663 328 714; x_wconf 85' lang='grc' dir='ltr'><strong>τὸν</strong></span> <span class='ocrx_word' id='word_1_44' title='bbox 361 662 488 731; x_wconf 73' lang='grc' dir='ltr'>περὶ</span> <span class='ocrx_word' id='word_1_45' title='bbox 538 659 839 730; x_wconf 83' lang='grc' dir='ltr'>ἀνθρώπων</span> <span class='ocrx_word' id='word_1_46' title='bbox 879 660 1056 729; x_wconf 85' lang='grc' dir='ltr'>λόγον,</span> <span class='ocrx_word' id='word_1_47' title='bbox 1096 661 1484 731; x_wconf 77' lang='grc' dir='ltr'><strong>βλαπτομένων</strong></span> <span class='ocrx_word' id='word_1_48' title='bbox 1512 661 1622 716; x_wconf 85' lang='grc' dir='ltr'><strong>τῶν</strong></span> 
     </span>
    </p>
   </div>
   <div class='ocr_carea' id='block_1_9' title="bbox 69 751 1622 828">
    <p class='ocr_par' dir='ltr' id='par_1_9' title="bbox 69 751 1622 828">
     <span class='ocr_line' id='line_1_9' title="bbox 69 751 1622 828; baseline -0.003 -18"><span class='ocrx_word' id='word_1_49' title='bbox 69 755 326 828; x_wconf 72' lang='grc' dir='ltr'>προτέρων,</span> <span class='ocrx_word' id='word_1_50' title='bbox 367 753 460 807; x_wconf 81' lang='grc' dir='ltr'>ἐὰν</span> <span class='ocrx_word' id='word_1_51' title='bbox 492 751 720 825; x_wconf 78' lang='grc' dir='ltr'>δουλεύῃ</span> <span class='ocrx_word' id='word_1_52' title='bbox 759 770 844 816; x_wconf 85' lang='grc' dir='ltr'><strong>τις</strong></span> <span class='ocrx_word' id='word_1_53' title='bbox 875 752 1132 825; x_wconf 78' lang='grc' dir='ltr'><strong>δευτέρῳ,</strong></span> <span class='ocrx_word' id='word_1_54' title='bbox 1177 753 1425 807; x_wconf 80' lang='grc' dir='ltr'>λεκτέον·</span> <span class='ocrx_word' id='word_1_55' title='bbox 1460 754 1622 807; x_wconf 83' lang='grc' dir='ltr'>ποίαν</span> 
     </span>
    </p>
   </div>
   <div class='ocr_carea' id='block_1_10' title="bbox 69 844 1620 918">
    <p class='ocr_par' dir='ltr' id='par_1_10' title="bbox 69 844 1620 918">
     <span class='ocr_line' id='line_1_10' title="bbox 69 844 1620 918; baseline 0 -20"><span class='ocrx_word' id='word_1_56' title='bbox 69 848 235 918; x_wconf 58' lang='grc' dir='ltr'>βλάϐην</span> <span class='ocrx_word' id='word_1_57' title='bbox 276 847 406 916; x_wconf 77' lang='grc' dir='ltr'>φησὶ</span> <span class='ocrx_word' id='word_1_58' title='bbox 446 844 692 913; x_wconf 75' lang='grc' dir='ltr'>γίνεσθαι</span> <span class='ocrx_word' id='word_1_59' title='bbox 746 845 822 914; x_wconf 83' lang='grc' dir='ltr'><strong>τῷ</strong></span> <span class='ocrx_word' id='word_1_60' title='bbox 865 845 1115 917; x_wconf 82' lang='grc' dir='ltr'><strong>προτέρῳ</strong></span> <span class='ocrx_word' id='word_1_61' title='bbox 1157 844 1451 918; x_wconf 83' lang='grc' dir='ltr'>ἀνθρώπῳ,</span> <span class='ocrx_word' id='word_1_62' title='bbox 1499 847 1546 897; x_wconf 88' lang='grc' dir='ltr'>εἰ</span> <span class='ocrx_word' id='word_1_63' title='bbox 1591 849 1620 899; x_wconf 85' lang='grc' dir='ltr'><em>ὁ</em></span> 
     </span>
    </p>
   </div>
   <div class='ocr_carea' id='block_1_11' title="bbox 65 940 1316 1013">
    <p class='ocr_par' dir='ltr' id='par_1_11' title="bbox 65 940 1316 1013">
     <span class='ocr_line' id='line_1_11' title="bbox 65 940 1316 1013; baseline -0.003 -17"><span class='ocrx_word' id='word_1_64' title='bbox 65 941 284 996; x_wconf 74' lang='grc' dir='ltr'>ξουλεύων</span> <span class='ocrx_word' id='word_1_65' title='bbox 309 940 459 1012; x_wconf 77' lang='grc' dir='ltr'>αὐτῷ</span> <span class='ocrx_word' id='word_1_66' title='bbox 486 940 758 994; x_wconf 80' lang='grc' dir='ltr'>δουλεύειν</span> <span class='ocrx_word' id='word_1_67' title='bbox 790 940 961 994; x_wconf 79' lang='grc' dir='ltr'>ἐθέλει</span> <span class='ocrx_word' id='word_1_68' title='bbox 993 943 1086 994; x_wconf 73' lang='grc' dir='ltr'>καὶ</span> <span class='ocrx_word' id='word_1_69' title='bbox 1112 942 1316 1013; x_wconf 85' lang='grc' dir='ltr'>ἐτέρῳ;</span> 
     </span>
    </p>
   </div>
   <div class='ocr_carea' id='block_1_12' title="bbox 117 1032 1615 1106">
    <p class='ocr_par' dir='ltr' id='par_1_12' title="bbox 117 1032 1615 1106">
     <span class='ocr_line' id='line_1_12' title="bbox 117 1032 1615 1106; baseline -0.001 -19"><span class='ocrx_word' id='word_1_70' title='bbox 117 1037 166 1088; x_wconf 84' lang='lat' dir='ltr'><strong>Ei</strong></span> <span class='ocrx_word' id='word_1_71' title='bbox 212 1035 302 1104; x_wconf 80' lang='grc' dir='ltr'><strong>μὲν</strong></span> <span class='ocrx_word' id='word_1_72' title='bbox 333 1034 440 1104; x_wconf 83' lang='grc' dir='ltr'><strong>γὰρ</strong></span> <span class='ocrx_word' id='word_1_73' title='bbox 480 1033 559 1097; x_wconf 77' lang='grc' dir='ltr'>ὡς</span> <span class='ocrx_word' id='word_1_74' title='bbox 599 1033 813 1106; x_wconf 78' lang='grc' dir='ltr'>ἰδιώτης</span> <span class='ocrx_word' id='word_1_75' title='bbox 851 1033 997 1101; x_wconf 80' lang='grc' dir='ltr'>λέγει</span> <span class='ocrx_word' id='word_1_76' title='bbox 1031 1033 1123 1086; x_wconf 82' lang='grc' dir='ltr'>καὶ</span> <span class='ocrx_word' id='word_1_77' title='bbox 1144 1033 1470 1103; x_wconf 76' lang='grc' dir='ltr'>ἀφιλόσοφον</span> <span class='ocrx_word' id='word_1_78' title='bbox 1504 1032 1615 1105; x_wconf 63' lang='grc'><strong>(27)</strong></span> 
     </span>
    </p>
   </div>
   <div class='ocr_carea' id='block_1_13' title="bbox 65 1123 1616 1197">
    <p class='ocr_par' dir='ltr' id='par_1_13' title="bbox 65 1123 1616 1197">
     <span class='ocr_line' id='line_1_13' title="bbox 65 1123 1616 1197; baseline -0.001 -19"><span class='ocrx_word' id='word_1_79' title='bbox 65 1125 228 1197; x_wconf 69' lang='grc' dir='ltr'>βλάϐην</span> <span class='ocrx_word' id='word_1_80' title='bbox 256 1123 349 1194; x_wconf 80' lang='grc' dir='ltr'>τὴν</span> <span class='ocrx_word' id='word_1_81' title='bbox 383 1124 514 1193; x_wconf 71' lang='grc' dir='ltr'>περὶ</span> <span class='ocrx_word' id='word_1_82' title='bbox 545 1124 842 1195; x_wconf 87' lang='grc' dir='ltr'>χρημάτων</span> <span class='ocrx_word' id='word_1_83' title='bbox 886 1123 994 1176; x_wconf 86' lang='grc' dir='ltr'><strong>τῶν</strong></span> <span class='ocrx_word' id='word_1_84' title='bbox 1037 1123 1189 1186; x_wconf 78' lang='grc' dir='ltr'>ἐκτὸς</span> <span class='ocrx_word' id='word_1_85' title='bbox 1243 1125 1372 1193; x_wconf 80' lang='grc' dir='ltr'>ἡμῖν</span> <span class='ocrx_word' id='word_1_86' title='bbox 1409 1140 1477 1194; x_wconf 81' lang='grc' dir='ltr'>ση</span> <span class='ocrx_word' id='word_1_87' title='bbox 1490 1141 1616 1193; x_wconf 88' lang='grc' dir='ltr'>μαι-</span> 
     </span>
    </p>
   </div>
   <div class='ocr_carea' id='block_1_14' title="bbox 67 1215 1616 1288">
    <p class='ocr_par' dir='ltr' id='par_1_14' title="bbox 67 1215 1616 1288">
     <span class='ocr_line' id='line_1_14' title="bbox 67 1215 1616 1288; baseline -0.001 -17"><span class='ocrx_word' id='word_1_88' title='bbox 67 1219 264 1288; x_wconf 73' lang='grc' dir='ltr'>νομένων</span> <span class='ocrx_word' id='word_1_89' title='bbox 297 1216 428 1286; x_wconf 66' lang='grc'><strong>(9.8),</strong></span> <span class='ocrx_word' id='word_1_90' title='bbox 465 1216 748 1287; x_wconf 76' lang='grc' dir='ltr'>ἐλεγχθείη</span> <span class='ocrx_word' id='word_1_91' title='bbox 781 1215 846 1270; x_wconf 78' lang='grc' dir='ltr'><strong>ἂν</strong></span> <span class='ocrx_word' id='word_1_92' title='bbox 891 1217 1012 1288; x_wconf 75' lang='grc' dir='ltr'>μηδ’</span> <span class='ocrx_word' id='word_1_93' title='bbox 1060 1217 1357 1287; x_wconf 77' lang='grc' dir='ltr'>ἐπιστήσας</span> <span class='ocrx_word' id='word_1_94' title='bbox 1401 1217 1480 1288; x_wconf 81' lang='grc' dir='ltr'>τῷ</span> <span class='ocrx_word' id='word_1_95' title='bbox 1512 1217 1616 1270; x_wconf 82' lang='grc' dir='ltr'><strong>ὑπὸ</strong></span> 
     </span>
    </p>
   </div>
   <div class='ocr_carea' id='block_1_15' title="bbox 63 1295 1614 1382">
    <p class='ocr_par' dir='ltr' id='par_1_15' title="bbox 63 1295 1614 1382">
     <span class='ocr_line' id='line_1_15' title="bbox 63 1295 1614 1382; baseline 0 -18"><span class='ocrx_word' id='word_1_96' title='bbox 63 1314 336 1382; x_wconf 77' lang='grc' dir='ltr'>Σωκράτους</span> <span class='ocrx_word' id='word_1_97' title='bbox 396 1309 508 1379; x_wconf 73' lang='grc'><strong>(29)</strong></span> <span class='ocrx_word' id='word_1_98' title='bbox 567 1309 746 1372; x_wconf 82' lang='grc' dir='ltr'>καλῶς</span> <span class='ocrx_word' id='word_1_99' title='bbox 801 1295 1072 1381; x_wconf 64' lang='grc' dir='ltr'>εἰρημένῳ</span> <span class='ocrx_word' id='word_1_100' title='bbox 1105 1311 1163 1362; x_wconf 83' lang='grc' dir='ltr'><strong>ἑν</strong></span> <span class='ocrx_word' id='word_1_101' title='bbox 1213 1309 1310 1380; x_wconf 84' lang='grc' dir='ltr'><strong>τῷ,</strong></span> <span class='ocrx_word' id='word_1_102' title='bbox 1360 1309 1490 1378; x_wconf 83' lang='grc' dir='ltr'><strong>Ἐμὲ</strong></span> <span class='ocrx_word' id='word_1_103' title='bbox 1546 1310 1614 1364; x_wconf 78' lang='grc' dir='ltr'>δὲ</span> 
     </span>
    </p>
   </div>
   <div class='ocr_carea' id='block_1_16' title="bbox 66 1401 1610 1472">
    <p class='ocr_par' dir='ltr' id='par_1_16' title="bbox 66 1401 1610 1472">
     <span class='ocr_line' id='line_1_16' title="bbox 66 1401 1610 1472; baseline -0.002 -15"><span class='ocrx_word' id='word_1_104' title='bbox 66 1408 266 1469; x_wconf 70' lang='grc' dir='ltr'>Ἄνυτος</span> <span class='ocrx_word' id='word_1_105' title='bbox 317 1402 413 1456; x_wconf 76' lang='grc' dir='ltr'><strong>καὶ</strong></span> <span class='ocrx_word' id='word_1_106' title='bbox 465 1402 723 1468; x_wconf 81' lang='grc' dir='ltr'>Μέλιτος</span> <span class='ocrx_word' id='word_1_107' title='bbox 771 1402 1112 1456; x_wconf 71' lang='grc' dir='ltr'>ἀποκτεῖναι</span> <span class='ocrx_word' id='word_1_108' title='bbox 1152 1401 1270 1472; x_wconf 73' lang='grc' dir='ltr'><strong>μὲν</strong></span> <span class='ocrx_word' id='word_1_109' title='bbox 1299 1402 1610 1467; x_wconf 78' lang='grc' dir='ltr'>δύνανται,</span> 
     </span>
    </p>
   </div>
   <div class='ocr_carea' id='block_1_17' title="bbox 59 1493 1610 1564">
    <p class='ocr_par' dir='ltr' id='par_1_17' title="bbox 59 1493 1610 1564">
     <span class='ocr_line' id='line_1_17' title="bbox 59 1493 1610 1564; baseline 0 -16"><span class='ocrx_word' id='word_1_110' title='bbox 59 1494 249 1563; x_wconf 68' lang='grc' dir='ltr'>βλάψαι</span> <span class='ocrx_word' id='word_1_111' title='bbox 267 1493 332 1546; x_wconf 85' lang='grc' dir='ltr'>δὲ</span> <span class='ocrx_word' id='word_1_112' title='bbox 355 1494 426 1546; x_wconf 79' lang='grc' dir='ltr'>οὔ</span> <span class='ocrx_word' id='word_1_113' title='bbox 446 1511 460 1524; x_wconf 72' lang='grc' dir='ltr'><strong>ο</strong></span> <span class='ocrx_word' id='word_1_114' title='bbox 479 1497 556 1548; x_wconf 83' lang='grc' dir='ltr'>οὐ</span> <span class='ocrx_word' id='word_1_115' title='bbox 581 1494 689 1564; x_wconf 70' lang='grc' dir='ltr'>γὰρ</span> <span class='ocrx_word' id='word_1_116' title='bbox 715 1494 972 1562; x_wconf 77' lang='grc' dir='ltr'>θεμιτὸν,</span> <span class='ocrx_word' id='word_1_117' title='bbox 992 1494 1058 1548; x_wconf 89' lang='grc' dir='ltr'>τὸ</span> <span class='ocrx_word' id='word_1_118' title='bbox 1081 1494 1350 1563; x_wconf 75' lang='grc' dir='ltr'>κρεῖττον</span> <span class='ocrx_word' id='word_1_119' title='bbox 1367 1494 1481 1549; x_wconf 76' lang='grc' dir='ltr'><strong>ὑπὸ</strong></span> <span class='ocrx_word' id='word_1_120' title='bbox 1506 1495 1610 1548; x_wconf 85' lang='grc' dir='ltr'><strong>τοῦ</strong></span> 
     </span>
    </p>
   </div>
   <div class='ocr_carea' id='block_1_18' title="bbox 61 1585 1610 1658">
    <p class='ocr_par' dir='ltr' id='par_1_18' title="bbox 61 1585 1610 1658">
     <span class='ocr_line' id='line_1_18' title="bbox 61 1585 1610 1658; baseline 0.001 -20"><span class='ocrx_word' id='word_1_121' title='bbox 61 1587 281 1653; x_wconf 60' lang='grc' dir='ltr'>χεὼονος</span> <span class='ocrx_word' id='word_1_122' title='bbox 299 1585 680 1649; x_wconf 75' lang='grc' dir='ltr'>βλάπτεσθαι</span> <span class='ocrx_word' id='word_1_123' title='bbox 711 1586 842 1655; x_wconf 83' lang='grc'><strong>(50).</strong></span> <span class='ocrx_word' id='word_1_124' title='bbox 874 1587 935 1638; x_wconf 84' lang='grc' dir='ltr'><strong>Εἰ</strong></span> <span class='ocrx_word' id='word_1_125' title='bbox 978 1585 1034 1639; x_wconf 86' lang='grc' dir='ltr'>δὲ</span> <span class='ocrx_word' id='word_1_126' title='bbox 1073 1585 1274 1658; x_wconf 76' lang='grc' dir='ltr'>βλάϐην</span> <span class='ocrx_word' id='word_1_127' title='bbox 1327 1586 1424 1657; x_wconf 80' lang='grc' dir='ltr'><strong>τὴν</strong></span> <span class='ocrx_word' id='word_1_128' title='bbox 1459 1587 1610 1658; x_wconf 72' lang='grc' dir='ltr'>κίνη-</span> 
     </span>
    </p>
   </div>
   <div class='ocr_carea' id='block_1_19' title="bbox 63 1677 1610 1748">
    <p class='ocr_par' dir='ltr' id='par_1_19' title="bbox 63 1677 1610 1748">
     <span class='ocr_line' id='line_1_19' title="bbox 63 1677 1610 1748; baseline 0.002 -20"><span class='ocrx_word' id='word_1_129' title='bbox 63 1679 166 1748; x_wconf 56' lang='lat' dir='ltr'><strong>civi&quot;,</strong></span> <span class='ocrx_word' id='word_1_130' title='bbox 193 1677 366 1747; x_wconf 82' lang='grc' dir='ltr'>σχέσιν</span> <span class='ocrx_word' id='word_1_131' title='bbox 399 1678 548 1746; x_wconf 86' lang='grc' dir='ltr'>λέγοι</span> <span class='ocrx_word' id='word_1_132' title='bbox 575 1678 717 1731; x_wconf 81' lang='grc' dir='ltr'>κατὰ.</span> <span class='ocrx_word' id='word_1_133' title='bbox 756 1677 974 1742; x_wconf 83' lang='grc' dir='ltr'>κακίαν,</span> <span class='ocrx_word' id='word_1_134' title='bbox 1014 1677 1192 1748; x_wconf 79' lang='grc' dir='ltr'>δῆλον,</span> <span class='ocrx_word' id='word_1_135' title='bbox 1224 1679 1326 1740; x_wconf 86' lang='grc' dir='ltr'>ὃτι,</span> <span class='ocrx_word' id='word_1_136' title='bbox 1354 1677 1610 1748; x_wconf 74' lang='grc' dir='ltr'>οὐδεμιᾶς</span> 
     </span>
    </p>
   </div>
   <div class='ocr_carea' id='block_1_20' title="bbox 1726 477 3318 547">
    <p class='ocr_par' dir='ltr' id='par_1_20' title="bbox 1726 477 3318 547">
     <span class='ocr_line' id='line_1_20' title="bbox 1726 477 3318 547; baseline -0.001 -13"><span class='ocrx_word' id='word_1_137' title='bbox 1726 491 1820 536; x_wconf 89' lang='lat' dir='ltr'><strong>aut</strong></span> <span class='ocrx_word' id='word_1_138' title='bbox 1850 479 2126 544; x_wconf 81' lang='lat' dir='ltr'><strong>conﬁteri,</strong></span> <span class='ocrx_word' id='word_1_139' title='bbox 2166 479 2210 532; x_wconf 91' lang='lat' dir='ltr'><strong>si</strong></span> <span class='ocrx_word' id='word_1_140' title='bbox 2244 477 2436 547; x_wconf 79' lang='lat' dir='ltr'><strong>nugari</strong></span> <span class='ocrx_word' id='word_1_141' title='bbox 2475 478 2631 542; x_wconf 90' lang='lat' dir='ltr'><strong>nolit,</strong></span> <span class='ocrx_word' id='word_1_142' title='bbox 2669 478 2772 531; x_wconf 92' lang='lat' dir='ltr'><strong>sibi</strong></span> <span class='ocrx_word' id='word_1_143' title='bbox 2807 478 3006 532; x_wconf 83' lang='lat' dir='ltr'><strong>heroas</strong></span> <span class='ocrx_word' id='word_1_144' title='bbox 3031 488 3085 532; x_wconf 88' lang='lat' dir='ltr'><strong>et</strong></span> <span class='ocrx_word' id='word_1_145' title='bbox 3113 479 3318 533; x_wconf 69' lang='lat' dir='ltr'><strong>dtrmo-</strong></span> 
     </span>
    </p>
   </div>
   <div class='ocr_carea' id='block_1_21' title="bbox 1725 569 3317 643">
    <p class='ocr_par' dir='ltr' id='par_1_21' title="bbox 1725 569 3317 643">
     <span class='ocr_line' id='line_1_21' title="bbox 1725 569 3317 643; baseline -0.001 -16"><span class='ocrx_word' id='word_1_146' title='bbox 1725 588 1855 628; x_wconf 85' lang='lat' dir='ltr'><strong>num</strong></span> <span class='ocrx_word' id='word_1_147' title='bbox 1890 574 2287 643; x_wconf 77' lang='lat' dir='ltr'><strong>incompertam</strong></span> <span class='ocrx_word' id='word_1_148' title='bbox 2318 585 2439 625; x_wconf 86' lang='lat' dir='ltr'><strong>esse</strong></span> <span class='ocrx_word' id='word_1_149' title='bbox 2477 582 2755 624; x_wconf 86' lang='lat' dir='ltr'><strong>naturam.</strong></span> <span class='ocrx_word' id='word_1_150' title='bbox 2797 569 2849 622; x_wconf 91' lang='lat' dir='ltr'><strong>In</strong></span> <span class='ocrx_word' id='word_1_151' title='bbox 2883 569 2930 622; x_wconf 87' lang='lat' dir='ltr'><strong>id</strong></span> <span class='ocrx_word' id='word_1_152' title='bbox 2966 583 3142 624; x_wconf 80' lang='lat' dir='ltr'><strong>auten:</strong></span> <span class='ocrx_word' id='word_1_153' title='bbox 3173 575 3317 639; x_wconf 86' lang='lat' dir='ltr'><strong>quod</strong></span> 
     </span>
    </p>
   </div>
   <div class='ocr_carea' id='block_1_22' title="bbox 1725 658 3316 730">
    <p class='ocr_par' dir='ltr' id='par_1_22' title="bbox 1725 658 3316 730">
     <span class='ocr_line' id='line_1_22' title="bbox 1725 658 3316 730; baseline -0.001 -15"><span class='ocrx_word' id='word_1_154' title='bbox 1725 662 1886 727; x_wconf 82' lang='lat' dir='ltr'><strong>dixit,</strong></span> <span class='ocrx_word' id='word_1_155' title='bbox 1922 661 2173 715; x_wconf 87' lang='lat' dir='ltr'><strong>homines</strong></span> <span class='ocrx_word' id='word_1_156' title='bbox 2198 659 2344 726; x_wconf 65' lang='lat' dir='ltr'><strong>laedi,</strong></span> <span class='ocrx_word' id='word_1_157' title='bbox 2375 659 2417 713; x_wconf 89' lang='lat' dir='ltr'><strong>si</strong></span> <span class='ocrx_word' id='word_1_158' title='bbox 2449 660 2572 730; x_wconf 90' lang='lat' dir='ltr'><strong>quis</strong></span> <span class='ocrx_word' id='word_1_159' title='bbox 2604 659 2712 714; x_wconf 87' lang='lat' dir='ltr'><strong>illis</strong></span> <span class='ocrx_word' id='word_1_160' title='bbox 2735 658 2980 714; x_wconf 82' lang='lat' dir='ltr'><strong>serviens</strong></span> <span class='ocrx_word' id='word_1_161' title='bbox 3011 659 3163 714; x_wconf 86' lang='lat' dir='ltr'><strong>alteri</strong></span> <span class='ocrx_word' id='word_1_162' title='bbox 3196 677 3316 715; x_wconf 85' lang='lat' dir='ltr'><strong>scr-</strong></span> 
     </span>
    </p>
   </div>
   <div class='ocr_carea' id='block_1_23' title="bbox 1725 754 3317 824">
    <p class='ocr_par' dir='ltr' id='par_1_23' title="bbox 1725 754 3317 824">
     <span class='ocr_line' id='line_1_23' title="bbox 1725 754 3317 824; baseline 0.002 -20"><span class='ocrx_word' id='word_1_163' title='bbox 1725 755 1875 819; x_wconf 82' lang='lat' dir='ltr'><strong>viat;</strong></span> <span class='ocrx_word' id='word_1_164' title='bbox 1932 755 2288 822; x_wconf 65' lang='lat' dir='ltr'><strong>quaerendum</strong></span> <span class='ocrx_word' id='word_1_165' title='bbox 2323 764 2407 809; x_wconf 89' lang='lat' dir='ltr'><strong>est</strong></span> <span class='ocrx_word' id='word_1_166' title='bbox 2465 769 2631 823; x_wconf 89' lang='lat' dir='ltr'><strong>quam</strong></span> <span class='ocrx_word' id='word_1_167' title='bbox 2676 754 2951 808; x_wconf 77' lang='lat' dir='ltr'><strong>existimet</strong></span> <span class='ocrx_word' id='word_1_168' title='bbox 2997 755 3160 824; x_wconf 88' lang='lat' dir='ltr'><strong>priori</strong></span> <span class='ocrx_word' id='word_1_169' title='bbox 3219 757 3317 809; x_wconf 86' lang='lat' dir='ltr'><strong>ho-</strong></span> 
     </span>
    </p>
   </div>
   <div class='ocr_carea' id='block_1_24' title="bbox 1725 846 3315 917">
    <p class='ocr_par' dir='ltr' id='par_1_24' title="bbox 1725 846 3315 917">
     <span class='ocr_line' id='line_1_24' title="bbox 1725 846 3315 917; baseline 0.002 -19"><span class='ocrx_word' id='word_1_170' title='bbox 1725 846 1856 900; x_wconf 89' lang='lat' dir='ltr'><strong>mini</strong></span> <span class='ocrx_word' id='word_1_171' title='bbox 1895 847 2011 901; x_wconf 85' lang='lat' dir='ltr'><strong>lieri</strong></span> <span class='ocrx_word' id='word_1_172' title='bbox 2050 847 2327 917; x_wconf 86' lang='lat' dir='ltr'><strong>injuriam,</strong></span> <span class='ocrx_word' id='word_1_173' title='bbox 2371 861 2498 902; x_wconf 90' lang='lat' dir='ltr'><strong>cum</strong></span> <span class='ocrx_word' id='word_1_174' title='bbox 2528 847 2573 901; x_wconf 88' lang='lat' dir='ltr'><strong>is</strong></span> <span class='ocrx_word' id='word_1_175' title='bbox 2609 846 2696 916; x_wconf 90' lang='lat' dir='ltr'><strong>qui</strong></span> <span class='ocrx_word' id='word_1_176' title='bbox 2735 847 2834 915; x_wconf 81' lang='lat' dir='ltr'><strong>ipsi</strong></span> <span class='ocrx_word' id='word_1_177' title='bbox 2869 847 3073 910; x_wconf 83' lang='lat' dir='ltr'><strong>servit,</strong></span> <span class='ocrx_word' id='word_1_178' title='bbox 3108 846 3315 901; x_wconf 82' lang='lat' dir='ltr'><strong>servire</strong></span> 
     </span>
    </p>
   </div>
   <div class='ocr_carea' id='block_1_25' title="bbox 1722 938 2130 1004">
    <p class='ocr_par' dir='ltr' id='par_1_25' title="bbox 1722 938 2130 1004">
     <span class='ocr_line' id='line_1_25' title="bbox 1722 938 2130 1004; baseline 0 -12"><span class='ocrx_word' id='word_1_179' title='bbox 1722 938 1838 992; x_wconf 85' lang='lat' dir='ltr'><strong>vult</strong></span> <span class='ocrx_word' id='word_1_180' title='bbox 1867 949 1922 993; x_wconf 84' lang='lat' dir='ltr'><strong>et</strong></span> <span class='ocrx_word' id='word_1_181' title='bbox 1949 938 2130 1004; x_wconf 81' lang='lat' dir='ltr'><strong>alteri.</strong></span> 
     </span>
    </p>
   </div>
   <div class='ocr_carea' id='block_1_26' title="bbox 1793 1029 3312 1100">
    <p class='ocr_par' dir='ltr' id='par_1_26' title="bbox 1793 1029 3312 1100">
     <span class='ocr_line' id='line_1_26' title="bbox 1793 1029 3312 1100; baseline -0.001 -14"><span class='ocrx_word' id='word_1_182' title='bbox 1793 1029 1846 1086; x_wconf 90' lang='lat'><strong>8.</strong></span> <span class='ocrx_word' id='word_1_183' title='bbox 1890 1029 2026 1084; x_wconf 85' lang='lat' dir='ltr'><strong>Nam</strong></span> <span class='ocrx_word' id='word_1_184' title='bbox 2055 1030 2100 1084; x_wconf 88' lang='lat' dir='ltr'><strong>si</strong></span> <span class='ocrx_word' id='word_1_185' title='bbox 2138 1040 2198 1086; x_wconf 92' lang='lat' dir='ltr'><strong>ut</strong></span> <span class='ocrx_word' id='word_1_186' title='bbox 2231 1032 2403 1088; x_wconf 82' lang='lat' dir='ltr'><strong>idiota</strong></span> <span class='ocrx_word' id='word_1_187' title='bbox 2438 1040 2490 1084; x_wconf 88' lang='lat' dir='ltr'><strong>et</strong></span> <span class='ocrx_word' id='word_1_188' title='bbox 2521 1030 2878 1100; x_wconf 59' lang='lat' dir='ltr'><strong>philosophiae</strong></span> <span class='ocrx_word' id='word_1_189' title='bbox 2903 1031 3052 1084; x_wconf 90' lang='lat' dir='ltr'><strong>rudis</strong></span> <span class='ocrx_word' id='word_1_190' title='bbox 3091 1047 3312 1100; x_wconf 88' lang='lat' dir='ltr'><strong>respon-</strong></span> 
     </span>
    </p>
   </div>
   <div class='ocr_carea' id='block_1_27' title="bbox 1720 1122 3304 1195">
    <p class='ocr_par' dir='ltr' id='par_1_27' title="bbox 1720 1122 3304 1195">
     <span class='ocr_line' id='line_1_27' title="bbox 1720 1122 3304 1195; baseline 0 -19"><span class='ocrx_word' id='word_1_191' title='bbox 1720 1123 1842 1177; x_wconf 88' lang='lat' dir='ltr'><strong>deat</strong></span> <span class='ocrx_word' id='word_1_192' title='bbox 1869 1139 1900 1177; x_wconf 86' lang='lat' dir='ltr'><strong>a</strong></span> <span class='ocrx_word' id='word_1_193' title='bbox 1931 1137 1990 1178; x_wconf 89' lang='lat' dir='ltr'><strong>se</strong></span> <span class='ocrx_word' id='word_1_194' title='bbox 2019 1125 2194 1178; x_wconf 88' lang='lat' dir='ltr'><strong>notari</strong></span> <span class='ocrx_word' id='word_1_195' title='bbox 2226 1125 2493 1195; x_wconf 79' lang='lat' dir='ltr'><strong>iacturam</strong></span> <span class='ocrx_word' id='word_1_196' title='bbox 2523 1122 2734 1177; x_wconf 84' lang='lat' dir='ltr'><strong>illarum</strong></span> <span class='ocrx_word' id='word_1_197' title='bbox 2765 1139 2968 1188; x_wconf 89' lang='lat' dir='ltr'><strong>rerum,</strong></span> <span class='ocrx_word' id='word_1_198' title='bbox 2999 1139 3118 1193; x_wconf 72' lang='lat' dir='ltr'><strong>quae</strong></span> <span class='ocrx_word' id='word_1_199' title='bbox 3149 1133 3304 1177; x_wconf 81' lang='lat' dir='ltr'><strong>extra</strong></span> 
     </span>
    </p>
   </div>
   <div class='ocr_carea' id='block_1_28' title="bbox 1718 1214 3302 1285">
    <p class='ocr_par' dir='ltr' id='par_1_28' title="bbox 1718 1214 3302 1285">
     <span class='ocr_line' id='line_1_28' title="bbox 1718 1214 3302 1285; baseline -0.003 -16"><span class='ocrx_word' id='word_1_200' title='bbox 1718 1231 1816 1270; x_wconf 90' lang='lat' dir='ltr'><strong>nos</strong></span> <span class='ocrx_word' id='word_1_201' title='bbox 1856 1224 2022 1281; x_wconf 90' lang='lat' dir='ltr'><strong>sunt,</strong></span> <span class='ocrx_word' id='word_1_202' title='bbox 2067 1216 2434 1270; x_wconf 86' lang='lat' dir='ltr'><strong>convincetur</strong></span> <span class='ocrx_word' id='word_1_203' title='bbox 2481 1215 2762 1285; x_wconf 82' lang='lat' dir='ltr'><strong>ignorasse</strong></span> <span class='ocrx_word' id='word_1_204' title='bbox 2801 1214 3123 1284; x_wconf 64' lang='lat' dir='ltr'><strong>praeclarum</strong></span> <span class='ocrx_word' id='word_1_205' title='bbox 3160 1214 3302 1267; x_wconf 84' lang='lat' dir='ltr'><strong>istud</strong></span> 
     </span>
    </p>
   </div>
   <div class='ocr_carea' id='block_1_29' title="bbox 1718 1307 3304 1376">
    <p class='ocr_par' dir='ltr' id='par_1_29' title="bbox 1718 1307 3304 1376">
     <span class='ocr_line' id='line_1_29' title="bbox 1718 1307 3304 1376; baseline -0.003 -14"><span class='ocrx_word' id='word_1_206' title='bbox 1718 1307 1962 1363; x_wconf 90' lang='lat' dir='ltr'><strong>Socratis</strong></span> <span class='ocrx_word' id='word_1_207' title='bbox 2005 1308 2266 1364; x_wconf 80' lang='lat' dir='ltr'><strong>eﬂ&#39;atum:</strong></span> <span class='ocrx_word' id='word_1_208' title='bbox 2317 1307 2570 1362; x_wconf 80' lang='lat' dir='ltr'><strong>Occidere</strong></span> <span class='ocrx_word' id='word_1_209' title='bbox 2616 1325 2698 1361; x_wconf 85' lang='lat' dir='ltr'><strong>me</strong></span> <span class='ocrx_word' id='word_1_210' title='bbox 2747 1317 2960 1376; x_wconf 76' lang='lat' dir='ltr'><strong>possunt</strong></span> <span class='ocrx_word' id='word_1_211' title='bbox 3011 1308 3207 1375; x_wconf 72' lang='lat' dir='ltr'><strong>Auytus</strong></span> <span class='ocrx_word' id='word_1_212' title='bbox 3254 1315 3304 1360; x_wconf 85' lang='lat' dir='ltr'><strong>et</strong></span> 
     </span>
    </p>
   </div>
   <div class='ocr_carea' id='block_1_30' title="bbox 1720 1399 3304 1467">
    <p class='ocr_par' dir='ltr' id='par_1_30' title="bbox 1720 1399 3304 1467">
     <span class='ocr_line' id='line_1_30' title="bbox 1720 1399 3304 1467; baseline -0.003 -13"><span class='ocrx_word' id='word_1_213' title='bbox 1720 1401 1936 1455; x_wconf 75' lang='lat' dir='ltr'><strong>Ilelitus</strong></span> <span class='ocrx_word' id='word_1_214' title='bbox 1959 1443 1972 1465; x_wconf 92' lang='lat'><strong>,</strong></span> <span class='ocrx_word' id='word_1_215' title='bbox 2009 1401 2200 1455; x_wconf 80' lang='lat' dir='ltr'><strong>la&#39;dere</strong></span> <span class='ocrx_word' id='word_1_216' title='bbox 2234 1417 2356 1455; x_wconf 87' lang='lat' dir='ltr'><strong>vero</strong></span> <span class='ocrx_word' id='word_1_217' title='bbox 2391 1401 2650 1465; x_wconf 84' lang='lat' dir='ltr'><strong>minime;</strong></span> <span class='ocrx_word' id='word_1_218' title='bbox 2693 1417 2812 1453; x_wconf 81' lang='lat' dir='ltr'><strong>nam</strong></span> <span class='ocrx_word' id='word_1_219' title='bbox 2845 1399 2962 1467; x_wconf 78' lang='lat' dir='ltr'><strong>ﬁeri</strong></span> <span class='ocrx_word' id='word_1_220' title='bbox 3001 1416 3101 1451; x_wconf 83' lang='lat' dir='ltr'><strong>non</strong></span> <span class='ocrx_word' id='word_1_221' title='bbox 3138 1405 3304 1466; x_wconf 79' lang='lat' dir='ltr'><strong>potest</strong></span> 
     </span>
    </p>
   </div>
   <div class='ocr_carea' id='block_1_31' title="bbox 1713 1489 3303 1565">
    <p class='ocr_par' dir='ltr' id='par_1_31' title="bbox 1713 1489 3303 1565">
     <span class='ocr_line' id='line_1_31' title="bbox 1713 1489 3303 1565; baseline -0.003 -17"><span class='ocrx_word' id='word_1_222' title='bbox 1713 1505 1773 1548; x_wconf 83' lang='lat' dir='ltr'><strong>ut</strong></span> <span class='ocrx_word' id='word_1_223' title='bbox 1808 1496 1947 1565; x_wconf 85' lang='lat' dir='ltr'><strong>quod</strong></span> <span class='ocrx_word' id='word_1_224' title='bbox 1985 1496 2327 1562; x_wconf 73' lang='lat' dir='ltr'><strong>pra&#39;stantius</strong></span> <span class='ocrx_word' id='word_1_225' title='bbox 2355 1506 2428 1547; x_wconf 74' lang='lat' dir='ltr'><strong>est</strong></span> <span class='ocrx_word' id='word_1_226' title='bbox 2460 1511 2491 1547; x_wconf 92' lang='lat' dir='ltr'><strong><em>a</em></strong></span> <span class='ocrx_word' id='word_1_227' title='bbox 2526 1495 2783 1547; x_wconf 81' lang='lat' dir='ltr'><strong>deteriore</strong></span> <span class='ocrx_word' id='word_1_228' title='bbox 2814 1492 3058 1546; x_wconf 69' lang='lat' dir='ltr'><strong>la&#39;dutur.</strong></span> <span class='ocrx_word' id='word_1_229' title='bbox 3093 1489 3188 1544; x_wconf 90' lang='lat' dir='ltr'><strong>Sin</strong></span> <span class='ocrx_word' id='word_1_230' title='bbox 3221 1492 3303 1544; x_wconf 92' lang='lat' dir='ltr'><strong>iu-</strong></span> 
     </span>
    </p>
   </div>
   <div class='ocr_carea' id='block_1_32' title="bbox 1713 1585 3300 1658">
    <p class='ocr_par' dir='ltr' id='par_1_32' title="bbox 1713 1585 3300 1658">
     <span class='ocr_line' id='line_1_32' title="bbox 1713 1585 3300 1658; baseline 0 -19"><span class='ocrx_word' id='word_1_231' title='bbox 1713 1587 1918 1658; x_wconf 80' lang='lat' dir='ltr'><strong>tclligat</strong></span> <span class='ocrx_word' id='word_1_232' title='bbox 1951 1587 2164 1654; x_wconf 69' lang='lat' dir='ltr'><strong>injuriae</strong></span> <span class='ocrx_word' id='word_1_233' title='bbox 2212 1587 2437 1641; x_wconf 84' lang='lat' dir='ltr'><strong>nomine</strong></span> <span class='ocrx_word' id='word_1_234' title='bbox 2481 1596 2686 1640; x_wconf 89' lang='lat' dir='ltr'><strong>motum</strong></span> <span class='ocrx_word' id='word_1_235' title='bbox 2718 1594 2810 1638; x_wconf 86' lang='lat' dir='ltr'><strong>aut</strong></span> <span class='ocrx_word' id='word_1_236' title='bbox 2856 1585 3094 1639; x_wconf 88' lang='lat' dir='ltr'><strong>habitum</strong></span> <span class='ocrx_word' id='word_1_237' title='bbox 3143 1585 3300 1639; x_wconf 86' lang='lat' dir='ltr'><strong>vitio-</strong></span> 
     </span>
    </p>
   </div>
   <div class='ocr_carea' id='block_1_33' title="bbox 1716 1679 3300 1749">
    <p class='ocr_par' dir='ltr' id='par_1_33' title="bbox 1716 1679 3300 1749">
     <span class='ocr_line' id='line_1_33' title="bbox 1716 1679 3300 1749; baseline 0 -17"><span class='ocrx_word' id='word_1_238' title='bbox 1716 1695 1858 1746; x_wconf 90' lang='lat' dir='ltr'><strong>sum,</strong></span> <span class='ocrx_word' id='word_1_239' title='bbox 1891 1688 2128 1744; x_wconf 89' lang='lat' dir='ltr'><strong>constat,</strong></span> <span class='ocrx_word' id='word_1_240' title='bbox 2162 1695 2287 1734; x_wconf 91' lang='lat' dir='ltr'><strong>cum</strong></span> <span class='ocrx_word' id='word_1_241' title='bbox 2321 1679 2464 1734; x_wconf 89' lang='lat' dir='ltr'><strong>nulla</strong></span> <span class='ocrx_word' id='word_1_242' title='bbox 2500 1679 2764 1749; x_wconf 87' lang='lat' dir='ltr'><strong>ejusmodi</strong></span> <span class='ocrx_word' id='word_1_243' title='bbox 2803 1679 2857 1732; x_wconf 91' lang='lat' dir='ltr'><strong>in</strong></span> <span class='ocrx_word' id='word_1_244' title='bbox 2893 1679 3173 1747; x_wconf 86' lang='lat' dir='ltr'><strong>sapientes</strong></span> <span class='ocrx_word' id='word_1_245' title='bbox 3203 1695 3300 1732; x_wconf 87' lang='lat' dir='ltr'><strong>ca-</strong></span> 
     </span>
    </p>
   </div>
   <div class='ocr_carea' id='block_1_34' title="bbox 62 1763 1592 1846">
    <p class='ocr_par' dir='ltr' id='par_1_34' title="bbox 62 1765 1592 1837">
     <span class='ocr_line' id='line_1_34' title="bbox 62 1765 1592 1837; baseline 0.001 -20"><span class='ocrx_word' id='word_1_246' title='bbox 62 1768 302 1836; x_wconf 73' lang='grc' dir='ltr'>γινομένης</span> <span class='ocrx_word' id='word_1_247' title='bbox 332 1765 539 1836; x_wconf 80' lang='grc' dir='ltr'>βλάϐης</span> <span class='ocrx_word' id='word_1_248' title='bbox 575 1766 703 1837; x_wconf 69' lang='grc' dir='ltr'>περὶ</span> <span class='ocrx_word' id='word_1_249' title='bbox 744 1769 870 1830; x_wconf 78' lang='grc' dir='ltr'>τοὺς</span> <span class='ocrx_word' id='word_1_250' title='bbox 901 1768 1117 1835; x_wconf 70' lang='grc' dir='ltr'>σοφοὺς,</span> <span class='ocrx_word' id='word_1_251' title='bbox 1151 1767 1392 1820; x_wconf 86' lang='grc' dir='ltr'>δουλεύει</span> <span class='ocrx_word' id='word_1_252' title='bbox 1433 1784 1516 1829; x_wconf 88' lang='grc' dir='ltr'><strong>τις</strong></span> <span class='ocrx_word' id='word_1_253' title='bbox 1555 1769 1592 1818; x_wconf 60' lang='grc' dir='ltr'><strong>ὲκ</strong></span> 
     </span>
    </p>
   </div>
   <div class='ocr_carea' id='block_1_35' title="bbox 1707 1763 3298 1846">
    <p class='ocr_par' dir='ltr' id='par_1_35' title="bbox 1717 1771 3298 1843">
     <span class='ocr_line' id='line_1_35' title="bbox 1717 1771 3298 1843; baseline -0.001 -17"><span class='ocrx_word' id='word_1_254' title='bbox 1717 1775 1809 1827; x_wconf 86' lang='lat' dir='ltr'><strong>dat</strong></span> <span class='ocrx_word' id='word_1_255' title='bbox 1848 1774 2046 1843; x_wconf 88' lang='lat' dir='ltr'><strong>injuria</strong></span> <span class='ocrx_word' id='word_1_256' title='bbox 2079 1813 2094 1838; x_wconf 94' lang='lat'><strong>,</strong></span> <span class='ocrx_word' id='word_1_257' title='bbox 2129 1788 2288 1842; x_wconf 84' lang='lat' dir='ltr'><strong>posse</strong></span> <span class='ocrx_word' id='word_1_258' title='bbox 2323 1773 2514 1826; x_wconf 83' lang='lat' dir='ltr'><strong>serviri</strong></span> <span class='ocrx_word' id='word_1_259' title='bbox 2550 1773 2761 1827; x_wconf 90' lang='lat' dir='ltr'><strong>duobus</strong></span> <span class='ocrx_word' id='word_1_260' title='bbox 2794 1771 3129 1840; x_wconf 88' lang='lat' dir='ltr'><strong>sapientibus</strong></span> <span class='ocrx_word' id='word_1_261' title='bbox 3160 1812 3175 1837; x_wconf 96' lang='lat'><strong>,</strong></span> <span class='ocrx_word' id='word_1_262' title='bbox 3205 1774 3298 1841; x_wconf 85' lang='lat' dir='ltr'><strong>qui</strong></span> 
     </span>
    </p>
   </div>
   <div class='ocr_carea' id='block_1_36' title="bbox 59 1857 1606 1929">
    <p class='ocr_par' dir='ltr' id='par_1_36' title="bbox 59 1857 1606 1929">
     <span class='ocr_line' id='line_1_36' title="bbox 59 1857 1606 1929; baseline 0.003 -19"><span class='ocrx_word' id='word_1_263' title='bbox 59 1860 311 1929; x_wconf 70' lang='grc' dir='ltr'>διεστηκόσι</span> <span class='ocrx_word' id='word_1_264' title='bbox 343 1861 532 1923; x_wconf 79' lang='grc' dir='ltr'>τόποις</span> <span class='ocrx_word' id='word_1_265' title='bbox 575 1857 695 1913; x_wconf 83' lang='grc' dir='ltr'>οῦσι</span> <span class='ocrx_word' id='word_1_266' title='bbox 731 1859 823 1912; x_wconf 88' lang='grc' dir='ltr'><strong>δύο</strong></span> <span class='ocrx_word' id='word_1_267' title='bbox 876 1863 1078 1929; x_wconf 77' lang='grc' dir='ltr'>σοφοῖς.</span> <span class='ocrx_word' id='word_1_268' title='bbox 1114 1861 1178 1912; x_wconf 86' lang='grc' dir='ltr'><strong>Εἰ</strong></span> <span class='ocrx_word' id='word_1_269' title='bbox 1206 1861 1250 1913; x_wconf 83' lang='grc' dir='ltr'>δ’</span> <span class='ocrx_word' id='word_1_270' title='bbox 1297 1860 1417 1912; x_wconf 69' lang='grc' dir='ltr'>οὐδὲ</span> <span class='ocrx_word' id='word_1_271' title='bbox 1451 1860 1606 1914; x_wconf 87' lang='grc' dir='ltr'>τοῦτο</span> 
     </span>
    </p>
   </div>
   <div class='ocr_carea' id='block_1_37' title="bbox 60 1952 1606 2025">
    <p class='ocr_par' dir='ltr' id='par_1_37' title="bbox 60 1952 1606 2025">
     <span class='ocr_line' id='line_1_37' title="bbox 60 1952 1606 2025; baseline 0.001 -21"><span class='ocrx_word' id='word_1_272' title='bbox 60 1952 251 2021; x_wconf 72' lang='grc' dir='ltr'>εὔλογον,</span> <span class='ocrx_word' id='word_1_273' title='bbox 303 1953 480 2025; x_wconf 81' lang='grc' dir='ltr'>μάτην</span> <span class='ocrx_word' id='word_1_274' title='bbox 530 1952 682 2023; x_wconf 82' lang='grc' dir='ltr'>αὐτῷ</span> <span class='ocrx_word' id='word_1_275' title='bbox 737 1953 1105 2024; x_wconf 78' lang='grc' dir='ltr'>παρείληπται</span> <span class='ocrx_word' id='word_1_276' title='bbox 1151 1954 1212 2006; x_wconf 74' lang='grc' dir='ltr'><strong>τὸ</strong></span> <span class='ocrx_word' id='word_1_277' title='bbox 1256 1953 1606 2025; x_wconf 85' lang='grc' dir='ltr'>παράδειγμα</span> 
     </span>
    </p>
   </div>
   <div class='ocr_carea' id='block_1_38' title="bbox 60 2045 1606 2117">
    <p class='ocr_par' dir='ltr' id='par_1_38' title="bbox 60 2045 1606 2117">
     <span class='ocr_line' id='line_1_38' title="bbox 60 2045 1606 2117; baseline 0.001 -20"><span class='ocrx_word' id='word_1_278' title='bbox 60 2045 341 2117; x_wconf 70' lang='grc' dir='ltr'>κατηγοροῦν</span> <span class='ocrx_word' id='word_1_279' title='bbox 374 2047 501 2111; x_wconf 89' lang='grc' dir='ltr'>τοῦ,</span> <span class='ocrx_word' id='word_1_280' title='bbox 541 2046 743 2112; x_wconf 74' lang='grc' dir='ltr'>οὐδεὶς</span> <span class='ocrx_word' id='word_1_281' title='bbox 774 2047 883 2116; x_wconf 80' lang='grc'><strong>(51)</strong></span> <span class='ocrx_word' id='word_1_282' title='bbox 917 2047 1165 2101; x_wconf 81' lang='grc' dir='ltr'>δύναται</span> <span class='ocrx_word' id='word_1_283' title='bbox 1198 2047 1338 2101; x_wconf 79' lang='grc' dir='ltr'>δυσὶ</span> <span class='ocrx_word' id='word_1_284' title='bbox 1377 2048 1606 2115; x_wconf 80' lang='grc' dir='ltr'>κυρίοις</span> 
     </span>
    </p>
   </div>
   <div class='ocr_carea' id='block_1_39' title="bbox 60 2137 1604 2208">
    <p class='ocr_par' dir='ltr' id='par_1_39' title="bbox 60 2137 1604 2208">
     <span class='ocr_line' id='line_1_39' title="bbox 60 2137 1604 2208; baseline 0.003 -19"><span class='ocrx_word' id='word_1_285' title='bbox 60 2138 347 2191; x_wconf 65' lang='grc' dir='ltr'>δουλεύειν-ο</span> <span class='ocrx_word' id='word_1_286' title='bbox 385 2138 481 2190; x_wconf 72' lang='grc' dir='ltr'><strong>καὶ</strong></span> <span class='ocrx_word' id='word_1_287' title='bbox 515 2137 720 2206; x_wconf 82' lang='grc' dir='ltr'>μᾶλλον</span> <span class='ocrx_word' id='word_1_288' title='bbox 748 2140 776 2190; x_wconf 86' lang='grc' dir='ltr'><strong>ό</strong></span> <span class='ocrx_word' id='word_1_289' title='bbox 805 2139 932 2208; x_wconf 78' lang='grc' dir='ltr'>περὶ</span> <span class='ocrx_word' id='word_1_290' title='bbox 961 2139 1057 2208; x_wconf 77' lang='grc' dir='ltr'><strong>τῆς</strong></span> <span class='ocrx_word' id='word_1_291' title='bbox 1090 2140 1168 2202; x_wconf 82' lang='grc' dir='ltr'>εἰς</span> <span class='ocrx_word' id='word_1_292' title='bbox 1201 2140 1291 2192; x_wconf 87' lang='grc' dir='ltr'><strong>τὸν</strong></span> <span class='ocrx_word' id='word_1_293' title='bbox 1331 2139 1461 2192; x_wconf 77' lang='grc' dir='ltr'>Θεὸν</span> <span class='ocrx_word' id='word_1_294' title='bbox 1495 2139 1604 2193; x_wconf 76' lang='grc' dir='ltr'>τῶν</span> 
     </span>
    </p>
   </div>
   <div class='ocr_carea' id='block_1_40' title="bbox 59 2226 1604 2301">
    <p class='ocr_par' dir='ltr' id='par_1_40' title="bbox 59 2226 1604 2301">
     <span class='ocr_line' id='line_1_40' title="bbox 59 2226 1604 2301; baseline 0.003 -23"><span class='ocrx_word' id='word_1_295' title='bbox 59 2226 157 2279; x_wconf 71' lang='grc' dir='ltr'>ὅλων</span> <span class='ocrx_word' id='word_1_296' title='bbox 200 2226 432 2290; x_wconf 84' lang='grc' dir='ltr'>δουλείας</span> <span class='ocrx_word' id='word_1_297' title='bbox 481 2227 644 2297; x_wconf 85' lang='grc' dir='ltr'>μόνον</span> <span class='ocrx_word' id='word_1_298' title='bbox 692 2226 779 2280; x_wconf 80' lang='grc' dir='ltr'>διὰ</span> <span class='ocrx_word' id='word_1_299' title='bbox 819 2227 912 2280; x_wconf 86' lang='grc' dir='ltr'><strong>τοῦ</strong></span> <span class='ocrx_word' id='word_1_300' title='bbox 965 2228 1330 2300; x_wconf 83' lang='grc' dir='ltr'>προσάγοντος</span> <span class='ocrx_word' id='word_1_301' title='bbox 1374 2228 1453 2300; x_wconf 83' lang='grc' dir='ltr'><strong>τῷ</strong></span> <span class='ocrx_word' id='word_1_302' title='bbox 1485 2230 1604 2301; x_wconf 85' lang='grc' dir='ltr'><strong>Θεῷ</strong></span> 
     </span>
    </p>
   </div>
   <div class='ocr_carea' id='block_1_41' title="bbox 60 2318 1603 2393">
    <p class='ocr_par' dir='ltr' id='par_1_41' title="bbox 60 2318 1603 2393">
     <span class='ocr_line' id='line_1_41' title="bbox 60 2318 1603 2393; baseline 0.004 -24"><span class='ocrx_word' id='word_1_303' title='bbox 60 2318 155 2371; x_wconf 79' lang='grc' dir='ltr'>Υἱοῦ</span> <span class='ocrx_word' id='word_1_304' title='bbox 177 2318 324 2372; x_wconf 81' lang='grc' dir='ltr'>αὑτοῦ</span> <span class='ocrx_word' id='word_1_305' title='bbox 351 2321 622 2390; x_wconf 78' lang='grc' dir='ltr'>κρατήσει</span> <span class='ocrx_word' id='word_1_306' title='bbox 647 2318 820 2387; x_wconf 87' lang='grc' dir='ltr'>λόγος.</span> <span class='ocrx_word' id='word_1_307' title='bbox 865 2320 1020 2372; x_wconf 80' lang='grc' dir='ltr'>Ἀλλὰ</span> <span class='ocrx_word' id='word_1_308' title='bbox 1057 2321 1149 2374; x_wconf 77' lang='grc' dir='ltr'>κα).</span> <span class='ocrx_word' id='word_1_309' title='bbox 1181 2322 1277 2391; x_wconf 76' lang='grc' dir='ltr'>οὐχ</span> <span class='ocrx_word' id='word_1_310' title='bbox 1306 2321 1383 2386; x_wconf 84' lang='grc' dir='ltr'>ὡς</span> <span class='ocrx_word' id='word_1_311' title='bbox 1411 2322 1603 2393; x_wconf 86' lang='grc' dir='ltr'>δεόμε-</span> 
     </span>
    </p>
   </div>
   <div class='ocr_carea' id='block_1_42' title="bbox 60 2409 1602 2481">
    <p class='ocr_par' dir='ltr' id='par_1_42' title="bbox 60 2409 1602 2481">
     <span class='ocr_line' id='line_1_42' title="bbox 60 2409 1602 2481; baseline 0.003 -21"><span class='ocrx_word' id='word_1_312' title='bbox 60 2425 121 2460; x_wconf 74' lang='grc' dir='ltr'><strong>νον</strong></span> <span class='ocrx_word' id='word_1_313' title='bbox 151 2409 225 2460; x_wconf 72' lang='grc' dir='ltr'><strong>τὸν</strong></span> <span class='ocrx_word' id='word_1_314' title='bbox 251 2409 376 2460; x_wconf 82' lang='grc' dir='ltr'>Θεὸν</span> <span class='ocrx_word' id='word_1_315' title='bbox 411 2409 850 2481; x_wconf 80' lang='grc' dir='ltr'>θεραπεύσομεν,</span> <span class='ocrx_word' id='word_1_316' title='bbox 887 2410 996 2463; x_wconf 77' lang='grc' dir='ltr'>οὐδ’</span> <span class='ocrx_word' id='word_1_317' title='bbox 1032 2410 1106 2473; x_wconf 85' lang='grc' dir='ltr'>ὠς</span> <span class='ocrx_word' id='word_1_318' title='bbox 1140 2409 1501 2480; x_wconf 79' lang='grc' dir='ltr'>λυπούμενον,</span> <span class='ocrx_word' id='word_1_319' title='bbox 1537 2412 1602 2465; x_wconf 78' lang='grc' dir='ltr'><strong>ἂν</strong></span> 
     </span>
    </p>
   </div>
   <div class='ocr_carea' id='block_1_43' title="bbox 62 2497 1602 2575">
    <p class='ocr_par' dir='ltr' id='par_1_43' title="bbox 62 2497 1602 2575">
     <span class='ocr_line' id='line_1_43' title="bbox 62 2497 1602 2575; baseline 0.005 -26"><span class='ocrx_word' id='word_1_320' title='bbox 62 2498 113 2567; x_wconf 72' lang='grc' dir='ltr'>μὴ</span> <span class='ocrx_word' id='word_1_321' title='bbox 139 2497 506 2570; x_wconf 77' lang='grc' dir='ltr'>θεραπεύωμεν</span> <span class='ocrx_word' id='word_1_322' title='bbox 538 2501 700 2556; x_wconf 80' lang='grc' dir='ltr'>αὐτόν</span> <span class='ocrx_word' id='word_1_323' title='bbox 721 2519 734 2530; x_wconf 88' lang='grc'><strong>·</strong></span> <span class='ocrx_word' id='word_1_324' title='bbox 767 2502 879 2554; x_wconf 85' lang='grc' dir='ltr'>ἀλλ’</span> <span class='ocrx_word' id='word_1_325' title='bbox 915 2502 990 2565; x_wconf 87' lang='grc' dir='ltr'>ὠς</span> <span class='ocrx_word' id='word_1_326' title='bbox 1023 2503 1175 2555; x_wconf 77' lang='grc' dir='ltr'>αὐτοὶ</span> <span class='ocrx_word' id='word_1_327' title='bbox 1207 2502 1316 2555; x_wconf 82' lang='grc' dir='ltr'>ἀπὸ</span> <span class='ocrx_word' id='word_1_328' title='bbox 1343 2505 1440 2573; x_wconf 82' lang='grc' dir='ltr'><strong>τῆς</strong></span> <span class='ocrx_word' id='word_1_329' title='bbox 1467 2505 1602 2575; x_wconf 75' lang='grc' dir='ltr'>πρὸς</span> 
     </span>
    </p>
   </div>
   <div class='ocr_carea' id='block_1_44' title="bbox 58 2591 1602 2666">
    <p class='ocr_par' dir='ltr' id='par_1_44' title="bbox 58 2591 1602 2666">
     <span class='ocr_line' id='line_1_44' title="bbox 58 2591 1602 2666; baseline 0.006 -25"><span class='ocrx_word' id='word_1_330' title='bbox 58 2591 119 2642; x_wconf 72' lang='grc' dir='ltr'><strong>τὸν</strong></span> <span class='ocrx_word' id='word_1_331' title='bbox 161 2593 274 2646; x_wconf 78' lang='grc' dir='ltr'>Θεὸν</span> <span class='ocrx_word' id='word_1_332' title='bbox 319 2595 623 2666; x_wconf 79' lang='grc' dir='ltr'>Θεραπείας</span> <span class='ocrx_word' id='word_1_333' title='bbox 664 2595 1053 2666; x_wconf 71' lang='grc' dir='ltr'>ὠφελούμενοι,</span> <span class='ocrx_word' id='word_1_334' title='bbox 1110 2598 1202 2649; x_wconf 79' lang='grc' dir='ltr'><strong>καὶ</strong></span> <span class='ocrx_word' id='word_1_335' title='bbox 1265 2597 1460 2652; x_wconf 84' lang='grc' dir='ltr'>ἄλυποι</span> <span class='ocrx_word' id='word_1_336' title='bbox 1509 2600 1602 2651; x_wconf 73' lang='grc' dir='ltr'><strong>καὶ</strong></span> 
     </span>
    </p>
   </div>
   <div class='ocr_carea' id='block_1_45' title="bbox 59 2681 1600 2759">
    <p class='ocr_par' dir='ltr' id='par_1_45' title="bbox 59 2681 1600 2759">
     <span class='ocr_line' id='line_1_45' title="bbox 59 2681 1600 2759; baseline 0.008 -27"><span class='ocrx_word' id='word_1_337' title='bbox 59 2681 232 2746; x_wconf 76' lang='grc' dir='ltr'>ἀπαθεῖς</span> <span class='ocrx_word' id='word_1_338' title='bbox 274 2685 588 2756; x_wconf 82' lang='grc' dir='ltr'>γιγνόμενοι</span> <span class='ocrx_word' id='word_1_339' title='bbox 646 2688 709 2739; x_wconf 84' lang='grc' dir='ltr'>ἐκ</span> <span class='ocrx_word' id='word_1_340' title='bbox 755 2686 848 2739; x_wconf 85' lang='grc' dir='ltr'><strong>τοῦ</strong></span> <span class='ocrx_word' id='word_1_341' title='bbox 893 2686 1164 2740; x_wconf 78' lang='grc' dir='ltr'>δουλεύειν</span> <span class='ocrx_word' id='word_1_342' title='bbox 1212 2687 1289 2759; x_wconf 81' lang='grc' dir='ltr'>τῷ</span> <span class='ocrx_word' id='word_1_343' title='bbox 1326 2689 1419 2741; x_wconf 74' lang='grc' dir='ltr'><strong>ἐπὶ</strong></span> <span class='ocrx_word' id='word_1_344' title='bbox 1468 2691 1600 2746; x_wconf 75' lang='grc' dir='ltr'>πᾶσι</span> 
     </span>
    </p>
   </div>
   <div class='ocr_carea' id='block_1_46' title="bbox 57 2773 1596 2851">
    <p class='ocr_par' dir='ltr' id='par_1_46' title="bbox 57 2773 1596 2851">
     <span class='ocr_line' id='line_1_46' title="bbox 57 2773 1596 2851; baseline 0.008 -28"><span class='ocrx_word' id='word_1_345' title='bbox 57 2773 139 2842; x_wconf 80' lang='grc' dir='ltr'>θεῷ</span> <span class='ocrx_word' id='word_1_346' title='bbox 171 2774 246 2826; x_wconf 76' lang='grc' dir='ltr'><strong>διὰ</strong></span> <span class='ocrx_word' id='word_1_347' title='bbox 287 2775 374 2828; x_wconf 89' lang='grc' dir='ltr'><strong>τοῦ</strong></span> <span class='ocrx_word' id='word_1_348' title='bbox 429 2777 758 2847; x_wconf 79' lang='grc' dir='ltr'>μονογενοῦς</span> <span class='ocrx_word' id='word_1_349' title='bbox 807 2778 971 2831; x_wconf 77' lang='grc' dir='ltr'>αὐτοῦ</span> <span class='ocrx_word' id='word_1_350' title='bbox 1033 2781 1209 2848; x_wconf 88' lang='grc' dir='ltr'>Λόγου</span> <span class='ocrx_word' id='word_1_351' title='bbox 1264 2781 1356 2833; x_wconf 74' lang='grc' dir='ltr'><strong>καὶ</strong></span> <span class='ocrx_word' id='word_1_352' title='bbox 1387 2782 1596 2851; x_wconf 70' lang='grc' dir='ltr'>σοφίας.</span> 
     </span>
    </p>
   </div>
   <div class='ocr_carea' id='block_1_47' title="bbox 108 2866 1597 2942">
    <p class='ocr_par' dir='ltr' id='par_1_47' title="bbox 108 2866 1597 2942">
     <span class='ocr_line' id='line_1_47' title="bbox 108 2866 1597 2942; baseline 0.007 -24"><span class='ocrx_word' id='word_1_353' title='bbox 108 2866 220 2936; x_wconf 82' lang='grc' dir='ltr'>’θρα</span> <span class='ocrx_word' id='word_1_354' title='bbox 260 2868 312 2920; x_wconf 78' lang='grc' dir='ltr'>δὲ</span> <span class='ocrx_word' id='word_1_355' title='bbox 347 2869 463 2933; x_wconf 86' lang='grc' dir='ltr'><strong>πῶς</strong></span> <span class='ocrx_word' id='word_1_356' title='bbox 518 2870 880 2925; x_wconf 82' lang='grc' dir='ltr'>ἀϐασάνιστόν</span> <span class='ocrx_word' id='word_1_357' title='bbox 904 2872 1019 2924; x_wconf 80' lang='grc' dir='ltr'>ἐστι</span> <span class='ocrx_word' id='word_1_358' title='bbox 1049 2875 1137 2939; x_wconf 83' lang='grc' dir='ltr'><strong>τὸ,</strong></span> <span class='ocrx_word' id='word_1_359' title='bbox 1173 2875 1241 2927; x_wconf 84' lang='lat' dir='ltr'><strong>El</strong></span> <span class='ocrx_word' id='word_1_360' title='bbox 1271 2872 1380 2942; x_wconf 77' lang='grc' dir='ltr'><strong>γάρ</strong></span> <span class='ocrx_word' id='word_1_361' title='bbox 1411 2892 1466 2927; x_wconf 86' lang='grc' dir='ltr'><strong>τι</strong></span> <span class='ocrx_word' id='word_1_362' title='bbox 1501 2875 1597 2929; x_wconf 78' lang='grc' dir='ltr'><strong>καὶ</strong></span> 
     </span>
    </p>
   </div>
   <div class='ocr_carea' id='block_1_48' title="bbox 55 2952 1598 3034">
    <p class='ocr_par' dir='ltr' id='par_1_48' title="bbox 55 2952 1598 3034">
     <span class='ocr_line' id='line_1_48' title="bbox 55 2952 1598 3034; baseline 0.008 -27"><span class='ocrx_word' id='word_1_363' title='bbox 55 2952 165 3008; x_wconf 71' lang='grc' dir='ltr'>ἄλλο</span> <span class='ocrx_word' id='word_1_364' title='bbox 192 2955 296 3010; x_wconf 79' lang='grc' dir='ltr'><strong>τῶν</strong></span> <span class='ocrx_word' id='word_1_365' title='bbox 318 2959 385 3011; x_wconf 79' lang='grc' dir='ltr'>ἐν</span> <span class='ocrx_word' id='word_1_366' title='bbox 420 2960 552 3024; x_wconf 82' lang='grc' dir='ltr'>τοῖς</span> <span class='ocrx_word' id='word_1_367' title='bbox 573 2959 735 3026; x_wconf 78' lang='grc' dir='ltr'>ὅλοις</span> <span class='ocrx_word' id='word_1_368' title='bbox 767 2964 1156 3029; x_wconf 75' lang='grc' dir='ltr'>θεραπεύσεις</span> <span class='ocrx_word' id='word_1_369' title='bbox 1176 2980 1190 2993; x_wconf 68' lang='grc'><strong>⁸</strong></span> <span class='ocrx_word' id='word_1_370' title='bbox 1229 2965 1286 3017; x_wconf 81' lang='grc' dir='ltr'>ὲν</span> <span class='ocrx_word' id='word_1_371' title='bbox 1316 2958 1359 3031; x_wconf 81' lang='grc' dir='ltr'><strong>ᾧ</strong></span> <span class='ocrx_word' id='word_1_372' title='bbox 1387 2966 1598 3034; x_wconf 77' lang='grc' dir='ltr'>ἐμφαί-</span> 
     </span>
    </p>
   </div>
   <div class='ocr_carea' id='block_1_49' title="bbox 54 3049 1598 3129">
    <p class='ocr_par' dir='ltr' id='par_1_49' title="bbox 54 3049 1598 3129">
     <span class='ocr_line' id='line_1_49' title="bbox 54 3049 1598 3129; baseline 0.01 -32"><span class='ocrx_word' id='word_1_373' title='bbox 54 3063 158 3100; x_wconf 76' lang='grc' dir='ltr'>νεται</span> <span class='ocrx_word' id='word_1_374' title='bbox 191 3049 277 3122; x_wconf 75' lang='grc' dir='ltr'><strong>τὴν</strong></span> <span class='ocrx_word' id='word_1_375' title='bbox 314 3051 405 3105; x_wconf 84' lang='grc' dir='ltr'><strong>τοῦ</strong></span> <span class='ocrx_word' id='word_1_376' title='bbox 443 3052 585 3105; x_wconf 84' lang='grc' dir='ltr'>Θεοῦ</span> <span class='ocrx_word' id='word_1_377' title='bbox 627 3053 924 3124; x_wconf 85' lang='grc' dir='ltr'>θεραπείαν</span> <span class='ocrx_word' id='word_1_378' title='bbox 967 3057 1135 3128; x_wconf 76' lang='grc' dir='ltr'>χωρὶς</span> <span class='ocrx_word' id='word_1_379' title='bbox 1176 3058 1357 3128; x_wconf 83' lang='grc' dir='ltr'>πάσης</span> <span class='ocrx_word' id='word_1_380' title='bbox 1395 3057 1598 3129; x_wconf 86' lang='grc' dir='ltr'>βλάϐης</span> 
     </span>
    </p>
   </div>
   <div class='ocr_carea' id='block_1_50' title="bbox 53 3141 1590 3216">
    <p class='ocr_par' dir='ltr' id='par_1_50' title="bbox 53 3141 1590 3216">
     <span class='ocr_line' id='line_1_50' title="bbox 53 3141 1590 3216; baseline 0.007 -23"><span class='ocrx_word' id='word_1_381' title='bbox 53 3141 165 3209; x_wconf 70' lang='grc' dir='ltr'>ἡμῶν</span> <span class='ocrx_word' id='word_1_382' title='bbox 188 3145 320 3213; x_wconf 79' lang='grc' dir='ltr'>ἡμᾶς</span> <span class='ocrx_word' id='word_1_383' title='bbox 349 3146 652 3216; x_wconf 70' lang='grc' dir='ltr'>προσάγειν</span> <span class='ocrx_word' id='word_1_384' title='bbox 683 3147 1016 3214; x_wconf 81' lang='grc' dir='ltr'>ἁπαξαπλῶς</span> <span class='ocrx_word' id='word_1_385' title='bbox 1045 3167 1150 3202; x_wconf 89' lang='grc' dir='ltr'>τινι</span> <span class='ocrx_word' id='word_1_386' title='bbox 1178 3150 1284 3204; x_wconf 83' lang='grc' dir='ltr'><strong>τῶν</strong></span> <span class='ocrx_word' id='word_1_387' title='bbox 1315 3149 1408 3204; x_wconf 81' lang='grc' dir='ltr'><strong>τοῦ</strong></span> <span class='ocrx_word' id='word_1_388' title='bbox 1433 3151 1590 3203; x_wconf 88' lang='grc' dir='ltr'>Θεοῦ.</span> 
     </span>
    </p>
   </div>
   <div class='ocr_carea' id='block_1_51' title="bbox 61 3232 1588 3312">
    <p class='ocr_par' dir='ltr' id='par_1_51' title="bbox 61 3232 1588 3312">
     <span class='ocr_line' id='line_1_51' title="bbox 61 3232 1588 3312; baseline 0.008 -26"><span class='ocrx_word' id='word_1_389' title='bbox 61 3232 159 3286; x_wconf 80' lang='grc' dir='ltr'>Ἀλλ’</span> <span class='ocrx_word' id='word_1_390' title='bbox 186 3235 408 3308; x_wconf 73' lang='grc' dir='ltr'>ὡσπερεὶ</span> <span class='ocrx_word' id='word_1_391' title='bbox 441 3237 727 3308; x_wconf 74' lang='grc' dir='ltr'>αἰσθηθεὶς</span> <span class='ocrx_word' id='word_1_392' title='bbox 760 3241 952 3294; x_wconf 81' lang='grc' dir='ltr'>ἑαυτοῦ</span> <span class='ocrx_word' id='word_1_393' title='bbox 987 3243 1086 3312; x_wconf 80' lang='grc' dir='ltr'>οὐχ</span> <span class='ocrx_word' id='word_1_394' title='bbox 1120 3242 1288 3311; x_wconf 83' lang='grc' dir='ltr'>ὑγιῶς</span> <span class='ocrx_word' id='word_1_395' title='bbox 1315 3245 1557 3308; x_wconf 78' lang='grc' dir='ltr'>εἰπόντος</span> <span class='ocrx_word' id='word_1_396' title='bbox 1577 3263 1588 3275; x_wconf 81' lang='lat'><strong>&#39;</strong></span> 
     </span>
    </p>
   </div>
   <div class='ocr_carea' id='block_1_52' title="bbox 48 3325 1592 3405">
    <p class='ocr_par' dir='ltr' id='par_1_52' title="bbox 48 3325 1592 3405">
     <span class='ocr_line' id='line_1_52' title="bbox 48 3325 1592 3405; baseline 0.01 -30"><span class='ocrx_word' id='word_1_397' title='bbox 48 3325 93 3375; x_wconf 79' lang='lat' dir='ltr'><em>El</em></span> <span class='ocrx_word' id='word_1_398' title='bbox 126 3327 214 3394; x_wconf 62' lang='lat' dir='ltr'><strong>71ip</strong></span> <span class='ocrx_word' id='word_1_399' title='bbox 252 3347 298 3382; x_wconf 89' lang='grc' dir='ltr'><strong>τι</strong></span> <span class='ocrx_word' id='word_1_400' title='bbox 333 3331 432 3384; x_wconf 81' lang='grc' dir='ltr'><strong>καὶ</strong></span> <span class='ocrx_word' id='word_1_401' title='bbox 480 3330 644 3384; x_wconf 78' lang='grc' dir='ltr'>ἄλλο</span> <span class='ocrx_word' id='word_1_402' title='bbox 686 3330 802 3385; x_wconf 81' lang='grc' dir='ltr'>τῶν</span> <span class='ocrx_word' id='word_1_403' title='bbox 838 3334 909 3386; x_wconf 83' lang='grc' dir='ltr'>ἐν</span> <span class='ocrx_word' id='word_1_404' title='bbox 949 3334 1074 3399; x_wconf 86' lang='grc' dir='ltr'>τοῖς</span> <span class='ocrx_word' id='word_1_405' title='bbox 1107 3335 1274 3401; x_wconf 70' lang='grc' dir='ltr'>ὅλοις</span> <span class='ocrx_word' id='word_1_406' title='bbox 1305 3338 1592 3405; x_wconf 79' lang='grc' dir='ltr'>θεραπεύ-</span> 
     </span>
    </p>
   </div>
   <div class='ocr_carea' id='block_1_53' title="bbox 49 3417 1594 3504">
    <p class='ocr_par' dir='ltr' id='par_1_53' title="bbox 49 3417 1594 3504">
     <span class='ocr_line' id='line_1_53' title="bbox 49 3417 1594 3504; baseline 0.01 -38"><span class='ocrx_word' id='word_1_407' title='bbox 49 3431 142 3482; x_wconf 79' lang='grc' dir='ltr'>σεις</span> <span class='ocrx_word' id='word_1_408' title='bbox 169 3420 285 3489; x_wconf 71' lang='grc'><strong>(32),</strong></span> <span class='ocrx_word' id='word_1_409' title='bbox 321 3417 414 3474; x_wconf 76' lang='grc' dir='ltr'>εἴτ’</span> <span class='ocrx_word' id='word_1_410' title='bbox 450 3422 901 3495; x_wconf 80' lang='grc' dir='ltr'>ὲπαναλαμϐάνει</span> <span class='ocrx_word' id='word_1_411' title='bbox 954 3427 1050 3480; x_wconf 76' lang='grc' dir='ltr'>καὶ</span> <span class='ocrx_word' id='word_1_412' title='bbox 1102 3427 1389 3497; x_wconf 84' lang='grc' dir='ltr'>διόρθωσιν</span> <span class='ocrx_word' id='word_1_413' title='bbox 1427 3447 1594 3504; x_wconf 88' lang='grc' dir='ltr'>προσ-</span> 
     </span>
    </p>
   </div>
   <div class='ocr_carea' id='block_1_54' title="bbox 48 3507 1591 3589">
    <p class='ocr_par' dir='ltr' id='par_1_54' title="bbox 48 3507 1591 3589">
     <span class='ocr_line' id='line_1_54' title="bbox 48 3507 1591 3589; baseline 0.011 -32"><span class='ocrx_word' id='word_1_414' title='bbox 48 3507 134 3573; x_wconf 75' lang='grc' dir='ltr'>άγει</span> <span class='ocrx_word' id='word_1_415' title='bbox 176 3510 244 3582; x_wconf 82' lang='grc' dir='ltr'><strong>τῷ</strong></span> <span class='ocrx_word' id='word_1_416' title='bbox 287 3513 601 3585; x_wconf 77' lang='grc' dir='ltr'>λεγομένῳο</span> <span class='ocrx_word' id='word_1_417' title='bbox 653 3515 749 3569; x_wconf 78' lang='grc' dir='ltr'><strong>Ἐν</strong></span> <span class='ocrx_word' id='word_1_418' title='bbox 779 3519 970 3584; x_wconf 80' lang='grc' dir='ltr'>τούτῳ</span> <span class='ocrx_word' id='word_1_419' title='bbox 1016 3517 1146 3571; x_wconf 83' lang='grc' dir='ltr'>οὐδ’</span> <span class='ocrx_word' id='word_1_420' title='bbox 1173 3518 1376 3582; x_wconf 79' lang='grc' dir='ltr'>ἔξεστι</span> <span class='ocrx_word' id='word_1_421' title='bbox 1424 3519 1591 3589; x_wconf 79' lang='grc' dir='ltr'>τιμᾶ-</span> 
     </span>
    </p>
   </div>
   <div class='ocr_carea' id='block_1_55' title="bbox 49 3604 1586 3676">
    <p class='ocr_par' dir='ltr' id='par_1_55' title="bbox 49 3604 1586 3676">
     <span class='ocr_line' id='line_1_55' title="bbox 49 3604 1586 3676; baseline 0.012 -28"><span class='ocrx_word' id='word_1_422' title='bbox 49 3604 150 3653; x_wconf 70' lang='grc' dir='ltr'>σθαι</span> <span class='ocrx_word' id='word_1_423' title='bbox 191 3605 396 3668; x_wconf 78' lang='grc' dir='ltr'>οὐδενὶ,</span> <span class='ocrx_word' id='word_1_424' title='bbox 427 3607 546 3675; x_wconf 83' lang='grc' dir='ltr'><strong>ὅτῳ</strong></span> <span class='ocrx_word' id='word_1_425' title='bbox 578 3607 666 3676; x_wconf 78' lang='grc' dir='ltr'>μὴ</span> <span class='ocrx_word' id='word_1_426' title='bbox 715 3609 783 3673; x_wconf 82' lang='grc' dir='ltr'><strong>ἐξ</strong></span> <span class='ocrx_word' id='word_1_427' title='bbox 823 3609 1060 3664; x_wconf 85' lang='grc' dir='ltr'>ἐκείνου</span> <span class='ocrx_word' id='word_1_428' title='bbox 1101 3611 1278 3666; x_wconf 86' lang='grc' dir='ltr'>τοῦτο</span> <span class='ocrx_word' id='word_1_429' title='bbox 1329 3611 1586 3667; x_wconf 82' lang='grc' dir='ltr'>δέδοται.</span> 
     </span>
    </p>
   </div>
   <div class='ocr_carea' id='block_1_56' title="bbox 49 3692 1592 3777">
    <p class='ocr_par' dir='ltr' id='par_1_56' title="bbox 49 3692 1592 3777">
     <span class='ocr_line' id='line_1_56' title="bbox 49 3692 1592 3777; baseline 0.011 -35"><span class='ocrx_word' id='word_1_430' title='bbox 49 3692 126 3746; x_wconf 72' lang='grc' dir='ltr'>Καὶ</span> <span class='ocrx_word' id='word_1_431' title='bbox 155 3697 431 3769; x_wconf 80' lang='grc' dir='ltr'>πυθώμεθα</span> <span class='ocrx_word' id='word_1_432' title='bbox 472 3700 570 3753; x_wconf 85' lang='grc' dir='ltr'><strong>τοῦ</strong></span> <span class='ocrx_word' id='word_1_433' title='bbox 608 3701 815 3755; x_wconf 83' lang='grc' dir='ltr'>Κέλσου</span> <span class='ocrx_word' id='word_1_434' title='bbox 854 3705 982 3775; x_wconf 80' lang='grc' dir='ltr'>περὶ</span> <span class='ocrx_word' id='word_1_435' title='bbox 1013 3705 1122 3758; x_wconf 83' lang='grc' dir='ltr'><strong>τῶν</strong></span> <span class='ocrx_word' id='word_1_436' title='bbox 1155 3706 1484 3777; x_wconf 83' lang='grc' dir='ltr'>τιμωμένων</span> <span class='ocrx_word' id='word_1_437' title='bbox 1515 3705 1592 3771; x_wconf 82' lang='grc' dir='ltr'>ὡς</span> 
     </span>
    </p>
   </div>
   <div class='ocr_carea' id='block_1_57' title="bbox 49 3780 1586 3866">
    <p class='ocr_par' dir='ltr' id='par_1_57' title="bbox 49 3780 1586 3866">
     <span class='ocr_line' id='line_1_57' title="bbox 49 3780 1586 3866; baseline 0.004 -20"><span class='ocrx_word' id='word_1_438' title='bbox 49 3780 164 3846; x_wconf 68' lang='grc' dir='ltr'>θεῶν,</span> <span class='ocrx_word' id='word_1_439' title='bbox 187 3787 215 3857; x_wconf 82' lang='grc' dir='ltr'>ἢ</span> <span class='ocrx_word' id='word_1_440' title='bbox 239 3788 581 3863; x_wconf 77' lang='grc' dir='ltr'>δαιμόνων,ῆ</span> <span class='ocrx_word' id='word_1_441' title='bbox 617 3793 709 3845; x_wconf 75' lang='grc' dir='ltr'>καὶ</span> <span class='ocrx_word' id='word_1_442' title='bbox 743 3793 958 3864; x_wconf 83' lang='grc' dir='ltr'>ἡρώων,</span> <span class='ocrx_word' id='word_1_443' title='bbox 991 3797 1096 3849; x_wconf 84' lang='grc' dir='ltr'>ὅτι·</span> <span class='ocrx_word' id='word_1_444' title='bbox 1132 3796 1329 3861; x_wconf 86' lang='grc' dir='ltr'>Πόθεν,</span> <span class='ocrx_word' id='word_1_445' title='bbox 1352 3792 1586 3866; x_wconf 74' lang='grc' dir='ltr'>ὧοῦτος,</span> 
     </span>
    </p>
   </div>
   <div class='ocr_carea' id='block_1_58' title="bbox 46 3872 1590 3954">
    <p class='ocr_par' dir='ltr' id='par_1_58' title="bbox 46 3872 1590 3954">
     <span class='ocr_line' id='line_1_58' title="bbox 46 3872 1590 3954; baseline 0.014 -32"><span class='ocrx_word' id='word_1_446' title='bbox 46 3872 364 3933; x_wconf 77' lang='grc' dir='ltr'>ἀποδεικνύναι</span> <span class='ocrx_word' id='word_1_447' title='bbox 409 3881 578 3952; x_wconf 79' lang='grc' dir='ltr'>ἔχεις,</span> <span class='ocrx_word' id='word_1_448' title='bbox 612 3883 692 3936; x_wconf 84' lang='grc' dir='ltr'><strong>ὄτι</strong></span> <span class='ocrx_word' id='word_1_449' title='bbox 737 3885 843 3938; x_wconf 85' lang='grc' dir='ltr'><strong>ἀπὸ</strong></span> <span class='ocrx_word' id='word_1_450' title='bbox 885 3887 978 3940; x_wconf 82' lang='grc' dir='ltr'><strong>τοῦ</strong></span> <span class='ocrx_word' id='word_1_451' title='bbox 1027 3887 1163 3941; x_wconf 89' lang='grc' dir='ltr'>Θεοῦ</span> <span class='ocrx_word' id='word_1_452' title='bbox 1199 3889 1407 3954; x_wconf 79' lang='grc' dir='ltr'>τούτοις</span> <span class='ocrx_word' id='word_1_453' title='bbox 1446 3890 1590 3943; x_wconf 86' lang='grc' dir='ltr'>δέδο-</span> 
     </span>
    </p>
   </div>
   <div class='ocr_carea' id='block_1_59' title="bbox 45 3968 1588 4052">
    <p class='ocr_par' dir='ltr' id='par_1_59' title="bbox 45 3968 1588 4052">
     <span class='ocr_line' id='line_1_59' title="bbox 45 3968 1588 4052; baseline 0.013 -37"><span class='ocrx_word' id='word_1_454' title='bbox 45 3968 172 4020; x_wconf 55' lang='lat' dir='ltr'><strong>meo</strong></span> <span class='ocrx_word' id='word_1_455' title='bbox 197 3973 465 4040; x_wconf 74' lang='grc' dir='ltr'>τιμᾶσθαι,</span> <span class='ocrx_word' id='word_1_456' title='bbox 500 3975 596 4027; x_wconf 74' lang='grc' dir='ltr'>καὶ</span> <span class='ocrx_word' id='word_1_457' title='bbox 628 3976 745 4045; x_wconf 76' lang='grc' dir='ltr'>οὐχὶ</span> <span class='ocrx_word' id='word_1_458' title='bbox 787 3979 894 4030; x_wconf 78' lang='grc' dir='ltr'><strong>ἀπὸ</strong></span> <span class='ocrx_word' id='word_1_459' title='bbox 938 3980 1170 4048; x_wconf 78' lang='grc' dir='ltr'>ἀγνοίας</span> <span class='ocrx_word' id='word_1_460' title='bbox 1215 3983 1308 4036; x_wconf 74' lang='grc' dir='ltr'>καὶ</span> <span class='ocrx_word' id='word_1_461' title='bbox 1348 3983 1588 4052; x_wconf 81' lang='grc' dir='ltr'>ἀμαθίας</span> 
     </span>
    </p>
   </div>
   <div class='ocr_carea' id='block_1_60' title="bbox 44 4057 1584 4139">
    <p class='ocr_par' dir='ltr' id='par_1_60' title="bbox 44 4057 1584 4139">
     <span class='ocr_line' id='line_1_60' title="bbox 44 4057 1584 4139; baseline 0.015 -34"><span class='ocrx_word' id='word_1_462' title='bbox 44 4057 333 4136; x_wconf 75' lang='grc' dir='ltr'>ἀνθρωπίνης</span> <span class='ocrx_word' id='word_1_463' title='bbox 365 4066 738 4138; x_wconf 86' lang='grc' dir='ltr'>πλανωμένων</span> <span class='ocrx_word' id='word_1_464' title='bbox 775 4068 884 4139; x_wconf 75' lang='grc'><strong>(55)</strong></span> <span class='ocrx_word' id='word_1_465' title='bbox 914 4071 1008 4124; x_wconf 75' lang='grc' dir='ltr'>καὶ</span> <span class='ocrx_word' id='word_1_466' title='bbox 1039 4072 1460 4129; x_wconf 85' lang='grc' dir='ltr'>ἀποπιπτόντων</span> <span class='ocrx_word' id='word_1_467' title='bbox 1491 4074 1584 4128; x_wconf 86' lang='grc' dir='ltr'><strong>τοῦ</strong></span> 
     </span>
    </p>
   </div>
   <div class='ocr_carea' id='block_1_61' title="bbox 45 4152 1585 4238">
    <p class='ocr_par' dir='ltr' id='par_1_61' title="bbox 45 4152 1585 4238">
     <span class='ocr_line' id='line_1_61' title="bbox 45 4152 1585 4238; baseline 0.03 -41"><span class='ocrx_word' id='word_1_468' title='bbox 45 4152 196 4218; x_wconf 72' lang='grc' dir='ltr'>κυρίως</span> <span class='ocrx_word' id='word_1_469' title='bbox 233 4159 569 4229; x_wconf 83' lang='grc' dir='ltr'>τιμωμένου;</span> <span class='ocrx_word' id='word_1_470' title='bbox 617 4160 853 4229; x_wconf 74' lang='grc' dir='ltr'>Τιμᾶται</span> <span class='ocrx_word' id='word_1_471' title='bbox 898 4163 1051 4232; x_wconf 79' lang='grc' dir='ltr'>γοῦν,</span> <span class='ocrx_word' id='word_1_472' title='bbox 1084 4166 1159 4229; x_wconf 81' lang='grc' dir='ltr'>ὡς</span> <span class='ocrx_word' id='word_1_473' title='bbox 1199 4166 1305 4238; x_wconf 78' lang='grc' dir='ltr'><strong>πρὸ</strong></span> <span class='ocrx_word' id='word_1_474' title='bbox 1359 4167 1585 4238; x_wconf 76' lang='grc' dir='ltr'>βραχέος</span> 
     </span>
    </p>
   </div>
   <div class='ocr_carea' id='block_1_62' title="bbox 44 4240 1582 4330">
    <p class='ocr_par' dir='ltr' id='par_1_62' title="bbox 44 4240 1582 4330">
     <span class='ocr_line' id='line_1_62' title="bbox 44 4240 1582 4330; baseline 0.007 -29"><span class='ocrx_word' id='word_1_475' title='bbox 44 4240 196 4310; x_wconf 64' lang='grc' dir='ltr'><strong>ἒλε’ίες,</strong></span> <span class='ocrx_word' id='word_1_476' title='bbox 215 4242 256 4301; x_wconf 75' lang='grc' dir='ltr'><strong>ὦ</strong></span> <span class='ocrx_word' id='word_1_477' title='bbox 281 4251 473 4313; x_wconf 82' lang='grc' dir='ltr'>Κέλσε,</span> <span class='ocrx_word' id='word_1_478' title='bbox 495 4252 566 4305; x_wconf 67' lang='grc' dir='ltr'>τὰ</span> <span class='ocrx_word' id='word_1_479' title='bbox 602 4251 877 4321; x_wconf 83' lang='grc' dir='ltr'>Ἀδριανοῦ</span> <span class='ocrx_word' id='word_1_480' title='bbox 905 4255 1134 4310; x_wconf 78' lang='grc' dir='ltr'>παιδικά</span> <span class='ocrx_word' id='word_1_481' title='bbox 1158 4275 1170 4287; x_wconf 93' lang='grc'><strong>·</strong></span> <span class='ocrx_word' id='word_1_482' title='bbox 1197 4259 1289 4310; x_wconf 76' lang='grc' dir='ltr'><strong>καὶ</strong></span> <span class='ocrx_word' id='word_1_483' title='bbox 1320 4260 1380 4312; x_wconf 85' lang='grc' dir='ltr'><strong>ού</strong></span> <span class='ocrx_word' id='word_1_484' title='bbox 1411 4259 1582 4330; x_wconf 83' lang='grc' dir='ltr'>δήπου</span> 
     </span>
    </p>
   </div>
   <div class='ocr_carea' id='block_1_63' title="bbox 44 4332 1586 4423">
    <p class='ocr_par' dir='ltr' id='par_1_63' title="bbox 44 4332 1586 4423">
     <span class='ocr_line' id='line_1_63' title="bbox 44 4332 1586 4423; baseline 0.008 -30"><span class='ocrx_word' id='word_1_485' title='bbox 44 4332 164 4404; x_wconf 70' lang='grc' dir='ltr'><strong>ἐρεῖς,</strong></span> <span class='ocrx_word' id='word_1_486' title='bbox 202 4342 274 4395; x_wconf 79' lang='grc' dir='ltr'>ὅτι</span> <span class='ocrx_word' id='word_1_487' title='bbox 305 4345 411 4397; x_wconf 81' lang='grc' dir='ltr'><strong>ἀπὸ</strong></span> <span class='ocrx_word' id='word_1_488' title='bbox 453 4345 548 4399; x_wconf 86' lang='grc' dir='ltr'><strong>τοῦ</strong></span> <span class='ocrx_word' id='word_1_489' title='bbox 593 4343 730 4398; x_wconf 85' lang='grc' dir='ltr'>Θεοῦ</span> <span class='ocrx_word' id='word_1_490' title='bbox 771 4346 878 4400; x_wconf 80' lang='grc' dir='ltr'>τῶν</span> <span class='ocrx_word' id='word_1_491' title='bbox 916 4349 1053 4402; x_wconf 88' lang='grc' dir='ltr'>ὂλων</span> <span class='ocrx_word' id='word_1_492' title='bbox 1099 4350 1304 4404; x_wconf 81' lang='grc' dir='ltr'>δέδοται</span> <span class='ocrx_word' id='word_1_493' title='bbox 1333 4353 1392 4405; x_wconf 83' lang='grc' dir='ltr'><strong>τὸ</strong></span> <span class='ocrx_word' id='word_1_494' title='bbox 1425 4354 1586 4423; x_wconf 79' lang='grc' dir='ltr'>τιμᾶ-</span> 
     </span>
    </p>
   </div>
   <div class='ocr_carea' id='block_1_64' title="bbox 1708 1864 3298 1931">
    <p class='ocr_par' dir='ltr' id='par_1_64' title="bbox 1708 1864 3298 1931">
     <span class='ocr_line' id='line_1_64' title="bbox 1708 1864 3298 1931; baseline -0.001 -12"><span class='ocrx_word' id='word_1_495' title='bbox 1708 1867 1940 1922; x_wconf 85' lang='lat' dir='ltr'><strong>diversis</strong></span> <span class='ocrx_word' id='word_1_496' title='bbox 1989 1867 2044 1921; x_wconf 91' lang='lat' dir='ltr'><strong>in</strong></span> <span class='ocrx_word' id='word_1_497' title='bbox 2090 1865 2226 1920; x_wconf 88' lang='lat' dir='ltr'><strong>locis</strong></span> <span class='ocrx_word' id='word_1_498' title='bbox 2257 1873 2464 1920; x_wconf 87' lang='lat' dir='ltr'><strong>essent.</strong></span> <span class='ocrx_word' id='word_1_499' title='bbox 2498 1864 2652 1931; x_wconf 87' lang='lat' dir='ltr'><strong>Quod</strong></span> <span class='ocrx_word' id='word_1_500' title='bbox 2708 1865 2751 1917; x_wconf 90' lang='lat' dir='ltr'><strong>si</strong></span> <span class='ocrx_word' id='word_1_501' title='bbox 2806 1881 2904 1919; x_wconf 87' lang='lat' dir='ltr'><strong>nec</strong></span> <span class='ocrx_word' id='word_1_502' title='bbox 2954 1865 3055 1918; x_wconf 87' lang='lat' dir='ltr'><strong>iste</strong></span> <span class='ocrx_word' id='word_1_503' title='bbox 3103 1878 3298 1918; x_wconf 90' lang='lat' dir='ltr'><strong>sensus</strong></span> 
     </span>
    </p>
   </div>
   <div class='ocr_carea' id='block_1_65' title="bbox 1708 1956 3296 2027">
    <p class='ocr_par' dir='ltr' id='par_1_65' title="bbox 1708 1956 3296 2027">
     <span class='ocr_line' id='line_1_65' title="bbox 1708 1956 3296 2027; baseline -0.003 -12"><span class='ocrx_word' id='word_1_504' title='bbox 1708 1959 1997 2027; x_wconf 79' lang='lat' dir='ltr'><strong>convenit,</strong></span> <span class='ocrx_word' id='word_1_505' title='bbox 2032 1958 2165 2012; x_wconf 86' lang='lat' dir='ltr'><strong>hinc</strong></span> <span class='ocrx_word' id='word_1_506' title='bbox 2217 1956 2419 2011; x_wconf 84' lang='lat' dir='ltr'><strong>frustra</strong></span> <span class='ocrx_word' id='word_1_507' title='bbox 2449 1957 2603 2011; x_wconf 85' lang='lat' dir='ltr'><strong>duxit</strong></span> <span class='ocrx_word' id='word_1_508' title='bbox 2646 1957 2955 2026; x_wconf 83' lang='lat' dir='ltr'><strong>exemplum</strong></span> <span class='ocrx_word' id='word_1_509' title='bbox 2995 1957 3060 2009; x_wconf 89' lang='lat' dir='ltr'><strong>ad</strong></span> <span class='ocrx_word' id='word_1_510' title='bbox 3113 1972 3296 2026; x_wconf 79' lang='lat' dir='ltr'><strong>repre-</strong></span> 
     </span>
    </p>
   </div>
   <div class='ocr_carea' id='block_1_66' title="bbox 1708 2045 3296 2116">
    <p class='ocr_par' dir='ltr' id='par_1_66' title="bbox 1708 2045 3296 2116">
     <span class='ocr_line' id='line_1_66' title="bbox 1708 2045 3296 2116; baseline -0.004 -12"><span class='ocrx_word' id='word_1_511' title='bbox 1708 2048 2051 2104; x_wconf 87' lang='lat' dir='ltr'><strong>bendendum</strong></span> <span class='ocrx_word' id='word_1_512' title='bbox 2085 2047 2266 2103; x_wconf 85' lang='lat' dir='ltr'><strong>istud:</strong></span> <span class='ocrx_word' id='word_1_513' title='bbox 2304 2045 2473 2100; x_wconf 87' lang='lat' dir='ltr'><strong>Nemo</strong></span> <span class='ocrx_word' id='word_1_514' title='bbox 2495 2055 2665 2116; x_wconf 77' lang='lat' dir='ltr'><strong>potest</strong></span> <span class='ocrx_word' id='word_1_515' title='bbox 2699 2047 2904 2100; x_wconf 85' lang='lat' dir='ltr'><strong>duobus</strong></span> <span class='ocrx_word' id='word_1_516' title='bbox 2939 2046 3164 2100; x_wconf 78' lang='lat' dir='ltr'><strong>dominis</strong></span> <span class='ocrx_word' id='word_1_517' title='bbox 3186 2062 3296 2100; x_wconf 76' lang='lat' dir='ltr'><strong>ser-</strong></span> 
     </span>
    </p>
   </div>
   <div class='ocr_carea' id='block_1_67' title="bbox 1705 2135 3295 2206">
    <p class='ocr_par' dir='ltr' id='par_1_67' title="bbox 1705 2135 3295 2206">
     <span class='ocr_line' id='line_1_67' title="bbox 1705 2135 3295 2206; baseline -0.002 -13"><span class='ocrx_word' id='word_1_518' title='bbox 1705 2141 1810 2194; x_wconf 79' lang='lat' dir='ltr'><strong>vire</strong></span> <span class='ocrx_word' id='word_1_519' title='bbox 1831 2138 1910 2205; x_wconf 80' lang='lat'><strong>&quot;;</strong></span> <span class='ocrx_word' id='word_1_520' title='bbox 1959 2137 2102 2206; x_wconf 90' lang='lat' dir='ltr'><strong>quod</strong></span> <span class='ocrx_word' id='word_1_521' title='bbox 2138 2137 2319 2206; x_wconf 81' lang='lat' dir='ltr'><strong>potius</strong></span> <span class='ocrx_word' id='word_1_522' title='bbox 2344 2152 2529 2192; x_wconf 85' lang='lat' dir='ltr'><strong>verum</strong></span> <span class='ocrx_word' id='word_1_523' title='bbox 2556 2146 2639 2192; x_wconf 88' lang='lat' dir='ltr'><strong>est</strong></span> <span class='ocrx_word' id='word_1_524' title='bbox 2667 2153 2787 2191; x_wconf 88' lang='lat' dir='ltr'><strong>cum</strong></span> <span class='ocrx_word' id='word_1_525' title='bbox 2822 2135 3056 2190; x_wconf 79' lang='lat' dir='ltr'><strong>refertur</strong></span> <span class='ocrx_word' id='word_1_526' title='bbox 3083 2135 3150 2189; x_wconf 88' lang='lat' dir='ltr'><strong>ad</strong></span> <span class='ocrx_word' id='word_1_527' title='bbox 3177 2149 3295 2190; x_wconf 87' lang='lat' dir='ltr'><strong>ser-</strong></span> 
     </span>
    </p>
   </div>
   <div class='ocr_carea' id='block_1_68' title="bbox 1705 2229 3294 2301">
    <p class='ocr_par' dir='ltr' id='par_1_68' title="bbox 1705 2229 3294 2301">
     <span class='ocr_line' id='line_1_68' title="bbox 1705 2229 3294 2301; baseline 0.001 -19"><span class='ocrx_word' id='word_1_528' title='bbox 1705 2233 1932 2285; x_wconf 87' lang='lat' dir='ltr'><strong>vitutem</strong></span> <span class='ocrx_word' id='word_1_529' title='bbox 1966 2245 2096 2301; x_wconf 78' lang='lat' dir='ltr'><strong>erga</strong></span> <span class='ocrx_word' id='word_1_530' title='bbox 2151 2229 2326 2284; x_wconf 88' lang='lat' dir='ltr'><strong>solum</strong></span> <span class='ocrx_word' id='word_1_531' title='bbox 2377 2229 2754 2283; x_wconf 85' lang='lat' dir='ltr'><strong>universorum</strong></span> <span class='ocrx_word' id='word_1_532' title='bbox 2804 2229 3000 2294; x_wconf 90' lang='lat' dir='ltr'><strong>Deum,</strong></span> <span class='ocrx_word' id='word_1_533' title='bbox 3048 2242 3144 2298; x_wconf 90' lang='lat' dir='ltr'><strong>per</strong></span> <span class='ocrx_word' id='word_1_534' title='bbox 3175 2229 3294 2296; x_wconf 86' lang='lat' dir='ltr'><strong>ejus</strong></span> 
     </span>
    </p>
   </div>
   <div class='ocr_carea' id='block_1_69' title="bbox 1702 2317 3291 2390">
    <p class='ocr_par' dir='ltr' id='par_1_69' title="bbox 1702 2317 3291 2390">
     <span class='ocr_line' id='line_1_69' title="bbox 1702 2317 3291 2390; baseline 0.003 -16"><span class='ocrx_word' id='word_1_535' title='bbox 1702 2317 1896 2374; x_wconf 88' lang='lat' dir='ltr'><strong>Filium</strong></span> <span class='ocrx_word' id='word_1_536' title='bbox 1913 2321 2006 2389; x_wconf 90' lang='lat' dir='ltr'><strong>qui</strong></span> <span class='ocrx_word' id='word_1_537' title='bbox 2044 2336 2142 2374; x_wconf 91' lang='lat' dir='ltr'><strong>nos</strong></span> <span class='ocrx_word' id='word_1_538' title='bbox 2167 2321 2419 2389; x_wconf 88' lang='lat' dir='ltr'><strong>perducit</strong></span> <span class='ocrx_word' id='word_1_539' title='bbox 2445 2321 2510 2374; x_wconf 89' lang='lat' dir='ltr'><strong>ad</strong></span> <span class='ocrx_word' id='word_1_540' title='bbox 2544 2321 2729 2374; x_wconf 89' lang='lat' dir='ltr'><strong>Deum.</strong></span> <span class='ocrx_word' id='word_1_541' title='bbox 2757 2319 2944 2390; x_wconf 86' lang='lat' dir='ltr'><strong>Neque</strong></span> <span class='ocrx_word' id='word_1_542' title='bbox 2969 2337 3098 2382; x_wconf 86' lang='lat' dir='ltr'><strong>vero</strong></span> <span class='ocrx_word' id='word_1_543' title='bbox 3123 2323 3291 2378; x_wconf 85' lang='lat' dir='ltr'><strong>Deum</strong></span> 
     </span>
    </p>
   </div>
   <div class='ocr_carea' id='block_1_70' title="bbox 1705 2410 3292 2486">
    <p class='ocr_par' dir='ltr' id='par_1_70' title="bbox 1705 2410 3292 2486">
     <span class='ocr_line' id='line_1_70' title="bbox 1705 2410 3292 2486; baseline 0 -18"><span class='ocrx_word' id='word_1_544' title='bbox 1705 2413 1946 2468; x_wconf 86' lang='lat' dir='ltr'><strong>colemus</strong></span> <span class='ocrx_word' id='word_1_545' title='bbox 1969 2453 1983 2476; x_wconf 93' lang='lat'><strong>,</strong></span> <span class='ocrx_word' id='word_1_546' title='bbox 2015 2414 2170 2483; x_wconf 89' lang='lat' dir='ltr'><strong>quasi</strong></span> <span class='ocrx_word' id='word_1_547' title='bbox 2227 2423 2416 2467; x_wconf 91' lang='lat' dir='ltr'><strong>nostro</strong></span> <span class='ocrx_word' id='word_1_548' title='bbox 2446 2410 2594 2466; x_wconf 90' lang='lat' dir='ltr'><strong>cultu</strong></span> <span class='ocrx_word' id='word_1_549' title='bbox 2653 2412 2954 2482; x_wconf 83' lang='lat' dir='ltr'><strong>indigeret,</strong></span> <span class='ocrx_word' id='word_1_550' title='bbox 3007 2424 3100 2468; x_wconf 91' lang='lat' dir='ltr'><strong>aut</strong></span> <span class='ocrx_word' id='word_1_551' title='bbox 3133 2416 3292 2486; x_wconf 89' lang='lat' dir='ltr'><strong>quasi</strong></span> 
     </span>
    </p>
   </div>
   <div class='ocr_carea' id='block_1_71' title="bbox 1703 2504 3286 2576">
    <p class='ocr_par' dir='ltr' id='par_1_71' title="bbox 1703 2504 3286 2576">
     <span class='ocr_line' id='line_1_71' title="bbox 1703 2504 3286 2576; baseline 0.001 -17"><span class='ocrx_word' id='word_1_552' title='bbox 1703 2507 1916 2560; x_wconf 87' lang='lat' dir='ltr'><strong>doleret</strong></span> <span class='ocrx_word' id='word_1_553' title='bbox 1945 2521 2002 2560; x_wconf 90' lang='lat' dir='ltr'><strong>se</strong></span> <span class='ocrx_word' id='word_1_554' title='bbox 2033 2522 2062 2559; x_wconf 93' lang='lat' dir='ltr'><strong>a</strong></span> <span class='ocrx_word' id='word_1_555' title='bbox 2110 2506 2265 2560; x_wconf 88' lang='lat' dir='ltr'><strong>nobis</strong></span> <span class='ocrx_word' id='word_1_556' title='bbox 2305 2520 2411 2560; x_wconf 89' lang='lat' dir='ltr'><strong>non</strong></span> <span class='ocrx_word' id='word_1_557' title='bbox 2456 2504 2557 2559; x_wconf 83' lang='lat' dir='ltr'><strong>coli</strong></span> <span class='ocrx_word' id='word_1_558' title='bbox 2586 2523 2600 2572; x_wconf 88' lang='lat'><strong>;</strong></span> <span class='ocrx_word' id='word_1_559' title='bbox 2637 2507 2732 2560; x_wconf 90' lang='lat' dir='ltr'><strong>sed</strong></span> <span class='ocrx_word' id='word_1_560' title='bbox 2768 2515 2822 2559; x_wconf 91' lang='lat' dir='ltr'><strong>ut</strong></span> <span class='ocrx_word' id='word_1_561' title='bbox 2855 2507 2952 2576; x_wconf 91' lang='lat' dir='ltr'><strong>ipsi</strong></span> <span class='ocrx_word' id='word_1_562' title='bbox 2985 2509 3203 2576; x_wconf 88' lang='lat' dir='ltr'><strong>pietatis</strong></span> <span class='ocrx_word' id='word_1_563' title='bbox 3233 2508 3286 2561; x_wconf 87' lang='lat' dir='ltr'><strong>in</strong></span> 
     </span>
    </p>
   </div>
   <div class='ocr_carea' id='block_1_72' title="bbox 1705 2598 3289 2668">
    <p class='ocr_par' dir='ltr' id='par_1_72' title="bbox 1705 2598 3289 2668">
     <span class='ocr_line' id='line_1_72' title="bbox 1705 2598 3289 2668; baseline 0.002 -18"><span class='ocrx_word' id='word_1_564' title='bbox 1705 2599 1871 2653; x_wconf 86' lang='lat' dir='ltr'><strong>Deum</strong></span> <span class='ocrx_word' id='word_1_565' title='bbox 1904 2598 2117 2652; x_wconf 80' lang='lat' dir='ltr'><strong>fructus</strong></span> <span class='ocrx_word' id='word_1_566' title='bbox 2144 2599 2448 2667; x_wconf 87' lang='lat' dir='ltr'><strong>capiamus,</strong></span> <span class='ocrx_word' id='word_1_567' title='bbox 2493 2606 2544 2651; x_wconf 86' lang='lat' dir='ltr'><strong>et</strong></span> <span class='ocrx_word' id='word_1_568' title='bbox 2579 2607 2634 2651; x_wconf 92' lang='lat' dir='ltr'><strong>ut</strong></span> <span class='ocrx_word' id='word_1_569' title='bbox 2661 2613 2872 2652; x_wconf 91' lang='lat' dir='ltr'><strong>summo</strong></span> <span class='ocrx_word' id='word_1_570' title='bbox 2907 2598 3013 2652; x_wconf 89' lang='lat' dir='ltr'><strong>Deo</strong></span> <span class='ocrx_word' id='word_1_571' title='bbox 3041 2615 3136 2668; x_wconf 89' lang='lat' dir='ltr'><strong>per</strong></span> <span class='ocrx_word' id='word_1_572' title='bbox 3170 2600 3289 2654; x_wconf 88' lang='lat' dir='ltr'><strong>uni-</strong></span> 
     </span>
    </p>
   </div>
   <div class='ocr_carea' id='block_1_73' title="bbox 1701 2690 3288 2760">
    <p class='ocr_par' dir='ltr' id='par_1_73' title="bbox 1701 2690 3288 2760">
     <span class='ocr_line' id='line_1_73' title="bbox 1701 2690 3288 2760; baseline 0.003 -17"><span class='ocrx_word' id='word_1_573' title='bbox 1701 2691 1943 2756; x_wconf 69' lang='lat' dir='ltr'><strong>genitum</strong></span> <span class='ocrx_word' id='word_1_574' title='bbox 1979 2690 2098 2758; x_wconf 90' lang='lat' dir='ltr'><strong>ejus</strong></span> <span class='ocrx_word' id='word_1_575' title='bbox 2155 2690 2395 2745; x_wconf 73' lang='lat' dir='ltr'><strong>Verbum</strong></span> <span class='ocrx_word' id='word_1_576' title='bbox 2435 2700 2488 2746; x_wconf 88' lang='lat' dir='ltr'><strong>et</strong></span> <span class='ocrx_word' id='word_1_577' title='bbox 2526 2690 2852 2760; x_wconf 85' lang='lat' dir='ltr'><strong>sapientiam</strong></span> <span class='ocrx_word' id='word_1_578' title='bbox 2903 2692 3224 2760; x_wconf 84' lang='lat' dir='ltr'><strong>servientes,</strong></span> <span class='ocrx_word' id='word_1_579' title='bbox 3257 2707 3288 2746; x_wconf 87' lang='lat' dir='ltr'><strong>a</strong></span> 
     </span>
    </p>
   </div>
   <div class='ocr_carea' id='block_1_74' title="bbox 1701 2777 2631 2849">
    <p class='ocr_par' dir='ltr' id='par_1_74' title="bbox 1701 2777 2631 2849">
     <span class='ocr_line' id='line_1_74' title="bbox 1701 2777 2631 2849; baseline 0.006 -19"><span class='ocrx_word' id='word_1_580' title='bbox 1701 2777 1964 2832; x_wconf 88' lang='lat' dir='ltr'><strong>molestiis</strong></span> <span class='ocrx_word' id='word_1_581' title='bbox 1997 2779 2286 2849; x_wconf 74' lang='lat' dir='ltr'><strong>ptenisque</strong></span> <span class='ocrx_word' id='word_1_582' title='bbox 2314 2779 2631 2836; x_wconf 87' lang='lat' dir='ltr'><strong>liberemur.</strong></span> 
     </span>
    </p>
   </div>
   <div class='ocr_carea' id='block_1_75' title="bbox 1774 2869 3280 2943">
    <p class='ocr_par' dir='ltr' id='par_1_75' title="bbox 1774 2869 3280 2943">
     <span class='ocr_line' id='line_1_75' title="bbox 1774 2869 3280 2943; baseline -0.005 -12"><span class='ocrx_word' id='word_1_583' title='bbox 1774 2871 1938 2943; x_wconf 67' lang='grc'><strong>749</strong></span> <span class='ocrx_word' id='word_1_584' title='bbox 1975 2872 2027 2926; x_wconf 90' lang='grc'><strong>9.</strong></span> <span class='ocrx_word' id='word_1_585' title='bbox 2073 2869 2202 2925; x_wconf 81' lang='lat' dir='ltr'><strong>Vide</strong></span> <span class='ocrx_word' id='word_1_586' title='bbox 2230 2884 2282 2926; x_wconf 92' lang='lat' dir='ltr'><strong>et</strong></span> <span class='ocrx_word' id='word_1_587' title='bbox 2311 2873 2452 2926; x_wconf 84' lang='lat' dir='ltr'><strong>istud</strong></span> <span class='ocrx_word' id='word_1_588' title='bbox 2487 2889 2650 2941; x_wconf 87' lang='lat' dir='ltr'><strong>quam</strong></span> <span class='ocrx_word' id='word_1_589' title='bbox 2687 2872 3146 2928; x_wconf 69' lang='lat' dir='ltr'><strong>inconsideratum</strong></span> <span class='ocrx_word' id='word_1_590' title='bbox 3175 2874 3280 2932; x_wconf 83' lang='lat' dir='ltr'><strong>sit:</strong></span> 
     </span>
    </p>
   </div>
   <div class='ocr_carea' id='block_1_76' title="bbox 1704 2963 3282 3034">
    <p class='ocr_par' dir='ltr' id='par_1_76' title="bbox 1704 2963 3282 3034">
     <span class='ocr_line' id='line_1_76' title="bbox 1704 2963 3282 3034; baseline 0.002 -17"><span class='ocrx_word' id='word_1_591' title='bbox 1704 2963 1846 3018; x_wconf 86' lang='lat' dir='ltr'><strong>Nam</strong></span> <span class='ocrx_word' id='word_1_592' title='bbox 1874 2967 1921 3019; x_wconf 71' lang='lat' dir='ltr'><strong>si</strong></span> <span class='ocrx_word' id='word_1_593' title='bbox 1957 2964 2087 3032; x_wconf 86' lang='lat' dir='ltr'><strong>quid</strong></span> <span class='ocrx_word' id='word_1_594' title='bbox 2109 2964 2258 3016; x_wconf 88' lang='lat' dir='ltr'><strong>aliud</strong></span> <span class='ocrx_word' id='word_1_595' title='bbox 2299 2981 2483 3018; x_wconf 89' lang='lat' dir='ltr'><strong>eorum</strong></span> <span class='ocrx_word' id='word_1_596' title='bbox 2519 2981 2638 3032; x_wconf 68' lang='lat' dir='ltr'><strong>qua:</strong></span> <span class='ocrx_word' id='word_1_597' title='bbox 2677 2967 2730 3017; x_wconf 86' lang='lat' dir='ltr'><strong>in</strong></span> <span class='ocrx_word' id='word_1_598' title='bbox 2765 2967 3006 3019; x_wconf 73' lang='lat' dir='ltr'><strong>universo</strong></span> <span class='ocrx_word' id='word_1_599' title='bbox 3044 2977 3282 3034; x_wconf 55' lang='grc' dir='ltr'>δαημο-</span> 
     </span>
    </p>
   </div>
   <div class='ocr_carea' id='block_1_77' title="bbox 1700 3056 3284 3134">
    <p class='ocr_par' dir='ltr' id='par_1_77' title="bbox 1700 3056 3284 3134">
     <span class='ocr_line' id='line_1_77' title="bbox 1700 3056 3284 3134; baseline 0.003 -26"><span class='ocrx_word' id='word_1_600' title='bbox 1700 3056 1877 3123; x_wconf 75' lang='lat' dir='ltr'><strong>teres;</strong></span> <span class='ocrx_word' id='word_1_601' title='bbox 1928 3071 2036 3126; x_wconf 91' lang='lat' dir='ltr'><strong>quo</strong></span> <span class='ocrx_word' id='word_1_602' title='bbox 2088 3057 2266 3110; x_wconf 90' lang='lat' dir='ltr'><strong>innuit</strong></span> <span class='ocrx_word' id='word_1_603' title='bbox 2320 3072 2421 3134; x_wconf 80' lang='lat' dir='ltr'><strong>nos</strong></span> <span class='ocrx_word' id='word_1_604' title='bbox 2479 3057 2710 3113; x_wconf 86' lang='lat' dir='ltr'><strong>colendo</strong></span> <span class='ocrx_word' id='word_1_605' title='bbox 2746 3057 2856 3112; x_wconf 81' lang='lat' dir='ltr'><strong>lleo</strong></span> <span class='ocrx_word' id='word_1_606' title='bbox 2907 3057 3028 3112; x_wconf 89' lang='lat' dir='ltr'><strong>duci</strong></span> <span class='ocrx_word' id='word_1_607' title='bbox 3077 3059 3284 3127; x_wconf 87' lang='lat' dir='ltr'><strong>absque</strong></span> 
     </span>
    </p>
   </div>
   <div class='ocr_carea' id='block_1_78' title="bbox 1700 3149 3283 3219">
    <p class='ocr_par' dir='ltr' id='par_1_78' title="bbox 1700 3149 3283 3219">
     <span class='ocr_line' id='line_1_78' title="bbox 1700 3149 3283 3219; baseline 0.003 -19"><span class='ocrx_word' id='word_1_608' title='bbox 1700 3149 1808 3203; x_wconf 91' lang='lat' dir='ltr'><strong>ullo</strong></span> <span class='ocrx_word' id='word_1_609' title='bbox 1845 3149 2175 3204; x_wconf 89' lang='lat' dir='ltr'><strong>detrimento</strong></span> <span class='ocrx_word' id='word_1_610' title='bbox 2213 3149 2279 3202; x_wconf 87' lang='lat' dir='ltr'><strong>ad</strong></span> <span class='ocrx_word' id='word_1_611' title='bbox 2329 3149 2534 3204; x_wconf 87' lang='lat' dir='ltr'><strong>cultum</strong></span> <span class='ocrx_word' id='word_1_612' title='bbox 2573 3150 2862 3217; x_wconf 88' lang='lat' dir='ltr'><strong>cujuslibet</strong></span> <span class='ocrx_word' id='word_1_613' title='bbox 2896 3150 2972 3205; x_wconf 85' lang='lat' dir='ltr'><strong>rei</strong></span> <span class='ocrx_word' id='word_1_614' title='bbox 3013 3164 3133 3218; x_wconf 71' lang='lat' dir='ltr'><strong>qua:</strong></span> <span class='ocrx_word' id='word_1_615' title='bbox 3160 3165 3283 3219; x_wconf 81' lang='lat' dir='ltr'><strong>per—</strong></span> 
     </span>
    </p>
   </div>
   <div class='ocr_carea' id='block_1_79' title="bbox 1701 3237 3281 3309">
    <p class='ocr_par' dir='ltr' id='par_1_79' title="bbox 1701 3237 3281 3309">
     <span class='ocr_line' id='line_1_79' title="bbox 1701 3237 3281 3309; baseline -0.001 -15"><span class='ocrx_word' id='word_1_616' title='bbox 1701 3241 1875 3295; x_wconf 89' lang='lat' dir='ltr'><strong>tineat</strong></span> <span class='ocrx_word' id='word_1_617' title='bbox 1908 3241 1973 3294; x_wconf 88' lang='lat' dir='ltr'><strong>ad</strong></span> <span class='ocrx_word' id='word_1_618' title='bbox 2009 3239 2197 3293; x_wconf 89' lang='lat' dir='ltr'><strong>Deum.</strong></span> <span class='ocrx_word' id='word_1_619' title='bbox 2238 3237 2347 3292; x_wconf 87' lang='lat' dir='ltr'><strong>Sed</strong></span> <span class='ocrx_word' id='word_1_620' title='bbox 2390 3241 2544 3308; x_wconf 86' lang='lat' dir='ltr'><strong>quasi</strong></span> <span class='ocrx_word' id='word_1_621' title='bbox 2579 3241 2844 3295; x_wconf 86' lang='lat' dir='ltr'><strong>sensisset</strong></span> <span class='ocrx_word' id='word_1_622' title='bbox 2875 3241 2926 3294; x_wconf 92' lang='lat' dir='ltr'><strong>id</strong></span> <span class='ocrx_word' id='word_1_623' title='bbox 2967 3243 3109 3309; x_wconf 90' lang='lat' dir='ltr'><strong>quod</strong></span> <span class='ocrx_word' id='word_1_624' title='bbox 3144 3241 3281 3294; x_wconf 82' lang='lat' dir='ltr'><strong>dixit</strong></span> 
     </span>
    </p>
   </div>
   <div class='ocr_carea' id='block_1_80' title="bbox 1660 3331 3278 3403">
    <p class='ocr_par' dir='ltr' id='par_1_80' title="bbox 1660 3331 3278 3403">
     <span class='ocr_line' id='line_1_80' title="bbox 1660 3331 3278 3403; baseline 0.001 -18"><span class='ocrx_word' id='word_1_625' title='bbox 1660 3339 1665 3343; x_wconf 83' lang='lat'>&#39;</span> <span class='ocrx_word' id='word_1_626' title='bbox 1697 3347 1802 3387; x_wconf 90' lang='lat' dir='ltr'><strong>non</strong></span> <span class='ocrx_word' id='word_1_627' title='bbox 1835 3347 1954 3386; x_wconf 85' lang='lat' dir='ltr'><strong>esse</strong></span> <span class='ocrx_word' id='word_1_628' title='bbox 1987 3348 2212 3386; x_wconf 88' lang='lat' dir='ltr'><strong>sanum:</strong></span> <span class='ocrx_word' id='word_1_629' title='bbox 2261 3331 2403 3386; x_wconf 85' lang='lat' dir='ltr'><strong>Nam</strong></span> <span class='ocrx_word' id='word_1_630' title='bbox 2433 3334 2478 3386; x_wconf 76' lang='lat' dir='ltr'><strong>si</strong></span> <span class='ocrx_word' id='word_1_631' title='bbox 2510 3333 2638 3402; x_wconf 84' lang='lat' dir='ltr'><strong>quid</strong></span> <span class='ocrx_word' id='word_1_632' title='bbox 2675 3333 2824 3386; x_wconf 80' lang='lat' dir='ltr'><strong>aliud</strong></span> <span class='ocrx_word' id='word_1_633' title='bbox 2855 3349 3035 3386; x_wconf 86' lang='lat' dir='ltr'><strong>eorum</strong></span> <span class='ocrx_word' id='word_1_634' title='bbox 3071 3350 3190 3403; x_wconf 73' lang='lat' dir='ltr'><strong>qua:</strong></span> <span class='ocrx_word' id='word_1_635' title='bbox 3224 3336 3278 3386; x_wconf 77' lang='lat' dir='ltr'><strong>iu</strong></span> 
     </span>
    </p>
   </div>
   <div class='ocr_carea' id='block_1_81' title="bbox 1694 3424 3276 3488">
    <p class='ocr_par' dir='ltr' id='par_1_81' title="bbox 1694 3424 3276 3488">
     <span class='ocr_line' id='line_1_81' title="bbox 1694 3424 3276 3488; baseline 0.001 -11"><span class='ocrx_word' id='word_1_636' title='bbox 1694 3426 1790 3478; x_wconf 82' lang='lat' dir='ltr'><strong>hoc</strong></span> <span class='ocrx_word' id='word_1_637' title='bbox 1819 3425 2058 3477; x_wconf 74' lang='lat' dir='ltr'><strong>universo</strong></span> <span class='ocrx_word' id='word_1_638' title='bbox 2103 3433 2226 3478; x_wconf 79' lang='lat' dir='ltr'><strong>sunt</strong></span> <span class='ocrx_word' id='word_1_639' title='bbox 2261 3424 2459 3478; x_wconf 67' lang='lat' dir='ltr'><strong>colere:</strong></span> <span class='ocrx_word' id='word_1_640' title='bbox 2488 3465 2503 3488; x_wconf 91' lang='lat'><strong>,</strong></span> <span class='ocrx_word' id='word_1_641' title='bbox 2545 3441 2666 3478; x_wconf 78' lang='lat' dir='ltr'><strong>mox</strong></span> <span class='ocrx_word' id='word_1_642' title='bbox 2704 3425 2849 3479; x_wconf 85' lang='lat' dir='ltr'><strong>redit</strong></span> <span class='ocrx_word' id='word_1_643' title='bbox 2883 3425 2950 3478; x_wconf 90' lang='lat' dir='ltr'><strong>ad</strong></span> <span class='ocrx_word' id='word_1_644' title='bbox 2989 3439 3084 3488; x_wconf 84' lang='lat' dir='ltr'><strong>se,</strong></span> <span class='ocrx_word' id='word_1_645' title='bbox 3112 3433 3166 3479; x_wconf 89' lang='lat' dir='ltr'><strong>et</strong></span> <span class='ocrx_word' id='word_1_646' title='bbox 3194 3426 3276 3479; x_wconf 86' lang='lat' dir='ltr'><strong>tli-</strong></span> 
     </span>
    </p>
   </div>
   <div class='ocr_carea' id='block_1_82' title="bbox 1693 3515 3276 3585">
    <p class='ocr_par' dir='ltr' id='par_1_82' title="bbox 1693 3515 3276 3585">
     <span class='ocr_line' id='line_1_82' title="bbox 1693 3515 3276 3585; baseline -0.002 -14"><span class='ocrx_word' id='word_1_647' title='bbox 1693 3526 1837 3571; x_wconf 89' lang='lat' dir='ltr'><strong>ctum</strong></span> <span class='ocrx_word' id='word_1_648' title='bbox 1869 3516 2150 3585; x_wconf 79' lang='lat' dir='ltr'><strong>corrigens</strong></span> <span class='ocrx_word' id='word_1_649' title='bbox 2180 3533 2195 3566; x_wconf 86' lang='lat'><strong>:</strong></span> <span class='ocrx_word' id='word_1_650' title='bbox 2232 3515 2357 3569; x_wconf 77' lang='lat' dir='ltr'><strong>Non</strong></span> <span class='ocrx_word' id='word_1_651' title='bbox 2387 3515 2541 3583; x_wconf 86' lang='lat' dir='ltr'><strong>licet,</strong></span> <span class='ocrx_word' id='word_1_652' title='bbox 2577 3515 2790 3584; x_wconf 89' lang='lat' dir='ltr'><strong>inquit,</strong></span> <span class='ocrx_word' id='word_1_653' title='bbox 2822 3519 3120 3585; x_wconf 79' lang='lat' dir='ltr'><strong>quempiam</strong></span> <span class='ocrx_word' id='word_1_654' title='bbox 3151 3516 3276 3574; x_wconf 81' lang='lat' dir='ltr'><strong>coli.</strong></span> 
     </span>
    </p>
   </div>
   <div class='ocr_carea' id='block_1_83' title="bbox 1694 3610 3278 3668">
    <p class='ocr_par' dir='ltr' id='par_1_83' title="bbox 1694 3610 3278 3668">
     <span class='ocr_line' id='line_1_83' title="bbox 1694 3610 3278 3668; baseline -0.004 0"><span class='ocrx_word' id='word_1_655' title='bbox 1694 3614 1797 3668; x_wconf 72' lang='lat' dir='ltr'><strong>nisi</strong></span> <span class='ocrx_word' id='word_1_656' title='bbox 1822 3614 1906 3667; x_wconf 88' lang='lat' dir='ltr'><strong>cui</strong></span> <span class='ocrx_word' id='word_1_657' title='bbox 1936 3613 2078 3668; x_wconf 71' lang='lat' dir='ltr'><strong>istud</strong></span> <span class='ocrx_word' id='word_1_658' title='bbox 2107 3630 2137 3666; x_wconf 90' lang='lat' dir='ltr'><strong>a</strong></span> <span class='ocrx_word' id='word_1_659' title='bbox 2172 3611 2281 3666; x_wconf 90' lang='lat' dir='ltr'><strong>Deo</strong></span> <span class='ocrx_word' id='word_1_660' title='bbox 2310 3612 2494 3666; x_wconf 87' lang='lat' dir='ltr'><strong>datum</strong></span> <span class='ocrx_word' id='word_1_661' title='bbox 2525 3619 2623 3666; x_wconf 82' lang='lat' dir='ltr'><strong>est.</strong></span> <span class='ocrx_word' id='word_1_662' title='bbox 2658 3611 2854 3665; x_wconf 86' lang='lat' dir='ltr'><strong>Verum</strong></span> <span class='ocrx_word' id='word_1_663' title='bbox 2888 3612 2955 3665; x_wconf 88' lang='lat' dir='ltr'><strong>de</strong></span> <span class='ocrx_word' id='word_1_664' title='bbox 2981 3612 3142 3665; x_wconf 90' lang='lat' dir='ltr'><strong>cultis</strong></span> <span class='ocrx_word' id='word_1_665' title='bbox 3172 3610 3278 3664; x_wconf 64' lang='lat' dir='ltr'><strong>illis</strong></span> 
     </span>
    </p>
   </div>
   <div class='ocr_carea' id='block_1_84' title="bbox 1693 3705 3278 3773">
    <p class='ocr_par' dir='ltr' id='par_1_84' title="bbox 1693 3705 3278 3773">
     <span class='ocr_line' id='line_1_84' title="bbox 1693 3705 3278 3773; baseline -0.003 -11"><span class='ocrx_word' id='word_1_666' title='bbox 1693 3717 1785 3762; x_wconf 83' lang='lat' dir='ltr'><strong>aut</strong></span> <span class='ocrx_word' id='word_1_667' title='bbox 1815 3708 1919 3762; x_wconf 90' lang='lat' dir='ltr'><strong>diis</strong></span> <span class='ocrx_word' id='word_1_668' title='bbox 1953 3716 2045 3761; x_wconf 91' lang='lat' dir='ltr'><strong>aut</strong></span> <span class='ocrx_word' id='word_1_669' title='bbox 2071 3705 2432 3770; x_wconf 71' lang='lat' dir='ltr'><strong>daemonibus,</strong></span> <span class='ocrx_word' id='word_1_670' title='bbox 2473 3713 2567 3758; x_wconf 85' lang='lat' dir='ltr'><strong>aut</strong></span> <span class='ocrx_word' id='word_1_671' title='bbox 2614 3705 2776 3759; x_wconf 85' lang='lat' dir='ltr'><strong>etiam</strong></span> <span class='ocrx_word' id='word_1_672' title='bbox 2825 3705 3105 3773; x_wconf 87' lang='lat' dir='ltr'><strong>heroibus,</strong></span> <span class='ocrx_word' id='word_1_673' title='bbox 3151 3705 3278 3758; x_wconf 82' lang='lat' dir='ltr'><strong>Cel-</strong></span> 
     </span>
    </p>
   </div>
   <div class='ocr_carea' id='block_1_85' title="bbox 1691 3797 3276 3868">
    <p class='ocr_par' dir='ltr' id='par_1_85' title="bbox 1691 3797 3276 3868">
     <span class='ocr_line' id='line_1_85' title="bbox 1691 3797 3276 3868; baseline -0.001 -15"><span class='ocrx_word' id='word_1_674' title='bbox 1691 3815 1808 3854; x_wconf 88' lang='lat' dir='ltr'><strong>sum</strong></span> <span class='ocrx_word' id='word_1_675' title='bbox 1846 3800 2274 3868; x_wconf 80' lang='lat' dir='ltr'><strong>interrogemus:</strong></span> <span class='ocrx_word' id='word_1_676' title='bbox 2299 3797 2451 3852; x_wconf 85' lang='lat' dir='ltr'><strong>Unde</strong></span> <span class='ocrx_word' id='word_1_677' title='bbox 2478 3797 2832 3867; x_wconf 80' lang='lat' dir='ltr'><strong>probaveris,</strong></span> <span class='ocrx_word' id='word_1_678' title='bbox 2871 3813 2905 3852; x_wconf 91' lang='lat' dir='ltr'><strong>o</strong></span> <span class='ocrx_word' id='word_1_679' title='bbox 2937 3797 3112 3862; x_wconf 83' lang='lat' dir='ltr'><strong>bone,</strong></span> <span class='ocrx_word' id='word_1_680' title='bbox 3146 3797 3276 3860; x_wconf 87' lang='lat' dir='ltr'><strong>illis,</strong></span> 
     </span>
    </p>
   </div>
   <div class='ocr_carea' id='block_1_86' title="bbox 1691 3887 3276 3954">
    <p class='ocr_par' dir='ltr' id='par_1_86' title="bbox 1691 3887 3276 3954">
     <span class='ocr_line' id='line_1_86' title="bbox 1691 3887 3276 3954; baseline 0 -10"><span class='ocrx_word' id='word_1_681' title='bbox 1691 3899 1747 3944; x_wconf 89' lang='lat' dir='ltr'><strong>ut</strong></span> <span class='ocrx_word' id='word_1_682' title='bbox 1781 3888 2124 3954; x_wconf 88' lang='lat' dir='ltr'><strong>colerentur,</strong></span> <span class='ocrx_word' id='word_1_683' title='bbox 2155 3889 2338 3942; x_wconf 91' lang='lat' dir='ltr'><strong>datum</strong></span> <span class='ocrx_word' id='word_1_684' title='bbox 2363 3902 2487 3942; x_wconf 87' lang='lat' dir='ltr'><strong>esse</strong></span> <span class='ocrx_word' id='word_1_685' title='bbox 2525 3905 2555 3942; x_wconf 92' lang='lat' dir='ltr'><strong>a</strong></span> <span class='ocrx_word' id='word_1_686' title='bbox 2598 3887 2730 3951; x_wconf 88' lang='lat' dir='ltr'><strong>Deo,</strong></span> <span class='ocrx_word' id='word_1_687' title='bbox 2765 3902 2871 3942; x_wconf 90' lang='lat' dir='ltr'><strong>non</strong></span> <span class='ocrx_word' id='word_1_688' title='bbox 2907 3903 3039 3943; x_wconf 85' lang='lat' dir='ltr'><strong>vero</strong></span> <span class='ocrx_word' id='word_1_689' title='bbox 3077 3889 3146 3944; x_wconf 88' lang='lat' dir='ltr'><strong>ab</strong></span> <span class='ocrx_word' id='word_1_690' title='bbox 3176 3889 3276 3944; x_wconf 84' lang='lat' dir='ltr'><strong>bo-</strong></span> 
     </span>
    </p>
   </div>
   <div class='ocr_carea' id='block_1_87' title="bbox 1690 3978 3276 4054">
    <p class='ocr_par' dir='ltr' id='par_1_87' title="bbox 1690 3978 3276 4054">
     <span class='ocr_line' id='line_1_87' title="bbox 1690 3978 3276 4054; baseline -0.001 -20"><span class='ocrx_word' id='word_1_691' title='bbox 1690 3979 1949 4045; x_wconf 88' lang='lat' dir='ltr'><strong>minibus,</strong></span> <span class='ocrx_word' id='word_1_692' title='bbox 1983 3980 2072 4048; x_wconf 94' lang='lat' dir='ltr'><strong>qui</strong></span> <span class='ocrx_word' id='word_1_693' title='bbox 2104 3979 2412 4048; x_wconf 79' lang='lat' dir='ltr'><strong>ignorantia</strong></span> <span class='ocrx_word' id='word_1_694' title='bbox 2446 3983 2707 4032; x_wconf 88' lang='lat' dir='ltr'><strong>errabant</strong></span> <span class='ocrx_word' id='word_1_695' title='bbox 2734 3988 2789 4032; x_wconf 88' lang='lat' dir='ltr'><strong>et</strong></span> <span class='ocrx_word' id='word_1_696' title='bbox 2810 3979 3126 4046; x_wconf 86' lang='lat' dir='ltr'><strong>inscientia,</strong></span> <span class='ocrx_word' id='word_1_697' title='bbox 3152 3978 3276 4054; x_wconf 85' lang='lat' dir='ltr'><strong>qui-</strong></span> 
     </span>
    </p>
   </div>
   <div class='ocr_carea' id='block_1_88' title="bbox 1689 4069 3276 4140">
    <p class='ocr_par' dir='ltr' id='par_1_88' title="bbox 1689 4069 3276 4140">
     <span class='ocr_line' id='line_1_88' title="bbox 1689 4069 3276 4140; baseline -0.001 -16"><span class='ocrx_word' id='word_1_698' title='bbox 1689 4087 1793 4140; x_wconf 88' lang='lat' dir='ltr'><strong>que</strong></span> <span class='ocrx_word' id='word_1_699' title='bbox 1823 4072 1892 4126; x_wconf 89' lang='lat' dir='ltr'><strong>ab</strong></span> <span class='ocrx_word' id='word_1_700' title='bbox 1926 4071 2017 4125; x_wconf 90' lang='lat' dir='ltr'><strong>illo</strong></span> <span class='ocrx_word' id='word_1_701' title='bbox 2041 4070 2362 4125; x_wconf 80' lang='lat' dir='ltr'><strong>exciderant</strong></span> <span class='ocrx_word' id='word_1_702' title='bbox 2392 4071 2476 4123; x_wconf 91' lang='lat' dir='ltr'><strong>cui</strong></span> <span class='ocrx_word' id='word_1_703' title='bbox 2520 4069 2700 4122; x_wconf 85' lang='lat' dir='ltr'><strong>eultus</strong></span> <span class='ocrx_word' id='word_1_704' title='bbox 2733 4070 2957 4138; x_wconf 88' lang='lat' dir='ltr'><strong>proprie</strong></span> <span class='ocrx_word' id='word_1_705' title='bbox 2991 4069 3276 4124; x_wconf 80' lang='lat' dir='ltr'><strong>defertur?</strong></span> 
     </span>
    </p>
   </div>
   <div class='ocr_carea' id='block_1_89' title="bbox 1687 4159 3268 4228">
    <p class='ocr_par' dir='ltr' id='par_1_89' title="bbox 1687 4159 3268 4228">
     <span class='ocr_line' id='line_1_89' title="bbox 1687 4159 3268 4228; baseline -0.002 -11"><span class='ocrx_word' id='word_1_706' title='bbox 1687 4163 1914 4217; x_wconf 85' lang='lat' dir='ltr'><strong>Adriani</strong></span> <span class='ocrx_word' id='word_1_707' title='bbox 1943 4163 2194 4215; x_wconf 89' lang='lat' dir='ltr'><strong>coluntur</strong></span> <span class='ocrx_word' id='word_1_708' title='bbox 2221 4161 2436 4225; x_wconf 89' lang='lat' dir='ltr'><strong>amasii,</strong></span> <span class='ocrx_word' id='word_1_709' title='bbox 2458 4161 2696 4228; x_wconf 88' lang='lat' dir='ltr'><strong>utpaulo</strong></span> <span class='ocrx_word' id='word_1_710' title='bbox 2723 4170 2849 4214; x_wconf 88' lang='lat' dir='ltr'><strong>ante</strong></span> <span class='ocrx_word' id='word_1_711' title='bbox 2866 4161 3070 4226; x_wconf 75' lang='lat' dir='ltr'><strong>dixisti,</strong></span> <span class='ocrx_word' id='word_1_712' title='bbox 3095 4159 3268 4224; x_wconf 88' lang='lat' dir='ltr'><strong>Celse;</strong></span> 
     </span>
    </p>
   </div>
   <div class='ocr_carea' id='block_1_90' title="bbox 1689 4251 3267 4324">
    <p class='ocr_par' dir='ltr' id='par_1_90' title="bbox 1689 4251 3267 4324">
     <span class='ocr_line' id='line_1_90' title="bbox 1689 4251 3267 4324; baseline -0.001 -16"><span class='ocrx_word' id='word_1_713' title='bbox 1689 4264 1744 4309; x_wconf 89' lang='lat' dir='ltr'><strong>at</strong></span> <span class='ocrx_word' id='word_1_714' title='bbox 1774 4253 2017 4324; x_wconf 75' lang='lat' dir='ltr'><strong>profecto</strong></span> <span class='ocrx_word' id='word_1_715' title='bbox 2054 4268 2158 4307; x_wconf 90' lang='lat' dir='ltr'><strong>non</strong></span> <span class='ocrx_word' id='word_1_716' title='bbox 2195 4251 2550 4307; x_wconf 80' lang='lat' dir='ltr'><strong>afﬁrmaveris</strong></span> <span class='ocrx_word' id='word_1_717' title='bbox 2582 4253 2818 4308; x_wconf 86' lang='lat' dir='ltr'><strong>Antinoo</strong></span> <span class='ocrx_word' id='word_1_718' title='bbox 2853 4255 3034 4306; x_wconf 83' lang='lat' dir='ltr'><strong>datum</strong></span> <span class='ocrx_word' id='word_1_719' title='bbox 3065 4267 3094 4305; x_wconf 93' lang='lat' dir='ltr'><strong>a</strong></span> <span class='ocrx_word' id='word_1_720' title='bbox 3122 4269 3267 4306; x_wconf 90' lang='lat' dir='ltr'><strong>sutu-</strong></span> 
     </span>
    </p>
   </div>
   <div class='ocr_carea' id='block_1_91' title="bbox 1687 4340 3273 4401">
    <p class='ocr_par' dir='ltr' id='par_1_91' title="bbox 1687 4340 3273 4401">
     <span class='ocr_line' id='line_1_91' title="bbox 1687 4340 3273 4401; baseline -0.001 -1"><span class='ocrx_word' id='word_1_721' title='bbox 1687 4361 1777 4401; x_wconf 89' lang='lat' dir='ltr'><strong>mo</strong></span> <span class='ocrx_word' id='word_1_722' title='bbox 1811 4345 1917 4399; x_wconf 88' lang='lat' dir='ltr'><strong>Deo</strong></span> <span class='ocrx_word' id='word_1_723' title='bbox 1957 4343 2125 4397; x_wconf 80' lang='lat' dir='ltr'><strong>fuisse</strong></span> <span class='ocrx_word' id='word_1_724' title='bbox 2160 4350 2220 4400; x_wconf 88' lang='lat' dir='ltr'><strong>ut</strong></span> <span class='ocrx_word' id='word_1_725' title='bbox 2259 4343 2550 4397; x_wconf 89' lang='lat' dir='ltr'><strong>coleretur.</strong></span> <span class='ocrx_word' id='word_1_726' title='bbox 2600 4340 2745 4398; x_wconf 84' lang='lat' dir='ltr'><strong>Idem</strong></span> <span class='ocrx_word' id='word_1_727' title='bbox 2781 4345 2849 4397; x_wconf 90' lang='lat' dir='ltr'><strong>de</strong></span> <span class='ocrx_word' id='word_1_728' title='bbox 2881 4343 3004 4397; x_wconf 90' lang='lat' dir='ltr'><strong>aliis</strong></span> <span class='ocrx_word' id='word_1_729' title='bbox 3029 4343 3273 4399; x_wconf 87' lang='lat' dir='ltr'><strong>dicemus</strong></span> 
     </span>
    </p>
   </div>
   <div class='ocr_carea' id='block_1_92' title="bbox 43 4424 1592 4516">
    <p class='ocr_par' dir='ltr' id='par_1_92' title="bbox 43 4424 1582 4516">
     <span class='ocr_line' id='line_1_92' title="bbox 43 4424 1582 4516; baseline 0.014 -40"><span class='ocrx_word' id='word_1_730' title='bbox 43 4424 147 4489; x_wconf 66' lang='lat' dir='ltr'><strong>citat,</strong></span> <span class='ocrx_word' id='word_1_731' title='bbox 173 4433 239 4497; x_wconf 80' lang='grc' dir='ltr'><strong>ὡς</strong></span> <span class='ocrx_word' id='word_1_732' title='bbox 267 4435 382 4508; x_wconf 82' lang='grc' dir='ltr'><strong>Θεῷ</strong></span> <span class='ocrx_word' id='word_1_733' title='bbox 421 4438 501 4509; x_wconf 81' lang='grc' dir='ltr'><strong>τῷ</strong></span> <span class='ocrx_word' id='word_1_734' title='bbox 547 4439 799 4510; x_wconf 81' lang='grc' dir='ltr'>Ἀντινόῳ</span> <span class='ocrx_word' id='word_1_735' title='bbox 835 4440 968 4511; x_wconf 69' lang='grc'><strong>(54).</strong></span> <span class='ocrx_word' id='word_1_736' title='bbox 997 4443 1069 4494; x_wconf 84' lang='grc' dir='ltr'>Τὸ</span> <span class='ocrx_word' id='word_1_737' title='bbox 1098 4444 1143 4495; x_wconf 86' lang='grc' dir='ltr'>δ’</span> <span class='ocrx_word' id='word_1_738' title='bbox 1178 4444 1309 4497; x_wconf 73' lang='grc' dir='ltr'>αὐτὸ</span> <span class='ocrx_word' id='word_1_739' title='bbox 1332 4445 1425 4498; x_wconf 71' lang='grc' dir='ltr'>καὶ</span> <span class='ocrx_word' id='word_1_740' title='bbox 1455 4445 1582 4516; x_wconf 76' lang='grc' dir='ltr'>περὶ</span> 
     </span>
    </p>
   </div>
   <div class='ocr_carea' id='block_1_93' title="bbox 1707 4424 3271 4516">
    <p class='ocr_par' dir='ltr' id='par_1_93' title="bbox 1707 4434 3271 4505">
     <span class='ocr_line' id='line_1_93' title="bbox 1707 4434 3271 4505; baseline -0.003 -14"><span class='ocrx_word' id='word_1_741' title='bbox 1707 4447 2046 4505; x_wconf 84' lang='lat' dir='ltr'><strong>)etemusque</strong></span> <span class='ocrx_word' id='word_1_742' title='bbox 2071 4445 2130 4489; x_wconf 90' lang='lat' dir='ltr'><strong>ut</strong></span> <span class='ocrx_word' id='word_1_743' title='bbox 2155 4435 2490 4488; x_wconf 87' lang='lat' dir='ltr'><strong>demonstret</strong></span> <span class='ocrx_word' id='word_1_744' title='bbox 2526 4434 2652 4502; x_wconf 89' lang='lat' dir='ltr'><strong>illis,</strong></span> <span class='ocrx_word' id='word_1_745' title='bbox 2681 4444 2740 4489; x_wconf 92' lang='lat' dir='ltr'><strong>ut</strong></span> <span class='ocrx_word' id='word_1_746' title='bbox 2766 4436 3034 4500; x_wconf 88' lang='lat' dir='ltr'><strong>colantur,</strong></span> <span class='ocrx_word' id='word_1_747' title='bbox 3069 4449 3098 4487; x_wconf 95' lang='lat' dir='ltr'><strong>a</strong></span> <span class='ocrx_word' id='word_1_748' title='bbox 3122 4449 3271 4487; x_wconf 79' lang='lat' dir='ltr'><strong>sum-</strong></span> 
     </span>
    </p>
   </div>
   <div class='ocr_carea' id='block_1_94' title="bbox 40 4518 1571 4608">
    <p class='ocr_par' dir='ltr' id='par_1_94' title="bbox 40 4518 1571 4608">
     <span class='ocr_line' id='line_1_94' title="bbox 40 4518 1571 4608; baseline 0.015 -40"><span class='ocrx_word' id='word_1_749' title='bbox 40 4518 114 4570; x_wconf 77' lang='grc' dir='ltr'>τῶν</span> <span class='ocrx_word' id='word_1_750' title='bbox 135 4524 285 4580; x_wconf 84' lang='grc' dir='ltr'>ἄλλων</span> <span class='ocrx_word' id='word_1_751' title='bbox 321 4530 577 4602; x_wconf 78' lang='grc' dir='ltr'>ἐροῦμεν,</span> <span class='ocrx_word' id='word_1_752' title='bbox 601 4533 958 4596; x_wconf 84' lang='grc' dir='ltr'>ἀπαιτοῦντες</span> <span class='ocrx_word' id='word_1_753' title='bbox 1005 4536 1282 4600; x_wconf 79' lang='grc' dir='ltr'>ἀπόδειξιν</span> <span class='ocrx_word' id='word_1_754' title='bbox 1321 4555 1384 4589; x_wconf 85' lang='grc' dir='ltr'><strong>πε</strong></span> <span class='ocrx_word' id='word_1_755' title='bbox 1395 4537 1449 4608; x_wconf 75' lang='grc' dir='ltr'>ρὶ</span> <span class='ocrx_word' id='word_1_756' title='bbox 1479 4537 1571 4591; x_wconf 84' lang='grc' dir='ltr'><strong>τοῦ</strong></span> 
     </span>
    </p>
   </div>
   <div class='ocr_carea' id='block_1_95' title="bbox 37 4608 1570 4700">
    <p class='ocr_par' dir='ltr' id='par_1_95' title="bbox 37 4608 1570 4700">
     <span class='ocr_line' id='line_1_95' title="bbox 37 4608 1570 4700; baseline 0.012 -38"><span class='ocrx_word' id='word_1_757' title='bbox 37 4608 224 4671; x_wconf 63' lang='grc' dir='ltr'>ἶεῶσθαι</span> <span class='ocrx_word' id='word_1_758' title='bbox 245 4620 420 4685; x_wconf 83' lang='grc' dir='ltr'>αὐτοῖς</span> <span class='ocrx_word' id='word_1_759' title='bbox 446 4623 556 4676; x_wconf 74' lang='grc' dir='ltr'>ἀπὸ</span> <span class='ocrx_word' id='word_1_760' title='bbox 591 4624 682 4676; x_wconf 81' lang='grc' dir='ltr'><strong>τοῦ</strong></span> <span class='ocrx_word' id='word_1_761' title='bbox 712 4627 803 4679; x_wconf 74' lang='grc' dir='ltr'>ἐπὶ</span> <span class='ocrx_word' id='word_1_762' title='bbox 838 4627 973 4680; x_wconf 75' lang='grc' dir='ltr'>πᾶσι</span> <span class='ocrx_word' id='word_1_763' title='bbox 1011 4627 1147 4681; x_wconf 91' lang='grc' dir='ltr'>Θεοῦ</span> <span class='ocrx_word' id='word_1_764' title='bbox 1188 4629 1248 4681; x_wconf 78' lang='grc' dir='ltr'><strong>τὸ</strong></span> <span class='ocrx_word' id='word_1_765' title='bbox 1293 4628 1570 4700; x_wconf 77' lang='grc' dir='ltr'>τιμᾶσθαι.</span> 
     </span>
    </p>
   </div>
   <div class='ocr_carea' id='block_1_96' title="bbox 44 4699 1572 4789">
    <p class='ocr_par' dir='ltr' id='par_1_96' title="bbox 44 4699 1572 4789">
     <span class='ocr_line' id='line_1_96' title="bbox 44 4699 1572 4789; baseline 0.012 -38"><span class='ocrx_word' id='word_1_766' title='bbox 44 4699 135 4756; x_wconf 71' lang='grc' dir='ltr'><strong>Ἐὰν</strong></span> <span class='ocrx_word' id='word_1_767' title='bbox 167 4706 205 4758; x_wconf 81' lang='grc' dir='ltr'>δ’</span> <span class='ocrx_word' id='word_1_768' title='bbox 233 4711 356 4781; x_wconf 73' lang='grc' dir='ltr'>ἡμῖν</span> <span class='ocrx_word' id='word_1_769' title='bbox 387 4712 739 4786; x_wconf 65' lang='grc' dir='ltr'>ἀνθυποφέρει]</span> <span class='ocrx_word' id='word_1_770' title='bbox 770 4715 829 4768; x_wconf 74' lang='grc' dir='ltr'><strong>τὸ</strong></span> <span class='ocrx_word' id='word_1_771' title='bbox 878 4718 1262 4789; x_wconf 83' lang='grc' dir='ltr'>παραπλήσιον</span> <span class='ocrx_word' id='word_1_772' title='bbox 1305 4719 1432 4789; x_wconf 76' lang='grc' dir='ltr'>περὶ</span> <span class='ocrx_word' id='word_1_773' title='bbox 1478 4717 1572 4772; x_wconf 85' lang='grc' dir='ltr'><strong>τοῦ</strong></span> 
     </span>
    </p>
   </div>
   <div class='ocr_carea' id='block_1_97' title="bbox 83 4857 548 4933">
    <p class='ocr_par' dir='ltr' id='par_1_97' title="bbox 83 4857 548 4933">
     <span class='ocr_line' id='line_1_97' title="bbox 83 4857 548 4933; baseline 0.022 -20"><span class='ocrx_word' id='word_1_774' title='bbox 83 4857 310 4919; x_wconf 80' lang='lat' dir='ltr'><strong>&quot;Matth.</strong></span> <span class='ocrx_word' id='word_1_775' title='bbox 345 4883 423 4933; x_wconf 83' lang='lat' dir='ltr'><strong>Vt,</strong></span> <span class='ocrx_word' id='word_1_776' title='bbox 455 4868 548 4923; x_wconf 67' lang='grc'><strong>24.</strong></span> 
     </span>
    </p>
   </div>
   <div class='ocr_carea' id='block_1_98' title="bbox 61 5003 1574 5086">
    <p class='ocr_par' dir='ltr' id='par_1_98' title="bbox 61 5003 1574 5086">
     <span class='ocr_line' id='line_1_98' title="bbox 61 5003 1574 5086; baseline 0.006 -22"><span class='ocrx_word' id='word_1_777' title='bbox 61 5003 383 5086; x_wconf 43' lang='grc' dir='ltr'><strong>,(ἳηᾼέτοι,</strong></span> <span class='ocrx_word' id='word_1_778' title='bbox 420 5016 945 5086; x_wconf 71' lang='grc' dir='ltr'>καὶάςριλόσοςρον.</span> <span class='ocrx_word' id='word_1_779' title='bbox 985 5015 1144 5072; x_wconf 86' lang='lat' dir='ltr'><strong>Libb.</strong></span> <span class='ocrx_word' id='word_1_780' title='bbox 1176 5018 1307 5072; x_wconf 89' lang='lat' dir='ltr'><strong>editi</strong></span> <span class='ocrx_word' id='word_1_781' title='bbox 1343 5021 1393 5072; x_wconf 93' lang='lat' dir='ltr'><strong>in</strong></span> <span class='ocrx_word' id='word_1_782' title='bbox 1427 5036 1574 5073; x_wconf 86' lang='lat' dir='ltr'><strong>mar-</strong></span> 
     </span>
    </p>
   </div>
   <div class='ocr_carea' id='block_1_99' title="bbox 35 5077 1573 5160">
    <p class='ocr_par' dir='ltr' id='par_1_99' title="bbox 35 5077 1573 5160">
     <span class='ocr_line' id='line_1_99' title="bbox 35 5077 1573 5160; baseline 0.005 -24"><span class='ocrx_word' id='word_1_783' title='bbox 35 5077 296 5160; x_wconf 58' lang='grc' dir='ltr'>ιζίῐξθελέγεὶ</span> <span class='ocrx_word' id='word_1_784' title='bbox 341 5077 436 5140; x_wconf 61' lang='grc' dir='ltr'>διαὶ</span> <span class='ocrx_word' id='word_1_785' title='bbox 487 5077 834 5160; x_wconf 59' lang='grc' dir='ltr'>ἀφιλόσοφονῖ</span> <span class='ocrx_word' id='word_1_786' title='bbox 872 5085 1192 5160; x_wconf 63' lang='lat' dir='ltr'><strong>Bolierellus</strong></span> <span class='ocrx_word' id='word_1_787' title='bbox 1236 5089 1387 5160; x_wconf 79' lang='lat' dir='ltr'><strong>legit.</strong></span> <span class='ocrx_word' id='word_1_788' title='bbox 1423 5089 1573 5159; x_wconf 89' lang='grc' dir='ltr'>λέγοι</span> 
     </span>
    </p>
   </div>
   <div class='ocr_carea' id='block_1_100' title="bbox 34 5144 1564 5229">
    <p class='ocr_par' dir='ltr' id='par_1_100' title="bbox 34 5144 1564 5229">
     <span class='ocr_line' id='line_1_100' title="bbox 34 5144 1564 5229; baseline 0.011 -32"><span class='ocrx_word' id='word_1_789' title='bbox 34 5144 102 5229; x_wconf 56' lang='grc' dir='ltr'>ξιτ).</span> <span class='ocrx_word' id='word_1_790' title='bbox 121 5144 451 5229; x_wconf 69' lang='grc' dir='ltr'>ἀφιλόσοφοςο</span> <span class='ocrx_word' id='word_1_791' title='bbox 477 5144 622 5229; x_wconf 76' lang='lat' dir='ltr'><strong>quod</strong></span> <span class='ocrx_word' id='word_1_792' title='bbox 648 5169 700 5213; x_wconf 86' lang='lat' dir='ltr'><strong>et</strong></span> <span class='ocrx_word' id='word_1_793' title='bbox 729 5144 1072 5214; x_wconf 68' lang='lat' dir='ltr'><strong>liteschelius</strong></span> <span class='ocrx_word' id='word_1_794' title='bbox 1105 5156 1264 5214; x_wconf 73' lang='lat' dir='ltr'><strong>affert</strong></span> <span class='ocrx_word' id='word_1_795' title='bbox 1290 5144 1321 5216; x_wconf 66' lang='grc' dir='ltr'>ἓ</span> <span class='ocrx_word' id='word_1_796' title='bbox 1351 5144 1564 5216; x_wconf 76' lang='lat' dir='ltr'><strong>Gelenii</strong></span> 
     </span>
    </p>
   </div>
   <div class='ocr_carea' id='block_1_101' title="bbox 37 5223 452 5284">
    <p class='ocr_par' dir='ltr' id='par_1_101' title="bbox 37 5223 452 5284">
     <span class='ocr_line' id='line_1_101' title="bbox 37 5223 452 5284; baseline 0.055 -25"><span class='ocrx_word' id='word_1_797' title='bbox 37 5223 452 5284; x_wconf 78' lang='lat' dir='ltr'><strong>interpretatione.</strong></span> 
     </span>
    </p>
   </div>
   <div class='ocr_carea' id='block_1_102' title="bbox 40 5285 1557 5368">
    <p class='ocr_par' dir='ltr' id='par_1_102' title="bbox 40 5285 1557 5368">
     <span class='ocr_line' id='line_1_102' title="bbox 40 5285 1557 5368; baseline 0.006 -20"><span class='ocrx_word' id='word_1_798' title='bbox 40 5348 52 5368; x_wconf 42' lang='grc' dir='ltr'>ε</span> <span class='ocrx_word' id='word_1_799' title='bbox 86 5285 176 5366; x_wconf 50' lang='grc'><strong>(98)</strong></span> <span class='ocrx_word' id='word_1_800' title='bbox 226 5293 382 5368; x_wconf 75' lang='grc' dir='ltr'>Ἡμῖν</span> <span class='ocrx_word' id='word_1_801' title='bbox 432 5299 909 5368; x_wconf 72' lang='grc' dir='ltr'>σημαινομένων.</span> <span class='ocrx_word' id='word_1_802' title='bbox 962 5297 1145 5354; x_wconf 82' lang='lat' dir='ltr'><strong>Mallet</strong></span> <span class='ocrx_word' id='word_1_803' title='bbox 1209 5297 1557 5368; x_wconf 87' lang='lat' dir='ltr'><strong>Boberellus,</strong></span> 
     </span>
    </p>
   </div>
   <div class='ocr_carea' id='block_1_103' title="bbox 33 5364 1037 5442">
    <p class='ocr_par' dir='ltr' id='par_1_103' title="bbox 33 5364 1037 5442">
     <span class='ocr_line' id='line_1_103' title="bbox 33 5364 1037 5442; baseline 0.007 -25"><span class='ocrx_word' id='word_1_804' title='bbox 33 5364 467 5442; x_wconf 44' lang='lat' dir='ltr'><strong>ili‘fﬁﬁgpaivuw,</strong></span> <span class='ocrx_word' id='word_1_805' title='bbox 500 5364 584 5423; x_wconf 72' lang='lat' dir='ltr'><strong>vel</strong></span> <span class='ocrx_word' id='word_1_806' title='bbox 605 5364 1037 5442; x_wconf 75' lang='grc' dir='ltr'>σημαινομένην.</span> 
     </span>
    </p>
   </div>
   <div class='ocr_carea' id='block_1_104' title="bbox 87 5423 1302 5514">
    <p class='ocr_par' dir='ltr' id='par_1_104' title="bbox 87 5423 1302 5514">
     <span class='ocr_line' id='line_1_104' title="bbox 87 5423 1302 5514; baseline 0.001 0"><span class='ocrx_word' id='word_1_807' title='bbox 87 5423 176 5514; x_wconf 60' lang='grc' dir='ltr'><strong>έὲἓὶ</strong></span> <span class='ocrx_word' id='word_1_808' title='bbox 207 5423 754 5514; x_wconf 58' lang='grc' dir='ltr'><strong>ξὲιθνρράτρτις;,ί³¹ἒιρ</strong></span> <span class='ocrx_word' id='word_1_809' title='bbox 779 5423 1036 5514; x_wconf 64' lang='grc' dir='ltr'><strong>Αρφέοςίοξ</strong></span> <span class='ocrx_word' id='word_1_810' title='bbox 1057 5455 1181 5514; x_wconf 62' lang='lat' dir='ltr'><strong>eat:-</strong></span> <span class='ocrx_word' id='word_1_811' title='bbox 1209 5440 1302 5514; x_wconf 66' lang='lat'><strong>30-</strong></span> 
     </span>
    </p>
   </div>
   <div class='ocr_carea' id='block_1_105' title="bbox 86 5497 1552 5583">
    <p class='ocr_par' dir='ltr' id='par_1_105' title="bbox 86 5497 1552 5583">
     <span class='ocr_line' id='line_1_105' title="bbox 86 5497 1552 5583; baseline 0.006 -26"><span class='ocrx_word' id='word_1_812' title='bbox 86 5497 177 5583; x_wconf 69' lang='grc'><strong>(59)</strong></span> <span class='ocrx_word' id='word_1_813' title='bbox 209 5497 354 5583; x_wconf 60' lang='lat' dir='ltr'><strong>1,th.</strong></span> <span class='ocrx_word' id='word_1_814' title='bbox 381 5497 800 5583; x_wconf 43' lang='lat' dir='ltr'><strong>editi-Platonis,</strong></span> <span class='ocrx_word' id='word_1_815' title='bbox 829 5497 888 5562; x_wconf 80' lang='grc' dir='ltr'><strong>οὐ</strong></span> <span class='ocrx_word' id='word_1_816' title='bbox 916 5497 1024 5583; x_wconf 70' lang='grc' dir='ltr'><strong>γάρ</strong></span> <span class='ocrx_word' id='word_1_817' title='bbox 1047 5497 1197 5582; x_wconf 71' lang='grc' dir='ltr'>οἶμαι</span> <span class='ocrx_word' id='word_1_818' title='bbox 1222 5510 1448 5583; x_wconf 78' lang='grc' dir='ltr'>θεμιτὸν</span> <span class='ocrx_word' id='word_1_819' title='bbox 1471 5506 1552 5566; x_wconf 82' lang='grc' dir='ltr'><strong>εἷ-</strong></span> 
     </span>
    </p>
   </div>
   <div class='ocr_carea' id='block_1_106' title="bbox 33 5527 1328 5651">
    <p class='ocr_par' dir='ltr' id='par_1_106' title="bbox 33 5527 1328 5651">
     <span class='ocr_line' id='line_1_106' title="bbox 86 5527 1328 5582; baseline 0.007 -26"><span class='ocrx_word' id='word_1_820' title='bbox 86 5527 177 5566; x_wconf 69' lang='grc' dir='ltr'>ιυυι</span> <span class='ocrx_word' id='word_1_821' title='bbox 209 5527 354 5563; x_wconf 77' lang='grc' dir='ltr'>ωυυ.</span> <span class='ocrx_word' id='word_1_822' title='bbox 381 5527 514 5563; x_wconf 82' lang='lat' dir='ltr'><strong>eum</strong></span> <span class='ocrx_word' id='word_1_823' title='bbox 541 5527 800 5571; x_wconf 76' lang='lat' dir='ltr'><strong>rtatonts,</strong></span> <span class='ocrx_word' id='word_1_824' title='bbox 829 5527 888 5562; x_wconf 93' lang='grc' dir='ltr'><strong>ου</strong></span> <span class='ocrx_word' id='word_1_825' title='bbox 916 5527 986 5580; x_wconf 88' lang='grc' dir='ltr'><strong>γα</strong></span> <span class='ocrx_word' id='word_1_826' title='bbox 1047 5527 1197 5582; x_wconf 86' lang='grc' dir='ltr'>οιμαι</span> <span class='ocrx_word' id='word_1_827' title='bbox 1228 5527 1328 5565; x_wconf 78' lang='lat' dir='ltr'><strong>Usu</strong></span> 
     </span>
     <span class='ocr_line' id='line_1_107' title="bbox 33 5527 1328 5651; baseline 0.008 -25"><span class='ocrx_word' id='word_1_828' title='bbox 33 5569 524 5651; x_wconf 44' lang='lat' dir='ltr'><strong>VGl/ﬁpgivovrdwpi</strong></span> <span class='ocrx_word' id='word_1_829' title='bbox 560 5580 666 5634; x_wconf 79' lang='grc' dir='ltr'>ὑπὸ</span> <span class='ocrx_word' id='word_1_830' title='bbox 697 5581 935 5651; x_wconf 86' lang='grc' dir='ltr'>χείρονος</span> <span class='ocrx_word' id='word_1_831' title='bbox 973 5527 1328 5651; x_wconf 55' lang='grc' dir='ltr'>βςιάπτεσθαί.</span> 
     </span>
    </p>
   </div>
   <div class='ocr_carea' id='block_1_107' title="bbox 88 5589 1552 5721">
    <p class='ocr_par' dir='ltr' id='par_1_107' title="bbox 88 5589 1552 5721">
     <span class='ocr_line' id='line_1_108' title="bbox 88 5589 1328 5651; baseline 0.008 -24"><span class='ocrx_word' id='word_1_832' title='bbox 88 5589 98 5614; x_wconf 92' lang='lat'><strong>&#39;-</strong></span> <span class='ocrx_word' id='word_1_833' title='bbox 127 5589 169 5620; x_wconf 83' lang='grc' dir='ltr'>α’</span> <span class='ocrx_word' id='word_1_834' title='bbox 195 5589 344 5631; x_wconf 72' lang='grc' dir='ltr'>εινονι</span> <span class='ocrx_word' id='word_1_835' title='bbox 370 5589 524 5650; x_wconf 77' lang='grc' dir='ltr'>ἀνδρὶ</span> <span class='ocrx_word' id='word_1_836' title='bbox 560 5589 666 5634; x_wconf 84' lang='grc' dir='ltr'>ὑπὸ</span> <span class='ocrx_word' id='word_1_837' title='bbox 697 5589 935 5651; x_wconf 81' lang='grc' dir='ltr'>χείρονος</span> <span class='ocrx_word' id='word_1_838' title='bbox 973 5589 1328 5651; x_wconf 78' lang='grc' dir='ltr'>βλάπτεσθαι.</span> 
     </span>
     <span class='ocr_line' id='line_1_109' title="bbox 88 5589 1552 5721; baseline 0.005 -23"><span class='ocrx_word' id='word_1_839' title='bbox 88 5589 533 5721; x_wconf 51' lang='lat' dir='ltr'><strong>(SillLllmscltelius</strong></span> <span class='ocrx_word' id='word_1_840' title='bbox 573 5652 624 5705; x_wconf 91' lang='lat' dir='ltr'><strong>in</strong></span> <span class='ocrx_word' id='word_1_841' title='bbox 655 5662 822 5716; x_wconf 80' lang='lat' dir='ltr'><strong>textu,</strong></span> <span class='ocrx_word' id='word_1_842' title='bbox 854 5651 935 5717; x_wconf 84' lang='grc' dir='ltr'>τὸ,</span> <span class='ocrx_word' id='word_1_843' title='bbox 977 5652 1172 5715; x_wconf 84' lang='grc' dir='ltr'>οὐδείς.</span> <span class='ocrx_word' id='word_1_844' title='bbox 1231 5651 1400 5708; x_wconf 85' lang='lat' dir='ltr'><strong>Paulo</strong></span> <span class='ocrx_word' id='word_1_845' title='bbox 1428 5660 1552 5721; x_wconf 88' lang='lat' dir='ltr'><strong>post</strong></span> 
     </span>
    </p>
   </div>
   <div class='ocr_carea' id='block_1_108' title="bbox 35 5714 1548 5796">
    <p class='ocr_par' dir='ltr' id='par_1_108' title="bbox 35 5714 1548 5796">
     <span class='ocr_line' id='line_1_110' title="bbox 35 5714 1548 5796; baseline -0.001 -19"><span class='ocrx_word' id='word_1_846' title='bbox 167 5727 346 5796; x_wconf 53' lang='lat' dir='ltr'><strong>futues</strong></span> <span class='ocrx_word' id='word_1_847' title='bbox 381 5720 744 5796; x_wconf 81' lang='lat' dir='ltr'><strong>mss_.habcnt,</strong></span> <span class='ocrx_word' id='word_1_848' title='bbox 778 5714 1026 5796; x_wconf 44' lang='lat' dir='ltr'><strong>respici};</strong></span> <span class='ocrx_word' id='word_1_849' title='bbox 1051 5714 1246 5796; x_wconf 35' lang='grc' dir='ltr'>εἰςξτὸν</span> <span class='ocrx_word' id='word_1_850' title='bbox 1280 5723 1412 5777; x_wconf 86' lang='grc' dir='ltr'>Θεὸν</span> <span class='ocrx_word' id='word_1_851' title='bbox 1428 5714 1548 5776; x_wconf 78' lang='grc' dir='ltr'>’τῶν</span> 
     </span>
    </p>
   </div>
   <div class='ocr_carea' id='block_1_109' title="bbox 39 5770 1543 5866">
    <p class='ocr_par' dir='ltr' id='par_1_109' title="bbox 39 5770 1543 5866">
     <span class='ocr_line' id='line_1_111' title="bbox 39 5770 1543 5866; baseline 0.018 -44"><span class='ocrx_word' id='word_1_852' title='bbox 39 5770 139 5828; x_wconf 82' lang='grc' dir='ltr'>ολων</span> <span class='ocrx_word' id='word_1_853' title='bbox 165 5779 383 5853; x_wconf 77' lang='grc' dir='ltr'>δουλείας</span> <span class='ocrx_word' id='word_1_854' title='bbox 422 5791 597 5861; x_wconf 80' lang='grc' dir='ltr'>μόνον,</span> <span class='ocrx_word' id='word_1_855' title='bbox 640 5770 826 5862; x_wconf 70' lang='lat' dir='ltr'><strong>sicque</strong></span> <span class='ocrx_word' id='word_1_856' title='bbox 850 5770 1241 5863; x_wconf 41' lang='lat' dir='ltr'><strong>rlitngc&#39;nevlius,</strong></span> <span class='ocrx_word' id='word_1_857' title='bbox 1287 5796 1375 5866; x_wconf 85' lang='lat' dir='ltr'><strong>qui</strong></span> <span class='ocrx_word' id='word_1_858' title='bbox 1422 5811 1543 5851; x_wconf 85' lang='lat' dir='ltr'><strong>cum</strong></span> 
     </span>
    </p>
   </div>
   <div class='ocr_carea' id='block_1_110' title="bbox 1684 4522 3272 4593">
    <p class='ocr_par' dir='ltr' id='par_1_110' title="bbox 1684 4522 3272 4593">
     <span class='ocr_line' id='line_1_112' title="bbox 1684 4522 3272 4593; baseline -0.003 -11"><span class='ocrx_word' id='word_1_859' title='bbox 1684 4545 1773 4582; x_wconf 88' lang='lat' dir='ltr'><strong>mo</strong></span> <span class='ocrx_word' id='word_1_860' title='bbox 1795 4530 1902 4583; x_wconf 88' lang='lat' dir='ltr'><strong>Deo</strong></span> <span class='ocrx_word' id='word_1_861' title='bbox 1918 4529 2101 4581; x_wconf 89' lang='lat' dir='ltr'><strong>datum</strong></span> <span class='ocrx_word' id='word_1_862' title='bbox 2122 4524 2309 4579; x_wconf 77' lang='lat' dir='ltr'><strong>fuisse.</strong></span> <span class='ocrx_word' id='word_1_863' title='bbox 2327 4524 2480 4591; x_wconf 86' lang='lat' dir='ltr'><strong>Quod</strong></span> <span class='ocrx_word' id='word_1_864' title='bbox 2497 4526 2589 4580; x_wconf 92' lang='lat' dir='ltr'><strong>sia</strong></span> <span class='ocrx_word' id='word_1_865' title='bbox 2609 4525 2766 4580; x_wconf 91' lang='lat' dir='ltr'><strong>nobis</strong></span> <span class='ocrx_word' id='word_1_866' title='bbox 2779 4525 2904 4593; x_wconf 85' lang='lat' dir='ltr'><strong>quid</strong></span> <span class='ocrx_word' id='word_1_867' title='bbox 2920 4525 3096 4578; x_wconf 80' lang='lat' dir='ltr'><strong>simile</strong></span> <span class='ocrx_word' id='word_1_868' title='bbox 3111 4522 3272 4578; x_wconf 72' lang='lat' dir='ltr'><strong>dele-</strong></span> 
     </span>
    </p>
   </div>
   <div class='ocr_carea' id='block_1_111' title="bbox 1685 4617 3270 4692">
    <p class='ocr_par' dir='ltr' id='par_1_111' title="bbox 1685 4617 3270 4692">
     <span class='ocr_line' id='line_1_113' title="bbox 1685 4617 3270 4692; baseline -0.004 -15"><span class='ocrx_word' id='word_1_869' title='bbox 1685 4637 1747 4677; x_wconf 89' lang='lat' dir='ltr'><strong>su</strong></span> <span class='ocrx_word' id='word_1_870' title='bbox 1778 4621 2029 4692; x_wconf 85' lang='lat' dir='ltr'><strong>postulet,</strong></span> <span class='ocrx_word' id='word_1_871' title='bbox 2049 4621 2402 4690; x_wconf 87' lang='lat' dir='ltr'><strong>probabimus</strong></span> <span class='ocrx_word' id='word_1_872' title='bbox 2423 4619 2606 4672; x_wconf 87' lang='lat' dir='ltr'><strong>datutu</strong></span> <span class='ocrx_word' id='word_1_873' title='bbox 2629 4618 2754 4671; x_wconf 90' lang='lat' dir='ltr'><strong>illia</strong></span> <span class='ocrx_word' id='word_1_874' title='bbox 2780 4618 2887 4671; x_wconf 85' lang='lat' dir='ltr'><strong>Deo</strong></span> <span class='ocrx_word' id='word_1_875' title='bbox 2917 4617 3082 4671; x_wconf 81' lang='lat' dir='ltr'><strong>fuisse</strong></span> <span class='ocrx_word' id='word_1_876' title='bbox 3103 4623 3270 4670; x_wconf 81' lang='lat' dir='ltr'><strong>utco-</strong></span> 
     </span>
    </p>
   </div>
   <div class='ocr_carea' id='block_1_112' title="bbox 1682 4707 3265 4780">
    <p class='ocr_par' dir='ltr' id='par_1_112' title="bbox 1682 4707 3265 4780">
     <span class='ocr_line' id='line_1_114' title="bbox 1682 4707 3265 4780; baseline -0.005 -12"><span class='ocrx_word' id='word_1_877' title='bbox 1682 4715 1913 4780; x_wconf 78' lang='lat' dir='ltr'><strong>teretur,</strong></span> <span class='ocrx_word' id='word_1_878' title='bbox 1932 4721 1988 4765; x_wconf 88' lang='lat' dir='ltr'><strong>ut</strong></span> <span class='ocrx_word' id='word_1_879' title='bbox 2003 4727 2177 4766; x_wconf 80' lang='lat' dir='ltr'><strong>omnes</strong></span> <span class='ocrx_word' id='word_1_880' title='bbox 2191 4712 2534 4779; x_wconf 83' lang='lat' dir='ltr'><strong>houari/icent</strong></span> <span class='ocrx_word' id='word_1_881' title='bbox 2553 4707 2749 4763; x_wconf 85' lang='lat' dir='ltr'><strong>Filium</strong></span> <span class='ocrx_word' id='word_1_882' title='bbox 2763 4709 2898 4764; x_wconf 75' lang='lat' dir='ltr'><strong>sicut</strong></span> <span class='ocrx_word' id='word_1_883' title='bbox 2913 4707 3265 4775; x_wconf 79' lang='lat' dir='ltr'><strong>honoriﬁcam</strong></span> 
     </span>
    </p>
   </div>
   <div class='ocr_carea' id='block_1_113' title="bbox 1683 5013 3260 5088">
    <p class='ocr_par' dir='ltr' id='par_1_113' title="bbox 1683 5013 3260 5088">
     <span class='ocr_line' id='line_1_115' title="bbox 1683 5013 3260 5088; baseline -0.003 -14"><span class='ocrx_word' id='word_1_884' title='bbox 1683 5019 1969 5076; x_wconf 88' lang='lat' dir='ltr'><strong>incidisset</strong></span> <span class='ocrx_word' id='word_1_885' title='bbox 2001 5021 2052 5075; x_wconf 88' lang='lat' dir='ltr'><strong>in</strong></span> <span class='ocrx_word' id='word_1_886' title='bbox 2080 5019 2324 5076; x_wconf 90' lang='lat' dir='ltr'><strong>codicem</strong></span> <span class='ocrx_word' id='word_1_887' title='bbox 2355 5034 2457 5074; x_wconf 90' lang='lat' dir='ltr'><strong>ms.</strong></span> <span class='ocrx_word' id='word_1_888' title='bbox 2497 5018 2550 5072; x_wconf 90' lang='lat' dir='ltr'><strong>in</strong></span> <span class='ocrx_word' id='word_1_889' title='bbox 2594 5032 2700 5088; x_wconf 92' lang='lat' dir='ltr'><strong>quo</strong></span> <span class='ocrx_word' id='word_1_890' title='bbox 2726 5018 2806 5080; x_wconf 81' lang='grc' dir='ltr'><strong>εις</strong></span> <span class='ocrx_word' id='word_1_891' title='bbox 2828 5013 3260 5088; x_wconf 80' lang='lat' dir='ltr'><strong>desiderabatur,</strong></span> 
     </span>
    </p>
   </div>
   <div class='ocr_carea' id='block_1_114' title="bbox 1678 5087 3260 5162">
    <p class='ocr_par' dir='ltr' id='par_1_114' title="bbox 1678 5087 3260 5162">
     <span class='ocr_line' id='line_1_116' title="bbox 1678 5087 3260 5162; baseline -0.001 -18"><span class='ocrx_word' id='word_1_892' title='bbox 1678 5091 1894 5160; x_wconf 81' lang='lat' dir='ltr'><strong>putavit</strong></span> <span class='ocrx_word' id='word_1_893' title='bbox 1932 5090 2214 5160; x_wconf 79' lang='lat' dir='ltr'><strong>legendum</strong></span> <span class='ocrx_word' id='word_1_894' title='bbox 2247 5090 2324 5162; x_wconf 85' lang='grc' dir='ltr'><strong>τῷ</strong></span> <span class='ocrx_word' id='word_1_895' title='bbox 2360 5090 2478 5162; x_wconf 82' lang='grc' dir='ltr'><strong>Θεῷ</strong></span> <span class='ocrx_word' id='word_1_896' title='bbox 2509 5087 2623 5144; x_wconf 84' lang='grc' dir='ltr'>τῶν</span> <span class='ocrx_word' id='word_1_897' title='bbox 2645 5089 2803 5150; x_wconf 85' lang='grc' dir='ltr'>ὅλων,</span> <span class='ocrx_word' id='word_1_898' title='bbox 2843 5089 2985 5162; x_wconf 79' lang='lat' dir='ltr'><strong>quod</strong></span> <span class='ocrx_word' id='word_1_899' title='bbox 3017 5087 3260 5157; x_wconf 84' lang='lat' dir='ltr'><strong>Spence-</strong></span> 
     </span>
    </p>
   </div>
   <div class='ocr_carea' id='block_1_115' title="bbox 1677 5157 2976 5218">
    <p class='ocr_par' dir='ltr' id='par_1_115' title="bbox 1677 5157 2976 5218">
     <span class='ocr_line' id='line_1_117' title="bbox 1677 5157 2976 5218; baseline -0.004 -2"><span class='ocrx_word' id='word_1_900' title='bbox 1677 5157 1778 5218; x_wconf 80' lang='lat' dir='ltr'><strong>i&#39;us</strong></span> <span class='ocrx_word' id='word_1_901' title='bbox 1808 5177 1908 5215; x_wconf 91' lang='lat' dir='ltr'><strong>suo</strong></span> <span class='ocrx_word' id='word_1_902' title='bbox 1939 5157 2090 5215; x_wconf 74' lang='lat' dir='ltr'><strong>more</strong></span> <span class='ocrx_word' id='word_1_903' title='bbox 2121 5157 2308 5216; x_wconf 84' lang='lat' dir='ltr'><strong>statim</strong></span> <span class='ocrx_word' id='word_1_904' title='bbox 2341 5162 2393 5215; x_wconf 92' lang='lat' dir='ltr'><strong>in</strong></span> <span class='ocrx_word' id='word_1_905' title='bbox 2425 5157 2637 5215; x_wconf 79' lang='lat' dir='ltr'><strong>textum</strong></span> <span class='ocrx_word' id='word_1_906' title='bbox 2675 5157 2976 5212; x_wconf 87' lang='lat' dir='ltr'><strong>transtulit.</strong></span> 
     </span>
    </p>
   </div>
   <div class='ocr_carea' id='block_1_116' title="bbox 1749 5226 3262 5302">
    <p class='ocr_par' dir='ltr' id='par_1_116' title="bbox 1749 5226 3262 5302">
     <span class='ocr_line' id='line_1_118' title="bbox 1749 5226 3262 5302; baseline -0.004 -16"><span class='ocrx_word' id='word_1_907' title='bbox 1749 5232 2102 5302; x_wconf 12' lang='lat' dir='ltr'><strong>(52)7Codex_</strong></span> <span class='ocrx_word' id='word_1_908' title='bbox 2137 5230 2386 5302; x_wconf 80' lang='lat' dir='ltr'><strong>Julianus</strong></span> <span class='ocrx_word' id='word_1_909' title='bbox 2445 5241 2614 5296; x_wconf 87' lang='lat' dir='ltr'><strong>recte,</strong></span> <span class='ocrx_word' id='word_1_910' title='bbox 2662 5226 3262 5302; x_wconf 62' lang='lat' dir='ltr'><strong>Oepartsdast_q.__Libb.</strong></span> 
     </span>
    </p>
   </div>
   <div class='ocr_carea' id='block_1_117' title="bbox 1669 5298 3264 5374">
    <p class='ocr_par' dir='ltr' id='par_1_117' title="bbox 1669 5298 3264 5374">
     <span class='ocr_line' id='line_1_119' title="bbox 1669 5298 3264 5374; baseline -0.002 -17"><span class='ocrx_word' id='word_1_911' title='bbox 1669 5298 1826 5369; x_wconf 80' lang='lat' dir='ltr'><strong>editi,</strong></span> <span class='ocrx_word' id='word_1_912' title='bbox 1861 5300 2211 5374; x_wconf 83' lang='grc' dir='ltr'>θεραπεύεις.</span> <span class='ocrx_word' id='word_1_913' title='bbox 2264 5300 2485 5374; x_wconf 82' lang='lat' dir='ltr'><strong>Ibidem</strong></span> <span class='ocrx_word' id='word_1_914' title='bbox 2524 5316 2660 5374; x_wconf 50' lang='lat' dir='ltr'><strong>mss:</strong></span> <span class='ocrx_word' id='word_1_915' title='bbox 2704 5298 2760 5355; x_wconf 77' lang='lat' dir='ltr'><strong>et</strong></span> <span class='ocrx_word' id='word_1_916' title='bbox 2818 5298 3161 5374; x_wconf 70' lang='lat' dir='ltr'><strong>llmscltelius</strong></span> <span class='ocrx_word' id='word_1_917' title='bbox 3190 5301 3264 5374; x_wconf 22' lang='lat' dir='ltr'><strong>Ain</strong></span> 
     </span>
    </p>
   </div>
   <div class='ocr_carea' id='block_1_118' title="bbox 1672 5367 3268 5444">
    <p class='ocr_par' dir='ltr' id='par_1_118' title="bbox 1672 5367 3268 5444">
     <span class='ocr_line' id='line_1_120' title="bbox 1672 5367 3268 5444; baseline -0.003 -18"><span class='ocrx_word' id='word_1_918' title='bbox 1672 5367 1846 5444; x_wconf 77' lang='lat' dir='ltr'><strong>textu,</strong></span> <span class='ocrx_word' id='word_1_919' title='bbox 1873 5367 1967 5426; x_wconf 76' lang='grc' dir='ltr'>καὶ</span> <span class='ocrx_word' id='word_1_920' title='bbox 1996 5371 2281 5444; x_wconf 85' lang='grc' dir='ltr'>διόρθωσιν</span> <span class='ocrx_word' id='word_1_921' title='bbox 2316 5367 3268 5444; x_wconf 15' lang='grc' dir='ltr'>προσάγει.ί8ρθιιςθιυε,,καὶ-διόρ-</span> 
     </span>
    </p>
   </div>
   <div class='ocr_carea' id='block_1_119' title="bbox 1669 5438 3265 5515">
    <p class='ocr_par' dir='ltr' id='par_1_119' title="bbox 1669 5438 3265 5515">
     <span class='ocr_line' id='line_1_121' title="bbox 1669 5438 3265 5515; baseline -0.001 -20"><span class='ocrx_word' id='word_1_922' title='bbox 1669 5441 1840 5496; x_wconf 87' lang='grc' dir='ltr'>θωσιν</span> <span class='ocrx_word' id='word_1_923' title='bbox 1882 5438 2195 5515; x_wconf 72' lang='grc' dir='ltr'>προσάγων.</span> <span class='ocrx_word' id='word_1_924' title='bbox 2226 5438 2520 5515; x_wconf 76' lang='lat' dir='ltr'><strong>_Boberello</strong></span> <span class='ocrx_word' id='word_1_925' title='bbox 2552 5439 3006 5515; x_wconf 66' lang='lat' dir='ltr'><strong>_piaccret_,_xar&amp;t</strong></span> <span class='ocrx_word' id='word_1_926' title='bbox 3033 5438 3265 5510; x_wconf 83' lang='grc' dir='ltr'>διόρθω-</span> 
     </span>
    </p>
   </div>
   <div class='ocr_carea' id='block_1_120' title="bbox 1665 5510 2998 5585">
    <p class='ocr_par' dir='ltr' id='par_1_120' title="bbox 1665 5510 2998 5585">
     <span class='ocr_line' id='line_1_122' title="bbox 1665 5510 2998 5585; baseline -0.002 -19"><span class='ocrx_word' id='word_1_927' title='bbox 1665 5530 1753 5567; x_wconf 91' lang='grc' dir='ltr'><strong>σιν</strong></span> <span class='ocrx_word' id='word_1_928' title='bbox 1795 5510 2091 5584; x_wconf 78' lang='grc' dir='ltr'>προσάγων</span> <span class='ocrx_word' id='word_1_929' title='bbox 2115 5513 2194 5585; x_wconf 84' lang='grc' dir='ltr'>τῷ</span> <span class='ocrx_word' id='word_1_930' title='bbox 2225 5513 2521 5583; x_wconf 82' lang='grc' dir='ltr'>λεγομένῳ,</span> <span class='ocrx_word' id='word_1_931' title='bbox 2547 5513 2630 5566; x_wconf 84' lang='grc' dir='ltr'>ὅτι</span> <span class='ocrx_word' id='word_1_932' title='bbox 2654 5511 2765 5564; x_wconf 81' lang='grc' dir='ltr'>οὐδ’</span> <span class='ocrx_word' id='word_1_933' title='bbox 2800 5510 2998 5585; x_wconf 34' lang='grc' dir='ltr'>ἔξεστι..</span> 
     </span>
    </p>
   </div>
   <div class='ocr_carea' id='block_1_121' title="bbox 1734 5579 3271 5706">
    <p class='ocr_par' dir='ltr' id='par_1_121' title="bbox 1734 5579 3271 5706">
     <span class='ocr_line' id='line_1_123' title="bbox 1734 5579 3271 5706; baseline -0.004 -66"><span class='ocrx_word' id='word_1_934' title='bbox 1734 5579 1852 5706; x_wconf 47' lang='grc'><strong>(552⁷</strong></span> <span class='ocrx_word' id='word_1_935' title='bbox 1871 5586 1982 5638; x_wconf 81' lang='grc' dir='ltr'><strong>Καὶ</strong></span> <span class='ocrx_word' id='word_1_936' title='bbox 1992 5579 2001 5583; x_wconf 68' lang='grc'><em>’</em></span> <span class='ocrx_word' id='word_1_937' title='bbox 2012 5579 2270 5664; x_wconf 69' lang='grc' dir='ltr'>ἀμαθίας</span> <span class='ocrx_word' id='word_1_938' title='bbox 2289 5579 2673 5651; x_wconf 57' lang='grc' dir='ltr'>ἆικλθρωπίνης</span> <span class='ocrx_word' id='word_1_939' title='bbox 2683 5581 3130 5667; x_wconf 37' lang='grc' dir='ltr'>νπλανωμὲνων.</span> <span class='ocrx_word' id='word_1_940' title='bbox 3171 5579 3271 5634; x_wconf 83' lang='grc' dir='ltr'><strong>Βο-</strong></span> 
     </span>
     <span class='ocr_line' id='line_1_124' title="bbox 1739 5651 3264 5706; baseline -0.003 0"><span class='ocrx_word' id='word_1_941' title='bbox 1739 5656 1816 5706; x_wconf 87' lang='lat' dir='ltr'><strong>rel</strong></span> <span class='ocrx_word' id='word_1_942' title='bbox 1845 5672 1907 5706; x_wconf 89' lang='lat' dir='ltr'><strong>us</strong></span> <span class='ocrx_word' id='word_1_943' title='bbox 1953 5656 2105 5706; x_wconf 66' lang='lat' dir='ltr'><strong>legit.</strong></span> <span class='ocrx_word' id='word_1_944' title='bbox 2137 5655 2232 5706; x_wconf 77' lang='grc' dir='ltr'>καὶ</span> <span class='ocrx_word' id='word_1_945' title='bbox 2261 5655 2500 5706; x_wconf 72' lang='grc' dir='ltr'>ἀμαθίας</span> <span class='ocrx_word' id='word_1_946' title='bbox 2523 5654 2831 5706; x_wconf 85' lang='grc' dir='ltr'>ἀνθοωπων</span> <span class='ocrx_word' id='word_1_947' title='bbox 2863 5651 3264 5706; x_wconf 78' lang='grc' dir='ltr'>πλανωμένων.</span> 
     </span>
    </p>
   </div>
   <div class='ocr_carea' id='block_1_122' title="bbox 1661 5650 3264 5736">
    <p class='ocr_par' dir='ltr' id='par_1_122' title="bbox 1661 5650 3264 5736">
     <span class='ocr_line' id='line_1_125' title="bbox 1661 5650 3264 5736; baseline -0.003 -28"><span class='ocrx_word' id='word_1_948' title='bbox 1661 5650 2232 5736; x_wconf 36' lang='grc' dir='ltr'>ὴθζςμιιεμιεεῖιηκαὶ</span> <span class='ocrx_word' id='word_1_949' title='bbox 2259 5650 2504 5736; x_wconf 64' lang='grc' dir='ltr'>ἀμμθίας</span> <span class='ocrx_word' id='word_1_950' title='bbox 2523 5650 2831 5734; x_wconf 72' lang='grc' dir='ltr'>ἀνθρῲπων</span> <span class='ocrx_word' id='word_1_951' title='bbox 2863 5651 3264 5736; x_wconf 64' lang='grc' dir='ltr'>πλανωμένων.</span> 
     </span>
    </p>
   </div>
   <div class='ocr_carea' id='block_1_123' title="bbox 1731 5723 3261 5797">
    <p class='ocr_par' dir='ltr' id='par_1_123' title="bbox 1731 5723 3261 5797">
     <span class='ocr_line' id='line_1_126' title="bbox 1731 5723 3261 5797; baseline -0.003 -16"><span class='ocrx_word' id='word_1_952' title='bbox 1731 5724 1862 5797; x_wconf 75' lang='grc'><strong>(34)</strong></span> <span class='ocrx_word' id='word_1_953' title='bbox 1896 5723 2191 5797; x_wconf 63' lang='grc' dir='ltr'>Ἀντινόῳ.</span> <span class='ocrx_word' id='word_1_954' title='bbox 2259 5723 2392 5782; x_wconf 80' lang='lat' dir='ltr'><strong>Vide</strong></span> <span class='ocrx_word' id='word_1_955' title='bbox 2441 5723 2821 5782; x_wconf 75' lang='lat' dir='ltr'><strong>adnotatioues</strong></span> <span class='ocrx_word' id='word_1_956' title='bbox 2880 5725 2945 5777; x_wconf 82' lang='lat' dir='ltr'><strong>ad</strong></span> <span class='ocrx_word' id='word_1_957' title='bbox 3003 5723 3097 5776; x_wconf 90' lang='lat' dir='ltr'><strong>lib.</strong></span> <span class='ocrx_word' id='word_1_958' title='bbox 3156 5736 3261 5789; x_wconf 85' lang='grc' dir='ltr'>ιιι,</span> 
     </span>
    </p>
   </div>
   <div class='ocr_carea' id='block_1_124' title="bbox 1658 5795 1943 5853">
    <p class='ocr_par' dir='ltr' id='par_1_124' title="bbox 1658 5795 1943 5853">
     <span class='ocr_line' id='line_1_127' title="bbox 1658 5795 1943 5853; baseline 0 0"><span class='ocrx_word' id='word_1_959' title='bbox 1658 5795 1943 5853; x_wconf 52' lang='grc' dir='ltr'><strong>ηυῠι⁷55.</strong></span> 
     </span>
    </p>
   </div>
  </div>
