3846 6406
563 323 696 390 ιεδι

567 453 855 508 Patrem".
875 450 1006 506 Nam
1023 447 1313 520 pmphetire
1338 463 1546 514 omnes,
1568 457 1859 520 antequam
1893 464 2142 506 nascere-

563 557 653 600 tur
677 545 855 606 editae,
877 543 1081 598 cultum
1106 543 1250 597 illius
1273 541 1746 597 commendabant.
1775 541 1883 598 Sed
1907 552 1961 596 et
1981 543 2146 597 mira-

555 635 680 690 cula
707 651 827 704 quae
853 634 982 689 fecit
1007 650 1114 690 non
1142 643 1256 689 arte
1282 636 1512 704 magica,
1543 643 1602 688 ut
1631 635 1909 690 existimat
1932 633 2148 702 Celsus,

557 727 658 780 sed
702 725 990 780 divinitate
1017 741 1046 778 a
1089 725 1366 794 prophetis
1396 726 1678 795 praedicta,
1704 741 1732 779 a
1765 727 1876 781 Deo
1901 728 2146 782 testimo-

559 819 708 874 nium
735 818 1059 884 hahuerunt,
1082 817 1248 888 utqui
1267 817 1482 882 Filium,
1497 818 1585 885 qui
1611 819 1844 872 Verbum
1859 827 1960 882 est,
1991 821 2140 886 colit,

559 910 628 974 is,
659 925 782 964 cum
818 910 950 964 nihil
983 919 1172 964 contra
1201 911 1462 964 rationem
1507 909 1690 976 faciat,
1715 926 1780 964 ex
1809 911 1954 964 illius
1989 911 2138 966 cultu

561 1001 850 1056 utilitatem
886 1003 1184 1070 percipiat;
1219 1011 1273 1055 et
1303 1002 1392 1068 qui
1426 1000 1553 1054 colit
1581 1001 1728 1053 illum
1761 1002 1849 1068 qui
1880 1012 1963 1055 est
1995 1003 2138 1056 veri-

565 1105 650 1148 tas
678 1133 692 1158 ,
729 1093 776 1149 is
815 1109 882 1148 ex
929 1093 1174 1147 veritatis
1219 1091 1366 1146 cultu
1423 1091 1612 1144 melior
1651 1091 1762 1145 fiat.
1801 1091 1954 1157 Quod
1994 1093 2134 1146 idem

561 1187 846 1240 dicendum
885 1186 951 1240 de
987 1185 1133 1240 cultu
1163 1184 1446 1252 sapientiae
1480 1191 1533 1237 et
1564 1185 1789 1254 justitiae
1815 1194 1871 1239 et
1894 1185 2136 1238 omnium

561 1293 682 1348 qua:
717 1278 914 1332 Filium
966 1277 1056 1331 Dei
1093 1291 1212 1330 esse
1265 1285 1530 1330 testantur
1575 1276 1772 1330 divina!
1817 1276 2134 1344 Scriptum.

2047 317 2370 390 omeut'vts

3679 329 3782 386 1532

2168 457 2218 514 Α
2255 447 2452 522 Ἰησοῦ,
2479 449 2854 520 ἀποδείξομεν,
2897 448 2978 502 ἇτι
3023 445 3132 502 ἀπὸ
3171 445 3304 500 Θεοῦ
3341 445 3550 498 δέδοται
3586 442 3708 516 αὐτῷ
3743 446 3782 498 τὸ

2245 541 2530 614 τιμᾶσθαι,
2573 543 2674 596 ἵνα
2723 541 2950 608 πάντες
2998 539 3208 610 τιμῶσι
3264 537 3375 592 τὸν
3425 536 3581 602 Υἱόν,
3637 536 3780 602 καθὼς

2244 635 2458 706 τιμῶσι
2491 636 2595 690 τὸν
2620 635 2875 704 Πατέρα.
2923 635 2988 688 Ai
3021 633 3130 705 γὰρ
3160 631 3268 704 πρὸ
3309 632 3414 701 τῆς
3449 630 3691 700 γενέσεως
3713 631 3778 682 ai-

2243 727 2338 781 τοῦ
2389 732 2713 800 προφητεῖαι
2766 729 3054 790 συστάσεις
3093 722 3234 797 ἦσαν
3281 725 3382 794 τῆς
3437 724 3602 794 τιμῆς
3641 723 3778 777 αὐτοῦ.

2258 819 2416 872 Ἀλλὰ
2447 821 2539 872 καὶ
2568 819 2637 873 τὰ
2661 820 2752 873 ὑπ’
2777 819 2942 873 αὑτοῦ
2971 821 3240 891 γενόμενα
3269 815 3568 888 παράδοξα,
3600 816 3652 868 οὗ
3677 833 3782 886 μαγ-

2245 913 2458 984 γανεία,
2481 913 2558 976 ὡς
2583 913 2754 966 οἴεται
2781 913 3007 976 Κέλσος,
3041 913 3174 966 ἀλλὰ
3199 911 3440 981 θειότητι
3469 909 3780 978 προειρημένῃ

2246 1003 2352 1056 ὑπὸ
2393 1003 2498 1056 τῶν
2528 1003 2844 1075 προφητῶν,
2883 1003 2983 1075 τὴν
3021 1003 3128 1056 ἀπὸ
3174 1002 3310 1055 Θεοῦ
3355 997 3474 1069 εἶχε
3513 999 3780 1071 μαρτυρίαν,

2242 1095 2308 1148 ἵν’
2337 1097 2364 1148 ὁ
2393 1095 2567 1165 τιμῶν
2593 1095 2684 1150 τὸν
2713 1096 2842 1150 Υἱὸν
2873 1095 3000 1148 ὄντα
3032 1093 3224 1162 Λόγον,
3261 1093 3426 1164 μηδὲν
3454 1090 3634 1158 ἄλογον
3655 1089 3782 1160 πράτ-

2241 1205 2370 1250 των,
2392 1185 2668 1258 ὠφελῆται
2707 1190 2771 1240 ὲκ
2803 1187 2898 1240 τοῦ
2927 1189 3090 1258 τιμᾷν
3125 1185 3320 1240 αὐτόν’
3353 1185 3452 1238 καὶ
3477 1183 3640 1254 τιμῶν
3663 1181 3782 1236 air-tis

2241 1279 2372 1333 ὄντα
2397 1277 2653 1349 ἀλήθειαν
2681 1279 2948 1376 κρείττων
2985 1279 3203 1350 γίνηται
3233 1277 3344 1331 ἀπὸ
3376 1276 3472 1330 τοῦ
3509 1277 3658 1346 τιμᾷν
3683 1275 3782 1342 ἀ)ηή-

553 1370 740 1426 θειαν·
783 1370 925 1424 οὕτω
955 1369 1010 1422 δὲ
1041 1371 1135 1423 καὶ
1160 1369 1266 1422 ἀπὸ
1294 1370 1386 1423 τοῦ
1415 1373 1578 1441 τιμᾷν
1608 1369 1799 1439 σοφίαν
1837 1371 1932 1423 καὶ
1960 1370 2324 1445 δικαιοσύνην,
2355 1373 2450 1426 καὶ
2491 1372 2669 1427 πάντα
2709 1373 2856 1443 ἅπερ
2907 1367 3070 1442 ᾦασὶν
3114 1368 3253 1426 εἷναι
3299 1372 3352 1424 οἱ
3389 1369 3524 1423 θεῖοι
3549 1369 3690 1437 Λόγοι
3715 1367 3782 1421 τὸν

557 1467 686 1522 Υἱδν
713 1467 806 1520 τοῦ
842 1463 998 1518 Θεοῦ.

631 1584 718 1637 10.
747 1582 864 1637 Jam
897 1598 1027 1638 vero
1055 1584 1178 1639 Filii
1207 1587 1300 1640 Dei
1336 1603 1486 1657 atque
1519 1601 1582 1640 ac
1615 1585 1708 1640 Dei
1734 1595 1788 1640 et
1815 1583 1994 1639 Patris
2017 1584 2132 1639 cui.

555 1683 670 1730 tum
709 1675 760 1728 in
795 1675 1010 1746 integra
1045 1680 1156 1732 vita
1189 1679 1422 1746 positum
1457 1693 1601 1742 esse,
1643 1677 1765 1731 vide
1823 1692 2004 1730 annon
2035 1677 2132 1729 do-

561 1777 684 1822 cent
714 1769 802 1823 hic
831 1769 980 1824 locus
1014 1789 1030 1826 :
1060 1771 1163 1836 Qui
1205 1773 1257 1825 in
1297 1772 1406 1840 lege
1440 1770 1684 1838 gloriaris
1707 1809 1720 1833 ,
1750 1786 1841 1838 per
1886 1769 2138 1832 prrevari-

557 1859 816 1912 cationem
857 1861 984 1929 legis
1029 1861 1194 1916 Deum
1229 1863 1514 1914 inhonorus
1538 1861 1614 1928 ἐς
1659 1871 1714 1916 et
1753 1861 1852 1915 iste
1895 1881 1908 1915 :
1953 1859 2136 1926 Quan-

557 1959 614 2005 to
673 1954 838 2020 magis
894 1955 1091 2021 putatis
1149 1955 1412 2008 deteriora
1469 1955 1659 2008 mereri
1703 1954 2000 2024 supplicia,
2047 1953 2137 2022 qui

561 2043 766 2098 Filium
805 2045 899 2098 Dei
927 2047 1308 2100 conculcaverit
1332 2088 1346 2110 ,
1381 2057 1430 2100 et
1475 2048 1784 2117 sanguinem
1842 2045 2137 2100 testamenti

557 2136 818 2206 pollutum
848 2141 1078 2202 duxerit,
1113 2144 1164 2193 in
1195 2158 1296 2208 quo
1325 2141 1684 2204 sanctiﬁcatus
1717 2149 1812 2204 est,
1841 2149 1886 2192 et
1912 2135 2136 2204 Spiritui

561 2231 750 2296 ιιι·αεὶα»
782 2231 1152 2284 contumeliam
1183 2231 1364 2300 fecerit
1386 2229 1474 2282 9'?
1529 2231 1660 2286 Nam
1713 2233 1756 2285 si
1799 2246 1895 2300 per
1927 2246 2136 2300 praeva-

561 2323 878 2377 ricationem
911 2325 1042 2394 legis
1063 2327 1350 2381 inhonorat
1373 2329 1534 2380 Deum
1565 2329 1609 2382 is
1639 2327 1728 2395 qui
1750 2327 1922 2397 legem
1945 2327 2134 2390 violat,

559 2422 616 2466 et
650 2413 716 2476 si,
739 2415 1060 2470 eouculcato
1079 2417 1281 2482 Verbo,
1311 2417 1483 2471 Filius
1509 2417 1882 2485 conculcatur;
1913 2417 2135 2472 evidens

553 2511 644 2559 est
694 2506 858 2558 Deum
915 2509 1170 2562 honorari
1225 2509 1292 2560 ah
1334 2509 1426 2563 illo
1474 2510 1564 2578 qui
1623 2509 1796 2578 legem
1849 2520 2048 2572 servat,
2083 2520 2138 2566 et

558 2597 726 2650 Deum
755 2597 858 2652 coli
889 2599 960 2652 ah
1006 2615 1074 2652 eo
1106 2601 1194 2668 qui
1223 2601 1402 2654 Verbo
1439 2601 1530 2654 Dei
1554 2611 1776 2656 ornatus
1809 2602 2138 2656 convenien—

556 2695 644 2740 ter
676 2689 964 2758 pra'rceptis
995 2689 1112 2758 ejus
1137 2691 1289 2744 vivit.
1328 2691 1385 2744 Si
1419 2693 1662 2746 novisset
1692 2691 1878 2746 Celsus
1911 2693 2132 2760 quinam

558 2778 624 2830 ad
665 2778 828 2832 Deum
862 2783 1204 2848 pertineant,
1243 2793 1298 2837 et
1329 2784 1477 2838 solos
1507 2799 1628 2838 esse
1663 2785 1942 2853 sapientes
1967 2803 1980 2848 ;
2009 2786 2132 2854 qui-

559 2886 685 2926 nam
726 2889 854 2927 vero
881 2875 950 2928 ab
979 2875 1069 2928 illo
1101 2877 1258 2930 alieni
1284 2881 1416 2941 sint,
1445 2888 1501 2931 et
1534 2879 1677 2932 solos
1694 2893 1815 2934 esse
1846 2878 2016 2933 malos
2041 2878 2132 2946 qui

559 2979 834 3032 nunquam
873 2966 939 3019 ad
999 2968 1400 3036 suscipiendam
1445 2969 1700 3024 virtutem
1755 2971 2131 3040 propendent,

555 3065 706 3108 certe
736 3054 898 3126 750
931 3059 1288 3114 intellexisset
1317 3061 1444 3129 quid
1472 3061 1573 3114 sibi
1605 3060 1733 3113 velit
1769 3061 1944 3116 istud:
1975 3061 2134 3126 Quis-

553 3146 674 3214 quis
701 3147 924 3200 honorat
956 3159 1002 3200 et
1043 3152 1166 3202 colit
1202 3167 1378 3204 omnes
1409 3153 1502 3222 qui
1540 3152 1608 3204 ad
1651 3151 1802 3205 illum
1831 3154 2090 3222 pertinent
2117 3195 2131 3220 ,

2313 1586 2434 1638 Ὅτι
2467 1585 2523 1638 δὲ
2579 1586 2610 1654 ἡ
2650 1583 2786 1656 πρὸς
2847 1583 2935 1636 τὸν
2991 1581 3118 1634 Υἱὺν
3147 1579 3240 1633 τοῦ
3297 1577 3436 1632 Θεοῦ
3465 1578 3593 1648 τιμὴ
3621 1577 3710 1648 (55)
3741 1579 3782 1628 ἐν

2246 1681 2346 1752 βίῳ
2384 1681 2528 1748 ὑγιεῖ
2557 1679 2788 1747 γίνεται,
2826 1675 2968 1728 οὕτω
2998 1674 3054 1728 δὲ
3089 1674 3184 1727 καὶ
3213 1674 3248 1743 ἡ
3295 1671 3437 1741 πρὸς
3463 1671 3552 1724 τὸν
3583 1670 3694 1724 Θεὸν
3713 1670 3780 1722 καὶ

2243 1773 2480 1844 Πατέρα,
2511 1772 2611 1840 ὅρα
2655 1769 2702 1821 εἰ
2745 1767 2820 1838 μὴ
2848 1764 3208 1836 διδασκόμεθα
3261 1763 3328 1816 ἐκ
3371 1779 3431 1815 τε
3475 1761 3592 1814 τοῦ·
3626 1763 3704 1827 Ὃς
3731 1761 3782 1811 ἐν

2239 1862 2400 1930 νόμῳ
2433 1857 2754 1927 καυχᾶσαι,
2787 1855 2888 1910 διὰ
2927 1855 3038 1923 τῆς
3081 1851 3478 1922 παραϐάσεως
3513 1851 3614 1904 τσῦ
3639 1853 3778 1919 νόμου

2241 1949 2346 2003 τὸν
2390 1948 2536 2003 Θεὸν
2575 1946 2898 2016 ἀτιμάζεις’
2952 1945 3048 2000 καὶ
3100 1947 3165 1998 ὲκ
3217 1944 3348 1997 τοῦ·
3397 1945 3572 2012 Πόσῳ
3607 1941 3780 1995 δοκεῖτε

2241 2041 2512 2110 χείρονος
2560 2039 2957 2108 ἀξιωθήσεται
2998 2039 3276 2106 τιμωρίας
3327 2040 3360 2090 ὀ
3401 2037 3510 2089 τὸν
3545 2035 3662 2088 Πὲν
3699 2033 3775 2087 τοῦ

2241 2134 2390 2188 Θεοῦ
2437 2131 2890 2200 καταπατήσας,
2937 2131 3038 2186 καὶ
3081 2133 3150 2184 τὸ
3200 2125 3346 2198 αἱμα
3397 2127 3510 2197 τῆς
3553 2125 3774 2192 διαθήκης

2238 2221 2447 2277 κοινὸν
2475 2221 2872 2292 ἡγησάμενος,
2896 2222 2966 2274 ἐν
2993 2213 3042 2287 ᾧ
3063 2217 3347 2290 ἡγιάσθη,
3379 2217 3482 2270 καὶ
3513 2216 3572 2270 τὸ
3593 2217 3768 2286 Πνεῐγιίι

2237 2315 2347 2386 τῆς
2380 2315 2621 2387 χάριτος
2645 2315 3006 2384 ὲνυϐρίσας;
3045 2315 3107 2366 Ei
3153 2311 3262 2383 γὰρ
3305 2312 3396 2366 διὰ
3447 2311 3546 2381 τῆς
3584 2313 3764 2382 παριῇ..

2241 2422 2378 2468 σεως
2415 2405 2506 2458 τοῦ
2553 2404 2720 2476 νόμου
2766 2403 3022 2474 ἀτιμάζει
3065 2403 3159 2456 τὸν
3217 2402 3351 2456 Θεὸν
3405 2403 3437 2455 ὁ
3487 2402 3768 2474 παραϐαίνων

2237 2496 2327 2550 τὸν
2358 2496 2541 2567 νόμον,
2573 2497 2666 2549 καὶ
2695 2499 2998 2550 καταπατεί
3021 2496 3110 2550 τὸν
3153 2496 3284 2549 Υἰὸν
3314 2496 3412 2550 τοῦ
3447 2498 3576 2551 Θεοῦ
3603 2500 3770 2550 61:111-

2237 2589 2422 2644 πατῶν
2456 2588 2547 2644 τὸν
2565 2589 2736 2658 Λόγον
2755 2607 2768 2619 ’
2802 2589 2959 2660 δῆλον
2989 2590 3071 2643 ὅτι
3103 2592 3239 2662 τιμᾷ
3271 2592 3372 2660 μὲν
3406 2592 3498 2646 τὸν
3525 2593 3640 2646 Θεῦν
3667 2595 3771 2660 e2;—

2239 2686 2347 2756 ρῶν
2379 2683 2471 2738 τὸν
2493 2683 2679 2754 νόμον,
2713 2682 2860 2736 σέϐει
2885 2682 2942 2734 δὲ
2971 2681 3060 2735 τὸν
3098 2682 3232 2736 Θεὸν
3261 2683 3290 2734 ὀ
3321 2685 3700 2755 κεκοσμημένος
3719 2683 3772 2752 τῷ

2235 2775 2392 2847 Λόγῳ
2444 2775 2538 2828 τοῦ
2590 2773 2726 2828 Θεοῦ
2778 2775 2872 2828 καὶ
2919 2775 3032 2836 τοῖς
3073 2773 3258 2844 ἔργοις
3301 2775 3489 2829 αὑτοῦ.
3531 2777 3586 2830 ΕΞ
3615 2777 3660 2829 δὲ
3691 2777 3770 2846 ᾔδει

2235 2866 2462 2932 Κέλσος,
2497 2866 2641 2931 τίνες
2678 2866 2775 2938 μέν
2823 2869 2928 2920 εἰσι
2961 2865 3053 2919 τοῦ
3097 2866 3258 2932 Θεοῦ,
3318 2869 3416 2923 καὶ
3461 2871 3542 2921 ὅτι
3587 2872 3628 2922 oi
3668 2870 3772 2938 μόνης

2236 2961 2412 3030 σοφοὶ,
2447 2961 2591 3024 τίνες
2630 2960 2688 3014 δὲ
2724 2961 2773 3012 oi
2816 2959 3105 3032 ἀλλότριοι,
3137 2963 3234 3014 καὶ
3269 2962 3352 3014 ὅτι
3379 2961 3574 3025 πάντες
3609 2963 3652 3014 οἱ
3678 2961 3773 3028 e25-

2235 3051 2314 3106 λοι
2347 3054 2397 3106 oi
2429 3053 2694 3126 μηδαμῶς
2721 3052 2962 3116 νεύοντες
2995 3052 3131 3124 πρὸς
3159 3054 3364 3125 ἀρετῆς
3397 3051 3775 3125 ἀνά).ηᾲιν,εἷὰ7

2235 3145 2300 3199 ἄν
2330 3163 2444 3210 πως
2473 3145 2536 3214 δὴ
2567 3145 2627 3198 τό
2659 3143 2767 3214 (36)
2787 3163 2800 3178 ο
2836 3145 3021 3214 Τιμῶν
3063 3141 3178 3199 οὖν
3209 3164 3303 3212 τις
3341 3146 3444 3200 καὶ
3469 3147 3643 3200 σέϐων
3673 3145 3774 3210 τεὺς

2171 1816 2212 1870 Β

559 3237 685 3306 quid
715 3237 801 3290 ille
831 3240 1108 3294 contristat
1152 3241 1314 3294 Deum
1343 3245 1412 3295 ad
1441 3260 1593 3314 quem
1633 3261 1809 3298 omnes
1835 3247 2134 3314 pertinent?

2242 3237 2358 3290 ἐκεί
2361 3254 2469 3290 νου
2497 3235 2608 3308 (57)
2634 3235 2885 3306 πάντας,
2907 3236 2964 3289 τι
2990 3237 3178 3290 λυπεῖ
3191 3238 3302 3291 τὸν
3331 3239 3502 3306 Θεὸν,
3523 3235 3588 3294 οὗ
3605 3237 3776 3302 πάντες

627 3436 719 3493 Η.
757 3435 995 3494 Subdit:
1030 3439 1136 3505 Qui
1181 3441 1243 3494 de
1273 3441 1380 3496 Deo
1427 3443 1642 3512 loquens
1683 3445 1919 3514 afﬁrmat
1973 3465 2135 3502 unum

554 3542 668 3581 esse
687 3533 778 3599 qui
811 3531 1063 3586 Dominus
1087 3547 1316 3598 vocetur,
1349 3537 1392 3588 is
1415 3537 1572 3604 impie
1594 3539 1742 3602 facit.
1775 3539 1974 3594 Dividit
1996 3545 2135 3596 enim

559 3617 657 3671 Dei
685 3636 921 3687 regnum,
951 3635 998 3676 et
1037 3627 1346 3680 seditionem
1379 3629 1604 3692 inducit,
1637 3633 1788 3698 quasi
1817 3633 1978 3700 [actio
2001 3645 2132 3687 esset

553 3721 606 3764 et
641 3712 834 3783 aliquis
863 3715 1000 3770 alius
1037 3717 1145 3770 Deo
1175 3721 1537 3778 adversarius.
1575 3721 1773 3776 Verum
1803 3724 1924 3780 haec
1959 3725 2132 3781 locum

563 3802 854 3868 haberent,
894 3809 938 3860 si
978 3809 1378 3866 mathematicis
1409 3814 1971 3872 denionstrationibus
2005 3834 2133 3888 pro-

556 3894 714 3951 baret
763 3899 881 3954 illos
905 3940 920 3965 ,
950 3901 1044 3969 qui
1077 3917 1104 3954 a
1137 3905 1390 3970 gentibus
1423 3915 1479 3957 ut.
1511 3907 1582 3960 dii
1617 3907 1870 3962 coluntur
1897 3949 1912 3975 ,
1945 3927 2134 3968 revera

551 3986 687 4045 deos
718 4007 856 4058 esse,
889 4009 992 4047 non
1027 4007 1208 4048 autem
1242 3997 1518 4064 improbos
1543 3999 1819 4058 daemones
1845 4018 1966 4059 esse
1991 4005 2133 4072 illos,

555 4083 645 4148 qui
679 4084 821 4136 circa
855 4097 1092 4148 statuas,
1126 4087 1324 4155 templa
1359 4099 1412 4142 et
1441 4089 1635 4144 altaria
1665 4095 1868 4147 versari
1902 4097 2136 4150 credun-

557 4177 764 4228 tur..At
799 4191 894 4228 nos
929 4176 1054 4230 illud
1100 4177 1190 4230 Dei
1225 4195 1448 4248 regnum
1475 4195 1606 4236 voce
1635 4190 1688 4235 et
1725 4185 1928 4252 scripto
1963 4201 1992 4238 a
2035 4201 2136 4240 no-

553 4264 690 4318 stris
723 4275 984 4332 peryetuo
1021 4268 1374 4334 praadicalnm
1407 4280 1460 4324 et
1513 4272 1812 4340 intelligere
1843 4285 2092 4343 optamus
2114 4319 2132 4346 ,

551 4365 606 4408 et
637 4356 770 4409 tales
797 4357 954 4421 etiici,
989 4369 1045 4412 ut
1088 4361 1261 4415 solum
1297 4361 1463 4416 Deum
1497 4363 1798 4420 habeamus
1831 4382 2012 4434 regem
2035 4409 2050 4435 ,
2081 4378 2137 4424 et

559 4463 781 4517 regnum
831 4452 922 4504 Dei
965 4461 1207 4506 nostrum
1261 4453 1374 4508 liat.
1408 4454 1502 4510 Ille
1545 4473 1675 4514 vero
1707 4459 1796 4529 qui
1849 4476 1950 4516 nos
1979 4463 2136 4518 docet

557 4542 756 4594 rnultos
786 4546 1036 4597 venerari
1067 4547 1218 4610 deos,
1255 4561 1362 4600 non
1395 4549 1485 4602 Dei
1524 4565 1774 4620 regnum,
1807 4553 1852 4606 si
1885 4567 2136 4609 consmre

552 4633 658 4686 sihi
685 4633 962 4702 voluisset,
991 4637 1085 4690 sed
1119 4653 1346 4706 regnum
1377 4641 1602 4695 deorum
1629 4645 1903 4713 appellare
1926 4647 2130 4704 debuit.

553 4721 666 4778 Nec
701 4725 864 4794 igitur
893 4738 976 4782 est
1005 4729 1146 4798 apud
1197 4729 1366 4784 Deum
1400 4731 1578 4801 aliqua
1611 4733 1811 4802 factio,
1859 4753 1959 4792 nec
1992 4739 2134 4794 ullus

554 4814 686 4866 deus
719 4815 790 4868 illi
823 4818 1165 4874 adversarius
1195 4831 1278 4874 est
1314 4839 1327 4874 :
1361 4837 1667 4891 quanquam
1699 4827 1943 4894 quidam,
1967 4827 2132 4884 veluti

539 4903 816 4974 Gigantes
848 4917 901 4961 et
931 4909 1175 4974 Titanes,
1207 4926 1304 4978 pro
1337 4927 1433 4966 sua
1462 4915 1702 4982 nequitia
1737 4927 1926 4970 contra
1961 4918 2130 4972 Deum

557 5009 803 5066 pugnare
835 4999 1003 5052 velint
1043 5018 1165 5054 cum
1195 5001 1350 5058 Celso
1381 5015 1430 5058 et
1460 5005 1580 5059 aliis
1611 5007 1700 5075 qui
1739 5008 1936 5062 bellum
1985 5009 2130 5064 indi-

552 5103 684 5142 cunt
713 5099 764 5144 et
801 5091 872 5146 illi
904 5094 994 5162 qui
1028 5093 1208 5150 .lesum
1245 5098 1548 5152 innumeris
1581 5101 1907 5156 testimoniis
1937 5119 2132 5172 appro-

555 5179 735 5247 havit,
765 5193 819 5234 et
851 5183 962 5249 illi,
999 5185 1090 5254 qui
1121 5201 1218 5253 pro
1249 5189 1428 5243 salute
1457 5189 1628 5244 nostri
1663 5192 1881 5259 generis
1913 5207 2003 5254 se,
2037 5193 2132 5260 qui

627 5381 672 5412 ⁸⁷
702 5379 858 5437 Joan.
890 5401 946 5452 v,
975 5387 1066 5442 25.
1144 5388 1192 5422 ⁸⁸
1229 5389 1386 5444 Rom.
1415 5407 1478 5457 ιι,
1503 5391 1596 5446 9.3.
1676 5391 1721 5422 θ’
1755 5391 1921 5446 llebr.
1957 5409 2014 5459 ι,
2041 5393 2131 5448 29.

630 5577 741 5660 βξ)
776 5577 974 5658 omnes
991 5599 1145 5660 mss_.,
1169 5587 1305 5660 πρὸς
1331 5587 1424 5660 τὸν
1453 5587 1586 5641 Θεὸν
1609 5590 1765 5660 τιμή,
1793 5591 1979 5660 sicque
2007 5591 2134 5647 Πω-

561 5649 884 5731 schefl‘iusﬂin
921 5660 1066 5731 textu
1098 5649 1404 5731 li:tbe_t,rsed
1437 5661 1502 5712 ad
1527 5649 1702 5722 oraui,
1722 5649 1858 5731 πρὸς
1891 5649 1980 5714 τὸν
2003 5663 2132 5716 Υἱδν

562 5719 822 5798 τοῦ-Θεοῇ
845 5721 996 5798 τιμῇ,
1019 5729 1164 5798 Δςιιιοᾳ
1213 5719 1520 5798 Spencerus
1552 5719 1718 5784 textui
1751 5719 1853 5784 suo
1880 5732 2128 5787 inseruit.

635 5787 747 5862 (56)
782 5787 1116 5848 lleCIielius
1146 5795 1196 5851 in
1227 5787 1400 5868 textu,
1426 5794 1560 5856 εἶδεν
1586 5799 1651 5855 ἂν
1682 5799 1801 5865 πῶς
1824 5801 1904 5856 δεῖ
1923 5803 2002 5858 τό.
2032 5802 2130 5860 Co-

2235 3327 2437 3390 eio‘l'r;

2317 3439 2474 3512 Ἑξῆς
2521 3439 2579 3494 δὲ
2634 3439 2843 3505 τούτοις
2904 3440 3072 3512 φησί’
3121 3441 3234 3496 Καὶ
3279 3443 3558 3516 μὴν-ὅγε
3577 3443 3774 3515 φάσκων

2235 3531 2342 3584 ἕνα
2388 3529 2662 3599 εἰρῆσθαι
2709 3533 2949 3600 Κύριον,
2990 3532 3124 3600 περὶ
3163 3535 3315 3589 Θεοῦ
3359 3537 3568 3607 λέγων,
3603 3535 3768 3592 ἀσεϐεῖ.

2235 3621 2475 3692 διαιρῶν
2503 3623 2616 3692 τὴν
2645 3623 2750 3677 τοῦ
2783 3623 2929 3677 Θεοῦ
2953 3623 3310 3692 βασιλείαν,
3343 3629 3442 3682 καὶ
3471 3626 3766 3686 στασιάζων·

2234 3718 2316 3784 ὡς
2343 3717 2534 3785 οὔσης
2558 3717 2861 3785 αἱρέσεως,
2893 3717 2988 3772 καὶ
3023 3717 3198 3787 ὄντος
3239 3721 3408 3788 τινος
3445 3721 3630 3790 ἐτέρου
3662 3720 3776 3772 ἀντί.

2235 3807 2570 3862 στασιώτου
2602 3809 2781 3876 αὐτῷ.
2815 3811 3012 3886 Χώραν
3065 3816 3108 3868 δ’
3161 3810 3310 3885 εἶχεν
3359 3813 3506 3884 αὐτῴ
3547 3812 3712 3872 ταῦτα,
3737 3807 3772 3860 εἰ

2235 3901 2578 3970 γραμμικαῖς
2604 3901 2908 3968 ἀποδείξεσι
2947 3906 3187 3978 παρίστη
3217 3909 3344 3970 τοὺς
3385 3907 3488 3959 ὑπὸ
3519 3903 3620 3957 τῶν
3647 3900 3770 3956 ἐθνῶν

2236 4009 2539 4062 προσκυνου
2547 3994 2740 4065 μένους
2755 3995 2831 4060 ὼς
2843 3997 2998 4062 θεοὺς
3015 3998 3172 4062 θεοὺς
3182 3995 3346 4053 εἶναι’
3365 4001 3589 4062 καὶτοὺς
3609 3995 3712 4066 περὶ
3725 3993 3776 4044 τὶ

2233 4085 2526 4158 ἀγάλματα
2541 4089 2634 4141 καὶ
2653 4092 2777 4153 τοὺς
2791 4091 2926 4154 νεὼς
2951 4091 3044 4145 καὶ
3058 4092 3186 4155 τοὺς
3211 4092 3432 4163 βωμοὺς
3451 4089 3774 4164 νομιζομένῡυς

2234 4179 2521 4252 τυγχάνειν
2551 4184 2792 4256 παρίστη
2823 4185 2896 4255 μὴ
2925 4183 3083 4249 ὄντας
3116 4185 3360 4254 φαύλους
3381 4187 3528 4250 τινὰς
3547 4184 3772 4254 δαίμονας.

2249 4273 2408 4327 Ἀλλὰ
2454 4276 2548 4328 καὶ
2594 4275 2692 4348 τὴν
2740 4277 2833 4330 τοῦ
2880 4277 3014 4330 Θεοῦ
3055 4277 3340 4347 βασιλείαν
3390 4279 3515 4350 παρ’
3535 4279 3650 4350 ἡμῖν
3679 4290 3772 4326 sw-

2236 4363 2374 4432 εχῶς
2400 4363 2699 4437 λεγομένην
2724 4368 2818 4421 καὶ
2843 4367 3234 4439 γεγραμμένην
3251 4371 3419 4440 ἡμεῖς
3453 4369 3546 4440 μὲν
3569 4367 3650 4420 καὶ
3667 4365 3768 4418 ,θεῖν

2235 4455 2527 4527 εὐχόμεθα,
2560 4458 2655 4510 καὶ
2683 4457 2913 4512 τοιοῦτοι
2943 4451 3245 4528 γίγνεσθαι,
3281 4460 3346 4514 ἶν’
3382 4460 3486 4514 ὑπὸ
3509 4457 3630 4511 Θεοῦ
3651 4455 3766 4525 μόνον

2239 4548 2669 4619 βασιλευώμεθα,
2699 4551 2794 4604 ml.
2819 4549 3042 4622 γένηται
3069 4552 3162 4604 καί
3199 4551 3360 4622 ἡμῶν
3400 4555 3434 4622 ἠ
3470 4547 3684 4621 βασιλεία
3703 4542 3768 4595 τῡῦ

2167 4617 2211 4671 D
2239 4617 2408 4692 Θεοῦ’
2451 4617 2656 4703 ἐκεῖνος
2705 4641 2761 4693 δὲ
2785 4680 2800 4702 ,
2832 4617 3074 4706 ’πολλοὺς
3133 4617 3286 4714 ἡμας
3338 4617 3590 4698 διδασκων
3637 4637 3770 4691 σέϐειν

2239 4727 2414 4794 θεοὺς,
2449 4730 2584 4784 θεῶν
2619 4731 2818 4802 μᾶλλον
2859 4730 3108 4800 ἅγρειλεν,
3147 4735 3197 4786 εἰ
3239 4731 3608 4808 τὰλάκόλουθα
3635 4722 3770 4791 ἑαυτῷ

2239 4825 2450 4887 σκοπεῖ,
2475 4821 2652 4890 λέγειν
2677 4822 2949 4896 βασιλείαν
2975 4823 3118 4896 ἢπερ
3143 4824 3300 4879 Θεοῦ.
3328 4826 3453 4878 οῦτ⁹
3471 4821 3556 4878 οὖν
3581 4819 3769 4892 αἱρέσεις

2237 4915 2391 4986 παρὰ
2423 4913 2560 4984 Θεῷ,
2589 4895 2700 4966 οὔττ
2725 4915 2842 4967 ἐστί
2885 4931 2966 4978 τις
3008 4914 3130 4978 θεὸς
3167 4917 3588 4988 ἀντιστασιώτης
3625 4907 3758 4976 dimi"

2237 5007 2362 5070 κᾶν,
2403 5003 2511 5060 οἷον
2567 5007 2820 5076 γίγαντες
2867 5025 3032 5072 τινες,
3076 5008 3111 5079 ἣ
3151 5009 3406 5074 Τιτᾶνες,
3437 5010 3520 5064 διὰ.
3545 5008 3632 5076 τὴν
3665 5001 3762 5054 ἰδίαν

2241 5098 2550 5169 φαυλότητα
2595 5097 2878 5168 θεομαχεῖν
2921 5097 3112 5150 θέλωσι
3159 5101 3299 5169 μετὰ
3341 5101 3540 5154 Κέλσου
3577 5097 3654 5151 καὶ
3683 5091 3762 5144 τῶν

2239 5191 2528 5263 ἀραμένων
2562 5191 2796 5263 πόλεμον
2835 5189 2972 5261 πρὸς
3015 5189 3109 5244 τὸν
3149 5189 3238 5244 διὰ
3287 5193 3493 5266 μυρίων
3540 5183 3762 5260 παραστή-

2239 5591 2342 5700 glfx
2391 5589 2633 5715 Julianus
2669 5593 2722 5650 in
2761 5593 3006 5664 margine
3049 5593 3239 5660 habet,
3280 5590 3418 5650 εἶδεν
3457 5594 3517 5648 ἂν
3557 5591 3656 5652 cui);

2239 5679 2465 5715 Λ.γειντ
2503 5703 2514 5715 .
3287 5693 3294 5700 .

2239 5679 2360 5716 Λεγε
2371 5680 2415 5715 ιν
2437 5679 2514 5716 το.
3287 5693 3294 5700 ·

2447 5681 2636 5790 ϋὲὸδθκ
2679 5733 2879 5804 ίῖιἬῘιιε
2911 5735 3134 5806 Optime,
3180 5739 3414 5796 ἐκείνου.
3449 5732 3584 5791 Lilib.
3625 5725 3744 5790 editi,

2267 5821 2491 5862 κεινους.

2267 5821 2324 5858 κε
2335 5821 2491 5870 ινους.
