  <div class='ocr_page' id='page_1' title='image "/cluster/home/n/w/nwhite01/storage/ocr_20150623/11/hvd.32044024345175/772.png"; bbox 0 0 3846 6406; ppageno 0'>
   <div class='ocr_carea' id='block_1_1' title="bbox 109 300 237 356">
    <p class='ocr_par' dir='ltr' id='par_1_1' title="bbox 109 300 237 356">
     <span class='ocr_line' id='line_1_1' title="bbox 109 300 237 356; baseline -0.008 0"><span class='ocrx_word' id='word_1_1' title='bbox 109 300 237 356; x_wconf 73' lang='grc'><strong><em>1533</em></strong></span> 
     </span>
    </p>
   </div>
   <div class='ocr_carea' id='block_1_2' title="bbox 1275 297 2219 357">
    <p class='ocr_par' dir='ltr' id='par_1_2' title="bbox 1275 297 2219 357">
     <span class='ocr_line' id='line_1_2' title="bbox 1275 297 2219 357; baseline 0.002 -4"><span class='ocrx_word' id='word_1_2' title='bbox 1275 297 1555 355; x_wconf 73' lang='lat' dir='ltr'><strong><em>CONTRA</em></strong></span> <span class='ocrx_word' id='word_1_3' title='bbox 1584 299 1876 357; x_wconf 70' lang='lat' dir='ltr'><strong><em>,CELSUM</em></strong></span> <span class='ocrx_word' id='word_1_4' title='bbox 1916 299 2044 354; x_wconf 82' lang='lat' dir='ltr'><strong><em>LIB.</em></strong></span> <span class='ocrx_word' id='word_1_5' title='bbox 2088 297 2219 355; x_wconf 80' lang='lat' dir='ltr'><strong><em>Vill.</em></strong></span> 
     </span>
    </p>
   </div>
   <div class='ocr_carea' id='block_1_3' title="bbox 3229 297 3364 356">
    <p class='ocr_par' dir='ltr' id='par_1_3' title="bbox 3229 297 3364 356">
     <span class='ocr_line' id='line_1_3' title="bbox 3229 297 3364 356; baseline 0.015 -3"><span class='ocrx_word' id='word_1_6' title='bbox 3229 297 3364 356; x_wconf 67' lang='grc'><strong><em>1551</em></strong></span> 
     </span>
    </p>
   </div>
   <div class='ocr_carea' id='block_1_4' title="bbox 109 415 1664 491">
    <p class='ocr_par' dir='ltr' id='par_1_4' title="bbox 109 415 1664 491">
     <span class='ocr_line' id='line_1_4' title="bbox 109 415 1664 491; baseline -0.001 -17"><span class='ocrx_word' id='word_1_7' title='bbox 109 436 263 474; x_wconf 84' lang='grc' dir='ltr'>σαντα</span> <span class='ocrx_word' id='word_1_8' title='bbox 297 419 409 490; x_wconf 76' lang='lat'><strong><em>(38)</em></strong></span> <span class='ocrx_word' id='word_1_9' title='bbox 440 417 508 472; x_wconf 74' lang='grc' dir='ltr'>τὰ</span> <span class='ocrx_word' id='word_1_10' title='bbox 551 417 792 491; x_wconf 71' lang='grc' dir='ltr'>περὶτοῦ</span> <span class='ocrx_word' id='word_1_11' title='bbox 825 415 1019 488; x_wconf 76' lang='grc' dir='ltr'>Ἰησοῦ,</span> <span class='ocrx_word' id='word_1_12' title='bbox 1052 417 1144 470; x_wconf 79' lang='grc' dir='ltr'>καὶ</span> <span class='ocrx_word' id='word_1_13' title='bbox 1189 417 1325 488; x_wconf 83' lang='grc' dir='ltr'>πρὸς</span> <span class='ocrx_word' id='word_1_14' title='bbox 1379 418 1540 472; x_wconf 78' lang='grc' dir='ltr'>αὑτὸν</span> <span class='ocrx_word' id='word_1_15' title='bbox 1587 419 1664 473; x_wconf 57' lang='grc' dir='ltr'><strong><em>τοι</em></strong></span> 
     </span>
    </p>
   </div>
   <div class='ocr_carea' id='block_1_5' title="bbox 1768 415 3363 491">
    <p class='ocr_par' dir='ltr' id='par_1_5' title="bbox 1779 417 3363 490">
     <span class='ocr_line' id='line_1_5' title="bbox 1779 417 3363 490; baseline -0.004 -16"><span class='ocrx_word' id='word_1_16' title='bbox 1779 429 1899 474; x_wconf 89' lang='lat' dir='ltr'><strong><em>erat</em></strong></span> <span class='ocrx_word' id='word_1_17' title='bbox 1927 419 2186 487; x_wconf 84' lang='lat' dir='ltr'><strong><em>Verbum,</em></strong></span> <span class='ocrx_word' id='word_1_18' title='bbox 2217 419 2476 474; x_wconf 85' lang='lat' dir='ltr'><strong><em>universo</em></strong></span> <span class='ocrx_word' id='word_1_19' title='bbox 2506 421 2706 474; x_wconf 79' lang='lat' dir='ltr'><strong><em>mundo</em></strong></span> <span class='ocrx_word' id='word_1_20' title='bbox 2735 425 3062 490; x_wconf 75' lang='lat' dir='ltr'><strong><em>prmsentcm</em></strong></span> <span class='ocrx_word' id='word_1_21' title='bbox 3093 417 3363 483; x_wconf 82' lang='lat' dir='ltr'><strong><em>exhibuit,</em></strong></span> 
     </span>
    </p>
   </div>
   <div class='ocr_carea' id='block_1_6' title="bbox 105 509 1678 584">
    <p class='ocr_par' dir='ltr' id='par_1_6' title="bbox 105 509 1678 584">
     <span class='ocr_line' id='line_1_6' title="bbox 105 509 1678 584; baseline -0.001 -19"><span class='ocrx_word' id='word_1_22' title='bbox 105 513 187 566; x_wconf 79' lang='grc' dir='ltr'><strong><em>ἐπὶ</em></strong></span> <span class='ocrx_word' id='word_1_23' title='bbox 208 511 453 582; x_wconf 75' lang='grc' dir='ltr'><strong><em>σωτηρίᾳ</em></strong></span> <span class='ocrx_word' id='word_1_24' title='bbox 475 511 571 564; x_wconf 76' lang='grc' dir='ltr'>τοῦ</span> <span class='ocrx_word' id='word_1_25' title='bbox 587 512 773 580; x_wconf 79' lang='grc' dir='ltr'><strong><em>γένους</em></strong></span> <span class='ocrx_word' id='word_1_26' title='bbox 796 509 950 581; x_wconf 76' lang='grc' dir='ltr'>ἡμῶν</span> <span class='ocrx_word' id='word_1_27' title='bbox 977 511 1137 564; x_wconf 69' lang='grc' dir='ltr'>παντὶ</span> <span class='ocrx_word' id='word_1_28' title='bbox 1153 511 1228 581; x_wconf 76' lang='grc' dir='ltr'>τῷ</span> <span class='ocrx_word' id='word_1_29' title='bbox 1256 511 1446 582; x_wconf 86' lang='grc' dir='ltr'>κόσμῳ</span> <span class='ocrx_word' id='word_1_30' title='bbox 1466 511 1678 584; x_wconf 83' lang='grc' dir='ltr'>ἀθρόως</span> 
     </span>
    </p>
   </div>
   <div class='ocr_carea' id='block_1_7' title="bbox 104 602 1604 673">
    <p class='ocr_par' dir='ltr' id='par_1_7' title="bbox 104 602 1604 673">
     <span class='ocr_line' id='line_1_7' title="bbox 104 602 1604 673; baseline -0.001 -15"><span class='ocrx_word' id='word_1_31' title='bbox 104 602 281 658; x_wconf 80' lang='grc' dir='ltr'>ἑαυτὸν</span> <span class='ocrx_word' id='word_1_32' title='bbox 313 602 448 656; x_wconf 71' lang='grc' dir='ltr'>ὅντα</span> <span class='ocrx_word' id='word_1_33' title='bbox 476 603 646 672; x_wconf 84' lang='grc' dir='ltr'>Λόγον</span> <span class='ocrx_word' id='word_1_34' title='bbox 674 603 748 666; x_wconf 83' lang='grc' dir='ltr'>ὼς</span> <span class='ocrx_word' id='word_1_35' title='bbox 778 602 1006 666; x_wconf 73' lang='grc' dir='ltr'>ἕκαστος</span> <span class='ocrx_word' id='word_1_36' title='bbox 1034 606 1200 673; x_wconf 87' lang='grc' dir='ltr'>χωρεῖ</span> <span class='ocrx_word' id='word_1_37' title='bbox 1227 603 1604 657; x_wconf 78' lang='grc' dir='ltr'>ὲπιδεδωκότα.</span> 
     </span>
    </p>
   </div>
   <div class='ocr_carea' id='block_1_8' title="bbox 163 695 1674 767">
    <p class='ocr_par' dir='ltr' id='par_1_8' title="bbox 163 695 1674 767">
     <span class='ocr_line' id='line_1_8' title="bbox 163 695 1674 767; baseline 0 -17"><span class='ocrx_word' id='word_1_38' title='bbox 163 696 315 761; x_wconf 80' lang='grc' dir='ltr'><strong><em>Δόξαι</em></strong></span> <span class='ocrx_word' id='word_1_39' title='bbox 370 695 417 748; x_wconf 84' lang='grc' dir='ltr'><strong><em>δ’</em></strong></span> <span class='ocrx_word' id='word_1_40' title='bbox 479 696 547 750; x_wconf 81' lang='grc' dir='ltr'><strong><em>ἄν</em></strong></span> <span class='ocrx_word' id='word_1_41' title='bbox 593 713 677 760; x_wconf 85' lang='grc' dir='ltr'><strong><em>τις</em></strong></span> <span class='ocrx_word' id='word_1_42' title='bbox 729 696 853 767; x_wconf 76' lang='grc' dir='ltr'>ἑξῆς</span> <span class='ocrx_word' id='word_1_43' title='bbox 917 696 1125 760; x_wconf 78' lang='grc' dir='ltr'><strong><em>τούτοις</em></strong></span> <span class='ocrx_word' id='word_1_44' title='bbox 1173 695 1400 751; x_wconf 86' lang='grc' dir='ltr'>πιθανόν</span> <span class='ocrx_word' id='word_1_45' title='bbox 1449 715 1502 750; x_wconf 88' lang='grc' dir='ltr'>τι</span> <span class='ocrx_word' id='word_1_46' title='bbox 1553 697 1674 752; x_wconf 81' lang='grc' dir='ltr'>καθ’</span> 
     </span>
    </p>
   </div>
   <div class='ocr_carea' id='block_1_9' title="bbox 98 787 1678 862">
    <p class='ocr_par' dir='ltr' id='par_1_9' title="bbox 98 787 1678 862">
     <span class='ocr_line' id='line_1_9' title="bbox 98 787 1678 862; baseline 0.003 -21"><span class='ocrx_word' id='word_1_47' title='bbox 98 789 244 862; x_wconf 77' lang='grc' dir='ltr'>ἡμῶν</span> <span class='ocrx_word' id='word_1_48' title='bbox 272 788 457 854; x_wconf 75' lang='grc' dir='ltr'>λέγειν</span> <span class='ocrx_word' id='word_1_49' title='bbox 483 790 543 842; x_wconf 82' lang='grc' dir='ltr'>ὲν</span> <span class='ocrx_word' id='word_1_50' title='bbox 670 805 682 818; x_wconf 88' lang='grc'><strong>·</strong></span> <span class='ocrx_word' id='word_1_51' title='bbox 711 789 778 842; x_wconf 81' lang='lat' dir='ltr'><strong><em>El</em></strong></span> <span class='ocrx_word' id='word_1_52' title='bbox 813 787 923 856; x_wconf 79' lang='grc' dir='ltr'>μὲν</span> <span class='ocrx_word' id='word_1_53' title='bbox 955 787 1031 857; x_wconf 81' lang='grc' dir='ltr'><em>δὴ</em></span> <span class='ocrx_word' id='word_1_54' title='bbox 1055 788 1291 857; x_wconf 79' lang='grc' dir='ltr'><strong><em>μηδένα</em></strong></span> <span class='ocrx_word' id='word_1_55' title='bbox 1324 790 1518 844; x_wconf 75' lang='grc' dir='ltr'>ἄλλον</span> <span class='ocrx_word' id='word_1_56' title='bbox 1553 793 1678 846; x_wconf 84' lang='grc' dir='ltr'>ἐθε-</span> 
     </span>
    </p>
   </div>
   <div class='ocr_carea' id='block_1_10' title="bbox 91 875 1681 952">
    <p class='ocr_par' dir='ltr' id='par_1_10' title="bbox 91 875 1681 952">
     <span class='ocr_line' id='line_1_10' title="bbox 91 875 1681 952; baseline 0.002 -19"><span class='ocrx_word' id='word_1_57' title='bbox 91 880 350 950; x_wconf 74' lang='grc' dir='ltr'>ράπευον</span> <span class='ocrx_word' id='word_1_58' title='bbox 372 875 542 934; x_wconf 82' lang='grc' dir='ltr'>οὗτοι</span> <span class='ocrx_word' id='word_1_59' title='bbox 569 879 733 948; x_wconf 70' lang='grc' dir='ltr'>πλὴν</span> <span class='ocrx_word' id='word_1_60' title='bbox 769 880 876 933; x_wconf 81' lang='grc' dir='ltr'>ἕνα</span> <span class='ocrx_word' id='word_1_61' title='bbox 910 881 1075 946; x_wconf 77' lang='grc' dir='ltr'>Θεὸν,</span> <span class='ocrx_word' id='word_1_62' title='bbox 1119 879 1198 952; x_wconf 80' lang='grc' dir='ltr'><strong><em>ἦν</em></strong></span> <span class='ocrx_word' id='word_1_63' title='bbox 1233 881 1310 936; x_wconf 82' lang='grc' dir='ltr'><strong><em>ἄν</em></strong></span> <span class='ocrx_word' id='word_1_64' title='bbox 1347 901 1438 950; x_wconf 85' lang='grc' dir='ltr'><strong><em>τις</em></strong></span> <span class='ocrx_word' id='word_1_65' title='bbox 1478 887 1681 952; x_wconf 77' lang='grc' dir='ltr'>αὐτοῖς</span> 
     </span>
    </p>
   </div>
   <div class='ocr_carea' id='block_1_11' title="bbox 101 971 1681 1046">
    <p class='ocr_par' dir='ltr' id='par_1_11' title="bbox 101 971 1681 1046">
     <span class='ocr_line' id='line_1_11' title="bbox 101 971 1681 1046; baseline 0.003 -21"><span class='ocrx_word' id='word_1_66' title='bbox 101 974 230 1039; x_wconf 76' lang='grc' dir='ltr'>ἴσως</span> <span class='ocrx_word' id='word_1_67' title='bbox 267 971 422 1039; x_wconf 76' lang='grc' dir='ltr'>πρὸς</span> <span class='ocrx_word' id='word_1_68' title='bbox 449 971 593 1038; x_wconf 83' lang='grc' dir='ltr'>τοὺς</span> <span class='ocrx_word' id='word_1_69' title='bbox 626 971 852 1038; x_wconf 71' lang='grc' dir='ltr'><strong><em>ἄλλους</em></strong></span> <span class='ocrx_word' id='word_1_70' title='bbox 888 971 1107 1038; x_wconf 77' lang='grc' dir='ltr'>ἀτενὴς</span> <span class='ocrx_word' id='word_1_71' title='bbox 1138 975 1320 1044; x_wconf 76' lang='grc' dir='ltr'>λόγος</span> <span class='ocrx_word' id='word_1_72' title='bbox 1365 974 1473 1046; x_wconf 83' lang='grc'><strong><em>(59)</em></strong></span> <span class='ocrx_word' id='word_1_73' title='bbox 1495 990 1509 1003; x_wconf 83' lang='grc'><em>’</em></span> <span class='ocrx_word' id='word_1_74' title='bbox 1542 977 1681 1029; x_wconf 72' lang='grc' dir='ltr'><strong><em>νυνὶ</em></strong></span> 
     </span>
    </p>
   </div>
   <div class='ocr_carea' id='block_1_12' title="bbox 99 1062 1676 1135">
    <p class='ocr_par' dir='ltr' id='par_1_12' title="bbox 99 1062 1676 1135">
     <span class='ocr_line' id='line_1_12' title="bbox 99 1062 1676 1135; baseline 0.003 -17"><span class='ocrx_word' id='word_1_75' title='bbox 99 1065 160 1118; x_wconf 79' lang='grc' dir='ltr'><strong><em>δὲ</em></strong></span> <span class='ocrx_word' id='word_1_76' title='bbox 176 1064 280 1118; x_wconf 80' lang='grc' dir='ltr'>τὸν</span> <span class='ocrx_word' id='word_1_77' title='bbox 304 1065 570 1134; x_wconf 70' lang='grc' dir='ltr'>ἔναγχος</span> <span class='ocrx_word' id='word_1_78' title='bbox 589 1062 851 1132; x_wconf 60' lang='grc' dir='ltr'>φανέντα</span> <span class='ocrx_word' id='word_1_79' title='bbox 871 1064 1083 1117; x_wconf 76' lang='grc' dir='ltr'>τοῦτον</span> <span class='ocrx_word' id='word_1_80' title='bbox 1101 1068 1676 1135; x_wconf 80' lang='grc' dir='ltr'>ὑπερθρησκεύουσι,</span> 
     </span>
    </p>
   </div>
   <div class='ocr_carea' id='block_1_13' title="bbox 99 1155 1680 1227">
    <p class='ocr_par' dir='ltr' id='par_1_13' title="bbox 99 1155 1680 1227">
     <span class='ocr_line' id='line_1_13' title="bbox 99 1155 1680 1227; baseline 0.003 -17"><span class='ocrx_word' id='word_1_81' title='bbox 99 1158 188 1210; x_wconf 75' lang='grc' dir='ltr'><strong><em>καὶ</em></strong></span> <span class='ocrx_word' id='word_1_82' title='bbox 215 1157 364 1226; x_wconf 74' lang='grc' dir='ltr'>ὅμως</span> <span class='ocrx_word' id='word_1_83' title='bbox 399 1155 586 1210; x_wconf 73' lang='grc' dir='ltr'>οὐδὲν</span> <span class='ocrx_word' id='word_1_84' title='bbox 630 1155 1004 1225; x_wconf 73' lang='grc' dir='ltr'><strong><em>πλημμελεῖν</em></strong></span> <span class='ocrx_word' id='word_1_85' title='bbox 1047 1156 1356 1226; x_wconf 77' lang='grc' dir='ltr'>νομίζουσι</span> <span class='ocrx_word' id='word_1_86' title='bbox 1391 1159 1525 1227; x_wconf 77' lang='grc' dir='ltr'>περὶ</span> <span class='ocrx_word' id='word_1_87' title='bbox 1575 1161 1680 1214; x_wconf 76' lang='grc' dir='ltr'>τὸν</span> 
     </span>
    </p>
   </div>
   <div class='ocr_carea' id='block_1_14' title="bbox 101 1243 1674 1314">
    <p class='ocr_par' dir='ltr' id='par_1_14' title="bbox 101 1243 1674 1314">
     <span class='ocr_line' id='line_1_14' title="bbox 101 1243 1674 1314; baseline 0.003 -15"><span class='ocrx_word' id='word_1_88' title='bbox 101 1245 268 1309; x_wconf 80' lang='grc' dir='ltr'>Θεὸν,</span> <span class='ocrx_word' id='word_1_89' title='bbox 314 1247 368 1298; x_wconf 82' lang='grc' dir='ltr'><strong><em>εὶ</em></strong></span> <span class='ocrx_word' id='word_1_90' title='bbox 417 1245 520 1298; x_wconf 79' lang='grc' dir='ltr'><strong><em>καὶ</em></strong></span> <span class='ocrx_word' id='word_1_91' title='bbox 572 1243 875 1312; x_wconf 72' lang='grc' dir='ltr'>ὑπηρέτης</span> <span class='ocrx_word' id='word_1_92' title='bbox 918 1246 1103 1300; x_wconf 82' lang='grc' dir='ltr'>αὐτοῦ</span> <span class='ocrx_word' id='word_1_93' title='bbox 1153 1247 1674 1314; x_wconf 77' lang='grc' dir='ltr'>θεραπευθήσεται.</span> 
     </span>
    </p>
   </div>
   <div class='ocr_carea' id='block_1_15' title="bbox 99 1337 1678 1411">
    <p class='ocr_par' dir='ltr' id='par_1_15' title="bbox 99 1337 1678 1411">
     <span class='ocr_line' id='line_1_15' title="bbox 99 1337 1678 1411; baseline 0.003 -21"><span class='ocrx_word' id='word_1_94' title='bbox 99 1337 318 1391; x_wconf 77' lang='grc' dir='ltr'><strong><em>Λεκτέον</em></strong></span> <span class='ocrx_word' id='word_1_95' title='bbox 336 1338 392 1391; x_wconf 81' lang='grc' dir='ltr'><strong><em>δὲ</em></strong></span> <span class='ocrx_word' id='word_1_96' title='bbox 423 1339 518 1391; x_wconf 74' lang='grc' dir='ltr'><strong><em>καὶ</em></strong></span> <span class='ocrx_word' id='word_1_97' title='bbox 547 1338 682 1409; x_wconf 83' lang='grc' dir='ltr'>πρὸς</span> <span class='ocrx_word' id='word_1_98' title='bbox 706 1337 880 1400; x_wconf 74' lang='grc' dir='ltr'>τοῦτο,</span> <span class='ocrx_word' id='word_1_99' title='bbox 908 1339 1010 1402; x_wconf 82' lang='grc' dir='ltr'>ὅτι,</span> <span class='ocrx_word' id='word_1_100' title='bbox 1033 1339 1190 1410; x_wconf 71' lang='grc' dir='ltr'>εἴπερ</span> <span class='ocrx_word' id='word_1_101' title='bbox 1220 1341 1459 1411; x_wconf 83' lang='grc' dir='ltr'>νενοήκει</span> <span class='ocrx_word' id='word_1_102' title='bbox 1487 1343 1514 1393; x_wconf 88' lang='grc' dir='ltr'>ὁ</span> <span class='ocrx_word' id='word_1_103' title='bbox 1537 1341 1678 1394; x_wconf 78' lang='grc' dir='ltr'><strong><em>Κέλ-</em></strong></span> 
     </span>
    </p>
   </div>
   <div class='ocr_carea' id='block_1_16' title="bbox 96 1429 1678 1502">
    <p class='ocr_par' dir='ltr' id='par_1_16' title="bbox 96 1429 1678 1502">
     <span class='ocr_line' id='line_1_16' title="bbox 96 1429 1678 1502; baseline 0.004 -21"><span class='ocrx_word' id='word_1_104' title='bbox 96 1448 180 1493; x_wconf 83' lang='grc' dir='ltr'><strong><em>σος</em></strong></span> <span class='ocrx_word' id='word_1_105' title='bbox 230 1430 318 1482; x_wconf 74' lang='grc' dir='ltr'><strong><em>τόο</em></strong></span> <span class='ocrx_word' id='word_1_106' title='bbox 363 1429 508 1499; x_wconf 73' lang='grc' dir='ltr'><strong><em>Ἐγὼ</em></strong></span> <span class='ocrx_word' id='word_1_107' title='bbox 559 1430 656 1483; x_wconf 79' lang='grc' dir='ltr'><strong><em>καὶ</em></strong></span> <span class='ocrx_word' id='word_1_108' title='bbox 711 1433 743 1484; x_wconf 83' lang='grc' dir='ltr'><em>ὁ</em></span> <span class='ocrx_word' id='word_1_109' title='bbox 780 1431 981 1497; x_wconf 81' lang='grc' dir='ltr'>Πατὴρ</span> <span class='ocrx_word' id='word_1_110' title='bbox 1027 1429 1097 1484; x_wconf 78' lang='grc' dir='ltr'><strong><em>ἓν</em></strong></span> <span class='ocrx_word' id='word_1_111' title='bbox 1145 1431 1364 1502; x_wconf 76' lang='grc' dir='ltr'>ἐσμενο</span> <span class='ocrx_word' id='word_1_112' title='bbox 1404 1433 1585 1486; x_wconf 75' lang='grc' dir='ltr'>καὶτὸ</span> <span class='ocrx_word' id='word_1_113' title='bbox 1620 1435 1678 1488; x_wconf 80' lang='grc' dir='ltr'>ἐν</span> 
     </span>
    </p>
   </div>
   <div class='ocr_carea' id='block_1_17' title="bbox 94 1521 1678 1595">
    <p class='ocr_par' dir='ltr' id='par_1_17' title="bbox 94 1521 1678 1595">
     <span class='ocr_line' id='line_1_17' title="bbox 94 1521 1678 1595; baseline 0.003 -22"><span class='ocrx_word' id='word_1_114' title='bbox 94 1522 216 1592; x_wconf 80' lang='grc' dir='ltr'>εὐχῇ</span> <span class='ocrx_word' id='word_1_115' title='bbox 249 1521 542 1592; x_wconf 80' lang='grc' dir='ltr'><strong><em>εἰρημένον</em></strong></span> <span class='ocrx_word' id='word_1_116' title='bbox 577 1521 682 1574; x_wconf 81' lang='grc' dir='ltr'>ὑπὸ</span> <span class='ocrx_word' id='word_1_117' title='bbox 718 1521 814 1574; x_wconf 82' lang='grc' dir='ltr'><strong><em>τοῦ</em></strong></span> <span class='ocrx_word' id='word_1_118' title='bbox 862 1522 989 1577; x_wconf 85' lang='grc' dir='ltr'><strong><em>Υἰοῦ</em></strong></span> <span class='ocrx_word' id='word_1_119' title='bbox 1024 1523 1119 1575; x_wconf 80' lang='grc' dir='ltr'><strong><em>τοῦ</em></strong></span> <span class='ocrx_word' id='word_1_120' title='bbox 1160 1523 1294 1576; x_wconf 81' lang='grc' dir='ltr'>Θεοῦ</span> <span class='ocrx_word' id='word_1_121' title='bbox 1330 1525 1388 1578; x_wconf 85' lang='grc' dir='ltr'><strong>ὲν</strong></span> <span class='ocrx_word' id='word_1_122' title='bbox 1431 1524 1541 1595; x_wconf 81' lang='grc' dir='ltr'><strong><em>τῷ·</em></strong></span> <span class='ocrx_word' id='word_1_123' title='bbox 1585 1526 1678 1592; x_wconf 81' lang='grc' dir='ltr'>Ὠς</span> 
     </span>
    </p>
   </div>
   <div class='ocr_carea' id='block_1_18' title="bbox 92 1614 1676 1688">
    <p class='ocr_par' dir='ltr' id='par_1_18' title="bbox 92 1614 1676 1688">
     <span class='ocr_line' id='line_1_18' title="bbox 92 1614 1676 1688; baseline 0.002 -20"><span class='ocrx_word' id='word_1_124' title='bbox 92 1616 199 1685; x_wconf 73' lang='grc' dir='ltr'><strong><em>ἐγὼ</em></strong></span> <span class='ocrx_word' id='word_1_125' title='bbox 236 1616 333 1668; x_wconf 80' lang='grc' dir='ltr'><strong><em>καὶ</em></strong></span> <span class='ocrx_word' id='word_1_126' title='bbox 379 1615 463 1669; x_wconf 85' lang='grc' dir='ltr'>σὺ</span> <span class='ocrx_word' id='word_1_127' title='bbox 505 1615 578 1669; x_wconf 77' lang='grc' dir='ltr'><strong><em>ἓν</em></strong></span> <span class='ocrx_word' id='word_1_128' title='bbox 595 1616 783 1685; x_wconf 63' lang='grc' dir='ltr'><strong><em>ἐσμεν⁴</em></strong></span> <span class='ocrx_word' id='word_1_129' title='bbox 815 1615 947 1686; x_wconf 73' lang='grc'>(40),</span> <span class='ocrx_word' id='word_1_130' title='bbox 981 1616 1079 1669; x_wconf 77' lang='grc' dir='ltr'><strong><em>οὐκ</em></strong></span> <span class='ocrx_word' id='word_1_131' title='bbox 1119 1615 1185 1669; x_wconf 85' lang='grc' dir='ltr'><strong><em>ἂν</em></strong></span> <span class='ocrx_word' id='word_1_132' title='bbox 1222 1614 1356 1686; x_wconf 78' lang='grc' dir='ltr'><strong>ᾤετο</strong></span> <span class='ocrx_word' id='word_1_133' title='bbox 1397 1619 1545 1688; x_wconf 78' lang='grc' dir='ltr'>ἡμᾶς</span> <span class='ocrx_word' id='word_1_134' title='bbox 1584 1619 1676 1671; x_wconf 71' lang='grc' dir='ltr'><strong>καὶ</strong></span> 
     </span>
    </p>
   </div>
   <div class='ocr_carea' id='block_1_19' title="bbox 93 1705 1676 1778">
    <p class='ocr_par' dir='ltr' id='par_1_19' title="bbox 93 1705 1676 1778">
     <span class='ocr_line' id='line_1_19' title="bbox 93 1705 1676 1778; baseline 0.001 -20"><span class='ocrx_word' id='word_1_135' title='bbox 93 1706 238 1759; x_wconf 76' lang='grc' dir='ltr'>ἄλλον</span> <span class='ocrx_word' id='word_1_136' title='bbox 270 1705 601 1776; x_wconf 75' lang='grc' dir='ltr'><strong><em>θεραπεύειν</em></strong></span> <span class='ocrx_word' id='word_1_137' title='bbox 633 1705 783 1778; x_wconf 85' lang='grc' dir='ltr'><strong><em>παρά</em></strong></span> <span class='ocrx_word' id='word_1_138' title='bbox 835 1706 927 1759; x_wconf 73' lang='grc' dir='ltr'><strong><em>τὸν</em></strong></span> <span class='ocrx_word' id='word_1_139' title='bbox 975 1705 1067 1758; x_wconf 73' lang='grc' dir='ltr'><strong><em>ἐπὶ</em></strong></span> <span class='ocrx_word' id='word_1_140' title='bbox 1113 1707 1243 1759; x_wconf 78' lang='grc' dir='ltr'>πᾶσι</span> <span class='ocrx_word' id='word_1_141' title='bbox 1282 1707 1433 1760; x_wconf 78' lang='grc' dir='ltr'>Θεόν.</span> <span class='ocrx_word' id='word_1_142' title='bbox 1484 1707 1536 1759; x_wconf 88' lang='grc' dir='ltr'><em>Ὀ</em></span> <span class='ocrx_word' id='word_1_143' title='bbox 1564 1707 1676 1777; x_wconf 78' lang='grc' dir='ltr'><strong><em>γὰρ</em></strong></span> 
     </span>
    </p>
   </div>
   <div class='ocr_carea' id='block_1_20' title="bbox 1782 514 2698 586">
    <p class='ocr_par' dir='ltr' id='par_1_20' title="bbox 1782 514 2698 586">
     <span class='ocr_line' id='line_1_20' title="bbox 1782 514 2698 586; baseline 0 -18"><span class='ocrx_word' id='word_1_144' title='bbox 1782 521 1943 583; x_wconf 89' lang='lat' dir='ltr'><strong><em>prout</em></strong></span> <span class='ocrx_word' id='word_1_145' title='bbox 1964 514 2196 584; x_wconf 89' lang='lat' dir='ltr'><strong><em>quisque</em></strong></span> <span class='ocrx_word' id='word_1_146' title='bbox 2225 528 2425 585; x_wconf 84' lang='lat' dir='ltr'><strong><em>capere</em></strong></span> <span class='ocrx_word' id='word_1_147' title='bbox 2465 523 2698 586; x_wconf 89' lang='lat' dir='ltr'><strong><em>poterat.</em></strong></span> 
     </span>
    </p>
   </div>
   <div class='ocr_carea' id='block_1_21' title="bbox 1855 690 3362 762">
    <p class='ocr_par' dir='ltr' id='par_1_21' title="bbox 1855 690 3362 762">
     <span class='ocr_line' id='line_1_21' title="bbox 1855 690 3362 762; baseline 0.001 -18"><span class='ocrx_word' id='word_1_148' title='bbox 1855 690 1945 746; x_wconf 76' lang='grc'><strong><em>12.</em></strong></span> <span class='ocrx_word' id='word_1_149' title='bbox 1978 691 2039 744; x_wconf 85' lang='lat' dir='ltr'><strong><em>in</em></strong></span> <span class='ocrx_word' id='word_1_150' title='bbox 2076 691 2142 746; x_wconf 91' lang='lat' dir='ltr'><strong><em>iis</em></strong></span> <span class='ocrx_word' id='word_1_151' title='bbox 2167 707 2288 762; x_wconf 59' lang='lat' dir='ltr'><strong><em>quae</em></strong></span> <span class='ocrx_word' id='word_1_152' title='bbox 2319 701 2620 762; x_wconf 87' lang='lat' dir='ltr'><strong><em>sequuntur</em></strong></span> <span class='ocrx_word' id='word_1_153' title='bbox 2651 691 2888 748; x_wconf 78' lang='lat' dir='ltr'><strong><em>fortasse</em></strong></span> <span class='ocrx_word' id='word_1_154' title='bbox 2933 691 3200 762; x_wconf 89' lang='lat' dir='ltr'><strong><em>suspicari</em></strong></span> <span class='ocrx_word' id='word_1_155' title='bbox 3237 692 3362 762; x_wconf 85' lang='lat' dir='ltr'><strong><em>quis</em></strong></span> 
     </span>
    </p>
   </div>
   <div class='ocr_carea' id='block_1_22' title="bbox 1781 784 3357 855">
    <p class='ocr_par' dir='ltr' id='par_1_22' title="bbox 1781 784 3357 855">
     <span class='ocr_line' id='line_1_22' title="bbox 1781 784 3357 855; baseline 0.001 -20"><span class='ocrx_word' id='word_1_156' title='bbox 1781 794 1960 854; x_wconf 79' lang='lat' dir='ltr'><strong><em>posset</em></strong></span> <span class='ocrx_word' id='word_1_157' title='bbox 1988 785 2192 854; x_wconf 90' lang='lat' dir='ltr'><strong><em>aliquid</em></strong></span> <span class='ocrx_word' id='word_1_158' title='bbox 2219 795 2406 840; x_wconf 89' lang='lat' dir='ltr'><strong><em>contra</em></strong></span> <span class='ocrx_word' id='word_1_159' title='bbox 2442 801 2540 841; x_wconf 91' lang='lat' dir='ltr'><strong><em>nos</em></strong></span> <span class='ocrx_word' id='word_1_160' title='bbox 2565 784 2846 855; x_wconf 78' lang='lat' dir='ltr'><strong><em>probabile</em></strong></span> <span class='ocrx_word' id='word_1_161' title='bbox 2876 786 3015 840; x_wconf 89' lang='lat' dir='ltr'><strong><em>dici:</em></strong></span> <span class='ocrx_word' id='word_1_162' title='bbox 3049 785 3106 840; x_wconf 83' lang='lat' dir='ltr'><strong><em>Si</em></strong></span> <span class='ocrx_word' id='word_1_163' title='bbox 3130 785 3357 850; x_wconf 86' lang='lat' dir='ltr'><strong><em>nullum,</em></strong></span> 
     </span>
    </p>
   </div>
   <div class='ocr_carea' id='block_1_23' title="bbox 1783 875 3354 946">
    <p class='ocr_par' dir='ltr' id='par_1_23' title="bbox 1783 875 3354 946">
     <span class='ocr_line' id='line_1_23' title="bbox 1783 875 3354 946; baseline -0.001 -18"><span class='ocrx_word' id='word_1_164' title='bbox 1783 875 1979 944; x_wconf 86' lang='lat' dir='ltr'><strong><em>inquit,</em></strong></span> <span class='ocrx_word' id='word_1_165' title='bbox 2013 876 2178 929; x_wconf 86' lang='lat' dir='ltr'><strong><em>alium</em></strong></span> <span class='ocrx_word' id='word_1_166' title='bbox 2214 875 2379 931; x_wconf 87' lang='lat' dir='ltr'><strong><em>Deum</em></strong></span> <span class='ocrx_word' id='word_1_167' title='bbox 2406 877 2632 930; x_wconf 84' lang='lat' dir='ltr'><strong><em>colerent</em></strong></span> <span class='ocrx_word' id='word_1_168' title='bbox 2664 877 2753 929; x_wconf 87' lang='lat' dir='ltr'><strong><em>isti</em></strong></span> <span class='ocrx_word' id='word_1_169' title='bbox 2779 894 2938 946; x_wconf 81' lang='lat' dir='ltr'><strong><em>quant</em></strong></span> <span class='ocrx_word' id='word_1_170' title='bbox 2967 894 3130 931; x_wconf 85' lang='lat' dir='ltr'><strong><em>unum</em></strong></span> <span class='ocrx_word' id='word_1_171' title='bbox 3164 882 3354 938; x_wconf 81' lang='lat' dir='ltr'><strong><em>Deum,</em></strong></span> 
     </span>
    </p>
   </div>
   <div class='ocr_carea' id='block_1_24' title="bbox 1780 967 3356 1039">
    <p class='ocr_par' dir='ltr' id='par_1_24' title="bbox 1780 967 3356 1039">
     <span class='ocr_line' id='line_1_24' title="bbox 1780 967 3356 1039; baseline 0.001 -18"><span class='ocrx_word' id='word_1_172' title='bbox 1780 978 1913 1021; x_wconf 88' lang='lat' dir='ltr'><strong><em>esset</em></strong></span> <span class='ocrx_word' id='word_1_173' title='bbox 1963 968 2072 1022; x_wconf 88' lang='lat' dir='ltr'><strong><em>illis</em></strong></span> <span class='ocrx_word' id='word_1_174' title='bbox 2116 969 2341 1039; x_wconf 74' lang='lat' dir='ltr'><strong><em>fortasse</em></strong></span> <span class='ocrx_word' id='word_1_175' title='bbox 2384 981 2568 1024; x_wconf 88' lang='lat' dir='ltr'><strong><em>contra</em></strong></span> <span class='ocrx_word' id='word_1_176' title='bbox 2602 971 2732 1031; x_wconf 83' lang='lat' dir='ltr'><strong><em>alios</em></strong></span> <span class='ocrx_word' id='word_1_177' title='bbox 2784 970 2960 1024; x_wconf 82' lang='lat' dir='ltr'><strong><em>valida</em></strong></span> <span class='ocrx_word' id='word_1_178' title='bbox 3014 971 3166 1023; x_wconf 90' lang='lat' dir='ltr'><strong><em>ratio.</em></strong></span> <span class='ocrx_word' id='word_1_179' title='bbox 3199 967 3356 1022; x_wconf 81' lang='lat' dir='ltr'><strong><em>Nunc</em></strong></span> 
     </span>
    </p>
   </div>
   <div class='ocr_carea' id='block_1_25' title="bbox 1749 1061 3356 1132">
    <p class='ocr_par' dir='ltr' id='par_1_25' title="bbox 1749 1061 3356 1132">
     <span class='ocr_line' id='line_1_25' title="bbox 1749 1061 3356 1132; baseline 0 -19"><span class='ocrx_word' id='word_1_180' title='bbox 1749 1069 1995 1127; x_wconf 87' lang='lat' dir='ltr'><strong><em>.autem,</em></strong></span> <span class='ocrx_word' id='word_1_181' title='bbox 2041 1078 2160 1115; x_wconf 86' lang='lat' dir='ltr'><strong><em>cum</em></strong></span> <span class='ocrx_word' id='word_1_182' title='bbox 2218 1061 2484 1115; x_wconf 81' lang='lat' dir='ltr'><strong><em>hominem</em></strong></span> <span class='ocrx_word' id='word_1_183' title='bbox 2540 1063 2837 1132; x_wconf 78' lang='lat' dir='ltr'><strong><em>nuperrime</em></strong></span> <span class='ocrx_word' id='word_1_184' title='bbox 2888 1073 3132 1117; x_wconf 76' lang='lat' dir='ltr'><strong><em>exortum</em></strong></span> <span class='ocrx_word' id='word_1_185' title='bbox 3196 1078 3356 1130; x_wconf 80' lang='lat' dir='ltr'><strong><em>supra</em></strong></span> 
     </span>
    </p>
   </div>
   <div class='ocr_carea' id='block_1_26' title="bbox 1780 1153 3356 1224">
    <p class='ocr_par' dir='ltr' id='par_1_26' title="bbox 1780 1153 3356 1224">
     <span class='ocr_line' id='line_1_26' title="bbox 1780 1153 3356 1224; baseline -0.003 -14"><span class='ocrx_word' id='word_1_186' title='bbox 1780 1156 1991 1210; x_wconf 85' lang='lat' dir='ltr'><strong><em>modum</em></strong></span> <span class='ocrx_word' id='word_1_187' title='bbox 2024 1153 2237 1219; x_wconf 84' lang='lat' dir='ltr'><strong><em>colunt,</em></strong></span> <span class='ocrx_word' id='word_1_188' title='bbox 2269 1155 2399 1208; x_wconf 80' lang='lat' dir='ltr'><strong><em>nihil</em></strong></span> <span class='ocrx_word' id='word_1_189' title='bbox 2427 1164 2600 1209; x_wconf 86' lang='lat' dir='ltr'><strong><em>tamen</em></strong></span> <span class='ocrx_word' id='word_1_190' title='bbox 2637 1156 2694 1208; x_wconf 84' lang='lat' dir='ltr'><strong><em>in</em></strong></span> <span class='ocrx_word' id='word_1_191' title='bbox 2726 1154 2894 1208; x_wconf 89' lang='lat' dir='ltr'><strong><em>Deum</em></strong></span> <span class='ocrx_word' id='word_1_192' title='bbox 2930 1171 3145 1224; x_wconf 87' lang='lat' dir='ltr'><strong><em>peccare</em></strong></span> <span class='ocrx_word' id='word_1_193' title='bbox 3178 1171 3233 1208; x_wconf 87' lang='lat' dir='ltr'><strong><em>se</em></strong></span> <span class='ocrx_word' id='word_1_194' title='bbox 3256 1171 3356 1222; x_wconf 83' lang='lat' dir='ltr'><strong><em>pn-</em></strong></span> 
     </span>
    </p>
   </div>
   <div class='ocr_carea' id='block_1_27' title="bbox 1779 1245 3357 1317">
    <p class='ocr_par' dir='ltr' id='par_1_27' title="bbox 1779 1245 3357 1317">
     <span class='ocr_line' id='line_1_27' title="bbox 1779 1245 3357 1317; baseline -0.003 -16"><span class='ocrx_word' id='word_1_195' title='bbox 1779 1258 1892 1302; x_wconf 86' lang='lat' dir='ltr'><strong><em>tant</em></strong></span> <span class='ocrx_word' id='word_1_196' title='bbox 1917 1287 1932 1310; x_wconf 85' lang='lat'><strong><em>,</em></strong></span> <span class='ocrx_word' id='word_1_197' title='bbox 1965 1247 2081 1300; x_wconf 87' lang='lat' dir='ltr'><strong><em>licet</em></strong></span> <span class='ocrx_word' id='word_1_198' title='bbox 2113 1247 2228 1317; x_wconf 88' lang='lat' dir='ltr'><strong><em>ejus</em></strong></span> <span class='ocrx_word' id='word_1_199' title='bbox 2256 1247 2555 1300; x_wconf 85' lang='lat' dir='ltr'><strong><em>ministrum</em></strong></span> <span class='ocrx_word' id='word_1_200' title='bbox 2592 1245 2789 1299; x_wconf 82' lang='lat' dir='ltr'><strong><em>colant.</em></strong></span> <span class='ocrx_word' id='word_1_201' title='bbox 2824 1245 2904 1299; x_wconf 85' lang='lat' dir='ltr'><strong><em>Ad</em></strong></span> <span class='ocrx_word' id='word_1_202' title='bbox 2939 1247 3041 1301; x_wconf 92' lang='lat' dir='ltr'><strong><em>hoc</em></strong></span> <span class='ocrx_word' id='word_1_203' title='bbox 3070 1246 3233 1299; x_wconf 85' lang='lat' dir='ltr'><strong><em>etiam</em></strong></span> <span class='ocrx_word' id='word_1_204' title='bbox 3271 1261 3357 1298; x_wconf 90' lang='lat' dir='ltr'><strong><em>re—</em></strong></span> 
     </span>
    </p>
   </div>
   <div class='ocr_carea' id='block_1_28' title="bbox 1781 1337 3348 1408">
    <p class='ocr_par' dir='ltr' id='par_1_28' title="bbox 1781 1337 3348 1408">
     <span class='ocr_line' id='line_1_28' title="bbox 1781 1337 3348 1408; baseline -0.001 -16"><span class='ocrx_word' id='word_1_205' title='bbox 1781 1337 2193 1407; x_wconf 80' lang='lat' dir='ltr'><strong><em>Spondendum,</em></strong></span> <span class='ocrx_word' id='word_1_206' title='bbox 2225 1337 2271 1391; x_wconf 90' lang='lat' dir='ltr'><strong><em>si</em></strong></span> <span class='ocrx_word' id='word_1_207' title='bbox 2324 1337 2479 1392; x_wconf 81' lang='lat' dir='ltr'><strong><em>Celso</em></strong></span> <span class='ocrx_word' id='word_1_208' title='bbox 2527 1347 2871 1408; x_wconf 87' lang='lat' dir='ltr'><strong><em>perspectum</em></strong></span> <span class='ocrx_word' id='word_1_209' title='bbox 2919 1337 3110 1392; x_wconf 80' lang='lat' dir='ltr'><strong><em>fuisset</em></strong></span> <span class='ocrx_word' id='word_1_210' title='bbox 3159 1337 3305 1392; x_wconf 88' lang='lat' dir='ltr'><strong><em>istud</em></strong></span> <span class='ocrx_word' id='word_1_211' title='bbox 3333 1359 3348 1390; x_wconf 90' lang='lat'><strong><em>-.</em></strong></span> 
     </span>
    </p>
   </div>
   <div class='ocr_carea' id='block_1_29' title="bbox 1781 1428 3352 1500">
    <p class='ocr_par' dir='ltr' id='par_1_29' title="bbox 1781 1428 3352 1500">
     <span class='ocr_line' id='line_1_29' title="bbox 1781 1428 3352 1500; baseline 0.001 -17"><span class='ocrx_word' id='word_1_212' title='bbox 1781 1429 1894 1500; x_wconf 80' lang='lat' dir='ltr'><strong><em>Ego</em></strong></span> <span class='ocrx_word' id='word_1_213' title='bbox 1933 1440 1981 1484; x_wconf 89' lang='lat' dir='ltr'><strong><em>et</em></strong></span> <span class='ocrx_word' id='word_1_214' title='bbox 2008 1428 2172 1484; x_wconf 87' lang='lat' dir='ltr'><strong><em>Pater</em></strong></span> <span class='ocrx_word' id='word_1_215' title='bbox 2208 1446 2367 1483; x_wconf 86' lang='lat' dir='ltr'><strong><em>unum</em></strong></span> <span class='ocrx_word' id='word_1_216' title='bbox 2402 1446 2586 1484; x_wconf 86' lang='lat' dir='ltr'><strong><em>sumus</em></strong></span> <span class='ocrx_word' id='word_1_217' title='bbox 2616 1431 2665 1496; x_wconf 73' lang='grc' dir='ltr'>ί,</span> <span class='ocrx_word' id='word_1_218' title='bbox 2696 1441 2749 1484; x_wconf 88' lang='lat' dir='ltr'><strong><em>et</em></strong></span> <span class='ocrx_word' id='word_1_219' title='bbox 2777 1430 2881 1486; x_wconf 90' lang='lat' dir='ltr'><strong><em>hoc</em></strong></span> <span class='ocrx_word' id='word_1_220' title='bbox 2913 1430 3056 1484; x_wconf 81' lang='lat' dir='ltr'><strong><em>aliud</em></strong></span> <span class='ocrx_word' id='word_1_221' title='bbox 3091 1430 3235 1500; x_wconf 90' lang='lat' dir='ltr'><strong><em>quod</em></strong></span> <span class='ocrx_word' id='word_1_222' title='bbox 3261 1429 3352 1485; x_wconf 86' lang='lat' dir='ltr'><strong><em>Fi-</em></strong></span> 
     </span>
    </p>
   </div>
   <div class='ocr_carea' id='block_1_30' title="bbox 1779 1521 3353 1594">
    <p class='ocr_par' dir='ltr' id='par_1_30' title="bbox 1779 1521 3353 1594">
     <span class='ocr_line' id='line_1_30' title="bbox 1779 1521 3353 1594; baseline -0.001 -17"><span class='ocrx_word' id='word_1_223' title='bbox 1779 1523 1882 1578; x_wconf 90' lang='lat' dir='ltr'><strong><em>lius</em></strong></span> <span class='ocrx_word' id='word_1_224' title='bbox 1906 1524 1996 1578; x_wconf 83' lang='lat' dir='ltr'><strong><em>Dei</em></strong></span> <span class='ocrx_word' id='word_1_225' title='bbox 2026 1524 2168 1577; x_wconf 87' lang='lat' dir='ltr'><strong><em>inter</em></strong></span> <span class='ocrx_word' id='word_1_226' title='bbox 2191 1524 2521 1592; x_wconf 87' lang='lat' dir='ltr'><strong><em>precandum</em></strong></span> <span class='ocrx_word' id='word_1_227' title='bbox 2547 1522 2718 1577; x_wconf 74' lang='lat' dir='ltr'><strong><em>dixit:</em></strong></span> <span class='ocrx_word' id='word_1_228' title='bbox 2741 1521 2890 1578; x_wconf 80' lang='lat' dir='ltr'><strong><em>Sicut</em></strong></span> <span class='ocrx_word' id='word_1_229' title='bbox 2917 1540 3010 1594; x_wconf 89' lang='lat' dir='ltr'><strong><em>ego</em></strong></span> <span class='ocrx_word' id='word_1_230' title='bbox 3029 1534 3076 1578; x_wconf 91' lang='lat' dir='ltr'><strong><em>et</em></strong></span> <span class='ocrx_word' id='word_1_231' title='bbox 3111 1531 3167 1576; x_wconf 89' lang='lat' dir='ltr'><strong><em>tu</em></strong></span> <span class='ocrx_word' id='word_1_232' title='bbox 3191 1539 3353 1576; x_wconf 88' lang='lat' dir='ltr'><strong><em>unum</em></strong></span> 
     </span>
    </p>
   </div>
   <div class='ocr_carea' id='block_1_31' title="bbox 1776 1616 3347 1681">
    <p class='ocr_par' dir='ltr' id='par_1_31' title="bbox 1776 1616 3347 1681">
     <span class='ocr_line' id='line_1_31' title="bbox 1776 1616 3347 1681; baseline 0.003 -12"><span class='ocrx_word' id='word_1_233' title='bbox 1776 1632 1957 1670; x_wconf 87' lang='lat' dir='ltr'><strong><em>sumus</em></strong></span> <span class='ocrx_word' id='word_1_234' title='bbox 1985 1618 2030 1681; x_wconf 82' lang='grc'>³,</span> <span class='ocrx_word' id='word_1_235' title='bbox 2054 1631 2160 1670; x_wconf 92' lang='lat' dir='ltr'><strong><em>non</em></strong></span> <span class='ocrx_word' id='word_1_236' title='bbox 2189 1617 2293 1670; x_wconf 85' lang='lat' dir='ltr'><strong><em>sibi</em></strong></span> <span class='ocrx_word' id='word_1_237' title='bbox 2317 1632 2440 1670; x_wconf 88' lang='lat' dir='ltr'><strong><em>eum</em></strong></span> <span class='ocrx_word' id='word_1_238' title='bbox 2460 1616 2802 1670; x_wconf 87' lang='lat' dir='ltr'><strong><em>inducturum</em></strong></span> <span class='ocrx_word' id='word_1_239' title='bbox 2831 1617 3066 1671; x_wconf 80' lang='lat' dir='ltr'><strong><em>fuissein</em></strong></span> <span class='ocrx_word' id='word_1_240' title='bbox 3088 1616 3347 1673; x_wconf 86' lang='lat' dir='ltr'><strong><em>animum.</em></strong></span> 
     </span>
    </p>
   </div>
   <div class='ocr_carea' id='block_1_32' title="bbox 1780 1706 3352 1778">
    <p class='ocr_par' dir='ltr' id='par_1_32' title="bbox 1780 1706 3352 1778">
     <span class='ocr_line' id='line_1_32' title="bbox 1780 1706 3352 1778; baseline -0.001 -16"><span class='ocrx_word' id='word_1_241' title='bbox 1780 1709 1948 1762; x_wconf 86' lang='lat' dir='ltr'><strong><em>alium</em></strong></span> <span class='ocrx_word' id='word_1_242' title='bbox 1982 1723 2011 1762; x_wconf 92' lang='lat' dir='ltr'><strong><em>a</em></strong></span> <span class='ocrx_word' id='word_1_243' title='bbox 2041 1709 2196 1763; x_wconf 90' lang='lat' dir='ltr'><strong><em>nobis</em></strong></span> <span class='ocrx_word' id='word_1_244' title='bbox 2223 1723 2386 1778; x_wconf 88' lang='lat' dir='ltr'><strong><em>quam</em></strong></span> <span class='ocrx_word' id='word_1_245' title='bbox 2417 1726 2686 1765; x_wconf 86' lang='lat' dir='ltr'><strong><em>summum</em></strong></span> <span class='ocrx_word' id='word_1_246' title='bbox 2718 1711 2885 1764; x_wconf 86' lang='lat' dir='ltr'><strong><em>Deum</em></strong></span> <span class='ocrx_word' id='word_1_247' title='bbox 2920 1709 3050 1764; x_wconf 85' lang='lat' dir='ltr'><strong><em>coli.</em></strong></span> <span class='ocrx_word' id='word_1_248' title='bbox 3082 1707 3216 1763; x_wconf 85' lang='lat' dir='ltr'><strong><em>Nam</em></strong></span> <span class='ocrx_word' id='word_1_249' title='bbox 3241 1706 3352 1761; x_wconf 86' lang='lat' dir='ltr'><strong><em>Pa-</em></strong></span> 
     </span>
    </p>
   </div>
   <div class='ocr_carea' id='block_1_33' title="bbox 93 1797 1664 1873">
    <p class='ocr_par' dir='ltr' id='par_1_33' title="bbox 93 1797 1664 1870">
     <span class='ocr_line' id='line_1_33' title="bbox 93 1797 1664 1870; baseline 0.001 -19"><span class='ocrx_word' id='word_1_250' title='bbox 93 1797 302 1867; x_wconf 79' lang='grc' dir='ltr'>Πατὴρ,</span> <span class='ocrx_word' id='word_1_251' title='bbox 335 1799 527 1870; x_wconf 66' lang='grc' dir='ltr'>φησιν,</span> <span class='ocrx_word' id='word_1_252' title='bbox 559 1800 630 1852; x_wconf 81' lang='grc' dir='ltr'><strong><em>ἐν</em></strong></span> <span class='ocrx_word' id='word_1_253' title='bbox 661 1798 809 1868; x_wconf 85' lang='grc' dir='ltr'>ἐμοὶ,</span> <span class='ocrx_word' id='word_1_254' title='bbox 859 1799 1018 1868; x_wconf 76' lang='grc' dir='ltr'><strong><em>κάγὼ</em></strong></span> <span class='ocrx_word' id='word_1_255' title='bbox 1051 1799 1121 1852; x_wconf 81' lang='grc' dir='ltr'><strong><em>ἐν</em></strong></span> <span class='ocrx_word' id='word_1_256' title='bbox 1146 1799 1224 1865; x_wconf 84' lang='grc' dir='ltr'>τῷ</span> <span class='ocrx_word' id='word_1_257' title='bbox 1257 1799 1463 1868; x_wconf 80' lang='grc' dir='ltr'>Πατρί.</span> <span class='ocrx_word' id='word_1_258' title='bbox 1507 1801 1570 1852; x_wconf 79' lang='lat' dir='ltr'><strong><em>Et</em></strong></span> <span class='ocrx_word' id='word_1_259' title='bbox 1619 1800 1664 1853; x_wconf 76' lang='grc' dir='ltr'><strong><em>δέ</em></strong></span> 
     </span>
    </p>
   </div>
   <div class='ocr_carea' id='block_1_34' title="bbox 1768 1797 3346 1873">
    <p class='ocr_par' dir='ltr' id='par_1_34' title="bbox 1781 1800 3346 1873">
     <span class='ocr_line' id='line_1_34' title="bbox 1781 1800 3346 1873; baseline 0.001 -20"><span class='ocrx_word' id='word_1_260' title='bbox 1781 1810 1882 1867; x_wconf 89' lang='lat' dir='ltr'><strong><em>ter,</em></strong></span> <span class='ocrx_word' id='word_1_261' title='bbox 1917 1800 2109 1870; x_wconf 87' lang='lat' dir='ltr'><strong><em>inquit,</em></strong></span> <span class='ocrx_word' id='word_1_262' title='bbox 2136 1803 2190 1856; x_wconf 87' lang='lat' dir='ltr'><strong><em>in</em></strong></span> <span class='ocrx_word' id='word_1_263' title='bbox 2217 1819 2296 1855; x_wconf 90' lang='lat' dir='ltr'><strong><em>me</em></strong></span> <span class='ocrx_word' id='word_1_264' title='bbox 2317 1814 2364 1856; x_wconf 91' lang='lat' dir='ltr'><strong><em>et</em></strong></span> <span class='ocrx_word' id='word_1_265' title='bbox 2393 1818 2487 1873; x_wconf 88' lang='lat' dir='ltr'><strong><em>ego</em></strong></span> <span class='ocrx_word' id='word_1_266' title='bbox 2522 1803 2577 1856; x_wconf 87' lang='lat' dir='ltr'><strong><em>in</em></strong></span> <span class='ocrx_word' id='word_1_267' title='bbox 2608 1800 2772 1856; x_wconf 83' lang='lat' dir='ltr'><strong><em>Patre</em></strong></span> <span class='ocrx_word' id='word_1_268' title='bbox 2802 1803 2844 1857; x_wconf 81' lang='grc'><strong><em>³.</em></strong></span> <span class='ocrx_word' id='word_1_269' title='bbox 2878 1801 3030 1866; x_wconf 84' lang='lat' dir='ltr'><strong><em>Quod</em></strong></span> <span class='ocrx_word' id='word_1_270' title='bbox 3061 1801 3107 1856; x_wconf 89' lang='lat' dir='ltr'><strong><em>si</em></strong></span> <span class='ocrx_word' id='word_1_271' title='bbox 3139 1801 3261 1870; x_wconf 91' lang='lat' dir='ltr'><strong><em>quis</em></strong></span> <span class='ocrx_word' id='word_1_272' title='bbox 3284 1817 3346 1856; x_wconf 78' lang='lat' dir='ltr'><strong><em>ex</em></strong></span> 
     </span>
    </p>
   </div>
   <div class='ocr_carea' id='block_1_35' title="bbox 91 1890 1674 1963">
    <p class='ocr_par' dir='ltr' id='par_1_35' title="bbox 91 1890 1674 1963">
     <span class='ocr_line' id='line_1_35' title="bbox 91 1890 1674 1963; baseline 0.003 -22"><span class='ocrx_word' id='word_1_273' title='bbox 91 1907 169 1953; x_wconf 82' lang='grc' dir='ltr'><strong><em>τις</em></strong></span> <span class='ocrx_word' id='word_1_274' title='bbox 191 1891 250 1942; x_wconf 76' lang='grc' dir='ltr'>ἐκ</span> <span class='ocrx_word' id='word_1_275' title='bbox 276 1890 484 1943; x_wconf 81' lang='grc' dir='ltr'>τούτων</span> <span class='ocrx_word' id='word_1_276' title='bbox 518 1891 628 1962; x_wconf 70' lang='grc'><strong><em>(4-1)</em></strong></span> <span class='ocrx_word' id='word_1_277' title='bbox 663 1890 1184 1963; x_wconf 81' lang='grc' dir='ltr'>περισπασθήσεται.</span> <span class='ocrx_word' id='word_1_278' title='bbox 1227 1893 1300 1963; x_wconf 86' lang='grc' dir='ltr'>μή</span> <span class='ocrx_word' id='word_1_279' title='bbox 1333 1910 1409 1963; x_wconf 86' lang='grc' dir='ltr'><strong><em>πη</em></strong></span> <span class='ocrx_word' id='word_1_280' title='bbox 1442 1892 1674 1963; x_wconf 78' lang='grc' dir='ltr'>αὐτομο-</span> 
     </span>
    </p>
   </div>
   <div class='ocr_carea' id='block_1_36' title="bbox 88 1981 1673 2056">
    <p class='ocr_par' dir='ltr' id='par_1_36' title="bbox 88 1981 1673 2056">
     <span class='ocr_line' id='line_1_36' title="bbox 88 1981 1673 2056; baseline 0.003 -22"><span class='ocrx_word' id='word_1_281' title='bbox 88 1981 272 2053; x_wconf 81' lang='grc' dir='ltr'>λοῦμεν</span> <span class='ocrx_word' id='word_1_282' title='bbox 305 1983 449 2055; x_wconf 74' lang='grc' dir='ltr'>πρὸς</span> <span class='ocrx_word' id='word_1_283' title='bbox 482 1985 609 2047; x_wconf 80' lang='grc' dir='ltr'>τοὺς</span> <span class='ocrx_word' id='word_1_284' title='bbox 633 1984 986 2056; x_wconf 78' lang='grc' dir='ltr'><strong><em>ἀναιροῦντας</em></strong></span> <span class='ocrx_word' id='word_1_285' title='bbox 1025 1985 1118 2037; x_wconf 82' lang='grc' dir='ltr'><strong><em>δύο</em></strong></span> <span class='ocrx_word' id='word_1_286' title='bbox 1168 1981 1305 2038; x_wconf 76' lang='grc' dir='ltr'>εἶναι</span> <span class='ocrx_word' id='word_1_287' title='bbox 1349 1986 1673 2050; x_wconf 81' lang='grc' dir='ltr'><strong><em>ὑποστάσεις</em></strong></span> 
     </span>
    </p>
   </div>
   <div class='ocr_carea' id='block_1_37' title="bbox 89 2072 1674 2148">
    <p class='ocr_par' dir='ltr' id='par_1_37' title="bbox 89 2072 1674 2148">
     <span class='ocr_line' id='line_1_37' title="bbox 89 2072 1674 2148; baseline 0.001 -18"><span class='ocrx_word' id='word_1_288' title='bbox 89 2077 289 2148; x_wconf 82' lang='grc' dir='ltr'>Πατέρα</span> <span class='ocrx_word' id='word_1_289' title='bbox 323 2077 422 2130; x_wconf 71' lang='grc' dir='ltr'>καὶ</span> <span class='ocrx_word' id='word_1_290' title='bbox 457 2077 614 2130; x_wconf 86' lang='grc' dir='ltr'>Υἰόν·</span> <span class='ocrx_word' id='word_1_291' title='bbox 660 2077 1015 2147; x_wconf 77' lang='grc' dir='ltr'>ἐπιστησάτω</span> <span class='ocrx_word' id='word_1_292' title='bbox 1048 2075 1158 2147; x_wconf 73' lang='grc' dir='ltr'>τῷο</span> <span class='ocrx_word' id='word_1_293' title='bbox 1189 2072 1300 2132; x_wconf 79' lang='grc' dir='ltr'><strong><em>Ἦν</em></strong></span> <span class='ocrx_word' id='word_1_294' title='bbox 1325 2076 1392 2129; x_wconf 81' lang='grc' dir='ltr'><strong><em>δὲ</em></strong></span> <span class='ocrx_word' id='word_1_295' title='bbox 1431 2076 1674 2132; x_wconf 70' lang='grc' dir='ltr'>πάντων</span> 
     </span>
    </p>
   </div>
   <div class='ocr_carea' id='block_1_38' title="bbox 86 2167 1668 2239">
    <p class='ocr_par' dir='ltr' id='par_1_38' title="bbox 86 2167 1668 2239">
     <span class='ocr_line' id='line_1_38' title="bbox 86 2167 1668 2239; baseline 0.001 -18"><span class='ocrx_word' id='word_1_296' title='bbox 86 2167 192 2221; x_wconf 78' lang='grc' dir='ltr'><strong><em>τῶν</em></strong></span> <span class='ocrx_word' id='word_1_297' title='bbox 236 2167 705 2222; x_wconf 70' lang='grc' dir='ltr'>πιστευσάντων</span> <span class='ocrx_word' id='word_1_298' title='bbox 731 2171 782 2238; x_wconf 39' lang='grc' dir='ltr'>,ἡ</span> <span class='ocrx_word' id='word_1_299' title='bbox 829 2168 1041 2237; x_wconf 80' lang='grc' dir='ltr'><strong><em>καρδία</em></strong></span> <span class='ocrx_word' id='word_1_300' title='bbox 1079 2168 1177 2222; x_wconf 82' lang='grc' dir='ltr'><strong><em>καὶ</em></strong></span> <span class='ocrx_word' id='word_1_301' title='bbox 1229 2170 1268 2237; x_wconf 74' lang='grc' dir='ltr'><strong><em>ἡ</em></strong></span> <span class='ocrx_word' id='word_1_302' title='bbox 1320 2168 1491 2237; x_wconf 70' lang='grc' dir='ltr'><strong><em>ψυχὴ</em></strong></span> <span class='ocrx_word' id='word_1_303' title='bbox 1539 2170 1668 2239; x_wconf 76' lang='grc' dir='ltr'>μία,</span> 
     </span>
    </p>
   </div>
   <div class='ocr_carea' id='block_1_39' title="bbox 87 2260 1672 2334">
    <p class='ocr_par' dir='ltr' id='par_1_39' title="bbox 87 2260 1672 2334">
     <span class='ocr_line' id='line_1_39' title="bbox 87 2260 1672 2334; baseline 0.003 -22"><span class='ocrx_word' id='word_1_304' title='bbox 87 2261 164 2313; x_wconf 75' lang='grc' dir='ltr'>ἵνα</span> <span class='ocrx_word' id='word_1_305' title='bbox 189 2262 443 2334; x_wconf 81' lang='grc' dir='ltr'>θεωρήσῃ</span> <span class='ocrx_word' id='word_1_306' title='bbox 476 2262 565 2314; x_wconf 88' lang='grc' dir='ltr'>τό·</span> <span class='ocrx_word' id='word_1_307' title='bbox 611 2261 751 2331; x_wconf 74' lang='grc' dir='ltr'><strong><em>Ἐγὼ</em></strong></span> <span class='ocrx_word' id='word_1_308' title='bbox 793 2262 890 2314; x_wconf 80' lang='grc' dir='ltr'><strong><em>καὶ</em></strong></span> <span class='ocrx_word' id='word_1_309' title='bbox 921 2265 952 2314; x_wconf 88' lang='grc' dir='ltr'><em>ὀ</em></span> <span class='ocrx_word' id='word_1_310' title='bbox 980 2260 1180 2329; x_wconf 76' lang='grc' dir='ltr'>Πατὴρ</span> <span class='ocrx_word' id='word_1_311' title='bbox 1207 2260 1278 2315; x_wconf 79' lang='grc' dir='ltr'><strong><em>ἓν</em></strong></span> <span class='ocrx_word' id='word_1_312' title='bbox 1297 2261 1503 2331; x_wconf 75' lang='grc' dir='ltr'>ἐσμεν.</span> <span class='ocrx_word' id='word_1_313' title='bbox 1535 2263 1672 2318; x_wconf 83' lang='grc' dir='ltr'><strong><em>Ἕνα</em></strong></span> 
     </span>
    </p>
   </div>
   <div class='ocr_carea' id='block_1_40' title="bbox 87 2349 1670 2423">
    <p class='ocr_par' dir='ltr' id='par_1_40' title="bbox 87 2349 1670 2423">
     <span class='ocr_line' id='line_1_40' title="bbox 87 2349 1670 2423; baseline 0.002 -19"><span class='ocrx_word' id='word_1_314' title='bbox 87 2349 169 2406; x_wconf 75' lang='grc' dir='ltr'><strong><em>οὖν</em></strong></span> <span class='ocrx_word' id='word_1_315' title='bbox 186 2353 336 2415; x_wconf 75' lang='grc' dir='ltr'>θεὸν,</span> <span class='ocrx_word' id='word_1_316' title='bbox 361 2353 440 2416; x_wconf 83' lang='grc' dir='ltr'>ὡς</span> <span class='ocrx_word' id='word_1_317' title='bbox 464 2351 906 2422; x_wconf 81' lang='grc' dir='ltr'>ἀποδεδώκαμεν,</span> <span class='ocrx_word' id='word_1_318' title='bbox 937 2351 1029 2404; x_wconf 79' lang='grc' dir='ltr'>τὸν</span> <span class='ocrx_word' id='word_1_319' title='bbox 1063 2352 1283 2423; x_wconf 81' lang='grc' dir='ltr'><strong><em>Πατέρα</em></strong></span> <span class='ocrx_word' id='word_1_320' title='bbox 1311 2353 1404 2405; x_wconf 70' lang='grc' dir='ltr'>καὶ</span> <span class='ocrx_word' id='word_1_321' title='bbox 1427 2353 1517 2406; x_wconf 81' lang='grc' dir='ltr'>τὸν</span> <span class='ocrx_word' id='word_1_322' title='bbox 1542 2353 1670 2407; x_wconf 84' lang='grc' dir='ltr'>Υἱὸν</span> 
     </span>
    </p>
   </div>
   <div class='ocr_carea' id='block_1_41' title="bbox 85 2445 1671 2518">
    <p class='ocr_par' dir='ltr' id='par_1_41' title="bbox 85 2445 1671 2518">
     <span class='ocr_line' id='line_1_41' title="bbox 85 2445 1671 2518; baseline 0.001 -20"><span class='ocrx_word' id='word_1_323' title='bbox 85 2446 472 2518; x_wconf 80' lang='grc' dir='ltr'>θεραπεύομεν’</span> <span class='ocrx_word' id='word_1_324' title='bbox 495 2447 591 2500; x_wconf 77' lang='grc' dir='ltr'>καὶ</span> <span class='ocrx_word' id='word_1_325' title='bbox 610 2446 756 2517; x_wconf 81' lang='grc' dir='ltr'>μένει</span> <span class='ocrx_word' id='word_1_326' title='bbox 775 2449 906 2517; x_wconf 81' lang='grc' dir='ltr'>ἡμῖν</span> <span class='ocrx_word' id='word_1_327' title='bbox 925 2447 952 2497; x_wconf 81' lang='grc' dir='ltr'>ὁ</span> <span class='ocrx_word' id='word_1_328' title='bbox 974 2445 1108 2517; x_wconf 75' lang='grc' dir='ltr'>πρὸς</span> <span class='ocrx_word' id='word_1_329' title='bbox 1126 2447 1250 2509; x_wconf 80' lang='grc' dir='ltr'>τοὺς</span> <span class='ocrx_word' id='word_1_330' title='bbox 1270 2447 1462 2510; x_wconf 82' lang='grc' dir='ltr'>ἄλλους</span> <span class='ocrx_word' id='word_1_331' title='bbox 1477 2448 1671 2518; x_wconf 81' lang='grc' dir='ltr'>ἀτενὴς</span> 
     </span>
    </p>
   </div>
   <div class='ocr_carea' id='block_1_42' title="bbox 85 2537 1670 2612">
    <p class='ocr_par' dir='ltr' id='par_1_42' title="bbox 85 2537 1670 2612">
     <span class='ocr_line' id='line_1_42' title="bbox 85 2537 1670 2612; baseline 0.003 -24"><span class='ocrx_word' id='word_1_332' title='bbox 85 2538 240 2607; x_wconf 76' lang='grc' dir='ltr'>λόγος·</span> <span class='ocrx_word' id='word_1_333' title='bbox 263 2540 358 2592; x_wconf 72' lang='grc' dir='ltr'>καὶ</span> <span class='ocrx_word' id='word_1_334' title='bbox 378 2540 442 2591; x_wconf 79' lang='grc' dir='ltr'>οὐ</span> <span class='ocrx_word' id='word_1_335' title='bbox 467 2539 560 2592; x_wconf 84' lang='grc' dir='ltr'>τὸν</span> <span class='ocrx_word' id='word_1_336' title='bbox 582 2537 806 2608; x_wconf 75' lang='grc' dir='ltr'>ἕναγχός</span> <span class='ocrx_word' id='word_1_337' title='bbox 829 2555 890 2606; x_wconf 90' lang='grc' dir='ltr'><strong><em>γε</em></strong></span> <span class='ocrx_word' id='word_1_338' title='bbox 915 2539 1168 2606; x_wconf 70' lang='grc' dir='ltr'>φανέντα,</span> <span class='ocrx_word' id='word_1_339' title='bbox 1191 2539 1266 2602; x_wconf 86' lang='grc' dir='ltr'>ὡς</span> <span class='ocrx_word' id='word_1_340' title='bbox 1289 2540 1550 2612; x_wconf 87' lang='grc' dir='ltr'>πρότερον</span> <span class='ocrx_word' id='word_1_341' title='bbox 1570 2539 1670 2592; x_wconf 81' lang='grc' dir='ltr'><strong><em>οὐκ</em></strong></span> 
     </span>
    </p>
   </div>
   <div class='ocr_carea' id='block_1_43' title="bbox 83 2631 1670 2704">
    <p class='ocr_par' dir='ltr' id='par_1_43' title="bbox 83 2631 1670 2704">
     <span class='ocr_line' id='line_1_43' title="bbox 83 2631 1670 2704; baseline 0.002 -21"><span class='ocrx_word' id='word_1_342' title='bbox 83 2632 217 2696; x_wconf 70' lang='grc' dir='ltr'>ὄντα,</span> <span class='ocrx_word' id='word_1_343' title='bbox 247 2632 423 2704; x_wconf 80' lang='grc' dir='ltr'>ὑπερθ</span> <span class='ocrx_word' id='word_1_344' title='bbox 436 2632 796 2704; x_wconf 82' lang='grc' dir='ltr'>ρησκεύομεν.</span> <span class='ocrx_word' id='word_1_345' title='bbox 827 2631 986 2702; x_wconf 73' lang='grc' dir='ltr'>Αὐτῷ</span> <span class='ocrx_word' id='word_1_346' title='bbox 1016 2631 1124 2703; x_wconf 80' lang='grc' dir='ltr'>γὰρ</span> <span class='ocrx_word' id='word_1_347' title='bbox 1157 2632 1458 2704; x_wconf 80' lang='grc' dir='ltr'>πειθόμεθα</span> <span class='ocrx_word' id='word_1_348' title='bbox 1490 2631 1567 2702; x_wconf 82' lang='grc' dir='ltr'>τῷ</span> <span class='ocrx_word' id='word_1_349' title='bbox 1592 2633 1670 2686; x_wconf 84' lang='grc' dir='ltr'><strong><em>εξ-</em></strong></span> 
     </span>
    </p>
   </div>
   <div class='ocr_carea' id='block_1_44' title="bbox 83 2717 1665 2795">
    <p class='ocr_par' dir='ltr' id='par_1_44' title="bbox 83 2717 1665 2795">
     <span class='ocr_line' id='line_1_44' title="bbox 83 2717 1665 2795; baseline 0.001 -17"><span class='ocrx_word' id='word_1_350' title='bbox 83 2726 239 2779; x_wconf 77' lang='grc' dir='ltr'>πόντι·</span> <span class='ocrx_word' id='word_1_351' title='bbox 260 2727 416 2794; x_wconf 72' lang='grc' dir='ltr'><strong><em>Πρὶν</em></strong></span> <span class='ocrx_word' id='word_1_352' title='bbox 444 2726 701 2794; x_wconf 74' lang='grc' dir='ltr'>Ἀϐραὰμ</span> <span class='ocrx_word' id='word_1_353' title='bbox 725 2717 1000 2794; x_wconf 54' lang='grc' dir='ltr'>γενέσθαι</span> <span class='ocrx_word' id='word_1_354' title='bbox 1026 2724 1140 2795; x_wconf 76' lang='grc' dir='ltr'><strong><em>ἐγώ</em></strong></span> <span class='ocrx_word' id='word_1_355' title='bbox 1161 2727 1295 2795; x_wconf 80' lang='grc' dir='ltr'>ειμι·</span> <span class='ocrx_word' id='word_1_356' title='bbox 1322 2726 1413 2778; x_wconf 76' lang='grc' dir='ltr'>καὶ</span> <span class='ocrx_word' id='word_1_357' title='bbox 1434 2725 1665 2793; x_wconf 78' lang='grc' dir='ltr'>λέγοντι·</span> 
     </span>
    </p>
   </div>
   <div class='ocr_carea' id='block_1_45' title="bbox 92 2818 1668 2890">
    <p class='ocr_par' dir='ltr' id='par_1_45' title="bbox 92 2818 1668 2890">
     <span class='ocr_line' id='line_1_45' title="bbox 92 2818 1668 2890; baseline 0 -19"><span class='ocrx_word' id='word_1_358' title='bbox 92 2819 218 2889; x_wconf 71' lang='grc' dir='ltr'><strong><em>Ἐγώ</em></strong></span> <span class='ocrx_word' id='word_1_359' title='bbox 249 2822 366 2889; x_wconf 74' lang='grc' dir='ltr'>εἰμι</span> <span class='ocrx_word' id='word_1_360' title='bbox 394 2821 432 2888; x_wconf 72' lang='grc' dir='ltr'>ἡ</span> <span class='ocrx_word' id='word_1_361' title='bbox 457 2818 742 2884; x_wconf 75' lang='grc' dir='ltr'><strong><em>ἀλήθεια·</em></strong></span> <span class='ocrx_word' id='word_1_362' title='bbox 777 2820 872 2872; x_wconf 77' lang='grc' dir='ltr'><strong><em>καὶ</em></strong></span> <span class='ocrx_word' id='word_1_363' title='bbox 903 2820 1000 2890; x_wconf 75' lang='grc' dir='ltr'>οὐχ</span> <span class='ocrx_word' id='word_1_364' title='bbox 1027 2819 1170 2872; x_wconf 77' lang='grc' dir='ltr'>οὕτω</span> <span class='ocrx_word' id='word_1_365' title='bbox 1208 2837 1292 2882; x_wconf 88' lang='grc' dir='ltr'><strong><em>τις</em></strong></span> <span class='ocrx_word' id='word_1_366' title='bbox 1334 2820 1490 2890; x_wconf 82' lang='grc' dir='ltr'>ἡμῶν</span> <span class='ocrx_word' id='word_1_367' title='bbox 1522 2821 1668 2872; x_wconf 73' lang='grc' dir='ltr'>ἐστιν</span> 
     </span>
    </p>
   </div>
   <div class='ocr_carea' id='block_1_46' title="bbox 82 2911 1669 2985">
    <p class='ocr_par' dir='ltr' id='par_1_46' title="bbox 82 2911 1669 2985">
     <span class='ocr_line' id='line_1_46' title="bbox 82 2911 1669 2985; baseline 0.002 -21"><span class='ocrx_word' id='word_1_368' title='bbox 82 2913 420 2985; x_wconf 75' lang='grc' dir='ltr'>ἀνδράποδον,</span> <span class='ocrx_word' id='word_1_369' title='bbox 463 2913 540 2976; x_wconf 85' lang='grc' dir='ltr'>ὡς</span> <span class='ocrx_word' id='word_1_370' title='bbox 574 2913 800 2976; x_wconf 77' lang='grc' dir='ltr'>οἴεσθαι,</span> <span class='ocrx_word' id='word_1_371' title='bbox 856 2913 1000 2984; x_wconf 83' lang='grc' dir='ltr'>ὃτιή</span> <span class='ocrx_word' id='word_1_372' title='bbox 1044 2913 1144 2983; x_wconf 80' lang='grc' dir='ltr'><strong><em>τῆς</em></strong></span> <span class='ocrx_word' id='word_1_373' title='bbox 1202 2911 1462 2984; x_wconf 80' lang='grc' dir='ltr'>ἀληθείας</span> <span class='ocrx_word' id='word_1_374' title='bbox 1513 2912 1669 2967; x_wconf 84' lang='grc' dir='ltr'>οὐσία</span> 
     </span>
    </p>
   </div>
   <div class='ocr_carea' id='block_1_47' title="bbox 81 3001 1663 3078">
    <p class='ocr_par' dir='ltr' id='par_1_47' title="bbox 81 3001 1663 3078">
     <span class='ocr_line' id='line_1_47' title="bbox 81 3001 1663 3078; baseline 0.001 -19"><span class='ocrx_word' id='word_1_375' title='bbox 81 3006 175 3077; x_wconf 80' lang='grc' dir='ltr'>πρὸ</span> <span class='ocrx_word' id='word_1_376' title='bbox 200 3006 309 3060; x_wconf 83' lang='grc' dir='ltr'>τῶν</span> <span class='ocrx_word' id='word_1_377' title='bbox 331 3006 546 3078; x_wconf 82' lang='grc' dir='ltr'><strong>χρόνων</strong></span> <span class='ocrx_word' id='word_1_378' title='bbox 574 3006 674 3076; x_wconf 85' lang='grc' dir='ltr'>τῆς</span> <span class='ocrx_word' id='word_1_379' title='bbox 699 3004 792 3059; x_wconf 79' lang='grc' dir='ltr'><strong><em>τοῦ</em></strong></span> <span class='ocrx_word' id='word_1_380' title='bbox 821 3005 1058 3077; x_wconf 82' lang='grc' dir='ltr'>Χριστοῦ</span> <span class='ocrx_word' id='word_1_381' title='bbox 1101 3007 1421 3076; x_wconf 69' lang='grc' dir='ltr'>ἐπιφανείας</span> <span class='ocrx_word' id='word_1_382' title='bbox 1447 3007 1547 3060; x_wconf 82' lang='grc' dir='ltr'><strong>οὐκ</strong></span> <span class='ocrx_word' id='word_1_383' title='bbox 1575 3001 1663 3077; x_wconf 79' lang='grc' dir='ltr'><strong><em>ἦν.</em></strong></span> 
     </span>
    </p>
   </div>
   <div class='ocr_carea' id='block_1_48' title="bbox 80 3095 1666 3171">
    <p class='ocr_par' dir='ltr' id='par_1_48' title="bbox 80 3095 1666 3171">
     <span class='ocr_line' id='line_1_48' title="bbox 80 3095 1666 3171; baseline 0.001 -21"><span class='ocrx_word' id='word_1_384' title='bbox 80 3099 452 3171; x_wconf 80' lang='grc' dir='ltr'>Θρησκεύομεν</span> <span class='ocrx_word' id='word_1_385' title='bbox 485 3095 578 3154; x_wconf 78' lang='grc' dir='ltr'>οὖν</span> <span class='ocrx_word' id='word_1_386' title='bbox 603 3099 692 3151; x_wconf 72' lang='grc' dir='ltr'>τὸν</span> <span class='ocrx_word' id='word_1_387' title='bbox 742 3099 962 3171; x_wconf 80' lang='grc' dir='ltr'><strong><em>Πατέρα</em></strong></span> <span class='ocrx_word' id='word_1_388' title='bbox 1000 3099 1099 3170; x_wconf 83' lang='grc' dir='ltr'>τῆς</span> <span class='ocrx_word' id='word_1_389' title='bbox 1137 3099 1394 3171; x_wconf 81' lang='grc' dir='ltr'>ἀληθείας</span> <span class='ocrx_word' id='word_1_390' title='bbox 1433 3101 1526 3154; x_wconf 75' lang='grc' dir='ltr'>καὶ</span> <span class='ocrx_word' id='word_1_391' title='bbox 1574 3100 1666 3152; x_wconf 82' lang='grc' dir='ltr'><strong><em>τὸν</em></strong></span> 
     </span>
    </p>
   </div>
   <div class='ocr_carea' id='block_1_49' title="bbox 1775 1894 3349 1966">
    <p class='ocr_par' dir='ltr' id='par_1_49' title="bbox 1775 1894 3349 1966">
     <span class='ocr_line' id='line_1_49' title="bbox 1775 1894 3349 1966; baseline -0.002 -17"><span class='ocrx_word' id='word_1_392' title='bbox 1775 1894 1859 1949; x_wconf 86' lang='lat' dir='ltr'><strong><em>his</em></strong></span> <span class='ocrx_word' id='word_1_393' title='bbox 1889 1895 2168 1949; x_wconf 87' lang='lat' dir='ltr'><strong><em>verebitur</em></strong></span> <span class='ocrx_word' id='word_1_394' title='bbox 2197 1909 2265 1950; x_wconf 91' lang='lat' dir='ltr'><strong><em>ne</em></strong></span> <span class='ocrx_word' id='word_1_395' title='bbox 2293 1895 2361 1950; x_wconf 91' lang='lat' dir='ltr'><strong><em>ad</em></strong></span> <span class='ocrx_word' id='word_1_396' title='bbox 2383 1895 2501 1951; x_wconf 90' lang='lat' dir='ltr'><strong><em>illos</em></strong></span> <span class='ocrx_word' id='word_1_397' title='bbox 2539 1896 2974 1966; x_wconf 79' lang='lat' dir='ltr'><strong><em>transfugiamus,</em></strong></span> <span class='ocrx_word' id='word_1_398' title='bbox 3011 1895 3101 1966; x_wconf 89' lang='lat' dir='ltr'><strong><em>qui</em></strong></span> <span class='ocrx_word' id='word_1_399' title='bbox 3134 1895 3349 1948; x_wconf 81' lang='lat' dir='ltr'><strong><em>Patrem</em></strong></span> 
     </span>
    </p>
   </div>
   <div class='ocr_carea' id='block_1_50' title="bbox 1772 1986 3354 2059">
    <p class='ocr_par' dir='ltr' id='par_1_50' title="bbox 1772 1986 3354 2059">
     <span class='ocr_line' id='line_1_50' title="bbox 1772 1986 3354 2059; baseline -0.003 -18"><span class='ocrx_word' id='word_1_400' title='bbox 1772 1995 1829 2041; x_wconf 88' lang='lat' dir='ltr'><strong><em>et</em></strong></span> <span class='ocrx_word' id='word_1_401' title='bbox 1879 1986 2075 2041; x_wconf 87' lang='lat' dir='ltr'><strong><em>Filium</em></strong></span> <span class='ocrx_word' id='word_1_402' title='bbox 2116 1987 2252 2042; x_wconf 86' lang='lat' dir='ltr'><strong><em>duas</em></strong></span> <span class='ocrx_word' id='word_1_403' title='bbox 2287 1989 2606 2059; x_wconf 84' lang='lat' dir='ltr'><strong><em>hypostases</em></strong></span> <span class='ocrx_word' id='word_1_404' title='bbox 2655 2002 2772 2043; x_wconf 87' lang='lat' dir='ltr'><strong><em>esse</em></strong></span> <span class='ocrx_word' id='word_1_405' title='bbox 2808 1996 3051 2057; x_wconf 85' lang='lat' dir='ltr'><strong><em>negant,</em></strong></span> <span class='ocrx_word' id='word_1_406' title='bbox 3105 1986 3354 2040; x_wconf 79' lang='lat' dir='ltr'><strong><em>advertat</em></strong></span> 
     </span>
    </p>
   </div>
   <div class='ocr_carea' id='block_1_51' title="bbox 1773 2077 3348 2136">
    <p class='ocr_par' dir='ltr' id='par_1_51' title="bbox 1773 2077 3348 2136">
     <span class='ocr_line' id='line_1_51' title="bbox 1773 2077 3348 2136; baseline 0 -6"><span class='ocrx_word' id='word_1_407' title='bbox 1773 2077 2015 2132; x_wconf 86' lang='lat' dir='ltr'><strong><em>animum</em></strong></span> <span class='ocrx_word' id='word_1_408' title='bbox 2054 2079 2123 2133; x_wconf 88' lang='lat' dir='ltr'><strong><em>ad</em></strong></span> <span class='ocrx_word' id='word_1_409' title='bbox 2169 2080 2356 2134; x_wconf 86' lang='lat' dir='ltr'><strong><em>istud:</em></strong></span> <span class='ocrx_word' id='word_1_410' title='bbox 2411 2080 2542 2134; x_wconf 87' lang='lat' dir='ltr'><strong><em>Erat</em></strong></span> <span class='ocrx_word' id='word_1_411' title='bbox 2598 2083 2832 2136; x_wconf 80' lang='lat' dir='ltr'><strong><em>omnium</em></strong></span> <span class='ocrx_word' id='word_1_412' title='bbox 2878 2079 3204 2134; x_wconf 81' lang='lat' dir='ltr'><strong><em>credentium</em></strong></span> <span class='ocrx_word' id='word_1_413' title='bbox 3254 2094 3348 2132; x_wconf 92' lang='lat' dir='ltr'><strong><em>cor</em></strong></span> 
     </span>
    </p>
   </div>
   <div class='ocr_carea' id='block_1_52' title="bbox 1773 2171 3349 2246">
    <p class='ocr_par' dir='ltr' id='par_1_52' title="bbox 1773 2171 3349 2246">
     <span class='ocr_line' id='line_1_52' title="bbox 1773 2171 3349 2246; baseline 0.002 -23"><span class='ocrx_word' id='word_1_414' title='bbox 1773 2187 1936 2225; x_wconf 88' lang='lat' dir='ltr'><strong><em>unum</em></strong></span> <span class='ocrx_word' id='word_1_415' title='bbox 1959 2182 2007 2225; x_wconf 88' lang='lat' dir='ltr'><strong><em>et</em></strong></span> <span class='ocrx_word' id='word_1_416' title='bbox 2023 2172 2204 2226; x_wconf 89' lang='lat' dir='ltr'><strong><em>anima</em></strong></span> <span class='ocrx_word' id='word_1_417' title='bbox 2227 2189 2332 2227; x_wconf 87' lang='lat' dir='ltr'><strong><em>una</em></strong></span> <span class='ocrx_word' id='word_1_418' title='bbox 2352 2173 2392 2240; x_wconf 68' lang='grc'>⁸,</span> <span class='ocrx_word' id='word_1_419' title='bbox 2414 2183 2474 2229; x_wconf 92' lang='lat' dir='ltr'><strong><em>ut</em></strong></span> <span class='ocrx_word' id='word_1_420' title='bbox 2497 2174 2764 2246; x_wconf 85' lang='lat' dir='ltr'><strong><em>intelligat</em></strong></span> <span class='ocrx_word' id='word_1_421' title='bbox 2786 2175 2917 2246; x_wconf 90' lang='lat' dir='ltr'><strong><em>quid</em></strong></span> <span class='ocrx_word' id='word_1_422' title='bbox 2945 2174 3046 2229; x_wconf 90' lang='lat' dir='ltr'><strong><em>sibi</em></strong></span> <span class='ocrx_word' id='word_1_423' title='bbox 3065 2173 3192 2229; x_wconf 87' lang='lat' dir='ltr'><strong><em>velit</em></strong></span> <span class='ocrx_word' id='word_1_424' title='bbox 3208 2171 3311 2227; x_wconf 92' lang='lat' dir='ltr'><strong><em>hoc</em></strong></span> <span class='ocrx_word' id='word_1_425' title='bbox 3334 2188 3349 2226; x_wconf 92' lang='lat'><strong><em>:</em></strong></span> 
     </span>
    </p>
   </div>
   <div class='ocr_carea' id='block_1_53' title="bbox 1773 2257 3350 2338">
    <p class='ocr_par' dir='ltr' id='par_1_53' title="bbox 1773 2257 3350 2338">
     <span class='ocr_line' id='line_1_53' title="bbox 1773 2257 3350 2338; baseline 0.001 -22"><span class='ocrx_word' id='word_1_426' title='bbox 1773 2261 1888 2334; x_wconf 86' lang='lat' dir='ltr'><strong><em>Ego</em></strong></span> <span class='ocrx_word' id='word_1_427' title='bbox 1923 2272 1974 2318; x_wconf 86' lang='lat' dir='ltr'><strong><em>et</em></strong></span> <span class='ocrx_word' id='word_1_428' title='bbox 2011 2263 2178 2319; x_wconf 86' lang='lat' dir='ltr'><strong><em>Pater</em></strong></span> <span class='ocrx_word' id='word_1_429' title='bbox 2209 2282 2372 2320; x_wconf 83' lang='lat' dir='ltr'><strong><em>unum</em></strong></span> <span class='ocrx_word' id='word_1_430' title='bbox 2417 2283 2598 2322; x_wconf 87' lang='lat' dir='ltr'><strong><em>sumus</em></strong></span> <span class='ocrx_word' id='word_1_431' title='bbox 2630 2257 2694 2322; x_wconf 64' lang='grc'><strong><em>⁸.’</em></strong></span> <span class='ocrx_word' id='word_1_432' title='bbox 2718 2268 2892 2324; x_wconf 89' lang='lat' dir='ltr'><strong><em>Unqu</em></strong></span> <span class='ocrx_word' id='word_1_433' title='bbox 2939 2268 3103 2338; x_wconf 81' lang='lat' dir='ltr'><strong><em>igitur</em></strong></span> <span class='ocrx_word' id='word_1_434' title='bbox 3133 2267 3301 2322; x_wconf 89' lang='lat' dir='ltr'><strong><em>Deum</em></strong></span> <span class='ocrx_word' id='word_1_435' title='bbox 3335 2305 3350 2328; x_wconf 94' lang='lat'><strong><em>,</em></strong></span> 
     </span>
    </p>
   </div>
   <div class='ocr_carea' id='block_1_54' title="bbox 1774 2356 3352 2428">
    <p class='ocr_par' dir='ltr' id='par_1_54' title="bbox 1774 2356 3352 2428">
     <span class='ocr_line' id='line_1_54' title="bbox 1774 2356 3352 2428; baseline 0.003 -20"><span class='ocrx_word' id='word_1_436' title='bbox 1774 2364 1832 2409; x_wconf 89' lang='lat' dir='ltr'><strong><em>ut</em></strong></span> <span class='ocrx_word' id='word_1_437' title='bbox 1883 2356 2190 2424; x_wconf 76' lang='lat' dir='ltr'><strong><em>explicavi,</em></strong></span> <span class='ocrx_word' id='word_1_438' title='bbox 2234 2358 2450 2414; x_wconf 86' lang='lat' dir='ltr'><strong><em>Patrem</em></strong></span> <span class='ocrx_word' id='word_1_439' title='bbox 2508 2369 2564 2414; x_wconf 87' lang='lat' dir='ltr'><strong><em>et</em></strong></span> <span class='ocrx_word' id='word_1_440' title='bbox 2618 2360 2816 2416; x_wconf 89' lang='lat' dir='ltr'><strong><em>Filium</em></strong></span> <span class='ocrx_word' id='word_1_441' title='bbox 2868 2360 3135 2426; x_wconf 86' lang='lat' dir='ltr'><strong><em>colimus,</em></strong></span> <span class='ocrx_word' id='word_1_442' title='bbox 3189 2369 3352 2428; x_wconf 88' lang='lat' dir='ltr'><strong><em>atque</em></strong></span> 
     </span>
    </p>
   </div>
   <div class='ocr_carea' id='block_1_55' title="bbox 1772 2449 3350 2520">
    <p class='ocr_par' dir='ltr' id='par_1_55' title="bbox 1772 2449 3350 2520">
     <span class='ocr_line' id='line_1_55' title="bbox 1772 2449 3350 2520; baseline 0.003 -18"><span class='ocrx_word' id='word_1_443' title='bbox 1772 2449 1908 2503; x_wconf 86' lang='lat' dir='ltr'><strong><em>adeo</em></strong></span> <span class='ocrx_word' id='word_1_444' title='bbox 1932 2449 2090 2505; x_wconf 90' lang='lat' dir='ltr'><strong><em>nobis</em></strong></span> <span class='ocrx_word' id='word_1_445' title='bbox 2123 2459 2308 2506; x_wconf 88' lang='lat' dir='ltr'><strong><em>manet</em></strong></span> <span class='ocrx_word' id='word_1_446' title='bbox 2344 2461 2536 2506; x_wconf 89' lang='lat' dir='ltr'><strong><em>contra</em></strong></span> <span class='ocrx_word' id='word_1_447' title='bbox 2581 2453 2716 2508; x_wconf 88' lang='lat' dir='ltr'><strong><em>alios</em></strong></span> <span class='ocrx_word' id='word_1_448' title='bbox 2749 2453 2928 2508; x_wconf 85' lang='lat' dir='ltr'><strong><em>valida</em></strong></span> <span class='ocrx_word' id='word_1_449' title='bbox 2968 2453 3139 2520; x_wconf 82' lang='lat' dir='ltr'><strong><em>ratio;</em></strong></span> <span class='ocrx_word' id='word_1_450' title='bbox 3176 2467 3350 2520; x_wconf 83' lang='lat' dir='ltr'><strong><em>neque</em></strong></span> 
     </span>
    </p>
   </div>
   <div class='ocr_carea' id='block_1_56' title="bbox 1772 2541 3347 2618">
    <p class='ocr_par' dir='ltr' id='par_1_56' title="bbox 1772 2541 3347 2618">
     <span class='ocr_line' id='line_1_56' title="bbox 1772 2541 3347 2618; baseline 0.002 -20"><span class='ocrx_word' id='word_1_451' title='bbox 1772 2541 2052 2600; x_wconf 88' lang='lat' dir='ltr'><strong><em>hominem</em></strong></span> <span class='ocrx_word' id='word_1_452' title='bbox 2079 2545 2393 2614; x_wconf 87' lang='lat' dir='ltr'><strong><em>nuperrime</em></strong></span> <span class='ocrx_word' id='word_1_453' title='bbox 2414 2557 2662 2602; x_wconf 85' lang='lat' dir='ltr'><strong><em>exortum</em></strong></span> <span class='ocrx_word' id='word_1_454' title='bbox 2691 2557 2746 2602; x_wconf 91' lang='lat' dir='ltr'><strong><em>et</em></strong></span> <span class='ocrx_word' id='word_1_455' title='bbox 2772 2549 2864 2618; x_wconf 87' lang='lat' dir='ltr'><strong><em>qui</em></strong></span> <span class='ocrx_word' id='word_1_456' title='bbox 2891 2557 3048 2603; x_wconf 86' lang='lat' dir='ltr'><strong><em>antea</em></strong></span> <span class='ocrx_word' id='word_1_457' title='bbox 3083 2564 3186 2602; x_wconf 84' lang='lat' dir='ltr'><strong><em>non</em></strong></span> <span class='ocrx_word' id='word_1_458' title='bbox 3210 2558 3347 2615; x_wconf 82' lang='lat' dir='ltr'><strong><em>erat,</em></strong></span> 
     </span>
    </p>
   </div>
   <div class='ocr_carea' id='block_1_57' title="bbox 1775 2638 3348 2712">
    <p class='ocr_par' dir='ltr' id='par_1_57' title="bbox 1775 2638 3348 2712">
     <span class='ocr_line' id='line_1_57' title="bbox 1775 2638 3348 2712; baseline -0.001 -19"><span class='ocrx_word' id='word_1_459' title='bbox 1775 2655 1988 2693; x_wconf 91' lang='lat' dir='ltr'><strong><em>summa</em></strong></span> <span class='ocrx_word' id='word_1_460' title='bbox 2021 2640 2376 2695; x_wconf 84' lang='lat' dir='ltr'><strong><em>veneratione</em></strong></span> <span class='ocrx_word' id='word_1_461' title='bbox 2428 2638 3158 2712; x_wconf 60' lang='lat' dir='ltr'><strong><em>prosequimurJCredimus</em></strong></span> <span class='ocrx_word' id='word_1_462' title='bbox 3203 2639 3348 2694; x_wconf 82' lang='lat' dir='ltr'><strong><em>enim</em></strong></span> 
     </span>
    </p>
   </div>
   <div class='ocr_carea' id='block_1_58' title="bbox 1771 2715 3344 2804">
    <p class='ocr_par' dir='ltr' id='par_1_58' title="bbox 1771 2715 3344 2804">
     <span class='ocr_line' id='line_1_58' title="bbox 1771 2715 3344 2804; baseline -0.001 -18"><span class='ocrx_word' id='word_1_463' title='bbox 1771 2731 2010 2786; x_wconf 89' lang='lat' dir='ltr'><strong><em>dicenti:</em></strong></span> <span class='ocrx_word' id='word_1_464' title='bbox 2043 2732 2337 2801; x_wconf 85' lang='lat' dir='ltr'><strong><em>Antequam</em></strong></span> <span class='ocrx_word' id='word_1_465' title='bbox 2384 2733 2648 2787; x_wconf 78' lang='lat' dir='ltr'><strong><em>Abraham</em></strong></span> <span class='ocrx_word' id='word_1_466' title='bbox 2690 2734 2838 2804; x_wconf 79' lang='lat' dir='ltr'><strong><em>ﬁeret</em></strong></span> <span class='ocrx_word' id='word_1_467' title='bbox 2864 2774 2880 2799; x_wconf 89' lang='lat'><strong><em>,</em></strong></span> <span class='ocrx_word' id='word_1_468' title='bbox 2903 2715 3012 2802; x_wconf 44' lang='lat' dir='ltr'><strong><em>rego</em></strong></span> <span class='ocrx_word' id='word_1_469' title='bbox 3036 2749 3153 2785; x_wconf 87' lang='lat' dir='ltr'><strong><em>sum</em></strong></span> <span class='ocrx_word' id='word_1_470' title='bbox 3176 2732 3215 2797; x_wconf 62' lang='lat'><strong><em>5;</em></strong></span> <span class='ocrx_word' id='word_1_471' title='bbox 3245 2739 3300 2786; x_wconf 91' lang='lat' dir='ltr'><strong><em>et</em></strong></span> <span class='ocrx_word' id='word_1_472' title='bbox 3327 2748 3344 2784; x_wconf 89' lang='lat'><strong><em>:</em></strong></span> 
     </span>
    </p>
   </div>
   <div class='ocr_carea' id='block_1_59' title="bbox 1771 2821 3346 2896">
    <p class='ocr_par' dir='ltr' id='par_1_59' title="bbox 1771 2821 3346 2896">
     <span class='ocr_line' id='line_1_59' title="bbox 1771 2821 3346 2896; baseline -0.001 -20"><span class='ocrx_word' id='word_1_473' title='bbox 1771 2821 1888 2892; x_wconf 90' lang='lat' dir='ltr'><strong><em>Ego</em></strong></span> <span class='ocrx_word' id='word_1_474' title='bbox 1954 2840 2074 2878; x_wconf 84' lang='lat' dir='ltr'><strong><em>sum</em></strong></span> <span class='ocrx_word' id='word_1_475' title='bbox 2129 2826 2324 2879; x_wconf 83' lang='lat' dir='ltr'><strong><em>veritas</em></strong></span> <span class='ocrx_word' id='word_1_476' title='bbox 2383 2827 2428 2881; x_wconf 82' lang='grc'><strong><em>⁷.</em></strong></span> <span class='ocrx_word' id='word_1_477' title='bbox 2495 2825 2684 2896; x_wconf 85' lang='lat' dir='ltr'><strong><em>Neque</em></strong></span> <span class='ocrx_word' id='word_1_478' title='bbox 2741 2825 3031 2896; x_wconf 87' lang='lat' dir='ltr'><strong><em>quisquam</em></strong></span> <span class='ocrx_word' id='word_1_479' title='bbox 3096 2834 3346 2880; x_wconf 85' lang='lat' dir='ltr'><strong><em>nostrum</em></strong></span> 
     </span>
    </p>
   </div>
   <div class='ocr_carea' id='block_1_60' title="bbox 1769 2915 3350 2989">
    <p class='ocr_par' dir='ltr' id='par_1_60' title="bbox 1769 2915 3350 2989">
     <span class='ocr_line' id='line_1_60' title="bbox 1769 2915 3350 2989; baseline -0.001 -18"><span class='ocrx_word' id='word_1_480' title='bbox 1769 2915 1928 2988; x_wconf 75' lang='lat'><strong><em>751</em></strong></span> <span class='ocrx_word' id='word_1_481' title='bbox 1971 2927 2080 2972; x_wconf 88' lang='lat' dir='ltr'><strong><em>tam</em></strong></span> <span class='ocrx_word' id='word_1_482' title='bbox 2109 2916 2306 2986; x_wconf 83' lang='lat' dir='ltr'><strong><em>abjecti</em></strong></span> <span class='ocrx_word' id='word_1_483' title='bbox 2337 2919 2538 2989; x_wconf 80' lang='lat' dir='ltr'><strong><em>ingenii</em></strong></span> <span class='ocrx_word' id='word_1_484' title='bbox 2571 2928 2651 2974; x_wconf 91' lang='lat' dir='ltr'><strong><em>est</em></strong></span> <span class='ocrx_word' id='word_1_485' title='bbox 2693 2928 2750 2971; x_wconf 90' lang='lat' dir='ltr'><strong><em>ut</em></strong></span> <span class='ocrx_word' id='word_1_486' title='bbox 2778 2918 3054 2972; x_wconf 87' lang='lat' dir='ltr'><strong><em>existimet</em></strong></span> <span class='ocrx_word' id='word_1_487' title='bbox 3094 2919 3350 2971; x_wconf 90' lang='lat' dir='ltr'><strong><em>substan-</em></strong></span> 
     </span>
    </p>
   </div>
   <div class='ocr_carea' id='block_1_61' title="bbox 1772 3009 3351 3082">
    <p class='ocr_par' dir='ltr' id='par_1_61' title="bbox 1772 3009 3351 3082">
     <span class='ocr_line' id='line_1_61' title="bbox 1772 3009 3351 3082; baseline -0.001 -17"><span class='ocrx_word' id='word_1_488' title='bbox 1772 3011 1902 3065; x_wconf 86' lang='lat' dir='ltr'><strong><em>tiam</em></strong></span> <span class='ocrx_word' id='word_1_489' title='bbox 1937 3012 2186 3066; x_wconf 80' lang='lat' dir='ltr'><strong><em>veritatis</em></strong></span> <span class='ocrx_word' id='word_1_490' title='bbox 2215 3027 2322 3067; x_wconf 90' lang='lat' dir='ltr'><strong><em>non</em></strong></span> <span class='ocrx_word' id='word_1_491' title='bbox 2358 3023 2488 3066; x_wconf 86' lang='lat' dir='ltr'><strong><em>ante</em></strong></span> <span class='ocrx_word' id='word_1_492' title='bbox 2522 3021 2764 3082; x_wconf 86' lang='lat' dir='ltr'><strong><em>tempora</em></strong></span> <span class='ocrx_word' id='word_1_493' title='bbox 2794 3011 2887 3064; x_wconf 90' lang='lat' dir='ltr'><strong><em>illa</em></strong></span> <span class='ocrx_word' id='word_1_494' title='bbox 2917 3010 3084 3065; x_wconf 81' lang='lat' dir='ltr'><strong><em>fuisse</em></strong></span> <span class='ocrx_word' id='word_1_495' title='bbox 3104 3053 3118 3076; x_wconf 92' lang='lat'><strong><em>,</em></strong></span> <span class='ocrx_word' id='word_1_496' title='bbox 3150 3009 3351 3078; x_wconf 82' lang='lat' dir='ltr'><strong><em>quibus</em></strong></span> 
     </span>
    </p>
   </div>
   <div class='ocr_carea' id='block_1_62' title="bbox 1769 3101 3348 3173">
    <p class='ocr_par' dir='ltr' id='par_1_62' title="bbox 1769 3101 3348 3173">
     <span class='ocr_line' id='line_1_62' title="bbox 1769 3101 3348 3173; baseline -0.003 -17"><span class='ocrx_word' id='word_1_497' title='bbox 1769 3101 2020 3157; x_wconf 89' lang='lat' dir='ltr'><strong><em>Christus</em></strong></span> <span class='ocrx_word' id='word_1_498' title='bbox 2042 3103 2191 3157; x_wconf 89' lang='lat' dir='ltr'><strong><em>visus</em></strong></span> <span class='ocrx_word' id='word_1_499' title='bbox 2227 3113 2334 3158; x_wconf 85' lang='lat' dir='ltr'><strong><em>est.</em></strong></span> <span class='ocrx_word' id='word_1_500' title='bbox 2364 3103 2610 3158; x_wconf 89' lang='lat' dir='ltr'><strong><em>Colimus</em></strong></span> <span class='ocrx_word' id='word_1_501' title='bbox 2659 3103 2825 3173; x_wconf 83' lang='lat' dir='ltr'><strong><em>igitur</em></strong></span> <span class='ocrx_word' id='word_1_502' title='bbox 2850 3101 3070 3156; x_wconf 84' lang='lat' dir='ltr'><strong><em>Patrem</em></strong></span> <span class='ocrx_word' id='word_1_503' title='bbox 3097 3101 3348 3155; x_wconf 80' lang='lat' dir='ltr'><strong><em>veritatis</em></strong></span> 
     </span>
    </p>
   </div>
   <div class='ocr_carea' id='block_1_63' title="bbox 79 3168 1664 3264">
    <p class='ocr_par' dir='ltr' id='par_1_63' title="bbox 79 3168 1664 3264">
     <span class='ocr_line' id='line_1_63' title="bbox 79 3168 1664 3264; baseline 0.002 -20"><span class='ocrx_word' id='word_1_504' title='bbox 79 3168 192 3245; x_wconf 71' lang='lat' dir='ltr'><strong><em>i‘ibv</em></strong></span> <span class='ocrx_word' id='word_1_505' title='bbox 219 3193 316 3263; x_wconf 76' lang='grc' dir='ltr'><strong>τὴν</strong></span> <span class='ocrx_word' id='word_1_506' title='bbox 339 3168 604 3263; x_wconf 64' lang='grc' dir='ltr'>ἀλήθειαν</span> <span class='ocrx_word' id='word_1_507' title='bbox 633 3190 764 3262; x_wconf 69' lang='grc'>(42),</span> <span class='ocrx_word' id='word_1_508' title='bbox 795 3168 923 3244; x_wconf 78' lang='grc' dir='ltr'>ὄντα</span> <span class='ocrx_word' id='word_1_509' title='bbox 961 3168 1063 3245; x_wconf 22' lang='grc' dir='ltr'>δύο.</span> <span class='ocrx_word' id='word_1_510' title='bbox 1091 3194 1159 3262; x_wconf 86' lang='grc' dir='ltr'>τῇ</span> <span class='ocrx_word' id='word_1_511' title='bbox 1202 3168 1494 3246; x_wconf 76' lang='grc' dir='ltr'>ὑποστάσει</span> <span class='ocrx_word' id='word_1_512' title='bbox 1523 3193 1664 3264; x_wconf 82' lang='grc' dir='ltr'><strong><em>πρά-</em></strong></span> 
     </span>
    </p>
   </div>
   <div class='ocr_carea' id='block_1_64' title="bbox 1768 3168 3351 3264">
    <p class='ocr_par' dir='ltr' id='par_1_64' title="bbox 1768 3168 3351 3264">
     <span class='ocr_line' id='line_1_64' title="bbox 1768 3168 3351 3264; baseline -0.003 -16"><span class='ocrx_word' id='word_1_513' title='bbox 1768 3201 1823 3248; x_wconf 91' lang='lat' dir='ltr'><strong><em>et</em></strong></span> <span class='ocrx_word' id='word_1_514' title='bbox 1848 3193 2043 3250; x_wconf 86' lang='lat' dir='ltr'><strong><em>Filium</em></strong></span> <span class='ocrx_word' id='word_1_515' title='bbox 2080 3197 2387 3260; x_wconf 88' lang='lat' dir='ltr'><strong><em>veritatem,</em></strong></span> <span class='ocrx_word' id='word_1_516' title='bbox 2414 3210 2532 3264; x_wconf 72' lang='lat' dir='ltr'><strong><em>qua:</em></strong></span> <span class='ocrx_word' id='word_1_517' title='bbox 2559 3168 2792 3250; x_wconf 49' lang='lat' dir='ltr'><strong><em>duae—res</em></strong></span> <span class='ocrx_word' id='word_1_518' title='bbox 2818 3201 2945 3248; x_wconf 90' lang='lat' dir='ltr'><strong><em>sunt</em></strong></span> <span class='ocrx_word' id='word_1_519' title='bbox 2972 3191 3144 3260; x_wconf 87' lang='lat' dir='ltr'><strong><em>quoad</em></strong></span> <span class='ocrx_word' id='word_1_520' title='bbox 3171 3191 3351 3262; x_wconf 81' lang='lat' dir='ltr'><strong><em>hypo-</em></strong></span> 
     </span>
    </p>
   </div>
   <div class='ocr_carea' id='block_1_65' title="bbox 77 3283 1668 3358">
    <p class='ocr_par' dir='ltr' id='par_1_65' title="bbox 77 3283 1668 3358">
     <span class='ocr_line' id='line_1_65' title="bbox 77 3283 1668 3358; baseline 0.014 -28"><span class='ocrx_word' id='word_1_521' title='bbox 77 3302 273 3355; x_wconf 75' lang='grc' dir='ltr'>γματα,</span> <span class='ocrx_word' id='word_1_522' title='bbox 312 3284 372 3337; x_wconf 80' lang='grc' dir='ltr'><strong><em>ἓν</em></strong></span> <span class='ocrx_word' id='word_1_523' title='bbox 401 3284 459 3336; x_wconf 81' lang='grc' dir='ltr'><strong><em>δὲ</em></strong></span> <span class='ocrx_word' id='word_1_524' title='bbox 487 3287 554 3355; x_wconf 85' lang='grc' dir='ltr'><strong><em>τῇ</em></strong></span> <span class='ocrx_word' id='word_1_525' title='bbox 589 3285 830 3356; x_wconf 74' lang='grc' dir='ltr'>ὁμονοία,</span> <span class='ocrx_word' id='word_1_526' title='bbox 883 3284 975 3337; x_wconf 74' lang='grc' dir='ltr'>καὶ</span> <span class='ocrx_word' id='word_1_527' title='bbox 1016 3285 1082 3354; x_wconf 81' lang='grc' dir='ltr'><strong><em>τῇ</em></strong></span> <span class='ocrx_word' id='word_1_528' title='bbox 1129 3285 1436 3358; x_wconf 78' lang='grc' dir='ltr'><strong><em>συμφωνίᾳ,</em></strong></span> <span class='ocrx_word' id='word_1_529' title='bbox 1470 3285 1563 3338; x_wconf 67' lang='grc' dir='ltr'><strong><em>καὶ</em></strong></span> <span class='ocrx_word' id='word_1_530' title='bbox 1593 3283 1668 3354; x_wconf 69' lang='grc' dir='ltr'><strong><em>τῇ</em></strong></span> 
     </span>
    </p>
   </div>
   <div class='ocr_carea' id='block_1_66' title="bbox 76 3375 1668 3448">
    <p class='ocr_par' dir='ltr' id='par_1_66' title="bbox 76 3375 1668 3448">
     <span class='ocr_line' id='line_1_66' title="bbox 76 3375 1668 3448; baseline 0 -18"><span class='ocrx_word' id='word_1_531' title='bbox 76 3379 376 3445; x_wconf 83' lang='grc' dir='ltr'>ταυτότητι</span> <span class='ocrx_word' id='word_1_532' title='bbox 421 3375 519 3429; x_wconf 78' lang='grc' dir='ltr'><strong><em>τοῦ</em></strong></span> <span class='ocrx_word' id='word_1_533' title='bbox 568 3375 909 3447; x_wconf 78' lang='grc' dir='ltr'>βουλήματος</span> <span class='ocrx_word' id='word_1_534' title='bbox 933 3393 946 3406; x_wconf 75' lang='grc'><strong><em>⁸</em></strong></span> <span class='ocrx_word' id='word_1_535' title='bbox 985 3376 1062 3439; x_wconf 86' lang='grc' dir='ltr'>ὡς</span> <span class='ocrx_word' id='word_1_536' title='bbox 1104 3377 1196 3430; x_wconf 86' lang='grc' dir='ltr'>τὸν</span> <span class='ocrx_word' id='word_1_537' title='bbox 1243 3376 1525 3448; x_wconf 82' lang='grc' dir='ltr'>ἑωρακότα</span> <span class='ocrx_word' id='word_1_538' title='bbox 1575 3376 1668 3431; x_wconf 86' lang='grc' dir='ltr'>τὸν</span> 
     </span>
    </p>
   </div>
   <div class='ocr_carea' id='block_1_67' title="bbox 77 3464 1668 3537">
    <p class='ocr_par' dir='ltr' id='par_1_67' title="bbox 77 3464 1668 3537">
     <span class='ocr_line' id='line_1_67' title="bbox 77 3464 1668 3537; baseline 0 -17"><span class='ocrx_word' id='word_1_539' title='bbox 77 3466 209 3533; x_wconf 79' lang='grc' dir='ltr'>Υἱὸν,</span> <span class='ocrx_word' id='word_1_540' title='bbox 245 3468 375 3522; x_wconf 77' lang='grc' dir='ltr'>ὄντα</span> <span class='ocrx_word' id='word_1_541' title='bbox 405 3468 775 3537; x_wconf 74' lang='grc' dir='ltr'>ἀπαύγασμα</span> <span class='ocrx_word' id='word_1_542' title='bbox 816 3465 925 3532; x_wconf 85' lang='grc' dir='ltr'><strong><em>τῆς</em></strong></span> <span class='ocrx_word' id='word_1_543' title='bbox 967 3465 1152 3535; x_wconf 77' lang='grc' dir='ltr'>δόξης</span> <span class='ocrx_word' id='word_1_544' title='bbox 1183 3465 1282 3520; x_wconf 81' lang='grc' dir='ltr'><strong><em>καὶ</em></strong></span> <span class='ocrx_word' id='word_1_545' title='bbox 1327 3464 1668 3536; x_wconf 57' lang='grc' dir='ltr'>χαραξτῆρα</span> 
     </span>
    </p>
   </div>
   <div class='ocr_carea' id='block_1_68' title="bbox 77 3558 1663 3632">
    <p class='ocr_par' dir='ltr' id='par_1_68' title="bbox 77 3558 1663 3632">
     <span class='ocr_line' id='line_1_68' title="bbox 77 3558 1663 3632; baseline -0.001 -19"><span class='ocrx_word' id='word_1_546' title='bbox 77 3560 172 3629; x_wconf 82' lang='grc' dir='ltr'>τῆς</span> <span class='ocrx_word' id='word_1_547' title='bbox 217 3559 624 3626; x_wconf 78' lang='grc' dir='ltr'>ὑποστάσεως</span> <span class='ocrx_word' id='word_1_548' title='bbox 681 3559 776 3612; x_wconf 80' lang='grc' dir='ltr'><strong><em>τοῦ</em></strong></span> <span class='ocrx_word' id='word_1_549' title='bbox 825 3558 984 3626; x_wconf 78' lang='grc' dir='ltr'>θεοῦ,</span> <span class='ocrx_word' id='word_1_550' title='bbox 1034 3561 1338 3632; x_wconf 80' lang='grc' dir='ltr'><strong><em>ἑωρακέναι</em></strong></span> <span class='ocrx_word' id='word_1_551' title='bbox 1381 3562 1440 3612; x_wconf 86' lang='grc' dir='ltr'>ὲν</span> <span class='ocrx_word' id='word_1_552' title='bbox 1493 3559 1663 3631; x_wconf 79' lang='grc' dir='ltr'>αὐτῷ,</span> 
     </span>
    </p>
   </div>
   <div class='ocr_carea' id='block_1_69' title="bbox 72 3651 994 3724">
    <p class='ocr_par' dir='ltr' id='par_1_69' title="bbox 72 3651 994 3724">
     <span class='ocr_line' id='line_1_69' title="bbox 72 3651 994 3724; baseline -0.002 -18"><span class='ocrx_word' id='word_1_553' title='bbox 72 3651 173 3708; x_wconf 72' lang='grc' dir='ltr'>ὄντι</span> <span class='ocrx_word' id='word_1_554' title='bbox 201 3654 373 3707; x_wconf 74' lang='grc' dir='ltr'>εἰκόνι</span> <span class='ocrx_word' id='word_1_555' title='bbox 402 3651 690 3724; x_wconf 56' lang='grc' dir='ltr'>τοῦβεοῦ,</span> <span class='ocrx_word' id='word_1_556' title='bbox 721 3653 810 3706; x_wconf 82' lang='grc' dir='ltr'><strong><em>τὸν</em></strong></span> <span class='ocrx_word' id='word_1_557' title='bbox 843 3652 994 3705; x_wconf 79' lang='grc' dir='ltr'>Θεόν.</span> 
     </span>
    </p>
   </div>
   <div class='ocr_carea' id='block_1_70' title="bbox 135 3743 1664 3815">
    <p class='ocr_par' dir='ltr' id='par_1_70' title="bbox 135 3743 1664 3815">
     <span class='ocr_line' id='line_1_70' title="bbox 135 3743 1664 3815; baseline -0.001 -15"><span class='ocrx_word' id='word_1_558' title='bbox 135 3743 241 3800; x_wconf 73' lang='grc' dir='ltr'><strong><em>εἶτ’</em></strong></span> <span class='ocrx_word' id='word_1_559' title='bbox 295 3747 475 3802; x_wconf 79' lang='grc' dir='ltr'>οἴεται</span> <span class='ocrx_word' id='word_1_560' title='bbox 530 3746 599 3800; x_wconf 82' lang='grc' dir='ltr'><strong><em>ἐκ</em></strong></span> <span class='ocrx_word' id='word_1_561' title='bbox 646 3745 752 3800; x_wconf 86' lang='grc' dir='ltr'>τοῦ</span> <span class='ocrx_word' id='word_1_562' title='bbox 791 3745 1146 3814; x_wconf 81' lang='grc' dir='ltr'>θρησκεύειν</span> <span class='ocrx_word' id='word_1_563' title='bbox 1181 3743 1340 3814; x_wconf 72' lang='grc' dir='ltr'>ἡμᾶς</span> <span class='ocrx_word' id='word_1_564' title='bbox 1375 3744 1526 3815; x_wconf 86' lang='grc' dir='ltr'>μετὰ</span> <span class='ocrx_word' id='word_1_565' title='bbox 1557 3743 1664 3799; x_wconf 84' lang='grc' dir='ltr'>τοῦ</span> 
     </span>
    </p>
   </div>
   <div class='ocr_carea' id='block_1_71' title="bbox 74 3835 1662 3908">
    <p class='ocr_par' dir='ltr' id='par_1_71' title="bbox 74 3835 1662 3908">
     <span class='ocr_line' id='line_1_71' title="bbox 74 3835 1662 3908; baseline 0 -16"><span class='ocrx_word' id='word_1_566' title='bbox 74 3841 207 3895; x_wconf 82' lang='grc' dir='ltr'>Θεοῦ</span> <span class='ocrx_word' id='word_1_567' title='bbox 242 3841 353 3895; x_wconf 74' lang='grc' dir='ltr'><strong><em>τὸν</em></strong></span> <span class='ocrx_word' id='word_1_568' title='bbox 390 3840 532 3895; x_wconf 81' lang='grc' dir='ltr'><em>Υὶὸν</em></span> <span class='ocrx_word' id='word_1_569' title='bbox 560 3839 744 3894; x_wconf 80' lang='grc' dir='ltr'>αὐτοῦ</span> <span class='ocrx_word' id='word_1_570' title='bbox 765 3837 1122 3893; x_wconf 71' lang='grc' dir='ltr'><strong><em>ἀκολουθεῖν</em></strong></span> <span class='ocrx_word' id='word_1_571' title='bbox 1144 3838 1289 3908; x_wconf 76' lang='grc' dir='ltr'>ἡμῖν</span> <span class='ocrx_word' id='word_1_572' title='bbox 1316 3837 1382 3891; x_wconf 80' lang='grc' dir='ltr'><strong><em>τὸ</em></strong></span> <span class='ocrx_word' id='word_1_573' title='bbox 1412 3838 1512 3892; x_wconf 78' lang='grc' dir='ltr'><strong><em>καὶ</em></strong></span> <span class='ocrx_word' id='word_1_574' title='bbox 1530 3835 1662 3892; x_wconf 82' lang='grc' dir='ltr'>καθ’</span> 
     </span>
    </p>
   </div>
   <div class='ocr_carea' id='block_1_72' title="bbox 72 3930 1661 4004">
    <p class='ocr_par' dir='ltr' id='par_1_72' title="bbox 72 3930 1661 4004">
     <span class='ocr_line' id='line_1_72' title="bbox 72 3930 1661 4004; baseline -0.001 -18"><span class='ocrx_word' id='word_1_575' title='bbox 72 3933 213 4003; x_wconf 58' lang='lat' dir='ltr'><strong><em>ripae</em></strong></span> <span class='ocrx_word' id='word_1_576' title='bbox 240 3937 313 3989; x_wconf 87' lang='grc' dir='ltr'><strong><em>οὺ</em></strong></span> <span class='ocrx_word' id='word_1_577' title='bbox 338 3935 538 4004; x_wconf 78' lang='grc' dir='ltr'>μόνον</span> <span class='ocrx_word' id='word_1_578' title='bbox 577 3932 684 3986; x_wconf 74' lang='grc' dir='ltr'><strong><em>τὸν</em></strong></span> <span class='ocrx_word' id='word_1_579' title='bbox 726 3931 895 3997; x_wconf 74' lang='grc' dir='ltr'><em>Θεὸν,</em></span> <span class='ocrx_word' id='word_1_580' title='bbox 931 3932 1092 3986; x_wconf 70' lang='grc' dir='ltr'><strong><em>ἀλλὰ</em></strong></span> <span class='ocrx_word' id='word_1_581' title='bbox 1119 3931 1218 3985; x_wconf 80' lang='grc' dir='ltr'><strong><em>καὶ</em></strong></span> <span class='ocrx_word' id='word_1_582' title='bbox 1260 3931 1403 3997; x_wconf 85' lang='grc' dir='ltr'>τοὺς</span> <span class='ocrx_word' id='word_1_583' title='bbox 1438 3930 1661 3999; x_wconf 76' lang='grc' dir='ltr'><strong><em>ὑπηρέ-</em></strong></span> 
     </span>
    </p>
   </div>
   <div class='ocr_carea' id='block_1_73' title="bbox 73 4020 1664 4096">
    <p class='ocr_par' dir='ltr' id='par_1_73' title="bbox 73 4020 1664 4096">
     <span class='ocr_line' id='line_1_73' title="bbox 73 4020 1664 4096; baseline -0.002 -15"><span class='ocrx_word' id='word_1_584' title='bbox 73 4045 165 4095; x_wconf 78' lang='grc' dir='ltr'><strong><em>τας</em></strong></span> <span class='ocrx_word' id='word_1_585' title='bbox 204 4029 396 4083; x_wconf 83' lang='grc' dir='ltr'>αὐτοῦ</span> <span class='ocrx_word' id='word_1_586' title='bbox 451 4027 900 4096; x_wconf 76' lang='grc' dir='ltr'>θεραπεύεσθαι.</span> <span class='ocrx_word' id='word_1_587' title='bbox 938 4026 1001 4079; x_wconf 78' lang='grc' dir='ltr'><strong>Εἰ</strong></span> <span class='ocrx_word' id='word_1_588' title='bbox 1050 4026 1148 4096; x_wconf 82' lang='grc' dir='ltr'>μὲν</span> <span class='ocrx_word' id='word_1_589' title='bbox 1200 4020 1292 4080; x_wconf 77' lang='grc' dir='ltr'>οὖν</span> <span class='ocrx_word' id='word_1_590' title='bbox 1351 4026 1488 4078; x_wconf 82' lang='grc' dir='ltr'>ἐνόει</span> <span class='ocrx_word' id='word_1_591' title='bbox 1534 4026 1664 4088; x_wconf 75' lang='grc' dir='ltr'>τοὺς</span> 
     </span>
    </p>
   </div>
   <div class='ocr_carea' id='block_1_74' title="bbox 73 4116 1660 4192">
    <p class='ocr_par' dir='ltr' id='par_1_74' title="bbox 73 4116 1660 4192">
     <span class='ocr_line' id='line_1_74' title="bbox 73 4116 1660 4192; baseline -0.002 -19"><span class='ocrx_word' id='word_1_592' title='bbox 73 4120 275 4192; x_wconf 48' lang='lat' dir='ltr'><strong><em>algeo;</em></strong></span> <span class='ocrx_word' id='word_1_593' title='bbox 316 4120 604 4192; x_wconf 77' lang='grc' dir='ltr'>ὑπηρέτας</span> <span class='ocrx_word' id='word_1_594' title='bbox 648 4117 741 4171; x_wconf 81' lang='grc' dir='ltr'><strong><em>τοῦ</em></strong></span> <span class='ocrx_word' id='word_1_595' title='bbox 787 4117 922 4170; x_wconf 72' lang='grc' dir='ltr'>Θεοῦ</span> <span class='ocrx_word' id='word_1_596' title='bbox 961 4116 1099 4188; x_wconf 82' lang='grc' dir='ltr'>μετά</span> <span class='ocrx_word' id='word_1_597' title='bbox 1133 4119 1225 4171; x_wconf 86' lang='grc' dir='ltr'><strong><em>τὸν</em></strong></span> <span class='ocrx_word' id='word_1_598' title='bbox 1264 4116 1542 4188; x_wconf 82' lang='grc' dir='ltr'>Μονογενῆ</span> <span class='ocrx_word' id='word_1_599' title='bbox 1566 4117 1660 4170; x_wconf 82' lang='grc' dir='ltr'><strong><em>τοῦ</em></strong></span> 
     </span>
    </p>
   </div>
   <div class='ocr_carea' id='block_1_75' title="bbox 72 4209 1661 4284">
    <p class='ocr_par' dir='ltr' id='par_1_75' title="bbox 72 4209 1661 4284">
     <span class='ocr_line' id='line_1_75' title="bbox 72 4209 1661 4284; baseline -0.001 -21"><span class='ocrx_word' id='word_1_600' title='bbox 72 4213 208 4278; x_wconf 67' lang='grc' dir='ltr'>θεοῦ,</span> <span class='ocrx_word' id='word_1_601' title='bbox 246 4215 338 4269; x_wconf 77' lang='grc' dir='ltr'>τὸν</span> <span class='ocrx_word' id='word_1_602' title='bbox 371 4212 637 4284; x_wconf 77' lang='grc' dir='ltr'>Γαϐριὴλ,</span> <span class='ocrx_word' id='word_1_603' title='bbox 692 4211 786 4264; x_wconf 73' lang='grc' dir='ltr'><strong><em>καὶ</em></strong></span> <span class='ocrx_word' id='word_1_604' title='bbox 825 4210 918 4263; x_wconf 84' lang='grc' dir='ltr'>τὸν</span> <span class='ocrx_word' id='word_1_605' title='bbox 965 4209 1203 4282; x_wconf 79' lang='grc' dir='ltr'>Μιχαὴλ,</span> <span class='ocrx_word' id='word_1_606' title='bbox 1252 4211 1345 4263; x_wconf 73' lang='grc' dir='ltr'><strong><em>καὶ</em></strong></span> <span class='ocrx_word' id='word_1_607' title='bbox 1384 4211 1512 4272; x_wconf 82' lang='grc' dir='ltr'>τοὺς</span> <span class='ocrx_word' id='word_1_608' title='bbox 1551 4209 1661 4262; x_wconf 87' lang='grc' dir='ltr'>λοι-</span> 
     </span>
    </p>
   </div>
   <div class='ocr_carea' id='block_1_76' title="bbox 75 4299 1660 4376">
    <p class='ocr_par' dir='ltr' id='par_1_76' title="bbox 75 4299 1660 4376">
     <span class='ocr_line' id='line_1_76' title="bbox 75 4299 1660 4376; baseline -0.002 -21"><span class='ocrx_word' id='word_1_609' title='bbox 75 4307 190 4370; x_wconf 52' lang='lat' dir='ltr'><strong><em>mit;</em></strong></span> <span class='ocrx_word' id='word_1_610' title='bbox 217 4305 509 4376; x_wconf 80' lang='grc' dir='ltr'>ἀγγέλους,</span> <span class='ocrx_word' id='word_1_611' title='bbox 547 4302 918 4374; x_wconf 77' lang='grc' dir='ltr'>ἀρχαγγέλους</span> <span class='ocrx_word' id='word_1_612' title='bbox 946 4300 1079 4371; x_wconf 67' lang='grc'><strong><em>(45),</em></strong></span> <span class='ocrx_word' id='word_1_613' title='bbox 1114 4302 1208 4354; x_wconf 76' lang='grc' dir='ltr'><strong><em>καὶ</em></strong></span> <span class='ocrx_word' id='word_1_614' title='bbox 1250 4300 1474 4364; x_wconf 81' lang='grc' dir='ltr'>τούτους</span> <span class='ocrx_word' id='word_1_615' title='bbox 1507 4299 1660 4370; x_wconf 79' lang='grc' dir='ltr'>ἔλεγε</span> 
     </span>
    </p>
   </div>
   <div class='ocr_carea' id='block_1_77' title="bbox 72 4389 1660 4469">
    <p class='ocr_par' dir='ltr' id='par_1_77' title="bbox 72 4389 1660 4469">
     <span class='ocr_line' id='line_1_77' title="bbox 72 4389 1660 4469; baseline -0.001 -23"><span class='ocrx_word' id='word_1_616' title='bbox 72 4393 164 4448; x_wconf 83' lang='grc' dir='ltr'>δεῖν</span> <span class='ocrx_word' id='word_1_617' title='bbox 189 4394 625 4469; x_wconf 79' lang='grc' dir='ltr'>θεραπεύεσθαι·</span> <span class='ocrx_word' id='word_1_618' title='bbox 662 4395 796 4456; x_wconf 79' lang='grc' dir='ltr'>ἴσως</span> <span class='ocrx_word' id='word_1_619' title='bbox 822 4392 888 4446; x_wconf 80' lang='grc' dir='ltr'><strong><em>ἂν</em></strong></span> <span class='ocrx_word' id='word_1_620' title='bbox 916 4391 976 4444; x_wconf 84' lang='grc' dir='ltr'>τὸ</span> <span class='ocrx_word' id='word_1_621' title='bbox 1019 4391 1147 4462; x_wconf 75' lang='grc' dir='ltr'>περὶ</span> <span class='ocrx_word' id='word_1_622' title='bbox 1184 4389 1278 4444; x_wconf 81' lang='grc' dir='ltr'><strong><em>τοῦ</em></strong></span> <span class='ocrx_word' id='word_1_623' title='bbox 1313 4392 1660 4460; x_wconf 75' lang='grc' dir='ltr'>θεραπεύειν</span> 
     </span>
    </p>
   </div>
   <div class='ocr_carea' id='block_1_78' title="bbox 71 4481 1656 4560">
    <p class='ocr_par' dir='ltr' id='par_1_78' title="bbox 71 4481 1656 4560">
     <span class='ocr_line' id='line_1_78' title="bbox 71 4481 1656 4560; baseline -0.001 -22"><span class='ocrx_word' id='word_1_624' title='bbox 71 4487 216 4542; x_wconf 72' lang='grc' dir='ltr'>αὐτοῦ</span> <span class='ocrx_word' id='word_1_625' title='bbox 249 4487 658 4560; x_wconf 83' lang='grc' dir='ltr'>σημαινόμενον</span> <span class='ocrx_word' id='word_1_626' title='bbox 688 4483 1090 4556; x_wconf 75' lang='grc' dir='ltr'>ἐκκαθήραντες</span> <span class='ocrx_word' id='word_1_627' title='bbox 1117 4483 1249 4554; x_wconf 68' lang='grc'>(4-4),</span> <span class='ocrx_word' id='word_1_628' title='bbox 1280 4483 1376 4537; x_wconf 73' lang='grc' dir='ltr'>καὶ</span> <span class='ocrx_word' id='word_1_629' title='bbox 1417 4482 1525 4537; x_wconf 81' lang='grc' dir='ltr'>τῶν</span> <span class='ocrx_word' id='word_1_630' title='bbox 1562 4481 1656 4537; x_wconf 80' lang='grc' dir='ltr'><strong><em>τοῦ</em></strong></span> 
     </span>
    </p>
   </div>
   <div class='ocr_carea' id='block_1_79' title="bbox 130 4622 1121 4689">
    <p class='ocr_par' dir='ltr' id='par_1_79' title="bbox 130 4622 1121 4689">
     <span class='ocr_line' id='line_1_79' title="bbox 130 4622 1121 4689; baseline -0.004 -7"><span class='ocrx_word' id='word_1_631' title='bbox 130 4627 148 4660; x_wconf 81' lang='grc'>¹</span> <span class='ocrx_word' id='word_1_632' title='bbox 176 4627 333 4682; x_wconf 82' lang='lat' dir='ltr'><strong><em>Joan.</em></strong></span> <span class='ocrx_word' id='word_1_633' title='bbox 362 4643 416 4689; x_wconf 64' lang='grc' dir='ltr'>κ,</span> <span class='ocrx_word' id='word_1_634' title='bbox 449 4624 540 4679; x_wconf 72' lang='grc'><strong><em>50.</em></strong></span> <span class='ocrx_word' id='word_1_635' title='bbox 629 4622 832 4679; x_wconf 76' lang='lat' dir='ltr'><strong><em>&quot;Joan.</em></strong></span> <span class='ocrx_word' id='word_1_636' title='bbox 860 4639 993 4677; x_wconf 84' lang='lat' dir='ltr'><strong><em>xvn.</em></strong></span> <span class='ocrx_word' id='word_1_637' title='bbox 1027 4623 1121 4678; x_wconf 74' lang='lat'><strong><em>22.</em></strong></span> 
     </span>
    </p>
   </div>
   <div class='ocr_carea' id='block_1_80' title="bbox 73 4693 1277 4764">
    <p class='ocr_par' dir='ltr' id='par_1_80' title="bbox 73 4693 1277 4764">
     <span class='ocr_line' id='line_1_80' title="bbox 73 4693 1277 4764; baseline 0.001 -16"><span class='ocrx_word' id='word_1_638' title='bbox 73 4712 172 4764; x_wconf 72' lang='lat' dir='ltr'><strong><em>rut,</em></strong></span> <span class='ocrx_word' id='word_1_639' title='bbox 199 4699 290 4752; x_wconf 81' lang='lat'><strong><em>58.</em></strong></span> <span class='ocrx_word' id='word_1_640' title='bbox 368 4698 389 4728; x_wconf 89' lang='grc'><strong>⁷</strong></span> <span class='ocrx_word' id='word_1_641' title='bbox 425 4694 585 4749; x_wconf 80' lang='lat' dir='ltr'><strong><em>Joau.</em></strong></span> <span class='ocrx_word' id='word_1_642' title='bbox 622 4711 732 4760; x_wconf 79' lang='lat' dir='ltr'><strong><em>xw,</em></strong></span> <span class='ocrx_word' id='word_1_643' title='bbox 767 4694 820 4751; x_wconf 88' lang='grc'><strong><em>6.</em></strong></span> <span class='ocrx_word' id='word_1_644' title='bbox 897 4695 920 4725; x_wconf 84' lang='grc'>⁸</span> <span class='ocrx_word' id='word_1_645' title='bbox 960 4693 1124 4750; x_wconf 88' lang='lat' dir='ltr'><strong><em>llebr.</em></strong></span> <span class='ocrx_word' id='word_1_646' title='bbox 1161 4711 1200 4759; x_wconf 82' lang='grc' dir='ltr'><strong><em>ι,</em></strong></span> <span class='ocrx_word' id='word_1_647' title='bbox 1225 4696 1277 4749; x_wconf 81' lang='grc'><strong>5.</strong></span> 
     </span>
    </p>
   </div>
   <div class='ocr_carea' id='block_1_81' title="bbox 1223 4624 2071 4693">
    <p class='ocr_par' dir='ltr' id='par_1_81' title="bbox 1223 4624 2071 4693">
     <span class='ocr_line' id='line_1_81' title="bbox 1223 4624 2071 4693; baseline 0 -13"><span class='ocrx_word' id='word_1_648' title='bbox 1223 4624 1244 4656; x_wconf 87' lang='grc'>³</span> <span class='ocrx_word' id='word_1_649' title='bbox 1268 4625 1425 4680; x_wconf 77' lang='lat' dir='ltr'><strong><em>Joan.</em></strong></span> <span class='ocrx_word' id='word_1_650' title='bbox 1453 4638 1570 4687; x_wconf 82' lang='lat' dir='ltr'><strong><em>xw.</em></strong></span> <span class='ocrx_word' id='word_1_651' title='bbox 1603 4624 1696 4690; x_wconf 78' lang='grc' dir='ltr'>Η,</span> <span class='ocrx_word' id='word_1_652' title='bbox 1733 4638 1788 4681; x_wconf 90' lang='lat' dir='ltr'><strong><em>et</em></strong></span> <span class='ocrx_word' id='word_1_653' title='bbox 1817 4642 1948 4693; x_wconf 83' lang='lat' dir='ltr'><strong><em>xvn,</em></strong></span> <span class='ocrx_word' id='word_1_654' title='bbox 1978 4626 2071 4680; x_wconf 70' lang='grc'><strong>21.</strong></span> 
     </span>
    </p>
   </div>
   <div class='ocr_carea' id='block_1_82' title="bbox 1771 3283 3347 3350">
    <p class='ocr_par' dir='ltr' id='par_1_82' title="bbox 1771 3283 3347 3350">
     <span class='ocr_line' id='line_1_82' title="bbox 1771 3283 3347 3350; baseline -0.004 -11"><span class='ocrx_word' id='word_1_655' title='bbox 1771 3285 1988 3350; x_wconf 86' lang='lat' dir='ltr'><strong><em>stasim,</em></strong></span> <span class='ocrx_word' id='word_1_656' title='bbox 2023 3301 2129 3340; x_wconf 91' lang='lat' dir='ltr'><strong><em>una</em></strong></span> <span class='ocrx_word' id='word_1_657' title='bbox 2165 3301 2296 3340; x_wconf 90' lang='lat' dir='ltr'><strong><em>vero</em></strong></span> <span class='ocrx_word' id='word_1_658' title='bbox 2341 3285 2706 3342; x_wconf 88' lang='lat' dir='ltr'><strong><em>consensione</em></strong></span> <span class='ocrx_word' id='word_1_659' title='bbox 2736 3294 2792 3342; x_wconf 88' lang='lat' dir='ltr'><strong><em>et</em></strong></span> <span class='ocrx_word' id='word_1_660' title='bbox 2842 3283 3138 3340; x_wconf 88' lang='lat' dir='ltr'><strong><em>concordia</em></strong></span> <span class='ocrx_word' id='word_1_661' title='bbox 3165 3294 3220 3338; x_wconf 89' lang='lat' dir='ltr'><strong><em>et</em></strong></span> <span class='ocrx_word' id='word_1_662' title='bbox 3251 3298 3347 3335; x_wconf 79' lang='lat' dir='ltr'><strong><em>vo-</em></strong></span> 
     </span>
    </p>
   </div>
   <div class='ocr_carea' id='block_1_83' title="bbox 1769 3374 3347 3446">
    <p class='ocr_par' dir='ltr' id='par_1_83' title="bbox 1769 3374 3347 3446">
     <span class='ocr_line' id='line_1_83' title="bbox 1769 3374 3347 3446; baseline 0.001 -18"><span class='ocrx_word' id='word_1_663' title='bbox 1769 3374 1994 3432; x_wconf 87' lang='lat' dir='ltr'><strong><em>luntatis</em></strong></span> <span class='ocrx_word' id='word_1_664' title='bbox 2027 3377 2303 3430; x_wconf 85' lang='lat' dir='ltr'><strong><em>identitate</em></strong></span> <span class='ocrx_word' id='word_1_665' title='bbox 2332 3396 2352 3445; x_wconf 82' lang='lat'><strong><em>,-</em></strong></span> <span class='ocrx_word' id='word_1_666' title='bbox 2387 3378 2459 3431; x_wconf 87' lang='lat' dir='ltr'><strong><em>ita</em></strong></span> <span class='ocrx_word' id='word_1_667' title='bbox 2497 3387 2556 3432; x_wconf 86' lang='lat' dir='ltr'><strong><em>ut</em></strong></span> <span class='ocrx_word' id='word_1_668' title='bbox 2590 3377 2681 3446; x_wconf 88' lang='lat' dir='ltr'><strong><em>qui</em></strong></span> <span class='ocrx_word' id='word_1_669' title='bbox 2718 3377 2852 3432; x_wconf 88' lang='lat' dir='ltr'><strong><em>vidit</em></strong></span> <span class='ocrx_word' id='word_1_670' title='bbox 2883 3376 3109 3440; x_wconf 86' lang='lat' dir='ltr'><strong><em>Filium,</em></strong></span> <span class='ocrx_word' id='word_1_671' title='bbox 3142 3377 3233 3446; x_wconf 92' lang='lat' dir='ltr'><strong><em>qui</em></strong></span> <span class='ocrx_word' id='word_1_672' title='bbox 3261 3387 3347 3432; x_wconf 82' lang='lat' dir='ltr'><strong><em>est</em></strong></span> 
     </span>
    </p>
   </div>
   <div class='ocr_carea' id='block_1_84' title="bbox 1765 3468 3342 3540">
    <p class='ocr_par' dir='ltr' id='par_1_84' title="bbox 1765 3468 3342 3540">
     <span class='ocr_line' id='line_1_84' title="bbox 1765 3468 3342 3540; baseline 0.001 -18"><span class='ocrx_word' id='word_1_673' title='bbox 1765 3468 2015 3538; x_wconf 72' lang='lat' dir='ltr'><strong><em>splendor</em></strong></span> <span class='ocrx_word' id='word_1_674' title='bbox 2040 3469 2224 3540; x_wconf 78' lang='lat' dir='ltr'><strong><em>gloria:</em></strong></span> <span class='ocrx_word' id='word_1_675' title='bbox 2257 3482 2302 3524; x_wconf 91' lang='lat' dir='ltr'><strong><em>et</em></strong></span> <span class='ocrx_word' id='word_1_676' title='bbox 2332 3470 2504 3539; x_wconf 83' lang='lat' dir='ltr'><strong><em>ﬁgura</em></strong></span> <span class='ocrx_word' id='word_1_677' title='bbox 2531 3471 2844 3526; x_wconf 74' lang='lat' dir='ltr'><strong><em>substantia:</em></strong></span> <span class='ocrx_word' id='word_1_678' title='bbox 2876 3471 2972 3526; x_wconf 90' lang='lat' dir='ltr'><strong><em>Dei</em></strong></span> <span class='ocrx_word' id='word_1_679' title='bbox 2995 3469 3040 3537; x_wconf 83' lang='grc'>⁸,</span> <span class='ocrx_word' id='word_1_680' title='bbox 3067 3469 3113 3525; x_wconf 89' lang='lat' dir='ltr'><strong><em>is</em></strong></span> <span class='ocrx_word' id='word_1_681' title='bbox 3147 3469 3202 3524; x_wconf 87' lang='lat' dir='ltr'><strong><em>in</em></strong></span> <span class='ocrx_word' id='word_1_682' title='bbox 3226 3469 3342 3538; x_wconf 90' lang='lat' dir='ltr'><strong><em>illo,</em></strong></span> 
     </span>
    </p>
   </div>
   <div class='ocr_carea' id='block_1_85' title="bbox 1767 3563 2918 3634">
    <p class='ocr_par' dir='ltr' id='par_1_85' title="bbox 1767 3563 2918 3634">
     <span class='ocr_line' id='line_1_85' title="bbox 1767 3563 2918 3634; baseline 0.003 -17"><span class='ocrx_word' id='word_1_683' title='bbox 1767 3565 1858 3634; x_wconf 93' lang='lat' dir='ltr'><strong><em>qui</em></strong></span> <span class='ocrx_word' id='word_1_684' title='bbox 1887 3564 1981 3618; x_wconf 88' lang='lat' dir='ltr'><strong><em>Dei</em></strong></span> <span class='ocrx_word' id='word_1_685' title='bbox 2018 3563 2198 3634; x_wconf 84' lang='lat' dir='ltr'><strong><em>imago</em></strong></span> <span class='ocrx_word' id='word_1_686' title='bbox 2224 3574 2325 3630; x_wconf 89' lang='lat' dir='ltr'><strong><em>est,</em></strong></span> <span class='ocrx_word' id='word_1_687' title='bbox 2358 3565 2554 3620; x_wconf 81' lang='lat' dir='ltr'><strong><em>viderit</em></strong></span> <span class='ocrx_word' id='word_1_688' title='bbox 2593 3574 2650 3621; x_wconf 89' lang='lat' dir='ltr'><strong><em>et</em></strong></span> <span class='ocrx_word' id='word_1_689' title='bbox 2677 3563 2918 3621; x_wconf 87' lang='lat' dir='ltr'><strong><em>Patrem.</em></strong></span> 
     </span>
    </p>
   </div>
   <div class='ocr_carea' id='block_1_86' title="bbox 1838 3743 3341 3820">
    <p class='ocr_par' dir='ltr' id='par_1_86' title="bbox 1838 3743 3341 3820">
     <span class='ocr_line' id='line_1_86' title="bbox 1838 3743 3341 3820; baseline 0.002 -22"><span class='ocrx_word' id='word_1_690' title='bbox 1838 3744 1930 3799; x_wconf 76' lang='grc'><strong><em>15.</em></strong></span> <span class='ocrx_word' id='word_1_691' title='bbox 1958 3743 2162 3800; x_wconf 87' lang='lat' dir='ltr'><strong><em>Deinde</em></strong></span> <span class='ocrx_word' id='word_1_692' title='bbox 2189 3753 2343 3815; x_wconf 88' lang='lat' dir='ltr'><strong><em>putat</em></strong></span> <span class='ocrx_word' id='word_1_693' title='bbox 2375 3762 2440 3800; x_wconf 72' lang='lat' dir='ltr'><strong><em>ex</em></strong></span> <span class='ocrx_word' id='word_1_694' title='bbox 2459 3762 2540 3810; x_wconf 92' lang='lat' dir='ltr'><strong><em>eo,</em></strong></span> <span class='ocrx_word' id='word_1_695' title='bbox 2569 3746 2708 3815; x_wconf 80' lang='lat' dir='ltr'><strong><em>quod</em></strong></span> <span class='ocrx_word' id='word_1_696' title='bbox 2733 3762 2852 3801; x_wconf 86' lang='lat' dir='ltr'><strong><em>cum</em></strong></span> <span class='ocrx_word' id='word_1_697' title='bbox 2873 3745 2980 3799; x_wconf 90' lang='lat' dir='ltr'><strong><em>Deo</em></strong></span> <span class='ocrx_word' id='word_1_698' title='bbox 3001 3743 3202 3799; x_wconf 84' lang='lat' dir='ltr'><strong><em>Filium</em></strong></span> <span class='ocrx_word' id='word_1_699' title='bbox 3218 3746 3341 3820; x_wconf 78' lang='lat' dir='ltr'><strong><em>eius</em></strong></span> 
     </span>
    </p>
   </div>
   <div class='ocr_carea' id='block_1_87' title="bbox 1765 3835 3344 3909">
    <p class='ocr_par' dir='ltr' id='par_1_87' title="bbox 1765 3835 3344 3909">
     <span class='ocr_line' id='line_1_87' title="bbox 1765 3835 3344 3909; baseline 0.001 -19"><span class='ocrx_word' id='word_1_700' title='bbox 1765 3835 2029 3902; x_wconf 85' lang='lat' dir='ltr'><strong><em>colamus,</em></strong></span> <span class='ocrx_word' id='word_1_701' title='bbox 2057 3855 2374 3909; x_wconf 83' lang='lat' dir='ltr'><strong><em>consequens</em></strong></span> <span class='ocrx_word' id='word_1_702' title='bbox 2407 3855 2520 3892; x_wconf 87' lang='lat' dir='ltr'><strong><em>esse</em></strong></span> <span class='ocrx_word' id='word_1_703' title='bbox 2547 3847 2604 3890; x_wconf 86' lang='lat' dir='ltr'><strong><em>ut</em></strong></span> <span class='ocrx_word' id='word_1_704' title='bbox 2648 3854 2754 3891; x_wconf 86' lang='lat' dir='ltr'><strong><em>non</em></strong></span> <span class='ocrx_word' id='word_1_705' title='bbox 2793 3836 2964 3891; x_wconf 89' lang='lat' dir='ltr'><strong><em>Deum</em></strong></span> <span class='ocrx_word' id='word_1_706' title='bbox 3000 3837 3200 3900; x_wconf 87' lang='lat' dir='ltr'><strong><em>solum,</em></strong></span> <span class='ocrx_word' id='word_1_707' title='bbox 3248 3843 3344 3892; x_wconf 75' lang='lat' dir='ltr'><strong><em>sed</em></strong></span> 
     </span>
    </p>
   </div>
   <div class='ocr_carea' id='block_1_88' title="bbox 1763 3928 3344 3999">
    <p class='ocr_par' dir='ltr' id='par_1_88' title="bbox 1763 3928 3344 3999">
     <span class='ocr_line' id='line_1_88' title="bbox 1763 3928 3344 3999; baseline 0 -16"><span class='ocrx_word' id='word_1_708' title='bbox 1763 3929 1922 3983; x_wconf 87' lang='lat' dir='ltr'><strong><em>etiam</em></strong></span> <span class='ocrx_word' id='word_1_709' title='bbox 1950 3929 2064 3999; x_wconf 86' lang='lat' dir='ltr'><strong><em>ejus</em></strong></span> <span class='ocrx_word' id='word_1_710' title='bbox 2090 3931 2364 3987; x_wconf 85' lang='lat' dir='ltr'><strong><em>ministros</em></strong></span> <span class='ocrx_word' id='word_1_711' title='bbox 2391 3933 2637 3987; x_wconf 85' lang='lat' dir='ltr'><strong><em>colendos</em></strong></span> <span class='ocrx_word' id='word_1_712' title='bbox 2667 3949 2780 3986; x_wconf 87' lang='lat' dir='ltr'><strong><em>esse</em></strong></span> <span class='ocrx_word' id='word_1_713' title='bbox 2809 3933 3122 3987; x_wconf 76' lang='lat' dir='ltr'><strong><em>sentiamus.</em></strong></span> <span class='ocrx_word' id='word_1_714' title='bbox 3159 3928 3219 3984; x_wconf 90' lang='lat' dir='ltr'><strong><em>Si</em></strong></span> <span class='ocrx_word' id='word_1_715' title='bbox 3256 3929 3344 3983; x_wconf 92' lang='lat' dir='ltr'><strong><em>in-</em></strong></span> 
     </span>
    </p>
   </div>
   <div class='ocr_carea' id='block_1_89' title="bbox 1765 4021 3343 4092">
    <p class='ocr_par' dir='ltr' id='par_1_89' title="bbox 1765 4021 3343 4092">
     <span class='ocr_line' id='line_1_89' title="bbox 1765 4021 3343 4092; baseline 0 -18"><span class='ocrx_word' id='word_1_716' title='bbox 1765 4021 2067 4076; x_wconf 87' lang='lat' dir='ltr'><strong><em>tellexisset</em></strong></span> <span class='ocrx_word' id='word_1_717' title='bbox 2099 4022 2320 4092; x_wconf 89' lang='lat' dir='ltr'><strong><em>quinam</em></strong></span> <span class='ocrx_word' id='word_1_718' title='bbox 2377 4024 2487 4078; x_wconf 89' lang='lat' dir='ltr'><strong><em>sint</em></strong></span> <span class='ocrx_word' id='word_1_719' title='bbox 2527 4033 2648 4092; x_wconf 84' lang='lat' dir='ltr'><strong><em>post</em></strong></span> <span class='ocrx_word' id='word_1_720' title='bbox 2684 4022 2779 4077; x_wconf 90' lang='lat' dir='ltr'><strong><em>Dei</em></strong></span> <span class='ocrx_word' id='word_1_721' title='bbox 2832 4021 3184 4090; x_wconf 81' lang='lat' dir='ltr'><strong><em>Unigenitum</em></strong></span> <span class='ocrx_word' id='word_1_722' title='bbox 3212 4035 3343 4074; x_wconf 85' lang='lat' dir='ltr'><strong><em>vere</em></strong></span> 
     </span>
    </p>
   </div>
   <div class='ocr_carea' id='block_1_90' title="bbox 1765 4112 3344 4182">
    <p class='ocr_par' dir='ltr' id='par_1_90' title="bbox 1765 4112 3344 4182">
     <span class='ocr_line' id='line_1_90' title="bbox 1765 4112 3344 4182; baseline -0.001 -17"><span class='ocrx_word' id='word_1_723' title='bbox 1765 4113 2009 4169; x_wconf 89' lang='lat' dir='ltr'><strong><em>ministri</em></strong></span> <span class='ocrx_word' id='word_1_724' title='bbox 2047 4115 2164 4182; x_wconf 88' lang='lat' dir='ltr'><strong><em>Dei,</em></strong></span> <span class='ocrx_word' id='word_1_725' title='bbox 2200 4126 2256 4168; x_wconf 89' lang='lat' dir='ltr'><strong><em>ut</em></strong></span> <span class='ocrx_word' id='word_1_726' title='bbox 2279 4114 2526 4179; x_wconf 87' lang='lat' dir='ltr'><strong><em>Gabriel,</em></strong></span> <span class='ocrx_word' id='word_1_727' title='bbox 2563 4114 2824 4180; x_wconf 83' lang='lat' dir='ltr'><strong><em>Michael,</em></strong></span> <span class='ocrx_word' id='word_1_728' title='bbox 2853 4125 2908 4170; x_wconf 89' lang='lat' dir='ltr'><strong><em>et</em></strong></span> <span class='ocrx_word' id='word_1_729' title='bbox 2936 4114 3026 4168; x_wconf 89' lang='lat' dir='ltr'><strong><em>alii</em></strong></span> <span class='ocrx_word' id='word_1_730' title='bbox 3051 4112 3227 4182; x_wconf 82' lang='lat' dir='ltr'><strong><em>angeli</em></strong></span> <span class='ocrx_word' id='word_1_731' title='bbox 3258 4122 3344 4164; x_wconf 88' lang='lat' dir='ltr'><strong><em>at-</em></strong></span> 
     </span>
    </p>
   </div>
   <div class='ocr_carea' id='block_1_91' title="bbox 1766 4199 3342 4278">
    <p class='ocr_par' dir='ltr' id='par_1_91' title="bbox 1766 4199 3342 4278">
     <span class='ocr_line' id='line_1_91' title="bbox 1766 4199 3342 4278; baseline -0.003 -19"><span class='ocrx_word' id='word_1_732' title='bbox 1766 4199 1900 4274; x_wconf 55' lang='lat' dir='ltr'><strong><em>que&#39;</em></strong></span> <span class='ocrx_word' id='word_1_733' title='bbox 1930 4207 2269 4278; x_wconf 78' lang='lat' dir='ltr'><strong><em>archangeli,</em></strong></span> <span class='ocrx_word' id='word_1_734' title='bbox 2300 4217 2355 4262; x_wconf 91' lang='lat' dir='ltr'><strong><em>et</em></strong></span> <span class='ocrx_word' id='word_1_735' title='bbox 2389 4223 2482 4263; x_wconf 82' lang='lat' dir='ltr'><strong><em>eos</em></strong></span> <span class='ocrx_word' id='word_1_736' title='bbox 2510 4208 2774 4263; x_wconf 88' lang='lat' dir='ltr'><strong><em>colendos</em></strong></span> <span class='ocrx_word' id='word_1_737' title='bbox 2795 4221 2917 4262; x_wconf 90' lang='lat' dir='ltr'><strong><em>esse</em></strong></span> <span class='ocrx_word' id='word_1_738' title='bbox 2941 4205 3199 4268; x_wconf 76' lang='lat' dir='ltr'><strong><em>dixisset;</em></strong></span> <span class='ocrx_word' id='word_1_739' title='bbox 3233 4202 3342 4255; x_wconf 53' lang='lat' dir='ltr'><strong><em>for-</em></strong></span> 
     </span>
    </p>
   </div>
   <div class='ocr_carea' id='block_1_92' title="bbox 1762 4293 3341 4371">
    <p class='ocr_par' dir='ltr' id='par_1_92' title="bbox 1762 4293 3341 4371">
     <span class='ocr_line' id='line_1_92' title="bbox 1762 4293 3341 4371; baseline -0.004 -19"><span class='ocrx_word' id='word_1_740' title='bbox 1762 4306 1934 4362; x_wconf 87' lang='lat' dir='ltr'><strong><em>tasse,</em></strong></span> <span class='ocrx_word' id='word_1_741' title='bbox 1970 4299 2284 4369; x_wconf 88' lang='lat' dir='ltr'><strong><em>repurgatis</em></strong></span> <span class='ocrx_word' id='word_1_742' title='bbox 2306 4314 2427 4353; x_wconf 90' lang='lat' dir='ltr'><strong><em>cum</em></strong></span> <span class='ocrx_word' id='word_1_743' title='bbox 2453 4300 2849 4371; x_wconf 73' lang='lat' dir='ltr'><strong><em>signiﬁcatione</em></strong></span> <span class='ocrx_word' id='word_1_744' title='bbox 2882 4296 3026 4352; x_wconf 89' lang='lat' dir='ltr'><strong><em>illius</em></strong></span> <span class='ocrx_word' id='word_1_745' title='bbox 3060 4293 3208 4348; x_wconf 89' lang='lat' dir='ltr'><strong><em>vocis</em></strong></span> <span class='ocrx_word' id='word_1_746' title='bbox 3248 4309 3341 4346; x_wconf 85' lang='lat' dir='ltr'><strong><em>co-</em></strong></span> 
     </span>
    </p>
   </div>
   <div class='ocr_carea' id='block_1_93' title="bbox 1761 4385 3340 4461">
    <p class='ocr_par' dir='ltr' id='par_1_93' title="bbox 1761 4385 3340 4461">
     <span class='ocr_line' id='line_1_93' title="bbox 1761 4385 3340 4461; baseline -0.004 -17"><span class='ocrx_word' id='word_1_747' title='bbox 1761 4391 1888 4458; x_wconf 85' lang='lat' dir='ltr'><strong><em>lere,</em></strong></span> <span class='ocrx_word' id='word_1_748' title='bbox 1943 4401 2053 4443; x_wconf 90' lang='lat' dir='ltr'><strong><em>tum</em></strong></span> <span class='ocrx_word' id='word_1_749' title='bbox 2106 4391 2228 4461; x_wconf 88' lang='lat' dir='ltr'><strong><em>ejus</em></strong></span> <span class='ocrx_word' id='word_1_750' title='bbox 2275 4392 2366 4460; x_wconf 90' lang='lat' dir='ltr'><strong><em>qui</em></strong></span> <span class='ocrx_word' id='word_1_751' title='bbox 2400 4392 2532 4446; x_wconf 89' lang='lat' dir='ltr'><strong><em>colit</em></strong></span> <span class='ocrx_word' id='word_1_752' title='bbox 2575 4391 2793 4455; x_wconf 84' lang='lat' dir='ltr'><strong><em>ofﬁciis,</em></strong></span> <span class='ocrx_word' id='word_1_753' title='bbox 2830 4391 2937 4445; x_wconf 90' lang='lat' dir='ltr'><strong><em>hoc</em></strong></span> <span class='ocrx_word' id='word_1_754' title='bbox 2981 4389 3102 4443; x_wconf 91' lang='lat' dir='ltr'><strong><em>loco</em></strong></span> <span class='ocrx_word' id='word_1_755' title='bbox 3133 4401 3229 4456; x_wconf 86' lang='lat' dir='ltr'><strong><em>pro</em></strong></span> <span class='ocrx_word' id='word_1_756' title='bbox 3261 4385 3340 4438; x_wconf 89' lang='lat' dir='ltr'><strong><em>rei</em></strong></span> 
     </span>
    </p>
   </div>
   <div class='ocr_carea' id='block_1_94' title="bbox 1761 4481 3333 4553">
    <p class='ocr_par' dir='ltr' id='par_1_94' title="bbox 1761 4481 3333 4553">
     <span class='ocr_line' id='line_1_94' title="bbox 1761 4481 3333 4553; baseline -0.006 -17"><span class='ocrx_word' id='word_1_757' title='bbox 1761 4492 2040 4537; x_wconf 87' lang='lat' dir='ltr'><strong><em>momento</em></strong></span> <span class='ocrx_word' id='word_1_758' title='bbox 2067 4482 2370 4538; x_wconf 88' lang='lat' dir='ltr'><strong><em>attulissem</em></strong></span> <span class='ocrx_word' id='word_1_759' title='bbox 2399 4498 2464 4538; x_wconf 89' lang='lat' dir='ltr'><strong><em>ea</em></strong></span> <span class='ocrx_word' id='word_1_760' title='bbox 2493 4497 2618 4553; x_wconf 74' lang='lat' dir='ltr'><strong><em>qua:</em></strong></span> <span class='ocrx_word' id='word_1_761' title='bbox 2669 4482 2736 4537; x_wconf 89' lang='lat' dir='ltr'><strong><em>de</em></strong></span> <span class='ocrx_word' id='word_1_762' title='bbox 2760 4481 2865 4536; x_wconf 90' lang='lat' dir='ltr'><strong><em>hoc</em></strong></span> <span class='ocrx_word' id='word_1_763' title='bbox 2898 4487 3218 4550; x_wconf 86' lang='lat' dir='ltr'><strong><em>argumento</em></strong></span> <span class='ocrx_word' id='word_1_764' title='bbox 3248 4489 3333 4528; x_wconf 85' lang='lat' dir='ltr'><strong><em>as-</em></strong></span> 
     </span>
    </p>
   </div>
   <div class='ocr_carea' id='block_1_95' title="bbox 2146 4616 3343 4692">
    <p class='ocr_par' dir='ltr' id='par_1_95' title="bbox 2146 4616 3343 4692">
     <span class='ocr_line' id='line_1_95' title="bbox 2146 4616 3343 4692; baseline -0.007 -11"><span class='ocrx_word' id='word_1_765' title='bbox 2146 4623 2170 4656; x_wconf 73' lang='grc'>⁸</span> <span class='ocrx_word' id='word_1_766' title='bbox 2199 4625 2323 4680; x_wconf 87' lang='lat' dir='ltr'><strong><em>Act.</em></strong></span> <span class='ocrx_word' id='word_1_767' title='bbox 2353 4640 2429 4692; x_wconf 84' lang='lat' dir='ltr'><strong><em>tv,</em></strong></span> <span class='ocrx_word' id='word_1_768' title='bbox 2457 4623 2550 4680; x_wconf 69' lang='lat'><strong><em>52.</em></strong></span> <span class='ocrx_word' id='word_1_769' title='bbox 2655 4625 2676 4657; x_wconf 80' lang='grc'><strong><em>⁵</em></strong></span> <span class='ocrx_word' id='word_1_770' title='bbox 2698 4622 2856 4678; x_wconf 79' lang='lat' dir='ltr'><strong><em>Joan.</em></strong></span> <span class='ocrx_word' id='word_1_771' title='bbox 2890 4637 2944 4680; x_wconf 73' lang='grc' dir='ltr'><strong><em>χ.</em></strong></span> <span class='ocrx_word' id='word_1_772' title='bbox 2968 4619 3060 4674; x_wconf 77' lang='lat'><strong><em>30.</em></strong></span> <span class='ocrx_word' id='word_1_773' title='bbox 3136 4619 3158 4651; x_wconf 78' lang='grc'>⁸</span> <span class='ocrx_word' id='word_1_774' title='bbox 3182 4616 3343 4674; x_wconf 78' lang='lat' dir='ltr'><strong><em>Joan.</em></strong></span> 
     </span>
    </p>
   </div>
   <div class='ocr_carea' id='block_1_96' title="bbox 133 4825 1664 4914">
    <p class='ocr_par' dir='ltr' id='par_1_96' title="bbox 133 4829 1640 4914">
     <span class='ocr_line' id='line_1_96' title="bbox 133 4829 1640 4914; baseline -0.003 -24"><span class='ocrx_word' id='word_1_775' title='bbox 133 4836 238 4914; x_wconf 60' lang='lat'><strong><em>(&#39;58)</em></strong></span> <span class='ocrx_word' id='word_1_776' title='bbox 275 4829 783 4902; x_wconf 78' lang='grc' dir='ltr'>Παραστήσαντα.</span> <span class='ocrx_word' id='word_1_777' title='bbox 838 4829 1099 4886; x_wconf 85' lang='lat' dir='ltr'><strong><em>Gelenius</em></strong></span> <span class='ocrx_word' id='word_1_778' title='bbox 1145 4829 1345 4902; x_wconf 82' lang='lat' dir='ltr'><strong><em>legisse</em></strong></span> <span class='ocrx_word' id='word_1_779' title='bbox 1399 4831 1640 4898; x_wconf 86' lang='lat' dir='ltr'><strong><em>videtur,</em></strong></span> 
     </span>
    </p>
   </div>
   <div class='ocr_carea' id='block_1_97' title="bbox 1768 4825 3342 4914">
    <p class='ocr_par' dir='ltr' id='par_1_97' title="bbox 1768 4825 3342 4914">
     <span class='ocr_line' id='line_1_97' title="bbox 1768 4825 3342 4914; baseline -0.004 -28"><span class='ocrx_word' id='word_1_780' title='bbox 1768 4849 1905 4896; x_wconf 68' lang='grc' dir='ltr'>δντος</span> <span class='ocrx_word' id='word_1_781' title='bbox 1951 4833 2238 4914; x_wconf 51' lang='grc' dir='ltr'>πράξεως.</span> <span class='ocrx_word' id='word_1_782' title='bbox 2268 4829 2575 4914; x_wconf 45' lang='lat' dir='ltr'><strong><em>.Grotiushin</em></strong></span> <span class='ocrx_word' id='word_1_783' title='bbox 2615 4825 3148 4914; x_wconf 48' lang='lat' dir='ltr'><strong><em>Erplieat.i)lecalogi</em></strong></span> <span class='ocrx_word' id='word_1_784' title='bbox 3173 4841 3192 4879; x_wconf 89' lang='lat'><strong><em>:</em></strong></span> <span class='ocrx_word' id='word_1_785' title='bbox 3220 4825 3342 4880; x_wconf 82' lang='lat' dir='ltr'><strong><em>Non</em></strong></span> 
     </span>
    </p>
   </div>
   <div class='ocr_carea' id='block_1_98' title="bbox 71 4908 425 4975">
    <p class='ocr_par' dir='ltr' id='par_1_98' title="bbox 71 4908 425 4975">
     <span class='ocr_line' id='line_1_98' title="bbox 71 4908 425 4975; baseline -0.008 -16"><span class='ocrx_word' id='word_1_786' title='bbox 71 4908 425 4975; x_wconf 81' lang='grc' dir='ltr'>συστήσαντα.</span> 
     </span>
    </p>
   </div>
   <div class='ocr_carea' id='block_1_99' title="bbox 131 4971 1542 5045">
    <p class='ocr_par' dir='ltr' id='par_1_99' title="bbox 131 4971 1542 5045">
     <span class='ocr_line' id='line_1_99' title="bbox 131 4971 1542 5045; baseline -0.004 -13"><span class='ocrx_word' id='word_1_787' title='bbox 131 4971 236 5045; x_wconf 76' lang='grc'><strong><em>(59)</em></strong></span> <span class='ocrx_word' id='word_1_788' title='bbox 265 4973 617 5030; x_wconf 67' lang='lat' dir='ltr'><strong><em>lim-schelius</em></strong></span> <span class='ocrx_word' id='word_1_789' title='bbox 643 4973 694 5028; x_wconf 90' lang='lat' dir='ltr'><strong><em>in</em></strong></span> <span class='ocrx_word' id='word_1_790' title='bbox 737 4981 912 5038; x_wconf 77' lang='lat' dir='ltr'><strong><em>textu,</em></strong></span> <span class='ocrx_word' id='word_1_791' title='bbox 946 4972 1146 5044; x_wconf 79' lang='grc' dir='ltr'>ἀγενὴς</span> <span class='ocrx_word' id='word_1_792' title='bbox 1170 4971 1347 5040; x_wconf 82' lang='grc' dir='ltr'>λόγος,</span> <span class='ocrx_word' id='word_1_793' title='bbox 1377 4972 1542 5028; x_wconf 91' lang='lat' dir='ltr'><strong><em>male.</em></strong></span> 
     </span>
    </p>
   </div>
   <div class='ocr_carea' id='block_1_100' title="bbox 132 5055 1644 5129">
    <p class='ocr_par' dir='ltr' id='par_1_100' title="bbox 132 5055 1644 5129">
     <span class='ocr_line' id='line_1_100' title="bbox 132 5055 1644 5129; baseline -0.001 -17"><span class='ocrx_word' id='word_1_794' title='bbox 132 5059 239 5129; x_wconf 63' lang='lat'><strong><em>(40)</em></strong></span> <span class='ocrx_word' id='word_1_795' title='bbox 279 5061 377 5126; x_wconf 86' lang='grc' dir='ltr'>Ὠς</span> <span class='ocrx_word' id='word_1_796' title='bbox 412 5056 529 5126; x_wconf 74' lang='grc' dir='ltr'>ἐγὼ</span> <span class='ocrx_word' id='word_1_797' title='bbox 558 5056 657 5110; x_wconf 79' lang='grc' dir='ltr'><strong><em>καὶ</em></strong></span> <span class='ocrx_word' id='word_1_798' title='bbox 694 5056 775 5110; x_wconf 89' lang='grc' dir='ltr'>σὺ</span> <span class='ocrx_word' id='word_1_799' title='bbox 809 5056 879 5111; x_wconf 82' lang='grc' dir='ltr'><strong><em>ἓν</em></strong></span> <span class='ocrx_word' id='word_1_800' title='bbox 926 5057 1131 5126; x_wconf 76' lang='grc' dir='ltr'>ἐσμεν.</span> <span class='ocrx_word' id='word_1_801' title='bbox 1182 5055 1412 5127; x_wconf 83' lang='lat' dir='ltr'><strong><em>Vulgata</em></strong></span> <span class='ocrx_word' id='word_1_802' title='bbox 1447 5057 1644 5124; x_wconf 84' lang='lat' dir='ltr'><strong><em>Biblia,</em></strong></span> 
     </span>
    </p>
   </div>
   <div class='ocr_carea' id='block_1_101' title="bbox 72 5129 725 5202">
    <p class='ocr_par' dir='ltr' id='par_1_101' title="bbox 72 5129 725 5202">
     <span class='ocr_line' id='line_1_101' title="bbox 72 5129 725 5202; baseline 0.003 -22"><span class='ocrx_word' id='word_1_803' title='bbox 72 5129 234 5194; x_wconf 80' lang='grc' dir='ltr'>καθὼς</span> <span class='ocrx_word' id='word_1_804' title='bbox 265 5132 430 5202; x_wconf 83' lang='grc' dir='ltr'>ἡμεῖς</span> <span class='ocrx_word' id='word_1_805' title='bbox 452 5129 510 5182; x_wconf 74' lang='grc' dir='ltr'><strong><em>ἓν</em></strong></span> <span class='ocrx_word' id='word_1_806' title='bbox 538 5130 725 5198; x_wconf 80' lang='grc' dir='ltr'>ἐσμεν.</span> 
     </span>
    </p>
   </div>
   <div class='ocr_carea' id='block_1_102' title="bbox 134 5209 1644 5336">
    <p class='ocr_par' dir='ltr' id='par_1_102' title="bbox 134 5209 1644 5336">
     <span class='ocr_line' id='line_1_102' title="bbox 134 5209 1644 5336; baseline -0.001 -67"><span class='ocrx_word' id='word_1_807' title='bbox 134 5214 238 5285; x_wconf 67' lang='grc'><strong><em>(41)</em></strong></span> <span class='ocrx_word' id='word_1_808' title='bbox 265 5217 336 5268; x_wconf 79' lang='grc' dir='ltr'><strong><em>Εἰ</em></strong></span> <span class='ocrx_word' id='word_1_809' title='bbox 371 5212 440 5336; x_wconf 57' lang='lat' dir='ltr'><strong><em>ge</em></strong></span> <span class='ocrx_word' id='word_1_810' title='bbox 471 5229 565 5280; x_wconf 87' lang='grc' dir='ltr'><strong><em>τις</em></strong></span> <span class='ocrx_word' id='word_1_811' title='bbox 599 5213 669 5265; x_wconf 82' lang='grc' dir='ltr'><strong><em>ἐκ</em></strong></span> <span class='ocrx_word' id='word_1_812' title='bbox 712 5211 964 5266; x_wconf 80' lang='grc' dir='ltr'>τούτων.</span> <span class='ocrx_word' id='word_1_813' title='bbox 1023 5209 1155 5268; x_wconf 82' lang='lat' dir='ltr'><strong><em>Vide</em></strong></span> <span class='ocrx_word' id='word_1_814' title='bbox 1195 5215 1508 5288; x_wconf 84' lang='lat' dir='ltr'><strong><em>Origenian.</em></strong></span> <span class='ocrx_word' id='word_1_815' title='bbox 1549 5210 1644 5268; x_wconf 86' lang='lat' dir='ltr'><strong><em>lib.</em></strong></span> 
     </span>
     <span class='ocr_line' id='line_1_103' title="bbox 151 5297 636 5336; baseline 0 0"><span class='ocrx_word' id='word_1_816' title='bbox 151 5297 342 5336; x_wconf 69' lang='lat' dir='ltr'><strong><em>(tumst.</em></strong></span> <span class='ocrx_word' id='word_1_817' title='bbox 417 5324 430 5336; x_wconf 93' lang='lat'><strong><em>.</em></strong></span> <span class='ocrx_word' id='word_1_818' title='bbox 631 5298 636 5303; x_wconf 84' lang='lat'><em>&#39;</em></span> 
     </span>
    </p>
   </div>
   <div class='ocr_carea' id='block_1_103' title="bbox 75 5297 636 5351">
    <p class='ocr_par' dir='ltr' id='par_1_103' title="bbox 75 5297 636 5351">
     <span class='ocr_line' id='line_1_104' title="bbox 75 5297 636 5351; baseline 0.002 -16"><span class='ocrx_word' id='word_1_819' title='bbox 75 5297 130 5344; x_wconf 85' lang='lat' dir='ltr'><strong><em>It.</em></strong></span> <span class='ocrx_word' id='word_1_820' title='bbox 151 5297 342 5351; x_wconf 63' lang='lat' dir='ltr'><strong><em>quaest.</em></strong></span> <span class='ocrx_word' id='word_1_821' title='bbox 374 5297 430 5336; x_wconf 76' lang='lat'><strong><em>2.</em></strong></span> <span class='ocrx_word' id='word_1_822' title='bbox 631 5298 636 5303; x_wconf 81' lang='lat'><em>&#39;</em></span> 
     </span>
    </p>
   </div>
   <div class='ocr_carea' id='block_1_104' title="bbox 135 5365 1643 5441">
    <p class='ocr_par' dir='ltr' id='par_1_104' title="bbox 135 5365 1643 5441">
     <span class='ocr_line' id='line_1_105' title="bbox 135 5365 1643 5441; baseline -0.003 -20"><span class='ocrx_word' id='word_1_823' title='bbox 135 5368 243 5441; x_wconf 70' lang='grc'><strong><em>(42)</em></strong></span> <span class='ocrx_word' id='word_1_824' title='bbox 273 5370 438 5441; x_wconf 12' lang='lat' dir='ltr'><strong><em>frter</em></strong></span> <span class='ocrx_word' id='word_1_825' title='bbox 478 5366 596 5441; x_wconf 67' lang='grc' dir='ltr'><strong><em>τῂν</em></strong></span> <span class='ocrx_word' id='word_1_826' title='bbox 621 5366 952 5441; x_wconf 26' lang='grc' dir='ltr'>’ἀλήρειακ</span> <span class='ocrx_word' id='word_1_827' title='bbox 993 5365 1336 5441; x_wconf 63' lang='lat' dir='ltr'><strong><em>Horschelius</em></strong></span> <span class='ocrx_word' id='word_1_828' title='bbox 1366 5370 1418 5423; x_wconf 92' lang='lat' dir='ltr'><strong><em>in</em></strong></span> <span class='ocrx_word' id='word_1_829' title='bbox 1469 5375 1643 5441; x_wconf 66' lang='lat' dir='ltr'><strong><em>textu,</em></strong></span> 
     </span>
    </p>
   </div>
   <div class='ocr_carea' id='block_1_105' title="bbox 75 5436 1644 5506">
    <p class='ocr_par' dir='ltr' id='par_1_105' title="bbox 75 5436 1644 5506">
     <span class='ocr_line' id='line_1_106' title="bbox 75 5436 1644 5506; baseline 0.003 -21"><span class='ocrx_word' id='word_1_830' title='bbox 75 5447 121 5487; x_wconf 85' lang='lat' dir='ltr'><strong><em>et</em></strong></span> <span class='ocrx_word' id='word_1_831' title='bbox 147 5436 307 5494; x_wconf 78' lang='lat' dir='ltr'><strong><em>codd.</em></strong></span> <span class='ocrx_word' id='word_1_832' title='bbox 342 5455 475 5494; x_wconf 90' lang='lat' dir='ltr'><strong><em>mss.</em></strong></span> <span class='ocrx_word' id='word_1_833' title='bbox 503 5437 724 5506; x_wconf 80' lang='lat' dir='ltr'><strong><em>Regius,</em></strong></span> <span class='ocrx_word' id='word_1_834' title='bbox 753 5437 1102 5500; x_wconf 83' lang='lat' dir='ltr'><strong><em>Basileeusis,</em></strong></span> <span class='ocrx_word' id='word_1_835' title='bbox 1129 5437 1424 5495; x_wconf 80' lang='lat' dir='ltr'><strong><em>Vaticanus</em></strong></span> <span class='ocrx_word' id='word_1_836' title='bbox 1453 5449 1509 5492; x_wconf 89' lang='lat' dir='ltr'><strong><em>et</em></strong></span> <span class='ocrx_word' id='word_1_837' title='bbox 1532 5436 1644 5490; x_wconf 83' lang='lat' dir='ltr'><strong><em>An-</em></strong></span> 
     </span>
    </p>
   </div>
   <div class='ocr_carea' id='block_1_106' title="bbox 75 5506 1167 5580">
    <p class='ocr_par' dir='ltr' id='par_1_106' title="bbox 75 5506 1167 5580">
     <span class='ocr_line' id='line_1_107' title="bbox 75 5506 1167 5580; baseline 0.004 -23"><span class='ocrx_word' id='word_1_838' title='bbox 75 5506 314 5574; x_wconf 85' lang='lat' dir='ltr'><strong><em>glicanus</em></strong></span> <span class='ocrx_word' id='word_1_839' title='bbox 344 5510 580 5580; x_wconf 88' lang='lat' dir='ltr'><strong><em>primus,</em></strong></span> <span class='ocrx_word' id='word_1_840' title='bbox 608 5507 738 5560; x_wconf 85' lang='grc' dir='ltr'><strong><em>Υἱὸν</em></strong></span> <span class='ocrx_word' id='word_1_841' title='bbox 766 5507 868 5578; x_wconf 74' lang='grc' dir='ltr'>τῆς</span> <span class='ocrx_word' id='word_1_842' title='bbox 892 5507 1167 5578; x_wconf 80' lang='grc' dir='ltr'>ἀληθείας.</span> 
     </span>
    </p>
   </div>
   <div class='ocr_carea' id='block_1_107' title="bbox 139 5590 1652 5666">
    <p class='ocr_par' dir='ltr' id='par_1_107' title="bbox 139 5590 1652 5666">
     <span class='ocr_line' id='line_1_108' title="bbox 139 5590 1652 5666; baseline -0.014 0"><span class='ocrx_word' id='word_1_843' title='bbox 139 5592 252 5666; x_wconf 48' lang='grc' dir='ltr'><strong><em>(Ψ)</em></strong></span> <span class='ocrx_word' id='word_1_844' title='bbox 304 5592 658 5666; x_wconf 66' lang='grc' dir='ltr'><strong><em>Ἀγτέλινυςν</em></strong></span> <span class='ocrx_word' id='word_1_845' title='bbox 702 5590 1131 5666; x_wconf 59' lang='grc' dir='ltr'><strong><em>ᾁρχαγτέλους.</em></strong></span> <span class='ocrx_word' id='word_1_846' title='bbox 1167 5592 1401 5666; x_wconf 78' lang='lat' dir='ltr'><strong><em>Legend.</em></strong></span> <span class='ocrx_word' id='word_1_847' title='bbox 1433 5593 1652 5647; x_wconf 89' lang='lat' dir='ltr'><strong><em>videtur</em></strong></span> 
     </span>
    </p>
   </div>
   <div class='ocr_carea' id='block_1_108' title="bbox 76 5659 870 5735">
    <p class='ocr_par' dir='ltr' id='par_1_108' title="bbox 76 5659 870 5735">
     <span class='ocr_line' id='line_1_109' title="bbox 76 5659 870 5735; baseline 0.018 -23"><span class='ocrx_word' id='word_1_848' title='bbox 76 5659 324 5730; x_wconf 80' lang='grc' dir='ltr'>ἀγγέλους</span> <span class='ocrx_word' id='word_1_849' title='bbox 349 5659 442 5717; x_wconf 60' lang='grc' dir='ltr'>καὶ</span> <span class='ocrx_word' id='word_1_850' title='bbox 480 5659 870 5735; x_wconf 68' lang='grc' dir='ltr'>ἀρχαγγέλουςέ</span> 
     </span>
    </p>
   </div>
   <div class='ocr_carea' id='block_1_109' title="bbox 142 5744 1645 5815">
    <p class='ocr_par' dir='ltr' id='par_1_109' title="bbox 142 5744 1645 5815">
     <span class='ocr_line' id='line_1_110' title="bbox 142 5744 1645 5815; baseline 0.001 -18"><span class='ocrx_word' id='word_1_851' title='bbox 142 5744 246 5814; x_wconf 71' lang='grc' dir='ltr'><strong><em>(Η)</em></strong></span> <span class='ocrx_word' id='word_1_852' title='bbox 301 5747 796 5815; x_wconf 74' lang='grc' dir='ltr'>Ἐκκαθήρα-ντες,</span> <span class='ocrx_word' id='word_1_853' title='bbox 840 5755 943 5799; x_wconf 73' lang='lat' dir='ltr'><strong><em>etc.</em></strong></span> <span class='ocrx_word' id='word_1_854' title='bbox 989 5745 1186 5801; x_wconf 84' lang='lat' dir='ltr'><strong><em>Gnieto</em></strong></span> <span class='ocrx_word' id='word_1_855' title='bbox 1243 5749 1454 5801; x_wconf 75' lang='lat' dir='ltr'><strong><em>videtur</em></strong></span> <span class='ocrx_word' id='word_1_856' title='bbox 1507 5746 1645 5800; x_wconf 80' lang='lat' dir='ltr'><strong><em>forte</em></strong></span> 
     </span>
    </p>
   </div>
   <div class='ocr_carea' id='block_1_110' title="bbox 82 5816 1642 5890">
    <p class='ocr_par' dir='ltr' id='par_1_110' title="bbox 82 5816 1642 5890">
     <span class='ocr_line' id='line_1_111' title="bbox 82 5816 1642 5890; baseline 0.003 -25"><span class='ocrx_word' id='word_1_857' title='bbox 82 5818 411 5874; x_wconf 77' lang='lat' dir='ltr'><strong><em>scribendum</em></strong></span> <span class='ocrx_word' id='word_1_858' title='bbox 459 5818 857 5890; x_wconf 71' lang='grc' dir='ltr'>ἐκκαθήραντες</span> <span class='ocrx_word' id='word_1_859' title='bbox 890 5817 980 5873; x_wconf 70' lang='grc' dir='ltr'><strong><em>καὶ</em></strong></span> <span class='ocrx_word' id='word_1_860' title='bbox 1027 5818 1084 5870; x_wconf 74' lang='grc' dir='ltr'><strong><em>τὸ</em></strong></span> <span class='ocrx_word' id='word_1_861' title='bbox 1112 5819 1210 5890; x_wconf 69' lang='grc' dir='ltr'>τῆς</span> <span class='ocrx_word' id='word_1_862' title='bbox 1239 5820 1334 5873; x_wconf 75' lang='grc' dir='ltr'>τοῦ</span> <span class='ocrx_word' id='word_1_863' title='bbox 1379 5816 1642 5890; x_wconf 73' lang='grc' dir='ltr'>θεραπεύ-</span> 
     </span>
    </p>
   </div>
   <div class='ocr_carea' id='block_1_111' title="bbox 1749 4896 3341 4974">
    <p class='ocr_par' dir='ltr' id='par_1_111' title="bbox 1749 4896 3341 4974">
     <span class='ocr_line' id='line_1_112' title="bbox 1749 4896 3341 4974; baseline -0.005 -15"><span class='ocrx_word' id='word_1_864' title='bbox 1749 4913 1914 4974; x_wconf 87' lang='lat' dir='ltr'><strong><em>potest</em></strong></span> <span class='ocrx_word' id='word_1_865' title='bbox 1945 4896 2216 4958; x_wconf 39' lang='lat' dir='ltr'><strong><em>idem—dici</em></strong></span> <span class='ocrx_word' id='word_1_866' title='bbox 2235 4902 2308 4974; x_wconf 83' lang='lat' dir='ltr'><strong><em>de</em></strong></span> <span class='ocrx_word' id='word_1_867' title='bbox 2351 4899 2574 4974; x_wconf 79' lang='lat' dir='ltr'><strong><em>angelis,</em></strong></span> <span class='ocrx_word' id='word_1_868' title='bbox 2614 4899 2702 4974; x_wconf 83' lang='lat' dir='ltr'><strong><em>qui</em></strong></span> <span class='ocrx_word' id='word_1_869' title='bbox 2745 4908 2808 4974; x_wconf 68' lang='lat' dir='ltr'><strong><em>et</em></strong></span> <span class='ocrx_word' id='word_1_870' title='bbox 2831 4896 3118 4974; x_wconf 60' lang='lat' dir='ltr'><strong><em>intelligere</em></strong></span> <span class='ocrx_word' id='word_1_871' title='bbox 3167 4914 3341 4962; x_wconf 80' lang='lat' dir='ltr'><strong><em>preces</em></strong></span> 
     </span>
    </p>
   </div>
   <div class='ocr_carea' id='block_1_112' title="bbox 1748 4967 3339 5044">
    <p class='ocr_par' dir='ltr' id='par_1_112' title="bbox 1748 4967 3339 5044">
     <span class='ocr_line' id='line_1_113' title="bbox 1748 4967 3339 5044; baseline -0.004 -16"><span class='ocrx_word' id='word_1_872' title='bbox 1748 4967 2046 5044; x_wconf 17' lang='lat' dir='ltr'><strong><em>possunt/et</em></strong></span> <span class='ocrx_word' id='word_1_873' title='bbox 2082 4972 2329 5040; x_wconf 77' lang='lat' dir='ltr'><strong><em>beneficia</em></strong></span> <span class='ocrx_word' id='word_1_874' title='bbox 2346 4967 2442 5044; x_wconf 55' lang='lat' dir='ltr'><strong><em>eag&#39;</em></strong></span> <span class='ocrx_word' id='word_1_875' title='bbox 2463 4970 2630 5022; x_wconf 85' lang='lat' dir='ltr'><strong><em>animi</em></strong></span> <span class='ocrx_word' id='word_1_876' title='bbox 2667 4970 2897 5044; x_wconf 78' lang='lat' dir='ltr'><strong><em>quadam</em></strong></span> <span class='ocrx_word' id='word_1_877' title='bbox 2928 4967 3169 5044; x_wconf 70' lang='lat' dir='ltr'><strong><em>libertate</em></strong></span> <span class='ocrx_word' id='word_1_878' title='bbox 3199 4985 3339 5044; x_wconf 35' lang='lat' dir='ltr'><strong><em>prmi</em></strong></span> 
     </span>
    </p>
   </div>
   <div class='ocr_carea' id='block_1_113' title="bbox 1753 5038 3338 5111">
    <p class='ocr_par' dir='ltr' id='par_1_113' title="bbox 1753 5038 3338 5111">
     <span class='ocr_line' id='line_1_114' title="bbox 1753 5038 3338 5111; baseline -0.004 -13"><span class='ocrx_word' id='word_1_879' title='bbox 1753 5038 1914 5098; x_wconf 78' lang='lat' dir='ltr'><strong><em>stare.</em></strong></span> <span class='ocrx_word' id='word_1_880' title='bbox 1954 5043 2069 5098; x_wconf 82' lang='lat' dir='ltr'><strong><em>Hos</em></strong></span> <span class='ocrx_word' id='word_1_881' title='bbox 2113 5038 2234 5111; x_wconf 79' lang='lat' dir='ltr'><strong><em>ergo</em></strong></span> <span class='ocrx_word' id='word_1_882' title='bbox 2267 5042 2356 5107; x_wconf 88' lang='lat' dir='ltr'><strong><em>qui</em></strong></span> <span class='ocrx_word' id='word_1_883' title='bbox 2399 5040 2600 5111; x_wconf 77' lang='lat' dir='ltr'><strong><em>honore</em></strong></span> <span class='ocrx_word' id='word_1_884' title='bbox 2639 5040 2971 5108; x_wconf 86' lang='lat' dir='ltr'><strong><em>prosequitur</em></strong></span> <span class='ocrx_word' id='word_1_885' title='bbox 3015 5038 3214 5104; x_wconf 86' lang='lat' dir='ltr'><strong><em>aliquo,</em></strong></span> <span class='ocrx_word' id='word_1_886' title='bbox 3247 5041 3338 5108; x_wconf 85' lang='lat' dir='ltr'><strong><em>qui</em></strong></span> 
     </span>
    </p>
   </div>
   <div class='ocr_carea' id='block_1_114' title="bbox 1751 5109 3336 5183">
    <p class='ocr_par' dir='ltr' id='par_1_114' title="bbox 1751 5109 3336 5183">
     <span class='ocr_line' id='line_1_115' title="bbox 1751 5109 3336 5183; baseline -0.005 -14"><span class='ocrx_word' id='word_1_887' title='bbox 1751 5116 1909 5169; x_wconf 83' lang='lat' dir='ltr'><strong><em>etiam</em></strong></span> <span class='ocrx_word' id='word_1_888' title='bbox 1949 5109 2378 5183; x_wconf 31' lang='lat' dir='ltr'><strong><em>aliquid&#39;eorum</em></strong></span> <span class='ocrx_word' id='word_1_889' title='bbox 2411 5109 2662 5183; x_wconf 77' lang='lat' dir='ltr'><strong><em>bene/icio</em></strong></span> <span class='ocrx_word' id='word_1_890' title='bbox 2705 5127 2759 5162; x_wconf 88' lang='lat' dir='ltr'><strong><em>se</em></strong></span> <span class='ocrx_word' id='word_1_891' title='bbox 2801 5118 2974 5183; x_wconf 80' lang='lat' dir='ltr'><strong><em>sperat</em></strong></span> <span class='ocrx_word' id='word_1_892' title='bbox 3009 5124 3165 5183; x_wconf 80' lang='lat' dir='ltr'><strong><em>posse</em></strong></span> <span class='ocrx_word' id='word_1_893' title='bbox 3210 5125 3336 5183; x_wconf 54' lang='grc' dir='ltr'>σου-ε</span> 
     </span>
    </p>
   </div>
   <div class='ocr_carea' id='block_1_115' title="bbox 1751 5179 3337 5253">
    <p class='ocr_par' dir='ltr' id='par_1_115' title="bbox 1751 5179 3337 5253">
     <span class='ocr_line' id='line_1_116' title="bbox 1751 5179 3337 5253; baseline -0.004 -14"><span class='ocrx_word' id='word_1_894' title='bbox 1751 5186 1921 5253; x_wconf 87' lang='lat' dir='ltr'><strong><em>sequi,</em></strong></span> <span class='ocrx_word' id='word_1_895' title='bbox 1950 5179 2052 5238; x_wconf 80' lang='lat' dir='ltr'><strong><em>non</em></strong></span> <span class='ocrx_word' id='word_1_896' title='bbox 2082 5193 2257 5249; x_wconf 86' lang='lat' dir='ltr'><strong><em>peccat</em></strong></span> <span class='ocrx_word' id='word_1_897' title='bbox 2299 5183 2354 5235; x_wconf 87' lang='lat' dir='ltr'><strong><em>in</em></strong></span> <span class='ocrx_word' id='word_1_898' title='bbox 2385 5183 2520 5234; x_wconf 81' lang='lat' dir='ltr'><strong><em>hanc</em></strong></span> <span class='ocrx_word' id='word_1_899' title='bbox 2553 5179 2750 5253; x_wconf 71' lang='lat' dir='ltr'><strong><em>legent;</em></strong></span> <span class='ocrx_word' id='word_1_900' title='bbox 2779 5179 2868 5233; x_wconf 85' lang='lat' dir='ltr'><strong><em>sed</em></strong></span> <span class='ocrx_word' id='word_1_901' title='bbox 2901 5179 2944 5231; x_wconf 88' lang='lat' dir='ltr'><strong><em>is</em></strong></span> <span class='ocrx_word' id='word_1_902' title='bbox 2983 5179 3337 5253; x_wconf 72' lang='lat' dir='ltr'><strong><em>den_nmz,__qui</em></strong></span> 
     </span>
    </p>
   </div>
   <div class='ocr_carea' id='block_1_116' title="bbox 1751 5247 3333 5325">
    <p class='ocr_par' dir='ltr' id='par_1_116' title="bbox 1751 5247 3333 5325">
     <span class='ocr_line' id='line_1_117' title="bbox 1751 5247 3333 5325; baseline -0.005 -16"><span class='ocrx_word' id='word_1_903' title='bbox 1751 5247 1828 5310; x_wconf 77' lang='lat' dir='ltr'><strong><em>eis</em></strong></span> <span class='ocrx_word' id='word_1_904' title='bbox 1866 5272 1928 5308; x_wconf 87' lang='lat' dir='ltr'><strong><em>ea</em></strong></span> <span class='ocrx_word' id='word_1_905' title='bbox 1969 5247 2175 5315; x_wconf 78' lang='lat' dir='ltr'><strong><em>tribuit,</em></strong></span> <span class='ocrx_word' id='word_1_906' title='bbox 2215 5269 2331 5325; x_wconf 72' lang='lat' dir='ltr'><strong><em>qum</em></strong></span> <span class='ocrx_word' id='word_1_907' title='bbox 2374 5267 2578 5325; x_wconf 75' lang='lat' dir='ltr'><strong><em>sumpto</em></strong></span> <span class='ocrx_word' id='word_1_908' title='bbox 2604 5247 2718 5302; x_wconf 78' lang='lat' dir='ltr'><strong><em>Deo</em></strong></span> <span class='ocrx_word' id='word_1_909' title='bbox 2743 5259 2869 5325; x_wconf 78' lang='lat' dir='ltr'><strong><em>sunt</em></strong></span> <span class='ocrx_word' id='word_1_910' title='bbox 2912 5249 3148 5316; x_wconf 86' lang='lat' dir='ltr'><strong><em>propria.</em></strong></span> <span class='ocrx_word' id='word_1_911' title='bbox 3193 5247 3333 5325; x_wconf 75' lang='lat' dir='ltr'><strong><em>Nunt</em></strong></span> 
     </span>
    </p>
   </div>
   <div class='ocr_carea' id='block_1_117' title="bbox 1755 5321 3334 5392">
    <p class='ocr_par' dir='ltr' id='par_1_117' title="bbox 1755 5321 3334 5392">
     <span class='ocr_line' id='line_1_118' title="bbox 1755 5321 3334 5392; baseline -0.005 -12"><span class='ocrx_word' id='word_1_912' title='bbox 1755 5342 1853 5380; x_wconf 65' lang='lat' dir='ltr'><strong><em>v0.11</em></strong></span> <span class='ocrx_word' id='word_1_913' title='bbox 1885 5325 1980 5378; x_wconf 86' lang='lat' dir='ltr'><strong><em>Dei</em></strong></span> <span class='ocrx_word' id='word_1_914' title='bbox 2005 5327 2059 5378; x_wconf 86' lang='lat' dir='ltr'><strong><em>in</em></strong></span> <span class='ocrx_word' id='word_1_915' title='bbox 2083 5325 2179 5376; x_wconf 82' lang='lat' dir='ltr'><strong><em>hoc</em></strong></span> <span class='ocrx_word' id='word_1_916' title='bbox 2202 5321 2456 5392; x_wconf 76' lang='lat' dir='ltr'><strong><em>prwcepto</em></strong></span> <span class='ocrx_word' id='word_1_917' title='bbox 2484 5323 2538 5375; x_wconf 87' lang='lat' dir='ltr'><strong><em>in</em></strong></span> <span class='ocrx_word' id='word_1_918' title='bbox 2564 5321 2877 5392; x_wconf 68' lang='lat' dir='ltr'><strong><em>summitati:</em></strong></span> <span class='ocrx_word' id='word_1_919' title='bbox 2902 5336 3054 5372; x_wconf 83' lang='lat' dir='ltr'><strong><em>sensu</em></strong></span> <span class='ocrx_word' id='word_1_920' title='bbox 3081 5321 3334 5373; x_wconf 82' lang='lat' dir='ltr'><strong><em>sumenda</em></strong></span> 
     </span>
    </p>
   </div>
   <div class='ocr_carea' id='block_1_118' title="bbox 1753 5388 3333 5462">
    <p class='ocr_par' dir='ltr' id='par_1_118' title="bbox 1753 5388 3333 5462">
     <span class='ocr_line' id='line_1_119' title="bbox 1753 5388 3333 5462; baseline -0.004 -13"><span class='ocrx_word' id='word_1_921' title='bbox 1753 5406 1853 5449; x_wconf 89' lang='lat' dir='ltr'><strong><em>est.</em></strong></span> <span class='ocrx_word' id='word_1_922' title='bbox 1887 5393 2144 5462; x_wconf 77' lang='lat' dir='ltr'><strong><em>Exempla</em></strong></span> <span class='ocrx_word' id='word_1_923' title='bbox 2180 5388 2286 5446; x_wconf 79' lang='lat' dir='ltr'><strong><em>rem</em></strong></span> <span class='ocrx_word' id='word_1_924' title='bbox 2335 5393 2696 5446; x_wconf 85' lang='lat' dir='ltr'><strong><em>illustrabunt.</em></strong></span> <span class='ocrx_word' id='word_1_925' title='bbox 2738 5388 2860 5443; x_wconf 87' lang='lat' dir='ltr'><strong><em>Non</em></strong></span> <span class='ocrx_word' id='word_1_926' title='bbox 2890 5398 3202 5455; x_wconf 87' lang='lat' dir='ltr'><strong><em>peccarunt,</em></strong></span> <span class='ocrx_word' id='word_1_927' title='bbox 3243 5395 3333 5460; x_wconf 71' lang='lat' dir='ltr'><strong><em>qui</em></strong></span> 
     </span>
    </p>
   </div>
   <div class='ocr_carea' id='block_1_119' title="bbox 1753 5462 3332 5535">
    <p class='ocr_par' dir='ltr' id='par_1_119' title="bbox 1753 5462 3332 5535">
     <span class='ocr_line' id='line_1_120' title="bbox 1753 5462 3332 5535; baseline -0.007 -17"><span class='ocrx_word' id='word_1_928' title='bbox 1753 5467 1986 5535; x_wconf 85' lang='lat' dir='ltr'><strong><em>angelos,</em></strong></span> <span class='ocrx_word' id='word_1_929' title='bbox 2025 5465 2229 5535; x_wconf 85' lang='lat' dir='ltr'><strong><em>quoties</em></strong></span> <span class='ocrx_word' id='word_1_930' title='bbox 2272 5465 2397 5532; x_wconf 80' lang='lat' dir='ltr'><strong><em>ipsis</em></strong></span> <span class='ocrx_word' id='word_1_931' title='bbox 2437 5462 2704 5535; x_wconf 63' lang='lat' dir='ltr'><strong><em>conspicui</em></strong></span> <span class='ocrx_word' id='word_1_932' title='bbox 2735 5477 3045 5535; x_wconf 72' lang='lat' dir='ltr'><strong><em>apparuere,</em></strong></span> <span class='ocrx_word' id='word_1_933' title='bbox 3092 5462 3332 5513; x_wconf 74' lang='lat' dir='ltr'><strong><em>venerati</em></strong></span> 
     </span>
    </p>
   </div>
   <div class='ocr_carea' id='block_1_120' title="bbox 1749 5530 3329 5601">
    <p class='ocr_par' dir='ltr' id='par_1_120' title="bbox 1749 5530 3329 5601">
     <span class='ocr_line' id='line_1_121' title="bbox 1749 5530 3329 5601; baseline -0.006 -11"><span class='ocrx_word' id='word_1_934' title='bbox 1749 5530 1874 5590; x_wconf 72' lang='lat' dir='ltr'><strong><em>sunt</em></strong></span> <span class='ocrx_word' id='word_1_935' title='bbox 1916 5530 2344 5600; x_wconf 69' lang='lat' dir='ltr'><strong><em>procumbendo;</em></strong></span> <span class='ocrx_word' id='word_1_936' title='bbox 2387 5543 2442 5586; x_wconf 89' lang='lat' dir='ltr'><strong><em>ut</em></strong></span> <span class='ocrx_word' id='word_1_937' title='bbox 2479 5531 2642 5585; x_wconf 88' lang='lat' dir='ltr'><strong><em>Josue</em></strong></span> <span class='ocrx_word' id='word_1_938' title='bbox 2679 5548 2734 5595; x_wconf 83' lang='grc' dir='ltr'>ν,</span> <span class='ocrx_word' id='word_1_939' title='bbox 2767 5531 2861 5590; x_wconf 73' lang='lat' dir='ltr'><strong><em>l4;</em></strong></span> <span class='ocrx_word' id='word_1_940' title='bbox 2897 5530 3086 5601; x_wconf 87' lang='lat' dir='ltr'><strong><em>quippe</em></strong></span> <span class='ocrx_word' id='word_1_941' title='bbox 3130 5545 3248 5582; x_wconf 85' lang='lat' dir='ltr'><strong><em>cum</em></strong></span> <span class='ocrx_word' id='word_1_942' title='bbox 3281 5542 3329 5584; x_wconf 85' lang='lat' dir='ltr'><strong><em>et</em></strong></span> 
     </span>
    </p>
   </div>
   <div class='ocr_carea' id='block_1_121' title="bbox 1745 5602 3326 5674">
    <p class='ocr_par' dir='ltr' id='par_1_121' title="bbox 1745 5602 3326 5674">
     <span class='ocr_line' id='line_1_122' title="bbox 1745 5602 3326 5674; baseline -0.004 -16"><span class='ocrx_word' id='word_1_943' title='bbox 1745 5607 2010 5674; x_wconf 78' lang='lat' dir='ltr'><strong><em>prophetis</em></strong></span> <span class='ocrx_word' id='word_1_944' title='bbox 2054 5606 2189 5657; x_wconf 84' lang='lat' dir='ltr'><strong><em>idem</em></strong></span> <span class='ocrx_word' id='word_1_945' title='bbox 2235 5605 2400 5658; x_wconf 84' lang='lat' dir='ltr'><strong><em>Itonos</em></strong></span> <span class='ocrx_word' id='word_1_946' title='bbox 2443 5603 2705 5674; x_wconf 61' lang='lat' dir='ltr'><strong><em>exhibitas</em></strong></span> <span class='ocrx_word' id='word_1_947' title='bbox 2743 5604 2811 5656; x_wconf 77' lang='lat' dir='ltr'><strong><em>sit</em></strong></span> <span class='ocrx_word' id='word_1_948' title='bbox 2844 5602 2956 5655; x_wconf 85' lang='lat' dir='ltr'><strong><em>sine</em></strong></span> <span class='ocrx_word' id='word_1_949' title='bbox 2986 5609 3326 5674; x_wconf 28' lang='lat' dir='ltr'><strong><em>peccatotut</em></strong></span> 
     </span>
    </p>
   </div>
   <div class='ocr_carea' id='block_1_122' title="bbox 1745 5669 3326 5746">
    <p class='ocr_par' dir='ltr' id='par_1_122' title="bbox 1745 5669 3326 5746">
     <span class='ocr_line' id='line_1_123' title="bbox 1745 5669 3326 5746; baseline -0.004 -16"><span class='ocrx_word' id='word_1_950' title='bbox 1745 5669 1792 5730; x_wconf 80' lang='lat' dir='ltr'><strong><em>ei</em></strong></span> <span class='ocrx_word' id='word_1_951' title='bbox 1823 5677 1912 5746; x_wconf 78' lang='lat' dir='ltr'><strong><em>qui</em></strong></span> <span class='ocrx_word' id='word_1_952' title='bbox 1959 5673 2529 5746; x_wconf 68' lang='lat' dir='ltr'><strong><em>putabatur&#39;Samuel,</em></strong></span> <span class='ocrx_word' id='word_1_953' title='bbox 2554 5671 2580 5724; x_wconf 88' lang='grc' dir='ltr'><em>Ι</em></span> <span class='ocrx_word' id='word_1_954' title='bbox 2615 5671 2766 5746; x_wconf 80' lang='lat' dir='ltr'><strong><em>Satn.</em></strong></span> <span class='ocrx_word' id='word_1_955' title='bbox 2792 5688 2995 5734; x_wconf 72' lang='lat' dir='ltr'><strong><em>xsvm,</em></strong></span> <span class='ocrx_word' id='word_1_956' title='bbox 3173 5669 3326 5746; x_wconf 64' lang='lat' dir='ltr'><strong><em>Elim;</em></strong></span> 
     </span>
    </p>
   </div>
   <div class='ocr_carea' id='block_1_123' title="bbox 1746 5740 3323 5817">
    <p class='ocr_par' dir='ltr' id='par_1_123' title="bbox 1746 5740 3323 5817">
     <span class='ocr_line' id='line_1_124' title="bbox 1746 5740 3323 5817; baseline -0.004 -17"><span class='ocrx_word' id='word_1_957' title='bbox 1746 5747 1805 5800; x_wconf 92' lang='lat' dir='ltr'><strong><em>ll</em></strong></span> <span class='ocrx_word' id='word_1_958' title='bbox 1835 5740 1968 5817; x_wconf 43' lang='lat' dir='ltr'><strong><em>Reg:</em></strong></span> <span class='ocrx_word' id='word_1_959' title='bbox 2011 5745 2176 5810; x_wconf 76' lang='lat'><strong><em>1,15;</em></strong></span> <span class='ocrx_word' id='word_1_960' title='bbox 2220 5745 2353 5817; x_wconf 86' lang='lat' dir='ltr'><strong><em>Dan.</em></strong></span> <span class='ocrx_word' id='word_1_961' title='bbox 2397 5761 2444 5808; x_wconf 85' lang='grc' dir='ltr'><strong><em>ι,</em></strong></span> <span class='ocrx_word' id='word_1_962' title='bbox 2476 5745 2582 5807; x_wconf 73' lang='grc' dir='ltr'><strong><em>46ς</em></strong></span> <span class='ocrx_word' id='word_1_963' title='bbox 2633 5745 2720 5810; x_wconf 87' lang='lat' dir='ltr'><strong><em>qui</em></strong></span> <span class='ocrx_word' id='word_1_964' title='bbox 2769 5752 3038 5817; x_wconf 73' lang='lat' dir='ltr'><strong><em>munuset</em></strong></span> <span class='ocrx_word' id='word_1_965' title='bbox 3071 5740 3323 5794; x_wconf 74' lang='lat' dir='ltr'><strong><em>libamina</em></strong></span> 
     </span>
    </p>
   </div>
   <div class='ocr_carea' id='block_1_124' title="bbox 1747 5813 3320 5888">
    <p class='ocr_par' dir='ltr' id='par_1_124' title="bbox 1747 5813 3320 5888">
     <span class='ocr_line' id='line_1_125' title="bbox 1747 5813 3320 5888; baseline -0.003 -16"><span class='ocrx_word' id='word_1_966' title='bbox 1747 5813 2234 5884; x_wconf 21' lang='lat' dir='ltr'><strong><em>t-evtttt,&#39;rererentia&#39;</em></strong></span> <span class='ocrx_word' id='word_1_967' title='bbox 2261 5816 2464 5888; x_wconf 80' lang='lat' dir='ltr'><strong><em>signum</em></strong></span> <span class='ocrx_word' id='word_1_968' title='bbox 2502 5831 2602 5869; x_wconf 82' lang='lat' dir='ltr'><strong><em>non</em></strong></span> <span class='ocrx_word' id='word_1_969' title='bbox 2638 5824 2794 5878; x_wconf 81' lang='lat' dir='ltr'><strong><em>t&#39;etat,</em></strong></span> <span class='ocrx_word' id='word_1_970' title='bbox 2825 5825 2875 5868; x_wconf 87' lang='lat' dir='ltr'><strong><em>ut</em></strong></span> <span class='ocrx_word' id='word_1_971' title='bbox 2917 5813 2990 5866; x_wconf 72' lang='lat' dir='ltr'><strong><em>ibi</em></strong></span> <span class='ocrx_word' id='word_1_972' title='bbox 3023 5822 3256 5867; x_wconf 84' lang='lat' dir='ltr'><strong><em>notatum</em></strong></span> <span class='ocrx_word' id='word_1_973' title='bbox 3289 5828 3320 5867; x_wconf 76' lang='lat'><strong><em>6</em></strong></span> 
     </span>
    </p>
   </div>
  </div>
