3894 6526
45 378 80 430 ί
99 374 208 433 557

1263 378 1544 436 CONTRA
1582 375 1860 434 CELSUM
1895 377 2024 432 LIB.
2067 377 2204 434 Vlll.

3215 381 3354 437 1558

37 499 304 572 Πατρός.
330 500 394 552 Εἰ
412 498 470 553 δέ
485 516 646 554 τινων
675 500 992 572 παρήκουσε
1023 499 1230 566 Κέλσος
1251 502 1325 574 μὴ
1341 501 1653 573 ὁμολογούν-

1771 502 1962 557 οιτὶοιε
1985 504 2354 571 praebuerunt.
2393 501 2509 558 Non
2538 502 2705 572 igitur
2728 502 3016 558 seditionis
3038 503 3148 559 dux
3171 503 3352 571 Jesus,

35 609 172 644 των
205 591 318 662 (50)
357 589 450 644 τὸν
495 589 621 644 Υἱὸν
650 590 745 644 τοῦ
776 591 911 645 Θεοῦ
952 592 1066 646 υἱὸν
1114 588 1251 646 εἶναι
1281 592 1375 646 τοῦ
1405 593 1668 664 δημιουρ-

39 686 339 755 γήσαντος
365 683 483 736 τόδε
509 684 571 736 τὸ
601 685 728 748 πᾶν,
761 685 923 748 αὐτὸς
953 680 1021 738 ἂν
1046 685 1232 756 εἰδείη,
1265 686 1360 740 καὶ
1383 687 1431 738 οἱ
1464 703 1668 755 συγκα-

41 778 406 848 τατιθέμενοι
434 776 658 848 τοιούτῳ
690 775 854 848 λόγῳ.
891 778 966 830 Οὐ
1010 778 1251 841 στάσεως
1293 772 1386 831 οὖν
1425 777 1666 849 ἀρχηγέ-

41 888 167 940 της
199 873 228 924 ὁ
267 869 495 941 Ἰησοῦς,
522 869 657 924 ἀλλά
690 870 872 942 πάσης
901 871 1146 942 εἰρήνης,
1179 873 1207 924 ὁ
1230 870 1398 924 εἰπὼν
1429 874 1544 934 τοῖς
1573 887 1668 942 μασ

43 963 264 1036 θηταῖς
283 982 296 996 ο
330 964 597 1038 Εἰρήνην
623 965 836 1034 ἀφίημι
877 965 1041 1035 ὑμῖν,
1088 965 1339 1035 εἰρήνην
1364 963 1479 1033 τὴν
1510 964 1668 1035 ἐμὴν

42 1055 273 1125 δίδωμι
290 1056 448 1125 ὑμῖν.
476 1051 589 1109 Εἶτ’
616 1053 846 1129 ἐπείπερ
878 1057 1146 1128 ἠπίστατο
1171 1058 1297 1120 τοὺς
1327 1057 1420 1110 τοῦ
1458 1056 1664 1127 κόσμου

43 1151 158 1202 καὶ
187 1151 251 1202 οὐ
269 1149 403 1203 Θεοῦ
436 1149 756 1222 ἀνθρώπους
782 1137 1331 1224 προσπολεμήσυντας
1365 1150 1475 1222 (51)
1508 1151 1662 1221 ἡμῖν,

41 1243 407 1316 προσέθηκεν
441 1243 673 1308 ἐκείνοις
699 1245 788 1310 τὸ,
817 1247 900 1299 Οὐ
940 1245 1137 1312 καθὼς
1167 1248 1200 1300 ὁ
1230 1247 1458 1313 κόσμος
1493 1243 1664 1297 δίδω-
1698 1234 1700 1237 ’

38 1352 165 1388 σιν
193 1335 464 1404 εἰρήνην,
496 1335 658 1406 κάγὼ
691 1336 1068 1408 δίδωμιύμῖν
1096 1335 1364 1405 εἰρήνην.
1413 1333 1660 1406 Θαρροῦ-

44 1445 162 1498 μεν
186 1428 244 1481 δὲ
266 1428 331 1480 δι’
368 1427 558 1493 αὑτὸν,
605 1428 709 1483 κᾶν
751 1429 1065 1501 θλιϐώμεθα
1110 1431 1168 1482 ὲν
1210 1429 1286 1499 τῷ
1334 1428 1545 1498 κόσμῳ,
1586 1429 1664 1480 εἰ-

39 1522 260 1575 πόντω
313 1521 383 1574 ἐν
427 1518 505 1587 τῷ
552 1522 758 1591 κόσμῳ
815 1522 1025 1593 θλῖψιν
1077 1521 1243 1586 ἕξετε
1291 1520 1400 1592 (52)
1422 1537 1435 1550 ·
1501 1519 1664 1574 ἀλλὰ

39 1610 354 1679 θαρσεῖτε,
399 1611 512 1682 ἐγὼ
545 1613 835 1681 νενίκηκα
880 1613 988 1666 τὸν
1035 1613 1288 1682 κόσμον.
1326 1612 1437 1665 Καὶ
1473 1607 1662 1666 τοῦτόν

38 1722 242 1775 φαμεν
268 1701 406 1760 εἶναι
441 1706 569 1759 Υἱὸν
601 1706 734 1758 Θεοῦ
758 1723 772 1738 ·
798 1705 933 1759 Θεοῦ
967 1705 1046 1769 δὲ,
1083 1705 1161 1768 ὃν,
1195 1707 1243 1758 εἰ
1268 1705 1348 1758 δεῖ
1374 1707 1496 1768 ταῖς
1524 1704 1664 1770 λέξε-

38 1815 140 1850 σιν
165 1798 531 1870 ἀκολουθῆσαι
559 1799 652 1852 τοῦ
678 1800 909 1860 Κέλσου,
947 1799 1149 1870 σφόδρα
1172 1799 1420 1869 σέϐομεν,
1453 1799 1548 1852 κα).
1571 1799 1662 1852 τὸν

1767 595 1864 649 sed
1889 595 2071 649 omnis
2102 596 2290 664 pacis;
2323 598 2523 667 quippe
2554 597 2644 665 qui
2668 595 2953 666 discipulis
2982 596 3354 652 dixitzPacem

1767 686 2005 755 relinquo
2030 687 2195 754 vobis,
2224 704 2404 755 pacem
2433 705 2600 742 meam
2634 691 2703 740 do
2734 688 2877 743 vobis
2906 689 2969 740 ⁸³.
3002 688 3206 744 Deinde
3229 705 3352 745 cum

1767 778 1935 832 sciret
1984 780 2170 833 mundi
2221 791 2275 834 et
2305 795 2411 834 non
2445 780 2538 835 Dei
2577 780 2694 835 fore
2735 780 2987 835 homines
3017 783 3110 850 qui
3145 781 3350 836 bellum

1767 872 1926 926 nobis
1956 871 2286 938 indicerent,
2322 875 2502 928 addit:
2541 873 2662 928 Non
2693 875 2955 945 quomodo
2995 875 3222 929 mundus
3258 875 3354 956 ἄν

1764 979 1943 1031 pacem
1967 1003 1983 1030 ,
2020 981 2114 1034 ego
2142 967 2210 1019 do
2248 966 2388 1020 vobis
2428 983 2630 1036 pacem.
2662 967 2722 1020 In
2763 966 2854 1020 illo
2886 975 3072 1020 autem
3107 976 3353 1020 nostram

1768 1055 2016 1110 ﬁduciam
2050 1055 2304 1126 ponimus
2329 1098 2345 1123 ,
2390 1058 2604 1112 etiamsi
2645 1057 2698 1110 in
2741 1058 2944 1113 mundo
2993 1072 3352 1127 prematnur:

1770 1145 1909 1202 dixit
1933 1147 2078 1202 enim
2106 1165 2121 1202 :
2153 1147 2221 1202 In
2245 1151 2442 1204 mundo
2471 1166 2777 1218 pressuram
2807 1150 3086 1218 habebitis,
3114 1152 3205 1205 sed
3230 1167 3354 1203 con-

1765 1241 1952 1310 ﬁdite,
1988 1258 2081 1311 ego
2127 1243 2226 1297 vici
2258 1244 2518 1299 mundum
2541 1235 2613 1298 “.
2651 1243 2744 1299 Ille
2794 1255 2878 1300 est
2919 1259 3082 1313 quem
3123 1243 3355 1298 dicimus

1767 1348 1892 1388 esse
1916 1332 2252 1398 DciFilinm,
2277 1335 2396 1400 Dei,
2422 1336 2665 1405 inquam,
2695 1351 2855 1405 quem
2885 1350 3216 1391 veneramur
3245 1350 3356 1388 ma-

1764 1426 1930 1491 xime,
1965 1435 2024 1480 ut
2050 1425 2193 1481 Celsi
2242 1428 2607 1489 verbis.utar.
2641 1439 2696 1484 et
2728 1427 2924 1482 Filiqu
2968 1426 3085 1495 ejus
3125 1442 3155 1480 a
3191 1425 3354 1482 Patre

1764 1532 1931 1587 quam
1965 1520 2207 1573 maxime
2234 1519 2436 1574 elatum
2467 1520 2636 1576 fuisse
2663 1520 3068 1592 cognoscimus.
3097 1518 3230 1573 Volo
3257 1535 3357 1574 au-

1764 1619 1873 1665 tem
1924 1610 1978 1665 in
2025 1612 2364 1666 credentium
2401 1613 2750 1669 multitudine
2793 1626 2917 1669 esse
2962 1613 3227 1683 quosdam
3259 1612 3352 1680 qui

1767 1701 2039 1756 diversam
2071 1702 2141 1755 ab
2174 1701 2296 1757 aliis
2327 1703 2656 1757 sententiam
2693 1713 2990 1773 sequentes
3038 1712 3242 1758 temere
3273 1703 3355 1756 af-

1766 1795 1984 1849 ﬁrment
2019 1792 2359 1850 Salvatorem
2413 1810 2535 1851 esse
2583 1811 2857 1850 summum
2895 1796 3108 1852 Deum:
3145 1805 3201 1852 at
3253 1811 3353 1852 nos

41 1889 185 1941 Υἱὸν
249 1888 408 1942 αὑτοῦ
453 1890 655 1962 σφόδρα
686 1890 991 1962 ηὐξημένον
1037 1890 1143 1943 ὑπὸ
1182 1889 1277 1942 τοῦ
1321 1890 1529 1962 Πατρὸς
1581 1907 1653 1958 γι-

1771 1886 1905 1939 nihil
1939 1886 2140 1952 simile,
2171 1888 2263 1956 qui
2306 1889 2584 1944 credimus
2615 1889 2856 1944 dicenti:
2885 1886 3053 1943 Pater
3088 1889 3176 1960 qui
3207 1890 3352 1942 misit

39 1980 401 2055 γνώσκομεν.
440 1985 618 2038 Ἔστω
636 1985 690 2038 δέ
714 2001 865 2046 τινας
899 1983 1010 2053 (55)
1038 1981 1115 2044 ὡς
1136 1985 1192 2034 ὲν
1222 1981 1418 2053 πλήθει
1438 2000 1653 2036 πιστευ-

1766 1994 1845 2032 me
1870 2019 1885 2042 ,
1917 1979 2091 2048 major
2137 1996 2217 2034 me
2258 1991 2333 2034 est
2377 1980 2444 2034 ¹⁵.
2497 1979 2677 2046 Quare
2707 1995 2870 2050 quem
2918 1995 3064 2035 nunc
3094 1995 3352 2044 vocamus

39 2075 251 2138 όντων,
281 2077 374 2130 καὶ
397 2076 700 2147 δεχομένων
727 2075 1042 2145 διαφωνίαν,
1068 2073 1157 2128 διὰ
1188 2074 1287 2145 τὴν
1324 2075 1653 2147 προπέτειαν

1766 2072 1981 2128 Patrem
2013 2113 2028 2138 ,
2073 2089 2195 2128 eum
2234 2089 2342 2129 non
2376 2115 2394 2142 ,
2439 2083 2498 2130 ut
2552 2074 2746 2132 Celsus
2789 2075 3194 2142 calumniatur,
3252 2074 3350 2130 Dei

40 2165 406 2220 ὑποτίθεσθαι
443 2167 534 2218 τὸν
561 2167 797 2239 Σωτῆρα
823 2162 960 2219 εἶναι
993 2165 1083 2219 τὸν
1120 2165 1376 2235 μέγιστον
1404 2167 1496 2219 ἐπὶ
1518 2168 1653 2220 πᾶσι

1766 2166 1899 2222 Filio
1946 2165 2294 2235 subiicimus.

41 2259 186 2313 Θεὸν
230 2260 340 2329 (54)
367 2276 380 2289 ’
417 2261 532 2315 ἀλλ’
568 2260 684 2314 οὔτι
717 2278 780 2329 γε
808 2263 968 2332 ἡμεῖς
997 2259 1258 2323 τοιοῦτον,
1292 2262 1340 2314 οἰ
1375 2261 1684 2331 πειθόμενοι
1721 2261 1870 2333 αὐτῷ
1890 2262 2132 2330 λέγοντι·
2171 2262 2232 2315 '0
2255 2262 2480 2331 Πατὴρ,
2509 2265 2543 2318 ό
2568 2262 2810 2333 πέμψας
2836 2281 2934 2333 με,
2962 2263 3176 2335 μείζων
3231 2280 3352 2332 μου

41 2356 190 2410 ἐστί
211 2373 224 2387 ³
256 2357 440 2429 διόπερ
482 2359 581 2429 οὐχ
605 2357 663 2411 ὃν
687 2357 780 2411 νῦν
806 2357 1026 2430 Πατέρα
1055 2357 1350 2429 καλοῦμεν,
1420 2357 1786 2430 ὐποδάλοιμεν
1827 2357 1962 2428 (55),
2012 2359 2087 2422 ὡς
2125 2357 2333 2422 Κέλσος
2364 2360 2513 2429 ἡμᾶς
2563 2363 2920 2429 συκοφαντεῖ,
2952 2358 3030 2431 τῷ
3077 2355 3193 2427 mp
3256 2355 3351 2408 τοῦ

42 2447 217 2504 Θεοῦ.
2994 2501 3004 2512 ,

119 2544 286 2598 Μετὰ
338 2545 512 2599 ταῦτά
548 2564 712 2618 φησιν
757 2550 786 2602 ὁ
822 2547 1061 2611 Κέλσος’
1122 2549 1250 2601 ’Ότι
1291 2547 1358 2601 δὲ
1393 2549 1504 2603 οὐκ
1543 2545 1653 2603 ἀπε

1773 2551 1783 2583 ν
1846 2541 1936 2596 15.
1965 2541 2055 2596 Sic
2091 2551 2278 2611 postea
2310 2541 2500 2600 Celsus
2527 2559 2540 2596 :
2572 2539 2644 2595 Ut
2673 2541 2783 2596 haec
2827 2559 2857 2596 a
2886 2558 3043 2611 scopo
3073 2559 3174 2597 non
3199 2547 3352 2599 aber-

39 2637 297 2692 σκοποῦ
345 2638 533 2692 ταῦτα
582 2634 834 2704 δοξάζω,
894 2638 1092 2695 αὐτῶν
1140 2639 1388 2694 ἐκείνων
1436 2640 1653 2710 φωναῖς

1772 2649 1892 2688 rare
1931 2634 2281 2688 demonstrem
2305 2673 2320 2698 ,
2354 2645 2476 2687 utar
2505 2634 2719 2687 illorum
2763 2633 2996 2700 ipsorum
3030 2636 3195 2690 verbis
3220 2652 3240 2702 ;
3271 2638 3349 2691 ita

44 2729 361 2800 χρήσομαι
386 2745 401 2760 ⁶
429 2730 499 2783 ἐν
523 2728 636 2800 γάρ
675 2746 793 2786 που
843 2730 920 2796 τῷ
962 2732 1218 2802 οὐρανίῳ
1236 2731 1513 2802 {causam
1544 2719 1653 2802 (56]

1768 2727 1905 2780 enim
1940 2726 2020 2779 illi
2065 2726 2261 2780 alicubi
2300 2727 2352 2780 in
2385 2725 2612 2796 Dialogo
2648 2725 2883 2779 cmlesti:
2919 2724 2979 2780 Si
3022 2724 3196 2782 Filius
3236 2729 3351 2796 for-

46 2823 125 2892 τῇ
155 2823 233 2878 δέ
259 2838 375 2878 που
405 2823 676 2894 λέγουσι,
709 2823 909 2878 τοῖσδε
927 2823 1051 2890 τοῖς
1064 2823 1334 2894 ῥήμασιν
1354 2840 1367 2855 ·
1395 2827 1463 2878 El
1487 2827 1653 2894 ισχυ-

1766 2820 1870 2871 tior
1913 2828 1987 2871 est
2034 2818 2187 2883 Deo,
2236 2827 2284 2872 et
2337 2818 2597 2874 Dominus
2641 2817 2756 2886 ejus
2821 2828 2898 2870 est
2954 2815 3127 2872 Filius
3187 2819 3348 2894 753

40 2915 298 2984 ρότερός
332 2915 464 2968 ἐστι
498 2915 646 2969 θεοῦ
700 2914 853 2981 Υἱὸς,
894 2916 992 2970 καὶ
1031 2917 1245 2984 Κύριος
1271 2915 1457 2970 αὑτοῦ
1488 2916 1653 2970 ἐστιν

1766 2910 2026 2973 hominis,
2087 2911 2262 2979 ecquis
2313 2910 2452 2964 alius
2493 2909 2748 2964 Dominus
2823 2912 2922 2963 erit
2989 2910 3119 2976 Dei,
3191 2930 3347 2982 penes

45 3010 80 3061 ό
115 3006 258 3072 Υἱὸς
288 3004 396 3058 τοῦ
430 3005 781 3073 ἀνθρώπου·
815 3005 916 3060 καὶ
974 3007 1063 3073 τίς
1106 3006 1296 3072 ἄλλος
1353 3008 1653 3074 κυριεύσει

1766 3017 1916 3071 quem
1952 3011 2070 3055 sunt
2100 3003 2321 3058 omnia?
2351 3003 2624 3067 Quomodo
2650 3003 2804 3056 multi
2833 3004 2974 3057 circa
3019 3015 3254 3072 puteum.
3301 3021 3348 3059 et

45 3098 153 3152 τοῦ
181 3095 548 3166 κρατοῦντος
579 3095 919 3163 Θεοῦ;Πῶς
945 3097 1163 3151 πολλοὶ
1187 3097 1318 3166 περὶ
1353 3097 1418 3151 τὸ
1447 3099 1653 3166 φρέαρ,

1766 3095 1944 3149 nullus
1999 3097 2053 3148 in
2097 3104 2312 3163 puteum
2361 3097 2663 3151 descendit?
2711 3094 2820 3149 Cur
2875 3105 3083 3150 tantum
3143 3097 3348 3152 itineris

46 3190 149 3245 καὶ
175 3189 381 3256 οὐδεὶς
404 3192 490 3255 εἰς
517 3189 582 3242 τὸ
617 3189 842 3258 φρέαρ;
872 3191 974 3242 Διά
1002 3191 1078 3252 τί,
1105 3190 1412 3257 τοσαύτην
1455 3190 1653 3244 ἀνύων

1766 3201 2005 3239 emensus
2033 3185 2254 3238 timidus
2279 3186 2374 3240 es?
2405 3185 2594 3249 Erras,
2619 3186 2766 3239 adest
2800 3188 2936 3240 enim
2967 3187 3097 3240 milii
3120 3191 3348 3242 audacia

48 3283 227 3347 ὁδὸν,
277 3282 535 3350 ἄτολμος
584 3277 670 3346 ei;
727 3279 1020 3335 Λανθάνει
1061 3296 1167 3336 σε’
1229 3281 1481 3350 πάρεστι
1548 3282 1653 3352 γάρ

1766 3289 1810 3330 et
1831 3277 2060 3346 gladius.
2083 3274 2272 3331 Nonne
2293 3279 2414 3332 inde
2433 3279 2589 3347 liquet
2614 3279 2709 3334 hoc
2728 3279 2837 3333 illis
2860 3296 2972 3334 esse
2985 3280 3304 3349 propositum
3323 3284 3353 3338 2

41 3390 146 3443 μοι
209 3371 432 3439 θάρσος
466 3372 566 3425 καὶ
612 3371 892 3442 μάχαιρα.
954 3372 1152 3438 Οὕτως
1185 3375 1258 3426 οὺ
1291 3371 1448 3426 τοῦτ’
1489 3373 1661 3426 ἔστιν

46 3467 264 3534 αὐτοῖς
313 3467 376 3520 τὸ
417 3467 840 3537 προκείμενον;
903 3467 1015 3520 Τὸν
1064 3466 1175 3538 γὰρ
1220 3466 1661 3535 ὑπερουράνιον

48 3563 211 3615 Θεὸν
266 3559 459 3614 ἄλλον
508 3559 798 3614 ὑπέθεντο
848 3559 1062 3613 τούτου
1108 3558 1361 3628 Πατέρα,
1406 3559 1538 3628 περὶ
1589 3558 1662 3613 ὃν

46 3652 376 3722 συνῆλθον
427 3651 658 3718 σέϐειν,
699 3653 774 3707 ἵν’
808 3653 906 3707 ἐπὶ
965 3652 1345 3724 προσχήματι
1390 3652 1660 3723 μεγάλου

51 3747 212 3801 Θεοῦ
249 3745 484 3807 τοῦτον,
505 3746 579 3800 ὂν
593 3747 981 3814 προΐστανται
1006 3745 1113 3799 τὸν
1147 3747 1285 3800 Υὶόν
1308 3746 1412 3800 τοῦ
1438 3744 1660 3814 ἀνθρώ-

49 3855 198 3899 που,
257 3837 330 3891 ὃν
371 3837 820 3906 ἀποφαίνουσιν
870 3837 1258 3905 ἰσχυρότερον
1299 3837 1395 3892 καὶ
1439 3839 1659 3905 Κύριον

49 3928 156 3982 τοῦ
204 3925 566 3996 κρατοῦντος
598 3925 767 3990 Θεοῦ,
796 3927 1168 3994 θρησκεύουσι
1189 3928 1398 3995 μόνον.
1440 3928 1658 3982 Ἔνθεν

46 4020 264 4088 αὐτοῖς
319 4020 514 4075 ἐκεῖνο
555 4020 623 4076 τὸ
665 4020 1072 4091 παράγγελμα,
1107 4021 1173 4074 τὸ
1199 4021 1285 4091 μὴ
1343 4020 1659 4075 δουλεύειν

47 4116 158 4167 δύο
196 4114 425 4182 κυρίοις
449 4131 460 4143 ·
492 4115 568 4169 ἵν’
602 4116 639 4182 ή
669 4113 888 4180 στάσις
935 4114 1069 4182 περὶ
1115 4113 1224 4168 ἕνα
1280 4114 1497 4168 τοῦτον
1545 4132 1660 4183 φυ-

49 4206 385 4274 λάσσηται.
434 4207 544 4260 Καὶ
583 4209 641 4260 έν
690 4206 901 4272 τούτοις
951 4205 1015 4276 δὴ
1063 4204 1244 4268 πάλιν,
1288 4205 1388 4258 οὐκ
1420 4201 1513 4258 οἷδ’
1548 4205 1656 4258 ἀπὸ

54 4300 219 4363 ποίας
247 4300 512 4371 αἱρέσεως
543 4300 894 4371 ἀσημοτάτης
924 4298 1096 4352 ταῦτα
1123 4297 1324 4363 λαϐὼν,
1356 4299 1489 4351 πᾶσι
1522 4299 1656 4368 Χρι-

55 4395 295 4454 στιανοῖς
330 4393 426 4444 ἅττ’
473 4390 652 4444 αὐτῶν
703 4390 953 4459 ἐγκαλεῖ·
1002 4390 1146 4458 λέγω
1192 4389 1238 4442 δ’
1280 4389 1652 4462 ἀσημοτάτης,

51 4485 125 4548 ὡς
171 4483 296 4556 μηδ’
329 4486 459 4554 ἡμῖν
503 4479 673 4546 εἶναι,
707 4487 820 4546 τοῖς
857 4481 1114 4545 πολλάκις
1150 4481 1655 4552 ἐγγυμνασαμένοις

53 4576 194 4645 πρὸς
219 4577 347 4638 τοὺς
379 4574 484 4627 ἀπὸ
516 4573 623 4626 τῶν
656 4573 924 4646 αἱρέσεων
952 4615 966 4639 ,
1003 4572 1242 4645 φανερὰν
1276 4573 1374 4644 τὴν
1399 4569 1647 4642 γνώμην,

1767 3365 1980 3420 I‘onunt
2007 3369 2146 3420 attint
2173 3367 2338 3445 Deu'm
2365 3369 2528 3422 alium
2546 3371 2636 3439 qui
2654 3387 2813 3438 supra
2847 3371 3002 3425 cwlos
3019 3381 3095 3425 est
3129 3370 3347 3426 Patrem
3413 3387 3426 3398 ·

1764 3476 1875 3513 esse
1901 3460 2073 3525 istius,
2108 3477 2261 3529 quem
2292 3463 2532 3515 unanimi
2577 3478 2837 3517 consensu
2882 3462 3081 3529 colunt,
3145 3472 3203 3517 ut
3252 3469 3348 3518 sub

1763 3552 1929 3621 specie
1950 3553 2129 3623 magni
2149 3551 2245 3606 Dei
2266 3552 2444 3606 colant
2467 3555 2605 3607 hunc
2635 3552 2684 3606 F
2691 3554 2838 3607 ilium
2870 3555 3118 3621 hominis,
3145 3558 3229 3610 cui
3246 3560 3350 3626 pri-

1763 3661 1876 3698 mas
1900 3646 2052 3709 dant,
2081 3662 2332 3716 quemque
2362 3643 2631 3714 afﬁrmant
2661 3643 2932 3714 [artiorem
2970 3644 3078 3699 Deo
3109 3663 3218 3702 esse
3252 3653 3348 3716 qui

1763 3737 1894 3806 regit
1921 3738 2124 3802 omnia,
2157 3754 2276 3790 cum
2305 3737 2422 3806 ejus
2445 3737 2511 3790 sit
2541 3736 2820 3792 Dominus.
2868 3739 3037 3807 Atque
3062 3739 3186 3792 hinc
3211 3740 3347 3794 illud

1761 3846 1942 3884 eorum
1978 3840 2318 3900 prtrceptum,
2342 3831 2547 3884 duobus
2590 3830 2822 3884 dominis
2855 3847 2958 3887 non
2989 3848 3100 3887 esse
3121 3835 3354 3888 servien-

1761 3925 1908 3989 dum,
1966 3935 2023 3978 ut
2065 3925 2225 3995 factio
2256 3926 2400 3980 circa
2451 3925 2592 3979 hunc
2646 3942 2810 3980 unum
2862 3940 3116 3984 servetur.
3153 3930 3219 3985 Et
3258 3931 3350 3986 hic

1762 4015 1960 4070 iterum
1995 4017 2048 4070 in
2083 4015 2429 4072 Christianos
2455 4029 2644 4072 omnes
2669 4017 2886 4073 confert
2909 4035 3030 4087 qua:
3060 4035 3127 4074 ex
3159 4023 3350 4076 nescio

1763 4124 1866 4178 qua
1893 4109 2280 4166 obscurissima
2305 4108 2496 4163 literesi
2527 4108 2878 4177 deprompsit.
2915 4109 3347 4171 Obcurissimam

1760 4201 1917 4267 dico;
1950 4215 2094 4267 nam,
2118 4201 2366 4270 quamvis
2396 4213 2539 4268 saepe
2563 4214 2684 4253 cum
2747 4201 3022 4258 luereticis
3048 4203 3347 4260 conﬂictati

1761 4290 2049 4356 fuerimus,
2091 4293 2250 4347 nobis
2289 4304 2469 4346 tamen
2503 4305 2606 4344 non
2636 4290 2809 4360 liquet
2839 4309 2904 4348 ex
2935 4309 3037 4364 qua
3073 4299 3347 4352 sententia

1760 4382 1951 4437 Celsus
1979 4383 2095 4437 haec
2126 4385 2527 4452 desumpserit;
2587 4384 2631 4439 si
2686 4394 2866 4439 tamen
2914 4387 3243 4458 desumpsit,
3292 4400 3350 4444 et

1757 4489 1863 4528 non
1897 4475 2075 4544 potius
2104 4475 2390 4540 confinxit,
2411 4485 2500 4528 aut
2521 4475 2675 4545 quasi
2701 4477 3095 4544 consequentia
3117 4479 3347 4539 addidit.

1756 4567 1862 4623 Nos
1898 4567 2156 4638 cnimqui
2203 4568 2432 4622 dicimus
2465 4569 2630 4622 etiam
2671 4569 2938 4624 mundum
2986 4570 3132 4627 hunc
3159 4574 3340 4628 sensi-

53 4667 143 4736 ἀφ’
175 4662 246 4739 ἧς
271 4665 444 4720 ταῦτα
469 4668 495 4719 ὁ
519 4665 722 4729 Κέλσος
756 4665 977 4737 εἴληφεν
997 4684 1010 4696 ·
1043 4665 1097 4718 εἴ
1120 4683 1183 4734 γε
1213 4663 1422 4734 εἴληφε,
1455 4663 1548 4715 καὶ
1577 4661 1652 4732 μὴ

1766 4659 1923 4713 bilem
1945 4660 2062 4729 ejus
2090 4674 2212 4714 esse
2227 4659 2319 4729 qui
2341 4660 2585 4714 condidit
2621 4660 2996 4725 omnia,clare
3028 4665 3350 4731 proﬁtemur

55 4757 397 4819 ἀνέπλασεν,
436 4757 468 4827 ἦ
512 4757 869 4827 ἁκολούῦησιν
916 4757 1245 4828 προσέθηκε.
1298 4754 1496 4824 Σαφῶς
1548 4754 1654 4824 γὰρ

53 4852 237 4919 ἡμεῖς,
272 4849 324 4900 οἱ
349 4847 597 4916 λέγοντες
629 4848 722 4900 τοῦ
759 4848 938 4920 πάντα
983 4847 1266 4911 κτίσαντος
1305 4848 1398 4899 καὶ
1437 4847 1529 4899 τὸν
1570 4848 1656 4899 αξ-

56 4940 254 5014 σΟητὸν
286 4940 488 5011 κόσμον
517 4936 674 5004 εἶναι,
705 4941 883 5012 φαμὲν
910 4939 999 4992 τὸν
1031 4939 1157 4992 Υἰὸν
1180 4939 1286 4992 οὐχ’
1304 4939 1652 5009 ἰσχυρότερον

55 5032 147 5085 τοῦ
177 5030 418 5102 Πατρὸς,
449 5029 564 5084 ἀλλ’
605 5029 1010 5101 ὑποδεέστερον.
1051 5030 1161 5082 Καὶ
1192 5028 1350 5082 τοῦτο
1396 5028 1648 5098 λέγομεν,

130 5187 174 5218 ⁸³
200 5185 362 5241 Joan.
406 5201 517 5250 xw,
542 5185 634 5240 ‘27.
679 5184 724 5215 "
746 5184 904 5240 Joan.
932 5200 1046 5251 xw,
1071 5184 1162 5239 '55.
1241 5184 1287 5216 ¹⁸
1319 5183 1481 5242 Joau.
1517 5201 1627 5252 xiv,
1654 5183 1747 5243 28.

131 5340 397 5416 (50)-Ηὴ
445 5343 923 5416 ὁμολογούντων.
966 5339 1318 5416 Marcionitas
1370 5339 1643 5416 intelligit.

63 5410 197 5471 Vide
232 5410 337 5468 lib.
384 5410 659 5479 v1,’num‘.
689 5413 778 5480 55,
818 5422 873 5468 et
922 5411 1303 5468 adnotationes
1343 5413 1410 5465 ad
1459 5410 1568 5465 lib.’
1593 5428 1645 5478 ν,

63 5485 451 5629 ῗωὲίᾷῗίδὶ).
480 5547 640 5610 antea
675 5553 806 5610 editi
847 5554 904 5611 in
953 5562 1105 5610 textu
1140 5552 1365 5619 habent,
1397 5569 1644 5624 προσπο-

62 5626 204 5699 λεμή
213 5626 437 5699 σαντας.

137 5695 256 5768 (5'2)
301 5698 638 5754 Hoeschelins
665 5697 718 5750 in
749 5704 919 5760 textu,
946 5695 1120 5766 ἔχετε.

136 5765 257 5838 (55)
306 5770 498 5823 Ἔστω
527 5768 594 5823 δέ
624 5783 812 5834 τινας,
836 5777 943 5822 etc.
976 5765 1104 5822 Vide
1133 5765 1440 5837 Origenian.
1469 5765 1564 5824 lib.
1585 5781 1646 5834 ll,

72 5849 264 5982 qui???
289 5840 417 5967 2ίὸν
468 5909 757 5982 μέγιστον
804 5911 903 5968 ἐπὶ
978 5907 1128 5967 πᾶσι
1157 5909 1324 5963 Θεόν.
1370 5909 1445 5963 ita
1485 5906 1647 5966 codd.

1768 4751 1962 4805 Filium
1994 4766 2100 4806 non
2129 4767 2248 4808 esse
2281 4753 2562 4808 fortiorem
2586 4753 2766 4819 Putre,
2794 4753 2886 4808 sed
2916 4754 3262 4823 inferiorem;
3293 4769 3350 4812 et

1769 4844 1819 4896 id
1849 4844 2080 4898 dicimus
2103 4843 2258 4898 [idem
2278 4844 2543 4899 habentes
2557 4846 2604 4898 ei
2635 4845 2866 4900 dicenti:
2913 4843 3078 4899 Pater
3094 4849 3182 4916 qui
3207 4851 3348 4901 misit

1763 4953 1864 4999 me,
1902 4937 2077 5005 major
2123 4953 2202 4990 me
2258 4947 2372 5000 est;
2405 4950 2579 5004 neque
2623 4936 2911 5004 quisquam
2969 4947 3214 4990 nostrum
3272 4938 3348 4992 ita

1760 5029 2009 5100 stupidus
2039 5038 2122 5084 est
2152 5039 2211 5084 ut
2249 5030 2396 5084 dicat
2417 5027 2614 5083 Filium
2648 5027 2881 5084 hominis
2902 5043 3024 5084 esse
3052 5029 3146 5086 Dei
3176 5031 3350 5088 domi-

1756 5341 1916 5412 Reg.,
1953 5343 2120 5408 Basilg.
2177 5353 2233 5401 et
2271 5343 2606 5412 Anglicanus
2653 5343 2956 5412 secundus;
2999 5343 3124 5402 libri
3165 5353 3345 5403 autem

1755 5414 1907 5478 editi,
1936 5415 2030 5468 τὸν
2064 5416 2159 5468 ἐπὶ
2194 5419 2327 5470 πᾶσι

1827 5417 1907 5478 iti,
1936 5417 2030 5468 τὸν
2064 5417 2159 5468 ἐπὶ
2194 5419 2327 5470 πᾶσι
2361 5417 2512 5470 Θεόν.

1827 5485 1942 5558 (55)
1983 5487 2258 5560 Ηιιξεοιιει.
2289 5488 2344 5541 in
2379 5487 2976 5560 textuLt'inoiaiGonut-zv.‘
3005 5485 3126 5542 Mox
3177 5486 3339 5542 codd.

1755 5553 1893 5637 Reg.
1923 5553 1986 5611 'et
2027 5555 2497 5637 Basileeiisis,_di§
2521 5559 2757 5637 κΚέλσος
2805 5553 2952 5631 ἡμᾶς
2987 5560 3338 5637 συκοφαντεῖ.

1753 5624 1909 5680 Ιιίὺίι.
1937 5639 2100 5681 antea
2123 5628 2277 5701 editi,
2297 5628 2371 5691 ὡς
2395 5624 2608 5701 Κέλσος
2630 5631 2776 5701 ἡμᾶς
2802 5624 3157 5701 σῦκοφαντῶν
3186 5645 3339 5701 φησι,

1750 5707 1804 5751 et
1835 5712 1942 5771 pro
1971 5714 2127 5767 φησι,
2159 5699 2226 5771 ad
2257 5699 2556 5768 marginem
2594 5699 2816 5771 habent,
2847 5699 3020 5771 λέγει.

1822 5767 1937 5838 (56)
1982 5769 2565 5845 ρὺρανιίρ-ᾼιαλόγῳ.
2597 5770 2728 5825 Vide
2759 5767 2956 5845 lib._vi,
2991 5788 3138 5828 num.
3164 5770 3256 5837 55,
3281 5779 3342 5828 et

1753 5839 2134 5898 adnotationes
2160 5842 2230 5896 ad
2263 5839 2361 5896 lib.
2391 5857 2441 5908 ν,
2477 5858 2628 5901 num.
2654 5845 2744 5902 54.
