3846 6406
548 299 689 358 ιξπο

2037 292 2366 349 ORIGENIS

3663 306 3765 361 I5le

543 437 694 475 nuru.
760 419 862 474 Sed
925 435 1045 474 cum
1094 418 1428 474 Salvatorcm
1474 427 1786 487 spectamus
1840 425 1897 471 ut
1939 418 2108 472 Deum

2221 414 2365 485 αὐτῷ
2397 414 2707 487 πειθόμενοι
2751 413 2961 470 εἰπόντι
3009 414 3100 470 τό·
3135 418 3198 471 '0
3240 419 3465 488 Πατὴρ,
3506 423 3539 475 ὁ
3574 422 3769 494 πέμψας

548 513 804 575 Verbum,
839 513 1182 580 sapientiam,
1210 511 1494 581 justitiam,
1523 511 1832 576 veritatem,
1871 518 1984 562 tum
2029 509 2115 562 di-

546 606 719 658 cintus
752 605 898 656 illum
921 605 1206 674 imperiunm
1229 605 1431 657 habere
1476 602 1527 656 in
1552 603 1733 655 omnia
1753 602 1853 656 sibi
1877 600 2115 667 subjecta

547 696 646 748 hoc
703 697 955 768 nomine;
1008 710 1112 749 non
1145 711 1272 750 vero
1300 696 1461 748 etiam
1497 695 1547 747 in
1585 695 1751 748 Deum
1794 702 1849 747 et
1895 692 2113 746 Patrem

523 787 634 856 .qui
666 788 718 839 in
750 788 925 856 ipsum
963 787 1246 856 imperium
1277 788 1455 840 habet.
1477 786 1740 852 Quoniam
1771 804 1902 844 vero
1935 790 2117 844 invitis

545 895 647 932 non
672 881 978 934 dominatur
1006 881 1258 944 Verbum,
1287 888 1340 933 et
1360 895 1463 933 non
1483 879 1655 933 solum
1681 881 1822 934 inter
1848 882 2112 945 homines,

543 973 636 1024 sed
665 972 828 1024 etiam
878 971 1018 1026 inter
1053 971 1276 1040 angelos
1309 971 1552 1024 nonnulli
1595 981 1724 1026 sunt
1766 973 1942 1026 adhuc
1990 975 2117 1030 mali

542 1063 737 1131 quibus
777 1062 1102 1116 acccnsendi
1159 1071 1286 1116 sunt
1319 1077 1506 1117 omnes
1541 1062 1838 1128 dremones,
1887 1064 2118 1120 dicimus

546 1157 782 1210 Verbum
809 1157 929 1210 istis
947 1155 1184 1210 nondum
1204 1157 1492 1220 dominari,
1512 1157 1778 1227 siquidem
1801 1162 2118 1227 nongsponte

543 1252 616 1303 illi
645 1265 702 1304 se
734 1248 1059 1316 subjiciunt:
1095 1265 1404 1319 quanquam
1436 1250 1542 1305 alio
1585 1267 1744 1305 sensu
1775 1251 1937 1318 hujus
1966 1252 2116 1306 vocis

541 1344 822 1408 dominari,
851 1342 955 1395 illis
982 1342 1322 1402 dominatur;
1365 1344 1430 1397 ad
1462 1358 1583 1398 eum
1619 1342 1732 1398 fere
1759 1345 1978 1398 modum
2008 1359 2116 1414 quo

541 1435 771 1488 dicimus
803 1435 1074 1490 hominem
1102 1435 1288 1490 bestiis
1326 1435 1622 1500 dominari,
1643 1437 1892 1503 quamvis
1907 1441 1986 1490 eis
2008 1453 2114 1490 non

541 1528 850 1582 dominetur
875 1529 1275 1596 persuadendo,
1309 1537 1362 1582 et
1394 1528 1458 1580 ad
1497 1543 1618 1581 cum
1666 1531 1884 1582 modum
1911 1545 2017 1597 quo
2064 1531 2114 1582 in

540 1621 802 1688 quosdam
837 1619 1022 1673 leones
1056 1631 1104 1672 et
1133 1619 1378 1685 jumenta
1417 1619 1700 1686 imperium
1727 1621 1935 1675 obtinet
1959 1623 2002 1674 is
2025 1624 2114 1691 qui

543 1711 631 1763 illa
659 1711 865 1763 domuit
907 1721 961 1764 et
993 1710 1363 1763 condocelecit
1392 1727 1404 1762 :
1443 1719 1816 1764 verumtamen
1871 1712 2003 1764 nihil
2037 1713 2118 1764 in—

542 1811 805 1857 tentatum
832 1802 1108 1870 relinquit,
1130 1811 1187 1854 ut
1225 1803 1327 1854 sibi
1354 1817 1458 1855 non
1497 1803 1861 1870 obsequentes
1894 1819 2114 1874 persua-
2148 1785 2189 1838 Β

538 1895 666 1948 deat
694 1903 748 1948 et
781 1910 878 1948 suo
911 1894 1142 1960 imperio
1177 1891 1389 1946 subdat.
1421 1892 1494 1946 Ex
1533 1894 1688 1947 nobis
1717 1893 1879 1963 igitur
1920 1893 2112 1947 falsum

537 1995 625 2040 est
664 1987 765 2041 hoc
792 1987 934 2054 quod
971 1985 1160 2040 Celsus
1189 1986 1339 2054 quasi
1372 2002 1535 2038 unum
1572 2000 1602 2039 c
1659 1986 1862 2039 nostris
1892 1989 2116 2056 dogma-

542 2079 687 2130 tibus
715 2077 960 2130 adducit:
994 2075 1186 2140 Ecquis
1220 2076 1357 2130 alius
1383 2077 1626 2130 dominus
1667 2079 1764 2130 erit
1805 2076 1939 2146 ejus,
1963 2095 2115 2147 penes

539 2186 690 2234 quem
716 2181 834 2222 sunt
859 2169 1032 2222 omnia
1047 2171 1072 2223 ξ)

613 2260 700 2316 16.
734 2262 932 2314 Deinde
963 2276 1070 2326 res,
1100 2260 1317 2329 Opinor,
1342 2276 1527 2316 rursus
1554 2261 1890 2316 confundens
1912 2277 1978 2317 ex
2007 2264 2114 2319 alia

542 2353 733 2408 IKBI'CSI
751 2362 1030 2406 mutuatur
1049 2355 1220 2407 istud:
1246 2353 1519 2418 Quomodo
1537 2353 1690 2406 multi
1711 2355 1850 2408 circa
1877 2367 2112 2422 puteum,

537 2458 588 2500 et
617 2447 794 2500 nullus
839 2447 890 2500 in
913 2455 1124 2514 puteum
1155 2448 1462 2502 descendit?
1499 2447 1563 2501 Et
1596 2448 1695 2501 hoc
1721 2465 1734 2500 :
1774 2446 1880 2502 Cur
1910 2459 2113 2504 tantum

539 2541 744 2594 itineris
761 2557 997 2593 emensus
1027 2541 1244 2593 timidus
1276 2543 1368 2596 es?
1389 2558 1570 2605 erras;
1599 2551 1685 2596 et:
1714 2539 1804 2594 Est
1827 2544 1963 2595 enim
1987 2544 2113 2598 mihi

540 2629 768 2680 audacia
795 2640 839 2681 et
872 2629 1103 2698 gladius.
1137 2629 1378 2696 Quorum
1407 2630 1539 2684 nihil
1576 2647 1693 2694 nos,
1721 2632 1808 2700 qui
1838 2633 1904 2684 ad
1939 2633 2116 2688 Eccle-

540 2723 675 2775 siam
718 2722 896 2776 asolo
941 2723 1158 2777 Christo
1207 2740 1398 2778 nomen
1437 2724 1724 2778 habentem
1755 2728 2110 2794 pertinemus,

540 2829 728 2869 verum
759 2829 880 2870 esse
931 2815 1183 2869 dicimus.
1215 2815 1339 2870 Haec
1371 2816 1626 2884 prmlatus
1670 2817 1817 2870 addit
1857 2834 1976 2886 qua:
2010 2820 2111 2872 sibi

538 2908 818 2961 existimat
840 2922 959 2961 esse
977 2919 1365 2973 consentanea,
1399 2909 1491 2962 sed
1523 2910 1788 2976 quienihil
1826 2912 1891 2963 ad
1925 2924 2115 2966 nosat-

538 3001 732 3056 tinent.
752 3000 915 3057 N‘obis
931 3003 1072 3057 enim
1089 3001 1250 3074 754
1267 3003 1596 3070 propositum
1611 3014 1687 3056 est
1709 3020 1810 3058 non
1827 3006 2111 3073 quemd.nn

534 3095 718 3149 colere
751 3096 918 3150 Deum
949 3109 1109 3164 quem
1145 3110 1594 3162 supponeremus,
1624 3097 1716 3149 sed
1747 3111 1868 3149 eum
1889 3099 1978 3166 qui
2013 3098 2112 3152 hoc
2139 3127 2180 3181 ε

537 3189 852 3242 universum
894 3186 1136 3240 condidit
1179 3197 1234 3238 et
1291 3185 1554 3253 quidquid
1616 3201 1715 3240 nec
1749 3189 1980 3241 sentitur
2015 3205 2112 3243 nec

541 3287 895 3334 monstratur.
951 3277 1200 3331 Viderint
1246 3277 1342 3340 illi,
1394 3281 1484 3345 qui
1513 3279 1654 3331 viam
1683 3279 1844 3331 aliam
1876 3280 2115 3349 aliasque

516 3371 767 3440 semitas
795 3369 1201 3437 ingrediuntur,
1234 3367 1431 3435 quique
1453 3370 1598 3423 hunc
1629 3382 1913 3436 negantes,
1949 3371 2114 3425 alium

543 3476 734 3515 recens
758 3460 1046 3514 conlictum
1079 3467 1132 3511 et
1153 3457 1372 3512 nomine
1406 3469 1614 3513 tantum
1659 3462 1824 3515 Deum
1859 3477 2116 3518 veneran-

538 3563 633 3607 tur
657 3553 816 3622 quasi
866 3553 1150 3606 conditore
1194 3554 1650 3621 praestantiorem,
1681 3563 1735 3608 et
1765 3554 1810 3608 si
1846 3558 1937 3626 qui
1989 3568 2116 3612 sunt

544 3647 637 3699 alii
673 3646 762 3715 qni
795 3645 982 3699 dicant
1022 3643 1216 3697 Filium
1267 3644 1546 3699 fortiorem
1583 3662 1704 3700 esse
1741 3657 1797 3701 et
1837 3649 2113 3704 dominum

538 3740 662 3807 ejus
702 3752 870 3808 penes
900 3752 1058 3807 quem
1089 3747 1216 3792 sunt
1239 3736 1442 3790 omnia.
1462 3736 1612 3802 Quod
1643 3749 1851 3808 spectat
1877 3742 1942 3794 ad
1972 3743 2114 3795 istud

546 3839 896 3898 prtrceptum,
934 3843 1036 3882 non
1087 3829 1298 3883 duobus
1324 3827 1560 3883 dominis
1593 3831 1936 3885 serviendum
1974 3848 2114 3898 esse,

536 3925 648 3992 jam
682 3925 918 3978 diximus
948 3924 1074 3993 quid
1096 3937 1162 3978 ea
1187 3925 1252 3978 de
1281 3939 1337 3977 re
1367 3924 1520 3978 nobis
1560 3926 1847 3980 videatur:
1886 3942 2006 3982 cum
2037 3929 2116 3981 vi-

540 4019 741 4072 delicet
779 4018 1118 4072 ostendimus
1139 4016 1325 4070 Jesum
1361 4026 1415 4071 et
1447 4016 1730 4071 Dominum
1762 4019 1964 4072 nullam
1995 4034 2116 4074 esse

542 4110 825 4165 seditionis
859 4125 1080 4165 causam
1110 4109 1235 4174 illis,
1270 4110 1361 4178 qui
1394 4125 1556 4179 supra
1590 4125 1808 4164 omnem
1837 4112 2114 4166 doruinum

543 4204 756 4273 erigere
785 4217 845 4258 se
868 4203 1204 4272 proﬁtentes,
1226 4203 1325 4257 soli
1359 4203 1437 4256 illi
1470 4204 1696 4258 Domino
1723 4207 1992 4270 serviunt,
2022 4209 2112 4276 qui

544 4293 817 4350 uDeiFilius
847 4305 903 4349 et
931 4294 1164 4350 Verbum
1201 4304 1303 4348 est.

616 4387 705 4442 Π.
749 4388 877 4443 Post
918 4388 1030 4442 hanc
1059 4387 1364 4453 aitCelsus,
1400 4405 1493 4441 nos
1524 4389 1588 4440 ab
1635 4389 1918 4455 altaribus,
1951 4390 2110 4461 755

2213 526 2310 578 με,
2346 507 2556 576 μείζων
2576 525 2701 578 μου
2727 508 2882 561 ἐστί.
2925 510 3034 562 Καὶ
3073 509 3248 573 οὐδεὶς
3299 507 3459 582 ἡμῶν
3509 512 3664 578 οὕτως
3699 518 3769 587 ἐμ.

2219 599 2510 672 ϐρόντητός
2553 602 2730 664 ἐστιν,
2773 599 2851 662 ὡς
2891 599 3102 669 λέγειν·
3155 602 3358 674 Κύριός
3405 603 3522 656 ἐστι
3557 605 3641 658 τοῦ
3667 607 3766 662 Θεοῦ

2217 693 2246 745 ὁ
2271 691 2398 756 Υἱὸς
2423 692 2514 744 τοῦ
2541 690 2854 762 ἀνθρώπου.
2900 692 3132 762 Κρατεῖν
3158 692 3214 745 δέ
3257 711 3440 763 φαμεν
3467 694 3555 746 τὸν
3586 695 3768 768 Σωτῆρς.

2222 784 2474 854 μάλιστα,
2501 784 2588 836 ὅτε
2767 783 2997 854 νοοῦμεν
3029 783 3189 837 αὑτὸν
3221 784 3356 837 Θεὸν
3384 785 3574 854 Λόγον,
3607 789 3685 840 καὶ
3708 805 3768 841 σι-

2219 875 2368 945 φξαν,
2417 878 2510 930 καὶ
2556 877 2934 950 δικαιοσύνην,
2976 877 3068 932 καὶ
3099 877 3396 947 ἀλήθειαν,
3450 879 3652 932 πάντων
3699 882 3767 951 μὲν

2217 969 2325 1022 τῶν
2355 971 2816 1041 ὑποτεταγμένων
2849 971 3017 1042 αὐτῷ,
3054 970 3188 1023 καθὸ
3257 971 3434 1023 ταῦτὰ
3485 970 3591 1042 (58)
3623 972 3764 1026 ἐστιν·

2217 1061 2331 1114 ἀλλ’
2364 1062 2481 1131 οὐχὶ
2509 1062 2608 1114 καὶ
2637 1062 2730 1115 τοῦ
2773 1062 3106 1136 κρατοῦντος
3141 1061 3305 1115 αὐτὸν
3338 1059 3450 1132 (59)
3482 1064 3678 1135 Πατρός
3702 1065 3766 1119 καὶ

2217 1153 2372 1206 Θεοῦ.
2392 1150 2502 1205 Εἶτ’
2528 1154 2650 1208 ἐπεὶ
2675 1155 2772 1208 οὐκ
2807 1154 3046 1209 ἀκόντων
3069 1153 3240 1223 Λόγος
3270 1157 3483 1226 κρατεῖ,
3520 1157 3620 1208 εἰσὶ
3638 1156 3686 1208 δέ
3708 1174 3765 1209 τι·

2216 1263 2305 1311 νες
2335 1247 2412 1299 ἔτι
2440 1247 2651 1316 φαῦλοι,
2670 1249 2726 1300 ού
2763 1249 2924 1319 μόνον
2956 1250 3253 1320 ἄνθρωποι,
3293 1249 3430 1303 ἀλλὰ
3465 1250 3557 1303 καὶ
3574 1251 3764 1319 ἄγγελοι,

2218 1341 2310 1392 καὶ
2353 1340 2548 1404 πάντες
2592 1341 2882 1411 δαίμονες·
2920 1343 3123 1396 τούτων
3158 1342 3341 1413 φαμὲν
3381 1342 3540 1397 αὐτὸν
3575 1344 3639 1414 μὴ
3673 1362 3768 1416 κρο-

2217 1435 2327 1486 τεῖν
2360 1432 2455 1503 μέν
2501 1451 2607 1497 πω,
2661 1433 2781 1486 ἐπεὶ
2822 1433 2894 1505 μὴ
2937 1434 3156 1499 ἑκόντες
3196 1434 3439 1488 εἴκουσιν
3485 1435 3646 1504 αὐτῷ·
3677 1442 3763 1488 κατ’

2217 1520 2344 1574 ἄλλο
2373 1520 2428 1572 δὲ
2461 1523 2859 1593 σημαινόμενον
2883 1523 2976 1576 τοῦ
3000 1525 3261 1592 κρατεῖν,
3289 1525 3385 1579 καὶ
3407 1525 3581 1578 αὐτῶν
3596 1534 3762 1596 κρατεῖ,

2216 1613 2291 1677 ὡς
2311 1613 2417 1666 τῶν
2440 1614 2651 1684 ἀλόγων
2676 1615 2829 1680 ζώων
2852 1617 3028 1687 φαμὲν
3045 1618 3135 1670 τὸν
3152 1617 3445 1689 ἄνθρωπον
3463 1623 3682 1690 κρατεῖν,
3696 1621 3762 1689 οὐχ

2219 1707 2562 1775 ὑποτάξαντα
2614 1709 2796 1762 αὐτῶν
2828 1709 2888 1762 τὸ
2919 1711 3267 1781 ἡγεμονικὸν,
3323 1711 3402 1775 ὡς
3464 1712 3762 1772 τιθασεεύσας

2220 1805 2412 1871 κρατεῖ
2425 1819 2581 1854 τινων
2605 1801 2834 1855 λεόντων
2853 1803 2944 1856 καὶ
2969 1803 3183 1874 κτηνῶν
3198 1803 3614 1875 δεδαμασμένων
3631 1821 3642 1834 ο

2221 1892 2399 1946 πάντα
2427 1897 2587 1955 ποιεῖ,
2627 1895 2712 1948 ἵνα
2742 1894 2836 1948 καὶ
2867 1896 2992 1958 τοὺς
3020 1897 3138 1948 νυνὶ
3171 1897 3245 1968 μὴ
3281 1895 3625 1966 πειθομένους
3652 1896 3760 1964 αὖτῷ

2220 1983 2412 2049 πείσαις
2439 1986 2692 2059 κρατήσῃ
2716 1986 2813 2040 καὶ
2843 1986 3040 2038 αὐτῶν.
3073 1987 3212 2040 Καθ’
3237 1990 3393 2059 ἡμᾶς
3416 1986 3509 2042 οὖν
3543 1972 3701 2058 tia-369;
3716 1991 3756 2042 τὸ

2219 2075 2322 2129 ὑπὸ
2345 2076 2437 2130 τοῦ
2460 2077 2671 2131 Κέλσου
2691 2078 3004 2150 λεγόμενον,
3028 2080 3102 2144 ὡς
3120 2079 3208 2148 ὑφ’
3231 2081 3265 2151 ἠ
3274 2081 3395 2151 μῶν
3413 2081 3757 2151 ἀπαγγελλόμετ

2219 2184 2329 2233 νον,
2352 2170 2435 2233 τὸ,
2455 2170 2549 2236 Τίς
2568 2168 2761 2236 ἄλλος
2781 2172 3081 2238 κυριεύσει
3112 2172 3218 2226 τοῦ
3249 2173 3601 2240 κρατοῦντος
3616 2173 3748 2237 Θείῦ;

2290 2253 2423 2322 Εἶτ’,
2480 2256 2668 2330 οἶμαι,
2727 2262 2891 2314 πάλιν
2955 2262 3140 2332 φύρων
3201 2265 3275 2318 τὰ
3332 2265 3634 2336 πράγματα,
3670 2266 3748 2319 ἀπὸ

2218 2351 2382 2423 ἄλλης
2399 2353 2658 2424 αἱρέσεως
2679 2354 2832 2425 φέρει
2861 2355 2940 2406 τό·
2968 2355 3102 2420 Πῶς
3124 2356 3347 2409 πολλοὶ
3373 2359 3505 2425 περὶ
3527 2359 3586 2410 τὸ
3604 2359 3751 2426 φρέαρ,

2217 2442 2316 2496 καὶ
2349 2443 2545 2509 οὐδεὶς
2573 2447 2666 2511 εἰς
2693 2445 2759 2497 τὸ
2784 2451 3006 2514 scpéup;
3035 2445 3129 2498 καὶ
3165 2445 3244 2499 τό·
3291 2446 3397 2499 Διὰ
3430 2448 3484 2499 τί
3522 2450 3757 2512 τοσαύτην

2215 2535 2417 2588 ἀνύων
2461 2535 2642 2600 ὁδὸν,
2679 2535 2933 2605 dicatnec
2964 2534 3058 2600 ei;
3100 2536 3400 2590 Λᾶν-θάνε(
3448 2555 3555 2592 σε·
3597 2540 3670 2591 καὶ
3701 2541 3760 2599 τὸ,

2216 2626 2472 2694 Πάρεστι
2514 2626 2624 2697 γάρ
2672 2645 2771 2697 μοι
2807 2628 3030 2695 θάρσος
3064 2629 3160 2682 καὶ
3196 2628 3488 2698 μάχαιρα’
3519 2627 3608 2684 Ἦν
3643 2633 3757 2700 ἡμεῖς

2214 2720 2388 2782 οὐδὲν,
2436 2720 2485 2772 οἱ
2532 2719 2641 2772 ἀπὸ
2687 2719 2786 2789 τῆς
2833 2720 3123 2790 ἐπωνύμου
3181 2721 3428 2792 Χριστοῦ
3499 2723 3757 2791 Ἐκχληείας

2219 2813 2400 2884 μόνου,
2431 2811 2609 2882 φαμὲν
2647 2807 2786 2866 εἶναι
2810 2812 3026 2883 ἀληθές.
3058 2811 3248 2866 Ταῦτα
3279 2813 3343 2884 δὴ
3376 2814 3635 2885 προειπὼν
3657 2815 3760 2866 δοκεί

2217 2903 2490 2958 ἀκόλουθα
2537 2903 2714 2976 ἑαυτῷ
2748 2903 2959 2973 λέγειν,
2998 2903 3068 2957 τὰ
3107 2905 3262 2958 οὐδὲν
3300 2906 3434 2959 ὂντα
3475 2908 3601 2978 πρὸς
3637 2908 3759 2976 ἡμεῖς.

2226 2995 2385 3067 Ἡμῖν
2418 2998 2512 3067 μὲν
2545 2996 2655 3068 γὰρ
2692 2997 2752 3049 τὸ
2788 2996 3156 3069 προκείμενόν
3188 3000 3339 3050 ἐστιν
3383 3001 3483 3054 οὐκ
3520 3000 3575 3063 ἐξ
3613 2999 3761 3052 onus.

2218 3089 2353 3154 σεώς
2397 3107 2518 3144 τινα
2559 3089 2736 3143 σέϐειν
2764 3090 2895 3142 Θεὸν
2920 3131 2934 3154 ,
2973 3089 3109 3142 ἀλλά
3149 3089 3242 3142 τὸν
3297 3091 3455 3144 τοῦδε
3494 3092 3579 3145 τοῦ
3614 3091 3762 3151 παντὸς

2224 3183 2316 3236 καὶ
2342 3182 2502 3236 ἄλλου
2549 3181 2858 3235 οὑτινοσοῦν
2895 3181 3258 3254 μὴάζσθητοῦ
3297 3184 3436 3254 μηδὲ
3472 3184 3760 3254 samum

2216 3275 2563 3344 δημιουργόν.
2596 3274 2844 3326 Εἵσονται
2885 3274 2942 3326 δὲ
2977 3275 3027 3326 οἱ
3067 3273 3235 3344 ἄλλην
3265 3275 3387 3328 ὁδὸν
3422 3277 3518 3329 καὶ
3551 3277 3663 3330 ἄλλα
3695 3273 3760 3327 κέ-

2217 3367 2378 3420 λευθα
2415 3366 2753 3437 βαδίζοντες,
2796 3367 2889 3420 καὶ
2926 3365 3114 3418 τοῦτον
3161 3366 3264 3436 μὲν
3309 3368 3637 3440 ἀρνούμενοι,
3673 3385 3760 3419 και-

2217 3459 2408 3513 νοειδεῖ
2428 3457 2483 3510 δὲ
2511 3457 2896 3528 ἀναπλάσματι
2941 3458 3032 3510 καὶ
3063 3458 3294 3529 ὀνόματι
3334 3460 3497 3529 μόνον
3524 3459 3640 3514 Θεοῦ
3670 3461 3756 3511 ἑαν-

2216 3552 2362 3613 τοῦς,
2389 3549 2464 3612 ὡς
2500 3548 2708 3619 μείζονι
2742 3549 2834 3602 τοῦ
2869 3549 3229 3622 δημιουργοῦ,
3265 3551 3653 3614 ἐπιδεδωκότες,
3691 3549 3756 3602 καὶ

2195 3641 2374 3704 -εἴτις
2406 3640 2492 3711 ἄρ’
2520 3639 2661 3703 ἐστὶ,
2688 3637 2860 3708 λέγων
2891 3641 3241 3713 ἰσχυρότερον
3273 3639 3416 3696 εἶναι
3441 3645 3530 3697 τὸν
3557 3642 3663 3695 Υξὺν
3693 3643 3759 3692 καὶ

2219 3733 2420 3805 Κύριον
2432 3732 2522 3786 τοῦ
2541 3731 2868 3804 κρατοῦντος
2879 3732 3034 3787 Θεοῦ.
3052 3733 3507 3806 Ἀποδεδὼκαμεν
3521 3735 3574 3788 δὲ
3591 3735 3663 3788 τὸν
3674 3750 3760 3800 φαι-

2219 3823 2439 3894 νόμενον
2470 3825 2600 3894 ἡμῖν
2624 3821 2778 3891 λόγον
2809 3823 2888 3885 εἰς
2910 3824 2971 3876 τὸ
3003 3823 3078 3894 μὴ
3111 3824 3222 3877 δεῖν
3235 3825 3360 3878 δυσὶ
3381 3821 3758 3898 κυρίοιςδουλεύ-

2219 3933 2317 3970 ειν·
2349 3917 2437 3970 ὅτε
2454 3916 2546 3968 καὶ
2563 3916 3004 3986 παρεστήσαμεν,
3031 3917 3306 3987 μηδεμίαν
3333 3919 3522 3973 στάσιν
3560 3917 3664 3986 περὶ
3693 3915 3762 3968 τὴν

2231 4007 2436 4078 Ἰησοῦν
2452 4009 2544 4060 καὶ
2560 4007 2763 4077 Κύριον
2780 4007 3200 4062 ἀποδείκνυσθαι
3218 4009 3482 4064 δύνασθαι
3495 4014 3548 4064 ὲν
3561 4013 3655 4072 τοῖς
3668 4009 3760 4076 ὁμο-

2218 4097 2466 4167 λογοῦσιν
2492 4098 3032 4170 ὑπεραναόεϐηκέναι
3061 4099 3164 4170 μὲν
3199 4101 3379 4156 πάντα
3401 4105 3612 4175 Κύριον,
3645 4100 3758 4171 μόνῳ

2217 4193 2274 4247 δὲ
2308 4193 2494 4264 Κυρίῳ
2525 4192 2792 4247 δουλεύειν
2831 4192 2908 4264 τῷ
2931 4191 3048 4264 Υἱῷ
3072 4192 3165 4246 τοῦ
3194 4193 3335 4248 Θεοῦ
3353 4181 3464 4250 ’καὶ
3489 4196 3630 4266 Λόγῳ
3652 4194 3754 4265 (60).

2288 4390 2443 4445 Μετὰ
2483 4391 2654 4446 ταῦτα
2695 4391 2791 4446 δὲό
2834 4394 3038 4458 Κέλσος
3093 4396 3292 4466 φησίν·
3355 4397 3538 4468 ’Πμᾶς
3562 4395 3753 4465 ,ϐωμιιίθεῖ

543 4482 754 4547 statuis,
799 4481 1003 4549 templis
1051 4481 1306 4549 erigendis
1369 4481 1668 4549 abhorrere,
1713 4484 1837 4553 quia
1882 4485 2012 4549 lucc,
2067 4493 2114 4538 ul

2226 4485 2326 4538 καὶ
2346 4485 2657 4554 ἀγάλματα
2689 4484 2785 4537 καὶ
2815 4484 2964 4550 νεὼς
2988 4484 3265 4553 ἱδρῦσθαι
3301 4489 3562 4558 φεύγειν
3587 4486 3690 4540 ἐπεὶ
3711 4485 3754 4535 τὸ

613 4636 726 4709 (57)
769 4639 927 4692 Ὅτε.
966 4637 1144 4694 Mallet
1173 4637 1400 4694 Gnietus
1427 4639 1530 4692 ὅτι.

640 4708 730 4774 58⁷)
776 4709 988 4765 Ταῦτα.
1024 4710 1166 4762 Idem
1204 4710 1385 4762 mallet
1409 4709 1652 4765 τοιαῦτα.

640 4709 730 4774 58)
776 4709 988 4765 Ταῦτα.
1024 4710 1166 4762 Idem
1204 4710 1385 4762 mallet
1409 4709 1652 4765 τοιαῦτα.

613 4709 728 4864 ξ59)
767 4781 984 4860 λξὺτόν.
1008 4780 1611 4864 lSubaudi‘xpg'teivnni
1648 4773 1826 4851 legere
1860 4784 2016 4839 malis
2051 4779 2118 4837 αῦ

545 4852 637 4922 vel
653 4850 1022 4922 καύτοῦαιυοιι
1052 4851 1286 4922 pendeat
1315 4868 1343 4902 ιι
1362 4851 1591 4922 Πατρός.

618 4919 730 4991 (ϐυ)
766 4921 875 4974 Καὶ
909 4922 1100 4990 Λόγῳ.
1129 4918 1252 4973 Haec
1278 4922 1332 4974 in
1364 4918 1520 4975 antea
1551 4923 1711 4978 editis
1747 4925 1945 4979 omissa
1973 4936 2122 4986 sunt,

542 5001 598 5045 et
639 4993 997 5044 restituuntur
1027 5006 1055 5044 e
1090 5007 1222 5044 mss.

619 5059 732 5132 (6t)
783 5059 957 5132 Ἠμᾶς
996 5058 1259 5129 βωμοὺς,
1291 5061 1404 5132 -καὶ
1433 5061 1777 5132 ἀγάλματα,
1821 5067 1920 5119 καὶ
1965 5065 2114 5131 νεὼς

546 5129 822 5204 ἱδρύονθᾳι
854 5131 1114 5204 φεύγειν,
1145 5129 1399 5204 eteLPro
1445 5129 1690 5204 ἱδρῦσθαι
1737 5137 1920 5190 ntallet
1952 5129 2116 5192 Gnie;

551 5213 632 5276 tus
670 5199 982 5276 ζδρύεσθοιι.
1010 5202 1164 5269 Apud
1193 5199 1520 5276 _M_in_utium'_
1545 5204 1821 5276 felicem,
1856 5223 1975 5276 pag.
2025 5206 2115 5267 i5,

546 5267 804 5325 Cmcilius
865 5272 1004 5325 idem
1063 5267 1206 5340 quod
1239 5271 1428 5326 Celsus
1473 5272 1657 5338 objicit
1703 5293 1716 5328 :
1781 5267 1892 5328 Cur
1926 5267 2116 5330 "nullm

550 5353 673 5410 aras
709 5340 920 5410 habent,
960 5342 1151 5410 templa
1213 5343 1392 5406 nulla,
1426 5345 1572 5397 nulla
1625 5363 1748 5398 nata
1784 5349 2116 5400 simulacra?

551 5407 649 5459 Cui
699 5409 954 5486 ()ctavius
1005 5407 1190 5486 eodem
1243 5411 1355 5486 fere
1401 5415 1560 5466 modo
1608 5431 1668 5468 ac
1717 5417 1979 5486 Origenes
2029 5433 2118 5469 re-

556 5479 828 5545 spondens
860 5496 982 5548 pag.
1007 5483 1097 5546 95,
1135 5483 1212 5536 ait
1238 5500 1252 5536 :
1282 5482 1492 5537 Putatis
1527 5496 1698 5538 autent
1730 5479 2117 5540 nos'occultare

553 5550 691 5615 quod
741 5550 981 5614 colimus,
1018 5556 1063 5605 si
1119 5552 1335 5606 delubra
1387 5564 1434 5607 et
1502 5571 1624 5610 aras
1672 5573 1774 5609 non
1825 5558 2118 5611 habemus?

554 5619 709 5694 Quod
744 5621 879 5671 enim
906 5621 1256 5694 simulacrum
1292 5623 1398 5676 Deo
1433 5625 1662 5694 fingam,
1707 5643 1856 5688 cum,
1903 5630 1946 5681 si
1984 5639 2118 5681 recte

554 5689 838 5765 existimes,
871 5690 938 5741 sit
966 5692 1060 5744 Dei
1095 5693 1247 5745 homo
1280 5694 1386 5760 ipse
1426 5689 1809 5750 simulacrum?
1852 5697 2115 5765 Templum

552 5761 691 5827 quod
725 5760 771 5813 ei
804 5771 1094 5827 exsiruam,
1121 5778 1234 5815 cum
1268 5774 1406 5818 totus
1448 5764 1528 5818 hic
1561 5768 1786 5820 mundus
1818 5769 1928 5838 ejus
1966 5760 2116 5838 opere

2183 4643 2188 4648 ’
2227 4641 2518 4712 fabricatus
2575 4658 2692 4695 eum
2740 4659 2923 4711 capere
2948 4660 3078 4697 snon
3132 4645 3346 4712 possit?
3393 4644 3601 4698 Etcum
3635 4642 3754 4694 homo

2227 4713 2389 4766 latius
2439 4728 2717 4773 maneam,
2766 4715 2907 4764 intra
2960 4730 3122 4766 unam
3170 4715 3456 4768 aediculam
3503 4716 3596 4768 vim
3629 4720 3754 4766 tanta

2228 4782 2520 4850 ntajeslatis
2552 4781 2862 4836 includam?
2900 4780 3090 4837 Nonne
3121 4785 3315 4837 melius
3363 4786 3419 4837 in
3448 4795 3612 4839 nostra
3639 4781 3754 4833 dedi-

2229 4859 2428 4906 candus
2454 4863 2544 4934 “est
2568 4853 2780 4934 met-tte?
2916 4865 3094 4934 nostro
3138 4854 3248 4934 imo
3299 4854 3664 4934 (miser-rendus
3697 4859 3751 4900 est

2230 4925 2476 4991 pectore?
2517 4923 2786 4976 Arnobius
2822 4923 2976 4977 initio
3021 4923 3151 4980 libri
3197 4923 3363 4978 sexti'
3390 4927 3621 4977 aduersus
3654 4935 3752 4987 gen-

2233 5005 2306 5046 tes
2329 5007 2348 5045 :
2379 4992 2443 5046 In
2487 4995 2584 5045 ltac
2628 4995 2796 5054 εηὶηι,
2835 4995 3041 5063 inquit},
3073 4997 3369 5048 consuestis
3418 5007 3558 5062 parte
3596 4997 3750 5045 crimen

2223 5065 2372 5117 nobis
2399 5065 2687 5117 maximum
2720 5063 3002 5132 impietatis
3033 5064 3262 5132 afﬁgere,
3301 5066 3443 5134 quod
3479 5080 3625 5131 neque
3646 5063 3751 5112 alia

2221 5149 2400 5187 sacras
2423 5135 2790 5204 uenerationis
2813 5135 2882 5187 ad
2913 5134 3077 5204 oﬂicia
3109 5146 3506 5201 construamus,
3534 5150 3626 5204 non
3650 5135 3747 5182 dea-

2223 5220 2342 5256 rum
2376 5202 2600 5273 alicujus
2632 5202 2978 5257 simulacrum
3009 5206 3396 5260 constituamus
3428 5217 3517 5258 aut
3546 5203 3745 5270 fortnam.

2224 5290 2328 5326 non
2361 5275 2554 5326 altaria
2591 5273 2929 5339 fabricemus,
2955 5291 3056 5328 non
3085 5291 3230 5338 aras,
3261 5287 3372 5331 etc.
3407 5274 3532 5330 Πιες
3563 5291 3642 5328 nos
3665 5287 3751 5321 ces-

2221 5360 2400 5396 samus
2431 5344 2505 5398 vel
2535 5345 2866 5411 exaediﬁcare
2890 5346 2965 5398 vel
2991 5345 3187 5412 facere,
3210 5358 3318 5400 etc.
3344 5345 3589 5412 Nunqu‘d
3618 5344 3747 5396 Dem

2223 5414 2454 5467 delubris
2509 5425 2597 5467 aut
2647 5415 2960 5482 templorum
3013 5418 3491 5471 constructionibus
3554 5415 3747 5482 honotaj

2225 5485 2381 5536 mus?
2421 5478 2861 5540 Lactantius'lib.
2894 5500 2954 5549 Il,
2989 5501 3104 5554 cap.
3134 5487 3168 5538 ‘2
3198 5504 3213 5540 :
3252 5488 3394 5552 Quid
3426 5486 3518 5540 sibi
3557 5478 3747 5548 templa?

2225 5554 2352 5623 quid
2375 5571 2484 5608 ara:
2515 5555 2730 5609 volunt?
2766 5557 2890 5624 quid
2929 5557 3152 5624 denique
3201 5559 3315 5626 ipsa
3356 5556 3626 5610 simulacra
3659 5563 3744 5626 qutt-

2226 5615 2316 5677 ιίιιι
2379 5635 2706 5678 mortuorum
2754 5615 2844 5678 u'ut
2902 5615 3194 5679 absentium
3223 5615 3558 5681 'monimeuta
3616 5615 3746 5674 sunt?

2224 5695 2351 5748 Item
2384 5695 2438 5748 itt
2471 5696 2575 5748 line
2597 5695 2720 5748 libri
2745 5695 2817 5748 De
2847 5699 2927 5750 ira
2951 5696 3085 5749 Dei:
3116 5695 3198 5751 Sit
3233 5699 3401 5760 nobis,
3434 5695 3612 5762 inquit,
3641 5689 3746 5762 θέω

2227 5781 2329 5818 non
2363 5765 2415 5819 in
2446 5765 2670 5836 templis,
2705 5769 2793 5821 sed
2829 5767 2882 5820 in
2917 5767 3072 5820 corde
3107 5779 3284 5822 nostra
3315 5757 3646 5823 consecratus.
3667 5757 3746 5810 Ds-
