3846 6406
180 313 301 369 Ιῧέιὸ

1314 305 1595 362 CONTRA
1634 304 1913 362 CELSUM
1953 304 2079 360 LIB.
2122 304 2260 362 VIII.

3283 314 3304 366 I
3320 313 3426 369 546

172 427 356 481 τούτων
385 424 495 498 (67)
526 422 1041 495 ἀγαλματοποιοῦσι,
1076 426 1169 477 καὶ
1197 426 1347 479 ἄλλοι
1374 427 1454 479 ἔτι
1496 429 1590 481 καὶ
1621 427 1729 481 τῶν

1843 428 2121 497 Olympius
2144 442 2173 480 a
2200 426 2393 481 Pliidia
2421 425 2752 482 fabrefactus
2788 442 2854 484 ne
2876 428 3183 499 comparari
3202 430 3424 499 quidem

166 518 415 589 δευτέρων
464 518 703 581 ἔλαττον,
760 518 853 571 καὶ
902 517 1239 585 ἁπαξαπλῶς
1284 519 1452 590 πολλὴ
1504 521 1734 592 διαφορά

170 612 271 661 ἐστι
306 607 404 677 τῆς
436 608 546 660 τῶν
587 606 914 677 ἀγαλμάτων
948 608 1041 660 καὶ
1070 607 1295 660 εἰκόνων
1344 609 1693 677 κατασκευῆς
1716 625 1728 637 ο

164 701 245 754 τὸν
270 699 427 752 αὑτὸν
467 700 662 770 τρόπον
704 699 752 751 οἱ
794 699 892 769 μέν
918 698 1061 762 τινές
1101 701 1207 751 εἰσι
1256 698 1537 763 ποιοῦντες
1565 699 1735 769 ἀγάλο

168 807 302 860 ματα
329 788 423 840 τοῦ
469 789 564 841 ἐπὶ
607 789 738 840 πᾶσι
768 786 902 840 Θεοῦ
947 786 1157 856 βέλτιον
1201 787 1295 840 καὶ
1339 787 1479 840 κατὰ
1523 788 1733 842 τελείαν

1845 518 2014 585 possit
2052 521 2118 571 ad
2145 532 2292 580 eum,
2322 517 2411 585 qui
2444 516 2737 570 secundum
2763 518 3050 588 imaginem
3091 516 3185 573 Dei
3210 531 3425 575 creato-

1846 607 1920 659 ris
1957 615 2302 661 constructus
2351 614 2452 660 est.
2513 604 2778 660 Omnibus
2843 623 2973 663 vero
3003 623 3121 677 quae
3159 610 3208 662 in
3261 610 3423 665 rebus

1842 697 2040 750 creatis
2068 705 2211 757 sunt,
2241 695 2399 764 longe
2429 693 2723 763 perfectius
2750 696 3100 752 simulacrum
3131 706 3184 753 et
3231 699 3422 754 excel-

1846 787 2040 841 lentius
2060 787 2112 840 iu
2131 785 2415 841 Salvatore
2434 800 2623 843 nostro
2646 789 2835 858 estqui
2854 788 3017 843 dicit:
3048 789 3209 844 Pater
3234 791 3288 845 in
3312 806 3419 848 me.

164 886 490 956 ἐπιστήμην,
542 885 615 949 ὡς
668 885 933 956 μηδεμίαν
996 880 1136 938 εἷναι
1203 887 1492 956 σύγκρισιν
1536 885 1631 939 τοῦ
1674 885 1777 938 ὑπὸ
1818 884 2024 938 Φειδίου
2076 882 2610 948 κατασκευασθέντος
2660 884 2953 956 Ὀλυμπίου
2995 883 3116 949 Διὸς
3156 885 3289 957 πρὸς
3326 886 3422 939 τὸν

163 977 657 1033 κατασκευασθέντα
682 979 1006 1033 κατέἰκόνα
1024 978 1118 1031 τοῦ
1143 978 1427 1042 κτίσαντος
1448 978 1541 1031 τοῦ
1565 980 1721 1033 Θεοῦο
1765 989 1983 1035 πάντων
2016 979 2071 1032 δὲ
2113 978 2219 1031 τῶν
2263 980 2321 1033 ὲν
2367 978 2465 1052 ὅλῃ
2521 982 2589 1051 τῇ
2631 978 2806 1034 κτίσει
2852 979 3030 1050 πολλῷ
3071 980 3277 1050 βέλτιον
3326 981 3422 1036 καὶ

162 1072 412 1143 ὑπερέχον
461 1074 609 1126 ἐστὶν
655 1075 714 1126 ἐν
758 1073 835 1144 τῷ
880 1074 1091 1145 Σωτῆρι
1139 1074 1316 1146 ἡμῶν,
1366 1074 1445 1146 τῷ
1495 1075 1725 1145 λέγοντι·
1775 1078 1837 1131 '0
1863 1075 2059 1144 πατὴρ
2091 1076 2159 1129 ἐν
2191 1075 2342 1145 ἐμοί.

222 1164 329 1217 Καὶ
346 1166 404 1216 ὲν
435 1165 649 1236 ἑκάστῳ
679 1166 733 1219 δὲ
762 1166 868 1219 τῶν
892 1166 1033 1220 κατά
1054 1166 1284 1239 δύναμιν
1313 1169 1523 1223 ἐκεῖνον
1552 1171 1646 1224 καὶ
1672 1172 1729 1223 ἐν

158 1260 317 1330 τούτῳ
366 1262 765 1331 μιμησαμένων
811 1262 959 1315 ἐστὶν
1008 1262 1232 1333 ἄγαλμα
1271 1261 1334 1316 τὸ
1378 1265 1498 1317 κατ’
1544 1265 1731 1319 εἰκόνα

156 1351 241 1404 τοῦ
272 1353 577 1416 κτίσαντος,
608 1355 744 1424 ὅπερ
776 1354 1246 1419 κατασκευάζουσι
1286 1355 1363 1425 τῷ
1390 1358 1583 1428 ὲνορᾷν
1613 1358 1731 1429 Θεῷ

157 1446 359 1515 καθαρᾷ
407 1446 629 1519 καρδίᾳ,
678 1448 913 1517 μιμηταὶ
950 1447 1223 1518 γινόμενοι
1264 1448 1358 1501 τοῦ
1409 1448 1565 1501 Θεοῦ.
1621 1451 1731 1503 Καὶ

156 1537 483 1601 ἁπαξαπλῶς
512 1538 714 1602 πάντες
753 1539 1069 1610 Χριστιανοὶ
1107 1539 1325 1604 ὁποίους
1364 1539 1589 1612 εἴπομεν
1620 1540 1729 1611 βω-

158 1630 300 1697 μοὺς,
328 1629 423 1681 καὶ⁸
446 1630 610 1682 ὁποῖα
638 1630 1061 1701 παρεστήσαμεν
1090 1630 1401 1702 ἀγάλματα,
1432 1632 1730 1703 πειρῶνται

1905 1170 1990 1226 l8.
2028 1170 2123 1223 Est
2149 1170 2313 1223 etiam
2345 1169 2396 1223 in
2424 1167 2651 1239 singulis
2691 1167 2876 1238 justis,
2910 1168 3060 1222 illum
3121 1169 3223 1224 hac
3255 1170 3311 1226 in
3362 1186 3423 1227 re

1833 1260 2011 1330 quoad
2048 1265 2275 1328 possunt
2306 1257 2670 1321 imitantibus,
2708 1258 3061 1312 simulacrum
3116 1260 3421 1315 secundum

1834 1352 2124 1423 imaginem
2153 1349 2494 1405 Conditoris:
2521 1352 2665 1418 quod
2713 1350 3073 1406 simulacrum
3101 1348 3419 1421 eﬂ‘ormant,

1832 1458 1954 1498 cum
1989 1443 2155 1497 Deum
2187 1454 2320 1511 puro
2350 1441 2518 1495 corde
2548 1439 3015 1509 contemplantur,
3048 1440 3253 1510 Deique
3283 1441 3411 1497 imi—

1839 1543 2042 1588 latores
2075 1531 2229 1586 ﬁunt.
2263 1531 2317 1585 In
2374 1545 2583 1585 summa
2630 1530 2927 1585 Christiani
2977 1545 3167 1585 omnes
3218 1531 3415 1585 altaria

1836 1635 1891 1681 et
1921 1624 2213 1679 simulacra
2239 1632 2523 1678 exstruere
2544 1631 2835 1688 conantur,
2869 1622 3170 1690 cujusmodi
3198 1637 3227 1676 a
3256 1624 3414 1679 nobis

156 1720 388 1791 ἰδρύσθαι
421 1720 558 1792 (68),
591 1723 689 1775 οὐκ
716 1721 897 1793 ἄψυχα
922 1724 1016 1777 καὶ
1043 1724 1364 1797 ἀναίσθητα,
1401 1725 1519 1778 οὐδὲ
1544 1726 1628 1777 δαι
1638 1725 1730 1795 μό-

1843 1713 2102 1780 evplicata
2134 1720 2283 1775 sunt,
2316 1726 2423 1764 non
2467 1712 2704 1765 inanima
2736 1721 2791 1765 et
2839 1726 2997 1766 sensu
3032 1713 3262 1782 privata,
3304 1728 3412 1768 non

152 1829 248 1864 νων
318 1811 521 1881 λίχνων
573 1812 969 1885 ὲφεδρευόντων
1028 1818 1141 1878 τοῖς
1199 1815 1426 1886 ἀψύχοις
1483 1814 1727 1879 δεκτικὰ,

152 1902 275 1956 ἀλλὰ
300 1903 620 1973 πνεύματος
660 1904 794 1958 Θεοῦ
822 1910 934 1971 τοῖς
970 1907 1280 1979 εἰρημένοις
1319 1906 1599 1978 ἀγάλμασι
1632 1906 1731 1977 τῆς

149 1994 359 2063 ἀρετῆς,
391 1994 491 2046 καὶ
514 1993 591 2065 τῷ
615 1997 733 2048 κατ’
758 1995 941 2049 εἰκόνα
974 1997 1068 2050 τοῦ
1096 1997 1396 2063 κτίσαντος,
1416 1998 1490 2060 ὡς
1513 1997 1730 2060 οἰκείοις

149 2084 573 2156 ἐπιδημοῦντος·
617 2086 759 2140 οὕτω
786 2088 843 2141 δὲ
889 2090 980 2141 καὶ
1012 2089 1073 2141 τὸ
1113 2088 1327 2159 πνεῦμα
1364 2088 1458 2141 τοῦ
1492 2087 1728 2159 Χριστοῦ

146 2177 265 2240 τοῖς,
310 2177 375 2230 ἶν’
416 2177 596 2242 οὕτως
634 2177 906 2249 ὀνομάσω,
951 2180 1297 2251 συμμόρφοις
1328 2178 1589 2249 ὲφιξάνει.
1620 2179 1730 2231 Καὶ

144 2268 354 2321 τοιαῦτά
377 2287 447 2339 γε
482 2269 805 2341 βουλόμενος
835 2273 1186 2343 παραστῆσαι
1217 2274 1244 2325 6
1269 2270 1363 2323 τοῦ
1397 2271 1532 2324 Θεοῦ
1556 2271 1729 2339 Λόγος

144 2361 411 2435 ἀνέγραψε
451 2362 544 2415 τὸν
586 2362 685 2432 μὲν
727 2362 859 2418 Θεὸν
895 2365 952 2415 ὲν
995 2364 1299 2435 ἐπαγγελίᾳ
1350 2366 1462 2427 τοῖς
1501 2363 1728 2426 δικαίοις

142 2451 374 2522 λέγοντα·
429 2454 764 2521 Ἐνοικήσω
794 2455 864 2508 ἐν
891 2455 1115 2519 αὐτοῖς,
1143 2455 1242 2508 καὶ
1266 2453 1730 2523 ἐμπεριπατήσω

139 2544 204 2598 ἐν
246 2546 481 2612 αὐτοῖς,
539 2545 636 2598 καὶ
672 2546 886 2614 ἔσομαι
934 2545 1132 2600 αὐτῶν
1184 2546 1350 2612 Θεὸς,
1402 2547 1500 2599 καὶ
1555 2546 1727 2600 αὐτοὶ

140 2634 375 2691 ἔσονταί
405 2654 536 2705 μου
562 2638 713 2702 λαός
744 2636 887 2706 (69)·
916 2637 1007 2690 τὸν
1035 2636 1091 2689 δὲ
1125 2638 1352 2709 Σωτῆρα
1384 2654 1397 2667 ·
1468 2637 1609 2691 Ἐάν
1639 2655 1729 2703 τις

140 2726 319 2797 ἀκούῃ
358 2747 491 2796 μου
533 2728 677 2796 τοὺς
706 2730 944 2800 λόγους,
991 2730 1088 2782 καὶ
1136 2729 1281 2799 ποιῇ
1321 2730 1565 2797 αὐτοὺς,

140 2818 225 2871 καί
270 2822 303 2872 d
347 2819 565 2888 Πατήρ
607 2838 726 2889 μου
774 2821 1146 2889 ἐλευσόμεθα
1193 2821 1343 2890 πρὸς
1385 2823 1593 2889 αὐτὸν,
1631 2821 1731 2875 καὶ

134 2908 324 2977 μονὴν
355 2912 505 2979 παρ’
541 2911 701 2977 αὐτῷ
733 2913 1121 2981 ποιησόμεθα.
1158 2912 1567 2979 Συνεξεταζέτω
1595 2912 1728 2981 γοῦν

138 3004 163 3053 6
192 3002 521 3075 βουλόμενος
559 3003 796 3074 βωμοὺς,
842 3004 939 3069 οὒς
968 3004 1335 3077 διηγησάμην,
1372 3005 1574 3078 βωμοῖς
1600 3003 1680 3071 οἷς
1702 3009 1731 3061 ό

139 3091 338 3156 Κέλσος
369 3093 551 3161 λέγει,
587 3092 679 3145 καὶ
712 3093 1005 3163 ἀγάλματα
1035 3095 1093 3147 ὲν
1134 3098 1199 3166 τῇ
1234 3095 1341 3149 τῶν
1365 3096 1731 3151 εὐσεϐούντων

139 3187 212 3248 εἰς
239 3186 329 3239 τδν
359 3186 476 3240 τῶν
516 3185 654 3238 ὅλων
691 3184 823 3238 Θεὸν
852 3184 1021 3256 ψυχῇ,
1053 3187 1336 3258 ἀγάλμασι
1376 3188 1604 3253 Φειδίου,
1640 3189 1733 3242 καὶ

142 3276 526 3340 Πολυκλείτου,
565 3274 796 3329 καὶτῶν
830 3276 1257 3348 παραπλησίων·
1297 3278 1391 3331 καὶ
1426 3279 1613 3349 σαφῶς
1652 3279 1733 3333 εῖ-

141 3386 302 3434 σειιαι,
340 3372 539 3424 ἐκεῖνα
575 3369 674 3439 μὲν
714 3368 806 3422 καὶ
840 3370 1023 3441 ἀψυχα
1063 3367 1200 3426 εἶναι
1235 3373 1329 3427 καὶ
1363 3375 1540 3446 χρόνῳ
1576 3374 1732 3444 φθει-

140 3462 352 3533 ρόμενα,
380 3461 565 3515 ταῦτα
586 3461 644 3513 δὲ
671 3463 728 3514 ἐν
750 3464 816 3533 τῇ
849 3461 1101 3534 ἀθανάτῳ
1129 3464 1310 3535 μένειν
1331 3464 1498 3538 ψυχῇ,
1524 3468 1584 3531 ἐς
1610 3469 1733 3522 ὅσον

139 3554 308 3623 μένειν
337 3557 401 3608 ὲν
428 3555 576 3625 αὑτῇ
612 3554 718 3626 (70)
749 3558 782 3627 ἡ
814 3555 1004 3628 λογιγὴ
1028 3556 1173 3628 ψυχὴ
1204 3556 1470 3628 βούλεται.

198 3647 260 3699 Εἰ
299 3646 359 3699 δὲ
395 3646 497 3699 καὶ
542 3646 706 3709 ναοὺς
746 3650 892 3711 ναοῖς
928 3648 1009 3702 δεῖ
1050 3649 1404 3719 παραϐαλεῖν,
1441 3650 1529 3704 ἵνα
1559 3668 1736 3724 παρα-

133 3737 419 3808 στήσωμεν
435 3740 558 3800 τοῖς
574 3737 991 3809 ἀποδεχομένοις
1010 3739 1079 3793 τά
1108 3741 1340 3805 Κέλσου,
1367 3742 1449 3795 ὅτι
1474 3742 1609 3807 νεὼς
1637 3744 1734 3815 μὲν

135 3829 408 3900 ἱδρύεσθαι
458 3831 593 3892 τοὺς
639 3830 948 3899 πρέποντας
978 3834 1091 3891 τοῖς
1118 3833 1426 3905 εἰρημένοις
1454 3835 1735 3907 ἀγάλμασι

133 3921 218 3974 καὶ
252 3922 469 3992 βωμοῖς
501 3922 565 3973 οὐ
610 3920 900 3991 φεύγομεν*
939 3923 1315 3995 ἐκτρεπόμεθα
1354 3925 1411 3978 δὲ
1452 3926 1529 3997 τῷ
1556 3927 1735 3997 πάσης

132 4010 269 4083 ζωῆς
315 4010 555 4084 χορηγῷ
581 4011 823 4081 ἀψύχους
863 4014 954 4065 καὶ
983 4014 1210 4085 νεκροὺς
1240 4015 1538 4087 οἰκοδομεῖν
1566 4016 1699 4081 νεώς
1717 4033 1731 4048 ·

130 4103 371 4158 ἀκουέτω
401 4105 434 4155 6
470 4102 817 4174 βουλόμενος,
848 4104 969 4158 τίνα
1015 4107 1214 4177 τρόπον
1248 4106 1630 4179 διδασκόμεθα,
1654 4109 1735 4161 ὅτι

130 4196 193 4249 τὰ
214 4197 455 4268 σώματα
476 4198 511 4267 ἠ
524 4194 643 4266 μῶν
668 4196 793 4259 ναὸς
809 4196 901 4249 τοῦ
931 4197 1065 4251 Θεοῦ
1083 4199 1217 4252 ἐστι·
1242 4199 1336 4252 καὶ
1356 4199 1410 4251 εί
1428 4216 1514 4263 τις
1536 4200 1624 4253 διά
1638 4201 1737 4271 τῆς

130 4288 427 4353 ἀκολασίας
452 4289 488 4359 ἣ
516 4288 618 4358 τῆς
641 4288 916 4359 ἁμαρτίας
948 4289 1159 4361 φθείρει
1177 4290 1269 4345 τὸν
1298 4291 1424 4346 ναὸν
1452 4290 1546 4344 τοῦ
1574 4291 1733 4357 Θεοῦ,

127 4373 275 4445 οὗτος
298 4383 379 4445 ὡς
407 4379 638 4450 ἀληθῶς
662 4380 867 4452 ἀσεϐὴς
890 4382 970 4445 εἰς
990 4382 1080 4435 τὸν
1107 4382 1283 4453 ἀληθῆ
1305 4383 1431 4437 ναὸν
1458 4383 1736 4455 φθαρήσε-

1835 1803 2147 1872 gulosorum
2183 1802 2483 1857 daemonum
2510 1803 2674 1857 rebus
2698 1802 2953 1858 inanimis
2988 1804 3296 1859 deditorum
3325 1819 3415 1859 re-

1833 1895 2139 1965 ceptacula,
2174 1895 2267 1949 sed
2309 1895 2505 1948 idonea
2541 1894 2606 1947 ad
2642 1892 3009 1962 recipiendum
3041 1893 3133 1947 Dci
3162 1895 3411 1963 spiritum

1833 1970 1926 2059 qui
1973 1990 2027 2043 in
2060 1988 2220 2043 dictis
2250 1990 2512 2043 virtutum
2540 1984 2854 2041 simulacris
2891 1993 2945 2039 et
2966 1986 3146 2039 anima
3177 1987 3246 2041 ad
3278 1986 3414 2040 ima-

1835 2084 2019 2151 ginem
2069 2081 2350 2137 Creatoris
2385 2084 2725 2136 conformata
2777 2086 3040 2147 tanquam
3079 2079 3131 2134 in
3180 2080 3416 2150 propriis

1838 2173 2137 2228 inhabitat:
2173 2174 2250 2229 sic
2277 2182 2331 2228 et
2355 2173 2557 2228 Christi
2586 2172 2810 2242 spiritus
2838 2171 3036 2226 insidet
3064 2174 3202 2235 suis,
3233 2182 3292 2226 ut
3334 2173 3412 2227 ita

1834 2268 2050 2336 loquar,
2076 2264 2475 2320 conformibus.
2504 2268 2682 2333 Atque
2720 2263 2834 2317 haec
2878 2263 3074 2318 docere
3107 2262 3291 2318 volens
3319 2264 3413 2320 Dei

1837 2360 2094 2423 Verbum,
2126 2357 2290 2412 Deum
2310 2357 2468 2411 nobis
2486 2357 2707 2412 exhibet
2725 2357 2838 2409 haec
2856 2354 3021 2424 justis
3044 2354 3410 2425 pollicentem:

1832 2450 2151 2506 Inhabilabu
2173 2450 2226 2502 in
2249 2448 2357 2502 illis
2381 2458 2427 2501 et
2457 2449 2736 2502 ambulaba
2761 2449 2898 2501 inter
2920 2446 3063 2512 illos,
3090 2459 3136 2501 et
3161 2464 3247 2503 ero
3274 2447 3414 2505 Deus

1831 2542 2045 2598 illorum
2076 2542 2216 2610 iique
2237 2550 2392 2592 erunt
2415 2539 2640 2609 populus
2665 2555 2810 2594 meus
2834 2540 2901 2605 ²⁰;
2952 2549 3007 2593 et
3033 2539 3408 2595 Salvatorem:

1832 2635 1892 2693 Si
1923 2636 2041 2706 quis
2062 2632 2294 2688 audierit
2324 2633 2477 2685 verba
2506 2648 2620 2687 mea
2657 2641 2704 2686 et
2738 2632 2919 2701 fecerit
2944 2648 3025 2695 ea,
3054 2648 3146 2701 ego
3170 2642 3218 2687 et
3245 2630 3410 2687 Pater

1831 2745 1978 2785 meus
2027 2728 2288 2782 veniemus
2326 2723 2395 2777 ad
2421 2721 2599 2786 illum,
2645 2731 2693 2777 et
2733 2722 3053 2776 mansionem
3108 2723 3249 2791 apud
3290 2739 3416 2777 eum

1832 2823 2087 2894 faciemus
2116 2823 2183 2874 ²¹.
2214 2818 2476 2875 Conferat
2500 2816 2686 2887 igitur,
2720 2817 2968 2885 quisquis
2994 2816 3247 2881 voluerit,
3282 2817 3419 2872 alta-

1836 2916 1942 2979 ria,
1988 2914 2054 2968 de
2083 2912 2279 2983 quibus
2329 2923 2636 2965 sermonem
2697 2906 2823 2975 feci,
2858 2922 2978 2963 cum
3031 2908 3295 2963 altaribus
3347 2908 3415 2963 de

1833 3005 2028 3072 quibus
2050 3004 2277 3069 Celsus;
2306 3009 2361 3055 et
2389 2999 2678 3057 simulacra
2716 2999 2769 3052 in
2804 3012 2990 3054 eorum
3026 2999 3116 3069 qui
3141 3014 3412 3054 summum

1759 3131 1801 3186 Ο
1837 3093 2002 3148 Deum
2059 3094 2147 3163 pie
2191 3092 2379 3148 colunt
2425 3089 2622 3144 animis
2659 3088 2954 3155 collocata,
3019 3104 3139 3145 cum
3185 3090 3412 3155 Phidiae,

1838 3185 2099 3257 Polycleti
2156 3183 2527 3252 similiumque
2579 3180 2919 3248 simulacris;
2962 3190 3074 3235 tum
3129 3184 3412 3252 perspicue

1836 3278 2040 3332 videbit
2070 3277 2182 3331 haec
2207 3275 2427 3345 quidem
2451 3273 2694 3329 inanima
2727 3286 2850 3328 esse
2875 3283 2930 3328 et
2962 3273 3175 3343 injuriis
3208 3285 3414 3347 tempo-

1839 3366 1955 3425 rum
1982 3368 2215 3425 obnoxia
2235 3407 2249 3431 ,
2292 3366 2382 3423 illa
2412 3380 2545 3422 vero
2574 3364 2627 3419 in
2658 3363 2953 3419 immortali
2987 3364 3165 3419 anima
3198 3379 3413 3436 perma-

1837 3475 1987 3525 nere,
2056 3460 2297 3530 quandiu
2340 3474 2404 3516 ea
2460 3459 2512 3512 in
2575 3470 2635 3512 se
2691 3469 3014 3527 permanere
3070 3456 3184 3513 vult
3234 3457 3414 3515 anima

1838 3554 2051 3609 ratione
2077 3553 2324 3622 prmdita.

1908 3646 1996 3703 l9.
2043 3643 2197 3699 Nunc
2235 3644 2280 3699 si
2328 3642 2525 3713 templa
2577 3641 2794 3712 templis
2823 3640 3129 3711 comparari
3179 3648 3414 3711 oportet,

1839 3746 1896 3789 ut
1927 3736 2216 3804 probemus
2240 3732 2380 3789 Celsi
2406 3732 2711 3788 fautoribus
2735 3732 2961 3788 minime
3000 3747 3099 3789 nos
3116 3732 3417 3787 abhorrere

1837 3827 1906 3883 ab
1932 3825 2206 3898 erigendis
2234 3824 2467 3892 templis,
2501 3838 2622 3894 quae
2656 3823 2921 3879 altaribus
2953 3829 3010 3878 et
3042 3820 3351 3879 simulacris
3383 3836 3415 3875 a

1840 3926 1994 3981 nobis
2018 3922 2277 3993 expositis
2306 3914 2656 3988 conv'eniant,
2676 3920 2771 3975 sed
2787 3918 2929 3974 nolle
2951 3926 3159 3973 tantum
3178 3915 3415 3972 inanima

1837 4030 1892 4074 et
1941 4026 2155 4072 mortua
2198 4015 2474 4069 aedificare
2535 4010 2730 4081 templa
2784 4010 2883 4075 illi,
2941 4010 3034 4079 qui
3065 4006 3246 4063 omnis
3293 4007 3417 4061 vitae

1839 4120 2030 4175 auctor
2052 4114 2163 4173 est;
2190 4104 2375 4159 audiat
2403 4104 2495 4174 qui
2526 4102 2637 4157 vult
2659 4102 2931 4172 quomodo
2967 4100 3266 4154 doceamur
3289 4111 3418 4152 cor-

1839 4214 1967 4269 pora
2001 4203 2185 4250 nostra
2225 4193 2319 4248 Dei
2344 4207 2464 4248 esse
2495 4192 2749 4259 templum
2773 4192 2841 4253 ²¹.
2888 4199 2944 4246 et
2978 4190 3021 4244 si
3044 4188 3166 4258 quis
3191 4186 3417 4242 libidine

1839 4297 1931 4343 aut
1965 4295 2188 4357 peccato
2214 4283 2311 4339 Dei
2349 4282 2607 4352 templum
2636 4279 2945 4345 violaverit,
2979 4292 3105 4334 eum
3150 4276 3419 4345 disperdi-

1843 4391 1953 4433 tum
1976 4377 2062 4443 iri,
2096 4385 2156 4430 ut
2177 4389 2302 4430 vere
2318 4374 2614 4443 impiumiu
2646 4386 2833 4425 verum
2858 4368 3136 4439 templum.
3158 4366 3415 4424 Omnium

128 4486 229 4526 ται.
257 4474 500 4527 Πάντων
516 4471 576 4523 δὲ
605 4471 711 4525 τῶν
742 4472 915 4536 οὕτως
938 4474 1349 4545 ὀνομαζομένων
1377 4474 1520 4528 ναῶν
1546 4476 1730 4547 κρείτ-

1843 4479 2013 4525 autem
2049 4467 2374 4537 templorum
2410 4468 2515 4521 hoc
2561 4479 2723 4519 sensu
2769 4470 3120 4531 acceptorum
3150 4460 3416 4530 optimum

125 4581 228 4621 των
245 4564 316 4639 ἦν
338 4566 443 4621 καλ⁵
473 4564 751 4637 διαφέρων
784 4564 917 4629 νεὼς
937 4567 999 4619 τὸ
1024 4567 1164 4638 ἱερὸν
1197 4569 1290 4621 καὶ
1311 4568 1550 4641 καθαρὸν
1572 4568 1731 4639 σῶμα

126 4659 216 4713 τοῦ
235 4658 508 4729 Σωτῆρος
533 4656 689 4727 ἡμῶν
725 4658 899 4729 Ἰησοῦ
921 4659 1155 4729 Χριστοῦ
1177 4659 1309 4732 (Ἡ)’
1333 4662 1481 4724 ὅστις
1512 4660 1735 4714 ἐπιστά-

131 4768 285 4819 μενος
317 4747 785 4804 ἐπιϐουλεύεσθαι
828 4750 925 4820 μὲν
954 4750 1210 4807 δύνασθαι
1246 4752 1351 4805 ὑπὸ
1378 4753 1486 4806 τῶν
1518 4751 1731 4806 ἀσεϐῶν

126 4842 213 4894 τὸν
245 4844 363 4915 (72)
401 4842 542 4895 ναὸν
571 4839 663 4892 τοῦ
702 4841 760 4893 ἐν
797 4842 946 4913 αὺτῷ
974 4842 1130 4907 Θεοῦ,
1164 4844 1224 4897 οὐ
1256 4844 1364 4916 μὴν
1408 4844 1548 4897 ὥστε
1581 4845 1729 4913 ἰσχυο

129 4937 356 5008 ροτέραν
407 4931 562 4988 εἶναι
609 4932 707 5003 τὴν
751 4934 858 4986 τῶν
902 4935 1357 4991 ἐπιϐουλευόντων
1412 4936 1728 5010 προαίρεσιν

124 5028 221 5100 τῆς
240 5030 334 5085 τὸν
360 5028 515 5083 νεὼν
538 5026 924 5097 οἰκοδομούσης
952 5027 1248 5099 θειότητος,
1270 5030 1405 5100 φησί
1430 5029 1566 5100 πρὸς
1588 5028 1735 5080 ὲκεί-

125 5138 264 5185 νους·
315 5122 578 5176 Λύσατε
613 5118 721 5171 τὸν
752 5119 902 5175 ναρν
930 5120 1169 5184 τοῦτον,
1218 5107 1381 5191 κάγὼ
1416 5122 1486 5175 ἐν
1530 5119 1731 5188 τρισὶν

1838 4575 1892 4621 et
1931 4561 2442 4634 praestantissimum
2469 4557 2571 4613 fuit
2598 4570 2794 4628 purum
2840 4563 2896 4609 et
2918 4562 3170 4608 sanctum
3218 4552 3414 4609 Salva-

1842 4657 1974 4722 toris
2004 4655 2175 4712 nostri
2200 4653 2330 4711 Jesu
2374 4649 2577 4715 Christi
2612 4662 2846 4718 corpus;
2895 4646 3010 4716 qui,
3058 4659 3182 4701 cum
3230 4654 3418 4700 nosset

1844 4748 2033 4817 iznpios
2066 4747 2265 4815 templo
2299 4743 2531 4812 Dei,qui
2555 4742 2607 4796 in
2639 4744 2754 4811 ipso
2790 4748 2933 4801 erat,
2971 4735 3200 4791 insidias
3221 4749 3418 4806 parare

1838 4854 2019 4911 posse,
2041 4854 2146 4895 non
2169 4838 2243 4892 ita
2270 4846 2451 4891 tamen
2477 4841 2535 4887 ut
2556 4827 3200 4885 voluntasinsidiantium
3234 4825 3417 4879 futura

1839 4943 1987 4988 esset
2042 4932 2234 4988 fortior
2277 4926 2561 4985 divinitate
2611 4923 2773 4994 757
2814 4935 2935 4991 quae
2988 4917 3245 4989 templum
3287 4916 3418 4972 illud

1838 5031 2243 5087 construxerat,
2272 5020 2408 5077 dixit
2447 5018 2585 5072 illis:
2622 5014 2818 5071 Solvite
2857 5010 3106 5082 templum
3139 5011 3262 5077 hoc,
3288 5020 3335 5066 ei
3364 5012 3420 5064 ιη

1838 5119 2005 5172 tribus
2063 5116 2243 5171 diebus
2281 5111 2521 5168 excitabo
2563 5108 2719 5163 illud.
2765 5106 2880 5161 Hoc
2910 5114 3084 5160 autem
3112 5101 3313 5156 dicebat
3354 5102 3418 5154 de

190 5326 235 5357 ’°
268 5324 311 5380 II
345 5329 491 5381 Cor.
543 5336 621 5385 γι,
670 5318 767 5384 16,
804 5325 856 5373 el
899 5315 1075 5371 Levit.
1114 5331 1273 5381 xXVI,
1326 5316 1415 5372 I2.
1520 5318 1565 5394 ξι
1616 5312 1730 5368 Joat

1843 5329 1938 5379 IV,
1984 5313 2075 5368 Ξῖ).
2152 5311 2198 5341 ²¹
2234 5308 2252 5361 l
2286 5306 2413 5363 Cor.
2452 5302 2651 5369 111,16,
2679 5304 2777 5369 l7;
2818 5315 2896 5368 vt,
2928 5300 3011 5355 10.

190 5499 686 5575 (67)Βεειεηίιοο
717 5496 842 5575 Ioco
891 5512 1021 5552 mss.
1063 5495 1267 5575 habent
1317 5494 1545 5575 τρύτων,
1580 5495 1732 5575 quod

125 5565 266 5630 male
288 5565 449 5629 'libb.
486 5569 621 5625 editi
655 5567 909 5636 rejiciunt
940 5575 1062 5639 post
1088 5567 1320 5624 alterum
1348 5567 1569 5621 ἔλαττον
1585 5565 1726 5636 quod

126 5646 299 5715 paulo,
318 5642 478 5715 infra
510 5641 759 5715 habetur:

216 5713 311 5786 68)
358 5711 687 5786 Ἱδρύσραι.
719 5708 899 5786 Mallet
927 5706 1485 5786 Citielus_l89'3536at.

216 5717 311 5786 68)
358 5717 687 5781 Ἱδρύσθαι.
719 5717 899 5764 Mallet
927 5717 1153 5764 Guietus
1188 5717 1316 5779 ίδρύε

193 5717 311 5856 I69)
344 5784 535 5841 Codd.
576 5781 709 5850 Reg.
737 5790 788 5835 et
822 5780 1011 5843 Basil.,
1040 5796 1130 5849 μοι
1168 5777 1316 5841 λαός.

463 5876 744 5936 Ρλτιιοι..
791 5874 908 5936 Gn.
956 5873 1072 5933 XI.

1908 5491 2032 5573 (ξω).
2056 5490 2220 5573 fidem
2487 5487 2545 5573 ὲν
2574 5484 2745 5573 αὐτῷ,
2780 5499 2975 5557 nempe
3012 5483 3090 5556 τῷ
3131 5484 3242 5540 τῶν
3282 5484 3423 5542 ὅλων

1836 5558 1976 5632 Θεῷ.
2003 5558 2174 5616 ΠΜ).
2199 5560 2362 5632 editi,
2390 5559 2447 5611 ἐν
2484 5558 2644 5626 αὐτῇ.

1909 5625 2022 5702 ('71)
2046 5629 2325 5701 Χριστοῦ.
2348 5629 2403 5684 In
2431 5636 2590 5683 antea
2612 5625 2774 5685 editis
2791 5625 3084 5692 omittitur,
3098 5627 3193 5683 sed
3212 5626 3421 5700 suppIec

2075 5718 2150 5756 SS.

2075 5718 2101 5756 s
2135 5737 2150 5755 .

1839 5714 2216 5846 ll'l(.7%.)mFgrte
2246 5769 2556 5842 legendum,
2584 5768 2690 5823 ὑπὸ
2707 5768 2814 5823 τῶν
2844 5768 3055 5824 ἀσεϐῶν
3079 5768 3157 5831 εἰς
3178 5766 3293 5831 τόν,
3313 5772 3417 5825 etc,

3030 5861 3107 5918 ίι9
