3872 6526
441 347 590 404 ’4517

1877 345 2039 402 ORIG
2049 345 2202 400 ΕΝῐὸ

3582 352 3704 404 is“

451 465 639 534 tempto
685 465 912 528 corporis
943 466 1027 518 sui
1065 464 1131 516 ’³.
1167 461 1270 518 Sed
1305 472 1357 519 et
1390 463 1670 532 Scriptura
1722 477 1902 528 sacra,
1932 464 2004 516 ub

2130 461 2374 530 ἡμέραις
2416 463 2595 533 ἐγερῶ
2635 467 2842 524 αὐτόν.
2884 467 3060 521 Τοῦτο
3100 468 3169 521 δὲ
3207 469 3382 538 ἔλεγε
3420 469 3560 536 ,περὶ
3615 470 3707 520 τος-ὖ

443 557 864 610 resurrectionis
905 555 1224 626 mysterium
1261 557 1419 608 docet
1445 570 1537 610 eos
1567 554 1654 625 qui
1687 554 1885 608 divinis
1907 567 2025 607 scr.

449 650 700 703 monibus
725 650 967 717 przebcre
995 664 1155 702 aures
1189 659 1414 716 possunt
1449 648 1682 714 divinas,
1706 646 1779 700 ait
1807 646 2020 700 destru-

447 747 592 793 ctum
616 739 869 808 templum
903 739 1286 794 reaulilicalum
1308 739 1371 792 iri
1402 737 1666 808 lapidibus
1681 736 1816 791 vivis
1849 736 2021 802 iisque

444 830 883 898 pretiosissimis.
925 830 1044 897 Quo
1073 829 1280 884 iudicat
1331 840 1770 896 unumquemque
1807 840 2018 890 eortun,

444 923 534 990 qui
564 923 730 977 verbo
757 921 847 976 Dei
883 923 1081 977 eruditi
1118 923 1171 975 in
1207 921 1401 975 eadem
1435 920 1660 992 pietatis
1685 918 1856 973 ollicia
1891 933 2021 973 con-

444 1014 676 1080 spirant,
707 1014 1005 1082 pretiosum
1037 1029 1158 1068 esse
1201 1013 1366 1067 totius
1404 1011 1585 1079 templi
1622 1010 1712 1064 Dei
1759 1011 2014 1079 lapidem.

442 1106 799 1172 Quamobrem
830 1103 1057 1160 Petrus:
1098 1104 1202 1158 Vos
1230 1112 1425 1166 autem,
1455 1103 1653 1172 inquit,
1679 1102 2017 1170 mdiﬁcamiui

439 1199 641 1266 lapides
675 1200 794 1261 vivi,
819 1200 1004 1252 donius
1026 1196 1342 1264 spiritualis,
1376 1195 1728 1249 sacerdotium
1755 1204 2014 1258 sanctum,

439 1292 628 1360 oﬂ'erre
650 1291 950 1360 spirituales
973 1290 1193 1351 hostias,
1217 1287 1568 1356 acceptabiles
1593 1284 1704 1339 Deo
1723 1300 1815 1352 per
1836 1285 2015 1338 Jesum

438 1384 704 1436 Christum
732 1382 871 1448 “;et
889 1381 1104 1436 Paulus:
1135 1380 1412 1446 Afdi/icati
1445 1394 1599 1444 super
1619 1377 2015 1445 fundamentum

436 1473 794 1540 apostolorum
843 1486 892 1525 et
938 1471 1336 1538 prophetarum,
1370 1469 1482 1536 ipso
1517 1483 1722 1521 summo
1769 1466 2015 1534 angulari

435 1566 609 1632 lapide
627 1565 830 1617 Christo
848 1562 1225 1629 JesuDomino
1245 1570 1421 1613 nostro
1453 1560 1522 1611 ".
1557 1560 1828 1612 Arcanum
1849 1558 2012 1612 etiam

439 1658 744 1727 huiusmodi
779 1670 998 1710 sensum
1029 1653 1233 1726 habent
1262 1652 1411 1705 Isaiae
1438 1650 1596 1705 verba
1621 1651 1776 1720 quasi
1819 1650 1884 1704 ad
1925 1649 2016 1704 Je-

435 1749 669 1804 rusalem
703 1748 928 1802 directa.
967 1744 1090 1798 [hec
1121 1744 1206 1797 illa
1237 1753 1395 1798 sunt:
1441 1741 1576 1796 Ecce
1619 1758 1865 1809 praepara
1920 1742 2012 1794 tibi

2129 557 2278 610 ναοῦ
2320 557 2426 610 τοῦ
2469 559 2741 626 σώματος
2766 561 2969 614 αὑτοῦ.
3008 563 3117 615 Καὶ
3157 562 3336 624 ’ἄλλως
3384 562 3446 614 δὲ
3488 562 3542 612 οἱ
3587 560 3708 612 θεῖοι

2130 647 2274 716 λόγοι
2299 647 2366 701 τά
2389 650 2518 720 περὶ
2538 650 2889 714 ἀναστάσεως
2919 653 3194 722 μυστικῶς
3217 653 3576 714 διδάσκοντες
3597 653 3710 714 10-3;

2129 738 2455 810 δυναμένους
2485 739 2703 793 ἀκούειν
2733 740 2983 814 θειοτέρα
3006 744 3139 813 ἀκοῇ
3171 743 3343 811 λόγων
3370 743 3544 802 Θεοῦ.
3580 742 3709 794 ἀνοι-

2128 829 2591 901 κοδομηθήσεσθιαι
2638 830 2806 895 λίθοις
2854 834 2987 903 φασὶ
3027 835 3157 905 (75),
3199 835 3329 900 ζῶσι
3378 836 3479 886 καὶ
3523 851 3712 904 τιμιω-

2127 921 2337 985 τάτοις·
2369 922 2750 993 αἰνιττόμενοι,
2783 926 2864 978 ὅτι
2911 927 3138 989 ἕκαστος
3168 926 3276 980 τῶν
3318 927 3710 996 συμπνεόντων

2125 1012 2213 1066 διὰ
2239 1013 2330 1066 τοῦ
2351 1015 2515 1068 αὑτοῦ
2530 1016 2687 1085 λόγου
2705 1020 2785 1081 εἰς
2810 1017 2906 1088 τὴν
2936 1021 3055 1071 κατ’
3073 1018 3232 1072 αὑτὸν
3249 1019 3549 1072 εὐσέϐειαν
3574 1019 3706 1081 λίθος

2127 1103 2242 1156 ἐστὶ
2270 1103 2450 1174 τίμιος
2476 1105 2569 1158 τοῦ
2602 1107 2803 1171 παντὸς
2827 1107 2954 1161 ναοῦ
2983 1108 3076 1161 τοῦ
3102 1107 3257 1161 Θεοῦ.
3284 1108 3439 1161 Καθὺ
3469 1110 3590 1161 ὑπὸ
3619 1112 3709 1179 μὲν

2124 1191 2216 1247 τοῦ
2247 1195 2452 1267 Πέτρου
2485 1196 2734 1266 λέγεται·
2788 1199 2984 1268 Ὑμεῖς
3011 1198 3079 1252 δὲ
3110 1199 3536 1269 οἰκοδομεῖσθε
3557 1204 3704 1254 ,λίθω

2129 1285 2363 1353 ζῶντες,
2414 1289 2511 1341 καὶ
2565 1290 2730 1355 οἶκος
2781 1290 3197 1359 πνευματικὸς,
3249 1293 3336 1356 εις
3391 1292 3711 1362 ἱεράτευμα

2127 1376 2320 1445 ἅγιον,
2377 1379 2691 1448 ἀνενέγκαι
2726 1379 3129 1449 πνευματικὰς
3162 1383 3402 1447 θυσίας,
3457 1386 3713 1451 εὐπροσ-

2125 1465 2374 1534 δέκτους
2412 1467 2491 1533 τῷ
2535 1469 2657 1534 Θεῷ
2693 1469 2791 1523 διὰ
2828 1470 3030 1537 Ἰησοῦ
3051 1471 3308 1537 Χριστοῦ
3331 1491 3342 1501 ·
3383 1471 3496 1525 ὑπὸ
3532 1473 3595 1524 δὲ
3625 1473 3707 1525 τοῦ

2123 1559 2336 1612 Παύλου
2378 1560 2463 1626 τὸ,
2505 1560 3000 1630 Οἱκοδομηθέντες
3039 1563 3146 1633 (74)
3185 1563 3284 1616 ἐπὶ
3325 1562 3410 1628 τῷ
3454 1567 3710 1633 θεμειίῳ

2121 1651 2240 1706 τῶν
2290 1654 2652 1708 ἀποστόλων
2690 1653 2787 1707 καὶ
2830 1654 3169 1723 προφητῶν,
3214 1655 3392 1722 ὄντος
3442 1658 3709 1728 ἀκρογω-

2121 1746 2316 1799 νιαίου
2353 1745 2528 1798 λίθου
2559 1745 2746 1798 αὐτοῦ
2780 1745 3037 1813 Χριστοῦ
3096 1747 3298 1815 Ἰησοῦ
3327 1749 3439 1800 τοῦ
3483 1752 3708 1817 Κεφ-ἴου

431 1839 809 1893 carbunculum
835 1837 1060 1904 lapidem
1093 1845 1260 1899 tuum,
1291 1843 1338 1887 et
1371 1831 1714 1900 fundamenta
1747 1841 1837 1884 tua
1893 1847 2004 1897 sap-

2121 1837 2308 1905 ἡμῶν.
2350 1835 2598 1889 Τοιοῦτον
2628 1835 2686 1888 δέ
2713 1854 2833 1890 τινα
2866 1838 3124 1906 μυστικὸν
3155 1837 3265 1908 ἔχει
3310 1838 3442 1891 νοῦν
3465 1816 3632 1911 καὶ.νὴ
3658 1843 3706 1892 ὲν

431 1932 658 1997 phirum,
687 1941 733 1983 et
759 1945 949 1996 ponam
963 1928 1226 1998 jaspidem
1256 1923 1650 1995 propugnacula
1673 1932 1761 1976 tua
1775 1934 1822 1976 et
1833 1932 2012 1991 portas

434 2032 552 2075 tuas
590 2021 789 2090 lapides
824 2019 1174 2090 crystallinas,
1222 2029 1266 2072 et
1309 2017 1586 2071 circuitum
1631 2027 1777 2069 tuum
1811 2015 2010 2082 lapides

427 2112 820 2175 desiderabiles,
839 2122 885 2165 et
915 2127 1092 2165 omnes
1116 2112 1389 2181 ﬁliostuos
1426 2110 1605 2163 doctos
1632 2126 1663 2162 a
1705 2109 1834 2173 Deo,
1860 2117 1908 2161 et
1956 2108 2010 2160 in

433 2205 595 2257 multa
623 2220 749 2272 pace
777 2218 964 2272 pueros
989 2213 1104 2255 tuos
1124 2243 1138 2268 ,
1172 2211 1217 2255 et
1247 2202 1300 2255 in
1322 2201 1536 2270 justitia
1565 2199 1908 2267 rcdi/icalveris
1939 2201 2004 2253 ³⁸.

2119 1927 2197 1998 τῷ
2254 1925 2448 1997 Ἡσαΐᾳ.
2488 1927 2653 1992 λέξις,
2695 1927 2868 1991 οὑτως
2911 1929 3126 1999 ἔχουσα,
3173 1931 3264 1983 καὶ
3308 1930 3596 2003 λεγομένη
3640 1934 3706 1994 ὡς

2118 2017 2253 2089 πρὸς
2270 2017 2366 2088 τὴν
2395 2018 2771 2089 Ἰερουσαλήμ·
2812 2018 2978 2081 Ἰδοὺ,
3003 2017 3276 2088 ἑτοιμάζοι
3305 2038 3408 2074 σοι
3440 2023 3707 2089 ἄνθρακα

2115 2109 2223 2160 τὸν
2255 2109 2430 2162 λίθον
2463 2124 2601 2174 σου,
2644 2109 2742 2164 καὶ
2782 2110 2854 2163 τὰ
2901 2111 3142 2179 θεμέλιά
3188 2129 3306 2167 σου
3337 2114 3703 2183 σάπφειρον,

2115 2200 2211 2254 καί
2231 2199 2398 2268 θήσω
2417 2201 2522 2266 τὰς
2541 2201 2824 2269 ἐπάλξεις
2845 2217 2961 2256 σου
2984 2204 3213 2268 ιασπιν,
3241 2206 3339 2258 καί
3363 2207 3476 2272 τὰς
3515 2210 3704 2273 πύλης

431 2312 548 2350 σου
575 2298 783 2361 λίθους
819 2294 1225 2364 κρυστάλλου,
1256 2294 1353 2347 καὶ
1399 2293 1506 2346 τὸν
1573 2294 1890 2362 περίϐολόν
1952 2309 2068 2346 σου
2123 2294 2330 2359 λίθους
2371 2294 2712 2360 ἐκλεκτοὺς,
2755 2293 2856 2347 καὶ
2905 2293 3134 2362 πάντας
3177 2295 3320 2363 τοὺς
3365 2300 3555 2364 υἱούς
3601 2316 3702 2352 σοι*

430 2387 745 2453 διδακτοὺς
785 2386 953 2465 Θεοῇ
991 2385 1088 2440 καὶ
1156 2385 1226 2440 ἐν
1291 2383 1490 2454 πολλῇ
1536 2383 1743 2452 εἰρήνῃ
1783 2384 1853 2438 τὰ
1892 2383 2071 2436 τέκνα
2112 2399 2249 2450 σου,
2281 2384 2376 2437 καὶ
2407 2384 2477 2437 ἐν
2509 2383 2868 2452 δικαιοσύνῃ
2901 2384 3363 2454 οίκοδομηθήσῃ.

497 2505 588 2560 εο.
629 2506 795 2574 Igitur
824 2505 1157 2576 interiustos
1184 2505 1272 2559 alii
1302 2513 1427 2560 sunt
1464 2505 1827 2570 carbunculus
1847 2545 1862 2571 ,
1905 2504 1997 2558 alii

431 2598 738 2667 sapphirus,
765 2596 1069 2666 aliijaspis.
1117 2596 1205 2649 alii
1249 2594 1561 2666 crystallus,
1596 2596 1783 2665 sicque
1835 2610 1998 2649 omne

431 2690 722 2744 electorum
748 2697 802 2742 et
827 2687 1190 2758 pretiosorum
1225 2687 1461 2756 lapidum
1496 2702 1665 2756 genus
1690 2687 1822 2754 justi
1851 2694 1997 2740 sunt.

423 2781 714 2849 Quomodo
737 2791 918 2835 autem
969 2779 1299 2849 intelligendi
1339 2779 1449 2832 sint
1485 2777 1707 2846 lapides,
1752 2791 1998 2846 quamam

431 2886 618 2927 eorum
668 2875 858 2926 natura
897 2870 987 2930 sit,
1039 2872 1106 2924 ad
1156 2885 1291 2938 quas
1342 2870 1552 2923 animas
1603 2867 1792 2922 referri
1832 2867 2000 2936 possit

427 2966 651 3036 pretiosi
687 2963 880 3034 lapidis
915 2978 1134 3028 nomen,
1165 2978 1270 3016 non
1305 2963 1586 3032 prmsentis
1623 2961 1883 3030 temporis
1914 2969 1997 3015 est

2177 2505 2328 2559 Εἰσὶν
2351 2500 2442 2558 οῦν
2467 2522 2607 2568 τινες
2626 2505 2733 2575 τῶν
2762 2505 2987 2560 δικαίων
3013 2505 3215 2576 ἄνθραξ
3234 2507 3405 2570 λίθος,
3439 2509 3546 2561 καὶ
3566 2510 3702 2562 ἄλλοι

2109 2605 2426 2668 σάπφειρος,
2459 2597 2553 2649 καὶ
2588 2595 2736 2648 ἄλλοι
2763 2596 2969 2660 ἴασπις,
2999 2598 3092 2649 καὶ
3129 2597 3275 2652 ἄλλει
3325 2600 3699 2670 κρύσταλλσκο

2105 2688 2198 2740 καὶ
2225 2686 2367 2740 οὑτω
2390 2688 2496 2740 πᾶν
2526 2687 2680 2754 γένος
2711 2687 2983 2741 ἐκλεκτῶν
3011 2691 3104 2742 καὶ
3130 2690 3334 2759 τιμίων
3359 2691 3541 2746 λίθων
3573 2695 3700 2745 εἰσὶν

2105 2774 2155 2825 oi
2186 2774 2401 2828 δίκαιοι.
2434 2776 2536 2828 Τὸν
2574 2776 2630 2828 δὲ
2663 2776 2790 2847 περὶ
2817 2775 2980 2829 λίθων
3018 2777 3160 2841 νοῦν,
3208 2781 3304 2832 καὶ
3350 2780 3461 2850 τῆς
3494 2782 3703 2850 φύσεως

2106 2868 2283 2922 αὑτῶν
2323 2868 2503 2937 λόγον,
2544 2870 2638 2923 καὶ
2683 2873 2762 2934 είς
2809 2872 3056 2936 ποδαπάς
3099 2872 3276 2942 ψυχὰς
3327 2875 3700 2947 ἀναοςέρεσθαι

2102 2957 2319 3010 δύναται
2359 2960 2424 3012 ὲκ
2453 2959 2545 3012 τοῦ
2593 2959 2773 3030 τιμίου
2807 2960 2957 3014 λίθου
3005 2962 3064 3014 τὺ
3108 2963 3277 3033 ὄνομα
3306 3003 3321 3025 ,
3348 2965 3411 3016 οὑ
3445 2966 3594 3018 κατὰ
3623 2968 3702 3018 τὶν

429 3056 719 3126 explicare.
765 3045 996 3110 Tantum
1039 3055 1281 3123 oportuit
1325 3054 1511 3122 paucis
1560 3053 1852 3106 admonere
1899 3067 2004 3120 quo

2115 3050 2351 3120 napévra
2399 3051 2588 3120 καιρόν
2634 3053 2748 3104 ἐστι
2793 3052 3184 3124 διηγήσασθαι·
3236 3056 3402 3125 μόνον
3448 3055 3498 3108 δ’
3543 3059 3702 3128 ἐχρῆν

411 3149 705 3221 ,ἱιιιοιιοοιιι
738 3147 878 3216 apud
915 3162 1012 3200 nos
1047 3145 1244 3215 templa
1271 3146 1548 3209 dicantur,
1580 3153 1636 3198 et
1677 3143 1804 3212 quid
1841 3159 2005 3197 unum

433 3237 559 3292 illud
599 3236 851 3306 templum
893 3235 981 3290 Dei
1022 3251 1088 3290 ex
1123 3235 1376 3306 pretiosis
1428 3235 1696 3304 lapidibus
1757 3245 2007 3288 constru-

432 3337 578 3382 ctum
613 3326 903 3398 siguilicet.
939 3325 1405 3392 Quemadmodum
1452 3326 1594 3380 enim
1640 3325 1684 3380 si
1729 3325 1923 3395 singuli
1955 3326 2006 3379 in

433 3420 544 3474 suis
569 3419 800 3489 quisque
838 3418 1064 3472 urbibus
1111 3427 1330 3488 propter
1358 3416 1517 3489 vulgo
1569 3426 1782 3487 recepta
1813 3417 2006 3487 templa

434 3507 569 3563 alios
593 3522 701 3577 prae
725 3521 783 3561 se
812 3515 1242 3572 contemnerent,
1271 3507 1438 3577 quise
1470 3505 1778 3577 pulchriora
1809 3507 2007 3562 habere

433 3598 824 3670 gloriarentur,
852 3599 886 3652 ii
925 3613 1144 3655 suorum
1188 3599 1515 3668 elegantiam
1548 3600 1920 3655 describerent
1949 3608 2007 3652 ut

432 3703 497 3742 ea
537 3703 657 3758 qua:
677 3688 764 3743 alii
796 3688 993 3744 habent
1019 3728 1034 3752 ,
1075 3688 1333 3742 inferiora
1385 3704 1506 3744 esse
1555 3700 1878 3760 arguerent;
1926 3692 2005 3746 sic

436 3793 556 3846 nos,
579 3781 645 3835 iis
667 3781 758 3856 qui
789 3795 887 3835 uos
914 3779 1279 3836 criminantur
1319 3783 1461 3850 quod
1496 3782 1661 3836 Deum
1697 3784 1749 3836 in
1790 3784 2004 3853 templis

434 3864 955 3942 sensus'expertibus
992 3873 1205 3928 adorari
1248 3891 1353 3926 non
1386 3883 1638 3943 oportere
1677 3877 2002 3940 sentiamus,

433 3979 495 4018 ea
530 3979 650 4034 qua:
676 3966 812 4033 apud
841 3979 940 4019 uos
972 3965 1167 4034 templa
1191 3975 1317 4020 sunt
1356 3950 1696 4035 opponimus,
1739 3976 1791 4020 et
1825 3977 2005 4022 osten-

433 4058 609 4111 dimus
637 4058 701 4110 iis
727 4057 816 4125 qui
843 4072 946 4112 non
973 4067 1096 4112 sunt
1120 4066 1174 4112 et
1199 4058 1297 4126 ipsi
1334 4072 1530 4113 sensus
1567 4068 1821 4126 expertes
1857 4061 2002 4114 suis-

431 4147 657 4217 quediis
685 4149 785 4202 hac
816 4148 869 4202 in
909 4165 964 4204 re
1013 4151 1240 4214 similes,
1299 4150 1499 4204 rutilant
1533 4166 1654 4206 esse
1709 4151 1999 4206 simulacra

433 4245 617 4294 nostra
647 4239 787 4293 inter
807 4248 860 4292 et
884 4239 1122 4307 gentium
1157 4237 1448 4293 simulacra
1501 4241 1998 4308 comparationem;

2110 3144 2523 3216 ὑπομνησθῆναι
2562 3146 2650 3198 ἐπ’
2690 3145 2869 3212 ὀλίγον
2915 3145 3006 3198 τοῦ
3045 3145 3388 3216 βουλήματος
3418 3147 3538 3200 τῶν
3587 3149 3700 3200 καθ’

2109 3237 2257 3306 ἡμᾶς
2284 3235 2448 3303 ναῶν,
2489 3236 2581 3290 καὶ
2615 3235 2733 3299 ἐνὸς
2773 3235 2864 3288 τοῦ
2908 3237 2972 3289 ἐκ
3005 3235 3170 3290 λίθων
3212 3237 3416 3307 τιμίων
3463 3239 3576 3291 νεὼ
3615 3240 3700 3292 τοῦ

2109 3328 2266 3382 Θεοῦ.
2323 3330 2531 3400 Ὥσπερ
2579 3329 2709 3401 γάρ,
2753 3331 2802 3382 εί
2844 3331 2936 3384 ἐπὶ
2974 3334 3085 3394 τοῖς
3125 3330 3514 3402 νομιζομένοις
3559 3336 3701 3398 ναοῖς

2109 3420 2328 3474 ἕκαστοι
2348 3419 2487 3473 κατά
2511 3419 2609 3484 τὰς
2634 3421 2782 3489 σφῶν
2801 3421 2982 3484 πόλεις
3018 3423 3381 3491 ἐσεμνύνοντο
3407 3426 3554 3494 πρὸς
3583 3428 3700 3486 τοὶς

2109 3512 2348 3582 ἐτέρους,
2377 3511 2561 3580 ἔλεγον
2583 3511 2648 3565 ἂν
2669 3512 2717 3564 oi
2740 3513 2833 3564 ἐπὶ
2855 3515 2968 3575 τοῖς
2995 3513 3343 3583 τιμιωτέροις
3371 3520 3528 3578 ναοῖς
3563 3518 3699 3585 μέγα.

2110 3603 2432 3676 φρονοῦντες
2477 3603 2546 3656 τὰ
2590 3603 2842 3675 ἐξαίρετα
2881 3604 2989 3658 τῶν
3025 3605 3170 3659 ίδίων
3195 3607 3277 3668 εἰς
3321 3606 3557 3676 ἔλεγχον
3597 3608 3699 3659 τῶν

2109 3696 2529 3766 ὑποδεεστέρων
2574 3695 2717 3749 οὑτω
2763 3696 2900 3766 πρὸς
2945 3698 3071 3760 τοὺς
3119 3697 3498 3766 ἐγκαλοῦντας
3546 3702 3694 3770 ἡμῖν,

2107 3788 2226 3840 ἐπεὶ
2243 3787 2316 3859 μὴ
2332 3786 2618 3857 νομίζομεν
2634 3787 2743 3839 δεῖν
2759 3787 2880 3840 σέὸε
2889 3805 2934 3841 ιν
2948 3787 3005 3841 τὸ
3020 3787 3172 3841 Θεῖον
3192 3791 3322 3861 παρ’
3342 3791 3696 3862 ἀναισθήτοις

2106 3879 2273 3941 ναοῖς,
2316 3877 2933 3948 ἀντιπαραλαμϐάνομεν
2974 3881 3099 3943 τοὺς
3136 3879 3257 3932 καθ’
3309 3882 3464 3952 ἡμᾶς
3513 3885 3694 3945 ναοὺς.

2107 3971 2202 4022 καὶ
2239 3969 2525 4041 δείκνυμεν
2554 3972 2666 4033 τοῖς
2705 3985 2766 4037 γε
2805 3970 2879 4041 μὴ
2929 3971 3296 4042 ἀναισθήτοις,
3342 3975 3480 4044 μηδὲ
3529 3992 3698 4047 παρα-

2107 4064 2353 4135 πλησίοις
2398 4068 2510 4128 τοῖς
2555 4064 2899 4135 ἀναισθήτοις
2941 4063 3082 4127 θεοῖς
3111 4066 3313 4131 αὐτῶν,
3358 4068 3694 4139 ὄτιοὺδεμὶα

2110 4159 2398 4230 σύγκρισις
2426 4160 2542 4210 ἐστι
2577 4157 2698 4210 οὔτε
2731 4155 2839 4209 τῶν
2864 4157 2990 4227 παρ’
3027 4159 3158 4227 ἡμῖν
3179 4158 3516 4228 ἀγαλμάτων
3563 4161 3694 4231 πρὶς

2103 4249 2172 4302 τά
2196 4249 2484 4320 ἀγάλματα
2506 4248 2612 4301 τῶν
2636 4249 2825 4312 ἐθνῶν,
2858 4248 2982 4301 οὔτε
3007 4247 3114 4300 τῶν
3145 4251 3277 4321 παρ’
3299 4252 3431 4321 ἡμῖν
3457 4251 3689 4323 βωμῶν,

431 4344 530 4384 nec
566 4330 755 4385 altaria
797 4340 850 4385 et
889 4331 1241 4386 odoramenta
1299 4341 1506 4397 nostra,
1562 4340 1622 4385 ut
1668 4332 1748 4386 sic
1787 4331 1998 4400 loquar,

2115 4342 2216 4405 καὶ,
2249 4341 2314 4395 ἵν’
2346 4340 2517 4405 οὑτως
2539 4341 2808 4412 ὀνομάσω,
2847 4341 3204 4412 θυμιαμάτων
3233 4341 3343 4411 (75)
3380 4343 3526 4412 πρὸς
3569 4347 3690 4406 τοὺς

427 4438 551 4478 cum
588 4423 654 4478 iis
691 4439 812 4492 quzc
849 4423 990 4490 apud
1037 4423 1159 4477 illas
1199 4433 1352 4491 sunt,
1402 4424 1686 4490 altaribus,
1737 4424 1895 4494 adipe
1947 4433 2002 4479 et

425 4517 724 4587 sanguine;
758 4530 933 4586 neque
973 4517 1218 4584 exposita
1254 4531 1283 4570 a
1316 4516 1471 4570 nobis
1511 4515 1708 4584 templa
1757 4515 1998 4570 conferri

426 4623 584 4677 posse
615 4622 734 4661 cum
761 4607 982 4662 deorum
1015 4622 1174 4662 sensu
1220 4607 1564 4677 privatorum
1610 4605 1844 4676 templis,
1878 4622 1998 4676 quae

428 4700 670 4753 homines
715 4713 875 4753 sensu
927 4698 1078 4753 vacui
1142 4699 1520 4764 admirantur;
1556 4699 1755 4769 quippe
1798 4700 1998 4769 quibus

427 4807 492 4843 ne
528 4790 580 4843 in
612 4800 847 4845 mentem
883 4790 1102 4859 quidem
1137 4791 1282 4844 venit
1334 4791 1575 4844 divinum
1607 4805 1728 4845 esse
1776 4806 1994 4847 sensum

422 4896 530 4950 quo
553 4881 671 4950 quis
699 4882 862 4935 Deum
910 4883 1089 4943 sentit.
1128 4897 1225 4936 nec
1276 4899 1381 4938 non
1437 4884 1756 4951 simulacra,
1798 4887 1994 4957 templa

420 4984 476 5028 et
503 4974 694 5028 altaria
725 4973 890 5044 758
918 4988 1039 5043 qua:
1064 4973 1175 5029 Deo
1197 4977 1551 5031 conveniunt.
1584 4977 1700 5034 Non
1743 4980 1904 5048 igitur
1926 4983 1994 5035 ab

351 5115 355 5119 .
425 5065 710 5130 altaribus,
744 5064 1044 5119 simulacris
1074 5073 1128 5120 et
1163 5067 1378 5136 templis
1405 5069 1990 5141 erigeudispgopterea

423 5159 796 5219 abhorrcmus,
827 5157 968 5224 quod
1007 5157 1126 5211 hrec
1173 5158 1242 5214 sit
1290 5161 1517 5214 occultae
1565 5172 1727 5228 atque
1781 5179 1993 5219 arcana:

423 5250 696 5304 societatis
726 5259 948 5315 tessera,
981 5252 1048 5304 de
1071 5266 1175 5320 qua
1210 5253 1350 5305 inter
1393 5265 1490 5308 nos
1526 5255 1854 5320 conveniat;
1896 5256 1990 5310 sed

492 5403 536 5433 ”
559 5401 717 5456 Joan.
751 5419 816 5469 tt,
848 5404 934 5469 l9,
961 5403 1052 5458 21.

515 5555 602 5626 75)
637 5557 791 5615 Φασί
819 5568 965 5612 recte
993 5559 1216 5613 omnino
1255 5558 1490 5614 restituit
1521 5561 1686 5614 codex
1716 5558 1980 5615 Julianus.

514 5627 600 5701 71:)
635 5626 968 5681 stcltelius
1022 5629 1073 5681 in
1108 5638 1276 5701 textu
1311 5639 1364 5683 et
1407 5645 1568 5694 mss.,
1603 5629 1985 5701 οἰκοδομηθέν-

423 5694 540 5770 τεςζ
552 5694 1442 5770 ξρειιοενυεηἐποικοδομηθέντες.

490 5766 599 5836 (75)
635 5765 784 5833 Mss,
817 5765 909 5820 καὶ
945 5769 1051 5822 τῶν
1080 5765 1209 5840 παρ’
1225 5765 1440 5834 ἀὺτοῐς,
1491 5770 1555 5824 ἵν’
1588 5770 1759 5832 οὑτως
1796 5770 1982 5840 ὀνομά-

1130 5403 1177 5435 “
1211 5403 1228 5457 l
1257 5403 1405 5460 Petr.
1438 5421 1500 5470 tt,
1528 5405 1582 5460 5.
1660 5407 1706 5438 ³³
1737 5407 1936 5476 Ephes.
1976 5423 2035 5477 tt,
2077 5407 2169 5462 20.

2107 4434 2329 4487 ἐκείνων
2382 4433 2599 4504 βωμοὺς
2641 4434 2735 4487 καὶ¹
2779 4431 2878 4496 τὰς
2917 4435 3046 4506 παρ’
3094 4433 3278 4496 αὑτοῖς
3319 4433 3560 4496 κνίσσας
3603 4436 3690 4486 καὶ

2107 4527 2310 4597 αἵματα
2327 4542 2340 4555 ·
2370 4524 2486 4578 ἀλλ’
2509 4524 2628 4578 οὑδὲ
2652 4523 2760 4576 τῶν
2799 4523 3211 4594 ἀποδεχομένων
3235 4523 3343 4594 (76)
3366 4523 3522 4578 ναῶν
3556 4526 3690 4596 πρὸς

2104 4620 2229 4680 τοὺς
2263 4617 2423 4679 ναοὺς
2451 4615 2558 4670 τῶν
2589 4615 2946 4686 ἀναισθήτων,
2983 4615 3088 4666 ὑπὸ
3109 4615 3449 4685 ἀναισθήτων
3474 4616 3688 4686 ἀνθρὼ-

2105 4726 2221 4762 πων
2265 4705 2715 4778 θαυμαζομένων,
2761 4704 2856 4757 καὶ
2897 4705 3030 4776 μηδὲ
3068 4703 3564 4774 φαντασιωθέντων
3593 4709 3686 4775 τὴν

2105 4801 2252 4855 θείαν
2277 4800 2547 4870 αἴσθησιν,
2656 4795 2967 4851 αἰσθάνεταί
2995 4813 3079 4859 τις
3111 4793 3268 4857 Θεοῦ,
3296 4795 3395 4848 καὶ
3425 4796 3537 4848 τῶν
3569 4797 3688 4850 τού-

2102 4909 2193 4947 του
2217 4889 2546 4960 ἀγαλμάτων
2569 4888 2662 4942 καὶ
2677 4885 2820 4939 ναῶν
2844 4885 2937 4938 καὶ
2959 4883 3178 4954 βωμῶν,
3198 4884 3522 4954 πρεπόντων
3546 4886 3683 4955 Θεῷ.

2103 4984 2217 5036 Οὑκ
2245 4983 2324 5044 εἰς
2356 4981 2416 5034 τὸ
2438 4979 2625 5033 πιστὸν
2649 4973 2743 5031 οῦν
2766 4975 3003 5046 ἀφανοῦς
3038 4975 3132 5028 καὶ
3152 4974 3466 5046 ἀπορρήτου
3493 4993 3685 5030 κοινω-

2101 5075 2237 5139 νίας,
2266 5073 2360 5128 καὶ
2391 5073 2450 5124 τὸ
2479 5071 2687 5124 τοιοῦτο
2717 5068 2988 5139 σύνθημα,
3028 5065 3298 5136 φεύγομεν
3329 5065 3560 5136 βωμοὺς
3593 5068 3684 5120 καὶ

2101 5166 2390 5236 ἀγάλματα
2422 5165 2518 5217 καὶ
2538 5163 2674 5225 νεὼς
2700 5159 3006 5232 ἱδρύεσθαι·
3038 5157 3152 5211 ἀλλ’
3181 5158 3282 5217 ὅτι,
3317 5158 3580 5228 εὑρόντες
3599 5158 3684 5212 διὰ

2100 5255 2199 5326 τὴν
2239 5254 2413 5326 Ἰησοῦ
2453 5252 2803 5307 διδασκαλίαν
2836 5250 2926 5303 τὸν
2958 5247 3155 5321 τρόπον
3190 5247 3290 5318 τῆς
3326 5249 3408 5310 εἰς
3439 5247 3498 5301 τὺ
3528 5249 3683 5301 Θεῖον

2249 5409 2295 5439 ³⁸
2324 5409 2428 5464 Isa.
2462 5423 2570 5473 LIV,
2604 5407 2694 5470 ll,
2734 5406 2817 5467 1‘2,
2854 5405 2945 5467 15,
2984 5403 3069 5459 14.

2095 5577 2192 5622 σω,
2221 5562 2605 5632 θυμιαμάτων.

2150 5631 2809 5718 ’(’ῖϐγἉποδεχομένωη
2850 5631 3003 5703 Legit
3058 5632 3372 5690 Dohcrellus
3415 5631 3649 5687 ἀποδεδο

2097 5719 2291 5772 μενων.

3870 5115 3872 5216 I

3869 6371 3872 6482 ί
