3846 6406
206 316 298 374 εις)
1324 310 1601 366 CONTRA
1635 310 1912 368 CELSUM
1947 310 2072 366 LIB.
2116 309 2254 366 VIII.

3171 345 3174 348 ~
3252 313 3390 367 15Ξὶ0

171 433 420 495 εὐσεϐείας
461 431 724 500 φεύγομεν
765 426 832 480 τὰ
865 426 1132 497 φαντασίᾳ
1170 426 1446 490 εὐσεϐείας
1487 428 1696 491 ἀσεϐεῖς

1808 429 1953 497 quia,
1995 437 2282 496 postquam
2313 441 2408 496 per
2438 425 2567 482 Jesu
2599 426 2898 482 doctrinam
2947 428 3250 482 invenimus
3297 446 3386 483 c0-

169 526 400 581 ποιούντα
419 525 539 586 τοὺς
579 521 948 592 ὲσφαλμένους
973 521 1082 574 ἀπὸ
1120 521 1218 590 τῆς
1244 519 1332 572 διὰ
1367 520 1540 590 Ἰησοῦ
1576 521 1708 590 Χρι-

171 616 280 671 στοῦ
309 614 612 676 εὐσεϐείας
641 615 698 677 ὃς
727 616 842 666 ἐστι
881 613 1039 684 μόνος
1078 610 1195 674 ὁδὸς
1239 609 1534 673 εὐσεϐείας,
1579 610 1707 679 ἀλη-

169 704 260 767 θῶς
297 703 458 770 λέγων
487 701 572 766 τὺ,
617 702 760 772 Ἐγώ
799 704 912 772 ειμι
939 702 977 770 ἠ
1016 699 1174 767 ὁδὸς,
1220 701 1315 754 καὶ
1357 703 1392 768 ἡ
1437 699 1703 765 ἀλήθεια,

166 795 250 848 καὶ
276 795 310 861 ὴ
338 791 462 858 ζωή.

228 965 438 1036 Ἵδωμεν
456 965 512 1019 δὲ
531 965 624 1026 καὶ
650 966 716 1018 τὰ
740 965 867 1034 ἑξῆς
891 965 1084 1036 Κέλσῳ
1113 965 1380 1036 λεγόμενα
1399 965 1526 1036 περὶ
1549 965 1703 1029 θεοῦ,

162 1059 242 1110 καὶ
277 1058 346 1120 ὼς
379 1058 671 1128 προτρέπει
711 1059 858 1128 ἡμᾶς
891 1058 983 1110 ἐπὶ
1026 1057 1122 1128 τὴν
1164 1057 1273 1110 τῶν
1319 1057 1394 1120 ῶς
1438 1057 1536 1128 μὲν
1568 1057 1705 1128 πρὸς

161 1149 390 1218 ἀλήθειαν
415 1148 774 1202 εἰδωλοθύτων
802 1150 1014 1220 χρῆσιν,
1045 1148 1099 1220 ἢ,
1133 1149 1198 1202 ἵν’
1234 1147 1406 1211 οὕτως
1432 1147 1704 1219 ὀνομάσω,

160 1239 574 1309 δαιμονιοθύτων,
619 1241 694 1304 ὡς
733 1241 778 1294 δ’
807 1241 968 1304 αὐτὸς
1009 1239 1444 1312 προσαγορεύσαι
1477 1241 1564 1304 ἂν,
1609 1241 1704 1295 ἅτε

161 1331 224 1400 μὴ
252 1330 415 1395 εἰδὼς,
451 1331 501 1384 τί
538 1332 597 1384 τὸ
620 1332 834 1403 ἀληθῶς
879 1333 1020 1404 ἱερὸν
1053 1333 1146 1386 καὶ
1185 1332 1424 1385 ποδαπαὶ
1461 1334 1515 1384 αἱ
1555 1330 1706 1400 παρὰ

157 1421 309 1492 τούτῳ
343 1421 452 1492 (77)
499 1421 698 1487 θυσίαι,
742 1423 1061 1494 ἱεροθύτων·
1107 1421 1142 1475 ἃ
1183 1421 1238 1475 δὲ
1271 1422 1438 1491 λέγει,
1482 1420 1708 1474 τοιαῦτά

158 1515 301 1568 ἐστιν·
341 1514 401 1567 '0
444 1531 510 1584 γε
532 1516 659 1584 μὴν
700 1517 843 1582 Θεὸς
886 1515 1074 1570 ἅπασι
1111 1513 1329 1579 κοινὸς,
1376 1514 1596 1582 ἀγαθός
1643 1528 1706 1565 τε

156 1606 236 1658 καὶ
271 1606 630 1675 ἀπροσδεὴς,
665 1608 763 1660 καὶ
804 1607 920 1672 ἔξω
966 1607 1214 1676 φθόνου’
1251 1607 1307 1659 τί
1347 1601 1462 1660 οὖν
1488 1606 1705 1658 κωλύει

157 1697 277 1764 τοὺς
297 1697 563 1767 μάλιστα
583 1701 1071 1771 καθωσιωμένους
1088 1699 1248 1764 αὐτῷ
1278 1697 1508 1752 καὶτῶν
1523 1699 1703 1768 δημο-

154 1795 320 1848 τελῶν
334 1793 555 1863 ἑορτῶν
571 1791 1074 1862 μεταλαμϐάνειν;
1099 1792 1210 1844 Οὐκ
1226 1786 1341 1844 οἶδα
1360 1789 1416 1843 δὲ
1432 1790 1483 1842 τί
1508 1807 1702 1858 φαντα-

155 1885 279 1950 σθεὶς
296 1886 468 1940 οἴεται
491 1885 798 1938 ἀκολουθεῖν
825 1883 900 1954 τῷ
928 1883 1017 1937 τὸν
1039 1884 1170 1936 θεὸν
1198 1877 1334 1935 εἶναι
1359 1880 1580 1950 ἀγαθὸν,
1609 1882 1702 1933 καὶ

151 1977 421 2049 ἀπροσδεῆ,
444 1977 534 2031 καὶ
578 1975 682 2040 ἔξω
723 1975 937 2044 φθόνου,
981 1975 1041 2028 τὸ
1077 1977 1204 2038 τοὺς
1247 1973 1700 2043 καθωσιωμένους

149 2070 279 2140 αὐτῷ
321 2068 754 2142 μεταλαμϐάνειν
802 2067 910 2120 τῶν
963 2065 1271 2136 δημοτελῶν
1316 2065 1536 2136 ἑορτῶν.
1591 2065 1700 2118 Καί

151 2179 292 2232 φημι,
325 2163 408 2214 ὃτι
450 2159 729 2230 ἠκολούθει
764 2159 859 2229 μὲν
893 2157 971 2228 τῷ
1009 2157 1098 2210 τὸν
1137 2157 1269 2210 Θεὸν
1302 2153 1438 2210 εἶναι
1477 2155 1698 2225 ἀγαθὸν,

148 2255 226 2306 καὶ
241 2253 529 2325 ἀπροσδεῆ,
553 2252 643 2305 καὶ
663 2250 765 2316 ἕξω
782 2251 997 2320 φθόνου,
1015 2249 1073 2301 τὸ
1091 2247 1267 2301 αὐτῶν
1287 2247 1397 2319 (78)
1413 2247 1520 2300 τῶν
1537 2249 1600 2318 δη
1609 2264 1702 2316 μο-

148 2345 295 2398 τελῶν
327 2343 762 2415 μεταλαμϐάνειν
791 2341 1013 2412 ἑορτῶνο
1049 2341 1096 2392 εί
1133 2339 1504 2402 ἀπεδείκνυτο,
1538 2339 1620 2392 ὅτι
1645 2341 1698 2392 ai

146 2436 435 2507 δημοτελεῖς
464 2435 645 2506 ἑορταὶ
667 2432 816 2486 οὐδὲν
845 2431 943 2502 μὲν
967 2431 1178 2501 ἔχουσιν
1206 2431 1562 2500 ἐσφαλμένον,
1594 2430 1700 2483 ἀπὸ

148 2527 194 2578 δὲ
215 2528 305 2598 τῆς
337 2527 470 2597 περὶ
509 2524 643 2578 Θεοῦ
683 2523 912 2595 θεωρίας
945 2521 1434 2592 ὲνομοθετήθησαν,
1463 2521 1537 2584 ὡς
1572 2521 1701 2574 ἀκό-

145 2617 302 2670 λουθοι
321 2621 385 2689 τῇ
414 2618 495 2680 είς
520 2614 682 2669 αὐτὸν
702 2614 966 2685 θεραπείᾳ
1004 2613 1098 2664 καὶ
1127 2611 1398 2682 εὐσεϐείᾳ.
1425 2611 1489 2663 Εἰ
1519 2611 1699 2680 μέντοι

146 2709 192 2758 αἱ
229 2707 540 2779 δημοτελεῖς
582 2706 742 2776 μέχρι
781 2704 1040 2775 ὀνόματος
1078 2702 1262 2772 ἐορταὶ
1299 2701 1500 2772 μηδένα
1544 2700 1700 2769 λόγον

144 2798 335 2868 ἔχουσιν
359 2797 762 2859 ἀποδεικτικὸν,
789 2793 864 2858 ῶς
896 2791 1234 2865 ἁρμόζουσαι
1271 2795 1335 2863 τῇ
1373 2793 1452 2855 είς
1474 2792 1535 2845 τὸ
1558 2791 1699 2844 θεῖον

145 2888 407 2961 θεραπείᾳ,
455 2887 568 2942 ἀλλ’
605 2887 910 2956 ἐλέγχοιντο
949 2881 1104 2938 οὖσαι
1153 2883 1552 2953 ἀναπλάσματα
1592 2882 1700 2934 τῶν

140 2981 269 3044 ὅπως
318 2981 455 3033 ποτὲ
512 2978 666 3049 ἔτυχε
719 2977 806 3031 διά
859 2993 1008 3038 τινας
1067 2975 1306 3046 ἱστορίας
1350 2973 1699 3046 ἀνθρωπικὰς

139 3074 290 3128 ταῦτα
316 3071 816 3145 νομοθετησάντων,
849 3069 881 3140 ἢ
923 3069 1018 3122 καὶ
1045 3067 1388 3137 φυσιολογίας
1419 3067 1544 3140 περ)⁸
1573 3065 1698 3119 ὒδα-
1724 3111 1765 3169 C

139 3165 265 3237 τοςῆ
299 3168 402 3238 γῆς
437 3165 470 3235 ἢ
515 3165 622 3216 τῶν
658 3164 749 3216 ἀπ’
786 3162 956 3232 αὐτῆς
997 3159 1221 3232 καρπῶν
1261 3159 1554 3213 δοκούντων
1583 3158 1692 3229 (79)

141 3258 391 3328 περιέχειν
413 3274 426 3286 ·
452 3255 630 3326 δῆλον,
663 3255 742 3308 ὅτι
764 3255 810 3306 οί
835 3253 897 3306 τὸ
927 3252 1083 3305 Θεῖον
1108 3250 1480 3321 ὲξετασμένως
1519 3247 1694 3301 σέϐειν

137 3348 361 3414 θέλοντες
411 3347 633 3416 εὔλογόν
673 3365 724 3401 τι
784 3347 1072 3419 πράττοιεν
1123 3343 1196 3414 μὴ
1256 3339 1695 3412 μεταλαμϐάνον-

136 3455 212 3503 τες
246 3439 351 3510 (80)
396 3437 509 3491 τῶν
553 3435 860 3507 δημοτελῶν
907 3433 1128 3506 ἑορτῶν.
1180 3430 1389 3500 Ἐορτὴ
1441 3429 1569 3502 γὰρ,
1620 3429 1694 3494 ὥς

140 3533 257 3604 φησί
287 3551 371 3596 τις
416 3533 512 3586 καὶ
552 3531 659 3583 τῶν
704 3528 1028 3602 Ἑλληνικῶν
1067 3525 1268 3595 σοφῶν,
1299 3523 1477 3587 καλῶς
1503 3523 1693 3591 λέγων,

134 3625 299 3679 οὐδὲν
321 3625 480 3680 ἄλλο
511 3624 684 3677 ἐστὶν
720 3623 757 3691 ἢ
789 3623 854 3675 τὸ
895 3621 964 3675 τὰ
997 3619 1212 3673 δέοντα
1251 3614 1562 3684 πράττειν’
1600 3615 1694 3668 καὶ

133 3719 364 3792 ἑορτάζει
391 3737 459 3789 γε
484 3717 628 3772 κατὰ
655 3715 906 3788 ἀλήθειαν
933 3716 960 3767 ὁ
990 3711 1059 3766 τὰ
1090 3711 1276 3765 δέοντα
1308 3709 1580 3782 πράττων,
1606 3708 1697 3760 ἀεὶ

133 3813 435 3884 εὐχόμενος,
458 3809 546 3864 διὰ
578 3807 775 3872 παντὸς
801 3807 942 3862 θύων
973 3805 1072 3868 τὰς
1098 3802 1464 3874 ἀναιμὼιτους
1493 3802 1549 3853 ὲν
1578 3800 1697 3862 ταῖς

135 3906 255 3975 πρὸς
279 3905 339 3958 τὸ
363 3904 523 3956 Θεῖον
549 3899 736 3970 εὐχαῖς
755 3897 964 3961 θυσίας.
987 3895 1078 3949 Διὸ
1103 3893 1194 3947 καὶ
1217 3889 1699 3964 μεγαλοφυέστατά

137 4015 214 4067 μοι
260 3997 409 4050 δοκεῖ
455 3991 607 4064 παρὰ
646 3989 723 4060 τῷ
768 3989 963 4059 Παύλῳ
1014 3983 1265 4057 εἰρῆσθαι
1308 3985 1394 4047 τὸ,
1447 3980 1698 4050 Ἡμέρας

135 4087 578 4157 παρατηρεῖσθε,
611 4083 721 4154 (8i)
757 4081 853 4136 καὶ
871 4079 1092 4151 μῆνας,
1154 4079 1253 4133 καὶ
1295 4074 1558 4143 καιροὺς,
1598 4072 1698 4125 καὶ

131 4179 453 4243 ἐνιαυτούς·
473 4173 762 4246 φοϐοῦμαι
777 4170 951 4242 ὑμᾶς,
966 4171 1050 4242 μή
1077 4183 1200 4235 πως
1221 4165 1351 4234 εικῆ
1374 4164 1700 4218 κεκοπίακα

130 4269 206 4334 είς
226 4269 402 4339 ὑμᾶς.

203 4382 326 4435 Ἐὰν
355 4382 416 4436 δέ
454 4397 538 4444 τις
576 4378 709 4449 πρὸς
743 4376 914 4432 ταῦτα
949 4371 1302 4442 ἀνθυποφέρῃ
1340 4367 1409 4422 τὰ
1440 4366 1569 4437 περὶ
1591 4364 1699 4419 τῶν

131 4472 247 4544 παρ’
288 4475 421 4544 ἡμῖν
457 4466 756 4537 κυριακῶν,
793 4465 826 4537 ἦ
862 4461 1247 4536 παρασκευῶν,
1293 4461 1327 4530 ἢ
1361 4456 1450 4512 τοῦ
1481 4456 1691 4525 Πάσχα,
1725 4455 1770 4513 D

129 4561 157 4630 ἢ
185 4561 280 4631 τῆς
304 4557 688 4630 Πεντηκοστῆς
713 4555 780 4609 δι’
808 4553 1029 4626 ἡμερῶν
1050 4551 1332 4621 γινόμενασ
1354 4545 1573 4600 λεκτέον
1601 4546 1695 4597 καὶ

131 4655 255 4725 πρὸς
284 4653 466 4717 τοῦτο,
495 4654 580 4704 ὅτι
617 4652 645 4703 ὁ
673 4649 769 4720 μὲν
799 4647 1021 4709 τέλειος,
1057 4645 1146 4698 ἀεὶ
1170 4646 1226 4696 ὲν
1247 4644 1359 4704 τοῖς
1387 4639 1567 4707 λόγοις
1595 4636 1692 4702 ὢν,

128 4747 214 4796 καὶ
255 4746 372 4807 τοῖς
421 4741 623 4814 ἔργοις,
659 4740 752 4792 καὶ
790 4741 902 4800 τοῖς
937 4737 1259 4807 διανοήμασι
1291 4731 1388 4786 τοῦ
1426 4731 1491 4799 τῇ
1536 4727 1694 4798 φύσει

126 4837 324 4908 Κυρίου
356 4836 531 4904 Λόγου
554 4832 711 4896 Θεοῦ,
735 4831 819 4884 ἀεί
847 4832 992 4883 ἐστιν
1029 4827 1191 4881 αὑτοῦ
1221 4828 1280 4879 ὲν
1306 4827 1424 4886 ταῖς
1459 4821 1696 4893 ἡμέραις

125 4926 212 4978 καὶ
243 4926 332 4980 ἀεὶ
357 4927 480 4994 ἄγει
509 4919 792 4994 Κυριακὰς
823 4919 1052 4991 ἡμέρας.
1099 4914 1258 4970 Ἀλλὰ
1287 4915 1382 4968 καὶ
1404 4913 1492 4965 ἀεὶ
1516 4925 1696 4980 παρα-

127 5015 398 5081 σκευάζων
441 5013 632 5070 ἑαυτὸν
663 5012 798 5084 πρὸς
843 5011 905 5064 τὸ
936 5006 1204 5080 ἀληθινῶς
1246 5006 1366 5077 ζῇν,
1415 5000 1511 5056 καὶ
1558 5001 1695 5054 ἀπε-

125 5108 349 5179 χόμενος
380 5107 490 5160 τῶν
519 5102 612 5157 τοῦ
647 5102 760 5173 βίου
797 5099 966 5171 ἡδέων
1011 5099 1103 5151 καὶ
1133 5095 1258 5158 τοὺς
1290 5092 1514 5154 πολλοὺς
1547 5089 1694 5143 άπα-

1812 517 1949 571 Iendi
2005 515 2098 570 Dei
2165 516 2426 570 rationem
2453 558 2469 582 ,
2519 515 2754 586 fugimus
2793 519 3053 587 quidquid
3092 535 3224 574 vana
3267 519 3382 590 pie-

1813 609 1936 662 tatis
1961 609 2140 677 specie
2166 608 2358 678 impios
2389 608 2520 664 facit
2543 623 2640 664 eos
2668 611 2758 679 qui
2808 627 2835 663 a
2878 611 3021 665 cultu
3067 627 3162 681 per
3199 611 3380 668 Jesum

1808 697 2082 752 Christum
2127 699 2419 752 constituto
2465 700 2742 754 recedunt.
2779 701 2871 753 Est
2924 703 3067 756 enim
3101 703 3192 756 ille
3234 703 3383 759 solus

1810 788 2056 843 veritatis
2085 789 2194 856 via,
2229 791 2399 858 utqui
2426 805 2552 846 vere
2577 792 2711 846 dixit
2742 810 2757 846 :
2792 790 2898 862 Ego
2921 810 3034 848 sum
3061 795 3167 861 via,
3195 796 3382 849 veritas

1807 889 1853 930 et
1888 879 1989 931 vita
2026 880 2089 931 ’⁷.

1879 969 1969 1023 2|.
1999 970 2118 1025 Jam
2146 971 2427 1026 videamus
2457 987 2578 1040 qua:
2601 971 2787 1027 Celsus
2821 982 3004 1043 postea
3051 974 3119 1030 de
3158 975 3268 1031 Deo
3295 977 3378 1032 di-

1808 1071 1919 1126 cat,
1944 1072 1996 1118 et
2031 1065 2303 1133 quomodo
2340 1079 2439 1118 nos
2469 1065 2717 1118 hortetur
2752 1065 2819 1119 ad
2857 1067 3112 1121 utendum
3145 1066 3232 1136 iis,
3257 1085 3379 1138 qua:

1812 1169 1869 1208 re
1897 1156 2114 1225 quidem
2139 1172 2265 1210 vera
2302 1157 2478 1217 idolis,
2509 1165 2620 1221 aut,
2661 1165 2718 1212 ut
2747 1157 2819 1212 ita
2853 1157 3062 1228 loquar,
3103 1161 3381 1217 daemoniis

1809 1247 1985 1301 oblata
2009 1258 2156 1315 sunt,
2180 1250 2273 1303 sed
2307 1264 2428 1317 qua:
2477 1251 2613 1316 ipse,
2649 1249 2868 1320 ignarus
2903 1252 3032 1320 quid
3063 1253 3135 1306 sit
3166 1253 3378 1309 Divini-

1811 1348 1959 1394 taset
1986 1355 2104 1408 quae
2126 1341 2234 1396 siut
2267 1343 2498 1396 victimae
2525 1342 2598 1395 illi
2626 1351 2882 1411 acceptae,
2912 1359 3098 1397 sacras
3131 1346 3380 1404 victimas

1809 1431 2096 1485 vocaverit.
2153 1431 2280 1501 Ejus
2331 1434 2492 1487 verba
2532 1433 2610 1488 sic
2667 1435 2868 1488 habent
2904 1453 2917 1486 :
2960 1435 3100 1489 Deus
3145 1439 3378 1492 omnium

1807 1520 2094 1573 communis
2126 1530 2224 1585 est,
2266 1521 2454 1586 bonus,
2492 1523 2690 1576 nullius
2725 1523 2798 1576 rei
2830 1523 3091 1593 indigens,
3136 1525 3280 1579 nulla
3302 1528 3380 1581 in-

1807 1611 1970 1665 vidis.
2001 1610 2143 1676 Quid
2178 1613 2341 1682 igitur
2371 1623 2503 1666 uetat
2539 1615 2665 1682 quin
2691 1613 2792 1682 illi,
2815 1615 2903 1682 qui
2933 1617 3233 1687 eimaxime
3251 1633 3378 1671 con-

1806 1713 2100 1768 secrantur,
2134 1701 2285 1771 festis
2311 1704 2535 1771 publicis
2567 1704 2856 1759 intersint?
2888 1705 3080 1760 Nescio
3103 1709 3377 1775 quomodo

1807 1796 1859 1848 in
1890 1795 2124 1848 animum
2165 1795 2462 1861 induxerit,
2513 1810 2578 1849 ex
2623 1810 2688 1850 eo
2731 1797 2874 1865 quod
2924 1797 3124 1863 bonus,
3177 1798 3376 1854 nullius

1804 1885 1879 1938 rei
1901 1885 2170 1954 indigens,
2199 1885 2341 1938 nulla
2377 1886 2580 1940 invidia
2603 1887 2670 1941 sit
2695 1887 2854 1950 Deus,
2880 1901 3215 1956 consequens
3235 1903 3375 1956 esse,

1804 1986 1860 2029 ut
1880 1977 1969 2044 qui
2001 1977 2235 2030 maxime
2263 1975 2337 2030 illi
2367 1977 2546 2032 devoti
2575 1987 2717 2042 sunt,
2746 1975 2903 2032 festis
2939 1978 3166 2047 publicis
3207 1979 3376 2035 inter-

1803 2068 1930 2122 sint.
1968 2065 2168 2121 Fateor
2218 2067 2469 2136 equidem
2515 2085 2529 2120 :
2579 2081 2645 2122 ex
2686 2082 2751 2123 eo
2799 2068 2940 2136 quod
2998 2067 3140 2122 Deus
3178 2069 3372 2134 bonus,

1803 2160 2002 2214 nullius
2043 2160 2119 2214 rei
2157 2160 2403 2229 indigus,
2463 2159 2769 2228 nulliusque
2815 2161 3026 2216 invidiae
3065 2162 3134 2216 sit
3178 2176 3373 2232 capax,
3415 2145 3429 2158 ”

1802 2265 2142 2321 consequens
2181 2259 2326 2304 esset
2361 2249 2514 2304 festis
2551 2250 2780 2320 publicis
2805 2250 3070 2306 interesse
3097 2261 3374 2320 oportere,
3471 2307 3481 2316 ,

1803 2344 1845 2399 si
1880 2343 2199 2412 probaretur
2231 2341 2362 2397 nihil
2387 2341 2477 2396 illa
2506 2343 2708 2398 habere
2731 2356 3043 2408 erroneum,
3067 2353 3118 2399 et
3147 2360 3177 2398 a
3205 2346 3371 2399 Deum

1802 2436 2253 2506 cognoscentibus
2309 2436 2607 2490 constituta
2670 2435 2857 2499 fuisse,
2900 2423 3156 2504 tanquam
3196 2436 3374 2490 cultus

1803 2524 1854 2578 in
1885 2525 2035 2578 illum
2066 2532 2122 2579 et
2173 2525 2392 2594 pietatis
2431 2525 2732 2594 sequelam.
2781 2526 2877 2580 Siu
2925 2541 3055 2580 vero
3095 2525 3228 2580 festa
3279 2525 3372 2580 illa

1802 2612 2037 2682 publica,
2068 2627 2186 2682 qua:
2216 2613 2432 2669 nonnisi
2467 2615 2685 2669 nomine
2711 2614 2845 2668 festa
2889 2624 3033 2678 sunt,
3087 2614 3233 2668 nulla
3281 2630 3370 2669 ra-

1805 2702 1949 2758 tione
1985 2704 2198 2771 probari
2243 2713 2469 2772 possunt
2497 2703 2681 2758 divino
2718 2704 2883 2759 cultui
2926 2718 3046 2759 esse
3086 2713 3374 2760 consenta-

1804 2808 1927 2859 nea,
1965 2794 2058 2848 sed
2087 2803 2388 2865 arguantur
2419 2794 2675 2865 ﬁgmenta
2698 2811 2820 2852 esse
2850 2795 3130 2850 hominum
3154 2797 3246 2866 qui
3281 2798 3369 2851 illa

1804 2885 1944 2939 datis
1997 2885 2334 2962 quibuslibet
2384 2887 2764 2941 occasionibus
2819 2897 3037 2956 propter
3099 2887 3368 2956 quasdam

1804 2979 2070 3033 humanas
2096 2977 2350 3031 historias
2375 2976 2750 3041 instituerunt,
2793 2977 2875 3032 vel
2926 2979 3186 3047 quasdam
3214 2992 3370 3047 aqua:

1805 3079 1897 3123 aut
1921 3076 2197 3122 terravaut
2223 3066 2493 3121 fructuum
2525 3081 2590 3121 ex
2618 3067 2706 3122 illa
2742 3068 3083 3122 nascentium
3116 3069 3366 3138 proprie-

1805 3169 1941 3214 tates
1966 3159 2253 3215 videantur
2287 3157 2616 3225 exprimere,
2653 3159 2998 3227 perspicuum
3023 3169 3106 3214 est
3127 3174 3244 3226 eos,
3273 3163 3368 3231 qui

1802 3263 2059 3308 accurate
2093 3254 2272 3307 colere
2319 3253 2505 3308 voluut
2540 3249 2902 3313 Divin’itatem,
2944 3259 3365 3304 consentaneum

1799 3347 1926 3416 quid
1953 3346 2147 3400 rationi
2182 3344 2439 3408 facturos,
2491 3344 2536 3398 si
2587 3342 2738 3397 festis
2780 3341 3008 3412 publicis
3064 3356 3166 3396 non
3200 3342 3367 3398 inter-

1800 3437 2019 3492 fuerint.
2072 3436 2294 3491 Festum
2351 3436 2516 3501 enim,
2563 3444 2624 3490 ut
2665 3434 2895 3504 pulchre
2946 3435 3162 3503 quidam
3215 3434 3299 3488 vel
3333 3451 3365 3490 e

1800 3529 2004 3584 Grmeis
2035 3528 2372 3598 sapientibus
2420 3527 2574 3591 dixit,
2608 3525 2742 3580 nihil
2776 3535 2850 3578 est
2899 3524 3046 3578 aliud
3096 3541 3254 3595 quam
3285 3525 3369 3595 of-

1801 3620 1976 3688 ﬁcium
2013 3619 2183 3689 facere
2220 3619 2303 3684 ²⁸;
2335 3626 2391 3674 et
2423 3633 2555 3674 sane
2603 3617 2740 3672 festa
2799 3629 2926 3670 vere
2973 3615 3061 3670 ille
3101 3615 3366 3679 celebrat,

1798 3715 2030 3784 quisuis
2068 3710 2260 3766 oﬂiciis
2311 3709 2581 3780 fungitur,
2637 3708 2730 3777 qui
2791 3715 2915 3761 orat
2954 3717 3232 3776 perpetuo,
3274 3711 3365 3777 qui

1803 3807 1968 3861 Deum
1990 3802 2102 3859 suis
2135 3801 2435 3857 invocando
2464 3800 2716 3868 precibus
2744 3799 3062 3852 incruentas
3106 3797 3254 3852 nulla
3285 3798 3369 3852 in-

1800 3897 2142 3952 termissione
2181 3893 2386 3950 hostias
2417 3891 2594 3946 ollert.
2627 3888 2991 3957 Quamobrem
3048 3888 3180 3942 mihi
3222 3888 3372 3943 vide-

1802 4000 1890 4044 tur
1931 4004 1963 4044 a
2011 3986 2180 4042 Paulo
2231 3981 2771 4054 magniﬁcentissime
2815 3981 3015 4035 dictum
3045 3993 3210 4034 esse:
3245 3978 3370 4035 Dies

1802 4079 2082 4134 obseruatis
2105 4087 2151 4131 et
2179 4091 2377 4130 menses
2403 4084 2449 4128 et
2480 4083 2711 4142 tempora
2749 4080 2797 4126 et
2838 4086 3040 4134 annos;
3074 4071 3227 4123 timeo
3255 4085 3365 4135 vos,

1802 4187 1865 4226 ne
1892 4171 2026 4239 forte
2047 4169 2158 4222 sine
2180 4183 2342 4221 causa
2373 4163 2722 4218 laboraverim
2750 4162 2805 4215 in
2841 4162 2981 4215 vobis
3021 4162 3091 4214 ”.

1873 4346 1961 4401 2‘2.
1989 4342 2086 4399 Hic
2115 4342 2162 4399 si
2196 4339 2318 4411 quis
2339 4339 2563 4408 objiciet
2600 4351 2662 4392 ea
2693 4349 2814 4406 qua:
2865 4333 3185 4396 Dominicis,
3209 4332 3372 4388 Para-

1798 4451 2002 4499 sceves,
2038 4431 2342 4496 Paschatis,
2365 4428 2715 4484 Pentecostes
2734 4425 2925 4479 diebus
2946 4423 3089 4491 apud
3119 4437 3219 4478 nos
3253 4423 3369 4479 ﬁeri

1801 4529 2010 4591 solent,
2040 4517 2476 4594 respondendum
2509 4524 2594 4572 est
2625 4513 2926 4586 perlectum
2978 4510 3370 4577 Christianum,

1800 4622 1895 4693 qui
1929 4616 2133 4680 verbis,
2164 4611 2420 4685 operibus
2461 4617 2517 4664 et
2567 4605 2988 4677 cogitationibus
3039 4602 3203 4674 759
3248 4617 3371 4658 cum

1803 4713 1979 4769 Verbo
2028 4709 2122 4763 Dei
2159 4721 2256 4762 suo
2296 4711 2492 4760 natura
2552 4699 2782 4754 Domino
2822 4705 3108 4764 versatur,
3157 4709 3374 4766 semper

1800 4817 1920 4862 esse
1952 4803 2005 4856 in
2032 4800 2150 4868 ejus
2177 4795 2390 4861 diebus,
2423 4804 2642 4860 semper
2668 4801 2830 4860 agere
2875 4786 2992 4843 dies
3039 4785 3372 4843 Dominicas.

1801 4897 1906 4954 Sed
1937 4904 1990 4949 et
2010 4891 2102 4963 qui
2131 4902 2346 4958 semper
2371 4900 2431 4940 se
2451 4897 2639 4938 veram
2667 4880 2733 4936 ad
2763 4879 2929 4932 vitam
2959 4883 3250 4947 praeparat,
3277 4877 3372 4946 qui

1805 4988 2040 5044 abstinet
2072 4982 2139 5036 ab
2165 4979 2328 5049 hujus
2386 4977 2510 5032 vita:
2559 4970 2927 5042 voluptatibus
2971 4964 3170 5037 quibus
3219 4967 3376 5021 multi

1805 5081 2098 5141 falluntur,
2141 5071 2234 5142 qui
2270 5083 2375 5124 non
2409 5064 2594 5122 carnis
2625 5061 2962 5134 prudentiam
2989 5058 3106 5124 alit,
3141 5056 3236 5113 sed
3265 5072 3380 5116 cor-

186 5274 228 5306 "
256 5272 419 5330 Joan.
447 5285 562 5336 XIV,
589 5270 644 5323 6.
719 5268 764 5300 ’⁸
788 5263 1033 5336 Thucyd.
1059 5263 1100 5316 l.
1130 5279 1170 5317 ι.
1246 5261 1291 5292 ³³
1325 5255 1508 5315 Galat.
1587 5268 1663 5317 ιν,
1709 5247 1799 5314 l0,
1838 5246 1925 5300 ll.

189 5419 300 5490 (77)
340 5417 504 5490 [lapis
534 5415 761 5490 τούτῳ,
810 5409 1020 5490 Guieto‘
1068 5407 1290 5490 videtqr
1339 5399 1683 5490 scribendum

283 5470 546 5560 ίτᾶέτδξίιι
587 5495 673 5540 est
703 5470 758 5537 ἀι
801 5479 947 5553 παρὰ
973 5479 1034 5531 τὸ
1068 5477 1211 5549 ἱερὸν
1245 5472 1446 5528 θυσίαι.
1481 5470 1538 5524 Id
1580 5475 1683 5531 est,

121 5561 171 5611 αἱ
202 5559 345 5623 ἱεραὶ
376 5559 576 5612 θυσίαι.
749 5622 752 5623 ν
829 5622 833 5623 ν
967 5599 1059 5623 ᾼη,
1182 5615 1212 5623 ,.
1392 5609 1405 5623 .
1509 5609 1522 5623 .
1612 5604 1625 5620 .

202 5578 245 5611 ιε
287 5577 345 5612 αι
376 5577 576 5612 ουσιαι.
1023 5599 1026 5602 .
1612 5604 1625 5620 '

190 5577 303 5700 (ῗέ)
345 5630 414 5684 Τὸ
464 5625 682 5700 αὐτῶν,
740 5622 943 5700 Mallet_
967 5615 1303 5700 Buherellus2
1338 5609 1418 5700 Λτὸ
1458 5609 1682 5700 αύτουὲ

119 5674 302 5754 Pali-lu,
322 5674 439 5769 post
465 5674 854 5769 adsies
875 5674 980 5769 τῆς
1015 5689 1143 5758 περὶ
1175 5674 1306 5740 Θεού
1337 5680 1592 5750 θεωρίας.
1627 5674 1684 5728 In

120 5781 278 5822 antea
307 5763 466 5824 editis
487 5768 756 5838 omittitur
779 5763 926 5838 περί.
991 5830 1022 5838 η
1050 5829 1060 5838 _
1234 5827 1245 5838 ,
1271 5828 1285 5838 _
1328 5835 1337 5838 _

719 5819 913 5890 Guie'lo
937 5829 1170 5899 mihique
1200 5827 1412 5882 videtur
1443 5819 1688 5877 scriben-

1797 5385 2717 5530 ἀυὲθῗοῖἇῗῗιῖέταλαμϐᾴτςοντες.
2736 5435 2905 5490 Recte
2931 5430 3157 5530 omnino
3171 5431 3252 5530 sic
3273 5431 3375 5530 hq-

1799 5500 2387 5589 bet"c'éd2;"iziam.s3
2422 5513 2528 5589 nisi
2564 5500 2709 5589 ειξίιὶι
2741 5500 3376 5589 πειθηέῑρῆτιῑουέξμιξήν

1797 5577 2428 5673 sit-sesumam»
2449 5585 2570 5673 .999
2594 5577 3126 5673 ,[ίξξκίξηεξηαέἓὲξξίυνν
3171 5585 3380 5642 Pisce-

1952 5645 2558 5732 weiiitovov,‘mutandum
2590 5649 2697 5704 erit
2727 5648 2781 5701 in
2807 5645 3022 5732 ἄλογον.
3045 5713 3066 5732 Ι
3093 5713 3176 5732 θα
3228 5709 3352 5732 dm

2225 5711 2388 5787 eodd.
2414 5738 2572 5790 11155.,
2597 5713 3024 5792 παρατηρεῖσθε.
3045 5713 3203 5770 Libb.
3224 5711 3382 5778 editi,

1799 5802 2018 5882 παρατη
2027 5802 2212 5878 ρῆσθε.
