3866 6398
414 389 420 396 _
509 331 637 387 HIS!

1957 323 2278 383 ORIGENIS

3602 333 3700 386 155'}

508 469 609 521 pus
638 468 792 508 suum
817 450 1045 516 castigat
1077 457 1128 501 et
1153 447 1206 499 in
1239 445 1558 499 servitutem
1585 444 1775 515 redigit
1804 445 1868 508 ³ο,
1894 447 1960 499 ab
1988 446 2054 499 ἰ11‹

2181 444 2419 506 τώντων,
2463 445 2554 498 καὶ
2608 445 2680 517 μὴ
2726 449 2940 519 τρέφων
2975 451 3036 503 τὸ
3089 451 3345 521 φρόνημα
3390 448 3485 517 τῆς
3529 450 3699 519 σαρκὸς,

507 557 720 610 semper
749 540 1050 595 Parasrevc
1076 540 1402 592 celebratur.
1444 537 1492 590 Is
1531 537 1726 600 etiam,
1761 538 1849 606 qui
1875 538 2078 608 cogitat

506 635 809 696 Christum,
849 632 991 701 quod
1029 630 1237 685 Pascha
1282 640 1523 682 nostrum
1580 637 1664 684 est
1714 628 1782 693 ³¹,
1833 628 2077 682 immola-

509 741 617 784 tum
637 741 758 783 esse
789 736 844 780 et
873 721 1245 778 manducanda
1285 719 1446 776 Verbi
1499 734 1662 774 carne
1703 719 1898 774 festum
1933 719 2074 773 dicat

505 821 588 889 agi
620 829 889 888 oportere,
925 831 1139 885 semper
1173 813 1397 880 Pascha,
1427 811 1570 881 quod
1595 810 1878 864 transitum
1908 808 2076 879 signi-

505 917 646 978 licat,
679 911 960 975 celebrat;
1008 908 1359 979 cogitatione,
1399 905 1545 958 omni
1593 904 1781 966 verbo,
1813 902 2075 970 omnique

500 1019 663 1076 opere
700 1020 765 1060 ex
793 1003 951 1072 hujus
980 1002 1098 1056 vita:
1125 1000 1286 1054 rebus
1317 998 1382 1052 ad
1417 998 1584 1052 Deum
1617 996 1890 1051 transiens
1918 1003 1976 1049 et
2006 996 2072 1050 ad

499 1098 615 1166 ejus
645 1097 919 1152 civitatem
956 1108 1276 1162 properans.
1304 1089 1575 1144 Prmterea
1607 1087 1700 1157 qui
1732 1101 1860 1142 vere
1895 1095 2074 1156 potest

496 1188 680 1242 dicere
725 1204 740 1240 :
784 1184 960 1242 Simul
1015 1184 1399 1239 resurreximus
1442 1198 1559 1235 cum
1604 1180 1813 1234 Christo
1845 1179 1926 1244 ⁸¹;
1969 1187 2064 1233 et:

496 1278 940 1333 Conrcsuscitavit
977 1286 1024 1330 ct
1070 1277 1348 1330 consedere
1397 1274 1517 1343 fecit
1566 1274 1620 1326 in
1665 1271 1962 1326 amicalibus
2013 1271 2069 1324 in

495 1370 703 1425 Christo
737 1370 816 1435 8"";
867 1370 912 1424 is
941 1383 1156 1437 semper
1205 1376 1288 1422 est
1331 1367 1384 1421 in
1429 1367 1620 1420 diebus
1665 1363 2064 1420 Pentecostes:

494 1462 792 1530 praesertim
819 1477 939 1516 cum
967 1465 1265 1516 ascendens
1289 1461 1340 1513 in
1371 1457 1734 1520 crenaculum,
1756 1466 1816 1511 ut
1838 1457 2065 1526 apostoli

495 1555 618 1611 Jesu
647 1556 714 1622 “,
747 1555 998 1626 precibus
1019 1563 1074 1610 et
1099 1553 1330 1609 orationi
1379 1561 1555 1617 vacat,
1588 1560 1646 1606 ut
1671 1552 1875 1620 dignus
1902 1551 2066 1606 velte-

496 1648 664 1702 menti
698 1647 788 1702 illo
813 1648 1007 1717 spiritu
1039 1661 1069 1702 e
1100 1645 1238 1702 caelo
1261 1645 1583 1700 adveniente
1612 1643 1706 1698 liat
1733 1644 1801 1707 ³⁵,
1827 1643 1920 1713 qui
1949 1643 2065 1712 spi-

492 1742 627 1795 ritus
656 1741 704 1794 vi
738 1756 831 1795 sua
862 1739 1005 1794 delet
1054 1739 1105 1794 in
1161 1738 1468 1793 [nominibus
1521 1736 1780 1790 malitiam
1824 1744 1879 1789 et
1910 1735 2066 1804 quid-

2179 535 2292 588 ἀλλ’
2321 537 2648 602 ὑπωπιάζων
2681 540 2842 592 αὑτοῦ
2874 542 2932 594 τὸ
2957 541 3114 612 σῶμα
3145 543 3240 594 καὶ
3267 539 3622 608 δουλαγωγῶν,
3640 543 3701 592 ἀεὶ

2179 625 2302 692 ἄγει
2333 624 2431 688 τὰς
2459 630 2828 697 παρασκευάς.
2863 632 2978 683 Ἔτι
3002 631 3058 684 δέ
3082 633 3110 684 ὁ
3142 633 3362 703 νοήσας,
3385 631 3538 683 ὅτιτὸ
3559 631 3702 698 Πάσχα

2178 716 2334 786 ἡμῶν
2367 718 2506 788 ὑπὲρ
2531 718 2685 789 ἡμῶν
2715 721 2824 790 (8:2)
2860 722 3024 793 ἐτύθη
3074 724 3330 791 Χριστὸς,
3365 723 3457 774 καὶ
3500 721 3592 792 χρὴ
3619 723 3702 791 tap-

2176 807 2362 870 τάξειν
2393 807 2638 861 ἐσθίοντα
2677 809 2774 878 τῆς
2829 810 3030 882 σαρκὸς
3072 811 3167 864 τοῦ
3212 812 3423 879 Λόγου·
3459 813 3552 864 οὐκ
3593 809 3701 862 ἔστιν

2176 900 2264 952 ὅτε
2285 900 2344 952 ού
2375 902 2516 952 ποιεῖ
2538 900 2599 953 τὸ
2619 902 2831 973 Πάσχα,
2863 904 3002 975 ὅπερ
3024 903 3391 975 ἑρμηνεύεται
3413 903 3699 976 διαϐατήρια,

2173 991 2463 1044 διαϐαίνων
2493 993 2579 1045 ἀεὶ
2601 992 2678 1062 τῷ
2702 992 2947 1064 λογισμῷ
2979 995 3074 1047 καὶ
3105 996 3270 1048 παντὶ
3302 995 3446 1066 λόγῳ
3478 997 3564 1048 καὶ
3592 998 3702 1068 πάσῃ

2175 1083 2372 1154 πράξει
2401 1084 2506 1136 ἀπὸ
2541 1083 2649 1136 τῶν
2688 1085 2782 1137 τοῦ
2814 1085 2933 1155 βίου
2966 1087 3313 1157 πραγμάτων
3357 1087 3449 1139 ἐπὶ¹
3481 1088 3562 1140 τὸν
3585 1087 3699 1150 Θεὸν,

2173 1173 2268 1224 καὶ
2306 1174 2400 1226 ἐπὶ
2424 1174 2521 1244 τὴν
2551 1172 2706 1226 πόλιν
2737 1175 2904 1228 αὐτοῦ
2939 1177 3204 1231 σπεύδων.
3236 1178 3383 1249 Πρὸς
3407 1177 3599 1241 τούτοις
3618 1179 3703 1231 δὲὸ

2171 1261 2465 1334 δυνάμενος
2493 1264 2632 1334 μετὰ
2665 1265 2922 1335 ἀληθείας
2944 1267 3144 1336 λέγειν,
3182 1269 3626 1338 Συνανέστημεν
3647 1269 3702 1334 τῷ

2170 1355 2420 1422 Χριστῷ,
2449 1355 2584 1410 ἀλλὰ
2617 1357 2708 1408 καὶ
2730 1352 2794 1412 τό
2815 1374 2827 1386 ·
2865 1358 3188 1428 Συνήγειρε
3219 1360 3320 1413 καὶ
3356 1360 3703 1415 συγδκὰθισεν

2171 1445 2326 1513 ἡμᾶς
2355 1446 2426 1498 ἐν
2454 1447 2575 1513 τοῖς
2598 1448 2980 1516 ἐπουρανίοις
3011 1450 3081 1503 ἐν
3114 1451 3374 1519 Χριστῷ,
3408 1451 3492 1504 ἀεί
3521 1452 3641 1504 ἐστιν
3661 1454 3702 1504 ἐν

2167 1541 2286 1602 ταῖς
2312 1539 2408 1610 τῆς
2452 1540 2830 1611 Πεντηκοστῆς
2865 1542 3117 1613 ἡμέραιςο
3151 1543 3248 1596 καὶ
3280 1543 3512 1614 μάλιστα
3532 1545 3607 1597 ὅτε
3635 1546 3702 1596 καὶ

2169 1635 2248 1698 είς
2269 1634 2329 1687 τὸ
2359 1635 2626 1705 ὑπερῷον,
2661 1637 2735 1700 ὡς
2763 1641 2814 1692 ai
2839 1638 3128 1694 ἀπόστολοι
3162 1637 3258 1690 τοῦ
3302 1637 3497 1708 Ἰησοῦ,
3525 1638 3701 1701 ἀναϐὰς,

2171 1725 2416 1795 σχολάζει
2451 1731 2515 1799 τῇ
2554 1729 2734 1800 δεήσει
2770 1732 2867 1784 καὶ
2900 1733 2968 1801 τῇ
3003 1733 3282 1800 προσευχῇ
3317 1729 3394 1794 ὡς
3427 1729 3563 1794 ἄξιος
3588 1732 3702 1798 γενέ-

492 1835 620 1902 quid
671 1849 739 1888 ex
787 1834 876 1887 illa
917 1832 1197 1898 nascitur;
1248 1839 1306 1884 ut
1344 1830 1508 1884 etiam
1555 1831 1753 1898 dignus
1797 1828 1924 1892 ﬁat,
1976 1830 2054 1884 cui

2169 1817 2290 1870 σθαι
2319 1818 2418 1887 τῆς
2453 1820 2756 1890 φερομένης
2783 1820 2954 1889 πνοῆς
2987 1817 3166 1888 βιαίας
3193 1819 3532 1891 ἐξ·ούρανοῦ,
3564 1820 3702 1889 βιαζο-

495 1927 634 1981 Dcus
661 1927 829 1998 ignea:
848 1925 1041 1996 linguae
1071 1934 1281 1995 parlent
1307 1924 1540 1992 aliquam
1569 1922 1849 1992 largiatur.

555 2188 647 2244 25.
692 2187 892 2243 Verum
945 2200 1067 2242 cum
1113 2184 1303 2254 vulgus
1343 2198 1530 2239 eorum
1580 2183 1674 2252 qui
1714 2183 1933 2238 credere
1989 2183 2063 2236 vi-

490 2282 710 2346 dentur,
740 2296 843 2335 non
870 2280 940 2334 sit
968 2275 1252 2346 ejusmodi,
1287 2276 1382 2330 sed
1413 2285 1506 2330 aut
1531 2277 1663 2329 nolit
1687 2285 1779 2329 aut
1807 2291 1910 2329 non
1938 2289 2062 2342 pos-

489 2376 561 2429 sit
586 2389 775 2430 omnes
806 2371 1112 2440 lmjusmodi
1139 2370 1254 2424 dies
1286 2369 1454 2424 festos
1490 2381 1669 2439 agere,
1705 2367 1908 2438 indiget
1934 2383 2058 2422 scn-

488 2466 736 2521 sibilibus
767 2464 927 2520 rebus
960 2477 1081 2532 qua:
1130 2461 1516 2531 mysteriorum
1574 2458 1790 2516 illorum
1851 2473 2058 2513 memo-

489 2563 624 2614 riam
658 2565 940 2621 renovent,
983 2565 1129 2609 utne
1169 2570 1392 2625 prorsus
1434 2553 1670 2610 cllluant.
1706 2551 1828 2606 H1ec
1865 2551 2059 2620 Opinor

489 2655 540 2706 in
579 2653 759 2707 animo
788 2650 1040 2706 habuisse
1061 2649 1310 2715 Paulum,
1337 2665 1460 2704 cum
1509 2647 1706 2702 festum
1750 2647 1915 2702 certis
1942 2645 2059 2700 die-

485 2745 584 2799 bus
615 2759 724 2820 pra:
746 2743 958 2797 caneris
976 2755 1262 2796 recurrens
1283 2739 1569 2810 appellavit
1603 2747 1805 2806 partem
1835 2737 1954 2806 festi
1979 2736 2051 2803 ³⁸;

484 2837 678 2905 quibus
695 2835 877 2890 verbis
924 2833 1234 2888 subindieat
1274 2829 1437 2886 vitam
1479 2829 1661 2884 divino
1704 2827 1872 2882 verbo
1911 2841 2055 2882 sem-

484 2945 579 2999 per
608 2935 1027 2982 consentaneam
1062 2941 1166 2981 non
1205 2926 1255 2978 in
1306 2931 1458 2993 parte
1488 2923 1635 2986 t'esti,
1686 2921 1780 2977 sed
1833 2921 1883 2975 in
1920 2921 2054 2975 intc-

483 3035 579 3089 gro
607 3033 724 3075 esse
759 3029 813 3073 et
851 3032 1130 3086 nunquam
1164 3016 1462 3072 deﬁciente
1510 3015 1671 3069 festo.
1713 3013 1919 3066 Rursus
1954 3011 2051 3081 igi-

407 3100 410 3102 ’
485 3121 573 3166 tur
622 3128 686 3168 ex
734 3111 800 3165 iis
834 3125 953 3180 quae
989 3111 1053 3163 de
1088 3108 1290 3163 nostris
1328 3106 1482 3162 festis
1521 3107 1661 3161 dicta
1695 3114 1845 3170 sunt,
1871 3102 2054 3158 consi-

484 3207 728 3267 dera,an
776 3211 982 3266 nostra,
1038 3201 1081 3256 si
1134 3215 1259 3255 eum
1314 3198 1546 3270 publicis
1596 3195 2052 3263 ethnicorumque

483 3295 635 3351 festis
672 3293 1046 3358 conferantur,
1089 3307 1198 3346 non
1256 3291 1426 3346 multo
1460 3288 1733 3344 sanctiora
1788 3286 1898 3342 sint
1949 3285 2054 3340 illis

483 3391 735 3459 publicis,
770 3391 822 3444 in
847 3391 1043 3460 quibus
1076 3387 1360 3456 prudentia
1412 3383 1594 3440 carnis
1639 3383 1836 3438 festum
1887 3397 2052 3452 agens

483 3483 549 3536 ad
580 3482 896 3536 ebrietatem
928 3478 1321 3545 lasciviamque
1369 3489 1564 3546 magno
1610 3472 1785 3528 fertur
1821 3473 2048 3543 impetu.

481 3570 722 3640 Longum
785 3578 929 3622 esset
963 3580 1104 3619 nune
1155 3577 1446 3632 exponere,
1480 3575 1578 3616 cur
1617 3560 1708 3617 Dei
1745 3559 1826 3616 lex
1861 3559 2052 3615 doceat

478 3649 532 3714 in
569 3658 725 3714 festis
757 3657 946 3712 diebus
972 3670 1161 3724 panem
1198 3653 1486 3724 aﬂiictionis
1507 3655 1550 3686 ³⁷
1571 3654 1730 3709 edere
1749 3660 1802 3709 et
1836 3667 2049 3720 azymos

478 3769 638 3819 panes
662 3767 783 3804 cum
808 3749 1030 3802 lactucis
1066 3745 1356 3815 agrestibus
1399 3743 1466 3809 ³⁸,
1507 3750 1563 3797 et
1607 3757 1711 3812 qua
1763 3743 1828 3798 de
1879 3757 2048 3797 causa

477 3843 622 3896 dicat
657 3858 670 3895 :
703 3837 996 3892 ﬂumiliate
1027 3835 1231 3887 animas
1274 3841 1473 3887 vestras
1521 3831 1588 3897 ³³,
1643 3841 1699 3888 et
1729 3831 1773 3886 si
1802 3831 1931 3900 quid
1966 3832 2050 3886 bis

474 3941 559 3988 est
587 3930 782 3988 simile.
812 3926 996 3997 Neque
1019 3925 1163 3979 enim
1193 3923 1310 3978 lieri
1348 3933 1526 3993 potest
1570 3934 1627 3978 ut
1659 3924 1819 3978 homo
1846 3939 1910 3980 ex
1943 3923 2048 3978 du-

475 4025 599 4096 plici
630 4031 791 4093 parte
823 4029 1084 4075 constans
1111 4027 1166 4072 et
1198 4017 1252 4070 in
1281 4033 1388 4086 quo
1414 4033 1539 4070 caro
1589 4017 1911 4085 concupiscit
1952 4018 2050 4071 ad-

476 4133 649 4173 versus
678 4114 923 4184 spiritum
945 4120 991 4166 et
1017 4109 1234 4180 spiritus
1259 4109 1505 4163 adversus
1532 4125 1747 4162 carnem
1783 4107 1852 4173 ⁸ο,
1902 4119 2048 4164 totus

473 4212 666 4265 festum
723 4217 866 4278 agat.
925 4204 1058 4260 Nam
1106 4205 1151 4260 si
1207 4203 1402 4273 spiritu
1450 4203 1645 4256 festum
1693 4203 1821 4272 agit,
1848 4201 2048 4271 adliget

469 4317 670 4373 corpus
704 4301 847 4371 quod
904 4298 1190 4369 prudentia
1243 4296 1424 4352 carnis
1475 4295 1698 4364 impedit
1753 4297 2046 4365 quominus

469 4410 589 4452 cum
625 4395 817 4466 spiritu
852 4392 1049 4447 festum
1083 4397 1244 4461 agat;
1274 4397 1368 4442 aut
1394 4389 1436 4441 si
1469 4387 1665 4442 festum
1695 4395 1820 4456 agat
1851 4401 2047 4440 secun-

2170 1909 2336 1978 μένης
2368 1909 2684 1978 ἐξαφανίσαι
2714 1911 2810 1982 τὴν
2865 1912 2921 1965 ἐν
2955 1911 3266 1983 ἀνθρώποις
3299 1913 3499 1965 κακίαν
3542 1914 3620 1965 καὶ
3651 1914 3702 1965 τά

2167 2001 2257 2054 ἀπ’
2279 2001 2478 2071 αὐτῆς·
2505 2003 2656 2068 ἄξιος
2678 2003 2736 2059 δέ
2765 2004 2859 2057 καί
2883 2021 3026 2068 τινος
3055 2005 3331 2076 μερισμοῦ
3362 2005 3596 2076 γλώσσης
3621 2005 3700 2058 ἀπὸ

2165 2081 2299 2144 Θεοῦ
2331 2093 2584 2163 πυρίνης.

2249 2184 2306 2236 Ὀ
2354 2183 2409 2236 δὲ
2461 2184 2624 2247 πολὺς
2668 2185 2774 2237 τῶν
2817 2185 3092 2240 πιστεύειν
3142 2186 3482 2250 δοκούντων,
3524 2189 3604 2240 καὶ
3643 2190 3692 2257 μὴ

2163 2276 2494 2348 τηλικοῦτος,
2534 2277 2724 2342 δεῖται,
2757 2279 3116 2350 ὑπομνήσεως
3153 2281 3338 2352 χάριν,
3378 2280 3453 2352 μὴ
3488 2280 3689 2351 βουλόμε-

2162 2366 2310 2437 νοςῆ
2349 2367 2422 2437 μὴ
2453 2367 2747 2438 δυνάμενος
2798 2370 2979 2434 πάσας
3010 2371 3267 2437 τοιαύτας
3310 2374 3465 2442 ἄγειν
3513 2375 3693 2444 ἡμέρας,

2161 2458 2431 2528 αἰσθητῶν
2466 2461 2945 2532 παραδειγμάτων,
2982 2463 3068 2515 ἵνα
3102 2463 3178 2534 μὴ
3212 2465 3400 2518 τέλεον
3430 2467 3694 2538 παραῤῥυῇ.

2161 2547 2396 2602 Τοιαῦτα
2429 2549 2472 2602 δ’
2521 2547 2674 2621 οἶμαι
2714 2552 2804 2605 τὸν
2848 2554 3055 2606 Παῦλον
3084 2557 3385 2627 νενοηκότα
3404 2599 3420 2624 ,
3439 2557 3603 2628 μέρος
3625 2559 3696 2628 μὲν

2158 2639 2369 2708 ἑορτῆς
2388 2642 2727 2722 ὠνομακέναι
2754 2647 2855 2717 τὴν
2884 2649 2939 2700 ἐν
2964 2649 3200 2719 ἡμέραις
3228 2652 3580 2722 τεταγμέναις
3601 2657 3697 2723 παρ’

2158 2733 2347 2802 ἐτέρας
2388 2734 2497 2806 (85)
2543 2737 2757 2808 ἐορτήψ
2812 2739 3027 2810 ᾐνίχθαι
3061 2742 3117 2795 δέ
3147 2746 3213 2796 ἐκ
3248 2744 3343 2797 τοῦ
3379 2746 3543 2808 οὓτως
3582 2743 3698 2796 λελε-

2165 2825 2390 2895 γμένου,
2409 2827 2489 2880 ὅτι
2511 2829 2612 2881 οὐκ
2634 2829 2690 2881 ἐν
2718 2830 2875 2902 μέρει
2903 2835 3114 2904 ἑορτῆς,
3135 2835 3254 2888 ἀλλ’
3271 2837 3331 2889 ὲν
3358 2837 3613 2908 ὁλοκλήρῳ
3629 2838 3700 2890 καὶ

2157 2916 2665 3000 ἁδιαλείπτιρηέστὶν
2693 2922 2852 2994 ἑορτῇ
2883 2926 2910 2976 ὁ
2937 2925 3024 2977 ἀεὶ
3060 2927 3174 2995 βίος
3200 2929 3345 2981 κατὰ
3369 2929 3457 2982 τὸν
3486 2927 3610 2982 θεῖον
3631 2927 3700 2982 λό-

2156 3025 2269 3076 γον.
2302 3011 2442 3082 Ὅρα
2471 3005 2562 3064 οὖν
2595 3011 2752 3067 πάλιν
2816 3016 2910 3068 καὶ
2953 3016 3062 3069 τῶν
3111 3018 3421 3089 εἰρημένων
3463 3019 3563 3088 (34)
3603 3021 3701 3090 περὶ

2155 3103 2356 3174 ἑορτῶν
2383 3103 2490 3157 τῶν
2519 3105 2648 3177 παρ’
2681 3107 2833 3177 ἡμῖν,
2879 3107 3388 3182 συνεξεταζομένων
3423 3115 3537 3175 ταῖς
3570 3111 3702 3182 δημο-

2154 3193 2332 3248 τελέσι
2370 3195 2461 3248 τοῦ
2491 3195 2700 3249 Κέλσου
2725 3197 2818 3251 καὶ
2841 3198 2949 3252 τῶν
2977 3200 3148 3253 ἐθνῶν
3179 3202 3418 3273 ἑορταῖς,
3457 3205 3502 3256 εἰ
3534 3205 3600 3274 μὴ
3621 3220 3702 3272 μα·

2154 3287 2271 3360 κρῷ
2302 3287 2620 3358 σεμνότεραί
2641 3290 2775 3340 εἰσιν
2800 3284 2958 3344 αὗται
2982 3293 3243 3364 αἱέορταὶ
3275 3294 3386 3346 τῶν
3413 3293 3700 3366 δημοτελῶν,

2155 3379 2213 3431 ἐν
2254 3373 2340 3442 αἷς
2370 3379 2431 3431 τὸ
2466 3379 2718 3450 φρόνημα
2761 3381 2860 3452 τῆς
2908 3383 3107 3452 σαρκὸς
3139 3385 3402 3454 ἑορτάζον
3447 3386 3699 3456 ἐξυϐρίζει,

2153 3469 2245 3521 ἐπὶ
2283 3468 2452 3540 μέθας
2485 3470 2577 3524 καὶ
2627 3470 2922 3536 ἀκολασίας
2968 3475 3398 3547 ἐκτρεπόμενον,
3434 3478 3565 3531 Πολὺ
3593 3477 3629 3530 δ’
3653 3476 3701 3529 ἂν

2152 3561 2236 3633 είη
2261 3561 2355 3616 νῦν
2411 3562 2609 3631 λέγειν,
2645 3563 2734 3617 διὰ
2767 3565 2819 3618 τί
2867 3567 2923 3620 αἱ
2971 3567 3111 3620 κατὰ
3141 3569 3232 3622 τὸν
3276 3571 3370 3623 τού
3417 3570 3543 3624 Θεοῦ
3570 3572 3700 3640 νόμον

2152 3654 2334 3726 ἑορταὶ
2361 3653 2544 3722 ἄρτον
2575 3654 2894 3723 κακώσεως
2921 3657 3265 3712 διδάσκουσιν
3297 3661 3514 3723 ἐσθίειν,
3547 3659 3698 3732 ﬁdit-

2145 3762 2230 3815 μα
2257 3745 2406 3815 μετὰ
2443 3745 2731 3814 πικρίδων
2761 3746 2896 3819 (85)’
2928 3749 2960 3820 ἥ
2998 3750 3080 3804 δτι
3125 3752 3284 3820 φασίο
3333 3753 3698 3807 Ταπεινώσιιτε

2152 3835 2256 3902 τὰς
2297 3837 2499 3906 ψυχὰς
2531 3836 2716 3908 ὑμῶν,
2762 3838 2797 3910 ἦ
2843 3858 2896 3893 τι
2932 3839 3142 3907 τούτοις
3171 3845 3564 3917 παραπλήσιον.
3593 3843 3696 3899 οὐδὲ

2151 3927 2258 3999 γάρ
2315 3928 2536 3983 δυνατόν
2566 3931 2680 3984 ἐστι
2727 3931 2820 3987 τὸν
2874 3932 3128 3989 σύνθετον
3176 3937 3485 4010 ἄνθρωπον,
3525 3941 3630 3994 ἐπεὶ
3670 3939 3697 4005 ἡ

2149 4021 2304 4089 σὰρξ
2351 4021 2458 4091 (86)
2511 4022 2787 4092 ἐπιθυμεῖ
2831 4026 2981 4080 κατὰ
3027 4027 3134 4081 τοῦ
3176 4032 3534 4100 πνεύματος,
3568 4029 3699 4084 τὸδὲ

2148 4112 2382 4182 πνεῦμα
2400 4114 2549 4168 κατὰ
2575 4114 2683 4183 τῆς
2707 4118 2956 4185 σαρκὸς,
2991 4119 3052 4186 ἐξ
3076 4121 3214 4174 ὅλων
3248 4125 3538 4196 ἐορτάζεινσ
3562 4127 3590 4196 ἦ
3612 4124 3694 4192 γὰρ

2149 4211 2420 4280 ἑορτάζων
2444 4229 2530 4274 τις
2552 4211 2630 4282 τῷ
2658 4211 2930 4283 πνεύματι
2966 4217 3128 4266 κακοῖ
3150 4213 3210 4267 τὸ
3242 4215 3422 4286 σῶμα,
3456 4216 3524 4288 μὴ
3559 4233 3695 4284 meo-

2147 4304 2261 4367 κὸς,
2308 4303 2395 4357 διὰ
2433 4305 2684 4377 φρόνημα
2729 4305 2829 4376 τῆς
2860 4305 3078 4376 σαρκὸς,
3129 4308 3412 4378 ἑορτάζειν
3464 4307 3592 4380 μετὰ

2147 4393 2475 4463 πνεύματοςο
2518 4393 2550 4464 ἢ
2598 4393 2870 4465 ἑορτάζων
2925 4396 3066 4448 κατὰ
3105 4396 3288 4468 σάρκα
3321 4397 3382 4450 ού
3421 4402 3578 4469 χωρεί
3623 4398 3693 4450 καὶ

468 4493 592 4543 dum
653 4500 909 4548 carnem,
963 4485 1157 4538 festum
1212 4495 1375 4550 agere
1432 4479 1728 4533 secundum
1790 4477 2041 4546 spiritum

2161 4483 2243 4554 τὴν
2277 4483 2418 4537 κατὰ
2451 4485 2666 4554 πνεῦμα
2692 4486 2903 4556 ἑορτήν.
2935 4485 3095 4539 Ἀλλά
3127 4487 3235 4558 γάρ
3269 4489 3431 4558 ἀρκεῖ
3455 4489 3611 4542 ταῦτα
3635 4487 3695 4549 εἰς

469 4596 572 4633 non
601 4586 802 4648 potest.
857 4575 964 4631 Sed
997 4573 1111 4629 hazc
1132 4572 1199 4628 de
1233 4572 1386 4627 l'estis
1410 4571 1615 4626 dixisse
1649 4567 1781 4624 satis
1812 4568 1864 4622 in
1897 4583 2037 4637 prae-

469 4671 639 4725 sentia
665 4666 755 4724 sit.

535 4763 698 4834 760
724 4760 959 4816 24.13111
1011 4759 1292 4813 videamus
1321 4756 1520 4825 quibus
1557 4755 1736 4810 verbis
1779 4769 1878 4810 nos
1909 4755 2042 4809 bor-

469 4863 610 4907 tetur
640 4852 828 4907 Celsus
860 4851 929 4905 ad
975 4849 1232 4904 utendum
1283 4847 1618 4918 idolothytis,
1661 4856 1713 4901 et
1762 4856 1820 4900 ut
1867 4846 2042 4900 sacri-

469 4947 605 5000 iieiis
653 4944 882 5013 publicis
939 4943 1254 4997 intersimus
1299 4955 1419 5009 qua:
1490 4939 1730 5010 publicis
1779 4939 1831 4992 in
1881 4938 2039 4994 l'e..tis

466 5037 582 5110 tieri
611 5035 854 5092 solemne
875 5043 978 5089 est.
1018 5033 1110 5088 Sic
1145 5032 1233 5088 ille
1263 5053 1276 5086 :
1305 5029 1364 5086 Si
1401 5031 1530 5085 nihil
1558 5031 1703 5084 idola
1727 5039 1877 5096 sunt,
1904 5032 2032 5100 quid

537 5175 578 5205 ³ο
613 5173 788 5229 lCor.
818 5190 894 5237 ιιι,
928 5174 1016 5228 27.
1094 5173 1134 5204 ³¹
1165 5173 1322 5228 lCor.
1355 5187 1407 5234 v,
1439 5172 1493 5225 7.
1569 5171 1614 5200 ³³
1642 5170 1850 5226 ΟυΙοςς.
1887 5186 1972 5232 Ill,
2008 5170 2058 5224 l.

2147 4573 2235 4626 τὸν
2266 4574 2391 4645 περὶ
2418 4575 2618 4645 ἑορτῶν
2640 4575 2794 4643 λόγον
2834 4577 2927 4629 ἐπὶ
2959 4576 3051 4629 τοῦ
3087 4578 3378 4648 παρόντος.

2219 4758 2446 4827 Ἵδωμεν
2499 4758 2555 4811 δέ
2611 4747 2693 4820 οἷς
2747 4758 2944 4830 χρῆται
2997 4759 3024 4810 ὁ
3074 4759 3287 4824 Κέλσος
3327 4759 3538 4828 λόγοις,
3588 4773 3692 4828 προ-

2141 4849 2358 4920 τρέπων
2394 4851 2540 4921 ὴμᾶς
2585 4851 2675 4904 ἐπὶ
2712 4851 2810 4923 τὴν
2846 4852 3043 4922 χρῆσιν
3083 4852 3193 4905 τῶν
3240 4853 3592 4906 εἰδωλοθύτων
3618 4851 3692 4903 καὶ

2140 4941 2241 5004 τὰς
2268 4940 2582 5013 δημοτελεῖς
2610 4946 2666 4996 ἑν
2693 4942 3043 5014 δημοτελέσιν
3069 4946 3286 5015 ἑορταῖς
3326 4945 3528 5008 θυσίας.
3563 4945 3618 4995 Ἀ
3645 4941 3689 4993 δὲ

2142 5027 2311 5099 λέγει,
2356 5031 2581 5086 τοιαῦτά
2612 5033 2776 5084 ἐστιν’
2811 5035 2877 5085 El
2905 5033 3022 5102 μὲν
3044 5033 3228 5087 οὐδὲν
3258 5035 3445 5089 ταῦτὰ
3467 5035 3584 5088 ἐστι
3635 5031 3690 5082 τὰ

2139 5169 2182 5201 ³³
2216 5169 2414 5239 Ephes.
2444 5186 2504 5235 ll,
2535 5171 2589 5224 6.
2666 5171 2710 5202 "‘
2743 5172 2865 5225 Art.
2904 5187 2939 5237 ι,
2989 5173 3068 5236 15,
3103 5173 3188 5228 ll.
3267 5175 3314 5206 ³⁸
3341 5177 3547 5238 ΑιιΛι,
3571 5172 3619 5239 2,
3642 5169 3686 5224 5.

469 5244 509 5273 ³⁸³
532 5243 732 5298 Coloss.
769 5259 830 5309 tt,
859 5245 942 5299 16.
1017 5244 1059 5274 ³⁷
1095 5244 1250 5296 Deut.
1284 5258 1391 5303 xvt,
1417 5243 1469 5295 3.
1550 5241 1594 5272 ³⁸
1630 5241 1798 5294 Exod-
1839 5257 1934 5304 XII.
1967 5244 2022 5296 8-

2177 5239 2348 5294 Levit.
2385 5257 2498 5304 xvt,
2525 5241 2617 5297 29.
2690 5241 2736 5272 ³ο
2765 5242 2945 5297 Galat.
2989 5259 3040 5307 ι’,
3073 5243 3159 5297 17.

537 5363 648 5432 (82)
691 5363 859 5431 Ὑπὲρ
894 5365 1080 5432 ἡμῶν.
1131 5364 1256 5417 Hth
1287 5365 1480 5417 desunt
1507 5364 1558 5415 in
1605 5365 1792 5417 codice
1837 5363 2031 5429 Angli-

537 5385 648 5432 χοι)
711 5385 859 5431 ιπερ
894 5385 1080 5486 Titum".
1131 5385 1256 5417 [nec
1287 5385 1480 5417 (ICSlllll
1509 5385 1558 5415 Ill
1605 5385 1792 5417 COIHCC
1837 5385 2027 5429 ωηιξη-

639 5439 894 5488 secundo.
973 5438 1083 5489 ibb.
1131 5436 1259 5489 editi
1288 5436 1339 5487 in
1371 5434 1610 5503 margine
1637 5434 1858 5496 habent,
1889 5433 2027 5503 ὑπὲρ

484 5519 630 5571 timo

682 5570 1019 5648 Ijtnscitelitts
1043 5573 1103 5648 in
1131 5584 1306 5648 testu.
1336 5574 1462 5645 παρ’
1486 5572 1708 5648 ,ἐτέρβ

504 5639 648 5720 ΑΜ)
687 5640 796 5720 Καί
845 5639 1346 5720 τῶνκεὶρημένων.
1410 5639 1727 5720 ῐξυιιονὲιιῖιε
1773 5640 1902 5707 legit
1967 5641 2032 5693 ἐκ

464 5709 568 5786 τῶν
597 5709 927 5786 εἰρημένων..
967 5709 1196 5786 Guietus
1230 5730 1357 5786 vero
1393 5716 1682 5786 sicgtotutn
1713 5712 1887 5786 locum
1915 5727 2034 5786 cor-

462 5779 582 5847 t‘tgit
616 5797 629 5834 :
666 5782 758 5833 καὶ
787 5779 856 5835 τὰ
884 5782 1144 5851 εἰρημένα
1179 5785 1302 5855 περὶ
1348 5781 1548 5853 ἑορτῶν
1589 5783 1697 5836 τῶν
1749 5780 1874 5851 παρ’
1904 5783 2034 5852 ἡμῖν

2136 5363 2598 5434 συνεξεταζόμενα
2623 5364 2740 5426 ταῖς
2771 5363 3088 5434 δημοτελέσι
3119 5364 3211 5417 τοῦ
3245 5365 3456 5418 Κέλσου
3493 5362 3578 5416 καὶ
3595 5358 3688 5434 τῶν

2135 5433 2308 5515 ἐθνῶν
2337 5430 2570 5515 ἑορταῖς,
2613 5435 2780 5515 εἰμὴ
2823 5430 3026 5515 ’μακρῷ
3061 5436 3364 5507 σεμνὸτερά
3394 5439 3549 5496 ἐστιν,
3583 5432 3610 5500 ἦ
3643 5430 3686 5480 αἱ

2135 5505 2319 5574 ἑορταὶ
2341 5499 2449 5556 τῶν
2477 5499 2808 5574 δημοτελῶν,
2832 5499 2898 5557 ’ἐν
2929 5499 3037 5570 ἀῑξ,
3076 5499 3186 5560 ειό.

2209 5576 2320 5649 (δὴ)
2356 5573 2609 5649 Υιιιεςιιέι,
2634 5574 2727 5626 ἐπὶ
2741 5575 3042 5649 ’πικρίδωντ

2211 5633 2322 5717 (86)
2346 5633 2611 5717 γίιωῖιξιιόι
2649 5653 2706 5696 el
2737 5633 2998 5717 Stttzticer.
3029 5645 3082 5698 in
3113 5647 3381 5717 margine,
3425 5646 3538 5717 ᾆσον
3563 5642 3633 5694 ἔτι
3654 5633 3688 5699 ἡ

2140 5714 2467 5786 σάρξζϐοιι.
2507 5716 2640 5786 lleg.
2675 5723 2726 5769 et
2759 5714 2946 5779 Basil.,
2978 5715 3101 5768 ὅσον
3136 5716 3277 5786 ὅτιη
3317 5716 3462 5790 σάρξ.
