3866 6398
147 361 259 418 I553
1187 375 1190 380 ‘
1333 363 1614 419 CONTRA
1641 360 1921 420 CELSUM
1961 361 2088 417 LIB.
2129 358 2261 414 V'lll.
3225 356 3366 412 εδει

133 476 339 539 elocuta,
363 475 418 528 τί
445 474 648 530 δεινὸν
680 475 1046 547 κοινωνῆσαι
1079 477 1190 546 τῆς
1220 481 1609 545 πανθοινίας;
1636 497 1649 533 ι

1793 477 2106 533 incommodi
2141 483 2217 530 est
2244 474 2462 541 publicis
2501 474 2681 528 adesse
2720 473 3012 528 conviviis?
3040 471 3135 527 Sin
3159 473 3360 529 daemo-

128 567 173 622 δ’
211 567 319 620 εἰσί
353 583 512 633 τινες
558 566 856 637 δαίμονες,
908 568 1188 636 δηλονότι
1245 570 1340 624 καὶ
1368 567 1533 626 οὗτοι
1580 587 1644 622 το

1792 585 1880 623 nes
1904 568 2117 636 quidam
2148 574 2292 629 sinit,
2333 565 2488 618 dubio
2516 563 2700 634 procul
2730 575 2775 616 et
2815 564 2867 617 lii
2911 562 3006 616 Dei
3049 575 3198 629 sunt,
3239 567 3362 632 qni-

130 657 254 713 Θεοῦ
301 659 476 722 εἰσιν,
535 653 626 725 οἷς
687 659 786 712 καὶ
832 660 1211 725 πιστευτέον,
1274 662 1373 715 καὶ
1443 666 1649 716 καλλιε

1787 662 1883 713 bus
1911 669 1957 713 et
1988 659 2305 712 credendum
2352 665 2449 723 est,
2499 667 2546 709 et
2601 657 2863 709 litandum
2907 656 3073 725 juxta
3120 656 3277 725 leges,
3305 665 3359 710 et

121 743 310 813 ρητέον
381 744 530 797 κατὰ
599 747 854 814 νόμους,
929 746 1026 800 καὶ
1098 747 1527 815 προσευκτέοκ,
1605 748 1649 800 li

1781 767 1957 820 preces
1979 750 2258 819 offerenda:
2283 759 2338 802 ut
2361 748 2576 819 propitii
2623 749 2748 802 sint.
2782 747 2836 800 lu
2874 747 2986 802 haec
3019 762 3198 817 operte
3232 763 3361 817 pre-

122 833 358 904 εὐμενεῖς
387 830 518 889 ὦσι.
551 837 833 908 Χρήσιμον
861 837 905 890 δ’
943 839 1024 901 είς
1053 839 1224 892 ταῦτα
1262 839 1380 892 ὅλον
1413 839 1504 893 τὸν
1554 857 1649 910 περ

1783 842 1914 895 tium
1949 841 2116 896 fuerit
2152 850 2323 894 totum
2356 839 2502 893 illum
2535 840 2706 893 locum
2735 839 2922 908 prima:
2953 839 3019 892 ad
3037 839 3356 894 Corinthios

123 925 455 980 εἰδωλοθύτων
485 925 664 996 λόγον,
700 931 989 1000 εἰρημένον
1017 930 1165 1002 παρὰ
1198 930 1273 1001 τῷ
1295 930 1492 1002 Παύλῳ
1524 933 1581 984 ὲν
1613 939 1649 984 τέ

1782 932 2032 1001 Epistolaa
2061 931 2240 1000 legere
2271 939 2327 985 et
2353 931 2649 1000 explicare,
2685 929 2774 983 ubi
2818 930 3016 983 Paulus
3058 930 3124 984 de
3169 931 3348 984 idolo-

123 1016 334 1088 προτέρα
365 1017 502 1086 πρὸς
528 1018 847 1089 Κορινθίους
879 1020 1157 1092 ἐπιστολῇ,
1176 1020 1360 1073 λαϐεῖν
1388 1022 1468 1084 εἰς
1493 1023 1649 1092 χεῖρα

1781 1008 1949 1094 ιιιγιὶε
1970 1038 2275 1079 sermonem
2305 1023 2434 1076 facit
2464 1024 2531 1076 “.
2563 1021 2675 1078 Illic
2710 1037 2986 1091 occupans
3015 1023 3182 1087 istud,
3213 1022 3348 1077 nihil

120 1109 197 1161 καὶ
227 1109 530 1178 σαφηνίσαι·
569 1113 624 1162 ὲν
656 1104 700 1178 ᾧ
729 1113 822 1166 καὶ
854 1114 989 1184 πρὸς
1021 1113 1084 1166 τὸ
1108 1113 1272 1184 μηδὲν
1299 1110 1438 1168 εἶναι
1464 1113 1648 1167 εἷδωλο

1776 1129 1897 1168 esse
1940 1114 1990 1166 in
2037 1113 2234 1166 mundo
2273 1111 2514 1172 idolum,
2563 1113 2753 1181 prohat
2787 1127 2948 1179 quam
3001 1111 3224 1164 noxium
3277 1110 3349 1163 sit

119 1200 167 1250 ἐν
198 1199 371 1270 κόσμῳ
405 1189 679 1255 ἀπαντῶν
700 1203 798 1273 τὴν
837 1205 946 1257 ἀπὸ
989 1205 1083 1258 τοῦ
1114 1205 1344 1276 χρῆσθαι
1379 1209 1490 1269 τοῖς
1534 1207 1649 1259 είδω

1778 1208 2084 1278 idolodiytis
2136 1208 2236 1268 uti,
2267 1207 2612 1274 ostenditque
2645 1206 2710 1259 iis
2735 1206 2824 1271 qui
2855 1205 3025 1271 ipsius
3057 1204 3159 1259 hac
3191 1203 3257 1257 de
3287 1219 3346 1256 re

118 1288 328 1353 λοθύτοις
412 1289 616 1362 βλάϐην
681 1293 1108 1346 κατεσκεύασεν·
1179 1295 1506 1358 ἀποδεικνὺς
1563 1299 1647 1348 τοῖ

1776 1302 1939 1354 verba
1973 1315 2164 1368 capere
2213 1307 2460 1366 possunt,
2490 1295 2645 1366 pejus
2686 1294 2815 1365 quid
2846 1296 3138 1350 homicidio
3165 1293 3346 1350 facere

116 1380 304 1435 ἀκούειν
334 1381 440 1434 τῶν
472 1385 588 1437 ἐκεῖ
621 1385 958 1455 δυναμένοις,
1001 1375 1324 1450 ὅτιπάντως
1358 1389 1453 1440 καὶ
1472 1388 1649 1457 φονέω

1772 1407 1917 1457 eum,
1967 1391 2058 1459 qui
2110 1391 2533 1460 idolothytorum
2591 1389 2649 1442 lit
2698 1387 2991 1456 particeps,
3043 1401 3165 1440 cum
3213 1401 3342 1440 suos

116 1472 267 1542 χεῖρόν
297 1490 346 1524 τι
373 1473 602 1545 πράττει
628 1479 657 1528 ὁ
681 1477 788 1528 τῶν
822 1476 1188 1531 εἰδωλοθύτων
1218 1476 1669 1548 μεταλαμϐάνων,

113 1563 316 1627 ἁπολλὺς
345 1568 470 1630 τοὺς
503 1567 669 1620 αὑτοῦ
713 1569 995 1637 ἀδελφοὺς,
1023 1569 1091 1621 δι’
1119 1568 1214 1633 οὒς
1252 1570 1484 1642 Χριστὸς
1535 1569 1671 1622 ἀπέ-

113 1651 236 1706 θανε.
270 1655 375 1707 Καὶ
424 1656 565 1726 μετὰ
591 1657 768 1722 τοῦτο,
810 1658 978 1724 τιθεὶς
1004 1660 1296 1730 δαιμονίοις
1327 1658 1550 1712 θύεσθαι
1604 1658 1670 1712 τὰ

112 1741 338 1812 θυόμενα,
385 1747 707 1818 παρίστησι,
764 1751 1053 1813 κοινωνοὺς
1086 1749 1194 1803 τῶν
1239 1749 1531 1820 δαιμονίων
1583 1747 1666 1816 γί-

1774 1481 1973 1536 fratres
1999 1478 2310 1541 interﬁciat,
2361 1488 2579 1549 propter
2624 1493 2765 1547 quos
2797 1479 3045 1532 Christus
3093 1488 3342 1529 mortuus

1771 1580 1874 1625 est.
1907 1571 2106 1624 Deinde
2139 1583 2345 1637 ponens
2395 1569 2596 1622 hostias
2645 1567 2869 1621 mactari
2905 1566 3202 1626 dmmouiis,
3235 1563 3343 1631 pla-

1771 1677 1894 1714 num
1963 1659 2092 1714 facit
2170 1661 2344 1714 socios
2407 1659 2519 1711 ﬁeri
2576 1656 2982 1717 dmmouiorum,
3037 1655 3127 1724 qui
3189 1670 3340 1708 men-

1769 1768 1884 1807 sam
1936 1751 2318 1806 dmmoniorum
2377 1750 2722 1818 participant,
2778 1756 2833 1801 et
2883 1747 2996 1800 ﬁeri
3037 1763 3141 1801 non
3179 1760 3337 1815 posse

110 1833 301 1899 γνεσθαι
335 1837 461 1899 τοὺς
495 1839 1011 1910 μεταλαμϐάνοντας
1042 1841 1334 1911 δαιμονίων
1362 1839 1649 1912 τραπέζης

1769 1850 1824 1893 ut
1883 1841 2021 1896 idem
2083 1839 2155 1896 sit
2219 1852 2271 1895 et
2322 1856 2519 1895 mensa:
2588 1841 2796 1894 Domini
2855 1849 2908 1894 et
2980 1852 3176 1891 mensae
3222 1838 3332 1891 dae-

108 1926 376 1998 παρίστησί
402 1946 486 1993 τε,
511 1932 596 1984 ὅτι
624 1931 884 1985 ἀδύνατόν
912 1935 1028 1985 ἐστι
1065 1933 1155 1985 τὸν
1191 1932 1351 1986 αὑτὸν
1378 1931 1661 2005 τραπέζης

109 2015 284 2088 Κυρίου
319 2019 570 2090 μετέχειν
604 2023 698 2075 καί⁸
737 2023 1014 2093 τραπέζης
1044 2023 1330 2093 δαιμόνων.
1371 2022 1508 2076 Ἀλλ’
1542 2023 1660 2076 ἐπεὶ

107 2104 212 2177 ὅλης
239 2111 537 2177 συντάξεως
557 2112 766 2184 χρῄζει,
788 2115 876 2167 διὰ
891 2114 1149 2168 πλειόνων
1175 2113 1654 2186 ἀποδεικνυμένης,

103 2200 128 2267 ἡ
176 2204 288 2273 περὶ
335 2203 543 2256 τούτων
577 2207 658 2269 είς
691 2208 788 2278 τὴν
830 2208 965 2278 πρὸς
1013 2209 1329 2279 Κορινθίους
1373 2209 1658 2282 ἐπιστολὴν

102 2289 338 2361 διήγησις,
396 2295 849 2367 ἀρκεσθησόμεθα
906 2299 1016 2370 (87)
1062 2299 1155 2352 καὶ
1202 2303 1314 2364 τοῖς
1359 2301 1446 2353 ἐπ’
1479 2301 1656 2370 ὀλίγον

102 2381 506 2455 ἀποδεδομένας·
553 2387 611 2439 ὲν
648 2383 729 2452 οἷς
757 2389 834 2460 τῷ
869 2389 1173 2454 ὲξετέιζοντι
1205 2391 1342 2445 αὐτὰ
1388 2395 1653 2462 φανεῖται,

101 2465 183 2528 ὅτι,
234 2467 330 2523 κᾶν
366 2471 532 2541 μηδὲν
625 2474 695 2527 τὰ
745 2476 958 2540 εἴδωλα,
1004 2477 1155 2531 οὐδὲν
1205 2475 1366 2549 ἦττον
1395 2481 1488 2534 καὶ
1514 2481 1656 2536 οὕτω

101 2553 242 2608 δεινόν
273 2561 471 2614 ἐστιτὸ
509 2563 832 2634 κοινωνῆσαι
873 2566 975 2637 τῆς
1020 2568 1128 2620 τῶν
1159 2567 1391 2622 εἰδώλων
1432 2571 1653 2624 πανθοι-

97 2645 211 2709 νίας.
247 2650 478 2724 Εἴρηται
511 2653 610 2722 μὲν
639 2651 730 2707 οὖν
763 2656 894 2725 ἡμῖν
925 2658 1161 2728 μετρίως
1199 2659 1292 2712 καὶ
1324 2661 1403 2723 είς
1434 2661 1513 2726 τὸ,
1549 2660 1652 2714 κᾶν

97 2728 178 2790 ὦσί
204 2756 341 2805 τινες
375 2743 650 2814 δαίμονες,
703 2741 784 2810 οἷς
832 2747 901 2801 τὰ
948 2748 1183 2819 θυόμενα
1229 2749 1434 2816 θύεται,
1489 2751 1652 2823 μηδὲν

96 2826 218 2897 ἡμᾶς
244 2833 422 2887 αὐτῶν
448 2835 910 2907 μεταλαμϐάνειν,
949 2839 1072 2903 τοὺς
1115 2842 1510 2912 ἐπισταμένους
1535 2843 1650 2897 δια-

96 2923 242 2992 φορὰν
289 2926 574 2998 τραπέζης
623 2929 830 3000 Κυρίου
869 2931 960 2983 καὶ
1010 2932 1289 3003 τραπέζης
1334 2933 1647 3004 δαιμονίων·

96 3014 170 3066 καὶ
209 3015 290 3070 διὰ
319 3019 383 3072 τὸ
427 3019 775 3096 ἐπίστασθαι,
814 3021 992 3074 πάντα
1023 3023 1124 3093 μὲν
1152 3024 1509 3094 πράττοντας,
1564 3025 1650 3078 ἵνα

94 3109 337 3181 τραπέζης
391 3113 601 3182 Κυρίου
647 3113 734 3166 ἀεὶ
787 3115 1121 3186 μετέχωμεν,
1159 3117 1323 3170 παντὶ
1372 3117 1428 3170 δὲ
1463 3117 1649 3188 τρόπῳ

1770 1932 2073 1988 moniorum
2130 1933 2419 2002 particeps.
2499 1931 2762 1999 Quoniam
2849 1946 2974 1984 vero
3047 1928 3204 1995 hujus
3269 1931 3335 1984 de

1770 2027 1868 2080 hac
1937 2041 1993 2082 re
2055 2027 2122 2080 ad
2184 2026 2496 2083 Corinthios
2559 2024 2808 2094 Epistolze
2872 2024 3160 2094 explicatio
3221 2033 3332 2077 tra-

1766 2125 1913 2170 ctatu
1970 2117 2180 2188 integro
2243 2131 2378 2186 opus
2435 2115 2661 2170 haberet
2717 2115 2805 2181 qui
2860 2114 3000 2168 hanc
3045 2113 3332 2167 materiam

1765 2207 2014 2278 pluribus
2079 2207 2378 2275 enodaret,
2420 2207 2552 2262 satis
2603 2214 2762 2262 erunt
2808 2206 2964 2260 nobis
3009 2219 3180 2274 pauca
3243 2202 3330 2256 illa

1763 2313 1884 2368 quae
1940 2299 2346 2367 respondimus,
2401 2314 2627 2368 quaeque
2677 2299 2720 2353 si
2782 2297 2904 2368 quis
2965 2295 3330 2367 pet‘penderil,

1765 2392 2046 2461 intelliget,
2082 2393 2291 2447 etiamsi
2324 2391 2456 2446 nihil
2489 2389 2628 2444 idola
2655 2389 2783 2454 sint,
2825 2389 3174 2442 nihilominus
3209 2401 3332 2454 per-

1764 2484 2025 2540 niciosum
2062 2498 2180 2538 esse
2209 2482 2440 2552 publicis
2481 2480 2747 2537 idolorum
2779 2481 2953 2548 epulis
2978 2478 3144 2534 vesci.
3185 2477 3330 2533 Satis

1760 2573 1923 2630 etiam
1959 2588 1986 2625 a
2026 2574 2178 2627 nobis
2205 2573 2488 2643 probatum
2509 2583 2613 2635 est,
2638 2571 2886 2639 quamvis
2914 2571 3186 2624 daemones
3209 2567 3328 2636 qui-

1761 2660 1883 2714 dam
1911 2661 2020 2715 sint
2048 2661 2243 2731 quibus
2273 2663 2460 2715 hostia:
2480 2670 2804 2724 mactantur,
2839 2675 2936 2713 nos
2976 2667 3154 2712 tamen
3201 2672 3327 2727 par-

1763 2750 1952 2821 ticipes
1978 2752 2190 2806 illarum
2231 2752 2344 2806 fieri
2392 2769 2497 2808 non
2525 2753 2762 2818 debere;
2805 2751 3002 2822 quippe
3049 2749 3138 2818 qui
3193 2747 3328 2817 quid

1761 2856 2002 2896 mensam
2060 2841 2270 2898 Domini
2330 2845 2471 2899 inter
2522 2852 2579 2898 et
2627 2857 2872 2896 mensam
2933 2837 3323 2894 daemoniorum

1758 2931 2086 2987 discriminis
2117 2934 2331 2990 intersit
2362 2933 2760 3004 cognoscimus,
2793 2940 2846 2986 et
2877 2937 3161 2999 propterea
3204 2941 3326 2981 om-

1759 3022 1847 3076 nia
1889 3022 2137 3091 facimus,
2165 3033 2455 3095 utsemper
2481 3024 2652 3080 simus
2686 3037 2887 3077 mensae
2940 3018 3151 3076 Domini
3189 3031 3322 3088 par-

1761 3116 1972 3183 ticipes,
1999 3116 2257 3185 omnique
2288 3116 2446 3170 modo
2472 3129 2725 3171 cavemus
2748 3128 2814 3169 ne
2845 3127 3084 3168 mensam
3117 3112 3321 3166 daemo-

94 3202 522 3274 φυλαττομένους,
551 3206 638 3258 ἴνα
674 3206 939 3278 μηδέποτε
984 3211 1230 3262 κοινωνοὶ
1254 3209 1532 3281 τραπέζης
1564 3227 1649 3280 γε·

1758 3207 1965 3262 niorum
1999 3205 2401 3278 participemus.

92 3290 283 3360 νὼμεθα
312 3295 425 3347 τῶν
459 3296 773 3367 δαιμονίων.

158 3384 296 3438 Ἐπεὶ
338 3385 399 3439 δέ
463 3403 629 3456 φησιν
683 3390 741 3442 ὲν
771 3387 982 3452 τούτοις
1013 3393 1040 3443 ὁ
1093 3390 1318 3454 Κέλσος,
1364 3391 1487 3455 ὅτι,
1537 3392 1647 3445 Καὶ

90 3475 132 3525 cl
151 3473 420 3545 δαίμονές
448 3479 567 3531 εἱσι
587 3479 693 3532 τοῦ
729 3480 897 3544 Θεοῦ,
928 3481 1024 3533 καὶ
1055 3480 1151 3534 διὰ
1191 3481 1364 3534 τοῦτο
1404 3499 1650 3538 πιστευ-

89 3563 206 3618 τέον
225 3567 397 3620 ἐστὶν
417 3568 644 3634 αὐτοῖς,
669 3570 764 3623 καὶ
784 3571 1209 3639 κίιλλιεῇητέον
1228 3573 1378 3626 κατὰ
1407 3575 1648 3642 νόμους,

90 3656 172 3708 καί
195 3659 619 3725 προσακτέον,
661 3661 736 3712 ἵν’
765 3662 1035 3730 εὐμενεῖς
1074 3657 1206 3716 ὦσι·
1252 3662 1526 3716 διδακτέον
1556 3663 1651 3716 καὶ

91 3745 198 3814 περὶ
237 3746 427 3799 τούτου
463 3749 589 3810 τοὺς
624 3747 997 3820 βουλομένους,
1033 3752 1114 3804 ὄτι
1144 3755 1172 3804 ὁ
1195 3751 1287 3804 τοῦ
1321 3749 1456 3805 Θεοῦ
1492 3751 1648 3822 λόγος

87 3832 215 3886 οὐδὲν
245 3835 352 3888 τῶν
387 3835 606 3905 φαύλων
635 3838 988 3910 ἀναγορεύειν
1027 3839 1273 3909 βούλεται
1303 3840 1486 3911 κτῆμα
1513 3841 1647 3895 Θεοῦ

87 3927 371 3998 τυγχάνειν,
406 3929 625 3996 ἀνάξιον
658 3931 788 3984 αὐτὸ
815 3933 1015 4002 κρίνων
1051 3933 1159 4003 (88)
1193 3933 1510 4003 τηλικούτου
1539 3935 1649 3986 Κυ-

91 4017 207 4088 ρίου.
237 4021 438 4091 Διόπερ
456 4021 517 4072 ού
547 4020 746 4084 πάντες
788 4021 887 4091 μὲν
917 4023 1192 4093 ἄνθρωποι
1225 4023 1648 4094 χρηματίζουσιν

87 4108 336 4181 ἄνθρωποι
374 4110 535 4174 Θεοῦ,
575 4111 725 4180 μόνοι
775 4112 831 4164 δὲ
865 4114 912 4164 oi
942 4112 1080 4178 ἄξιοι
1122 4112 1218 4165 τοῦ
1267 4111 1422 4165 Θεοῦ·
1465 4114 1648 4179 ὁποῖος

85 4192 142 4267 ἦν
171 4201 426 4270 Μωῦσῆς,
481 4200 577 4254 καὶ
633 4200 838 4266 Ἠλίας,
886 4203 980 4254 καὶ
1027 4201 1084 4254 εἴ
1121 4219 1206 4265 τις
1249 4202 1406 4265 ἄλλος
1448 4205 1645 4273 ἀναγέ-

87 4304 302 4357 γραπται
347 4290 640 4361 ἄνθρωπος
667 4290 824 4356 Θεοῦ,
876 4292 907 4363 ἢ
955 4292 1338 4364 παραπλήσιός
1387 4295 1502 4347 ἐστι
1535 4297 1646 4358 τοῖς

85 4376 595 4452 ἀναγεγραμμένοις.
653 4380 809 4436 Οὕτω
853 4382 910 4435 δὲ
957 4383 1050 4437 καὶ
1081 4383 1144 4436 οὐ
1180 4383 1381 4448 πάντες
1425 4383 1644 4453 ἄγγελοι

84 4465 278 4536 ἄγγελοι
318 4471 576 4540 λέγονται
619 4469 756 4525 εἶναι
790 4473 886 4526 τοῦ
925 4473 1082 4538 Θεοῦ,
1117 4473 1251 4528 ἀλλὰ
1279 4475 1429 4546 μόνοι
1457 4477 1507 4529 οί
1544 4493 1647 4548 μα-

1823 3379 1914 3434 25.
1953 3379 2218 3446 Quoniam
2263 3396 2394 3436 vero
2437 3381 2634 3437 ibidem
2689 3381 2768 3436 ait
2810 3380 3020 3446 Celsus,
3057 3380 3323 3434 daemones

1754 3471 1851 3526 Dei
1875 3490 2008 3538 esse,
2044 3484 2198 3542 atque
2243 3476 2374 3527 adeo
2407 3474 2514 3526 illis
2560 3473 2902 3539 credendum,
2957 3471 3220 3525 litandum
3255 3486 3325 3525 ea:

1750 3568 2058 3634 prwscripto
2083 3565 2275 3634 legum,
2297 3581 2574 3636 precesque
2628 3565 2923 3635 offerendas
2969 3581 3082 3620 esse
3111 3573 3167 3618 ut
3199 3579 3327 3633 pro-

1748 3657 1868 3722 pitii
1891 3658 2032 3721 sint;
2064 3656 2368 3712 docendum
2407 3669 2489 3713 est
2513 3672 2607 3712 eos
2646 3658 2739 3728 qui
2773 3658 2962 3712 audire
2996 3657 3201 3720 volent,
3231 3667 3322 3710 res

1751 3747 1922 3804 malas
1949 3748 2004 3803 in
2055 3748 2338 3819 Scriptura
2379 3765 2535 3805 sacra
2583 3764 2863 3819 nunquam
2910 3749 3015 3803 dici
3049 3749 3115 3802 ad
3151 3747 3321 3802 Deum

1750 3840 2051 3908 pertinere,
2086 3849 2274 3909 utpote
2300 3855 2436 3910 quas
2459 3850 2611 3897 tanto
2637 3839 2867 3894 Domino
2896 3839 3144 3909 indignas
3169 3837 3320 3906 judi-

1749 3938 1858 3983 cat.
1894 3929 2009 3995 Qua
2042 3931 2109 3983 de
2141 3946 2304 3986 causa
2329 3946 2430 3986 nec
2456 3931 2705 3986 homines
2731 3945 2921 3985 omnes
2956 3930 3047 3983 Dei
3068 3927 3322 3983 homines

1751 4029 2039 4085 vocantur,
2069 4021 2161 4074 sed
2193 4021 2294 4074 soli
2328 4021 2399 4073 illi
2432 4023 2524 4090 qui
2579 4022 2694 4076 Deo
2737 4022 2880 4090 digni
2928 4030 3077 4082 sunt,
3132 4019 3322 4088 quales

1748 4119 1904 4163 erant
1930 4110 2142 4180 Moyses
2165 4110 2208 4141 δ’
2234 4119 2288 4164 et
2311 4111 2458 4166 Elias
2490 4112 2554 4177 ”,
2579 4121 2633 4166 et
2667 4113 2710 4168 si
2735 4113 2856 4182 quis
2881 4111 3020 4166 alius
3037 4112 3198 4165 homo
3225 4110 3321 4164 Dei

1749 4200 2046 4269 appellatus
2069 4211 2171 4267 est,
2195 4213 2292 4256 aut
2318 4203 2511 4256 similis
2547 4203 2647 4257 fuit
2683 4203 2753 4258 iis
2797 4202 2888 4272 qui
2936 4203 3019 4257 sic
3063 4201 3320 4270 appellati

1747 4302 1891 4346 sunt.
1935 4290 2120 4360 Neque
2160 4293 2326 4347 etiam
2376 4308 2566 4348 omnes
2619 4293 2794 4364 angeli
2841 4293 3099 4348 dicuntur
3142 4289 3319 4362 angeli

1748 4382 1842 4437 Dei
1875 4396 1996 4437 esse
2027 4381 2094 4448 “,
2131 4382 2225 4437 sed
2265 4384 2366 4438 soli
2411 4383 2552 4438 beati
2595 4382 2808 4452 angeli;
2863 4379 2955 4452 qui
3011 4391 3194 4438 autem
3248 4383 3320 4438 ad

1747 4474 1878 4529 vitia
1933 4472 2291 4539 defecerunt,
2337 4475 2372 4528 ii
2425 4474 2601 4546 angeli
2655 4474 2855 4531 diaboli
2910 4485 3176 4530 vocantur
3221 4473 3319 4530 θυι

83 4559 259 4630 κάριοι·
280 4565 329 4616 οἰ
351 4563 409 4616 δὲ
441 4563 807 4635 ἐκτραπέντες
827 4565 918 4618 ἐπὶ
946 4565 1044 4636 τὴν
1065 4543 1290 4632 κακίαν,
1310 4566 1530 4637 ἄγγελοι
1545 4543 1644 4621 τοῦ

1758 4564 2204 4635 quemadmodum
2262 4543 2521 4621 homines
2568 4565 2720 4631 mali,
2775 4565 3027 4622 homines
3083 4565 3320 4634 peccati,

81 4649 302 4708 διαϐόλου
351 4656 728 4725 ὀνομάζονται·
780 4656 970 4728 ὥσπερ
1003 4659 1052 4711 oi
1113 4658 1305 4728 φαῦλοι
1345 4659 1642 4732 ἄνθρωποι,

79 4744 335 4816 ἂνθρωποι
363 4747 669 4820 ἁμαρτίας,
705 4747 738 4819 ἢ
766 4751 874 4803 υἱοὶ
914 4749 1104 4821 λοιμοῦ
1147 4750 1282 4822 (89),
1324 4752 1357 4822 ἢ
1392 4752 1498 4804 uici.
1528 4753 1643 4806 ἀδι-

81 4834 201 4899 κίας.
242 4839 396 4892 Ἐπεὶ
423 4834 518 4892 οῦν
567 4837 660 4892 καὶ
688 4839 963 4910 ἄνθρωποι
999 4841 1048 4892 οἱ
1082 4841 1180 4912 μέν
1212 4841 1318 4895 εἰσι
1347 4841 1642 4907 σπουδαῖοι,

77 4927 118 4977 οἱ
145 4927 197 4980 δὲ
225 4930 442 4999 φαῦλοι·
473 4930 556 4983 διὸ
597 4929 691 4983 καὶ
722 4933 770 4984 oi
808 4931 906 5001 μὲν
936 4930 1030 4984 τοῦ
1057 4931 1212 4997 Θεοῦ,
1245 4935 1295 4986 oi
1315 4933 1374 4988 δὲ
1400 4933 1494 4987 τοῦ
1525 4934 1643 4989 δια-

79 5017 215 5073 ϐόλου
250 5017 391 5076 εἶναι
424 5023 693 5090 λέγονται·
737 5023 873 5076 ἀλλὰ
906 5025 999 5078 καὶ
1041 5025 1261 5093 ἄγγελοι
1297 5015 1346 5079 σι
1403 5027 1502 5098 μὲν
1549 5027 1643 5082 τοῦ

79 5110 216 5178 θεοῦ,
264 5116 314 5169 oi
347 5116 404 5168 δὲ
433 5113 530 5168 τοῦ
582 5113 839 5187 πονηροῦ·
876 5115 1125 5186 δαίμονες
1154 5118 1209 5170 δὲ
1245 5119 1430 5172 ούκέτι
1461 5119 1642 5190 διχῶς,

83 5204 260 5270 sine;
313 5206 425 5279 γὰρ
457 5206 872 5261 ἀποδείκνυνται
915 5203 1052 5261 εἶναι
1098 5208 1309 5278 φαῦλοι·
1370 5209 1458 5264 διὰ
1485 5211 1644 5265 τοῦτο

80 5295 304 5368 φήσομεν
345 5297 514 5368 ψευδῆ
546 5292 686 5350 εἶναι
735 5297 825 5352 τὸν
853 5298 1059 5352 Κέλσου
1091 5299 1246 5370 λόγον
1275 5301 1520 5366 εἰπόντος
1561 5301 1639 5355 τό·

1751 4657 1846 4710 lilii
1891 4655 2230 4724 perditionis,
2281 4655 2582 4725 iniquitatis
2613 4657 2708 4711 lilii
2751 4657 3122 4711 nominantur.
3155 4655 3316 4726 761

1747 4749 2014 4816 Quoniam
2052 4748 2218 4818 igitur
2264 4762 2328 4802 ex
2381 4749 2690 4805 hominibus
2731 4750 2822 4804 alii
2869 4749 3000 4805 boni
3034 4757 3182 4814 sunt,
3227 4748 3324 4804 alii

1747 4839 1900 4904 mali,
1936 4839 2062 4894 inde
2097 4838 2158 4894 lit
2191 4850 2250 4894 ut
2275 4840 2366 4894 alii
2398 4839 2517 4904 Dei,
2552 4840 2636 4895 alii
2671 4855 2790 4896 esse
2821 4838 3018 4894 diaboli
3043 4839 3322 4895 dicantur.

1751 4928 1856 4986 Sed
1887 4939 1942 4986 et
1971 4945 2034 4984 ex
2065 4931 2294 5001 angelis,
2328 4931 2420 4986 alii
2451 4931 2544 4987 Dei
2579 4945 2721 4994 esse,
2771 4929 2863 4984 alii
2913 4930 3169 4986 dicuntur
3197 4943 3324 4984 esse

1755 5026 1919 5091 mali;
1951 5027 2332 5082 atdaemonum
2384 5026 2588 5081 nullum
2633 5035 2716 5080 est
2762 5027 3076 5091 discrimen,
3131 5040 3326 5093 omnes

1752 5120 2006 5172 dicuntur
2033 5133 2155 5174 esse
2189 5118 2335 5173 mali.
2359 5115 2574 5173 Falsum
2609 5118 2773 5187 igitur
2818 5114 3157 5174 aliirmamus
3198 5132 3323 5174 esse

1749 5208 1892 5264 istud
1925 5211 2065 5278 quod
2113 5210 2190 5264 ait
2234 5207 2427 5264 Celsus
2464 5227 2477 5263 :
2513 5207 2575 5264 Si
2619 5209 2879 5264 dwmones
2927 5209 3142 5278 quidam
3171 5221 3319 5274 sunt,

1750 5301 1950 5355 clarum
1977 5310 2051 5354 est
2091 5317 2176 5356 eos
2199 5303 2267 5356 ad
2299 5301 2466 5356 Deum
2511 5303 2801 5372 pertinere;
2832 5309 2926 5355 aut
2970 5303 3181 5370 probet,
3226 5303 3322 5375 qui

141 5462 181 5496 “
211 5462 233 5518 ι
281 5464 410 5527 Cor.
441 5479 564 5530 vui,
595 5463 652 5531 4,
687 5464 774 5518 ll.
849 5463 896 5496 ”
939 5462 1092 5519 Deut.
1121 5479 1316 5532 xxnu,
1345 5464 1398 5519 l.
1473 5463 1520 5495 ”
1555 5461 1622 5519 ιν
1659 5460 1791 5534 Reg.
1820 5479 1861 5529 ι,
1903 5463 1987 5518 l0.
2063 5463 2110 5495 “
2148 5461 2280 5521 Luc.
2313 5479 2412 5530 xu,
2443 5463 2496 5518 8.
2573 5463 2618 5494 ”
2645 5462 2837 5518 Matth.
2869 5478 2994 5530 xxv,
3021 5462 3116 5520 41.

141 5597 246 5671 (87)
296 5598 638 5655 llceschelius
707 5599 760 5654 in
812 5608 982 5665 textu,
1041 5597 1529 5671 ἀρκεσθησώμεθα,
1563 5609 1634 5671 et

80 5669 229 5739 paulo
259 5682 385 5738 post
415 5672 554 5724 idem
577 5684 698 5724 cum
728 5671 977 5739 omnibus
1005 5669 1133 5726 mss.
1167 5669 1352 5739 habet,
1374 5669 1638 5724 ἀποδεδο-

79 5737 269 5807 μένοις,
298 5743 624 5810 Speneerus,
654 5738 1071 5810 ἀποδιδομένοις.

142 5810 250 5878 (88)
298 5809 468 5867 Recte
523 5825 678 5879 mss,
729 5809 945 5882 κρίνων.
999 5809 1155 5868 Libl).
1206 5811 1358 5878 editi,
1428 5810 1632 5878 κρίνον,

1745 5605 1933 5746 magis;
1966 5673 2037 5731 Ἦ
2061 5671 2180 5729 υΙοί
2205 5672 2440 5746 λοιμοῦ.
2471 5671 2686 5746 Optime
2721 5671 2800 5746 sic
2839 5669 3018 5746 habet
3037 5672 3208 5726 codex
3232 5667 3325 5728 Jo-

1748 5742 1940 5816 lianus,
1969 5746 2110 5803 male
2139 5742 2317 5804 autem
2349 5745 2482 5802 libb.
2520 5742 2668 5813 editi,
2699 5743 2803 5796 υῑοὶ
2845 5742 3041 5812 λοιμοί.
