3866 6398
521 387 660 446 1555

1944 388 2264 446 ΟῐυϐΕΝἰδ

3625 395 3641 448 l
3651 397 3725 451 556

519 505 773 571 voluerit,
812 503 1099 560 discrimen
1132 504 1286 579 quod
1314 504 1533 572 angelos
1584 506 1724 560 inter
1763 513 1817 560 et
1852 506 2087 562 homines

2200 511 2267 561 El
2299 508 2350 562 δ’
2371 509 2494 562 εισί
2519 525 2675 575 τινες
2690 507 2994 579 δαίμονες,
3023 505 3237 576 δῆλον,
3264 506 3352 560 ὅτι
3373 506 3466 560 καὶ
3492 500 3633 562 οὗτοι
3649 511 3728 566 τοῦ

518 605 640 654 esSe
670 599 978 661 statuimus,
1005 577 1149 650 nulla
1182 597 1353 651 solida
1412 597 1623 652 ratione
1673 599 1806 660 niti;
1865 599 1947 652 vel
1979 599 2092 668 pari

517 690 728 744 ratione
754 690 894 744 idem
922 690 1212 744 discrimen
1239 689 1379 742 inter
1407 689 1681 745 dtemones
1707 705 1866 758 posse
1890 690 2095 745 consti-

520 782 614 836 Iui.
651 780 803 846 Quod
841 782 883 836 si
922 781 1036 835 lieri
1091 795 1197 834 non
1251 789 1454 849 potest,
1510 782 1787 837 daemones
1820 782 1886 835 ad
1927 781 2092 836 Deum

515 887 623 928 non
655 873 928 942 pertinere
978 870 1323 926 manifestum
1363 881 1468 926 est.
1499 869 1609 926 Nec
1637 871 1784 926 enim
1835 871 2094 942 princeps

514 975 700 1015 eorum
738 961 876 1015 Deus
899 968 1004 1026 est,
1041 961 1137 1014 sed
1173 958 1481 1026 Beelzebul,
1525 970 1586 1015 ut
1619 960 1816 1016 divina:
1845 959 2094 1030 Scriptu-

516 1067 589 1107 ηε
611 1051 806 1106 docent
825 1050 891 1108 “.
1080 1051 1088 1058 ’

581 1233 679 1288 26.
718 1232 902 1302 Neque
950 1231 1112 1287 etiam
1164 1238 1248 1286 est
1282 1230 1418 1286 fides
1445 1231 1696 1286 habenda
1729 1232 2091 1299 daemonibus,

512 1325 761 1394 quamvis
787 1326 854 1380 ad
887 1324 940 1378 id
975 1323 1168 1379 Celsus
1220 1337 1317 1378 nos
1351 1324 1603 1377 hortetur
1632 1340 1648 1380 :
1691 1323 1802 1378 imo
1847 1326 2095 1379 morien-

513 1420 638 1472 dum
689 1419 871 1487 potius
917 1433 1078 1487 quam
1122 1416 1460 1472 dazmonibus
1491 1432 1944 1489 morem-gerere.
1996 1437 2094 1475 nec

512 1513 807 1582 quidquam
855 1522 939 1567 est
970 1512 1112 1583 quod
1163 1513 1344 1582 potius
1391 1511 1638 1580 perferre
1673 1529 1780 1567 non
1817 1513 2016 1569 debeat
2048 1515 2094 1572 is

511 1605 604 1673 qui
639 1605 750 1659 Deo
784 1604 982 1660 credit.
1012 1603 1103 1660 Sic
1134 1617 1313 1671 neque
1339 1603 1599 1658 litandum
1625 1613 1707 1660 est
1733 1605 2087 1665 daemonibus.

511 1695 628 1751 Non
675 1696 817 1750 enim
851 1695 932 1750 eis
961 1703 1138 1765 potest
1170 1695 1339 1759 litari,
1371 1695 1460 1765 qui
1497 1697 1622 1750 mali
1657 1707 1784 1752 sunt
1824 1708 1874 1753 et
1910 1699 2092 1754 homi-

512 1790 674 1845 nibus
704 1789 877 1844 noxii.
911 1787 1180 1844 Praeterea
1216 1803 1403 1858 ecquae
1449 1799 1578 1843 sunt
1612 1789 1760 1861 leges
1789 1790 2089 1846 secundum

2200 601 2368 655 Θεοῦ·
2407 600 2720 671 ἢδεικνύτω
2739 601 2768 652 ὁ
2802 601 3142 670 βουλόμενος,
3187 598 3262 670 μὴ
3292 597 3448 667 λόγον
3479 597 3596 668 ὐγιῆ
3626 597 3727 655 εἶναι

2196 693 2294 765 τὴν
2327 694 2457 766 περὶ
2471 693 2774 764 ἀνθρώπων
2811 694 2905 746 καὶ
2951 691 3198 760 ἀγγέλων
3232 690 3507 761 διαίρεσιν·
3545 691 3574 760 ἦ
3609 692 3729 760 λόγον

2199 785 2389 855 ἔχοντα
2460 785 2842 857 παραπλήσιον
2889 781 3146 835 δύνασθαι
3212 781 3614 833 ἀποδείκνυσθαι
3660 781 3732 834 καὶ

2197 875 2291 927 ἐπὶ
2349 875 2639 944 δαιμόνων.
2703 875 2768 926 Εἰ
2810 873 2867 926 δὲ
2916 873 3061 926 τοῦτ’
3116 873 3432 943 ἀμήχανον·
3476 871 3634 941 δῆλον,
3671 873 3730 924 ὅτι

2194 965 2318 1018 οὐτε
2371 965 2466 1018 τοῦ
2524 965 2658 1018 Θεοῦ
2702 967 2841 1018 εἰσιν
2891 967 2939 1018 οἱ
2988 965 3262 1035 δαίμονες.
3317 963 3392 1016 Οὐ
3435 960 3538 1032 γὰρ
3591 960 3733 1030 ἄρχων

2195 1057 2375 1111 αὐτῶν
2413 1059 2442 1111 ὁ
2472 1056 2622 1120 Θεὸς,
2661 1057 2801 1120 ἀλλ’,
2836 1058 2912 1120 ὥς
2941 1072 3106 1125 φασιν
3136 1057 3186 1108 οἱ
3215 1053 3348 1106 θεῖοι
3375 1052 3550 1119 Λόγοι,
3569 1053 3594 1104 ὁ
3615 1051 3734 1103 Βεελ-

2196 1148 2409 1213 ξεὸούλ.

2266 1242 2405 1298 Οὐτε
2454 1242 2766 1298 πιστευτέον
2827 1240 3068 1310 δαίμοσι,
3128 1237 3234 1292 κᾶν
3280 1235 3486 1299 Κέλσος
3528 1236 3608 1288 ἐπὶ
3635 1237 3733 1288 τού-

2193 1351 2319 1397 τους
2371 1332 2482 1404 (90)
2531 1333 2677 1403 ἡμᾶς
2728 1330 3043 1402 παρακαλῇ”
3082 1328 3196 1382 ἀλλ’
3234 1326 3607 1396 ἀποθανητέον,
3632 1330 3731 1398 πρὶν

2196 1426 2484 1497 πεισθῆναι
2534 1425 2806 1495 δαίμοσιν,
2839 1422 2974 1476 ἀλλὰ
3026 1421 3118 1474 καὶ
3153 1423 3262 1473 πᾶν
3301 1419 3478 1473 ὁτιοῦν
3520 1421 3734 1490 ὑπομενε-

2193 1517 2311 1570 τέον
2342 1515 2659 1586 πειθόμενον
2689 1513 2811 1585 Θεῷ
2842 1514 2974 1584 (91).
2995 1512 3151 1565 Οῦτω
3177 1511 3234 1564 δὲ
3253 1511 3375 1564 οὐδὲ
3405 1511 3734 1584 καλλιερητέον

2193 1608 2431 1678 δαίμοσι·
2461 1607 2553 1660 καὶ
2584 1609 2690 1678 γὰρ
2728 1604 2986 1674 ἀδύνατόν
3022 1607 3138 1657 ἐστι
3179 1607 3293 1666 τοῖς
3323 1603 3540 1672 φαύλοις
3565 1605 3645 1656 καὶ
3667 1606 3737 1657 ἁν-

2194 1697 2427 1768 Ορώπων
2475 1697 2804 1758 κακωτικοῖς
2857 1694 3192 1765 καλλιερεῖν.
3274 1692 3435 1745 Ἀλλὰ
3493 1693 3578 1745 καὶ
3628 1695 3737 1746 κατὰ

2197 1790 2381 1853 ποίους
2405 1791 2601 1860 νόμους
2634 1790 2782 1860 ἡμᾶς
2815 1787 3071 1858 βούλεται
3099 1786 3309 1849 Κέλσος
3341 1785 3626 1856 καλλιερεῖν
3652 1789 3736 1848 τοῖς

510 1896 649 1954 quas
699 1882 891 1938 Celsus
941 1881 1104 1936 vellet
1153 1891 1212 1936 ut
1260 1881 1600 1936 daemonibus
1655 1882 1975 1936 litaremns?
2029 1881 2084 1936 Si

2200 1883 2471 1953 5αίμοσινς
2519 1883 2581 1934 Εἰ
2628 1881 2726 1952 μὲν
2765 1881 2875 1952 γὰρ
2915 1877 3057 1933 κατὰ
3085 1882 3208 1943 τοὺς
3248 1879 3529 1949 κειμένους
3573 1881 3620 1930 ὲν
3644 1880 3735 1941 ταῖς

511 1974 657 2029 enim
709 1972 856 2040 leges
892 1971 1147 2041 intelligit
1177 1971 1230 2024 in
1270 1970 1584 2026 civitatibus
1615 1971 1972 2036 constitutas,
2000 1987 2091 2025 os-

512 2065 700 2120 tendat
733 2064 850 2119 illas
883 2063 1081 2119 divinis
1129 2062 1338 2132 legibus
1381 2076 1705 2118 consonare.
1739 2061 1832 2116 Sin
1885 2063 1937 2118 id
1983 2079 2087 2116 non

514 2165 710 2227 potest,
744 2171 866 2210 cum
919 2154 1235 2226 plerumque
1280 2153 1383 2208 sibi
1437 2153 1670 2208 invicem
1710 2168 1817 2208 non
1863 2168 2091 2209 consen~

513 2249 647 2302 tiant
685 2244 978 2300 multarqu
1015 2243 1297 2299 civitatum
1343 2241 1513 2313 leges,
1548 2242 1771 2297 evidens
1799 2242 1856 2294 lit
1882 2250 1976 2296 aut
2008 2243 2089 2297 le-

513 2352 608 2408 ges
643 2338 862 2408 pr0prie
897 2351 1000 2389 non
1036 2349 1178 2398 esse,
1231 2342 1324 2388 aut
1372 2349 1494 2388 esse
1529 2334 1900 2403 improborum
1946 2333 2091 2404 leges

512 2429 710 2500 quibus
755 2444 860 2483 non
889 2427 1184 2498 parendum
1221 2436 1339 2490 est;
1383 2440 1506 2478 nam
1540 2434 1742 2494 oportet
1774 2426 1939 2496 magis
1971 2426 2092 2479 obc-

511 2522 625 2575 rlire
677 2519 786 2574 Deo
824 2537 984 2590 quam
1025 2518 1323 2572 hominibus
1369 2518 1433 2570 ⁸⁷.
1492 2517 1685 2572 Procul
1725 2519 1887 2572 etiam
1944 2517 2014 2571 sit
2060 2533 2090 2571 a

513 2613 670 2668 nobis
698 2611 842 2667 istud
890 2610 1032 2666 Celsi
1080 2609 1368 2664 consilium
1420 2609 1658 2663 dicentis
1702 2609 1939 2664 oraudos
1969 2623 2092 2662 esse

511 2705 806 2760 daemones.
859 2703 994 2758 lluic
1042 2717 1108 2756 ue
1144 2701 1429 2756 minimum
1481 2701 1701 2771 quidem
1739 2717 1901 2758 aures
1948 2717 2088 2772 prae.

510 2796 703 2851 bcndac
751 2805 897 2851 sunt.
947 2795 1058 2850 Soli
1091 2805 1305 2851 summo
1346 2799 1452 2850 Deo
1485 2809 1677 2863 preces
1709 2794 1852 2850 ferre
1877 2805 2090 2863 oportet

507 2897 565 2944 et
624 2888 917 2958 Unigenito
974 2897 1029 2943 et
1095 2887 1471 2958 Primogenito
1539 2886 1720 2942 omnis
1781 2896 2090 2952 creatum,

507 2981 690 3038 Verbo
738 2979 855 3047 Dei,
885 2981 1038 3035 etab
1077 2979 1178 3034 hoc
1221 2978 1633 3048 postulandum,
1686 2987 1766 3045 ut,
1803 2989 2087 3049 postquam

509 3073 577 3127 ad
611 3086 734 3126 eum
775 3084 968 3141 preces
1002 3079 1203 3125 nostrae
1237 3079 1624 3140 pervenerunt,
1658 3069 1779 3124 illas
1819 3070 1936 3140 ipse
1969 3080 2091 3124 tan-

507 3179 670 3233 quam
703 3177 950 3218 summus
977 3163 1235 3219 sacerdos
1271 3161 1512 3231 perferat
1534 3161 1600 3216 ad
1635 3161 1803 3216 Deum
1853 3177 2010 3217 suum
2037 3173 2090 3217 et

2199 1973 2405 2037 πόλεσι,
2441 1970 2918 2036 κατασκευαζέτω,
2945 1973 3027 2024 ὅτι
3067 1971 3355 2040 συνᾴδουσι
3385 1972 3494 2034 τοῖς
3515 1969 3653 2031 Θείοις
3673 1969 3734 2020 v6-

2197 2084 2338 2137 μοις·
2382 2068 2429 2118 ει
2459 2066 2516 2118 δὲ
2556 2065 2714 2118 τοῦτο
2759 2065 2834 2136 μὴ
2870 2064 3112 2118 δύναται·
3157 2065 3216 2116 οὐ
3251 2063 3361 2133 γὰρ
3399 2063 3500 2115 κᾶν
3537 2061 3733 2132 ἀλλήλας

2193 2158 2366 2213 ταῦτα
2383 2159 2492 2230 (99.)
2528 2158 2759 2227 λέγωσιν
2791 2160 2840 2211 οί
2875 2157 2979 2211 τῶν
3015 2156 3225 2210 πολλῶν
3261 2156 3467 2208 πόλεων
3495 2153 3732 2224 νόμοι-δη-

2192 2253 2362 2305 λονότι
2397 2253 2516 2306 οὐδὲ
2560 2253 2764 2322 κυρίως
2797 2251 3070 2322 νόμους,ἢ
3102 2249 3323 2318 φαύλων
3360 2249 3570 2318 νόμους,
3594 2244 3659 2310 οἷς
3689 2246 3732 2298 οὐ

2193 2345 2525 2397 πιστευτέονο
2557 2346 2900 2412 πειθαρχεῖν
2923 2341 3032 2414 γὰρ
3074 2341 3170 2394 δεῖ
3195 2340 3438 2411 μᾶλλον
3468 2339 3580 2405 Θεῷ
3604 2340 3633 2407 ἧ
3665 2340 3734 2392 ἀν-

2193 2436 2468 2506 θρώποις.
2506 2438 2720 2504 ’Ἄπαγε
2755 2435 2819 2507 δὴ
2853 2435 2952 2505 τὴν
2975 2434 3067 2487 τοῦ
3101 2424 3314 2486 Κέλσου
3339 2432 3649 2503 συμϐουλὴν,
3673 2430 3736 2482 λέ-

2192 2546 2402 2596 γοντος,
2441 2526 2805 2599 προσευκτέον
2841 2527 2952 2596 (95)
2976 2520 3114 2578 εἶναι
3136 2525 3377 2595 δαίμοσι’
3412 2524 3505 2577 καὶ
3533 2522 3637 2575 οὐδὲ
3661 2538 3734 2573 κι-

2191 2621 2260 2674 τὰ
2315 2621 2374 2674 τὸ
2435 2620 2598 2672 ποσὸν
2641 2618 2941 2672 ἀκουστέον
2996 2618 3187 2688 αὐτῆς·
3253 2616 3403 2687 μόνῳ
3456 2615 3556 2687 γὰρ
3607 2629 3735 2684 προσ·

2192 2713 2412 2766 ευκτέον
2459 2713 2536 2783 τῷ
2565 2713 2657 2765 ἐπὶ
2691 2713 2826 2764 πᾶσι
2872 2710 3013 2781 Θεῷ,
3066 2711 3161 2763 καὶ⁸
3188 2708 3550 2781 προσευκτέσν
3589 2725 3641 2774 γε
3681 2707 3735 2774 τῷ

2193 2807 2512 2872 Ηονοτενεῖ,
2570 2804 2664 2858 καὶ
2717 2803 3056 2876 Πρωτοτόκῳ
3102 2803 3288 2872 πάσης
3341 2802 3578 2862 κτίσεως,
3613 2798 3734 2865 Λόγῳ

2191 2897 2348 2961 Θεοῦ,
2385 2897 2479 2950 καὶ
2519 2895 2778 2962 ἀξιωτέον
2813 2895 3000 2960 αὐτὸν,
3031 2895 3107 2959 ὡς
3137 2894 3423 2966 ἀρχιερέα,
3456 2893 3545 2962 τὴν
3571 2893 3641 2944 ἐπ’
3665 2891 3736 2942 σύ·

2191 2990 2282 3042 τὸν
2331 2989 2616 3058 φθάσασαν
2665 2987 2823 3059 ἡμῶν
2872 2987 3035 3058 εὐχὴν
3064 2986 3363 3057 ἀναφέρειν
3399 2986 3488 3038 ἐπὶ
3510 2984 3591 3037 τὸν
3634 2982 3736 3035 Θεὸν

2193 3079 2357 3134 αὐτοῦ
2385 3082 2478 3134 καὶ
2507 3080 2636 3132 Θεὸν
2659 3079 2840 3150 ἡμῶν,
2870 3079 2963 3131 καὶ
3001 3059 3222 3149 Πατέρα
3250 3076 3414 3130 αὐτοῦ
3449 3078 3534 3129 καὶ
3563 3074 3736 3143 Πατέρα

2194 3172 2301 3225 τῶν
2333 3172 2588 3242 βιούντων
2630 3171 2772 3224 κατὰ
2799 3172 2889 3223 τὸν
2933 3170 3092 3237 λόγον
3132 3168 3228 3221 τοῦ
3283 3168 3440 3222 Θεοῦ.
3481 3170 3662 3236 Ὠσπερ
3693 3165 3734 3216 δὲ

480 3257 680 3336 ,ὓευω
706 3263 978 3320 nostrum,
1013 3254 1079 3308 ad
1116 3254 1330 3315 Patrem
1365 3269 1523 3308 suum
1559 3263 1616 3308 et
1647 3253 1862 3308 Patrem
1900 3269 2087 3308 eorum

2200 3266 2293 3318 οὐκ
2325 3264 2392 3318 ἂν
2441 3257 2764 3334 βουλοίμεθα
2811 3265 3062 3334 εὐμενεῖς
3107 3261 3256 3332 ἔχειν
3303 3260 3607 3331 ἀνθρώπους
3640 3257 3736 3318 τοὺς

507 3350 600 3416 qui
628 3347 796 3402 vitam
830 3363 895 3402 ex
925 3346 1017 3401 Dei
1057 3345 1219 3400 verbo
1246 3353 1602 3413 componunt.
1624 3343 2088 3409 Quemadmodum

508 3447 693 3494 autem
725 3438 846 3493 illos
876 3437 1148 3502 homines,
1187 3437 1276 3506 qui
1308 3451 1409 3490 nos
1435 3435 1637 3489 vellent
1674 3437 1906 3490 vivendo
1932 3452 2087 3491 suam

509 3528 810 3599 nequitiam
867 3529 1093 3592 imitari,
1147 3543 1244 3582 nec
1307 3525 1400 3580 ulli
1448 3541 1638 3582 eorum
1695 3525 1941 3582 faverent
1995 3527 2086 3596 qui

508 3622 670 3679 aliam
711 3637 776 3682 ac
824 3621 926 3691 ipsi
975 3629 1320 3675 sectarentur
1369 3620 1536 3684 viam,
1575 3618 1839 3672 nollemus
1884 3619 2087 3674 habere

508 3713 825 3775 benevolos,
855 3712 980 3780 quia
1035 3714 1150 3766 haec
1200 3725 1390 3766 eorum
1438 3709 1817 3765 benevolentia
1855 3725 1951 3764 nos
1986 3711 2090 3764 iui-

509 3805 681 3860 micos
736 3804 846 3859 Deo
903 3803 1125 3865 faceret,
1155 3803 1270 3870 qui,
1305 3811 1364 3856 ut
1391 3800 1627 3865 videtur,
1663 3815 1770 3854 non
1807 3811 1954 3856 esset
1997 3801 2092 3856 be-

509 3896 735 3952 nevolus
785 3895 1092 3966 hujusmodi
1143 3895 1391 3950 homines
1438 3893 1730 3948 benevolos
1763 3894 1966 3949 habere
1993 3910 2091 3950 vo-

507 3988 776 4051 lentibus;
832 3988 911 4041 sic
945 3985 1034 4055 qui
1082 3994 1422 4056 cognoscunt
1467 4000 1588 4054 quae
1635 3985 1940 4040 daemonum
1995 4003 2089 4039 ua-

2201 3355 2556 3426 βουλομένους
2579 3357 2727 3426 ἡμᾶς
2755 3355 2902 3425 βιοῦν
2934 3353 3078 3406 κατὰ
3101 3355 3200 3424 τὴν
3237 3354 3419 3406 αὐτῶν
3442 3353 3638 3412 κακίαν,
3665 3347 3735 3399 ἑὼ)

2202 3445 2390 3517 μηδενὶ
2436 3446 2776 3515 τυγχάνωσιν
2818 3446 2968 3510 ὄντες
3021 3447 3272 3516 εὐμενεῖς
3318 3443 3427 3497 τῶν
3471 3443 3534 3496 τὰ
3563 3439 3734 3493 ἐναντία

2196 3540 2380 3602 αὐτοῖς
2409 3537 2768 3608 αἱρουμένωνο
2805 3538 2929 3591 ἐπεὶ
2963 3540 2997 3608 ἠ
3047 3538 3307 3608 εὐμένεια
3338 3535 3514 3590 αὐτῶν
3554 3532 3734 3603 ἐχθφὺς

2196 3623 2342 3696 ἡμᾶς
2369 3629 2514 3680 ποιεῖ
2537 3625 2675 3695 Θεῷ,
2705 3628 2844 3696 τάχα
2874 3626 2949 3698 μὴ
2978 3626 3290 3697 γιγνομένῳ
3324 3625 3540 3695 εὐμενεῖ
3558 3625 3650 3683 τοῖς
3667 3617 3733 3669 θέ-

2196 3719 2344 3771 λουσι
2371 3720 2495 3782 τοὺς
2523 3718 2791 3783 τοιούτους
2815 3720 2960 3790 ἔχειν
2992 3720 3260 3791 εὐμενεῖς·
3292 3720 3385 3772 τὸν
3404 3719 3554 3772 αὐτὸν
3574 3714 3732 3786 τρόπον

2197 3809 2247 3860 οἱ
2303 3809 2592 3878 νοήσαντες
2623 3807 2894 3880 δαιμόνων
2950 3810 3134 3878 φύσιν,
3171 3811 3268 3862 καὶ
3300 3808 3621 3881 προαίρεσιν,
3663 3801 3734 3854 καὶ

2197 3900 2418 3964 κακίαν,
2452 3901 2549 3952 οὐκ
2583 3900 2647 3954 ἄν
2692 3918 2821 3954 ποτε
2857 3900 3132 3970 βούλοιντο
3165 3903 3418 3972 εὐμενεῖς
3462 3901 3592 3970 ἔχειν
3638 3894 3734 3952 τοὺς

2195 3991 2473 4064 δαίμονας.

504 4091 648 4150 tura,
706 4099 826 4152 quae
873 4083 1159 4151 voluntas,
1226 4097 1346 4153 quae
1405 4082 1612 4137 malitia
1672 4083 1777 4148 sit,
1824 4083 1898 4137 illi
1952 4101 2224 4156 nunquam
2285 4091 2588 4146 daemonum
2655 4091 3090 4146 benevolentiam
3143 4091 3248 4146 sibi
3292 4103 3598 4159 comparare
3660 4097 3734 4137 vo-

505 4175 728 4232 iuerint.

569 4298 665 4353 27.
708 4297 894 4369 Neque
923 4297 1092 4365 enim,
1134 4300 1348 4356 etiamsi
1382 4314 1489 4354 non
1523 4300 1655 4371 ipsis
1688 4299 1939 4357 benevoli
1979 4302 2089 4357 sint

503 4390 817 4456 daamones,
865 4391 1162 4461 quidquam
1225 4393 1294 4447 ab
1342 4391 1450 4445 illis
1509 4391 1618 4461 pati
1671 4402 1918 4462 possunt.
1981 4393 2090 4448 llos

500 4483 700 4553 quippe
728 4484 965 4539 custodit
1000 4499 1249 4539 summus
1291 4482 1434 4538 Deus
1489 4484 1730 4552 ipsorum
1764 4485 1949 4553 pietati
1990 4486 2085 4539 beo

501 4575 749 4642 nevolus,
786 4577 879 4645 qui
926 4584 982 4630 et
1011 4575 1226 4630 divinos
1260 4589 1388 4630 suos
1421 4576 1642 4646 angelos
1676 4592 1864 4632 eorum
1899 4586 2084 4631 custo—

501 4666 603 4721 diae
635 4666 881 4735 pra-ﬁcit,
915 4682 1054 4736 quos
1103 4668 1350 4722 custodia
1405 4667 1598 4734 dignos
1647 4668 1818 4735 videt,
1857 4678 1916 4722 ut
1949 4669 2084 4722 nihil

2274 4303 2409 4356 Οὐδὲ
2465 4302 2593 4374 γὰρ,
2649 4299 2752 4354 κᾶν
2809 4300 2884 4371 μὴ
2935 4295 3068 4352 ὦσιν
3105 4299 3295 4363 αὐτοῖς
3323 4300 3560 4369 εὐμενεῖς
3578 4289 3731 4348 οἰδαί-

2203 4407 2382 4461 μονες,
2425 4391 2652 4460 πάσχειν
2686 4390 2750 4443 ἄν
2781 4407 2833 4442 τι
2873 4391 2962 4441 ὐπ’
2990 4389 3170 4441 αὐτῶν
3206 4388 3472 4449 δύναιντο,
3512 4379 3732 4454 φρουρού-

2195 4498 2353 4556 μενοι
2381 4482 2486 4533 om
2515 4480 2609 4534 τοῦ
2632 4478 2899 4550 εὐμενοῦς
2931 4480 3116 4542 αὐτοῖς
3141 4477 3233 4530 διὰ
3264 4479 3365 4548 τὴν
3391 4475 3639 4529 εὐσέϐειαν
3658 4470 3729 4521 ἐπὶ

2199 4575 2331 4626 πᾶσι
2361 4573 2517 4637 Θεοῦ,
2549 4573 2643 4626 καὶ
2672 4573 2792 4635 τοὺς
2831 4571 3007 4634 Θείους
3035 4570 3201 4624 αὐτοῦ
3236 4570 3500 4639 ἀγγέλους
3528 4563 3729 4634 ἐφιστάν-

2194 4683 2286 4729 τος
2303 4669 2418 4730 τοῖς
2449 4666 2618 4731 ἀξίοις
2646 4665 2742 4718 τοῦ
2776 4663 3154 4736 φρουρεῖσθαι,
3192 4663 3280 4716 ἵνα
3318 4662 3481 4733 μηδὲν
3501 4659 3728 4726 πάσχωσιν

502 4757 608 4813 illis
637 4759 908 4814 daemones
939 4760 1100 4830 762
1134 4769 1384 4815 noceant.
1410 4757 1530 4814 Jam
1557 4761 1648 4830 qui
1679 4761 1780 4815 sibi
1807 4777 2084 4816 summum

2200 4758 2301 4810 ἀπὸ
2327 4729 2436 4810 τῶν
2467 4729 2760 4828 δαιμόνων.
2881 4729 2933 4808 δ’.
2959 4755 3099 4825 ἔχων
3124 4755 3218 4808 τὸν
3246 4729 3340 4807 ἐπί
3370 4729 3498 4806 πᾶσι
3530 4749 3638 4803 Θεὸν
3660 4743 3728 4796 διὰ

501 4849 668 4904 Deum
707 4850 1032 4906 benevolum
1083 4850 1338 4913 reddidit,
1392 4859 1503 4904 tum
1556 4865 1654 4905 sua
1707 4851 1932 4921 pietate,
1969 4859 2080 4904 tum

498 4942 642 5008 quod
700 4943 1002 5010 susceperit
1055 4941 1345 4997 Dominum
1392 4942 1574 4997 Jesum
1628 4943 1807 5012 magni
1865 4943 2078 4996 consilii

501 5026 595 5083 Dei
627 5029 890 5101 Angelqu
922 5033 987 5098 ‘8,
1022 5032 1087 5097 is,
1118 5043 1411 5090 contentus
1441 5035 1534 5089 Dei
1578 5050 1676 5104 per
1704 5033 1887 5088 .lesum
1920 5033 2081 5088 Chri-

571 5183 770 5240 “Luc.
806 5203 881 5248 xl.
945 5188 1035 5243 15.
1113 5189 1386 5254 “Ach,
1439 5190 1528 5245 ἓξ).
1608 5189 1654 5222 ⁸⁸
1703 5192 1809 5244 Isa.
1861 5205 1936 5256 rx,
1991 5187 2047 5247 6.

570 5335 850 5414 (90)_Mss.
903 5344 997 5396 ἐπὶ
1036 5347 1275 5409 τούτους.
1320 5345 1480 5403 Libb.
1517 5345 1667 5414 editi,
1713 5347 1807 5400 ἐπὶ
1848 5349 2077 5408 τούτοις.

498 5405 670 5480 Forte
698 5410 825 5480 leg.,
856 5413 946 5466 ἐπὶ
969 5414 1145 5469 τοῦτο.

571 5477 688 5561 (91
713 5477 907 5561 Codex
946 5484 1306 5561 _l_)_as_ileen_sis,
1343 5487 1717 5561 ὐπομονητέον
1770 5485 2084 5561 πειβᾴμενοι

495 5545 763 5629 ρειξξηέῌὶἱ
788 5554 1098 5629 cumdibris
1133 5545 1316 5620 editis,
1358 5545 1718 5629 ὑπόμενὲτέον
1761 5545 2082 5628 πειθόμενον

495 5615 935 5702 ΘεῷπΟῒιενθιςνειτὶ
950 5624 1111 5702 debet
1127 5629 1287 5702 scribi
1305 5615 1512 5702 βρεκεόύ
1521 5649 1587 5682 πο
1595 5632 1865 5702 μενετέον,
1881 5615 2081 5699 ὑπομε-

712 5701 766 5743 et
793 5691 1181 5776 ὑπομονῃῖέον.
1203 5689 1353 5776 Apud
1386 5689 1607 5776 Diogeni;
1634 5701 1811 5776 L:I_ert.
1844 5689 1874 5753 l'.
1902 5689 2005 5762 vn,
2026 5702 2076 5752 in

497 5761 615 5818 Vlla
634 5762 898 5841 Ζβηοηξειε
932 5763 1024 5841 ἀ
1055 5763 1112 5841 δὲ
1137 5761 1385 5841 πρακτέα
1418 5761 1639 5841 αἱρετέα
1673 5768 1807 5825 εἶναι
1838 5773 1929 5824 καὶ
1951 5761 2081 5823 ὐπο-

494 5834 752 5900 μονητέα,
787 5833 876 5888 ubi
930 5831 1198 5890 Henricus
1242 5831 1554 5908 Stephanus
1587 5854 1767 5897 mouet
1812 5859 1908 5911 pro
1944 5844 2076 5895 ὐπο-

2191 4849 2289 4920 τὴν
2329 4851 2408 4912 εἰς
2453 4849 2614 4901 αὐτὸν
2646 4847 2927 4901 εὐσέϐειαν
2978 4846 3207 4917 εὐμενῆ,
3239 4846 3335 4900 καὶ
3366 4845 3453 4897 διὰ
3485 4843 3540 4895 τὸ
3555 4841 3626 4892 τὸν
3651 4835 3727 4904 τῆς

2191 4942 2436 5012 μεγάλης
2492 4940 2688 5011 βουλῆς
2747 4940 3012 5009 ’Ἄγγελον
3057 4939 3154 4992 τοῦ
3195 4938 3334 4992 Θεοῦ
3390 4928 3726 5007 παραδεδέχϐειι

2189 5031 2392 5103 Κύριον
2452 5029 2680 5103 Ἰησοῦν,
2727 5031 3068 5103 ἀρκούμενος
3115 5033 3181 5102 τῇ
3223 5030 3318 5083 τοῦ
3363 5028 3491 5082 Θεοῦ
3526 5025 3601 5078 διὰ
3626 5021 3727 5090 Χρι-

2237 5339 2454 5411 ονητέα,
2504 5337 2628 5411 legi
2660 5339 3275 5411 ῳιοίίιιιθίύπομενητέα
3322 5349 3377 5395 et
3419 5330 3718 5411 ὑπομενετέα.

2193 5402 2361 5494 Paulo
2396 5402 2517 5480 post
2541 5402 2840 5464 libbfedi'ti
2891 5410 2947 5464 in
2996 5402 3172 5474 textu,
3205 5412 3299 5464 καὶ
3342 5411 3476 5478 ἄγαν
3506 5402 3722 5461 ἀδύνατόν

2189 5495 2354 5534 εστιν.

2263 5552 2374 5621 (θὲ)
2406 5552 2617 5606 Ταῦτα.
2663 5550 2805 5621 Lege
2840 5565 2962 5604 cum
2996 5550 3194 5606 Guieto
3226 5561 3281 5606 et
3312 5549 3584 5621 Bolucrello
3611 5541 3719 5621 ταξι-

2191 5611 2279 5676 τάξ
2321 5611 2486 5676 Paulo
2514 5631 2632 5690 post
2653 5611 2854 5676 Guicto
2881 5622 3230 5675 scribendum
3264 5624 3485 5680 videtur,
3516 5611 3716 5690 δηλονιει

2189 5691 2308 5744 οὐδὲ
2336 5686 2753 5763 κυρίωξννρμοις
2847 5690 3071 5763 φαύλοις
3102 5693 3295 5763 νόμοις
3319 5693 3378 5743 ού
3402 5686 3691 5744 micantior.

2263 5763 2375 5834 (9'5)
2411 5761 2581 5818 Codd.
2611 5761 2748 5830 Reg.
2776 5772 2832 5817 et
2858 5762 3046 5829 Basil.,
3072 5761 3415 5835 προσεκτέον.
