3866 6398
163 393 278 451 1557

1293 381 1570 443 CONTRA
1606 379 1884 441 CELSUM
1924 377 2049 435 LIB.
2093 378 2226 434 Vlll.

3256 377 3395 433 1558

161 509 268 567 στοῦ
328 504 499 579 Ἰησοῦ
546 505 820 578 εὐμενεξᾳ,
865 503 1015 573 λέγοι
1061 503 1126 559 ἂν
1173 502 1414 576 θαρρῶν,
1448 503 1523 567 ὡς
1566 500 1718 555 οὐδὲν

1829 508 1964 552 stum
2017 495 2413 560 benevolentia,
2462 493 2691 549 ﬁdenter
2727 500 2784 546 ttt
2835 491 2965 547 nihil
3016 507 3274 562 pasmrns
3306 490 3391 545 vel

161 601 456 671 πεισόμενος
479 599 587 654 ἀπὸ
622 598 821 662 παντὸς
851 598 948 650 τοῦ
980 597 1088 650 τῶν
1120 597 1389 667 δαιμόνων
1415 594 1714 666 στρατοπέ-

156 695 252 747 δου·
283 691 494 758 Κύριος
519 689 819 758 φωτισμός
859 706 981 756 μου
1023 687 1122 742 καὶ
1174 686 1374 754 σωτήρ
1412 704 1553 756 μου,
1583 685 1716 738 τίνα

157 783 582 854 φοϐηθήσομαυ
633 783 850 850 Κύριος
900 779 1362 850 ὑπερασπιστὴς
1413 777 1523 846 τῆς
1568 775 1717 844 ζωῆς

151 894 274 944 μου,
293 873 408 928 ἀπὸ
438 875 602 939 τίνος
631 871 917 927 δειλιάσω
935 888 954 936 ;
975 873 1092 943 ἐρεῖ
1110 871 1166 924 δὲ
1197 872 1290 924 καὶ
1311 870 1371 924 τό
1389 868 1516 940 (94)-
1578 868 1719 921 Ἐὰν

157 964 545 1035 παρατάξηται
567 965 659 1039 ἐπ’
682 964 788 1034 ἐμὲ
805 963 1180 1034 παρεμϐολὴ,
1211 965 1283 1017 οὐ
1316 960 1718 1031 φοϐηθήσεται

155 1059 188 1123 ἠ
219 1055 418 1124 καρδία
438 1074 577 1126 μου.
611 1055 862 1110 Τοσαῦτα
894 1056 990 1110 καὶ
1022 1059 1102 1120 εἰς
1134 1056 1304 1118 τδ,Ει
1327 1055 1379 1107 δ’
1412 1054 1534 1107 εὶσί
1562 1069 1719 1118 τινες

153 1147 430 1214 δαίμονες,
477 1146 757 1214 δηλονότι
791 1147 889 1201 καὶ
925 1143 1088 1202 οὗτοι
1125 1146 1230 1200 τοῦ
1267 1145 1415 1199 Θεοῦ
1457 1146 1595 1209 εἱσι,
1624 1143 1719 1196 καὶ

151 1236 490 1291 πιστευτέον
525 1237 657 1308 (95),
687 1237 789 1292 καὶ
843 1239 1276 1306 καλλιερητέον
1301 1236 1450 1291 κατὰ
1475 1237 1717 1307 νόμους,

154 1329 237 1382 καὶ
267 1330 699 1396 προσευκτέον,
734 1330 811 1384 ἵν’
845 1330 1115 1401 εὐμενεῖς
1137 1325 1309 1384 ὦσιν.

224 1420 530 1490 Ἐκθέμενοι
583 1421 640 1475 δὲ
696 1423 792 1475 καὶ
830 1423 930 1494 τὴν
985 1421 1112 1492 έξῆς
1161 1420 1338 1488 λέξιν,
1375 1421 1506 1492 φέρε
1536 1421 1718 1485 πάλιν,

153 1509 275 1564 κατὰ
301 1509 553 1582 δύναμιν,
589 1512 761 1582 αὐτὴν
792 1511 1136 1581 ἐξετάσωμεν
1169 1510 1342 1576 οὕτως
1371 1511 1620 1581 ἔχουσανο
1653 1514 1722 1564 El

148 1602 248 1672 μὲν
271 1601 344 1672 δὴ
384 1604 536 1656 κατά
562 1622 615 1658 τι
645 1603 897 1672 πάτριον
920 1605 1147 1672 ἱερείων
1178 1602 1357 1656 τινῶν
1396 1603 1723 1672 ἀπέχονται

150 1693 253 1748 τῶν
275 1695 541 1759 τοιῶνδε,
569 1695 806 1762 πάντως
837 1696 1133 1765 ἀφεκτέον
1182 1697 1278 1749 καὶ
1325 1693 1480 1756 ζώων
1530 1695 1721 1748 ἀπάντ-

151 1803 256 1839 των
275 1787 584 1856 βρώσεως·
609 1783 764 1860 ᾗπερ
791 1789 890 1841 καὶ
925 1788 1240 1857 Πυθαγόρᾳ
1273 1788 1456 1852 δοκεῖ,
1512 1788 1724 1856 ψυχὴν

1817 605 1848 642 a
1881 597 1996 643 toto
2044 594 2348 641 det-monent
2390 585 2655 646 exetcitu,
2684 584 2863 637 dicere
2893 583 3062 650 possit
3089 603 3100 636 :
3137 580 3393 634 Dominus

1817 679 2140 735 illuminatio
2171 695 2286 732 mea
2315 687 2362 732 et
2389 676 2619 730 salvator
2650 690 2980 745 meus,quent
3023 673 3212 726 timebo
3237 674 3260 726 .9
3286 672 3395 726 Do-

1820 774 1994 826 minus
2022 779 2285 841 protector
2314 771 2430 823 vita:
2460 785 2610 834 metr,
2641 786 2670 821 a
2698 783 2800 838 quo
2827 767 3099 836 trepidabo
3131 765 3215 820 ‘9'!
3245 766 3398 822 Dicet

1818 871 1874 918 et
1911 861 2052 917 istud
2090 878 2103 914 :
2141 859 2202 916 Si
2254 860 2547 913 consistunt
2593 859 2864 912 adversum
2913 872 2993 910 me
3032 867 3242 921 castra,
3294 872 3402 910 non

1821 955 2023 1009 timebit
2068 969 2158 1006 cor
2191 968 2361 1006 meum
2397 951 2462 1004 ⁸ο.
2500 951 2676 1019 Atque
2718 951 2834 1004 hinc
2874 949 2925 1002 itt
2975 949 3116 1004 istud
3150 967 3163 1002 :
3196 947 3256 1003 Si
3287 949 3402 1003 da:-

1824 1063 2001 1100 mones
2044 1045 2264 1115 quidam
2311 1054 2456 1110 sunt,
2503 1042 2692 1112 procul
2732 1043 2892 1096 dubio
2946 1053 2993 1095 et
3024 1041 3078 1094 lii
3119 1040 3217 1094 Dei
3250 1051 3397 1106 sunt,

1821 1139 2010 1209 quibus
2051 1146 2098 1191 et
2131 1137 2447 1190 credendum
2485 1145 2531 1189 et
2575 1135 2834 1188 litandum
2865 1144 2939 1187 est
2985 1151 3048 1187 ex
3088 1135 3398 1203 pra’scripto

1822 1231 2019 1302 legum,
2048 1244 2329 1299 precesque
2355 1227 2639 1296 offerenda:
2670 1236 2724 1278 ut
2759 1226 2988 1280 benevoli
3020 1227 3147 1278 sint.

1894 1404 1984 1460 28.
2028 1403 2188 1459 Nunc
2218 1418 2281 1458 ea
2324 1417 2442 1472 qua:
2473 1411 2773 1473 sequuntur
2806 1402 3096 1456 recitctnus
3123 1408 3175 1473 et
3212 1416 3400 1456 rursus

1823 1499 2194 1568 expendamus
2227 1513 2324 1568 pro
2361 1498 2586 1552 viribus.
2619 1495 2713 1550 Sic
2741 1495 2980 1564 loquitur
3015 1509 3028 1548 :
3071 1493 3131 1549 Si
3165 1510 3279 1564 quw
3301 1511 3400 1558 pa-

1824 1589 1941 1642 triw
1975 1589 2111 1659 leges
2141 1589 2245 1643 illis
2279 1599 2452 1644 vetant
2485 1589 2730 1642 harumce
2763 1588 3088 1642 uictimarum
3113 1587 3397 1654 participes

1823 1680 1960 1750 ﬁeri,
2011 1698 2228 1749 prorsus
2278 1682 2646 1736 abstinendum
2684 1681 2843 1734 etiam
2892 1678 3001 1732 illis
3040 1689 3113 1732 est
3161 1681 3395 1731 omnium

1825 1773 2138 1828 animalium
2165 1790 2276 1828 esu.
2314 1773 2466 1839 Quod
2499 1771 2707 1841 quidem
2746 1782 2794 1824 et
2824 1768 3136 1841 Pythagora:
3176 1768 3398 1838 placuit,

150 1847 372 1946 τιμῶντι
429 1847 870 1949 reﬂectuntuth
899 1847 1140 1949 ὄργανα·
1235 1880 1308 1944 δ’,
1340 1847 1486 1950 ὅπερ
1510 1847 1720 1950 gaudii“,

1829 1883 1940 1936 quae
1968 1868 2084 1937 ejus
2114 1878 2224 1922 erat
2256 1868 2311 1921 in
2351 1867 2584 1920 animam
2616 1876 2661 1919 et
2690 1864 2836 1918 illius
2866 1879 3061 1932 organa
3092 1863 3393 1916 reverentia.

150 1970 292 2037 ὅπως
328 1973 417 2042 μὴ
465 1972 898 2027 συνεστιῶνται
949 1971 1226 2040 δαίμοσι,
1282 1972 1579 2041 μακαρίζω
1616 1970 1724 2039 τῆς

150 2063 354 2131 σοφίας
389 2064 637 2130 αὐτοὺς,
669 2064 756 2117 ὅτι
792 2047 1066 2131 ,βραδέως
1099 2064 1392 2117 συνίασιν
1430 2064 1602 2129 ὄντες
1633 2063 1725 2117 ἀεὶ

149 2153 445 2208 συνέστιοι
496 2155 812 2225 δαιμόνων·
861 2155 960 2208 καὶ
1007 2154 1140 2206 τότε
1175 2153 1250 2222 δὴ
1272 2153 1465 2222 μόνον
1489 2152 1725 2223 φυλάσ-

147 2259 341 2298 σονται
367 2246 569 2311 τοῦτο,
595 2248 822 2300 ὁπόταν
840 2245 1053 2316 ἱερεῖον
1069 2247 1366 2316 θυόμενον
1379 2246 1720 2311 ,ϐλέπωσιν

146 2335 277 2389 ὅταν
329 2337 400 2390 δὲ
434 2338 609 2392 σῖτον
658 2340 925 2404 ἐσθίωσι,
977 2341 1076 2394 καὶ
1127 2337 1294 2395 οἶνον
1341 2341 1580 2404 πίνωσι,
1628 2340 1725 2394 καὶ

144 2427 485 2498 ἀκροδρύων
540 2420 844 2501 τεύξονται,
880 2432 981 2485 καὶ
1016 2433 1164 2486 αὐτὸ
1199 2432 1355 2499 ὕδωρ
1389 2431 1490 2485 καὶ
1539 2431 1726 2486 αὐτὸν

141 2517 278 2586 ἀέρα
299 2516 708 2586 ἇναπνέωσιν,
737 2525 848 2577 οὐκ
896 2517 1011 2591 ἆρα
1040 2522 1200 2592 παρά
1222 2540 1398 2576 τινων
1428 2523 1726 2592 δαιμόνων

143 2608 356 2665 ἕκαστα
400 2614 631 2667 τούτων
661 2608 1099 2683 λαμϐάνουσιν,
1132 2611 1223 2680 οἷς
1259 2614 1410 2668 κατὰ
1456 2613 1608 2683 μέρη
1657 2614 1724 2666 τὸ

144 2701 410 2770 ἐπιμελὲς
451 2703 682 2770 ἑκάστῳ
715 2704 1194 2771 ,προστέτακται;
1228 2705 1340 2758 Οὐκ
1367 2700 1464 2757 οἷδ’
1491 2704 1639 2768 ὅπως
1667 2705 1724 2756 ὲν

144 2789 339 2852 τούτοις
359 2790 542 2857 ἔδοξεν
565 2792 714 2862 αὐτῷ
745 2793 1074 2858 ἀκολουθεῖν,
1110 2791 1550 2862 δεῖν-ἀπέχεσθαι
1589 2795 1724 2846 πάν-

142 2897 240 2935 των
255 2881 415 2946 ζώων
439 2882 697 2956 βρώσεως
725 2886 848 2948 τοὺς
869 2885 962 2948 οὓς
983 2885 1232 2954 ὠνόμασε
1255 2885 1395 2938 κατά
1420 2901 1472 2936 τι
1499 2884 1724 2954 πάτριον

145 2971 252 3035 ἔθος
280 2974 497 3045 ἱερείων
526 2974 689 3028 τινῶν
709 2975 1100 3045 ἀπεχομένους.
1131 2975 1240 3027 Καὶ
1264 2976 1325 3027 οὐ
1349 2974 1506 3026 τοῦτό
1524 2991 1722 3044 φαμεν,

143 3057 210 3120 ὡς
229 3063 321 3112 καὶ
347 3059 427 3131 μὴ
446 3060 673 3120 τοιαῦτα
707 3062 1099 3125 ὑποϐάλλοντος
1120 3060 1212 3113 τοῦ
1245 3061 1386 3114 θείου
1405 3061 1602 3129 Λόγου,
1632 3063 1724 3115 καὶ

143 3151 228 3203 τοῦ
270 3152 687 3224 ἀσφαλεστέρου
722 3153 834 3224 βίου
877 3154 971 3207 καὶ¹
1013 3153 1398 3225 καθαρωτέρου
1433 3154 1616 3206 ἕνεκεν
1652 3154 1726 3205 εξ-

144 3241 348 3307 πόντοςο
396 3243 592 3297 καλὸν
634 3245 699 3296 τὸ
728 3244 812 3312 μὴ
843 3245 1056 3315 φαγεῖν
1071 3245 1237 3313 κρέα,
1262 3245 1417 3314 μηδέ
1444 3243 1601 3297 πιεῖν
1645 3240 1726 3297 οἷ-

143 3348 262 3396 νον,
273 3335 420 3402 μηδ’
443 3335 514 3387 ἐν
530 3327 578 3400 ᾧ
600 3337 633 3388 ό
663 3335 927 3406 ἁδελφός
957 3352 1074 3390 σου
1097 3339 1486 3405 προσκόπτευ
1511 3336 1604 3389 καὶ
1629 3335 1727 3390 πά-

142 3423 235 3476 λιν’
277 3426 377 3494 Μὴ
413 3427 495 3492 τῷ
518 3425 788 3495 ,ϐρώματι
833 3445 949 3483 σου
985 3429 1221 3482 ἐκεῖνον
1241 3411 1534 3494 ἀπόλλυε,
1572 3428 1724 3496 ὑπὲρ

142 3511 208 3570 οὗ
239 3516 500 3584 Χριστὸς
538 3517 815 3572 ἀπέθανε·
871 3520 965 3574 καὶ
1002 3520 1181 3573 πάλιν·
1232 3521 1302 3572 ΕΖ
1347 3517 1725 3580 σκανδαλίζει

141 3603 241 3656 τὸν
288 3606 566 3676 ἀδελφόν
608 3626 728 3677 μου
768 3610 912 3678 κρέα
947 3610 1077 3680 (96),
1132 3613 1204 3664 οὐ
1241 3610 1328 3680 μὴ
1373 3610 1538 3680 φάγω
1582 3611 1726 3679 κρέα

140 3696 222 3760 εις
267 3696 379 3750 τὸν
425 3695 634 3765 αἰῶνα,
683 3699 782 3754 ἵνα
817 3701 904 3771 μὴ
940 3701 1046 3755 τὸν
1075 3701 1344 3771 ἀδελφόν
1366 3719 1487 3773 μου
1533 3717 1724 3757 σκαν-

138 3783 273 3838 δαλί
275 3801 387 3840 σω.

215 3877 414 3932 ’ἰστέον
463 3879 713 3950 μέντοιγε
737 3922 750 3948 ,
795 3884 912 3947 ὅτι,
971 3884 1238 3939 Ἰουδαίων
1283 3886 1544 3956 οἰομένων
1586 3887 1724 3940 νοεῖν

137 3966 222 4022 τὸν
254 3970 540 4034 Μωῦσέως
567 3973 749 4043 νόμον,
772 3976 864 4028 καὶ
891 3976 1203 4048 τηρούντων
1237 3977 1329 4030 ἐπὶ
1360 3976 1468 4030 τῶν
1503 3977 1726 4049 βρωμά-

137 4076 239 4114 των
265 4063 326 4115 τὸ
362 4063 802 4135 μεταλαμϐάνειν
837 4068 934 4138 μὲν
963 4067 1072 4122 τῶν
1097 4071 1502 4140 νενομισμένων
1542 4070 1723 4135 αὐτοῖς

139 4154 411 4226 καθαρῶν,
462 4158 764 4228 ἀπέχεσθαι
817 4161 873 4214 δὲ
904 4162 1015 4215 τῶν
1055 4161 1403 4233 ἀκαθάρτων,
1449 4162 1584 4216 ἀλλὰ
1629 4163 1725 4216 καὶ

141 4246 209 4317 μὴ
249 4249 488 4319 χρῆσθαι
527 4252 720 4322 αἵματι
753 4253 892 4317 ζώου
925 4257 1006 4320 εἰς
1044 4255 1271 4329 τροφὴν,
1307 4256 1442 4326 μηδὲ
1473 4259 1586 4319 τοῖς
1623 4255 1722 4326 θη-

138 4337 438 4406 ριαλώτοις,
466 4341 562 4394 καὶ
590 4341 790 4406 ἄλλοις,
821 4347 948 4416 περὶ
981 4341 1055 4399 ὧν
1097 4346 1266 4410 πολὺς
1298 4347 1474 4416 λόγος,
1503 4349 1597 4401 καὶ
1637 4347 1725 4400 διὰ

135 4429 288 4482 τοῦτο
315 4431 413 4484 νῦν
444 4433 545 4485 οὐκ
575 4432 826 4506 εὔκαιρος
864 4434 974 4507 (97)
1012 4436 1384 4510 ἐξετασθῆναι·
1419 4441 1451 4510 ὴ
1485 4438 1578 4492 τοῦ
1621 4440 1725 4511 Ἰη-

1827 1957 1912 2025 Si,
1950 1959 2004 2012 id
2049 1959 2188 2030 quod
2215 1961 2390 2023 aiunt,
2420 1959 2524 2011 illis
2555 1957 2839 2021 abstinent,
2867 1971 2928 2008 ne
2969 1969 3164 2008 mensa:
3203 1954 3399 2006 dwmo-

1827 2050 2033 2103 niornm
2064 2050 2396 2116 accumbunt,
2429 2049 2664 2101 admiror
2699 2045 2910 2100 illorum
2945 2045 3282 2113 sapientiam,
3309 2044 3400 2112 qui

1827 2143 2036 2196 tandem
2077 2141 2562 2194 animadverterunt
2605 2157 2658 2194 se
2688 2155 2890 2207 semper
2915 2154 3034 2192 cum
3073 2136 3401 2191 datmonibns

1826 2232 2056 2300 epulari,
2083 2243 2130 2287 et
2155 2243 2276 2286 tunc
2308 2233 2478 2287 solum
2509 2232 2561 2285 id
2599 2232 2831 2302 fugiunt,
2855 2247 2971 2284 cum
2999 2230 3260 2284 victimam
3290 2243 3401 2278 ma-

1826 2334 2018 2378 ctatam
2043 2325 2238 2378 vident.
2270 2322 2337 2376 Et
2367 2323 2543 2393 fruges
2568 2339 2699 2392 quas
2726 2323 2910 2385 edunt,
2955 2320 3126 2374 riuum
3157 2318 3295 2388 quod
3323 2318 3400 2372 bi-

1829 2417 1974 2480 bunt,
2025 2415 2228 2484 fructus
2277 2431 2407 2484 quos
2443 2423 2675 2484 gustant,
2721 2429 2861 2483 aqua
2914 2413 3024 2482 ipsa
3065 2427 3223 2478 quam
3267 2411 3401 2463 Imu-

1828 2510 1990 2568 riunt,
2035 2518 2082 2561 et
2124 2524 2218 2560 aer
2255 2523 2406 2576 quem
2448 2507 2728 2576 respirant,
2763 2521 2932 2559 nonne
2965 2520 3142 2557 eorum
3192 2503 3402 2572 singula

1827 2618 1860 2654 a
1905 2601 2221 2670 quibusdam
2265 2598 2592 2654 da'monibus
2617 2598 2902 2664 accipiunt,
2948 2596 3132 2663 auibus
3183 2596 3401 2665 singulis

1825 2707 2007 2744 earum
2058 2705 2234 2742 rerum
2282 2704 2412 2742 cura
2463 2688 2711 2741 mandata
2748 2687 2870 2740 est?
2903 2685 2999 2739 llic
3050 2686 3233 2740 nescio
3265 2697 3398 2754 quo-

1829 2781 1988 2834 modo
2016 2779 2173 2836 Celso
2208 2793 2546 2846 consequens
2593 2777 2767 2832 visum
2795 2776 2981 2840 fuerit,
3011 2785 3071 2831 ut
3100 2791 3235 2845 quos
3267 2775 3402 2834 dixit

1827 2887 1856 2926 a
1901 2872 2224 2940 quibusdam
2254 2871 2492 2926 victimis
2523 2870 2806 2924 abstinere
2837 2869 3016 2940 patrio
3046 2868 3283 2937 quodam
3311 2867 3401 2921 in-

1828 2965 2016 3019 stituto
2045 3005 2059 3028 ,
2118 2963 2153 3018 ii
2201 2965 2442 3018 omnium
2489 2962 2802 3018 animalium
2842 2975 2939 3018 esu
2993 2960 3269 3015 abstinere
3309 2960 3402 3013 de-

1827 3057 2008 3111 beant.
2042 3055 2226 3125 Neque
2253 3056 2354 3111 hoc
2398 3056 2647 3119 dicimus,
2680 3055 2833 3125 quasi
2887 3053 3173 3122 Scriptura
3228 3052 3402 3106 simile

1828 3147 1958 3216 quid
2006 3147 2160 3201 nobis
2209 3161 2314 3202 non
2365 3154 2676 3216 suggereret
2722 3160 2894 3200 :nam
2949 3153 3007 3197 ut
3055 3157 3153 3197 nos
3183 3142 3248 3196 ad
3303 3156 3401 3210 pu-

1830 3238 2026 3292 riorem
2067 3239 2432 3306 tutioremque
2481 3236 2648 3290 vitam
2697 3236 2972 3300 hortetur,
3014 3235 3093 3288 ait
3133 3252 3146 3288 :
3194 3232 3400 3286 Bonum

1826 3339 1898 3384 est
1943 3345 2044 3383 non
2081 3330 2402 3383 manducare
2455 3344 2686 3393 carnem,
2728 3338 2776 3382 et
2831 3344 2933 3380 non
2985 3327 3159 3380 bibere
3203 3326 3400 3389 vinum,

1827 3437 1991 3489 neque
2037 3421 2091 3473 in
2142 3436 2244 3489 quo
2276 3419 2442 3488 frater
2490 3428 2610 3472 tuus
2643 3419 2928 3488 offenditur
2953 3418 3021 3470 δι.
3067 3417 3131 3471 Ει
3167 3433 3400 3472 rursus:

1829 3511 1958 3566 Noli
1986 3512 2100 3567 cibo
2133 3521 2222 3565 tuo
2252 3510 2404 3564 illum
2452 3511 2694 3580 perdere,
2739 3526 2834 3579 pro
2863 3526 2962 3578 quo
2995 3509 3232 3562 Christus
3264 3524 3401 3560 mor-

1827 3614 1947 3658 tuus
1976 3613 2050 3657 est
2080 3604 2160 3670 ⁵⁸;
2189 3611 2244 3657 et
2268 3602 2465 3657 iterum
2495 3619 2508 3656 :
2546 3601 2604 3656 Si
2633 3618 2750 3656 esca
2797 3601 3131 3654 scandalizat
3180 3600 3400 3667 fratrem

1825 3711 2020 3763 meum,
2051 3712 2153 3749 non
2183 3695 2512 3748 manducabo
2539 3710 2751 3748 carnem
2779 3694 2836 3747 in
2873 3706 3146 3760 wternum,
3191 3708 3254 3746 ne
3286 3693 3400 3763 fra-

1827 3796 1958 3839 trem
1987 3802 2157 3840 meum
2186 3784 2544 3839 scandalizent
2573 3785 2641 3842 ⁸³.

1895 3877 1990 3932 29.
2035 3875 2328 3932 Sciendum
2361 3886 2539 3930 tamen
2574 3887 2657 3931 est
2703 3875 2940 3942 Judaeos,
2973 3875 3064 3944 qui
3100 3873 3300 3946 Moysis
3332 3873 3402 3928 leo

1827 3985 1946 4041 gem
1978 3969 2207 4039 intelligi
2237 3984 2266 4022 a
2295 3983 2354 4024 se
2395 3978 2612 4037 putant,
2648 3967 2698 4022 id
2735 3971 2800 4022 de
2830 3967 2971 4023 cibis
2996 3969 3311 4031 observare,
3348 3976 3402 4020 ut

1828 4068 2118 4113 vescantur
2147 4059 2364 4128 quidem
2409 4059 2520 4113 illis
2553 4070 2692 4126 quos
2724 4071 2890 4125 puros
2917 4071 3040 4112 esse
3067 4057 3403 4120 existimant,

1827 4148 1896 4203 ab
1949 4149 2180 4218 impuris
2217 4164 2348 4205 vero
2399 4150 2746 4214 abstineant;
2797 4157 3063 4217 praeterea
3097 4155 3156 4201 ut
3200 4161 3299 4202 nec
3337 4162 3402 4200 ex

1826 4241 2122 4296 animantis
2151 4242 2420 4312 sanguine
2453 4256 2555 4298 nec
2583 4256 2648 4296 es
2695 4241 2900 4310 pecude
2924 4255 2953 4293 a
2989 4239 3120 4294 l'eris
3147 4238 3402 4294 dilaniata

1826 4333 2144 4405 alimentum
2179 4343 2422 4399 sumant,
2459 4348 2559 4389 nec
2604 4347 2669 4386 ex
2700 4329 2843 4398 aliis,
2891 4332 2958 4385 de
2988 4332 3188 4401 quibus
3215 4331 3404 4399 longus

1825 4425 1946 4480 ﬁeri
2004 4440 2188 4481 sermo
2247 4435 2430 4494 posset
2477 4442 2539 4482 ac
2585 4427 2814 4496 proinde
2864 4425 2966 4480 hoc
3022 4424 3141 4478 loco
3183 4423 3404 4476 minimc

139 4517 225 4570 σοῦ
246 4519 586 4585 διδασκαλία,
612 4522 910 4597 βουλομένη
947 4528 1152 4592 πάντας
1186 4527 1505 4600 ἀνθρώπους
1555 4547 1720 4601 προσ-

1830 4519 2220 4588 tempestivus;
2269 4519 2364 4574 sed
2418 4518 2594 4584 Jesus,
2640 4534 2761 4574 Clllll
2815 4519 2977 4573 vellet
3020 4531 3118 4571 sua
3153 4513 3415 4570 doctrina

136 4611 463 4667 καλέσασθαι
491 4616 570 4677 εὶς
601 4614 700 4686 τὴν
723 4617 968 4688 καθαρὰν
1003 4619 1335 4686 θεοσέϐειαν,
1369 4623 1557 4694 καὶμὴ
1585 4640 1720 4694 προ-

136 4703 296 4770 φάσει
330 4705 432 4775 τῆς
483 4708 611 4777 περὶ
664 4706 968 4780 βρωμάτων
1033 4711 1339 4785 βαρυτέρας
1397 4714 1719 4786 νομοθεσίας

132 4795 359 4848 κωλύειν
393 4797 620 4861 πολλοὺς
647 4798 752 4854 τῶν
779 4801 1094 4874 δυναμένων
1117 4804 1463 4876 ὠφεληθῆναι
1498 4807 1577 4869 εἰς
1610 4805 1714 4877 ἢθη

131 4888 234 4940 ἀπὸ
258 4892 710 4963 Χριστιανισμοῦ,
733 4894 1070 4966 ἀπεφήνατο,
1102 4899 1204 4962 ὄτι,
1234 4901 1316 4954 Οὐ
1347 4900 1419 4953 τὰ
1445 4901 1716 4968 εἰσερχό-

125 4997 276 5046 pera
305 4985 392 5049 εὶς
413 4984 478 5037 τὸ
508 4986 704 5054 στόμα
740 4986 1053 5040 κοινοῐτὸν
1083 4988 1418 5057 ἄνθρωπον,
1447 4991 1606 5046 ἀλλὰ
1645 4991 1716 5046 τὰ

126 5072 488 5142 ἐξερχόμενα
519 5077 587 5129 ἐκ
608 5077 714 5130 τοῦ
734 5079 1048 5146 στόματος·
1075 5081 1146 5134 τὰ
1166 5079 1284 5150 μὲν
1313 5083 1422 5151 γὰρ
1443 5083 1712 5152 εἰσερχό-

124 5180 276 5228 μενα
308 5167 395 5230 εὶς
419 5165 485 5220 τὸ
518 5169 716 5235 στόμα
755 5170 842 5233 εἰς
884 5168 997 5236 τὴν
1035 5173 1292 5236 κοιλίαν,
1325 5173 1479 5243 φησι,
1515 5171 1710 5241 χωρεῖ,

127 5255 221 5307 καὶ
259 5259 349 5323 εἰς
393 5259 707 5327 ἀφεδρῶνα
761 5259 1130 5316 ἐκϐάλλεται·
1173 5267 1246 5318 τὰ
1279 5264 1331 5317 δ’
1361 5265 1598 5329 ἐξιόντα
1642 5262 1712 5316 ἐκ

127 5347 230 5402 τοῦ
255 5351 552 5418 στόματος
581 5351 960 5423 διαλογισμοί
979 5357 1096 5408 εἱσι
1134 5357 1383 5425 πονηροὶ
1411 5356 1712 5424 λαλούμε-

197 5525 245 5557 ⁶⁹
292 5526 432 5586 Psal.
479 5545 625 5594 sxw,
679 5531 732 5584 1.
807 5531 854 5563 ⁸ο
879 5528 1040 5598 lbid.,
1067 5534 1120 5589 5.
1197 5535 1239 5565 ⁸⁸
1277 5535 1434 5590 Rom.
1463 5549 1573 5600 xw,
1611 5532 1705 5589 2|.

169 5678 514 5756 ⁸(94)-’1Ξρεῗ
551 5683 625 5756 δὲΔ
659 5685 752 5736 καὶ
790 5687 873 5756 τό.
908 5686 1029 5740 ":BC
1084 5689 1276 5744 desunt
1313 5691 1364 5746 itt
1402 5691 1562 5746 codd.
1601 5691 1705 5746 Re-

132 5750 317 5826 gioﬁet
335 5750 653 5826 Basiluensi,
679 5766 733 5809 et
764 5755 956 5810 abesse
984 5770 1234 5826 possunt.

201 5817 324 5886 (955i
373 5817 709 5878 llmscbelius
745 5826 798 5880 itt
828 5817 1001 5894 textu,
1034 5829 1275 5886 πιστέον.

1824 4617 1894 4674 ad
1931 4632 2120 4687 puram
2166 4617 2426 4686 pietatem
2459 4631 2651 4671 omnes
2686 4616 2933 4670 homines
2958 4627 3288 4683 provocare,
3317 4627 3407 4665 ca-

1828 4709 1906 4763 vit
1937 4721 2002 4762 ne
2036 4705 2369 4762 diﬂiciliores
2399 4706 2468 4760 de
2502 4707 2637 4761 cibis
2672 4705 2818 4775 leges
2845 4703 3045 4758 multos
3081 4719 3148 4758 ex
3191 4703 3256 4754 iis
3290 4716 3406 4755 mo-

1827 4811 2105 4867 rarentur,
2156 4816 2390 4871 quorum
2443 4798 2688 4854 moribus
2740 4794 3084 4866 corrigendis
3133 4793 3406 4850 Christia-

1825 4897 2034 4949 nismus
2061 4893 2320 4961 prodesse
2351 4901 2551 4960 posset.
2575 4889 2727 4946 Unde
2761 4889 2876 4942 hinc
2904 4888 3021 4957 ejus
3043 4886 3405 4940 documenta:

1828 4985 1989 5057 763
2022 4983 2144 5037 Non
2175 5000 2292 5053 qua:
2334 4983 2537 5035 intrant
2567 4982 2624 5036 in
2661 4997 2717 5034 os
2743 4979 3087 5049 coinquinant
3123 4976 3406 5040 hominem,

1821 5085 1909 5132 sed
1940 5091 2052 5147 qum
2090 5075 2380 5146 procedunt
2410 5089 2476 5127 ea:
2499 5089 2608 5127 ore.
2655 5070 2799 5125 Nam
2842 5087 2961 5142 qua:
2994 5071 3047 5123 in
3085 5087 3142 5124 os
3186 5071 3407 5132 intrant,

1822 5168 2019 5237 inquit,
2065 5168 2122 5220 in
2171 5176 2401 5220 ventrem
2429 5166 2628 5219 vadunt
2675 5172 2724 5218 et
2764 5163 2819 5216 in
2857 5178 3116 5218 secessum
3163 5160 3408 5216 emittun-

1824 5271 1951 5325 tur;
1985 5275 2102 5330 quw
2131 5266 2307 5313 autem
2336 5261 2624 5324 procedunt
2655 5256 2718 5310 de
2757 5270 2867 5320 ore,
2915 5261 3034 5309 sunt
3066 5251 3405 5322 cogitationes

1821 5353 1978 5408 mala:
2009 5367 2126 5423 qua:
2154 5352 2517 5421 proferuntur,
2551 5346 2859 5414 homicidia,
2905 5343 3196 5410 adulteria,
3231 5342 3408 5412 forni-

1781 5536 1827 5568 ⁵³
1859 5533 2016 5599 lbid.,
2066 5533 2152 5590 l5.
2229 5532 2279 5565 ⁸³
2312 5531 2491 5602 LCor.
2519 5547 2638 5597 vttt,
2667 5531 2758 5587 l5.

1892 5692 2005 5760 (96)
2041 5689 2316 5744 llmscltel.
2352 5698 2405 5742 et
2436 5705 2592 5754 mss,
2623 5687 2782 5760 κρέα,Δ
2818 5685 3156 5756 Spenccrtts,
3187 5683 3400 5757 βρῶμα.

1890 5756 2006 5834 (97)
2034 5761 2205 5816 Codd.
2242 5760 2377 5831 Reg.
2415 5771 2470 5815 ct
2508 5756 2696 5828 Basili,
2729 5756 3007 5832 εὔκαιρον.
