3866 6398
177 344 293 402 1561

1317 342 1597 400 CONTRA
1630 343 1908 400 CELSUM
1945 343 2074 399 LIB.
2112 342 2249 400 Vlll.

3267 342 3292 402 ί
3302 345 3410 402 563

173 461 416 535 ἀφεκτέον
461 462 642 534 πάσης
694 461 890 526 κακίας
942 463 1163 518 καὶτῶν
1211 464 1318 517 ἀπὸ
1363 465 1583 530 κακίας,
1636 481 1705 519 κα

1833 464 2102 518 Ρτωιειιθα
2132 477 2243 530 non,
2287 470 2370 518 est
2411 461 2792 518 abstinendum
2821 461 2888 516 ab
2924 461 3166 519 omnium
3199 462 3410 517 animt:-

171 554 308 619 ζώων
336 554 588 608 ἁπάντων
636 551 889 624 βρώσεως
919 553 1014 624 (ὅ).
1057 554 1343 623 Ἀφεκτέον
1373 555 1430 608 δὲ
1468 555 1530 607 οὐ
1566 555 1726 625 μόνον

170 643 309 708 ζώων
339 643 610 716 βρώσεως,
647 644 780 699 ἀλλὰ
808 645 900 698 καὶ
935 646 1135 710 παντὸς
1166 647 1498 712 οὑτινοσοῦν,
1533 650 1582 701 εί
1617 649 1726 702 ἀπὸ

167 735 346 798 κακίας
363 736 457 788 καὶ
484 735 593 789 τῶν
619 737 724 789 ἀπὸ
753 737 950 800 κακίας
975 738 1319 809 χρησαίμεθα
1350 742 1462 802 τοῖς
1500 739 1724 810 βρώμα-

168 843 258 880 σιν·
291 825 551 894 ἀφεκτέον
591 827 698 899 γὰρ
726 827 818 880 τοῦ
851 827 1048 883 ἐσθίειν
1087 829 1228 884 κατὰ
1259 831 1721 902 γαστριμαργίαν,

163 915 340 987 ἢκαθὸ
376 916 604 985 ἄγεσθαι
662 918 754 987 ὑφ’
783 918 993 991 ἡδονῆς,
1044 922 1212 992 χωρὶς
1263 923 1363 992 τῆς
1405 923 1484 986 εἰς
1531 923 1722 990 ὑγείαν

163 1008 242 1061 τοῦ
275 1008 518 1078 σώματος
546 1012 640 1062 καὶ
675 1010 970 1081 θεραπείαν
1001 1013 1164 1066 αὑτοῦ
1198 1015 1526 1086 προθέσεως.
1560 1013 1724 1067 Οὐδα-

165 1098 265 1168 μῶς
285 1099 523 1168 μέντοιγε
559 1101 787 1172 λέγομεν
827 1103 902 1174 (4)
930 1106 1420 1176 μετενσωμάτωσιν
1463 1101 1722 1175 εἶναιψυ-

159 1190 265 1260 χῆς,
287 1191 376 1244 καὶ
401 1192 755 1246 κατάπτωσιν
780 1195 948 1266 αὐτῆς
981 1196 1139 1268 μέχρι
1171 1198 1279 1250 τῶν
1310 1197 1520 1263 ἀλόγων
1543 1198 1716 1263 ζώων·

157 1280 373 1352 δηλονότι
399 1283 510 1335 οὐδ’
539 1284 741 1354 ὁμοίως
760 1286 1072 1360 Πυθαγόρᾳ,
1100 1288 1200 1341 κᾶν
1235 1289 1568 1360 ἀπεχώμεθά
1589 1309 1718 1344 ποτε

157 1370 310 1439 ζώων,
345 1375 404 1426 οὐ
445 1376 763 1447 χρησόμεθα
807 1379 986 1433 αὐτῶν
1010 1384 1128 1444 ταῖς
1173 1381 1349 1453 σαρξί.
1395 1382 1585 1452 Ψυχὴν
1610 1383 1717 1455 γὰρ

154 1463 350 1536 λογικὴν
371 1468 540 1537 τιμᾷν
565 1469 730 1538 μόνην
761 1471 923 1541 ἡμεῖς
958 1472 1135 1542 ἴσμεν,
1175 1474 1268 1526 καὶ
1301 1473 1368 1526 τὰ
1400 1473 1604 1545 ταύτης
1626 1474 1717 1547 ὅρ-

153 1567 274 1618 γανα
306 1553 440 1622 μετά
465 1557 636 1626 τιμῆς
667 1558 1015 1638 παραδιδόναι
1065 1562 1204 1616 κατὰ
1255 1563 1322 1615 τὰ
1355 1563 1717 1638 νενομισμένα

151 1645 294 1713 ταφῇ·
330 1644 476 1710 ἄξιον
499 1646 608 1718 γὰρ
627 1635 812 1719 τδ’τῆς
836 1650 1059 1722 λογικῆς
1085 1651 1262 1723 ψυχῆς
1293 1635 1606 1726 οἰκητήριον
1641 1657 1715 1728 μὴ

151 1735 532 1804 παραρῤιπτεῖν
553 1738 784 1809 ἀτίμως,
813 1741 907 1793 καὶ
935 1730 1245 1812 ὡς’έτυχεν,
1275 1744 1476 1813 ὁμοίως
1496 1743 1574 1814 τῷ
1609 1745 1715 1799 τῶν

1829 557 1962 610 lium
1997 571 2119 622 esu,
2151 554 2606 625 quemadmodum
2651 551 2721 608 ab
2759 551 2906 606 omni
2933 551 3085 616 vitio,
3121 559 3176 607 et
3217 553 3286 608 ab
3335 553 3404 608 iis

1827 645 1991 716 ’164
2018 661 2140 715 quae
2185 662 2254 702 ex
2303 644 2439 700 vitio
2482 642 2806 713 procedunt.
2843 640 2959 696 Non
3001 642 3177 698 solum
3221 655 3402 698 autem

1824 751 1920 791 esu
1957 738 2342 802 animantium,
2373 738 2468 791 sed
2499 735 2911 805 quibuscunqne
2949 734 3285 791 etiamcibis
3309 736 3407 790 ab-

1825 827 2135 882 stinendum
2175 837 2342 895 esset,
2377 828 2422 882 si
2455 828 2671 882 illorum
2721 828 2846 881 usui
2896 826 3212 896 adiunctum
3260 835 3406 882 esset

1821 921 2014 975 vitium
2043 930 2136 975 aut
2175 921 2306 990 quid
2348 935 2416 975 ex
2454 921 2585 980 vitio
2611 934 2973 990 consequens.
3004 920 3402 976 Abstinendum

1821 1013 1968 1068 enim
1999 1028 2026 1066 a
2058 1013 2304 1067 ciborum
2334 1027 2456 1076 usu,
2489 1012 2554 1065 ad
2585 1028 2744 1081 quem
2774 1028 2872 1068 nos
2893 1020 2989 1067 aut
3027 1011 3165 1081 gulae
3191 1021 3285 1066 aut
3310 1026 3402 1065 vo-

1823 1103 2042 1174 luptatis
2071 1106 2309 1158 studium
2339 1105 2706 1173 compelleret,
2731 1104 2849 1159 sine
2875 1103 3152 1173 proposito
3181 1103 3397 1156 sanitati

1819 1197 2065 1265 carperis
2095 1195 2319 1265 ejusque
2349 1195 2618 1250 curationi
2651 1196 2994 1251 consulendi.
3041 1195 3227 1263 Neque
3267 1208 3397 1247 vero

1818 1301 2104 1340 censemus
2131 1288 2368 1344 animam
2393 1300 2425 1339 e
2470 1299 2696 1354 corpore
2726 1285 2780 1339 in
2808 1301 3004 1354 corpus
3037 1286 3297 1353 migrare,
3341 1293 3400 1338 et

1818 1393 1937 1432 eam
1987 1380 2052 1432 ad
2092 1380 2374 1432 brutarum
2415 1394 2586 1448 usque
2619 1378 2978 1432 animantium
3025 1377 3395 1431 conditionem

1819 1469 1998 1540 dejici.
2036 1469 2154 1524 Non
2206 1471 2391 1540 igitur,
2438 1472 2651 1526 etiamsi
2703 1470 2976 1524 interdum
3011 1466 3397 1522 animantibus

1819 1563 2178 1624 abstinemus,
2231 1577 2420 1617 earum
2465 1577 2663 1618 carnes
2709 1575 3026 1615 aversamur
3072 1559 3258 1613 eadem
3306 1572 3397 1610 ra-

1820 1654 1966 1709 tione
2015 1667 2118 1724 qua
2164 1653 2522 1724 Pythagoras.
2571 1654 2724 1722 Apud
2757 1668 2856 1706 nos
2891 1651 3035 1706 enim
3069 1649 3180 1704 sola
3212 1649 3392 1702 anima

1817 1745 2027 1799 ratione
2059 1746 2280 1814 prmdita
2324 1745 2376 1799 in
2418 1747 2624 1800 honore
2653 1747 2901 1808 habetur,
2939 1752 2993 1796 et
3020 1742 3138 1812 ejus
3187 1755 3391 1812 organa

150 1821 354 1890 ἀλόγων·
380 1827 476 1879 καὶ
505 1828 738 1898 μάλιστα
753 1831 842 1882 ὅτε
868 1831 914 1882 oi
939 1831 1123 1902 (5)·τὴν
1137 1833 1301 1904 τιμὴν
1317 1834 1410 1887 τοῦ
1442 1836 1705 1905 σώματος,

1816 1849 1939 1887 cum
1970 1834 2180 1888 honore
2211 1834 2505 1902 sepulturae
2535 1837 2850 1898 traduntur,
2881 1843 2940 1887 ut
2985 1832 3144 1888 nobis
3185 1831 3391 1886 consti-

147 1913 255 1967 ἔνθα
280 1916 468 1990 λογικὴ
512 1920 658 1993 ψυχὴ
698 1923 900 1994 ῷκησε,
943 1925 1341 1978 πεπιστεύκασι
1372 1926 1465 1978 καὶ
1500 1929 1586 1980 ἐπ’
1622 1928 1712 1980 αύ-

145 2006 221 2059 τόν
264 2025 391 2076 φασι
448 2011 526 2080 (6)
569 2012 860 2084 δεξάμενον
917 2015 1097 2078 καλῶς
1152 2017 1568 2089 ἀγωνισαμένην
1623 2019 1710 2072 διά

146 2100 361 2154 τοιούτου
414 2104 652 2175 ὀργάνου
679 2107 877 2179 ψυχήν.
910 2109 1046 2178 Περὶ
1074 2107 1132 2161 δὲ
1157 2107 1274 2170 τοῦ,
1308 2109 1424 2173 πῶς
1446 2111 1493 2162 οἱ
1525 2111 1707 2181 νεκροὶ

145 2187 446 2262 ἐγείρονται,
521 2196 616 2248 καὶ
679 2197 817 2267 ποίῳ
873 2197 1085 2267 σώματι
1149 2196 1414 2267 ἔρχονται,
1477 2201 1534 2252 έν
1593 2203 1705 2264 τοῖς

144 2282 373 2354 ἀνωτέρω
418 2285 492 2338 δι’
526 2286 743 2355 ὀλίγων,
772 2288 848 2352 ὡς
881 2288 1077 2360 ἀπῄτει
1117 2293 1148 2362 ἡ
1198 2289 1403 2362 γραφὴ,
1443 2293 1708 2362 παρεστή-

147 2389 313 2442 σαμεν.

1820 1935 1995 1980 tutum
2021 1934 2124 1981 est.
2159 1925 2342 1996 Neque
2383 1927 2527 1981 euint
2570 1926 2725 1982 decet
2757 1927 2950 1980 anima:
2980 1925 3186 1980 ratione
3215 1921 3388 1991 parti-

1815 2018 1951 2086 cipis
1987 2019 2318 2073 domicilium
2365 2020 2616 2074 indecore
2662 2028 2718 2074 et
2748 2018 3057 2085 ubicunque
3089 2015 3298 2084 projici,
3332 2021 3390 2066 ut

1815 2111 2097 2166 brutorum
2130 2111 2446 2166 animalium
2479 2112 2750 2174 cadaver;
2800 2110 3101 2181 praesertim
3148 2122 3270 2163 cum
3299 2105 3390 2177 qui

1813 2203 2079 2260 honorant
2124 2221 2341 2275 corpus,
2373 2205 2462 2258 ubi
2501 2203 2678 2257 anima
2723 2205 2932 2258 ratione
2974 2203 3203 2271 praedita
3239 2199 3392 2255 habi-

1813 2295 1968 2358 tavit,
2001 2295 2034 2348 ii
2082 2311 2406 2365 persuasum
2441 2297 2676 2350 habeant
2725 2297 2870 2350 hunc
2908 2294 3166 2348 honorem
3200 2291 3394 2346 redun-

1813 2385 1943 2440 dare
1986 2387 2038 2440 in
2086 2401 2235 2451 eum,
2272 2388 2364 2456 qui
2414 2389 2650 2442 animam
2711 2386 2918 2454 accepit
2966 2384 3190 2454 pulchre
3231 2395 3388 2436 usam

147 2469 421 2536 hujusmodi
483 2472 866 2528 instrumento.
932 2475 1214 2542 Quomodo
1269 2490 1448 2532 autem
1516 2487 1801 2543 resurgant
1849 2481 2094 2545 mortui,
2162 2481 2319 2550 quale
2392 2496 2590 2552 corpus
2634 2481 2805 2537 induti
2838 2478 3254 2544 veniant,Jt:ec
3298 2489 3394 2531 su-

143 2577 221 2630 pra
251 2565 453 2631 paucis,
497 2573 555 2618 ut
602 2563 758 2631 hujus
813 2567 1125 2636 scriptionis
1172 2569 1310 2624 ratio
1363 2570 1690 2638 postulabat,
1730 2572 2152 2641 explicavimus.

199 2655 340 2710 Μετά
370 2656 552 2710 ταῦτα
580 2656 607 2706 ὁ
632 2658 836 2722 Κέλσος
864 2659 926 2711 τὸ
950 2660 1398 2731 ὁμολογουμένως
1432 2662 1536 2714 ὑπὸ
1567 2663 1704 2732 Χρι-

144 2747 345 2800 στιανῶν
393 2747 494 2800 καὶ
549 2746 817 2800 Ἰουδαίων
868 2748 1162 2820 λεγόμενον
1211 2750 1459 2820 τίθησιν,
1513 2751 1708 2804 ἀπολο-

141 2837 394 2907 γουμένων
443 2838 580 2910 περὶ
624 2839 724 2910 τῆς
761 2839 870 2893 τῶν
921 2841 1286 2895 εἰδωλοθύτων
1334 2843 1563 2914 ἀποχῆς,
1611 2844 1706 2896 καὶ

143 2928 427 2996 φασκόντων
469 2931 544 3001 μὴ
588 2931 698 2983 δεῖν
754 2933 1132 2987 συνεστιᾶσθαι
1170 2935 1384 3005 δαίμοσι
1417 2937 1543 2999 τοὺς
1580 2937 1707 2989 ἀνα-

142 3021 397 3091 κειμένους
430 3021 516 3094 τῷ
561 3023 654 3076 ἐπὶ
699 3026 832 3078 πᾶσι
864 3025 998 3096 Θεῷ·
1041 3027 1175 3097 πρὸς
1209 3029 1236 3080 ὂ
1279 3024 1396 3081 εἶπε
1430 3028 1497 3080 τὰ
1527 3028 1706 3082 ἐκκεί-

143 3127 274 3180 μενα.
312 3112 508 3183 Ἡμεῖς
541 3114 639 3184 μὲν
669 3110 782 3180 οὖν,
804 3117 927 3169 ὅσον
951 3118 1045 3169 ἐπὶ
1076 3117 1328 3188 βρώμασι
1352 3121 1442 3172 καὶ
1475 3120 1703 3189 πόμασι,

138 3201 217 3254 τοῦ
243 3204 622 3258 συνεστιᾶσθαι
654 3205 871 3276 δαίμοσι
905 3208 1139 3279 τρόπους
1193 3208 1380 3272 ἄλλους
1421 3210 1519 3262 οὐκ
1548 3211 1706 3278 ἴσμεν

140 3292 166 3363 ἢ
195 3294 302 3347 καθ’
325 3295 420 3360 οὓς
454 3298 526 3350 τὰ
562 3298 870 3369 καλούμενα
899 3300 1049 3372 παρά
1079 3304 1190 3363 τοῖς
1214 3301 1427 3365 πολλοῖς
1457 3301 1705 3373 ἱερόθυτα

140 3384 283 3439 ἐσθίει
309 3405 410 3452 τις,
438 3389 539 3440 καὶ
569 3387 711 3442 πίνει
730 3389 821 3443 τὸν
851 3389 960 3444 τῶν
988 3392 1141 3464 παρά
1166 3396 1276 3456 τοῖς
1300 3393 1593 3464 δαιμονίοις
1618 3413 1703 3463 γι-

139 3477 388 3547 γνομένων
413 3480 662 3533 σπονδῶν
687 3475 846 3536 οἶνον·
866 3483 893 3535 ὁ
909 3483 964 3535 δὲ
988 3484 1194 3548 Κέλσος
1223 3486 1388 3539 οἴεται
1422 3491 1702 3542 συνεστιᾶ-

140 3565 242 3620 σθαι
270 3567 490 3640 δαίμοσι
512 3571 715 3625 καὶτὸν
739 3573 886 3626 σίτου
923 3575 1422 3646 μεταλαμϐάνοντα,
1449 3580 1543 3633 καὶ
1557 3581 1704 3644 ὅπως

139 3657 310 3712 ποτοῦν
333 3659 485 3714 οἴνου
507 3660 749 3728 πίνοντα,
781 3666 875 3718 καὶ
895 3665 1209 3738 ἀκροδρύων
1234 3670 1543 3740 γευόμενον,
1569 3672 1704 3726 ἀλλὰ

139 3750 216 3802 καὶ
239 3753 284 3804 εἰ
318 3753 487 3825 μόνου
523 3754 714 3820 ὕδατός
739 3775 822 3822 τις
860 3760 1284 3831 μεταλαμϐάνει,
1322 3765 1414 3817 καὶ
1442 3766 1499 3816 ἐν
1529 3765 1703 3836 τούτῳ

139 3843 251 3913 φησὶ
295 3848 677 3902 συνεστιᾶσθαι
705 3851 921 3922 δαίμοσι
959 3853 1050 3906 τὸν
1081 3853 1320 3910 πίνοντα.
1373 3858 1702 3930 Προστίθησι

136 3930 182 3983 δὲ
209 3936 427 4002 τούτοις,
465 3940 547 3992 ὅτι
577 3941 818 3996 καὶὸτὸν
849 3944 984 4014 ἀέρα
1009 3944 1195 3998 τοῦτον
1217 3948 1517 4012 ἀναπνέων,
1552 3951 1702 4022 παρά

137 4022 379 4096 δαιμόνων
424 4029 594 4084 τινῶν
636 4033 728 4084 καὶ
764 4034 949 4089 τοῦτον
1003 4036 1288 4107 λαμϐάνει·
1333 4043 1702 4112 χαριζομένων

136 4115 398 4188 δαιμόνων,
422 4121 536 4176 τῶν
561 4124 655 4176 ἐπὶ
685 4123 777 4178 τοῦ
796 4125 956 4197 ἀέρος
983 4129 1331 4200 τεταγμένων
1372 4131 1468 4202 (7),
1492 4133 1580 4186 τὸν
1600 4133 1700 4202 τῆς
1733 4179 1741 4188 .

137 4210 384 4286 ἀναπνοῆς
413 4220 533 4280 τοῖς
569 4217 728 4282 ζώοις
765 4220 921 4291 ἀέρα.
969 4221 1026 4275 '0
1050 4221 1367 4293 βουλόμενος
1397 4225 1574 4277 τοίνυν
1600 4244 1701 4278 πα-

138 4309 440 4378 ραπησάτω
491 4309 570 4381 τῷ
616 4310 822 4364 Κέλσου
856 4312 1016 4383 λόγῳ,
1051 4315 1145 4367 καὶ
1182 4314 1461 4380 δεικνύτω,
1495 4317 1612 4380 πῶς
1637 4319 1696 4371 οὐ

137 4392 250 4502 θεῖοί
275 4417 414 4464 τινες
457 4399 678 4469 ἄγγελοι
709 4401 866 4465 Θεοῦ,
901 4403 1036 4456 ἀλλά
1067 4405 1338 4478 δαίμονες,
1373 4400 1448 4463 ὧν
1476 4409 1593 4462 ὅλον
1638 4407 1700 4460 τὸ
1730 4443 1776 4502 D

136 4488 269 4555 γένος
294 4493 410 4545 ἐστὶ
437 4493 663 4561 φαῦλον,
696 4498 1155 4568 προστεταγμένοι
1186 4498 1262 4569 (8)
1296 4500 1402 4553 εισι
1432 4501 1608 4554 πάντα
1630 4500 1699 4554 τὰ

137 4581 492 4652 προειρημένα
510 4584 831 4653 οἰκονομεῖν.
852 4585 960 4637 Καὶ
993 4587 1151 4654 ἡμεῖς
1171 4585 1268 4656 μὲν
1287 4588 1394 4658 γάρ
1418 4603 1614 4656 φαμεν,
1637 4586 1698 4639 οὐ

135 4671 284 4741 χωρὶς
329 4673 669 4744 προστασίας
699 4675 943 4745 ἀοράτων
977 4675 1082 4746 (9),
1118 4677 1185 4728 ἵν’
1216 4676 1387 4741 οὕτως
1424 4676 1706 4746 ὀνομάσω,

135 4766 372 4833 γεωργῶν
408 4766 502 4819 καὶ
522 4764 695 4818 ἄλλων
711 4766 1026 4837 οἰκονόμων,
1061 4767 1120 4819 ού
1146 4767 1305 4837 μόνον
1327 4767 1437 4837 (10)
1456 4767 1561 4820 τῶν
1591 4766 1700 4819 ἀπὸ

135 4851 224 4921 γῆς
256 4855 561 4926 φυομένων,
609 4854 741 4909 ἀλλά
773 4858 868 4910 καὶ
898 4859 1098 4922 παντὸς
1128 4861 1451 4929 ναματιαὶου
1503 4857 1694 4921 ὓδατος

137 4945 218 4998 καὶ
248 4946 426 5019 ἀέρος,
470 4948 568 5019 τὴν
595 4947 699 5017 γῆν
731 4949 914 5021 φέρειν
941 4949 1008 5002 τὰ
1047 4950 1150 5004 ὑπὸ
1182 4949 1398 5019 φύσεως
1427 4951 1698 5022 λεγόμενα.

197 5103 267 5162 (ὅ)
297 5104 599 5172 Βρώσεως.
633 5105 762 5160 Post
790 5105 930 5159 hanc
965 5117 1149 5160 vocem
1183 5105 1488 5160 addendum
1536 5105 1689 5159 vide-

135 5178 211 5250 tur
246 5176 561 5250 aspextéov,_
592 5177 736 5250 quod
770 5191 890 5229 cum
942 5175 1252 5250 immediate
1292 5187 1578 5245 sequatur,
1625 5190 1688 5229 ea

139 5245 235 5307 ipsa
266 5246 327 5296 de
354 5261 522 5300 causa
549 5246 677 5300 hinc
711 5245 848 5298 forte
880 5245 1097 5299 excidit.

199 5311 267 5382 (4)
297 5313 424 5369 Mss.
455 5315 589 5386 Reg.
638 5325 691 5370 et
730 5313 919 5375 Basil.,
949 5313 1200 5385 λέγομεν.
1236 5315 1394 5371 Libb.
1427 5313 1579 5379 editi,
1612 5313 1692 5365 λέ-

138 5393 325 5446 γοντες.

200 5451 270 5518 (5)
303 5454 411 5508 Καὶ
436 5454 703 5522 μάλιστα
743 5454 840 5509 ὅτε
883 5458 956 5519 oi,
989 5463 1095 5508 etc.
1118 5455 1211 5517 Τὸ,
1244 5456 1291 5507 οἱ
1323 5463 1443 5520 post
1470 5455 1558 5507 ὅτε
1596 5452 1693 5506 de-

138 5517 337 5592 lendum
369 5517 581 5577 videtur
603 5525 877 5579 Boherello
909 5517 962 5579 et
990 5540 1086 5592 pro
1118 5526 1208 5577 ὅτε
1237 5517 1519 5592 legendum
1551 5524 1690 5578 forte

139 5588 226 5643 ἔτι.
263 5591 385 5665 Mihi
419 5610 546 5665 vero
576 5595 760 5663 posto!
791 5596 966 5662 placet
990 5588 1111 5646 addi
1141 5588 1689 5665 Xptcr'rtavoiJiuieto

140 5668 290 5735 to_lt_ts_
315 5663 404 5735 hic
455 5661 815 5735 lucn‘srusque
858 5665 924 5735 ad
959 5667 1060 5716 ista
1090 5661 1249 5719 verba
1295 5664 1430 5735 Περὶ
1473 5664 1528 5716 δὲ
1571 5661 1684 5723 τοῦ,

140 5729 404 5785 addititius
438 5745 491 5787 et
530 5729 851 5788 recidendus
882 5733 1111 5787 videtur.

201 5799 273 5868 (6)
303 5803 474 5857 Φασι.
510 5803 819 5858 Mutandum
850 5817 980 5874 puto
1009 5819 1127 5856 cunt
1158 5802 1441 5858 Bohcrello
1470 5807 1520 5857 iu
1547 5805 1685 5874 φθάη

1879 2665 1969 2720 51.
2030 2665 2184 2720 Ponit
2235 2673 2419 2732 postea
2471 2663 2659 2718 Celsus
2716 2663 2766 2717 id
2817 2662 2961 2732 quod
3014 2669 3070 2716 et
3107 2657 3275 2715 Judaei
3329 2664 3386 2715 et

1810 2755 2103 2810 Christiani
2151 2771 2255 2809 una
2285 2770 2418 2810 voce
2451 2755 2770 2824 przedicant,
2803 2770 2928 2809 cum
2963 2753 3227 2808 rationem
3267 2752 3388 2807 red-

1809 2845 1998 2900 dentes
2025 2861 2124 2900 cur
2157 2847 2225 2901 ab
2253 2845 2570 2916 idolothytis
2593 2847 2916 2909 abstineant,
2946 2845 3098 2898 aiunt
3127 2860 3251 2898 cum
3282 2844 3386 2897 da!-

1810 2937 2058 2991 ntonibus
2124 2936 2330 3005 epulari
2390 2951 2496 2990 non
2560 2937 2758 2992 debere
2807 2952 2937 2999 eos,
2991 2937 3083 3004 qui
3128 2949 3382 3005 supremo

1813 3026 1920 3080 Deo
1953 3034 2363 3080 consecrantur.
2392 3024 2566 3091 Quam
2612 3025 2667 3078 in
2715 3042 2829 3081 rem
2867 3023 3022 3079 allert
3047 3040 3168 3096 qua
3197 3025 3383 3080 retuli-

1812 3132 1950 3172 mus.
1987 3115 2096 3170 Nos
2136 3127 2303 3179 certe,
2333 3119 2472 3185 quod
2501 3126 2713 3186 spectat
2760 3119 2825 3170 ad
2858 3117 3035 3171 cibum
3064 3126 3380 3184 potumque,

1807 3223 1912 3263 non
1946 3208 2107 3260 aliam
2142 3223 2264 3262 cum
2306 3208 2644 3263 daemonibus
2685 3208 2940 3278 epulandi
2986 3208 3251 3262 rationem
3287 3221 3380 3261 co-

1807 3301 2135 3372 gnoscimus,
2169 3315 2328 3369 quam
2376 3315 2497 3354 cum
2529 3300 2890 3354 comeduntur
2937 3313 3132 3352 carnes
3161 3312 3281 3366 qua:
3324 3298 3378 3351 in

1806 3393 2111 3454 sacriﬁciis,
2145 3401 2200 3446 ut
2241 3391 2391 3445 multi
2425 3401 2644 3456 vocant,
2693 3389 3063 3451 immolantur,
3098 3400 3152 3444 et
3180 3379 3382 3444 bibitur

1810 3484 1991 3537 vinum
2020 3484 2160 3551 quod
2191 3483 2471 3537 daamoniis
2517 3483 2742 3537 libatum
2791 3491 2906 3547 est;
2941 3491 2997 3536 at
3039 3481 3229 3536 Celsus
3255 3497 3376 3534 cum

1806 3573 2138 3628 daemonibus
2184 3573 2432 3628 accumbi
2475 3574 2650 3643 epulis
2697 3575 2996 3636 existimat.
3044 3573 3160 3628 sive
3197 3572 3382 3644 fruges

1806 3665 2061 3729 edantur,
2115 3667 2228 3721 sive
2275 3668 2519 3736 quolibet
2554 3667 2714 3722 modo
2757 3668 2974 3722 bibatur
3015 3667 3220 3730 vinum,
3265 3667 3383 3721 sive

1805 3755 2016 3811 fructus
2050 3766 2352 3827 gustentur,
2383 3760 2499 3814 sive
2523 3759 2685 3814 etiam
2739 3774 2876 3829 aqua
2917 3758 3027 3812 sola
3062 3759 3378 3825 hauriatur;

1806 3847 1908 3902 hoc
1941 3849 2115 3918 ipsum
2151 3851 2227 3904 ait
2266 3865 2385 3905 esse
2412 3852 2619 3921 epulari
2654 3866 2776 3905 cum
2812 3851 3166 3904 dazmonibus.
3213 3851 3377 3904 Addit

1805 3955 1982 3996 aerem
2006 3943 2202 4011 ipsum,
2221 3945 2310 4013 qui
2339 3945 2544 4010 re‘Spira
2557 3955 2659 4006 tur,
2681 3959 2708 3996 a
2727 3943 3048 4012 quibusdam
3070 3943 3242 4010 accipi
3272 3946 3381 3997 dm-

1805 4035 2092 4098 monihus;
2144 4035 2585 4104 quandoquidem
2615 4034 2764 4087 illum
2797 4049 2976 4088 aerem
3009 4035 3379 4088 animantibus

1804 4127 2150 4195 Suppeditant
2199 4127 2471 4181 drentones
2523 4126 2600 4179 illi
2637 4127 2729 4194 qui
2772 4125 2881 4179 aeri
2929 4135 3188 4195 praesunt.
3243 4125 3382 4183 Huic

1807 4217 1948 4271 Celsi
1993 4219 2274 4272 sententiae
2319 4220 2650 4274 assentiatur
2680 4217 2770 4286 qui
2813 4217 3059 4278 voluerit,
3095 4226 3148 4271 et
3187 4218 3382 4286 probet

1804 4321 1912 4361 non
1963 4307 2186 4376 angelos
2225 4308 2317 4362 Dei
2370 4310 2548 4378 potius
2592 4323 2751 4376 quam
2806 4311 3099 4374 daemones,
3145 4323 3377 4376 quorum

1805 4411 1973 4466 genus
2009 4413 2167 4454 omne
2196 4399 2396 4453 malum
2441 4410 2542 4465 est,
2578 4399 2850 4470 prmdictis
2895 4399 3145 4456 munibus
3191 4403 3379 4454 mode-

1804 4491 1986 4546 randis
2044 4493 2364 4561 praepositos
2421 4509 2565 4550 esse.
2629 4493 2734 4549 Nos
2783 4510 2914 4549 vero
2979 4494 3210 4548 dicimus
3259 4493 3378 4547 sine

1801 4584 2052 4653 prmsidio
2099 4583 2474 4652 invisibilium,
2525 4595 2580 4640 ut
2635 4586 2706 4640 ita
2757 4585 2967 4655 loquar,
3012 4586 3374 4656 agricolarum

1802 4675 2142 4746 aliorumque
2172 4676 2694 4746 administraturum,
2725 4681 2815 4748 qui
2867 4694 2971 4732 non
3015 4677 3186 4732 Solum
3220 4686 3377 4734 terrae

1801 4766 2174 4836 proventibus,
2225 4768 2320 4821 sed
2376 4768 2539 4821 etiam
2590 4783 2744 4836 aqua:
2797 4779 2849 4823 et
2901 4769 3012 4822 aeri
3067 4769 3376 4838 provident,

1803 4866 2002 4912 terram
2055 4874 2160 4914 non
2211 4874 2274 4912 ea
2327 4859 2468 4912 ferre
2513 4875 2633 4927 qua:
2678 4869 2868 4912 natura
2925 4861 3036 4928 regi
3086 4859 3371 4922 dicuntur,

1807 4965 2003 5019 aquam
2046 4949 2210 5021 765
2263 4951 2316 5004 in
2366 4950 2603 5005 forttihus
2644 4960 2695 5004 et
2724 4951 2898 5028 (inviis
2934 4951 3076 5004 ultro
3105 4951 3375 5004 nasccnti-

1795 5122 1927 5157 νειν.

1869 5176 1944 5244 (7)
1978 5175 2144 5230 Codd.
2182 5173 2315 5239 Reg.
2347 5185 2400 5228 et
2429 5175 2775 5240 Basileensis,
2801 5174 3174 5245 τεταγμένων,
3199 5173 3376 5243 Spen-

1797 5262 1978 5306 cerus‘,
2024 5246 2500 5316 προτεταγμένων,
2533 5245 2874 5316 ilm§cheltus
2902 5246 2952 5316 in
2991 5255 3161 5316 textu,
3196 5263 3372 5316 προσ-

1796 5309 2160 5385 τεταγμένων.
2223 5309 2362 5366 ΙιίΓΓιι
2422 5333 2574 5382 ιιιες.,
2616 5309 2709 5380 ὧν,
2739 5315 2855 5368 ὅλον
2880 5315 2942 5367 τὸ
2981 5315 3155 5383 γένος.
3209 5309 3367 5369 Liblt.

1797 5379 1950 5449 editi,
1969 5379 1980 5385 ⁷
2001 5379 2072 5438 ὦν
2101 5385 2235 5436 ὅλων
2259 5385 2320 5435 τὸ
2353 5385 2525 5451 γένος.

1871 5456 1946 5528 (8)
1977 5456 2510 5524 Προστεταγμένοι.
2550 5455 2776 5511 Malebat
2827 5454 3076 5518 Guielus,
3104 5471 3369 5528 προτετα-

1796 5541 1828 5592 γ
1839 5526 1987 5594 μένοι
1995 5567 2009 5580 .

1871 5596 1949 5663 (9)
1996 5593 2296 5662 Ὰοράτων.
2331 5592 2459 5649 Vide
2505 5594 2754 5664 Origcnis
2781 5597 2972 5651 ltontil.
2997 5597 3068 5650 9.5
3099 5596 3149 5647 in
3181 5595 3367 5660 .lnSth,

1795 5675 1848 5718 vt
1901 5666 2088 5788 llOltlél.
2130 5668 2162 5719 8
2217 5664 2266 5716 itt
2315 5664 2518 5719 Jet'ent.
2575 5663 2630 5718 et
2671 5667 2827 5722 Huel.
2889 5667 2984 5722 lib.
3037 5683 3073 5722 tt
3123 5663 3396 5734 0t'igcn.,-

1795 5747 1988 5788 "tuest.
2016 5773 2028 5788 ι
2056 5777 2066 5787 .

1795 5747 1988 5803 qttmsl.
2016 5747 2066 5788 5.

1868 5806 1978 5876 (Ill)
2013 5806 2278 5862 “(nscle
2309 5805 2362 5858 in
2397 5815 2568 5873 textu,
2613 5823 2810 5878 μονων.
