3866 6398
523 345 656 400 1563
1991 332 2321 401 ὈΒΙΟΕΝΙΕ
2849 337 2856 342 ’
3632 341 3729 399 1563

518 461 619 516 bus
666 477 774 516 non
827 461 1053 532 irrigare
1097 469 1151 516 et
1194 460 1382 526 ﬂuere,
1414 475 1596 516 aerem
1639 475 1743 515 non
1775 461 1984 516 servari
2018 463 2045 515 in

2208 457 2550 521 διοικεῖσθαι,
2584 456 2675 509 καὶ
2697 456 2762 511 τὸ
2791 454 2936 528 ὕδωρ
2965 457 3023 509 ἐν
3049 457 3169 518 ταῖς
3196 455 3399 526 πηγαῖς
3439 453 3642 519 καὶτοῖς
3662 457 3729 510 σθ-

519 563 840 622 corruptum
883 552 1159 621 vitamque
1206 552 1382 621 ipsum
1433 553 1827 621 respirantibus
1862 569 1966 607 non
2002 554 2046 608 in

2211 549 2451 619 θιγενέσι
2500 551 2766 618 ποταμοῖς
2823 547 3048 618 όμὸρεῖν
3082 547 3193 616 (ll)
3242 547 3335 600 καὶ
3373 546 3630 618 φέρεσθαι,
3665 551 3728 601 καὶ

520 641 761 708 pertire;
816 641 910 696 sed
959 642 1430 698 administratores
1474 642 1595 697 illos
1650 643 1948 699 invisibiles
1992 659 2047 699 nt

2205 643 2298 695 τὸν
2349 641 2487 712 ἀέρα
2530 639 2863 712 ἀδιάφθορον
2913 639 3229 710 τηρεῖσθαι,
3285 638 3378 691 καὶ
3421 639 3628 703 ζωτικὸν
3652 643 3729 705 toi;

521 731 755 784 dicimus
789 747 908 786 esse
937 733 1230 788 daemones.
1283 734 1368 799 Et,
1396 735 1440 788 si
1474 735 1603 804 quid
1637 736 1893 792 audacter
1917 737 2048 792 dicen

2211 731 2573 786 ἀναπνέουσιν
2606 731 2768 784 αὑτὸν
2800 729 3109 799 γίγνεσθαι·
3140 731 3200 783 οὐ
3227 729 3333 800 μὴν
3374 730 3497 791 τοὺς
3526 731 3730 801 ἀοράτως

521 832 792 890 oporteat,
847 824 894 878 si
950 839 1086 893 quas
1134 826 1282 880 hisce
1336 826 1386 880 in
1431 827 1591 882 rebus
1633 837 1817 895 partes
1866 829 2048 889 habeat

2208 825 2390 894 φαμὲν
2429 818 2570 876 εἶναι
2617 823 2913 893 δαίμονας·
2949 822 3083 887 ἀλλ’,
3127 823 3175 874 εἰ
3208 823 3316 893 χρὴ
3340 821 3731 893 ἀποτολμήσαντα

521 911 817 977 daemones,
843 914 1090 970 dicemus
1118 915 1234 971 illis
1255 917 1474 983 famem,
1507 917 1766 973 arborum
1802 921 2048 992 vitiumqt

2203 916 2380 985 λέγειν
2425 914 2568 978 τινὰ,
2603 917 2762 988 εἴπερ
2795 915 2966 968 ταῦτα
2999 915 3266 985 δαιμόνων
3313 916 3460 968 ἐστὶν
3501 916 3636 986 ἔργα,
3659 919 3730 987 φή-

523 1001 890 1068 sterilitatem,
918 1005 1235 1061 immodicos
1258 1008 1488 1074 calores,
1514 1010 1657 1064 aeris
1691 1012 2050 1080 corruptione:

2202 1025 2393 1078 σομεν,
2429 1009 2510 1061 ὅτι
2555 1007 2723 1078 λιμοὶ,
2761 1009 2859 1060 καὶ
2907 1009 3126 1077 ἀφορίαι
3175 1007 3448 1077 σταφυλῆς
3494 1009 3579 1060 καὶ
3612 1009 3729 1078 ἀκρι-

522 1091 587 1144 ad
605 1094 896 1160 perniciem
922 1095 1184 1151 fructibus
1216 1097 1540 1154 alTerendam
1563 1110 1902 1170 mortemque
1927 1103 2049 1157 intel

2202 1099 2401 1170 δρύων,
2437 1100 2530 1152 καὶ
2567 1100 2793 1170 αὐχμοὶ,
2839 1098 2974 1151 ἀλλὰ
3007 1100 3098 1151 καὶ
3123 1100 3156 1168 ἡ
3202 1099 3295 1151 τοῦ
3336 1099 3493 1169 ἀέρος
3520 1099 3729 1169 διαφθορᾶ

523 1184 650 1237 dum
681 1186 1051 1242 animantibus
1077 1199 1129 1242 et
1157 1199 1362 1257 pestem
1409 1191 1718 1246 hominibus
1760 1191 2050 1246 inferenda}

2202 1189 2292 1240 ἐπὶ
2323 1187 2470 1260 λύμῃ
2495 1187 2604 1240 τῶν
2634 1187 2887 1257 καρπῶν,
2913 1187 3023 1240 ἐσθ’
3060 1186 3148 1239 ὅτε
3179 1187 3236 1240 δὲ
3266 1187 3362 1240 καὶ
3387 1187 3464 1258 τῷ
3494 1187 3590 1240 τῶν
3618 1186 3729 1250 ζώων

523 1275 689 1328 tribui
719 1287 973 1344 Oportere
1019 1281 1085 1333 ⁵⁷.
1137 1281 1342 1335 llorum
1385 1283 1626 1336 omnium
1674 1295 1926 1340 auctores
1971 1301 2050 1341 sur

2202 1279 2414 1350 θανάτῳ
2448 1281 2542 1332 καὶ
2573 1278 2650 1350 τῷ
2693 1279 2840 1333 κατά
2889 1279 2994 1332 τῶν
3020 1277 3321 1350 ἀνθρώπων
3367 1278 3560 1348 λοιμῷο
3599 1281 3729 1331 πάντα

522 1368 797 1422 daemones
823 1370 892 1433 ³⁸,
923 1371 1013 1440 qui
1044 1381 1298 1440 tanquam
1327 1374 1615 1429 carniﬁces
1645 1375 1830 1431 divino
1859 1380 2049 1444 quodat

2202 1370 2370 1423 ταῦτα
2401 1369 2652 1440 δαίμονες
2693 1367 3058 1438 αύτουργοῦσι
3098 1368 3303 1438 δήμιοι.
3327 1369 3500 1438 κρίσει
3527 1368 3619 1420 τινὶ
3644 1367 3729 1438 θείᾳ

513 1458 722 1523 judicio
781 1462 1058 1531 accipiunt
1103 1463 1395 1530 aliquando
1446 1466 1560 1519 haec
1621 1468 1801 1521 omnia
1863 1469 2034 1524 facien

2200 1463 2456 1524 λαϐόντες
2485 1461 2732 1528 ἐξουσίαν
2758 1462 2816 1512 ἐν
2838 1463 3045 1531 καιροῖς
3071 1477 3178 1512 τισι
3200 1459 3352 1512 ταῦτ’
3384 1461 3727 1531 ἐνεργεῖν,ε”τε

520 1558 869 1618 potestatem,
901 1553 1014 1606 sive
1053 1554 1121 1607 ad
1155 1555 1422 1620 homines,
1461 1559 1551 1626 qui
1585 1573 1644 1612 se
1671 1568 1812 1614 totos
1841 1561 2047 1616 vitiorul

2202 1556 2278 1618 είς
2313 1553 2650 1624 ἐπιστροφὴν
2681 1551 2986 1623 ἀνθρώπων
3016 1553 3108 1603 ἐπὶ
3134 1551 3231 1622 τὴν
3275 1551 3428 1622 χύσιν
3460 1552 3552 1620 τῆς
3580 1551 3729 1613 κακίας

521 1639 814 1694 colluvioni
862 1643 1205 1710 dediderunt,
1250 1650 1681 1712 convertendos;
1731 1651 1844 1704 sive
1872 1653 1938 1704 ad
1968 1667 2048 1720 pat

2204 1645 2606 1712 ἐξοκειλάντων,
2633 1645 2739 1696 εἴτε
2766 1646 2859 1697 καὶ
2896 1646 2976 1706 είς
3007 1643 3307 1710 γυμνάσιον
3334 1643 3426 1695 τοῦ
3455 1643 3645 1710 λογικοῦ
3673 1644 3731 1710 τὲ-

522 1731 692 1801 ticeps
725 1734 951 1788 rationis
992 1751 1162 1804 genus
1196 1740 1555 1792 exercendum
1583 1757 1596 1805 ;
1634 1751 1692 1794 ut
1723 1742 1813 1808 qui
1862 1743 2009 1797 hisce
2042 1742 2049 1796 i

2202 1753 2320 1798 νους
2337 1753 2348 1765 ο
2370 1735 2434 1787 ἶν’
2449 1736 2498 1787 oi
2532 1735 2628 1805 μὲν
2642 1736 2736 1786 καὶ
2755 1735 2812 1786 ἐν
2833 1737 2944 1794 τοῖς
2964 1732 3239 1795 τοσούτοις
3258 1733 3496 1794 εὐσεϐεῖς
3511 1733 3729 1802 μένοντες,

519 1821 926 1877 calamitatibus
969 1827 1226 1894 pietatem
1257 1839 1502 1891 servant,
1555 1847 1653 1885 nec
1687 1832 1809 1886 inde
1854 1834 2046 1887 deterit

2202 1828 2290 1881 καὶ
2311 1826 2572 1897 μηδαμῶς
2589 1826 2900 1895 γιγνόμενοι
2921 1825 3156 1895 χείρους,
3177 1825 3402 1894 φανεῳὶ
3425 1823 3552 1886 τέως
3568 1825 3659 1884 τοῖς
3677 1821 3729 1890 μὴ

521 1929 610 1967 res
639 1916 797 1978 liuut,
842 1916 920 1971 sic
965 1917 1178 1970 tandem
1211 1923 1608 1986 spectatoribus
1649 1932 1758 1978 tam
1806 1924 2045 1979 invisibil

2200 1915 2484 1984 βλέπουσιν
2549 1915 2726 1969 αὐτῶν
2787 1916 2883 1985 τὴν
2941 1916 3055 1978 ἕξιν
3110 1914 3364 1986 ἀοράτοις
3420 1916 3510 1966 καὶ
3560 1915 3727 1983 ὁρατοῖς

523 2001 624 2056 bus
670 2018 830 2070 quam
881 2007 1223 2074 visibilibus,
1269 2011 1359 2079 qui
1427 2027 1615 2066 eorunt
1678 2015 1921 2068 habitum
1987 2031 2050 2069 no

2199 2007 2416 2069 θεαταῖς
2459 2007 2722 2074 γένωνται
2747 2023 2760 2035 ο
2813 2009 2860 2058 οἱ
2913 2007 2956 2058 δ’
3001 2005 3260 2068 ἐναντίως
3302 2006 3398 2074 μὲν
3438 2005 3726 2074 διακείμενοι,

522 2091 801 2160 videbant,
842 2099 1115 2153 manifesti
1165 2101 1334 2164 ﬁant;
1368 2103 1461 2170 qui
1503 2119 1634 2158 vero
1685 2115 1870 2159 contra
1902 2122 1960 2161 se
1997 2108 2049 2160 h:

2196 2097 2515 2160 κλέπτοντες
2536 2097 2592 2150 δὲ
2619 2099 2716 2168 τὴν
2757 2099 2854 2168 τῆς
2885 2098 3082 2160 κακίας
3122 2096 3405 2159 ἐπίδειξιν,
3439 2095 3723 2164 ἐλεγχθέντες

521 2182 650 2236 hcnl
701 2194 755 2236 et
825 2187 969 2242 intus
1018 2190 1147 2242 vitia
1200 2192 1511 2256 occultant,
1557 2194 1664 2257 illi,
1715 2195 1903 2263 quales
1929 2196 2048 2267 _siul

2198 2187 2300 2240 ὑπὸ
2333 2187 2440 2240 τῶν
2470 2188 2874 2258 συμϐαινόντων
2907 2189 3076 2240 ὁποῖοί
3105 2191 3263 2249 εἰσιν,
3298 2189 3449 2241 αὐτοί
3478 2205 3532 2239 τε
3569 2185 3725 2237 ἑαυτῶν

521 2270 917 2327 calamitatibus
965 2277 1295 2342 prodantur,
1336 2288 1554 2348 tumque
1609 2290 1664 2334 el
1714 2295 1772 2336 se
1817 2281 1917 2348 ipsi
1969 2296 2044 2336 sol

2198 2277 2618 2346 συναισθηθῶσι,
2662 2281 2758 2332 καὶ
2812 2279 2958 2350 δῆλοι
3006 2281 3136 2343 τοῖς,
3190 2279 3240 2332 ἰν
3283 2278 3454 2342 οὕτως
3495 2277 3723 2346 ὀνομάσω,

521 2361 679 2428 tiant,
726 2373 782 2418 et
828 2370 1257 2436 spectatoribus,
1312 2381 1369 2424 ut
1413 2372 1492 2427 sic
1542 2373 1768 2442 loquar,
1817 2373 2046 2428 manifes

1463 2387 1492 2427 c
1542 2373 1768 2442 loquar,
1817 2373 2091 2428 manifesti
2197 2366 2415 2431 θεαταῖς
2443 2369 2728 2436 γένωνται.
2971 2367 2987 2378 ’

520 2452 674 2531 ﬂant.

589 2547 678 2601 32.
713 2547 967 2602 Testatur
996 2560 1176 2605 autent
1224 2551 1431 2608 Psaltes
1470 2553 1714 2608 tristiora
1747 2555 2089 2611 incommoda

2264 2554 2550 2624 Μαρτυρεῖ
2591 2553 2646 2606 δὲ
2686 2554 2714 2605 ὁ
2757 2554 3030 2624 ’Υμνῳδδς
3061 2553 3159 2624 τῷ,
3201 2555 3283 2608 ὅτι
3324 2554 3442 2625 θεία
3481 2552 3633 2618 κρίσει
3662 2553 3724 2603 αὖ·

518 2637 929 2706 divinojudicio
957 2659 984 2695 a
1018 2644 1172 2697 malis
1191 2646 1509 2714 quibusdam
1543 2647 1752 2715 angelis
1781 2648 2045 2717 importar

2195 2662 2286 2698 του
2296 2649 2503 2717 ργεῖται
2521 2645 2590 2698 τὰ
2606 2645 2736 2698 σκυθ
2747 2647 2955 2716 ρωπότε
2965 2664 3031 2715 ρα
3049 2647 3077 2697 ύ
3086 2648 3152 2699 πό
3168 2664 3330 2700 τινων
3347 2647 3580 2720 πονηρῶν
3595 2646 3700 2714 ἀγγέ
3710 2673 3722 2682 -

518 2727 662 2782 Misit
692 2731 743 2783 in
773 2747 881 2796 eos,
918 2733 1109 2802 inquit,
1129 2738 1262 2788 iram
1291 2737 1667 2805 indignationis
1692 2755 1822 2804 suas,
1842 2741 2045 2810 indignt

2195 2735 2300 2790 λων
2355 2738 2411 2788 ἐν
2459 2735 2556 2807 τῷ·
2622 2737 3007 2790 Ἀπέστειλεν
3063 2738 3174 2807 (12)
3205 2740 3289 2801 εὶς
3319 2740 3531 2804 αὐτοὺς
3575 2736 3720 2805 τ’ργήι·

519 2819 714 2872 tionem
731 2831 777 2873 et
799 2824 1448 2887 iram,ettribulationem,
1473 2827 1843 2881 immissionem
1873 2846 1966 2898 per
1996 2847 2046 2882 at

2195 2829 2385 2895 θυμοῦ
2431 2828 2639 2892 αὐτοῦ,
2693 2830 2905 2899 θυμὸν,
2964 2830 3060 2884 καὶ
3113 2829 3322 2899 ὀργὴν,
3379 2831 3473 2884 καὶ
3524 2827 3720 2898 θλῖςτιιν·

513 2910 655 2979 gelo:
690 2913 857 2968 malos
874 2916 938 2972 ’³.
961 2916 1040 2969 An
1077 2921 1252 2974 autem
1277 2920 1404 2988 quid
1427 2920 1574 2974 aliud
1610 2931 1804 2989 prater
1827 2923 1941 2976 hare
1971 2922 2037 2976 lia

2196 2919 2555 2986 ἀποστολὴν
2586 2921 2651 2973 δι’
2681 2919 2952 2990 ἀγγέλων
2986 2924 3287 2991 πονηρῶν.
3333 2924 3394 2976 Ei
3419 2923 3473 2976 δὲ
3518 2923 3598 2975 καὶ
3631 2920 3723 2976 ἄλλο

515 3018 636 3057 cum
673 3003 947 3058 licentiam
979 3008 1254 3072 accipiunt
1285 3010 1582 3077 daamones,
1608 3013 1697 3079 qui
1725 3012 1942 3082 quidem
1977 3013 2042 3067 ha

2200 3024 2248 3062 τι
2298 3011 2445 3082 παρά
2478 3010 2649 3065 ταῦτα
2689 3011 2921 3079 γίνεται,
2966 3013 3044 3065 ὅθ’
3086 3016 3134 3066 oi
3170 3015 3426 3085 δαίμονες
3464 3015 3727 3084 ἐπιτρέπον-

513 3109 731 3162 semper
771 3094 952 3150 facere
985 3099 1188 3164 volunt,
1221 3109 1276 3153 at
1306 3117 1411 3156 non
1443 3117 1660 3172 semper
1684 3113 1932 3173 possunt,
1965 3119 2032 3173 qu

2199 3115 2304 3168 ται,
2341 3103 2426 3154 ἀεὶ
2461 3103 2560 3172 μὲν
2588 3102 2903 3172 βουλόμενοι
2929 3103 3103 3157 ταῦτα
3131 3109 3333 3172 ποιεῖν,
3355 3109 3454 3159 οὐκ
3485 3108 3562 3159 ἀεὶ
3589 3106 3634 3156 δὲ
3659 3104 3726 3155 δυ-

513 3183 894 3253 prohibentur,
909 3189 1179 3255 expendat
1207 3189 1298 3242 ille
1313 3193 1426 3258 qtti,
1445 3200 1710 3259 quanttnn
1733 3192 1966 3261 humana
1988 3193 2035 3245 l‘e

2198 3193 2414 3265 νάμενοι
2461 3194 2565 3246 atat
2586 3194 2644 3246 τὸ
2675 3193 3008 3248 κωλύεσθαι·
3051 3197 3080 3248 ό
3121 3195 3423 3266 δυνάμενος
3460 3193 3725 3260 ἐξεταζέτω,

514 3285 731 3338 natura,
764 3287 938 3346 potest
968 3279 1273 3347 intelligere
1303 3296 1413 3348 quo
1443 3283 1627 3336 divino
1665 3283 1868 3352 judicio
1908 3286 2041 3338 mult

2198 3287 2289 3358 τὴν
2323 3286 2472 3338 θείαν
2503 3287 2704 3356 κρίσιν,
2731 3285 2872 3339 κατά
2900 3287 2960 3338 τὸ
2991 3286 3216 3341 δυνατὸν
3247 3288 3555 3359 ἀνθρωπίνῃ
3583 3284 3725 3355 φύσει,

513 3367 726 3431 animae,
767 3369 952 3422 relicto
979 3385 1224 3438 corpore,
1259 3373 1480 3438 pervias
1511 3376 1807 3428 acervatim
1841 3391 2039 3430 curran

2199 3376 2593 3447 φανταζόμενος
2646 3379 2773 3448 ’περὶ⁸
2819 3377 3020 3448 ἀθρόας
3062 3377 3274 3431 πολλῶν
3317 3378 3499 3450 ψυχῶν
3533 3377 3726 3431 ἀπαλλα-

511 3472 632 3526 qua:
683 3468 884 3512 certam
919 3461 983 3512 ad
1019 3472 1249 3515 mortem
1311 3465 1634 3532 perducunt.
1694 3465 1886 3535 Magna
1945 3469 2028 3520 eui

2197 3469 2295 3538 γῆς
2321 3465 2441 3521 ’ἀπὸ
2468 3458 2746 3538 σώματος,
2781 3469 3020 3521 τοιαῖσδε
3061 3473 3182 3532 ταῖς
3212 3471 3306 3523 ἐπὶ
3350 3470 3442 3524 τδν
3481 3469 3619 3540 μέσον
3652 3467 3724 3538 θά-

514 3555 643 3600 sunt
676 3549 992 3613 Deijutlicia
1019 3551 1100 3615 ⁸ο,
1154 3562 1210 3606 et
1255 3564 1474 3624 propter
1516 3571 1703 3610 eorum
1769 3558 2041 3626 ntagnitud

2197 3575 2348 3611 νατον
2395 3558 2685 3628 φερούσαις
2730 3558 2870 3620 ὁδοῖς
2913 3557 3234 3629 χρωμένων.
3269 3562 3382 3611 Καὶ
3410 3560 3513 3629 γὰρ
3540 3557 3724 3628 μεγάλαι

512 3652 634 3690 nem
658 3637 748 3691 illa
775 3641 988 3708 corpori
1024 3641 1223 3710 illigata
1250 3659 1400 3699 mens
1428 3661 1534 3699 non
1557 3656 1735 3714 potest
1759 3650 1974 3717 aSchtti
2000 3651 2039 3681 ⁶¹

2195 3649 2294 3720 μὲν
2333 3651 2389 3702 αί
2419 3651 2624 3720 κρίσεις
2651 3649 2742 3702 τοῦ
2775 3649 2909 3702 Θεοῦ
2947 3653 3073 3716 είσι,
3103 3653 3200 3704 καὶ
3240 3652 3331 3705 διὰ
3354 3652 3415 3704 τὸ
3449 3651 3645 3724 μέγεθος
3675 3647 3722 3699 οὐ

511 3726 654 3782 unde
675 3743 797 3782 cum
834 3728 1072 3784 difﬁcilia
1105 3732 1375 3801 explicatu
1407 3746 1553 3798 sunt,
1591 3746 1702 3790 tum
1755 3738 1822 3790 ab
1867 3740 2038 3808 imper

2198 3741 2434 3812 χωρηταὶ
2463 3741 2557 3812 νῷ,
2598 3740 2672 3811 τῷ
2707 3740 2786 3793 ἔτι
2826 3741 3153 3812 ἐνδεδεμένῳ
3190 3741 3372 3812 Θνητῴ
3415 3741 3629 3811 σώματι-
3665 3738 3725 3788 ac},

514 3818 583 3872 tis
614 3819 905 3876 animabus
942 3837 1008 3877 ne
1057 3825 1343 3879 minimum
1385 3827 1600 3895 quidem
1665 3839 1887 3897 possunt
1934 3833 2041 3888 inte

2198 3834 2285 3886 καὶ
2319 3832 2661 3902 δυσδιήγητοι
2691 3832 3069 3902 τυγχάνουσιν,
3118 3833 3466 3895 ἀπαιδεύτοις
3495 3833 3545 3884 δὲ
3567 3829 3725 3900 ψυχαῖς

512 3909 623 3980 ligi.
656 3913 834 3982 Atque
865 3914 989 3968 hinc
1016 3915 1074 3970 lit
1107 3926 1167 3971 ut
1205 3920 1481 3973 temerarii
1514 3921 1757 3989 quidam,
1791 3923 1905 3977 hzec
1939 3923 2039 3995 ignt

2199 3925 2298 3976 οὐδ’
2332 3923 2425 3976 ἐπὶ
2467 3924 2630 3978 ποσὸν
2663 3923 2966 3994 θεωρηταίο
3003 3924 3082 3976 διδ
3120 3925 3213 3976 καλ⁸
3256 3925 3306 3977 οί
3353 3923 3726 3994 προπετέστεροι

511 4011 716 4068 rantes,
756 4007 1046 4061 temerario
1071 4008 1122 4062 in
1152 4007 1504 4066 Divinitatem
1569 4013 1771 4082 impetu
1820 4014 2038 4072 invehat

2201 4020 2256 4088 τῇ
2291 4019 2418 4087 περὶ
2444 4015 2616 4068 ταῦτα
2653 4017 2847 4086 ἀγνοίᾳ
2874 4017 2967 4068 καὶ
3011 4019 3077 4086 τῇ
3107 4016 3198 4068 διὰ
3221 4017 3320 4087 τὴν
3351 4017 3645 4088 προπέτειαν
3666 4012 3728 4070 είς

511 4103 616 4159 tur,
651 4096 834 4165 sicque
868 4097 1060 4166 impias
1084 4111 1316 4168 augeant
1342 4103 1626 4172 opiniones
1647 4121 1766 4175 qua}
1792 4106 2038 4163 Provide:

2199 4108 2252 4160 τὸ
2283 4107 2440 4160 Θεῖον
2471 4107 2760 4177 ἐπιστασίᾳ
2783 4105 3003 4171 αὔξουσι
3032 4107 3099 4159 τὰ
3129 4108 3304 4177 ἀσεϐῆ
3338 4109 3473 4162 κατά
3507 4108 3587 4176 τῆς
3609 4105 3726 4173 Προ-

511 4183 642 4237 tiam
690 4185 906 4240 tollunt.
956 4187 1076 4242 Non
1135 4191 1304 4261 igitur
1343 4208 1370 4246 a
1408 4195 1743 4253 da’monibus
1789 4201 2038 4270 accipimt

2201 4200 2342 4264 νοίας
2381 4201 2644 4271 δόγματα.
2687 4201 2762 4252 Οὐ
2799 4199 2950 4270 παρά
2981 4199 3251 4270 δαιμόνων
3292 4197 3386 4254 οὖν
3427 4202 3608 4254 ’ἐκαστα
3639 4195 3728 4246 τῶν

509 4277 774 4346 quidquid
811 4278 862 4332 in
899 4295 1053 4334 usum
1079 4281 1240 4350 hujus
1267 4285 1391 4339 vita:
1430 4287 1596 4354 cedit,
1643 4304 1741 4344 nos
1783 4294 2028 4361 praeserti

2199 4295 2274 4358 είς
2323 4294 2421 4357 τὰς
2483 4291 2740 4363 βιωτικάς
2783 4292 2972 4363 χρείας
3016 4293 3390 4364 λαμϐάνομεν,
3444 4292 3646 4363 μάλιστα
3689 4286 3726 4335 οἱ

505 4369 595 4432 qui
640 4370 724 4423 his
763 4371 928 4426 rebus
957 4387 1018 4426 ea
1047 4387 1152 4442 qua
1187 4391 1286 4444 par
1313 4386 1395 4432 est
1439 4379 1648 4435 ratione
1676 4383 1750 4435 uti
1777 4383 2032 4440 didicimu

2202 4386 2424 4450 δεόντως
2478 4387 2660 4448 αὐτοῖς
2711 4385 2948 4456 χῄσθαι
2993 4385 3408 4457 μεμαθηκότες·
3452 4383 3556 4438 οὐδὲ
3602 4394 3729 4433 συνε·

506 4456 693 4528 Neque
735 4463 878 4515 enim
911 4464 1246 4522 daemonibus
1301 4469 1610 4539 epulantur,
1670 4473 1764 4542 qui
1814 4474 2028 4548 frugibu

2198 4478 2445 4532 στιῶνται
2473 4479 2720 4549 δαίμοσιν
2748 4478 2797 4530 οἱ
2828 4478 2996 4540 σίτου,
3017 4479 3110 4530 καὶ
3135 4478 3304 4540 οἴνου,
3330 4480 3422 4531 καὶ
3437 4471 3725 4546 ἀκροδρύων,

505 4549 651 4614 vino,
694 4553 950 4609 arborum
984 4555 1272 4624 fructibus,
1337 4576 1476 4630 aqua
1531 4575 1584 4618 et
1613 4581 1741 4620 aere
1791 4567 2032 4626 l'ruuntm

2203 4571 2288 4624 ttat
2323 4569 2533 4632 ὕδατος,
2566 4568 2660 4622 καὶ
2694 4568 2855 4638 ἀέρος
2900 4569 3431 4640 μεταλαμϐάνοντες,
3472 4565 3592 4620 ἀλλὰ
3626 4560 3730 4632 μάλ.

505 4642 602 4696 sed
633 4645 810 4712 potius
837 4661 959 4699 cum
992 4650 1195 4705 divinis
1225 4653 1434 4721 angelis
1456 4695 1471 4717 ,
1511 4659 1711 4725 quibus
1744 4661 1936 4716 horum
1965 4678 2032 4719 on

2205 4675 2280 4716 κον
2315 4662 2478 4724 θείοις
2505 4661 2755 4729 ἀγγέλοις
2794 4664 2904 4724 τοῖς
2943 4662 3035 4713 ἐπὶ
3067 4660 3177 4714 τῶν
3215 4660 3466 4715 τοιούτων
3499 4653 3732 4723 τεταγμέ-

506 4733 654 4787 nium
696 4751 826 4788 cura
860 4740 1116 4794 mandata
1147 4752 1252 4806 est,
1291 4746 1491 4815 quique
1523 4749 1686 4803 veluti
1723 4763 1988 4810 vocantur
2018 4776 2033 4809 ι

2205 4773 2321 4820 θοις,
2357 4755 2552 4817 οἵτινες
2586 4754 2825 4824 ὡσπερεὶ
2857 4752 3148 4806 καλοῦνται
3195 4754 3288 4806 ἐπὶ
3318 4755 3416 4824 τὴν
3459 4751 3624 4805 ἑστίαν
3654 4745 3732 4798 τοῦ

507 4839 747 4878 mensam
786 4827 858 4896 pii
896 4829 1151 4896 hominis,
1177 4834 1525 4900 obsequentis
1554 4844 1791 4896 sermoni
1847 4848 1938 4913 qui
1985 4848 2034 4902 ιι.

2206 4846 2465 4909 ιύσεϐοὖς,
2503 4847 2595 4899 καὶ
2628 4844 2959 4908 ἀκούσαντος
2999 4844 3093 4897 τοῦ
3124 4845 3463 4907 διδάσκοντος
3496 4842 3644 4908 λόγου
3679 4837 3733 4889 ei

505 4923 593 4966 cet
618 4931 634 4968 :
664 4914 783 4968 Sive
829 4921 1185 4986 manducatis,
1219 4925 1324 4978 sive
1365 4928 1561 4990 bibitis.
1617 4933 1725 4985 sive
1771 4937 1898 5000 quid
1934 4938 2032 4990 alit

2204 4939 2390 4992 τοιάδε-,ο
2433 4939 2569 4991 Εἴτε
2595 4938 2849 4999 ἐσθίετε,
2881 4938 3000 4991 εἴτε
3040 4939 3264 5001 πίνετε,
3299 4938 3416 4990 εἴτε
3449 4954 3494 4988 τι
3517 4931 3731 4986 ποιεῖτε.

504 5004 703 5072 facitis,
774 5011 952 5064 omnia
991 5013 1047 5065 in
1079 5013 1300 5081 gloriam
1368 5016 1463 5072 Dei
1519 5021 1756 5089 facile".
1791 5025 1856 5079 Et
1895 5045 2031 5082 τηε-ει

2208 5029 2382 5082 τάντα
2411 5032 2492 5095 είς
2536 5029 2713 5094 δόξαν
2749 5027 2897 5083 Θεοῦ
2929 5030 3168 5083 ποιεῖτε.
3203 5029 3315 5081 Καὶ
3349 5029 3500 5084 πάλιν
3531 5026 3589 5076 ἐν
3615 5021 3735 5088 illi?

506 5095 614 5149 alio
642 5098 694 5151 in
727 5097 844 5153 loco
869 5101 1130 5170 scriptum
1165 5117 1250 5160 est
1281 5124 1293 5161 :
1325 5107 1515 5163 Omnia
1546 5115 1599 5166 in
1627 5117 1837 5169 nomine
1868 5117 1961 5173 Dei
1995 5121 2033 5188 ft

2206 5122 2336 5192 τόπῳ
2387 5125 2598 5175 κεῖται’
2659 5119 2865 5175 Πάντα
2909 5122 2979 5174 ὲν
3025 5123 3270 5190 ὀνόματι
3321 5119 3463 5175 Θεοῦ
3515 5113 3733 5170 ποιεῖτε.

503 5187 860 5284 τέιο⁶³ἶίίιξεο
887 5208 1007 5247 cum
1043 5196 1093 5248 in
1128 5199 1352 5268 gloriam
1421 5205 1584 5277 766
1635 5208 1726 5261 Dei
1786 5187 2030 5264 Inanduc:

2208 5187 2319 5268 Ὀτε
2347 5211 2439 5268 οὖν
2475 5219 2554 5281 είς
2586 5216 2742 5282 δόξαν
2785 5215 2919 5268 Θεοῦ
2953 5187 3352 5284 ἐσθίομεν,’καὶ
3390 5215 3623 5283 πίνομεν,
3659 5204 3735 5259 καὶ

504 5291 644 5341 mus,
685 5279 938 5352 bibimus,
980 5290 1312 5358 respiramus
1340 5333 1356 5360 ,
1403 5307 1458 5349 et
1493 5298 1544 5351 in
1575 5300 1830 5355 omnibus
1887 5304 2031 5358 ratio,

2205 5307 2560 5378 ὶναπνέομεν,
2595 5308 2688 5360 καὶ
2722 5307 2866 5361 κατά
2893 5310 2987 5363 τὸν
3029 5308 3186 5376 λόγον
3219 5308 3395 5361 πάντα
3431 5305 3732 5377 πράττομεν.

505 5431 1125 5566 ηιρτῦἷιονὶικῖιὲοίὲιᾶ
1165 5446 1425 5569 δέῗίιιιιιι.
1462 5453 1684 5519 Vttt,52.
1760 5453 1804 5488 Ia
1828 5457 1971 5513 p53].
2006 5475 2209 5525 “xm,
2243 5462 2331 5518 ‘0.
2408 5463 2452 5494 σο
2476 5463 2602 5532 ειη).
2637 5478 2769 5528 "ll,
2809 5465 2853 5518 ι,
2900 5459 3108 5517 upr
3162 5479 3325 5531 “xv,
3349 5463 3396 5517 7.
3467 5461 3510 5493 σε
3541 5457 3731 5514 colo“.

509 5684 627 5822 tisi:
646 5685 695 5752 1)
743 5686 1016 5754 Ὀμδιτεῖν.
1055 5693 1246 5752 cuieto
1271 5697 1614 5754 scribendum
1651 5699 1863 5755 videtur
1916 5703 2036 5774 ὁμοί

1553 5715 1614 5754 Im
1651 5699 1863 5755 videtur
1916 5703 2082 5774 ὁμορ-
2263 5706 2374 5778 (l2)
2409 5707 2655 5780 Vulgata,
2687 5705 3080 5773 ἐξαπέστειλεν.
