3872 6552
150 413 294 479 1565

1332 420 1612 478 CONTRA
1645 419 1922 478 CELSUM
1954 417 2081 476 LIB.
2125 417 2259 477 VIII.

3291 421 3311 474 I
3325 419 3427 474 366

147 545 328 598 οὐδενὶ
358 543 478 598 τῶν
518 539 788 615 δαιμόνων
823 541 1244 614 συνεστιώμεθα,
1280 543 1414 597 ἀλλὰ
1444 547 1554 608 τοῖς
1586 543 1748 606 Θείοις

1858 543 2290 614 paremus,nullo
2319 557 2444 598 cum
2475 541 2847 609 dzemone,sed
2867 556 2988 597 cum
3004 539 3202 597 divinis
3226 537 3434 606 angelis

148 637 433 706 ἀγγέλοις.
464 636 577 690 Καὶ
602 637 710 706 γὰρ
747 635 870 690 πᾶν
904 637 1122 706 κτίσμα
1145 636 1292 690 Θεοῦ
1323 636 1514 690 καλὸν
1530 636 1627 688 καὶ
1658 638 1751 689 οὑσ

146 727 259 782 δὲν
288 730 670 795 ἀπόϐλητον,
691 731 814 797 μετ’
840 729 1230 796 εὐχαριστίας
1259 729 1715 796 λαμϐανόμενον
1732 743 1744 755 ·

149 819 458 889 ἁγιάζεται
491 819 598 890 γὰρ
623 819 720 873 διὰ
749 822 934 888 λόγου
959 819 1107 873 Θεοῦ
1136 819 1232 872 καὶ
1264 818 1604 884 ἐντεύξεως.
1637 817 1749 870 Οὐκ

152 911 217 964 ἂν
269 910 316 963 δ’
359 907 460 964 οῦν
525 909 707 974 καλὸν,
754 911 874 963 οὐδὲ
923 910 1145 965 δυνατδν
1176 909 1518 979 ἁγιάξεσθαι,
1554 909 1623 970 εί,
1675 906 1750 969 ὡς

147 1003 365 1066 Κέλσος
428 1003 640 1067 οἴεται,
689 1003 907 1074 δαίμοσι
947 1003 1121 1056 ταῦτα
1164 1000 1232 1074 ἦν
1278 1001 1747 1074 προστεταγμένα.

231 1097 332 1148 Ἐκ
390 1096 602 1149 τούτων
655 1096 710 1149 δὲ
771 1095 971 1166 δῆλον,
1029 1097 1112 1150 ὅτι
1170 1097 1264 1148 καὶ
1319 1095 1456 1166 πρὸς
1500 1095 1568 1147 τὰ
1622 1093 1750 1161 ἑξῆς

147 1188 300 1258 αὐτῷ
365 1188 677 1259 λελεγμένα
726 1189 1122 1259 άπηντήσαμεν
1176 1187 1348 1250 οὕτως
1411 1186 1630 1256 ἔχοντα’
1687 1186 1752 1238 Ἢ

148 1280 364 1333 τοίνυν
391 1276 630 1348 οὐδαμῆ
659 1277 934 1347 οὐδαμῶς
951 1278 1223 1342 βιωτέον,
1247 1276 1389 1330 οὐδὲ
1423 1275 1564 1344 τῇδε
1583 1292 1752 1344 παρι-

148 1367 388 1435 τητέον,
470 1367 509 1436 ἢ
560 1367 667 1421 τὸν
713 1368 811 1421 ἐπὶ
857 1367 1056 1420 τοῖσδε
1099 1367 1471 1435 παρελθόντα
1509 1369 1594 1432 εὶς
1645 1366 1754 1420 τὸν

149 1461 310 1523 βίον,
355 1459 610 1528 δαίμοσι
655 1459 780 1525 τοῖς
823 1459 895 1512 τὰ
927 1459 1025 1511 ἐπὶ
1067 1457 1177 1528 γῆς
1219 1458 1534 1526 είληχόσιν
1571 1460 1749 1527 εὐχα-

149 1546 499 1615 ριστητέον,
553 1547 651 1601 καὶ
701 1549 976 1616 ἀπαρχὰς
1031 1548 1130 1601 καὶ
1175 1548 1358 1617 εὐχὰς
1402 1547 1750 1615 ἀποδοτέον,

150 1641 260 1707 ἕως
305 1642 386 1694 ἄν
430 1640 640 1710 ζῶμεν,
688 1642 768 1707 ὼς
806 1641 884 1697 ἂν
921 1643 1354 1711 φιλανθρώπων
1391 1642 1590 1698 αὐτῶν
1619 1663 1752 1714 τυγ-

151 1731 467 1801 χάνωμεν.
522 1734 631 1786 Καὶ
691 1733 916 1804 βιωτέον
964 1733 1058 1790 οῦν
1108 1739 1259 1808 ἡμῖν,
1320 1737 1414 1790 καὶ
1457 1737 1597 1790 κατὰ
1661 1737 1751 1791 τὸν

150 1822 307 1890 λόγον
349 1822 450 1874 τοῦ
506 1823 641 1876 Θεοῦ
691 1824 930 1893 βιωτέον,
977 1828 1100 1880 ὅσον
1145 1822 1256 1880 οἶόν
1310 1845 1367 1880 τε
1414 1827 1506 1880 καὶ
1553 1827 1751 1880 δίδοται

153 1915 270 1964 κατ’
309 1913 483 1966 αὐτὸν
535 1914 715 1983 βιοῦνο
767 1916 963 1970 δίδοται
997 1917 1052 1969 δὲ
1096 1919 1188 1970 καὶ
1219 1920 1306 1971 ὅτε
1348 1919 1444 1970 εἴτ’
1477 1919 1746 1988 ἐσθίομεν,

155 2003 262 2056 εἴτε
309 2005 570 2075 πίνομεν,
607 2007 780 2060 πάντα
821 2010 899 2070 εἰς
941 2009 1096 2073 δόξαν
1146 2008 1278 2064 Θεοῦ
1323 2010 1601 2082 ποιοῦμεν.
1643 2012 1750 2064 Καὶ

155 2096 215 2150 οὐ
257 2100 633 2168 παραιτητέον
663 2101 790 2170 ἡμῖν
841 2102 902 2154 τὸ
949 2102 1180 2172 χρῆσθαι
1231 2103 1346 2173 μετ’
1401 2104 1750 2175 εὐχαριστίας

154 2188 253 2258 τῆς
291 2191 438 2262 πρὸς,
463 2193 556 2245 τὸν
589 2194 846 2248 κτίσαντα
872 2199 982 2260 τοῖς
1011 2196 1075 2248 δι’
1110 2199 1254 2268 ἡμᾶς
1288 2199 1452 2252 αὐτοῦ
1491 2200 1752 2271 δημιουρ-

157 2281 391 2351 γήμασι.
440 2285 556 2336 Καὶ
605 2285 698 2337 ἐπὶ
753 2287 926 2339 τοῖσδε
984 2289 1182 2358 μᾶλλον
1235 2291 1596 2362 παρήχθημεν
1647 2293 1750 2344 ὑπὸ

157 2371 247 2424 τοῦ
279 2372 416 2426 Θεοῦ
453 2377 537 2438 είς
585 2377 674 2428 τὸν
711 2376 881 2446 βίονῆ
917 2379 1000 2447 ἐφ’
1045 2376 1125 2443 οἷς
1170 2381 1376 2444 Κέλσος
1408 2382 1611 2436 οἴεται·
1657 2384 1750 2436 καὶ

161 2467 255 2535 οὐχ
284 2467 631 2538 ὐποκείμεθά
662 2487 724 2538 γε
755 2469 1024 2540 δαίμοσιν,
1073 2472 1206 2526 ἀλλὰ
1237 2472 1314 2544 τῷ
1350 2474 1442 2524 ἐπὶ
1471 2477 1600 2526 πᾶσι
1631 2473 1750 2543 Θεῷ

162 2559 246 2610 διὰ
290 2560 386 2612 τοῦ
444 2561 595 2630 ἡμᾶς
643 2562 1080 2633 προσαγαγόντος
1111 2563 1286 2634 Ἰησοῦ
1343 2564 1435 2616 τοῦ
1489 2564 1744 2634 Χριστοῦ.

166 2649 271 2702 Καὶ
319 2652 464 2704 κατὰ
523 2653 718 2722 νόμους
761 2653 869 2723 (15)
907 2653 1003 2722 μὲν
1033 2653 1167 2707 Θεοῦ
1197 2655 1371 2718 οὐδεὶς
1413 2654 1750 2725 εἳζληχεοδαί-

168 2756 280 2811 μων
315 2741 385 2793 τὰ
417 2744 516 2794 ἐπὶ
545 2743 676 2812 γῆς·
713 2745 799 2798 διὰ
835 2745 891 2796 δὲ
928 2745 1026 2816 τὴν
1058 2745 1206 2814 σφῶν
1234 2747 1574 2817 παρανομίαν
1604 2746 1743 2816 τάχα

171 2834 264 2903 μὲν
287 2835 474 2900 αὐτοῖς
507 2836 763 2888 διείλοντο
809 2836 918 2905 (14)
961 2837 1086 2898 τοὺς
1135 2837 1351 2900 τόπους,
1383 2837 1508 2890 ἔνθα
1547 2837 1750 2909 ἐρημία

167 2925 564 2993 ἐπιγνώσεως
596 2927 730 2980 Θεοῦ
763 2927 856 2980 καὶ
893 2925 988 2980 τοῦ
1012 2930 1133 2980 κατ’
1166 2928 1326 2982 αὐτὸν
1367 2929 1504 2998 βίου,
1557 2929 1587 2998 ἦ
1622 2929 1748 2982 ἔνθα

169 3016 326 3080 πολύς
353 3021 505 3072 ἐστιν
540 3020 567 3070 ὁ
595 3019 692 3089 τῆς
719 3019 1004 3091 Θειότητος
1043 3019 1318 3089 ἀλλότριος
1339 3038 1350 3049 ·
1387 3022 1525 3090 τάχα
1555 3021 1632 3086 δὲ,
1672 3021 1748 3086 ὡς

169 3107 302 3172 ἄξιοι
330 3109 439 3163 τῶν
491 3111 744 3182 πονηρῶν
793 3111 1080 3163 ἐπιστάται
1128 3112 1220 3163 καὶ
1262 3108 1516 3164 κολασταὶ
1547 3112 1744 3176 αὐτῶν,

1853 634 2156 703 epulamur.
2186 634 2324 688 Nam
2347 635 2516 687 omnis
2543 645 2792 688 creatura
2814 633 2906 688 Dei
2925 635 3058 686 bona
3080 642 3175 697 est,
3207 641 3255 684 et
3297 627 3431 680 nillil

1855 726 2196 795 rejieiendum
2223 726 2362 795 quod
2396 742 2514 778 cum
2561 727 2855 794 gratiarum
2885 725 3087 778 actione
3107 723 3430 790 percipitur;

1853 817 2217 884 sancti/iratur
2239 818 2373 870 enim
2408 834 2499 880 per
2526 818 2732 871 verbum
2759 816 2851 869 Dei
2867 827 2913 870 et
2937 815 3224 870 orationem
3247 813 3314 864 “.
3333 814 3428 865 At-

1853 909 2068 978 quiuec
2102 909 2241 961 bona
2275 917 2440 973 esset,
2469 924 2566 962 nec
2590 905 3148 977 possetsanctilicari,
3171 905 3214 960 si
3234 904 3426 958 horum

1853 1015 2006 1064 cura,
2040 1010 2093 1052 ut
2128 1009 2281 1068 putat
2304 1000 2512 1064 Celsus,
2545 1001 2879 1052 dzemonihus
2899 999 3090 1053 fuisset
3117 998 3424 1052 commissa.

1922 1095 2010 1148 55.
2045 1093 2120 1146 Ex
2154 1093 2237 1146 his
2269 1093 2443 1161 palam
2474 1101 2557 1146 est
2585 1090 2696 1159 jam
2728 1108 2754 1143 a
2790 1092 2943 1144 nobis
2995 1105 3280 1144 occursum
3309 1104 3430 1144 esse

1854 1185 1942 1250 iis,
1984 1200 2106 1253 qua:
2139 1195 2321 1253 postea
2369 1184 2499 1237 dicit
2545 1185 2628 1237 his
2673 1180 2807 1250 ipsis
2857 1182 3081 1236 verbis:
3120 1183 3222 1234 Aut
3267 1183 3430 1251 igitur

1853 1294 1956 1330 non
1980 1278 2248 1330 vivendum
2275 1277 2505 1336 omnino,
2537 1291 2627 1328 nec
2664 1276 2714 1326 in
2751 1275 2885 1326 hanc
2916 1277 3073 1327 vitum
3121 1275 3427 1328 veniendum

1853 1377 1948 1430 est,
1977 1377 2067 1419 aut
2105 1367 2385 1420 venientem
2425 1368 2505 1420 his
2533 1366 2922 1419 conditionibus
2969 1374 3171 1433 oportet
3226 1367 3426 1421 dieme-

1854 1459 2027 1522 nibns,
2065 1459 2155 1528 qni
2195 1458 2416 1512 terrenis
2469 1459 2623 1511 rebus
2684 1467 2956 1525 prwsunt,
2998 1462 3200 1528 gratias
3251 1475 3424 1529 agere,

1853 1551 2112 1616 primitias
2137 1559 2186 1602 et
2208 1566 2406 1618 preces,
2450 1551 2684 1618 quandiu
2711 1551 2959 1616 vivemus,
2989 1549 3198 1618 offerre,
3233 1559 3288 1603 ut
3311 1550 3427 1604 illos

1855 1641 2108 1708 beneﬁcos
2135 1643 2489 1709 experiamur.
2525 1642 2820 1695 Vivendum
2875 1652 3023 1696 certe
3063 1641 3218 1696 nobis
3258 1651 3310 1696 et
3359 1656 3426 1696 ex

1859 1731 2017 1786 Verbi
2054 1735 2146 1786 Dei
2181 1734 2496 1802 prtescripto
2555 1733 2865 1797 vivendum,
2932 1741 3192 1800 quantum
3253 1733 3428 1801 possi-

1859 1826 1964 1878 bile
1989 1834 2141 1879 estet
2174 1836 2438 1894 quantum
2471 1841 2537 1879 ex
2569 1825 2711 1878 illius
2765 1825 3083 1894 praescripto
3115 1825 3298 1880 vivere
3330 1826 3429 1879 da-

1857 1927 1962 1972 tur.
1993 1918 2164 1971 Datur
2193 1929 2398 1979 autem,
2434 1933 2555 1970 cum
2597 1918 2712 1970 sive
2739 1918 3146 1981 manducemus,
3192 1917 3304 1970 sive
3339 1918 3428 1970 bi-

1850 2012 2062 2076 bamus,
2093 2010 2271 2063 omuia
2311 2011 2361 2063 in
2392 2010 2612 2080 gloriam
2649 2009 2740 2063 Dei
2770 2009 2995 2064 faciams
3028 2028 3042 2062 :
3076 2025 3246 2079 neque
3263 2013 3425 2063 etiam

1853 2103 2210 2157 recusandum
2241 2103 2398 2156 nobis
2422 2111 2506 2157 cst
2535 2103 2610 2155 uti
2639 2102 2798 2156 rebus
2828 2112 3048 2172 propter
3076 2117 3173 2155 nos
3201 2103 3424 2161 creatis.

1852 2193 2058 2262 gratias
2087 2193 2296 2262 agendo
2335 2191 2600 2246 Creatori.
2627 2192 2801 2259 Atque
2836 2191 2919 2244 his
2951 2192 3130 2260 potius
3161 2191 3428 2245 conditio-

1853 2283 2029 2349 nibus,
2057 2299 2219 2354 quam
2250 2284 2354 2345 eis,
2392 2284 2587 2352 quibus
2611 2283 2804 2338 Celsus
2828 2284 3122 2347 existimat,
3161 2282 3302 2336 Deus
3329 2297 3428 2336 nos

1851 2375 1908 2428 in
1942 2376 2080 2428 hanc
2110 2377 2272 2429 vitam
2299 2377 2572 2444 produxit.
2601 2375 2709 2430 Nec
2737 2391 2868 2430 sane
2917 2377 3285 2439 daemonibus,
3333 2375 3425 2429 sed

1849 2482 2061 2521 summo
2096 2467 2206 2520 Deo
2239 2467 2441 2522 subditi
2472 2483 2659 2522 sumus
2690 2483 2785 2537 per
2805 2465 2989 2521 Jcsum
3014 2468 3426 2536 Christum,qui

1851 2573 1950 2612 nos
1979 2559 2044 2612 ad
2079 2559 2225 2612 illum
2258 2559 2502 2614 adduxit.
2559 2557 2742 2628 Neque
2771 2574 2900 2613 vero
2952 2575 3017 2614 ex
3070 2558 3162 2612 Dei
3221 2558 3427 2630 legibus

1850 2648 1989 2702 ullus
2016 2649 2224 2704 dzemon
2257 2651 2417 2704 rebus
2463 2650 2690 2704 terrenis
2725 2650 3012 2720 prresidet;
3049 2652 3140 2705 sed
3185 2667 3283 2720 pro
3329 2667 3424 2706 sua

1851 2742 2127 2812 impietate
2169 2743 2414 2812 quaedam
2446 2741 2676 2798 fortasse
2709 2745 2811 2798 sibi
2844 2745 3122 2814 elegerunt
3177 2744 3294 2798 loca
3335 2746 3426 2798 ubi

1848 2837 1994 2890 nulla
2027 2845 2112 2892 est
2146 2837 2238 2890 Dei
2273 2837 2501 2904 vitaéqne
2553 2819 2667 2890 Deo
2717 2847 2953 2906 accepta:
3025 2837 3282 2906 cognitio,
3337 2849 3426 2890 aut

1852 2930 1940 2984 ubi
1977 2930 2129 2984 Imilti
2163 2941 2290 2984 sunt
2318 2931 2620 2984 divinitatis
2651 2929 2872 2995 hostes;
2912 2934 3051 2984 forte
3096 2932 3262 2985 etiam
3289 2945 3419 3000 quo-

1851 3023 1993 3076 niam
2027 3023 2168 3092 digui
2216 3032 2342 3075 sunt
2367 3023 2457 3089 qui
2496 3022 2652 3075 malis
2679 3022 2924 3091 praesint,
2953 3037 3152 3092 eosque
3179 3023 3424 3092 puniant,

1852 3111 2083 3167 Verbum
2117 3111 2261 3183 quod
2307 3114 2446 3181 regit
2479 3115 2661 3166 omnia
2697 3113 2841 3168 dedit
2885 3113 2988 3167 illis
3019 3115 3071 3167 iu
3104 3129 3198 3169 eos
3224 3114 3429 3183 princi-

170 3198 268 3252 ὑπὸ
305 3200 398 3253 τοῦ
433 3201 762 3265 διοικοῦντος
792 3203 858 3254 τὰ
887 3203 983 3255 ὅλα
1019 3203 1191 3271 Λόγου
1231 3203 1534 3274 ἐτάχθησαν
1561 3204 1748 3274 ἄρχειν

1858 3213 2062 3275 patum,
2101 3203 2189 3272 qui
2226 3204 2339 3258 vitii
2389 3205 2566 3274 potius
2621 3219 2784 3272 quam
2822 3203 2916 3258 Dei
2954 3206 3177 3274 imperio
3221 3220 3280 3258 se
3328 3206 3428 3275 ipsi

169 3289 271 3344 τῶν
297 3293 530 3356 ἑαυτοὺς
562 3293 942 3358 ὐπσταξάντων
974 3298 1039 3365 τῇ
1069 3295 1255 3365 κακίᾳ,
1289 3297 1381 3348 καὶ
1404 3296 1469 3348 οὐ
1494 3295 1572 3364 τῷ
1609 3296 1743 3366 Θεῷ.

171 3381 274 3435 Καὶ
313 3383 402 3436 διὰ
436 3384 664 3437 τοιαῦτα
698 3385 754 3437 δὲ
799 3384 1004 3448 Κέλσος
1049 3386 1166 3455 μὲν,
1215 3368 1290 3448 ὡς
1342 3386 1552 3454 ἀγνοῶν
1596 3387 1747 3451 Θεὸν,

173 3472 234 3525 τὰ
263 3477 593 3546 χαριστήρια
618 3476 867 3546 δαίμοσιν
897 3477 1196 3529 ἀποδιδότω
1215 3495 1226 3505 ·
1264 3479 1421 3547 ἡμεῖς
1457 3477 1512 3528 δὲ
1539 3476 1616 3548 τῷ
1655 3477 1749 3531 τοῦ

173 3567 365 3630 παντὸς
422 3566 753 3637 Δημιουργῷ
805 3567 1248 3639 εὐχαριστοῦντες
1297 3567 1430 3637 (15),
1484 3568 1579 3635 καὶ
1625 3568 1750 3630 τοὺς

176 3657 283 3724 μετ’
315 3655 666 3728 εὐχαριστίας
690 3656 783 3708 καὶ
809 3657 972 3726 εὐχῆς
994 3656 1090 3727 τῆς
1119 3657 1209 3708 ἐπὶ
1227 3659 1336 3719 τοῖς
1359 3656 1558 3709 δοθεῖσι
1579 3673 1749 3726 προσ-

173 3747 466 3817 αγομένους
517 3745 714 3817 ἄρτους
765 3746 1037 3816 ἐσθίομεν,
1088 3745 1245 3817 σῶμα
1298 3748 1620 3817 γενομένους
1663 3747 1751 3800 διὰ

175 3838 263 3908 τὴν
305 3838 470 3908 εὐχὴν
512 3837 666 3904 ἆγιόν
711 3855 764 3889 τι
809 3839 901 3890 καὶ
944 3837 1170 3906 ἁγιάζον
1207 3838 1334 3902 τοὺς
1383 3839 1518 3909 μετὰ
1565 3839 1750 3907 ὑγιοῦς

175 3929 478 3998 προθέσεως
509 3928 658 3999 αὐτῷ
687 3929 1001 4000 χρωμένους
1036 3929 1169 4002 (16).
1198 3941 1202 3945 '

251 4019 407 4073 Ἀλλὰ
456 4019 552 4072 καὶ
599 4020 853 4091 ἀπαρχὰς
885 4021 1088 4085 Κέλσος
1141 4022 1238 4092 μὲν
1288 4022 1584 4092 δαιμονίοις
1622 4024 1751 4076 ἀνα-

177 4110 366 4164 τιθέναι
414 4109 702 4182 βούλεται,
752 4115 914 4182 ἡμεῖς
967 4111 1024 4165 δὲ
1067 4111 1146 4182 τῷ
1189 4113 1430 4166 εἰπόντι·
1475 4117 1749 4183 Βλαστη-

177 4202 328 4256 σάτω
376 4205 415 4273 ή
475 4203 554 4275 γῆ
593 4205 867 4272 ,βοτάνην
922 4205 1159 4272 χόρτου,
1218 4204 1472 4271 σπεῖρον
1512 4204 1749 4273 σπέρμα

179 4291 316 4345 κατὰ
345 4292 521 4362 γένος
552 4293 649 4344 καὶ
708 4293 834 4346 καθ’
865 4293 1202 4360 ὁμοιότητα,
1240 4294 1339 4345 καὶ
1388 4293 1578 4357 ξύλον
1605 4287 1746 4361 recip;

177 4398 348 4451 πιμον
387 4383 606 4438 ποιοῦν
654 4384 903 4466 καρπὸν,
957 4380 1030 4439 οὗ
1087 4385 1150 4437 τὸ
1190 4386 1425 4454 σπέρμα
1454 4385 1641 4438 αὑτοῦ
1679 4387 1748 4438 ἑν

177 4475 327 4540 αὐτῷ
359 4478 510 4531 κατὰ
532 4476 702 4546 γένος
745 4477 842 4529 ἐπὶ
877 4475 987 4543 τῆς
1026 4476 1154 4545 τῆς.
1185 4471 1252 4547 ᾮ
1285 4478 1461 4541 δὲτὰς
1491 4479 1746 4551 ἀπαρχὰς

1855 3296 2226 3351 subdiderunt.
2256 3295 2446 3350 Celsus
2497 3295 2660 3365 igitur
2703 3311 2765 3350 ea
2811 3297 2877 3350 de
2933 3311 3122 3361 causa,
3153 3306 3210 3350 ut
3261 3297 3428 3352 Deum

1856 3388 2128 3456 ignorans,
2161 3388 2362 3455 gratias
2395 3387 2732 3441 daemonibus
2790 3395 2942 3455 agat;
2983 3402 3079 3441 nos
3123 3387 3212 3456 qui
3270 3387 3430 3456 hujus

1854 3477 2225 3531 universitatis
2258 3475 2532 3530 Conditori
2581 3478 2783 3546 gratias
2820 3477 3052 3546 agimus,
3086 3491 3211 3532 cum
3246 3477 3424 3544 preci-

1854 3567 1954 3620 bus
1981 3575 2035 3620 et
2060 3559 2361 3634 gratiarum
2399 3568 2616 3620 actione
2640 3568 2853 3621 oblatos
2887 3566 3097 3620 edimus
3122 3581 3311 3634 panes,
3335 3564 3427 3636 qui

1851 3665 2075 3724 propter
2101 3657 2402 3709 orationem
2448 3656 2587 3710 fiunt
2615 3671 2836 3724 ~corpus
2861 3655 3149 3724 quoddam.
3181 3665 3428 3711 sanctum

1851 3749 1992 3814 quod
2044 3761 2179 3801 sano
2233 3747 2511 3818 proposito
2565 3747 3024 3803 uianducautibus
3079 3748 3425 3802 sanctitatem

1853 3839 2102 3910 largitur.
3309 3837 3318 3844 ’

1921 4017 2010 4068 51,
2046 4015 2324 4070 Primitias
2397 4032 2615 4085 quoque
2680 4018 3016 4072 daumnibus
3074 4016 3271 4071 oﬂ'erre
3315 4017 3429 4071 vult

1850 4105 2068 4169 Celsus;
2102 4117 2156 4159 at
2186 4122 2283 4160 nos
2309 4107 2383 4159 illi
2416 4110 2505 4176 qui
2543 4108 2677 4162 dixit
2711 4126 2722 4160 :
2759 4107 3020 4161 (iet-minet
3049 4117 3188 4161 terra
3214 4108 3425 4161 herbam

1851 4197 1975 4263 [certi
2003 4198 2280 4265 facientem
2309 4214 2482 4251 semen
2526 4199 2808 4251 secundum
2865 4215 3026 4268 genus
3062 4209 3109 4251 et
3141 4198 3426 4252 secundant

1849 4286 2265 4355 similitudinem,
2305 4298 2351 4341 et
2375 4288 2577 4358 lignum
2605 4290 2935 4359 fructiferum
2960 4290 3156 4358 faciens
3172 4289 3423 4357 fructum,

1849 4381 2002 4451 cujus
2038 4397 2210 4434 semen
2257 4381 2308 4433 in
2337 4382 2609 4450 semetipso
2646 4383 2712 4434 sit
2765 4383 3046 4436 secundum
3083 4397 3244 4450 genus
3273 4397 3429 4448 super

1851 4472 2139 4526 terram“.
2162 4473 2256 4526 Cui
2295 4483 2476 4525 autem
2515 4471 2784 4538 primitias
2815 4473 3034 4535 damus,
3093 4473 3267 4526 eidem
3301 4472 3429 4527 l'eri-

177 4565 487 4640 ἀποδίδομεν
517 4569 650 4638 (17),
685 4568 856 4640 τούτῳ
883 4573 974 4623 καὶ
1001 4571 1096 4633 τὰς
1133 4570 1296 4640 εὐχὰς
1327 4571 1741 4642 ἀναπέμπομεν,

1858 4578 1970 4617 mus
2002 4577 2210 4631 preces,
2235 4563 2482 4615 habentes
2512 4563 2808 4631 pontiﬁcem
2846 4578 3091 4630 magnum
3111 4601 3126 4626 ,
3156 4562 3244 4631 qui
3275 4577 3429 4629 pene-

176 4659 409 4729 ἐχοντες
441 4662 717 4732 ἀρχιερέα
756 4663 968 4731 μέγαν,
1021 4662 1419 4730 διεληλυθότα
1468 4664 1608 4730 τοὺς
1647 4667 1748 4718 οὐ·

174 4752 407 4818 ρανοὺς,
452 4753 698 4820 Ἰησοῦν
724 4753 825 4804 τὸν
860 4752 994 4804 Υίὸν
1028 4751 1133 4804 τοῦ
1155 4753 1300 4807 Θεοῦ
1321 4771 1333 4782 ο
1365 4754 1463 4806 καὶ
1496 4754 1746 4822 κρατοῦ-

175 4857 282 4908 μεν
315 4844 424 4911 τῆς
468 4844 790 4913 ὁμολογίας
841 4843 943 4905 ἓως
998 4842 1062 4896 ἂν
1115 4842 1316 4914 ζῶμεν,
1368 4844 1745 4917 φιλανθρώπου

179 4933 526 5002 τυγχάνοντες
556 4935 647 4987 τοῦ
680 4934 838 4997 Θεοῦ,
870 4935 960 4988 καὶ
991 4934 1083 4986 τοῦ
1117 4926 1452 5004 Μονογενοῦς
1495 4937 1655 4989 αὐτοῦ
1690 4939 1747 4991 ὲν

193 5020 358 5090 Ἰησοῦ
404 5025 534 5094 ἡμῖν
580 5025 982 5095 φανερουμένου
1022 5023 1152 5094 (l8).
1202 5025 1263 5077 El
1308 5025 1364 5077 δὲ
1404 5024 1496 5076 καὶ
1548 5024 1748 5093 πλῆθος

183 5111 443 5185 ποθοῦμεν
475 5110 550 5170 ὧν
591 5115 986 5186 φιλανθρώπων
1012 5117 1298 5187 τυγχάνειν
1335 5116 1578 5187 θέλομεν,
1614 5134 1750 5187 μαν-

249 5269 292 5302 ⁶⁵
343 5272 360 5328 Ι
413 5274 553 5330 Tim.
605 5291 676 5339 IV,
715 5275 770 5342 4,
805 5273 859 5328 5.
940 5273 988 5306 ⁸⁸
1033 5272 1229 5329 Gencs.
1260 5291 1300 5339 ι,
1334 5273 1418 5328 11.

213 5517 221 5527 ,
255 5448 360 5521 (15)
390 5452 542 5527 Mss.,
570 5455 786 5526 νόμους,
811 5455 997 5527 sicque
1022 5455 1080 5527 in
1113 5462 1260 5527 textu
1289 5455 1449 5508 habet
1489 5453 1745 5509 IImsche-

192 5515 406 5595 Iiusqui
443 5527 507 5578 ad
529 5515 837 5595 marginem
874 5515 1058 5592 rejecit
1087 5525 1271 5595 νόμον.

257 5588 360 5657 (ll)
388 5595 542 5657 Mss.,
575 5594 850 5656 διείλοντο,
882 5588 1000 5649 libri
1033 5588 1192 5648 antea
1220 5595 1370 5654 editi,
1409 5595 1670 5648 διελόντα.

257 5660 366 5736 liii)
390 5664 555 5736 Codd.
599 5665 733 5736 Reg.
782 5675 836 5718 et
867 5665 1058 5730 Basil.,
1086 5665 1550 5736 εὐχαριστοῦντες.
1585 5665 1741 5720 Libb.

193 5729 353 5806 edit,
371 5729 802 5806 εὐαρεστοῦνῖτες.

197 5799 362 5925 mille?)
395 5799 542 5869 Mss,
597 5803 957 5911 χρωμένους.
1007 5805 1164 5862 Libb.
1215 5806 1368 5873 editi,
1425 5806 1742 5880 χρωμένων,

1495 5274 1539 5304 ⁸⁸
1574 5272 1736 5328 llebr.
1768 5288 1843 5334 Iv,

1853 4656 2003 4709 travit
2035 4655 2210 4719 caelos,
2239 4653 2418 4707 Jesum
2454 4651 2650 4706 Filium
2683 4653 2866 4717 Dei,et
2892 4655 3028 4707 hanc
3057 4663 3284 4706 tenemus
3307 4669 3428 4706 con-

1853 4745 2130 4814 fessionem
2152 4747 2197 4781 °°
2232 4761 2328 4814 per
2360 4756 2526 4800 totam
2560 4747 2746 4810 vitam,
2790 4745 2916 4814 quia
2981 4744 3282 4799 beneﬁcum
3328 4758 3427 4798 ex-

1853 4838 2093 4907 perimur
2169 4839 2332 4892 Deum
2361 4848 2414 4892 et
2445 4837 2791 4898 Uuieeuitum
2849 4840 2967 4906 ejus
3019 4837 3110 4907 qui
3167 4837 3322 4891 nobis
3373 4837 3425 4891 in

1853 4930 1977 4984 .lusu
2011 4929 2362 4996 conspicuum
2392 4945 2450 4983 se
2481 4932 2730 4998 przebuit.
2761 4932 2913 4997 Quod
2937 4932 2981 4985 si
3023 4931 3190 4984 etiam
3232 4944 3428 4996 magno

1855 5035 2080 5075 numero
2105 5020 2352 5088 cupimus
2403 5037 2546 5087 esse,
2577 5037 2712 5090 quos
2756 5021 3030 5077 beneﬁcos
3071 5020 3226 5075 nobis
3271 5019 3427 5075 volu-

1861 5132 2000 5182 mus,
2043 5117 2203 5188 767
2236 5117 2516 5180 docemur,
2550 5114 2716 5168 decies
2761 5114 2948 5168 millies
2995 5122 3208 5168 centena
3257 5110 3428 5165 millia

1881 5272 1968 5329 H.

1925 5452 2038 5522 (l7)
2073 5451 2227 5512 Mss,
2256 5450 2579 5522 ἀποδίδομεν
2607 5446 2926 5522 recte,_libh.
2957 5459 3082 5522 vero
3113 5445 3265 5510 editi,
3289 5445 3431 5522 ano-

1849 5515 2096 5594 δίδωμεν.
2127 5522 2272 5594 Infra
2316 5515 2695 5594 llmschclius,_
2718 5515 3097 5594 φιλανθρώπου
3133 5517 3429 5594 τυγχάνον-

1849 5610 1941 5656 τες
1981 5586 2187 5657 ’Θεοῦ,
2239 5592 2544 5662 Spenccrus
2619 5586 3003 5659 φιλανθρώπου
3070 5588 3429 5658 τυγχάνοντος

1850 5662 2006 5716 Θεοῦ.
2671 5683 2677 5690 ·

1921 5733 2033 5801 (18)
2067 5732 2263 5786 Αὑτοῦ
2297 5733 2367 5785 ἐν
2411 5730 2606 5798 Ἰησοῦ
2649 5729 2790 5798 ἡμῖν
2827 5730 3294 5798 φανερουμένου.
3354 5725 3426 5779 Ila

1852 5804 2052 5858 habent
2088 5803 2244 5856 codd.
2291 5803 2488 5867 Itegius
2519 5813 2572 5856 et
2624 5802 2974 5865 Ilasileeusis,
3009 5801 3127 5867 libri
3158 5813 3286 5854 vero
3325 5813 3418 5851 au-

1852 5885 1937 5930 tea
1967 5873 2116 5939 editi,
2151 5873 2313 5926 αὐτοῦ
2351 5871 2523 5943 Ἰησοῦ
2551 5875 2605 5924 ἐν
2633 5873 2764 5942 ἡμῖν
2797 5869 3218 5942 φανερουμένου.
