3866 6398
476 312 608 369 1571

1893 301 2050 360 OBIG
2060 301 2214 357 ENIS

3572 293 3678 347 15η

477 433 575 502 ipsi
613 431 826 488 oculum
855 431 1130 494 etl'oderst,
1175 444 1282 484 non
1337 430 1510 484 solum
1573 441 1681 479 non
1738 424 1885 479 ultus
1938 433 2044 490 est,

2165 422 2242 475 τοῦ
2264 421 2353 472 τὸν
2382 416 2680 488 ὀφθαλμὸν,
2697 417 2757 469 οὑ
2779 415 2940 486 μόνον
2961 414 3061 468 οὐκ
3081 413 3350 484 ἠμύνατο,
3369 411 3497 465 ἀλλὰ
3514 413 3591 465 καὶ
3610 412 3680 465 οὐκ

476 525 571 578 sed
593 526 743 578 illum
783 523 1091 578 salubribus
1119 522 1340 575 monitis
1379 523 1661 573 incantare
1715 532 1818 571 non
1863 516 2047 579 desiit,

477 619 649 671 donec
683 615 1036 685 philosophirc
1069 627 1290 680 operam
1325 612 1456 664 dare
1486 609 1782 678 persuasit.
1818 608 1882 661 Et
1907 608 2055 660 Zeno

478 707 678 765 dicenti
715 723 729 762 :
763 705 1064 776 Dispeream
1096 705 1149 758 ni
1199 704 1394 757 malum
1445 702 1539 755 tibi
1579 702 1804 764 dedero;
1840 714 2056 767 respon-

479 801 606 853 dit:
640 796 710 850 Et
763 813 880 865 ego,
941 796 992 847 ni
1046 793 1172 846 milii
1207 802 1254 845 te
1285 791 1510 843 amicum
1562 787 1764 855 fecero.
1817 785 2054 840 Necdum

485 891 678 959 loquor
703 889 770 942 de
800 888 866 941 iis
895 887 986 955 qui
1022 888 1087 940 ad
1128 885 1256 938 Jesu
1283 883 1586 936 doctrinam
1644 877 1861 932 formati
1914 876 2054 930 istud

479 982 770 1036 audierunt
804 996 817 1031 :
848 977 1062 1047 Diligite
1114 975 1354 1028 inimicos
1403 983 1626 1037 vestros,
1680 982 1726 1025 et
1776 981 1921 1024 crare
1963 986 2057 1038 pro

477 1072 894 1140 persequentibus
915 1085 1023 1134 vos,
1049 1079 1103 1121 ut
1127 1068 1240 1122 sitis
1267 1067 1365 1134 ﬁlii
1391 1064 1568 1117 Patris
1596 1063 1854 1131 vestriqui
1878 1063 1930 1114 in
1957 1076 2058 1114 cae-

477 1165 542 1218 lis
571 1173 669 1229 est,
709 1165 797 1231 qui
823 1160 984 1214 solem
1007 1175 1158 1213 suum
1183 1159 1311 1211 oriri.
1336 1156 1462 1225 facit
1490 1170 1650 1223 super
1675 1154 1833 1206 bonos
1858 1161 1906 1205 ct
1942 1168 2055 1205 ma-

477 1259 579 1320 los,
605 1263 652 1307 et
681 1251 815 1321 pluit
854 1267 1011 1318 super
1071 1250 1239 1316 iustos
1268 1259 1314 1302 et
1350 1246 1656 1315 injustas".
1719 1244 1784 1298 Et
1827 1245 1878 1297 in
1930 1257 2054 1312 pro-

478 1339 713 1410 pheticis
765 1337 1001 1406 eloquiis
1051 1339 1131 1389 sic
1209 1335 1448 1403 loquitur
1492 1336 1672 1403 justus
1732 1348 1746 1383 :
1809 1329 2054 1390 Domine,

479 1433 620 1484 Deus
650 1445 816 1494 meus,
852 1429 896 1481 si
933 1427 1032 1495 feci
1067 1427 1231 1488 istud,
1257 1427 1302 1478 si
1329 1434 1405 1478 est
1439 1425 1692 1494 iniquitas
1735 1423 1788 1476 in
1814 1421 2058 1475 manibus

477 1524 626 1586 meis,
657 1522 702 1574 si
737 1521 944 1573 reddidi
999 1517 1406 1570 retribuentibus
1440 1517 1567 1567 mihi
1601 1511 1765 1577 mala,
1821 1514 2057 1566 decidam

479 1615 652 1682 utique
673 1613 734 1664 ub
760 1610 986 1664 inimicis
1018 1610 1142 1662 meis
1175 1609 1374 1660 inanis.
1415 1606 1768 1675 Persequatur
1814 1604 2059 1658 inimicus

478 1707 706 1757 animam
736 1720 926 1767 meam,
955 1711 1004 1756 et
1037 1700 1524 1770 comprehendat,ct
1544 1698 1808 1754 conculcet
1839 1697 1893 1750 in
1919 1707 2059 1750 terra

478 1797 640 1849 vitam
670 1811 838 1850 meam
855 1794 923 1848 '5.

550 2059 642 2116 '56.
665 2059 850 2129 Neque
878 2073 1007 2114 vero
1035 2057 1234 2128 angeli,
1267 2057 1359 2128 qui
1388 2057 1481 2111 Dei
1505 2067 1628 2111 sunt
1653 2053 1766 2110 veri
1795 2062 2051 2124 satrapae,

479 2153 758 2222 praesides,
796 2152 1152 2222 imperatores
1183 2160 1237 2204 ct
1268 2157 1662 2218 procuratores,
1720 2145 1860 2200 mala
1913 2144 2054 2200 infe-

483 2255 632 2311 runt,
658 2255 715 2299 ut
743 2255 896 2314 putat
926 2244 1137 2307 Celsus,
1173 2243 1240 2296 iis
1279 2257 1310 2296 a
1337 2241 1534 2309 quibus
1553 2251 1671 2294 orta
1704 2237 1837 2308 ipsis
1861 2245 1944 2292 est
1976 2236 2057 2290 in-

477 2338 646 2410 juria.
672 2337 826 2404 Quod
855 2335 898 2390 si
928 2335 1147 2404 quidam
1171 2334 1462 2394 dazmones,
1494 2331 1658 2403 769
1694 2345 1830 2399 quos
1854 2330 1907 2384 in
1937 2329 2056 2381 ani-

483 2445 571 2484 tno
597 2428 786 2484 habuit
816 2420 870 2480 et
891 2425 1106 2489 Celsus,
1140 2424 1279 2479 mala
1328 2423 1600 2488 inferunt,
1638 2422 1690 2477 id
1741 2422 1952 2476 faciunt
1999 2427 2056 2472 ut

483 2521 632 2585 mali,
659 2535 759 2574 nec
782 2527 999 2587 accepta
1026 2535 1054 2571 a
1084 2517 1192 2572 Deo
1244 2515 1354 2570 ulla
1409 2515 1649 2583 satrapia
1702 2522 1796 2567 aut
1830 2512 2057 2582 imperio

482 2620 575 2666 aut
607 2610 1029 2682 procuratione.
1059 2611 1236 2678 Atque
1279 2611 1443 2663 etiam
1470 2622 1566 2662 eos
1609 2605 1829 2669 laedunt,
1861 2605 1952 2675 qui
1998 2621 2056 2660 se

483 2704 589 2758 illis
645 2702 938 2770 subjiciunt
1001 2710 1162 2769 atque
1213 2699 1537 2754 submittunt
1591 2699 1746 2768 quasi
1800 2697 2052 2752 dominis.

483 2794 642 2860 llinc,
679 2803 737 2847 ut
771 2794 1008 2858 videtur,
1042 2792 1244 2847 accidit
1275 2801 1332 2844 ut
1365 2793 1456 2861 qui
1485 2791 1621 2846 cibis
1672 2806 1769 2860 per
1811 2790 1954 2860 leges
1977 2789 2056 2843 lo-

481 2899 673 2939 corum
700 2884 886 2938 vetitis
927 2892 1180 2947 utuntur,
1213 2881 1257 2937 si
1291 2882 1628 2936 dzemonibus
1691 2881 1798 2935 illis
1855 2879 2052 2935 subditi

485 2988 630 3044 sunt,
664 2991 856 3047 poenas
890 2977 1053 3043 dent;
1083 2976 1164 3030 sin
1195 2977 1294 3030 sub
1340 2974 1446 3029 illis
1482 2991 1586 3029 non
1629 2973 1760 3038 sint,
1821 2988 1919 3027 nec
1952 2973 2054 3027 loci

483 3070 749 3126 dazmonio
774 3083 833 3123 se
854 3065 1402 3132 submiserint,soluti
1429 3081 1457 3118 a
1475 3081 1632 3136 poena
1643 3080 1758 3119 rum
1784 3075 1926 3120 tuetu
1945 3066 2053 3120 dae-

2158 511 2435 564 ὲπαύσατο
2481 506 2800 576 κατεπᾴδων
2849 505 3018 576 αὑτῷ,
3063 505 3168 567 ἕως
3212 504 3375 557 αὑτὸν
3418 502 3566 574 πείσῃ
3601 502 3679 572 (Ἠ)

2159 601 2502 670 φιλοσοφεῖν⁹
2541 599 2721 666 Ζήνων
2751 595 2807 648 δὲ
2855 595 2990 666 πρὸς
3038 595 3130 647 τὸν
3174 593 3420 657 εἰπόντα,
3473 593 3680 646 Ἀπολοί·

2152 709 2295 762 μην,
2330 692 2438 744 ἐὰν
2485 688 2569 757 μή
2617 705 2704 741 σε.
2735 686 3182 756 τιμωρήσωμαι]
3245 686 3386 756 Ἐγὼ
3421 685 3503 748 δὲ,
3553 681 3681 745 εἶπεν,

2156 784 2264 837 ἐὰν
2293 782 2378 851 μή
2412 797 2485 834 σε
2534 781 2714 848 φίλον
2757 778 3100 846 κτήσωμαιί
3135 778 3247 832 Καὶ
3288 777 3410 830 οὐδέ
3458 794 3537 828 πω
3579 775 3683 843 λέγω

2158 875 2283 937 τοὺς
2343 871 2484 925 κατὰ
2527 870 2624 940 τὴν
2671 867 3020 922 διδασκαλίαν
3058 866 3231 938 Ἰησοῦ
3303 866 3682 935 πεποιωμὲνονς.

2159 965 2252 1018 καὶ
2279 961 2618 1023 ἀκούσαντας
2639 958 2751 1012 τοῦθ
2802 956 3081 1027 Ἄγαπᾶτε
3101 957 3244 1024 τοὺς
3271 955 3517 1026 ἐχθροὺς
3543 955 3683 1024 ὑμῶν,

2160 1050 2256 1111 καὶ
2298 1055 2710 1124 προσεύχεσθε
2743 1051 2895 1119 ὑπὲρ
2937 1050 3055 1104 τῶν
3077 1050 3516 1118 ἐπηρεαζόντων
3538 1047 3683 1117 ὑμᾶς,

2160 1147 2318 1213 ὅπως
2357 1147 2613 1215 γένησθε
2641 1145 2759 1198 υἱοὶ
2789 1143 2896 1196 τοῦ
2935 1142 3165 1210 Πατρός
3193 1141 3364 1210 ὑμῶν
3392 1140 3493 1194 τοῦ
3516 1141 3577 1192 ἐν
3597 1139 3686 1205 τοῖς

2159 1237 2457 1306 οὐρανοῖς,
2490 1236 2557 1303 ὃς
2592 1235 2699 1288 τόν
2731 1235 2909 1303 ἣλιον
2937 1233 3124 1288 αὑτοῦ
3153 1232 3475 1287 ἀνατέλλει
3505 1233 3588 1285 ἐπὶ
3611 1249 3687 1286 πο-

2159 1330 2384 1398 νηροὺς
2434 1328 2531 1382 καὶ
2584 1327 2880 1396 ἀγαθοὺς,
2932 1325 3030 1379 καί
3075 1324 3284 1394 βρέχει
3332 1324 3431 1377 ἐπὶ
3470 1323 3689 1388 δικαίους

2161 1423 2256 1474 καὶ
2296 1421 2561 1486 ἀδίκους.
2602 1421 2711 1472 Καὶ
2750 1420 2806 1470 ὲν
2851 1421 2966 1480 τοῖς
3009 1418 3372 1487 προφητικοῖς
3407 1414 3462 1466 δὲ
3502 1414 3690 1482 λόγοιςὸ

2160 1518 2365 1581 δίκαιος
2386 1517 2609 1569 τοιαῦτά
2634 1533 2765 1587 φησι
2786 1532 2798 1544 ·
2824 1515 3000 1582 Κύριε
3025 1515 3058 1567 ό
3089 1513 3234 1578 Θεός
3255 1530 3396 1579 μου,
3419 1513 3466 1563 εἰ
3486 1510 3691 1576 ἐποίησα

2161 1609 2357 1672 τοῦτο,
2387 1611 2439 1661 εί
2468 1609 2638 1660 ἐστιν
2678 1607 2871 1659 ἀδικία
2914 1606 2985 1658 ἐν
3017 1605 3191 1673 χερσί
3218 1622 3362 1672 μου,
3405 1606 3456 1657 εί
3490 1604 3691 1657 ἀνταπέ-

2162 1699 2321 1752 δωκα
2358 1699 2482 1766 τοῖς
2517 1697 2990 1753 ά-νταποδιδοῦσί
3013 1713 3111 1766 μοι
3162 1695 3320 1749 κακά
3343 1712 3356 1724 ·
3388 1694 3691 1765 ἁποπέσοιμι

2086 1791 2127 1845 Β
2157 1791 2268 1860 (ipa
2307 1791 2424 1846 ἀπὸ
2460 1791 2577 1846 τῶν
2603 1791 2830 1860 ἐχθρῶν
2858 1808 2977 1860 μου
3028 1790 3225 1854 κενός,
3254 1787 3691 1855 καταδιώξαιῲα

2156 1886 2189 1935 ό
2230 1882 2445 1951 ἐχθρὸς
2495 1882 2607 1950 τὴν
2649 1881 2864 1951 ψυχήν
2901 1899 3056 1950 μου,
3110 1881 3209 1933 καί
3268 1878 3593 1942 καταλάϐοι,
3620 1877 3692 1932 καί

2157 1974 2568 2040 καταπατῆσαι
2599 1977 2686 2041 εὶς
2710 1973 2844 2045 ,γῆν
2885 1973 3000 2041 τὴν
3027 1971 3179 2039 ζωήν
3205 1990 3328 2041 μου
3343 1973 3363 2024 .'

2243 2065 2402 2119 Ἀλλὰ
2439 2067 2558 2136 οὑχ,
2589 2067 2663 2130 ὼς
2695 2066 2866 2122 οἴεται
2899 2066 3125 2128 Κέλσος,
3156 2064 3484 2135 βλάπτουσιν
3524 2065 3566 2116 οἱ
3599 2063 3694 2133 dir,-

2158 2155 2266 2218 θῶς
2325 2156 2622 2225 σατράπαι,
2682 2156 2777 2208 καὶ
2827 2154 3098 2224 ὕπαρχοι,
3145 2155 3241 2208 καὶ
3286 2154 3589 2224 στρατηγοὶ,
3627 2154 3693 2207 καὶ

2157 2247 2438 2318 ἐπίτροποι
2453 2247 2546 2299 τοῦ
2565 2246 2698 2300 Θεοῦ
2717 2247 2935 2314 ἄγγελοι
2950 2247 3076 2309 τοὺς
3091 2246 3418 2317 ὑϐρίζοντας
3433 2263 3444 2275 ’
3467 2249 3510 2299 εί
3525 2245 3576 2298 δέ
3588 2262 3693 2307 τινες

2160 2335 2456 2405 βλάπτουσι
2501 2335 2771 2406 δαίμονες,
2814 2333 2908 2398 οὓς
2951 2333 3264 2406 ἐφαντάσθη
3309 2336 3404 2387 καὶ
3447 2337 3474 2388 ό
3513 2335 3692 2399 Κέλσος,

2161 2429 2488 2499 βλάπτουσιν
2521 2429 2595 2491 ὡς
2629 2428 2842 2498 φαῦλοι,
2879 2431 2972 2482 καὶ
3008 2429 3280 2500 μηδεμίαν
3321 2425 3694 2499 σατραπείαν,ἧ

2161 2522 2594 2594 στρατηγίαν,ἢ
2657 2523 2960 2590 ἐπιτροπὴν
3033 2521 3168 2574 Θεοῦ
3239 2519 3691 2591 ἐγκεχειρισμένα·

2158 2611 2251 2664 καὶ
2300 2611 2592 2680 βλάπτουσι
2631 2611 2758 2673 τοὺς
2805 2610 3204 2681 ὑποκειμένους
3249 2611 3435 2671 αὐτοῖς
3481 2609 3564 2661 καὶ
3599 2607 3696 2657 ὑπο-

2158 2703 2424 2770 τάξαντας
2478 2705 2703 2767 ἑαυτοὺς
2735 2704 2808 2766 ὠς
2841 2703 3132 2767 δεσπόταις
3166 2703 3422 2766 ἐκείνοις.
3457 2701 3594 2769 Τάχα
3619 2697 3699 2767 γὰρ

2160 2796 2251 2848 καὶ
2292 2795 2378 2849 διὰ
2415 2795 2573 2848 τοῦτο
2605 2797 2653 2848 οἱ
2694 2795 2816 2849 καθ’
2851 2795 3081 2850 ἕκαστον
3125 2795 3290 2848 τόπον
3323 2797 3404 2858 εἰς
3438 2794 3501 2846 τὰ
3531 2809 3699 2860 νενομι-

2161 2885 2331 2956 σμένα
2377 2886 2641 2956 βρώματα
2677 2885 2751 2957 μὴ
2798 2887 2908 2940 δεῖν
2955 2886 3236 2940 ἐσθίεσθαι
3280 2884 3700 2958 παρανομοῦντες.

2159 2978 2207 3030 εί
2261 2977 2361 3048 μὲν
2394 2977 2502 3030 τῶν
2560 2977 2664 3031 ὑπὸ
2695 2979 2820 3041 τοὺς
2866 2978 3125 3048 δαίμονας
3167 2974 3280 3030 εἷεν
3324 2977 3573 3039 ἐκείνους,
3605 2974 3703 3043 βλά-

2163 3087 2417 3124 πτονται·
2453 3073 2502 3123 εί
2536 3071 2591 3123 δέ
2632 3088 2777 3134 τινες
2815 3070 2922 3124 τῶν
2952 3071 3052 3140 οὑχ
3087 3071 3178 3123 ὑπ’
3212 3070 3478 3131 ἐκείνους,
3502 3067 3608 3120 οὐδὲ
3632 3066 3706 3118 αὺ-

484 3164 665 3218 tnonia
696 3163 782 3217 illa
804 3159 1214 3228 valerejubeant
1234 3176 1249 3225 ;
1271 3174 1580 3229 quanquam
1612 3159 1655 3213 si
1680 3159 1800 3212 aliis
1821 3158 2052 3211 aliarum

2165 3165 2288 3227 τοὺς
2323 3163 2684 3229 ὑποτάξαντες
2715 3163 2793 3235 τῷ
2827 3153 2918 3218 τοῦ
2951 3165 3116 3217 τόπου
3141 3163 3410 3234 δαιμονίῳ
3439 3162 3563 3227 (25),
3592 3158 3708 3212 ἐλεύ-

483 3269 666 3308 rerum
688 3253 996 3324 ignorantia
1014 3266 1071 3304 se
1100 3250 1468 3319 subjecerunt,
1497 3249 1710 3303 illorum
1743 3248 1933 3303 ultioni
1961 3249 2056 3303 oh-

485 3345 630 3400 noxii
660 3345 792 3400 sint.
822 3344 929 3398 Sed
965 3340 1332 3404 Christianus,
1379 3355 1561 3404 verus,
1607 3341 1826 3409 inquam
1849 3381 1864 3407 ,
1899 3339 2058 3395 Chri—

483 3436 716 3499 stianus,
763 3435 851 3503 qui
901 3433 1066 3488 solius
1118 3431 1211 3486 Dei
1265 3431 1537 3502 Verbique
1572 3431 1691 3499 ejus
1743 3432 1970 3500 imperio
1998 3446 2057 3486 se

484 3527 692 3592 subdit,
727 3542 850 3580 cum
882 3525 1218 3578 dmmonibus
1245 3524 1592 3592 przestantior
1619 3524 1711 3590 sit,
1736 3523 1871 3577 nihil
1896 3539 1925 3576 a
1957 3524 2060 3578 da:-

485 3617 685 3672 moniis
711 3616 819 3685 pati
853 3623 1049 3684 potest.
1079 3613 1243 3681 Cujus
1270 3614 1342 3666 rei
1371 3628 1531 3667 causa
1582 3623 1665 3667 est
1689 3613 1813 3682 quia
1848 3623 2057 3666 castra-

485 3709 768 3762 metabitur
816 3704 1033 3777 angelus
1101 3703 1313 3757 Domini
1381 3705 1434 3757 in
1482 3705 1706 3757 circuitu
1767 3706 2057 3758 timentium

481 3816 622 3866 enm,
660 3810 708 3854 et
745 3801 926 3869 esipict
967 3813 1053 3851 eos
1069 3797 1135 3862 ⁷⁵,
1165 3807 1220 3851 et
1259 3795 1376 3864 ejus
1403 3796 1620 3866 angelus
1645 3837 1659 3862 ,
1713 3797 1806 3865 qui
1857 3813 2058 3867 semper

481 3893 618 3947 ridet
659 3893 848 3962 {aciem
889 3887 1068 3943 Patris
1096 3889 1396 3954 cotlestis",
1435 3889 1552 3958 ejus
1588 3903 1777 3959 preces
1831 3904 1927 3958 per
1980 3903 2060 3944 so-

483 3988 592 4042 lum
623 3988 964 4043 sacerdotem
993 3999 1246 4054 magnum
1273 3999 1488 4053 semper
1517 3985 1894 4038 universorum
1951 3987 2058 4041 Deo

481 4081 664 4147 oﬂ‘ert,
701 4094 755 4136 et
789 4084 905 4152 ipse
931 4090 1186 4152 precatur
1216 4093 1338 4134 cum
1371 4092 1462 4142 eo,
1515 4078 1670 4146 cujus
1731 4077 1832 4147 ipsi
1906 4092 2054 4132 com-

482 4175 646 4230 missa
677 4191 808 4230 cura
834 4184 937 4230 est.
967 4172 1044 4228 Ne
1070 4173 1236 4243 igitur
1269 4187 1368 4226 nos
1392 4171 1646 4224 inanibus
1681 4169 1848 4224 larvis
1882 4179 2057 4225 terre-

481 4267 646 4322 l'aciat
673 4267 882 4332 Celsus,
913 4264 1172 4320 minitans
1203 4279 1302 4318 nos
1333 4263 1671 4318 dat-monibus
1694 4302 1710 4328 ,
1741 4276 1880 4330 quos
1906 4262 2056 4316 nihili

482 4359 750 4424 ducimus,
774 4358 1004 4412 luiturus
1022 4371 1227 4426 pinnas.
1253 4354 1397 4410 Nihil
1418 4355 1565 4409 enim
1589 4353 1756 4424 spreti
1786 4353 2058 4408 dmmones

421 4435 426 4440 ’
483 4465 675 4505 nocere
697 4461 922 4520 possunt
951 4451 1129 4516 nobis,
1155 4451 1247 4519 qui
1280 4447 1586 4504 consecrati
1613 4461 1802 4502 sumus
1837 4445 1912 4500 illi
1963 4446 2054 4517 qui

480 4542 624 4598 solus
641 4557 831 4596 omnes
853 4557 952 4598 suo
978 4543 1179 4596 auxilio
1212 4543 1406 4608 dignos
1430 4539 1689 4608 adjuvare
1712 4547 1908 4606 potest,
1938 4541 2059 4606 qui-

478 4645 584 4701 que
609 4642 870 4701 prteterca
927 4647 1057 4687 suos
1111 4631 1214 4702 piis
1245 4633 1296 4685 in
1335 4632 1482 4684 illum
1531 4629 1752 4701 angelos
1811 4628 2058 4698 praalicit,

480 4730 661 4778 utnec
690 4723 987 4778 adversarii
1023 4723 1221 4792 angeli,
1254 4737 1352 4776 nec
1409 4737 1598 4776 eorum
1661 4721 1935 4791 princeps,
1963 4735 2060 4775 vo-

481 4821 632 4869 catus
659 4814 817 4883 hujus
844 4815 1022 4869 sceculi
1040 4816 1279 4882 princeps
1297 4815 1364 4879 ⁷⁷,
1395 4813 1578 4869 facere
1607 4813 1901 4883 quidquam
1927 4827 2056 4882 pos-

482 4906 587 4958 sint
618 4906 880 4960 adversus
911 4921 1004 4960 eos
1032 4907 1121 4975 qui
1157 4907 1264 4960 Deo
1297 4907 1605 4961 consecrati
1641 4912 1794 4959 sunt.

2163 3254 2310 3326 θεροι
2344 3256 2452 3309 ἀπὸ
2484 3255 2577 3309 τοῦ
2625 3257 2715 3309 ὑπ’
2753 3257 2976 3310 ἐκείνων
3030 3255 3260 3318 παθεῖν,
3315 3254 3501 3326 μακρά
3541 3255 3708 3323 χαίρειν

2164 3346 2405 3410 εἰπόντες
2431 3350 2541 3410 τοῖς
2571 3348 2793 3400 τοιοισδῖ
2825 3347 3152 3418 δαιμονίοις,
3186 3347 3371 3410 ἄλλοις
3392 3345 3480 3399 διὰ
3501 3347 3589 3416 τὴν
3613 3343 3712 3414 περὶ

2163 3437 2298 3491 ἄλλα
2332 3438 2554 3506 ἄγνοιαν
2582 3441 2807 3504 ἑαυτοὺς
2842 3439 3232 3505 ὑποτάξαντες,
3270 3441 3364 3493 ὑπ’
3399 3440 3604 3492 ἐκείνων
3627 3436 3710 3488 πά-

2166 3546 2314 3600 σχειν
2353 3530 2635 3584 δύνανται·
2677 3532 2790 3584 ἀλλ’
2823 3533 2882 3584 οὐ
2918 3531 3269 3604 Χριστιανὸς,
3306 3534 3336 3584 ό
3370 3530 3575 3601 ἀληθῶς
3607 3529 3713 3597 Χρι-

2166 3622 2397 3686 στιανὸς,
2440 3624 2533 3676 καὶ
2563 3623 2837 3688 ὑποτάξας
2869 3626 3058 3678 ἑαυτὸν
3095 3624 3246 3694 μόνῳ
3278 3623 3360 3693 τῷ
3401 3622 3515 3694 Θεῷ
3546 3621 3629 3675 καὶ
3655 3619 3714 3690 τῷ

2163 3713 2321 3783 Λόγῳ
2368 3715 2553 3779 αὑτοῦ,
2594 3716 2754 3769 πάθοι
2793 3733 2846 3768 τι
2888 3716 2952 3770 ἂν
3000 3717 3104 3770 ὑπὸ
3151 3718 3263 3770 τῶν
3311 3718 3611 3789 δαιμονίων,
3641 3714 3713 3766 az:

2165 3805 2428 3876 κρείττων
2469 3807 2739 3878 δαιμόνων
2788 3810 3102 3879 τυγχάνων·
3147 3810 3246 3863 καὶ
3283 3809 3345 3862 οὑ
3391 3809 3548 3862 πάθοι
3576 3806 3620 3874 γ’
3647 3804 3713 3862 ἂν,

2165 3897 2285 3949 ἐπεὶ
2318 3900 2684 3968 παρεμϐαλεῐ
2717 3901 2970 3971 ἄγγελος
2994 3902 3220 3968 Κιρίου
3263 3903 3471 3966 κύκλῳ
3503 3900 3610 3953 τῶν
3635 3914 3716 3964 5:6-

2166 3987 2470 4056 6ουμὲνων
2499 3989 2702 4053 αὐτόν,
2721 3991 2819 4044 καὶ
2839 3991 3092 4058 ῥύσεται
3125 3991 3376 4057 αὐτοὺς,
3407 3993 3497 4044 καὶ⁸
3528 3992 3557 4043 ό
3579 3988 3717 4055 ἄγγεα

2166 4083 2276 4145 λος
2298 4081 2485 4145 αὑτοῦ,
2519 4081 2617 4135 διὰ
2644 4082 2871 4149 παντὸς
2899 4081 3153 4147 βλέπων
3188 4083 3256 4137 τὸ
3293 4085 3604 4152 πρόσωπον·
3632 4077 3715 4131 τίῡ

2165 4171 2236 4224 ἐν
2269 4173 2548 4241 οίιριινοῐς
2571 4173 2823 4240 Πατρός,
2854 4174 2941 4226 ἀεὶ
2972 4175 3071 4237 τὰς
3106 4174 3275 4244 εὐχὰς
3297 4174 3464 4227 αἴδτοῦ
3498 4171 3715 4241 ἀναφέρει

2165 4262 2252 4315 διὰ
2284 4262 2378 4315 τοῦ
2417 4263 2575 4334 μόνου
2604 4264 2904 4335 ἀρχιερέως
2936 4263 3014 4334 τῷ
3045 4264 3165 4334 Θεῷ
3197 4264 3311 4317 τῶν
3342 4265 3498 4327 ὅλων,
3533 4263 3616 4316 καὶ
3641 4260 3718 4313 αὑ-

2163 4352 2254 4416 τὸς
2287 4355 2673 4424 συνευχόμενος
2697 4353 2773 4425 τῷ
2797 4354 2889 4408 ὑπ’
2917 4352 3081 4407 αὑτοῦ
3111 4355 3589 4427 ὲπιτροπευομένῳ
3612 4350 3715 4422 (‘26).

2165 4445 2255 4516 Μὴ
2290 4446 2742 4517 μορμολυττέσθω
2774 4446 2952 4499 τοίνυν
2989 4447 3137 4517 ἡμᾶς
3175 4449 3205 4499 ὁ
3247 4448 3477 4511 Κέλσος,
3517 4442 3716 4499 meo.

2161 4537 2260 4609 τὴν
2289 4539 2397 4591 ἀπὸ
2429 4539 2536 4592 τῶν
2569 4539 2836 4609 δαιμόνων
2872 4539 3097 4610 βλάϐην,
3132 4541 3227 4611 ὑφ’
3260 4541 3420 4612 ἡμῶν
3453 4534 3719 4611 ἀμελουμέ-

2161 4646 2266 4681 νων
2285 4645 2299 4657 ⁶
2328 4629 2480 4682 οὐδὲν
2504 4631 2611 4702 γὰρ
2643 4633 2775 4702 ἡμῖν
2809 4631 3062 4702 δαίμονες
3092 4634 3461 4706 ἀμελούμενοι
3490 4631 3643 4685 ποιεῖν
3665 4626 3715 4679 ἂν

2161 4719 2429 4786 δύναιντο,
2466 4723 2848 4793 ἀνακειμένοις
2893 4723 2971 4794 τῷ
3009 4725 3156 4796 μόνῳ
3211 4727 3430 4798 βοηθεῖν
3468 4727 3592 4778 πᾶσι
3628 4721 3717 4779 τοζ

2161 4811 2331 4877 ἀξίοις
2369 4813 2682 4884 δυναμένῳ·
2721 4814 3001 4884 ὲςριστάντι
3035 4816 3080 4869 δ’
3113 4817 3273 4870 οὐδὲν
3306 4814 3466 4890 ἧττον
3498 4817 3582 4869 καὶ
3617 4813 3718 4871 τοὺς

2165 4907 2325 4972 ἰδίους
2355 4909 2620 4977 ἀγγέλους
2660 4910 2774 4971 τοῖς
2808 4909 2888 4972 είς
2931 4909 3094 4962 αὑτὸν
3140 4911 3482 4976 εὐσεϐοῦσιν,
3518 4911 3596 4963 ἵνα
3631 4922 3716 4976 μη·

479 4997 565 5050 δὲν
604 4999 654 5049 οί
685 4999 914 5052 ἐναντίοι
950 4998 1188 5068 ἄγγελοι,
1265 5001 1385 5072 μηδ’
1418 5001 1448 5052 ὁ
1483 5001 1686 5054 τούτων
1740 4999 1960 5069 ἄρχων,
2015 4998 2305 5071 λεγόμενος
2338 5004 2441 5057 τοῦ
2479 5002 2698 5069 αἰῶνος
2748 5004 2858 5075 (27)
2911 5006 3150 5071 τούτου,
3195 5009 3440 5080 ἐνεργεῖν
3475 5005 3604 5061 κατά
3631 4999 3716 5054 τῶν

481 5091 850 5162 ἀνακειμένων
883 5093 960 5164 τῷ
993 5094 1110 5166 Θεῷ
1142 5095 1363 5166 δυνηθῇ.

556 5250 598 5281 ⁷³
623 5250 810 5306 Matth.
847 5269 902 5320 ν,
933 5255 1028 5322 44,
1066 5255 1159 5312 45.
1231 5259 1277 5290 ⁷⁸
1309 5259 1453 5313 Psal.
1488 5274 1583 5324 vu,
1611 5257 1665 5324 4,
1693 5259 1750 5326 5,
1785 5261 1839 5314 6.

561 5402 681 5474 (Ἡ)
719 5408 928 5476 Πείσῃ.
973 5410 1066 5464 Sic
1111 5424 1259 5466 recte
1315 5429 1444 5468 mss.
1481 5411 1645 5469 'Libri
1697 5424 1878 5470 autem
1926 5419 2058 5472 editi

485 5471 702 5557 hrabent,
727 5547 738 5557 _
761 5471 956 5557 πείσει.
994 5482 1159 5557 Paulo
1203 5493 1326 5557 post
1363 5487 1800 5557 τιμωρήσωμαι·
1837 5485 1948 5556 ἐγὼ
1976 5471 2053 5553 δὲ,

485 5540 656 5604 εἶπεν,
723 5545 930 5618 ὲάνίμή
980 5567 1058 5602 σε.
1108 5540 1232 5608 Haec
1280 5540 1756 5610 desidertin'tur'in
1804 5540 2058 5612 oniuibns

489 5629 642 5696 mss?
670 5617 871 5696 sedati
897 5617 1200 5696 Iltnscltelio
1239 5626 1482 5694 suppleta
1531 5639 1658 5680 sunt
1687 5642 1717 5681 e
1767 5627 2057 5683 Plutarcho

489 5682 564 5735 De
594 5684 675 5734 ira
704 5687 1010 5740 cohibenda.

559 5753 671 5824 (:25)
719 5755 800 5819 Τῴ
829 5757 933 5810 τοῦ
968 5760 1152 5814 τόπου
1181 5763 1482 5832 δαιμονίῳ.
1514 5765 1648 5822 Vide
1682 5767 1842 5822 lluct.
1880 5768 2053 5841 0rig.,

1934 5260 1978 5292 ⁷⁸
2008 5261 2152 5316 Psal.
2178 5278 2372 5330 xxsttt,
2407 5262 2459 5318 8.

2560 5264 2604 5294 ⁷⁸
2642 5266 2835 5321 Matth.
2872 5282 3032 5332 xvm,
3068 5266 3156 5318 10.
3238 5266 3285 5297 "
3324 5265 3475 5322 Joan.
3508 5277 3609 5325 xw,
3640 5255 3709 5312 30.

2164 5419 2257 5474 lib.
2287 5437 2346 5493 ll,
2373 5437 2427 5488 q.
2462 5422 2516 5486 5,
2552 5421 2626 5475 De
2671 5423 2895 5493 angelis.

2237 5491 2347 5562 (26)
2390 5493 2545 5566 Libb.
2578 5491 2759 5547 antea'
2780 5495 2933 5560 editi,
2965 5493 3044 5566 τῷ
3079 5494 3172 5548 ὑπ’
3200 5494 3382 5566 αὐτῶν
3407 5496 3714 5566 ἐπιτροπευο-

2164 5558 2338 5686 μένῳ,
2364 5565 2456 5616 sed
2490 5577 2621 5616 mss.
2652 5573 2709 5616 ut
2745 5566 2796 5617 in
2834 5558 3028 5620 nostro
3067 5576 3241 5620 textu.
3275 5565 3443 5618 Paulo
3481 5558 3593 5628 post
3633 5558 3706 5610 du-

2205 5634 2302 5686 itat
2333 5632 2560 5686 Guietus
2591 5648 2773 5686 annon
2821 5634 3108 5686 leaendum
3146 5639 3238 5686 sit-
3275 5637 3347 5686 uia
3393 5623 3705 5686 ιιοοαολυττῦ

2205 5623 2560 5708 ίιιιίῧιιίειιιε
2591 5648 2773 5708 annon
2793 5634 3108 5708 “legendum
3146 5639 3238 5704 sit,
3273 5637 3348 5708 μὴ
3392 5623 3705 5707 μορμολυττῦ

2165 5703 2277 5756 σθω
2309 5703 2488 5757 τοίνυν
2523 5702 2662 5772 πρὸς
2693 5706 2864 5776 ἡμᾶς.
