3866 6398
121 334 232 391 ιθτὸ

149 446 270 504 ἐἶτ’
300 446 702 518 ἐπιλαθόμενος,
725 448 806 501 ὅτι
830 449 872 500 Χ
882 449 1175 519 ριστιανοῖς
1201 447 1355 500 λαλεῖ
1381 451 1495 511 τοῖς
1522 449 1668 520 μόνῳ
1704 462 1743 513 Α

117 543 178 615 τῷ
203 541 310 612 Θεῷ
349 539 435 593 διὰ
471 539 566 593 τοῦ
621 540 794 610 Ἰησοῦ
839 539 1173 610 εὐχομένοις,
1228 541 1322 593 κα)⁴
1374 541 1673 620 συμιεύρων

117 636 168 689 τὰ
193 633 399 702 ἐτέρων,
437 629 532 683 καὶ
565 630 776 697 ἀλόγως
810 631 1157 700 Χριστιανοῖς
1187 632 1478 684 συνάπτων
1509 631 1668 696 αὐτὰ,

119 723 286 796 φησίν·
335 721 473 775 Ἐὰν
495 719 613 789 μὲν
638 719 955 788 βαρϐάρως
990 718 1214 784 αὐτοὺς
1265 721 1324 772 όν
1338 719 1518 788 ομάζῃ
1559 738 1669 787 τις,

116 817 342 883 δύναμιν
378 812 631 876 ἕξουσιν
652 829 665 842 ο
705 812 814 864 ἐὰν
858 810 926 863 δὲ
963 808 1332 878 Ἑλληνικῶς
1362 810 1400 878 ἢ
1443 812 1675 880 Ῥωιὶαϊ·

118 907 230 972 κῶς,
261 908 365 960 οὐκ
398 906 504 958 ἐτι.
541 903 815 956 Δεικνύτω
862 903 971 973 γὰρ
1014 902 1137 955 τίνα
1183 903 1344 973 ἡμεῖς
1382 901 1672 976 βαρϐάρως

117 997 440 1068 ὀνομάζομεν,
477 996 553 1057 ὡς
587 992 880 1056 καλοῦντες
913 993 1074 1046 αὑτὸν
1119 993 1212 1045 ἐπὶ
1248 991 1502 1064 βοήθειαν
1525 1010 1537 1022 ο
1575 995 1674 1046 καὶ

117 1089 354 1145 πειθέσθω
400 1085 536 1158 (28),
582 1087 759 1157 μάτην
811 1085 934 1138 καθ’
981 1083 1138 1155 ἡμῶν
1170 1083 1344 1137 ταῦτα
1387 1085 1671 1156 εἰρηκέναι

117 1182 188 1234 τὸν
209 1179 431 1232 Κέλσον⁸
465 1179 714 1246 ἐφιστὰς,
743 1178 824 1229 ὅτι
851 1177 898 1228 οἱ
927 1175 1104 1228 λοιποὶ
1131 1173 1239 1244 (29)
1263 1175 1373 1228 τῶν
1411 1177 1674 1245 Χριστια-

117 1275 201 1328 νῶν
221 1273 333 1326 οὐδὲ
365 1273 477 1334 τοῖς
511 1273 569 1323 ὲν
604 1273 724 1333 ταῖς
759 1269 930 1331 θείαις
958 1269 1202 1339 Γραφαῖς
1246 1267 1525 1337 κειμένοις
1549 1267 1670 1319 όνό-

119 1381 225 1434 μασι
255 1365 342 1416 καὶ
373 1361 729 1432 τεταγμένοις
765 1360 857 1412 ἐπὶ
881 1358 976 1411 τοῦ
1010 1357 1146 1411 Θεοῦ
1187 1356 1425 1427 χρῶνται
1458 1359 1517 1409 ἐν
1550 1360 1672 1420 ταῖς

117 1461 301 1529 εὐχαῖς·
365 1455 479 1508 ἀλλ’
525 1455 577 1507 οἱ
628 1454 728 1524 μὲν
790 1451 1052 1521 Ἕλληνες
1111 1449 1464 1519 Ἑλληνικοῖς,
1511 1450 1560 1501 oi
1615 1449 1671 1501 δὲ

126 1552 349 1621 Ῥωμαῖοι
403 1549 754 1618 Ῥωμαϊκοῖς,
807 1545 899 1601 καὶ
934 1544 1107 1606 οὕτως
1139 1542 1368 1605 ἕκαστος
1401 1540 1542 1594 κατὰ
1572 1541 1670 1612 τὴν

116 1642 278 1695 ἑαυτοῦ
307 1640 585 1694 διάλεκτον
627 1637 845 1708 εὔχεται
875 1635 955 1705 τῷ
997 1634 1116 1704 Θεῷ
1165 1635 1260 1687 καὶ
1303 1635 1464 1704 ὑμνεῖ
1506 1633 1670 1685 αὑτὸν

116 1735 174 1797 ὡς
199 1734 405 1787 δύναται
425 1749 438 1760 ο
478 1731 573 1784 καὶ
607 1732 635 1782 ὁ
672 1730 854 1798 πάσης
881 1727 1162 1780 διαλέκτου
1193 1724 1396 1796 Κύριος
1422 1724 1532 1776 τῶν
1562 1725 1670 1777 ἀπὸ

1264 325 1546 384 (ΣΟΝΓΒΛ
1585 328 1860 386 CELSUM
1897 329 2022 385 LIB.
2065 328 2197 386 Vill.

3217 335 3354 393 1574

1848 452 1937 505 ὃῖ.
1966 451 2166 505 Deinde
2209 451 2415 506 oblitus
2450 451 2593 521 loqui
2624 467 2684 508 se
2727 452 3082 518 Christianis,
3119 456 3208 525 qui
3253 457 3354 510 soli

1778 541 1887 596 Deo
1923 557 2020 610 per
2048 541 2231 596 Jesum
2269 541 2599 612 supplicant,
2639 543 2868 599 aliorum
2918 547 3116 613 placita
3163 548 3359 603 miscet

1775 643 1830 687 et
1860 635 2098 688 absurde
2126 634 2457 690 Christianis
2487 637 2714 692 ascribit
2742 655 2754 691 :
2782 637 2843 692 Si
2867 639 2983 708 quis
3014 637 3133 691 illos
3165 638 3360 692 barba-

1779 726 1870 786 ris,
1909 725 2106 794 inquit,
2142 728 2444 782 nominibus
2467 728 2828 798 appellaverit,
2859 737 3168 798 potestatem
3195 729 3357 783 habe-

1775 814 1941 880 bunt;
1973 815 2173 869 nullam
2219 833 2356 879 vero,
2404 820 2448 870 si
2495 817 2674 872 Greece
2713 828 2806 871 aut
2855 817 3062 871 Latine.
3091 816 3360 873 Ostendat

1773 907 1918 960 enim
1971 920 2195 974 ecquem
2231 917 2288 960 ut
2322 907 2526 961 auxilio
2561 907 2717 962 nobis
2761 907 2832 962 sit
2875 907 3192 962 invocantes
3227 909 3351 961 bar-

1774 999 1909 1052 baro
1953 998 2169 1052 nomine
2206 998 2540 1068 appellemus
2570 1018 2583 1054 :
2611 1008 2666 1054 et
2713 997 2912 1053 frustra
2960 1000 3074 1055 hznc
3119 1016 3148 1053 a
3196 999 3357 1055 Celso

1776 1089 1931 1143 nobis
1956 1089 2239 1159 objectari,
2271 1105 2588 1158 persuasum
2621 1091 2669 1146 ei
2698 1091 2770 1145 sit
2797 1093 2887 1160 qui
2917 1091 3360 1147 consideraverit

1777 1182 2012 1252 reliquos
2067 1181 2411 1237 Christianos
2458 1183 2600 1237 inter
2633 1183 2972 1251 precandum
3025 1198 3091 1236 ne
3123 1183 3192 1238 iis
3237 1184 3360 1250 qui-

1774 1266 1895 1321 dem
1936 1267 2157 1322 vocibus
2189 1269 2264 1322 uti
2307 1285 2429 1338 qua:
2479 1269 2681 1325 divinis
2727 1270 2779 1324 in
2821 1270 3118 1338 Scripturis
3164 1273 3358 1341 posita:

1776 1357 1941 1411 Deum
1967 1359 2182 1427 praprio
2199 1360 2419 1414 nomine
2434 1360 2752 1429 designant;
2775 1361 2868 1415 sed
2885 1360 2925 1415 G
2937 1375 3106 1415 rzeeos
3140 1360 3180 1416 (ἶ
3192 1376 3354 1428 raece,

1776 1446 2048 1504 Romanos
2080 1450 2293 1519 Latine,
2319 1463 2373 1506 et
2407 1454 2487 1506 sic
2520 1452 2765 1521 singulas
2790 1463 2978 1521 gentes
3011 1453 3177 1507 Deum
3223 1468 3355 1522 pro-

1774 1540 1889 1608 pria
1919 1541 2098 1611 lingua
2133 1533 2348 1611 precari
2382 1553 2434 1597 et
2479 1543 2668 1598 laudes
2709 1550 2826 1612 ejus
2859 1560 2956 1614 pro
2991 1545 3196 1599 viribus
3222 1559 3356 1598 con-

1771 1633 2084 1698 celebra-re;
2114 1635 2356 1688 omnium
2388 1650 2517 1689 vero
2544 1635 2852 1704 linguarum
2875 1635 3162 1689 Dominum
3184 1623 3356 1690 etian-

1773 1726 1888 1780 dire
1917 1741 2242 1796 quacunque
2277 1728 2456 1797 lingua
2495 1743 2804 1797 precemur,
2836 1729 2989 1797 quasi
3030 1744 3156 1792 una,
3187 1737 3241 1782 ut
3279 1727 3352 1782 ita

116 1829 264 1898 πάσης
292 1825 572 1878 διαλέκτου
599 1823 904 1892 εὐχομένων
943 1819 1151 1882 ἀκούει,
1185 1817 1262 1881 ὼς
1294 1818 1441 1888 μιᾶς,
1479 1817 1543 1869 ἵν’
1575 1815 1666 1868 οῦ-

1784 1820 1984 1887 ioquar,
2015 1834 2116 1873 vox
2153 1829 2418 1888 quantum
2447 1820 2512 1873 ad
2546 1821 2854 1890 signiﬁcata
2891 1821 3120 1876 diversis
3157 1821 3356 1891 linguis

114 1935 199 1980 τως
242 1916 507 1986 ὀνομάσω,
558 1913 762 1994 φωνῆς,
815 1911 914 1981 τῆς
960 1909 1101 1963 κατὰ
1151 1907 1220 1961 τὰ
1271 1905 1667 1986 σημαινόμενα,

115 2008 312 2073 ἁκούων,
341 2005 680 2076 δηλουμένης
706 2005 768 2054 ἐκ
789 2001 898 2054 τῶν
929 2000 1187 2054 ποικίλων
1209 1998 1503 2052 διαλέκτων
1535 1995 1668 2067 (50).

115 2103 173 2152 υύ
198 2100 294 2169 γάρ
323 2102 470 2150 ἐστιν
503 2097 532 2147 ὁ
568 2095 658 2147 ἐπὶ
693 2096 826 2147 πᾶσι
855 2092 988 2156 Θεὸς
1027 2086 1107 2155 εἷς
1138 2109 1220 2154 τις
1249 2091 1358 2143 τῶν
1393 2088 1673 2160 κεκληρω-

117 2193 264 2262 μένων
294 2189 574 2244 διὰλεκτόν
617 2205 740 2240 τινα
775 2185 1049 2256 βάρϐαρον
1079 2185 1111 2256 ἢ
1145 2184 1401 2254 Ἕλληνα,
1445 2183 1540 2235 καὶ
1571 2198 1674 2251 μη-

114 2285 207 2336 κέτι
240 2283 332 2346 τάς
366 2281 562 2344 λοιπάς
605 2279 1003 2348 ἐπισταμένων,
1041 2278 1073 2347 ἢ
1115 2276 1312 2346 μηκέτι
1344 2273 1454 2326 τῶν
1491 2275 1548 2326 ἐν
1581 2273 1673 2325 ἄλ-

113 2377 208 2440 λαις
232 2376 527 2437 διαλέκτοις
559 2373 826 2440 λεγόντων
862 2367 1260 2442 φροντιζόντων
1297 2367 1429 2437 (51).

169 2466 287 2523 Εἶτα
322 2468 458 2540 μετὰ
489 2466 681 2529 ταῦτα,
717 2466 834 2536 ἦτοι
878 2462 1106 2534 μηδενὸς
1134 2460 1374 2523 ἀκούσας
1409 2461 1668 2530 Χριστια-

113 2561 265 2632 vri-3J1
305 2577 449 2623 τινος
488 2559 598 2612 ἀπὸ
629 2557 736 2610 τῶν
786 2554 996 2608 πολλῶν
1032 2553 1350 2624 παρανόμου
1386 2552 1478 2604 καὶ
1512 2552 1674 2603 ἀπαι-

112 2654 290 2718 δεύτου,
324 2655 455 2724 φησι
482 2655 610 2716 τοὺς
647 2650 1005 2722 Χριστιανοὺς
1027 2647 1206 2715 λέγειν
1225 2663 1238 2675 ’
1278 2644 1454 2706 Ἰδοὺ,
1485 2657 1673 2711 παρα-

113 2749 239 2814 στὰς
287 2747 361 2813 τῷ
411 2745 709 2814 ἀγάλματι
751 2741 856 2796 τοῦ
901 2740 1055 2806 Διὸς,
1102 2739 1140 2809 ἢ
1184 2738 1587 2801 Ἀπόλλωνος,
1633 2735 1671 2802 ἢ

113 2838 229 2892 ὅτου
269 2836 488 2904 δήποτε
523 2833 672 2889 Θεοῦ
720 2833 852 2903 (52),
878 2827 1248 2897 βλασφημῶ,
1288 2826 1387 2880 καὶ
1425 2823 1671 2893 ῥαπίζω,

113 2931 190 2983 καὶ
223 2929 395 2983 οὐδέν
425 2945 504 2997 με
535 2926 854 2995 ἀμύνεται·
898 2923 998 2992 οὐχ
1026 2921 1189 2992 ὁρῶν,
1233 2921 1315 2972 ὅτι
1360 2921 1417 2971 έν
1449 2921 1513 2989 τῇ
1555 2916 1674 2988 θείᾳ.

111 3021 369 3092 νομοθεσίᾳ
409 3019 810 3091 προστέτακται
857 3015 996 3085 μετά
1043 3012 1151 3066 τῶν
1205 3011 1379 3066 ἄλλων
1428 3010 1536 3081 (55)
1581 3008 1674 3062 καὶ

109 3113 178 3176 τὸ,
203 3113 376 3178 Θεοὺς
401 3114 473 3165 οὺ
503 3107 941 3178 κακολογήσας
960 3121 974 3136 ⁸
1005 3107 1092 3158 ἵνα
1131 3105 1205 3176 μὴ
1234 3103 1482 3172 ἐθίζηται
1517 3101 1673 3172 ἡμῶν

1773 1911 2136 1979 exprimatur.
2167 1912 2353 1981 Neque
2399 1912 2562 1982 770
2590 1913 2732 1966 enim
2764 1913 2905 1968 Deus
2930 1928 2993 1967 ex
3022 1928 3210 1968 eorum
3251 1930 3353 1966 nu—

1775 2017 1929 2056 mero
1958 2013 2062 2067 est,
2097 2003 2190 2072 qui
2237 2003 2523 2057 barbaram
2557 2012 2650 2056 aut
2684 2002 2932 2058 Graecam
2968 2004 3204 2074 linguam
3237 2021 3354 2057 sor-

1777 2095 1858 2148 titi
1889 2103 2113 2149 caeteras
2147 2095 2421 2164 ignorant,
2461 2094 2703 2164 nihilque
2745 2105 2944 2150 curant
2976 2111 3076 2150 eos
3098 2096 3190 2166 qui
3233 2096 3356 2150 aliis

1776 2185 1972 2256 linguis
2002 2186 2315 2255 loquuntur.

1851 2449 1942 2505 58.
1978 2449 2196 2514 Postea,
2229 2449 2370 2518 quod
2403 2459 2496 2504 aut
2545 2465 2610 2503 ex
2665 2451 2881 2506 nemine
2914 2450 3230 2506 Christiano
3258 2463 3357 2507 aut

1776 2558 1842 2596 ex
1871 2542 2078 2611 vulgari
2109 2543 2365 2611 quopiam
2417 2543 2583 2608 impio
2624 2551 2679 2596 et
2717 2542 2974 2609 imperito
3016 2544 3248 2608 audivit,
3281 2545 3357 2598 ait

1776 2633 2122 2688 Christianos
2189 2630 2580 2687 dicerezEccc
2632 2635 2883 2687 accedens
2930 2635 2998 2687 ad
3053 2635 3201 2690 Jovis
3261 2646 3355 2688 aut

1777 2723 2037 2794 Apollinis
2063 2732 2154 2776 aut
2185 2724 2462 2794 cujuslibet
2493 2723 2712 2778 alterius
2737 2725 2822 2778 dei
2845 2727 3210 2792 simulacrum,
3231 2745 3357 2780 con-

1777 2817 2009 2870 tumeliis
2037 2815 2173 2868 illud
2197 2815 2397 2870 lacesso
2418 2816 2687 2886 alapisque
2710 2818 2872 2880 credo,
2903 2835 2995 2875 nec
3013 2828 3186 2872 tamen
3217 2819 3351 2874 ulci-

1777 2911 1962 2964 scitur.
1997 2907 2180 2963 Nescit
2213 2909 2466 2963 videlicet
2497 2909 2547 2962 in
2582 2908 2700 2978 lege
2728 2909 2908 2963 divina
2939 2909 3040 2979 legi
3068 2911 3210 2965 inter
3249 2911 3353 2966 alia

1779 3003 1916 3057 hanc
1951 3002 2372 3072 prohibitionem
2408 3019 2420 3054 :
2453 3000 2565 3054 Diis
2597 3017 2700 3054 non
2740 3001 2982 3056 detrahes
3001 3004 3067 3068 ⁷⁸,
3103 3014 3158 3058 ιιι
3193 3019 3257 3058 ne
3292 3019 3356 3059 os

1781 3102 2022 3149 nostrum
2055 3103 2332 3148 assuescat
2362 3080 2612 3162 cuiquam
2640 3092 2967 3148 maledicere
2991 3112 3004 3145 :
3031 3096 3230 3164 quippe
3259 3099 3353 3166 qui

109 3203 158 3254 τὸ
192 3204 351 3274 στόμα
395 3200 676 3256 ὁντιναοῦν
722 3197 1061 3266 κακολογεῖν,
1114 3195 1439 3256 ἀκουόντων,
1485 3194 1672 3246 Εὐλο-

1784 3185 2110 3240 audierimus
2140 3206 2152 3240 ι
2181 3183 2504 3249 Benedicite,
2541 3192 2587 3235 et
2639 3181 2800 3236 nolite
2843 3183 3152 3238 maledicere
3175 3186 3240 3252 “’9,
3299 3194 3356 3238 et

110 3295 259 3364 γεῐτε,
289 3296 384 3348 καὶ
407 3293 494 3364 μὴ
527 3289 867 3359 καταρᾶσθε
886 3308 898 3320 ’
933 3291 1026 3344 καὶ
1053 3287 1477 3358 διδασκομένων,
1510 3285 1592 3337 ὅτι
1624 3286 1671 3336 οἱ

107 3389 338 3456 λοίδοροι
360 3386 692 3452 βασιλείαν
722 3381 870 3435 Θεοῦ
891 3383 958 3434 οὑ
985 3377 1540 3448 κληρονομήσουσι.
1577 3375 1673 3438 Τίς

107 3479 141 3530 δ’
167 3481 325 3544 οὕτως
370 3483 427 3532 ὲν
463 3481 596 3549 ἡμῖν
644 3475 870 3546 ἠλίθιος,
904 3474 979 3536 ὼς
1007 3473 1180 3526 ταῦτα
1224 3472 1423 3540 λέγειν,
1461 3469 1554 3523 καὶ
1600 3467 1672 3539 μὴ

107 3572 237 3641 ὀρᾷν,
273 3572 349 3623 ὅτι
381 3571 532 3622 οὐδὲν
564 3567 786 3620 δύναται
824 3565 886 3616 τὸ
925 3558 1135 3615 τοιοῦτο
1179 3561 1316 3632 πρὸς
1351 3561 1673 3630 καθαίρεσιν

106 3663 190 3731 τῆς
216 3663 335 3734 περὶ
363 3663 470 3714 τῶν
504 3657 876 3730 νομιζομένων
900 3653 1036 3707 θεῶν
1058 3652 1412 3725 ὑπολήψεως
1443 3653 1578 3704 ὅπου
1610 3666 1674 3718 γε

108 3757 185 3808 xz".
224 3757 270 3808 oi
318 3757 495 3825 πάντῃ
543 3752 714 3813 ἄθεοι,
771 3749 864 3803 καὶ
905 3747 1003 3818 τὴν
1049 3746 1314 3817 Πρόνοιαν
1367 3743 1671 3805 ἀνελόντες,

108 3850 186 3899 καὶ
214 3849 454 3918 σύστημα
488 3842 852 3915 νομιζομένων
880 3839 1182 3909 φιλοσόφων
1213 3835 1299 3890 διὰ
1329 3835 1437 3888 τῶν
1475 3833 1675 3906 μοχθη-

109 3939 201 4009 ρῶν
242 3939 521 4010 δογμάτων
564 3934 657 3988 κα)⁵
692 3931 906 3986 ἀσεϐῶν
938 3932 1323 4001 γεννήσαντες,
1361 3927 1472 3981 οὔτ’
1522 3926 1676 3981 αὐτοὶ

109 4033 411 4087 πεπόνθασιν
443 4026 519 4084 ὧν
554 4029 664 4099 (54)
701 4028 748 4080 οἱ
783 4025 969 4078 πολλοὶ
1012 4024 1290 4096 νομίζουσι
1319 4019 1526 4082 κακῶν,
1562 4017 1674 4071 οὔθ’

109 4125 148 4178 οἱ
179 4124 241 4176 τὰ
278 4125 501 4178 ἐκείνων
537 4119 915 4189 ἀσπασάμενοι
953 4116 1200 4186 δόγματα
1224 4132 1236 4144 ⁸
1276 4114 1411 4167 ἀλλὰ
1441 4113 1550 4184 γὰρ
1583 4113 1678 4167 καὶ

110 4216 370 4270 πλουτοῦσι
408 4217 502 4270 καὶ
544 4213 848 4283 ὑγιαίνουσι
880 4210 949 4262 τὰ
1001 4208 1250 4279 σώματα.
1289 4208 1351 4259 Ei
1381 4205 1438 4258 δὲ
1473 4205 1676 4279 βλάϐην

110 4326 178 4373 τις
202 4311 346 4383 ζητεί
376 4312 433 4364 ὲν
465 4309 718 4372 ἐκείνοις,
742 4306 942 4383 ὁράτω,
967 4305 1049 4356 ὅτι
1074 4300 1290 4373 ἀληθῶς
1310 4301 1415 4353 εἰσι
1441 4299 1675 4370 βεϐλαμ-

112 4399 242 4465 μένοι
275 4401 405 4472 (55).
434 4399 573 4452 Ποία
602 4397 710 4468 γὰρ
743 4394 942 4467 μείζων
973 4393 1142 4463 βλάϐη
1169 4390 1264 4444 τοῦ
1297 4391 1370 4462 μὴ
1402 4394 1544 4444 νοεῖν
1569 4388 1676 4443 ἀπὸ

110 4492 195 4562 τῆς
234 4495 433 4561 τάξεως
477 4491 573 4546 τοῦ
626 4491 831 4561 κόσμου
879 4489 971 4542 τὸν
1019 4486 1392 4556 πεποιηκότα;
1433 4483 1568 4535 Ποία
1616 4480 1672 4534 δὲ

108 4587 286 4658 χείρων
333 4585 680 4656 ταλαιπωρία
727 4582 819 4636 τοῦ
849 4579 1220 4650 τετυφλῶσθαι
1255 4575 1365 4647 (56)
1400 4575 1492 4628 τὸν
1525 4573 1669 4637 νοῦν,

109 4681 191 4731 καὶ
222 4682 291 4753 μὴ
325 4680 544 4751 βλέπειν
573 4677 666 4730 τὸν
704 4675 905 4737 παντὸς
943 4672 1034 4726 νοῦ
1073 4668 1402 4742 δημιουργὸν
1433 4667 1527 4720 καὶ
1560 4665 1672 4718 Πα-

106 4777 226 4848 τέρα
243 4795 258 4843 ;

1777 3277 2132 3332 didicerimus
2164 3276 2290 3346 quia
2328 3274 2571 3328 maledici
2604 3290 2819 3343 regnum
2859 3274 2951 3328 Dei
2985 3291 3086 3326 non
3113 3278 3354 3343 posside-

1777 3370 1982 3424 bunt”.
2040 3368 2105 3422 Et
2153 3368 2274 3438 quis
2314 3367 2455 3420 inter
2506 3381 2606 3421 nos
2641 3366 2716 3420 ita
2751 3365 2976 3420 insanus
3006 3375 3088 3420 est
3133 3379 3192 3420 ut
3241 3370 3358 3424 haec

1776 3464 1942 3527 dicat,
1977 3475 2075 3516 nec
2107 3462 2294 3516 videat
2325 3459 2459 3513 nihil
2495 3458 2802 3528 hojusmodi
2833 3455 3060 3528 iniurias
3095 3461 3357 3527 prodesse

1777 3555 1842 3609 ad
1879 3551 2234 3614 evellendam,
2279 3565 2398 3620 quae
2443 3552 2510 3605 de
2539 3550 2641 3604 diis
2689 3560 2953 3619 concepta
2989 3559 3093 3614 est,
3137 3552 3356 3618 opinio-

1777 3644 1933 3700 nem?
1967 3659 2090 3698 cum
2119 3641 2320 3696 fuerint
2356 3640 2606 3694 homines
2635 3640 2745 3707 qui,
2779 3639 2905 3694 licet
2938 3640 3160 3696 omnino
3183 3640 3353 3695 Deum

1777 3753 1880 3792 non
1914 3742 2273 3807 agnoscerent
2301 3741 2358 3786 et
2405 3730 2808 3786 Providentiam
2844 3731 3119 3795 tollerent,
3147 3739 3200 3786 et
3235 3746 3360 3801 per-

1777 3827 1999 3883 niciosis
2033 3825 2318 3895 impiisque
2349 3823 2626 3893 dogmatis
2657 3831 2838 3876 ortum
2886 3823 3142 3876 dederint
3192 3825 3360 3878 sectis

1776 3921 2135 3990 quorumdam
2174 3917 2278 3988 qui
2314 3914 2626 3986 phil050phi
2677 3916 2968 3977 habentur,
3002 3914 3137 3968 nihil
3176 3924 3358 3968 tamen

1776 4027 1962 4066 eorum
1996 4009 2139 4080 passi
2170 4019 2298 4063 sunt
2327 4022 2449 4076 qua:
2477 4005 2670 4075 vulgus
2703 4003 2842 4058 mala
2868 4003 3096 4071 judicat,
3134 4017 3233 4057 nec
3264 4005 3358 4071 qui

1776 4119 1966 4160 eorum
2000 4102 2349 4174 dogmatibus
2395 4096 2913 4153 adhmseruntzimo
2971 4095 3243 4149 ditescunt
3299 4105 3360 4148 et

1777 4199 1896 4254 sani
1937 4211 2168 4266 corpore
2218 4204 2366 4249 sunt.
2408 4191 2728 4259 Quanquam
2775 4189 2820 4242 si
2867 4187 3251 4242 detrimentum
3300 4188 3355 4241 in

1777 4297 1886 4352 illis
1922 4308 2160 4366 quaeras,
2190 4290 2397 4345 videbis
2427 4302 2522 4343 eos
2558 4300 2684 4340 vere
2720 4283 3108 4371 detrimentum
3141 4297 3353 4351 passos.

1777 4389 1912 4444 Nam
1940 4386 2083 4456 quod
2122 4383 2295 4453 majus
2322 4381 2709 4437 detrimentum
2750 4384 2854 4439 est,
2883 4389 3043 4443 quam
3071 4387 3135 4426 ex
3166 4374 3358 4427 mundi

1779 4479 2088 4538 conditione
2117 4490 2223 4530 non
2260 4471 2562 4540 intelligere
2590 4465 2983 4523 Conditorem?
3021 4465 3217 4534 Ecqua:
3251 4465 3359 4518 mi-

1778 4573 1922 4630 seria
1953 4572 2126 4641 pejor,
2157 4581 2321 4637 quam
2365 4577 2508 4618 caeca
2555 4567 2734 4614 mente
2762 4572 2882 4612 esse
2909 4567 2962 4610 et
3014 4573 3118 4611 non
3176 4556 3360 4612 videre

1779 4665 2042 4722 mentium
2071 4659 2313 4717 muniunt
2349 4653 2602 4726 opiﬁcem
2629 4660 2683 4708 et
2719 4649 2977 4705 Patrem?

170 4933 214 4967 ⁷⁸
247 4933 411 4989 Exod.
471 4945 608 4997 χχιι,
648 4927 738 4982 ‘28.
814 4927 860 4958 ⁷⁹
893 4925 1051 4979 Rom.
1083 4938 1182 4988 xu,
1219 4921 1306 4976 14.
1381 4919 1427 4951 ⁸ο
1469 4917 1488 4970 ι
1527 4916 1652 4972 Cor.
1685 4929 1759 4978 vl,
1789 4913 1878 4967 lO.

171 5089 276 5159 (Ξῖ)
313 5089 565 5159 Altini-aq.
589 5084 743 5138 Libh.
771 5081 984 5159 editiin
1023 5077 1286 5159 margine,
1319 5072 1640 5159 κόσμον.Βή

174 5140 277 5231 eges
313 5140 488 5215 ὃὸῖιὼ
515 5140 667 5225 'neg.
695 5165 750 5209 et
779 5151 971 5218 Basil.,
1001 5140 1290 5202 πειθέσθω.
1319 5140 1480 5198 Libb.
1512 5140 1664 5202 editi,

109 5223 364 5284 πυθέσθω.

173 5279 547 5372 (ᾒίΧοιποί.
603 5294 877 5364 Spenccro
932 5290 1149 5344 videtur
1201 5283 1524 5355 legendum,
1573 5279 1669 5332 λό-

110 5387 277 5512 T"ign
318 5439 459 5512 τῆς
478 5434 644 5512 κατὰ.
661 5433 732 5487 τὰ
773 5429 1212 5512 (inparatam:
1231 5417 1667 5512 ,deééwefj':

107 5490 507 5581 105,154,532;
558 5503 690 5581 alii?
712 5575 722 5581 _
743 5490 1044 5581 ποικίλων-⁷
1077 5490 1667 5581 διαλέκτωγιῃϐιιξςιρ

111 5568 226 5636 ιιωὲ
244 5568 410 5636 aliena
437 5575 758 5634 etaddititia
787 5575 1057 5627 videntur.
1086 5569 1202 5635 Qua
1219 5568 1286 5621 de
1319 5576 1504 5624 causa,
1522 5568 1666 5629 igno-

113 5667 227 5704 rare
257 5669 337 5706 me
364 5651 585 5717 fateor,
695 5713 706 5717 Α
1064 5706 1113 5717 η
1165 5707 1204 5717 η
1281 5705 1293 5717 ,
1419 5700 1458 5717 η
1503 5699 1538 5717 _.

176 5699 660 5791 lgliulliesehelius
693 5713 949 5791 intexta,
979 5706 1138 5765 codd.
1165 5705 1384 5777 Regius,
1419 5699 1584 5756 Basil.
1612 5706 1664 5752 et

112 5779 212 5847 duo
237 5779 535 5862 A'nglicani,
565 5779 897 5856 φροντίζειν.

1842 5063 1959 5197 (ἓξ)
1999 5061 2104 5118 Pro
2148 5057 2285 5114 Θεοῦ
2341 5056 2499 5112 codd.
2532 5053 2665 5124 Reg.
2691 5061 2742 5106 et
2774 5046 3100 5104 Basileensis
3154 5046 3356 5100 habent
3423 5097 3430 5101 _

1842 5154 1857 5187 Ι
1925 5173 1938 5186 .
2676 5190 2719 5197 __
2859 5189 2870 5197 _
3022 5196 3027 5197 γ
3090 5188 3100 5197 ι

1773 5153 1938 5189 τινος.

1845 5188 1961 5276 (δ’ὄ)
2001 5200 2162 5276 Μετὰ
2218 5197 2337 5276 τῶν
2397 5195 2623 5250 ἄλλων.
2676 5190 2802 5244 lianc
2840 5189 3034 5242 desunt
3089 5188 3140 5240 in
3194 5197 3354 5238 antea

1777 5272 2738 5345 editis,sedarestituu‘nture‘rnss.
2863 5321 2932 5345 τ,
3012 5324 3200 5345 ηδε-.-
3273 5323 3322 5345 __:

1845 5324 2157 5416 (ξῦίὸέῦϊ
2199 5337 2369 5416 ainon
2424 5337 2802 5416 πεπόνθασιν
2851 5324 2980 5416 ᾤκιι
3011 5324 3359 5416 quieto—Ii-

1773 5393 2161 5471 deiur’fors—an
2218 5409 2602 5472 scribendum,
2654 5399 2762 5454 οὔτ’
2823 5397 2981 5451 αὐτοί
3035 5413 3090 5449 τι
3155 5393 3361 5448 πεπόν-

1774 5490 1930 5538 θασιν
1960 5477 2056 5537 ὧν.

1831 5534 2166 5640 ξζδδῑιιιδι).
2214 5546 2342 5602 editi
2395 5547 2449 5599 in
2499 5544 2783 5612 margine,
2832 5539 2968 5591 εἰσὶν
3015 5536 3064 5587 oi
3117 5534 3358 5605 βεϐλαμ-

1822 5641 1843 5663 ο
1914 5641 1949 5676 ι.

1778 5641 1959 5766 9-86)
1988 5692 2150 5748 Iidem
2184 5690 2234 5742 in
2273 5684 2542 5753 margine,
2568 5681 2662 5734 τοῦ
2690 5699 2749 5735 τε
2782 5675 3140 5748 τυφλοῦσθαι.
