3866 6398
215 282 232 335 l
243 281 332 338 577

1331 283 1612 340 CONTRA
1644 285 1924 345 CELSUM
1961 284 2092 343 LIB.
2148 286 2288 344 Vlll.

3304 289 3442 343 1578

204 402 268 455 Θύ
296 397 425 452 κατὰ
458 399 545 452 τὸν
577 401 819 470 παρόντα
849 402 906 456 δὲ
939 403 1128 476 καιρόν
1158 405 1272 457 ἐστι
1305 404 1668 476 διηγήσασθαι
1699 407 1749 459 τί

1859 409 2088 478 peccatis
2112 424 2282 478 usque
2308 408 2373 462 ad
2403 406 2622 461 tertiam
2657 416 2708 461 et
2740 414 2992 475 quartam
3028 405 3443 475 generationem

201 491 430 562 σημαίνει
477 493 508 561 ή
544 494 669 564 περὶ
704 493 797 547 τοῦ
828 497 920 548 ἐπὶ
953 495 1066 567 (40)
1117 497 1308 568 τρίτην
1360 497 1454 549 καὶ
1482 499 1750 571 τετάρτην

199 582 372 652 γενεὰν
399 582 738 638 ἀποδίδοσθαι
769 586 867 650 τὰς
897 588 1169 658 ἁμαρτίας
1200 587 1500 659 παραϐολή.

260 670 402 740 Εἶτα,
452 674 526 738 ὡς
560 677 614 728 αί
645 678 834 748 γρᾶες,
875 678 1371 750 διαλοιδορούμενος
1412 682 1542 751 ἡμῖν
1586 697 1747 750 φησι·

198 766 270 820 Σὺ
287 765 388 836 μὲν
409 766 478 820 τὰ
500 767 810 837 ἀγάλματα
831 771 1056 824 τούτων
1080 770 1366 840 λοιδορῶν
1389 771 1749 842 καταγελᾷς,

197 858 256 924 ὃς
287 860 465 912 αὐτόν
496 876 561 928 γε
601 860 720 931 «(41)
749 862 856 915 τὸν
895 864 1189 917 Διόνυσον
1227 862 1266 931 ἢ
1301 863 1407 916 τὸν
1470 864 1755 932 Ἡρακλέα

194 951 439 1018 παρόντα
495 953 546 1004 εί
594 952 1005 1021 ἐλοιδόρησας,
1057 956 1175 1008 οὐκ
1221 952 1298 1007 ἂν
1346 953 1494 1020 ἴσως
1533 956 1755 1024 χαίρων

193 1040 566 1108 ἀπήλλαξαςο
611 1042 720 1096 τὸν
765 1042 832 1095 δὲ
866 1044 981 1097 σὸν
1015 1044 1162 1096 Θεὸν
1199 1045 1465 1111 παρόντα
1493 1046 1756 1098 κατατεί-

194 1147 384 1196 νοντες
409 1132 507 1184 καὶ
535 1131 906 1199 κολάζοντες,
936 1133 1116 1188 οὐδὲν
1140 1138 1193 1188 οὶ
1215 1134 1401 1188 ταῦτα
1422 1133 1754 1203 δράσαντες

195 1225 546 1278 πεπόνθασιν
566 1243 579 1256 ·
631 1227 766 1280 ἀλλ’
795 1226 936 1280 οὐδὲ
968 1227 1116 1296 μετὰ
1157 1227 1343 1281 ταῦτα
1383 1227 1453 1279 ἐν
1489 1228 1755 1292 τοσούτῳ

188 1315 290 1382 ,ϐίῳ
317 1313 420 1384 (42)
463 1331 517 1366 τι
551 1315 762 1368 καινὸν
799 1314 868 1379 ἐξ
899 1316 1133 1370 ἐκείνου
1162 1316 1368 1387 γέγονε
1394 1315 1474 1380 τῷ
1511 1318 1754 1370 πιστεύ-

191 1421 348 1458 σαντι
394 1404 489 1469 ἂν,
537 1408 620 1472 ὡς
677 1410 790 1461 οὐκ
822 1404 901 1478 ἦν
954 1408 1183 1476 ἐκεῖνος
1235 1407 1544 1476 ἄνθρωπος
1591 1409 1751 1478 γόης,

191 1497 332 1552 ἀλλὰ
361 1498 506 1552 Θεοῦ
541 1499 690 1566 Παῖς
707 1517 726 1564 ;
744 1501 852 1554 Kal
883 1503 914 1554 ό
941 1499 1319 1570 πέμψαςιᾶρα
1349 1500 1455 1554 τὸν
1493 1502 1628 1554 Υἱὸν
1649 1501 1754 1570 ἀγι-

191 1590 478 1660 γελμηιίτων
518 1591 631 1663 (45)
671 1590 850 1645 τινῶν
890 1593 1109 1658 εἵνεκα,
1145 1592 1332 1658 οὕτως
1368 1591 1536 1661 ὠμῶς
1576 1595 1755 1646 κολα-

189 1682 411 1745 σθέντα,
442 1683 524 1749 ὼς
545 1682 995 1752 συνδιαρθεῷαι
1024 1684 1118 1737 καὶ
1145 1687 1218 1736 τὰ
1243 1683 1579 1753 ἀγγέλματα
1597 1696 1755 1750 περι-

190 1772 320 1826 ιδεῖν
356 1773 488 1843 (44),
521 1775 620 1828 καὶ
667 1775 958 1828 τοσούτου
1004 1775 1227 1844 χρόνου
1273 1773 1616 1840 διελθόντος
1644 1777 1752 1828 οὐκ

187 1864 539 1934 ἐπεστράφη.
588 1867 684 1931 Τίς
711 1866 897 1932 οὕτως
932 1867 1179 1932 ἀνόσιος
1214 1865 1442 1935 πατήρ;
1499 1865 1754 1933 Ἐκεῖνος

184 1957 284 2024 μὲν
317 1953 428 2013 οὖν
472 1956 664 2026 τυχὸν
705 1959 1002 2022 ἐϐούλετο,
1035 1959 1115 2024 ὡς
1142 1957 1282 2027 φὴς,
1314 1959 1412 2012 διὰ
1444 1959 1618 2013 τοῦτο
1653 1975 1755 2012 πε-

182 2047 503 2115 ριυϐρίζετο·
539 2048 668 2102 οἵδε
691 2049 777 2114 δὲ,
805 2051 910 2117 οὓς
934 2050 1013 2104 σὺ
1035 2050 1443 2120 βλασφημεῖς,
1469 2051 1619 2121 ἐνῆν
1641 2051 1756 2120 μὲν

184 2139 376 2205 εἰπεῖν,
428 2141 520 2193 ὅτι
562 2141 662 2194 καὶ
705 2143 872 2195 αὐτοὶ
922 2143 1274 2206 βούλονται,
1319 2143 1416 2196 καὶ
1449 2143 1545 2197 διὰ
1592 2143 1752 2196 τοῦτ’

183 2232 479 2301 ἀνέχονται
534 2233 1075 2304 βλασφημούμενοι
1099 2251 1112 2264 ο
1171 2233 1243 2286 τὰ
1296 2233 1406 2303 γὰρ
1465 2233 1572 2287 ἶσα
1630 2233 1755 2299 τοῖς

184 2321 328 2389 ἴσοις
363 2325 740 2392 παραϐαλεῖν
782 2324 1121 2393 κράτιστον.
1169 2325 1317 2379 Ἀλλ’
1347 2321 1514 2380 οὗτοί
1547 2342 1613 2395 γε
1656 2326 1753 2378 καὶ

182 2415 398 2484 σφόδρα
434 2418 768 2486 ἀμύνονται
796 2417 902 2470 τὸν
930 2416 1433 2486 ,ϐλασφημο-ῦντα,
1464 2416 1593 2484 ἤτοι
1620 2417 1754 2485 φεύ-

182 2524 345 2573 γοντα
376 2507 473 2562 διὰ
502 2508 682 2561 τοῦτο
711 2509 808 2562 καὶ
834 2509 1265 2576 κρυπτόμενον,
1289 2506 1327 2576 ἣ
1355 2508 1758 2576 ἁλισκόμενον

179 2599 264 2651 καί
303 2599 751 2670 ἀπολλύμενον.
788 2601 895 2653 Καὶ
933 2599 1070 2671 πρὸς
1112 2598 1285 2654 ταῦτα
1324 2599 1368 2652 δ’
1409 2598 1614 2669 εἴποιμ’
1666 2597 1752 2663 ἂν,

180 2689 248 2740 ὅτι
267 2690 355 2743 καὶ
369 2691 538 2761 ἡμεῖς
557 2690 733 2744 οὐδενὶ
753 2689 1152 2762 λοιδορούμεθα,
1176 2690 1503 2762 πειθόμενοι,
1523 2691 1603 2743 ὅτι
1624 2692 1756 2744 Λοί-

179 2781 323 2849 ὃοροι
365 2782 706 2846 ,ϐασιλείαν
754 2781 901 2836 Θεοῦ
944 2783 1016 2836 οὐ
1059 2781 1620 2852 κληρονομήσουσι·
1661 2784 1755 2835 καὶ

179 2872 672 2943 ἀναγιγνώσκοντες
723 2875 807 2938 τὸ,
855 2873 1176 2945 Εὐλογεῒτε
1221 2874 1361 2940 τοὺς
1421 2874 1753 2944 καταρωμέ-

177 2982 308 3032 νους
342 2967 512 3036 ὑμῖν,
563 2967 678 3029 καὶ,
722 2965 1058 3037 Εὐλογεῖτε,
1105 2967 1202 3021 καὶ
1245 2967 1332 3036 μὴ
1387 2967 1751 3036 καταρᾶσθε·

178 3056 364 3122 εἰδότες
391 3060 450 3112 δὲ
479 3059 585 3113 καὶ
616 3059 697 3122 τὸ,
732 3057 1185 3127 Λοιδορούμενοι
1213 3059 1602 3130 εὐλογοῦμεν.
1646 3062 1755 3114 Καὶ
1783 3092 1825 3150 C

175 3147 316 3220 εἴπερ
367 3149 430 3203 τὸ
471 3149 736 3220 λοιδορεῖν
776 3149 888 3221 (45)
939 3151 1093 3220 λόγον
1133 3150 1254 3204 τινὰ
1301 3150 1413 3221 ἔχει
1450 3152 1746 3223 ἀμυντικὸν

175 3237 258 3290 τοῦ
292 3239 582 3302 δοκοῦντος
613 3239 922 3310 ἠδικῆσθαι,
961 3242 1055 3294 καὶ
1086 3241 1206 3294 οὐδὲ
1237 3240 1426 3296 τοῦτον
1463 3242 1748 3315 ἐπιτρέπει

173 3329 292 3398 ἡμῖν
315 3331 344 3382 ὁ
367 3329 461 3384 τοῦ
489 3328 633 3382 Θεοῦ
661 3330 832 3398 Λόγος
850 3347 862 3360 ·
897 3331 1048 3403 πόσῳ
1079 3332 1235 3386 πλέον
1264 3332 1392 3386 ἔνθα
1421 3332 1618 3403 πολλὴν
1640 3333 1751 3402 ἡλι-

175 3417 382 3491 θιότητα
439 3421 699 3494 ἐμφαίνει
750 3422 811 3476 τὸ
860 3422 1137 3495 λοιδορεῖν,
1184 3424 1246 3478 οὐ
1296 3423 1401 3496 χρὴ
1452 3425 1744 3496 λοιδορεῖν;

186 3510 400 3583 Ἐπίσης
443 3513 502 3566 δὲ
553 3513 759 3583 ἠλίθιον
792 3513 854 3567 τὸ
898 3514 1252 3586 λοιδορεῖσθαι
1289 3515 1442 3588 λίθῳ,
1473 3517 1506 3587 ἦ
1541 3517 1745 3589 χρυσῷ,

174 3598 204 3670 ἦ
233 3601 472 3675 ἀργύρῳ,
505 3605 622 3667 τοῖς
653 3605 1103 3677 μεμορφωμένοις
1131 3610 1209 3673 είς
1232 3608 1331 3680 τὴν
1356 3611 1748 3682 νενομισμένην

173 3693 275 3757 τοῖς
327 3695 554 3766 μακρὰν
609 3695 880 3767 θειότητος
934 3702 1260 3768 τυγχάνουσι
1321 3702 1458 3756 θεῶν
1514 3704 1744 3775 μορφήν.

175 3781 318 3837 Οὕτω
364 3785 423 3839 δὲ
474 3785 601 3839 οὐδὲ
648 3787 1036 3859 καταγελῶμεν
1094 3791 1202 3844 τῶν
1248 3790 1472 3862 ἀψύχων
1526 3789 1747 3856 ξοάνων,

171 3872 274 3926 ἀλλ’
312 3875 346 3946 ἢ
388 3877 502 3948 ἄρα
540 3876 649 3930 τῶν
694 3879 1138 3943 προσκυνούντων
1183 3883 1387 3946 αὐτοῖς.
1434 3882 1571 3934 Ἀλλ’
1617 3882 1748 3946 οὐδ’,

171 3963 228 4016 ἂν
265 3959 364 4019 foci
412 3985 566 4031 τινες
602 3967 853 4038 δαίμονες
895 3971 1225 4043 ἐνιδρυμένοι
1263 3974 1404 4026 τισὶν
1449 3973 1746 4044 ἀγάλμασι,

174 4056 255 4109 καὶ
291 4058 586 4131 νομίζηται
623 4061 650 4112 ὁ
693 4059 792 4129 μέν
818 4077 904 4123 τις
942 4061 1120 4116 αὐτῶν
1158 4060 1298 4117 εἴναι
1339 4063 1611 4130 Διόνυσος,
1648 4064 1678 4116 ὁ
1704 4061 1748 4115 δ’

181 4142 453 4220 Ἡρακλῆς
472 4190 488 4215 ,
528 4150 650 4202 οὐδὲ
682 4149 892 4214 τούτοις
923 4151 1307 4224 λοιδορούμεθα
1328 4170 1341 4183 ·
1374 4153 1600 4224 μάταιον
1638 4153 1748 4224 γὰρ

170 4237 224 4290 τὸ
249 4241 515 4306 τοιοῦτον,
549 4241 646 4294 καὶ
684 4241 933 4313 οὐδαμῶς
961 4244 1102 4298 κατὰ
1128 4245 1218 4298 τὸν
1259 4247 1434 4317 πρᾶον
1471 4245 1565 4298 καὶ
1595 4247 1748 4316 εἰρη-

1859 501 2148 556 reddendis
2208 501 2504 571 signilicet,
2561 499 2851 568 prccseutis
2904 501 3164 567 temporis
3218 512 3323 552 non
3357 508 3444 554 est.

1855 593 2059 660 explica
2070 607 2149 647 re.

1926 685 2014 738 41.
2051 684 2179 739 Post
2227 685 2339 739 haec
2387 683 2726 738 anicularum
2777 697 2926 736 more
2951 683 3265 738 convicians
3293 701 3305 736 :
3333 682 3442 748 ’l'u,

1856 773 2050 840 inquit,
2085 776 2354 827 maledicis
2399 773 2611 826 illorum
2663 773 2967 827 simulacris
3009 789 3172 842 eaque
3205 773 3438 827 ludibrio

1854 863 2010 916 habes
2043 879 2060 915 :
2090 864 2181 930 qui
2203 865 2247 915 si
2282 863 2484 915 Baccho
2530 862 2628 937 ipsi
2655 873 2747 915 aut
2782 861 3000 916 Herculi
3029 865 3277 932 prwsenti
3310 882 3438 918 con-

1855 956 2090 1010 viciatus'
2123 973 2279 1022 esses,
2323 957 2544 1024 fortasse
2595 955 2748 1012 lactus
2805 975 2905 1012 non
2941 959 3293 1014 discessisses.
3325 960 3435 1014 Sed

1856 1046 1945 1113 qui
1969 1056 2274 1113 pra’seutem
2293 1057 2440 1098 tuum
2471 1046 2634 1100 Deum
2661 1049 3029 1102 distenderant
3057 1050 3435 1121 suppliciisque

1856 1139 2238 1200 cruciaverunt,
2272 1138 2311 1190 ii
2352 1137 2412 1190 ob
2445 1138 2707 1208 ejusmodi
2735 1139 2943 1208 [acinus
2976 1139 3106 1193 nihil
3138 1141 3264 1194 mali
3286 1145 3432 1210 passi

1855 1237 1997 1290 sunt,
2025 1231 2114 1283 sed
2130 1246 2307 1300 ’neque
2336 1232 2489 1300 longo
2513 1240 2625 1297 post
2654 1230 2747 1282 illa
2771 1240 3020 1299 tempore.
3054 1231 3195 1297 Quid
3221 1235 3339 1286 novi
3363 1235 3430 1286 ab

1855 1316 1948 1371 illo
1975 1331 2198 1388 tempore
2240 1321 2428 1372 accidit
2461 1321 2600 1388 quod
2633 1320 2791 1387 ﬁdem
2826 1322 2988 1388 faciat
3031 1339 3150 1374 eum
3195 1338 3295 1374 non
3329 1322 3432 1374 int-

1854 1419 2113 1478 postorem
2145 1411 2423 1472 hominem,
2457 1411 2546 1464 sed
2582 1408 2780 1463 Filium
2818 1411 2910 1465 Dei
2954 1413 3103 1465 esse?
3149 1411 3250 1465 ille
3295 1414 3427 1480 ipse,

1855 1502 1944 1570 qui
1973 1499 2176 1554 Filium
2222 1503 2435 1555 miserat
2490 1511 2544 1554 ut
2598 1503 2840 1572 qua'dam
2889 1504 3256 1566 annuntiaret,
3308 1521 3426 1556 eum

1855 1603 2034 1664 postea
2069 1594 2145 1646 ita
2185 1593 2465 1647 crudeliter
2507 1597 2865 1647 excruciatum
2912 1605 2963 1646 ιιι
2997 1611 3102 1646 una
3143 1610 3261 1647 cum
3312 1595 3423 1662 ipso

1856 1687 2108 1739 mandata
2152 1685 2421 1753 perierint,
2479 1685 2720 1756 neglexit,
2758 1695 2805 1738 et
2850 1693 2922 1738 tot
2978 1685 3170 1754 elapsis
3215 1685 3423 1739 sa'cnlis

1789 1753 1963 1843 l5jam
2001 1775 2231 1827 nondum
2271 1774 2665 1842 expergiscitur.
2714 1773 2907 1844 Ecquis
2948 1787 3055 1828 tant
3104 1775 3422 1829 inhumanus

1856 1868 2045 1933 pater?
2083 1863 2185 1919 Sed
2231 1867 2388 1930 enim,
2439 1866 2630 1934 inquis,
2686 1883 2789 1920 non
2831 1866 3160 1920 contumeliis
3201 1865 3424 1934 alfectus

1856 1972 1951 2026 est,
1979 1962 2078 2014 nisi
2107 1962 2231 2030 quia
2275 1961 2498 2027 fortasse
2531 1962 2690 2016 voluit
2721 1979 2738 2014 :
2778 1970 2831 2014 at
2871 1978 3002 2030 quos
3028 1962 3320 2030 proscindis
3347 1961 3427 2014 in-

1845 2054 2031 2120 juriis,
2078 2053 2198 2106 illos
2253 2056 2410 2106 etiam
2450 2054 2617 2106 dicere
2661 2054 2778 2106 licet
2815 2053 2891 2106 sic
2933 2053 3153 2105 tractari
3196 2053 3342 2119 velle,
3373 2062 3422 2105 et

1857 2159 2130 2217 prapterea
2160 2149 2386 2218 injurias
2425 2165 2572 2218 αἰ]αο
2605 2150 2778 2200 animo
2811 2147 3058 2201 tolerare.
3105 2145 3244 2200 Nam
3275 2147 3423 2216 paria

1856 2241 2068 2308 paribus
2094 2240 2329 2308 conferre
2354 2238 2806 2308 optimum.772
2835 2236 3147 2306 Quanquam
3183 2235 3262 2290 illi
3294 2251 3420 2289 con-

1857 2332 2153 2384 uiciatorem
2197 2347 2367 2384 severe
2405 2331 2649 2396 puniunt,
2688 2329 2777 2396 qui
2824 2329 3018 2381 idcirco
3061 2336 3154 2381 aut
3210 2328 3345 2398 fugit
3373 2337 3424 2379 et

1857 2421 2051 2487 latitat,
2087 2433 2176 2475 aut
2201 2432 2382 2488 captus
2408 2427 2474 2474 ad
2503 2421 2815 2490 supplicium
2835 2421 3180 2488 protrahitur.
3200 2419 3279 2472 Ad
3311 2419 3426 2472 hinc

1861 2512 2158 2580 respondeo
2207 2512 2530 2565 maledicere
2587 2525 2684 2563 nos
2739 2509 2962 2562 nemini.
3024 2509 3238 2562 Scimus
3277 2507 3423 2566 enim

1857 2603 2137 2657 maledicos
2171 2603 2265 2656 Dei
2297 2619 2510 2672 regnum
2539 2618 2642 2655 non
2673 2617 3004 2670 possessurus
3028 2616 3137 2652 esse
3159 2598 3228 2663 3°;
3258 2607 3312 2652 et
3343 2599 3422 2653 le-

1857 2696 2038 2766 gimus
2070 2714 2082 2749 :
2118 2695 2278 2751 Orate
2309 2713 2403 2763 pro
2445 2695 2838 2748 exsecrantibus
2875 2694 3041 2758 vos”;
3074 2699 3128 2746 et
3153 2711 3167 2746 :
3194 2690 3422 2746 Benedi—

1856 2760 1956 2840 cite
1977 2795 2026 2841 et
2055 2785 2211 2840 nolite
2236 2760 2628 2838 maledicere“.
2649 2782 2838 2836 Notum
2871 2782 3024 2836 nobis
3048 2795 3129 2836 εει
3161 2792 3216 2836 et
3243 2782 3420 2836 istud:
3450 2760 3461 2776 ’

1859 2878 2258 2942 Ilaledicimur,
2296 2886 2341 2929 et
2371 2874 2805 2928 benedicimus”.
2834 2870 2904 2926 Εἰ
2925 2873 3142 2942 quidem
3173 2874 3215 2927 si
3241 2875 3426 2928 convi—

1858 2968 2000 3022 cium
2055 2969 2338 3036 quamdam
2390 2966 2550 3020 habet
2618 2966 2868 3018 vindicue
2922 2965 3183 3019 rationem
3231 2964 3280 3019 ei
3330 2966 3423 3034 qui

1861 3057 2055 3128 injuria
2091 3056 2315 3112 allectus
2354 3056 2587 3119 videtur,
2631 3071 2731 3110 nec
2778 3057 2918 3111 hanc
2969 3055 3124 3111 nobis
3158 3057 3425 3126 permittit

1859 3153 2097 3207 Verbum
2152 3149 2282 3215 Dei,
2326 3160 2528 3218 quanto
2570 3148 2747 3202 minus
2798 3147 3121 3202 maledicere
3173 3156 3420 3217 oportet,

1856 3257 1977 3307 cum
2027 3242 2079 3295 id
2126 3240 2306 3294 facere
2356 3253 2546 3308 magna
2598 3238 2822 3292 stultitia
2861 3238 2977 3292 est?
3024 3237 3203 3306 IEque
3241 3248 3425 3294 autem

1854 3333 2078 3389 stultum
2103 3341 2186 3386 est
2213 3330 2534 3385 maledicere
2561 3329 2744 3400 lapidi,
2771 3340 2865 3384 aut
2895 3345 3050 3396 auro,
3081 3339 3172 3384 aut
3198 3338 3426 3398 argento

1855 3427 2025 3482 versis
2072 3427 2125 3480 in
2156 3425 2409 3489 formam,
2442 3438 2630 3491 quam,
2667 3422 2758 3491 qui
2791 3421 2971 3492 procul
3001 3430 3127 3477 sunt
3155 3436 3186 3476 a
3221 3421 3426 3476 Divini—

1858 3526 1985 3582 tate,
2014 3517 2238 3572 deorum
2266 3529 2389 3570 esse
2418 3513 2752 3569 existimant.
2777 3512 2962 3582 Neque
2989 3511 3154 3567 etiam
3187 3511 3424 3566 inanima

1857 3606 2146 3661 simulacra
2198 3604 2433 3659 ludibrio
2472 3603 2757 3668 habemus,
2800 3602 2894 3656 sed
2941 3616 3035 3656 eos
3081 3601 3171 3670 qui
3219 3600 3423 3655 cultum

1857 3698 1963 3753 illis
1999 3697 2260 3752 tribuunt.
2293 3695 2400 3750 Sed
2444 3708 2648 3763 neque,
2679 3696 2720 3748 si
2751 3693 2972 3762 quidam
3001 3693 3272 3747 (temones
3302 3690 3424 3760 qui-

1856 3787 2083 3842 busdam
2115 3785 2429 3840 simulacris
2471 3783 2679 3847 insunt,
2724 3797 2952 3852 quorum
2981 3782 3121 3836 alter
3148 3780 3422 3845 Bacchus,

1857 3881 1994 3935 alter
2022 3878 2279 3933 Hercules
2308 3885 2544 3943 putetur,
2569 3875 2673 3930 illis
2700 3875 3000 3930 convicium
3035 3873 3282 3929 facimus.
3315 3871 3426 3927 lloc

1857 3970 2002 4024 enim
2056 3983 2180 4023 cum
2232 3967 2420 4021 inutile
2453 3975 2556 4029 est,
2611 3974 2722 4019 tum
2770 3965 3006 4018 animam
3060 3971 3422 4024 mansuetam,

1859 4061 2140 4129 paciﬁcam
2191 4057 2650 4127 tranquillamque
2707 4057 2955 4120 dedecet,
3001 4070 3124 4108 cum
3173 4054 3425 4109 didicerit

1859 4149 2082 4214 nemini,
2115 4156 2595 4216 quantumcunque
2626 4145 2798 4200 malus
2825 4146 2918 4211 sit,
2943 4143 3236 4199 conviciari
3259 4158 3425 4215 opor-

1861 4250 1998 4304 tere,
2032 4241 2146 4294 sive
2172 4240 2334 4293 homo
2364 4239 2452 4303 sit,
2493 4239 2608 4292 sive
2635 4238 2863 4292 daemon.

170 4333 307 4386 ναῖον
341 4335 437 4388 καὶ
466 4333 704 4405 γαληνὸν
735 4335 832 4407 τὴν
865 4335 1061 4410 ψυχὴν,
1094 4341 1187 4393 καί
1223 4339 1481 4410 μαθόντα,
1509 4339 1590 4392 ὅτι
1619 4338 1739 4391 οὐδὲ
1773 4337 1862 4390 διὰ
1921 4335 2019 4407 τὴν
2061 4335 2258 4389 κακίαν
2311 4333 2393 4387 δεῖ
2437 4351 2541 4387 τινι
2583 4330 2934 4404 λοιδορεῖσθαι
2955 4370 2969 4397 ,
3003 4330 3098 4385 εἴτ’
3130 4328 3422 4402 ἀνθρώπῳ,

171 4421 270 4475 είτε
297 4425 540 4495 δαίμονι.

228 4520 339 4573 vim
363 4517 487 4574 οἶδα
516 4520 561 4573 δ’
591 4521 736 4585 ὅπως
778 4524 806 4576 ὁ
837 4523 1040 4585 Κέλσος
1073 4525 1220 4579 ἄκων
1254 4525 1508 4578 ἐνέπεσεν
1540 4523 1620 4587 εἰς
1664 4523 1746 4588 τὸ,

1924 4523 2014 4578 42.
2044 4521 2239 4576 Nescio
2272 4525 2451 4573 autem
2480 4514 2746 4585 quomodo
2793 4511 2978 4568 Celsus
3019 4513 3330 4581 imprudens
3356 4525 3424 4567 eo

169 4607 254 4672 οὓς
294 4612 401 4682 πρὸ
438 4611 671 4683 βραχέος
704 4612 910 4684 ὕμνησε
952 4613 1210 4684 δαίμονας
1253 4616 1285 4685 ἢ
1322 4615 1497 4678 θεοὺς,
1541 4613 1636 4668 νῦν
1669 4613 1746 4683 τῷ

167 4698 308 4772 ἔργῳ
338 4702 726 4756 ἀποδεικνύναι
760 4705 1124 4773 φαυλοτάτους
1155 4703 1312 4770 εἶναι,
1346 4707 1440 4760 καὶ
1471 4723 1745 4776 τιμωρου-

171 4792 357 4859 μένους
394 4794 598 4864 μᾶλλον
633 4795 946 4866 ἀμυντικῶς
986 4796 1129 4868 ἥπερ
1168 4797 1496 4862 κολάζοντας
1529 4797 1751 4868 διορθω-

165 4886 347 4952 τικῶς,
381 4888 526 4941 ἐπὰν
575 4889 758 4952 αὐτοῖς
794 4890 1099 4960 λοιδορῆται
1125 4908 1241 4956 τις·
1291 4892 1425 4961 φησὶ
1466 4885 1592 4960 γὰρ,
1646 4890 1750 4953 Ὃς

1855 4615 2136 4686 prolapsus
2165 4611 2256 4676 sit,
2286 4617 2346 4664 ut
2371 4622 2508 4676 quos
2532 4607 2690 4676 paulo
2721 4615 2846 4660 ante
2872 4606 3145 4660 daemones
3173 4611 3268 4657 aut
3292 4604 3426 4658 deos

1857 4706 2107 4761 laudibus
2135 4702 2424 4766 extulerat,
2471 4711 2562 4752 eos
2603 4712 2746 4751 nunc
2777 4710 2967 4750 revera
3013 4693 3278 4764 pessimos
3303 4707 3428 4748 esse

1857 4791 2128 4853 ostendat,
2180 4787 2358 4857 utqui
2417 4786 2644 4853 puniant
2692 4784 2944 4838 vindictae
2991 4783 3171 4838 studio
3220 4781 3426 4850 potius,

1858 4899 2022 4954 quam
2057 4879 2363 4952 corrigendi
2396 4879 2595 4940 animo,
2647 4877 2692 4932 si
2739 4877 2860 4946 quis
2904 4875 3011 4931 illis
3059 4875 3420 4930 conviciatur.

233 5002 278 5033 ⁸⁸
317 5004 497 5060 lCor.
528 5006 720 5068 v1.10.
795 5007 837 5039 ⁸⁷
881 5007 1071 5062 Matth.
1105 5026 1155 5073 ν,
1184 5009 1272 5062 Η.
1352 5010 1398 5041 ⁸⁸
1442 5010 1594 5062 llom.
1634 5021 1731 5068 xu,

1938 5003 1983 5034 ⁸⁸
2021 4999 2042 5053 Ι
2073 4999 2196 5056 Cor.
2235 5014 2306 5059 tv,
2346 4995 2430 5048 12.

236 5113 349 5184 (.50)
390 5113 670 5168 Particula
703 5115 794 5167 ὲπί
822 5117 972 5170 deest
1004 5115 1056 5169 in
1091 5127 1250 5172 antea
1286 5119 1466 5182 editis,
1498 5120 1590 5172 sed
1617 5132 1740 5185 sup-

170 5184 346 5251 pletur
375 5199 407 5237 e
441 5199 574 5237 mss.

258 5252 348 5325 ll)
391 5251 735 5325 Hmschelius
765 5255 816 5307 iu
854 5263 1026 5325 textu,
1049 5255 1124 5318 ὡς
1149 5256 1310 5310 αὐτόν
1331 5273 1415 5325 γε.

254 5322 346 5396 42)
394 5323 709 5396 Boherellus
743 5324 1026 5392 distinguit
1048 5337 1176 5396 post
1207 5322 1413 5396 papget
1437 5324 1734 5396 sequentia

166 5389 292 5461 legit
327 5389 746 5461 interrogative,
777 5389 967 5462 nempe
1003 5389 1075 5448 τί.
1110 5389 1228 5449 Mai:
1273 5389 1368 5457 τὸ,
1402 5394 1459 5459 ἐξ
1503 5389 1733 5456 ἐκείνου,

165 5463 424 5536 explicat,
456 5479 520 5515 ea:
551 5463 642 5536 ill_o
685 5473 931 5536 tempore,
973 5473 1026 5517 et
1057 5465 1133 5536 τῷ
1163 5466 1518 5519 πιστεύσαντι
1567 5473 1739 5516 mutat

165 5529 246 5582 iui
279 5532 376 5584 τοῦ
457 5531 749 5585 πιστῶσαι.
788 5529 965 5598 ⁷ριιοι1
1034 5529 1442 5606 interpretando
1513 5544 1737 5589 secutus

167 5615 348 5743 suae)
392 5672 563 5727 Codd.
600 5688 751 5737 mss.,
792 5673 1172 5742 ἀγγελμάτων,
1209 5685 1264 5731 et
1296 5675 1454 5746 paulo
1496 5682 1622 5744 post
1647 5673 1741 5740 ἀγ-

454 5783 720 5845 Ρλτιιοι..
759 5786 874 5847 Gn.
915 5785 1026 5847 ΧΙ.

1845 5115 2112 5184 γέλματα.
2131 5107 2832 5184 Ιξωῆριιοιίιιε,,ἀγ-ελμάτων
2855 5116 2906 5160 et
2929 5106 3232 5174 ἀγὲλματα,
3261 5107 3423 5177 Spen-

1845 5177 2024 5244 ccrus,
2049 5181 2376 5250 ἀγαλμάτων
2402 5177 2799 5250 (ξι-ἀγάλματα.

1916 5254 2050 5324 (44)
2091 5245 2400 5324 Περιιδεζν.
2467 5245 2774 5316 Legendqu
2827 5245 3042 5301 videtur
3080 5245 3215 5302 milii
3265 5254 3424 5318 atque

1843 5317 2147 5386 Bolierello,
2177 5317 2435 5390 περιεῖδε.

1915 5392 2030 5461 (45)
2070 5383 2179 5446 Καὶ
2216 5383 2498 5461 εῗκερητὸ
2528 5383 2852 5461 λοιδορεῖν.
2883 5383 3424 5461 poherelluslegen.

1845 5454 1968 5518 dum
2010 5454 2189 5537 puta},
2232 5454 2523 5537 natatur—.9
2552 5457 2747 5537 arenae
2796 5454 3276 5537 lo:6opsiv._l)§tulo
3309 5467 3436 5537 post

1848 5527 2237 5594 ηιεεηποῦτον
2279 5527 2581 5598 ἐπιτρέπει.
2614 5527 2766 5598 l._ihl).
2821 5537 2999 5598 autea‘
3037 5527 3192 5598 editi,
3243 5527 3434 5580 τοῦτον

1847 5601 2186 5672 ἐπιτρέπειν.
2228 5595 2542 5654 Bohcrellus
2570 5595 2757 5649 τοῦτον
2786 5605 2957 5651 mutat
2990 5595 3042 5648 in
3073 5595 3251 5648 τοῦτο.

3013 5766 3094 5830 50
