3866 6398
477 341 620 400 1579

1940 331 2097 388 DRIG
2109 330 2258 386 ENIS

3601 329 3702 385 1580

477 467 728 522 Aitenim
763 463 905 528 :Qui
945 462 988 513 si
1041 459 1250 514 Baccho
1291 458 1388 526 ipsi
1431 469 1518 511 aut
1553 455 1772 510 Herculi
1801 456 2048 524 prmsenti

2167 451 2340 506 αὐτόν
2371 467 2438 520 τε
2470 447 2582 521 (46)
2615 449 2721 503 τόν
2769 449 3067 504 Διόνυσον
3099 449 3136 518 ἢ
3167 449 3276 504 τὸν
3327 449 3600 518 Ἠρακλέα
3623 469 3697 506 πα-

477 559 798 614 conviciatus
825 572 980 620 esses,
1013 553 1236 620 fortasse
1263 569 1364 605 non
1397 553 1547 605 Icelus
1578 551 1921 604 discessisses.
1951 549 2050 614 Qui

479 649 715 706 voluerit
739 645 970 714 explicet
1007 645 1281 712 quomodo
1310 643 1509 696 absens
1540 643 1821 711 quidpiam
1864 643 2054 696 audire

477 745 684 814 possit;
716 758 812 796 cur
839 739 974 794 absit
1001 739 1314 806 aliquando,
1347 736 1637 804 aliquando
1663 738 1825 804 adsit,
1851 737 2052 807 etquid

479 834 679 904 negotii
718 840 908 901 urgeat
938 831 1212 884 dminones
1256 837 1312 884 ut
1355 845 1386 884 c
1429 830 1545 883 loco
1577 830 1628 884 in
1665 829 1839 883 locum
1875 841 2054 885 trans-

481 929 739 998 migrent.
775 926 902 980 Post
930 926 1042 980 lucc
1086 923 1408 978 existimans
1453 939 1652 992 corpus
1683 921 1808 978 Jesu
1844 923 2054 978 disteur

477 1007 596 1075 tum
647 1031 699 1075 et
734 1001 1059 1082 cruciatum,
1115 1033 1220 1074 non
1269 1025 1450 1070 autem
1496 1015 1610 1084 ejus
1649 1016 1990 1070 divinitatem
2025 1032 2054 1072 a

479 1112 634 1167 nobis
661 1115 826 1168 Deum
855 1113 982 1178 dici,
1009 1113 1103 1168 sed
1127 1125 1225 1180 pro
1249 1110 1355 1163 Deo
1378 1109 1620 1164 habitum
1651 1107 1818 1163 fuisse
1840 1109 2058 1176 qtumdo

480 1207 892 1264 distendcbatur
921 1215 976 1260 et
1011 1205 1386 1266 cruciabatur,
1415 1203 1492 1255 ait
1527 1218 1539 1253 :
1570 1199 1674 1254 Sed
1703 1199 1792 1268 qui
1819 1215 2054 1268 praesim—

479 1311 580 1353 tem
614 1307 761 1350 tuum
795 1297 960 1348 Deum
991 1297 1355 1350 distenderant
1381 1291 1756 1360 suppliciisque
1787 1291 2056 1343 cruciave-

481 1401 625 1456 runt,
677 1391 738 1444 ob
789 1389 1048 1458 ejusmodi
1097 1388 1306 1456 facinus
1359 1383 1490 1440 nihil
1537 1384 1669 1438 mali
1713 1387 1856 1454 passi
1911 1397 2053 1438 sunt.

481 1484 618 1538 Cum
648 1499 778 1538 vero
807 1483 958 1552 plura
989 1481 1101 1552 jam
1136 1481 1201 1534 de
1233 1479 1298 1534 iis
1326 1493 1444 1547 qua:
1465 1475 1624 1532 Jesus
1655 1486 1713 1530 ut
1743 1478 1903 1532 homo
1931 1489 2058 1542 pas-

481 1595 572 1634 sus
602 1587 684 1632 cst
710 1576 1156 1638 disseruerimus,
1191 1575 1291 1628 bac
1320 1575 1384 1626 de
1426 1586 1482 1625 re
1511 1585 1654 1624 llllllc
1689 1579 1870 1623 tacere
1909 1569 2055 1636 libet,

483 1684 550 1722 ne
578 1669 763 1722 eadem
813 1665 1009 1734 saapius
1059 1665 1258 1718 iterare
1291 1661 1598 1716 videamur.
1628 1659 1894 1726 Quoniam
1931 1673 2060 1712 vero

483 1760 579 1822 ait,
616 1774 777 1825 neque
801 1755 954 1826 longo
979 1765 1090 1824 post
1119 1763 1348 1824 tempore
1391 1753 1674 1823 quidquam
1703 1753 1828 1806 ntali
1875 1767 2059 1820 passos

2149 543 2342 611 ρόντα
2367 544 2421 594 εὶ
2443 538 2870 608 ἐλοιδόρησας,
2907 541 3018 593 οὐκ
3041 537 3118 594 ἂν
3142 540 3290 606 ἴσως
3317 540 3530 608 χαίρων
3553 540 3703 606 ἀπή]-

2157 633 2368 700 λαξας.
2404 632 2531 696 Πῶς
2558 631 2616 684 δὲ
2645 633 2738 684 καὶ
2767 631 2956 685 ἀκούοι
2979 649 3030 685 τι
3049 633 3109 686 οὐ
3135 631 3326 704 παρὼν
3357 633 3484 704 (47),
3511 633 3536 685 ὁ
3560 633 3702 704 βουλό-

2161 740 2318 793 μενος
2352 723 2805 794 παραστησάτω·
2841 725 2936 777 καὶ
2971 725 3058 778 διὰ
3095 725 3148 777 τί
3194 725 3324 778 ποτὲ
3361 727 3456 796 μὲν
3495 726 3700 798 πάρεστι,

2159 816 2289 868 ποτὲ
2318 815 2374 868 δὲ
2405 815 2463 868 οὐ
2497 815 2732 886 πάρεστι
2757 833 2772 848 ⁸
2813 817 2906 869 καὶ
2933 817 3016 880 τίς
3045 821 3077 890 ἡ
3117 819 3468 890 πραγματεία
3493 822 3594 883 τοῖς
3615 819 3702 874 δαί-

2163 923 2285 976 μοσι
2314 907 2414 977 τῆς
2443 907 2904 977 μεταναστάσεως
2931 910 3040 963 ἀπὸ
3067 909 3232 962 τόπου
3261 913 3342 974 είς
3377 912 3551 964 τόπον.
3585 913 3703 984 Ἑξῆς

2157 999 2214 1052 δὲ
2239 999 2453 1064 τούτοις
2492 999 2664 1069 λέγει,
2695 1001 2944 1072 οἰόμενος
2971 1003 3032 1055 τὸ
3062 1005 3508 1074 κατατεινόμενον
3539 1007 3618 1059 καὶ
3639 1027 3704 1061 κο-

2159 1090 2454 1164 λαζόμενον
2513 1093 2676 1163 σῶμα
2725 1095 2826 1147 τοῦ
2885 1095 3081 1166 Ἰησοῦ,
3123 1095 3220 1149 καὶ
3263 1097 3324 1149 οὑ
3503 1101 3555 1152 ὲν
3591 1101 3704 1172 αὺτῷ

2160 1183 2386 1254 θεότητα
2419 1183 2554 1256 (48),
2591 1185 2721 1238 Θεὸν
2753 1188 2908 1258 ἡμᾶς
2931 1187 3134 1256 λέγειν,
3170 1189 3264 1243 καὶ
3297 1191 3388 1243 ὅτε
3415 1193 3704 1247 κατετείνετο

2161 1277 2254 1330 καὶ
2307 1277 2618 1342 ἐκολάζετο,
2677 1278 2812 1332 Θεὸν
2845 1279 3178 1350 νενομίσθαι,
3216 1283 3322 1346 ὅτι,
3363 1283 3472 1336 Τόν
3511 1283 3572 1337 δὲ
3617 1287 3704 1340 σίν

2163 1367 2310 1421 Θεὸν
2370 1371 2644 1437 παρόντα
2703 1373 3176 1442 κατατείνοντες
3217 1375 3317 1427 καὶ
3383 1374 3701 1444 κολάζοντες,

2161 1461 2342 1514 οὐδὲν
2365 1465 2422 1514 οἱ
2465 1461 2655 1516 ταῦτα
2679 1462 3017 1533 δράσαντες
3049 1465 3406 1520 πεπόνθασι.
3443 1467 3638 1522 Πλείονα
3661 1471 3702 1522 δὲ

2163 1553 2289 1622 περὶ
2329 1547 2406 1607 ὧν
2439 1553 2708 1608 πέπονθεν
2745 1557 3106 1628 ἀνθρωπίνων
3137 1561 3197 1613 ὲν
3242 1563 3356 1624 τοῖς
3390 1561 3620 1632 ἀνωτέρω
3644 1565 3702 1614 εξ-

2162 1645 2374 1709 πόντες,
2425 1646 2520 1698 νῦν
2565 1647 2784 1711 ἑκόντες
2821 1650 3267 1722 παραπέμπομεν
3309 1652 3400 1706 τὸν
3439 1653 3598 1721 λόγον,
3641 1655 3703 1706 ἵνα

2167 1735 2240 1807 μὴ
2272 1736 2520 1808 δοκῶμεν
2555 1738 2918 1809 παλιλλογεῖν.
2965 1743 3116 1795 Ἐπεὶ
3150 1744 3208 1796 δέ
3244 1761 3399 1816 φησι,
3427 1745 3570 1814 μηδὲ
3595 1747 3702 1808 μετὰ

481 1865 590 1902 esse
625 1849 714 1918 qui
754 1845 937 1900 Iesum
971 1845 1226 1914 supplicio
1261 1844 1567 1914 affecerunt,
1599 1842 1672 1894 illi
1715 1851 1770 1894 et
1811 1841 2059 1894 clunibus

2167 1830 2348 1884 ταῦτα
2373 1831 2442 1883 ἐν
2465 1832 2732 1896 τοσούτῳ
2751 1833 2873 1900 βίῳ
2894 1833 3254 1888 πεπονθέναι
3279 1853 3332 1888 τι
3355 1837 3604 1903 τούτους,
3625 1837 3702 1890 τόν

485 1939 728 1996 discendi
759 1939 968 2007 cupidis
1010 1937 1358 1991 ostendemus
1396 1935 1586 1988 urbem
1629 1933 1800 1998 illam,
1839 1933 1925 1986 ubi
1962 1929 2058 1984 Juo

485 2032 723 2086 timorum
758 2029 987 2098 populus
1021 2025 1202 2080 Jesum
1249 2024 1396 2078 cruci
1454 2021 1593 2093 aﬂigi
1643 2022 1936 2090 postulavit
1979 2021 2060 2075 bis

484 2121 814 2176 clamoribus
847 2135 860 2172 :
891 2118 1171 2187 Cruci/iga,
1201 2115 1447 2184 cruriﬁge
1475 2115 1674 2178 eum”,
1713 2125 1767 2169 et
1797 2113 2060 2168 latronem

483 2214 765 2268 seditionis
791 2219 844 2265 et
869 2209 1030 2264 czedis
1061 2223 1208 2262 reum
1241 2215 1640 2276 preptereaque
1671 2204 1976 2272 conjectum
2009 2205 2059 2258 in

484 2319 758 2360 carcerem
791 2301 988 2356 dimitti
1023 2299 1366 2368 praeoptavit,
1398 2297 1580 2353 Jesum
1625 2311 1755 2350 vero
1798 2311 1894 2366 per
1925 2296 2062 2349 invi-

485 2397 627 2448 diam
660 2393 916 2447 traditum
950 2388 1110 2459 773
1145 2385 1416 2456 cruciﬁgi,
1455 2400 1560 2439 non
1602 2385 1691 2438 diu
1743 2391 1866 2454 post
1909 2381 2058 2436 obsi-

485 2488 645 2539 dione
679 2483 937 2544 cinctam,
969 2489 1024 2534 et
1068 2479 1236 2532 multo
1273 2485 1514 2545 tempore
1564 2481 1928 2542 expugnatam
1987 2471 2060 2523 ita

485 2575 674 2640 fuisse,
711 2583 824 2626 uta
875 2566 1247 2622 fundamentis
1277 2578 1468 2618 eversa
1519 2571 1574 2616 et
1619 2561 1830 2614 deserta
1881 2557 2056 2610 luerit.

485 2666 624 2721 Nam
667 2665 808 2720 Deus
835 2661 992 2730 hujus
1023 2659 1126 2714 loci
1157 2657 1366 2712 incolas
1387 2654 1652 2723 judicavit
1677 2651 1946 2720 indignos,
1969 2648 2058 2716 qui

483 2758 570 2814 vel
599 2768 940 2811 communem
970 2751 1138 2804 vitam
1169 2749 1415 2802 viverent
1441 2763 1455 2800 :
1483 2759 1817 2814 quanquam,
1844 2753 1904 2795 ut
1933 2739 2060 2808 quid

487 2845 808 2905 incredibile
843 2844 1043 2906 dicam,
1079 2840 1184 2896 illis
1227 2837 1493 2908 pepercit,
1527 2851 1652 2891 cum
1684 2834 1920 2889 inimicis
1952 2843 2064 2885 tra-

487 2941 654 3006 didit;
688 2940 887 3010 quippe
915 2951 1050 3006 quos
1081 2934 1288 2988 videret
1327 2931 1470 2985 nulla
1513 2945 1571 2986 re
1619 2928 1858 2984 revocari
1905 2941 2064 2996 posse

486 3037 550 3088 ad
587 3033 859 3089 saniorem
891 3030 1078 3092 vitam,
1111 3039 1168 3081 et
1198 3028 1248 3080 in
1297 3027 1413 3081 dies
1454 3023 1627 3094 magis
1659 3036 1722 3076 ac
1767 3021 1938 3090 magis
1969 3034 2052 3073 ne-

484 3127 652 3195 quitia
686 3137 955 3179 crescere.
1003 3123 1180 3189 Atque
1211 3121 1402 3173 bormn
1438 3116 1704 3169 Inalorum
1747 3113 1854 3167 illis
1899 3125 2058 3166 causa

487 3217 587 3270 fuit
613 3217 835 3286 sanguis
863 3213 992 3270 Jesu
1024 3227 1118 3281 per
1154 3227 1341 3266 eorum
1374 3209 1604 3264 insidias
1636 3205 1839 3260 eli'usus
1873 3205 1924 3258 in
1954 3213 2059 3256 ter-

493 3325 632 3376 ram,
662 3325 780 3380 qute
809 3323 915 3363 non
960 3305 1138 3378 potuit
1171 3304 1406 3375 aliqdius
1451 3317 1576 3358 reos
1626 3300 1759 3356 tanti
1807 3295 2064 3353 facinoris

487 3403 781 3458 sustinere.

558 3682 650 3735 45.
695 3679 898 3734 Novum
939 3676 1122 3746 igitur,
1160 3689 1224 3728 ex
1256 3688 1364 3743 quo
1394 3672 1555 3728 Jesus
1589 3687 1782 3742 passus
1835 3680 1917 3725 est
1942 3712 1956 3736 ,
2008 3681 2064 3724 et

491 3775 622 3830 illud
656 3771 889 3834 accidit;
928 3769 1058 3824 illud
1104 3767 1251 3832 dico,
1287 3765 1432 3834 quod
1479 3779 1610 3833 erga
1658 3763 1846 3816 urbem
1870 3802 1885 3824 ,
1921 3763 2065 3831 quod

489 3882 616 3936 erga
648 3875 814 3921 totam
849 3870 1086 3933 gentem,
1118 3858 1266 3928 quod
1309 3871 1440 3928 erga
1473 3855 1846 3911 Christianum
1899 3868 2067 3922 popu-

489 3959 598 4012 lum
635 3954 852 4018 accidit,
884 3953 974 4023 qui
1010 3960 1234 4020 repente
1270 3959 1322 4003 et
1345 3949 1497 4018 quasi
1523 3946 1682 4002 simul
1715 3955 1869 4000 ortus
1902 3943 2066 3998 fuisse

489 4050 729 4102 videtur.
763 4045 971 4101 Novum
1011 4054 1065 4097 et
1099 4043 1250 4106 illud,
1271 4045 1362 4111 qui
1395 4056 1423 4094 a
1455 4041 1548 4093 Dei
1583 4037 1877 4092 fmderibus
1905 4035 2063 4092 alieni

487 4151 664 4204 erant,
699 4139 789 4208 qui
830 4137 1034 4192 nullam
1069 4138 1122 4190 in
1165 4131 1621 4204 promissionibus
1653 4139 1865 4198 partem
1903 4127 2066 4180 babe-

489 4233 638 4297 bant,
662 4231 752 4301 qui
783 4228 972 4300 procul
1004 4245 1032 4282 a
1065 4227 1294 4282 veritate
1325 4236 1502 4288 erant,
1534 4239 1627 4278 eos
1657 4233 1836 4275 tamen
1881 4221 2064 4274 divina

487 4326 718 4394 quadam
751 4325 949 4377 virtute
1005 4320 1262 4386 amplecti
1318 4317 1626 4373 veritatem.
1661 4313 1774 4368 Hoc
1817 4313 2064 4383 profecto

489 4433 593 4470 non
622 4415 932 4486 impostoris
957 4413 1212 4473 hominis,
1237 4411 1327 4464 sed
1361 4409 1452 4462 Dei
1491 4415 1576 4462 est
1599 4420 1754 4475 opus,
1781 4404 1872 4474 qui
1905 4419 2063 4458 suum

2177 1923 2420 1991 Ἰησοῦν
2445 1921 2863 1990 κολάσαντας·
2893 1925 3138 1996 δείξομεν
3169 1927 3320 1997 αὑτῷ
3353 1927 3444 1980 καὶ
3478 1929 3595 1980 πᾶσι
3619 1931 3700 1990 τοῖς

2167 2013 2511 2084 βουλομένοις
2565 2013 2780 2085 μαθεῖν,
2815 2017 2896 2069 ὃτι
2931 2019 2964 2088 ἡ
3009 2018 3184 2083 πόλις,
3238 2019 3296 2071 ἐν
3397 2021 3425 2072 ὁ
3462 2020 3559 2073 τῶν
3603 2022 3700 2072 Ἰου-

2162 2106 2326 2160 δαίων
2352 2105 2494 2170 λεὼς
2522 2105 2722 2175 ἠξίωσε
2753 2107 2846 2160 τὸν
2891 2109 3098 2180 Ἰησοῦν
3129 2111 3527 2182 σταυρωθῆναι,
3551 2111 3699 2180 λέγων,

2164 2197 2454 2262 Σταύρου,
2489 2197 2760 2264 σταύρου
2788 2198 2976 2252 αὐτὸν
2995 2239 3008 2262 ,
3040 2201 3136 2252 καὶ
3169 2203 3593 2274 προύτιμήσαντο
3619 2201 3700 2273 (49)

2161 2289 2253 2342 τὸν
2281 2289 2484 2360 λῃστὴν
2522 2291 2612 2344 διὰ
2648 2291 2839 2344 στάσιν
2883 2291 2977 2346 καὶ
3012 2295 3172 2362 φόνον
3221 2295 3486 2367 βληθέντα
3516 2297 3586 2359 είς
3627 2313 3702 2364 ςυ-

2163 2379 2332 2451 λακὴν
2374 2381 2711 2452 ἀπολυθῆναι
2744 2381 2956 2448 τοῦτον,
3001 2385 3092 2438 τὸν
3120 2387 3176 2440 δὲ
3231 2387 3460 2458 Ἰησοῦν,
3490 2388 3701 2457 διὰ-φθό-

2164 2489 2253 2525 νον
2303 2473 2713 2544 παραδοθέντα,
2753 2477 3133 2548 σταυρωθῆναι
3177 2478 3312 2550 (50),
3364 2483 3477 2552 μετ’
3507 2481 3561 2533 οὐ
3601 2481 3700 2533 πολῦ

2163 2563 2559 2638 ὲξεπολεμήθη,
2610 2566 2701 2620 καὶ
2747 2568 2840 2620 ἐπὶ
2883 2569 3134 2625 τοσοῦτον
3182 2571 3538 2644 ὲπολιορκήθη
3565 2573 3701 2643 χρόνῳ

2163 2657 2388 2724 πλείονι,
2423 2658 2551 2728 ὥστ’
2587 2662 2650 2713 ἐκ
2685 2659 2902 2730 βάθρων
2941 2661 3111 2732 αὐτὴν
3145 2662 3445 2716 ἀνάστατον
3477 2663 3700 2732 γενέσθαι.

2163 2751 2258 2804 καὶ
2291 2752 2672 2825 ἐρημωθῆναι,
2706 2753 2960 2818 ἀναξίους
2991 2754 3270 2826 κρίνοντος
3303 2758 3429 2820 τοὺς
3457 2756 3540 2808 τὸν
3575 2757 3702 2808 τόπον

2164 2843 2368 2896 ἐκεῖνον
2412 2843 2694 2908 οἰκοῦντας
2739 2843 2834 2898 τοῦ
2879 2843 3013 2898 Θεοῦ
3059 2845 3160 2915 τῆς
3207 2847 3531 2918 κοινωτέρας
3571 2844 3700 2916 ζωῆς.

2163 2933 2273 2988 Καὶ
2307 2934 2622 3004 φειδόμενός
2654 2952 2718 3004 γε
2759 2935 2960 3000 αὐτῶν,
2995 2937 3082 2990 ἵνα
3117 2937 3434 3009 παραδόξως
3467 2937 3606 2999 εἴπω,
3631 2937 3704 2990 καὶ

2163 3025 2303 3097 ὀρῶν
2333 3026 2569 3090 ἀνιάτως
2609 3027 2832 3098 ἔχοντας
2863 3029 3000 3100 πρὸς
3031 3029 3128 3100 τὴν
3157 3030 3251 3084 ἐπὶ
3284 3031 3346 3084 τὸ
3377 3033 3600 3102 κρεῖττον
3627 3047 3702 3102 με·

2167 3117 2416 3189 ταϐολὴν,
2459 3119 2554 3172 κα)¹
2596 3119 2865 3191 ὁσημέραι
2913 3120 3173 3186 αὔξοντας
3215 3123 3273 3176 ἐν
3319 3127 3384 3196 τῇ
3418 3123 3511 3194 τῆς
3545 3123 3702 3186 κακίας

2172 3209 2344 3282 χύσει,
2375 3212 2692 3282 παρέδωκεν
2723 3214 2920 3278 αὐτοὺς
2951 3219 3062 3278 τοῖς
3099 3214 3419 3286 πολεμοῦσι.
3449 3217 3549 3269 Καὶ
3569 3215 3702 3268 ταῦτα

2169 3302 2358 3372 γέγονε
2411 3302 2499 3358 διὰ
2553 3305 2616 3358 τὸ
2662 3304 2890 3375 ἐκχυθὲν
2930 3300 3068 3377 αἷμα
3101 3307 3195 3360 τοῦ
3249 3307 3424 3378 Ἰησοῦ
3469 3306 3592 3361 κατὰ
3627 3305 3704 3376 τὴν

2167 3394 2458 3468 ἐπιϐουλὴν
2491 3395 2672 3450 αὐτῶν
2717 3399 2810 3452 ἐπὶ
2849 3399 2947 3470 τὴν
2987 3399 3091 3468 γῆν
3137 3397 3319 3453 αὐτῶν
3353 3401 3540 3470 μηκέτι
3577 3399 3702 3452 δυνα-

2171 3489 2337 3561 μένην
2367 3493 2564 3560 χωρεῖν
2589 3491 2714 3554 τοὺς
2740 3491 2802 3543 τὸ
2833 3488 3150 3562 τηλικοῦτον
3182 3489 3316 3558 ἄγος
3345 3491 3482 3544 κατά
3511 3491 3594 3544 τοῦ
3631 3491 3704 3559 Ἰηο

2171 3580 2264 3633 σοῦ
2293 3581 2690 3653 τολμήσαντας.

2241 3674 2442 3728 Καινὸν
2476 3669 2568 3726 οῦν
2608 3674 2851 3742 γέγονεν,
2894 3673 2951 3740 ἐξ
2989 3665 3050 3725 οὗ
3080 3673 3318 3727 πέπονθε
3348 3674 3533 3746 χρόνου
3565 3676 3590 3726 ό
3623 3674 3705 3743 ’1η-

2171 3767 2314 3831 σοῦς,
2345 3769 2565 3820 κάκεῖνο
2589 3784 2600 3795 ·
2634 3765 2778 3834 λέγω
2816 3765 2871 3818 δὲ
2904 3763 2964 3818 τὸ
2995 3764 3136 3819 κατὰ
3163 3765 3264 3837 τὴν
3295 3765 3467 3830 πόλιν,
3499 3768 3582 3820 καὶ
3621 3767 3706 3816 πᾶν

2169 3863 2228 3916 τὸ
2257 3861 2397 3916 κατά
2427 3860 2488 3914 τὸ
2529 3860 2700 3924 ἔθνος,
2737 3861 2830 3913 καὶ
2861 3860 2922 3912 τὸ
2966 3859 3110 3913 κατά
3150 3860 3251 3930 τὴν
3295 3859 3496 3932 ἀθρόαν
3533 3859 3706 3928 γένεσιν

2169 3955 2354 4019 ἔθνους
2385 3953 2722 4026 Χριστιανῶν
2753 3953 2996 4024 ὡσπερεὶ
3022 3951 3304 4023 τεχθέντος
3337 3949 3586 4015 εἰσάπαξ·
3609 3967 3705 4003 και-

2168 4046 2256 4098 νὺν
2299 4045 2354 4098 δὲ
2396 4043 2489 4097 καὶ
2532 4043 2593 4095 τὸ
2619 4043 2745 4106 τοὺς
2780 4041 2962 4106 ξένους
2995 4041 3102 4093 τῶν
3143 4039 3422 4111 διαθηκῶν
3455 4039 3542 4092 τοῦ
3578 4035 3704 4098 Θεοῦ,

2167 4137 2263 4191 καὶ
2303 4135 2615 4206 ἀλλοτρίους
2658 4133 2766 4187 τῶν
2809 4131 3171 4202 ἐπαγγελιῶν,
3217 4133 3345 4196 τοὺς
3395 4130 3596 4203 μακρὰν
3631 4128 3706 4196 τῆς

2168 4229 2458 4300 ἀληθείας,
2505 4227 2732 4297 δυνάμει
2781 4226 2887 4280 τινὶ
2935 4224 3055 4296 θείᾳ
3111 4223 3512 4296 παραδέχεσθαι
3549 4220 3706 4290 αὑτήν.

2169 4319 2352 4374 Ταῦτα
2383 4321 2440 4373 δὲ
2467 4319 2567 4372 οὐκ
2601 4317 2889 4390 ἀνθρώπου
2923 4318 3118 4388 γόητος
3152 4312 3244 4388 ἦν,
3278 4315 3395 4370 ἀλλ’
3429 4316 3556 4387 ἔργα
3579 4309 3706 4372 Θεοῦ,

2169 4411 2480 4482 πέμψαντος
2519 4408 2624 4462 τῶν
2664 4408 2830 4462 αὑτοῦ
2884 4407 3244 4477 ἀγγελμάτων
3291 4406 3404 4479 (51)
3451 4407 3600 4460 ’ἑνεκα
3637 4402 3708 4454 τὸν

489 4510 660 4578 ipsius
691 4508 952 4572 Verbum,
989 4506 1134 4575 quod
1163 4505 1214 4558 in
1247 4501 1372 4557 Iesu
1413 4509 1554 4565 erat,
1587 4499 1757 4563 misit,
1796 4505 1855 4550 ut
1888 4496 2056 4566 ipsius

2167 4501 2326 4554 αὑτοῦ
2352 4502 2410 4554 ἐν
2441 4500 2520 4572 τῷ
2560 4498 2736 4570 Ἰησοῦ
2755 4499 2955 4566 Λόγον
2991 4499 3139 4568 ὅμως
3165 4496 3496 4552 κολασθέντα
3528 4493 3626 4566 (Si)

489 4600 738 4656 tumulata
771 4599 1142 4654 annuntiaret.
1177 4594 1331 4661 Quod
1352 4593 1439 4647 hic
1468 4605 1608 4645 saeva
1641 4588 1905 4658 supplicia
1938 4603 2063 4657 pas-

487 4708 579 4746 sus
607 4701 690 4746 est
716 4689 1134 4762 generesissime
1168 4695 1222 4741 et
1274 4683 1732 4748 mansuetissime,
1765 4681 1817 4735 id
1845 4679 2060 4751 quidem

487 4798 698 4848 eorum,
733 4783 825 4852 qui
865 4797 986 4836 eum
1021 4777 1218 4846 injuste
1245 4776 1652 4839 crueiarerunt,
1675 4773 2063 4841 arguitcrude-

489 4873 715 4939 litatem,
745 4871 840 4926 sed
871 4869 986 4924 haec
1005 4867 1394 4938 suppliciorum
1421 4865 1700 4934 perpessio
1725 4863 1817 4916 Dei
1840 4861 2064 4915 manda-

491 4965 559 5019 tis
585 4964 882 5034 perniciem
915 4977 1022 5016 non
1061 4960 1262 5025 attulit,
1298 4959 1390 5015 sed
1433 4959 1548 5024 illa,
1580 4969 1636 5014 ut
1671 4958 1744 5012 ita
1770 4957 1980 5027 loquar,
2007 4957 2062 5009 in

558 5099 604 5131 θ’
641 5098 770 5152 Luc.
795 5113 954 5163 χχιιι,
989 5097 1082 5150 2!.

559 5209 667 5284 (46)
711 5209 1050 5284 limscbelius
1085 5211 1136 5261 in
1175 5219 1345 5284 textu,
1375 5208 1450 5270 ὡς
1477 5207 1638 5261 αὐτόν
1663 5223 1750 5274 γε.

563 5279 674 5352 (Π)
715 5282 858 5352 idem
886 5283 938 5352 in
973 5290 1142 5344 textu,
1174 5279 1441 5352 παρόντα.

563 5349 672 5420 (48)
713 5351 854 5420 Idem
885 5351 936 5402 in
969 5349 1440 5420 textu,05tr5-.:qm.

560 5417 672 5486 (49)
713 5418 820 5471 Καὶ
869 5417 1374 5487 προύτιμήσαντο.
1415 5418 1522 5471 Καί
1577 5419 1724 5472 deest
1791 5417 1842 5469 in
1897 5424 2057 5470 antea

487 5491 646 5550 edit.,
679 5491 772 5541 sed
809 5489 859 5540 in
909 5505 1082 5556 marg.
1126 5490 1330 5542 codicis
1361 5487 1559 5540 Iuliani
1597 5488 1921 5541 restituitur.
1954 5487 2059 5540 Bo-

491 5559 694 5628 herello
727 5561 944 5625 insuper
973 5561 1181 5628 legend.
1211 5561 1423 5613 videtur
1451 5557 1880 5628 προύτιμήσατο.

557 5627 670 5697 (50)
709 5626 1147 5694 Σταυρωθῆναι.
1189 5630 1242 5681 ld
1282 5626 1620 5682 desideratur
1653 5626 1708 5680 iu
1739 5639 1902 5681 antea
1947 5627 2060 5680 cdi-

489 5697 580 5758 lis,
618 5697 712 5751 scd
743 5697 1020 5763 suppletur
1043 5713 1074 5750 e
1109 5697 1561 5751 codice‘Joliano.

557 5767 666 5842 (5i)
707 5765 836 5822 Mss.
874 5775 1038 5834 recte,
1068 5767 1444 5844 ἀγγελμάτων.
1490 5765 1856 5836 Hocscbelius,
1901 5767 2060 5844 ἀγελ-

2166 4593 2265 4666 τὴν
2292 4593 2551 4664 ὠμότητα
2583 4589 3007 4663 κατηγορεῖσθαι
3036 4589 3144 4643 τῶν
3169 4589 3374 4654 ἀδίκως
3401 4589 3554 4643 αὑτὸν
3579 4585 3707 4639 κολα-

2167 4683 2395 4746 σάντων,
2413 4686 2507 4737 καὶ
2523 4681 2876 4753 ἀνδρειότατα
2895 4679 3268 4750 ὑπομείναντα
3288 4679 3382 4732 καὶ
3407 4679 3534 4749 μετὰ
3558 4675 3706 4740 πάσης

2165 4775 2503 4846 πραότητοςο
2539 4773 2598 4826 οὐ
2631 4772 2905 4844 διέφθειρε
2930 4772 2986 4824 δὲ
3023 4772 3055 4841 ἡ
3087 4770 3310 4834 κόλασις
3343 4769 3502 4824 αὐτοῦ
3543 4767 3601 4819 τὰ
3631 4761 3704 4814 τοῦ

2165 4865 2300 4920 Θεοῦ
2347 4867 2687 4937 ἀγγέλματα,
2734 4863 2874 4928 ἀλλ’,
2903 4865 2950 4916 εἰ
2988 4863 3070 4916 δεῖ
3117 4861 3290 4926 οὕτως
3337 4861 3603 4932 ὀνομάσαι,
3641 4855 3704 4913 εἰς

2165 4955 2366 5024 γνῶσιν
2409 4955 2516 5027 (55)
2559 4954 2698 5008 αὐτά
2737 4955 2942 5021 ἢγαγεν
2967 4971 2980 4983 ·
3013 4953 3086 5016 ὡς
3131 4953 3227 5006 καὶ
3263 4953 3426 5016 αὐτὸς
3457 4944 3702 5013 ἐδίδαξενό

2169 5205 2372 5274 μάτων,
2394 5201 2738 5274 βιιθιιοετιιε,
2767 5197 3100 5274 ἀγαλμάτων

2237 5257 2573 5344 (ὸέὶγὍᾷιως
2615 5257 3013 5344 κονὶασῦἐνὶα,
3057 5279 3164 5320 etc.
3199 5265 3276 5344 Ita
3323 5263 3478 5344 codd.
3513 5257 3696 5344 (ἱεξίυεῖ

2166 5329 2488 5398 Basileensis
2527 5329 2581 5394 ἐι
2639 5338 2932 5392 Vaticanus
2981 5351 3209 5406 quorum
3261 5335 3450 5396 lectio,
3493 5331 3535 5385 si
3577 5329 3698 5406 ὅμως

2167 5422 2403 5467 mutetur
2435 5413 2486 5464 in
2526 5409 2716 5480 ὠμῶς,
2745 5409 2934 5480 melior
2961 5403 3200 5480 νῖιίειιιιιΔ
3226 5407 3394 5480 altera
3425 5414 3572 5480 quam
3591 5403 3696 5480 .itu-

2479 5462 2719 5551 halm-nti:
2753 5477 2956 5551 ’Ὅμως
2972 5475 3329 5551 κολασθέντος
3359 5462 3554 5551 Coi-ﬂ}?

2163 5539 2301 5624 τητα
2335 5549 2756 5624 κατηγορεῖσθαι
2800 5539 2908 5624 τῷν
2935 5547 3136 5609 ἀδίκως
3155 5546 3334 5624 ,αὑτὸν
3367 5539 3692 5624 κολασάντωγο

2163 5615 2255 5676 κοὶ).
2275 5615 2624 5693 ἀνδρειότατα
2657 5619 3050 5693 ὑπομείναντος
3083 5617 3177 5669 κα)⁸
3211 5615 3345 5688 μετά
3367 5615 3534 5682 πάσης
3557 5618 3692 5677 πραα

2161 5710 2348 5764 τητος·
2467 5687 2833 5764 διέφθειρεν-’ἡ
2867 5687 3106 5764 κόλασις.

2184 5757 2347 5842 [(55)
2389 5757 2748 5824 “(BSt-bellus,
2775 5757 2852 5822 ὡς
2886 5757 3107 5840 γνῶσιᾶ
