3866 6398
141 317 272 374 1581

1330 313 1613 371 CONTRA
1650 310 1931 369 CELSUM
1971 311 2094 366 LIB.
2142 311 2272 368 Vill.

3269 305 3406 362 153?:

150 435 358 507 Ἰησοῦς
389 436 582 505 λέγων·
621 435 858 504 Ἐὰνμὴ
883 437 915 489 ὀ
946 437 1169 502 κόκκος
1191 433 1296 488 τοῦ
1319 435 1494 488 σίτου
1522 432 1726 486 πεσὼν

1844 429 2110 484 nominum
2142 427 2504 496 cognitionem
2539 425 2767 480 adduxit
2799 443 2809 478 :
2840 423 2889 477 ἰιι
2933 430 3072 490 quod
3101 421 3258 477 Jcsus
3290 425 3404 494 ipse

137 529 219 594 είς
253 528 372 597 τὴν
404 528 522 599 γῆν
552 527 844 598 ἀποθάνῃ,
869 527 1052 593 αὐτὸς
1077 528 1267 596 μόνος
1286 525 1453 596 μένει
1474 543 1486 556 ο
1519 526 1626 579 ἐὰν
1654 523 1721 577 δὲ

139 620 432 689 ἀποθάνῃ,
466 622 663 676 πολὺν
705 621 938 690 καρπὸν
981 619 1165 690 φέρει.
1213 618 1529 672 Ἀποθανὼν
1557 614 1650 673 οὖν
1692 619 1721 670 6

139 709 337 773 κόκκος
369 711 462 764 τοῦ
491 712 638 764 σίτου
677 712 883 784 Ἰησοῦς
910 701 1084 764 ’πολὺν
1110 709 1323 782 καρπὸν
1357 710 1556 781 ἤνεγκε
1579 726 1590 738 ⁸
1629 710 1723 762 καὶ

139 803 228 856 ἀεὶ⁵
256 806 287 856 6
319 804 511 877 Πατὴρ
542 808 760 876 προνοεῖ
792 803 898 858 τῶν
925 806 989 857 ἐκ
1020 804 1113 857 τοῦ
1142 803 1372 856 θανάτου
1399 801 1492 855 τοῦ
1523 803 1722 856 κόκκου

139 893 228 947 τοῦ
286 895 436 949 σίτου
485 897 904 968 γεγενημένων,
961 896 1053 949 καὶ
1106 895 1405 967 γινομένων
1462 894 1542 948 ἔτι
1567 937 1580 960 ,
1631 897 1724 949 καὶ

139 987 417 1057 ἐσομένων
464 989 708 1059 καρπῶν.
766 989 950 1051 Ὅσιος
993 985 1084 1042 οὖν
1118 989 1300 1060 πατὴρ
1351 992 1379 1042 ὁ
1409 988 1504 1042 τοῦ
1549 990 1723 1061 Ἰησοῦ

140 1078 333 1152 Πατὴρ
360 1081 467 1134 τοῦ
499 1081 650 1135 ἰδίου
688 1079 770 1151 μὴ
805 1079 1165 1150 φεισάμενος
1202 1081 1360 1146 Υἱοῦ,
1391 1081 1528 1135 ἀλλ’
1575 1081 1726 1148 ὑπὲρ

141 1172 312 1240 ἡμῶν
333 1172 576 1226 πάντων
603 1175 910 1242 παραδοὺς
931 1175 1137 1240 αὐτὸν,
1164 1174 1333 1247 ἀμνὸν
1357 1175 1484 1228 ὅντα
1511 1173 1724 1238 ἑαυτοῦ,

141 1262 204 1315 ἵν’
255 1263 367 1336 ἄρῃ
408 1263 504 1334 τὴν
547 1265 822 1337 ἁμαρτίαν
851 1265 949 1320 τοῦ
1007 1266 1214 1336 κόσμου
1269 1268 1296 1319 6
1340 1266 1479 1338 ὑπὲρ
1529 1267 1728 1330 παντὸς

141 1354 307 1407 αὐτοῦ
337 1356 695 1427 ἀποθνήσκων
717 1358 886 1428 ἀμνὸς
904 1358 1060 1411 Θεοῦ.
1083 1359 1160 1411 Δι’
1179 1357 1206 1410 6
1370 1358 1470 1412 οὐκ
1493 1358 1730 1427 ἀναγκα-

143 1446 400 1518 ζὸμενος,
436 1449 554 1502 ἀλλ’
589 1449 730 1504 ἑκὼν
760 1451 1018 1521 ὑπέμεινε
1053 1451 1122 1506 τὰ
1169 1451 1278 1504 ἀπὸ
1315 1451 1422 1505 τῶν
1461 1451 1729 1523 ὑϐριστῶν

144 1539 296 1610 αὐτῷ
350 1543 758 1614 προσαγόμενα.
820 1539 954 1597 Εἶτα
1008 1543 1148 1616 μετά
1196 1542 1371 1598 ταῦτα
1413 1545 1441 1596 6
1503 1544 1727 1610 Κέλσος,

143 1631 618 1703 ἑπαναλαμϐἁνων
661 1634 750 1688 τὸν
795 1635 932 1706 πρὸς
981 1637 1106 1698 τοὺς
1161 1633 1613 1706 βλασφημοῦντας
1665 1636 1732 1690 τὰ

143 1724 441 1797 ἀγάλματα
464 1725 642 1794 λόγον,
677 1726 858 1798 φησιν’
891 1727 1026 1781 Οἵδε
1071 1726 1160 1791 δὲ,
1189 1726 1295 1793 Οὓς
1322 1727 1404 1780 σὺ
1441 1728 1728 1796 ,ϐλασφη-

138 1818 294 1886 μεῖς,
322 1818 476 1886 ἐνῆν
495 1819 614 1890 μὲν
642 1820 854 1883 εἰπεῖν,
891 1820 979 1874 ὅτι
1019 1821 1119 1874 καὶ
1165 1820 1334 1876 αὐτοὶ
1374 1820 1726 1886 βούλονται,

147 1912 242 1967 καὶ
267 1910 368 1964 διὰ
387 1911 550 1966 τοῦτ’
585 1913 902 1982 ἀνέχονται
925 1913 1469 1982 ,βλασφημούμενοι
1486 1930 1498 1942 °
1524 1913 1598 1966 τὰ
1623 1917 1732 1982 γὰρ

145 2003 256 2057 lca
287 2002 412 2070 τοῖς
451 2004 611 2071 ἴσοις
649 2005 1018 2074 παραϐαλεῖν
1058 2004 1399 2074 κράτιστον.
1451 2006 1598 2060 Ἀλλ’
1627 2001 1731 2060 οὗ-

144 2097 235 2150 τοι
262 2114 332 2166 γε
363 2096 464 2150 καὶ
483 2097 720 2166 σφόδρα
747 2098 1073 2168 ἀμύνονται
1098 2097 1204 2151 τὸν
1226 2097 1730 2166 βλασφημοῦντα,

143 2188 279 2257 ἤτοι
314 2206 382 2259 τε
418 2191 720 2259 φεύγοντα
756 2189 853 2244 διὰ
884 2189 1057 2244 τοῦτο
1088 2189 1188 2244 καὶ
1229 2191 1659 2260 κρυπτόμενον,
1693 2191 1732 2260 ἢ

143 2281 556 2350 ἁλισκόμενον
583 2273 683 2335 καῖ
701 2282 1150 2351 ἀπολλύμενον.
1175 2282 1248 2334 υύ
1281 2281 1735 2353 βλασφημοῦντας

144 2365 260 2434 οὖν,
300 2370 418 2423 ἀλλ’
450 2369 856 2435 ἀπελαύνοντας
878 2371 986 2426 ἀπὸ
1015 2371 1124 2424 τῶν
1153 2371 1356 2438 ξοάνων
1384 2373 1477 2426 καὶ
1509 2372 1618 2426 τῶν
1644 2374 1736 2426 ἀν-

146 2459 438 2532 θρωπίνων
493 2462 762 2532 σωμάτων
822 2464 915 2516 καὶ
968 2462 1155 2533 ψυχῶν
1212 2464 1576 2535 Χριστιανοὺς

146 2551 453 2624 ἀμύνεσθαι
492 2555 801 2624 νομίζουσιν
840 2555 890 2608 oi
928 2554 1199 2625 δαίμονες.
1232 2555 1324 2627 Μὴ
1365 2554 1500 2610 νοῶν
1541 2556 1648 2627 γάρ
1675 2556 1737 2609 τὸ

147 2646 459 2715 γινόμενον,
493 2645 690 2717 ἀληθές
715 2665 765 2700 τι
793 2645 934 2700 κατὰ
961 2647 1052 2699 τὸν
1081 2646 1242 2700 τόπον
1276 2649 1304 2700 ὁ
1350 2648 1556 2710 Κέλσος
1584 2647 1736 2718 εἴρη-

147 2756 263 2793 κεν.
304 2738 524 2810 Ἀληθές
555 2739 663 2810 γὰρ
695 2738 756 2793 τὸ
803 2739 1018 2808 φαύλων
1061 2739 1327 2810 δαιμόνων
1359 2738 1738 2811 πληρουμένας

147 2830 248 2894 τὰς
276 2830 387 2883 τῶν
410 2830 882 2895 καταδικαζόντων
907 2831 1267 2903 Χριστιανοὺς
1290 2829 1488 2901 ψυχὰς,
1514 2830 1608 2883 καὶ
1629 2829 1737 2882 τῶν

149 2922 533 2994 προδιδόντων,
585 2921 680 2976 καὶ
713 2920 820 2977 τῶν
852 2921 1214 2976 εὐδοκούντων
1248 2920 1357 2993 (56)
1391 2920 1738 2991 Χριστιανοίς

152 3015 582 3086 προσπολεμεῖν.

235 3107 376 3161 Ἀλλ’
402 3108 526 3160 ἐπεὶ
559 3108 616 3160 αί
643 3106 811 3178 ψυχαὶ
856 3106 964 3160 τῶν
1006 3105 1095 3161 διὰ
1119 3105 1545 3179 Χριστιανισμὸν
1594 3107 1733 3159 ἀπο·
1764 3122 1812 3181 ρ

152 3200 532 3271 θνησκόντων,
573 3199 640 3253 δι’
688 3199 968 3252 εὐσέϐειαν
1025 3199 1140 3269 μετ’
1164 3198 1411 3262 εὐκλείας
1464 3197 1740 3252 ἀπαλλατ-

152 3295 380 3365 τόμεναι
431 3293 527 3346 τοῦ
583 3291 854 3363 σώματος,
887 3292 1158 3364 καθῄρουν
1207 3291 1304 3363 τὴν
1353 3291 1583 3362 δύναμιν
1633 3291 1740 3345 τῶν

152 3387 447 3456 δαιμόνων,
490 3387 584 3440 καὶ
618 3385 961 3456 ἀτονωτέραν
988 3384 1166 3438 αὐτῶν
1199 3385 1414 3438 ἐποίουν
1458 3383 1554 3455 τὴν
1599 3383 1741 3437 κατά

153 3478 262 3530 τῶν
320 3477 628 3548 ἀνθρώπων
683 3475 1005 3547 ἐπιϐουλὴν,
1063 3475 1151 3529 διὰ
1205 3474 1383 3540 τοῦτο,
1443 3469 1618 3545 οἶμαι,
1670 3477 1737 3546 τῇ

157 3570 324 3640 πείρᾳ
351 3568 617 3640 μαθόντες
642 3569 690 3620 oi
730 3565 981 3637 δαίμονες
1009 3566 1233 3628 ἑαυτοὺς
1267 3563 1608 3635 ἡττωμένους
1645 3561 1741 3616 καὶ

157 3661 564 3733 κρατουμένους
594 3659 697 3712 ὐπὸ
722 3659 828 3711 τῶν
859 3655 1150 3729 μαρτύρων
1180 3655 1280 3724 τῆς
1311 3653 1586 3724 ἀληθείας,
1611 3653 1741 3721 ἐφο-

158 3755 403 3827 ϐήθησαν
450 3753 612 3808 πάλιν
651 3752 807 3823 ἣκειν
839 3752 931 3804 ἐπὶ
962 3749 1022 3803 τὸ
1046 3749 1388 3820 ἀμύνεσθαι·
1421 3747 1514 3800 καὶ
1544 3744 1738 3808 οὕτως,

157 3849 264 3912 ἕως
308 3847 672 3901 ἐπιλάθωνται
716 3838 791 3899 ὧν
840 3841 1138 3896 πεπόνθασι
1189 3841 1386 3904 πόνων,
1421 3838 1565 3902 εἰκὸς
1603 3833 1742 3891 εἶναι

157 3942 256 4014 τὴν
286 3939 376 3994 τοῦ
406 3941 616 4010 κόσμου
652 3937 786 4009 πρὸς
825 3934 1178 4007 Χριστιανοὺς
1218 3933 1468 4003 εἰρήνην·
1505 3928 1642 4005 έπάν
1686 3928 1744 3981 δὲ

165 4032 522 4096 συλλέξωνται
550 4030 648 4100 τὴν
679 4027 928 4097 δύναμιν,
965 4025 1058 4080 καὶ
1108 4025 1214 4078 ὑπὸ
1258 4023 1359 4091 τῆς
1408 4018 1606 4082 κακίας
1650 4036 1743 4071 τυ-

165 4122 454 4194 φλούμενοι
486 4121 646 4174 πάλιν
677 4117 980 4190 ἀμύνεσθαι
1007 4116 1223 4180 θέλωσι,
1257 4114 1352 4167 καὶ
1384 4111 1744 4184 Χριστιανοὺς

163 4215 396 4278 διώκειν,
428 4213 593 4266 πάλιν
637 4208 1154 4282 καθαιρεθὴσονταιο
1195 4207 1287 4258 καὶ
1332 4205 1450 4257 τότε
1495 4203 1658 4256 πάλιν
1690 4203 1744 4254 αἱ

165 4308 328 4378 ψυχαὶ
354 4308 464 4362 τῶν
497 4304 884 4366 εὐσεϐούντων,
913 4303 1006 4354 καὶ
1027 4301 1094 4354 δι’
1125 4297 1410 4352 εὐσέϐειαν
1442 4295 1745 4364 ἀποδυομέ-

169 4417 271 4452 νων
305 4398 373 4452 τὰ
412 4396 664 4467 σώματα,
700 4391 985 4445 καθελοῦσι
1011 4390 1071 4442 τὸ
1107 4387 1196 4442 τοῦ
1243 4385 1478 4460 πονηροῦ
1525 4383 1749 4456 στρατό-

172 4491 344 4544 πεδον.
390 4489 534 4558 Ἐγὼ
556 4487 600 4541 δ’
635 4482 808 4555 οἶμαι,
835 4484 914 4537 ὅτι
951 4481 1263 4550 αἰσθόμενοι
1289 4480 1337 4532 οἱ
1366 4478 1637 4548 δαίμονες,

171 4585 217 4636 ol
266 4582 362 4652 μὲν
396 4578 679 4642 νικῶντες,
721 4577 814 4629 καὶ
852 4574 918 4627 δι’
969 4571 1250 4624 εὐσέϐειαν
1289 4567 1745 4639 ἀποθνήσκοντες,

175 4674 522 4747 καθαιροῦσιν
570 4670 749 4726 αὐτῶν
801 4667 899 4739 τὴν
947 4663 1264 4718 δυναστείαν
1288 4679 1300 4691 ο
1338 4663 1387 4715 οἱ
1416 4660 1472 4714 δὲ
1497 4659 1584 4713 διά
1626 4661 1750 4722 τοὺς

176 4746 364 4828 πόνους
409 4761 734 4836 ἡττώμενοι,
768 4758 861 4810 καὶ
913 4755 1009 4826 τὴν
1060 4750 1373 4805 θεοσέϐειαν
1406 4746 1751 4820 ἀρνούμενοι,

177 4858 474 4929 ὑποχείριοι
516 4852 746 4913 ἐκείνοις
787 4850 1049 4916 γίνονται,
1095 4842 1204 4896 ἐσθ’
1248 4843 1336 4895 ὅτε
1380 4837 1756 4912 προσφιλονει-

179 4947 324 5000 κοῦσι
356 4948 469 5008 τοῖς
495 4940 940 5014 παραδιδομένοις
967 4934 1310 5007 Χριστιανοῐς
1329 4948 1341 4959 ο
1364 4930 1438 4993 ὡς
1461 4925 1757 4996 κολαζόμε-

179 5055 254 5093 νοι
291 5039 388 5110 μὲν
417 5037 524 5090 ὑπὸ
563 5036 660 5105 τῆς
691 5030 979 5103 ὁμολογίας
1011 5025 1214 5088 αὐτῶν,
1254 5021 1658 5090 ἀναπαυόμενοι
1699 5016 1755 5068 δὲ

182 5131 269 5184 ἐπὶ
296 5135 364 5202 τῇ
397 5130 625 5200 ἀρνήσει
658 5123 856 5178 αὐτῶν.
885 5123 993 5175 Καὶ
1021 5119 1135 5172 ἐστι
1163 5135 1225 5186 γε
1248 5115 1451 5168 τούτων
1479 5113 1598 5183 ἴχνη
1629 5110 1757 5163 θεά-

186 5224 373 5278 σασθαι
405 5221 499 5275 καὶ
535 5221 591 5270 ὲν
623 5220 732 5280 τοῖς
771 5215 1071 5274 δικασταῖς,
1107 5205 1487 5276 κολαζομένοις
1522 5203 1618 5273 μὲν
1651 5199 1756 5252 ὐπὸ

184 5318 289 5378 τοῖς
326 5312 656 5383 ὑπομένουσι
701 5308 810 5379 (57)
847 5305 945 5369 τὰς
971 5302 1156 5365 αἰκίας
1198 5299 1292 5353 καὶ
1315 5296 1414 5359 τὰς
1450 5293 1712 5364 βασάνους
1738 5307 1750 5318 ·

251 5430 293 5460 ⁹¹
333 5427 492 5483 Joan.
532 5443 640 5490 xu,
673 5423 763 5477 24.

258 5547 364 5618 (54)
407 5547 560 5618 Mss,
584 5545 754 5618 δι’ῃὸν.
787 5543 944 5618 _Libh.
972 5539 1122 5618 editi.
1151 5535 1230 5589 διό
1253 5544 1303 5588 et
1337 5532 1401 5612 δι’
1425 5532 1471 5583 ὃ.
1504 5563 1532 5618 _~

259 5598 370 5685 ἰδέ)
412 5598 752 5671 llmselielius
787 5615 842 5685 in
874 5623 1045 5685 trino,
1073 5603 1437 5685 Χριστιανῷν,
1471 5598 1630 5685 tuine.
1670 5667 1681 5682 ἰ

258 5669 368 5762 ξῧθί
403 5689 514 5742 Kal
548 5685 663 5762 τῷν
693 5669 1104 5762 προδιδόντων
1125 5669 1249 5762 ’καὶ
1289 5673 1408 5727 τῶν
1435 5669 1756 5750 ετύδοιιούνξ

193 5745 322 5812 των.
348 5745 430 5813 Ἰιε
479 5757 638 5812 codd.
683 5745 924 5808 Julianus
951 5761 1006 5805 et
1044 5749 1377 5821 Anglicanus
1420 5745 1630 5821 primus
1665 5745 1757 5802 qut

199 5840 366 5886 tamen
421 5844 520 5898 pro
577 5822 970 5892 εὐδοκούντων,
1014 5814 1215 5876 ιιίὼιῖιιι
1272 5814 1755 5884 εὐδαιμονούντων,

841 5423 886 5453 ⁹¹
929 5421 1086 5474 Rom.
1113 5432 1207 5470 vn:
1233 5455 1247 5478 ,
1284 5413 1373 5467 52.
1451 5409 1496 5440 ³³
1541 5407 1698 5462 Joan.
1739 5421 1751 5459 ι

1826 517 2012 572 docuit
2041 516 2127 571 his
2159 517 2341 571 verbis
2373 533 2385 568 ε
2426 514 2550 569 Nisi
2591 530 2814 584 granum
2840 513 3094 582 frumenti
3125 515 3314 566 cadens
3347 516 3402 567 in

1824 619 2017 663 terram
2032 621 2294 663 mortuum
2309 609 2487 678 fuerit,
2517 609 2684 677 ipsum
2710 608 2878 661 solum
2911 617 3118 669 manet;
3149 609 3194 660 si
3229 617 3406 659 autem

1826 713 2088 756 mortuum
2115 701 2294 771 fuerit,
2331 700 2552 755 multum
2579 701 2809 771 fructum
2841 700 2997 768 a/I'ert
3033 699 3099 752 “.
3133 699 3407 753 Mortuum

1827 793 1990 861 igitur
2005 809 2231 864 granum
2252 792 2502 847 frumenti
2519 792 2676 847 Jesus
2695 794 2915 846 multum
2930 791 3168 846 fructum
3187 792 3407 859 attulit;

1827 895 1883 948 et
1900 886 2058 942 Pater
2075 901 2289 956 semper
2307 887 2568 956 prospicit
2582 886 2843 940 fructibus
2861 885 2951 954 qui
2977 899 3041 938 ex
3064 895 3236 939 morte
3255 887 3410 956 grani

1829 976 2089 1031 frumenti
2142 985 2196 1031 et
2244 976 2355 1030 nati
2386 984 2537 1037 sunt,
2571 983 2625 1029 et
2659 975 2957 1029 etiamnum
2994 983 3320 1036 nascuntur,
3356 983 3412 1027 et

1830 1070 2090 1124 nascituri
2117 1080 2261 1123 sunt.
2293 1067 2576 1121 Ilumanus
2603 1080 2733 1136 ergo
2759 1077 2914 1134 pater
2941 1076 3024 1120 est
3053 1065 3183 1121 Jesu
3220 1065 3408 1130 Pater,

1829 1163 1920 1231 qui
1954 1161 2170 1229 prolrrio
2205 1159 2350 1213 Filio
2377 1175 2481 1212 non
2513 1158 2766 1226 pepercit,
2794 1157 2883 1210 sed
2916 1173 3011 1224 pro
3057 1157 3204 1210 nobis
3236 1157 3412 1211 omni-

1831 1253 1925 1306 bus
1968 1254 2190 1306 tradidit
2233 1252 2385 1305 illum
2418 1253 2484 1314 ³³,
2522 1265 2716 1319 agnum
2752 1265 2942 1310 suum,
2978 1263 3037 1302 ut
3079 1251 3267 1319 Agnus
3315 1249 3409 1303 Dei

1834 1345 2000 1398 totius
2026 1344 2207 1398 nmndi
2243 1358 2404 1397 causa
2435 1343 2672 1396 moriens
2721 1341 2904 1395 tantuli
2935 1351 3216 1409 peccatum
3252 1339 3410 1394 tolle-

1836 1446 1917 1490 ret
1943 1436 2009 1488 ³³.
2058 1434 2211 1490 Unde
2253 1450 2357 1489 non
2393 1434 2738 1496 necessitate,
2797 1432 2892 1487 sed
2947 1431 3136 1485 volens
3187 1429 3413 1500 pertulit

1836 1528 2014 1582 illatas
2052 1528 2155 1604 sibi
2203 1542 2232 1580 a
2270 1525 2734 1581 conviciatorihus
2785 1523 3164 1578 contumelias.
3208 1521 3408 1576 Postea

1836 1619 2031 1674 Celsus
2069 1620 2286 1674 rediens
2322 1620 2388 1672 ad
2417 1633 2511 1673 eos
2555 1616 2647 1686 qui
2688 1616 2976 1670 simulacra
3008 1613 3219 1684 injuriis
3255 1613 3412 1666 inho-

1836 1724 2032 1770 norant
2057 1728 2071 1766 :
2111 1713 2277 1780 Quos,
2297 1712 2496 1780 inquis.
2525 1727 2714 1764 oneras
2735 1707 3084 1772 contumeliis,
3109 1706 3231 1760 illo:
3249 1708 3409 1759 etiam

1837 1806 2010 1858 dicere
2057 1805 2175 1857 licet
2219 1805 2294 1856 ita
2335 1803 2554 1856 tractari
2594 1800 2722 1854 velle
2762 1809 2809 1853 et
2849 1807 3123 1867 propterea
3175 1797 3407 1866 injurias

1834 1913 1984 1968 (equo
2039 1898 2216 1950 animo
2265 1896 2425 1965 ferre.
2465 1894 2605 1948 Nam
2651 1893 2803 1961 paria
2855 1891 3071 1958 paribus
3125 1890 3403 1959 conferre,

1836 1987 2113 2057 optimum.
2159 1987 2471 2056 Quanquam
2521 1984 2598 2037 illi
2640 1981 3047 2036 conuiciatorem
3092 1995 3261 2033 severe
3308 1996 3410 2046 pu-

1838 2083 2010 2144 niunt,
2041 2080 2130 2150 qui
2159 2079 2356 2132 idcirco
2387 2076 2518 2145 fugit
2549 2087 2595 2128 et
2627 2074 2821 2137 latitat,
2857 2084 2944 2124 aut
2977 2081 3160 2139 captus
3194 2073 3262 2123 ad
3292 2087 3415 2137 sup-

1836 2173 2050 2243 plicium
2085 2171 2336 2225 trahitur.
2386 2169 2668 2223 Daemones
2697 2166 2864 2236 igitur
2896 2163 3239 2218 Christianos
3276 2162 3413 2216 ulci-

1839 2264 1918 2319 sci
1949 2271 2144 2332 putant
2183 2277 2291 2316 non
2323 2261 2448 2329 quia
2485 2257 2881 2318 conviciantur,
2924 2255 3018 2307 sed
3059 2253 3185 2323 quia
3216 2253 3357 2322 ipsos
3385 2268 3416 2306 e

1838 2357 2147 2412 simulacris
2185 2366 2238 2410 et
2266 2353 2518 2409 humanis
2546 2363 2653 2406 tam
2682 2348 3008 2419 corporibus
3034 2363 3194 2416 quam
3220 2348 3417 2401 animis

1837 2449 2136 2520 expellunt.
2159 2445 2420 2513 Quamvis
2445 2445 2588 2498 enim
2617 2458 2726 2496 rem
2756 2457 2860 2494 non
2894 2438 3417 2510 intelligeret,77@

1838 2540 1940 2593 hoc
1969 2539 2089 2592 leco
2114 2548 2292 2591 tamen
2320 2549 2508 2592 verum
2541 2532 2669 2601 quid
2701 2530 2859 2584 dixit.
2920 2527 3114 2582 Verum
3158 2528 3300 2580 enim
3332 2538 3417 2579 cst

1842 2631 2051 2684 animas
2091 2638 2200 2682 tum
2241 2641 2432 2682 eorum
2473 2625 2563 2694 qui
2613 2620 2960 2678 Christianos
3011 2621 3414 2676 condemnant.

1843 2730 1956 2776 tum
1992 2735 2178 2775 eorum
2216 2719 2308 2788 qui
2358 2716 2478 2771 illos
2523 2715 2789 2784 produnt,
2818 2721 2927 2766 tum
2955 2711 3189 2779 denique
3222 2725 3410 2764 eorum

1841 2813 1932 2885 qui
1965 2813 2068 2866 illis
2098 2812 2300 2866 bellum
2327 2809 2567 2864 indicere
2597 2804 2923 2879 gloriantur,
2965 2803 3121 2858 malis
3151 2802 3414 2858 daemoni-

1844 2910 1942 2963 bus
1974 2920 2095 2962 esse
2119 2904 2369 2960 refertas.

1917 3067 2008 3121 44.
2065 3064 2173 3120 Sed
2213 3080 2334 3119 cum
2382 3063 2576 3117 animm
2626 3075 2814 3115 eorum
2861 3058 2952 3128 qui
3013 3054 3414 3111 Christianismi

1844 3175 2014 3213 causa
2044 3159 2350 3212 moriuntur
2399 3169 2701 3224 magnaque
2731 3167 2854 3207 cum
2891 3149 3063 3220 gloria
3099 3164 3298 3218 corpus
3334 3164 3422 3203 re-

1841 3251 2124 3319 linquunt,
2163 3258 2490 3318 petestatem
2539 3248 2843 3300 damionum
2891 3242 3228 3308 frangerent,
3283 3241 3420 3293 insi-

1842 3345 2066 3411 diasque
2091 3342 2400 3395 hominibus
2430 3341 2496 3392 ab
2537 3339 2618 3393 eis
2641 3345 2985 3406 comparatas
3015 3334 3204 3388 irritas
3229 3332 3423 3386 redde-

1846 3443 1992 3502 rent;
2027 3449 2146 3488 eam
2178 3435 2246 3488 ob
2299 3448 2433 3495 rem,
2485 3431 2704 3501 Opinor,
2750 3430 3024 3482 dtemones
3080 3424 3422 3493 experientia

1843 3529 1987 3582 docti
2036 3540 2095 3581 se
2141 3541 2171 3579 a
2220 3523 2547 3594 martyribus
2587 3520 2834 3575 veritatis
2872 3518 3014 3572 vinci
3055 3526 3111 3571 et
3153 3515 3422 3586 superari,

1845 3636 2034 3676 rursus
2084 3619 2324 3673 vindicta
2372 3616 2446 3669 uti
2501 3615 2817 3668 timuerunt.
2867 3612 3047 3679 Atque
3094 3609 3193 3673 ita,
3249 3607 3426 3662 donec

1845 3713 2218 3768 molestiarum
2263 3724 2400 3780 quas
2431 3707 2674 3778 perpessi
2705 3714 2832 3760 sunt
2854 3703 3268 3766 obliviscantur,
3295 3715 3426 3769 pro-

1845 3806 2023 3862 habite
2051 3815 2133 3861 est
2161 3803 2488 3859 Christianis
2515 3815 2637 3855 cum
2674 3799 2776 3852 hoc
2820 3797 3020 3850 niundo
3070 3809 3257 3864 pacem
3305 3806 3428 3848 esse

1849 3900 2108 3952 futuram.
2144 3897 2436 3966 Postquam
2471 3901 2650 3946 autem
2694 3888 3011 3959 collegerint
3041 3878 3388 3954 potestatem
3411 3923 3425 3943 ,

1845 4003 1897 4045 et
1925 3989 2164 4059 nequitia
2191 3986 2453 4042 obcaecati
2485 3998 2672 4038 rursus
2700 3981 2886 4035 ulcisci
2918 3995 2976 4032 se
3000 3978 3254 4036 volente:
3273 3974 3427 4029 Chri-

1849 4085 2058 4140 SIianos
2117 4081 2416 4144 insectari;
2476 4093 2670 4132 rursus
2725 4071 3181 4145 proﬂigabuntur,
3239 4083 3430 4120 rursus

1849 4178 2041 4231 animae
2084 4176 2319 4244 piorum,
2369 4173 2461 4239 qui
2497 4169 2717 4238 pietatis
2752 4181 2915 4219 causa
2962 4176 3158 4229 corpus
3203 4168 3427 4224 exuent,

1853 4271 1978 4325 mali
2007 4269 2306 4323 exercitum
2331 4263 2702 4318 debellubuut.
2741 4259 2852 4328 Ego
2888 4267 3069 4309 autem
3108 4254 3304 4322 Opinor
3331 4251 3437 4306 dat-

1852 4377 2038 4417 mones
2078 4361 2201 4429 quia
2252 4356 2495 4414 sentiunt
2528 4367 2680 4407 suam
2720 4358 3045 4419 potestatem
3083 4346 3152 4400 ab
3196 4346 3261 4397 iis
3305 4359 3432 4412 pes-

1665 4478 1748 4530 δτι
1782 4475 1822 4528 ι)
1852 4455 2093 4510 sumdari
2139 4453 2230 4522 qui
2265 4453 2502 4505 victores
2544 4447 2706 4500 morti
2737 4441 3093 4502 occumbunt,
3141 4437 3272 4504 illos
3306 4450 3437 4489 vero

1852 4548 1945 4618 qui
1983 4545 2158 4618 ptenis
2185 4541 2428 4613 superati
2459 4539 2663 4595 cultum
2689 4535 2801 4590 veri
2829 4533 2920 4588 Dei
2945 4531 3182 4597 ejurant,
3209 4529 3264 4582 in
3293 4527 3440 4596 ipso-

1856 4658 1974 4694 rum
2003 4638 2268 4692 ditionem
2304 4633 2512 4695 venire,
2562 4629 2767 4683 idcirco
2800 4639 2924 4679 eum
2961 4619 3292 4676 Christianis
3317 4632 3435 4672 ma-

1858 4748 1959 4787 nus
1991 4743 2326 4791 conserere;
2363 4725 2562 4794 quippe
2585 4722 2675 4791 qui
2712 4720 2922 4774 illorum
2955 4713 3300 4767 confessione
3329 4718 3442 4764 tor-

1857 4833 2115 4894 quentur,
2149 4819 2510 4888 abnegatione
2555 4822 2898 4868 recreantur.
2929 4809 3112 4874 Atque
3149 4801 3308 4870 hujus
3358 4802 3437 4856 rei

1861 4893 2084 4986 vestigia
2121 4915 2312 4967 videre
2341 4921 2426 4964 est
2459 4909 2512 4963 in
2542 4908 2674 4975 ipsis
2701 4903 2973 4973 iudicibus
2999 4898 3116 4966 qui,
3137 4911 3259 4951 eum
3285 4893 3444 4950 Chri-

1861 5010 2027 5064 stiani
2058 5002 2422 5062 contumelias
2450 5009 2504 5053 et
2541 5003 2810 5050 tormenta
2843 5004 3040 5059 magno
3091 4987 3276 5040 animo
3316 4998 3445 5053 per-

1865 5104 2068 5162 ferunt,
2103 5108 2452 5162 summopere
2488 5089 2708 5147 dolent;
2747 5083 3090 5150 triumphant
3128 5093 3282 5136 vero,
3321 5090 3442 5128 cum

1860 5193 2204 5250 Christianus
2247 5184 2574 5241 succumbit.
2601 5179 2787 5243 Neque
2814 5176 2863 5228 id
2902 5171 3106 5226 faciunt
3139 5183 3301 5222 sensu
3330 5166 3445 5232 ejus

1861 5301 2023 5356 quam
2057 5291 2253 5336 vocant
2281 5272 2657 5331 Immanitatis.
2687 5268 3037 5336 Perspectmn
3062 5262 3206 5314 enim
3247 5259 3447 5312 habent

1779 5445 1792 5469 ,
1835 5401 1928 5456 ει).

1865 5521 1960 5575 Sed
1988 5535 2052 5572 ex
2084 5515 2422 5570 correctione
2455 5503 2838 5562 εὐδοκούντων,
2875 5515 2985 5575 qua
3005 5495 3058 5575 in
3084 5507 3228 5575 _vo_re
3257 5488 3451 5575 allusit:

1981 5556 2052 5642 ad
2084 5556 2654 5641 Χξιίνῖ-ὶῖἶξῖἶίρῑιιιι.
2702 5556 2856 5644 antea
2876 5556 3033 5644 :etlit-i
3084 5567 3289 5619 habent
3308 5583 3327 5609 ι
3357 5556 3450 5611 καὶ

1865 5661 1989 5722 τοὺς
2020 5655 2376 5729 προδιδόντας.
2397 5650 2493 5703 καῖ⁶
2525 5645 2656 5727 τοὺς
2685 5639 3056 5729 εὐδοκοῦνταΙς.

1939 5709 2234 5798 ζὲτῖγνγπὸ
2287 5709 2410 5786 τοῖς
2465 5713 2860 5784 ὑπομένουσι.
2917 5709 3142 5771 Malim,

1870 5799 2270 5872 ὑπομενόντων.

3195 5703 3302 5754 ὑπὸ
3345 5695 3455 5752 τῶν
