3866 6398
166 375 291 430 4385

165 603 278 640 ποτε
302 604 315 618 ·
349 588 395 641 oi
427 587 481 640 δὲ
518 588 647 659 παρ’
681 590 810 659 ἡμῖν
845 591 1120 661 προφῆται
1157 594 1216 645 οὐ
1255 595 1412 664 μόνον
1455 599 1558 651 ὑπὸ
1613 600 1720 651 τῶν

161 680 266 733 κατ’
311 680 502 744 αὐτοὺς
549 679 991 752 ἐθαυμάσθησαν,
1032 683 1120 736 διὰ
1162 684 1257 754 τὴν
1287 688 1572 759 ἐνάργειαν
1615 690 1720 742 τῶν

160 770 450 842 λεγομένων
489 771 579 822 ὑπ’
622 771 820 835 αὐτῶν,
869 771 1002 827 ἀλλὰ
1046 759 1138 826 καὶ
1174 777 1230 828 ἐν
1285 779 1395 841 τοῖς
1433 778 1562 849 ἑξῆς
1596 781 1722 852 χρό-

162 880 278 927 νοις.
322 864 411 916 Ἐκ
443 862 550 934 γὰρ
581 856 654 916 ὧν
688 863 927 935 ἔχρησαν
979 869 1026 918 οἱ
1072 869 1349 940 προφῆται
1399 872 1493 923 καὶ
1540 873 1721 936 πόλεις

161 954 512 1026 ὼρθώθησαν,
559 956 654 1008 καὶ
700 955 973 1026 ἄνθρωποι
1023 959 1390 1030 ὑγιάσθησαν,
1440 964 1533 1016 καὶ
1573 964 1721 1035 λιμοὶ

160 1044 476 1098 ἐπαύσαντοε
523 1043 658 1098 ἀλλά
705 1044 798 1097 καὶ
842 1047 920 1109 εἰς
967 1047 1224 1100 ἀποικίαν
1264 1049 1449 1118 σαφῶς
1488 1050 1584 1122 τὴν
1628 1053 1720 1105 ἀπ’

159 1134 411 1205 Αἰγύπτου
426 1138 504 1199 εἰς
519 1135 613 1207 τήν
638 1136 996 1208 Παλαιστίνην
1011 1139 1151 1192 κατά
1169 1144 1448 1211 χρησμοὺς
1467 1141 1720 1214 ἐλήλυθεν

156 1227 262 1280 ὅλον
286 1227 341 1279 τὸ
368 1227 633 1281 Ἰουδαίων
671 1227 840 1292 ἔθνος·
875 1229 1011 1300 ὅπερ
1042 1229 1299 1300 μετελθδν
1334 1231 1431 1301 μὲν
1462 1233 1529 1285 τὰ
1558 1250 1721 1303 προσ-

157 1319 404 1390 ταχθέντα
441 1320 544 1373 ὑπὸ
592 1319 686 1372 τοῦ
719 1319 854 1372 Θεοῦ
894 1320 1272 1392 εὑδαιμόνησε,
1305 1323 1501 1391 σφαλὲν
1531 1323 1586 1376 δὲ
1625 1340 1721 1393 με-

155 1415 330 1482 τέγνω.
376 1414 441 1466 Τί
472 1413 527 1466 δὲ
555 1413 634 1465 δεῖ
660 1412 839 1480 λέγειν
881 1413 993 1466 ὅσοι
1014 1413 1269 1466 δυνάσται
1303 1413 1398 1466 καὶ
1427 1415 1541 1468 ὅσοι
1581 1414 1719 1468 ἰδιῶ-

157 1523 248 1568 ται,
269 1506 404 1558 κατὰ
435 1505 530 1568 τὰς
565 1505 807 1576 ἱστορίας
830 1504 929 1575 τῆς
949 1505 1194 1576 Γραφῆς,
1219 1504 1442 1575 ἄμεινον
1474 1505 1505 1576 ἢ
1536 1507 1716 1578 χεῖρον

158 1599 494 1669 προσέχοντες
521 1599 638 1660 ταῖς
667 1599 1025 1669 προφητείαις
1052 1597 1084 1667 ἢ
1118 1596 1514 1667 ἀμελήσαντες,
1539 1597 1714 1668 ἀπήλ-

153 1689 302 1755 λαξαν
323 1708 336 1755 ;
361 1690 423 1742 Εἰ
449 1689 505 1742 δὲ
539 1692 634 1743 καὶ
657 1691 785 1761 περὶ
808 1689 1060 1752 ἀπαιδίας
1087 1689 1167 1741 δεῖ
1206 1688 1404 1754 λέγειν,
1437 1689 1519 1757 ἐφ’
1607 1689 1714 1760 (65)

152 1780 527 1852 δυσᾳοροῦντές
555 1799 698 1844 τινες
729 1781 984 1850 γεγόνασι
1019 1783 1255 1852 πατέρες
1277 1782 1309 1852 ἦ
1342 1782 1592 1854 μητέρες,
1619 1783 1716 1846 τὰς

1297 384 1573 442 CONTRA
1613 387 1894 449 CELSUM
1930 394 2053 450 LIB.
2098 392 2228 448 Vlll.

235 493 293 544 Ἠ
323 494 416 565 μὲν
443 493 613 548 Πυθία
639 495 937 566 ἱστόρηται,
958 495 1037 550 ὅτι
1065 500 1490 559 κα“ι“νοθευθεῖσα
1519 507 1717 580 ἔχρησέ
1751 518 1791 573 Α

3259 399 3410 454 13386-

1896 511 1986 564 46.
2019 511 2093 565 Ac
2134 509 2323 580 Pythia
2357 501 2570 576 quidem
2591 521 2847 564 narratur
2865 514 3136 582 corrumpi
3180 529 3237 569 se
3274 534 3398 584 per-

1827 602 2036 657 misisse
2072 613 2128 656 ut
2159 605 2377 656 oracula
2411 603 2596 657 ederet
2626 621 2638 656 :
2672 613 2725 656 at
2765 605 2931 657 nostri
2966 606 3243 673 pmpbetze
3283 625 3391 661 non

1824 694 1994 746 solum
2053 695 2134 748 sui
2219 695 2509 761 temporis,
2595 695 2686 748 sed
2735 697 2899 748 etiam
2947 701 3394 765 consequentium

1827 796 2126 854 temporum
2178 785 2496 840 hominibus
2535 786 2882 840 admirationi
2921 786 3074 842 fuere
3107 790 3176 845 ob
3206 805 3392 845 eorum

1824 893 1942 947 qum
1988 879 2242 933 dicebant
2277 878 2630 933 evidentiam.
2665 878 2796 931 Nam
2828 895 2890 933 ex
2931 896 3117 935 eorum
3160 882 3395 938 oraculis

1822 979 1872 1024 et
1904 971 2060 1026 urbes
2099 971 2330 1025 conditae
2364 981 2511 1031 sunt,
2549 981 2603 1024 et
2640 971 2949 1026 hominibus
2975 977 3217 1028 restituta
3251 976 3396 1030 sani-

1825 1073 1906 1116 tas
1927 1074 2033 1128 est,
2057 1073 2108 1117 et
2125 1075 2406 1118 cessarunt
2429 1062 2616 1127 fames;
2638 1063 2729 1117 sed
2749 1073 2801 1115 et
2817 1073 2920 1117 tota
2939 1063 3244 1119 Judacorum
3265 1083 3395 1136 guns

1822 1171 1885 1207 ex
1940 1152 2178 1225 Egypto
2233 1155 2283 1208 in
2324 1153 2660 1208 Palaestinam
2701 1154 2866 1208 veluti
2901 1156 3110 1210 colonia
3161 1156 3394 1213 deducta

1823 1253 1907 1298 est
1929 1245 2005 1310 9i';
2037 1261 2156 1313 quae
2192 1247 2409 1314 quidem
2455 1259 2587 1313 gens
2621 1247 2792 1298 donec
2833 1246 2928 1300 Dei
2980 1246 3246 1302 mandatis
3278 1264 3394 1302 mo-

1822 1351 1938 1389 rem
1968 1336 2157 1404 gessit,
2198 1336 2325 1390 felix
2361 1335 2498 1400 iuit;
2529 1350 2648 1389 cum
2679 1336 2746 1388 ab
2777 1338 2880 1391 illis
2917 1338 3192 1399 discessit.
3225 1339 3398 1409 pomi-

1821 1428 1939 1481 tuit.
1971 1427 2105 1493 Quid
2128 1441 2419 1482 memorem
2445 1438 2653 1496 oportet
2673 1439 2804 1498 quot
2836 1429 3102 1498 principes
3132 1439 3186 1483 et
3213 1431 3396 1499 priva-

1821 1528 1902 1572 tos
1922 1517 2328 1586 Scripturarum
2357 1517 2582 1572 historia
2616 1527 2986 1589 reprzesentet,
3024 1520 3112 1588 qui
3139 1535 3393 1588 prospera

1822 1605 2124 1660 infaustave
2153 1605 2368 1659 fortuna
2405 1606 2486 1660 usi
2520 1616 2648 1660 sunt
2680 1617 2841 1676 prout
2872 1608 3274 1678 prophetiarum
3300 1617 3392 1662 aut

1818 1701 2173 1754 observantes
2197 1710 2290 1754 aut
2327 1699 2660 1768 negligentes
2683 1699 2940 1754 fuerunt?
2967 1700 3117 1765 Quod
3154 1701 3199 1754 si
3227 1701 3388 1755 etiam

1819 1791 1887 1845 de
1939 1791 2233 1844 liberorum
2268 1792 2502 1845 orbitate
2531 1791 2818 1846 dicendum
2868 1801 2952 1846 est
2980 1807 3140 1861 quam
3171 1792 3389 1863 quidam

153 1877 266 1948 περ)⁸
296 1877 485 1929 τούτου
520 1874 684 1943 εὐχὰς
718 1873 1140 1944 ἀναπέμψαντες
1191 1873 1266 1944 τῷ
1310 1874 1416 1927 τῶν
1448 1873 1584 1926 ὅλων
1617 1876 1708 1943 Δη-

1824 1881 2046 1934 moleste
2073 1879 2309 1936 ferentes
2334 1881 2586 1951 precibus
2611 1881 2680 1935 ab
2705 1883 3078 1936 universorum
3097 1883 3390 1938 Conditore

152 1967 410 2038 μιουργῷ·
464 1963 762 2031 ἀναγνώτω
796 1980 877 2025 τις
929 1962 996 2015 τὰ
1031 1963 1157 2033 περ).
1199 1962 1292 2015 τοῦ
1339 1962 1588 2032 Ἀϐραὰμ
1622 1963 1715 2014 καὶ

149 2060 231 2130 τῆς
263 2061 495 2130 Σάρρας,
527 2055 586 2120 ἐξ
609 2048 681 2109 ὧν
708 2054 931 2123 γέγονεν
971 2054 1156 2108 Ἰσαὰκ
1189 2055 1288 2125 ήδη
1324 2053 1717 2125 γεγηρακότων

148 2152 171 2202 ὁ
203 2149 387 2212 παντὸς
419 2147 513 2203 τοῦ
565 2146 834 2201 Ἰουδαίων
873 2143 1058 2208 ἔθνους
1091 2144 1274 2216 πατὴρ
1304 2144 1436 2214 (66),
1470 2144 1562 2196 καὶ
1598 2145 1715 2196 ἑτέ-

148 2262 243 2315 ρων
274 2243 423 2314 παρὰ
469 2241 689 2305 τούτους
709 2260 720 2272 ·
765 2239 1060 2310 ἀναγνώτω
1088 2238 1142 2291 δὲ
1169 2239 1263 2291 καὶ
1290 2238 1358 2290 τὰ
1391 2237 1518 2309 περ).
1560 2235 1716 2299 Ἰεζε-

147 2336 270 2400 κίου,
300 2336 358 2389 οὐ
397 2334 569 2406 μόνην
604 2334 921 2403 ἀπαλλαγὴν
954 2333 1111 2384 νόσου
1139 2329 1417 2392 λαϐόντος,
1454 2327 1594 2381 κοιτά
1616 2327 1712 2391 τὰς

154 2425 360 2479 Ἡσαΐου
399 2425 756 2500 προφητείας,
784 2424 917 2476 ἀλλὰ
951 2424 1045 2476 καὶ
1078 2421 1496 2492 τεθαρρηκότως
1535 2419 1715 2473 εἰπόν-

145 2535 222 2580 τος
251 2517 327 2570 τό·
375 2515 509 2571 Ἀπὸ
547 2515 658 2585 γὰρ
701 2515 804 2569 τοῦ
852 2516 967 2569 νῦν
999 2516 1107 2586 (67)
1147 2513 1352 2568 παιδία
1393 2513 1646 2579 ποιήσω,
1675 2514 1713 2567 ἂ

142 2609 452 2679 ἀναγγελεῖ
487 2609 602 2678 τὴν·
642 2609 1038 2676 δικαιοσύνην
1079 2623 1215 2661 σου.
1259 2607 1371 2661 Καὶ
1424 2608 1482 2659 ὲν
1528 2609 1591 2677 τῇ
1626 2623 1714 2658 τε-

144 2702 299 2774 τάρτῃ
330 2701 390 2754 δὲ
438 2701 546 2754 τῶν
586 2701 875 2754 Βασιλειῶν
917 2701 952 2769 ἡ
1005 2697 1378 2770 ὑποδεξαμένη
1415 2698 1503 2751 τὸν
1541 2697 1712 2750 Ἐλισ-

141 2793 293 2856 σαῖον,
342 2791 529 2862 χάριτι
576 2791 709 2844 Θεοῦ
767 2789 1220 2863 προφητέυσαντα
1273 2789 1401 2859 περὶ
1446 2789 1712 2856 γενέσεως

149 2884 331 2950 παιδὸς,
368 2884 511 2938 κατὰ
547 2883 644 2947 τὰς
693 2883 856 2954 εὐχὰς
894 2882 987 2935 τοῦ
1043 2881 1343 2935 Ἐλισσαίου
1381 2880 1568 2949 γέγονε
1610 2881 1712 2950 μή·

138 2993 249 3047 τηρ.
295 2976 602 3029 Ἀλλὰικαὶ
653 2974 931 3047 πηρώσεις
976 2973 1205 3044 ἰάθησαν
1240 2973 1429 3043 μυρίαι
1465 2971 1568 3024 ὑπὸ
1616 2969 1708 3023 τοῦ

151 3067 328 3136 Ἰησοῦ·
353 3069 449 3122 καὶ
483 3067 654 3132 ἄλλοι,
682 3069 816 3140 πρὸς
833 3067 909 3139 τῷ
927 3069 982 3120 ὲν
1011 3065 1276 3138 Ἰεροσολύ
1288 3083 1406 3137 μοις
1431 3063 1560 3136 ἱερῷ
1590 3064 1711 3116 τολ-

141 3160 402 3230 μήσαντες
433 3159 653 3229 ὑϐρίσαι
685 3159 781 3230 τὴν
834 3157 1126 3228 Ἰουδαῖκὴν
1158 3155 1474 3226 θρησκείαν,
1510 3153 1710 3209 πεπόν-

139 3247 248 3302 θασι
274 3249 342 3303 τὰ
377 3250 846 3320 ἀναγεγραμμένα
880 3251 935 3303 ὲν
966 3249 1076 3309 τοῖς
1121 3247 1538 3309 Μακκαϐαῖκοῖς
1568 3244 1700 3314 (68).
1731 3236 1776 3293 C

211 3341 343 3393 Ἀλλ’
399 3341 616 3412 ἐροῦσιν
670 3341 927 3411 ’Έλληνες
970 3341 1140 3395 ταῦτα
1189 3339 1419 3410 μύθους,
1463 3339 1705 3406 καίτοιγε

138 3431 553 3503 μαρτυρούμενα
583 3432 658 3495 ὡς
684 3431 858 3508 ἀληθῆ
899 3432 1002 3484 ὑπὸ
1028 3431 1163 3485 ὅλων
1194 3431 1286 3484 δύο
1315 3430 1502 3482 ἐθνῶν.
1534 3429 1598 3481 Τί
1628 3428 1704 3492 δὲ,

135 3523 241 3592 οὐχὶ
271 3525 474 3594 μᾶλλον
503 3524 570 3577 τὰ
616 3524 880 3594 Ἑλλήνων
916 3523 1073 3595 μῦθοι
1107 3525 1139 3594 ἢ
1173 3522 1344 3576 ταῦτα
1371 3539 1384 3586 ;
1424 3522 1486 3574 Εἰ
1517 3521 1572 3573 δὲ
1615 3519 1707 3573 καὶ

135 3613 285 3682 ὁμόσε
313 3633 400 3678 τις
426 3616 684 3686 χωρήσας
711 3615 787 3685 τῷ
823 3615 983 3685 λόγῳ,
1011 3615 1097 3668 ἵνα
1130 3615 1203 3685 μὴ
1233 3613 1359 3685 δόξῃ
1387 3611 1708 3683 ἀποκληρω-

134 3709 287 3772 τικῶς
327 3708 401 3762 τὰ
447 3709 546 3778 μὲν
596 3709 832 3780 σφέτερα
883 3708 989 3779 (69)
1035 3707 1455 3779 παραδέχεσθαι,
1504 3709 1616 3769 τοῖς
1660 3705 1704 3758 δ’

132 3800 422 3871 ἀλλοτρίοις
456 3801 724 3865 ἀπιστεῖν,
756 3802 921 3870 φήσαι
957 3801 1051 3853 καὶ
1087 3799 1151 3851 τὰ
1187 3799 1455 3869 Ἑλλήνων
1490 3798 1593 3851 ὑπό
1621 3816 1703 3850 τι-

132 3907 226 3942 νων
256 3891 543 3959 γεγονέναι
585 3890 875 3960 δαιμόνων,
909 3891 1002 3943 καὶ
1034 3889 1100 3942 τὰ
1146 3889 1414 3942 Ἰουδαίων
1451 3889 1566 3958 ἦτοι
1601 3889 1704 3940 ὑπὸ

130 3979 212 4032 τοῦ
239 3980 376 4034 Θεοῦ
420 3981 508 4034 διὰ
535 3980 644 4033 τῶν
671 3979 985 4052 προφητῶν,
1015 3981 1047 4052 ἢ
1100 3980 1204 4032 ὑπὸ
1229 3979 1336 4030 τῶν
1372 3979 1637 4046 ἀγγέλων,
1670 3977 1702 4047 ἢ

131 4072 223 4126 ὑπὸ
253 4074 347 4127 τοῦ
382 4073 518 4127 Θεοῦ
560 4072 649 4127 διὰ
687 4073 792 4126 τῶν
826 4073 1070 4142 ἀγγέλων
1091 4091 1103 4104 ο
1139 4072 1231 4126 καὶ
1264 4072 1329 4124 τὰ
1362 4069 1702 4142 Χριστιανῶν

129 4163 177 4215 δὲ
212 4165 314 4218 ὑπὸ
344 4164 440 4218 τοῦ
482 4163 655 4236 Ἰησοῦ
691 4164 784 4216 καὶ
825 4165 924 4234 τῆς
971 4166 1026 4217 ὲν
1053 4166 1165 4225 τοῖς
1204 4161 1522 4223 ἀποστόλοις
1548 4160 1704 4212 δυνά-

135 4274 266 4324 μεως
291 4256 458 4311 αὐτοῦ
481 4274 493 4287 ·
529 4256 648 4327 φέρ’
695 4256 909 4308 ἅπαντα
936 4255 1271 4327 πειραθῶμεν
1319 4252 1586 4324 ἀλλήλοις,
1612 4253 1702 4304 καὶ

129 4351 181 4403 τὸ
205 4330 355 4414 τέλος
391 4349 586 4420 ἴδωμεν
621 4348 714 4401 τοῦ
755 4348 1092 4419 βουλήματος
1127 4346 1234 4399 τῶν
1268 4344 1700 4415 ἐνεργησάντων,

130 4441 214 4492 καὶ
253 4442 354 4513 τὴν
399 4441 507 4494 ἀπὸ
536 4441 724 4492 τούτου
757 4438 1027 4509 ὠφέλειαν
1062 4439 1094 4510 ἢ
1141 4437 1342 4508 βλάϐην
1382 4437 1413 4507 ἦ
1444 4435 1701 4506 οὐδέτερα

126 4529 223 4582 τῶν
279 4531 380 4593 τὰς
428 4528 792 4601 νομιζομένας
844 4530 1166 4603 εὐεργεσίας
1217 4528 1602 4582 πεπονθότωνσ
1651 4527 1699 4578 εί

131 4621 198 4694 μὴ
229 4623 341 4695 (70)
362 4622 676 4692 -φιλόσοφον
726 4623 824 4692 μὲν
873 4620 1062 4690 ὄψεται
1105 4623 1164 4675 τὸ
1214 4621 1380 4673 πάλαι
1433 4619 1701 4672 Ἰουδαίων

93 4740 95 4744 ·
125 4713 267 4780 ἔθνος
295 4717 427 4787 πρὶν
459 4714 812 4786 ἐξυϐρίσωσιν
843 4713 950 4786 (71)
998 4717 1076 4776 εἰς
1104 4713 1165 4765 τὸ
1211 4713 1384 4774 Θεῖον,
1415 4713 1502 4781 ὑφ’
1528 4705 1588 4764 οὗ
1616 4711 1703 4763 διὰ

124 4807 215 4878 τήν
246 4809 449 4880 πολλὴν
497 4807 695 4861 κακίαν
737 4806 1268 4878 ἐγκατελείφθησαν
1303 4803 1619 4875 παραδόξως
1647 4802 1701 4854 δὲ

128 4903 424 4966 συστάντας
448 4902 810 4974 Χριστιανοὺς
843 4899 984 4952 κατά
1010 4899 1106 4969 τὴν
1130 4897 1302 4969 ἀρχὴν
1329 4895 1562 4966 μάλιστα
1589 4894 1699 4962 (7⁸2)

187 5097 233 5128 9“
269 5097 436 5149 Exod.
471 5111 567 5156 ιιι,
610 5093 661 5147 8.
743 5093 785 5123 δδ
808 5091 1100 5152 Gemuit,
1131 5088 1220 5152 l9;
1252 5105 1379 5149 xxx,
1411 5086 1606 5150 17,22.

126 5183 209 5229 xv,
241 5169 332 5220 '50.
409 5167 455 5197 θ’
495 5164 515 5217 ι
549 5164 684 5218 Mac.
716 5179 789 5227 ιιι,
829 5161 924 5224 55;
962 5161 1002 5214 ll
1041 5159 1176 5215 Mac.
1211 5173 1298 5223 ιιι,
1329 5159 1428 5224 Eli;
1463 5173 1537 5223 ix,
1574 5157 1624 5212 5.

200 5324 315 5395 (65)
368 5324 486 5391 Ἐφ’
607 5321 774 5395 Recte
816 5299 1150 5395 sic___ltabent
1213 5319 1383 5395 codd.
1411 5317 1610 5395 [legitis
1653 5325 1705 5370 et

137 5387 480 5448 Basiléensis.
521 5387 660 5447 blale
689 5402 865 5446 autem
897 5392 1026 5446 libb.
1060 5401 1218 5442 antea
1259 5388 1410 5445 editi.
1443 5387 1516 5451 ὡς
1542 5387 1665 5455 ἔφη.

194 5465 306 5534 (66)
343 5464 485 5530 Ἤδη
519 5463 928 5534 γεγηρακότων
954 5464 985 5515 ὀ
1017 5458 1244 5534 παντὸς
1273 5458 1377 5511 τοῦ
1413 5457 1702 5534 Ἰουδαίων

124 5528 338 5600 ἐθκοὺς
369 5528 744 5603 πατιιζρίηωο
769 5533 947 5586 omnia
980 5546 1099 5603 qua:
1136 5531 1188 5583 in
1227 5535 1382 5581 antea
1425 5529 1582 5582 editis
1609 5528 1700 5580 de-

127 5606 452 5660 sidcrantnr.
489 5601 850 5659 restituuntur
881 5617 911 5655 e
939 5601 1260 5663 eodd..mss.

197 5674 311 5744 (67)
348 5673 455 5728 Τοῦ
486 5675 623 5728 νῦν.
653 5673 874 5744 Vulgata
909 5671 1078 5725 Biblia
1111 5669 1217 5722 τῶν
1261 5671 1312 5719 0⁵
1347 5669 1564 5732 habent,
1601 5667 1697 5736 τῆς

126 5744 383 5816 σήμερον.

197 5808 310 5884 (68)
338 5815 791 5880 Μακκαϐαϊκοῖς.
834 5813 964 5868 Vide
1011 5811 1257 5868 Grotiunt
1290 5811 1378 5864 lib.
1419 5826 1476 5872 ιι,
1515 5824 1560 5862 c.
1611 5808 1698 5868 ΕΟ,

1685 5086 1729 5117 ⁹⁶
1757 5085 1858 5138 lsa.
1897 5099 2125 5144 xxxrttt,
2153 5080 2318 5144 5,19.

1798 5611 1903 5656 τις.

1823 1974 2192 2042 impetrarunt
2239 1983 2296 2028 nt
2333 1983 2513 2042 patres
2551 1985 2644 2028 aut
2689 1985 2890 2029 matres
2929 1973 3142 2040 tierent,
3182 1975 3394 2045 legatur

1821 2062 2094 2118 Abraham
2123 2064 2385 2134 Sameque
2420 2064 2642 2119 historia
2677 2080 2739 2118 ex
2773 2066 2970 2133 quibus
2998 2066 3106 2135 jam
3141 2067 3392 2134 decrepi-

1821 2153 1890 2208 tis
1914 2163 2079 2208 natus
2108 2164 2189 2208 est
2218 2154 2363 2209 Isaac
2405 2156 2567 2209 totius
2600 2155 2909 2210 Judaeorum
2959 2157 3133 2226 gentis
3158 2168 3310 2227 pater
3340 2166 3393 2209 et

1819 2245 2046 2300 aliorum
2070 2256 2267 2314 praeter
2297 2245 2432 2299 istos
2453 2247 2521 2299 9°.
2554 2245 2830 2315 chantur
2851 2255 2902 2300 et
2929 2262 3048 2314 qua:
3073 2249 3134 2300 de
3161 2247 3390 2300 Ezecbia

1819 2337 2030 2403 prodita
2067 2347 2192 2389 sunt
2225 2335 2317 2404 qui
2343 2350 2446 2388 non
2475 2336 2662 2390 morbo
2692 2338 2866 2390 solum
2904 2337 3164 2391 liberatus
3198 2345 3301 2403 cst,
3332 2347 3390 2388 ut

1817 2428 1982 2481 Isaias
2007 2427 2356 2496 pracdixm'at,
2381 2427 2475 2480 sed
2503 2428 2665 2480 etiam
2695 2427 2923 2482 ﬁdenter
2951 2429 3125 2481 dixit:
3163 2427 3391 2482 Posthac

1815 2515 2100 2582 procreabo
2144 2515 2307 2585 776
2349 2515 2539 2568 liberos
2582 2517 2671 2584 qui
2699 2516 3089 2569 annuutiabtmt
3112 2517 3388 2585 justitiam

1817 2619 1960 2660 luant
1993 2609 2055 2662 “6.
2086 2606 2153 2662 Et
2185 2609 2236 2661 in
2273 2617 2466 2676 quarto
2501 2607 2706 2679 [legum
2751 2609 2943 2664 mulier
2975 2610 3058 2662 illa
3084 2652 3096 2675 ,
3128 2627 3247 2681 quae
3275 2611 3390 2664 Eli-

1817 2715 1979 2752 SiDUlll
2010 2708 2298 2767 exceperat
2320 2697 2389 2762 97,
2421 2697 2597 2752 Elistei
2629 2700 2883 2768 precibus
2908 2700 3047 2754 tacta
3080 2713 3163 2755 est
3189 2713 3386 2767 mater,

1817 2791 1866 2843 id
1914 2791 2058 2860 quod
2115 2796 2377 2860 propheta
2412 2791 2498 2843 ille
2535 2793 2624 2845 Dei
2672 2793 2842 2861 gratia
2895 2794 3378 2861 prmnuntiaverat.

1815 2881 2086 2936 lnnumeri
2116 2895 2333 2950 quoque
2378 2880 2624 2935 homines
2653 2881 2906 2936 membris
2939 2881 3110 2936 mutili
3151 2899 3383 2953 accepe—

1819 2984 1946 3029 runt
1983 2991 2009 3029 a
2043 2974 2168 3029 Jesu
2213 2976 2503 3028 sanitatem
2539 2976 2622 3038 93;
2671 2984 2725 3029 et
2773 2975 2880 3038 alii,
2933 2977 3024 3045 qui
3073 2973 3383 3030 Judaeorum

1815 3065 2018 3119 cultum
2059 3067 2263 3119 violare
2299 3067 2348 3118 in
2385 3065 2581 3134 templo
2607 3066 2720 3120 ausi
2763 3065 3000 3131 fuerant,
3033 3081 3168 3136 quas
3198 3081 3389 3138 pmnas
3448 3073 3451 3077 ’

1816 3157 2041 3224 lueriut,
2076 3159 2317 3212 referunt
2348 3157 2778 3213 Macbabazorum
2813 3157 2933 3212 libri
2960 3159 3024 3211 9°.

1888 3334 1972 3386 47.
2009 3333 2078 3386 Αι
2108 3333 2249 3386 enim
2295 3331 2526 3386 dixerint
2563 3332 2734 3387 (ἔναξρί
2789 3331 3030 3386 fabulosa
3065 3331 3178 3386 haec
3217 3349 3376 3400 esse,

1810 3437 2126 3494 quanquam
2165 3436 2291 3475 vera
2312 3423 2675 3492 esseintegrae
2715 3424 2832 3477 duae
2871 3432 3057 3492 gentes
3094 3432 3380 3479 testantur.

1810 3515 1944 3570 Cum
1989 3529 2118 3568 vero
2161 3512 2353 3566 fabulae
2411 3529 2516 3566 non
2563 3522 2746 3567 essent
2785 3515 3002 3581 potius,
3057 3530 3177 3584 qua:
3209 3514 3382 3570 (Irasci

1812 3613 2072 3668 narrant,
2107 3619 2267 3672 quam
2312 3604 2457 3659 ista?
2493 3603 2644 3669 Quod
2698 3605 2888 3674 siquis,
2933 3620 2998 3658 ne
3044 3604 3185 3658 nulla
3220 3621 3384 3660 causa

1810 3697 2043 3766 probare
2076 3711 2168 3750 sua
2204 3707 2257 3749 et
2293 3696 2466 3749 aliena
2503 3710 2764 3763 respuere
2807 3697 3087 3761 videatur,
3135 3711 3222 3751 res
3254 3712 3382 3765 pro-

1811 3792 1935 3859 pius
1963 3789 2368 3858 contemplatus
2409 3788 2552 3842 dicat
2600 3803 2718 3856 qua:
2752 3787 2925 3842 ϐιωθί
2974 3799 3218 3852 narrant,
3252 3805 3314 3843 ea
3351 3804 3381 3840 a

1809 3883 2134 3952 quibusdam
2179 3880 2541 3944 daemonibus;
2576 3895 2694 3948 qua:
2739 3877 2906 3932 Judtci
2953 3875 3217 3944 referunt,
3251 3895 3313 3934 ca
3349 3896 3378 3934 a

1813 3975 1923 4028 Deo
1967 3989 2064 4042 per
2101 3973 2415 4042 prOpbetas,
2461 3979 2551 4023 aut
2592 3970 2659 4023 ab
2688 3969 2915 4049 angelis,
2957 3979 3046 4022 aut
3076 3986 3104 4024 a
3149 3971 3255 4024 Deo
3285 3986 3382 4038 per

1811 4064 2030 4134 angelos
2057 4082 2070 4128 ;
2101 4063 2535 4118 Christianorum
2560 4076 2687 4115 vero
2713 4055 2970 4114 miracula
2997 4076 3023 4111 a
3047 4059 3172 4115 Jesu
3200 4070 3254 4113 et
3287 4075 3384 4128 po-

1813 4164 2012 4208 testate
2050 4155 2116 4208 ab
2140 4155 2253 4222 ipso
2277 4154 2536 4223 apostolis
2568 4153 2687 4205 data
2716 4150 2856 4205 facta
2885 4157 3030 4213 esse,
3061 4165 3179 4220 age,
3201 4153 3392 4205 omnia-

1811 4248 2042 4302 invicem
2094 4245 2456 4300 conferamus.
2523 4243 2811 4296 Videamus
2867 4243 3141 4310 quodnam
3189 4257 3400 4296 eorum

1810 4339 2100 4393 consilium
2151 4338 2276 4402 fuit,
2327 4337 2416 4404 qui
2464 4336 2833 4405 prodigiorum
2870 4335 3083 4388 illorum
3132 4343 3383 4389 auctores

1807 4435 2060 4495 fuerunt;
2091 4446 2181 4494 an,
2213 4444 2442 4496 quorum
2475 4443 2633 4481 causa
2656 4425 2894 4496 prodigia
2924 4426 3037 4478 hrec
3061 4425 3198 4480 facta
3232 4437 3378 4489 sunt,

1813 4523 2100 4579 utilitatem
2133 4522 2258 4584 illis,
2289 4536 2355 4574 an
2396 4520 2783 4574 detrimentum
2816 4516 3117 4578 attulerint,
3156 4532 3383 4570 auneu-

1737 4601 1778 4654 ί)
1811 4627 1976 4669 trum.
2009 4612 2170 4668 Certe
2197 4613 2412 4679 antiqua
2437 4610 2745 4665 Iudaeorum
2769 4623 2896 4677 grns
2921 4606 3190 4660 videbitur
3218 4606 3382 4660 fuisse

1813 4723 1943 4778 gens
1976 4705 2422 4776 philosophorum
2451 4743 2466 4768 ,
2506 4713 2794 4771 antequam
2829 4710 3116 4770 peccarent
3152 4701 3201 4754 in
3235 4700 3381 4753 Divi-

1815 4803 2058 4863 nitalem,
2108 4816 2135 4852 a
2186 4814 2292 4867 qua
2349 4799 2416 4852 ob
2469 4812 2732 4852 summam
2790 4795 3084 4863 nequitiam
3139 4792 3379 4847 derelieti

1814 4904 1978 4959 sunt;
2022 4903 2074 4945 et
2115 4889 2438 4952 Christiani,
2480 4889 2568 4956 qui
2611 4887 2767 4940 modo
2811 4887 3042 4962 quodam
3079 4881 3379 4938 incredibili

2398 5079 2440 5111 ’7
2484 5076 2545 5131 IV
2588 5077 2715 5147 Reg.
2750 5091 2822 5142 Iv,
2862 5073 3051 5140 16,17.
3127 5070 3381 5130 "Matth.

1815 5313 1842 5385 ς
1866 5313 1918 5376 9,
1935 5311 2032 5385 _De_
2045 5311 2318 5385 jurebetli
2340 5320 2388 5385 et
2408 5311 2573 5376 pacis.

1869 5329 1918 5376 υ,
1955 5329 2029 5364 ue
2079 5329 2168 5364 ure
2199 5329 2316 5363 vem
2340 5329 2573 5376 etpacts.

1869 5381 1982 5452 (69)
2018 5329 2351 5454 llltescl‘telius
2375 5380 2426 5432 in
2459 5388 2630 5454 textu,
2655 5376 2834 5454 ἕτερα.
2904 5437 2930 5454 ν
3041 5440 3054 5454 ⁸
3173 5443 3182 5454 _

1875 5437 1988 5520 (70)
2029 5450 2225 5518 Enni.
2257 5450 2419 5504 Forte
2479 5437 2937 5520 scribendumL-ﬁ
2987 5440 3143 5520 ttév,_
3171 5441 3222 5520 id
3279 5452 3389 5520 est.

1801 5513 1981 5585 ὅντως
2019 5513 2318 5593 δήίοιὲιιε,
2371 5529 2502 5582 etc.,
2552 5531 2604 5590 et
2662 5525 2786 5585 post
2831 5513 3018 5583 ὄψεται
3080 5514 3385 5581 addendum

2023 5661 2330 5730 Spcnccrns
2366 5659 2414 5708 in
2449 5667 2618 5730 textu,
2655 5653 3026 5730 ἐξυϐρίσασιν.

1897 5664 1988 5730 Ἠ)
2023 5664 2330 5730 Spencertts
2366 5664 2414 5708 ιιι
2449 5667 2618 5719 textu,
2655 5664 3026 5726 ὲξυϋρίσασιν.

1878 5664 1990 5796 (72)
2028 5731 2322 5786 Μάλιστα.
2366 5730 2457 5785 Τὸ,
2497 5728 2750 5796 μάλιστα,
2798 5729 2883 5778 hic
2916 5735 2994 5779 cst
3039 5723 3258 5794 μᾶλλον,
3291 5719 3393 5774 sed.

1814 5797 2043 5859 loriaSsc
2072 5801 2268 5873 μᾶλλον
2302 5817 2397 5870 pro
2426 5797 2658 5868 μάλιστα
2683 5797 3053 5852 scribcmlnm.
