3866 6398
213 312 349 369 i589

1414 314 1699 373 CONTRA
1740 312 2018 372 CELSUM
2056 311 2184 368 LIB.
2229 311 2363 369 VIII.

3350 313 3513 368 1590"

209 436 464 508 ἀνδράσιν
497 437 755 503 ἐκείνοις,
811 430 887 492 ὧν
940 437 1091 491 οὐδὲν
1131 435 1245 509 (Si)
1279 438 1388 492 τῶν
1424 438 1791 510 δεικνυμένων
1835 436 2010 508 ἔργων
2040 435 2355 507 δαιμονίων,
2380 433 2501 487 οὐδὲ
2546 432 2652 488 τῶν
2689 435 2751 488 ὲκ
2803 433 3154 506 χρηστηρίων
3181 434 3482 508 δυνάμεων,

209 530 321 586 οὐδὲ
358 530 470 586 τῶν
516 533 816 604 μαντείων,
852 531 953 588 κᾶν
998 533 1092 587 ἐπὶ
1120 534 1285 587 ποσὸν
1315 533 1755 606 παραϐάλλεσθαι
1786 532 2027 586 δύναται.

275 626 507 698 Ἴδωμεν
548 628 751 683 δὲκαὶ
780 626 848 682 τὰ
896 627 1023 700 ἑξῆς
1062 628 1206 683 οὕτω
1235 629 1502 700 λεγόμενα
1552 629 1658 683 ὑπὸ
1698 629 1790 682 τοῦ
1828 635 1863 690 Α

209 717 410 771 Κέλσου
460 719 601 791 πρὸς
646 721 793 792 ἡμᾶς
816 737 829 751 ·
887 722 1010 775 Ἔτι
1049 720 1160 794 (82)
1196 721 1264 775 δὲ
1287 720 1414 789 πῶς
1450 724 1562 776 οὐκ
1602 723 1796 777 litorea

207 810 363 881 ὑμῶν
383 811 595 879 ταῦτα,
630 812 697 867 τὸ
734 812 847 883 μὲν
889 812 1061 883 σῶμα
1097 813 1325 880 ποθεῖν,
1354 813 1453 867 καὶ
1497 811 1791 876 ἐλπίζειν,

208 903 290 957 ὅτι
311 903 461 958 αὐτὸ
488 902 667 959 τοῦτο
698 905 1129 974 ἀναστήσεται,
1159 906 1239 973 ὡς
1267 904 1450 960 οὐδὲν
1482 904 1627 975 ἡμῖν
1661 905 1795 958 τού-

207 1014 304 1051 του
328 996 603 1065 κρεῖττον
639 997 784 1054 οὐδὲ
811 998 1151 1068 τιμιώτερον
1170 1015 1184 1030 ο
1219 996 1407 1052 πάλιν
1442 996 1495 1050 δ’
1522 995 1668 1052 αὐτό
1701 996 1796 1065 ρί-

203 1104 368 1144 πτειν
392 1092 484 1156 εἰς
508 1092 820 1159 κολάσεις,
853 1092 935 1159 ὡς
966 1092 1221 1161 ἅτιμονς
1255 1090 1435 1145 Ἀλλὰ
1462 1089 1587 1157 τοῖς
1617 1090 1793 1144 τοῦτο

203 1183 571 1252 πειθομένοις
619 1184 718 1239 καὶ
769 1183 849 1251 τῷ
897 1183 1123 1254 σώματι
1182 1183 1630 1250 συντετηκόσιν
1683 1183 1794 1236 οὐκ

201 1274 367 1339 ἄξιον
394 1274 577 1331 τοῦτο
606 1275 1017 1347 διαλέγεσθαι·
1052 1272 1219 1333 οὗτοι
1242 1274 1353 1346 γάρ
1377 1278 1538 1330 εἰσιν
1587 1276 1642 1328 ol
1692 1274 1791 1328 καὶ

203 1364 268 1418 τὰ
292 1363 454 1420 ἄλλα
478 1366 747 1437 ἄγροικοι
767 1368 868 1422 καὶ
899 1367 1241 1438 ἀκάθαρτοι,
1272 1369 1369 1423 καὶ
1403 1368 1584 1438 χωρὶς
1605 1368 1793 1438 λόγου

202 1453 271 1524 τῆ
299 1456 517 1512 στάσει
544 1460 863 1528 συνόντες.
903 1461 1034 1528 Τοῖς
1055 1460 1175 1531 μὲν
1198 1478 1268 1530 τε
1300 1459 1411 1531 (85)
1446 1459 1561 1528 τὴν
1582 1457 1795 1528 ψυχὴν

200 1547 235 1616 ἧ
273 1547 375 1602 τὸν
406 1549 565 1604 νοῦν
594 1549 749 1620 (εἴτε
802 1551 1210 1622 πνευματικὸν
1252 1551 1470 1607 τοῦτον
1511 1550 1793 1607 ἐθέλουσι

200 1639 420 1707 καλεῖν,
451 1640 579 1695 εἴτε
616 1642 854 1712 πνεῦμα
879 1642 1112 1713 νοερὸν,
1145 1643 1322 1715 ἅγιον
1346 1643 1445 1697 καὶ
1474 1641 1791 1713 μακάριον,

199 1732 310 1786 εἴτε
330 1732 549 1803 ψυχὴν
576 1732 775 1794 ζῶσαν
796 1774 811 1799 ,
858 1734 980 1789 εἴτε
1010 1736 1174 1802 θείας
1202 1735 1301 1789 καὶ
1332 1734 1655 1804 ἀσωμάτου
1682 1736 1795 1804 sed;

198 1840 340 1891 σεως
369 1825 635 1895 ἔκγονον
657 1825 767 1897 (84)
792 1826 1228 1896 ὐπερουράνιόν
1249 1843 1313 1881 τε
1340 1825 1439 1881 καὶ
1464 1827 1789 1897 ἄφθαρτον,

197 1913 294 1967 εἷθ’
326 1912 358 1966 ὅ
383 1930 437 1967 τι
476 1915 579 1969 καὶ
608 1915 642 1969 ὅ
686 1934 739 1970 τι
780 1919 1114 1997 χαίρουσιν¹
1147 1916 1605 1990 ὀνομάζοντες),
1668 1917 1793 1984 τοῖς

199 2006 360 2060 τοῦτο
381 2008 744 2069 ἐλπίζουσιν
769 2010 931 2075 ἕξειν
967 2012 1209 2066 αἰώνιον
1232 2011 1355 2065 σὺν
1381 2010 1524 2077 Θεῷ,
1557 2011 1791 2078 τούτοις

196 2095 539 2168 διαλέξομαι
561 2117 575 2130 ⁸
608 2101 787 2156 τοῦτο
811 2101 929 2172 μέν
972 2120 1039 2173 γε
1064 2102 1265 2173 ὀρθῶς
1297 2103 1665 2173 νομίζουσιν,
1712 2104 1791 2170 ὡς

198 2192 246 2241 ol
265 2188 379 2259 μὲν
404 2188 477 2247 εὖ
496 2193 846 2262 βιώσοντες
876 2196 1452 2266 εὐδαιμονήσουσιν,
1479 2200 1535 2252 οἱ
1565 2196 1633 2251 δὲ
1661 2196 1789 2250 ἅδι-

196 2298 282 2334 κοι
310 2282 571 2354 πάμπαν
598 2288 859 2354 αἰωνίοις
884 2288 1090 2356 κακοῖς
1111 2289 1499 2345 συνέσονται.
1526 2289 1635 2344 Καὶ
1663 2289 1790 2342 τού-

197 2391 293 2427 του
323 2374 390 2429 δὲ
416 2377 529 2432 τοῦ
565 2378 861 2449 δόγματος
901 2378 1042 2450 μήθ’
1088 2377 1253 2437 οὗτοι
1290 2382 1429 2453 μήτ’
1461 2383 1654 2449 ἄλλος
1681 2381 1788 2436 ἀν-

196 2465 434 2535 θρώπων
455 2472 685 2541 μηδείς
716 2488 862 2528 ποτε
895 2474 1159 2544 ἀποστῇ,
1190 2476 1616 2542 ἀποτείνοντες
1652 2474 1784 2547 (85).

197 2557 321 2629 Περὶ
350 2560 712 2624 ἀναστάσεως
743 2561 806 2634 δὴ
832 2563 879 2615 εἰ
909 2564 1001 2617 καὶ
1031 2564 1193 2628 αὐτὸς
1223 2564 1325 2637 ἤδη
1355 2564 1615 2631 πολλάκις
1645 2568 1786 2620 ὀνει-

195 2648 337 2715 δίζει,
361 2651 480 2705 ἀλλ’
511 2653 703 2724 ἡμεῖς,
736 2654 796 2707 τὸ
817 2654 959 2709 κατὰ
983 2657 1074 2710 τὸν
1113 2657 1278 2712 τόπον
1313 2659 1445 2730 ἡμῖν
1488 2659 1652 2726 φανὲν
1688 2657 1785 2712 εῦ-

196 2737 362 2807 λογον,
394 2741 473 2807 ὡς
511 2736 632 2796 οἷόν
671 2745 720 2797 τ’
745 2739 848 2816 ἦν,
893 2748 1371 2819 παραστήσαντες,
1421 2749 1483 2802 οὐ
1519 2749 1805 2821 μέλλομεν.

197 2833 322 2902 πρὸς
352 2833 412 2889 ἓν
445 2835 710 2907 ἔγκλημα
734 2837 994 2904 πολλάκις
1025 2840 1319 2912 λεγόμενον
1353 2842 1614 2906 πολλάκις
1646 2844 1784 2897 ἀπο-

196 2926 478 2996 λογείσθαι.
509 2931 854 3001 Συκοφαντεῖ
881 2933 937 2986 δὲ
956 2935 1108 3004 ἡμᾶς
1136 2936 1165 2989 6
1193 2934 1399 3000 Κέλσος
1426 2976 1440 3000 ,
1481 2936 1557 3000 ὡς
1605 2936 1787 2992 οὐδὲν

197 3021 292 3075 τοῦ
317 3023 604 3093 σώματος
635 3026 903 3094 κρεῖττον
940 3027 1083 3082 οὐδέ
1115 3029 1454 3099 τιμιώτερον
1474 3030 1545 3083 ἐν
1570 3028 1643 3099 τῇ
1674 3046 1786 3085 συ-

194 3113 393 3170 στάσει
415 3115 596 3185 ήμῶν
635 3117 1036 3187 ἡγουμένουςο
1068 3118 1246 3192 ψυχὴν
1274 3120 1384 3195 γὰρ
1427 3123 1627 3186 παντὸς
1676 3122 1783 3176 σώ-

200 3223 376 3276 ματος,
395 3208 489 3262 καὶ
518 3207 764 3280 μάλιστα
788 3210 885 3282 τὴν
911 3210 1155 3283 λογικὴν,
1181 3214 1362 3284 φαμὲν
1382 3210 1522 3268 εἶναι
1551 3217 1781 3287 πρᾶγμα

195 3297 510 3371 τιμιώτερον
529 3315 543 3328 ·
578 3301 630 3352 εἰ
654 3301 748 3353 καὶ
783 3300 892 3371 (86)
925 3302 985 3355 τὸ
1013 3304 1133 3357 κατ’
1162 3305 1347 3359 εἰκόνα
1369 3305 1466 3359 τοῦ
1498 3306 1786 3369 κτίσαντος

195 3393 327 3467 ψυχὴ
362 3396 460 3467 μὲν
491 3398 690 3468 χωρεῖ,
708 3397 961 3469 οὐδαμῶς
988 3398 1045 3452 δὲ
1066 3399 1128 3453 τὸ
1157 3400 1337 3471 σῶμα.
1370 3401 1506 3455 Οὐδὲ
1531 3400 1640 3474 γὰρ
1656 3400 1776 3455 καθ’

196 3487 331 3558 ἡμᾶς
374 3487 540 3559 σῶμα.
576 3489 608 3541 6
642 3487 806 3553 Θεός’
840 3488 927 3543 ἴνα
977 3487 1051 3560 μὴ
1083 3489 1474 3562 περιπέσωμεν
1507 3485 1590 3555 οἷς
1622 3508 1777 3562 περι-

196 3580 474 3635 πίπτουσιν
496 3580 727 3644 ἀτόποις
764 3582 812 3634 oi
835 3580 905 3635 τὰ
921 3582 1169 3654 Ζήνωνος
1190 3582 1302 3653 (87)
1332 3583 1426 3637 καὶ
1452 3583 1779 3655 Χρυσίππου

196 3669 625 3742 φιλοσοφοῦντες.

270 3763 420 3817 Ἐπεὶ
447 3763 493 3817 δ’
522 3762 777 3827 ὀνειδίζει
826 3764 957 3835 ἡμῖν
986 3763 1080 3817 καὶ
1114 3764 1192 3830 ὼς
1218 3765 1445 3821 ποθοῦσι
1488 3768 1551 3822 τὸ
1598 3768 1777 3841 σῶμα,

199 3852 338 3920 ἴστω,
367 3857 473 3921 ὅτι,
504 3858 555 3910 εἰ
588 3857 689 3928 μὲν
719 3856 747 3908 6
769 3856 929 3919 πόθος
954 3856 1155 3926 φαῦλόν
1181 3858 1352 3923 ἐστιν,
1387 3860 1537 3916 οὐδὲν
1572 3842 1782 3917 ποθοῦ-

197 3963 286 4016 μεν
305 3965 317 3978 ·
344 3950 391 4001 εἰ
423 3949 482 4002 δὲ
520 3948 711 4020 μέσον,
738 3948 1009 4019 ποθοῦμεν
1059 3950 1238 4005 πάντα
1256 3991 1271 4015 ,
1307 3953 1406 4005 ὅσα
1434 3955 1463 4006 6
1505 3953 1637 4018 Θεὸς
1667 3956 1780 4019 τοῖς

192 4037 406 4106 δικαίοις
432 4041 856 4112 ἐπαγγέλλεται.
878 4041 1067 4107 Οὕτως
1087 4039 1181 4098 οὖν
1202 4044 1295 4097 καὶ
1314 4046 1412 4116 τὴν
1433 4045 1542 4100 τῶν
1556 4046 1778 4101 δικαίων

193 4134 479 4191 ἀνάστασιν
510 4133 791 4208 ποθοῦμεν
819 4136 914 4190 καὶ
938 4134 1251 4207 ἐλπίζομεν.
1283 4138 1513 4209 Νομίζει
1551 4138 1607 4191 δὲ
1640 4138 1779 4192 Κέλ-

196 4241 276 4290 σος
300 4229 393 4282 κα)⁸
420 4227 900 4300 άνομολογοῦμενα
915 4231 1062 4301 ἡμᾶς
1082 4230 1292 4294 ἑαυτοῖς
1308 4232 1501 4295 ποιεῖν,
1515 4230 1650 4283 ὅπου
1680 4231 1779 4302 μὲν

192 4317 458 4386 ἐλπίζουσι
475 4323 579 4395 τὴν
608 4321 701 4375 τοῦ
735 4321 985 4393 σώματος
1013 4324 1331 4389 ἀνάστασιν,
1379 4323 1455 4388 ὡς
1493 4324 1593 4395 τῆς
1626 4325 1778 4396 παρὰ

193 4411 315 4466 θεοῦ
338 4415 511 4486 τιμῆς
538 4413 695 4478 ἀξίου
715 4433 729 4445 ·
766 4415 901 4468 ὅπου
932 4415 989 4468 δὲ
1021 4415 1302 4487 ῥίπτουσιν
1335 4416 1469 4471 αὐτὸ
1506 4417 1588 4480 εἰς
1618 4416 1779 4470 κολά-

195 4518 317 4568 σεις,
352 4506 429 4571 ὡς
471 4506 692 4577 ἄτιμον.
741 4507 904 4561 Οὐδὲν
948 4502 1041 4561 οὖν
1083 4508 1279 4581 ἄτιμον
1311 4510 1373 4564 τὸ
1401 4509 1469 4563 δι’
1492 4509 1777 4565 εὐσέϐειαν

195 4595 414 4669 πάσχον,
446 4600 545 4653 καὶ
572 4598 860 4672 δι’ὰρετὴν
888 4602 1238 4672 περιστάσεις
1266 4602 1610 4675 αἱρούμενονο
1640 4603 1776 4658 ἀλλὰ

1971 628 2061 683 49.
2097 628 2392 684 Videamus
2422 636 2475 683 et
2500 642 2560 682 ea
2588 627 2784 697 quibus
2818 637 3006 697 postea
3050 642 3147 681 nos
3182 628 3487 699 compellat

1897 720 2155 776 Celsus:
2212 718 2483 775 Pt'a'terea
2555 721 2814 790 quomodo
2886 735 2987 773 non
3063 720 3295 773 absurda
3367 722 3485 774 hate

1897 829 2084 881 vestra,
2113 816 2182 868 ad
2208 831 2398 880 corpus
2425 812 2687 884 aspirare,
2715 822 2761 866 et
2791 827 3004 877 sperare
3038 811 3172 865 illud
3197 828 3225 865 e
3254 812 3496 865 mortuis

1898 920 2260 965 surrecturum
2289 950 2303 975 ,
2344 909 2498 979 quasi
2558 890 2690 962 nihil
2737 909 2904 962 nostri
2951 908 3295 976 prazstantius
3345 918 3478 963 esset

1896 1013 2051 1073 atque
2077 1006 2383 1073 pretiosius,
2417 1013 2464 1057 et
2500 1003 2637 1055 idem
2676 1000 2808 1055 illud
2849 998 3024 1055 tamen
3076 1002 3316 1055 omnibus
3357 1018 3478 1055 cru-

1896 1096 2117 1151 cia’tibus
2146 1111 2401 1165 exponere
2425 1106 2673 1162 tanquam
2702 1110 2808 1147 rem
2839 1093 3037 1148 nullius
3062 1096 3257 1161 pretii?
3290 1093 3477 1148 Verum

1895 1189 2131 1244 homines
2162 1188 2466 1259 huiusmodi
2502 1187 2835 1258 opinionibus
2875 1187 3039 1241 dediti
3065 1197 3113 1242 et
3139 1188 3346 1256 corpori
3373 1189 3476 1242 ad-

1895 1281 2025 1334 dicti
2060 1281 2194 1334 tanti
2230 1297 2331 1334 non
2365 1290 2484 1334 sunt
2528 1290 2582 1334 ut
2632 1295 2750 1332 cunt
2803 1278 2910 1332 illis
2943 1295 3003 1331 ea
3050 1279 3114 1333 de
3154 1295 3209 1332 re
3244 1278 3476 1334 dissera-

1895 1387 2012 1425 mus
2044 1387 2063 1427 :
2091 1372 2144 1425 hi
2171 1371 2308 1426 enim
2336 1370 2477 1424 alias
2507 1380 2553 1424 et
2578 1371 2762 1424 rustici
2792 1378 2909 1423 sunt
2934 1380 2979 1423 et
3009 1370 3225 1440 impuri,
3258 1379 3311 1425 et
3335 1372 3476 1425 sedi-

1897 1463 2088 1516 tionem
2116 1464 2261 1518 nulla
2294 1464 2504 1516 ratione
2532 1462 2759 1531 faciunt.
2789 1462 2891 1526 Qui
2921 1476 3042 1516 rero
3067 1470 3279 1530 sperant
3329 1460 3487 1524 fulu-i

1898 1572 2012 1610 rum
2045 1571 2153 1609 esse
2180 1565 2233 1608 ut
2264 1555 2441 1608 anima
2473 1562 2565 1606 aut
2606 1569 2748 1606 mens
2788 1552 2916 1622 (sive
2963 1567 3079 1606 eam
3120 1552 3485 1606 substantiam-

1895 1648 2207 1717 spiritalem,
2255 1647 2359 1701 sive
2402 1647 2652 1716 spiritum
2707 1644 3109 1714 intelligentem,
3155 1655 3392 1699 sanctum
3424 1641 3481 1697 cf

1896 1741 2126 1804 beatum,
2155 1741 2262 1793 sive
2298 1739 2532 1793 animant
2559 1739 2838 1809 viventem,
2868 1739 2974 1793 sive
3003 1737 3192 1791 divina?
3222 1745 3271 1790 et
3302 1738 3475 1790 incor-

1896 1847 2068 1900 porea
2088 1840 2297 1885 natura:
2324 1830 2649 1899 progeniem,
2669 1831 2773 1885 sire
2805 1844 3113 1900 quocunque
3136 1827 3242 1883 alio
3267 1829 3474 1882 nomine

1898 1923 2162 1992 appellare
2203 1924 2405 1993 velint).
2444 1933 2641 1978 (eterna
2678 1938 2795 1976 cum
2847 1922 2953 1976 Deo
2990 1923 3094 1977 vita
3137 1922 3369 1991 fruatur,
3402 1922 3482 1974 ad

1895 2033 1981 2069 eos
2005 2031 2295 2069 sermonem
2333 2016 2525 2085 dirigo.
2572 2013 2764 2068 Merito
2803 2015 2888 2067 isti
2935 2031 3245 2084 persuasum
3281 2014 3473 2067 habent

1893 2124 1982 2163 eos
2014 2107 2106 2178 qui
2141 2117 2278 2162 recte
2307 2107 2473 2178 778
2496 2107 2733 2161 vixerunt
2762 2106 3015 2176 felicitate
3037 2103 3345 2169 donandos;
3373 2106 3477 2159 ini-

1893 2215 2024 2269 quos
2049 2208 2226 2252 autem
2268 2198 2481 2251 (sternis
2506 2196 2779 2266 suppliciis
2820 2198 3111 2251 cruciatum
3152 2198 3241 2253 iri.
3273 2197 3347 2251 Ab
3376 2196 3474 2251 hcc

1892 2287 2137 2356 dogmate
2166 2302 2258 2340 nec
2285 2285 2376 2341 isti
2415 2302 2507 2340 nec
2551 2285 2718 2356 quivis
2750 2286 2890 2341 alius
2941 2287 3212 2341 discedere
3265 2288 3469 2342 debeat.

1894 2377 2340 2433 Resurrectionis
2373 2377 2566 2448 dogma
2595 2378 2846 2447 quamvis
2895 2377 2998 2431 iste
3039 2377 3195 2433 nobis
3225 2378 3336 2448 jam
3372 2394 3473 2434 sa:—

1890 2471 2013 2541 pius
2054 2471 2188 2525 vitio
2237 2471 2483 2536 verterit,
2535 2480 2713 2524 tamen
2765 2484 2887 2524 cum
2928 2480 3059 2523 ante
3115 2485 3212 2539 pro
3265 2470 3472 2524 viribus

1894 2561 2190 2618 dixerimus
2218 2575 2281 2617 ea
2310 2561 2377 2616 de
2412 2577 2468 2615 re
2496 2575 2618 2630 ιιιιαι
2670 2560 2825 2615 nobis
2859 2560 3058 2614 rationi
3101 2569 3471 2614 consentanea

1890 2658 2004 2711 visa
2029 2665 2176 2723 sunt,
2214 2671 2321 2711 non
2379 2656 2643 2712 debemus
2666 2657 2947 2711 obtrusam
2993 2655 3192 2725 saepius
3228 2656 3470 2724 objecta-

1893 2749 2096 2805 tionem
2126 2749 2354 2818 repetita
2395 2748 2595 2818 saepius
2630 2747 2953 2804 defensione
2981 2749 3242 2804 refutare.
3282 2750 3347 2803 At
3377 2763 3471 2804 ca-

1889 2838 2191 2894 lumniatur
2222 2856 2323 2895 nos
2354 2839 2542 2895 Celsus
2568 2853 2692 2892 cum
2724 2839 2868 2893 hanc
2896 2838 3051 2893 nobis
3086 2838 3310 2892 ascribit
3344 2853 3469 2893 sen-

1889 2934 2152 3000 tentiam,
2204 2933 2335 2986 nihil
2386 2934 2440 2987 in
2492 2934 2640 2988 nobis
2700 2949 2812 2986 esse
2864 2947 3081 3001 corpore
3129 2931 3467 3001 prmstantius

1887 3036 2044 3096 atque
2069 3027 2376 3094 pretiosius.
2406 3025 2659 3081 Animam
2690 3025 2835 3080 enim
2895 3033 2951 3080 et
2991 3026 3294 3095 prmsertim
3345 3041 3465 3077 cum

1886 3136 2009 3191 qua:
2052 3120 2286 3178 rationis
2322 3130 2406 3176 est
2453 3121 2750 3191 particeps,
2795 3117 3127 3174 amrmamus
3164 3131 3287 3173 esse
3314 3120 3466 3174 onmi

1886 3229 2117 3284 corpore
2147 3213 2560 3285 pretiosiorem;
2598 3227 2723 3266 cum
2772 3210 2825 3266 iu
2864 3211 3068 3273 anima.
3106 3225 3210 3265 non
3246 3209 3299 3263 in
3338 3224 3466 3263 cor-

1809 3341 1854 3402 c
1890 3319 2019 3377 pore
2051 3307 2355 3377 impressus
2394 3306 2466 3362 sit
2512 3305 2769 3377 imaginis
2800 3303 3112 3362 Conditoris
3155 3303 3462 3358 character.

1889 3398 2077 3470 Neque
2111 3398 2258 3455 enim
2280 3415 2346 3456 ex
2374 3399 2531 3456 nobis
2555 3399 2695 3459 Deus
2723 3408 2805 3455 est
2834 3412 3053 3467 corpus,
3086 3411 3153 3451 ne
3192 3395 3243 3448 in
3273 3396 3466 3450 eadem

1889 3492 2125 3547 absurda
2177 3490 2507 3558 incidamus,
2542 3491 2594 3547 iu
2636 3506 2760 3563 qua:
2799 3489 3033 3545 Zenonis
3079 3497 3133 3543 et
3173 3486 3467 3558 Chrysippi

1884 3594 2190 3642 sectatores
2231 3586 2555 3641 inciderunt.

1957 3765 2047 3820 50.
2075 3763 2343 3832 Quoniam
2391 3777 2528 3818 vero
2581 3762 2739 3818 nobis
2775 3762 2937 3818 etiam
2988 3763 3284 3832 exprobrat
3317 3764 3466 3833 quod

1885 3857 1951 3911 ad
1979 3871 2177 3924 corpus
2219 3854 2546 3924 aspiremus,
2597 3853 2756 3917 sciat,
2792 3854 2836 3908 si
2891 3852 3220 3907 desiderium
3261 3854 3463 3908 malum

1882 3956 1987 4012 est,
2015 3946 2148 4001 nihil
2179 3960 2208 3999 a
2244 3946 2403 4001 nobis
2430 3945 2765 4007 desiderari;
2801 3944 2845 3997 si
2876 3952 2957 3998 est
2997 3943 3335 4011 imlill‘ereus,
3364 3946 3462 3999 de-

1882 4039 2113 4094 siderari
2135 4053 2162 4091 a
2189 4038 2350 4093 nobis
2376 4035 2638 4106 quidquid
2664 4035 2826 4106 juslis
2863 4036 3145 4105 pollicetur
3174 4037 3339 4093 Deus.
3371 4034 3464 4091 Sic

1882 4131 2045 4199 igitur
2066 4129 2345 4198 justorum
2383 4129 2844 4182 resurrectionem
2889 4134 3139 4195 Optamus
3177 4135 3230 4182 et
3267 4141 3464 4196 spera-

1883 4233 2019 4272 mus.
2057 4216 2349 4271 Existimat
2398 4224 2663 4285 praeterea
2692 4215 2881 4271 Celsus
2924 4231 3023 4270 nos
3050 4215 3274 4270 minime
3304 4217 3465 4271 nobis

1881 4318 2160 4373 constare,
2186 4323 2312 4363 cum
2347 4306 2477 4361 hinc
2503 4307 2723 4376 quidem
2768 4322 3053 4377 speramus
3097 4307 3459 4362 resurrectio-

1882 4415 2006 4456 nem
2038 4399 2284 4469 corporis
2322 4408 2380 4453 ut
2409 4397 2556 4468 digni
2585 4397 2674 4452 cui
2712 4398 2797 4452 hic
2835 4413 2864 4450 a
2902 4396 3012 4451 Deo
3050 4396 3227 4451 honor
3257 4396 3467 4451 habea-

1885 4504 2005 4563 tur;
2032 4493 2180 4549 illiuc
2223 4504 2351 4543 vero
2398 4486 2654 4543 omnibus
2691 4487 3030 4542 cruciatibus
3062 4486 3197 4541 illud
3229 4487 3465 4557 exponi-

1885 4603 2027 4656 mus,
2054 4597 2109 4642 ut
2146 4598 2259 4639 rem
2299 4582 2498 4637 nullius
2525 4582 2715 4652 pretii.
2742 4581 2813 4636 At
2847 4578 2951 4635 vile
2982 4594 3093 4635 non
3120 4588 3205 4635 est
3237 4578 3289 4634 id
3317 4579 3463 4647 quod

194 4687 278 4739 m‘t
308 4690 416 4743 πᾶν
445 4690 649 4761 ἄτιμον
677 4669 738 4743 τὺ
774 4669 910 4761 μετὰ
946 4669 1147 4756 κακίας
1186 4693 1245 4747 ὲν
1277 4669 1493 4765 ἡδοναῖς
1536 4711 1775 4748 κατανα-

1894 4680 2104 4750 pietatis
2147 4691 2311 4733 causa
2357 4676 2564 4747 patitur
2590 4688 2646 4731 et
2694 4681 2919 4745 propter
2953 4671 3214 4726 virtutem
3263 4669 3461 4725 discri-

192 4774 523 4851 λισγόμενον.
556 4781 697 4849 Φησὶ
724 4778 855 4849 γοῦν
876 4780 970 4833 καὶ
1002 4780 1031 4832 6
1060 4779 1202 4844 θεῖος
1232 4780 1660 4852 λόγος’Σπέρμα
1678 4782 1776 4836 ἒν-

194 4886 355 4938 τιμον
377 4872 591 4936 ποῖον;
630 4871 869 4942 σπέρμα
901 4869 1215 4941 ἀνθρώπου
1234 4888 1247 4903 ·
1295 4871 1533 4942 σπέρμα
1564 4873 1775 4943 ἄτιμον

259 5030 365 5104 (81)
406 5024 523 5086 Ὧν
553 5031 759 5104 ορδέν.
786 5032 942 5103 Legit
991 5023 1435 5104 Bpherellus,_o?g
1459 5030 1630 5087 οὐδέν.

262 5101 370 5163 (82⁷)
403 5105 551 5156 Ἔτι.
584 5102 753 5157 Recte
787 5101 918 5157 mss.
946 5103 1083 5157 Male
1108 5103 1264 5167 alias,
1289 5101 1415 5154 εἴτι.

262 5171 369 5245 (85)
403 5173 582 5227 Codd.
622 5172 754 5245 Reg.
781 5184 836 5225 et
867 5173 1220 5245 Basileensis,
1254 5171 1371 5245 ea;
1420 5172 1643 5235 στάσεις
1690 5189 1776 5245 νο-

199 5241 426 5307 σοῦντες·
454 5245 573 5314 τοῖς
601 5242 867 5314 μέντοιγε.
906 5244 1059 5296 Lihh.
1088 5242 1219 5297 editi
1251 5243 1302 5295 in
1326 5250 1509 5314 textu,
1539 5245 1606 5314 τῇ
1649 5242 1778 5314 στά-

202 5326 275 5364 σει
303 5311 708 5377 συννοσοῦντες.
741 5314 794 5367 In
820 5315 1066 5382 margine
1096 5326 1245 5380 vero,
1273 5313 1337 5383 τῇ
1367 5311 1556 5366 στάσει
1582 5311 1775 5366 συνόνη

198 5396 299 5446 τες,
325 5384 763 5454 quod'praastare
798 5383 1036 5454 videtur.

266 5454 372 5520 (84)
402 5452 740 5522 Spencerus,
781 5452 1022 5522 ἔγγονον.
1064 5453 1232 5509 Paulo
1278 5460 1400 5521 post
1446 5452 1579 5507 libb.
1619 5452 1774 5515 editi,

200 5520 548 5604 ξιπομάζοντες
607 5523 794 5604 τοῦτον
821 5520 1160 5604 ήὲλπςζουσιν
1197 5520 1351 5604 ἕξειν
1407 5523 1644 5604 αἰώνιον.
1677 5523 1775 5575 σὺν

202 5589 312 5671 ἐξεῷ
336 5594 496 5671 τοῦτο
517 5593 856 5666 διαλέξομαι,
883 5597 978 5650 sed
1005 5596 1163 5651 codd.
1195 5589 1394 5665 Regius
1415 5604 1471 5650 et
1504 5593 1773 5649 Basileeu-

205 5667 273 5714 sis
302 5675 356 5717 ut
378 5667 428 5718 in
464 5674 657 5720 nostro
684 5676 855 5719 textu.

265 5733 373 5806 (85)
447 5736 905 5802 Ἀποτείνοντες.
976 5735 1091 5790 Non
1148 5736 1282 5791 satis
1332 5736 1488 5789 video
1526 5777 1541 5800 ,
1603 5734 1776 5802 inquit

206 5798 529 5877 Bo'lierellus,
561 5822 669 5878 quo
708 5798 980 5877 pertineat
1023 5808 1164 5862 istud
1214 5798 1562 5874 vocabulum,
1599 5798 1774 5868 neque

1861 5655 2075 5715 'ctione.
2115 5656 2232 5710 L-b.
2269 5655 2415 5725 ο‹1.ἢ

1887 4775 2030 4829 mina
2088 4772 2269 4837 subit;
2328 4771 2423 4825 sed
2473 4770 2617 4839 quod
2671 4771 2722 4823 in
2780 4767 2930 4823 vitiis
2983 4764 3463 4837 voluptatibusque

1884 4866 2252 4929 consumitur,
2284 4862 2334 4918 id
2358 4863 2463 4919 vile
2480 4873 2584 4918 est.
2610 4861 2726 4916 Iloc
2746 4861 2904 4917 docet
2931 4858 3113 4916 divina
3140 4857 3418 4928 Scriptura
3444 4874 3459 4912 :

1895 5023 2126 5080 habetur
2179 5021 2318 5076 infra
2368 5035 2518 5074 num.
2572 5019 2663 5076 51.
2722 5016 2962 5074 Putarim
3020 5028 3141 5070 esse
3189 5014 3459 5070 diversam

1880 5096 2166 5151 lectionem
2193 5106 2312 5161 qua:
2338 5105 2367 5161 e
2401 5089 2648 5159 margine
2687 5091 2739 5145 in
2786 5100 2991 5143 textum
3022 5086 3323 5161 irrepserit.
3361 5084 3451 5139 Ni-

1883 5167 2078 5220 mirum
2110 5154 2369 5230 ρι’άποτὲ
2403 5154 2638 5231 ἀποστῇ,
2680 5162 2747 5215 ad
2788 5157 3232 5231 oranrscriptum
3285 5154 3458 5231 fuerat

1880 5216 2175 5290 άποσταῗέν
2202 5248 2353 5295 ποτε,
2384 5230 2527 5285 unde
2571 5216 2773 5284 factum
2816 5238 2897 5283 est
2946 5216 3115 5288 illud',
3143 5224 3459 5280 ἀποτείνον-

1880 5324 1991 5371 τες,
2027 5303 2167 5373 quod
2221 5303 2271 5355 in
2327 5309 2534 5373 textum
2590 5309 2867 5373 receptum
2920 5307 3026 5351 est.
3087 5295 3249 5373 Certe
3301 5297 3461 5373 debet

1880 5366 2001 5430 esse
2028 5366 2320 5443 διιιειίνιιε,
2470 5369 2675 5443 plurale
2936 5366 3222 5443 οοιινθηίιν.
3242 5375 3295 5422 ει
3342 5368 3460 5443 iv“?

1880 5434 2144 5516 Origenes
2166 5434 2335 5516 verba
2359 5434 2498 5497 Celsi
2534 5437 2954 5501 referensiufra,
2988 5452 3138 5493 num.
3164 5437 3256 5503 51,
3287 5434 3460 5491 seu-el

1878 5514 2067 5580 habet,
2103 5514 2414 5568 ἀποσταῖεν.

1949 5576 2063 5657 (86)
2093 5587 2160 5657 Εἰ
2196 5584 2331 5657 καί..
2352 5583 2443 5657 Sic
2477 5581 2644 5657 habet
2667 5580 2833 5657 codex
2862 5576 3110 5657 Julianus
3150 5592 3218 5657 es
3266 5590 3461 5657 cor-re.

2448 5652 2562 5710 καί.
2593 5651 2901 5722 Legendum
2935 5658 3062 5722 puto
3094 5646 3342 5722 saetosa).
3371 5644 3453 5699 τό.

1947 5726 2144 5800 (b7)01
2273 5717 2569 5794 Ζήνωνος.
2609 5717 3241 5800 fideeduntedunt-sed
3272 5719 3367 5771 lib.
3412 5730 3460 5782 ι.

1877 5786 2147 5861 ηυὶιι.’“21;
2183 5798 2273 5852 lib.
2312 5786 2391 5863 ιιί,
2428 5786 2574 5851 nutu.
2610 5793 2700 5861 τι,
2740 5793 2835 5847 lib.
2872 5806 2944 5854 Iv,
2971 5803 3119 5843 num.
3156 5786 3239 5841 Μ.
