3866 6398
139 417 254 475 £593

1327 412 1608 470 CONTRA
1647 413 1926 470 CELSUM
1962 413 2092 471 LIB.
2129 413 2263 469 V'lll.

3247 417 3272 473 l
3285 417 3386 472 595

134 536 265 606 me
279 541 464 604 ληται.
497 536 634 607 Φησὶ
666 535 722 589 δὲ
750 536 831 588 ὅτι
851 552 864 566 ⁸
892 535 1018 590 Κᾶν
1056 537 1246 606 ἡδονὴ
1278 533 1320 610 ᾖ
1363 539 1428 592 τὸ
1451 541 1687 608 ἀγαθόν.

1805 545 1980 596 minus
2007 541 2412 595 subveniendum
2433 546 2507 594 est
2538 548 2584 593 et
2610 529 2987 593 ostendendum
3009 536 3168 590 etiam
3197 537 3261 590 ab
3292 537 3384 601 iis,

134 631 213 683 ml
252 628 412 684 τοῦτο
440 627 634 698 φρονῇ
657 631 689 682 ό
717 628 836 684 ὑπὸ
868 629 973 684 τοῦ
1006 628 1236 696 πάθους
1272 622 1694 701 κρατούμενος,

133 720 220 773 οὐδ
235 721 298 775 ὲν
322 716 502 790 ἧττον
533 720 692 786 αὐτῷ
717 720 1077 790 βοηθητέον,
1113 723 1209 775 καὶ
1247 723 1694 792 παραδεικτέον,

131 815 202 864 Fin
240 814 327 867 καὶ
351 811 476 879 τοῖς
505 812 738 880 ἡδονὴν
761 811 1018 883 τάγαθὸν
1044 813 1140 866 καὶ
1173 813 1346 880 τέλος
1372 813 1697 884 τιθεμένοις

129 904 672 973 ἀνομολογούμενόν
695 904 824 958 ἐστι
851 902 975 958 πᾶν
1015 904 1222 972 πάθος.
1279 907 1477 978 Ἐχρῆν
1517 906 1696 962 τοίνυν

129 994 204 1046 καὶ
239 995 323 1048 τὸν
345 993 570 1061 Κέλσον,
591 994 738 1060 ἅπαξ
755 996 1200 1068 παραδεξάμενον
1214 997 1283 1050 τά
1298 1016 1365 1051 πε
1376 1000 1428 1070 pi.
1445 998 1562 1052 τῶν
1579 999 1692 1071 (95)

126 1079 180 1137 εὗ
207 1082 552 1150 βιωσάντων
576 1083 842 1156 δόγματα,
873 1088 953 1154 ὡς
979 1087 1564 1158 εὐδαιμονησόντων,
1594 1089 1694 1144 καὶ

135 1177 245 1246 περὶ
271 1175 382 1230 τῶν
402 1176 647 1242 ἀδίκων,
669 1178 748 1244 ὡς
777 1177 1030 1248 πάμπαν
1063 1181 1323 1248 αἰωνίοις
1347 1182 1554 1249 κακοῖς
1579 1199 1690 1237 συ-

134 1269 591 1339 σχεθησομένων,
636 1270 944 1336 ἀκολούθως
995 1273 1173 1346 ἑαυτῷ
1211 1277 1384 1328 ποιεῖν
1408 1314 1424 1340 ,
1471 1275 1598 1340 καὶ,
1640 1276 1690 1328 εί

133 1357 224 1413 οἷόν
247 1357 396 1432 τ’ἦν,
425 1361 564 1431 μετά
592 1362 682 1414 τὸν
719 1365 1044 1436 φαινόμενον
1070 1365 1180 1437 (96)
1212 1366 1362 1438 αὐτῷ
1412 1365 1688 1438 προηγού-

1805 634 1893 704 qui
1929 649 2192 687 intumum
2228 635 2414 686 bonum
2461 642 2508 685 et
2549 631 2706 699 ﬁnem
2746 629 2801 683 in
2847 628 3112 696 voluptate
3154 640 3380 697 pontnt,

1803 724 2024 791 affectus
2063 741 2239 778 omnes
2298 724 2606 792 improbari.
2669 719 2904 776 Necesse
2952 720 3118 792 igitur
3158 728 3278 774 crat
3321 727 3383 772 ut

1802 815 2015 882 Celsus,
2041 827 2322 886 postquam
2349 815 2516 871 semel
2537 813 2931 885 approbaverat
2954 814 3068 867 haec
3096 813 3378 881 dogmata,

1791 909 1974 980 justas
2015 908 2268 978 felicitate
2319 908 2594 962 donando:
2640 923 2752 962 esse
2798 913 2848 960 et
2893 905 3118 975 injustas
3164 903 3381 958 retentis

1798 1000 1962 1067 paeni:
1986 999 2278 1052 cruciatum
2304 999 2397 1062 iri,
2429 1007 2677 1068 pergeret
2705 1011 2868 1066 porro
2895 1006 2951 1050 ut
2978 996 3296 1064 incmperat,
3321 1004 3378 1048 et

1796 1102 1917 1162 post
1951 1091 2172 1146 allatum
2206 1093 2350 1160 quod
2385 1091 2486 1146 sibi
2514 1089 2852 1160 praecipuum
2895 1088 3182 1143 videbatur
3215 1103 3376 1158 argu-

1799 1191 2061 1246 mentum,
2105 1183 2362 1251 probaret
2412 1181 2678 1250 siquidem
2731 1192 2954 1248 posset,
3013 1179 3374 1250 pluribusque

1798 1273 2153 1329 conﬁrmaret
2181 1275 2397 1346 iniquos
2433 1277 2570 1330 vere'
2595 1274 2819 1329 aeternis
2849 1275 3025 1343 poenis
3063 1273 3369 1328 cruciatum

1799 1363 1882 1427 iri,
1917 1372 1972 1419 et
1999 1364 2258 1419 felicitate
2299 1365 2582 1420 donandos
2611 1379 2734 1420 esse
2787 1365 2880 1434 qui
2919 1373 3069 1418 recte
3108 1363 3366 1417 vixerint.

135 1473 268 1525 μενον
291 1455 448 1524 λόγον
491 1458 1001 1514 ὲπικατασκευάσαι
1033 1461 1128 1516 καὶ
1167 1461 1254 1516 διὰ
1306 1462 1568 1516 πλειόνων
1621 1460 1924 1527 ἀποδεῖξαι,
1963 1461 2045 1513 ὅτι
2101 1459 2317 1531 άληθῶς
2349 1461 2397 1513 οἱ
2438 1460 2611 1515 ἄδικοι
2647 1459 2878 1530 πάμπαν
2915 1456 3150 1520 αἰωνίοις
3187 1457 3374 1518 κακοῖς

133 1547 544 1619 συσχεθήσονται,
580 1553 674 1605 καὶ
703 1555 751 1606 oi
792 1549 850 1608 εὖ
881 1554 1177 1624 βιώσαντες
1209 1557 1679 1628 εὐδαιμονήσουσι.

185 1639 282 1691 Καὶ
304 1639 410 1714 γάρ
438 1642 598 1712 ἡμεῖς
619 1646 1044 1717 προηγουμένως
1066 1648 1187 1718 μὲν,
1216 1647 1304 1702 διὰ
1322 1649 1389 1702 τά
1422 1649 1686 1703 πείσαντα

130 1731 251 1799 ἡμᾶς
281 1732 448 1786 πολλὰ
497 1735 591 1788 καὶ
644 1736 811 1808 μυρία
854 1739 995 1792 κατά
1044 1741 1466 1812 Χριστιανισμὸν
1513 1740 1684 1811 βιοῦν,

130 1821 306 1886 πάντας
323 1823 664 1896 ἀνθρώπους,
707 1829 805 1899 ὅση
834 1829 1083 1900 δύναμις,
1116 1831 1257 1896 ὅλοις
1286 1835 1397 1896 τοῖς
1427 1834 1689 1904 Χριστια-

130 1914 215 1967 νῶν
235 1915 410 1984 λόγοις
441 1919 677 1972 οἰκειοῦν
707 1919 1010 1992 βουλόμεθα
1027 1940 1039 1953 ⁸
1071 1923 1204 1976 ὅπου
1223 1924 1279 1977 δὲ
1305 1925 1690 1996 προκαταλαμ-

127 2005 429 2078 ϐανομένους
462 2011 792 2083 εὑρίσκομεν
813 2017 881 2086 τῇ
906 2014 1045 2087 πρὸς
1059 2017 1419 2087 Χριστιανοὺς
1441 2017 1685 2090 διαϐολῇ,

126 2097 186 2160 ὡς
217 2101 342 2171 μηδὲ
371 2102 482 2173 (97)
526 2105 785 2176 παρέχειν
821 2105 889 2159 τά
934 2100 1052 2161 ὦτα
1077 2147 1091 2172 ,
1128 2109 1398 2180 φαντασίᾳ
1421 2107 1516 2162 τοῦ
1554 2111 1687 2182 μηδὲ

125 2189 338 2256 εὐσεϐεῖς
370 2190 510 2247 εἶναι
554 2197 934 2264 Χριστιανοὺς,
970 2201 1081 2264 τοῖς
1111 2199 1180 2254 τά
1206 2202 1300 2255 τοῦ
1331 2201 1476 2256 θείου
1511 2203 1685 2272 Λόγου

123 2282 365 2340 διδάσκειν
395 2289 889 2360 ἐπαγγελλομένοις
908 2292 1058 2356 τινάς
1073 2310 1086 2323 ο
1117 2294 1235 2347 ἐκεῖ
1256 2294 1396 2348 κατά
1423 2294 1484 2348 τὸ
1506 2295 1689 2366 φιλάν-

125 2375 315 2446 θρωπον
339 2420 353 2442 ,
381 2380 480 2450 ὅση
533 2381 794 2452 δύναμις,
832 2383 1100 2455 ίστάμεθα
1145 2387 1270 2450 ἵνα,
1312 2386 1414 2442 κᾶν
1456 2387 1524 2442 τά
1559 2389 1687 2459 περὶ

123 2466 309 2520 αἰωνίου
331 2467 610 2534 κολάσεως
642 2471 736 2524 ἐπὶ
764 2473 890 2536 τοὺς
918 2473 1251 2539 ἀσεϐοῦντας
1297 2476 1542 2547 δόγματα
1586 2494 1685 2530 κα-

124 2559 555 2624 τασκευάσαντες,
586 2563 992 2634 παραδέξασθαι
1037 2568 1355 2638 ποιήσωμεν
1395 2569 1486 2622 τὸν
1529 2569 1686 2637 λόγον

124 2649 201 2700 καὶ
224 2651 344 2714 τοὺς
367 2653 441 2723 μὴ
469 2652 722 2717 θέλοντας
751 2657 1167 2727 Χριστιανίζειν.
1196 2657 1353 2712 Οὕτω
1369 2659 1424 2712 δὲ
1443 2661 1536 2713 καὶ
1558 2661 1689 2733 περ)⁸

124 2738 212 2793 τῶν
229 2737 282 2794 εὖ
316 2742 632 2812 βιωσάντων
662 2748 868 2817 πεῖσμα
891 2749 1138 2818 ἐμποιεῖν
1164 2748 1409 2821 θέλομεν,
1427 2751 1681 2824 ὁρῶντες,

121 2830 187 2883 ὅτι
212 2834 373 2888 πολλά
403 2836 513 2890 τῶν
535 2837 677 2890 κατὰ
706 2839 794 2892 τὸν
825 2840 953 2910 ὑγιῆ
982 2840 1094 2911 βίον
1123 2843 1216 2896 καὶ
1243 2843 1292 2895 οἱ
1323 2843 1423 2913 τῆς
1453 2844 1685 2909 πίστεως

123 2926 362 3000 ἀλλότριοι
387 2930 590 3001 ὁμοίως
617 2933 747 3003 ἡμῖν
781 2933 1046 3002 λέγουσιν.
1075 2935 1210 2988 Οὐδὲ
1245 2935 1354 3006 γάρ
1382 2936 1480 3000 τάς
1502 2938 1684 3002 κοινάς

121 3019 304 3085 ἐννοίας
351 3025 479 3094 περὶ
517 3024 700 3080 καλῶν
739 3025 834 3080 καλ⁹
878 3025 1134 3092 δικαίων,
1189 3028 1283 3081 καὶ
1319 3028 1560 3100 αἰσχρῶν
1592 3031 1685 3083 καὶ

122 3111 312 3179 ἀδίκων,
348 3115 500 3190 εὐροι
528 3133 613 3180 τις
641 3117 707 3171 ἂν
751 3120 969 3184 πάντως
1006 3121 1436 3186 ἀπολωλεκότας.
1479 3123 1685 3187 Πάντες

1865 1644 1956 1699 52.
1985 1642 2273 1698 Enimvero
2309 1657 2426 1703 nos.
2458 1657 2593 1710 quos
2637 1642 2805 1696 multa
2839 1651 2895 1696 et
2945 1641 3231 1695 innumera
3279 1654 3368 1692 ar-

1795 1743 2050 1805 gumenta
2099 1733 2264 1785 vitam
2310 1747 2373 1805 ex
2420 1732 2846 1786 Christianismo
2875 1731 3098 1798 exigere
3139 1744 3367 1799 persua-

1795 1803 2009 1888 serunt,
2042 1833 2172 1877 ante
2211 1803 2390 1876 omnia
2441 1823 2661 1892 quidem
2709 1837 2804 1892 pro
2853 1822 3060 1876 viribus
3105 1835 3369 1876 conamur

1793 1934 1985 1976 omnes
2019 1917 2274 1972 homines
2332 1917 2400 1969 ad
2455 1917 2709 1972 universa
2775 1916 3216 1971 Christianorum
3275 1914 3370 1969 do-

1791 2019 1976 2084 gmata
2031 2007 2307 2064 credenda
2344 2007 2619 2086 excitare;
2659 2007 2752 2062 sed
2807 2022 2930 2062 cum
2984 2005 3278 2060 incidimus
3313 2005 3367 2058 in

1790 2103 2078 2174 quosdam,
2137 2114 2280 2169 quos
2338 2115 2542 2168 sparsae
2597 2107 2790 2154 contra
2825 2098 2990 2169 780
3031 2097 3370 2154 Christianos

1791 2195 2076 2250 calumnia:
2117 2193 2188 2247 ita
2215 2201 2572 2262 occuparunt,
2601 2200 2682 2258 ut,
2709 2192 2835 2260 quia
2876 2191 3215 2246 induxerunt
3247 2189 3371 2245 ani-

1790 2302 1936 2341 mum
1960 2293 2210 2356 expertes
2239 2284 2458 2351 pietatis
2490 2299 2614 2339 esse
2640 2283 3008 2346 Christianos,
3040 2297 3106 2338 ne
3132 2297 3370 2337 commo-

1790 2379 1920 2433 dent
1948 2379 2163 2448 quidem
2193 2392 2356 2432 aures
2395 2377 2463 2432 iis
2513 2377 2604 2446 qui
2656 2377 2818 2432 Verbi
2873 2376 3049 2432 divini
3105 2377 3368 2448 mysteria

1790 2470 1986 2526 docere
2021 2470 2377 2541 pollicentur;
2413 2481 2548 2536 tum,
2585 2471 2732 2540 quod
2759 2471 3072 2527 communis
3106 2470 3366 2526 Immani-

1792 2571 1876 2617 tas
1904 2564 2166 2631 postulat,
2187 2564 2382 2618 damus
2410 2577 2509 2632 pro
2534 2561 2742 2618 viribus
2761 2577 3005 2632 operam,
3033 2570 3090 2616 ut
3120 2561 3366 2618 doctrina

1788 2655 1855 2708 de
1883 2656 2062 2726 penis
2094 2655 2317 2710 :eternis
2345 2655 2544 2725 impios
2587 2655 3038 2726 cmpectantibus
3072 2655 3368 2712 conﬁrme-

1791 2755 1898 2810 tur,
1933 2756 1986 2801 et
2015 2748 2098 2802 vel
2129 2747 2196 2802 ab
2249 2749 2314 2802 iis
2370 2748 2709 2817 suscipiatur
2757 2747 2851 2816 qui
2896 2747 3198 2804 Christiani
3248 2747 3365 2801 ﬁeri

1788 2838 2000 2893 nolunt.
2034 2838 2125 2893 Sic
2151 2841 2316 2893 etiam
2355 2855 2452 2895 eos
2478 2841 2568 2909 qui
2622 2841 2760 2896 bene
2795 2841 3047 2896 vixerunt
3103 2839 3367 2896 felicitate

1787 2927 2044 2983 donatum
2095 2929 2160 2982 iri
2204 2931 2534 2998 persuadere
2578 2945 2867 2999 conamur,
2912 2932 3158 2987 videntes
3193 2931 3364 2986 multa

1789 3021 1856 3074 ad
1917 3021 2084 3074 vitam
2140 3031 2287 3076 recte
2355 3023 2762 3092 transigendam
2819 3023 3150 3094 pertinentia
3217 3024 3366 3079 dicta

1789 3113 1956 3169 fuisse
1983 3114 2052 3169 ab
2083 3115 2315 3170 inimicis
2345 3115 2488 3181 lidei,
2523 3131 2643 3185 quae
2685 3119 2886 3174 nostris
2910 3120 3134 3172 omnino
3163 3118 3368 3174 similia

119 3197 196 3257 οὖν
221 3206 488 3278 ἄνθρωποι
509 3249 524 3272 ,
566 3209 801 3280 ὁρῶντες
833 3210 924 3264 τὸν
949 3211 1151 3282 κόσμον
1185 3213 1276 3266 καὶ
1311 3213 1407 3285 τὴν
1450 3215 1508 3267 ὲν
1535 3214 1684 3284 αὐτῷ

1794 3215 1936 3260 sunt.
1964 3204 2144 3275 Neque
2167 3206 2310 3260 enim
2341 3207 2593 3262 homines
2623 3211 2883 3275 reperias,
2917 3209 2966 3263 in
3000 3210 3198 3277 quibus
3221 3223 3368 3263 ceu:-

120 3298 434 3370 τεταγμένην
465 3300 695 3372 οὐρανοῦ
732 3301 841 3374 (98)
877 3303 971 3356 καὶ
1006 3303 1116 3356 τῶν
1145 3305 1199 3356 ἐν
1228 3307 1293 3375 τῇ
1339 3305 1570 3358 ἀπλανεῖ
1599 3305 1686 3358 κί-

119 3401 285 3454 νησιν,
327 3388 434 3442 τῶν
482 3406 544 3442 τε
583 3391 896 3463 φερομένων
932 3393 1192 3456 ἐναντίως
1234 3397 1301 3463 τῇ
1342 3393 1434 3446 τοῦ
1479 3393 1685 3464 κόσμου

119 3480 311 3550 κινήσει
339 3481 647 3553 λεγομένων
671 3482 962 3553 πλανητῶν
1002 3482 1153 3550 τάξιν
1171 3525 1184 3548 ,
1213 3483 1448 3556 ὁρῶντες
1493 3483 1548 3535 δὲ
1593 3482 1688 3535 καὶ

118 3571 331 3642 τὴντῶν
355 3576 534 3647 ἀέρων
572 3577 683 3648 (99)
716 3579 812 3631 καὶ
844 3577 980 3650 πρὸς
1000 3578 1061 3631 τὸ
1087 3579 1355 3650 χρήσιμον
1388 3576 1566 3642 (dmi,
1593 3578 1688 3632 καὶ

123 3662 336 3729 μάλιστα
370 3665 681 3738 ἀνθρώποις
707 3707 722 3731 ,
759 3670 984 3740 κρᾶσιν,
1015 3669 1108 3722 καὶ
1140 3670 1237 3741 τὴν
1277 3669 1537 3738 ἀφθονίαν
1581 3670 1686 3724 τῶν

116 3753 172 3806 δι’
216 3757 536 3829 ἀνθρώπους
605 3759 1193 3833 δεδημιουργημένων,
1252 3761 1686 3815 εὐλαϐείσθωσαν

118 3844 422 3921 δυσ-ἀρεστόν
459 3869 511 3906 τι
547 3855 766 3923 ποιῆσαι
796 3853 872 3923 τῷ
901 3852 1227 3924 Δημιουργῷ
1254 3852 1349 3906 τοῦ
1373 3853 1570 3917 παντὸς
1592 3853 1686 3906 καὶ

118 3938 210 3990 τῶν
231 3941 413 4011 ψυχῶν
437 3943 638 4004 αὐτῶν,
672 3947 767 3998 καὶ
797 3944 892 3998 τοῦ
922 3947 980 3998 ἐν
1008 3946 1198 4010 αὐταῖς
1227 3946 1319 3999 νοῦ
1346 3946 1524 3999 αὐτῶν
1549 3964 1560 3975 ο
1592 3947 1687 4000 καὶ

120 4035 486 4098 πεπείσθωσαν
510 4037 945 4108 κολασθήσεσθαι
979 4038 1079 4109 μὲν
1114 4039 1206 4091 ἐπὶ
1240 4041 1350 4104 τοῖς
1375 4041 1688 4110 ἁμαρτανο-

124 4121 306 4190 μένοις,
332 4125 664 4198 ἀχθήσεσθαι
713 4128 768 4182 δὲ
799 4129 1061 4197 ἀνάλογον
1109 4131 1221 4193 τοῖς
1267 4129 1687 4202 κατορθωθεῖσιν

120 4212 149 4282 ἢ
178 4219 285 4280 τοῖς
324 4218 672 4288 καθηκόντως
709 4220 1018 4274 ἀποδοθεῖσι
1079 4221 1260 4290 λόγοις
1289 4223 1394 4275 ὐπὸ
1429 4221 1524 4275 τοῦ
1565 4222 1686 4274 κατ’

122 4305 263 4372 ἀξίαν
307 4310 534 4366 ’ἑκαστον
571 4312 981 4384 οἱκονομοῦντος
1015 4315 1092 4385 (1)
1118 4332 1131 4344 °
1180 4315 1274 4368 καὶ
1307 4313 1687 4368 πεπείσθωσαν

123 4400 308 4467 πάντες
339 4404 636 4477 ἄνθρωποι,
673 4400 730 4458 εὖ
771 4405 868 4477 μὲν
899 4409 948 4459 οἱ
982 4406 1137 4460 καλοὶ
1159 4408 1252 4460 ἐπὶ
1277 4409 1390 4470 τοῖς
1423 4405 1687 4476 βελτίοσιν

123 4493 534 4563 ἀπαλλάξοντες,
575 4497 737 4551 κακοὶ
771 4498 827 4560 δὲ
871 4498 1058 4563 κακῶς
1094 4498 1279 4562 πόνοις
1318 4498 1410 4552 καὶ
1435 4497 1687 4568 βασάνοις

1791 3312 1981 3352 tnunes
2019 3297 2084 3351 de
2122 3297 2651 3368 honestojustoque,
2679 3302 2744 3354 de
2774 3301 2912 3369 turpi
2941 3310 2995 3353 et
3029 3298 3228 3367 injus'o
3264 3314 3371 3352 no-

1792 3388 1966 3443 tiones
2003 3404 2227 3458 prorsus
2261 3387 2454 3444 deletze
2496 3387 2721 3446 fuerint.
2755 3388 2959 3444 Omnes
2993 3389 3160 3460 igitur
3191 3389 3369 3442 homi-

1791 3495 1909 3546 nes,
1952 3480 2043 3550 qui
2078 3480 2339 3533 I‘Itlttttitllll
2383 3481 2573 3536 vident
2607 3491 3036 3550 constantesquc
3070 3481 3120 3533 iu
3149 3493 3215 3534 eo
3255 3495 3370 3536 cm-

1792 3569 1964 3624 lorum
2019 3570 2490 3639 inerrantiuntque
2540 3571 2819 3626 stellarum
2863 3572 3278 3637 conversiones,
3313 3582 3370 3627 et

1790 3663 2040 3731 planetas
2073 3667 2442 3733 mundumque
2471 3668 2680 3720 moveri
2718 3667 2770 3720 in
2807 3666 3117 3720 contrarias
3145 3675 3367 3736 partes;

1789 3756 1880 3825 qui
1915 3756 2098 3810 vident
2135 3759 2280 3812 aeris
2313 3759 2632 3828 temperiem
2673 3775 2796 3814 cum
2839 3761 3223 3824 animantimn,
3255 3769 3370 3815 tum

1792 3849 2024 3903 maxime
2050 3850 2332 3905 hominum
2362 3853 2841 3907 commoditatibus
2870 3854 3368 3919 accommodatam,

1787 3950 1843 3996 et
1879 3939 2206 3996 allluentiam
2245 3959 2426 3998 rerum
2468 3961 2587 4014 qua:
2615 3945 2894 4000 hominum
2929 3959 3096 3999 causa
3135 3946 3371 4000 condita:

1789 4044 1955 4098 sunt,
1985 4046 2218 4091 caveant
2246 4039 2522 4106 quidpiam
2560 4041 2740 4094 facere
2769 4040 2912 4108 quod
2953 4039 3113 4108 hujus
3149 4040 3371 4092 univer-

1789 4125 1985 4191 sitatis,
2025 4126 2332 4181 animarum
2387 4131 2647 4197 ipsarum,
2693 4113 2741 4183 et
2772 4130 2968 4185 mentis
3011 4145 3134 4197 qua:
3171 4131 3222 4182 in
3258 4130 3370 4184 illis

1788 4225 1893 4285 est,
1933 4217 2212 4273 Conditori
2263 4220 2592 4288 displiceat:
2630 4223 2736 4276 illis
2783 4221 3262 4290 persuasissimum
3297 4223 3371 4274 sit.

1789 4323 1850 4364 se
1878 4309 1944 4362 de
1967 4311 2204 4378 peccatis
2235 4309 2467 4366 luituros
2508 4327 2719 4381 ptenas,
2755 4322 2810 4367 et
2834 4315 2902 4367 ab
2931 4327 3017 4378 eo,
3049 4313 3139 4381 qui
3182 4311 3370 4382 singu-

1790 4401 1868 4458 los
1900 4417 1997 4471 pro
2046 4403 2258 4457 meritis
2302 4403 2486 4468 habet,
2521 4421 2643 4459 cum
2701 4405 2830 4474 ipsis
2869 4417 3050 4459 actum
3085 4405 3171 4469 iri,
3206 4413 3371 4472 prout

1790 4494 1927 4549 bene
1950 4510 2006 4550 se
2027 4496 2359 4563 gesserinth
2375 4495 2565 4552 otIiciis
2587 4499 2753 4552 fuurti
2779 4499 3018 4563 fuerint;
3043 4511 3366 4568 persuasum

124 4589 607 4661 παραδοθησόμενοι
640 4590 732 4642 ἐπὶ
759 4593 871 4653 τοῖς
898 4591 1196 4662 ἀδικήμασι
1234 4591 1328 4644 καὶ
1357 4594 1476 4655 ταῖς
1521 4591 1681 4644 ἀσελ⁹

1794 4588 2048 4654 habeant,
2079 4589 2322 4656 inquam,
2350 4604 2443 4643 eos
2470 4590 2560 4659 qui
2595 4589 2735 4644 bene
2761 4590 2956 4644 morati
2997 4589 3256 4649 vixerint,
3299 4589 3366 4641 ad

123 4679 284 4744 γείαις
315 4683 402 4735 καὶ
442 4681 759 4746 ἀκολασίαις
785 4721 800 4745 ,
843 4683 923 4736 ἔτι
968 4683 1023 4736 δὲ
1061 4683 1155 4736 ἐπὶ
1193 4686 1258 4754 τῇ
1307 4683 1564 4756 ἀνανδρίᾳ
1593 4685 1686 4738 καὶ

123 4767 283 4842 δειλία
313 4772 406 4845 (2),
431 4775 530 4858 ’καὶ
553 4774 646 4828 ἐπὶ
672 4773 820 4846 πάσῃ
856 4777 921 4847 τῇ
943 4774 1243 4850 ἀφροσύνῃ.

199 5077 484 5153 (πλείω).
521 5093 680 5136 antea
706 5082 857 5150 editi,
897 5081 1301 5153 παραδέξασθαι
1347 5082 1574 5151 λέγοντα
1619 5081 1688 5134 τὰ

130 5148 251 5215 περὶ
274 5149 395 5215 τῶν,
434 5162 569 5214 etc.,
599 5153 690 5208 sed
719 5148 850 5208 mss.
881 5165 936 5206 ut
976 5148 1026 5207 in
1067 5148 1251 5207 nestro
1283 5148 1453 5206 textu.

236 5165 395 5215 ιτων,
434 5165 569 5214 etc.,
599 5165 690 5208 sed
719 5167 848 5208 mss.
881 5165 936 5206 ut
976 5171 1026 5207 ιιι
1067 5165 1251 5207 nostro
1283 5165 1453 5206 textu.

199 5165 300 5289 ῗθθ)
337 5221 694 5288 Ἀκολούθως
725 5222 918 5288 ἐαυτῷ
947 5223 1173 5286 ποιεῖν.
1219 5224 1317 5276 καὶ
1365 5226 1417 5276 εὶ
1460 5221 1590 5277 οἶόν
1637 5221 1686 5276 τ’

130 5282 364 5356 ἦν’μέτὰ
392 5293 495 5346 τὸν
523 5282 910 5362 φαινόμενον.
948 5295 1090 5360 limo,
1119 5282 1248 5347 licet
1283 5295 1611 5355 necessaria,
1633 5293 1685 5346 in

130 5369 282 5482 δηινῆ
313 5364 468 5418 editis
503 5367 708 5418 omissa
761 5375 906 5429 sunt,
953 5366 1045 5420 sed
1104 5365 1428 5434 supplentur
1478 5380 1509 5419 e
1552 5379 1684 5418 mss.

131 5443 379 5482 omntius.

131 5443 379 5488 ()mmDUS.

200 5497 304 5569 (97)
342 5503 430 5568 Ὠς
456 5504 634 5572 μηδέ,
687 5514 797 5558 etc.
825 5505 1005 5559 Mallet
1054 5505 1278 5572 Guietns
1313 5502 1456 5557 hunc
1491 5502 1689 5557 verbo-

134 5582 248 5646 [ιιξῐι
275 5567 507 5646 ordinem
577 5575 652 5638 ὡς
681 5575 815 5645 μηδὲ
849 5576 1107 5646 παρέχειν
1128 5575 1194 5628 τὰ
1213 5567 1326 5646 ὦτα
1356 5576 1466 5637 τοῖς
1499 5574 1567 5626 τά
1592 5571 1685 5646 τοῦ

136 5633 274 5716 θείου
319 5642 485 5716 [δόγού
528 5633 800 5716 διδάσκειν
852 5633 1374 5716 ἐπαγγελλομένοις,
1417 5633 1689 5714 φαντασίᾳ

135 5711 386 5832 τοῦάμηδὲ
431 5713 671 5780 εὐσεϐεῖς
732 5713 868 5770 εἶναι
918 5711 1276 5788 Χριστιανούς
1335 5711 1518 5779 τινας,
1574 5711 1690 5766 ἐκεῖ

139 5792 238 5830 κατ
275 5821 286 5832 .
311 5792 410 5832 etc-

139 5792 286 5842 κατα,
311 5792 410 5842 elc.

219 5849 312 5923 (93)
343 5856 626 5924 Οὐρανοῦ.
683 5856 1018 5914 lloeschclius
1065 5859 1114 5912 in
1162 5864 1312 5911 textu
1355 5855 1553 5918 habet,
1601 5854 1687 5904 οὐ-

1791 4679 2064 4734 tneliorem
2096 4689 2295 4734 sortem
2326 4682 2652 4735 transituros
2678 4698 2692 4749 ;
2720 4681 2892 4736 malos
2921 4689 3104 4735 autem
3138 4694 3248 4734 sua:
3286 4680 3367 4732 in-

1791 4771 2186 4839 temperantize,
2229 4773 2661 4837 incontinentim,
2714 4773 2961 4842 ignavia',
2995 4773 3364 4837 pusillanimi-

1793 4862 1936 4927 latis,
1963 4863 2310 4934 insipientite,
2339 4880 2527 4934 pmnas
2554 4866 2921 4936 persoluturos
2941 4880 3082 4921 esse.

1826 5101 1952 5153 ανῳ.

1793 5101 1970 5223 ραῖἓδ)
2021 5153 2586 5226 ἈέρωνηΒοιιοιειιιιε
2627 5163 2796 5208 mutat
2827 5154 2880 5208 in
2919 5153 3100 5226 ὡρῶν,
3131 5169 3363 5223 sequens

1791 5239 1923 5277 vero
1952 5225 2043 5277 καί
2076 5225 2361 5279 delendum
2389 5234 2560 5290 putat.
2972 5225 2979 5226 ί
3057 5273 3066 5280 .

1860 5295 1936 5366 (Ι)
1974 5296 2098 5366 l’ost
2122 5294 2530 5366 οἰκονομοῦντος
2583 5294 2796 5346 additur
2834 5294 2886 5366 in
2914 5306 3081 5366 antea
3115 5294 3363 5366 editisli-

1791 5363 1940 5429 bris,
1979 5365 2168 5418 ἔπειτα
2201 5363 2461 5427 ἀνάλογον
2509 5366 2619 5426 τοῖς
2656 5363 3075 5435 κατορθωθεῖσιν
3108 5365 3140 5434 ἢ
3191 5365 3364 5432 καθη-

1790 5436 1990 5499 κόντως
2025 5435 2360 5488 άποδοθεῐσιν
2395 5435 2614 5506 ἔργοις,
2640 5435 2732 5506 sed
2770 5435 2884 5506 hinc
2929 5436 3194 5504 superﬂua
3243 5449 3363 5506 esse

1789 5507 1909 5573 quis
1943 5522 2046 5560 non
2089 5507 2232 5558 videt
2287 5515 2338 5559 ct
2377 5504 2812 5572 eisuperioribus
2861 5504 3042 5574 inepte
3095 5504 3364 5573 repetita?

1791 5577 1863 5630 Ea
1893 5577 2073 5643 itaque
2107 5575 2331 5629 Gnietus
2367 5587 2421 5629 et
2455 5575 2767 5629 Bohcrellus
2799 5576 2990 5629 merito
3021 5583 3358 5645 cxpungunt,

1790 5657 1848 5700 ut
1911 5647 2116 5698 variam
2175 5645 2460 5700 lectionem
2515 5661 2633 5715 quae
2679 5661 2707 5698 e
2753 5647 2995 5714 margine
3052 5647 3104 5699 in
3155 5653 3358 5700 textum

1791 5717 2040 5784 irrepscri
2051 5726 2085 5769 ι.

1862 5787 1938 5857 (2)
1969 5786 2119 5854 l\lss.,
2147 5785 2335 5857 δειλίᾳ.
2370 5784 2523 5841 Libb.
2567 5785 2720 5852 editi,
2751 5785 2956 5858 θηλείᾳ,
2986 5784 3142 5838 male.
