3872 6524
130 440 291 498 1597
327 421 332 424 ’
433 494 444 505 .
1323 443 1598 501 CONTRA
1637 447 1703 502 Cl

1823 448 1914 506 un
1955 450 2082 505 LIB.
2127 451 2257 507 \‘ttl.
2437 439 2444 448 '
3279 464 3418 521 was

117 556 369 613 στιανῶν
420 555 565 626 λόγῳ
611 556 976 629 αἱρετώτερόν
1029 559 1144 612 ἐστι
1210 559 1314 614 κᾶν
1372 561 1700 632 ἀμφιϐάλλει

1841 567 1964 620 bant
1990 569 2404 636 argumentandi
2428 569 3173 646 generilms,quorumaliquo
3192 585 3420 637 tttuntur

113 649 260 720 περὶ
295 647 476 701 αὐτῶν
499 664 513 677 ’
545 647 640 700 καὶ
673 648 747 718 μὴ
781 646 924 700 οὕτω
955 648 1200 720 θρασέως
1242 651 1420 719 λέγειν
1469 653 1596 724 περὶ
1630 655 1703 707 τοι

1833 659 2063 730 singula:
2085 661 2532 732 philosophorum
2551 675 2716 720 secta!
2745 667 2810 721 ad
2841 667 2891 720 id
2922 670 3066 738 quod
3099 669 3203 725 sibi
3241 671 3415 726 visum

126 738 318 805 Ἰησοῦ
351 739 378 810 ἢ
415 737 523 792 τῶν
559 737 816 810 μαθητῶν
845 740 1010 793 αὐτοῦ
1031 781 1045 805 ,
1080 739 1115 794 δι
1143 742 1218 812 μὴ
1246 742 1563 797 ἐπίστανται
1589 787 1602 808 ,
1633 763 1702 799 κα

1832 759 1915 804 est
1941 755 2421 822 comprobandum.

107 833 529 926 ἀποφαίνονται
574 835 634 888 οὐ
687 834 831 926 μετὰ,
875 836 974 906 τῆς
1016 836 1359 926 καλουμένης
1402 839 1554 910 παρὰ
1602 844 1714 906 τοῖς
1751 843 1858 898 ἀπὸ
1885 847 1986 918 τῆς
2012 849 2180 914 Στοᾶς
2211 852 2663 922 καταληπτικῆς
2721 854 2830 924 (11)
2886 859 3246 926 gem-nata“
3302 859 3412 912 οὐδ’

105 927 216 977 ἀπ’
248 924 408 978 ἄλλου
432 925 578 989 τινὸς
610 925 919 997 κριτηρίου,
985 928 1114 997 περὶ
1152 922 1213 982 οὗ
1249 927 1360 998 (12)
1415 929 1621 1001 ἑκάστη
1677 932 1786 988 τῶν
1835 936 2142 1009 φιλοσόφων
2190 942 2402 1014 αἵρεσις
2445 944 2505 998 τὸ
2567 922 2900 1016 φαινόμενον*
2934 947 3010 1010 ὡς
3064 922 3214 1012 ἔδοξε
3235 922 3417 1002 κατε·

111 1038 423 1075 σκευασεν.

216 1115 356 1182 Εἶτ’,
410 1119 532 1172 ἐπεί
576 1137 742 1192 φησιν
781 1122 809 1174 6
842 1119 1071 1185 Κέλσος,
1119 1121 1412 1176 Πειστέον
1446 1123 1556 1197 (15)
1591 1121 1724 1191 οὖν,

104 1209 210 1263 ὅτι
265 1211 694 1280 παραδίδονται
739 1229 902 1266 τισιν
952 1214 1342 1283 ἐπιμεληταῖς
1392 1216 1569 1271 τοῦδε
1619 1218 1727 1272 τοῦ

106 1303 574 1372 δεσμωτηρίου’
622 1305 840 1359 λεκτέον
895 1307 1033 1377 πρὸς
1090 1308 1290 1369 αὑτὸν,
1334 1309 1414 1361 ὅτι
1463 1309 1725 1363 σπουδαία

1902 1128 1991 1183 54.
2046 1131 2124 1185 Ad
2182 1133 2232 1185 id
2277 1134 2422 1203 quod
2478 1135 2631 1189 addit
2687 1135 2875 1190 Celsus
2913 1152 2928 1188 τ
2963 1137 3289 1190 Credendnm
3333 1148 3413 1192 est

1828 1222 1993 1291 igitur
2019 1223 2256 1278 homines
2291 1227 2606 1296 quibusdam
2662 1229 2968 1281 commissos
2998 1229 3187 1298 fuisse,
3221 1231 3412 1298 quibus

1827 1331 2008 1369 carcer
2033 1319 2130 1371 iste
2162 1335 2307 1372 cura:
2345 1331 2452 1386 est,
2491 1321 2954 1390 respondemlnm,
3007 1325 3246 1376 animam
3301 1324 3413 1376 vir-

103 1395 270 1466 ψυχὴ
303 1394 466 1466 ἐλύθη
497 1396 608 1466 (11)
650 1397 758 1450 ἀπὸ
788 1397 894 1451 τῶν
923 1400 1023 1469 τῆς
1057 1401 1255 1462 κακίας
1289 1399 1505 1471 δεσμῶν
1531 1401 1625 1453 καὶ
1661 1403 1718 1454 ἐν

103 1487 195 1557 τῷ
229 1487 331 1557 βίῳ
353 1487 482 1553 τῶν,
511 1489 587 1552 ὼς
613 1489 896 1560 ὠνόμασεν
925 1493 952 1544 6
975 1491 1262 1564 Ἱερεμίας,
1293 1490 1555 1561 δεσμίων
1582 1491 1718 1562 γῆς,

103 1577 204 1633 διὰ
231 1577 325 1632 τον
352 1581 573 1634 εἰπόντα
619 1581 830 1652 Ἰησοῦν
858 1582 969 1651 (15)
990 1624 1004 1648 ,
1037 1584 1114 1647 ὡς
1147 1583 1252 1654 πρὸ
1291 1583 1486 1637 πολλοῦ
1522 1585 1714 1655 χρόνου

103 1671 219 1740 τῆς
255 1671 549 1742 ἐπιδημίας
572 1672 738 1726 αὑτοῦ
776 1677 1036 1744 προεῖπεν
1067 1676 1095 1728 6
1125 1675 1416 1746 προφήτης
1466 1675 1712 1738 Ἡσαΐας.

105 1759 182 1810 Τί
211 1760 270 1812 δὲ
298 1760 576 1831 προειπὼν
605 1764 636 1833 ἢ
665 1761 790 1829 τοῖς
822 1761 1093 1833 δεσμίοις
1122 1763 1395 1828 ἐξελθεῖν
1415 1804 1428 1826 ,
1465 1764 1560 1817 καὶ
1592 1764 1715 1830 τοῖς

102 1857 186 1908 ἐν
215 1856 297 1922 τῷ
317 1859 519 1912 σκότει
548 1861 1051 1930 ἀνακαλυφθῆναι
1087 1863 1197 1933 (16)
1222 1880 1235 1927 ;
1279 1865 1388 1918 Καὶ
1421 1860 1573 1927 οὗτός
1596 1880 1658 1931 γε
1687 1865 1715 1916 ὁ

116 1951 342 2020 Ἰησοῦς
367 1993 380 2018 ,
418 1953 493 2018 ὡς
541 1955 568 2004 6
615 1953 776 2017 αὐτὸς
820 1952 1044 2020 Ἡσαΐας
1086 1957 1215 2028 περὶ
1257 1956 1420 2009 αὑτοῦ
1463 1959 1713 2029 προεῖπε,

105 2043 482 2112 καθημένοις
521 2047 591 2098 ἐν
629 2045 790 2114 χώρᾳ
833 2048 928 2100 καὶ
972 2047 1116 2114 σκιᾷ
1169 2047 1430 2103 θανάτου
1476 2048 1716 2108 ἀνέτειλε

104 2137 245 2204 μῦς
265 2153 280 2168 ο
316 2137 392 2200 ὡς
416 2138 504 2192 διὰ
534 2137 679 2192 τοῦθ’
709 2143 859 2210 ἡμᾶς
891 2141 1071 2209 λέγειν
1095 2159 1107 2172 ο
1138 2143 1553 2213 Διαρῤήξωμεν
1577 2143 1718 2209 τοὺς

103 2230 384 2299 δεσμοὺς
410 2231 610 2285 αὐτῶν
633 2273 646 2294 ,
677 2234 773 2286 καὶ
812 2235 1241 2303 dar-pygmer
1277 2236 1379 2304 ἀφ’
1419 2234 1588 2304 ἡμῶν
1610 2236 1717 2290 τὸν

104 2320 299 2390 ζυγὸν
328 2322 545 2377 αὐτῶν.
590 2325 650 2377 Εἰ
684 2325 728 2378 δ’
766 2325 988 2379 ἐδύνατο
1021 2325 1252 2380 ἀκοῦσαι
1281 2327 1381 2397 τῆς
1417 2327 1716 2400 βαθύτητος

103 2414 224 2466 τῶν
250 2415 597 2483 Εὑαγγελίων
621 2419 648 2470 6
673 2418 878 2482 Κέλσος
906 2421 998 2474 καὶ
1023 2423 1070 2473 οἱ
1106 2422 1502 2492 παραπλησίως
1523 2422 1716 2493 ἐκείνῳ

103 2504 240 2556 καθ’
285 2506 443 2577 ἡμῶν
487 2500 842 2580 διακείμενοι,
890 2511 988 2562 οὐκ
1015 2510 1080 2564 ἂν
1126 2513 1255 2582 ἡμῖν
1298 2513 1714 2567 συνεϐούλευσεν

103 2591 196 2658 οἷς
245 2596 528 2668 ὠνόμασεν
569 2599 928 2671 ἐπιμεληταῖς
975 2601 1068 2654 τοῦ
1121 2603 1494 2676 δεσμωτηρίου
1532 2605 1716 2659 πείθε-

108 2689 264 2742 σθαι.
295 2690 609 2763 Γέγραπται
638 2693 694 2744 δὲ
727 2695 784 2745 ἐν
813 2693 891 2763 τῷ
924 2693 1240 2765 Εὑαγγελίῳ
1263 2737 1277 2760 ,
1318 2696 1399 2750 ὅτι
1445 2698 1579 2769 γυνή
1630 2715 1714 2760 τις

105 2779 183 2853 ἦν
221 2783 644 2852 συγκύπτουσα,
680 2787 774 2840 καὶ
823 2786 896 2858 μὴ
930 2787 1200 2858 δυναμένη
1231 2789 1508 2859 ἀνακύψαι
1541 2791 1620 2853 είς
1653 2791 1714 2845 τὸ

107 2875 408 2938 παντελέςο
453 2877 644 2948 ἥντινα
690 2880 718 2931 6
764 2879 973 2949 Ἰησοῦς
1027 2879 1188 2944 ἰδὼν,
1236 2881 1331 2934 καὶ
1378 2880 1520 2954 ὁρῶν
1565 2883 1712 2953 παρὰ

106 2970 238 3024 τίνα
277 2969 387 3040 (17)
421 2970 599 3024 αἰτίαν
635 2970 940 3039 συγκύπτει
964 3013 978 3035 ,
1014 2973 1114 3026 οῦκ
1148 2973 1552 3046 ὲπιτρεπομένη
1582 2975 1713 3028 ἀνα-

107 3062 344 3116 κύπτειν
378 3064 458 3126 είς
485 3063 545 3116 τὸ
579 3064 861 3129 παντελὲς,
894 3061 1010 3118 εἶπε
1032 3083 1044 3096 ·
1085 3068 1314 3134 Ταύτην
1333 3066 1400 3120 δὲ
1421 3066 1714 3136 θυγατέρα

1827 1408 1922 1462 ιιιιί
1959 1408 2195 1464 deditam
2225 1411 2357 1464 solvi
2397 1412 2651 1481 nequitiae
2677 1412 2916 1468 vinculis
2943 1416 3025 1468 vel
3055 1417 3106 1468 in
3143 1416 3245 1470 hac
3276 1415 3404 1480 vita,

1829 1500 1914 1555 uht
1952 1511 2103 1568 sunt,
2153 1512 2209 1554 nt
2253 1501 2523 1558 Jeremias
2579 1506 2838 1574 loquitur,
2889 1506 3046 1559 vincti
3087 1517 3240 1560 teme
3262 1509 3302 1560 '.
3349 1507 3403 1560 ld

1824 1593 1970 1646 enim
2004 1593 2160 1648 Jesns
2189 1595 2508 1658 declaravit,
2547 1607 2601 1649 ιιι
2630 1596 2789 1666 longe
2815 1605 2941 1650 ante
2967 1597 3086 1664 ejus
3110 1602 3402 1653 adventum

1825 1682 1990 1739 Isaias
2025 1688 2286 1755 propheta
2335 1688 2682 1757 prtedixerat.
2719 1688 2882 1758 782
2933 1682 3072 1756 Quid
3126 1697 3309 1742 antem
3359 1691 3405 1742 is

1823 1777 2071 1844 prmitiin
2097 1794 2258 1847 quam
2299 1777 2542 1833 futurum
2567 1794 2712 1842 esse,
2747 1790 2800 1831 ut
2835 1780 2994 1833 vincti
3047 1781 3248 1834 cuit-ent
3273 1789 3320 1832 et
3351 1780 3404 1832 in

1819 1870 2041 1923 tenebris
2084 1871 2240 1938 positi
2266 1871 2625 1924 revelat-eatur
2650 1871 2709 1925 a‘?
2740 1871 2804 1925 Et
2831 1872 2920 1926 hic
2955 1872 3066 1940 ipse
3097 1871 3277 1937 Jesus,
3301 1873 3406 1926 sic-

1817 1973 1876 2015 ut
1911 1963 2054 2016 idem
2096 1963 2265 2018 Isaias
2319 1965 2386 2018 de
2444 1964 2536 2018 illo
2573 1966 2845 2033 przedixit,
2877 1966 3174 2019 sedentibus
3217 1966 3267 2018 in
3319 1983 3403 2020 re-

1818 2052 1972 2120 gione
1999 2062 2045 2106 et
2080 2054 2264 2107 umbra
2312 2057 2495 2109 ntortis
2534 2055 2627 2108 lux
2660 2067 2813 2110 ortus
2844 2055 2973 2109 eSt‘
3004 2073 3018 2122 ;
3053 2057 3124 2110 ita
3160 2065 3215 2110 nt
3259 2073 3404 2111 nunc

1820 2143 2026 2197 idcirco
2078 2145 2326 2200 dicamus
2375 2163 2388 2201 :
2432 2145 2808 2212 Dirumpamus
2870 2148 3080 2200 vincula
3123 2165 3302 2202 eorum
3355 2158 3402 2202 et

1816 2234 2163 2304 projiciamus
2190 2251 2221 2288 α
2253 2235 2399 2289 nobis
2418 2236 2607 2311 jugum
2638 2238 2870 2305 ipsorum
2897 2238 2939 2291 ⁵.
2967 2237 3119 2302 Quod
3147 2239 3189 2292 si
3216 2238 3404 2293 Celsus

1817 2336 1872 2380 et
1893 2327 1985 2396 qui
2013 2327 2202 2380 eodem
2242 2343 2371 2399 erga
2401 2345 2498 2384 nos
2527 2345 2589 2383 ac
2615 2329 2704 2382 ille
2735 2339 2866 2384 sunt
2903 2331 3109 2395 animo,
3147 2332 3198 2384 in
3228 2331 3404 2383 Evan-

1817 2417 1939 2488 gelii
1997 2417 2339 2471 altitudinem
2416 2429 2709 2487 penetrare
2767 2421 3094 2490 potuissent.
3149 2430 3403 2474 auctores

1819 2510 1972 2564 nobis
2005 2526 2108 2563 non
2143 2510 2372 2564 inissent
2408 2519 2466 2563 ut
2492 2511 2595 2564 illis
2621 2527 2758 2579 quos
2788 2523 2947 2565 vocat
2977 2511 3130 2580 hujus
3164 2513 3402 2566 carceris

1816 2604 2156 2657 curatoribus
2186 2603 2632 2673 obsequerentur.
2666 2605 3019 2670 Evangelium
3059 2613 3248 2659 narrat
3282 2620 3401 2657 mu-

1817 2693 2005 2746 lierem
2036 2696 2327 2762 quamdam
2368 2695 2539 2748 fuisse
2590 2710 2709 2764 quae
2749 2696 3007 2750 inclinata
3044 2711 3148 2750 non
3174 2697 3402 2750 omnino

1817 2795 2030 2855 poterat
2060 2802 2280 2840 sursum
2319 2787 2656 2856 respicere‘.
2692 2786 2865 2854 Quam
2899 2805 3021 2843 cum
3054 2786 3213 2843 Jesus
3252 2788 3400 2842 vide-

1818 2889 1897 2932 ret
1927 2879 2202 2946 sciretque
2255 2896 2360 2948 qua
2405 2882 2470 2935 de
2508 2898 2672 2936 causa
2726 2885 2830 2936 hoc
2861 2883 3051 2936 morbo
3098 2882 3398 2946 laboraret,

1816 2971 1952 3024 dixit
1986 2988 2000 3024 :
2033 2969 2186 3024 lianc
2211 2972 2381 3039 ﬁliam
2411 2974 2638 3028 Abrahae
2667 2993 2825 3043 quant
2866 2975 3096 3044 alligavit
3132 2974 3391 3040 Satanas,

1815 3080 1934 3117 ecce
1961 3065 2136 3118 decem
2186 3078 2232 3119 et
2263 3075 2380 3119 octo
2423 3069 2600 3131 annis,
2635 3085 2737 3121 non
2781 3069 3009 3136 oportuit
3049 3070 3179 3122 solvi
3221 3086 3251 3120 a
3287 3069 3401 3120 vin-

122 3158 374 3227 Ἀϐραὰμ
402 3153 620 3221 οὖσαν,
656 3157 734 3226 ἢν
762 3160 987 3229 ἔδησεν
1022 3165 1054 3215 ό
1082 3161 1543 3228 Σατανᾶς,ίδοὺ,
1565 3162 1703 3217 δέκα

1823 3155 1934 3210 culo
1968 3157 2066 3209 isto
2099 3157 2184 3210 die
2220 3157 2439 3211 Sabbati
2461 3160 2517 3212 7?
2545 3161 2683 3225 Quot
2717 3161 3014 3213 etiamnum
3055 3170 3181 3214 snnt
3203 3170 3256 3214 et
3280 3160 3394 3220 alii,

107 3249 215 3301 καὶ
246 3249 398 3303 ὀκτὼ
433 3252 536 3319 ἔτη
565 3251 700 3322 (18),
738 3255 848 3306 οὐκ
887 3253 1006 3307 ἔδει
1030 3253 1291 3318 λυθῆναι
1322 3254 1441 3308 ἀπὸ
1476 3254 1583 3309 τοῦ
1617 3254 1712 3308 δε-

106 3340 276 3411 σμοῦ
303 3344 514 3396 τούτου
542 3343 612 3396 ἐν
637 3343 710 3412 τῇ
742 3342 928 3412 ἡμέρᾳ
957 3344 1063 3398 τοῦ
1095 3345 1437 3409 Sa6’6’dtov;
1464 3345 1624 3399 Πόσοι
1653 3346 1710 3400 δὲ

104 3432 210 3486 καὶ
259 3432 406 3487 ἄλλοι
437 3432 531 3486 νῦν
561 3433 834 3502 δεδεμένοι
867 3434 970 3487 ὑπὸ
999 3433 1092 3487 τοῦ
1123 3435 1337 3490 Σατανᾶ
1372 3437 1714 3505 συγκόπτου-

109 3543 223 3592 σιν,
259 3525 320 3580 οὐ
353 3525 636 3598 δυνάμενοι
671 3527 738 3579 δι’
769 3529 974 3580 ἐκεῖνον
1004 3527 1278 3595 ἀνακύψαι
1310 3529 1391 3591 εἰς
1426 3528 1485 3581 τὸ
1515 3547 1713 3582 παντε-

105 3620 226 3683 λὲς,
256 3619 475 3674 θέλοντα
508 3619 656 3691 ἡμᾶς
680 3620 830 3674 κάτω
864 3620 1118 3691 βλέπειν;
1166 3621 1274 3674 Καὶ
1301 3619 1476 3684 οὐδείς
1511 3637 1574 3688 γε
1613 3622 1711 3673 αὺ-

106 3715 241 3776 τοῦς
269 3711 508 3784 ἀνορθοῖ,
533 3714 582 3765 εί
607 3713 680 3783 μὴ
709 3714 736 3766 ὁ
760 3714 818 3766 ὲν
842 3712 918 3783 τῷ
941 3713 1116 3783 Ἰησοῦ
1149 3711 1493 3783 ἐπιδημήσας
1518 3711 1708 3780 Λόγος,

107 3809 208 3861 καὶ
246 3807 508 3877 πρότερον
541 3806 596 3860 δὲ
632 3805 992 3879 Θεοφορήσας.
1032 3807 1142 3859 Καὶ
1168 3802 1298 3877 ἦλθέ
1335 3821 1398 3872 γε
1433 3806 1461 3858 6
1502 3804 1710 3877 Ἰησοῦς

106 3897 476 3970 ἐλευθερῶσαι
506 3899 711 3962 πάντας
756 3901 882 3960 τοὺς
925 3899 1564 3971 καταδυναστευομένους
1604 3899 1710 3953 ὑπὸ

107 3991 206 4044 τοῦ
237 3989 503 4051 διαϐόλου,
532 3994 623 4042 καὶ
648 3990 773 4060 περ)⁴
801 3988 1009 4042 ἐκείνου
1034 3988 1204 4042 εἰπὼν
1238 3990 1375 4059 μετά
1406 4007 1552 4052 τινος
1579 4007 1708 4062 πρε-

111 4083 326 4154 πούσης
359 4082 507 4152 αὐτῷ
543 4081 842 4152 βαθύτητος
890 4084 982 4145 τὸ,
1020 4083 1149 4136 Νῦν
1177 4085 1208 4136 ό
1241 4082 1442 4151 ἄρχων
1473 4082 1580 4135 τοῦ
1607 4083 1708 4135 κό-

109 4194 274 4244 σμου
311 4175 522 4230 τούτου
567 4173 852 4240 κέκριται.
905 4174 979 4226 Οὐ
1029 4173 1417 4245 λοιδορούμεθα
1459 4168 1552 4226 οὖν
1595 4175 1708 4235 τοῖς

108 4265 240 4335 τῇδε
277 4264 556 4335 δαίμοσιν,
585 4263 700 4317 ἀλλ’
753 4263 1050 4335 ἐλέγχομεν
1088 4262 1188 4326 τὰς
1234 4265 1320 4316 ἐπ’
1366 4262 1574 4334 ὀλέθρῳ
1613 4261 1705 4316 τοῦ

109 4357 305 4426 γένους
347 4355 454 4409 τῶν
503 4355 804 4426 ἀνθρώπων
849 4355 1130 4426 ἐνεργείας
1180 4354 1386 4418 αὐτῶν,
1433 4355 1705 4425 προφάσει

110 4447 380 4520 χρησμῶν
415 4448 506 4500 καὶ
536 4447 829 4518 Οερατπίας
862 4447 1148 4518 σωμάτων,
1183 4446 1275 4500 καὶ
1311 4446 1485 4500 ἄλλων
1511 4446 1702 4510 τινῶν,

1816 3249 1905 3317 qui
1955 3248 2106 3318 ligati
2138 3266 2166 3302 a
2215 3251 2417 3304 Satana
2467 3251 2827 3313 itwlinanlur,
2866 3267 2964 3306 nec
3004 3254 3228 3305 onmino
3275 3267 3398 3320 pos-

1814 3349 1941 3395 sunt
1969 3356 2186 3395 sursum
2223 3343 2516 3411 reSpicere,
2552 3351 2842 3411 pr0pterca
2878 3342 3021 3410 quod
3065 3342 3152 3396 ille
3181 3352 3398 3395 nostros

1814 3432 1867 3486 in
1921 3442 2124 3486 terram
2167 3433 2356 3487 oculos
2399 3435 2508 3486 rnlt
2552 3433 2752 3500 dejici?
2789 3432 2899 3488 llos
2951 3433 3192 3486 erexerit
3238 3448 3397 3486 nemo

1815 3532 2012 3593 prtcter
2026 3525 2266 3580 Verbum
2291 3525 2432 3594 quod
2455 3526 2505 3578 in
2527 3524 2654 3579 Jesu
2685 3527 2927 3591 advenit,
2953 3527 3206 3598 quodque
3235 3534 3393 3578 antea

1813 3632 1910 3670 suo
1941 3618 2135 3686 Spiritu
2164 3617 2773 3687 prophetasamaverat.
2806 3618 3214 3689 \‘enitnamqne
3241 3617 3398 3673 Jesus

1813 3721 1872 3762 ut
1897 3725 2087 3764 omnes
2115 3726 2404 3780 Oppressos
2433 3726 2462 3764 a
2491 3711 2708 3767 diabolo
2736 3712 2997 3767 liberaret
3021 3713 3041 3743 "
3068 3731 3081 3767 :
3120 3723 3170 3766 et
3207 3713 3274 3766 de
3303 3711 3396 3766 illo

1813 3796 1948 3848 dixit
1979 3812 2101 3850 cum
2136 3797 2368 3866 quadam
2406 3813 2528 3867 qua:
2571 3799 2746 3868 ipsum
2795 3801 3027 3856 decebat
3060 3800 3350 3855 altitudine
3380 3819 3396 3856 :

1815 3889 1970 3944 Nunc
1997 3892 2238 3960 princeps
2252 3891 2410 3961 hujus
2435 3893 2616 3945 mundi
2636 3892 2915 3962 judicatus
2941 3895 3060 3948 est”.
3086 3891 3203 3948 Non
3237 3895 3400 3963 igitur

1811 3985 2154 4039 (histrionibus
2190 3986 2277 4039 hic
2308 3985 2656 4040 versantibus
2707 3987 3106 4051 maledicimus,
3137 3989 3232 4042 sed
3260 4001 3394 4057 ope-

1811 4079 2052 4131 rationes
2080 4093 2268 4130 eorum
2305 4078 2370 4132 ad
2407 4079 2622 4146 generis
2661 4079 2884 4133 humani
2933 4080 3230 4149 perniciem
3274 4089 3396 4133 ten-

1810 4169 2004 4222 dentes
2037 4170 2408 4225 damnamus:
2449 4173 2888 4242 quamloquidem
2941 4170 3292 4225 oraculorum
3339 4180 3396 4226 (.zt

1809 4262 2154 4314 curationum
2177 4262 2518 4334 aliarumque
2544 4281 2724 4320 rerum
2746 4265 2966 4318 nomine
2991 4265 3095 4317 huc
3119 4273 3392 4333 spectant,

1810 4360 1866 4404 nt
1891 4353 2151 4415 animam,
2179 4369 2299 4421 quae
2334 4355 2384 4407 in
2416 4355 2516 4408 hoc
2546 4356 2748 4409 humile
2771 4370 2968 4424 corpus
2991 4355 3200 4414 incidit,
3227 4371 3255 4408 a
3286 4356 3396 4409 Deo

1807 4454 2064 4515 separent
2093 4465 2105 4499 :
2133 4461 2298 4516 quam
2333 4449 2582 4516 corporis
2632 4448 2998 4502 humilitatem
3048 4449 3141 4517 qui
3188 4448 3394 4502 intelli-

110 4542 349 4612 χωρίσαι
381 4541 475 4593 τοῦ
510 4540 646 4594 Θεοῦ
679 4540 1017 4611 βουλομένων
1065 4540 1163 4611 τὴν
1207 4538 1555 4611 ἐμπεσοῦσαν
1602 4539 1703 4609 ψυ-

1823 4549 1966 4600 znnt,
2001 4540 2313 4592 exclamant
2345 4556 2358 4592 :
2395 4539 2560 4593 Miser
2589 4557 2681 4610 ego
2722 4541 2900 4604 homo,
2930 4542 3049 4609 quis
3082 4556 3160 4594 me
3197 4541 3396 4594 libera-

113 4635 219 4706 χὴν
252 4635 331 4698 εἰς
361 4633 420 4686 τὸ
465 4633 623 4703 σῶμα
665 4634 762 4704 τῆς
792 4631 1174 4696 ταπεινώσεως
1202 4649 1215 4662 ο
1253 4633 1442 4702 ἦντινα
1486 4633 1536 4684 ot
1581 4632 1704 4703 νοή-

188 4756 208 4784 ²
250 4751 556 4810 Τιιιοριικιιι,
589 4751 680 4806 51.
754 4751 775 4784 ³
815 4751 915 4805 lsa.
945 4752 1166 4813 xux.9.
1244 4749 1267 4782 ⁸
1304 4749 1410 4806 lsa.
1440 4766 1514 4814 is,
1547 4752 1602 4806 2.

113 4824 206 4877 3%.
282 4826 303 4856 ’
339 4822 496 4876 Joau.
529 4839 638 4886 XVI,
675 4825 756 4876 11.
837 4825 879 4855 ¹⁰
920 4823 1077 4877 Rom.
1108 4839 1212 4890 νη,
1247 4823 1338 4876 24.

189 4940 304 5006 (Η)
341 4940 828 5007 Καταληπτικῆς.
860 4939 999 4995 Tull.
1043 4941 1136 4996 lib.
1176 4953 1297 4998 net
1338 4959 1392 4999 tv
1439 4945 1690 4998 Academ.

113 5020 304 5079 cmest.
339 5026 356 5064 :
389 5014 453 5064 At
485 5013 620 5065 seire
650 5013 851 5080 negatis
875 5029 1192 5080 quemquam
1218 5031 1326 5068 rem
1355 5015 1514 5068 ultam
1543 5057 1556 5077 ,
1593 5017 1694 5068 nisi

115 5082 445 5152 .‘apientem:
485 5094 532 5136 et
570 5083 664 5135 hoc
695 5084 901 5151 quidem
959 5081 1102 5136 Zeno
1159 5097 1303 5152 gestu
1359 5086 1690 5151 conficiebat.

125 5151 266 5206 Nam
299 5168 413 5204 cum
469 5155 694 5207 extensis
723 5154 904 5221 digitis
951 5151 1220 5208 adversam
1263 5172 1476 5208 manum
1517 5166 1692 5208 osten-

124 5230 296 5282 derat,
325 5224 486 5286 visus,
525 5225 812 5292 inquiebat,
851 5224 1156 5290 huiusmodi
1199 5235 1298 5278 est.
1341 5225 1540 5278 Deinde
1575 5242 1692 5278 cum

121 5294 337 5364 paulum
368 5295 564 5361 digitos
604 5295 1013 5355 constrinxerat,
1075 5312 1318 5349 assensus
1363 5295 1692 5364 hujusmodi.

124 5362 258 5415 Tum
308 5380 422 5416 cum
459 5366 612 5431 plane
657 5375 1052 5430 compresserat,
1106 5362 1440 5435 pugnumque
1486 5365 1702 5434 fecerat,

118 5435 632 5496 comprehensionem
669 5437 816 5488 illaut
853 5453 963 5489 esse
991 5436 1219 5488 dicebat.
1276 5435 1394 5501 Qua
1421 5451 1484 5488 ea:
1514 5436 1704 5488 simili-

122 5516 176 5556 tn
201 5505 306 5575 :‘ine
343 5506 499 5557 etiam
529 5522 712 5575 nomen
746 5507 791 5558 ei
822 5507 915 5568 rei,
941 5510 1079 5575 quod
1107 5517 1226 5560 ante
1251 5523 1352 5559 non
1384 5508 1578 5574 [ues'at,
1599 5524 1700 5558 κα-

119 5573 352 5643 τάληψιν
378 5577 643 5640 imposuit.
678 5574 810 5629 Cum
850 5573 1026 5629 autem
1061 5577 1245 5630 la—‘vam
1277 5573 1490 5629 manum
1519 5579 1698 5630 admo-

121 5655 286 5703 t-erat,
319 5657 367 5699 et
428 5646 576 5697 illum
622 5663 851 5715 pugnum
895 5661 1038 5700 arcte
1077 5648 1504 5717 uehementerque
1550 5664 1696 5700 com-

122 5725 402 5784 presserat,
443 5717 717 5769 scienliam
751 5717 910 5769 talem
943 5735 1050 5770 esse
1074 5719 1276 5770 dicebat
1313 5733 1330 5771 .'
1364 5717 1515 5785 cujus
1555 5734 1698 5771 com-

123 5793 317 5855 potem,
349 5787 446 5838 nisi
471 5787 780 5855 sapientem,
814 5804 922 5842 esse
946 5788 1228 5841 neminem.
1255 5789 1518 5842 SPENCER.

199 5854 310 5942 (1:3)
341 5857 480 5925 Περὶ
501 5852 597 5912 οὗ.
635 5858 850 5912 Dubitat
876 5858 1104 5914 Guietus
1133 5875 1198 5913 an
1235 5858 1578 5914 scribendum
1604 5859 1692 5923 sit,

126 5928 212 5997 ὑφ’
233 5928 314 5980 οὗ.

1685 4751 1706 4782 ⁵
1750 4749 1891 4805 Psal.
1928 4766 1999 4815 ιι,
2033 4750 2088 4804 5.

1811 4633 1886 4684 bit
1914 4633 1977 4684 de
2000 4648 2221 4700 corpore
2261 4635 2449 4688 mortis
2490 4635 2759 4703 hujus”?
2800 4634 2987 4703 Neque
3026 4649 3154 4688 vero
3194 4649 3393 4703 corpus

2169 4750 2188 4780 ⁸
2229 4750 2362 4806 Luc.
2402 4767 2531 4816 xm,
2561 4752 2650 4806 11.
2727 4752 2746 4784 ⁷
2789 4753 2920 4808 ibid.
2966 4749 3051 4804 16.
3129 4751 3150 4782 ⁸
3187 4751 3307 4804 Act.
3336 4765 3392 4814 κ,

1876 4943 1984 5009 (l3)
2011 4943 2161 5008 Mss,
2192 4943 2459 4996 πειστέον.
2500 4942 2645 4996 Libri
2677 4955 2830 4997 antea
2856 4941 3011 5004 editi,
3047 4939 3289 4994 πιστέον.

1875 5015 1987 5085 (l6)
2037 5016 2276 5082 Ἐλύθη.
2314 5015 2402 5068 Sic
2445 5026 2594 5066 recte
2623 5014 2785 5085 habet
2816 5014 2986 5066 codex
3040 5012 3288 5085 Jolia‘uus
3324 5025 3388 5064 ex

1806 5081 2178 5150 correctione;
2225 5081 2362 5138 male
2403 5093 2585 5136 autem
2625 5083 2753 5136 libb.
2783 5085 2936 5143 editi,
2981 5085 3074 5136 καὶ
3106 5081 3349 5134 λυθεῖσα.

1875 5155 1988 5223 (15)
2018 5155 2122 5208 Διὰ
2169 5154 2276 5208 τὸν
2313 5156 2558 5207 εἰπόντα
2610 5154 2863 5219 Ἰησοῦν.
2917 5154 3109 5208 Gnieto
3151 5155 3395 5206 scriben-

1804 5224 1928 5279 dum
1943 5228 2207 5301 Δνὶριξιιιις,
2233 5225 2322 5278 διὰ
2353 5225 2459 5301 τοῦ.
2482 5223 2727 5301 εἰπόντος
2766 5223 2964 5301 Ἰησοῦἶ
3111 5293 3123 5301 _
3143 5292 3168 5301 _
3221 5294 3276 5301 η
3313 5290 3338 5301 _

1876 5295 1988 5363 (16)
2020 5295 2085 5348 Τί
2123 5294 2190 5347 δὲ
2220 5295 2521 5360 προειπὼν
2543 5295 2580 5363 ἢ
2626 5295 2750 5360 τοῖς
2786 5292 3056 5363 δεσμίοις
3099 5292 3390 5363 ἐξελθεῖν,

1810 5367 1907 5419 καὶ
1951 5366 2076 5432 τοῖς
2097 5367 2168 5418 ἐν
2205 5365 2285 5432 τῷ
2335 5368 2539 5420 σκότει
2588 5362 3112 5433 ἀνακαςιινμθῆναι.
3160 5362 3250 5415 Sic
3306 5364 3396 5415 ha-

1811 5438 1938 5490 bent
1965 5438 2121 5491 codd.
2159 5435 2358 5500 Regius
2387 5448 2439 5490 et
2474 5437 2824 5493 Basileensis,
2879 5438 2998 5488 libri
3052 5450 3182 5488 Vero
3232 5444 3391 5485 antea

1807 5510 1934 5560 editi
1966 5525 1978 5560 :
2015 5506 2079 5560 Τί
2113 5506 2168 5558 δὲ
2197 5508 2548 5577 προειπόντα,
2579 5509 2625 5559 εί
2661 5509 2773 5568 τοῖς
2795 5506 3057 5576 δεσμίοις,
3093 5503 3392 5569 Ἐξέλοετε,

1806 5579 1900 5631 καὶ
1923 5580 2037 5642 τοῖς
2065 5579 2123 5630 ὲν
2146 5577 2225 5648 τῷ
2251 5579 2454 5639 σκότει,
2495 5577 2958 5648 Ἀνακαλὺφθητε.

1875 5649 1986 5718 (I7)
2038 5644 2207 5702 Codd.
2253 5648 2457 5715 Regius
2519 5658 2574 5700 et
2627 5644 2990 5714 Bas-decusis,
3043 5645 3197 5718 παρὰ
3243 5644 3387 5701 τίνα.

1807 5717 1974 5771 Libb.
1997 5729 2154 5772 antea
2184 5720 2339 5782 editi,
2367 5719 2519 5789 παρᾶ
2554 5719 2716 5780 τίνος.

1878 5789 1988 5858 (18)
2014 5789 2197 5844 Codex
2250 5786 2469 5858 Ilcgius.
2510 5789 2722 5842 δώδεκα
2764 5789 2858 5842 καὶ
2905 5786 3050 5843 ὀκτὼ
3103 5786 3218 5858 ἔτη.
3269 5786 3389 5858 Mn}

1810 5855 2148 5914 lleschelius
2183 5861 2234 5915 in
2271 5855 2416 5914 teitu
2447 5860 2610 5915 habet
2638 5900 2652 5922 ,
2699 5859 2926 5928 λυῢῆναι
2958 5862 3021 5913 ὲκ
3056 5857 3147 5912 τοῦ
3167 5855 3389 5926 δεσμοῦ.
