3866 6398
159 323 263 377 lGM

1320 325 1598 382 CONTRA
1635 325 1914 382 CELSUM
1952 326 2076 381 LIB.
2117 327 2253 384 Vlll.

3252 340 3393 396 1602

151 439 236 493 ὐπὸ
275 441 371 511 τῆς
408 441 667 513 Προνοίας
711 443 958 514 διδόμενα
1002 443 1183 498 τέκνα.
1231 447 1338 498 Καὶ
1368 447 1426 498 οὐ
1469 445 1695 517 μάχεται

1807 445 1981 499 lnduti
2020 449 2163 500 enim
2208 459 2542 504 armaturam
2588 452 2681 506 Dei
2723 464 2930 508 statnus
2967 455 3032 517 “,
3069 465 3126 509 ut
3175 457 3394 512 athletae

147 531 294 585 ταῦτα
340 533 416 604 τῷ
459 535 532 606 μὴ
570 535 846 588 πείθεσθαι
893 537 1040 606 ἡμᾶς
1085 539 1195 600 τοῖς
1234 539 1554 607 νεμομένοις
1601 539 1701 608 τὴν

1813 536 2046 605 pietatis.
2075 549 2265 591 contra
2307 541 2673 594 insidiantium
2710 546 3014 597 dzmunnuin
3046 562 3240 614 genus.

148 627 233 698 γῆν
265 627 584 698 δαιμονίοις·
615 629 966 700 ὁπλισάμενοι
999 631 1106 703 γὰρ
1129 635 1194 702 τῇ
1232 633 1502 704 πανοπλίᾳ
1537 633 1632 685 τοῦ
1672 632 1808 685 Θεοῦ
1850 631 2140 702 ἱστάμεθα,
2180 633 2256 696 ὼς
2288 633 2519 704 ἀθληταὶ
2557 636 2856 705 εὐσεϐείας,
2884 638 3020 712 πρὸς
3047 640 3106 695 τὸ
3131 640 3239 694 τῶν
3274 641 3397 694 ἑπι-

147 718 486 774 6ουλευόντων
523 723 655 791 ἡμῖν
687 721 957 791 δαιμόνων
992 723 1166 790 γένος.

207 814 312 866 Κᾶν
357 812 434 882 τῷ
483 814 673 866 ἑαυτοῦ
727 811 820 868 οῦν
881 815 1024 885 λόγῳ
1080 817 1312 890 πασσυδὶ
1352 819 1501 888 ἡμᾶς
1564 819 1700 871 ἀπο-

146 906 316 977 πέμπῃ
343 905 435 956 τοῦ
473 905 584 974 βίου
615 907 642 956 ὁ
673 906 898 971 Κέλσος,
935 908 1024 973 ἵν’,
1055 909 1129 973 ὡς
1162 909 1394 980 νομίζει,
1436 912 1695 983 έρημωθῇ

145 997 353 1066 πάμπαν
380 995 472 1047 ἐπὶ
499 995 603 1066 γῆς
628 996 687 1048 τὸ
711 997 949 1051 τοιοῦτον
983 998 1137 1070 ἡμῶν
1170 999 1355 1068 γένος’
1390 1001 1502 1054 ἀλλ’
1536 1004 1695 1072 ἡμεῖς

142 1087 190 1141 ὲν
217 1089 316 1150 τοῖς
339 1087 432 1140 τοῦ
455 1087 734 1150 κτίσαντος
749 1091 896 1158 ἡμᾶς
919 1090 1058 1143 κατὰ
1078 1092 1205 1154 τοὺς
1237 1090 1328 1144 τοῦ
1353 1090 1487 1144 Θεοῦ
1513 1090 1696 1160 βιώσο-

145 1195 227 1248 μεν
240 1179 453 1247 νόμους,
469 1180 718 1250 οὐδαμῶς
732 1180 998 1235 δουλεύειν
1013 1182 1252 1244 θέλοντες
1263 1185 1374 1245 τοῖς
1391 1183 1488 1254 τῆς
1517 1184 1552 1236 ά
1559 1201 1630 1253 μα
1641 1201 1698 1251 ρ-

139 1270 240 1332 τίιις
261 1271 462 1340 νόμοις,
490 1273 580 1324 καὶ⁴
605 1275 867 1340 γυναῖκας
887 1313 900 1335 ,
930 1274 1022 1327 ἐὰν
1064 1272 1400 1343 βουλώμεθα,
1436 1273 1697 1344 ἁξόμεθα,

140 1363 221 1414 καὶ
239 1362 430 1425 παῖδας
445 1362 756 1434 διδομένους
777 1367 908 1435 ἡμῖν
926 1367 984 1419 ὲν
1000 1370 1112 1430 τοῖς
1129 1369 1326 1437 γάμοις
1357 1367 1512 1439 ἡμῶν
1535 1367 1702 1438 ληψό-

142 1453 264 1524 μεθα
286 1469 298 1482 ⁸
328 1452 420 1506 ἐὰν
447 1451 502 1504 δὲ
525 1452 639 1524 δέῃ,
664 1453 759 1506 καὶ
789 1454 897 1506 τῶν
921 1456 978 1507 ὲν
999 1455 1074 1524 τῷ
1102 1455 1202 1526 βίῳ
1229 1454 1545 1526 μεθέξομεν,
1578 1457 1704 1508 ἁνε-

138 1546 334 1615 χὸμενοι
361 1543 467 1598 τῶν
511 1545 953 1615 ἐπιτεταγμένων
991 1547 1203 1610 κακῶν,
1250 1547 1326 1610 ὡς
1372 1548 1695 1620 πειρασμῶν

137 1638 220 1706 τῆς
259 1636 454 1706 ψυχῆς.
506 1635 691 1699 Οῦτως
727 1637 836 1708 γὰρ
879 1636 1000 1702 ἕθος
1046 1642 1157 1700 τοῖς
1197 1639 1362 1704 θείοις
1409 1641 1696 1711 ὀνομάζειν

1881 815 1969 869 56.
1997 814 2255 881 Quamvis
2284 815 2446 885 igitur
2469 832 2565 871 sna
2597 822 2863 874 sententia
2899 839 2996 876 nos
3021 825 3237 893 ableget
3271 825 3393 876 uni-

1807 922 1994 960 versos
2022 921 2086 959 ex
2124 907 2225 960 hac
2255 910 2364 961 vita
2391 949 2406 971 ,
2455 917 2513 962 ut
2543 951 2554 973 ,
2605 912 3060 979 quemadmodum
3108 915 3344 984 loquitur
3367 956 3384 980 ,

1805 999 1937 1052 nihil
1974 999 2143 1053 nostri
2193 1003 2378 1070 generi
2435 1002 2486 1054 in
2531 1011 2675 1055 terra
2719 1005 2999 1072 supersit;
3063 1022 3164 1061 nos
3204 1019 3384 1063 tamen

1805 1089 1947 1143 inter
1968 1105 2060 1144 eos
2088 1091 2179 1159 qui
2224 1100 2474 1145 nostrum
2499 1093 2683 1147 colunt
2711 1095 3044 1150 conditorem
3075 1113 3142 1151 ex
3182 1099 3271 1154 Dei
3303 1101 3384 1156 le-

1804 1184 1961 1252 gibus
1989 1185 2154 1238 vitam
2191 1199 2454 1252 agemus,
2502 1200 2601 1239 nec
2641 1202 2871 1254 unquam
2915 1191 3119 1255 peccati
3172 1190 3386 1261 legibus

1803 1275 2323 1343 obtemperabimus;
2357 1277 2621 1330 ducemus
2650 1293 2849 1334 uxores
2874 1282 2916 1334 si
2948 1281 3132 1346 libeat,
3163 1291 3218 1337 et
3249 1283 3386 1338 libe-

1809 1382 1896 1420 ros
1929 1368 2050 1421 inde
2081 1369 2233 1422 nobis
2259 1368 2417 1422 datos
2443 1371 2781 1424 enutrieums
2805 1389 2820 1438 ;
2851 1373 2894 1426 si
2922 1388 3058 1442 Opus
3081 1375 3174 1442 sit,
3203 1390 3382 1430 rerum

1809 1474 1928 1526 qua?
1958 1460 2008 1512 in
2040 1459 2137 1513 hac
2169 1460 2272 1513 vita
2312 1471 2472 1524 sunt,
2517 1462 2810 1530 participes
2845 1465 3071 1529 erimus,
3103 1476 3157 1520 et
3184 1465 3382 1536 adjun~

1807 1560 1890 1604 cta
1939 1551 2076 1604 mala
2120 1554 2508 1609 sustinebimus
2533 1596 2547 1620 ,
2584 1566 2641 1609 ut
2675 1557 2868 1610 anima:
2900 1557 3249 1612 tentationes.
3290 1557 3384 1613 Sic

1805 1645 1950 1698 enim
1981 1644 2157 1696 divina
2203 1645 2483 1714 Scriptura
2532 1649 2575 1679 ¹¹⁵
2612 1647 2748 1701 solet
2786 1650 3070 1703 nominare
3121 1651 3387 1706 humanos

136 1728 296 1796 λόγοις
337 1730 404 1782 τά
454 1728 816 1798 συμϐαίνοντα
857 1732 915 1785 ὲν
979 1732 1286 1805 ἀνθρώποις
1311 1752 1323 1764 ·
1371 1737 1427 1788 ἐν
1468 1730 1581 1801 οἷς,
1625 1738 1695 1808 ὡς

1805 1748 1992 1799 casus,
2023 1735 2220 1803 quibus
2252 1737 2390 1788 sicut
2421 1753 2611 1790 aurum
2644 1738 2764 1804 igne
2794 1739 2858 1802 ¹⁶,
2890 1739 2961 1791 ita
2997 1741 3230 1794 lmmana
3263 1743 3385 1795 ani-

135 1819 312 1888 χρυσὸς
336 1820 391 1870 ἐν
419 1820 574 1888 πυρὶ,
606 1821 638 1888 ἡ
676 1819 766 1871 τοῦ
795 1819 1080 1892 ἀνθρώπου
1118 1821 1512 1896 βασανιζομένη
1548 1826 1694 1897 ψυχὴ

133 1910 234 1978 ἦτοι
269 1911 574 1980 ἐλέγχεται,
623 1911 968 1985 ἢθαυμαστὴ
1006 1912 1143 1968 εἶναι
1185 1917 1560 1987 ἀναφαίνεται.
1588 1919 1698 1972 Καὶ

132 2000 288 2065 οὕτως
310 2020 371 2070 γε
393 2004 530 2074 πρὸς
549 2003 584 2057 ἃ
610 2003 758 2070 λέγει
776 2005 920 2059 κακά
945 2006 1151 2070 Κέλσος
1175 2009 1693 2080 παρεσκευάσμεθα,

132 2093 256 2147 ὥστε
295 2095 383 2146 καὶ
420 2095 602 2162 λέγειν
635 2097 815 2165 ἡμᾶς·
850 2089 1188 2166 Δοκίμασόν
1216 2117 1321 2168 με,
1353 2102 1552 2168 Κύριε,
1593 2103 1691 2156 καὶ

129 2187 406 2253 τιειξρασόν
432 2204 528 2256 με,
561 2189 842 2256 πύρωσον
866 2190 1007 2255 τοὺς
1035 2191 1293 2259 νεφρούς
1315 2209 1434 2259 μου
1461 2191 1558 2245 καὶ
1583 2191 1698 2259 τὴν

127 2279 362 2348 καρδίαν
397 2299 538 2350 μου,
589 2283 698 2335 Καὶ
745 2282 850 2353 γάρ
884 2283 1084 2350 οὐδεὶς
1116 2285 1554 2354 στεφανοῦται,
1590 2287 1699 2340 ἐὰν

119 2373 194 2442 μὴ
213 2375 473 2444 νομίμως
499 2375 735 2430 ἐνταῦθα
758 2377 850 2429 καὶ
871 2379 961 2430 ἐπὶ
983 2377 1084 2447 γῆς
1106 2379 1256 2446 μετὰ
1285 2379 1556 2448 σώματος
1590 2379 1705 2433 τοῦ-

126 2467 222 2535 τῆς
269 2469 685 2535 ταπεινώσεως
729 2468 990 2539 ἀθλήσῃ.
1038 2471 1180 2540 Πρὸς
1219 2471 1276 2523 δὲ
1319 2472 1531 2535 τούτοις
1576 2473 1698 2525 οὐδὲ

124 2561 431 2632 ἀποδίδομεν
465 2561 564 2625 τὰς
589 2563 948 2633 νομιζομένας
983 2564 1280 2634 προσήκειν
1304 2563 1468 2634 τιμὰς
1500 2562 1581 2628 οἷς
1606 2564 1695 2618 λέ-

122 2671 196 2720 γει
239 2655 446 2719 Κέλσος
482 2654 553 2708 τὰ
598 2657 723 2727 τῇδε
760 2658 1175 2733 ἐπιτετράφθαι.
1208 2658 1411 2728 Κύριον
1453 2659 1562 2730 γὰρ
1606 2659 1698 2713 τὸν

120 2745 240 2798 Θεὸν
279 2747 435 2818 ἡμῶν
468 2749 912 2820 προσκυνοῦμεν,,
961 2752 1056 2803 καὶ
1079 2750 1226 2820 αὐτῷ
1262 2751 1408 2821 μόνῳ
1442 2749 1698 2820 λατρεύο-

122 2853 244 2904 μεν,
278 2837 561 2908 εὐχόμενοι
612 2841 846 2912 μιμηταὶ
877 2839 1113 2911 Χριστοῦ
1155 2841 1476 2909 γίγνεσθαι·
1523 2842 1580 2905 ὃς
1620 2841 1697 2912 τῷ

121 2930 318 2983 εἰπόντι
345 2930 495 3001 αὐτῷ
521 2931 772 3002 διαϐόλῳ,
802 2930 991 2985 Ταῦτά
1011 2947 1110 2985 σοι
1142 2932 1337 2985 πάντα
1364 2932 1554 2999 δώσω,
1588 2933 1698 2988 ἐὰν

119 3020 319 3074 πεσὼν
358 3022 800 3091 προσκυνήσῃς
839 3040 972 3091 μοι,
1012 3018 1132 3076 εἷπε
1187 3024 1279 3076 τό³
1333 3025 1554 3092 Κύριον
1583 3023 1695 3095 (28)

1807 1841 1890 1880 tua
1933 1828 2238 1880 exatninata
2265 1867 2280 1890 ,
2316 1838 2408 1879 aut
2444 1829 2866 1896 reprehensione
2898 1839 2991 1884 aut
3024 1832 3384 1887 admiratione

1803 1919 1959 1987 digna
1995 1917 2295 1985 judicatur.
2350 1918 2396 1972 Is
2448 1919 2612 1987 igitur
2641 1929 2723 1974 est
2769 1933 2896 1988 erga
2935 1935 3029 1985 ea,
3071 1921 3234 1994 784
3260 1937 3384 1992 quae

1801 2009 1991 2064 Celsus
2020 2010 2157 2062 mala
2192 2020 2368 2072 vocat,
2407 2019 2590 2064 noster
2619 2013 2857 2078 animus,
2914 2023 2970 2066 ut
3003 2017 3174 2082 parati
3209 2015 3384 2070 simus

1805 2104 1988 2156 dicere
2018 2120 2031 2156 :
2082 2100 2255 2155 Proba
2296 2119 2376 2155 me
2397 2142 2410 2164 ,
2457 2103 2698 2166 Domine,
2729 2115 2775 2157 et
2800 2115 2940 2158 tenta
2983 2122 3084 2170 me,
3118 2123 3213 2160 ure
3235 2123 3385 2161 renes

1800 2210 1942 2247 meos
1979 2205 2024 2247 et
2075 2211 2166 2247 cor
2193 2210 2360 2247 meum
2392 2195 2455 2247 ”.
2491 2195 2661 2248 Nemo
2701 2197 2844 2249 enim
2891 2194 3235 2251 comitabitur
3281 2199 3385 2252 nisi

1798 2287 1888 2354 qui
1918 2287 2004 2340 hic
2033 2296 2088 2339 et
2113 2285 2165 2339 in
2202 2295 2342 2339 terra
2363 2303 2484 2338 cum
2512 2287 2612 2340 hoc
2637 2303 2851 2356 corpore
2876 2287 3186 2342 humilitatis
3211 2288 3388 2357 legiti-

1802 2393 1882 2429 me
1910 2378 2181 2430 certaverit
2216 2378 2279 2430 ³⁸.
2314 2376 2582 2430 Pra-terea
2621 2391 2719 2430 nec
2765 2378 2969 2432 honore
2997 2393 3155 2446 quem
3183 2377 3389 2432 \Celsus

1801 2469 2091 2522 convenire
2124 2478 2316 2537 putat,
2348 2469 2732 2538 prosequimur
2774 2483 2888 2536 eos,
2925 2485 3062 2538 quos
3107 2470 3185 2523 ait
3227 2469 3387 2538 hujus

1803 2564 1984 2617 mundi
2037 2563 2196 2617 rebus
2221 2563 2508 2633 prefectos
2540 2577 2682 2617 esse.
2715 2561 2849 2617 Nam
2883 2563 3170 2618 Dominum
3212 2565 3384 2619 Deum

1801 2665 2044 2708 nostrum
2070 2655 2361 2708 adoramus
2389 2663 2444 2707 et
2475 2653 2550 2706 illi
2575 2652 2674 2706 soli
2697 2655 2987 2722 servimus,
3017 2665 3385 2724 Optamusque

1801 2746 1916 2799 ﬁeri
1951 2746 2252 2800 imitatores
2279 2745 2502 2809 Christi,
2532 2744 2622 2813 qui
2653 2746 2864 2800 diabolo
2897 2748 3098 2802 dicenti
3127 2765 3142 2800 :
3179 2747 3382 2802 Omnia

1798 2835 1908 2890 hac
1941 2837 2033 2889 tibi
2059 2837 2216 2902 dabo,
2247 2837 2295 2888 si
2331 2835 2524 2888 cadens
2559 2835 2861 2890 adoraveris
2901 2853 2983 2891 me
3011 2876 3028 2902 ,
3061 2838 3378 2906 respondit:

1804 2925 2086 2979 Dominum
2114 2926 2283 2980 Deum
2317 2936 2466 2978 tuum
2499 2924 2748 2978 adorabis
2780 2935 2828 2978 et
2863 2927 2941 2979 illi
2964 2926 3065 2980 soli
3098 2928 3289 2982 servies
3313 2928 3380 2983 ¹⁹.

1800 3018 1978 3085 Atque
2024 3018 2138 3070 haec
2185 3026 2269 3072 est
2321 3032 2490 3071 causa
2541 3032 2638 3070 cur
2677 3016 2939 3071 honorem
2989 3033 3149 3086 quem
3191 3019 3383 3074 Celsus

115 3112 214 3165 τείν
237 3115 388 3167 Θεόν
415 3129 534 3176 σου
574 3113 1023 3182 προσκυνήσεις
1042 3155 1057 3177 ,
1089 3115 1185 3168 καὶ
1211 3115 1370 3181 αὐτῷ
1400 3118 1567 3186 μόνῳ
1590 3119 1695 3170 λα-

1803 3107 2092 3164 convenire
2123 3117 2302 3175 putat,
2337 3125 2444 3162 non
2471 3107 2780 3162 deferamus
2809 3108 2897 3165 iis.
2930 3123 3066 3176 quos
3101 3109 3176 3162 ait
3213 3109 3379 3164 rebus
3447 3149 3466 3159 ρ

109 3207 401 3273 τρεύσεις.
439 3208 549 3259 Καὶ
577 3206 667 3260 διὰ
690 3207 848 3260 τοῦτό
870 3225 933 3277 γε
970 3207 1068 3269 τὰς
1097 3208 1458 3278 νομιζομένας
1484 3210 1694 3280 προσή-

114 3313 222 3352 κειν
271 3300 443 3370 τιμὰς
474 3294 556 3363 οἷς
595 3317 731 3370 φησι
777 3300 984 3362 Κέλσος
1036 3300 1104 3352 τὰ
1139 3301 1264 3372 τῇδε
1299 3300 1694 3373 ἐπιτετράφθαι

112 3389 204 3443 οὐκ
236 3391 564 3461 ἀποδίδομεν
586 3408 599 3422 ο
636 3392 756 3444 ἐπεὶ
801 3391 976 3455 οὐδεὶς
1018 3391 1242 3446 δύναται
1278 3391 1422 3446 δυσὶ
1463 3393 1694 3460 κιτρίοις

113 3480 451 3536 δουλεύειν·
488 3483 584 3535 καὶ
630 3484 701 3535 οὐ
748 3483 1021 3553 δυνάμεθα
1057 3482 1178 3550 ἅμα
1213 3481 1334 3547 Θεῷ
1385 3481 1698 3536 δουλεύειν

111 3571 205 3624 καὶ
238 3569 559 3642 δΜαμμωνᾷ
584 3612 598 3635 ,
628 3571 726 3624 εἴθ’
775 3573 802 3624 ὅ
830 3573 881 3625 τί
927 3590 1056 3625 ποτε
1096 3572 1153 3624 ἓν
1190 3572 1222 3642 ἢ
1250 3572 1469 3626 πλείονα
1503 3572 1698 3626 καλου-

115 3663 273 3736 μένῳ.
316 3665 477 3718 Ἀλλά
512 3666 606 3720 καὶ
654 3668 700 3719 εί
736 3665 832 3718 διὰ
865 3665 974 3732 τῆς
1017 3664 1407 3734 παραϐάσεως
1450 3665 1558 3719 τοῦ
1599 3666 1698 3718 νό-

105 3771 219 3822 μου
251 3756 510 3826 ἀτιμάζει
549 3774 631 3819 τις
660 3755 751 3810 τὸν
772 3756 1182 3827 νομοθετοῦντα,
1214 3757 1382 3825 σαφὲς
1410 3757 1541 3827 ἡμῖν
1582 3756 1699 3824 φαί-

111 3865 254 3900 νεται
284 3890 297 3914 ,
346 3851 465 3913 ὅτι,
501 3849 594 3903 δύο
637 3850 816 3919 νόμων
860 3850 1207 3920 ἐναντιότητα
1251 3849 1386 3920 πρὸς
1429 3847 1691 3918 ἀλλήλους

107 3941 374 4010 ἐχόντων,
413 3941 507 3995 τοῦ
561 3941 723 4011 νόμου
769 3941 860 3993 τοῦ
911 3940 1046 3993 Θεοῦ
1096 3942 1189 3993 καὶ
1237 3939 1331 3993 τοῦ
1387 3941 1549 4010 νόμου
1599 3936 1692 3990 τοῦ

107 4031 435 4102 Παμμωνᾶ,
498 4029 856 4101 αἱρετώτερον
927 4031 1075 4100 ἡμᾶς
1135 4027 1223 4081 διὰ
1277 4028 1376 4098 τῆς
1438 4025 1707 4098 παραϐά-’

110 4137 242 4185 ceto;
280 4122 376 4174 τοῦ
420 4122 588 4192 νόμου
622 4120 712 4173 τοῦ
749 4122 1044 4190 Μαμμωνᾶ
1084 4121 1175 4174 τὸν
1210 4121 1540 4190 Μαμμωνᾶν
1575 4118 1694 4170 ἀτι-

1804 3201 1963 3270 lmjus
1993 3201 2176 3254 mundi
2214 3216 2468 3270 praeesse;
2507 3204 2633 3272 quia
2661 3215 2816 3255 nemo
2840 3209 3018 3269 potest
3045 3202 3248 3255 duobus
3279 3203 3386 3255 dor

1801 3292 1958 3345 minis
1989 3291 2200 3353 servire,
2233 3299 2286 3344 et
2315 3307 2418 3344 non
2450 3306 2737 3360 possumus
2763 3293 2954 3346 servire
2984 3291 3092 3346 Deo
3118 3303 3166 3346 et
3205 3291 3383 3347 Mam-

1800 3399 1971 3437 mona:
1994 3383 2059 3445 ²⁰,
2094 3382 2212 3437 sive
2247 3382 2362 3437 lucc
2390 3398 2493 3436 vox
2527 3399 2692 3438 unum
2726 3383 2956 3452 aliquid,
2989 3384 3104 3437 sive
3135 3383 3284 3454 plura
3310 3386 3385 3441 si-

1796 3473 2036 3542 gnilicet.
2065 3471 2332 3529 Praeterea
2365 3477 2408 3528 si
2435 3491 2528 3541 per
2550 3475 3042 3543 praevaricationem
3073 3473 3202 3543 legis
3228 3475 3384 3528 inho-

1794 3573 2021 3618 noratur
2069 3565 2347 3634 legislator
2383 3567 2466 3631 ²¹,
2520 3565 2870 3635 perspicuum
2927 3566 3083 3619 nobis
3122 3565 3336 3621 videtur
3364 3605 3382 3632 ,

1795 3658 2006 3712 duabus
2055 3656 2285 3727 legibus,
2339 3657 2434 3713 Dei
2466 3659 2677 3714 scilicet
2713 3672 2768 3713 et
2798 3659 3155 3726 llammouae,
3187 3674 3378 3714 secum

1795 3749 2029 3805 invicem
2060 3751 2452 3820 pugnantibus,
2488 3752 2660 3814 satius
2693 3766 2817 3806 esse
2844 3766 2939 3821 per
2968 3753 3381 3822 praevaricatio-

1801 3857 1921 3895 nem
1979 3841 2112 3911 legis
2149 3841 2465 3896 Mammonae
2515 3843 2878 3897 Mammonam
2934 3843 3284 3911 inhonorare,
3324 3856 3386 3901 ut

1807 3933 2076 3988 servanda
2125 3933 2218 3987 Dei
2271 3932 2387 4004 lege
2441 3934 2608 3989 Deum
2665 3935 3035 4001 houoremus;
3071 3951 3232 4005 quam
3282 3951 3385 4006 per

1804 4024 2310 4094 prarvaricationem
2355 4025 2492 4092 legis
2539 4024 2634 4079 Dei
2688 4026 2852 4079 Deum
2908 4025 3272 4094 inhonorare,
3325 4037 3387 4084 ut

1806 4115 2074 4170 servanda
2123 4113 2441 4168 Mammona:
2475 4115 2591 4183 lege
2626 4113 2988 4168 lllammonam
3025 4115 3380 4174 honoremus.

109 4218 336 4286 μάζειν,
413 4217 501 4269 ἵνα
573 4214 663 4267 διὰ
724 4215 824 4285 τῆς
885 4219 1172 4287 ’τηρήσεως
1241 4215 1333 4268 τοῦ
1398 4214 1564 4284 νόμου
1635 4210 1728 4265 τοῦ
1798 4211 1932 4264 Θεοῦ
1984 4209 2073 4262 τὸν
2122 4209 2252 4261 Θεὸν
2316 4211 2674 4279 τιμήσωμεν,
2731 4209 2762 4280 ἢ
2833 4209 2921 4263 διὰ
2974 4209 3075 4279 τῆς
3133 4213 3386 4282 παραϐά-

109 4327 240 4375 σεως
280 4307 375 4364 τοῦ
413 4311 580 4382 νόμου
626 4311 718 4364 τοῦ
755 4311 886 4363 Θεοῦ
926 4311 1016 4364 τὸν
1056 4311 1188 4364 Θεὸν
1227 4311 1510 4381 ἀτιμάζειν
1534 4350 1548 4376 ,
1581 4309 1668 4363 ἴνα
1705 4309 1936 4380 τηρήσει
1974 4304 2066 4359 τοῦ
2100 4306 2265 4376 νόμου
2301 4304 2395 4358 τοῦ
2446 4306 2743 4376 Μαμμωνᾶ
2796 4306 2886 4359 τὸν
2944 4307 3269 4378 Μαμμωνᾶν
3302 4325 3384 4362 τι-

107 4409 265 4477 μὴσω
273 4425 394 4478 μεν.

175 4503 383 4566 Κῶσος
433 4503 532 4573 μὲν
583 4496 677 4555 οὖν
721 4500 890 4555 οἴεται
936 4500 1016 4567 τῷ
1055 4503 1175 4569 ,ϐίῳ
1223 4501 1594 4574 λειτουργεῖν
1624 4500 1695 4554 τὰ

1873 4499 1958 4551 57.
1995 4496 2152 4549 Putat
2184 4493 2376 4548 Celsus
2407 4493 2654 4548 homines
2686 4492 2840 4562 fungi
2864 4495 2982 4547 vita:
3010 4494 3188 4563 oﬂiciis
3217 4495 3381 4550 donec

103 4595 408 4663 πρέποντα
431 4636 446 4659 ,
492 4593 706 4665 μέχρις
749 4593 826 4648 ἂν
874 4593 991 4648 τῶν
1027 4595 1267 4664 δεσμῶν
1303 4594 1694 4649 ἀπολυθῶσιν

103 4687 415 4759 ἄνθρωποι,
460 4688 598 4743 ἐπὰν
639 4687 780 4741 κατὰ
810 4688 878 4742 τὰ
913 4687 1277 4759 νενομισμένα
1328 4692 1440 4752 τοῖς
1479 4687 1693 4752 πολλοῖς

100 4782 198 4845 τὰς
231 4781 426 4845 θυσίας
453 4798 538 4844 τις
560 4779 796 4850 ἀποδιδῷ
821 4781 1035 4851 ἑκάστῳ
1058 4779 1165 4833 τῶν
1190 4779 1330 4832 κατὰ
1358 4780 1513 4835 πόλιν
1542 4797 1694 4850 νομι-

102 4873 351 4945 ζομένων
384 4874 545 4938 θεῶν,
569 4875 629 4926 οὐ
659 4876 858 4944 νοήσας
891 4875 952 4926 τὸ
976 4873 1190 4944 άληθῶς
1224 4872 1435 4943 πρέπον
1470 4874 1575 4926 ὑπὸ
1595 4872 1694 4942 τῆς

97 4966 368 5037 ἀκριϐοῦς
401 4965 686 5029 εὐσεϐείας
721 4965 1236 5035 ὐπολαμὸανόμενον
1261 4982 1274 4994 ·
1321 4967 1481 5036 ἡμεῖς
1504 4966 1560 5020 δέ
1587 4983 1693 5036 φα-

103 5073 206 5125 μεν
258 5056 340 5127 τῷ
374 5056 476 5127 βίῳ
523 5056 856 5127 λειτουργεῖν
905 5055 1042 5126 μετὰ
1083 5055 1190 5108 τῶν
1239 5057 1556 5127 πρεπόντων
1603 5059 1695 5112 τὸν

101 5149 459 5219 μεμνημένον
514 5147 600 5210 τίς
637 5164 695 5199 τε
753 5149 780 5200 ὁ
825 5147 1270 5219 δημιουργήσας,
1321 5150 1416 5201 καὶ
1466 5150 1586 5202 τίνα
1627 5149 1694 5202 τὰ

99 5241 305 5310 ἐκείνῳ
333 5241 478 5310 φίλα,
512 5240 607 5294 καὶ
635 5241 811 5292 πάντα
845 5239 1151 5310 πράττοντα
1177 5238 1312 5308 πρὸς
1345 5239 1404 5291 τὺ
1434 5238 1585 5309 φίλον
1618 5238 1696 5310 τῷ

97 5329 242 5402 Θεῷ.
281 5332 388 5383 Καὶ
419 5330 581 5384 πάλιν
617 5329 825 5394 Κέλσος
852 5331 948 5401 μὲν
984 5331 1127 5383 θέλει
1154 5331 1304 5402 ἡμᾶς
1338 5331 1696 5401 εὐχαρίστους

96 5417 243 5475 εἶναι
274 5423 411 5494 πρὸς
449 5423 576 5486 τοὺς
614 5421 738 5493 τῇδε
778 5420 1038 5493 δαίμονας
1063 5463 1077 5486 ,
1123 5422 1367 5492 οἰόμενος
1406 5421 1516 5491 (29)
1546 5421 1697 5492 ἡμᾶς

175 5541 224 5572 ³⁸
269 5541 468 5606 Ephes.
496 5558 570 5602 vr,
607 5543 686 5595 ll.
791 5542 832 5572 ”
872 5542 987 5595 Jac.
1019 5559 1056 5605 ι,
1083 5543 1138 5596 2.
1246 5539 1320 5592 ¹⁸1
1358 5539 1551 5603 PelrJ,
1589 5540 1642 5592 7.

100 5612 145 5644 ²⁹
189 5613 389 5666 Matth.
422 5629 494 5680 tv,
522 5614 575 5679 9,
611 5615 695 5669 ll).
771 5614 815 5644 ὀ
857 5613 1045 5666 Matth.
1078 5611 1264 5674 ι·ι,2ί.

1757 5540 1797 5568 ¹⁷
1841 5538 1979 5594 Psal.
2010 5554 2134 5603 xxv,
2183 5537 2239 5592 2.

1343 5611 1386 5642 ²¹
1431 5610 1588 5665 item.
1617 5625 1680 5674 ιι,
1703 5608 1795 5663 9.5.

1799 4589 2016 4642 vinculis
2053 4587 2196 4639 hisce
2232 4585 2543 4644 solvuntur.
2575 4599 2696 4637 cum
2723 4625 2738 4647 ,
2777 4600 2844 4637 ex
2891 4583 3099 4653 legibus
3147 4589 3381 4656 receptis

1799 4680 1982 4748 vulgo,
2015 4694 2169 4732 sacra
2203 4678 2335 4729 liunt
2367 4676 2594 4744 singulis
2629 4676 2717 4745 qui
2748 4675 2815 4729 ab
2852 4691 3175 4745 unoquoque
3206 4677 3258 4730 in
3288 4693 3380 4731 ur—

1798 4772 1959 4825 bibus
1989 4771 2064 4824 dii
2094 4785 2213 4824 esse
2246 4769 2564 4823 creduntur.
2596 4769 2666 4822 At
2693 4768 2869 4823 nescit
2893 4769 3163 4836 quodnam
3191 4785 3377 4823 verum

1798 4865 1867 4917 sit
1912 4863 2147 4918 cilicium
2177 4864 2316 4931 quod
2347 4861 2521 4930 pietas
2557 4861 2786 4930 diligens
2815 4861 3072 4914 admittit.
3105 4859 3215 4916 Nos
3252 4877 3378 4923 eum

1799 4961 1919 5008 vita:
1953 4953 2144 5009 ciliciis
2176 4954 2324 5022 l'ungi
2362 4953 2592 5006 dicimus
2613 4992 2627 5016 ,
2657 4952 2750 5021 qui
2789 4967 2900 5022 prie
2927 4953 3098 5007 oculis
3130 4953 3292 5008 habet
3319 4963 3374 5009 et

1798 5047 1921 5114 quis
1948 5046 2202 5099 conditor
2228 5047 2332 5110 sit,
2365 5054 2420 5098 et
2459 5060 2581 5114 qua:
2607 5053 2764 5111 grata
2811 5044 2887 5098 illi
2924 5046 3058 5110 sint,
3091 5045 3296 5116 quique
3325 5047 3380 5102 id

1799 5140 1911 5208 agit
1951 5153 2166 5208 semper
2211 5148 2267 5191 ut
2321 5137 2435 5191 Deo
2478 5137 2715 5206 placeat.
2768 5134 2976 5190 Rursus
3037 5137 3148 5190 vult
3190 5136 3382 5192 Celsus

1800 5239 1955 5300 grato
2000 5229 2182 5282 animo
2213 5242 2312 5282 nos
2348 5241 2469 5282 esse
2513 5241 2640 5296 erga
2673 5227 2949 5280 daamones
2974 5264 2989 5291 ,
3042 5236 3240 5294 putans
3274 5227 3381 5282 illis

1805 5321 1988 5376 deberi
2022 5335 2050 5373 a
2092 5319 2248 5374 nobis
2274 5322 2413 5390 grati
2449 5319 2615 5373 animi
2650 5317 3124 5388 significationem.
3159 5318 3228 5373 At
3264 5337 3384 5386 nos,

1807 5419 2005 5487 quibus
2037 5429 2379 5488 perspectum
2413 5430 2497 5473 est
2539 5417 2668 5486 quid
2701 5417 2872 5470 virtus
2899 5417 3039 5486 grati
3068 5418 3234 5472 animi
3279 5422 3388 5483 sit,

2375 5536 2416 5567 ¹⁸
2455 5535 2498 5589 ll
2531 5534 2673 5590 Tim.
2712 5549 2773 5600 tt,
2804 5534 2868 5603 5;
2905 5534 3138 5608 Philipp.
3169 5550 3255 5603 tu,
3297 5537 3360 5590 21

174 5730 300 5798 (:28)
340 5728 494 5782 Lilih.
526 5737 683 5781 antea
712 5729 866 5789 editi,
907 5723 1047 5779 εἷπε
1081 5727 1182 5798 Τδν
1212 5725 1435 5798 Κύριον,
1460 5735 1561 5780 etc.
1591 5723 1695 5780 Sed

1803 5723 1901 5779 des
1932 5723 2264 5778 Basileensis
2295 5728 2352 5773 ut
2387 5719 2439 5773 in
2475 5728 2666 5773 nostro
2707 5725 2880 5773 textu.

178 5795 304 5870 (ειη)
341 5799 677 5854 lluzschclius
713 5801 763 5853 in
799 5810 968 5866 textu,
1001 5795 1315 5866 οἰομένους,
1335 5797 1493 5852 male.
