3866 6398
137 327 253 386 I605

1271 326 1547 384 CONTRA
1588 329 1870 388 CELSUM
1909 331 2036 389 LIB.
2081 331 2215 388 VIII.

3237 337 3260 395 i
3272 336 3377 395 606

134 447 456 520 ὀνομάζουσι
478 463 492 477 ο
533 447 629 501 καὶ
667 443 744 516 δὴ
771 446 1204 515 ἐπικαλοῦντες
1235 449 1460 515 αὐτοὺς
1496 448 1692 505 ἰῶνται

1803 453 1947 507 bonis
1963 454 2205 507 omnibus
2225 450 2432 522 afﬂuere
2447 467 2604 522 quam
2628 451 3025 510 calamitatibus
3050 458 3378 529 conﬂictari,

133 544 228 598 τῶν
249 541 440 612 μερῶν
470 539 541 594 τὰ
568 540 906 610 παθήματα.
953 540 1015 593 Τί
1053 537 1168 596 οὖν
1194 542 1411 597 κωλύει
1441 543 1696 610 τούτους

130 653 180 690 τε
205 634 295 688 καὶ
349 632 490 698 τοὺς
541 631 767 698 ἄλλους
826 633 1236 702 δεξιούμενον,
1276 631 1354 687 ἂν
1379 632 1567 702 χρήζῃ
1606 652 1697 702 τις

129 729 392 799 ὑγιαίνειν
415 725 656 795 μᾶλλον
693 725 730 793 ἢ
759 727 986 790 νοσεῖν,
1021 726 1120 780 καὶ
1145 727 1425 796 εὐτυχεῖν
1452 727 1697 796 μᾶλλον

129 815 515 887 ἧδυστυχεῒν,
569 815 666 868 καὶ
720 815 1216 883 βασανιστηρίων
1259 817 1359 870 καὶ
1398 820 1698 886 κολαστη-

125 910 269 978 ρίων,
301 907 380 974 ὡς
410 907 638 961 οἴονται
677 907 812 980 (55),
847 906 1268 977 ἀπηλλάχθαι;
1317 908 1428 961 Καὶ
1459 908 1546 962 διὰ
1573 908 1698 961 τού-

127 1017 215 1054 των
243 999 302 1070 δὴ
333 998 592 1068 κατάγειν
624 998 778 1070 ήμῶν
818 997 1157 1070 πειρώμενος
1182 997 1278 1069 τὴν
1301 997 1478 1070 ψυχὴν
1503 1001 1532 1052 ὁ
1557 998 1697 1052 Κέλ-

128 1111 200 1157 σος
221 1094 306 1146 ἐπὶ
326 1093 450 1155 τοὺς
477 1091 758 1163 δαίμονας,
780 1091 854 1156 ὡς
873 1091 1133 1162 λαχόντας
1165 1090 1324 1162 ἡμῶν
1346 1091 1413 1145 τὰ
1438 1089 1693 1163 σώματα,

126 1189 202 1241 καὶ
214 1187 303 1240 ἕνα
316 1188 545 1241 ἕκαστον
574 1188 886 1240 ἐπιστατεῖν
912 1186 1350 1256 ἀποφαινόμενος
1385 1184 1548 1256 μέρος
1581 1183 1694 1255 (56)

123 1282 199 1336 τοῦ
228 1280 469 1352 σώματος
500 1280 679 1352 ἡμῶν,
708 1279 848 1334 θέλει
883 1282 1030 1351 ἡμᾶς
1071 1279 1345 1333 πιστεύειν
1384 1280 1479 1350 μὲν
1508 1273 1588 1343 οἷς
1612 1280 1698 1333 λέ-

124 1390 195 1442 γει
217 1372 521 1444 δαιμονίοις,
553 1375 646 1428 καὶ
679 1373 1002 1444 θεραπεύειν
1033 1371 1174 1426 αὐτά
1193 1388 1205 1401 ·
1244 1372 1333 1426 ἵνα
1360 1372 1695 1441 ὑγιαίνωμεν

127 1465 299 1537 μᾶλλον
336 1465 654 1536 ἦνοσῶμεν,
692 1466 787 1519 καὶ
823 1463 1136 1534 εὑτυχῶμεν
1177 1463 1378 1534 μᾶλλον
1423 1463 1456 1534 ἣ
1501 1463 1696 1516 δυστυ-

123 1557 303 1629 χῶμεν,
336 1557 429 1611 καὶ
461 1559 561 1628 ὅση
591 1556 848 1628 δύναμις,
887 1555 1320 1626 βασανιστηρίων
1339 1595 1354 1619 ,
1393 1554 1469 1617 ὡς
1499 1547 1612 1607 οἷόν
1631 1555 1692 1608 τέ

123 1652 266 1714 ἐστιν,
299 1649 720 1720 ἀπαλλαγῶμεν.
753 1648 1019 1702 Τοσοῦτον
1045 1647 1088 1700 δ’
1116 1648 1224 1720 ἄρα
1258 1646 1569 1715 κατέγνωκε
1594 1648 1694 1719 τῆς

121 1744 187 1806 είς
213 1743 296 1796 τὸν
327 1741 456 1794 Θεὸν
480 1740 588 1794 τῶν
615 1741 752 1794 ὅλων
775 1741 1034 1812 ἀσχίστου
1060 1740 1154 1794 καὶ
1179 1738 1481 1810 ἀδιαιρέτου
1507 1740 1690 1810 τιμῆς,

1800 545 1844 600 is
1874 544 2124 600 molestiis
2152 548 2437 617 poenisque,
2463 556 2719 615 quantum
2742 545 2857 614 ﬁeri
2882 555 3071 613 potest,
3099 549 3378 623 liberetur,

1800 637 1918 692 illos
1950 638 2184 708 aliosque
2220 641 2416 693 honore
2461 639 2822 706 prosequendo
2847 641 2872 692 ?
2907 639 2999 694 llis
3049 641 3241 698 Celsus
3285 659 3380 700 co-

1801 738 1963 783 natur
1998 731 2238 784 animam
2275 739 2520 784 nostram
2555 730 2622 782 ad
2659 729 2936 786 daamonas
2974 733 3279 800 adducere,
3312 753 3380 795 ac

1798 820 1842 872 si
1866 835 2094 890 corpora
2136 829 2320 875 nostra
2361 821 2540 876 sortiti
2577 831 2783 875 essent.
2817 822 2985 876 Suam
3023 827 3218 895 cuique
3252 844 3380 897 pal-

1801 921 1905 965 tem
1939 914 2108 966 nostri
2140 912 2384 982 corporis
2415 912 2732 965 attributam
2769 928 2889 968 esse
2919 921 3235 984 pronuntiat
3263 961 3278 983 ,
3320 930 3378 975 et

1803 1006 1914 1054 vult
1951 1002 2108 1056 ﬁdem
2144 1017 2243 1057 nos
2278 1001 2386 1056 illis
2416 1001 2710 1072 adjungere
2741 1002 3058 1074 cultmnque
3099 1008 3374 1075 tribuere,

1801 1105 1856 1148 ut
1886 1109 2021 1149 sano
2051 1095 2227 1164 magis
2258 1109 2418 1163 quam
2451 1110 2595 1163 aegro
2630 1109 2860 1165 corpore
2893 1098 3085 1165 simus,
3116 1116 3380 1168 prospere

1799 1186 1972 1256 magis
2021 1202 2182 1256 quam
2218 1185 2419 1240 misere
2472 1187 2721 1240 vivamus
2750 1229 2764 1253 ,
2814 1198 2867 1242 et
2904 1192 3084 1258 quoad
3115 1191 3233 1258 eius
3261 1192 3378 1247 ﬁeri

1799 1287 1978 1347 potest
2011 1278 2274 1332 molestiis
2302 1278 2616 1332 liberemur.
2649 1280 2840 1335 Cultus
2868 1282 2958 1336 ille
2995 1283 3111 1347 Dei,
3141 1285 3230 1352 qui
3262 1284 3380 1338 cul-

1801 1378 1888 1422 tus
1916 1384 2015 1424 nec
2037 1370 2201 1424 dividi
2234 1385 2333 1424 nec
2356 1370 2598 1438 separari
2627 1381 2827 1440 potest,
2852 1373 3076 1428 adeoilli
3105 1374 3379 1441 (Ιὶεμιίεθι,
3409 1390 3427 1412 ’ν

1799 1474 1857 1516 ut
1889 1478 1995 1516 non
2023 1467 2212 1518 credat
2240 1462 2431 1526 Deum,
2457 1477 2578 1515 cum
2611 1463 2759 1518 solus
2788 1466 3046 1519 adoretur
3073 1481 3380 1535 magnoque

1800 1556 1965 1626 786
1994 1558 2177 1610 animo
2200 1556 2422 1623 colitur,
2461 1570 2619 1624 posse
2654 1556 2726 1610 illi
2761 1558 2854 1627 qui
2883 1559 3056 1627 ipsum
3083 1559 3230 1624 colit,
3257 1573 3380 1628 pro-

1799 1657 1919 1715 pter
1950 1647 2003 1701 id
2039 1647 2214 1715 ipsum
2255 1648 2511 1703 virtutem
2547 1649 2711 1708 dare,
2745 1666 2866 1718 quae
2903 1650 3110 1706 sanctis
3157 1661 3378 1718 paratas

1799 1755 1828 1793 a
1862 1741 2195 1795 dminonibus
2229 1740 2462 1795 insidias
2501 1731 2691 1796 reddat
2735 1742 2935 1797 irritas.
2971 1742 3085 1797 Non
3117 1744 3261 1797 enim
3289 1745 3378 1798 vi-

119 1834 181 1897 ὡς
212 1834 278 1904 μὴ
306 1835 550 1904 αὐτάρκη
585 1832 853 1886 πιστεύων
899 1833 1010 1903 (57)
1046 1833 1136 1886 τὸν
1165 1831 1296 1885 Θεὸν
1339 1831 1499 1902 μόνον
1524 1848 1692 1901 προσ-

1803 1833 1883 1886 dit
1911 1832 2186 1900 quomodo
2221 1833 2336 1888 lucc
2363 1834 2566 1889 verba:
2611 1834 2679 1889 In
2727 1836 2936 1889 nomine
2981 1836 3134 1901 Jesu,
3171 1852 3199 1889 a
3235 1837 3380 1892 veris

119 1925 435 1996 κοινούμενον,
483 1926 578 1979 καὶ
601 1922 1020 1996 ’μεγαλοφώνως
1074 1919 1385 1995 τιμώμενον
1429 1922 1690 1994 παρέχειν

117 2018 178 2089 τῷ
215 2018 434 2090 τιμῶντι
464 2018 562 2071 ἀπ’
593 2017 756 2071 αὐτοῦ
783 2016 876 2069 τοῦ
909 2014 1092 2069 σέϐειν
1135 2016 1296 2069 αὑτὸν
1324 2015 1552 2086 δύναμιν
1585 2033 1694 2069 κω-

116 2112 310 2184 λυτικὴν
338 2114 437 2184 τῆς
465 2111 575 2165 τῶν
603 2111 874 2182 δαιμόνων
908 2111 1048 2165 κατὰ
1075 2109 1169 2163 τοῦ
1196 2108 1343 2162 ὁσίου
1371 2107 1688 2178 ἐπιϐουλῆς.

1804 1923 2057 1978 ﬁdelibus
2096 1926 2442 1993 pronuntiata
2478 1943 2586 1980 non
2623 1943 2828 1996 paucos
2869 1943 2898 1981 a
2936 1929 3138 1983 morbis
3162 1972 3176 1994 ,
3209 1945 3237 1982 a
3268 1931 3385 1984 (ia:-

1804 2015 2037 2071 mouicis
2067 2017 2481 2072 obsessiouibus
2519 2019 2754 2088 aliisque
2790 2020 3150 2074 incommodis
3177 2019 3381 2075 libera-

1801 2107 2002 2161 verint.

116 2206 176 2258 Οὐ
212 2205 312 2278 γὰρ
337 2201 547 2276 ἑώρακε
576 2201 697 2256 τίνα
720 2202 920 2274 τρόπον
963 2201 1026 2254 τὸ
1087 2202 1157 2255 ἐν
1213 2202 1456 2271 ὀνόματι
1517 2198 1624 2254 τοῦ
1663 2199 1864 2266 Ἰησοῦ
1898 2198 2004 2251 ὑπὸ
2061 2199 2168 2253 τῶν
2204 2201 2441 2273 γνησίως
2494 2203 2860 2258 πιστευόντων
2908 2203 3238 2277 καλούμενον
3282 2206 3383 2260 οὐκ

114 2298 304 2367 ὀλίγους
331 2299 438 2352 ἀπὸ
466 2298 637 2351 νόσων
661 2297 755 2350 καὶ
779 2296 1151 2367 δαιμονισμῶν
1183 2297 1278 2350 καὶ
1304 2296 1478 2352 ἄλλων
1535 2295 1910 2366 περιστάσεων
1943 2295 2150 2352 ἰάσατο.

171 2393 319 2456 Εἰκὸς
350 2393 416 2456 δ’,
465 2393 550 2446 ὅτι
588 2391 881 2460 γελάσεται
934 2391 1033 2461 μὲν
1068 2393 1095 2444 ὁ
1137 2390 1206 2444 τὰ
1252 2391 1462 2444 Κέλσου
1516 2391 1697 2445 ἀσπα-

116 2485 334 2560 ζόμενος,
363 2487 633 2556 λεγόντων
686 2491 718 2556 ἡ
730 2485 866 2556 μῶν,
918 2486 1029 2549 ὅτι,
1070 2485 1139 2539 ἐν
1181 2483 1262 2550 τῷ
1291 2485 1535 2554 ὀνόματι
1586 2481 1694 2537 τοῦ

123 2581 303 2649 Ἰησοῦ
349 2580 472 2636 πᾶν
507 2580 658 2649 γόνυ
702 2577 931 2648 κάμψει
957 2577 1368 2645 ἐπουρανίων,
1413 2575 1516 2629 καὶ
1559 2575 1690 2628 ἐπι-

113 2672 283 2738 γείων,
302 2671 396 2724 καὶ
413 2673 843 2741 καταχθονίωνο
869 2669 962 2724 καὶ
999 2667 1168 2723 πᾶσα
1202 2667 1456 2737 γλῶσσα
1482 2666 1690 2734 ὑπάγε-

112 2778 184 2815 ται
201 2761 276 2828 τῷ
298 2762 807 2832 ἐξομολογεῖσθαι,
827 2760 924 2814 ὅτι
951 2760 1159 2828 Κύριος
1183 2756 1422 2826 Ἰησοῦς
1437 2754 1694 2827 Χριστὸς

111 2858 182 2921 εις
206 2854 387 2921 δόξαν
428 2857 579 2911 Θεοῦ
617 2856 882 2923 Πατρός’
933 2853 1177 2916 Γελάσας
1204 2852 1261 2906 δὲ
1291 2848 1694 2922 ἐναργεστέρας

112 2948 386 3016 ἀποδείξεις
411 2948 644 3020 λήψεται
672 2947 827 3002 ταῦθ’
860 2945 1033 3010 οὕτως
1064 2944 1208 3016 ἔχειν
1247 2944 1280 3015 ἢ
1321 2943 1449 3014 περὶ
1478 2936 1553 2997 ὧν
1577 2942 1694 2994 ὀνο⁹

113 3039 276 3107 μάτων
337 3042 543 3111 ἱστορεί
593 3039 686 3093 τοῦ
726 3036 1002 3109 Χνουμὴν,
1058 3036 1154 3089 καὶ
1196 3036 1290 3090 τοῦ
1337 3031 1692 3104 Χναχουμὴν,

1873 2391 1962 2446 59.
2000 2390 2220 2446 Ridebit
2250 2408 2347 2447 nos
2379 2393 2496 2449 siue
2523 2394 2688 2449 dubio
2709 2395 2850 2451 Celsi
2883 2398 3088 2454 assecla
3115 2399 3380 2456 dicentes:

1801 2481 1868 2537 In
1897 2485 2105 2538 nomine
2129 2484 2258 2539 Jesu
2297 2502 2450 2540 omne
2484 2503 2618 2555 genu
2651 2488 2892 2556 ﬂectetur
2919 2492 3235 2557 caelestium,
3275 2501 3385 2546 ter-

1800 2577 2049 2630 restrium
2107 2588 2155 2631 et
2197 2577 2569 2647 infernorum,
2621 2591 2668 2634 et
2722 2582 2892 2636 omnis
2943 2581 3126 2652 lingua
3168 2592 3384 2638 tenetur

1798 2669 2039 2736 conﬁteri
2067 2708 2083 2733 ,
2113 2669 2238 2738 quia
2272 2669 2527 2725 Dominus
2548 2672 2705 2728 Jesus
2732 2672 2974 2728 Christus
3005 2675 3061 2728 in
3107 2674 3275 2746 gloria
3302 2685 3379 2730 est

1800 2758 1897 2812 Dei
1929 2755 2113 2813 Patris
2138 2760 2205 2812 “.
2247 2759 2444 2814 Rideat
2475 2760 2636 2826 licet,
2676 2762 2862 2816 audiet
2908 2761 3067 2830 hujus
3101 2763 3177 2816 rei
3211 2761 3381 2817 multo

1798 2850 2036 2905 clariora
2066 2861 2385 2921 argumenta
2421 2867 2584 2920 quam
2614 2869 2736 2922 qua:
2770 2851 2928 2908 affert
2957 2855 3024 2908 de
3053 2855 3174 2909 istis
3207 2855 3385 2908 nomi-

1801 2943 1960 2997 nibus
1995 2940 2311 2998 Clmoumen
2337 2985 2351 3009 ,
2392 2944 2819 3001 Chnachoumen
2848 2986 2864 3011 ,
2901 2946 3039 3001 Cnat
3062 2987 3077 3010 .
3115 2945 3296 3008 Sicat.
3327 2956 3383 3002 et

1798 3033 2012 3087 caeteris
2039 3031 2378 3104 Egyptiacae
2402 3033 2612 3101 tabulae,
2642 3036 2838 3105 quibus
2863 3038 3134 3094 invocatis
3157 3039 3380 3097 morbos

110 3133 301 3187 καὶτοῦ
355 3132 539 3195 Κνάτ,
580 3131 676 3186 καὶ
708 3129 802 3184 τοῦ
837 3130 1004 3183 Σικάτ
1035 3130 1142 3201 (58)
1171 3169 1184 3193 ,
1214 3127 1309 3182 καὶ
1347 3125 1454 3179 τῶν
1486 3122 1689 3177 λοιπῶν

1803 3124 2030 3190 partium
2059 3125 2244 3178 sanari
2287 3125 2624 3182 fabulantur.
2661 3129 2740 3182 Ac
2777 3128 2934 3196 vide,
2978 3132 3256 3199 quomodo
3283 3149 3383 3187 nos

107 3227 186 3281 τοῦ
209 3224 582 3296 Αἰγυπτιακοῦ
610 3221 936 3290 καταλόγου,
965 3223 1040 3286 ὡς
1069 3220 1440 3292 καλουμένων,
1474 3217 1568 3270 καὶ
1599 3219 1693 3270 ίω-

110 3318 264 3388 μένων
293 3318 359 3373 τὰ
399 3317 510 3372 τῶν
557 3315 741 3387 μερῶν
793 3316 1112 3388 παθήματα.
1160 3314 1270 3368 Καὶ
1301 3314 1403 3383 ὅρα
1443 3327 1529 3379 γε,
1574 3308 1695 3360 τίνα

105 3411 284 3481 τρόπον
313 3411 460 3482 ἡμᾶς
494 3407 820 3480 ἀποτρέπων
850 3405 1129 3460 πιστεύειν
1160 3406 1254 3459 ἐπὶ
1279 3404 1370 3458 τὸν
1407 3401 1516 3455 τῶν
1557 3399 1693 3452 ὅλων

106 3502 217 3557 Θεὸν
237 3503 322 3557 διὰ
353 3501 531 3574 Ἰησοῦ
561 3500 656 3555 τοῦ
686 3499 947 3571 Χριστοῦ,
977 3499 1070 3552 ἐπὶ
1099 3497 1302 3564 πίστιν,
1355 3495 1444 3548 διὰ
1470 3494 1568 3566 τὴν
1599 3493 1693 3548 τοῦ

107 3595 333 3665 σώματος
384 3595 544 3667 ἡμῶν
605 3593 922 3665 θεραπείαν,
987 3592 1145 3646 καλεῖ
1173 3589 1232 3656 ἒξ
1264 3590 1356 3644 καὶ
1398 3590 1694 3660 τριάκοντα

108 3689 434 3763 βαρϐαρικῶν
467 3690 740 3762 δαιμόνων
765 3705 778 3718 ·
832 3688 926 3752 οὒς
974 3686 1125 3759 μόνοι
1164 3685 1483 3754 Αἰγυπτίων
1531 3684 1694 3754 μάγοι

105 3785 394 3850 καλοῦντες,
456 3784 559 3837 οὐκ
611 3779 704 3836 οἷδ’
758 3783 926 3846 ὅπως,
980 3778 1407 3848 ἐπαγγέλλονται
1461 3780 1593 3850 ἡμῖν
1627 3775 1696 3830 τὰ

105 3877 379 3946 κρείττονα.
421 3877 565 3948 Ὥρα
591 3875 635 3928 δ’
671 3876 823 3946 ἡμῖν,
857 3874 998 3927 κατά
1029 3874 1120 3926 τὸν
1154 3871 1383 3933 Κέλσον,
1439 3886 1691 3941 μαγγαν-

104 3967 226 4022 εύειν
270 3969 492 4040 μᾶλλον,
545 3969 641 4022 καὶ
695 3966 994 4037 γοητεύειν,
1049 3965 1194 4036 ἥπερ
1236 3961 1640 4034 Χριστιανίζειν
1675 3979 1689 3992 ·

107 4060 182 4112 καὶ
211 4062 418 4134 ἀπείρῳ
448 4060 562 4114 τινὶ
596 4056 816 4130 ἀριθμῷ
857 4057 1127 4128 δαιμόνων
1177 4055 1377 4127 μᾶλλον
1417 4051 1696 4107 πιστεύειν

257 4154 482 4208 αὐτόθεν
509 4153 767 4222 ἐμφανεῖ,
815 4151 906 4203 καὶ
941 4149 1126 4214 ζῶντι,
1174 4150 1268 4202 καὶ
1308 4150 1528 4219 ὲναργεῖ
1575 4142 1695 4215 Θεῷ

109 4245 172 4316 τῷ
209 4249 298 4300 ἐπὶ
327 4249 484 4314 πᾶσι,
520 4246 612 4299 διὰ
642 4244 733 4298 τοῦ
784 4243 950 4314 πολλῇ
995 4243 1224 4313 δυνάμει
1277 4239 1697 4310 ἐπισπείραντος

106 4339 180 4392 τὸν
205 4342 438 4413 καθαρὸν
483 4340 584 4410 τῆς
632 4337 938 4400 θεοσεϐείας
965 4335 1121 4404 λόγον
1153 4337 1220 4406 τῇ
1251 4332 1401 4402 πάσῃ
1457 4330 1564 4384 τῶν
1599 4330 1694 4383 ἀν-

106 4431 318 4503 θρὼπων
344 4431 673 4502 οἰκουμένῃ·
715 4430 776 4482 οὐ
815 4429 1087 4499 ψεύσομαι
1137 4427 1202 4498 δὴ
1251 4423 1564 4498 προστιθεὶς
1598 4420 1696 4474 καὶ

1797 3231 1825 3270 a
1865 3215 1971 3270 ﬁde
2005 3215 2057 3270 in
2092 3232 2362 3272 summum
2409 3218 2582 3273 Deum
2615 3235 2712 3289 per
2739 3217 2926 3275 Iesum
2953 3221 3236 3278 Christum
3285 3225 3384 3278 ba-

1795 3310 1968 3365 benda
2010 3321 2296 3378 avertens,
2334 3311 2586 3366 hortetur
2618 3313 2684 3367 ad
2715 3312 3021 3369 habendam
3062 3331 3158 3377 sex
3188 3326 3246 3372 et
3281 3319 3380 3370 tri-

1796 3403 1942 3472 ginta
1974 3403 2223 3458 barbaris
2245 3405 2581 3460 daemonibus
2604 3407 2787 3473 tidem,
2812 3423 2950 3476 quos
2975 3408 3072 3464 soli
3098 3408 3379 3480 IEgyptio-

1799 3511 1917 3549 rum
1960 3497 2102 3566 magi
2147 3498 2470 3552 invocantes
2499 3500 2684 3554 nescio
2719 3499 3013 3571 quomodo,
3052 3517 3250 3572 magna
3285 3521 3382 3558 nu-

1796 3587 1880 3643 bis
1913 3590 2201 3643 commoda
2253 3591 2600 3660 pollicentur.
2671 3591 2851 3663 Ergo,
2893 3594 2936 3648 si
2988 3594 3145 3650 Celso
3198 3596 3330 3650 lich
3363 3635 3378 3661 ,

1797 3683 1976 3751 potius
2009 3683 2171 3738 fuerit
2198 3685 2304 3738 arti
2335 3685 2561 3756 magicae
2586 3689 2988 3759 praestigiis-que
3011 3704 3070 3744 se
3097 3690 3380 3757 addicere,

1795 3789 1958 3844 quam
1994 3774 2241 3844 religioni
2282 3775 2640 3842 Christianas,
2675 3787 2729 3832 et
2757 3777 3144 3833 innumerabili
3177 3781 3381 3834 damo-

1798 3880 1926 3920 num
1955 3876 2187 3920 catervae
2208 3865 2366 3920 [idem
2399 3867 2696 3937 adjungere
2721 3884 2884 3937 quam
2915 3870 3023 3924 Deo
3055 3885 3152 3939 per
3182 3885 3241 3925 se
3273 3887 3380 3924 ma-

1797 3956 2032 4022 nifesto,
2080 3957 2324 4025 viventi,
2365 3973 2583 4012 summo
2608 4000 2623 4025 ,
2665 3961 2953 4030 perspicue
3005 3962 3248 4017 revelato
3287 3979 3384 4032 per

1797 4063 1921 4103 eum
1952 4088 1965 4109 .
2003 4049 2094 4117 qui
2129 4064 2322 4118 magna
2356 4050 2559 4103 virtute
2593 4065 2776 4105 veram
2809 4053 3028 4119 pietatis
3058 4055 3198 4106 viam
3227 4069 3381 4108 eom-

1799 4140 2124 4193 monstravit
2150 4140 2407 4194 omnibus
2432 4140 2611 4195 ubivis
2642 4149 2911 4195 terrarum
2945 4143 3274 4206 hominibus,
3302 4153 3378 4210 et,

1797 4231 1940 4300 quod
1967 4231 2166 4286 addere
2203 4246 2422 4299 possum
2460 4233 2581 4287 sine
2612 4234 2901 4288 mendacio
2921 4274 2936 4298 ,
2973 4234 3093 4288 aliis
3123 4235 3334 4291 naturis
3358 4278 3375 4306 ,

1798 4338 1918 4392 quae
1952 4324 2184 4378 rationis
2232 4332 2362 4377 sunt
2415 4325 2716 4396 participes
2743 4368 2758 4393 ,
2790 4343 3023 4397 quaeque
3063 4329 3380 4395 emendari,

1800 4415 2007 4478 curari,
2044 4426 2206 4485 atque
2240 4432 2269 4471 ιι
2300 4416 2452 4471 vitiis
2479 4418 2704 4472 avocari
2739 4418 3000 4488 indigent.

106 4523 279 4593 λέγων,
309 4528 392 4581 ὅτι
435 4525 532 4577 καὶ
581 4522 692 4575 τῶν
733 4520 908 4576 ἄλλων
967 4518 1203 4589 λογικῶν
1257 4517 1368 4589 (59)
1411 4518 1503 4570 καὶ
1562 4514 1828 4584 δεομένων
1887 4506 2225 4581 διορθώσεως
2293 4511 2388 4563 καὶ
2435 4509 2733 4582 θεραπείας
2789 4511 2881 4564 καὶ
2931 4510 3232 4583 μεταϐολῆς
3279 4511 3384 4582 τῆς

104 4619 196 4672 ἀπὸ
219 4621 316 4692 τῆς
345 4621 579 4682 κακίας.

206 4716 590 4786 ’Υπειδόμενος
634 4712 764 4781 γοῦν
821 4711 849 4764 ὁ
902 4711 1108 4772 Κέλσος
1169 4710 1259 4762 τὸν
1313 4710 1394 4771 είς
1457 4703 1691 4778 μαγείαν

1865 4699 1955 4755 60.
1999 4699 2344 4768 Quapropter
2370 4699 2558 4754 Celsus
2589 4699 2875 4769 suspicans
2901 4715 3062 4770 quam
3091 4715 3157 4754 ex
3182 4699 3266 4754 his
3294 4700 3382 4754 di.

101 4809 291 4864 ὄλισθον
321 4810 429 4864 τῶν
461 4808 533 4861 τὰ
563 4804 789 4859 τοιαῦτα
825 4802 1244 4876 μεμαθηκότων,
1276 4800 1369 4855 καὶ
1399 4795 1693 4866 συναίσθη-

103 4900 201 4966 θείς
233 4922 344 4968 πως
375 4901 580 4972 βλάϐης
616 4897 746 4968 περὶ
783 4898 909 4960 τοὺς
936 4895 1232 4958 ἀκούοντας
1270 4891 1556 4963 ἐσομένης,
1589 4906 1694 4960 φη-

104 4994 176 5048 σίν
197 5012 210 5022 ·
257 4994 474 5049 Ἐκεῖνο
502 4991 710 5062 μέντοι
741 4987 1102 5058 φυλακτέον,
1133 4986 1294 5052 ὅπως
1312 4985 1396 5054 μή
1420 5001 1511 5049 τις
1537 4997 1690 5036 συν-

103 5083 175 5136 ὼν
203 5088 453 5152 τούτοις,
508 5083 586 5152 τῇ
622 5081 904 5150 θεραπείᾳ
926 5078 1002 5148 τῇ
1025 5077 1156 5146 περὶ
1205 5077 1357 5129 αὐτὰ
1388 5071 1690 5140 συντακῇ,

103 5173 600 5245 φιλοσωματήσας
625 5189 688 5225 τε
715 5172 812 5224 καὶ
843 5168 961 5224 τῶν
1002 5167 1355 5237 κρειττόνων
1387 5165 1692 5244 ἀποστρα-

104 5268 242 5334 φεὶς,
292 5268 448 5337 λήθῃ
499 5262 864 5333 κατασχεθῇ.
907 5260 1030 5332 Χρὴ
1082 5259 1192 5331 γὰρ
1231 5259 1377 5323 ἴσως
1409 5259 1519 5312 οὐκ
1551 5257 1687 5310 ἀπι-

166 5379 209 5409 ”
246 5377 580 5449 Philipp.tt,
626 5374 716 5437 10,
753 5374 841 5428 Η.

169 5491 276 5561 (55)
311 5492 402 5558 Ὠς
423 5488 796 5562 οἴονται.-ειίο
843 5488 972 5542 libb.
1007 5495 1165 5538 antea
1205 5483 1372 5562 ξιιΙίιίι
1395 5481 1685 5562 εεόῆνίιιε-

110 5552 189 5612 tur
210 5552 516 5632 legendum.
548 5560 626 5624 ὡς
654 5554 765 5612 οἷόν
788 5575 848 5632 τε
880 5575 892 5610 :
936 5554 1254 5632 {lallettllIO
1285 5553 1431 5632 intra
1485 5552 1679 5632 Qrige-

107 5647 194 5714 prs
223 5621 398 5699 habet,
436 5621 897 5703 βασανιστηρίων,
931 5628 1007 5690 ὼς
1026 5621 1136 5679 οἶόν
1168 5624 1227 5678 τέ
1281 5625 1452 5686 ἐστιν,
1498 5621 1676 5676 ἀπαλ-

105 5698 388 5773 λαγῶμεν.
436 5698 448 5703 ’
728 5698 759 5700 ⁷“
1572 5763 1582 5773 ο

172 5775 280 5841 (56)
306 5775 460 5829 Libb.
495 5781 658 5827 antea
691 5771 841 5832 editi,
875 5769 1094 5841 μέρους,
1129 5776 1184 5821 at
1233 5769 1403 5822 codex
1455 5766 1680 5832 Regius,

111 5839 284 5917 μέρος,
315 5857 368 5904 ct
421 5855 574 5904 recte
615 5843 832 5916 quidem
883 5851 940 5896 ut
982 5839 1245 5911 jungatur
1310 5851 1432 5892 cum
1480 5850 1683 5906 praece-

1796 4793 2046 4863 seiplinis
2079 4791 2324 4846 lubricus
2366 4793 2438 4846 sit
2470 4793 2536 4846 ad
2575 4803 2748 4846 artem
2777 4793 3045 4863 magicam
3083 4791 3289 4863 lapsus,
3326 4804 3382 4847 et

1796 4886 1980 4955 aliquo
2037 4885 2196 4938 modo
2249 4885 2494 4940 sentiens
2550 4895 2815 4953 quantum
2872 4884 2991 4938 illas
3041 4883 3384 4947 discentibus

1798 4976 2080 5047 impendat
2109 4974 2442 5046 periculum:
2475 4972 2775 5029 Cavendum
2813 4983 2988 5030 tamen
3017 5016 3033 5040 ,
3071 4975 3246 5046 inquit
3270 5013 3286 5039 ,
3322 4993 3384 5029 ne

1797 5071 1910 5140 quis
1947 5069 2162 5122 illarum
2217 5083 2390 5120 rerum
2427 5067 2699 5121 studiosus
2735 5066 2853 5134 plus
2884 5069 3044 5121 nimio
3075 5085 3128 5122 se
3159 5067 3264 5121 illis
3293 5069 3386 5121 de-

1797 5162 1926 5226 dat,
1957 5171 2004 5215 et
2038 5176 2212 5214 rerum
2249 5175 2623 5228 corporearum
2654 5175 2836 5212 amore
2868 5173 3054 5227 captus
3089 5177 3120 5212 a
3146 5158 3386 5212 meliori-

1797 5255 1893 5308 bus
1935 5262 2204 5308 avertatur
2229 5265 2287 5306 eL
2302 5253 2516 5306 illorum
2549 5251 2916 5307 obliviscatur.
2947 5249 3204 5308 Fortasse
3241 5253 3382 5306 enim

1791 5479 1938 5534 denti
1975 5479 2228 5532 ἕκαστον.

1864 5549 1978 5617 (57)
2013 5548 2351 5617 Πιστεύων.
2383 5546 2566 5600 Mallet
2609 5544 2933 5617 Boherellus
2977 5544 3280 5611 πιστεύειν,
3332 5551 3389 5600 et

1791 5615 2051 5696 EIDEAN}?
2078 5616 2495 5696 μεγαλοφώνως,
2529 5615 2970 5696 μεγαλοφρόνως.
3036 5686 3060 5696 ~

1861 5689 1972 5761 (58)
2004 5687 2341 5743 Ηὼεςιιθιίιιε
2371 5692 2419 5741 iu
2457 5698 2655 5761 gestu}
2680 5687 2811 5761 Κατ
2847 5688 2940 5739 καὶ
2969 5687 3073 5761 τοῦ
3099 5687 3260 5761 Σίκτ.

1861 5756 1974 5829 (59)
2011 5762 2241 5814 "Altior
2273 5758 2552 5828 λογικῶν.
2594 5759 2723 5812 Vide
2751 5756 3386 5829 ﬂuelinmiOrigenianoo

1793 5827 1909 5886 rum
1936 5827 2031 5890 lib.
2063 5847 2124 5901 tt,
2152 5827 2438 5901 quaest.’5,
2475 5846 2624 5887 uutu.
2659 5829 2748 5900 9.0,
2781 5827 2847 5883 21
2889 5837 2942 5883 et
2965 5827 3057 5881 22.
