3866 6398
531 317 670 375 1607
2023 308 2110 366 ΟΒ

2215 309 2352 366 ΞΝιὸ
3653 307 3753 363 1608

529 427 659 482 ﬁdes
701 427 836 481 male
863 427 1210 496 abrogaretur
1254 427 1379 481 viris
1424 424 1749 494 sapientibus
1775 464 1789 488 ,
1839 425 1930 494 qui
1957 424 2105 479 aiunt

2215 425 2384 480 στεῑν
2409 421 2666 491 ἀνδράσι
2699 419 2946 491 σοφοῖς,
2973 418 3030 473 οἳ
3061 418 3136 486 δή
3165 432 3338 488 φασι,
3385 417 3532 471 διότι
3557 417 3652 490 (40)
3672 420 3755 472 τῶν

528 520 820 572 maximam
847 517 1177 572 terrestriunt
1206 517 1420 572 illorum
1457 517 1753 570 dwmonum
1778 526 1978 584 portent
2017 531 2107 586 ge-

2215 517 2326 586 μὲν
2378 515 2686 585 περιγ-είωιν⁵
2740 514 3042 583 δαιμόνων
3102 512 3169 565 τὸ
3229 509 3519 565 πλεῖστον
3578 514 3754 581 γενέσει

528 611 821 663 nerationis
847 609 1110 664 desiderio
1137 611 1407 664 ardentem
1429 651 1444 677 ,
1476 609 1755 678 sanguinis
1774 647 1790 674 ,
1821 609 2065 662 nidorum
2090 647 2104 673 ,

2215 607 2583 676 συντετηκὸς
2615 647 2629 670 ,
2687 607 2787 660 καὶ
2855 602 3336 674 προσηλωμένον
3410 604 3601 673 αἵματι
3629 643 3641 667 ,
3684 605 3753 660 καὶ

527 710 977 770 coneentuumque
1007 699 1347 766 percupidam
1378 739 1393 762 ,
1439 699 1662 768 aliisque
1697 697 2003 765 Imjttsmodi
2033 713 2110 750 re-

2215 702 2462 769 rerlo‘crn,
2491 699 2586 754 καὶ
2623 697 2965 769 μελῳδίαις,
2998 695 3097 750 καὶ
3125 695 3338 760 ἄλλοις
3376 695 3498 748 τισὶ
3526 697 3751 764 τοιούτοις

528 795 623 844 bus
654 791 1058 857 deditissimam,
1097 808 1201 844 non
1227 791 1376 844 aliud
1407 791 1595 844 melius
1623 807 1774 859 posse
1810 807 1970 860 quant
1997 805 2110 844 cor-

2215 792 2724 862 προσδεδεμένον,
2780 791 3050 860 κρεῖττον
3098 789 3282 845 οὐδὲν
3327 789 3549 842 δύναιτ’
3587 789 3652 842 ἂν
3677 789 3750 844 τοῦ

524 899 622 948 pus
661 899 868 947 curare,
906 893 1121 936 ventura
1164 883 1462 937 hominibus
1497 884 1814 954 urbibusque
1859 901 2109 948 pra'nun-

2215 883 2575 952 θεραπεῦσαι
2596 883 2792 952 σῶμα,
2821 881 2918 934 καὶ
2933 881 3294 951 μέλλουσαν
3319 880 3511 948 τύχην
3528 878 3750 946 ἀνθρώπῳ

526 976 660 1027 tiare
681 1014 695 1038 ,
725 985 772 1027 et
799 991 1123 1044 quwcnnqne
1155 975 1402 1029 mortalia
1437 986 1558 1030 sunt
1581 1018 1595 1042 ,
1641 993 1702 1030 ea
1733 976 1856 1030 illos
1889 977 2021 1030 scire
2045 993 2108 1029 ac

2215 976 2310 1030 καὶ
2363 977 2536 1029 πόλει
2589 974 2917 1043 προειπεῖν,
2969 973 3068 1027 καὶ
3111 972 3230 1026 ὅσα
3274 972 3410 1039 περὶ
3448 971 3548 1037 τὰς
3586 972 3750 1038 θνητὰς

525 1085 698 1134 posse.
724 1067 859 1122 Cum
891 1070 1057 1138 igitur
1084 1069 1201 1135 ipso
1234 1069 1324 1122 Dei
1354 1069 1601 1125 veritatis
1633 1070 1852 1125 inimico
1877 1069 2106 1136 fatente,

2215 1073 2458 1141 πράξεις
2491 1071 2677 1125 ταῦτα
2713 1070 2892 1123 ἴσασί
2923 1086 2985 1121 τε
3014 1068 3111 1122 καὶ
3141 1067 3454 1121 δύνανται.
3483 1066 3751 1137 Τηλικοῦτου

525 1162 773 1216 lubricus
804 1164 892 1217 hic
923 1163 1107 1232 lapsus
1155 1165 1257 1229 sit,
1290 1174 1493 1232 quanto
1527 1164 1695 1218 satius
1746 1174 1831 1218 est
1878 1163 2107 1216 liberum

2215 1162 2302 1220 οῦν
2332 1165 2545 1218 ὀλίσθου
2591 1165 2718 1235 περὶ
2767 1164 2861 1216 τὸν
2912 1161 3076 1215 τόπον
3123 1161 3308 1223 ὄντος,
3344 1160 3419 1223 ὡς
3450 1160 3537 1213 καὶ
3561 1161 3587 1211 6
3611 1159 3752 1230 ἐχθρὸς

526 1254 595 1306 ab
637 1254 784 1307 omni
835 1263 980 1309 metu
1008 1295 1023 1320 ,
1060 1269 1130 1308 ne
1182 1255 1263 1308 vel
1315 1255 1581 1325 ejusmodi
1613 1256 1949 1309 dazmonibus
1989 1254 2109 1324 plus

2215 1261 2276 1329 τῇ
2317 1256 2411 1309 τοῦ
2443 1255 2577 1309 Θεοῦ
2617 1255 2847 1325 ἀληθεία
2895 1255 3192 1324 μαρτυρεῖ,
3237 1252 3389 1320 πόσῳ
3433 1250 3638 1321 βέλτιον,
3675 1268 3751 1318 χω-

525 1345 696 1400 ιιίιιιὶο
724 1362 781 1400 se
807 1347 1006 1410 dedat,
1041 1347 1125 1401 vel
1163 1363 1342 1400 rerum
1380 1363 1769 1416 corporearum
1803 1363 1990 1402 amore
2014 1362 2108 1400 ca-

2215 1351 2298 1422 ρὶς
2331 1350 2512 1420 πάσης
2541 1349 2862 1420 ὑφοράσεως
2895 1347 3035 1419 ὑπὲρ
3061 1345 3154 1399 τοῦ
3188 1345 3519 1413 συντακῆναι
3552 1345 3751 1409 τοιούτοις

525 1449 650 1506 ptus
681 1455 709 1490 a
731 1438 1046 1494 melioribus
1079 1449 1358 1493 avertatur
1387 1450 1442 1494 et
1471 1439 1634 1510 787
1661 1439 1874 1494 illorum
1910 1440 2110 1494 oblivi-

2215 1443 2484 1513 δαίμοσιν,
2516 1441 2548 1513 ἢ
2587 1440 3060 1511 φιλοσωματῆσαι,
3115 1440 3211 1494 καὶ
3249 1439 3317 1492 τὰ
3361 1444 3625 1510 κρείττονα
3656 1441 3752 1490 ἀπο-

526 1540 736 1595 scatur,
768 1532 1008 1600 seipsum
1045 1546 1261 1585 summo
1294 1531 1402 1585 Deo
1427 1536 1775 1585 committere
1796 1547 1889 1600 per
1919 1530 2107 1586 Jesum

2215 1534 2538 1607 στραφῆναι,
2579 1534 2674 1586 καὶ
2703 1532 2812 1584 ὑπὸ
2837 1531 3006 1602 λήθης
3034 1533 3133 1603 τῆς
3151 1531 3263 1584 τῶν
3297 1531 3605 1602 κρειττόνων
3632 1547 3752 1583 κατει-

524 1622 805 1676 Chrisluzu
842 1624 932 1691 qui
968 1623 1132 1677 talem
1167 1623 1325 1677 nobis
1355 1623 1658 1677 doctrinam
1688 1623 1934 1688 tradidit,
1965 1633 2018 1678 et
2041 1625 2109 1678 ab

2216 1627 2495 1698 σχεθῆναι,
2541 1627 2600 1679 τὸ
2631 1626 2827 1680 ἑαυτὸν
2855 1624 3216 1696 ἐμπιστεῦσαι
3255 1623 3334 1694 τῷ
3370 1623 3460 1676 ἐπὶ
3503 1627 3621 1676 πᾶσι
3649 1622 3751 1693 Θεῷ,

527 1711 618 1766 illo
647 1729 770 1766 eum
799 1728 965 1767 omne
998 1715 1264 1768 auxilium
1303 1715 1614 1785 postulare,
1647 1723 1759 1767 tum
1793 1724 2106 1769 sanctorum

2215 1720 2298 1772 διὰ
2327 1719 2422 1772 τοῦ
2462 1720 2560 1790 τὴν
2586 1718 2845 1790 τοιαύτην
2892 1719 3021 1788 ἡμῖν
3084 1717 3439 1770 διδασκαλίαν
3484 1715 3753 1784 ὑποθεμένου

527 1805 840 1876 angelorum
866 1805 1252 1878 justorumque
1290 1809 1596 1862 custodiam
1623 1847 1638 1874 ,
1672 1819 1731 1861 ut
1761 1825 1789 1860 a
1834 1809 2110 1863 terrestri-

2228 1813 2401 1882 Ἰησοῦ
2437 1812 2693 1881 Χριστοῦ,
2735 1813 2832 1864 καὶ
2872 1812 2967 1864 ἀπ’
3005 1810 3216 1864 ἐκείνου
3241 1811 3414 1862 αἰτεῖν
3459 1809 3622 1861 πᾶσαν
3659 1808 3753 1877 βοή-

526 1905 630 1958 bus
658 1903 760 1958 illis
796 1919 894 1957 nos
949 1904 1184 1957 liberent
1233 1903 1614 1970 daemonibus,
1663 1903 1755 1972 qui
1805 1902 2110 1958 carnalium

2215 1902 2386 1967 θειαν,
2416 1903 2510 1955 καὶ.
2553 1902 2798 1973 φρουρὰν
2834 1901 2932 1972 τὴν
2974 1902 3081 1954 ἀπὸ
3124 1900 3299 1968 ἁγίων
3333 1899 3572 1968 ἀγγέλων
3595 1898 3669 1951 καὶ
3695 1899 3752 1950 διο

528 1994 868 2062 voluptatum
906 1996 1178 2049 desiderio
1207 1995 1424 2062 ardent,
1456 1996 1720 2066 sanguine
1747 2005 1802 2050 et
1831 1995 2110 2049 nidoribus

2215 1995 2406 2069 καίων,
2429 1994 2494 2046 ἵν’
2525 1995 2674 2064 ἡμᾶς
2702 1993 2974 2064 ρύσωνται
3005 1992 3112 2047 ἀπὸ
3146 1993 3254 2046 τῶν
3289 1992 3573 2064 περιγείων
3611 1991 3750 2059 δαιμὸ-

529 2085 893 2153 delectantur,
920 2088 1194 2156 protervis
1220 2088 1510 2156 capiuntur
1539 2088 1921 2152 concentibus,
1962 2087 2110 2142 aliis-

2215 2101 2350 2148 νων,
2371 2085 2467 2136 καὶ
2493 2083 2704 2151 γενέσει
2737 2084 3167 2153 συντετηκότων,
3190 2084 3284 2136 καὶ
3303 2084 3494 2152 αἵματι
3511 2081 3595 2134 καὶ
3609 2081 3750 2152 κνίσσῃ

527 2194 634 2247 que
661 2179 970 2249 hujusmodi
1000 2180 1160 2234 rebus
1187 2179 1514 2234 deduissimi
1544 2189 1693 2244 sunt,
1719 2194 1962 2250 quosque
1989 2195 2110 2235 cou-

2215 2176 2671 2250 προσηλωμένων,
2706 2176 2803 2229 καὶ
2834 2175 3144 2240 ἀλλοκότοις
3178 2176 3467 2247 μελῳδίαις
3509 2176 3747 2245 ἀγομένων,

528 2284 637 2330 stat
667 2279 750 2330 vel
780 2277 947 2346 ipsius
973 2274 1115 2330 Celsi
1153 2276 1497 2332 confessione
1540 2278 1673 2331 nihil
1700 2279 1892 2333 melius
1929 2293 2107 2347 posse,

2215 2269 2308 2323 καὶ
2342 2269 2520 2332 ἄλλοις
2559 2268 2819 2332 τοιούτοις
2852 2268 3298 2340 προσδεδεμένων
3318 2285 3331 2298 ’
3374 2267 3748 2338 ὁμολογουμένως

525 2383 688 2440 quam
715 2384 916 2438 corpus
939 2385 1154 2424 sanare.
1184 2368 1296 2438 Ego
1316 2384 1446 2423 vero
1470 2385 1537 2424 ne
1567 2370 1617 2423 id
1643 2371 1858 2439 quidem
1889 2370 2110 2425 evidens

2216 2365 2335 2435 μὲν,
2367 2363 2462 2416 καὶ
2489 2362 2630 2416 κατά
2667 2362 2756 2414 τὸν
2788 2362 3016 2424 Κέλσον,
3042 2363 3291 2433 κρεῖττον
3327 2361 3478 2413 οὐδὲν
3503 2359 3751 2429 δυναμένων

527 2478 648 2517 esse
675 2461 1062 2518 aﬂirntaverim
1094 2503 1109 2528 ,
1147 2463 1415 2533 ejusmodi
1448 2462 1754 2528 dmmones,
1792 2463 2108 2532 qualiscun-

2215 2456 2302 2509 τοῦ
2336 2455 2667 2527 θεραπεῦσαι
2700 2454 2762 2507 τὸ
2798 2454 2978 2526 σῶμα.
3037 2453 3178 2522 Ἐγὼ
3225 2455 3270 2506 δ’
3315 2454 3535 2524 εἴποιμί
3574 2452 3662 2516 ἂν,
3697 2447 3753 2502 ὅτ’

527 2570 634 2624 que
667 2556 774 2610 illis
823 2558 1093 2609 tribuatur
1135 2555 1319 2610 cultus
1346 2595 1362 2620 ,
1403 2571 1562 2626 posse
1603 2571 1830 2624 corpora
1867 2571 2104 2624 sanare;

2215 2549 2320 2605 οὐδ’
2381 2550 2610 2622 ἐναργές
2647 2551 2764 2602 ἐστι
2793 2549 2854 2602 τὸ
2882 2550 3006 2611 τοὺς
3059 2548 3321 2619 δαίμονας
3366 2546 3606 2608 τούτους,

527 2649 622 2703 sed
655 2647 936 2702 medicinae
963 2663 1064 2717 cpe
1093 2649 1388 2717 quaerenda
1417 2659 1501 2704 est
1524 2648 1750 2711 sanitas,
1772 2649 1814 2702 si
1839 2649 1960 2718 quis
1978 2647 2107 2703 sim.

2215 2644 2341 2698 ποτε
2371 2641 2875 2713 θεραπευομένους,
2922 2639 3182 2693 δύνασθαι
3235 2637 3553 2709 θεραπεύειν
3588 2636 3644 2690 τὰ
3675 2633 3752 2688 σώ-

528 2739 721 2809 plicem
751 2749 806 2794 et
833 2755 1176 2795 communem
1209 2741 1377 2794 vitam
1424 2741 1554 2794 velit
1581 2741 1817 2806 ducere;
1848 2742 1892 2794 si
1922 2751 2103 2796 autem

2216 2751 2394 2808 ματαο
2425 2733 2558 2788 ἀλλὰ
2591 2732 2695 2804 χρὴ
2732 2731 2832 2802 τὴν
2858 2730 3156 2802 θεραπείαν
3183 2729 3296 2784 τῶν
3328 2729 3603 2799 σωμάτων,
3622 2726 3751 2795 εἰμὲν

529 2831 737 2901 vulgari
780 2833 1214 2902 prmstantiorem
1237 2873 1253 2898 ,
1308 2834 1509 2902 pietate
1552 2832 1604 2886 in
1632 2847 1907 2886 summum
1937 2832 2106 2887 Deum

2215 2825 2574 2895 ἁπλούστερον
2611 2821 2856 2892 βούλοιτό
2884 2837 2968 2883 τις
2999 2819 3098 2890 ζῇν
3142 2819 3236 2872 καὶ
3269 2819 3586 2890 κοινότερον,
3626 2814 3755 2883 ἐφόδῳ

527 2935 583 2980 et
611 2924 748 2981 fusis
777 2926 843 2980 ad
871 2925 1019 2980 illum
1045 2927 1320 2996 precibus.

2215 2919 2431 2989 ἰατρικῇ
2453 2913 2777 2987 θεραπεύειν
2801 2931 2813 2944 ·
2841 2914 2889 2966 εί
2914 2912 2970 2965 δὲ
2989 2911 3194 2982 βέλτιον
3226 2911 3382 2983 παρὰ
3412 2912 3532 2975 τοὺς
3555 2907 3752 2970 πολλοὺς,

2209 3007 2464 3081 εὐσεϐείᾳ
2495 3009 2559 3077 τῇ
2588 3009 2668 3078 είς
2693 3007 2787 3058 τὸν
2819 3006 2910 3058 ἐπὶ
2943 3005 3079 3058 πᾶσι
3106 3002 3241 3057 Θεὸν
3272 3003 3371 3056 καὶ
3392 3004 3510 3066 ταῖς
3538 3000 3634 3072 (41)
3654 2998 3756 3068 πρὸς

2211 3103 2418 3155 ἐκεῖνον
2445 3101 2651 3170 εὑχαῖς.

2287 3194 2396 3248 Καὶ
2435 3194 2499 3247 σὺ
2555 3192 2666 3263 γὰρ
2720 3191 2999 3262 σκόπησον
3047 3189 3200 3261 παρὰ
3255 3188 3462 3259 σαυτῷ,
3515 3187 3646 3240 ποῖον
3681 3200 3759 3235 τα-

2212 3281 2491 3356 ραδὲξεται
2521 3283 2720 3354 μᾶλλον
2746 3278 2880 3353 ἦθος
2909 3285 2938 3335 6
2965 3281 3058 3333 ἐπὶ
3091 3281 3228 3333 πᾶσι
3266 3279 3424 3344 Θεὸς,
3458 3279 3550 3332 καὶ
3575 3275 3759 3344 δυνάμε-

2211 3394 2301 3441 νος
2324 3378 2425 3431 ὅσα
2466 3376 2621 3440 ἄλλος
2673 3375 2850 3439 οὐδεὶς
2888 3376 3027 3446 πρὸς
3061 3374 3243 3427 πάντα
3281 3373 3376 3426 καὶ
3409 3372 3544 3443 πρὸς
3589 3370 3761 3439 εὐεργε-

2212 3470 2334 3523 σίαν
2364 3468 2688 3542 ἀνθρώπων,
2725 3468 2836 3521 εἴτε
2871 3468 3001 3540 περὶ
3061 3465 3263 3538 ψυχὴν,
3299 3465 3414 3518 εἴτε
3461 3463 3584 3534 περὶ
3622 3459 3759 3528 σῶμα,

2211 3562 2320 3614 είτε
2352 3561 2478 3634 περὶ
2507 3560 2576 3614 τὰ
2611 3562 2800 3625 ὲκτόςο
2835 3561 3062 3631 πότερον
3109 3560 3201 3614 τὸν
3245 3559 3399 3630 αὑτῷ
3440 3557 3561 3628 περὶ
3591 3554 3759 3608 πάντων

2210 3655 2565 3726 ἀνακείμενον
2611 3654 2644 3725 ἢ
2685 3653 2778 3706 τὸν
2830 3651 3329 3724 περιεργαζόμενον
3379 3649 3632 3720 δαιμόνων
3676 3643 3761 3695 ὀνό-

2215 3765 2362 3819 ματα
2381 3788 2394 3812 ,
2439 3748 2534 3801 καὶ
2571 3745 2848 3817 δυνάμεις,
2881 3747 2975 3799 καὶ
3002 3745 3232 3816 πράξεις
3250 3785 3264 3808 ,
3293 3744 3391 3796 xui.
3437 3739 3632 3813 ἐπῳδὰς
3651 3777 3664 3800 ,
3693 3734 3760 3788 καὶ

2215 3842 2444 3912 βοτάνας
2489 3841 2694 3903 οἰκείας
2747 3839 2987 3910 δαίμοσι,
3047 3839 3141 3891 καὶ
3192 3837 3410 3901 λίθους,
3473 3835 3559 3888 καὶ
3603 3833 3687 3894 τὰς
3718 3830 3760 3880 ὲν

2211 3936 2395 3999 αὑτοῖς
2417 3933 2646 4003 γλυφὰς,
2674 3932 3030 4004 καταλλήλως
3053 3935 3175 3996 ταῖς
3208 3930 3658 4002 παραδεδομέναις
3676 3923 3759 3994 (52)

2211 4028 2320 4080 εἴτε
2364 4026 2716 4097 συμϐολικαῖς
2753 4025 2862 4078 εἴτε
2900 4024 3192 4078 ὁπώσποτε
3240 4027 3478 4095 μορφαῖς
3521 4019 3758 4089 δαιμόνων-

2225 4121 2385 4176 Ἀλλά
2413 4121 2568 4193 δῆλον
2595 4120 2673 4190 τῷ
2710 4120 2805 4172 καὶ
2845 4120 2930 4171 ἐπ’
2967 4117 3145 4187 ὀλίγον
3194 4114 3616 4186 παρακολουθεῖν
3637 4111 3760 4163 δυνα-

2216 4215 2384 4287 μένῳ,
2409 4215 2491 4268 ὅτι
2519 4212 2580 4266 τὸ
2607 4211 2883 4268 ἄπλαστον
2913 4211 3009 4282 μὲν
3041 4210 3134 4264 καὶ
3169 4210 3509 4282 ἀπερίεργον
3553 4203 3665 4278 ἦθος
3697 4199 3761 4253 διὰ

2209 4309 2370 4363 τοῦτο
2421 4307 2540 4378 Θεῷ
2585 4305 2662 4377 τῷ
2713 4307 2808 4358 ἐπὶ
2860 4308 3028 4359 πᾶσιν
3085 4304 3453 4374 ἀνακείμενον
3515 4294 3757 4355 amasti-:6?

597 3198 688 3254 61.
713 3201 832 3269 Ipse
861 3200 1144 3256 enimvero
1162 3210 1346 3270 reputa
1370 3210 1570 3264 tecum,
1593 3210 1711 3254 utra
1731 3200 2106 3255 universorum
2137 3142 2178 3199 Ο

529 3291 661 3356 Deo,
698 3291 851 3358 cujus
899 3302 1144 3362 potestas
1199 3308 1310 3363 pra:
1367 3293 1612 3363 cujusvis
1652 3292 1758 3346 alia
1805 3297 1873 3349 ad
1926 3297 2108 3350 omnia

525 3383 766 3454 pertinet
818 3391 981 3453 atque
1028 3384 1166 3439 adeo
1196 3386 1261 3438 ad
1301 3383 1754 3440 henel'aeieudum
1803 3387 2111 3442 hominibus

527 3475 646 3527 sive
679 3489 807 3543 erga
839 3474 1098 3539 animam,
1125 3475 1240 3531 sive
1292 3489 1420 3546 erga
1455 3491 1673 3545 corpus,
1717 3479 1834 3532 sive
1857 3493 1984 3547 erga
2022 3493 2110 3534 res

526 3573 847 3629 extraneas,
874 3568 1092 3632 probari
1129 3568 1300 3638 magis
1346 3568 1516 3638 possit
1547 3568 1782 3634 aﬂ'ectio,
1816 3569 1961 3624 illius
2015 3571 2108 3640 qui

530 3655 632 3724 ipsi
663 3670 722 3710 se
748 3657 800 3710 in
835 3658 1087 3713 onmibus
1119 3660 1454 3724 devovet,an
1479 3661 1596 3730 ejus
1621 3663 1712 3731 qui
1743 3663 1973 3718 sollicite
2005 3665 2113 3718 dae-

531 3762 749 3804 monum
785 3753 1005 3808 nomina
1044 3754 1291 3823 inquirit,
1335 3763 1390 3808 et
1425 3770 1528 3823 qua
1560 3756 1763 3818 virtute
1793 3745 1947 3820 lsint,
1981 3757 2110 3826 quid

528 3841 752 3908 faciant,
794 3843 996 3912 quibus
1051 3844 1520 3900 incantationibus
1548 3858 1868 3910 evocentur,
1917 3848 2112 3915 quibus

529 3933 868 3989 delectentur
899 3935 1102 4002 herbis,
1137 3936 1230 4004 qui
1280 3947 1680 3992 consecrentur
1745 3938 1850 3991 illis
1881 3938 2109 4008 lapides,

526 4026 620 4094 qui
637 4027 986 4084 characteres
1005 4031 1057 4083 in
1085 4029 1171 4084 his
1197 4029 1601 4098 insculpantur,
1622 4030 1712 4098 qui
1746 4030 2114 4101 respondeant

527 4132 622 4173 seu
655 4120 975 4191 symbolicis
997 4136 1088 4176 seu
1124 4121 1454 4191 quibuslibet
1483 4122 1606 4177 aliis
1649 4123 1958 4178 dannonum
1997 4122 2110 4177 for-

529 4209 651 4265 mis.
691 4211 1045 4280 PerSpicuum
1070 4222 1154 4268 est
1184 4212 1268 4268 vel
1303 4228 1493 4283 parum
1515 4213 1835 4287 intelligenti
1866 4213 2112 4269 all‘ectio-

529 4318 649 4359 nem
684 4305 831 4359 illam
881 4305 1118 4361 hominis
1145 4308 1276 4361 recti
1313 4319 1368 4361 et
1399 4308 1620 4361 minime
1647 4309 1870 4374 curiosi,
1910 4311 2112 4378 quique

531 4397 634 4450 hoc
665 4397 782 4466 ipso
810 4413 870 4453 se
893 4409 1066 4453 totum
1093 4415 1307 4453 summo
1340 4399 1447 4453 Deo
1487 4401 1806 4465 committit,
1827 4411 2108 4471 acceptam

2215 4401 2368 4456 ἔσται
2391 4401 2511 4471 Θεῷ
2541 4401 2634 4454 καί
2663 4401 2798 4453 πᾶσι
2829 4401 2940 4462 τοῖς
2977 4397 3170 4468 ἐκείνῳ
3193 4394 3581 4466 οἰκειουμένοις
3603 4409 3615 4422 ’
3645 4390 3694 4441 τὸ
3717 4387 3755 4437 δὲ

529 4489 636 4542 Deo
668 4491 787 4546 fore
815 4493 1177 4561 omnibusque
1199 4491 1316 4561 ejus
1360 4489 1751 4559 familiaribus;
1811 4508 1929 4563 qua:
1978 4509 2105 4548 vero

2215 4496 2275 4546 δι’
2306 4493 2495 4562 ὑγείαν
2549 4490 2820 4562 σώματος,
2877 4489 2971 4543 καὶ
3036 4488 3469 4559 φιλοσωματίαν,
3506 4487 3589 4539 καὶ
3617 4480 3756 4552 τὴνέν

527 4591 747 4649 propter
787 4584 1072 4639 sanitatem
1101 4585 1350 4652 corporis
1381 4599 1884 4654 corporearumque
1924 4601 2102 4641 rerum

525 4686 766 4726 amorem
807 4683 861 4727 et
889 4685 946 4728 ut
976 4690 1062 4731 res
1086 4673 1464 4731 indill‘erentes
1494 4691 1750 4746 prospere
1783 4679 2101 4742 succedant,

527 4765 741 4821 curiose
769 4767 1062 4837 investigat
1085 4769 1389 4823 daemonum
1416 4769 1633 4822 nontina
1659 4771 1963 4840 quaaritque
1984 4771 2106 4840 qui-

529 4857 628 4910 bus
667 4856 1124 4913 incantationibus
1158 4859 1430 4914 daamones
1462 4861 1718 4916 conciliet
1745 4863 1870 4928 sibi,
1901 4877 2018 4917 eant
2047 4872 2103 4916 ut

531 4946 722 5000 malam
755 4958 811 5003 et
857 4949 1078 5020 impiam
1105 4961 1159 5005 et
1198 4951 1442 5005 diemone
1471 4952 1640 5022 magis
1666 4968 1829 5023 quam
1883 4954 2101 5008 homine

602 5102 712 5184 (id)
740 5107 935 5184 Ardea
963 5107 1274 5184 Boherellus
1334 5111 1532 5184 ιιιιιΙΙειΙ.Δ
1573 5111 1675 5166 ὅτι.
1723 5114 1948 5176 Ibidem,
2007 5130 2105 5184 pro

531 5173 819 5254 δαιμόνων,
884 5179 1014 5232 libb.
1070 5180 1198 5233 editi
1252 5181 1304 5234 in
1363 5181 1610 5252 margine
1649 5186 1876 5253 habent,
1911 5173 2108 5254 δαιμο-

533 5244 679 5297 νὶων.

605 5311 714 5392 (4t)
744 5317 854 5370 Kal
901 5319 1050 5386 ταῖς.
1092 5320 1164 5374 Ita
1210 5321 1369 5374 codd.
1419 5322 1622 5392 Regius
1666 5335 1724 5378 et
1783 5324 2108 5380 Basileensis

537 5386 732 5456 rectius
756 5402 913 5456 quam
940 5392 1059 5443 libri
1095 5401 1251 5443 antea
1288 5393 1444 5455 editi,
1472 5386 1529 5448 ὲν
1558 5397 1700 5456 ταῖς.

607 5452 718 5536 (42ξ
748 5452 1109 5536 ,ίίιίειιιλιιεεη
1160 5452 1507 5536 καταλλὴλως
1559 5452 1680 5527 ταῖς
1741 5467 2106 5536 παραδεδομέο

539 5535 672 5607 iam.
704 5523 1415 5607 Lilib‘._editi,._ua1akltﬁlm;
1448 5523 1566 5598 ταῖς
1624 5523 2103 5607 πάραδιὸομένοὶις.

536 5588 641 5672 RK"
659 5593 1004 5660 καταλλήλως
1022 5588 1311 5655 ’Βυιιοιύιιό
1341 5588 1619 5672 legendum
1645 5588 1876 5672 videtu
1892 5588 2110 5661 'ﬁﬁi-

536 5657 745 5726 λήλους.

607 5728 714 5802 (45)
743 5733 867 5787 l‘ost
893 5750 1064 5802 voces,
1096 5741 1124 5791 6
1171 5741 1395 5812 Ἰησοῦς,
1440 5746 1572 5801 libb.
1622 5757 1785 5802 antea
1835 5748 1967 5804 editi
2010 5747 2108 5803 ad-

2217 4586 2402 4656 μέσοις
2441 4583 2760 4656 πράγμασιν
2787 4582 3064 4652 εὐτυχίαν,
3093 4580 3588 4654 περιεργαζόμενον
3612 4570 3756 4642 δαιμό-

2209 4696 2314 4731 νων
2340 4678 2600 4749 ὀνόματα,
2632 4676 2725 4729 καὶ
2760 4674 2957 4747 ζητοῦν
2986 4674 3101 4737 πῶς
3151 4673 3384 4745 κηλήσει
3410 4672 3545 4726 τισὶν

2208 4771 2332 4834 τοὺς
2356 4770 2633 4841 δαίμονας,
2663 4768 2739 4831 ὡς
2782 4767 3052 4838 μοχθηρὸν
3079 4765 3174 4818 καὶ
3200 4765 3419 4830 ἀσεϐὲς,
3445 4764 3532 4817 καὶ
3563 4762 3754 4829 δαιμονι-

2207 4863 2301 4915 κὸν
2339 4861 2536 4932 μᾶλλον
2564 4860 2596 4931 ἢ
2639 4859 2984 4931 ἀνθρωπικὸν
3005 4897 3020 4922 ,
3060 4857 3380 4927 καταλείψει
3413 4859 3443 4910 ὁ
3473 4855 3595 4917 Θεὸς
3617 4855 3643 4906 6
3677 4850 3753 4916 Ἰηο

2207 4957 2334 5018 σοῦς
2359 4955 2469 5026 (45)
2496 4953 2670 5007 εἵλετο
2697 4956 2724 5006 6
2757 4952 2827 5007 τὰ
2856 4953 3030 5006 τοιάδε
3057 4951 3230 5021 λέγων
3264 4951 3480 5023 δαίμοσι
3501 4951 3750 5017 διασπαρα-

2213 5117 2343 5171 dunt
2381 5117 2520 5172 intra
2549 5129 2718 5168 uncos
2761 5113 2936 5166 εἵλετο
2980 5115 3008 5167 6
3070 5113 3137 5166 τὰ
3189 5113 3371 5168 τοιάδε
3432 5113 3612 5182 λέγων,
3661 5121 3749 5182 qua!

2219 5204 2343 5242 eum
2379 5187 2662 5242 evidenter
2684 5197 2936 5251 corrupta
2973 5185 3105 5248 sint,
3151 5184 3468 5240 Boberellus
3507 5181 3744 5250 legendum

2215 5267 2387 5326 putat,
2421 5252 2503 5320 οἷς
2546 5254 2720 5326 Ἰησοῦ
2747 5255 2920 5308 εἵλετο
2947 5257 2975 5307 6
3006 5254 3074 5309 τά
3109 5256 3290 5308 τοιάδε
3324 5256 3523 5323 λέγων,
3555 5253 3743 5324 «Staium-

2213 5325 2267 5380 id
2311 5340 2416 5391 est,
2457 5331 2525 5381 iis
2571 5325 2698 5398 quos
2757 5327 2889 5380 Jesu
2936 5325 3149 5395 prwfert
3184 5328 3294 5398 ille
3341 5329 3432 5395 qui
3471 5327 3588 5398 talia
3631 5326 3744 5398 dicit,

2214 5399 2560 5451 daemonibus.
2601 5397 2713 5465 Ego
2754 5413 2884 5451 vero
2928 5393 3044 5452 huic
3104 5398 3132 5449 ὁ
3182 5393 3390 5466 Ἰησοῦς
3440 5396 3594 5450 εἵλετο
3629 5393 3654 5444 ὁ
3695 5393 3744 5464 τὰ

2215 5468 2393 5522 τοιάδε
2423 5469 2615 5538 λέγων,
2665 5476 2723 5520 ιιι
2766 5469 2950 5536 spuria
3004 5476 3059 5522 et
3104 5471 3412 5538 peregrina,
3476 5467 3739 5538 neglige"?!
3830 5477 3831 5480 “

2215 5555 2337 5592 esse
2368 5528 2636 5593 duxerim.
2700 5528 2868 5594 Forte
2907 5541 3052 5593 istud
3101 5528 3155 5592 in
3213 5528 3454 5608 margine
3484 5528 3638 5608 luerat
3669 5528 3741 5603 uli-

2216 5611 2435 5674 quando
2469 5611 2808 5672 adnotatum,
2859 5618 2913 5664 et
2944 5621 3132 5679 postea
3192 5609 3245 5679 in
3308 5607 3734 5679 textumjrrrPI-‘ll'

2215 5671 2378 5732 Certe
2403 5695 2431 5732 a
2458 5680 2682 5734 Gelenio
2709 5671 2813 5732 non
2841 5671 3177 5749 agnbseitur.
3198 5678 3366 5734 Paulo
3393 5689 3504 5749 post
3527 5671 3736 5749 litesclw'

2219 5751 2321 5805 lius
2350 5749 2403 5804 in
2439 5759 2582 5805 textu
2616 5749 2795 5816 habet,
2837 5744 2926 5819 ὑῷ’
2956 5749 3186 5804 ἑκάστου
3220 5744 3653 5818 ὑποϐαλλομένων.
