3872 6544
160 368 309 428 1609

1342 370 1619 427 CONTRA
1660 368 1937 427 CELSUM
1977 368 2105 422 LIB.
2144 367 2281 421 Vill.

3294 367 3431 423 iGlO

148 486 395 557 γισμῶν,
427 485 460 555 ἦ
494 486 585 538 καὶ
614 485 788 540 ἄλλων
820 486 1025 541 κακῶν.
1057 486 1217 551 Εἰκὸς
1250 488 1356 558 γὰρ
1388 489 1606 552 αὐτοὺς,
1653 487 1749 541 ἆτε

1865 485 2148 555 dignam,a
2203 483 2315 537 Deo
2370 481 2611 537 relictum
2648 484 2714 537 iri
2765 482 3125 547 damouibus,
3180 485 3271 553 qui
3313 500 3432 540 eam

152 579 399 650 φαύλους
422 577 599 642 ὄντας,
622 578 733 644 καὶ,
770 579 845 641 ὡς
878 578 1081 641 Κέλσος
1105 579 1443 651 ὡμολόγησε,
1468 580 1752 649 προσηλω-

156 668 360 739 μένους
383 669 593 740 αἵματι,
616 670 709 722 καλ⁵
743 670 956 741 κνίσσῃ,
981 672 1074 724 καὶ
1110 670 1415 741 μελῳδίαις,
1440 671 1535 723 καὶ
1573 670 1753 733 ἄλλοις

147 757 273 808 τισὶ
302 757 581 820 τοιούτοις,
622 757 754 829 μηδὲ
784 758 920 829 πρὸς
966 761 1091 822 τοὺς
1123 758 1294 811 ταῦτα
1320 760 1502 823 αὐτοῖς
1535 759 1754 831 χαριζο-

153 847 362 917 μένους
392 848 572 902 πίστιν
602 852 787 919 τηρεῖν
829 852 923 903 καὶ
964 851 1126 905 οίονεὶ
1153 850 1349 917 δεξιάς.
1391 850 1599 906 Ἀλλων
1646 851 1754 923 γὰρ

148 936 359 1002 αὐτοὺς
419 939 724 993 καλούντων
783 940 925 993 κατὰ
967 940 1074 993 τῶν
1130 940 1603 1012 Θεραπευσάντων,
1661 944 1755 996 καὶ

151 1028 410 1092 πλείονος
442 1032 692 1100 αἵματος,
731 1034 826 1086 καὶ
854 1033 1098 1104 κνίσσης,
1132 1033 1225 1085 καὶ
1247 1028 1316 1103 ἦς
1339 1032 1551 1085 δέονται
1595 1033 1755 1102 θερα-

153 1120 346 1186 πείας,
379 1124 699 1194 ὠνουμένων
760 1125 939 1179 αὐτῶν
968 1125 1067 1194 τὴν
1118 1124 1378 1187 δουλείαν,
1438 1125 1754 1179 ἐπιϐουλεύ-

154 1229 319 1270 σαιεν
339 1215 405 1270 ἂν
428 1216 506 1285 τῷ
536 1217 659 1287 χθὲς
679 1218 877 1280 αὐτοὺς
906 1216 1323 1287 Θεραπεύσαντι,
1358 1218 1572 1289 καὶτῆς
1597 1220 1755 1292 φίλης

152 1301 346 1368 αὐτοῖς
376 1303 557 1376 θοίνης
594 1305 948 1376 μεταδιδόντι.

235 1577 415 1631 Πολλά
474 1577 531 1631 δὲ
587 1577 796 1641 Κέλσος
852 1578 908 1631 ἐν
953 1579 1066 1641 τοῖς
1146 1578 1251 1647 πρὸ
1308 1578 1513 1632 τούτων
1566 1577 1752 1637 είπὼν,

161 1668 333 1740 μέχρι
380 1669 750 1741 χρηστηρίων,
798 1670 890 1724 καὶ
917 1670 1008 1722 ἐπὶ
1038 1669 1106 1722 τὰ
1143 1672 1367 1740 μαντεῖα
1398 1670 1575 1725 αὐτῶν
1623 1672 1756 1725 ἀνα-

157 1760 391 1831 πέμψας
422 1763 568 1831 ἡμᾶς
597 1762 673 1825 ὡς
696 1760 854 1824 θεῶν,
886 1761 983 1815 νῦν
1006 1764 1250 1832 κρεῖττον
1280 1761 1597 1831 πεποίηκεν,
1622 1763 1757 1832 όμο-

1856 592 1976 633 cum
2012 580 2277 647 suggestis
2328 578 2624 647 unicuique
2677 574 3102 646 cogitationibus
3152 584 3264 630 tum
3314 577 3436 633 aliis

1854 666 2012 722 malis
2033 666 2425 737 distorqueant.
2452 665 2587 720 Nam
2616 681 2738 720 cum
2772 666 2884 719 sint
2913 665 3037 718 mali
3058 675 3133 731 et,
3160 675 3218 719 ut
3242 665 3437 723 Celsus

1854 758 2171 825 conﬁtetur,
2197 759 2468 826 sanguini,
2496 758 2795 819 nidoribus,
2825 757 3183 810 concentibus
3205 756 3437 826 aliisque

1855 848 2097 915 ejusdem
2132 848 2273 900 modi
2317 848 2479 902 rebus
2509 846 2856 912 deditissimi,
2888 845 3153 901 credibile
3203 856 3285 901 est
3340 864 3435 903 eos

1858 952 1924 991 ne
1948 937 2051 991 illis
2077 938 2294 1005 quidem
2329 937 2417 1005 qui
2455 937 2567 991 huic
2598 936 2731 1005 ipsis
2761 935 3088 1005 largiuntur,
3121 936 3279 991 fidem
3318 952 3433 990 ser—

1857 1034 2073 1081 vaturos
2108 1027 2400 1096 datamque
2428 1041 2525 1081 ceu
2562 1029 2862 1081 dexteram.
2900 1025 2956 1079 Si
2982 1027 3126 1079 enim
3176 1028 3265 1081 alii
3310 1028 3431 1083 illos

1858 1127 2044 1173 contra
2071 1121 2280 1188 priores
2304 1120 2541 1175 cultores
2565 1118 2844 1185 invocant,
2870 1133 3168 1191 eorumque
3188 1121 3432 1175 favorem

1856 1209 2120 1279 ampliore
2182 1210 2487 1277 sanguinis,
2548 1210 2803 1264 nidorum
2860 1212 3203 1281 aliarumque
3250 1226 3434 1267 rerum

1855 1302 2054 1369 quibus
2086 1301 2186 1356 coli
2222 1310 2428 1366 amant,
2463 1302 2616 1371 copia
2646 1303 2940 1368 redimunt,
2976 1303 3207 1358 insidias
3247 1307 3436 1372 utique

1857 1401 2065 1445 struent
2098 1394 2354 1447 hesterno
2381 1392 2603 1456 cultori,
2626 1394 2717 1462 qui
2753 1402 2934 1464 gratas
2972 1394 3078 1450 illis
3104 1392 3303 1464 epulas
3339 1410 3435 1465 apo

1857 1482 2055 1549 posuit.

1927 1573 2092 1643 788
2121 1573 2209 1627 62.
2237 1573 2530 1643 Postquam
2578 1584 2762 1629 autem
2822 1591 2988 1645 supra
3023 1574 3211 1632 Celsus
3268 1573 3432 1629 multa

1857 1666 1923 1719 dc
1978 1665 2217 1720 oraculis
2247 1667 2409 1733 dixit,
2437 1682 2646 1736 nosque
2676 1669 2743 1723 ad
2796 1682 2983 1723 eorum
3052 1668 3435 1736 praedictiones

1860 1768 2112 1826 tauquam
2164 1772 2192 1810 a
2229 1757 2335 1812 diis
2377 1760 2553 1813 editas
2609 1760 2837 1824 remisit,
2890 1775 3033 1815 nunc
3072 1761 3263 1816 melius
3304 1762 3435 1829 quid

156 1848 424 1919 λογήσας,
453 1853 554 1915 ὃτι,
597 1855 661 1904 Ol
682 1852 1039 1920 μέλλουσαν
1086 1853 1283 1921 τύχην
1328 1852 1613 1923 ἀνθρώπῳ
1654 1853 1752 1907 καί

1865 1849 2008 1906 Facit.
2034 1849 2333 1905 Coufitetur
2360 1852 2503 1903 enim
2538 1853 2629 1921 qui
2682 1852 2916 1921 futuram
2950 1852 3242 1907 hominibus
3292 1853 3437 1906 urbi~

154 1941 339 1994 πόλει
367 1940 784 2010 προλέγοντες,
809 1943 905 1995 καί
939 1942 1074 1996 ὅσοι
1095 1943 1229 2011 περὶ
1249 1942 1356 2009 τὰς
1376 1943 1595 2011 θνητὰς
1609 1942 1759 2012 πρά-

160 2032 315 2099 ξεις,
348 2034 627 2101 περίγειοι
656 2033 935 2104 δαίμονές
958 2037 1098 2099 είσι,
1126 2034 1361 2104 γενέσει
1394 2040 1757 2104 συντετηκό-

158 2140 288 2189 τες,
328 2124 425 2179 καὶ
460 2126 913 2195 προσηλωμένοι
966 2127 1194 2195 αἵματι,
1238 2127 1335 2181 καὶ
1374 2128 1621 2196 κνίσσῃ,
1660 2128 1761 2181 καὶ

152 2215 499 2284 μελῳδίαις,
530 2217 626 2270 καί
659 2217 873 2283 ἄλλοις
896 2217 1019 2272 τισὶ
1051 2221 1339 2286 τοιούτοις
1366 2218 1760 2289 προσδεδεμέ-

157 2324 282 2370 νοι,
305 2308 573 2375 κρεῖττον
602 2309 828 2362 τούτων
848 2309 1030 2363 οὐδὲν
1056 2309 1397 2379 δυνάμενοι.
1430 2310 1539 2363 Καὶ
1591 2309 1757 2373 είκὺς,

158 2396 269 2461 ὅτι,
304 2396 465 2467 ⁴ἡνίκα
520 2397 784 2467 ίστάμεθα
843 2397 979 2467 πρὸς
1037 2398 1241 2453 Κέλσον
1292 2399 1642 2468 θεολογοῦντα
1691 2399 1760 2452 τὰ

158 2489 494 2559 χρηστήρια,
535 2489 627 2542 καὶ
653 2488 751 2553 τὰς
790 2491 939 2559 παρὰ
962 2493 1075 2554 τοῖς
1108 2490 1481 2561 νομιζομένοις
1502 2490 1643 2556 θεοῖς
1673 2490 1761 2544 θε-

162 2577 402 2647 ραπείας
454 2578 586 2649 (44),
636 2579 851 2644 ἀσεϐεῖς
880 2597 965 2645 τις
1003 2582 1151 2651 ἡμᾶς
1209 2581 1578 2653 ὑπελάμϐανε,
1634 2584 1761 2647 τοὺς

159 2669 423 2738 λέγοντας
453 2671 724 2741 δαιμόνων
766 2670 905 2727 εἶναι
940 2674 1093 2727 ταῦτ’
1141 2674 1297 2745 ἔργα,
1354 2673 1760 2728 κατασπώντων

160 2762 247 2824 εἰς
281 2761 349 2813 τὰ
368 2762 633 2829 γενέσεως
665 2762 965 2833 πράγματα
992 2763 1090 2826 τὰς
1105 2763 1211 2817 τῶν
1238 2760 1538 2834 ἀνθρώπων
1563 2763 1757 2835 ψυχάςο

160 2850 306 2905 ἀλλὰ
353 2850 449 2905 νῦν
481 2851 510 2904 ό
560 2853 742 2907 ἐκεῖνα
770 2854 903 2923 περὶ
948 2854 1109 2924 ⁴ἡμῶν
1157 2853 1441 2907 ὑπολαϐὼν
1494 2854 1761 2909 πειθέσθω

160 2941 349 3006 καλῶς
382 2942 693 3013 λεγομένοις
737 2943 845 3013 (45)
879 2946 990 3008 τοῖς
1034 2944 1138 2997 ὑπὸ
1178 2944 1518 3014 Χριστιανῶν
1558 2960 1762 3013 καταγ-

164 3032 537 3105 γελλομένοις,
568 3034 734 3106 ὁρῶν,
767 3037 849 3089 ὅτι
882 3036 975 3088 καὶ
1006 3037 1035 3088 ό
1065 3035 1205 3088 κατὰ
1257 3035 1594 3106 Χριστιανῶν
1627 3036 1761 3107 γρά-

162 3141 287 3194 φων
319 3124 491 3179 ταῦτα
514 3123 607 3179 νῦν
640 3126 728 3179 ἐπὶ
750 3126 911 3192 τέλει,
942 3126 1182 3200 ὡσπερεὶ
1214 3125 1511 3197 νικώμενος
1537 3127 1641 3179 ὑπὸ
1666 3125 1759 3179 τοῦ

161 3218 269 3287 τῆς
306 3217 563 3289 ἀληθείας
613 3218 944 3288 Πνεύματος,
978 3218 1269 3290 ἀνέγραψε.
1325 3219 1444 3275 Κᾶν
1482 3216 1575 3272 οῦν
1629 3219 1763 3291 λέγῃ

162 3306 376 3369 Κέλσος
408 3311 642 3374 τούτοις
674 3309 1074 3378 ἀφοσιωτέον,
1117 3310 1209 3379 ἐφ’
1242 3311 1393 3364 ὅσον
1430 3310 1725 3379 συμφέρει
1745 3323 1759 3338 ·

159 3396 364 3464 πάντη
394 3398 507 3467 γὰρ
553 3400 729 3453 τοῦτο
777 3400 990 3469 ποιεῖν,
1025 3403 1137 3471 οὐχ
1193 3401 1349 3470 αἱρεῖ
1392 3403 1609 3471 λόγος·
1663 3400 1764 3453 οὐκ

162 3489 504 3556 ἁφοσιωτέον
534 3489 643 3560 (46)
675 3491 969 3562 δαιμονίοις
1003 3492 1352 3565 συντετηκόσι
1386 3493 1631 3556 κνίσσαις
1667 3494 1763 3547 καὶ

161 3582 394 3651 αἵμασιν
418 3598 431 3613 ³
465 3581 587 3636 οὒτε
610 3584 669 3636 τὸ
690 3584 861 3651 Θεῖον,
880 3587 1001 3640 ὅσον
1031 3586 1116 3655 ἐφ’
1140 3587 1289 3656 ἡμῖν,
1317 3586 1622 3657 μολυντέον,
1641 3603 1763 3638 κατ-

163 3672 391 3740 άγουσιν
441 3673 570 3725 αὐτὸ
609 3675 701 3727 ἐπὶ
752 3677 1056 3749 μοχθηροὺς
1100 3679 1375 3748 δαίμονας.
1430 3679 1493 3731 El
1528 3680 1575 3732 δ’
1604 3681 1761 3749 ἠκρι-

162 3760 337 3813 ϐὡκει
359 3762 564 3827 Κέλσος
586 3763 681 3835 τὴν
712 3766 805 3819 τοῦ
853 3768 1217 3839 συμφέροντος
1247 3769 1482 3833 ἔννοιαν,
1524 3770 1619 3822 κα)⁸
1660 3770 1760 3821 ἑω-

164 3854 331 3925 ράκει
361 3855 442 3908 ὅτι
471 3855 531 3907 τὸ
557 3858 762 3927 κυρίως
790 3860 1067 3930 συμφέρον
1096 3860 1262 3932 ἀρετή
1302 3862 1438 3925 ἐστι,
1466 3860 1611 3930 καὶὴ
1638 3860 1757 3912 κατ’

162 3946 368 4017 ἀρετὴν
401 3947 595 4019 πρᾶξις
613 3966 626 3979 ο
655 3951 754 4003 οὑκ
787 3950 852 4003 ἂν
880 3951 962 4015 τὸ,
997 3951 1089 4020 ἐφ’
1123 3952 1275 4005 ὅσον
1301 3951 1610 4021 συμφέρει,
1638 3952 1759 4005 ἕτα-

163 4035 259 4100 ξεν
288 4037 381 4091 ἐπὶ
416 4038 519 4091 τῶν
548 4040 785 4105 τοιῶνδε,
830 4042 943 4105 καὶ,
978 4042 1054 4104 ὡς
1086 4043 1249 4104 αὑτὸς
1273 4042 1587 4113 ὡμολόγησε
1606 4083 1617 4105 ,
1639 4044 1756 4096 δαι-

166 4128 368 4199 μόνων.
413 4131 603 4203 Ἦμεῖς
653 4127 746 4186 οῦν
789 4134 1110 4205 αἱρούμεθα,
1161 4138 1208 4189 εί
1258 4138 1439 4207 μέλλοι
1473 4138 1559 4190 διὰ
1599 4138 1759 4208 θερα-

164 4219 329 4282 πείας
359 4222 614 4274 τοιούτων
641 4221 908 4292 δαιμόνων
943 4226 976 4293 ὴ
1017 4223 1193 4291 ὑγίεια
1243 4227 1375 4294 ἡμῖν
1421 4225 1757 4296 παραγίγνε-

166 4310 314 4375 σθαι,
345 4313 438 4366 καὶ
463 4314 496 4383 ἡ
525 4314 582 4365 ὲν
608 4314 881 4383 βιωτικοῖς
910 4314 1152 4383 εὐτυχία,
1182 4318 1355 4368 νοσεῖν
1386 4316 1585 4385 μᾶλλον
1605 4356 1618 4379 ,
1666 4316 1758 4369 καὶ

164 4402 227 4456 ἐν
261 4402 535 4472 βιωτικοῖς
567 4404 848 4474 δυστυχεῖν
886 4406 1022 4475 μετὰ
1058 4406 1351 4469 συνειδότος
1376 4406 1468 4461 τοῦ
1504 4407 1640 4479 πρὸς
1668 4407 1757 4461 τὸν

1789 3177 1836 3239 C

1860 1946 2052 2011 busque
2111 1952 2303 1995 sortem
2353 1947 2709 2010 prarnuntiant
2738 1954 2785 1997 et
2840 1945 3137 2013 quicunque
3184 1946 3237 2013 in
3284 1944 3435 1997 rebus

1858 2032 2166 2087 mortalibus
2188 2043 2531 2101 occupantur,
2558 2049 2641 2085 eos
2681 2050 2791 2087 esse
2829 2043 3098 2088 terrestres
3147 2035 3434 2099 da’mones,

1857 2122 2253 2189 quicarnalium
2284 2123 2607 2189 voluptatum
2636 2122 2884 2189 cupitline
2907 2122 3167 2190 ﬂagrant,
3221 2124 3439 2192 sangui-

1860 2214 1962 2276 nis,
1994 2212 2259 2277 nidorum,
2282 2225 2723 2281 concentuumque
2746 2224 2870 2265 sunt
2895 2214 3190 2280 percupidi,
3216 2213 3437 2283 aliisque

1858 2305 2162 2373 hujusmodi
2219 2307 2373 2359 rebus
2424 2306 2761 2370 deditissinti,
2821 2320 2913 2357 nec
2967 2304 3115 2357 aliud
3149 2304 3438 2374 quidquam

1862 2398 2047 2450 melius
2068 2408 2304 2466 possunt.
2333 2398 2398 2451 Et
2421 2398 2600 2451 forsan
2623 2413 2744 2451 cum
2770 2396 2913 2451 Celsi
2945 2398 3011 2451 de
3044 2396 3283 2450 oraculis
3317 2399 3435 2450 cul-

1861 2499 2027 2559 tuque
2056 2490 2161 2544 illis
2197 2491 2286 2558 qui
2318 2490 2393 2543 dii
2426 2490 2698 2544 habentur
2734 2489 2936 2544 tributo
2977 2486 3299 2557 theologiam
3330 2488 3435 2541 im-

1862 2590 2166 2651 pugnantes
2205 2580 2510 2636 diceremus
2571 2580 2687 2635 haec
2727 2594 2887 2647 opera
2951 2593 3071 2634 esse
3126 2580 3434 2634 daemonum

1862 2673 2125 2729 humanas
2147 2672 2357 2728 animas
2386 2674 2452 2728 ad
2488 2672 2737 2728 carnales
2767 2671 3071 2740 voluptates
3113 2674 3437 2741 pertrahen-

1864 2770 2018 2831 tium,
2041 2783 2142 2823 nos
2160 2769 2358 2837 aliquis
2388 2769 2583 2837 impios
2614 2769 3002 2830 existimabat;
3031 2768 3124 2823 sed
3151 2784 3315 2837 nunc,
3340 2769 3433 2839 qui

1863 2858 2003 2912 hanc
2029 2858 2097 2911 de
2126 2857 2285 2911 nobis
2326 2856 2637 2926 Opinionem
2671 2856 2942 2926 concepit,
2982 2856 3047 2912 iis
3079 2872 3200 2926 quae
3239 2857 3436 2927 pradi-

1862 2957 2057 3002 cantur
2105 2963 2135 3002 a
2171 2948 2518 3014 Christianis,
2558 2959 2615 3003 ut
2664 2951 2922 3019 praeclare
2982 2950 3147 3004 dictis
3180 2948 3435 3019 adjuugat

1864 3038 2059 3105 fidem;
2092 3056 2215 3095 cum
2249 3040 2572 3096 videateum
2601 3043 2690 3112 qui
2718 3051 2907 3097 contra
2931 3043 3271 3098 Christianos
3302 3041 3435 3095 scri-

1865 3131 1963 3197 bit,
1984 3132 2098 3186 baac
2122 3132 2174 3186 in
2198 3132 2302 3185 fine
2320 3133 2483 3186 veluti
2509 3132 2717 3203 Spiritu
2740 3134 2989 3189 veritatis
3017 3134 3218 3188 victum
3243 3133 3435 3187 litteris

1867 3225 2180 3279 mandasse.
2224 3226 2481 3292 Quamvis
2522 3226 2687 3293 igitur
2720 3227 2861 3281 dicat
2898 3226 3086 3281 Celsus
3124 3240 3276 3280 sacra
3327 3225 3436 3278 illis

1864 3316 2109 3385 facienda
2141 3333 2249 3371 esse
2284 3318 2337 3371 in
2362 3325 2615 3387 quantum
2637 3317 2691 3370 id
2713 3316 2956 3385 prodest;
2978 3318 3163 3387 quippe
3193 3334 3292 3370 non
3324 3317 3435 3385 pati

1863 3410 2117 3463 rationem
2137 3410 2190 3462 id
2206 3409 2431 3479 qualibet
2453 3410 2517 3464 de
2534 3425 2695 3463 causa
2716 3409 2857 3473 ﬁeri;
2880 3424 2982 3462 non
3004 3424 3157 3463 sacra
3188 3408 3432 3462 facienda

1863 3510 1988 3557 sunt
2010 3503 2291 3558 dazmoniis
2313 3516 2432 3571 qua:
2462 3502 2723 3571 sanguine
2750 3501 3133 3570 nidoribusque
3160 3500 3431 3555 delectan-

1864 3600 1988 3657 tur;
2029 3607 2204 3659 neque
2236 3591 2507 3654 divinitas,
2541 3599 2803 3659 quantum
2835 3589 2887 3642 in
2920 3590 3074 3645 nobis
3102 3598 3205 3655 est,
3249 3599 3437 3643 conta-

1863 3684 2135 3747 minanda,
2169 3682 2314 3736 illam
2349 3697 2521 3751 usque
2550 3682 2616 3736 ad
2677 3682 2917 3751 impuros
2952 3683 3223 3735 daemones
3251 3680 3430 3749 depri-

1862 3776 2283 3847 mendo.Neque
2299 3791 2449 3841 vero,
2482 3776 2526 3831 si
2549 3774 2740 3831 Celsus
2777 3774 3151 3844 perpendisset
3183 3782 3437 3827 accurate

1860 3883 1981 3939 qua:
2012 3869 2083 3923 sit
2108 3869 2255 3922 utilis
2294 3869 2466 3932 notio,
2494 3866 2829 3936 vidissetque
2862 3866 2990 3920 utile
3046 3866 3266 3934 pr0prie
3315 3878 3436 3919 esse

1858 3960 2119 4013 virtutem
2148 3967 2207 4013 et
2240 3958 2435 4027 agendi
2467 3957 2730 4011 rationem
2772 3957 2956 4010 virtuti
2989 3964 3431 4017 consentaneum,

1861 4052 1976 4105 hac
2010 4050 2195 4114 verba,
2223 4050 2277 4102 in
2302 4062 2557 4118 quantum
2604 4048 2658 4099 id
2702 4048 2929 4115 prodest,
2963 4048 3027 4099 ad
3060 4046 3347 4114 ejusmodi,
3376 4054 3436 4098 ut

1861 4143 2217 4211 fateturipse,
2242 4141 2516 4195 daztnones
2538 4140 2835 4194 retulisset.
2864 4140 2971 4194 Nos
3006 4140 3187 4206 igitur,
3221 4140 3262 4192 si
3286 4139 3431 4191 cultu

1860 4235 2077 4289 illorum
2102 4236 2403 4289 dannonum
2435 4235 2639 4288 sanitas
2666 4232 3027 4302 comparanda
3064 4231 3204 4285 foret
3228 4240 3281 4284 et
3312 4232 3434 4284 vita:

1860 4328 2113 4391 felicitas,
2139 4328 2385 4381 morbum
2417 4334 2471 4380 et
2501 4324 2771 4379 infelicem
2820 4338 2945 4377 cum
2996 4322 3252 4391 adjuncta
3287 4337 3433 4390 purae

1860 4419 1914 4474 in
1962 4434 2229 4473 summum
2261 4417 2430 4471 Deum
2472 4415 2689 4486 pietatis
2722 4414 3057 4468 conscientia
3088 4414 3256 4467 vitam
3286 4428 3430 4483 prte-

163 4491 302 4548 Θεὸν
344 4495 451 4549 τῶν
498 4496 632 4549 ὅλων
687 4497 940 4567 καθαρῶς
974 4498 1249 4565 εὐσεϐοῦς,
1299 4500 1442 4571 ἥπερ
1474 4500 1610 4569 μετὰ
1660 4498 1752 4553 τοῦ

1865 4520 2189 4581 optaremus,
2220 4524 2381 4578 quam
2414 4518 2687 4577 separatos
2723 4516 2778 4563 et
2804 4506 3042 4575 deiectos
3094 4521 3122 4558 a
3170 4506 3280 4558 Deo
3331 4520 3429 4558 ex-

164 4587 451 4658 σχίζεσθαι
496 4590 590 4642 καὶ⁹
652 4590 979 4643 ἀποπίπτειν
1016 4590 1110 4643 τοῦ
1163 4591 1297 4643 Θεοῦ
1330 4606 1423 4644 και
1453 4591 1553 4662 τὴν
1583 4590 1758 4663 ψυχὴν

163 4674 413 4745 ἐσχάτως
434 4681 608 4732 νοσεῖν
636 4681 729 4732 καὶ
756 4680 1200 4749 κακοδαιμονεῖν,
1233 4680 1495 4747 ὑγιαίνειν
1538 4679 1616 4750 τῷ
1651 4680 1757 4733 σώ-

166 4782 325 4837 ματι,
379 4768 472 4821 καὶ
518 4770 574 4820 ὲν
621 4768 889 4839 βιωτικοῖς
938 4770 1304 4823 ἀπαλλάσσειν
1351 4772 1755 4844 εὐτυχέστερον.

163 4860 281 4913 Καὶ
304 4858 379 4929 τῷ
412 4861 698 4931 ἀπροσδεεῖ
742 4878 806 4929 γε
848 4861 1049 4925 παντὸς
1098 4861 1432 4925 οὑτινοσοῦν,
1476 4862 1613 4933 πλὴν
1660 4863 1758 4933 τῆς

163 4948 468 5021 ἀνθρώπιον
516 4954 789 5023 σωτηρίας
829 4955 922 5007 καί¹
960 4956 1157 5016 παντὸς
1182 4953 1397 5022 λογικοῦ
1425 4955 1559 5023 (47),
1593 4973 1759 5026 προσ-

164 5041 466 5105 ελευστέον,
491 5044 523 5114 ἢ
558 5048 669 5107 τοῖς
702 5046 961 5117 χρῄζουσι
994 5048 1219 5116 κνίσσης
1248 5048 1339 5101 καὶ
1365 5048 1614 5117 αἵματος.

240 5133 445 5197 Κέλσος
480 5135 578 5205 μὲν
602 5132 695 5191 οῦν
716 5138 825 5207 (48)
857 5137 993 5209 μετὰ
1025 5138 1329 5201 τοσούτους,
1353 5138 1445 5202 οὓς
1476 5135 1596 5191 εἷπε
1630 5140 1757 5209 περι¹

164 5223 437 5298 δαιμόνων
465 5227 734 5301 δεομένων
770 5231 995 5301 κνίσσης
1025 5232 1117 5283 καὶ¹
1146 5230 1395 5301 αἵματος,
1424 5230 1633 5299 λόγους,
1652 5230 1758 5283 ὠσ-

242 5425 356 5507 (Ᾱξ)
384 5426 725 5507 [linschelius
754 5433 806 5486 in
851 5444 1000 5489 textu
1022 5475 1036 5498 ,
1075 5435 1207 5507 mp’
1244 5436 1429 5498 αὐτοῖς
1465 5436 1755 5506 νομιζομέ-

169 5497 444 5578 Meos
476 5500 795 5578 θεραπείας·

388 5558 598 5647 Καλῶς
622 5558 991 5641 λεγόμένοις.
1025 5573 1306 5630 Bolicrcllo
1361 5575 1643 5647 placeret,
1679 5574 1755 5638 ὡς

168 5626 359 5702 καλῶς
388 5626 715 5702 λεγομένοιςξ

408 5698 808 5768 Ἁφοσιωίὲον.
846 5710 1187 5770 liteschclius
1214 5716 1267 5770 in
1301 5724 1471 5785 textu,
1512 5717 1753 5771 ἀποσιω-

498 5862 773 5925 ΡΔτιιοι..
826 5868 943 5929 Cu.
996 5873 1103 5934 Xl.

1864 4611 2141 4671 tremoque
2170 4600 2363 4654 animae
2403 4601 2589 4653 morbo
2637 4599 2832 4654 misere
2880 4598 3186 4651 laborantes
3240 4612 3430 4651 sanum

1863 4696 2064 4749 habere
2089 4709 2287 4764 corpus
2315 4703 2363 4747 ut
2415 4693 2668 4747 omnibus
2701 4694 2824 4745 vita:
2854 4690 3154 4745 commodis
3197 4688 3431 4742 circum-

1860 4786 2051 4843 ﬂuere.
2089 4787 2296 4856 Quippe
2327 4788 2401 4840 illi
2425 4787 2517 4856 qui
2552 4785 2696 4839 nulla
2728 4800 2786 4839 re
2819 4784 3039 4854 indiget,
3070 4790 3429 4851 prmterquam

1864 4880 2143 4934 hominum
2170 4878 2453 4946 omnisque
2492 4885 2697 4930 natura:
2729 4858 2936 4929 ratiorie
2963 4873 3196 4944 praedita:
3232 4870 3428 4927 salute.

1861 4971 2249 5026 adhaerendum
2278 4972 2457 5039 potius
2476 4980 2578 5035 est,
2602 4984 2764 5038 quam
2781 4967 2847 5021 iis
2865 4967 2955 5036 qui
2972 4965 3236 5036 sanguine
3258 4962 3429 5018 sacri-

1860 5058 2220 5128 ﬁciorumque
2247 5060 2440 5113 nidore
2479 5075 2612 5129 opus
2642 5058 2863 5112 habent.

1929 5150 2016 5205 65.
2067 5149 2357 5220 Postquam
2394 5152 2507 5203 haec
2546 5149 2735 5205 Celsus
2770 5151 2835 5203 de
2873 5146 3209 5202 daemonibus
3241 5143 3431 5198 nidore

1859 5250 1914 5293 et
1957 5241 2223 5309 sanguine
2251 5240 2619 5309 indigentibus
2647 5240 2807 5303 dixit,
2832 5238 2983 5307 quasi
3030 5235 3429 5306 improbitatem

1930 5437 2041 5509 (Π)
2067 5436 2295 5501 Παντὸς
2325 5435 2761 5509 λογικοῦζνίύε
2786 5433 3055 5509 liuetium_
3075 5430 3430 5509 Qriggniano-

1857 5500 1971 5560 rum
2010 5500 2149 5559 libro
2177 5522 2237 5567 ιι,
2264 5500 2560 5572 quastione
2597 5507 2651 5567 5,
2686 5522 2833 5558 num.
2881 5500 2974 5566 ‘20,
3026 5502 3120 5567 21,
3169 5503 3257 5555 ‘22.
3307 5500 3430 5554 Mox

1856 5576 2196 5633 llmscbelius
2223 5576 2275 5646 in
2306 5584 2454 5628 textu
2488 5578 2647 5629 liabvt
2676 5573 3159 5646 προσελθετέοῃεθι
3193 5573 3260 5646 ad
3288 5586 3432 5646 mar-

1855 5650 2033 5713 ginem
2066 5644 2509 5714 προσελευστέον,
2556 5647 2637 5697 vel
2687 5642 3000 5716 προσελθεῖν
3046 5642 3181 5696 δέον.
3227 5642 3424 5695 Ibidem

1854 5717 1886 5787 ἢ
1914 5719 2025 5787 τοῖς
2045 5734 2075 5784 χ
2084 5715 2328 5787 ρῄζουσι.
2351 5717 2575 5787 subaudi
2609 5715 2829 5786 μᾶλλον.

1930 5780 2202 5857 (ἀ8)”Ρόδι
2249 5782 2341 5840 οὖν
2378 5786 2512 5859 libri
2564 5780 2721 5843 antea
2783 5785 2912 5842 editi
2977 5783 3177 5839 habent
3233 5780 3423 5840 οἴεται,

3039 5874 3107 5933 5i
