3866 6398
488 282 622 339 ιοιι

1970 279 2291 338 ORIGENIS

3578 300 3685 358 1612

488 415 651 469 quam
669 399 774 457 illis
807 398 1087 467 tribuerat,
1123 404 1441 453 recantans:
1467 394 1651 451 Potior
1680 398 1934 452 sententia
1960 408 2057 464 est,

2168 397 2315 468 περεὶ
2350 399 2442 452 ἐπὶ
2480 402 2785 475 μοχθηρίας
2835 406 3123 478 ἐρχόμενος
3162 408 3508 479 παλινῳδίαν,
3548 414 3690 484 φησὶν,

490 488 685 556 inquit,
741 487 939 541 nullius
972 488 1046 541 rei
1076 487 1334 540 damones
1378 485 1584 553 indigos
1625 501 1737 540 esse
1779 502 1869 539 nec
1912 488 2067 554 quid-

489 596 645 649 quam
679 595 805 645 opus
832 578 1042 643 habere,
1071 578 1161 630 sed
1199 577 1262 629 iis
1292 576 1539 629 delectari
1565 577 1655 645 qui
1674 577 1884 644 pietatis
1907 579 1962 630 in
1986 578 2066 645 ip-

489 686 573 722 sos
597 669 773 738 oﬂiciis
787 668 1099 739 funguntur.
1117 666 1221 723 Sed
1239 668 1339 721 hoc
1358 667 1402 722 si
1416 667 1602 723 Celsus
1615 683 1799 723 verum
1816 684 1936 726 esse
1948 685 2059 725 cre.

489 760 762 825 debat,sic
789 761 991 815 sentire
1005 758 1213 824 debuit,
1249 774 1356 813 non
1388 758 1474 812 illa
1492 760 1793 828 ponere.At
1824 775 1951 816 vero
1969 761 2067 814 hu-

489 864 649 902 mana
671 857 862 903 natura
880 863 1152 917 nunquam
1175 863 1204 901 a
1225 847 1337 903 Deo
1350 848 1692 917 etunigcnita
1708 849 1823 918 ejus
1840 851 2067 905 veritate

492 938 662 1009 .789
684 953 907 1009 prorsus
934 939 1220 994 deseritur.
1253 939 1591 1009 Quapropter
1604 938 1815 1004 Celsus,
1849 956 1969 995 cum
1991 942 2068 996 ait

487 1028 760 1081 dremones
789 1027 979 1081 nidore
995 1036 1047 1082 et
1074 1027 1339 1098 sanguine
1358 1028 1621 1099 indigere,
1643 1042 1769 1082 vera
1791 1029 1944 1093 dicit,
1973 1032 2065 1085 sed

491 1132 679 1173 rursus
714 1118 767 1171 in
831 1117 1175 1173 mendacium
1222 1120 1442 1189 propria
1484 1120 1727 1188 nequitia
1771 1122 2065 1188 revolutus,

487 1205 701 1261 confert
721 1207 992 1262 d:emones
1012 1220 1139 1261 cum
1166 1207 1499 1273 hominibus,
1523 1210 1636 1278 qui,
1664 1212 1875 1266 etiamsi
1910 1230 2068 1270 nemo

488 1294 593 1350 illis
630 1295 789 1350 ullam
841 1296 1039 1351 habeat
1064 1297 1320 1367 gratiam,
1359 1298 1487 1352 nulli
1515 1299 1739 1366 justitite
1768 1301 1945 1356 ollicio
1972 1307 2066 1359 dc~

487 1395 638 1450 sunt,
669 1385 953 1440 beneﬁciis
985 1401 1115 1441 vero
1147 1386 1390 1442 alliciunt
1428 1403 1522 1442 eos
1544 1402 1679 1457 quos
1706 1399 1859 1459 grato
1888 1391 2068 1445 animo

486 1491 611 1532 esse
647 1477 856 1533 vident.
908 1480 1089 1547 Atque
1131 1479 1224 1535 hic
1277 1479 1564 1535 admodum
1620 1482 1882 1537 confusus
1936 1484 2067 1540 mihi

487 1567 719 1621 videtur.
755 1565 914 1621 Modo
962 1568 1080 1637 ejus
1130 1576 1368 1623 mentem
1410 1571 1736 1637 perturbant
1768 1573 2064 1641 daemones,

2164 489 2267 552 ὅτι,
2295 489 2547 544 Μᾶλλον
2573 496 2809 563 οἰητέον
2835 498 2977 564 τοὺς
3007 498 3293 567 δαίμονας
3314 501 3561 569 μηδενὸς
3586 508 3693 571 7.0ti'

2166 578 2300 643 ὕειν,
2351 580 2510 649 μηδὲ
2561 582 2797 638 δεῖσθαί
2854 604 3051 654 τινος,
3104 590 3261 642 ἀλλὰ
3337 592 3553 659 χαίρειν
3600 595 3693 662 τοῖς

2164 670 2230 722 τὸ
2283 671 2531 736 εὐσεϐὲς
2582 674 2767 741 δρῶσι
2819 678 2968 745 πρὸς
3024 681 3262 745 αὐτούς.
3319 682 3507 753 Ἐχρῆν
3548 684 3605 747 δ’,
3660 690 3692 738 εἰ

2165 762 2321 815 τοῦτο
2362 763 2499 833 ᾠετο
2551 760 2691 820 εἶναι
2729 768 2927 839 ἀληθὲς
2967 770 3100 841 (49),
3137 774 3319 824 ἐκεῖνα
3355 773 3510 826 αὐτὸν
3539 774 3603 846 μὴ
3628 793 3691 828 τε-

2167 852 2428 919 θεικέναι,
2492 856 2662 909 ταῦτα
2724 858 2768 911 δ’
2814 860 3174 932 ἀπειληφέναι
3222 863 3361 933 (50).
3419 865 3565 918 Ἀλλὰ
3612 868 3691 939 γὰρ

2166 946 2226 997 οὐ
2304 946 2481 1017 πάντη
2546 951 2579 1018 ἡ
2657 949 2976 1023 ἀνθρωπίνη
3058 955 3220 1022 φύσις
3293 955 3397 1008 ὑπὸ
3458 956 3543 1009 τοῦ
3590 959 3689 1013 Θεοῦ

2167 1036 2261 1089 καὶ
2309 1039 2406 1108 τῆς
2459 1039 2785 1107 μονογενοῦς
2832 1042 2980 1112 αὐτῷ
3027 1043 3283 1113 ἀληθείας
3334 1046 3686 1103 καταλείπεται.

2166 1126 2361 1198 Διόπερ
2391 1127 2485 1181 καὶ
2515 1130 2721 1193 Κέλσος
2749 1126 2867 1183 εἷπε
2898 1133 2994 1202 μὲν
3035 1136 3091 1187 ἐν
3130 1133 3206 1204 τῷ
3240 1137 3368 1205 περὶ
3399 1137 3603 1209 κνίσσης
3626 1144 3693 1193 καὶ

2168 1218 2417 1288 αἵματος,
2440 1212 2516 1273 ὧν
2540 1222 2802 1292 χρῄζουσι
2826 1224 3099 1294 δαίμονες,
3126 1226 3334 1297 τάληθῆ
3353 1244 3366 1256 ·
3396 1228 3546 1281 πάλιν
3565 1232 3601 1282 δ’
3618 1233 3694 1284 ὑπὸ

2167 1309 2263 1378 τῆς
2298 1309 2432 1373 ἰδίας
2467 1314 2662 1374 κακίας
2708 1313 3041 1367 κατὼλισθεν
3069 1316 3161 1368 ἐπὶ
3194 1316 3261 1369 τὰ
3308 1317 3492 1389 ψευδῆ,
3522 1322 3601 1373 καὶ
3632 1322 3694 1386 ii-

2168 1402 2343 1468 ομοιοῖ
2399 1402 2526 1464 τοὺς
2580 1403 2839 1474 δαίμονας
2895 1405 3199 1477 ἀνθρώποις
3251 1414 3363 1474 τοῖς
3424 1412 3596 1477 τελέως
3635 1417 3692 1467 δι-

2169 1491 2337 1556 καίως
2368 1491 2481 1564 (51)
2510 1494 2810 1564 πράττουσι
2843 1496 2913 1549 τὰ
2952 1498 3157 1566 δίκαια,
3193 1500 3295 1555 κᾶν
3348 1504 3523 1574 μηδεὶς
3558 1507 3694 1569 αὐτοῖς

2170 1581 2447 1657 γιγνώσκῃ
2477 1584 2667 1656 χάριν·
2705 1586 2772 1638 τά
2812 1587 2992 1655 ἀγαθὰ
3030 1588 3084 1641 δὲ
3130 1590 3342 1644 ποιοῦσι
3386 1597 3489 1658 τοῖς
3521 1597 3695 1667 ἀμειϐο-

488 1658 648 1713 modo
673 1660 783 1727 ipse
819 1674 884 1713 ex
914 1659 1225 1729 insipientia
1276 1661 1344 1714 an
1381 1659 1487 1716 illis
1540 1663 1752 1731 ingesta
1784 1678 2062 1734 emergens

2175 1673 2355 1742 μένοις
2379 1676 2439 1727 τὸ
2466 1676 2806 1746 εὐχάριστον.
2844 1680 3000 1733 Δοκεῖ
3038 1680 3094 1733 δέ
3130 1700 3219 1750 μοι
3255 1658 3567 1753 συγχεῖσθαι,
3590 1691 3695 1741 κατὰ

487 1747 882 1816 aliquantulum
902 1748 1014 1802 veri
1036 1747 1232 1802 cernit.
1254 1747 1490 1803 Rursum
1520 1752 1665 1805 enim
1694 1752 1883 1807 infert:
1909 1753 2062 1809 Nun-

2171 1764 2259 1818 τὸν
2294 1766 2477 1831 τόπον,
2512 1770 2604 1822 καὶ
2635 1770 2725 1822 ὁτὲ
2757 1770 2855 1841 μὲν
2888 1771 2948 1824 τὸ
2989 1747 3315 1843 ἡγεμονικὸν
3335 1747 3455 1829 ἀπὸ
3483 1747 3578 1831 τῶν
3611 1779 3695 1832 δαι-

484 1854 662 1907 quam,
715 1838 861 1893 nullo
888 1840 1041 1893 modo
1069 1839 1443 1907 relinquendus
1485 1840 1648 1908 Deus,
1690 1860 1783 1897 nec
1812 1844 2062 1910 interdiu,

2171 1856 2345 1926 μόνων
2384 1858 2771 1930 ταράττεσθαι,
2801 1862 2912 1915 ἔσθ’
2954 1864 3042 1916 ὅτε
3060 1853 3136 1917 ’δὲ
3184 1868 3278 1920 καὶ
3322 1869 3591 1939 ἀνανήφων
3617 1872 3694 1924 ἀπὸ

488 1945 578 1983 nec
614 1938 793 1993 noctu,
838 1930 1015 1983 nec‘in
1059 1930 1290 1997 publica,
1340 1947 1430 1985 nec
1460 1932 1511 1984 in
1554 1933 1778 2001 privata,
1818 1936 1871 1988 in
1922 1937 2062 1990 nulla

2168 1948 2266 2018 τῆς
2308 1949 2397 2002 ὑπ’
2427 1951 2655 2015 ἐκείνοις
2690 1952 2800 2025 (52)
2841 1954 3173 2022 ἀλογιστίας,
3212 1959 3300 2010 ἐπ’
3333 1930 3513 2027 ὀλίγον.
3532 1979 3575 2014 τι
3608 1962 3693 2031 βλέ-

486 2036 744 2085 sermone,
768 2024 822 2073 in
847 2036 997 2089 opere
1023 2020 1190 2085 nullo;
1218 2022 1307 2075 sed
1327 2023 1582 2093 quidquid
1600 2024 1693 2093 ﬁat
1718 2036 1809 2080 aut
1829 2044 1930 2082 non
1946 2029 2062 2097 ﬁat,

2170 2056 2291 2095 πειν
2328 2040 2438 2113 (55)
2484 2042 2575 2096 τοῦ
2625 2020 2887 2115 ἀληθοῦς·
2938 2020 3095 2102 πάλιν
3128 2051 3240 2122 γὰρ
3289 2020 3555 2126 ἐπιφέρει·
3584 2020 3694 2106 θεοῦ

482 2112 555 2163 ad
590 2110 757 2165 Deum
786 2112 989 2165 intenta
1024 2128 1222 2179 semper
1254 2115 1432 2167 anima
1469 2116 1557 2170 sit.
1592 2117 1703 2187 Ego
1729 2119 1843 2174 haec
1871 2122 2055 2188 verba,

2168 2131 2235 2184 δὲ
2264 2110 2495 2203 οὐδαμῆ
2530 2110 2806 2205 οὐδαμῶς
2840 2110 3262 2208 ἀπολειπτέον,
3296 2110 3432 2199 οὔτε
3452 2110 3566 2215 μεθ’
3594 2144 3695 2213 ἡμέ-

486 2202 741 2271 quidquid
775 2203 893 2271 ﬁat,
916 2204 1021 2260 dici
1049 2205 1289 2275 intelligo
1306 2220 1400 2275 pro
1427 2221 1491 2262 eo
1509 2208 1650 2277 quod
1671 2209 1731 2263 iit
1748 2210 1798 2263 in
1827 2213 2062 2282 publico,

2168 2240 2279 2292 ραν
2319 2226 2457 2279 οὔτε
2487 2202 2739 2295 νύκτωρ,
2767 2202 2891 2282 οὔτ’
2921 2232 2987 2296 ἐς
3014 2232 3220 2286 κοινὸν
3250 2202 3383 2288 ὀὔτ’
3412 2202 3542 2303 idin,
3575 2202 3693 2304 idm)

485 2289 544 2346 in
571 2292 715 2346 omni
753 2306 939 2363 opere,
985 2293 1041 2349 in
1077 2298 1223 2350 omni
1272 2310 1546 2353 sermone.
1578 2297 1645 2353 Et
1692 2313 1880 2357 rursus
1908 2305 2065 2373 quasi

488 2397 611 2436 cum
646 2383 857 2438 insania
895 2383 999 2440 sibi
1046 2400 1075 2439 a
1126 2387 1463 2443 daemonibus
1513 2389 1719 2459 ingesta
1760 2392 1899 2447 ratio
1952 2394 2068 2463 ejus

488 2472 876 2530 colluctaretur
920 2486 975 2531 et
1036 2476 1354 2549 plerumque
1405 2480 1803 2548 succumberet,
1857 2486 2064 2556 pergit:

486 2564 547 2619 Si
589 2582 669 2620 res
700 2567 775 2621 ita
820 2583 874 2621 se
929 2568 1140 2636 habent,
1194 2571 1320 2640 quid
1358 2572 1485 2624 mali
1524 2582 1600 2627 est
1647 2575 1928 2630 conciliare
1965 2579 2067 2631 sibi

486 2656 646 2723 hujus
674 2659 863 2711 mundi
881 2660 1165 2729 principes,
1196 2671 1243 2714 et
1268 2661 1423 2725 alios,
1444 2663 1581 2724 ipsos
1615 2666 1773 2718 etiam
1796 2666 2067 2723 hominum

485 2745 735 2815 dynastas
761 2760 808 2801 et
840 2750 1158 2819 reges?cum
1195 2768 1285 2805 nec
1330 2754 1547 2807 istisine
1590 2755 1888 2810 da’monum
1921 2770 2069 2827 pote-

486 2847 618 2892 state
642 2839 776 2893 hanc
808 2842 983 2910 adepti
1031 2842 1135 2894 sint
1189 2842 1518 2912 dignitatem.
1554 2846 1754 2917 Supra,
1804 2860 2067 2917 quantum

488 2927 542 2981 in
569 2943 629 2985 se
680 2930 802 2995 fuit,
856 2933 1088 2985 animam
1121 2941 1359 2987 nostram
1393 2936 1458 2989 ad
1501 2935 1705 2991 cultum
1760 2938 2066 2995 daemonum

489 3018 792 3088 depressit;
846 3035 988 3074 nunc
1028 3020 1141 3074 vult
1178 3030 1237 3075 ut
1292 3024 1645 3080 conciliemus
1687 3026 1845 3082 nobis
1898 3029 2066 3084 etiam

487 3108 765 3166 hominum
797 3112 1056 3183 dynastas
1088 3123 1143 3167 et
1194 3127 1372 3184 reges.
1404 3113 1680 3184 Exemplis
1697 3119 2061 3195 memorandis

486 3201 765 3257 immorari
808 3203 1034 3261 minime
1060 3204 1428 3261 necessarium
1461 3203 1643 3260 fuerit.
1673 3205 1766 3262 llis
1800 3208 1933 3276 vita,
1977 3210 2063 3266 his

484 3292 657 3361 plena:
688 3305 812 3349 sunt
848 3296 1107 3353 historiae.

2166 2332 2230 2368 τε
2258 2315 2328 2369 έν
2351 2316 2530 2369 παντὶ
2554 2318 2651 2370 καὶ
2677 2319 2828 2387 ἔργῳ
2856 2320 3170 2388 διηνεκῶς·
3206 2324 3370 2378 ἀλλὰ
3393 2344 3457 2395 γε
3478 2328 3563 2381 καὶ
3582 2330 3695 2395 μετὰ

2167 2406 2374 2470 τῶνδε,
2407 2410 2505 2461 καὶ
2533 2410 2735 2477 χωρὶς,
2767 2412 2819 2483 ἡ,
2838 2412 3008 2480 ψυχὴ
3046 2413 3140 2469 ἀεὶ
3179 2415 3442 2469 τετάσθω
3469 2417 3601 2485 πρὸς
3621 2418 3695 2469 τίν

2170 2500 2335 2553 Θεόν.
2378 2498 2519 2567 Ἐγὼ
2542 2499 2586 2551 δ’
2614 2500 2796 2554 ἀκούω
2817 2501 2907 2554 τοῦ
2930 2503 3081 2571 μετὰ
3110 2502 3317 2573 τῶνδε,
3338 2508 3569 2560 τουτέστι
3593 2510 3697 2578 μετὰ

2112 2648 2115 2653 γ
2168 2588 2260 2643 τοῦ
2293 2590 2491 2654 κοινοῦ,
2518 2591 2611 2643 καὶ
2647 2592 2784 2661 μετά
2814 2594 3011 2657 παντὸς
3036 2594 3221 2666 ἔργου,
3253 2599 3345 2651 καὶ
3385 2599 3515 2668 μετὰ
3541 2601 3699 2661 παντὸς

2168 2680 2344 2748 λόγου.
2398 2675 2530 2733 Εἶτα
2576 2681 2759 2745 πάλιν,
2805 2682 3050 2755 ὡσπερεὶ
3100 2686 3348 2740 παλαίων
3392 2688 3468 2759 τῷ
3503 2689 3700 2759 λογισμῷ

2169 2767 2305 2838 πρὸς
2336 2767 2434 2831 τὰς
2461 2768 2569 2821 ἀπὸ
2593 2769 2703 2823 τῶν
2730 2771 2996 2842 δαιμόνων
3022 2776 3327 2840 ἐκστάσεις,
3357 2780 3448 2832 καὶ
3476 2779 3537 2832 τὰ
3572 2779 3701 2832 πολλὰ

2169 2856 2484 2928 νικώμενος,
2529 2859 2802 2930 ἐπιφέρει,
2836 2864 2931 2917 καὶ
2980 2864 3257 2934 λέγει·οΕὶ
3284 2866 3397 2923 ὦδε
3437 2870 3629 2939 ἔχοιεν,
3660 2871 3703 2922 τί

2168 2948 2236 3002 τὸ
2257 2948 2459 3003 δεινὸν
2490 2950 2630 3016 τοὺς
2656 2949 2801 3019 τῇδε
2830 2953 3129 3023 ἄρχοντας
3157 2958 3569 3027 εὐμενίζέσθαι,
3590 2963 3702 3025 τούς

2093 3081 2134 3137 C
2168 3055 2232 3092 τε
2281 3038 2508 3106 ἄλλους
2541 3043 2639 3096 καὶ
2673 3043 2813 3110 τοὺς
2841 3046 2912 3098 ἐν
2942 3047 3282 3116 ἀνθρώποις
3312 3051 3602 3117 δυνάστας
3625 3052 3699 3104 καὶ

2164 3129 2465 3197 βασιλέας
2482 3148 2500 3194 ;
2519 3132 2598 3198 ὡς
2617 3134 2760 3188 οὐδὲ
2779 3136 3029 3202 τούτους
3049 3138 3196 3193 ἄνευ
3212 3141 3517 3210 δαιμονίας
3531 3144 3703 3211 ἰσχύος

2168 3218 2288 3273 τῶν
2328 3220 2474 3290 τῇδε
2519 3223 2908 3294 ἠξιωμένους.
2945 3229 3032 3281 Ἐν
3082 3231 3182 3299 μὲν
3221 3228 3313 3285 οὖν
3344 3237 3455 3297 τοῖς
3492 3235 3705 3303 ἁνωτέμυ

2170 3309 2429 3379 κατῆγεν,
2484 3312 2604 3365 ὅσον
2645 3313 2729 3382 ἐφ’
2780 3314 2991 3385 ἐαυτῷ,
3041 3318 3139 3387 τὴν
3178 3317 3359 3391 ψυχὴν
3410 3321 3557 3391 ἡμῶν
3600 3321 3707 3391 πρὸς

481 3386 776 3457 δαίμονας’
818 3390 911 3445 νῦν
941 3390 997 3443 δέ
1030 3390 1276 3465 βούλεται
1320 3393 1465 3463 ἡμᾶς
1524 3392 1962 3464 ἐξευμενίζεσθαι
1998 3398 2090 3452 καὶ¹
2140 3404 2265 3466 τοὺς
2320 3405 2377 3455 ἐν
2410 3404 2717 3476 ἀνθρώποις
2757 3405 3020 3470 δυνάστας
3070 3386 3165 3463 καὶ
3196 3386 3473 3480 βασιλέας,
3510 3407 3577 3467 ὧν
3612 3386 3706 3465 ensi

489 3478 683 3545 μεστὸς
708 3482 735 3532 ὁ
758 3479 870 3548 βίος
898 3482 992 3533 καὶ
1017 3483 1069 3534 at
1095 3482 1345 3552 ἱστορίαι,
1381 3483 1478 3553 οὐχ
1514 3484 1806 3556 ἡγησάμην
1836 3487 1943 3558 (54)
1965 3489 2256 3560 ἀναγκαῖον
2290 3493 2543 3547 ἐκθέσθαι
2564 3494 2633 3548 τά
2665 3496 3109 3566 παραδείγματα.

556 3572 644 3625 64.
684 3573 831 3628 Unus
852 3574 1015 3644 igitur
1043 3578 1415 3633 conciliandus
1434 3578 1590 3633 nobis
1620 3594 1865 3637 summus
1895 3584 2057 3652 Deus,

485 3674 540 3719 et
575 3673 632 3717 ut
660 3666 923 3736 propitius
956 3668 1025 3722 sit
1068 3669 1332 3724 orandum
1374 3679 1476 3736 est,
1501 3673 1590 3741 qui
1624 3673 1815 3743 utique
1861 3676 2063 3744 pietate

484 3756 806 3825 exterisque
829 3758 1119 3815 virtutibus
1146 3759 1492 3817 conciliatur.
1520 3762 1673 3829 Quod
1692 3764 1737 3818 si
1763 3770 2060 3822 secundum

485 3853 759 3896 summum
791 3845 959 3898 Deum
984 3855 1039 3899 et
1060 3846 1199 3901 alios
1234 3849 1501 3916 quosdam
1521 3851 1677 3906 nobis
1696 3854 2063 3913 conciliandos

483 3941 608 3984 esse
632 3942 855 4001 censet;
880 3934 1168 4005 intelligat,
1191 3938 1649 4005 quemadmodum
1670 3951 1817 3998 moto
1834 3959 2062 4014 corpore

482 4023 733 4091 sequitur
771 4024 1021 4079 umbram
1051 4027 1167 4094 ejus
1202 4030 1433 4094 moveri,
1482 4032 1560 4087 sic
1612 4033 1825 4102 placato
1851 4051 2063 4093 summo

484 4110 615 4178 Deo,
678 4117 832 4185 sequi
875 4118 1139 4173 continuo
1185 4120 1499 4189 angelorum
1562 4124 1677 4194 ejus
1726 4128 2061 4195 amicorum,
2090 4148 2112 4161 ο

480 4207 785 4262 animarum
804 4210 1205 4283 spirituumque
1232 4213 1691 4271 benevolentiam.
1716 4218 2063 4287 Cognoscunt

482 4297 626 4351 enim
657 4308 712 4353 et
737 4301 838 4368 ipsi
887 4304 1106 4370 quinam
1155 4305 1249 4360 Dei
1303 4307 1680 4364 benevolentia
1724 4310 1875 4380 digni
1910 4312 2049 4376 sint;

480 4399 583 4440 nec
613 4387 787 4443 solum
820 4390 1120 4464 ipsidignis
1152 4395 1397 4451 benevoli
1428 4408 1578 4467 sunt,
1600 4404 1691 4454 sed
1722 4404 1887 4455 etiam
1910 4403 2061 4472 adju-

479 4488 610 4532 vant
637 4494 733 4535 eos
764 4481 853 4550 qui
872 4498 1145 4540 summum
1165 4487 1332 4542 Deum
1359 4490 1542 4545 colere
1560 4491 1769 4559 volunt,
1803 4493 1954 4549 illum
1986 4496 2064 4551 eis

481 4572 946 4641 conciliant,suas
988 4570 1197 4633 illorum
1239 4582 1490 4651 precibus
1511 4585 1807 4656 adjungunl
1849 4603 2061 4656 preces,

480 4829 961 4895 quamjocenrut
1010 4823 1334 4895 superﬂuam
1376 4830 1761 4895 expunximus.
1802 4830 1869 4886 Et
1913 4844 2061 4892 certe

481 4886 751 4974 inﬂcodice
777 4888 993 4947 Joliano
1022 4886 1198 4950 deleta
1238 4905 1321 4950 est
1349 4886 1563 4964 punctis
1614 4898 1844 4956 inferius
1894 4886 2061 4974 a'p'pdi

480 4964 760 5148 εηξθῌῖί
787 5028 962 5111 τοῦτο
993 5030 1137 5111 meto
1174 5028 1327 5087 εἶναι
1354 5035 1594 5103 ἀληθές.
1645 5036 1818 5093 Codd.
1856 5040 2059 5113 Regius

480 5102 535 5149 et
611 5099 912 5157 asrleensrs.
949 5102 997 5152 et
1020 5118 1177 5154 τουτο
1198 5099 1265 5157 ἦν
1286 5104 1501 5157 ἀληθές.

480 5102 535 5149 et
565 5099 912 5165 Basileensis,
949 5102 997 5152 et
1020 5100 1177 5154 τοῦτο
1198 5099 1265 5173 ἦν
1286 5099 1501 5173 ἀληθές.
1550 5099 1564 5103 ⁷
1940 5099 1969 5113 ”

553 5164 667 5238 (ὅθ)
706 5167 1139 5238 Ἀπειληςρέναι.
1164 5172 1299 5227 Cum
1331 5173 1523 5230 Guieto
1573 5186 1628 5231 et
1658 5177 1948 5236 Boherello
1983 5181 2057 5237 le-

482 5244 571 5301 go,
603 5234 981 5359 ὐπειληὲέναὶ.

553 5301 665 5359 (51)
695 5308 774 5359 Τε.
836 5324 915 5359 ως
939 5309 981 5359 δι

553 5301 665 5385 (51)
695 5301 915 5385 Teutag-
939 5309 1197 5376 δικαίως.
1247 5309 1555 5380 Legendum
1598 5316 1831 5385 videtur,
1858 5320 2056 5385 τελέως

482 5370 574 5423 καὶ
605 5370 846 5437 δικαίως.

553 5437 1121 5524 (52)..Ὗξπίἐκείνοις.
1151 5449 1313 5505 Forte
1340 5452 1548 5523 legend.
1580 5456 1669 5510 ὑπ’
1704 5458 1950 5524 ἐκείνων,
1978 5462 2054 5516 uti

483 5513 706 5576 conjicit
747 5513 993 5569 Guielus.

556 5577 671 5719 (55)
698 5581 987 5667 βλέπειν.
1016 5586 1183 5642 Codd.
1219 5589 1350 5659 Reg.
1384 5602 1437 5647 et
1459 5594 1649 5661 Basil.,
1689 5597 1964 5652 κλέπτειν.

556 5646 647 5718 (⁵4
717 5652 805 5703 Ων
841 5652 969 5706 ἐπεὶ
1015 5658 1238 5719 μεστὸς
1278 5663 1477 5719 ὁβίος
1526 5667 1622 5719 καὶ
1671 5670 1731 5719 αἱ
1777 5670 1964 5719 ὶστοοὶ

556 5646 668 5719 (54)
698 5646 805 5703 Ὧν
841 5652 969 5706 ἐπεὶ
1015 5658 1238 5726 μεστὸς
1278 5646 1477 5731 diem;
1671 5646 2048 5739 diversam,

2246 3590 2380 3643 Ἕνα
2421 3586 2513 3643 οὖν
2555 3589 2645 3643 τὸν
2690 3591 2780 3643 ἐπὶ
2814 3593 2947 3644 πᾶσι
2998 3592 3130 3644 Θεὸν
3181 3593 3313 3663 ἡμῖν
3348 3593 3701 3665 ἐξευμενιστὼν

2170 3679 2264 3731 καὶ
2286 3678 2471 3732 τοῦτον
2503 3678 2630 3732 ἵλεω
2666 3680 2808 3749 ἔχειν
2856 3682 3074 3733 εὐκτέον
3098 3682 3235 3750 (55),
3272 3684 3703 3755 ἐξευμενιζόμενον

2170 3770 2418 3840 εὐσεϐείᾳ
2466 3772 2560 3823 καὶ
2613 3772 2759 3842 πάσῃ
2809 3773 2999 3843 ἀρετῇ.
3036 3774 3098 3825 El
3145 3774 3200 3825 δὲ
3249 3776 3345 3828 καὶ
3382 3776 3564 3840 ἄλλους
3586 3778 3703 3836 τινὲς

2172 3860 2415 3930 βούλεται
2457 3861 2594 3932 μετά
2643 3862 2734 3914 τὸν
2771 3863 2865 3915 ἐπὶ
2913 3865 3077 3917 πᾶσιν
3123 3864 3556 3935 ἐξευμενίζεσθαι
3583 3867 3701 3925 Θεὸν,

2167 3953 2585 4022 κατανοησάτω,
2648 3955 2730 4007 ὅτι
2782 3954 2972 4025 ὥσπερ
3036 3955 3113 4024 τῷ
3170 3959 3471 4029 κινουμένῳ
3531 3960 3703 4029 σώματι

2164 4041 2445 4095 ἀκολουθεῖ
2480 4046 2513 4115 ἡ
2537 4044 2635 4113 τῆς
2667 4045 2824 4108 σκιᾶς
2848 4045 3011 4098 αὑτοῦ
3047 4049 3282 4116 κίνησις,
3314 4050 3406 4102 τὸν
3434 4050 3581 4103 αὑτὸν
3604 4049 3702 4119 τρὸ-

2166 4150 2264 4186 πον
2307 4132 2385 4203 τῷ
2429 4133 2864 4203 ἐξευμενίζεσθαι
2911 4135 3002 4189 τὸν
3048 4138 3145 4191 ἐπὶ
3200 4141 3337 4192 πᾶσι
3388 4140 3515 4193 Θεὸν
3551 4140 3703 4192 ἕπεται

2166 4225 2410 4295 εὐμενείς
2442 4226 2587 4296 ἐχειν
2621 4229 2830 4293 πάντας
2856 4231 2983 4293 τοὺς
3012 4232 3220 4285 ἐκείνου
3252 4233 3437 4301 φίλους
3462 4232 3701 4301 ἀγγέλους.

2163 4317 2257 4370 καὶ
2284 4316 2483 4388 ψυχὰς,
2510 4320 2600 4372 καὶ
2627 4320 2932 4391 πνεύματα.
2963 4323 3351 4377 Συναίσθονται
3373 4324 3479 4395 (56)
3499 4326 3597 4393 γὰρ
3621 4321 3701 4375 τῶν

2094 4391 2136 4445 Ῑ)
2166 4406 2331 4474 ἀξίων
2358 4409 2450 4462 τοῦ
2485 4411 2635 4480 παρὰ
2673 4411 2763 4465 τοῦ
2794 4413 2929 4467 Θεοῦ
2968 4415 3299 4485 εὐμενισμοῦ
3322 4434 3334 4447 ·
3369 4418 3461 4470 καὶ
3490 4417 3547 4470 οὐ
3576 4415 3702 4485 μόνον

2167 4500 2258 4552 καὶ
2303 4501 2454 4555 αὐτοὶ
2491 4502 2737 4571 εὐμενεῖς
2765 4507 2879 4567 τοῖς
2930 4504 3100 4570 ἀξίοις
3146 4508 3406 4575 γίνονται,
3458 4508 3583 4561 ἀλλά
3631 4502 3700 4558 καὶ

2168 4593 2575 4663 συμπράττουσι
2622 4597 2733 4657 τοῖς
2775 4594 3123 4667 βουλομένοις
3165 4600 3253 4651 τὸν
3289 4601 3383 4653 ἐπὶ
3434 4602 3559 4654 πᾶσι
3598 4596 3698 4651 Θεὸν

2164 4837 2277 4913 {Jb-7‘
2308 4837 2647 4907 ἡγησάμην·
2676 4840 2747 4913 ,ιδ
2772 4841 2932 4913 “yid.
2965 4842 3166 4913 Regius
3197 4856 3253 4900 et
3280 4845 3610 4902 Basileensis.
3636 4842 3699 4895 Li-

2163 4907 2245 4958 bri
2277 4905 2403 4959 vero
2436 4905 2595 4961 antea
2622 4912 2769 4971 editi,
2810 4905 2885 4965 ὧν
2919 4905 3076 4965 ἐστιν
3111 4916 3266 4979 εστὸς
3288 4919 3317 4968 ὁ
3351 4916 3462 4987 βίος
3482 4916 3697 4969 mils-.0-

2166 4970 2410 5034 ρίαι.’ὧν
2441 4979 2535 5034 οὑγ
2560 4980 2876 5034 ἡγησάμην.
2905 4931 3244 5034 llmsciielins
3287 4987 3338 5034 in
3376 4987 3613 5034 margine.
3638 4975 3697 5033 ὧν

2165 4970 2410 5054 ρίαι,’ὧν
2441 4970 2876 5054 ουχλὴγησάμην.
2905 4970 3262 5054 ΙΙᾳξδοὶιεΙὶιιέ
3287 4970 3613 5054 ἰη“ιιι;ἶι·ςὶιιε,
3638 4975 3698 5033 ὧν

2163 5044 2254 5095 ἐπί
2302 5062 2455 5109 εστος
2486 5044 2774 5116 δ’βίοςκα).
2800 5044 2914 5103 ἶστο
2956 5051 3030 5104 ίαι
3054 5045 3129 5105 ὧν
3156 5055 3256 5125 οὐχ
3279 5044 3581 5126 ἡγησάμῗην.

2234 5063 2347 5167 (55)
2384 5118 2544 5167 Ἵλεω
2575 5119 2736 5167 ἕγειν
2755 5067 3025 5167 εὐκτέίηκ
3049 5121 3141 5167 Sin
3174 5134 3320 5167 renln
3345 5128 3535 5167 habent
3562 5139 3581 5167 ρ

2234 5116 2347 5186 (55)
2384 5118 2544 5170 Ἵλεω
2575 5119 2736 5186 ἔχειν
2755 5116 3025 5174 εὐκτέον.
3049 5121 3141 5177 Sic
3174 5116 3535 5181 recté'habent'
3562 5119 3693 5177 codd-

2164 5182 2363 5253 Regius
2399 5194 2454 5239 et
2485 5182 2835 5244 Basil'eensis.
2890 5191 3039 5244 Libri
3099 5203 3281 5248 autem
3331 5196 3460 5249 editi
3489 5196 3535 5247 in
3572 5199 3692 5245 textu

2160 5254 2422 5331 omittunt
2460 5255 2625 5331 ἐχειν,
2657 5265 2719 5331 _e_t
2757 5260 2826 5331 in
2870 5260 3112 5331 margine
3155 5279 3254 5331 pro
3283 5264 3497 5318 εὐκτέον
3524 5264 3692 5331 habent

2161 5323 2366 5400 ἐκτέον.
2400 5323 2537 5400 Infra
2569 5328 2725 5400 codd.
2755 5328 2957 5400 Regius
2986 5323 3041 5384 Et
3068 5323 3416 5399 Basilecnsis,
3440 5334 3557 5397 τοὺς
3575 5325 3693 5383 ὲκεί-

2160 5409 2235 5463 νῳ
2264 5394 2449 5460 φίλους
2477 5395 2757 5463 ἀγγέλους.
2841 5394 2867 5400 ⁷
3404 5394 3414 5399 ⁷
3539 5394 3550 5397 ⁷

2196 5532 2208 5538 _
2230 5462 2343 5538 (56)
2372 5466 2809 5538 Συναίσθοντίιι
2844 5470 2973 5538 γάρ,
3010 5480 3116 5524 etc.
3161 5472 3359 5527 Guieto
3383 5472 3684 5538 scribitqﬂ"?

2157 5529 2390 5612 videtur,
2419 5529 2865 5612 συναισθάνονταὶ
2896 5529 3001 5612 γάρ
3028 5542 3134 5595 τῶν
3160 5542 3327 5607 ἀξίων
3353 5544 3439 5598 τοῧ
3464 5529 3598 5603 παρά
3620 5529 3686 5597 τῷ

2158 5600 2276 5672 Θεῷ
2313 5604 2664 5675 εὐμενισμοῦ.
