3866 6398
526 416 667 472 1619

599 531 744 588 Unus
769 528 838 582 sit
871 543 980 591 rex,
1014 525 1100 579 cui
1135 522 1279 578 dedit
1303 521 1448 590 ﬁlius
1485 521 1707 577 Saturni
1735 520 1925 576 versuti
1957 520 2024 573 ⁸⁸.

597 646 891 715 Additquc:
914 641 1029 696 Hoc
1052 641 1095 694 si
1120 639 1310 709 dogma
1334 637 1657 702 convelleris,
1689 637 1900 691 meritas
1919 651 2093 702 pwnas

529 747 634 816 regi
661 744 833 797 dabis.
863 740 1003 794 Nam
1031 741 1078 793 si
1109 748 1158 792 te
1199 753 1378 790 omnes
1414 737 1772 800 imitarentur,
1801 751 1890 790 nec
1923 750 2091 797 mora,

528 838 669 892 solus
706 850 800 890 res:
828 843 875 887 et
903 834 1137 886 desertus
1171 828 1573 897 relinqueretur;
1603 835 1651 880 et
1668 842 1987 897 quaecunque
2041 827 2094 877 in

529 940 668 982 terra
697 935 839 988 sunt,
875 926 928 976 in
957 923 1235 989 impiorum
1271 919 1363 972 illa
1395 927 1444 973 et
1469 918 1949 988 agrestissimorum
1973 917 2095 969 bar-

528 1022 776 1072 barorum
827 1015 1076 1068 ditionem
1108 1012 1360 1074 venirent,
1399 1009 1672 1079 cultusque
1727 1009 1805 1060 tui
1864 1021 2098 1074 verwque

1997 400 2328 458 ORIGENIS

3609 404 3710 458 16ἓῦ

2128 519 2174 574 Α
2201 514 2305 584 Εἷς
2316 519 2638 585 βασιλεὺς,
2655 510 2702 585 ᾧ
2715 519 2901 574 ἔδωκε
2917 519 3145 587 Κρόνου
3170 517 3307 584 παῖς
3327 516 3712 585 ἀγκυλομήτεω.

2201 632 2310 683 Καὶ
2338 631 2612 702 ἐπιφέρει,
2638 632 2737 696 ὡς’
2770 633 2872 686 Ἂν
2903 633 3076 688 τοῦτο
3120 632 3320 698 λύσῃς
3355 629 3418 682 τὸ
3447 629 3630 698 δόγμα,
3655 636 3714 685 ει-

2202 721 2392 785 κότως
2426 721 2734 789 ἀμυνεῖται
2765 736 2841 776 σε
2873 726 2906 776 ό
2927 723 3245 786 βασιλεύς.
3285 723 3354 773 Εἰ
3391 719 3492 788 γὰρ
3521 720 3576 772 τὸ
3604 723 3716 774 αὐτό

2203 825 2301 864 σοι
2349 811 2669 877 ποιήσειαν
2699 813 2978 878 ἅπαντες,
3022 811 3203 866 οὐδὲν
3234 812 3490 864 κωλύσει
3525 812 3615 863 τὸν
3632 812 3717 879 μὲν

2206 903 2678 972 καταλειφθῆναι
2716 907 2910 974 μόνον
2937 905 3035 959 καὶ
3071 905 3313 972 ἔρημον,
3347 902 3417 955 τὰ
3448 901 3495 954 δ’
3524 903 3608 954 ἐπὶ
3635 903 3715 972 γῆς

2204 995 2303 1047 ἐπὶ
2337 995 2462 1061 τοῖς
2497 998 2896 1066 ἀνομωτάτοις
2925 1016 2985 1051 τε
3027 997 3123 1050 καὶ
3154 993 3522 1064 ἀγριωτάτοις
3543 994 3719 1062 βαρϐά-

529 1106 807 1175 sapientite
853 1104 1026 1173 gloria
1053 1117 1116 1156 ex
1145 1097 1442 1152 hominibus
1471 1105 1814 1152 evanesceret.
1857 1094 2027 1164 lgitur
2054 1091 2097 1146 si

2221 1105 2332 1152 socc
2363 1087 2658 1155 γενέσθαι,
2687 1089 2785 1142 καὶ
2813 1089 2962 1158 μήτε
2991 1087 3098 1155 τῆς
3118 1085 3248 1152 ’σῆς
3275 1085 3579 1152 θρησκείας
3608 1083 3720 1152 μήτε

531 1213 753 1256 necesse
780 1208 863 1253 est
897 1206 956 1250 Ill

603 1449 649 1504 υ
906 1446 950 1478 ﬁ
1099 1373 1244 1427 Unus
1271 1373 1340 1426 sit
1378 1372 1638 1440 princeps,

655 1466 752 1503 nus
785 1463 874 1501 rex
964 1461 984 1500 :

655 1466 752 1503 nus
785 1463 874 1501 rex
907 1461 950 1478 "
964 1461 984 1500 ἔ

533 1561 693 1634 793
723 1561 769 1614 is
803 1557 963 1613 debet
993 1568 1111 1610 esse
1141 1568 1248 1608 non

711 1651 812 1705 Cui
844 1649 984 1703 dedit
1021 1647 1166 1715 filius
1196 1642 1423 1699 Saturni
1451 1639 1666 1703 versuti,

536 1749 632 1804 sed
665 1746 752 1802 cui
777 1743 928 1801 dedit
957 1741 1067 1804 ille,
1103 1739 1196 1808 qui
1219 1753 1366 1807 reges
1391 1734 1660 1788 constituit
1687 1741 1734 1785 et
1772 1726 1990 1784 destitui

537 1842 740 1911 quique
764 1836 947 1891 utilem
973 1842 1224 1886 rectorem
1247 1827 1466 1882 suscitat
1496 1826 1550 1878 in
1591 1832 1792 1891 tempus
1822 1834 1978 1888 super
2003 1826 2108 1871 ter-

538 1905 666 1986 {am'
687 1931 756 1986 ".
784 1927 970 1995 Neque
992 1923 1137 1978 enim
1161 1919 1251 1974 ille
1285 1917 1508 1972 Saturni
1553 1915 1605 1968 in
1651 1921 1936 1974 tartarum,
1969 1914 2029 1961 ut
2058 1905 2111 1959 in

1995 1737 2012 1780 ι
2041 1725 2108 1788 ³ο,

540 2023 748 2080 Graecis
799 2018 996 2074 fabulis
1059 2015 1275 2083 legitur,
1325 2008 1528 2077 deiecti
1568 2005 1729 2069 (ilius,
1781 2003 1869 2071 qui
1901 2009 2112 2070 patrem

540 2109 849 2167 deturbavit
880 2123 910 2161 e
932 2104 1087 2166 solio,
1111 2100 1396 2156 constituit
1435 2112 1614 2168 reges,
1643 2091 1991 2165 quantumvis
2013 2091 2114 2144 hoc

541 2203 666 2257 loco
693 2196 981 2268 allegorias
1011 2190 1529 2253 comminiscantur;
1554 2186 1648 2240 sed
1667 2197 1845 2239 rerum
1871 2180 2112 2235 omnium

545 2293 858 2348 moderator
906 2287 1050 2340 Dens
1093 2283 1244 2339 novit
1287 2281 1560 2353 quomodo
1593 2279 1867 2345 dispenset
1895 2287 2014 2343 qua:
2048 2270 2112 2323 ad

545 2399 734 2455 regum
765 2377 1208 2438 constitutionem
1234 2373 1532 2443 pertinent.
1562 2370 1763 2440 Dogma
1784 2368 1944 2438 igitur
1973 2361 2112 2418 istud

542 2474 922 2536 convellimus,

721 2563 819 2618 Cui
849 2562 992 2616 dedit
1015 2559 1161 2628 {ilius
1198 2553 1420 2611 Saturni
1457 2553 1673 2616 versuti,

547 2657 704 2728 gnari
738 2657 906 2710 Deum
937 2662 1028 2707 aut
1052 2649 1146 2706 Dei
1182 2647 1401 2702 Patrem
1435 2643 1570 2698 nihil
1603 2641 1881 2712 obliquum
1909 2645 1961 2694 et
2001 2648 2116 2690 tor-

548 2727 762 2803 tuosum
797 2745 954 2801 velle.
1007 2740 1116 2796 Sed
1163 2737 1386 2794 minime
1431 2739 1621 2806 dogma
1655 2731 2012 2789 convellimus
2049 2727 2116 2781 de

549 2838 923 2899 Providentia,
949 2845 999 2889 et
1033 2835 1101 2888 iis
1121 2845 1242 2902 quise
1266 2830 1379 2884 sive
1414 2827 1684 2897 praecipue
1707 2825 1820 2879 sive
1847 2836 1943 2892 per
1969 2834 2116 2890 qna:-

553 2933 674 2985 dam
700 2927 1097 2998 consequentia
1122 2922 1270 2978 facit.
1296 2918 1486 2990 Neque
1511 2919 1670 2975 etiam
1697 2915 1911 2969 meritas
1941 2927 2116 2982 ponas

552 3031 742 3090 repetet
774 3038 865 3075 rex
895 3036 961 3075 ex
1008 3020 1183 3084 nobis,
1215 3019 1258 3072 si
1296 3022 1556 3086 negantes
1589 3023 1816 3078 regnum
1855 3005 1928 3060 illi
1955 3021 1984 3058 a
2015 3003 2119 3058 Sa-

560 3116 704 3169 turni
741 3112 947 3168 versuti
983 3112 1092 3165 lilio
1121 3111 1305 3164 datum
1355 3106 1542 3165 fuisse,
1576 3098 1904 3154 allirmamns
1935 3095 2120 3151 datum

554 3221 675 3262 esse
729 3206 794 3260 ab
843 3218 908 3258 eo
947 3204 1039 3272 qui
1077 3215 1229 3272 reges
1260 3194 1540 3253 constituit
1587 3179 1640 3245 et
1695 3203 1860 3256 regno
1899 3186 2118 3255 spoliat.

553 3301 730 3368 Atque
765 3297 969 3351 utinam
1012 3294 1295 3348 imitentur
1327 3303 1410 3342 me
1453 3297 1665 3347 omnes,
1713 3290 1765 3335 et
1799 3288 1981 3346 spreto
2015 3275 2120 3329 llo-

554 3389 690 3443 meri
746 3388 1018 3457 dogmate,
1077 3383 1318 3437 divinum
1373 3379 1438 3433 de
1494 3389 1680 3444 regum
1734 3368 2125 3426 constitutione

559 3481 867 3545 admittant,
884 3486 936 3532 et
953 3483 1221 3546 prtecepto
1239 3468 1534 3526 honorandi
1555 3481 1708 3536 reges
1725 3469 1954 3534 pareant
1977 3475 1990 3510 :
2023 3459 2126 3513 hoc

557 3573 756 3641 posito,
771 3587 863 3625 res:
876 3584 974 3625 nec
986 3567 1128 3622 solus
1144 3575 1192 3620 et
1206 3568 1438 3618 desertus
1459 3559 1812 3628 relinquetur,
1829 3569 1924 3610 nec
1936 3569 1995 3606 ea
2011 3567 2128 3622 qua:

561 3667 614 3717 in
642 3673 782 3718 terra
807 3673 926 3716 sunt
957 3663 1012 3714 in
1037 3659 1314 3728 impiorum
1340 3666 1387 3708 et
1420 3652 1900 3724 agrestissimorum
1931 3646 2126 3700 barba-

563 3772 742 3810 rarum
773 3755 1024 3809 ditionem
1052 3751 1274 3806 venient.
1304 3748 1434 3802 Nam
1469 3747 1540 3811 si,
1567 3755 1626 3799 ut
1646 3742 1887 3810 loquitur
1913 3739 2125 3800 Celsus,

562 3848 700 3901 idem
735 3860 928 3901 omnes
949 3860 1014 3900 ac
1042 3859 1142 3913 ego
1179 3841 1414 3895 lacerent
1435 3879 1449 3902 ,
1486 3834 1672 3905 procul
1707 3833 1874 3889 dubio
1908 3829 2127 3886 barbari

561 3938 628 3992 ad
659 3938 752 3993 Dei
779 3937 1003 3992 verbum
1038 3934 1362 3990 accedentes
1409 3925 1692 3998 iustissimi
1724 3932 1780 3980 et
1809 3921 2131 3977 mansuetis-

563 4032 687 4086 simi
727 4031 946 4095 lierent,
993 4041 1157 4082 omne
1187 4024 1364 4080 cultus
1387 4034 1558 4090 genus
1587 4018 1983 4078 destrueretur,
2016 4012 2129 4068 sola

558 4123 769 4194 vigeret
799 4119 1233 4177 Christianorum
1286 4114 1512 4183 religio;
1551 4111 1694 4179 quod
1747 4108 1964 4176 quidem
2027 4105 2131 4159 ali~

560 4176 776 4283 quando
802 4212 1044 4266 iutltrum
1071 4218 1173 4271 est.
1200 4223 1323 4264 cum
1362 4176 1460 4260 ista
1490 4176 1680 4271 religio
1713 4200 1898 4270 plures
1931 4198 2032 4253 sibi
2074 4198 2117 4251 in

2233 4197 2612 4267 ταλυΘήσεται,
2663 4191 2797 4260 μόνη
2825 4187 2881 4240 δὲ
2919 4189 2952 4257 ἡ
3000 4183 3339 4257 Χριστιανῶν
3369 4183 3629 4254 κρατήσει·
3659 4176 3748 4242 ἣτις

560 4307 676 4362 dies
707 4304 917 4359 animas
935 4310 1242 4372 comparet.

629 4487 718 4542 69.
757 4485 959 4540 Deinde
1004 4499 1110 4538 non
1150 4480 1441 4535 advertens
1478 4479 1671 4534 Celsus
1698 4475 1880 4530 dicere
1915 4487 1974 4527 se
2009 4484 2128 4539 ιιιιιε

559 4578 688 4632 huic
724 4575 841 4644 ejus
871 4575 1015 4629 dicto
1045 4578 1349 4642 repugnant
1377 4587 1389 4623 :
1417 4569 1566 4623 Idem
1601 4569 1647 4620 si
1675 4580 1850 4619 omnes
1882 4580 1942 4616 ac
1972 4572 2024 4614 tu
2048 4561 2131 4629 fa-

559 4677 756 4731 cerent,
784 4663 860 4718 ait
886 4679 900 4716 :
927 4664 1078 4716 Certe
1107 4677 1210 4713 non
1251 4659 1473 4724 dixeris,
1501 4659 1546 4710 si
1576 4653 1802 4709 Romani
1847 4653 1939 4706 tibi
1974 4653 2130 4716 [idem

559 4757 827 4817 habentes,
853 4753 1099 4823 neglectis
1127 4751 1363 4804 omnibus
1393 4764 1510 4816 qum
1541 4747 1639 4801 sibi
1664 4761 1788 4814 erga
1820 4749 1942 4797 deos
1969 4755 2014 4796 et
2039 4743 2134 4794 Iw-

558 4850 724 4902 mines
744 4847 1052 4916 praescripta
1084 4845 1297 4913 fuerunt
1323 4842 1535 4913 oﬁiciis,
1579 4851 1728 4893 tuum
1757 4839 1904 4891 illum
1947 4835 2136 4891 Excel-

560 4957 701 5005 suns,
729 4949 819 4992 aut
840 4938 1020 5008 quovis
1047 4953 1164 4991 eum
1189 4936 1396 4989 nomine
1424 4931 1680 5004 appellari
1718 4930 1946 4998 placeat,
1984 4931 2130 4983 cole-

561 5043 713 5097 rent;
749 5032 1119 5084 descensurum
1143 5029 1293 5080 illum
1326 5043 1436 5081 esse
1462 5036 1508 5080 et
1533 5040 1627 5093 pro
1655 5025 1729 5077 eis
1754 5032 2129 5092 pugnaturum,

562 5122 711 5178 nullo
744 5121 852 5174 alio
885 5119 1203 5188 indigentem
1233 5119 1460 5172 anilia.
1514 5115 1656 5172 Nam
1693 5115 1829 5167 idem
1861 5113 1947 5167 ille
1995 5113 2134 5166 Deus

563 5215 690 5268 olim
727 5211 828 5265 sibi
855 5213 1052 5266 devotis
1079 5211 1191 5264 hwc
1226 5219 1272 5262 et
1299 5209 1380 5260 Itis
1411 5206 1575 5260 multo
1607 5206 1816 5268 maiora
1844 5203 2132 5272 pollicitus,

566 5314 623 5356 ut
655 5321 740 5358 vos
774 5303 972 5369 dicitis,
1003 5301 1173 5354 videte
1191 5306 1448 5366 quantum
1478 5294 1588 5348 illis
1615 5304 1661 5347 et
1688 5293 1826 5348 vobis
1849 5292 2132 5361 profuerit.

568 5393 690 5460 llis,
744 5397 929 5447 nedum
969 5394 1223 5447 universa:
1251 5401 1404 5443 teme
1436 5388 1537 5442 sint
1589 5385 1829 5450 Domini,
1885 5401 1948 5438 ne
1990 5383 2138 5454 gleba

650 5529 696 5560 ιε
735 5529 886 5582 Iliad.
921 5531 1011 5594 B',
1047 5529 1171 5582 205.
1251 5526 1293 5557 ὀ
1329 5523 1478 5578 Iliad.
1505 5525 1581 5591 B',
1611 5522 1735 5586 eos,
1767 5521 1893 5575 (ξοδ.

639 5667 752 5736 (77)
781 5666 936 5732 Mss.,
966 5667 1152 5722 ἔδωκε.
1182 5667 1336 5722 Libh.
1365 5673 1520 5720 antea
1550 5667 1700 5727 editi,
1730 5665 1950 5719 δέδωκε.

643 5737 760 5806 (78)
793 5735 864 5790 Τὸ
887 5736 986 5803 ὡς.
1020 5739 1220 5791 Censet
1251 5736 1565 5790 Boherellus
1594 5736 1879 5806 legendum
1902 5739 1962 5790 τὸ
1994 5737 2139 5799 ὅσον,

573 5804 663 5862 vel
688 5804 973 5863 delendum
996 5807 1076 5859 τό.
1121 5807 1345 5864 Guictus
1386 5807 1510 5873 legit
1541 5806 1660 5858 τότε
1702 5804 1795 5866 ὡς.

2210 1175 2319 1243 τῆς
2352 1178 2646 1245 ἀληθινῆς
2673 1179 2894 1247 σοφίας
2931 1179 2999 1232 ἐν
3040 1176 3372 1245 ἀνθρώποις
3400 1176 3482 1230 ἔτι
3509 1175 3723 1228 καταλεί-

2210 1271 2426 1323 πεσθαι
2462 1270 2661 1336 κλέος.
2691 1272 2750 1324 Εἰ
2782 1271 2880 1341 μὲν
2905 1266 2997 1324 οὖν

2920 1353 3119 1424 .....εἶς
3150 1358 3425 1426 κοίρανος
3445 1357 3606 1419 ἔστω,

2286 1422 2392 1494 Εἷς
2418 1428 2829 1495 ,ϐασιλεύς.....

2130 1541 2173 1596 Β
2270 1539 2368 1608 οὐχ

2284 1626 2358 1701 ⁷ῼ
2390 1632 2572 1686 ἔδωκε
2605 1632 2713 1704 (77)
2743 1635 2975 1700 Κρόνου
3006 1631 3146 1697 παῖς
3175 1629 3599 1701 ἀγκυλομήτεω,

2211 1722 2325 1774 ἀλλ’
2351 1715 2395 1790 ᾧ
2420 1723 2618 1778 ἔδωκεν
2643 1727 2674 1777 ό
2709 1724 3009 1778 καθιστῶν
3032 1722 3317 1787 βασιλεῖς
3347 1722 3438 1775 καὶ
3465 1717 3728 1790 μεθιστῶν,

2213 1815 2306 1867 καὶ
2330 1815 2423 1867 τὸν
2475 1816 2773 1885 χρήσιμον
2814 1817 2964 1870 κατὰ
2994 1815 3202 1884 καιρὸν
3253 1815 3492 1884 ἐγείρων
3536 1813 3619 1866 ἐπὶ
3646 1813 3728 1878 τῆς

2213 1906 2340 1977 τῆς·
2385 1909 2477 1961 καὶ
2509 1909 2608 1980 οὐχ
2645 1911 2672 1962 ό
2708 1909 2803 1962 τοῦ
2837 1908 3434 1981 καταταρταρωθέντας,
3461 1907 3530 1970 ὡς
3551 1907 3591 1959 οἱ
3611 1905 3728 1976 μῦθοι

2226 1997 2489 2068 Ἑλλήνων
2517 1998 2750 2068 λέγουσι,
2774 1999 2984 2070 Κρόνου
3017 1999 3133 2062 υἱὸς
3160 1999 3434 2060 ἀπελάσας
3465 1996 3627 2050 τοῦτον
3663 1995 3730 2064 τῆς

2214 2090 2410 2162 ἀρχῆς,
2441 2090 2728 2160 καθίστησι
2773 2090 3030 2160 βασιλεῖς,
3069 2090 3177 2143 οὐδ’
3200 2090 3266 2143 ἂν
3305 2090 3562 2160 ἀλληγορῇ
3581 2104 3648 2150 τις
3680 2087 3728 2138 τὰ

2216 2184 2354 2236 κατά
2379 2186 2501 2247 τοὺς
2525 2184 2738 2246 τόπουςο
2770 2183 2884 2235 ἀλλ’
2913 2186 2941 2235 ό
2976 2182 3193 2235 διοικῶν
3226 2181 3294 2234 τά
3335 2181 3600 2251 σύμπαντα
3626 2177 3724 2239 Θεὸς

2216 2272 2354 2329 οἶδεν
2373 2277 2401 2329 ὅ
2423 2294 2474 2329 τι
2503 2276 2630 2328 ποτὲ
2658 2278 2802 2328 ποιεῖ
2820 2273 2957 2327 κατά
2982 2275 3073 2327 τὸν
3094 2273 3260 2327 τόπον
3284 2272 3385 2342 τῆς
3399 2271 3502 2324 τῶν

2217 2368 2623 2431 καταστάσεως.
2661 2365 2873 2435 Λύομεν
2900 2361 2993 2418 οὖν
3015 2365 3075 2418 τὸ
3100 2364 3280 2435 δόγμα

2287 2543 2362 2620 ’ρ
2393 2549 2575 2603 ἔδωκε
2607 2548 2837 2617 Kpo’rov
2861 2547 3000 2611 παῖς
3027 2545 3468 2615 ἀγκυλομήτεω,

2219 2642 2368 2694 οὐδὲν
2392 2640 2623 2708 ἀγκύλον
2651 2640 2744 2692 καὶ
2769 2638 2979 2691 σκολιὸν
3007 2636 3287 2707 βούλεσθαι
3317 2635 3606 2706 πειθόμενοι
3618 2630 3734 2692 Θεὸν,

2219 2731 2252 2801 ἢ
2287 2731 2498 2800 πατέρα
2532 2729 2685 2784 Θεοῦ.
2717 2729 2791 2781 Οὐ
2819 2727 3015 2798 λύομεν
3048 2727 3105 2780 δὲ
3128 2727 3189 2780 τὸ
3210 2727 3384 2798 δόγμα
3409 2727 3467 2779 τὸ
3488 2725 3600 2796 περὶ
3629 2723 3736 2791 Προ-

2221 2823 2387 2887 νοίας,
2417 2824 2509 2875 καὶ
2547 2821 2653 2874 τῶν
2693 2821 2802 2874 εἴτε
2847 2819 3269 2892 προηγουμένως
3305 2821 3398 2872 ὑπ’
3427 2819 3580 2887 αὐτῆς
3600 2828 3738 2883 γιγνο-

2225 2915 2418 2986 μὲνων,
2448 2913 2557 2967 εἴτε
2585 2915 2678 2967 καὶ
2694 2914 2757 2965 ἐκ
2780 2911 2942 2965 τινῶν
2967 2910 3490 2964 ἐπακολουθούντων.
3524 2905 3642 2960 Ἀλλ’
3659 2902 3738 2956 οὐδ’

2220 3007 2459 3070 εικότως
2488 3006 2633 3075 ἡμᾶς
2683 3005 2969 3072 ἀμύνεται
2989 3002 3308 3067 βασιλεὺς,
3335 3002 3620 3075 φάσκοντας
3651 2996 3740 3067 μὲν,

2222 3101 2300 3152 ὅτι
2327 3099 2386 3150 ού
2417 3097 2621 3168 Κρόνου
2645 3097 2772 3158 παῖς
2798 3094 3187 3164 ἀγκυλομήτεω
3222 3093 3423 3146 ἔδωκεν
3446 3089 3581 3159 αύτῷ
3606 3088 3656 3140 τὸ
3676 3085 3742 3154 βα·

2226 3193 2472 3252 σιλεύειν,
2501 3192 2528 3242 ὁ
2556 3188 2610 3241 δὲ
2637 3186 2904 3257 μεθιστῶν
2943 3186 3178 3255 βασιλεῖς
3220 3186 3316 3238 καὶ
3359 3181 3628 3237 καθιστῶν.
3663 3175 3742 3232 Καὶ

2223 3284 2283 3336 τὸ
2320 3282 2449 3334 αὑτό
2474 3297 2535 3348 γε
2585 3278 2905 3330 ποιείτωσαν
2951 3294 3038 3347 μοι
3069 3271 3327 3339 ἅπαντες,
3356 3277 3416 3328 τὸ
3442 3275 3533 3345 μὲν
3564 3274 3742 3342 Ὀμηριι

2225 3372 2320 3425 κὸν
2362 3369 2716 3432 καταλύοντες
2757 3367 2954 3438 δόγμα,
2981 3366 3041 3419 τὸ
3087 3365 3145 3419 δὲ
3186 3364 3329 3417 Θεῖον
3372 3364 3498 3432 περὶ
3525 3358 3744 3431 βασιλείας

2225 3461 2538 3536 τηροῦντες,
2584 3462 2678 3514 καὶ
2723 3459 2783 3510 τὸ
2811 3457 2902 3511 τὸν
2944 3455 3166 3526 βασιλέα
3216 3456 3382 3524 τιμᾷν
3425 3453 3740 3521 φυλάττοντες·

2228 3559 2322 3614 καὶ
2345 3557 2407 3610 τὸ
2431 3555 2503 3619 ὡς
2544 3552 2651 3623 (78)
2677 3554 2734 3604 ἐν
2761 3549 3015 3605 ὑποθέσει
3046 3565 3108 3615 γε
3135 3546 3382 3618 τοιαύτῃ,
3411 3545 3527 3599 οὔτε
3552 3540 3744 3613 μόνοςό

2223 3647 2524 3715 βασιλεὺς
2576 3639 3132 3710 καταλειφθήσεται,
3181 3636 3292 3690 οὔτ’
3339 3636 3546 3706 ἔρημος
3595 3633 3742 3686 ἔσται’

2229 3742 2351 3795 οὔτε
2374 3739 2446 3793 τὰ
2476 3737 2575 3791 ἐπὶ
2608 3734 2720 3804 γῆς
2758 3732 2857 3786 ἐπὶ
2892 3729 3014 3796 τοῖς
3046 3728 3445 3798 ἀνομωτάτοις
3474 3725 3565 3779 καὶ
3591 3725 3746 3792 ἀτριωε

2230 3835 2429 3896 τάτοις
2455 3826 2777 3896 βαρϐάροις
2807 3825 2994 3877 ἐσται.
3021 3821 3083 3872 El
3113 3819 3245 3890 γὰρ,
3280 3818 3357 3882 ὡς
3399 3819 3542 3886 λέγει
3569 3812 3746 3869 Κέλσος,

2230 3927 2291 3979 τὸ
2314 3924 2446 3978 αὑτό
2472 3937 2558 3992 μοι
2587 3918 2871 3987 ποιήσειαν
2911 3915 3169 3976 ἅπαντες,
3198 3910 3441 3982 δηλονότι
3467 3908 3615 3962 καὶοί
3648 3900 3748 3971 βάρ-

2232 4018 2414 4086 δαροι,
2448 4011 2525 4082 τῷ
2546 4009 2690 4078 λόγῳ
2728 4004 2820 4059 τοῦ
2848 4002 2982 4057 Θεοῦ
3010 4001 3418 4073 προσελθόντες,
3446 3993 3748 4068 νομιμώτατοι

2233 4108 2465 4166 ἔσονται,
2495 4101 2589 4154 καὶ
2618 4097 2984 4169 ήμερώτατοι,
3009 4095 3103 4147 καὶ
3123 4094 3275 4153 πᾶσα
3307 4092 3403 4162 μὲν
3427 4086 3656 4162 emensis
3677 4097 3751 4132 κα-

2236 4292 2329 4344 καὶ
2357 4289 2489 4359 μόνη
2520 4282 2647 4337 ποτὲ
2684 4281 2966 4351 κρατήσει,
3006 4274 3100 4328 τοῦ
3127 4274 3289 4342 λόγου
3329 4272 3417 4326 ἀεὶ
3442 4269 3660 4328 πλείονας
3688 4278 3749 4313 νε-

2240 4380 2472 4454 μομένου
2503 4372 2700 4444 ψυχάς.

2308 4441 2439 4523 istm
2485 4441 2680 4517 ἑαυτοῦ
2741 4458 2814 4529 μὴ
2868 4456 3103 4518 ἀκούσας
3159 4455 3188 4506 ὁ
3246 4453 3452 4516 Κέλσος
3496 4450 3559 4503 τὰ
3605 4441 3750 4500 ἀνακό-

2229 4561 2393 4616 λουθα
2431 4555 2695 4616 εἰπόντος,
2723 4549 2820 4619 τῷ,
2845 4550 2912 4602 El
2934 4548 3042 4616 γὰρ
3077 4546 3143 4598 τὸ
3173 4548 3323 4599 αὐτό
3368 4559 3463 4597 σοι
3492 4540 3750 4603 ποιήσειαν

2231 4656 2514 4712 ἅπαντες,
2557 4643 2743 4712 φησιν,
2788 4641 2861 4692 οὐ
2901 4637 2985 4706 μὴ
3019 4635 3096 4703 δὴ
3132 4636 3310 4688 τοῦτο
3338 4633 3563 4703 φήσεις,
3601 4629 3665 4690 ὠς
3693 4623 3750 4673 ἂν

2233 4741 2578 4801 πεισθέντες
2623 4749 2727 4786 σοι
2770 4728 3032 4798 Ῥωμαῖοι
3075 4729 3173 4781 καὶ
3222 4727 3346 4780 τῶν
3376 4718 3753 4793 νενομισμένων

2233 4834 2436 4899 αὐτοῖς
2476 4827 2623 4896 πρὸς
2660 4823 2834 4888 θεούς
2871 4838 2935 4873 τε
2968 4819 3067 4874 καὶ
3093 4819 3442 4888 ἀνθρώπους
3469 4812 3751 4885 duellica»-

2242 4945 2358 4992 τες,
2384 4922 2489 4976 τὸν
2511 4919 2625 4972 σὸν
2649 4918 2960 4984 Ὕψιστον,
2985 4912 3042 4981 ,ἢ
3071 4911 3279 4965 ὅντινα
3307 4911 3514 4975 βούλει
3547 4913 3754 4974 προσκα-

2239 4991 2553 5074 λέσασθαι,
2594 5007 2870 5062 σέϐοιντο
2927 5005 3061 5076 (79),
3109 5003 3368 5068 καταϐὰς
3402 4991 3753 5068 ὑπείμιιχεῖται

2241 5107 2462 5169 αὐτῶν,
2505 5101 2602 5156 καὶ
2641 5097 2924 5166 οὐδεμιᾶς
2975 5095 3170 5163 ἄλλης
3207 5094 3403 5161 ἀλκῆς
3442 5090 3635 5156 δεήσει.
3667 5079 3749 5135 Καὶ

2241 5200 2350 5271 γὰρ
2375 5198 2662 5266 πρότερον
2687 5196 2718 5246 ό
2741 5190 2926 5254 αὐτὸς
2959 5189 3100 5252 Θεὸς
3119 5187 3240 5252 τοῖς
3265 5186 3649 5255 ’προσέχουσιν
3669 5175 3751 5225 σὺ·

2240 5290 2321 5356 τῷ
2349 5285 2533 5341 ταῦτά
2558 5299 2620 5336 τε
2651 5283 2748 5336 καὶ
2771 5280 2930 5335 πολὺ
2953 5277 3123 5348 μείζω
3148 5279 3394 5344 τούτων,
3427 5279 3503 5342 ὠς
3518 5271 3654 5343 ὑμεῖς
3672 5279 3753 5336 550'

2242 5400 2325 5444 τε,
2353 5376 2862 5447 ὑπισχνούμενος,
2885 5370 3058 5440 ὁρᾶτε
3080 5370 3200 5423 ὅσα
3223 5361 3754 5440 ὠφέλησενέκείνσιϊ

1971 5521 2014 5552 ³⁸
2056 5522 2189 5574 Dan.
2223 5536 2281 5583 ιι,
2317 5518 2412 5572 21.
2486 5515 2526 5546 ³¹
2573 5512 2741 5567 Eceli.
2770 5527 2826 5576 x,
2856 5509 2888 5560 4

2319 5661 2430 5731 (79)
2462 5657 2761 5731 Σέϐοιντο.
2803 5652 2929 5708 ﬂare
2953 5667 3058 5731 vox
3083 5651 3269 5731 nec_in
3299 5660 3452 5703 antea
3487 5641 3644 5731 editis,

2245 5731 2300 5787 in
2321 5713 2468 5785 ‘nis's.
2499 5730 2599 5782 hoc
2636 5727 2754 5781 loco
2789 5724 3080 5791 reperitur,
3113 5720 3208 5778 sed
3234 5733 3303 5776 ex
3333 5713 3647 5788 sequentibus
3669 5717 3746 5773 5'“

2247 5810 2323 5857 tet
2354 5815 2472 5856 esse
2501 5791 2916 5853 restituendam.
