3872 6600
236 467 375 522 Ili?!

1429 449 1708 523 CONTRA
1748 464 2020 521 CELsuu
2057 464 2185 522 LIB.
2222 462 2357 519 vin.

3351 454 3489 511 N22

229 598 303 634 τε
333 580 427 633 καὶ
476 576 643 647 ὑμᾶς.
673 570 781 632 Ὧν
821 576 946 643 τοῖς
970 577 1086 645 μὲν
1127 577 1259 631 ἀντὶ
1293 578 1398 632 τοῦ
1430 578 1543 648 γῆς
1574 580 1796 644 ἀπάσης

1920 580 2126 647 quidem
2161 587 2211 631 et
2242 572 2560 630 domuncula
2589 573 2786 640 reliqua
2824 572 2968 641 facta
2992 578 3101 637 est;
3131 581 3177 625 et
3211 587 3237 625 e
3266 572 3407 626 vobis
3437 572 3486 627 εξ

227 672 391 724 εἶναι
422 670 762 735 δεσπόταις,
795 668 920 721 οὐδ’
952 668 1126 721 ὁποῖά
1154 686 1244 734 τις
1266 667 1471 734 βῶλος
1495 668 1619 723 οὐδ’
1645 669 1815 721 ἑστία

226 762 673 815 καταλείπεται·
701 759 867 829 ὑμῶν
891 758 958 812 δὲ
974 759 1089 811 κᾶν
1116 755 1416 813 πλανᾶταί
1439 777 1528 825 τις
1559 760 1645 812 ἔτι
1668 762 1813 811 λαν-

225 853 454 918 θάνων,
481 852 638 908 ἀλλὰ
670 851 915 920 ζητεῖται
949 851 1097 919 πρὸς
1130 850 1388 905 θανάτου
1425 851 1622 919 δίκην.
1667 851 1814 903 Ἐπεὶ

220 944 291 996 δὲ
332 942 451 996 καθ’
492 942 744 994 ὑπόθεσιν
790 941 960 1012 ζητεῖ,
988 942 1037 994 εί
1075 940 1388 1003 πεισθέντες
1436 940 1692 1011 Ῥωμαῖοι
1738 940 1813 1011 τῷ

220 1032 571 1105 Χριστιανῶν
595 1032 755 1102 λόγῳ,
773 1032 880 1086 τῶν
915 1033 1049 1103 πρὸς
1075 1034 1198 1095 τοὺς
1220 1030 1634 1102 νενομισμένους
1660 1032 1814 1094 θεοὺς

217 1123 605 1195 ἀμελήσαντες
632 1125 726 1176 καὶ
752 1122 857 1176 τῶν
880 1123 1019 1177 κατὰ
1046 1125 1170 1187 τοὺς
1196 1122 1509 1193 ἀνθρώπους
1538 1124 1814 1194 προτέρων

216 1214 433 1284 νόμων,
453 1217 545 1267 τὸν
573 1215 831 1283 ’Ὕψιστον
859 1214 1117 1279 σέϐοιντο,
1142 1217 1194 1268 τί
1220 1214 1284 1268 ἂν
1308 1215 1629 1285 ἀπαντῆσαν
1649 1214 1811 1267 ἄκουε

214 1304 279 1355 τί
309 1306 530 1376 ἀρέσκει
557 1308 681 1377 περὶ
706 1306 908 1360 τούτων
937 1309 1087 1378 ἡμῖν.
1117 1307 1300 1379 Φαμὲν
1319 1307 1387 1372 δ’,
1416 1309 1519 1371 ὅτι,
1548 1307 1714 1375 εἴπερ
1737 1307 1813 1360 ἂν

216 1398 341 1451 δύο
381 1398 786 1468 συμφωνῶσιν
827 1398 887 1464 ἐξ
927 1400 1082 1471 ἡμῶν
1107 1400 1204 1453 ἐπὶ
1227 1399 1337 1467 τῆς
1368 1399 1481 1469 γῆς
1507 1400 1635 1467 περὶ
1673 1412 1812 1452 παν-

215 1486 333 1553 τὸς
382 1488 744 1557 πράγματος,
788 1486 859 1545 οὗ
901 1490 1010 1543 ἐὰν
1066 1490 1449 1558 αἰτήσωνται,
1494 1488 1809 1559 γενήσεται

212 1579 433 1645 αὐτοῖς
487 1582 644 1649 παρὰ
664 1582 780 1635 ’τοῦ
826 1581 895 1635 ἐν
954 1581 1081 1648 τοῖς
1124 1581 1398 1649 οὐρανοῖς
1437 1579 1663 1647 Πατρός
1692 1579 1810 1632 τῶν

210 1670 491 1725 δικαίων·
520 1672 697 1743 χαίρει
737 1673 844 1744 γὰρ
886 1674 1174 1744 συμφωνίᾳ
1197 1672 1304 1725 τῶν
1328 1672 1559 1740 λογικῶν
1585 1670 1738 1734 ζώων
1781 1674 1809 1724 ό

216 1763 382 1828 Θεὸς,
410 1764 504 1817 καὶ
532 1765 857 1836 ἐκτρέπεται
884 1766 981 1835 τὴν
1007 1766 1321 1833 διαφωνίαν·
1359 1765 1411 1817 τί
1441 1765 1543 1836 χρὴ
1572 1765 1808 1835 νομίζειν

1918 669 2035 738 quis
2067 669 2238 723 adhuc
2270 677 2409 722 errat
2435 666 2730 734 latitatque,
2757 674 2920 718 morte
2957 663 3258 732 plectendus
3284 664 3483 734 qua’ri-

1917 772 2025 814 tur.
2054 760 2318 827 Quoniam
2350 773 2479 814 vero
2507 771 2573 812 ex
2616 756 2901 829 hypothesi
2932 756 3129 825 quaerit
3181 757 3308 825 quid
3337 756 3484 810 acci-

1917 852 2086 917 deret,
2116 852 2159 907 si
2201 850 2434 905 Romani
2460 847 2827 904 Christianam
2850 848 3165 919 religionem
3189 846 3482 917 amplecte-

1919 952 2107 998 rentur
2125 952 2180 998 et
2204 942 2403 1011 spretis
2425 956 2545 1012 quae
2563 939 2948 1008 statuuntquid
2968 954 3094 1009 erga
3123 938 3253 993 deos
3274 947 3329 992 et
3353 953 3479 1007 erga

1915 1034 2165 1090 homines
2197 1031 2600 1089 observandum
2633 1032 2704 1086 sit
2744 1031 2987 1101 legibus,
3025 1030 3311 1085 Excelsum
3341 1030 3484 1085 cole-

1914 1136 2052 1192 rcnt,
2081 1126 2206 1180 andi
2232 1139 2484 1195 quamam
2528 1125 2628 1179 hac
2661 1125 2727 1178 de
2770 1137 2828 1177 re
2877 1130 3061 1176 nostra
3092 1122 3162 1177 sit
3188 1121 3479 1177 sententia.

1915 1215 2170 1281 Dicimus,
2207 1217 2251 1269 si
2275 1216 2379 1268 duo
2424 1229 2490 1269 ex
2535 1213 2693 1268 nobis
2721 1211 3077 1267 consenserint
3109 1226 3266 1279 super
3286 1219 3484 1265 terram

1912 1308 1976 1362 de
2003 1309 2145 1361 omni
2179 1324 2233 1362 re
2261 1323 2624 1377 quamcunque
2653 1304 2817 1376 794
2854 1305 3116 1371 petierint,
3144 1304 3249 1358 illis
3276 1304 3477 1373 factum

1910 1400 1977 1454 iri
2027 1416 2058 1452 a
2096 1400 2363 1469 jnstornm
2398 1396 2557 1451 Patre
2576 1398 2665 1467 qui
2698 1396 2752 1449 in
2784 1395 2926 1448 calis
2954 1405 3034 1449 est
3056 1394 3122 1448 ⁸⁸.
3164 1392 3489 1449 Πειεοιαιυτσ

1910 1492 2054 1547 enim
2089 1491 2229 1546 Deus
2259 1488 2573 1544 animalium
2615 1485 2841 1541 rationis
2887 1484 3210 1555 participum
3245 1495 3477 1540 consen-

1909 1584 2078 1650 sione,
2106 1591 2159 1637 ct
2187 1581 2583 1639 dissensionem
2634 1584 2951 1632 aversatur;
2980 1574 3117 1642 Quid
3156 1574 3477 1631 existiman-

1909 1678 2033 1729 dum
2064 1684 2148 1730 est
2174 1674 2219 1728 si
2252 1688 2359 1728 non
2389 1672 2565 1727 solum
2612 1670 2795 1740 pauci,
2828 1676 2888 1721 ut
2931 1681 3095 1730 nunc.
3138 1667 3233 1723 sed
3285 1681 3479 1723 omnes

1907 1763 2276 1819 Romanorum
2316 1762 2545 1831 imperio
2591 1760 2795 1816 subditi
2829 1758 3241 1815 consentirent?
3274 1759 3475 1813 Preces

216 1857 276 1909 εί
306 1855 382 1928 μὴ
424 1856 603 1926 μόνον,
637 1857 711 1921 ὡς
737 1857 850 1920 νῦν,
881 1858 1022 1911 πάνυ
1064 1856 1234 1925 ὀλίγοι
1274 1859 1628 1927 συμφωνοῖεν,
1671 1856 1796 1910 ἀλλὰ

1906 1855 2049 1909 enim
2102 1854 2309 1910 ferrent
2360 1853 2434 1906 illi
2478 1848 2649 1907 Verbo
2700 1852 2841 1921 quod
2897 1850 3028 1905 olim
3080 1848 3284 1904 Iudaeis
3338 1862 3476 1918 quos

216 1945 378 1997 πᾶσα
404 1947 437 2015 ἡ
486 1944 590 1997 ὑπὸ
647 1944 929 2015 Ῥωμαίων
963 1945 1136 2017 άρχή;
1187 1943 1431 2011 εὔξονται
1476 1944 1585 2014 γάρ
1606 1945 1683 2015 τῷ
1712 1946 1796 1998 καὶ

1907 1942 2146 2013 Egyptii
2172 1942 2663 2012 persequebantur,
2689 1938 2870 1993 dixit:
2911 1938 3169 1991 Dominus
3214 1936 3472 2007 pugnabit

215 2036 489 2107 πρότερον
525 2036 729 2091 εἰπόντι
770 2035 903 2107 πρὸς
936 2038 1061 2101 τοὺς
1092 2036 1369 2110 Ἐϐραίους
1395 2037 1801 2108 καταδιωκομέ-

215 2142 349 2189 κους
373 2126 476 2179 ὑπὸ
500 2128 812 2195 Αἰγυπτίων
839 2126 998 2197 λόγῳ
1034 2128 1247 2196 Κύριος
1285 2126 1612 2197 πολεμήσει
1651 2126 1803 2195 ὑπὲρ

212 2214 408 2285 ὑμῶν,
436 2218 533 2271 καὶ
573 2216 741 2287 ὑμεῖς
782 2217 1130 2287 σιγήσεσθευ
1159 2219 1254 2271 καὶ
1294 2217 1431 2289 μετά
1457 2218 1635 2287 πάσης
1666 2234 1804 2286 συμ-

213 2307 427 2373 φωνίας
455 2308 737 2379 εὐξάμενοι
780 2308 958 2379 πολλῷ
1000 2308 1248 2373 πλείονας
1287 2309 1602 2379 δυνήσονται
1630 2325 1801 2361 κατα-

212 2396 380 2452 λῦσαι
404 2398 630 2469 ἐχθροὺς
674 2396 1079 2463 ἐπιδιώκοντας,
1109 2399 1141 2471 ἢ
1170 2399 1266 2463 οὓς
1299 2399 1543 2453 καθεῖλεν
1574 2400 1606 2468 ἡ
1635 2401 1801 2454 Μωῦ-

214 2486 361 2550 σέως
390 2489 524 2558 πρὸς
550 2488 639 2541 τὸν
664 2488 795 2542 Θεὸν
825 2487 1053 2557 βοῶντος
1081 2490 1173 2542 καὶ
1215 2489 1321 2542 τῶν
1354 2491 1449 2543 σὺν
1474 2488 1621 2560 αὐτῷ
1646 2488 1797 2558 εὐχή.

219 2580 295 2631 Ἀ
326 2580 371 2633 δ’
398 2580 663 2651 ὑπέσχετο
695 2583 722 2635 ὁ
767 2582 896 2647 Θεὸς
922 2584 1034 2647 τοῖς
1060 2581 1285 2653 τηροῦσι
1311 2583 1401 2635 τὸν
1421 2582 1604 2653 νόμον,
1631 2583 1679 2634 εί
1728 2582 1800 2653 μὴ

212 2672 531 2742 γεγένηται,
574 2672 635 2725 οὐ
680 2673 758 2744 τῷ
784 2674 1074 2743 ψεύδεσθαι
1106 2673 1197 2726 τὸν
1224 2673 1376 2738 Θεὸν,
1405 2674 1463 2725 οῦ
1489 2675 1799 2745 γεγένηται,

213 2762 358 2815 ἀλλὰ
404 2763 481 2833 τῷ
527 2765 620 2817 ἐπὶ
662 2765 952 2836 συνθήκαις
990 2765 1270 2835 γεγονέναι
1316 2765 1413 2827 τὰς
1448 2765 1799 2833 ἐπαγγελίας,

212 2853 338 2914 ταῖς
367 2852 476 2920 (80)
506 2871 570 2906 πε
582 2854 634 2925 pl
657 2854 750 2907 τοῦ
780 2858 963 2927 τηρεῖν
998 2856 1088 2909 τὸν
1116 2855 1276 2926 νόμον
1303 2857 1397 2909 καὶ
1420 2855 1510 2908 τὸν
1538 2856 1677 2908 κατὰ
1712 2855 1801 2909 τὸν

211 2943 379 3012 νόμον
430 2942 561 3012 βίον.
591 2946 699 2997 Kal
743 2947 791 2998 εί
817 2945 939 2999 οὔτε
985 2946 1153 3017 βῶλος
1182 2945 1293 3000 οὔθ’
1331 2946 1484 3000 ἑστία
1533 2947 1801 3011 Ἰουδαίοις

212 3034 604 3089 καταλείπεται
639 3039 752 3100 τοῖς
777 3036 875 3101 τὰς
910 3039 1239 3107 ἐπαγγελίας
1276 3038 1368 3091 ἐπὶ
1405 3037 1694 3109 συνθήκαις
1728 3042 1802 3093 εί-

209 3124 463 3195 ληφόσιν,
487 3126 753 3180 αἰτιατέον
778 3130 955 3182 πᾶσαν
982 3129 1077 3198 μὲν
1107 3128 1286 3182 αὐτῶν
1308 3130 1407 3200 τήν
1433 3130 1796 3200 παρανομίαν,

210 3215 510 3286 ἐξαιρέτως
536 3216 591 3270 δὲ
624 3216 721 3288 τήν
748 3218 889 3273 κατὰ
922 3218 1018 3272 τοῦ
1065 3218 1259 3290 Ἰησοῦ.

297 3316 436 3369 Ἀλλ’
482 3318 533 3370 οί
586 3317 707 3371 καθ’
751 3318 1005 3372 ὑπόθεσιν
1051 3320 1261 3373 Κέλσου
1306 3321 1504 3383 πάντες
1563 3321 1627 3374 ἂν
1676 3340 1794 3376 πει·

211 3404 435 3469 σθέντες
489 3407 767 3478 Ῥωμαῖοι,
803 3410 1082 3481 εὐχόμενοι
1125 3411 1466 3482 περιέσονται
1502 3412 1609 3465 τῶν
1639 3412 1794 3466 πολε-

214 3494 376 3562 μίων·
410 3496 443 3566 ἢ
471 3497 593 3550 οὐδὲ
619 3496 716 3568 τὴν
740 3497 910 3569 ἀρχὴν
949 3499 1367 3569 πολεμήσονται,
1400 3501 1793 3572 φρουρούμενοι

210 3587 321 3640 ὑπὸ
360 3586 508 3652 θείας
556 3588 859 3659 δυνάμεως,
913 3589 1013 3659 τῆς
1052 3590 1141 3645 διὰ
1194 3593 1531 3663 πεντήκοντα
1557 3591 1794 3655 δικαίους

209 3680 375 3733 πέντε
429 3681 610 3745 πόλεις
648 3682 777 3745 ὅλας
804 3682 1277 3754 ὲπαγγειλαμένης
1316 3683 1596 3739 διασῶσαι.
1631 3683 1793 3746 Ἀλες

208 3770 323 3837 γάρ
339 3770 441 3824 εἰσι
464 3771 748 3841 τηρητικοὶ
763 3771 870 3825 τῶν
889 3772 1000 3843 (81)
1017 3772 1113 3842 τῆς
1138 3774 1228 3826 ἐπὶ
1244 3773 1346 3843 γῆς
1369 3774 1678 3837 συστάσεως
1699 3772 1791 3827 τοῦ

210 3859 420 3928 κόσμου
443 3860 492 3911 οἱ
528 3859 621 3913 τοῦ
645 3859 779 3915 Θεοῦ
814 3860 1108 3931 ἄνθρωποι,
1138 3863 1231 3915 καὶ
1260 3864 1552 3935 συνέστηκε
1580 3864 1649 3917 τὰ
1700 3866 1793 3919 ἐπὶ

210 3947 336 4017 γῆς,
363 3950 486 4003 ὅσον
518 3951 567 4004 οἱ
607 3949 732 4014 ἅλες
771 3950 830 4003 οὐ
867 3951 1178 4021 τρέπονται·
1236 3954 1369 4007 Ἐὰν
1391 3956 1503 4024 γὰρ
1532 3957 1597 4009 τὸ
1640 3957 1793 4024 ἅλας

205 4039 511 4108 μωρανθῇ,
546 4041 669 4095 οὔτ’
688 4044 774 4108 εὶς
806 4040 920 4112 γῆν
944 4042 1067 4095 οὔτ’
1090 4046 1177 4109 εὶς
1202 4046 1427 4113 κόπρον
1451 4049 1647 4116 ἰσχύει
1683 4048 1790 4113 ἔτι,

208 4128 371 4183 ἀλλὰ
389 4130 626 4199 ,ϐληθὲν
657 4132 773 4196 ἔξω
804 4132 1364 4200 καταπατηθήσεται
1395 4139 1513 4191 ὑπὸ
1552 4138 1669 4192 τῶν
1689 4140 1793 4193 ἁν-

210 4219 476 4286 θρώπωγ.
516 4222 579 4275 '0
600 4222 651 4276 δ’
666 4223 824 4292 ἔχων
845 4219 967 4278 ὦτα
987 4223 1249 4279 ἀκουέτω
1278 4226 1393 4289 πῶς
1426 4228 1598 4282 ταῦτα
1636 4231 1789 4300 λέγε-

209 4330 320 4365 ται.
340 4314 449 4365 Kal.
473 4316 633 4385 ἡμεῖς
666 4316 740 4379 δὲ,
763 4317 850 4370 ὅτε
876 4318 972 4388 μὲν
989 4318 1273 4389 ἐπιτρέπει
1296 4320 1323 4371 ὁ
1347 4319 1479 4382 Θεὸς
1502 4320 1579 4390 τῷ
1605 4322 1793 4393 πειρά-

211 4405 378 4487 ζοντι,
413 4407 535 4470 δοὺς
571 4408 816 4472 ἐξουσίαν
840 4410 937 4482 τὴν
963 4411 1057 4463 τοῦ
1090 4410 1305 4465 διώκειν
1335 4413 1501 4482 ἡμᾶς,
1529 4413 1792 4485 διωκόμεσ-

212 4494 297 4547 θα·
332 4498 419 4550 ὅτε
435 4498 479 4550 δ’
496 4501 524 4553 ὁ
547 4500 677 4563 Θεὸς
695 4500 945 4570 βούλεται
973 4503 1117 4557 τοῦθ’
1144 4505 1290 4575 ἡμᾶς
1320 4505 1393 4575 μὴ
1421 4505 1671 4577 πάσχειν,
1697 4511 1792 4562 καὶ

1903 2052 1999 2103 pro
2044 2036 2207 2099 vobis,
2258 2045 2305 2089 et
2356 2050 2446 2089 vos
2487 2033 2832 2096 tacebitis“;
2863 2040 2916 2085 et
2960 2034 3036 2087 sic
3080 2031 3323 2086 unanimi
3347 2045 3488 2085 con-

1905 2142 2065 2183 sensu
2098 2127 2305 2195 precati
2338 2126 2505 2180 multo
2524 2124 2708 2196 plures
2728 2133 2947 2192 possent
2975 2122 3243 2178 debellare
3271 2123 3485 2187 hostes,

1904 2234 2065 2286 quam
2098 2218 2294 2289 Moysis
2320 2219 2388 2271 ad
2416 2216 2584 2271 Deum
2619 2214 2909 2270 clamantis
2937 2224 2992 2269 et
3041 2230 3161 2269 cum
3189 2228 3253 2270 eo
3279 2213 3475 2283 depre-

1906 2312 2141 2367 cantium
2172 2311 2348 2367 oratio
2380 2310 2702 2381 proﬂigavit.
2738 2308 2856 2364 Jam
2886 2310 3028 2379 quod
3070 2322 3181 2364 sua:
3212 2307 3348 2377 legis
3370 2307 3467 2363 ob-

1905 2404 2249 2459 servantibus
2298 2404 2570 2473 pollicitus
2601 2412 2684 2457 est
2730 2403 2893 2464 Deus,
2923 2402 2967 2455 si
3010 2417 3113 2457 non
3163 2401 3468 2471 praestitum

1904 2506 2006 2560 est,
2021 2495 2178 2562 hujus
2197 2496 2449 2549 reicausa
2470 2508 2577 2549 non
2597 2502 2678 2547 est
2697 2493 2841 2563 quod
2856 2492 3015 2546 fidem
3039 2492 3181 2547 Deus
3204 2488 3475 2558 fefellerit;

1903 2590 1998 2643 sed
2027 2590 2171 2657 quod
2205 2587 2470 2657 promissa
2500 2587 2763 2656 perlicere
2791 2586 3022 2641 debebat
3046 2599 3110 2639 ea
3143 2583 3476 2651 conditione,

1904 2690 1961 2735 ut
1990 2681 2163 2751 legem
2193 2687 2478 2733 servarent
2504 2688 2558 2733 et
2589 2691 2655 2732 ex
2696 2678 2816 2749 lege
2848 2677 3113 2731 viverent.
3130 2675 3281 2743 Quod
3301 2676 3345 2731 si
3378 2675 3474 2732 Ju-

1904 2769 2031 2824 dacis
2060 2768 2150 2839 qui
2178 2769 2263 2824 his
2297 2767 2696 2824 conditionibus
2726 2768 2996 2839 promissa
3024 2779 3375 2838 acceperant,
3403 2783 3472 2824 ne

1903 2861 2057 2931 gleba
2106 2861 2355 2930 quidem,
2396 2869 2490 2915 aut
2542 2860 2865 2915 domuncula
2918 2859 3126 2929 reliqua
3178 2858 3323 2915 facta
3357 2857 3469 2921 sit;

1904 2952 2057 3021 culpa
2091 2966 2213 3006 cum
2244 2951 2299 3004 in
2339 2951 2521 3005 omnia
2553 2964 2743 3005 eorum
2785 2949 3037 3013 crimina,
3082 2958 3194 3004 tum
3244 2949 3297 3004 in
3340 2947 3477 3003 illud

1903 3044 2044 3113 quod
2069 3043 2125 3098 in
2153 3042 2335 3101 Iesum
2363 3052 2760 3113 perpetravere,
2785 3039 3113 3098 conferenda
3151 3049 3256 3095 est.

1974 3319 2064 3373 70.
2108 3318 2213 3375 Sed
2261 3319 2515 3387 Romani,
2555 3323 2621 3385 si,
2676 3320 2817 3390 quod
2857 3320 3009 3391 ponit
3062 3318 3272 3386 Celsus,
3309 3319 3469 3376 fidem

1896 3410 2182 3478 haberent,
2218 3411 2470 3480 precibus
2502 3412 2853 3467 devincerent
2902 3412 3118 3478 hostes,
3162 3420 3256 3466 aut
3290 3412 3471 3481 potius

1895 3501 2075 3556 nullos
2126 3516 2364 3571 unquam
2420 3504 2603 3557 hostes
2663 3502 3066 3571 experirentur,
3111 3510 3294 3572 utpote
3332 3517 3469 3572 quos

1896 3591 2196 3646 custodiret
2242 3592 2426 3646 divina
2472 3592 2561 3645 illa
2600 3600 2867 3662 potestas,
2899 3608 3021 3662 quae
3052 3602 3274 3664 propter
3304 3593 3471 3662 quin.

1895 3682 2154 3751 quaginta
2188 3682 2365 3751 justos
2398 3691 2539 3737 totas
2570 3683 2810 3751 quinque
2846 3683 3012 3736 urbes
3043 3696 3269 3738 servare
3310 3682 3466 3738 incoo

1895 3769 2067 3825 lumes
2094 3771 2331 3841 pollicita
2364 3770 2542 3826 fuerat
2571 3771 2633 3824 “.
2678 3772 2891 3828 Revera
2923 3771 3067 3827 enim
3104 3772 3349 3828 homines
3372 3772 3471 3828 Dei.

1894 3863 1973 3917 sal
2004 3870 2148 3927 sunt,
2189 3878 2297 3932 quo
2320 3874 2573 3918 servatur
2607 3864 2767 3934 hujus
2804 3866 2988 3920 mundi
3025 3865 3382 3931 constitutio;
3412 3873 3469 3921 et

1895 3956 2055 4023 hujus
2077 3964 2239 4009 terra:
2270 3971 2356 4011 res
2388 3965 2638 4023 perstant
2668 3957 2906 4027 quandiu
2941 3957 3020 4011 sal
3073 3956 3163 4013 ille
3202 3972 3305 4011 non
3334 3972 3462 4011 cor-

1893 4047 2165 4117 rumpitur
2197 4063 2210 4099 :
2243 4046 2386 4100 Nam
2412 4048 2457 4099 si
2495 4049 2576 4101 sal
2624 4049 2951 4117 infamatum
2990 4049 3171 4115 fuerit,
3217 4063 3378 4117 neque
3406 4048 3464 4102 in

1893 4148 2112 4203 terram,
2151 4155 2313 4208 neque
2351 4140 2405 4192 in
2446 4139 2831 4209 sterquilinium
2875 4140 3003 4193 utile
3041 4150 3136 4207 est,
3182 4141 3273 4194 sed
3315 4141 3463 4208 [oras

1892 4230 2111 4284 missum
2162 4230 2561 4283 conculcabitur
2612 4230 2676 4281 ab
2727 4230 3021 4283 hominibus
3046 4229 3114 4285 ⁸⁸.
3161 4228 3263 4293 Qui
3307 4230 3461 4284 habet

1892 4335 2066 4387 aures,
2105 4334 2213 4389 quo
2236 4334 2399 4374 sensu
2434 4321 2550 4374 haec
2584 4319 2855 4385 dicantur,
2888 4321 3097 4376 audiat.
3126 4322 3203 4375 Ac
3229 4336 3327 4377 nos
3346 4322 3465 4390 qui-

1891 4411 2038 4479 dem,
2070 4426 2195 4466 cum
2221 4412 2459 4464 tentanti
2487 4412 2628 4464 Deus
2661 4411 2754 4464 dat
2783 4425 2881 4465 nos
2917 4411 3276 4479 persequendi
3309 4420 3464 4481 pote-

1894 4513 2118 4569 statem,
2165 4503 2602 4574 persecutionem
2654 4505 2924 4573 patimur;
2975 4518 3099 4558 cum
3141 4513 3321 4559 autem
3349 4506 3463 4558 vult

209 4588 266 4639 ὲν
301 4589 542 4659 μισοῦντι
571 4592 718 4662 ἡμᾶς
752 4593 829 4663 τῷ
852 4593 1041 4665 κόσμῳ
1068 4596 1383 4667 παραδόξως
1409 4599 1629 4671 εἰρήνην
1656 4594 1785 4669 ἄγοέ

1902 4614 1991 4652 nos
2016 4597 2158 4653 Deus
2178 4598 2246 4651 ab
2274 4596 2362 4651 illa
2392 4595 2661 4651 immunes
2682 4610 2826 4662 esse,
2856 4596 2938 4651 vel
2967 4596 3018 4650 in
3051 4596 3232 4652 medio
3262 4596 3464 4651 mundo

212 4696 332 4748 μεν,
367 4680 458 4734 καὶ
486 4680 792 4753 θαρροῦμεν
824 4684 915 4736 ἐπὶ
947 4684 1025 4754 τῷ
1058 4686 1281 4739 είπόντι’
1323 4688 1624 4756 Θαρσεῖτε,
1672 4691 1786 4760 ἐγὼ

206 4772 493 4840 νενίκηκα
542 4773 648 4826 τὸν
698 4776 949 4843 κόσμον.
980 4777 1090 4830 Kal
1138 4776 1353 4848 ἀληθῶς
1402 4781 1654 4851 νενίκηκε
1696 4782 1786 4835 τὸν

208 4862 426 4934 κόσμον,
445 4864 631 4935 διόπερ
663 4866 742 4929 εἰς
769 4867 893 4920 ὅσον
924 4869 1151 4938 νικήσας
1175 4869 1334 4922 αὐτὸν
1367 4869 1608 4939 βούλεται
1649 4873 1782 4944 (82),

205 4952 382 5008 λαϐὼν
403 4956 510 5008 ἀπὸ
535 4956 628 5009 τοῦ
659 4957 868 5029 Πατρὸς
894 4960 953 5010 τὸ
982 4960 1136 5029 νικᾷν
1177 4960 1268 5014 τὸν
1299 4960 1521 5030 κόσμον’
1555 4964 1785 5036 θαρροῦ-

208 5062 305 5113 μεν
343 5045 401 5099 δὲ
438 5049 504 5117 τῇ
548 5046 755 5100 ἐκείνου
783 5047 928 5120 νίκῃ.
970 5049 1033 5100 El
1062 5050 1117 5101 δὲ
1145 5050 1389 5119 βούλεται
1436 5055 1594 5107 πάλιν
1631 5058 1777 5127 ἡμᾶς

205 5132 381 5187 ἀθλεῖν
411 5136 503 5189 καὶ
530 5135 889 5203 ἀγωνίζεσθαι
931 5136 1072 5205 ὑπὲρ
1100 5136 1374 5201 εὐσεϐείας
1411 5140 1540 5210 (85),
1572 5142 1777 5213 ήκέτω-

1892 4704 1989 4743 nos
2022 4688 2149 4743 odio
2174 4686 2412 4743 habente
2438 4702 2626 4756 pacem
2644 4687 2864 4756 agimus
2904 4687 3298 4753 incredibilem,
3330 4700 3462 4742 conc
3492 4706 3495 4709 λ

1891 4778 1972 4833 fisi
2010 4778 2174 4833 tutela
2204 4778 2320 4846 ejus
2361 4779 2451 4847 qni
2488 4778 2664 4832 dixit:
2712 4776 2994 4845 Conﬁdite,
3036 4794 3129 4847 ego
3162 4779 3257 4831 vici
3301 4794 3457 4831 mun~

1889 4872 2014 4923 dum
2049 4871 2113 4923 ³θ.
2160 4870 2224 4925 Ει
2254 4884 2441 4925 revera
2473 4869 2606 4923 vicit
2632 4870 2917 4936 mundum,
2944 4879 2997 4923 et
3022 4880 3307 4938 propterea
3340 4876 3460 4921 tan-

1890 4963 1977 5017 diu
2021 4971 2343 5030 potestatein
2396 4961 2559 5014 habet
2608 4961 2840 5015 mundus
2883 4961 3119 5031 quandiu
3176 4960 3289 5013 vult
3341 4960 3460 5029 ejus

1887 5054 2087 5116 victor,
2128 5054 2217 5121 qui
2250 5052 2390 5107 illius
2428 5053 2681 5106 vincendi
2728 5054 2935 5122 accepit
2973 5069 3000 5107 a
3024 5053 3183 5107 Patre
3220 5061 3459 5121 potesta-

1886 5154 2011 5199 tem.
2032 5143 2141 5198 llac
2168 5144 2282 5214 ejus
2296 5145 2518 5199 victoria
2538 5144 2880 5200 confidimus.
2900 5143 3055 5211 Quod
3083 5144 3128 5198 si
3150 5159 3245 5198 nos
3270 5157 3458 5197 rursus

275 5270 319 5301 "
361 5270 550 5348 higtth.
579 5286 734 5341 xvnt,
769 5274 851 5330 l9.
930 5274 975 5306 ⁸³
1016 5274 1188 5330 Exod.
1217 5291 1327 5343 xw,
1358 5277 1443 5332 14.
1522 5278 1568 5311 ³⁸
1602 5278 1737 5336 Gen.
1774 5297 1796 5336 ι

1902 5296 1929 5346 l,
1963 5279 2052 5334 26.
2132 5280 2175 5311 "
2216 5279 2343 5336 Luc.
2376 5296 2485 5348 xlv,
2510 5282 2598 5345 54,
2628 5280 2725 5345 55;
2752 5280 2943 5335 Matth.
2978 5296 3030 5347 v,
3060 5279 3143 5334 15.
3226 5279 3270 5313 ³⁵
3296 5276 3454 5336 Joan.

212 5353 293 5393 xvi
310 5382 324 5403 ,
361 5342 454 5400 55.

276 5456 388 5531 (80)
419 5456 573 5522 Mss.,
602 5461 741 5523 ταῖς.
776 5459 931 5515 Libb.
966 5460 1094 5516 editi
1124 5461 1246 5525 τάς.
1280 5462 1373 5516 sed
1407 5469 1629 5531 praestat
1659 5462 1776 5526 ταῖς

211 5538 262 5577 ιιι
285 5526 559 5604 referatur
594 5532 659 5604 ad
693 5531 1089 5604 praecedentem
1123 5546 1310 5587 vocem
1338 5526 1653 5604 συνθήκαις.

278 5596 390 5664 (81)
424 5596 563 5651 Τῶν.
598 5596 719 5652 lltec
750 5615 851 5653 vox
880 5600 1158 5656 abundare
1216 5610 1271 5657 et
1311 5596 1600 5657 recidenda
1630 5603 1781 5657 vide—

212 5674 320 5743 tur:
368 5667 705 5743 Paulopost
742 5684 897 5743 mss.,
929 5671 1053 5743 ὅσον
1080 5672 1130 5723 οἱ
1174 5671 1301 5743 ᾆλες
1352 5672 1413 5723 οὐ
1462 5672 1776 5743 τρέπονται.

212 5734 362 5812 μω).
393 5735 519 5812 editi
551 5734 602 5812 in
640 5745 813 5812 lentu,
833 5739 961 5812 δεον
984 5740 1057 5811 μὴ
1082 5742 1130 5793 οί
1168 5741 1292 5803 ἅλες
1320 5734 1645 5812 τρέπονται.
1679 5742 1780 5795 lbi-

361 5820 457 5873 pro
483 5807 657 5877 ίσχύει
692 5806 789 5875 ἔτι,
832 5806 1058 5880 Vulgata
1087 5811 1260 5867 Biblia
1306 5806 1530 5880 habent,
1562 5810 1779 5865 εὔθετόν

241 5891 341 5930 στι.

1955 5464 2072 5539 (δε)
2102 5464 2312 5539 ᾼιόπερ
2357 5468 2445 5539 είς
2483 5467 2665 5539 door”
2695 5473 2953 5539 νικήσας
3001 5467 3188 5522 αὐτόν
3232 5470 3458 5533 βούλε-

1886 5551 1999 5608 ται.
2039 5534 2325 5608 Doberello
2360 5538 2570 5608 videtur
2601 5534 3025 5608 aliquid'deesse
3051 5539 3193 5607 quod
3222 5541 3301 5594 sic
3328 5557 3457 5608 sup-

1886 5604 2232 5680 p_let,_6t_o7tsp
2270 5604 2453 5680 ἰσχύειΔ
2482 5608 2529 5680 ὁΔ
2557 5604 2757 5680 κόσμος
2789 5608 2869 5680 είς
2896 5608 3020 5680 ὅσον
3043 5604 3084 5680 ὀί
3105 5610 3331 5680 νικήσας
3359 5604 3460 5663 αὖ·

1881 5672 2274 5751 τὸνιβούλεται.
2324 5672 2490 5730 Paulo
2518 5672 3030 5733 infra'Hmschelius
3072 5677 3125 5732 in
3175 5672 3347 5743 textu,
3389 5683 3455 5751 τῇ

1888 5741 2112 5813 ἐκείνων
2148 5743 2295 5813 νίκῃ.

1887 5812 2276 5950 εὖ
2304 5814 2633 5883 εὐσεϐείας.
2665 5814 2828 5873 Codd.
2865 5816 2997 5891 Reg.
3030 5827 3084 5874 ct
3117 5817 3301 5885 BasiL,
3325 5834 3455 5888 περι
