3872 6594
225 420 252 476 1
264 421 380 478 625

1437 431 1721 490 CONTRA
1751 427 2030 486 CELSUM
2067 427 2194 483 LIB.
2237 427 2374 485 VIII.

3378 437 3516 496 1626

221 544 364 600 τινὰ
409 543 503 598 τὸν
529 545 937 618 συμϐαινόντων
981 547 1304 622 ίσχυρότερά
1351 551 1471 603 ἐστι
1505 549 1615 620 (91)
1650 550 1817 621 πάσης

1942 571 2204 627 negamus
2236 552 2406 608 ullum
2439 563 2563 604 esse
2593 546 2740 619 quod
2777 562 2807 603 a
2844 562 3101 620 supremo
3130 549 3307 609 Verbo
3328 563 3384 611 et
3409 555 3520 614 Deo

225 637 492 709 ἰατρικῆς
517 636 733 708 τέχνης·
767 637 940 701 οὕτως
975 638 1067 691 ἐπὶ
1097 639 1209 693 τῶν
1246 639 1434 711 ψυχῶν
1467 637 1606 694 εἶναί
1631 658 1686 694 τι
1723 641 1831 695 τῶν

219 729 347 783 ἀπὸ
375 729 596 795 κακίας,
628 730 889 784 ἀδύνατον
933 731 1039 783 ὑπὸ
1078 731 1172 784 τοῦ
1216 734 1308 786 ἐπὶ
1347 735 1482 787 πᾶσι
1529 733 1704 801 Λόγου
1737 731 1830 785 καὶ

218 822 374 876 Θεοῦ
391 821 815 894 θεραπευθῆναι.
851 823 1076 879 Πάντων
1100 824 1210 896 γὰρ
1239 824 1346 878 τῶν
1367 827 1426 878 ὲν
1454 827 1521 896 τῇ
1553 825 1698 895 ψυχῇ
1733 841 1831 878 κα-

219 912 351 965 κῶν
380 912 750 984 δυνατώτερος
795 912 870 966 ὢν
902 916 930 967 ὁ
964 914 1136 982 Λόγος
1184 915 1277 968 καὶ
1308 917 1340 986 ἡ
1378 917 1436 969 ἐν
1487 914 1637 986 αὐτῷ
1669 915 1830 984 θερα-

218 1005 387 1068 πεία,
440 1006 706 1077 προσάγει
751 1005 894 1060 κατὰ
926 1007 1177 1079 βούλησιν
1208 1007 1344 1062 Θεοῦ
1389 1009 1604 1078 ἑκάστῳ
1635 1008 1824 1078 αὐτήν

219 1098 334 1151 καὶ
365 1098 428 1151 τὸ
475 1098 626 1162 τέλος
657 1100 765 1153 τῶν
817 1102 1158 1172 πραγμάτων
1193 1100 1544 1172 ἀναιρεθῆναί
1578 1103 1693 1153 ἐστι
1730 1099 1828 1171 τὴν

219 1190 457 1243 κακίαν·
493 1191 722 1262 πότερον
755 1191 832 1254 δὲ,
869 1190 1012 1244 ὥστε
1047 1191 1270 1262 μηδαμῆ
1311 1191 1574 1262 μηδαμῶς
1607 1190 1686 1243 ἔτι
1729 1191 1828 1243 αὑ-

215 1283 335 1354 τὴν
387 1285 758 1355 ἐπιτραπῆναι
797 1285 907 1357 (9'2)
955 1284 1234 1349 δύνασθαι,
1270 1285 1303 1357 ἣ
1347 1284 1440 1356 μὴ,
1472 1285 1532 1338 οὐ
1567 1284 1660 1337 τοῦ
1693 1299 1830 1354 παρ-

216 1373 386 1437 όντος
433 1376 550 1428 εστ).
589 1375 748 1446 λόγου
783 1376 1011 1442 διδάξαι.
1055 1375 1230 1429 Πολλὰ
1265 1376 1361 1446 μὲν
1395 1370 1486 1428 οῦν
1532 1376 1586 1428 αἱ
1618 1390 1829 1446 προφη-

214 1472 376 1521 τεῖαι
409 1486 475 1522 πε
487 1470 538 1540 ρ).
565 1469 666 1540 τῆς
698 1470 994 1534 παντελοῦς
1019 1469 1355 1541 ἀναιρέσεως
1371 1467 1479 1520 τῶν
1504 1466 1710 1532 κακῶν,
1735 1467 1828 1520 κα).

216 1560 570 1632 διορθώσεως
600 1562 780 1632 πάσης
809 1562 1006 1632 ψυχῆς,
1043 1565 1100 1615 ὲν
1135 1562 1468 1632 ἀπορρήτοις
1497 1561 1606 1632 (95)
1642 1559 1828 1628 λέγου-

219 1667 336 1704 σιν’
370 1653 534 1723 ἀρκεῖ
568 1652 612 1705 δ’
642 1655 736 1707 ἐπὶ
763 1653 855 1707 τοῦ
892 1654 1159 1725 παρόντος
1195 1651 1534 1725 παραθέσθαι
1567 1653 1665 1722 τὴν
1720 1650 1828 1704 ἀπὸ

212 1741 322 1794 τοῦ
351 1743 608 1812 Σοφονίου
644 1745 788 1811 λέξιν
828 1744 1003 1808 οὕτως
1050 1723 1298 1814 ἔχουσαν*
1344 1742 1698 1813 Ἑτοιμάζου,
1731 1742 1827 1811 ὅρ-

1934 647 2113 702 curari
2148 651 2406 714 nequeat.
2434 641 2674 696 Verbum
2714 641 2864 696 enim
2897 640 3126 713 ejusque
3143 646 3377 700 remedia
3401 663 3522 702 om-

1933 740 2094 794 nibus
2115 739 2310 792 anima:
2343 735 2548 790 morbis
2575 734 2879 804 potentiora
2915 745 3064 800 sunt,
3095 750 3265 806 eaque
3301 738 3521 794 unicui-

1931 849 2038 904 que
2067 847 2168 902 pro
2199 831 2292 885 Dei
2326 829 2532 898 placito
2583 828 2862 885 admovet.
2890 827 3146 885 Omnium
3182 845 3363 886 rerum
3394 831 3520 889 linis

1931 925 2042 979 erit
2080 925 2345 978 vitiorum
2379 921 2639 984 abolitio;
2691 929 2874 974 utrum
2916 931 3099 976 autem
3128 921 3201 976 ita
3235 922 3344 977 sint
3389 924 3523 979 abo-

1933 1014 2124 1078 leuda,
2167 1022 2227 1066 ιιι
2266 1026 2546 1081 nunquam
2580 1009 2693 1065 ulla
2731 1025 2802 1064 ex
2842 1020 2997 1080 parte
3034 1014 3245 1067 renasci
3280 1014 3512 1083 possint,

1936 1107 2101 1179 796
2141 1120 2334 1170 necne,
2364 1103 2654 1175 praesentis
2706 1105 2978 1158 sermonis
3015 1121 3117 1160 non
3165 1115 3249 1162 est
3293 1107 3516 1164 docere.

1931 1201 2085 1266 Quod
2113 1199 2179 1253 ad
2223 1200 2490 1268 integram
2532 1197 2789 1252 vitiorum
2839 1196 3195 1253 abolitionem
3225 1200 3513 1270 omnisque

1932 1291 2129 1345 animae
2153 1290 2592 1346 emendationem
2625 1289 2841 1353 attinet,
2873 1297 3159 1358 utramque
3181 1289 3360 1344 multa:
3383 1305 3516 1359 pro-

1931 1382 2129 1452 phetize
2157 1381 2416 1437 obscuris
2459 1381 2638 1435 verbis
2667 1381 2983 1450 exprimunt
3015 1402 3027 1436 :
3069 1383 3163 1435 sed
3200 1382 3518 1451 impraesen-

1933 1473 2129 1527 tiarum
2167 1474 2303 1528 satis
2337 1482 2502 1528 erunt
2542 1473 2659 1528 haec
2695 1472 2991 1544 Saphonire
3027 1473 3192 1527 verba
3229 1490 3243 1526 :
3281 1472 3517 1529 Paratus

1929 1572 2063 1629 esto,
2095 1579 2252 1616 mane
2285 1562 2486 1633 vigila;
2517 1564 2871 1632 disperierunt
2897 1580 3072 1618 omnes
3101 1565 3295 1618 racemi
3312 1581 3515 1621 eorum.

1933 1653 2264 1721 Quapropter
2295 1665 2538 1723 exspecta
2558 1671 2659 1719 me,
2692 1656 2821 1708 dicit
2846 1654 3198 1721 Dominus,in
3222 1657 3307 1710 die
3332 1671 3516 1710 resur-

1931 1745 2182 1798 rectionis
2219 1761 2349 1799 mea:
2383 1746 2440 1798 in
2467 1746 2854 1812 testimonium,
2891 1747 3301 1816 quiajudicium
3343 1764 3517 1802 meum

215 1835 464 1900 θρισον·
492 1834 840 1905 διέφθαρται
863 1835 1029 1890 πᾶσα
1060 1838 1098 1904 ἡ
1124 1835 1449 1904 ἐπιφυλλὶς
1469 1834 1686 1889 αὐτῶν.
1724 1834 1817 1887 Διὰ

1929 1846 1984 1888 ιιι
2023 1852 2328 1904 congregem
2358 1846 2536 1904 gentes
2571 1845 2620 1888 et
2649 1837 2936 1904 suscipiam
2971 1853 3134 1906 reges,
3164 1846 3218 1889 ut
3242 1836 3516 1906 e/fundam

212 1899 404 1985 τοῦτο
436 1899 766 1998 ὑπόμεινϐν
790 1947 887 1999 με,
921 1899 1354 1999 λέγειῖΚύρνιος,
1491 1928 1681 1998 ἡμέρα
1710 1929 1817 2000 (94)

1930 1943 2088 1997 super
2113 1942 2200 1981 eos
2234 1942 2440 1979 omnem
2470 1925 2892 1995 indignationem
2924 1926 3126 1994 furoris
3149 1928 3272 1980 mei.
3301 1926 3370 1981 In
3396 1927 3516 1996 igne

212 2022 621 2089 ἀναστάσεώς
664 2040 804 2092 μου,
836 2025 923 2088 εὶς
971 2024 1317 2091 μαρτύριον
1360 2021 1509 2076 διότι
1541 2021 1607 2074 τὸ
1647 2022 1826 2091 κρίμα

203 2133 337 2184 μου
366 2118 456 2182 εἰς
485 2096 840 2186 συναγωγὰς
865 2111 1074 2176 ἐθνῶν,
1107 2113 1212 2167 τοῦ
1245 2112 1630 2178 εἰσδέξασθαι
1645 2113 1826 2177 βασι-

212 2207 374 2273 λεῖς,
410 2208 514 2261 τοῦ
543 2206 748 2277 ἐκχέαι
799 2207 892 2260 ἐπ’
926 2206 1149 2272 αὐτοὺς
1177 2205 1384 2260 πᾶσαν
1409 2205 1598 2274 ὀργὴν
1633 2205 1824 2274 θυμοῦ

213 2316 359 2367 μου.
411 2301 506 2352 Ἐν
557 2299 667 2369 γὰρ
714 2299 856 2368 :tvpi
895 2298 1006 2369 (95)
1040 2297 1223 2364 ζήλου
1253 2315 1372 2366 μου
1400 2297 1824 2362 καταναλωθῆ-

211 2404 390 2444 σεται
414 2389 584 2444 πᾶσα
617 2392 654 2460 7}
684 2389 779 2460 τῆο
815 2391 903 2444 ὅτι
921 2391 1054 2444 τότε
1071 2389 1470 2460 μεταστρέψω
1499 2389 1598 2442 ἐπὶ
1631 2388 1825 2454 λαοὺς

211 2483 616 2551 τ.-ιῶσσανεὶς
640 2482 852 2552 γενεὰν
871 2482 1084 2551 αὐτῆς,
1110 2482 1215 2536 τοῦ
1240 2481 1655 2535 ἐπικαλεῖσθαι
1672 2479 1824 2533 πάν-

213 2591 332 2642 τας
365 2575 428 2629 τὸ
457 2575 646 2646 ὄνομα
695 2575 945 2642 Κυρίου,
994 2575 1102 2629 τοῦ
1146 2574 1464 2628 δουλεύειν
1502 2573 1663 2639 αὐτῷ
1704 2575 1823 2628 ὑπὸ

215 2661 402 2734 ζυγόν
422 2665 548 2718 ἕνα.
608 2665 704 2718 Ἐκ
743 2664 1016 2732 περάτων
1053 2663 1336 2734 ποταμῶν
1373 2666 1685 2731 Αἰθιοπίας
1725 2666 1825 2718 θύ-

215 2772 407 2811 σουσι
440 2757 658 2822 θυσίας
711 2757 823 2828 (96)
861 2775 984 2827 μοι.
1029 2758 1126 2812 Ἐν
1164 2757 1239 2826 τῇ
1270 2758 1464 2826 ἡμέρῃ
1500 2758 1704 2825 ἐκείνῃ
1752 2761 1822 2812 οὐ

209 2849 302 2920 μὴ
330 2848 781 2920 καταισχυνθῇς
810 2849 879 2903 ἐκ
917 2849 1160 2903 πάντων
1180 2848 1302 2902 τῶν
1336 2847 1825 2918 ἐπιτηδευμάτων

214 2957 360 3004 σου,
395 2935 482 2994 ὧν
511 2940 822 3009 ἠσέϐησας
856 2943 943 3007 εὶς
982 2940 1106 3010 ἐμέ·
1131 2943 1222 2995 ὅτι
1256 2942 1392 2994 τότε
1423 2940 1676 3009 περιελῶ
1704 2940 1822 2994 ἀπὸ

214 3032 340 3087 σοῦ
366 3032 437 3087 τὰ
470 3033 865 3101 φαυλίσματα
915 3032 1019 3101 τῆς
1062 3030 1286 3101 ὕϐρεώς
1313 3048 1451 3095 σου,
1482 3033 1581 3086 καὶ
1622 3031 1824 3086 οὐκέτι

209 3123 302 3195 μὴ
343 3123 618 3193 προσθῇς
645 3124 758 3195 (97)
800 3123 905 3178 τοῦ
941 3123 1407 3194 μεγαλαυχῆσαι
1439 3124 1537 3178 ἐπὶ
1577 3123 1642 3177 τὸ
1684 3123 1823 3191 ὅρος

215 3215 289 3268 τὸ
304 3213 477 3284 ἅγιόν
508 3232 648 3284 μου.
679 3213 791 3267 Καὶ
823 3215 1231 3283 ὑπολείψομαι
1267 3215 1378 3286 (98)
1414 3214 1485 3268 ἐν
1527 3213 1626 3268 σοὶ
1668 3214 1823 3268 λαὸν

219 3305 422 3373 πραῢν
448 3307 545 3359 καὶ
572 3305 875 3360 ταπεινόν·
899 3305 998 3358 καὶ
1020 3304 1539 3374 εὐλαϐηθήσονται
1567 3305 1686 3361 ἀπὸ
1716 3305 1821 3360 τοῦ

218 3398 515 3467 ὀνόματος
543 3399 766 3467 Κυρίου
797 3401 852 3452 ol
896 3397 1248 3451 κατάλοιποι
1278 3397 1387 3452 τοῦ
1427 3398 1687 3468 Ἰσραὴλ,
1727 3398 1825 3452 καὶ

220 3491 294 3542 οὐ
317 3488 687 3556 ποιήσουσιν
706 3489 970 3555 ἀδικίαν,
1001 3489 1098 3542 καὶ
1117 3491 1189 3542 οὐ
1208 3489 1558 3556 λαλήσουσι
1577 3490 1820 3560 μάταια,

220 3581 324 3635 καὶ
355 3584 427 3636 οὐ
462 3583 549 3653 μὴ
577 3582 792 3653 εὑρεθῇ
827 3585 898 3638 ἐν
926 3584 1006 3651 τῷ
1049 3586 1301 3654 στόματι
1329 3582 1530 3638 αὐτῶν
1568 3582 1822 3653 γλῶσσα

219 3672 418 3728 δολίαο
447 3675 595 3729 διότι
629 3676 798 3730 αὐτοὶ
835 3676 1220 3747 νεμήσονται,
1253 3675 1354 3730 καὶ
1395 3675 1823 3742 κοιτασθήσον⁸

219 3782 335 3831 ται,
362 3767 459 3820 καὶ
493 3769 605 3822 οὐκ
637 3767 810 3822 ἔσται
847 3770 880 3823 ὁ
908 3768 1182 3838 ἐκφοϐῶν
1213 3769 1457 3834 αὐτούς.
1503 3769 1560 3821 ’0
1584 3767 1822 3838 δυνάμε-

220 3872 312 3919 νος
342 3856 410 3921 δ’,
444 3859 522 3922 εἰς
573 3857 746 3913 ταῦτα
784 3859 878 3913 ὅλα
914 3861 1013 3931 μὲν
1047 3863 1387 3930 κατανοήσας
1430 3859 1562 3931 (99),
1599 3859 1696 3931 τὴν
1729 3877 1822 3912 σα-

224 3947 450 4016 φήνειαν
497 3949 598 4020 τῆς
637 3951 976 4022 προφητείας
1017 3952 1442 4023 παραστησάτω,
1486 3951 1721 4022 μάλιστα
1769 3951 1816 4004 δ’

223 4037 553 4106 ὲξετασάτω,
600 4043 653 4096 τί
683 4043 763 4107 τὸ,
813 4043 1186 4116 ἀναλουμένης
1219 4044 1403 4115 πάσης
1437 4045 1535 4116 τῆς
1561 4045 1687 4115 γῆς,
1717 4061 1821 4113 με-

224 4133 633 4204 ταστραφῆναι
673 4134 770 4188 ἐπὶ
797 4134 988 4201 λαοὺς
1014 4136 1308 4204 γλῶσσαν
1346 4138 1434 4202 εὶς
1468 4137 1684 4205 γενεὰν
1719 4139 1820 4190 αὺ-

223 4225 347 4296 τῆς,
390 4225 652 4293 ἀνάλογον
679 4228 792 4288 τοῖς
838 4225 944 4294 πρὸ
976 4224 1083 4293 τῆς
1115 4227 1473 4296 συγχύσεως
1506 4227 1815 4298 πράγμασν

224 4319 316 4373 καὶ
334 4317 746 4387 κατανοησάτω,
764 4317 815 4369 τί
839 4317 900 4370 τὸ
926 4315 1302 4370 ἐπικαλεῖσθαι
1334 4316 1542 4380 πάντας
1560 4317 1620 4370 τὸ
1646 4317 1817 4388 ὄνομα

226 4409 451 4482 Κυρίου,
478 4408 570 4462 τοῦ
610 4407 883 4462 δουλεύειν
920 4407 1069 4479 αὐτῷ
1101 4407 1207 4460 ὑπὸ
1244 4407 1405 4476 ζυγὸν
1446 4408 1565 4472 ἕνα,
1609 4409 1685 4472 ὼς
1721 4425 1819 4461 πε-

227 4501 563 4575 ριαιρεθῆναι
591 4500 660 4555 τὰ
699 4501 798 4571 τῆς
839 4498 1052 4571 ὕϐρεως
1079 4499 1450 4570 φαυλίσματα,
1487 4498 1581 4551 καὶ
1619 4499 1817 4569 μηκέτι

1927 2023 2064 2078 enim
2092 2021 2193 2076 zeli
2219 2022 2323 2076 mei
2349 2022 2689 2076 derorabitur
2705 2023 2873 2074 omnis
2897 2032 3060 2076 terra.
3083 2023 3220 2087 Quia
3239 2034 3362 2076 tunc
3393 2039 3517 2076 con-

1927 2123 2128 2168 vertam
2153 2130 2310 2179 super
2336 2113 2560 2182 populos
2601 2113 2839 2183 linguam
2868 2115 2922 2166 in
2963 2116 3352 2184 generationem
3379 2114 3516 2183 ejus,

1928 2216 1986 2261 ut
2018 2207 2257 2261 invocent
2286 2221 2467 2259 omnes
2494 2193 2682 2260 nomen
2722 2205 2961 2266 Domini,
2986 2216 3032 2258 et
3068 2206 3299 2258 serviant
3333 2205 3379 2260 ei
3420 2205 3516 2258 sub

1919 2300 2053 2369 jugo
2081 2315 2210 2353 uno.
2250 2296 2337 2352 Ex
2366 2299 2560 2367 finibus
2587 2299 2870 2366 [luminum
2907 2295 3202 2366 ΑΞτίιὶορὶω
3231 2298 3517 2364 suscipiant

1926 2389 2196 2454 dispersos
2225 2406 2391 2454 meos,
2427 2389 2735 2442 mactabunt
2766 2388 3003 2442 victimas
3032 2387 3182 2442 mihi.
3210 2387 3276 2442 In
3301 2389 3388 2443 die
3423 2388 3517 2441 illa

1929 2496 2034 2532 non
2087 2480 2430 2549 confunderis
2477 2496 2543 2533 ea:
2595 2480 2838 2533 onmibus
2882 2480 3341 2533 adinventionibus
3385 2483 3514 2549 tuis,

1925 2574 2114 2644 quibus
2145 2573 2496 2640 prwvaricata
2519 2587 2571 2625 es
2607 2571 2662 2624 in
2691 2587 2807 2636 me;
2833 2571 2959 2640 quia
2991 2580 3116 2623 tunc
3145 2570 3390 2638 auferam
3413 2589 3445 2624 a
3468 2582 3516 2627 te.

1923 2667 2224 2719 irrisionem
2248 2662 2582 2717 contumelia:
2618 2674 2744 2726 tute,
2773 2671 2821 2716 et
2860 2661 3002 2716 ultra
3041 2679 3145 2715 non
3175 2663 3400 2732 adficies
3424 2679 3515 2717 ea:-

1925 2756 2084 2810 altari
2125 2754 2352 2824 amplius
2386 2756 2443 2808 in
2475 2763 2649 2807 monte
2671 2764 2852 2807 sancto
2883 2769 3017 2808 meo.
3051 2750 3120 2805 Et
3148 2753 3512 2819 derelinquam

1924 2851 1979 2902 in
2011 2861 2058 2903 te
2081 2848 2334 2917 populum
2367 2857 2702 2901 mansuetum
2733 2855 2779 2899 et
2808 2845 3158 2910 Irumilem,.et
3201 2847 3508 2900 revereban-

1924 2950 2013 2994 tur
2059 2957 2246 2994 nomen
2279 2939 2494 2993 Domini
2521 2940 2612 3009 qui
2644 2938 2840 3007 reliqui
2882 2937 3082 3007 fuerint
3112 2953 3178 2992 επ
3213 2935 3419 3003 Israel,
3467 2948 3515 2992 et

1925 3043 2028 3080 non
2061 3028 2255 3094 [acient
2309 3026 2668 3094 iniquitatem,
2711 3036 2758 3080 et
2806 3042 2910 3080 non
2941 3026 3229 3096 loquentur
3269 3042 3428 3092 vana,
3464 3038 3514 3083 et

1924 3133 2028 3171 non
2049 3119 2342 3173 invenietur
2368 3118 2422 3172 in
2448 3133 2538 3171 ore
2563 3133 2746 3170 eorum
2775 3117 2960 3187 lingua
2984 3117 3171 3172 dolosa
3201 3135 3221 3184 ;
3256 3119 3514 3189 quoniam

1925 3212 2026 3281 ipsi
2056 3220 2337 3279 pascentur
2378 3217 2430 3263 et
2459 3210 2813 3276 accubabant,
2847 3219 2895 3264 et
2923 3225 3026 3264 non
3048 3211 3148 3264 erit
3172 3210 3260 3280 qui
3285 3210 3404 3264 illos
3428 3227 3518 3266 ea)-

1927 3316 2117 3360 terreat
2137 3305 2205 3359 “.
2232 3304 2342 3371 Qui
2369 3303 2484 3358 hare
2514 3304 2695 3360 omnia
2731 3303 3043 3374 intelligere
3069 3303 3332 3372 potuerit,
3366 3303 3514 3357 illam

1926 3397 1972 3450 is
1999 3395 2347 3465 prophetiam
2376 3394 2635 3465 explicet.
2667 3393 2916 3461 lnquirat
2939 3395 3176 3450 maxime
3207 3395 3338 3464 quid
3372 3393 3516 3449 istud

1925 3487 2219 3558 signiticet,
2246 3493 2570 3554 consumpta
2606 3484 2754 3540 omni
2787 3495 2955 3552 terra,
2985 3502 3295 3540 conversum
3322 3485 3395 3539 iri
3423 3500 3520 3539 stt-

1922 3595 2015 3650 per
2032 3578 2505 3648 papuloslinguam
2543 3578 2598 3630 in
2621 3579 3011 3647 generationem
3041 3577 3177 3644 eius,
3210 3575 3520 3645 cuiusmodi

1923 3681 2046 3727 erat
2087 3680 2216 3723 ante
2268 3670 2656 3740 confusionem.
2688 3669 2813 3724 Haec
2849 3670 3014 3724 etiam
3046 3671 3379 3736 consideret,
3410 3670 3517 3726 Dc-

1928 3763 2059 3817 rniui
2096 3777 2291 3817 nomen
2327 3763 2394 3816 ab
2424 3763 2679 3818 omnibus
2714 3762 3024 3816 invocatum
3063 3763 3153 3826 iri,
3184 3772 3242 3817 ut
3270 3762 3516 3817 serviant

1923 3854 1973 3908 ei
2009 3867 2200 3908 omnes
2249 3852 2350 3906 sub
2399 3851 2533 3924 jugo
2574 3868 2704 3918 uno,
2741 3861 2794 3906 et
2831 3853 3114 3907 auferatur
3166 3853 3515 3908 contumelia:

1923 3947 2130 4012 irrisio,
2179 3961 2280 4002 nec
2319 3937 2554 4016 amplius
2595 3946 2667 4001 sit
2721 3946 3014 4014 iniquitas,
3076 3960 3178 4001 nec
3227 3960 3516 4001 sermones

1922 4039 2068 4106 vani,
2118 4054 2219 4094 nec
2262 4038 2444 4109 lingua
2489 4038 2696 4094 dolosa.
2751 4039 2933 4108 Atque
2967 4038 3082 4093 haec
3134 4037 3346 4106 paucis,
3395 4053 3508 4092 non

1924 4147 2057 4185 vero
2091 4131 2335 4201 diligenti
2372 4133 2747 4194 enarratione,
2789 4148 3098 4204 proponere
3122 4134 3296 4187 visum
3321 4143 3428 4199 est,
3453 4142 3515 4188 ut

1923 4221 2066 4277 Celsi
2089 4221 2423 4276 refutaretur
2444 4223 3032 4292 sententia,opinantis
3054 4226 3168 4280 ﬁeri
3195 4242 3301 4280 non
3329 4241 3517 4294 posse,

1923 4323 1982 4367 ut
2012 4313 2106 4384 qui
2133 4314 2345 4381 Asiam,
2387 4315 2654 4385 Europam
2699 4327 2753 4372 et
2783 4317 3011 4387 Libyam
3056 4319 3304 4374 incolunt
3337 4319 3514 4374 ϐιωςί

1921 4414 1975 4460 et
2000 4405 2243 4470 barbari,
2280 4406 2334 4460 in
2360 4422 2522 4460 unam
2548 4407 2719 4478 legem
2762 4411 3133 4464 consentiant.
3159 4416 3237 4465 Ac
3275 4410 3514 4465 fortasse

1922 4498 1974 4552 id
2009 4497 2195 4553 facere
2227 4512 2334 4552 non
2361 4509 2618 4566 possunt,
2656 4501 2746 4569 qui
2773 4501 2977 4571 degunt
3006 4502 3191 4556 adhuc
3221 4501 3276 4557 in
3312 4515 3509 4571 corpo-

224 4585 358 4644 εἶναι
403 4590 637 4655 ἀδικίαν,
684 4589 818 4662 μηδὲ
846 4589 1036 4658 λόγους
1079 4589 1360 4660 ματαίους,
1399 4588 1532 4659 μηδὲ
1556 4589 1809 4658 γλῶσσαν

1929 4604 2008 4658 re;
2047 4591 2142 4646 sed
2183 4600 2436 4660 poterunt
2467 4607 2589 4646 cum
2620 4593 2836 4648 liberati
2871 4609 3103 4663 corpore
3131 4595 3358 4651 fuerint.

224 4685 416 4742 δολίαν.
449 4685 634 4741 Ταῦτα
665 4687 709 4740 δ’
746 4683 893 4752 ἔδοξέ
930 4702 1019 4756 μοι
1043 4685 1301 4756 μετρίως,
1329 4685 1422 4737 καὶ
1451 4686 1510 4738 οὑ
1547 4685 1684 4757 μετὰ
1714 4687 1814 4756 τῆς
1849 4685 2114 4758 ἀκριϐοῦς
2140 4687 2468 4759 διηγήσεως,
2507 4688 2850 4761 παραθέσθαι
2897 4689 2984 4744 διὰ
3015 4691 3114 4761 τὴν
3153 4691 3361 4744 Κέλσου
3420 4690 3510 4744 λέ-

227 4779 320 4846 ξιν,
356 4781 605 4852 οἰομένου
644 4781 703 4834 τὺ
737 4781 1120 4851 συμφρονῆσαι
1158 4781 1284 4844 τοὺς
1316 4780 1414 4852 τὴν
1475 4780 1681 4845 Ἀσίαν,
1743 4782 1838 4835 καὶ
1877 4783 2172 4854 Εὐρώπην,
2229 4783 2339 4838 καὶ,
2382 4782 2610 4854 Λιϐύην,
2659 4782 2930 4854 Ἕλληνάς
2961 4801 3021 4836 τε
3072 4784 3165 4838 καὶ
3204 4784 3513 4857 βαρϐάρους

225 4873 522 4938 οἰκοῦντας,
563 4873 826 4928 ἀδύνατον
877 4869 1036 4928 εἶναι.
1083 4873 1194 4926 Καὶ
1243 4874 1384 4944 τάχα
1433 4873 1651 4946 ἀληθῶς
1696 4875 1957 4932 ἀδύνατον
1998 4876 2098 4948 μὲν
2151 4875 2212 4930 τὸ
2241 4876 2483 4931 τοιοῦτον
2511 4879 2623 4941 τοῖς
2653 4877 2731 4931 ἔτι
2761 4879 2820 4932 ὲν
2853 4877 3089 4949 σώματι,
3141 4879 3201 4932 οὐ
3251 4878 3356 4951 μὴν
3382 4877 3511 4933 ἀδύ-

225 4981 375 5018 νατον
402 4965 496 5016 καὶ
511 4963 861 5018 ἀπολυθεῖσιν
898 4964 1085 5020 αὐτοῦ.
3036 4965 3050 4976 ’

288 5055 401 5112 Εἴθ’
447 5059 574 5132 ἑξῆς
612 5059 986 5132 προτρέπεται
1028 5060 1176 5131 ἡμᾶς
1227 5063 1256 5114 ὁ
1296 5061 1503 5127 Κέλσος
1563 5063 1812 5134 ἀρήγειν

225 5151 298 5219 τῷ
309 5151 564 5217 ,βασιλεῖ
587 5151 767 5207 παντὶ
799 5151 1024 5216 σθένει,
1058 5153 1154 5206 καὶ
1182 5155 1521 5223 συμπονεῖν
1544 5155 1704 5222 αὑτῷ
1739 5156 1813 5211 τὰ

289 5290 335 5324 ⁸⁵
375 5281 736 5361 Sopltotht,
771 5294 826 5362 7,
864 5295 918 5359 8,
949 5295 1001 5357 9,
1039 5295 1128 5362 10,
1167 5295 1257 5362 11,
1297 5297 1385 5364 12,
1422 5297 1507 5352 15.

290 5403 403 5542 (91)
434 5403 592 5460 Libb.
622 5416 783 5462 antea
803 5409 955 5474 editi,
980 5405 1140 5474 εἶναι,
1176 5411 1339 5468 male.

313 5473 400 5542 92)
440 5473 886 5542 Ἐπιτραπῆναι.
929 5479 1109 5536 Mallet
1143 5482 1339 5539 Bohert

266 5473 400 5556 ~(92)
438 5473 886 5560 Ἐπιτραπῆναι.
929 5473 1504 5560 MallebBohereIlus,
1543 5487 1802 5560 ἐπιστρα-

230 5545 406 5625 φῆναι.
435 5545 700 5625 Caeterum
727 5545 792 5625 de
819 5550 919 5625 bac
945 5553 1249 5625 quastione
1286 5545 1538 5625 Origenis
1576 5545 1800 5612 sentcn-

1991 5063 2082 5118 75.
2126 5063 2329 5120 Deinde
2371 5080 2470 5120 nos
2512 5063 2706 5119 Celsus
2739 5065 2990 5120 hortatur
3029 5074 3086 5120 ut
3119 5069 3227 5138 regi
3259 5067 3384 5122 totis
3424 5068 3504 5121 vi-

1921 5156 2065 5211 ribus
2100 5173 2249 5227 opem
2290 5157 2544 5227 feramus,
2570 5160 2626 5213 in
2653 5158 2930 5229 justorum
2957 5158 3075 5230 ejus
3108 5159 3348 5214 laborum
3379 5177 3506 5229 par-

2124 5418 2359 5491 Eadem,
2391 5418 2526 5473 διότι
2558 5419 2619 5491 ἐν
2644 5421 2799 5491 πυρί.

2010 5418 2100 5483 95)
2135 5418 2359 5485 Eadem,
2391 5418 2526 5473 διότι
2558 5419 2619 5472 ἐν
2644 5421 2799 5491 πυρί.

1983 5418 2094 5611 (96)
2122 5486 2347 5553 Eadem,
2369 5489 2737 5561 προσδέξομαι
2766 5493 2824 5545 ὲν
2853 5489 3298 5562 διεσπαρμένοις,
3327 5491 3509 5547 οἴσον-

2024 5560 2203 5611 υσίας.
2240 5560 2420 5611 Atuue
2454 5562 2527 5611 ita
2563 5562 2876 5611 legendum.

1912 5575 1966 5612 σι
1989 5560 2203 5622 θυσίας.
2240 5560 2423 5629 Atque
2454 5562 2528 5615 ita
2563 5562 2876 5629 legendum.

232 5616 620 5718 tiamequrlitur
647 5620 789 5688 apud
821 5616 1074 5677 IIuetium
1125 5616 1575 5694 Origeniaiiorum
1603 5627 1699 5683 lib.
1733 5645 1796 5696 rt,

1983 5629 2096 5718 ἐξὲξ)
2132 5616 2270 5718 ἒὲεξοο
2300 5616 2553 5718 Missa
2583 5616 2853 5718 πὲάσιίιπς·

231 5695 411 5753 qruest.
449 5687 537 5739 11.
688 5687 694 5688 ⁷
1225 5687 1247 5694 ⁷
1781 5687 1794 5696 ’

294 5754 404 5784 [02\
438 5757 584 5784 l‘n.l.l
643 5755 755 5784 DA...
806 5770 851 5784 ..ι
917 5762 1058 5784 (1--"
1152 5764 1206 5784 ι-.
1242 5765 1310 5784 »μί
1358 5769 1370 5784 ς
1397 5768 1442 5784 υ
1641 5769 1656 5784 ι
1683 5770 1716 5784 η
1741 5771 1754 5784 ι

2132 5687 3003 5784 Xulgata'Iiibliaértofﬁiliwpat.
3025 5773 3049 5784 _
3069 5776 3086 5784 _
3231 5773 3242 5784 _
3375 5722 3382 5727 '

294 5700 773 5843 ἐξίιιίκξῖρς.
802 5770 856 5816 et
917 5762 1104 5830 Basi-L,
1147 5764 1206 5818 ὲν
1234 5765 1587 5842 ἀπορρήτοις.
1641 5769 1796 5828 Libb.

1981 5700 2096 5839 (98)
2132 5701 2358 5769 Vulgata
2389 5702 2586 5768 Biblia,
2617 5700 3003 5784 ὑπολῆψωμαι.
3375 5722 3382 5727 ·

2004 5771 2092 5843 99)
2135 5771 2188 5822 Ὁ
2202 5769 2655 5843 -δυνὰμενοςδκ
2687 5776 2775 5839 εὶς
2798 5789 2988 5828 ταυτα
3014 5773 3130 5827 ὅλα
3167 5773 3291 5843 μὲν
3322 5786 3502 5826 κατα-ι

232 5825 350 5898 editi
361 5825 390 5898 ,ί
402 5828 632 5898 év‘dnop

872 5942 886 5965 ,
922 5903 1000 5965 εἰς
1039 5904 1271 5965 ἡμέραν.

1929 5830 2163 5906 ροῆσας.
2189 5830 2419 5895 ϐιιίοιιῖε
2454 5830 2667 5897 dubitat
2690 5830 2766 5896 ari
2781 5845 3130 5902 scribendum
3162 5830 3255 5910 sit,
3283 5847 3312 5898 ό
3340 5843 3498 5896 δυνά-

1929 5928 2072 5965 sevo:
2099 5912 2164 5965 δὴ
2198 5911 2374 5965 ταῦτα
2399 5912 2496 5965 ὅλα
2515 5915 2870 5965 κατανοῆσαι.

389 5899 406 5968 )
444 5896 667 5967 Vulgata
694 5896 886 5969 Biblia,
922 5903 1000 5966 εἰς
1039 5904 1271 5978 ἡμέραν.

1912 5928 2072 5984 μενος
2099 5912 2164 5982 δὴ
2198 5911 2374 5966 ταῦτα
2399 5912 2496 5966 ὅλα
2515 5915 2870 5986 κατανοῆσαι.
