3866 6398
248 340 405 400 1629
1428 347 1710 405 CONTRA
1746 344 2020 402 CELSUM
2061 343 2189 400 LIB.
2225 343 2361 399 VIII.
3383 351 3514 407 1630

324 457 397 509 Ei
423 457 482 512 δὲ
505 457 756 528 βούλεται
774 461 961 533 apage
981 462 1188 526 Κέλσος
1215 464 1308 517 καὶ
1343 466 1670 535 στρατηγεῖν
1708 463 1809 516 ὐπὲ

2021 462 2110 515 74.
2137 461 2290 528 Quod
2318 461 2362 516 si
2394 458 2524 515 velit
2544 457 2735 515 Celsus
2761 459 2884 515 duci
2915 459 3077 516 etiam
3104 475 3134 516 a
3171 462 3329 518 nobis
3357 479 3515 520 exer-

243 548 522 618 πατρίδος
546 549 644 621 (6),
670 551 821 616 ἴστω,
862 554 946 606 ὅτι
973 555 1065 607 καὶ
1098 553 1270 607 ταῦτα
1305 555 1585 626 ποιοῦμεν,
1621 555 1682 608 οὐ
1713 554 1813 624 πρὸ

1949 552 2110 606 citum
2163 551 2228 604 ad
2266 549 2546 606 tutandam
2594 549 2849 619 patriam,
2889 550 3029 605 sciat
3079 551 3310 621 idipsum
3348 553 3514 623 798

242 636 309 688 τὸ
330 635 634 706 βλέπεσθαι
671 642 776 695 ὑπὸ
799 644 904 696 τῶν
937 643 1240 716 ἀνθρώπων
1263 686 1276 709 ,
1307 646 1400 699 καὶ
1433 645 1726 710 κενοδοξεῖν
1759 647 1813 698 έτ

1947 655 2162 712 quoque
2192 655 2220 693 a
2258 639 2416 694 nobis
2457 638 2599 702 ﬁeri,
2631 638 2726 695 sed
2755 653 2862 694 non
2897 649 2955 694 ut
2989 641 3056 694 ab
3084 641 3394 697 hominibus
3426 644 3510 696 vi-

240 726 463 795 αῦτῶν,
509 729 681 784 ταῦτα
738 734 1081 803 πράττοντες.
1154 735 1257 788 Ἐν
1305 733 1414 807 γὰρ
1472 734 1553 800 τῷ
1606 750 1813 802 κρυπτι

1945 733 2172 788 deamur
2190 739 2244 784 et
2275 729 2398 782 inde
2422 728 2706 797 gloriol‘am
2734 737 3037 798 captemus.
3063 729 3194 784 Nam
3214 731 3268 784 in
3291 732 3510 786 abscon-

239 816 437 885 ἡμῶν,
469 821 591 872 κατ’
620 821 750 874 αὐτὸ
771 823 832 875 τὸ
846 825 1192 894 ἡγεμονικὸν,
1225 824 1382 895 εὐχαί
1411 826 1572 887 εἰσιν,
1601 825 1813 892 ἀναπεμ

1943 826 2054 877 dita
2085 830 2269 876 nostro
2292 830 2345 872 et
2376 819 2566 872 intima
2612 829 2814 885 mente,
2845 820 3004 890 quasi
3035 823 3362 885 sacerdotes,
3384 823 3508 876 fun-

237 907 492 976 πόμεναι
526 911 603 975 ὡς
658 913 765 966 ἀπὸ
811 915 1018 986 ἱερέων,
1078 917 1218 988 ὑπὲρ
1267 917 1374 969 τῶν
1411 919 1466 969 ἐν
1514 919 1581 987 τῇ
1620 915 1840 986 πατρίδι

236 997 417 1066 ἡμῶν
448 1001 546 1073 (-7).
582 1004 898 1074 Χριστιανοὶ
927 1005 984 1059 δὲ
1017 1006 1215 1076 μᾶλλον
1239 1006 1586 1077 εὐεργετοῦσι
1613 1007 1709 1070 τὰς
1731 1023 1838 1058 πα-

234 1088 444 1158 τρίδας
475 1092 509 1163 ἢ
548 1095 598 1146 οἱ
629 1094 804 1148 λοιποὶ
835 1095 942 1149 τῶν
973 1095 1294 1167 ἀνθρώπων,
1330 1097 1672 1160 παιδεύοντες
1714 1098 1840 1159 τοὺς

240 1179 484 1245 πολίτας
505 1221 519 1246 ,
555 1185 648 1237 καὶ
686 1184 928 1238 εὐσεϐεῖν
958 1187 1300 1252 διδάσκοντες
1339 1190 1421 1252 είς
1445 1189 1536 1242 τὸν
1566 1188 1671 1241 τῶν
1703 1188 1836 1241 ὅλων

233 1269 382 1324 Θεὸν
417 1270 513 1343 (8),
549 1275 1020 1346 ἀναλαμϐάνοντες
1051 1281 1131 1342 εἰς
1158 1278 1308 1331 θείαν
1337 1278 1458 1332 τινὰ
1492 1279 1583 1332 καὶ
1612 1278 1838 1348 ἐπουρά-

235 1379 358 1415 νιον
409 1363 566 1416 πόλιν
616 1366 744 1429 τοὺς
795 1367 852 1419 ὲν
901 1372 1021 1431 ταῖς
1063 1368 1370 1439 ἐλαχίσταις
1418 1369 1605 1422 πόλεσι
1657 1370 1835 1434 καλῶς

1943 915 2122 968 (limus
2170 909 2238 963 ad
2273 910 2440 964 Deum
2475 923 2666 979 preces
2709 924 2806 978 pro
2854 911 3160 965 concivium
3197 921 3506 968 nostrorum

1941 1002 2302 1070 salute.Quin
2334 1002 2525 1074 patriae
2557 999 2730 1071 magis
2749 1010 2976 1070 prosunt
2997 1001 3317 1070 Christiani,
3345 1019 3505 1073 quam

1941 1095 2134 1163 reliqui
2166 1097 2432 1151 homines.
2464 1095 2606 1151 Suos
2657 1095 2801 1149 enim
2835 1095 2983 1150 cives
3021 1095 3298 1165 erudiunt,
3329 1097 3506 1165 pieta-

1944 1191 2048 1236 tem
2079 1183 2136 1238 in
2187 1185 2566 1241 universorum
2599 1184 2765 1238 Deum
2807 1185 3022 1249 docent,
3061 1196 3118 1240 et
3166 1185 3218 1239 in
3266 1185 3504 1240 divinam

1938 1274 2224 1336 quamdam
2259 1289 2322 1328 ac
2367 1275 2642 1329 caelestem
2681 1274 2959 1329 civitatem
2998 1274 3233 1329 evehunt
3281 1289 3378 1329 eos
3410 1273 3503 1343 qui

1939 1363 1991 1415 in
2018 1364 2254 1419 minimis
2285 1366 2402 1420 istis
2428 1366 2741 1422 civitatibus
2773 1374 2920 1421 recte
2963 1366 3171 1428 vivunt,
3201 1367 3504 1433 quibusque

1937 1453 2041 1507 dici
2079 1456 2250 1524 possit
2282 1473 2294 1510 :
2338 1456 2402 1512 In
2434 1459 2654 1511 minima
2688 1458 2838 1527 fuisti
2871 1457 3066 1526 ﬁdelis,
3110 1458 3226 1511 veni
3269 1455 3340 1508 ad
3387 1471 3503 1508 ma-

1935 1559 2090 1612 gnant
2111 1544 2271 1609 “,ubi
2307 1546 2444 1602 Deus
2465 1549 2605 1602 stetit
2630 1550 2684 1602 in
2707 1565 2970 1618 synagoga
2989 1548 3231 1613 deorum,
3253 1547 3306 1601 in
3329 1547 3502 1600 medio

237 1452 555 1521 βιώσαντας
575 1473 590 1486 ·
628 1456 762 1527 πρὸς
790 1456 883 1521 οὓς
899 1458 1105 1527 λέγοιτο
1151 1460 1214 1513 ἄν
1239 1478 1251 1490 ·
1303 1461 1404 1513 Ἐν
1437 1461 1511 1532 (9)
1544 1461 1835 1530 ἐλαχίστῃ

233 1543 424 1596 πόλει
462 1545 679 1612 πιστὸς
708 1546 938 1616 ἐγένου,
969 1544 1078 1619 ἧκε
1115 1550 1212 1603 καὶ
1247 1550 1345 1603 ἐπὶ
1380 1551 1496 1619 τὴν
1523 1552 1795 1622 μεγάλην
1818 1571 1830 1583 -

235 1635 380 1687 ὅπου
428 1635 573 1703 Θεὸς
619 1638 768 1706 ἔστη
817 1639 886 1692 ἐν
927 1638 1248 1710 συναγωγῇ
1281 1641 1447 1706 θεῶν,
1481 1643 1550 1696 ἐν
1576 1642 1736 1710 μέσῳ
1768 1643 1813 1696 δε

1936 1643 2110 1688 autem
2140 1637 2262 1690 deos
2304 1639 2586 1707 dijudicat,
2632 1649 2791 1708 teque
2826 1639 2931 1694 illis
2965 1648 3307 1707 annutnerat,
3340 1639 3501 1693 modo

237 1726 426 1792 θεοὺς
465 1726 782 1795 διακρίνει·
835 1731 929 1784 καί
985 1747 1044 1783 σε
1091 1732 1438 1803 συναριθμῶν
1482 1733 1664 1796 αὐτοῖς
1690 1774 1704 1798 ,
1741 1734 1813 1786 ear

1937 1741 2002 1780 ne
2041 1729 2276 1797 amplius
2328 1733 2464 1784 sicut
2496 1732 2650 1787 homo
2700 1733 2968 1801 moriaris,
3013 1741 3062 1788 et
3092 1733 3224 1788 sicut
3266 1747 3402 1787 unus
3435 1733 3501 1787 de

238 1816 454 1888 μηκέτι
499 1818 580 1884 ὡς
630 1819 939 1887 ἅνθρωπος
979 1801 1407 1891 ἀποθνήσκῂς,
1453 1823 1592 1892 μηδ’
1637 1824 1717 1889 ὠς
1747 1821 1813 1890 εἷς

1934 1821 2256 1890 principibus
2290 1823 2449 1878 cadas
2467 1823 2533 1879 “.

236 1905 365 1960 τῶν
398 1908 708 1976 ἀρχόντων
735 1910 978 1979 πίπτῃς.

308 1996 625 2068 Προτρέπει
657 1997 701 2050 δ’
732 1999 877 2069 ἡμᾶς
910 1999 1114 2063 Κέλσος
1144 2001 1237 2053 καὶ
1273 2000 1371 2053 ἐπὶ
1395 2001 1459 2054 τὸ
1494 2000 1700 2071 ἄρχειν
1721 2002 1831 2069 τῆς

235 2086 554 2155 πατρίδος,
591 2087 698 2141 ἐὰν
730 2087 835 2158 δέῃ
858 2090 956 2143 καὶ
986 2089 1160 2144 τοῦτο
1193 2091 1385 2145 ποιεῖν
1407 2092 1620 2146 ἕνεκεν
1643 2109 1832 2161 σωτη-

225 2179 376 2245 ρίας
426 2177 628 2249 νόμων
668 2180 766 2233 καὶ
813 2183 1144 2248 εὐσεϐείας.
1215 2183 1403 2254 Ἡμεῖς
1453 2185 1510 2238 δὲ
1541 2187 1598 2238 ὲν
1627 2186 1828 2256 ἑκάστῃ

231 2270 396 2322 πόλει
427 2269 558 2324 ἄλλο
600 2269 852 2342 σύστημα
899 2273 1156 2344 πατρίδος
1176 2314 1189 2337 ,
1243 2275 1456 2329 κτισθὲν
1472 2274 1628 2346 Λόγῳ
1656 2276 1791 2330 Θεοῦ
1810 2319 1824 2343 ,

233 2359 620 2429 ἐπιστάμενοι,
649 2361 775 2424 τοὺς
807 2361 1073 2427 δυνατοὺς
1095 2363 1236 2434 λόγῳ
1259 2363 1354 2419 καὶ
1388 2364 1488 2436 βίῳ
1515 2367 1659 2434 ὑγιεῖ
1686 2385 1828 2439 χρω-

235 2451 441 2520 μένους
473 2453 567 2504 ὲπὶ
600 2453 662 2506 τὸ
691 2453 879 2524 ἄρχειν
925 2453 1036 2524 (10)
1098 2456 1432 2528 Ἐκκλησιῶν
1477 2459 1825 2529 παρακαλοῦ-

240 2559 345 2611 μεν
371 2559 384 2572 ο
423 2543 526 2596 οὐκ
571 2543 956 2616 ἀποδεχόμενοι
1003 2546 1098 2615 μὲν
1131 2548 1257 2611 τοὺς
1289 2548 1616 2620 φιλάρχους,
1649 2549 1829 2620 βιαζόο

239 2650 397 2702 μενοι
439 2633 498 2686 δὲ
554 2635 680 2698 τοὺς
731 2635 819 2688 διὰ
870 2636 1070 2708 πολλὴν
1131 2638 1456 2709 μετριότητα
1498 2639 1594 2710 τὴν
1642 2640 1825 2711 κοινὴν

234 2723 496 2795 φροντίδα
528 2724 632 2795 τῆς
675 2726 995 2798 Ἐκκλησίας
1031 2728 1126 2782 τοῦ
1161 2728 1297 2783 Θεοῦ
1346 2730 1420 2800 μὴ
1470 2730 1822 2802 βουλομένους

2002 1991 2086 2046 75.
2122 1990 2232 2045 Nos
2256 1991 2418 2045 etiam
2452 1992 2521 2044 ad
2553 1993 2891 2061 magistratus
2917 2010 3010 2062 pro
3039 1995 3213 2062 patria
3252 1996 3500 2065 gerendas

1929 2085 2176 2138 hortatur
2209 2083 2396 2139 Celsus
2415 2123 2429 2146 ,
2470 2085 2514 2138 si
2544 2085 2615 2136 ad
2643 2087 2863 2138 tuendas
2908 2085 3041 2155 leges
3069 2086 3415 2151 pietatemque
3445 2087 3500 2140 id

1928 2178 2068 2246 facto
2103 2193 2231 2246 opus
2261 2185 2354 2229 est.
2389 2175 2494 2230 Sed
2523 2190 2624 2230 nos
2656 2176 2749 2245 qui
2795 2177 2995 2230 scimus
3025 2176 3077 2230 in
3113 2177 3334 2248 singulis
3361 2177 3498 2233 civi-

1928 2267 2127 2340 tatibus
2175 2266 2331 2319 aliam
2378 2280 2497 2320 esse
2537 2267 2762 2335 patriam
2812 2281 2842 2319 a
2882 2267 3056 2322 Verbo
3092 2265 3188 2320 Dei
3228 2267 3496 2323 constitu-

1925 2368 2054 2420 tam,
2078 2373 2171 2412 eos
2199 2366 2253 2412 ut
2277 2357 2543 2412 Ecclesias
2579 2367 2766 2429 regant
2794 2358 3100 2427 hortamur,
3119 2359 3209 2429 qui
3245 2367 3496 2429 potentes

1925 2463 2175 2504 sermone
2225 2458 2280 2502 et
2317 2464 2548 2517 quorutn
2590 2464 2770 2503 mores
2803 2450 2920 2504 sani
2973 2459 3118 2504 sunt.
3169 2449 3272 2514 Qui
3315 2450 3493 2522 digni-

1925 2550 2061 2596 tates
2092 2548 2303 2603 amant,
2353 2555 2446 2595 eos
2495 2541 2874 2610 repudiamus;
2923 2539 3164 2610 cogimus
3203 2556 3334 2594 vero
3372 2540 3492 2596 illos

1921 2631 2010 2699 qui
2054 2646 2164 2700 pra:
2207 2631 2372 2685 multa
2416 2630 2676 2684 modestia
2720 2645 3061 2684 communem
3107 2629 3360 2683 Ecclesiae
3393 2631 3488 2684 Dei

1923 2723 2184 2779 curamin
2221 2739 2280 2780 se
2318 2723 2478 2778 facile
2515 2723 2754 2792 recipere
2790 2720 2994 2777 nolunt.
3019 2721 3199 2791 Itaque
3216 2722 3306 2793 qui
3331 2721 3491 2777 nobis

233 2815 530 2884 προπετῶς
560 2815 936 2895 ἀναδέξασθαι.
961 2820 1072 2873 Καὶ
1091 2821 1138 2872 οἱ
1166 2821 1347 2884 καλῶς
1377 2822 1634 2893 ἄρχοντες
1665 2821 1813 2893 ἡμῶν

1924 2818 2195 2888 sapienter
2223 2825 2482 2887 praesunt,
2514 2815 2566 2871 id
2603 2815 2677 2869 illi
2709 2814 2879 2870 coacti
2910 2813 3138 2880 faciunt,
3181 2814 3381 2880 coacti,
3409 2813 3489 2868 in-

235 2903 558 2972 βιασθέντες
595 2906 934 2978 ὑπάρχουσι,
966 2908 1060 2962 τοῦ
1096 2910 1330 2980 μεγάλου
1363 2911 1626 2980 βασιλέως
1651 2914 1813 2983 ἀναγ-

1924 2923 2107 2980 quam,
2139 2924 2168 2963 a
2205 2923 2400 2978 magno
2430 2907 2521 2962 illo
2543 2905 2709 2974 Rege,
2739 2920 2898 2975 quem
2926 2906 3019 2962 Dei
3055 2905 3249 2960 Filium
3282 2905 3451 2960 Deum
3471 2932 3486 2944 -

233 2993 518 3058 κάζοντος,
555 2994 615 3047 ὃν
674 2997 1018 3069 πεπείσμεθα
1078 2996 1215 3053 εἶναι
1275 3001 1396 3054 Υίὺν
1439 3002 1598 3067 Θεοῦ,
1651 3004 1813 3074 Λόγον

1924 3017 2023 3072 que
2057 3001 2288 3056 Verbum
2315 3015 2438 3056 esse
2461 3014 2776 3070 persuasum
2803 2999 2958 3055 nobis
2996 3006 3100 3054 est.
3131 2997 3286 3065 Quod
3311 2998 3355 3052 si
3381 2999 3477 3068 qui

233 3081 389 3135 Θεόν.
426 3085 537 3137 Καὶ
574 3086 622 3137 εί
655 3085 834 3150 καλῶς
864 3088 1121 3157 ἄρχουσιν
1152 3090 1262 3160 (Η)
1301 3092 1349 3144 οἱ
1381 3092 1637 3164 ἄρχοντες
1667 3095 1724 3147 ὲν
1752 3097 1813 3166 τῇ

1924 3094 1976 3147 in
2014 3092 2253 3148 Ecclesia
2309 3102 2568 3163 praesunt,
2611 3092 2712 3147 hoc
2743 3099 2831 3147 est
2868 3091 3125 3148 Ecclesiae
3165 3091 3340 3147 vocati
3380 3106 3483 3144 an-

247 3174 569 3246 Ἐκκλησία,
611 3175 711 3246 τῆς
746 3177 886 3230 κατὰ
919 3178 1050 3232 Θεὸν
1083 3180 1358 3250 πατρίδος,
1408 3183 1551 3251 λέγω
1611 3184 1668 3237 δὲ
1720 3186 1813 3258 τῆς

1924 3183 2144 3247 tistites,
2181 3182 2254 3236 illi
2288 3197 2409 3252 qua:
2443 3183 2740 3237 secundum
2792 3185 2959 3239 Deum
2989 3192 3075 3239 est
3104 3186 3312 3254 patriae,
3343 3190 3488 3239 recte

243 3262 574 3332 Ἐκκλησίας
598 3265 876 3337 λεγόμενοι
903 3270 1218 3339 προστάται,
1250 3272 1281 3342 ἢ
1309 3274 1402 3326 καὶ
1426 3275 1653 3345 ἄρχουσι
1676 3277 1813 3330 κατὰ

1924 3284 2184 3341 praesunt,
2214 3283 2305 3325 aut
2337 3287 2401 3325 ex
2427 3272 2756 3341 przescriptis
2779 3287 2807 3325 a
2836 3274 2945 3339 Deo
2987 3273 3195 3344 legibus
3223 3282 3484 3343 prmsunt.

229 3355 301 3407 τὰ
342 3355 449 3408 ὑπὸ
501 3356 600 3409 τοῦ
625 3357 760 3410 Θεοῦ
802 3364 1268 3433 προστεταγμένα,
1299 3365 1450 3419 οὐδὲν
1483 3367 1631 3437 παρὰ
1659 3367 1813 3422 τοῦτο

1924 3373 2208 3430 propterea
2240 3361 2313 3415 illi
2347 3361 2494 3416 nullo
2528 3362 2686 3415 modo
2717 3363 2784 3416 ab
2814 3362 3062 3417 humanis
3105 3363 3486 3417 contaminan-

234 3444 556 3513 μολύνονται
589 3447 695 3501 ὑπὸ
720 3448 828 3502 τῶν
855 3449 1024 3504 θετῶν
1055 3453 1254 3524 νόμων.
1290 3457 1399 3508 Καὶ
1431 3457 1490 3508 οὺ
1523 3457 1814 3525 φεύγοντές

230 3551 295 3602 γε
329 3536 428 3601 τὰς
472 3538 787 3610 κοινοτέρας
826 3541 920 3594 τοῦ
965 3542 1083 3613 βίου
1123 3545 1462 3618 λειτουργίας
1499 3549 1812 3619 Χριστιανοὶ

230 3625 300 3678 τὰ
339 3627 565 3682 τοιαῦτα
619 3630 1008 3699 περιίστανται,
1061 3634 1196 3688 ἀλλὰ
1249 3637 1538 3708 τηροῦντες
1587 3640 1812 3702 ἑαυτοὺς

232 3711 481 3786 θειοτέρα
531 3717 625 3768 καὶ
676 3717 1078 3791 ἀναγκαιοτέρα
1119 3722 1430 3796 λειτουργίᾳ
1488 3725 1811 3798 Ἐκκλησίας

231 3806 367 3863 Θεοῦ
413 3812 506 3864 ἐπὶ
539 3813 785 3885 σωτηρίᾳ
828 3815 1155 3890 ἀνθρώπων
1203 3820 1298 3872 καὶ
1342 3817 1651 3886 ἀναγκαίως
1700 3817 1814 3889 ἅμα

230 3898 325 3953 καὶ
367 3902 592 3968 δικαίως
635 3903 950 3976 ἡγούμενοι,
986 3910 1080 3962 καὶ
1124 3911 1342 3964 πάντων
1376 3909 1813 3981 πεφροντικότες,

230 3990 339 4044 τῶν
387 3993 488 4063 μὲν
522 3993 690 4062 ἔνδον,
727 3999 794 4051 ἶν’
835 4000 1104 4072 ὁσημέραι
1152 4001 1357 4071 βέλτιον
1403 4000 1578 4071 βιῶσι,
1612 4000 1720 4053 τῶν
1756 4000 1813 4052 δὲ

232 4081 529 4139 δοκούντων
575 4086 698 4153 ἔξω,
766 4090 854 4144 ἵνα
897 4091 1161 4160 γένωνται
1211 4092 1269 4144 ὲν
1319 4095 1430 4156 τοῖς
1466 4093 1681 4160 σεμνοῖς
1714 4090 1812 4160 τῆς

1924 3463 2011 3507 tur
2039 3452 2269 3521 legibus.
2303 3451 2487 3521 Neque
2533 3453 2700 3506 etiam
2735 3469 2798 3508 ea
2831 3469 2997 3508 causa
3028 3453 3320 3510 Christiani
3369 3470 3484 3508 ma-

1917 3543 2178 3612 gistratus
2211 3553 2482 3608 recusant,
2516 3543 2660 3612 quod
2711 3542 2924 3612 publica
2957 3549 3080 3601 vitm
3109 3547 3290 3602 munia
3338 3545 3484 3600 refu—

1916 3633 2096 3702 giant;
2137 3635 2230 3689 sed
2259 3635 2401 3702 quod
2442 3650 2502 3689 se
2551 3631 2918 3692 diviniori'et
2963 3637 3135 3707 magis
3185 3638 3488 3693 necessario

1918 3724 2172 3780 Ecclesia:
2212 3725 2524 3782 ministerio
2568 3730 2636 3783 ad
2684 3730 2962 3786 hominum
2995 3730 3225 3786 salutem
3271 3743 3330 3784 se
3372 3743 3488 3783 ser-

1923 3825 2066 3869 vent.
2099 3815 2474 3872 Necessarium
2499 3819 2655 3874 simul
2681 3830 2736 3896 et
2758 3820 2963 3890 justum
2994 3821 3097 3877 hoc
3126 3819 3486 3876 ministerium

1921 3915 2022 3959 est.
2066 3907 2320 3963 Omnium
2368 3925 2557 3964 curam
2594 3923 2830 3982 gerunt;
2880 3928 3071 3968 eorum
3125 3912 3343 3981 quidem
3393 3909 3486 3980 qui

1919 4008 2045 4053 sunt
2071 3999 2238 4067 intus,
2268 4010 2328 4054 ut
2360 4002 2411 4055 in
2462 4002 2576 4057 dies
2609 4004 2800 4059 melius
2845 4005 3063 4070 vivant;
3115 4017 3308 4058 eorum
3355 4017 3500 4057 vero.

1920 4089 2011 4157 qui
2043 4097 2168 4143 sunt
2207 4099 2387 4155 extra,
2419 4101 2476 4146 ut
2500 4093 2793 4164 loquantur
2828 4105 2882 4148 et
2912 4094 3114 4148 faciant
3141 4107 3262 4163 quae
3287 4092 3485 4161 pietate
3572 4119 3576 4124 ι

302 4225 346 4258 ⁴³
383 4226 573 4282 Matth.
605 4244 733 4297 xxv,
762 4230 860 4296 2L;
894 4230 1026 4286 Luc.
1054 4249 1169 4295 nux,
1202 4231 1291 4288 I7.
1365 4200 1411 4264 λδ
1445 4230 1584 4286 Psal.
1615 4245 1808 4296 unt,
1845 4230 1893 4294 I,
1922 4229 1971 4284 7.

232 4344 326 4416 lib.
355 4358 430 4416 tv,
467 4359 520 4412 p.
550 4345 695 4416 561),
727 4356 780 4400 ut
823 4347 955 4401 bella
1000 4349 1149 4411 justa
1177 4359 1332 4416 atque
1357 4350 1601 4404 ordinata
1661 4348 1800 4402 inter

1909 4347 2066 4400 codd.
2099 4347 2300 4416 Regius
2323 4358 2376 4400 et
2415 4346 2766 4408 BASIICCDSIS.
2802 4346 2942 4402 male
2966 4360 3117 4416 vero,
3141 4343 3263 4416 libri
3317 4353 3478 4399 antea

234 4414 466 4484 homines
491 4413 762 4484 gerantur.
785 4419 828 4470 si
855 4421 1066 4484 quando
1089 4421 1143 4473 id
1176 4413 1354 4482 iubeat
1380 4420 1657 4474 necessitas
1688 4433 1706 4470 :
1749 4427 1795 4470 et

1924 4415 2056 4480 aditi,
2095 4413 2304 4480 εἰς’τὸν
2325 4417 2514 4470 πολιέα
2541 4417 2694 4470 Θεόν.
2723 4416 2835 4471 Vox
2866 4419 3008 4470 enim
3037 4413 3253 4476 πολιεύς
3277 4428 3481 4484 cogno:

235 4483 366 4556 idem
389 4482 482 4536 ille
512 4482 889 4556 Tertullianus‘,
938 4490 1027 4556 qui
1063 4490 1190 4542 alibi
1237 4489 1494 4556 supplicia
1546 4488 1799 4553 capitalia

234 4552 401 4623 minus
444 4555 666 4622 probare
707 4552 1128 4621 videtur,'dixit,
1155 4552 1343 4611 bonum
1372 4573 1504 4618 esse,
1547 4552 1664 4609 cum
1712 4574 1802 4623 pu-

235 4622 738 4695 niunturnocentes,
765 4641 913 4695 nemo
949 4639 1140 4695 negat;
1185 4639 1230 4678 et
1264 4629 1325 4680 de
1352 4627 1537 4679 militia
1563 4626 1798 4679 itmsitat.

239 4688 545 4765 Nam__l_il._'ro
566 4691 643 4744 De
664 4688 1292 4765 idololatriauquairitur,
1319 4697 1506 4765 inquit,
1531 4713 1598 4748 an
1620 4696 1800 4762 ﬁdeles

233 4763 301 4832 ait
319 4760 562 4832 militiam
592 4764 827 4832 converti
865 4767 1090 4832 possint,
1127 4776 1174 4820 et
1221 4783 1253 4818 a
1293 4760 1583 4819 militia‘ad
1623 4760 1801 4832 ﬁdem

235 4827 637 4905 gdyitjiLVi'de
675 4827 965 4901 Origeuetu
1010 4827 1194 4890 contra
1229 4835 1461 4899 Celsum,
1514 4827 1796 4905 pagXSti‘i,

235 4895 354 4960 602,
383 4898 510 4952 7l‘2.
546 4895 812 4956 Srsucen'.

299 4965 373 5037 (6)
408 4969 771 5040 Sirpatnrst‘r
806 4972 957 5039 ὑπὲρ
1011 4972 1311 5040 πατρίδος.
1367 4973 1444 5028 Ita
1493 4974 1630 5029 bene
1683 4989 1801 5028 m0-

233 5047 424 5091 nuerat
448 5039 811 5114 liteschelius
835 5039 1141 5114 legendum;
1179 5058 1303 5096 nam
1334 5045 1494 5114 ὑπέρ,
1554 5044 1695 5114 quod
1745 5046 1796 5098 in

234 5117 386 5184 antea
411 5107 773 5184 editiideest,
800 5112 852 5163 in
890 5107 1137 5180 iuargine
1163 5113 1367 5184 codicis
1388 5107 1596 5184 VJoilian'i
1641 5115 1799 5184 resti—

237 5176 418 5228 tuitur.
463 5195 498 5250 _¢
550 5176 668 5250 Non
729 5194 942 5250 possum
1001 5176 1203 5244 autem,
1250 5183 1425 5250 inquit
1458 5181 1794 5247 Bolterellus,

236 5247 541 5318 consentire
575 5247 806 5304 Henrico
848 5249 1078 5313 Valesio,
1105 5253 1196 5318 qui
1236 5252 1288 5305 in
1323 5247 1428 5305 line
1484 5260 1797 5306 erratorutn

238 5322 287 5392 et
314 5315 724 5392 omissorumad
749 5319 1092 5392 {\mmianum
1117 5315 1489 5374 Marcellinum
1507 5322 1558 5374 in
1575 5333 1793 5390 quarto,

235 5380 385 5459 dicit,
415 5390 740 5459 στρατηγεῖν
764 5389 851 5442 hic
875 5389 1105 5459 positum
1137 5400 1268 5458 puto
1295 5406 1390 5459 pro
1418 5430 1433 5452 ,
1471 5380 1796 5458 magistratu

239 5449 404 5531 fungi.
430 5449 532 5531 llic
563 5449 705 5509 enim
731 5449 917 5531 agitur
932 5458 998 5513 de
1022 5449 1238 5513 militari
1268 5449 1604 5531 praefectura.
1641 5461 1710 5512 At
1731 5462 1798 5515 de

240 5523 378 5597 civili
412 5525 630 5597 demum
665 5523 1016 5597 sub'initium
1046 5531 1254 5582 numeri
1268 5523 1576 5597 'sequeutis.
1613 5548 1631 5580 ι

236 5590 620 5713 lie('1')‘H;ta3r.
653 5595 847 5653 Guicto
899 5597 1190 5666 placuisset
1239 5590 1449 5672 δήμων,
1507 5599 1635 5654 mihi
1689 5614 1796 5654 non

310 5679 376 5712 III.

257 5669 376 5713 ient.

307 5732 377 5798 (8)
407 5733 510 5797 Elq
545 5733 648 5788 τὸν
684 5733 796 5790 τῶν
831 5735 987 5791 ὅλων
1013 5737 1178 5794 Θεόν.
1217 5738 1304 5796 Sic
1353 5739 1551 5810 optime
1595 5738 1798 5796 habent

1907 4497 2144 4540 mentum
2178 4487 2277 4539 fuit
2311 4487 2483 4552 Iovis,
2513 4496 2568 4540 ut
2609 4487 2769 4540 docet
2800 4485 3098 4539 Pausanias
3139 4485 3236 4537 lib.
3269 4498 3311 4552 ι,
3336 4482 3390 4550 p.
3411 4482 3479 4538 57

1903 4565 1956 4608 et
1986 4572 2036 4624 p.
2069 4555 2157 4610 70.
2183 4557 2281 4610 Cui
2308 4551 2488 4625 autem
2522 4557 2612 4625 qui
2640 4556 2827 4625 legerit
2850 4571 2911 4608 ea
2949 4569 3068 4625 qua:
3097 4554 3260 4625 habet
3287 4551 3474 4625 Orige-

1904 4622 1997 4678 nes
2021 4625 2112 4680 lih.
2151 4641 2165 4679 t
2197 4637 2378 4679 contra
2406 4622 2616 4678 Celsum
2645 4622 2750 4678 erit
2778 4622 3072 4678 verisimile
3094 4623 3164 4675 ita
3189 4622 3256 4675 ab
3289 4624 3475 4676 eodem

1906 4695 2234 4762 appellatum
2257 4697 2426 4749 fuisse
2447 4710 2713 4749 summum
2730 4694 2932 4748 Deum?
2963 4693 3134 4745 Paulo
3163 4700 3284 4761 post
3314 4691 3474 4745 codd.

1903 4764 2102 4838 Regius
2133 4775 2194 4838 et_
2217 4765 2638 4827 Basileen:,is,év
2670 4762 3135 4838 eluxicsn._Libb._
3151 4762 3282 4815 editi
3315 4763 3478 4838 omit-

1904 4828 2124 4888 ιιιιῖιὲν.
2155 4835 2424 4889 Caeterum
2474 4849 2540 4888 ex
2592 4828 2848 4888 memoria
2898 4828 3040 4886 ’ίτίιιιι
3095 4828 3474 4900 Evangeliutn,

1901 4903 2054 4970 cujus
2079 4919 2184 4958 non
2218 4904 2402 4966 verba,
2445 4903 2538 4958 sed
2569 4917 2787 4957 sensum
2832 4902 3061 4970 profert.

1969 4975 2048 5041 (9)
2093 4973 2250 5027 Ἐάν.
2276 4973 2559 5028 Bolterello
2593 4972 2877 5041 legendum
2922 4973 3156 5034 vide-tur,
3187 4970 3296 5024 ἵνα.

1971 5039 2080 5114 (III)
2119 5043 2272 5098 Libb.
2307 5053 2464 5114 antea
2493 5039 2986 5114 εόίιίξχρωμέωυς
3017 5041 3218 5114 -ἄρχειν
3270 5039 3363 5114 ἐπὶ
3415 5041 3476 5092 τὸ

1901 5110 2113 5184 ἄρχειν,
2148 5124 2204 5166 at
2233 5113 2390 5166 codd.
2421 5112 2620 5182 Regius
2654 5110 3059 5184 et'llasileensis
3094 5113 3242 5184 prius
3284 5110 3474 5182 ἄρχειν

1899 5179 2009 5237 non
2035 5192 2358 5251 agnoscunt,
2400 5193 2454 5236 et
2480 5179 2612 5251 sane
2643 5181 2834 5236 melius
2864 5196 2894 5236 e
2919 5191 3066 5251 textu
3096 5179 3326 5246 eiicitur.

1971 5249 2221 5324 (In-Kal
2246 5253 2300 5324 ε]
2328 5251 2526 5324 καλῶς
2550 5249 3008 5324 ἄρχουσικβιο.
3043 5249 3323 5324 Ιιυητεριθ
3373 5249 3472 5304 ba-

1899 5319 2033 5376 bent
2063 5319 2227 5377 COdd.
2263 5321 2466 5389 Regius
2495 5331 2549 5374 et
2599 5321 2947 5375 Basileensis.
2994 5320 3055 5389 In
3108 5319 3260 5374 libris
3316 5330 3475 5371 antea

1897 5391 2062 5469 editis
2093 5390 2312 5469 legitur,
2337 5388 2431 5469 καῖ
2467 5389 2820 5469 είἸάρχουσιν.
2843 5393 2898 5469 ei
2919 5388 3098 5469 καλῶς
3124 5390 3388 5469 ἄρχοντες
3419 5390 3476 5440 ἐν

1895 5463 1961 5531 τῇ
2007 5457 2304 5540 Ἐκκλησία
2330 5499 2344 5521 ,
2383 5457 2661 5540 [heroi-cii:
2692 5460 2836 5513 κατὰ
2862 5459 2993 5513 Θεὸν
3020 5457 3304 5528 πατρίδος,
3333 5457 3474 5544 λέγω

1895 5528 2078 5601 δὲγτης
2117 5530 2438 5601 ξΕκκλησίας
2469 5531 2815 5601 ἐκλεγόμενοι
2850 5529 3244 5601 ἄρχουσιᾳκατὰ
3272 5528 3344 5601 τά
3369 5527 3472 5578 υπὸ

1895 5599 1989 5652 τοῦ
2009 5595 2146 5672 Θεοῦ
2179 5595 2617 5672 προτεταγμένοι,
2651 5595 2805 5672 οὐδεν
2843 5595 2993 5672 παρὰ
3019 5598 3177 5652 τοῦτο
3216 5595 3441 5670 μολύνειν

1898 5686 1988 5732 τες
2009 5669 2175 5724 τῶνδε
2200 5668 2306 5723 τῶν
2331 5668 2525 5741 νόμων.
2715 5668 2728 5674 “
2752 5669 2765 5673 “
