3866 6398
535 363 675 419 4719

1998 353 2368 410 ΑΡΡΕΝΒΙΧ.

3642 356 3739 413 Πξθ

536 484 610 539 Il.
652 481 779 536 Tria
815 479 1079 549 principia
1119 493 1239 534 esse
1269 478 1414 544 dico,
1461 479 1627 534 Deum
1659 481 1860 537 Christi
1889 480 2097 536 Patren

2211 476 2304 530 τοῦ
2336 475 2570 548 Χριστοῦ
2606 477 2828 545 ἀγαθὸν,
2867 476 2960 530 καὶ
2988 476 3146 531 ἄλλον
3174 475 3267 528 τὸν
3300 475 3629 546 δημιουργὸν,
3673 485 3739 532 καὶ

533 575 779 638 bonum,
837 583 893 626 et
950 572 1180 625 alterum
1241 570 1533 641 opiﬁcem,
1605 573 1821 626 tertium
1887 573 2112 627 malum.

534 667 714 720 Bonus
740 663 884 718 enim
921 678 1095 731 neque
1144 672 1224 717 est
1269 663 1453 733 opifex
1505 665 1791 726 malorum,
1831 679 2011 732 neque
2048 679 2114 717 ex

535 757 764 811 muliere
789 765 946 809 natus
973 765 1074 819 est,
1105 769 1277 824 neque
1309 757 1539 810 mundus
1568 757 1656 811 hic
1678 755 1901 811 eﬂ'ectus
1934 765 2020 809 est
2047 757 2114 809 ali

535 847 650 915 ipso
684 864 698 901 :
731 846 825 901 sed
856 845 1064 899 alienus
1097 855 1179 898 est
1213 846 1282 899 ab
1302 847 1446 900 omni
1496 847 1726 910 malitia,
1751 845 2011 915 omnique
2033 845 2115 900 ef-

533 938 786 1006 fectione,
829 949 990 1007 atque
1032 939 1145 993 limo
1176 939 1248 992 ita
1281 955 1339 993 se
1366 940 1567 994 habere
1594 941 1817 994 docebo.
1848 940 1911 992 A.
1950 939 2111 992 Prin-

532 1030 671 1100 cipia
701 1030 806 1084 tria
832 1044 951 1083 esse
983 1030 1231 1098 posuisti.
1259 1030 1414 1097 Quod
1446 1031 1721 1100 pollicitus
1755 1047 1834 1097 es,
1858 1031 2114 1086 exsolvas

533 1136 756 1176 necesse
809 1131 916 1175 est.
947 1120 1284 1192 Principium
1341 1123 1485 1178 enim
1542 1124 1670 1178 mihi
1723 1124 1828 1179 dici
1872 1127 2110 1186 videtur,

531 1213 675 1280 quod
705 1212 864 1268 alicui
897 1214 1081 1282 przesit
1109 1231 1122 1265 :
1160 1216 1616 1282 quemadmodum
1647 1216 1811 1270 etiam
1848 1215 2113 1270 Dominus

531 1303 730 1357 dicitur
753 1319 818 1358 ex
847 1318 913 1359 eo
940 1306 1083 1373 quod
1111 1304 1384 1374 aliquibus
1407 1307 1734 1360 dominetur.
1761 1305 1898 1360 Doce
1922 1306 2110 1375 igitur,

531 1396 616 1449 cui
645 1399 863 1452 tandem
908 1398 1008 1453 tria
1040 1398 1305 1468 principia
1342 1399 1630 1469 imperent.
1668 1397 1741 1452 Μ.
1776 1399 2110 1469 Principium

531 1488 583 1541 id
624 1489 764 1557 quod
798 1489 997 1544 bonum
1035 1500 1139 1556 est,
1171 1490 1499 1545 Christianis
1533 1491 1762 1560 imperat
1796 1492 1981 1561 :quod
2014 1506 2112 1544 au-

529 1585 636 1632 tem
669 1579 850 1644 efficit,
881 1580 1082 1636 Judzeis
1108 1597 1123 1637 :
1158 1581 1300 1650 quod
1326 1597 1456 1636 vero
1484 1581 1682 1635 malum
1709 1591 1812 1645 est,
1848 1582 2108 1636 ethnicis.

529 1672 594 1725 A.
629 1669 838 1725 Suntne
866 1671 920 1726 hi
955 1682 1065 1727 tres
1111 1671 1354 1740 ejusdem
1387 1669 1678 1725 voluntatis
1703 1687 1768 1726 ac
1800 1671 2107 1736 sententiae,

529 1777 597 1814 an
623 1761 756 1816 nihil
789 1761 931 1816 inter
963 1777 1022 1817 se
1053 1777 1341 1818 commune
1375 1764 1613 1818 habent?
1645 1764 1715 1817 M.
1751 1763 1891 1818 Nihil
1919 1772 2002 1818 est
2029 1766 2110 1821 eis

529 1853 674 1907 inter
694 1866 766 1910 se
799 1869 1108 1909 commune.
1142 1857 1207 1909 A.
1253 1855 1388 1910 Tres
1423 1857 1500 1919 hi,
1532 1873 1662 1910 num
1701 1857 1940 1911 unanimi
1971 1872 2106 1912 con-

527 1959 691 1999 sensu
746 1946 1040 2005 ﬁnxerunt,
1086 1958 1178 2001 aut
1228 1947 1530 2002 effecerunt
1580 1947 1849 2012 homines,
1889 1963 1955 2000 an
2007 1948 2106 2001 sibi

527 2037 758 2104 quisque
801 2035 1082 2092 hominem
1113 2039 1374 2099 condidit,
1421 2039 1506 2094 cui
1539 2040 1700 2093 etiam
1749 2039 2013 2108 imperat?
2036 2038 2104 2092 Μ.

526 2125 642 2181 Νοιι
693 2137 802 2181 tres
850 2129 1210 2182 condiderunt
1234 2130 1502 2192 homines,
1529 2132 1620 2185 sed
1652 2146 1811 2185 unus.
1844 2134 1911 2184 A.
1944 2131 2104 2197 Quis-

528 2232 654 2270 nam
686 2217 884 2272 trium?
917 2218 986 2272 Μ.
1015 2217 1062 2273 ls
1106 2219 1199 2287 qui
1227 2219 1432 2275 .lutlazis
1466 2221 1718 2289 imperat.
1754 2223 1817 2274 A.
1847 2220 1981 2275 Cum
2005 2219 2102 2274 Ju-

529 2307 770 2361 dzeorum
814 2307 955 2362 Deus
987 2309 1237 2363 homines
1277 2309 1542 2376 eﬁecerit,
1575 2314 1846 2381 quomodo
1887 2324 1980 2366 aut
2006 2327 2106 2366 cur

525 2391 700 2448 bonus
737 2403 793 2449 et
832 2396 1009 2451 malus
1045 2397 1356 2454 hominibus
1408 2401 1686 2467 praesunt?
1719 2401 1909 2472 Opil'ex
1959 2403 2100 2456 enim

525 2485 782 2556 utrinque
812 2487 985 2542 bonus
1017 2503 1140 2545 e~se
1172 2493 1499 2546 ostenditur.
1535 2493 1592 2547 Si
1626 2497 1768 2549 ultro
1801 2510 1865 2550 ac
1909 2507 2103 2566 sponte

521 2576 604 2632 eis
652 2579 921 2647 permisit,
962 2597 1069 2635 non
1120 2583 1233 2638 suis
1271 2598 1336 2638 ac
1374 2585 1609 2654 propriis
1638 2602 1891 2656 prmesse,
1923 2588 2102 2658 opifex

523 2671 839 2725 necessario
869 2671 1044 2728 bonus
1093 2676 1220 2737 erit,
1256 2686 1442 2746 utpote
1478 2677 1571 2746 qui
1603 2693 1697 2732 sua
1731 2679 1924 2735 alienis
1966 2695 2100 2735 con-

523 2759 716 2813 cessit.
755 2760 812 2816 Si
841 2775 1065 2832 propter
1105 2767 1317 2834 opiﬁcis
1365 2769 1791 2826 imbecillitatem
1843 2772 2016 2828 bonus
2045 2784 2102 2828 et

525 2850 703 2907 malus
727 2854 1098 2924 arripuerunt,
1131 2857 1230 2926 ipsi
1259 2859 1384 2912 mali
1410 2863 1814 2932 erunt,quippe
1845 2865 1935 2933 qui
1967 2865 2099 2920 alie-

521 2959 592 2998 na
625 2947 1033 3016 concupiscant.
1085 2949 1147 3008 E.
1173 2951 1379 3007 Eumne
1437 2955 1633 3010 bonum
1670 2972 1788 3012 esse
1817 2959 1970 3020 dicis,
2007 2961 2098 3028 qui

2219 570 2306 622 ἓτε
2315 586 2404 640 ρον
2421 568 2509 622 τὸν
2538 587 2669 638 πονη
2679 570 2784 639 ρόν’
2809 571 2837 621 6
2855 569 2963 639 γάρ
2980 567 3181 636 ἀγαθὸς
3206 566 3328 619 οῦτε
3342 567 3404 636 δη
3415 567 3646 637 μιουργός
3657 571 3739 622 ἐστι

2218 660 2325 713 τῶν
2356 661 2562 724 κακῶν,
2611 660 2731 713 οὔτε
2765 663 2829 713 ὲκ
2865 659 3124 728 γυναικὸς
3157 659 3499 727 γεγέννηται,
3528 658 3635 711 οὔτε
3671 661 3738 711 κό-

2220 769 2357 822 σμος
2393 748 2548 816 οὗτος
2590 753 2650 818 ἐξ
2701 752 2865 806 αὑτοῦ
2908 752 3388 823 δεδημιούργηται·
3428 751 3674 822 ἀλλότριος
3698 752 3738 802 δὲ

2219 845 2399 915 πάσης
2439 844 2652 906 κακίας,
2680 845 2772 897 καὶ
2820 843 3017 906 παντὸς
3043 842 3136 895 τοῦ
3164 843 3642 912 δημιουργήματος·
3672 840 3740 892 καὶ

2215 935 2374 999 δείξω
2422 935 2574 988 ταῦθ’
2619 935 2790 998 οὕτως
2838 934 3000 1003 ἔχειν.
3045 935 3109 986 Α.
3166 931 3365 1002 Ἀρχὰς
3406 932 3602 1002 ἔφησας
3637 926 3738 982 εἶναι

2215 1031 2384 1098 τρεῖς·
2421 1028 2630 1098 ἀνάγκη
2671 1044 2750 1090 σε,
2785 1026 2813 1078 6
2840 1025 3169 1096 ἐπηγγείλω,
3201 1022 3504 1094 πληρῶσαι·
3523 1022 3642 1093 ἁρχὴ
3659 1020 3739 1090 γάρ

2219 1138 2311 1191 μοι
2342 1121 2488 1173 δοκεῖ
2518 1119 2770 1188 λέγεσθαι
2803 1117 2892 1171 διὰ
2933 1119 2994 1171 τὸ
3037 1116 3227 1188 ἄρχειν
3259 1115 3422 1178 τινός·
3467 1114 3636 1184 ὥσπερ
3670 1113 3740 1164 καὶ

2216 1212 2417 1284 Κύριος
2455 1212 2668 1280 λέγεται
2703 1211 2790 1263 διὰ
2825 1209 2886 1262 τὸ
2919 1210 3191 1282 κυριεύειν
3220 1207 3400 1261 τινῶν·
3433 1206 3567 1268 τίνος
3605 1204 3739 1256 τοίνυν

2214 1306 2468 1374 ἄρχουσιν
2497 1303 2551 1354 αἱ
2583 1305 2728 1372 τρεῖς
2769 1301 2971 1372 ἀρχαί;
3020 1300 3364 1370 Ἀποκρίνου.
3399 1297 3475 1350 Μ.
3519 1295 3577 1347 Ἦ
3604 1293 3738 1363 ἀγαθὴ

2213 1396 2354 1467 ἀρχὴ
2383 1395 2490 1448 τῶν
2524 1394 2861 1465 Χριστιανῶν
2898 1392 3075 1462 ἄρχει·
3106 1392 3141 1460 ἡ
3170 1390 3228 1442 δὲ
3268 1385 3635 1459 δημιουργικὴ,
3659 1383 3738 1437 τῶν

2227 1489 2566 1559 Ἰουδαίων·ή
2596 1490 2651 1542 δὲ
2685 1486 2917 1558 πονηρὰ,
2951 1485 3060 1538 τῶν
3087 1482 3337 1538 ἐθνικῶν.
3373 1483 3438 1534 Α.
3465 1480 3740 1551 Ὀμόφρονες

2213 1583 2306 1634 καὶ
2337 1581 2580 1635 κοινωνοί
2606 1583 2742 1634 εἰσιν
2773 1582 2821 1632 οἱ
2841 1581 3008 1650 τρεῖς,
3031 1577 3065 1647 ἢ
3090 1575 3244 1629 οὐδὲν
3266 1574 3444 1627 κοινὸν
3461 1569 3740 1641 ἔχουσιπρδς

2211 1675 2502 1745 ἀλλήλους;
2525 1675 2599 1726 Μ.
2633 1671 2796 1726 Οὐδὲν
2826 1670 3002 1724 κοινὸν
3031 1667 3216 1737 έχουσι
3253 1665 3391 1736 πρὸς
3418 1662 3669 1733 ἀλλήλους.
3691 1660 3739 1712 Δ.

2212 1766 2274 1818 υἱ
2303 1767 2450 1835 τρεῖς
2488 1765 2578 1816 ἐπὶ
2603 1763 2662 1815 τὸ
2695 1762 2826 1816 αὐτὸ
2852 1763 3132 1830 γενόμενοι
3164 1758 3405 1811 ἔπλασαν
3435 1755 3469 1826 ἦ
3497 1752 3736 1824 ἐδημιούρ-

2211 1873 2384 1925 γησαν
2422 1857 2547 1918 τοὺς
2589 1853 2930 1923 ἀνθρώπους,
2963 1853 2996 1922 ἢ
3031 1851 3260 1912 ἕκαστος
3287 1847 3465 1917 ἑαυτῷ
3498 1841 3740 1898 ἑκτισετὸν

2210 1948 2514 2019 ἄνθρωπον,
2536 1943 2595 2001 οὗ
2617 1948 2710 2000 καὶ
2740 1947 2898 2018 ἄρχει
2917 1962 2932 2009 ;
2967 1946 3041 2000 Μ.
3057 1944 3168 2013 Οὐχ
3189 1943 3240 1995 οἱ
3265 1944 3416 2012 τρεῖς
3434 1936 3741 1996 ἐκτισαντοὺς

2209 2039 2548 2112 ἀνθρώπους,
2589 2038 2700 2090 ἀλλ’
2738 2039 2766 2089 6
2806 2031 2905 2100 εἷς.
2948 2038 3012 2092 Α.
3046 2036 3206 2097 Ποῖος
3241 2033 3351 2086 τῶν
3389 2031 3576 2103 τριῶν;
3601 2029 3663 2082 Μ.
3694 2027 3740 2078 '0

2205 2133 2316 2187 τῶν
2355 2132 2641 2186 Ἰουδαίων.
2681 2132 2744 2184 Α.
2787 2129 2894 2184 Τοῦ
2923 2129 3032 2182 τῶν
3080 2126 3353 2180 Ἰουδαίων
3399 2123 3527 2178 Θεοῦ
3564 2121 3738 2174 κτίσαν-

2205 2243 2296 2289 τος
2310 2227 2436 2288 τοὺς
2454 2223 2791 2296 ἀνθρώπους,
2817 2221 2958 2275 κατά
2981 2223 3133 2272 ποῖον
3153 2219 3356 2289 τρόπον
3375 2217 3408 2287 ἢ
3437 2215 3579 2267 ποίαν
3599 2210 3740 2265 αἰτίαν

2206 2316 2462 2386 ἄρχουσιν
2494 2315 2568 2384 (9)
2593 2316 2621 2366 6
2649 2312 2854 2380 ἀγαθὸς
2875 2312 2970 2366 καὶ
3000 2311 3028 2362 6
3060 2308 3298 2378 πονηρὸς
3320 2305 3428 2358 τῶν
3451 2301 3736 2372 ἀνθρώπωνς

2206 2405 2486 2458 Δείκνυται
2515 2404 2624 2474 γάρ
2655 2402 2715 2466 ἐξ
2729 2401 3056 2472 ἀμφοτέρων
3080 2401 3108 2452 6
3129 2395 3464 2468 δημιουργὸς
3485 2391 3675 2459 ἀγαθὰ·
3701 2387 3738 2440 εἰ

2210 2501 2308 2570 μὲν
2333 2497 2473 2551 ἑκὼν
2492 2495 2866 2566 συνεχώρησεν
2899 2493 3081 2554 αὐτοῖς
3100 2488 3163 2542 τὸ
3182 2489 3242 2542 οὐ
3260 2487 3370 2540 τῶν
3403 2485 3540 2538 ἰδίων
3569 2482 3733 2551 ἄρχειν,

2204 2591 2355 2644 ἔσται
2384 2589 2444 2656 ἐξ
2464 2588 2708 2657 ἀνάγκης
2739 2588 2768 2638 6
2796 2582 3126 2654 δημιουργὸς
3155 2579 3381 2648 ἀγαθὸς,
3408 2579 3436 2630 6
3462 2575 3527 2629 τὰ
3557 2574 3644 2626 ἴδια
3663 2570 3735 2623 ἁλ-

2203 2682 2436 2753 λοτρίοις
2471 2678 2852 2751 χαρισάμενος·
2890 2677 2938 2728 εί
2977 2674 3033 2726 δὲ
3069 2671 3214 2726 κατά
3243 2669 3538 2739 ἀδυναμίαν
3571 2663 3648 2717 τοῦ
3664 2662 3736 2731 δη-

2207 2771 2464 2845 μιουργοῦ
2497 2774 2526 2824 6
2553 2769 2756 2838 ἀγαθὸς
2785 2769 2880 2820 καὶ
2915 2769 2942 2820 6
2978 2764 3214 2835 πονηρὸς
3251 2763 3592 2832 ἀφήρπασαν,
3627 2755 3737 2806 ἐπν-

2202 2885 2288 2920 ται
2312 2860 2456 2918 οῦτοι
2476 2862 2702 2933 πονηροὶ
2723 2861 2856 2931 (10),
2883 2861 2932 2914 οἱ
2954 2859 3062 2911 τῶν
3085 2855 3382 2926 ἀλλοτρίων
3412 2845 3732 2942 ἐφιέμενοι.

2215 2953 2440 3023 ’Δγαθδν
2487 2953 2665 3019 λέγεις
2701 2951 2792 3003 τὸν
2823 2949 3150 3019 ἁρπάσαντα
3191 2944 3263 2997 τὰ
3294 2942 3391 2997 τοῦ
3433 2942 3736 3011 δημιουργουν

524 3051 589 3091 ea
617 3053 737 3107 quae
780 3039 991 3110 opiﬁcis
1023 3051 1214 3107 erant,
1249 3044 1448 3112 rapuit,
1486 3046 1790 3116 alienisque
1823 3027 2097 3118 imperat!

2203 3048 2296 3103 καὶ
2321 3047 2556 3119 ἄρχοντα
2571 3043 2677 3097 τῶν
2704 3042 2999 3113 ἀλλοτρίων
3018 3058 3033 3105 ;
3059 3039 3185 3102 Πῶς
3213 3032 3327 3090 οἷόν
3344 3036 3404 3088 τέ
3419 3036 3558 3086 ἐστιν
3577 3027 3737 3096 ἀγαθὸν

523 3125 626 3194 Οιιί
659 3129 833 3184 bonus
857 3145 981 3186 esse
1011 3141 1191 3201 potest
1213 3135 1281 3194 is,
1319 3137 1410 3203 qui
1451 3137 1593 3205 rapit
1631 3136 1846 3191 aliena?
1878 3137 1947 3193 Μ.
1979 3137 2093 3194 Νοιι

2201 3139 2451 3209 λέγεσθαι
2487 3137 2577 3190 τὸν
2612 3135 2680 3188 τὰ
2709 3134 2962 3204 ἀλλότρια
2994 3129 3338 3202 ἀρπάζοντα;
3367 3129 3442 3182 Μ.
3473 3125 3575 3193 Οὐχ
3593 3123 3736 3213 ἧρπε·

521 3220 723 3288 rapuit,
753 3223 849 3276 sed
877 3223 1248 3280 misericordia
1283 3235 1581 3294 permotus,
1604 3227 1770 3282 ﬁlium
1806 3241 1863 3282 ut
1896 3232 2097 3285 bonum

2205 3208 2316 3295 σεν,
2351 3231 2463 3285 ἀλλ’
2501 3230 2749 3300 ἐλεήσας,
2782 3226 2992 3297 ἔπεμψε
3026 3225 3117 3277 τὸν
3151 3222 3281 3276 Υἱδν
3316 3223 3392 3283 ὡς
3422 3215 3627 3286 ἀγαθὸν,
3666 3208 3736 3262 καὶ

522 3312 693 3377 misit,
728 3330 932 3384 nosque
967 3317 1184 3386 eripuit.
1237 3318 1304 3372 A.
1361 3319 1641 3385 Misereri,
1672 3322 1978 3376 communis
2019 3334 2097 3377 est

2203 3324 2469 3397 ἐρρύσατο
2516 3324 2682 3393 ἡμᾶς.
2733 3322 2796 3373 Α.
2841 3320 2914 3371 Τὸ
2966 3317 3135 3369 ἐλεεῖν
3181 3331 3307 3367 τινα
3356 3305 3736 3397 συμπάθειά-τις

523 3407 768 3472 quaedam
818 3407 1051 3476 affectio,
1082 3425 1200 3479 qua:
1233 3413 1297 3465 ad
1333 3412 1614 3481 proprium
1650 3411 1907 3466 refertur.
1940 3413 2100 3469 Cont-

524 3512 743 3552 munem
769 3499 917 3554 illum
947 3517 1162 3557 sensum
1193 3504 1399 3559 doloris
1420 3514 1664 3558 utrorum
1692 3508 1908 3559 tandem
1933 3521 2097 3560 causa

523 3590 766 3656 suscepit
791 3590 984 3653 bonus.
1016 3607 1330 3659 suorumne,
1366 3610 1432 3649 an
1475 3593 1820 3650 alienorum?
1854 3595 1923 3653 Μ.
1951 3597 2100 3651 Alie~

522 3691 740 3733 norum.
773 3681 838 3736 A.
886 3683 1213 3754 Compassus
1247 3696 1350 3751 est,
1393 3699 1450 3742 ut
1493 3689 1672 3752 bonis,
1703 3703 1770 3742 an
1815 3698 1873 3742 ut
1901 3689 2096 3742 malis?

521 3763 591 3821 Π.
623 3767 691 3825 Ut
711 3774 1106 3840 peccatoribus.
1139 3777 1202 3832 Α.
1232 3779 1536 3848 Antequam
1590 3789 1880 3848 peccarent
1916 3778 2095 3830 homi-

495 3874 639 3926 nes,
675 3863 874 3920 bonine
922 3867 991 3921 ab
1037 3868 1231 3937 opiﬁce
1279 3869 1456 3925 eﬁ'ecti
1507 3879 1656 3931 sunt,
1709 3883 1776 3922 an
1827 3869 1988 3922 mali?
2027 3870 2097 3924 Ut

518 3966 650 4023 ergo
680 3953 851 4011 bonos
875 3959 1156 4027 expetivit,
1187 3970 1280 4013 aut
1308 3972 1366 4015 ut
1389 3961 1579 4016 malos.
1612 3960 1667 4016 Si
1701 3971 1957 4030 tanquam
1981 3979 2098 4017 ma-

517 4042 625 4111 los,
660 4046 802 4100 mala
860 4056 1100 4118 appetet.
1136 4051 1300 4120 Atqui
1332 4051 1504 4107 bonus
1545 4051 1688 4106 mala
1721 4068 1827 4108 non
1865 4057 2092 4122 appetit.

520 4135 578 4191 Si
634 4148 692 4194 ut
732 4139 925 4205 bonos,
961 4142 1065 4196 erit
1098 4142 1278 4211 opifex
1313 4143 1537 4198 effector
1585 4145 1870 4200 bonorum.
1915 4145 2093 4201 Bonus

517 4227 708 4296 igitur.
747 4231 821 4286 Ex
855 4232 920 4286 iis
966 4233 1109 4287 enim
1141 4249 1259 4302 qua:
1285 4236 1512 4304 quisque
1551 4237 1715 4304 gerit,
1745 4238 2090 4292 nominatur:

516 4321 831 4378 misericors
873 4339 939 4378 ex
975 4325 1306 4390 miserendo,
1340 4328 1560 4396 aliaque
1589 4333 1777 4384 eodem
1807 4331 1988 4388 modo.
2017 4332 2088 4386 M.

514 4410 625 4466 Nec
653 4421 712 4466 ut
757 4411 932 4470 bonos
973 4416 1261 4484 appetivit,
1290 4433 1390 4472 nec
1439 4427 1500 4472 ut
1530 4419 1721 4484 malos,
1749 4423 1843 4476 sed
1881 4423 2090 4478 intimis

2200 3418 2337 3486 πρὸς
2370 3417 2430 3469 τὸ
2458 3415 2656 3468 οἰκεῖόν
2695 3415 2841 3465 ἐστιν
2889 3409 3168 3479 γινομένη’
3224 3402 3586 3471 συνεπάθησεν
3622 3390 3736 3448 οὖνὸ

2198 3507 2402 3576 ἀγαθὸς
2452 3505 2603 3568 ἰδίοις
2639 3504 2672 3574 ἢ
2715 3503 3050 3572 ἀλλοτρίοις;
3099 3500 3174 3552 Μ.
3214 3493 3550 3565 Ἀλλοτρίοις.
3585 3492 3638 3541 Δ.
3669 3485 3734 3546 Ὦς

2199 3599 2384 3660 καλοῖς
2417 3594 2792 3664 συνεπάθησεν
2826 3592 2936 3661 (Η)
2969 3591 3002 3660 ἢ
3033 3590 3108 3653 ὡς
3130 3591 3352 3650 κακοῖς;
3385 3588 3458 3639 Μ.
3493 3584 3572 3644 Ὠς
3593 3581 3733 3648 ἀμαρ-

2193 3687 2405 3748 τωλοῖς.
2460 3689 2522 3738 Α.
2570 3685 2708 3756 Πρὶν
2758 3682 2792 3754 ἢ
2841 3682 3161 3752 ἁμάρτωσιν
3208 3677 3259 3728 οἱ
3297 3674 3580 3745 ἅνθρωποι,
3613 3664 3731 3756 καλοὶ

2197 3780 2334 3851 πρὸς
2364 3777 2458 3830 τοῦ
2500 3753 2832 3846 δημιουργοῦ
2879 3770 3207 3840 ἐκτίσθησαν
3248 3770 3281 3838 ἢ
3317 3767 3505 3831 κακοί;
3549 3763 3622 3823 Ὡς
3660 3753 3729 3809 οὖν

2195 3870 2377 3924 καλῶν
2413 3868 2756 3939 ἐπεθύμησεν
2791 3868 2825 3937 ἢ
2864 3865 2938 3928 ὡς
2971 3863 3188 3927 κακῶν;
3212 3863 3276 3914 Ei
3314 3861 3412 3930 μὲν
3449 3855 3535 3910 οὖν
3565 3855 3629 3914 ὡς
3659 3866 3730 3904 m-

2196 3961 2329 4026 κῶν,
2355 3961 2508 4014 ἔσται
2541 3959 2725 4014 κακῶν
2749 3958 3115 4027 ἐπιθυμητής·
3146 3953 3352 4023 ἀγαθὸς
3374 3953 3429 4005 δὲ
3456 3948 3622 4003 κακῶν
3654 3942 3728 3996 οὒκ

2194 4053 2468 4123 ἐπιθυμεῖ·
2497 4054 2545 4104 εί
2573 4051 2629 4104 δὲ
2651 4051 2728 4112 ὡς
2765 4047 3007 4117 ἀγαθῶν,
3043 4047 3194 4099 ἔσται
3226 4047 3255 4098 6
3283 4039 3595 4115 δημιουργὸς
3619 4038 3725 4103 ἀτα-

2195 4145 2301 4200 θῶν
2330 4144 2580 4216 ποιητής.
2616 4140 2823 4196 Οὐκοῦν
2872 4139 3095 4207 ἀγαθός.
3147 4137 3241 4203 Ἐξ
3281 4129 3356 4190 ὧν
3399 4135 3504 4204 γὰρ
3544 4129 3724 4223 πράττει

2191 4255 2295 4300 τις,
2349 4234 2448 4300 τάς
2502 4232 2876 4306 προσηγορίας
2929 4229 3221 4300 λαμϐάνει·
3275 4227 3514 4296 ἐλεήμων
3564 4224 3619 4273 ἐκ
3653 4232 3722 4268 του

2193 4330 2382 4390 ἐλεεῖν,
2401 4327 2494 4381 καὶ
2521 4327 2590 4379 τὰ
2614 4325 2748 4379 ἄλλα
2780 4322 3000 4394 ὁμοίως.
3029 4323 3102 4375 Μ.
3133 4319 3271 4373 Οὔτε
3297 4320 3372 4381 ὠς
3392 4315 3610 4386 ἀγαθῶν,
3629 4309 3721 4363 οὔτε

2191 4423 2268 4486 ὡς
2292 4421 2497 4484 κακῶν,
2522 4419 2655 4472 ἀλλά
2687 4415 3108 4486 σπλαγχνισθεὶς
3143 4414 3396 4484 ἠλέησεν.
3426 4412 3485 4464 Ε.
3515 4406 3719 4461 Boiis“:

514 4503 816 4560 visceribus
851 4515 1152 4576 permotus,
1185 4509 1442 4564 misertus
1469 4519 1568 4565 est.
1598 4511 1660 4565 E.
1690 4511 1806 4568 Hoc
1835 4513 1947 4567 vult
1973 4514 2084 4570 Me—

2201 4516 2369 4585 λέγειν
2419 4512 2706 4581 Μεγέθιος,
2748 4511 2830 4562 ὅτι
2869 4508 2991 4561 οὔτε
3023 4507 3206 4578 ἡμέρα
3245 4504 3370 4558 οὗτε
3401 4503 3512 4569 νὺξ,
3536 4500 3648 4555 ἀλλά
3681 4512 3718 4546 τι

513 4593 749 4662 gethius,
799 4610 981 4666 neque
1020 4597 1162 4651 diem
1196 4612 1336 4662 esse,
1381 4613 1554 4670 neque
1581 4613 1812 4667 noctem,
1840 4604 1932 4658 sed
1967 4621 2082 4658 me-

510 4684 660 4739 dium
695 4685 948 4755 quiddam
984 4685 1069 4740 his
1091 4686 1461 4756 iuterjectum.
1493 4689 1889 4761 lnterpretetur
1918 4694 2084 4764 igitur

512 4789 666 4830 suam
706 4777 1057 4832 sententiam.
1093 4777 1148 4831 Si
1185 4793 1284 4832 nec
1316 4778 1508 4847 bonos,
1541 4798 1638 4836 nec
1681 4783 1853 4839 malos
1902 4784 2079 4840 homi-

510 4881 609 4922 nes
637 4867 883 4922 conditos
913 4882 1034 4922 esse
1061 4867 1214 4932 dicit,
1247 4870 1375 4938 quid
1419 4888 1550 4939 ergo
1597 4873 1740 4926 inter
1778 4875 1979 4928 bonum
2029 4887 2084 4930 et

509 4957 713 5011 malum
768 4957 1109 5024 iuterjectum
1142 4960 1268 5012 est?
1303 4959 1372 5014 Μ.
1408 4961 1547 5016 Sunt
1581 4964 1678 5016 ista
1724 4966 2076 5034 sophismata.

509 5047 623 5117 Ego
647 5048 791 5102 enim
836 5063 900 5102 ex
939 5050 1236 5119 Scripturis
1284 5054 1454 5107 doceo
1503 5053 1602 5107 tria
1635 5054 1901 5125 principia
1931 5072 2078 5112 esse.

509 5137 574 5190 Δ.
607 5136 803 5191 Parine
832 5147 1100 5207 potestate
1127 5142 1346 5209 prwdita
1387 5152 1512 5197 sunt
1545 5145 1644 5198 tria
1681 5147 1970 5216 principia.
2008 5165 2075 5204 an

508 5243 674 5281 unum
727 5229 849 5285 aliis
901 5233 1156 5299 praestat?
1181 5233 1250 5286 Μ.
1281 5233 1425 5288 Deus
1459 5235 1559 5289 ista
1596 5238 1911 5304 prohibeat!
1959 5239 2076 5295 Non

509 5328 639 5372 sunt
682 5321 856 5388 paria.
889 5322 953 5374 A.
1003 5322 1286 5388 Quodnam
1340 5325 1506 5395 igitur
1553 5329 1912 5396 praastatilll.
1943 5331 2075 5388 Boni

507 5431 762 5502 permisit,
787 5433 919 5486 adeo
961 5445 1014 5487 ut
1045 5436 1216 5502 ipsum
1241 5437 1571 5500 occiderent;
1612 5449 1664 5491 at
1698 5444 2084 5498 resurrectione

507 5518 608 5580 ιιιᾳ
653 5519 684 5554 a
724 5504 944 5580 mortuis
969 5505 1203 5580 homines
1241 5509 1469 5568 captivos
1507 5509 1660 5575 cepit,
1692 5521 1737 5563 et
1769 5513 1964 5580 redegit
2012 5516 2083 5567 ad

504 5571 702 5625 cultum
731 5571 896 5637 patris
927 5576 1028 5626 sui.
1067 5573 1447 5630 WETSTEMUS.

578 5639 664 5720 (9)_
691 5641 1038 5720 Ἀρχορσιν..
1067 5643 1142 5720 Ita
1175 5657 1318 5720 recte
1360 5646 1525 5720 habet
1549 5647 1719 5703 codex
1755 5649 2074 5720 Vaticanus,

508 5709 971 5784 me‘t‘idoserautem
1004 5709 1350 5784 Basileensis,
1377 5713 1672 5784 ἀρχουσαν.

499 5821 505 5848 ι
579 5778 692 5850 (10)
723 5771 1192 5848 οὗτοιπονηροι,
1221 5771 1350 5839 εις]
1376 5771 1750 5844 Τέῗιυιιιιιιιυε
1789 5789 1886 5846 lib.
1943 5807 1986 5859 ι,
2028 5807 2077 5849 c.

2193 4608 2356 4677 μέσον
2385 4605 2605 4658 τούτων·
2633 4601 3024 4673 ἑρμηνευσάτω
3051 4594 3166 4664 οὖν,
3195 4598 3250 4650 τί
3277 4599 3425 4650 ἐστιν
3461 4596 3487 4646 ὃ
3509 4592 3647 4659 λέγει.
3670 4586 3716 4638 Ei

2193 4700 2327 4768 μήτε
2361 4694 2558 4757 καλοὺς
2585 4693 2730 4761 λέγει
2748 4691 2875 4756 τοὺς
2897 4689 3217 4761 ἀνθρώπους
3243 4687 3486 4741 ἐκτίσθαι
3515 4685 3630 4755 μήτε
3649 4695 3718 4732 xa-

2186 4787 2334 4850 κούς·
2368 4787 2420 4840 τί
2461 4784 2554 4840 οὖν
2597 4787 2742 4837 ἐστιν
2779 4782 2980 4854 μεταξὺ
3008 4781 3173 4836 καλοῦ
3205 4797 3264 4832 τε
3305 4781 3401 4834 καὶ
3443 4776 3622 4838 xum-3;
3654 4772 3710 4824 Μ.

2186 4879 2368 4932 Ταῦτα
2401 4875 2708 4947 σοφίσματά
2742 4876 2909 4927 ἐστιν·
2949 4872 3058 4943 ἐγὼ
3091 4874 3202 4943 γὰρ
3247 4871 3476 4924 δεικνύω
3500 4868 3594 4922 ἀπὸ
3628 4863 3709 4915 τῶν

2187 4970 2438 5042 Γραφῶνν
2472 4969 2552 5020 ὅτι
2582 4969 2730 5038 τρεῖς
2770 4968 2906 5018 εἶσιν
2953 4964 3140 5035 ἀρχαί.
3177 4965 3242 5016 Α.
3274 4962 3574 5021 Ἰσοσθενεῖς
3606 4956 3711 5007 εἰσιν

2186 5064 2240 5115 αἱ
2261 5064 2406 5132 τρεῖς
2439 5060 2621 5130 ἀρχαὶ,
2657 5059 2689 5128 ἢ
2728 5058 2892 5129 ἑτέρα
2936 5055 3168 5126 θατέρας
3210 5055 3507 5124 διενήνοχε;
3548 5051 3611 5104 Μ.
3640 5042 3709 5112 Μὴ

2186 5151 2426 5218 γένοιτοί
2457 5148 2558 5202 οῦκ
2588 5151 2722 5201 εἰσιν
2753 5147 2885 5200 ῐσαι.
2931 5148 2996 5201 Α.
3032 5145 3170 5199 Ποία
3197 5141 3294 5199 οὖν
3318 5140 3704 5216 πῳφερεστέραὲ

2185 5245 2258 5296 Μ.
2297 5245 2360 5295 'H
2401 5242 2495 5295 τοῦ
2544 5239 2749 5310 ἀγαθοῦ
2799 5239 3142 5311 ἰσχυροτέρα.
3189 5240 3256 5292 Α.
3315 5239 3628 5292 ’Υπόκεινται
3663 5228 3704 5279 αἱ

2184 5332 2514 5404 ἀτονώτεραι
2537 5333 2700 5404 ἀρχαὶ
2720 5334 2787 5402 τῇ
2814 5330 3155 5402 ἰσχυροτέρα,
3186 5330 3221 5401 ἢ
3253 5329 3315 5383 οὓ
3336 5347 3351 5395 ;
3375 5331 3446 5384 Μ.
3479 5326 3706 5380 Ὑπὸκειν-

2181 5447 2274 5518 25,
2303 5447 2554 5518 adversus
2589 5443 2911 5518 Mqrcionem
2937 5461 2956 5498 :
3008 5461 3028 5494 ι
3075 5443 3218 5518 Quid
3251 5441 3536 5518 improbius
3561 5449 3699 5518 “quam

2181 5517 2257 5571 ita
2280 5517 2457 5571 alieno
2510 5512 2830 5568 benefacere
2854 5529 3030 5575 servo,
3061 5527 3122 5568 ut
3173 5513 3396 5566 domino
3451 5512 3698 5578 eripiatur;

2181 5597 2243 5640 nt
2267 5586 2356 5639 alii
2391 5586 2788 5646 viudicetnr,ut
2814 5585 3076 5638 adversus
3112 5592 3276 5648 caput
3315 5581 3515 5636 Domini
3545 5578 3700 5632 subor-

2180 5669 2362 5711 netur.
2396 5674 2414 5706 ι
2444 5653 2578 5708 Vide
2605 5652 2877 5720 Epiphan.
2908 5654 3102 5708 haares.
3157 5668 3289 5706 sui.
3366 5652 3696 5720 Wsrsrrsles

2250 5724 2362 5796 (ll)
2388 5717 2864 5796 Eprerzdélnb'sr._
2889 5722 2980 5796 Sic
3014 5732 3160 5796 recte
3199 5724 3361 5776 habet
3402 5724 3553 5796 codex
3589 5717 3699 5768 Vati-

2180 5789 2374 5864 caiius,
2404 5795 2599 5852 vitiose
2627 5802 2810 5850 autem
2835 5793 3183 5864 Basileensis,
3222 5789 3592 5861 συνεπάθησαν.
