  <div class='ocr_page' id='page_1' title='image "/cluster/home/n/w/nwhite01/storage/ocr_20150623/11/hvd.32044024345175/866.png"; bbox 0 0 3866 6398; ppageno 0'>
   <div class='ocr_carea' id='block_1_1' title="bbox 205 302 340 359">
    <p class='ocr_par' dir='ltr' id='par_1_1' title="bbox 205 302 340 359">
     <span class='ocr_line' id='line_1_1' title="bbox 205 302 340 359; baseline 0.022 -3"><span class='ocrx_word' id='word_1_1' title='bbox 205 302 340 359; x_wconf 61' lang='grc' dir='ltr'>ιτει</span> 
     </span>
    </p>
   </div>
   <div class='ocr_carea' id='block_1_2' title="bbox 794 304 2921 388">
    <p class='ocr_par' dir='ltr' id='par_1_2' title="bbox 794 304 2921 388">
     <span class='ocr_line' id='line_1_2' title="bbox 794 304 2921 388; baseline 0.014 -31"><span class='ocrx_word' id='word_1_2' title='bbox 794 304 1156 362; x_wconf 81' lang='lat' dir='ltr'><strong>ADAMANTI</strong></span> <span class='ocrx_word' id='word_1_3' title='bbox 1220 307 1568 370; x_wconf 83' lang='lat' dir='ltr'><strong>DIALOGUS</strong></span> <span class='ocrx_word' id='word_1_4' title='bbox 1604 313 1692 370; x_wconf 86' lang='lat' dir='ltr'><strong>DE</strong></span> <span class='ocrx_word' id='word_1_5' title='bbox 1733 315 1963 374; x_wconf 74' lang='lat' dir='ltr'><strong>RECTA</strong></span> <span class='ocrx_word' id='word_1_6' title='bbox 1997 317 2066 374; x_wconf 72' lang='grc' dir='ltr'><strong>ΙΝ</strong></span> <span class='ocrx_word' id='word_1_7' title='bbox 2099 319 2292 378; x_wconf 79' lang='lat' dir='ltr'><strong>DEUM</strong></span> <span class='ocrx_word' id='word_1_8' title='bbox 2327 315 2508 380; x_wconf 76' lang='lat' dir='ltr'><strong>FIDE.</strong></span> <span class='ocrx_word' id='word_1_9' title='bbox 2537 357 2607 372; x_wconf 88' lang='lat'><strong>--</strong></span> <span class='ocrx_word' id='word_1_10' title='bbox 2637 322 2837 385; x_wconf 78' lang='lat' dir='ltr'><strong>SECT.</strong></span> <span class='ocrx_word' id='word_1_11' title='bbox 2879 329 2921 388; x_wconf 84' lang='grc'><strong>1.</strong></span> 
     </span>
    </p>
   </div>
   <div class='ocr_carea' id='block_1_3' title="bbox 3358 337 3496 394">
    <p class='ocr_par' dir='ltr' id='par_1_3' title="bbox 3358 337 3496 394">
     <span class='ocr_line' id='line_1_3' title="bbox 3358 337 3496 394; baseline 0.014 -2"><span class='ocrx_word' id='word_1_12' title='bbox 3358 337 3496 394; x_wconf 62' lang='grc'><strong>1792</strong></span> 
     </span>
    </p>
   </div>
   <div class='ocr_carea' id='block_1_4' title="bbox 201 423 1786 524">
    <p class='ocr_par' dir='ltr' id='par_1_4' title="bbox 201 423 1781 504">
     <span class='ocr_line' id='line_1_4' title="bbox 201 423 1781 504; baseline 0.009 -26"><span class='ocrx_word' id='word_1_13' title='bbox 201 441 311 479; x_wconf 76' lang='grc' dir='ltr'>ται.</span> <span class='ocrx_word' id='word_1_14' title='bbox 359 425 427 478; x_wconf 82' lang='grc' dir='ltr'><strong>Δ.</strong></span> <span class='ocrx_word' id='word_1_15' title='bbox 481 423 699 479; x_wconf 76' lang='grc' dir='ltr'>Οὐκοῦν</span> <span class='ocrx_word' id='word_1_16' title='bbox 750 425 891 480; x_wconf 73' lang='grc' dir='ltr'>κατὰ</span> <span class='ocrx_word' id='word_1_17' title='bbox 946 427 1200 499; x_wconf 83' lang='grc' dir='ltr'>βούλησιν</span> <span class='ocrx_word' id='word_1_18' title='bbox 1249 432 1344 485; x_wconf 87' lang='grc' dir='ltr'><strong>τοῦ</strong></span> <span class='ocrx_word' id='word_1_19' title='bbox 1393 433 1700 504; x_wconf 79' lang='grc' dir='ltr'>κρείττονος</span> <span class='ocrx_word' id='word_1_20' title='bbox 1748 456 1781 492; x_wconf 87' lang='grc' dir='ltr'><strong>α</strong></span> 
     </span>
    </p>
   </div>
   <div class='ocr_carea' id='block_1_5' title="bbox 1895 423 3496 524">
    <p class='ocr_par' dir='ltr' id='par_1_5' title="bbox 1913 440 3496 524">
     <span class='ocr_line' id='line_1_5' title="bbox 1913 440 3496 524; baseline 0.015 -36"><span class='ocrx_word' id='word_1_21' title='bbox 1913 440 2235 512; x_wconf 78' lang='lat' dir='ltr'><strong>principium</strong></span> <span class='ocrx_word' id='word_1_22' title='bbox 2291 455 2563 512; x_wconf 87' lang='lat' dir='ltr'><strong>potestate</strong></span> <span class='ocrx_word' id='word_1_23' title='bbox 2607 459 2847 516; x_wconf 72' lang='lat' dir='ltr'><strong>prmstat.</strong></span> <span class='ocrx_word' id='word_1_24' title='bbox 2897 451 2965 506; x_wconf 80' lang='grc' dir='ltr'><strong>Α.</strong></span> <span class='ocrx_word' id='word_1_25' title='bbox 3022 451 3275 524; x_wconf 72' lang='lat' dir='ltr'><strong>Subiecta</strong></span> <span class='ocrx_word' id='word_1_26' title='bbox 3326 472 3496 513; x_wconf 80' lang='lat' dir='ltr'><strong>necne</strong></span> 
     </span>
    </p>
   </div>
   <div class='ocr_carea' id='block_1_6' title="bbox 202 515 1802 594">
    <p class='ocr_par' dir='ltr' id='par_1_6' title="bbox 202 515 1802 594">
     <span class='ocr_line' id='line_1_6' title="bbox 202 515 1802 594; baseline 0.009 -25"><span class='ocrx_word' id='word_1_27' title='bbox 202 517 428 586; x_wconf 75' lang='grc' dir='ltr'>ἥττονες</span> <span class='ocrx_word' id='word_1_28' title='bbox 479 515 788 589; x_wconf 67' lang='grc' dir='ltr'><strong>(12)ἀρχαὶ</strong></span> <span class='ocrx_word' id='word_1_29' title='bbox 829 519 1008 574; x_wconf 86' lang='grc' dir='ltr'>πάντα</span> <span class='ocrx_word' id='word_1_30' title='bbox 1056 521 1405 594; x_wconf 81' lang='grc' dir='ltr'>πράττουσιν.</span> <span class='ocrx_word' id='word_1_31' title='bbox 1436 528 1511 580; x_wconf 89' lang='grc' dir='ltr'><strong>Μ.</strong></span> <span class='ocrx_word' id='word_1_32' title='bbox 1537 530 1614 581; x_wconf 86' lang='grc' dir='ltr'><strong>Οὐ</strong></span> <span class='ocrx_word' id='word_1_33' title='bbox 1664 528 1802 582; x_wconf 78' lang='grc' dir='ltr'>κατὰ</span> 
     </span>
    </p>
   </div>
   <div class='ocr_carea' id='block_1_7' title="bbox 206 606 1804 687">
    <p class='ocr_par' dir='ltr' id='par_1_7' title="bbox 206 606 1804 687">
     <span class='ocr_line' id='line_1_7' title="bbox 206 606 1804 687; baseline 0.009 -28"><span class='ocrx_word' id='word_1_34' title='bbox 206 608 467 679; x_wconf 84' lang='grc' dir='ltr'>βούλησιν</span> <span class='ocrx_word' id='word_1_35' title='bbox 516 610 683 664; x_wconf 78' lang='grc' dir='ltr'>αὐτοῦ</span> <span class='ocrx_word' id='word_1_36' title='bbox 725 606 868 666; x_wconf 66' lang='grc' dir='ltr'>οὗτοι</span> <span class='ocrx_word' id='word_1_37' title='bbox 919 612 988 666; x_wconf 74' lang='grc' dir='ltr'>τὰ</span> <span class='ocrx_word' id='word_1_38' title='bbox 1029 615 1244 685; x_wconf 74' lang='grc' dir='ltr'>πονηρὰ</span> <span class='ocrx_word' id='word_1_39' title='bbox 1277 617 1625 687; x_wconf 84' lang='grc' dir='ltr'>πράττουσιν·</span> <span class='ocrx_word' id='word_1_40' title='bbox 1655 619 1804 686; x_wconf 77' lang='grc' dir='ltr'>ἅπαξ</span> 
     </span>
    </p>
   </div>
   <div class='ocr_carea' id='block_1_8' title="bbox 202 697 1803 782">
    <p class='ocr_par' dir='ltr' id='par_1_8' title="bbox 202 697 1803 782">
     <span class='ocr_line' id='line_1_8' title="bbox 202 697 1803 782; baseline 0.009 -32"><span class='ocrx_word' id='word_1_41' title='bbox 202 697 256 751; x_wconf 78' lang='grc' dir='ltr'>δὲ</span> <span class='ocrx_word' id='word_1_42' title='bbox 289 699 650 772; x_wconf 76' lang='grc' dir='ltr'>ἰσχυρότερος</span> <span class='ocrx_word' id='word_1_43' title='bbox 689 701 866 754; x_wconf 79' lang='grc' dir='ltr'>αὐτῶν</span> <span class='ocrx_word' id='word_1_44' title='bbox 899 705 1066 756; x_wconf 76' lang='grc' dir='ltr'>ἐστιν·</span> <span class='ocrx_word' id='word_1_45' title='bbox 1110 706 1205 758; x_wconf 71' lang='grc' dir='ltr'><strong>καὶ</strong></span> <span class='ocrx_word' id='word_1_46' title='bbox 1255 705 1364 778; x_wconf 78' lang='grc' dir='ltr'><strong>γὰρ</strong></span> <span class='ocrx_word' id='word_1_47' title='bbox 1401 709 1430 760; x_wconf 82' lang='grc' dir='ltr'>ὁ</span> <span class='ocrx_word' id='word_1_48' title='bbox 1462 708 1630 762; x_wconf 77' lang='grc' dir='ltr'>ἐλθὼν</span> <span class='ocrx_word' id='word_1_49' title='bbox 1670 712 1803 782; x_wconf 87' lang='grc' dir='ltr'>Χρι-</span> 
     </span>
    </p>
   </div>
   <div class='ocr_carea' id='block_1_9' title="bbox 205 789 1800 872">
    <p class='ocr_par' dir='ltr' id='par_1_9' title="bbox 205 789 1800 872">
     <span class='ocr_line' id='line_1_9' title="bbox 205 789 1800 872; baseline 0.009 -31"><span class='ocrx_word' id='word_1_50' title='bbox 205 789 326 852; x_wconf 82' lang='grc' dir='ltr'>στὸς</span> <span class='ocrx_word' id='word_1_51' title='bbox 359 791 459 843; x_wconf 71' lang='grc' dir='ltr'><strong>καὶ</strong></span> <span class='ocrx_word' id='word_1_52' title='bbox 491 792 588 844; x_wconf 73' lang='grc' dir='ltr'><strong>τὸν</strong></span> <span class='ocrx_word' id='word_1_53' title='bbox 603 791 847 846; x_wconf 79' lang='grc' dir='ltr'>διάϐολον</span> <span class='ocrx_word' id='word_1_54' title='bbox 871 794 1110 866; x_wconf 75' lang='grc' dir='ltr'>ἐνίκησε,</span> <span class='ocrx_word' id='word_1_55' title='bbox 1143 797 1236 850; x_wconf 77' lang='grc' dir='ltr'>καὶ</span> <span class='ocrx_word' id='word_1_56' title='bbox 1261 799 1330 852; x_wconf 79' lang='grc' dir='ltr'>τὰ</span> <span class='ocrx_word' id='word_1_57' title='bbox 1358 801 1451 852; x_wconf 84' lang='grc' dir='ltr'><strong>τοῦ</strong></span> <span class='ocrx_word' id='word_1_58' title='bbox 1471 800 1800 872; x_wconf 78' lang='grc' dir='ltr'><strong>δημιουργοῦ</strong></span> 
     </span>
    </p>
   </div>
   <div class='ocr_carea' id='block_1_10' title="bbox 202 881 1798 965">
    <p class='ocr_par' dir='ltr' id='par_1_10' title="bbox 202 881 1798 965">
     <span class='ocr_line' id='line_1_10' title="bbox 202 881 1798 965; baseline 0.009 -31"><span class='ocrx_word' id='word_1_59' title='bbox 202 881 450 953; x_wconf 75' lang='grc' dir='ltr'><strong>δόγματα</strong></span> <span class='ocrx_word' id='word_1_60' title='bbox 467 884 786 954; x_wconf 71' lang='grc' dir='ltr'>ἀνέτρεψεν.</span> <span class='ocrx_word' id='word_1_61' title='bbox 812 889 875 938; x_wconf 85' lang='grc' dir='ltr'><strong>Α.</strong></span> <span class='ocrx_word' id='word_1_62' title='bbox 900 886 1057 940; x_wconf 75' lang='grc' dir='ltr'>Κατὰ</span> <span class='ocrx_word' id='word_1_63' title='bbox 1088 887 1340 958; x_wconf 82' lang='grc' dir='ltr'>βούλησιν</span> <span class='ocrx_word' id='word_1_64' title='bbox 1356 891 1448 943; x_wconf 88' lang='grc' dir='ltr'><strong>τοῦ</strong></span> <span class='ocrx_word' id='word_1_65' title='bbox 1466 893 1669 960; x_wconf 78' lang='grc' dir='ltr'>ἀγαθοῦ</span> <span class='ocrx_word' id='word_1_66' title='bbox 1686 894 1798 965; x_wconf 79' lang='grc'><strong>(15)</strong></span> 
     </span>
    </p>
   </div>
   <div class='ocr_carea' id='block_1_11' title="bbox 201 966 1796 1044">
    <p class='ocr_par' dir='ltr' id='par_1_11' title="bbox 201 966 1796 1044">
     <span class='ocr_line' id='line_1_11' title="bbox 201 966 1796 1044; baseline 0.008 -21"><span class='ocrx_word' id='word_1_67' title='bbox 201 974 338 1023; x_wconf 84' lang='grc' dir='ltr'>εἰσιν</span> <span class='ocrx_word' id='word_1_68' title='bbox 375 966 566 1037; x_wconf 67' lang='grc' dir='ltr'>οὖτοι;</span> <span class='ocrx_word' id='word_1_69' title='bbox 609 973 684 1026; x_wconf 89' lang='grc' dir='ltr'><strong>Μ.</strong></span> <span class='ocrx_word' id='word_1_70' title='bbox 730 973 830 1027; x_wconf 78' lang='grc' dir='ltr'><strong>Οὔ.</strong></span> <span class='ocrx_word' id='word_1_71' title='bbox 865 976 930 1027; x_wconf 81' lang='grc' dir='ltr'>Α.</span> <span class='ocrx_word' id='word_1_72' title='bbox 992 975 1201 1042; x_wconf 82' lang='grc' dir='ltr'>Ἀγνοεῖ</span> <span class='ocrx_word' id='word_1_73' title='bbox 1235 973 1348 1042; x_wconf 80' lang='grc' dir='ltr'>οὖν,</span> <span class='ocrx_word' id='word_1_74' title='bbox 1392 980 1471 1032; x_wconf 80' lang='grc' dir='ltr'>ὅτι</span> <span class='ocrx_word' id='word_1_75' title='bbox 1515 981 1685 1044; x_wconf 73' lang='grc' dir='ltr'>εἰσίν;</span> <span class='ocrx_word' id='word_1_76' title='bbox 1722 983 1796 1037; x_wconf 85' lang='grc' dir='ltr'><strong>Μ.</strong></span> 
     </span>
    </p>
   </div>
   <div class='ocr_carea' id='block_1_12' title="bbox 201 1062 1794 1142">
    <p class='ocr_par' dir='ltr' id='par_1_12' title="bbox 201 1062 1794 1142">
     <span class='ocr_line' id='line_1_12' title="bbox 201 1062 1794 1142; baseline 0.009 -28"><span class='ocrx_word' id='word_1_77' title='bbox 201 1062 312 1115; x_wconf 79' lang='grc' dir='ltr'>Οὐκ</span> <span class='ocrx_word' id='word_1_78' title='bbox 343 1063 560 1132; x_wconf 80' lang='grc' dir='ltr'>ἀγνοεῖ.</span> <span class='ocrx_word' id='word_1_79' title='bbox 592 1065 656 1121; x_wconf 87' lang='grc' dir='ltr'>Ε.</span> <span class='ocrx_word' id='word_1_80' title='bbox 695 1067 871 1136; x_wconf 83' lang='grc' dir='ltr'>Ἐφης</span> <span class='ocrx_word' id='word_1_81' title='bbox 906 1067 1250 1139; x_wconf 77' lang='grc' dir='ltr'><strong>ἰσχυρότερον</strong></span> <span class='ocrx_word' id='word_1_82' title='bbox 1291 1065 1428 1124; x_wconf 72' lang='grc' dir='ltr'>εἶναι</span> <span class='ocrx_word' id='word_1_83' title='bbox 1453 1073 1544 1126; x_wconf 73' lang='grc' dir='ltr'>τὸν</span> <span class='ocrx_word' id='word_1_84' title='bbox 1575 1075 1794 1142; x_wconf 81' lang='grc' dir='ltr'>ἀγαθόν·</span> 
     </span>
    </p>
   </div>
   <div class='ocr_carea' id='block_1_13' title="bbox 200 1156 1802 1230">
    <p class='ocr_par' dir='ltr' id='par_1_13' title="bbox 200 1156 1802 1230">
     <span class='ocr_line' id='line_1_13' title="bbox 200 1156 1802 1230; baseline 0.006 -20"><span class='ocrx_word' id='word_1_85' title='bbox 200 1156 375 1218; x_wconf 85' lang='grc' dir='ltr'>ἄλλως</span> <span class='ocrx_word' id='word_1_86' title='bbox 405 1156 491 1220; x_wconf 80' lang='grc' dir='ltr'><strong>δὲ,</strong></span> <span class='ocrx_word' id='word_1_87' title='bbox 531 1161 626 1211; x_wconf 70' lang='grc' dir='ltr'><strong>καὶ</strong></span> <span class='ocrx_word' id='word_1_88' title='bbox 670 1158 743 1229; x_wconf 79' lang='grc' dir='ltr'><strong>μὴ</strong></span> <span class='ocrx_word' id='word_1_89' title='bbox 776 1158 1096 1230; x_wconf 79' lang='grc' dir='ltr'>βουλόμενον</span> <span class='ocrx_word' id='word_1_90' title='bbox 1125 1161 1323 1224; x_wconf 82' lang='grc' dir='ltr'>αὐτοὺς</span> <span class='ocrx_word' id='word_1_91' title='bbox 1354 1159 1516 1217; x_wconf 79' lang='grc' dir='ltr'>εἶναι·</span> <span class='ocrx_word' id='word_1_92' title='bbox 1545 1165 1661 1228; x_wconf 83' lang='grc' dir='ltr'><strong>πῶς</strong></span> <span class='ocrx_word' id='word_1_93' title='bbox 1693 1168 1802 1219; x_wconf 80' lang='grc' dir='ltr'>τοί-</span> 
     </span>
    </p>
   </div>
   <div class='ocr_carea' id='block_1_14' title="bbox 200 1249 1796 1330">
    <p class='ocr_par' dir='ltr' id='par_1_14' title="bbox 200 1249 1796 1330">
     <span class='ocr_line' id='line_1_14' title="bbox 200 1249 1796 1330; baseline 0.006 -29"><span class='ocrx_word' id='word_1_94' title='bbox 200 1267 292 1315; x_wconf 86' lang='grc' dir='ltr'><strong>νυν</strong></span> <span class='ocrx_word' id='word_1_95' title='bbox 324 1249 494 1302; x_wconf 85' lang='grc' dir='ltr'>τοῦτο</span> <span class='ocrx_word' id='word_1_96' title='bbox 548 1250 851 1322; x_wconf 75' lang='grc' dir='ltr'>ἐνδέχεται;</span> <span class='ocrx_word' id='word_1_97' title='bbox 900 1253 962 1305; x_wconf 74' lang='lat' dir='ltr'><strong>EE</strong></span> <span class='ocrx_word' id='word_1_98' title='bbox 993 1253 1102 1325; x_wconf 84' lang='grc' dir='ltr'>γάρ</span> <span class='ocrx_word' id='word_1_99' title='bbox 1147 1256 1295 1308; x_wconf 76' lang='grc' dir='ltr'>ἐστιν</span> <span class='ocrx_word' id='word_1_100' title='bbox 1341 1257 1503 1321; x_wconf 78' lang='grc' dir='ltr'>αὐτὸς</span> <span class='ocrx_word' id='word_1_101' title='bbox 1557 1258 1796 1330; x_wconf 70' lang='grc' dir='ltr'>ἰσχυρὸς,</span> 
     </span>
    </p>
   </div>
   <div class='ocr_carea' id='block_1_15' title="bbox 201 1341 1798 1413">
    <p class='ocr_par' dir='ltr' id='par_1_15' title="bbox 201 1341 1798 1413">
     <span class='ocr_line' id='line_1_15' title="bbox 201 1341 1798 1413; baseline 0.006 -19"><span class='ocrx_word' id='word_1_102' title='bbox 201 1342 292 1394; x_wconf 79' lang='grc' dir='ltr'><strong>καὶ</strong></span> <span class='ocrx_word' id='word_1_103' title='bbox 329 1343 406 1412; x_wconf 78' lang='grc' dir='ltr'>μὴ</span> <span class='ocrx_word' id='word_1_104' title='bbox 445 1341 776 1413; x_wconf 81' lang='grc' dir='ltr'>βουλόμενος</span> <span class='ocrx_word' id='word_1_105' title='bbox 830 1341 967 1398; x_wconf 74' lang='grc' dir='ltr'>εἶναι</span> <span class='ocrx_word' id='word_1_106' title='bbox 1016 1345 1231 1410; x_wconf 72' lang='grc' dir='ltr'>αὐτούς’</span> <span class='ocrx_word' id='word_1_107' title='bbox 1283 1350 1389 1402; x_wconf 73' lang='grc' dir='ltr'>εἰσὶ</span> <span class='ocrx_word' id='word_1_108' title='bbox 1427 1349 1484 1402; x_wconf 86' lang='grc' dir='ltr'>δὲ</span> <span class='ocrx_word' id='word_1_109' title='bbox 1528 1351 1669 1403; x_wconf 74' lang='grc' dir='ltr'>κατὰ</span> <span class='ocrx_word' id='word_1_110' title='bbox 1705 1351 1798 1404; x_wconf 87' lang='grc' dir='ltr'><strong>τὸν</strong></span> 
     </span>
    </p>
   </div>
   <div class='ocr_carea' id='block_1_16' title="bbox 199 1432 1797 1509">
    <p class='ocr_par' dir='ltr' id='par_1_16' title="bbox 199 1432 1797 1509">
     <span class='ocr_line' id='line_1_16' title="bbox 199 1432 1797 1509; baseline 0.005 -22"><span class='ocrx_word' id='word_1_111' title='bbox 199 1432 486 1502; x_wconf 71' lang='grc' dir='ltr'>σὺνλόγοψ</span> <span class='ocrx_word' id='word_1_112' title='bbox 522 1436 556 1506; x_wconf 77' lang='grc' dir='ltr'><strong>ἢ</strong></span> <span class='ocrx_word' id='word_1_113' title='bbox 589 1435 837 1505; x_wconf 83' lang='grc' dir='ltr'>βούλεται</span> <span class='ocrx_word' id='word_1_114' title='bbox 864 1439 1058 1501; x_wconf 80' lang='grc' dir='ltr'>αὐτοὺς</span> <span class='ocrx_word' id='word_1_115' title='bbox 1089 1435 1248 1492; x_wconf 75' lang='grc' dir='ltr'>εἶναι’</span> <span class='ocrx_word' id='word_1_116' title='bbox 1285 1440 1317 1509; x_wconf 86' lang='grc' dir='ltr'><strong>ἥ</strong></span> <span class='ocrx_word' id='word_1_117' title='bbox 1352 1441 1413 1492; x_wconf 83' lang='grc' dir='ltr'>οὑ</span> <span class='ocrx_word' id='word_1_118' title='bbox 1451 1440 1672 1494; x_wconf 79' lang='grc' dir='ltr'>δύναται</span> <span class='ocrx_word' id='word_1_119' title='bbox 1700 1444 1797 1495; x_wconf 74' lang='grc' dir='ltr'>αὑ-</span> 
     </span>
    </p>
   </div>
   <div class='ocr_carea' id='block_1_17' title="bbox 199 1527 1796 1604">
    <p class='ocr_par' dir='ltr' id='par_1_17' title="bbox 199 1527 1796 1604">
     <span class='ocr_line' id='line_1_17' title="bbox 199 1527 1796 1604; baseline 0.004 -24"><span class='ocrx_word' id='word_1_120' title='bbox 199 1531 321 1590; x_wconf 82' lang='grc' dir='ltr'>τοὺς</span> <span class='ocrx_word' id='word_1_121' title='bbox 349 1527 590 1582; x_wconf 81' lang='grc' dir='ltr'><strong>ἀνελεῖν·</strong></span> <span class='ocrx_word' id='word_1_122' title='bbox 628 1529 660 1600; x_wconf 84' lang='grc' dir='ltr'>ἢ</span> <span class='ocrx_word' id='word_1_123' title='bbox 693 1531 895 1598; x_wconf 83' lang='grc' dir='ltr'>ἀγνοεῖ,</span> <span class='ocrx_word' id='word_1_124' title='bbox 947 1532 1029 1583; x_wconf 80' lang='grc' dir='ltr'><strong>ὅτι</strong></span> <span class='ocrx_word' id='word_1_125' title='bbox 1072 1532 1229 1587; x_wconf 77' lang='grc' dir='ltr'>εἰσίν.</span> <span class='ocrx_word' id='word_1_126' title='bbox 1265 1533 1339 1584; x_wconf 88' lang='grc' dir='ltr'><strong>Μ.</strong></span> <span class='ocrx_word' id='word_1_127' title='bbox 1387 1532 1528 1601; x_wconf 85' lang='grc' dir='ltr'><strong>Ἐγὼ</strong></span> <span class='ocrx_word' id='word_1_128' title='bbox 1561 1534 1796 1604; x_wconf 77' lang='grc' dir='ltr'>δύναμαι</span> 
     </span>
    </p>
   </div>
   <div class='ocr_carea' id='block_1_18' title="bbox 199 1620 1798 1693">
    <p class='ocr_par' dir='ltr' id='par_1_18' title="bbox 199 1620 1798 1693">
     <span class='ocr_line' id='line_1_18' title="bbox 199 1620 1798 1693; baseline 0.006 -21"><span class='ocrx_word' id='word_1_129' title='bbox 199 1620 387 1686; x_wconf 82' lang='grc' dir='ltr'>δεῖξαι,</span> <span class='ocrx_word' id='word_1_130' title='bbox 420 1622 509 1674; x_wconf 82' lang='grc' dir='ltr'><strong>ὅτι</strong></span> <span class='ocrx_word' id='word_1_131' title='bbox 543 1622 723 1690; x_wconf 76' lang='grc' dir='ltr'>φάλσα</span> <span class='ocrx_word' id='word_1_132' title='bbox 763 1623 872 1693; x_wconf 74' lang='grc' dir='ltr'><strong>(Μ)</strong></span> <span class='ocrx_word' id='word_1_133' title='bbox 917 1625 1035 1676; x_wconf 72' lang='grc' dir='ltr'>ἐστὶ</span> <span class='ocrx_word' id='word_1_134' title='bbox 1082 1623 1150 1676; x_wconf 78' lang='grc' dir='ltr'>τὰ</span> <span class='ocrx_word' id='word_1_135' title='bbox 1189 1625 1516 1693; x_wconf 64' lang='grc' dir='ltr'>Εὑαγγέλια,</span> <span class='ocrx_word' id='word_1_136' title='bbox 1570 1627 1633 1681; x_wconf 76' lang='grc' dir='ltr'><strong>Α.</strong></span> <span class='ocrx_word' id='word_1_137' title='bbox 1668 1627 1798 1681; x_wconf 78' lang='grc' dir='ltr'><strong>Ἀπὸ</strong></span> 
     </span>
    </p>
   </div>
   <div class='ocr_carea' id='block_1_19' title="bbox 200 1705 1792 1786">
    <p class='ocr_par' dir='ltr' id='par_1_19' title="bbox 200 1705 1792 1786">
     <span class='ocr_line' id='line_1_19' title="bbox 200 1705 1792 1786; baseline 0.005 -23"><span class='ocrx_word' id='word_1_138' title='bbox 200 1705 365 1765; x_wconf 62' lang='grc' dir='ltr'>ποίων</span> <span class='ocrx_word' id='word_1_139' title='bbox 395 1705 731 1779; x_wconf 78' lang='grc' dir='ltr'><strong>ἀποδείξεων</strong></span> <span class='ocrx_word' id='word_1_140' title='bbox 758 1712 903 1784; x_wconf 76' lang='grc' dir='ltr'>ἔχεις</span> <span class='ocrx_word' id='word_1_141' title='bbox 924 1713 1114 1780; x_wconf 85' lang='grc' dir='ltr'>δεῖξαι,</span> <span class='ocrx_word' id='word_1_142' title='bbox 1136 1715 1290 1769; x_wconf 72' lang='grc' dir='ltr'>ταῦθ’</span> <span class='ocrx_word' id='word_1_143' title='bbox 1319 1716 1490 1780; x_wconf 71' lang='grc' dir='ltr'>οὕτως</span> <span class='ocrx_word' id='word_1_144' title='bbox 1521 1716 1694 1786; x_wconf 76' lang='grc' dir='ltr'>ἕχειν;</span> <span class='ocrx_word' id='word_1_145' title='bbox 1719 1721 1792 1772; x_wconf 84' lang='grc' dir='ltr'><strong>Μ.</strong></span> 
     </span>
    </p>
   </div>
   <div class='ocr_carea' id='block_1_20' title="bbox 1907 528 3500 616">
    <p class='ocr_par' dir='ltr' id='par_1_20' title="bbox 1907 528 3500 616">
     <span class='ocr_line' id='line_1_20' title="bbox 1907 528 3500 616; baseline 0.011 -31"><span class='ocrx_word' id='word_1_146' title='bbox 1907 543 2034 586; x_wconf 81' lang='lat' dir='ltr'><strong>Sunt</strong></span> <span class='ocrx_word' id='word_1_147' title='bbox 2079 534 2433 591; x_wconf 85' lang='lat' dir='ltr'><strong>imbecilliora</strong></span> <span class='ocrx_word' id='word_1_148' title='bbox 2472 539 2741 610; x_wconf 88' lang='lat' dir='ltr'><strong>principia</strong></span> <span class='ocrx_word' id='word_1_149' title='bbox 2790 543 2840 596; x_wconf 91' lang='lat' dir='ltr'><strong>ei</strong></span> <span class='ocrx_word' id='word_1_150' title='bbox 2873 546 3018 611; x_wconf 91' lang='lat' dir='ltr'><strong>quod</strong></span> <span class='ocrx_word' id='word_1_151' title='bbox 3051 556 3133 600; x_wconf 87' lang='lat' dir='ltr'><strong>est</strong></span> <span class='ocrx_word' id='word_1_152' title='bbox 3175 549 3450 616; x_wconf 86' lang='lat' dir='ltr'><strong>potentius</strong></span> <span class='ocrx_word' id='word_1_153' title='bbox 3468 528 3500 602; x_wconf 14' lang='lat' dir='ltr'><strong>?V</strong></span> 
     </span>
    </p>
   </div>
   <div class='ocr_carea' id='block_1_21' title="bbox 1905 625 3489 707">
    <p class='ocr_par' dir='ltr' id='par_1_21' title="bbox 1905 625 3489 707">
     <span class='ocr_line' id='line_1_21' title="bbox 1905 625 3489 707; baseline 0.01 -28"><span class='ocrx_word' id='word_1_154' title='bbox 1905 625 1975 679; x_wconf 84' lang='grc' dir='ltr'><strong>Μ.</strong></span> <span class='ocrx_word' id='word_1_155' title='bbox 2030 625 2284 694; x_wconf 75' lang='lat' dir='ltr'><strong>Subiecta</strong></span> <span class='ocrx_word' id='word_1_156' title='bbox 2328 640 2475 685; x_wconf 91' lang='lat' dir='ltr'><strong>sunt.</strong></span> <span class='ocrx_word' id='word_1_157' title='bbox 2523 632 2588 686; x_wconf 83' lang='lat' dir='ltr'><strong>A.</strong></span> <span class='ocrx_word' id='word_1_158' title='bbox 2625 634 2818 687; x_wconf 82' lang='lat' dir='ltr'><strong>Omnia</strong></span> <span class='ocrx_word' id='word_1_159' title='bbox 2863 635 3028 705; x_wconf 77' lang='lat' dir='ltr'><strong>igitur</strong></span> <span class='ocrx_word' id='word_1_160' title='bbox 3077 652 3176 707; x_wconf 89' lang='lat' dir='ltr'><strong>pro</strong></span> <span class='ocrx_word' id='word_1_161' title='bbox 3221 640 3489 695; x_wconf 87' lang='lat' dir='ltr'><strong>arbitratu</strong></span> 
     </span>
    </p>
   </div>
   <div class='ocr_carea' id='block_1_22' title="bbox 1904 719 3488 795">
    <p class='ocr_par' dir='ltr' id='par_1_22' title="bbox 1904 719 3488 795">
     <span class='ocr_line' id='line_1_22' title="bbox 1904 719 3488 795; baseline 0.009 -23"><span class='ocrx_word' id='word_1_162' title='bbox 1904 719 2223 787; x_wconf 85' lang='lat' dir='ltr'><strong>superioris,</strong></span> <span class='ocrx_word' id='word_1_163' title='bbox 2300 721 2560 777; x_wconf 79' lang='lat' dir='ltr'><strong>inferiora</strong></span> <span class='ocrx_word' id='word_1_164' title='bbox 2620 725 2884 795; x_wconf 88' lang='lat' dir='ltr'><strong>principia</strong></span> <span class='ocrx_word' id='word_1_165' title='bbox 2939 725 3166 785; x_wconf 82' lang='lat' dir='ltr'><strong>faciunt.</strong></span> <span class='ocrx_word' id='word_1_166' title='bbox 3237 729 3305 783; x_wconf 84' lang='grc' dir='ltr'><strong>Μ.</strong></span> <span class='ocrx_word' id='word_1_167' title='bbox 3371 729 3488 786; x_wconf 82' lang='grc' dir='ltr'>Νοιι</span> 
     </span>
    </p>
   </div>
   <div class='ocr_carea' id='block_1_23' title="bbox 1903 810 3490 888">
    <p class='ocr_par' dir='ltr' id='par_1_23' title="bbox 1903 810 3490 888">
     <span class='ocr_line' id='line_1_23' title="bbox 1903 810 3490 888; baseline 0.01 -26"><span class='ocrx_word' id='word_1_168' title='bbox 1903 825 1967 863; x_wconf 81' lang='lat' dir='ltr'><strong>ex</strong></span> <span class='ocrx_word' id='word_1_169' title='bbox 2010 810 2126 878; x_wconf 85' lang='lat' dir='ltr'><strong>ejus</strong></span> <span class='ocrx_word' id='word_1_170' title='bbox 2165 811 2445 867; x_wconf 86' lang='lat' dir='ltr'><strong>voluntate</strong></span> <span class='ocrx_word' id='word_1_171' title='bbox 2485 815 2541 868; x_wconf 90' lang='lat' dir='ltr'><strong>hi</strong></span> <span class='ocrx_word' id='word_1_172' title='bbox 2599 817 2738 870; x_wconf 89' lang='lat' dir='ltr'><strong>mala</strong></span> <span class='ocrx_word' id='word_1_173' title='bbox 2790 828 2977 888; x_wconf 86' lang='lat' dir='ltr'><strong>agunt,</strong></span> <span class='ocrx_word' id='word_1_174' title='bbox 3010 822 3102 875; x_wconf 90' lang='lat' dir='ltr'><strong>sed</strong></span> <span class='ocrx_word' id='word_1_175' title='bbox 3145 823 3368 876; x_wconf 86' lang='lat' dir='ltr'><strong>omnino</strong></span> <span class='ocrx_word' id='word_1_176' title='bbox 3411 825 3490 879; x_wconf 87' lang='lat' dir='ltr'><strong>eis</strong></span> 
     </span>
    </p>
   </div>
   <div class='ocr_carea' id='block_1_24' title="bbox 1903 904 3488 974">
    <p class='ocr_par' dir='ltr' id='par_1_24' title="bbox 1903 904 3488 974">
     <span class='ocr_line' id='line_1_24' title="bbox 1903 904 3488 974; baseline 0.008 -18"><span class='ocrx_word' id='word_1_177' title='bbox 1903 904 2144 972; x_wconf 86' lang='lat' dir='ltr'><strong>potentia</strong></span> <span class='ocrx_word' id='word_1_178' title='bbox 2182 915 2422 974; x_wconf 72' lang='lat' dir='ltr'><strong>praestat.</strong></span> <span class='ocrx_word' id='word_1_179' title='bbox 2455 907 2670 962; x_wconf 78' lang='lat' dir='ltr'><strong>Etenim</strong></span> <span class='ocrx_word' id='word_1_180' title='bbox 2718 909 2971 966; x_wconf 87' lang='lat' dir='ltr'><strong>Christus</strong></span> <span class='ocrx_word' id='word_1_181' title='bbox 3005 914 3241 968; x_wconf 85' lang='lat' dir='ltr'><strong>adventu</strong></span> <span class='ocrx_word' id='word_1_182' title='bbox 3288 930 3392 970; x_wconf 85' lang='lat' dir='ltr'><strong>suo</strong></span> <span class='ocrx_word' id='word_1_183' title='bbox 3433 925 3488 969; x_wconf 90' lang='lat' dir='ltr'><strong>et</strong></span> 
     </span>
    </p>
   </div>
   <div class='ocr_carea' id='block_1_25' title="bbox 1903 995 3484 1068">
    <p class='ocr_par' dir='ltr' id='par_1_25' title="bbox 1903 995 3484 1068">
     <span class='ocr_line' id='line_1_25' title="bbox 1903 995 3484 1068; baseline 0.008 -19"><span class='ocrx_word' id='word_1_184' title='bbox 1903 995 2174 1050; x_wconf 85' lang='lat' dir='ltr'><strong>diabolum</strong></span> <span class='ocrx_word' id='word_1_185' title='bbox 2202 999 2350 1064; x_wconf 85' lang='lat' dir='ltr'><strong>vicit,</strong></span> <span class='ocrx_word' id='word_1_186' title='bbox 2382 1011 2437 1054; x_wconf 91' lang='lat' dir='ltr'><strong>et</strong></span> <span class='ocrx_word' id='word_1_187' title='bbox 2465 999 2676 1068; x_wconf 82' lang='lat' dir='ltr'><strong>opiﬁcis</strong></span> <span class='ocrx_word' id='word_1_188' title='bbox 2705 1003 2920 1058; x_wconf 87' lang='lat' dir='ltr'><strong>decreta</strong></span> <span class='ocrx_word' id='word_1_189' title='bbox 2965 1006 3205 1060; x_wconf 82' lang='lat' dir='ltr'><strong>sustulit.</strong></span> <span class='ocrx_word' id='word_1_190' title='bbox 3231 1007 3297 1062; x_wconf 83' lang='lat' dir='ltr'><strong>A.</strong></span> <span class='ocrx_word' id='word_1_191' title='bbox 3318 1009 3484 1062; x_wconf 82' lang='lat' dir='ltr'><strong>Sunt-</strong></span> 
     </span>
    </p>
   </div>
   <div class='ocr_carea' id='block_1_26' title="bbox 1904 1085 3483 1168">
    <p class='ocr_par' dir='ltr' id='par_1_26' title="bbox 1904 1085 3483 1168">
     <span class='ocr_line' id='line_1_26' title="bbox 1904 1085 3483 1168; baseline 0.008 -29"><span class='ocrx_word' id='word_1_192' title='bbox 1904 1101 1971 1140; x_wconf 88' lang='lat' dir='ltr'><strong>ne</strong></span> <span class='ocrx_word' id='word_1_193' title='bbox 2001 1085 2053 1140; x_wconf 88' lang='lat' dir='ltr'><strong>hi</strong></span> <span class='ocrx_word' id='word_1_194' title='bbox 2079 1086 2289 1154; x_wconf 85' lang='lat' dir='ltr'><strong>opiﬁcis</strong></span> <span class='ocrx_word' id='word_1_195' title='bbox 2325 1089 2646 1146; x_wconf 81' lang='lat' dir='ltr'><strong>voluntate?</strong></span> <span class='ocrx_word' id='word_1_196' title='bbox 2675 1092 2744 1148; x_wconf 82' lang='grc' dir='ltr'><strong>Μ.</strong></span> <span class='ocrx_word' id='word_1_197' title='bbox 2777 1092 2890 1146; x_wconf 79' lang='lat' dir='ltr'><strong>Non</strong></span> <span class='ocrx_word' id='word_1_198' title='bbox 2930 1106 3075 1148; x_wconf 87' lang='lat' dir='ltr'><strong>sunt.</strong></span> <span class='ocrx_word' id='word_1_199' title='bbox 3125 1097 3194 1154; x_wconf 89' lang='lat' dir='ltr'><strong>A.</strong></span> <span class='ocrx_word' id='word_1_200' title='bbox 3220 1095 3327 1151; x_wconf 88' lang='lat' dir='ltr'><strong>Eos</strong></span> <span class='ocrx_word' id='word_1_201' title='bbox 3353 1113 3483 1168; x_wconf 80' lang='lat' dir='ltr'><strong>ergo</strong></span> 
     </span>
    </p>
   </div>
   <div class='ocr_carea' id='block_1_27' title="bbox 1901 1181 3480 1252">
    <p class='ocr_par' dir='ltr' id='par_1_27' title="bbox 1901 1181 3480 1252">
     <span class='ocr_line' id='line_1_27' title="bbox 1901 1181 3480 1252; baseline 0.004 -18"><span class='ocrx_word' id='word_1_202' title='bbox 1901 1194 2022 1234; x_wconf 89' lang='lat' dir='ltr'><strong>esse</strong></span> <span class='ocrx_word' id='word_1_203' title='bbox 2052 1181 2246 1236; x_wconf 86' lang='lat' dir='ltr'><strong>nescit.</strong></span> <span class='ocrx_word' id='word_1_204' title='bbox 2277 1181 2348 1237; x_wconf 90' lang='lat' dir='ltr'><strong>M.</strong></span> <span class='ocrx_word' id='word_1_205' title='bbox 2375 1183 2490 1239; x_wconf 80' lang='lat' dir='ltr'><strong>Non</strong></span> <span class='ocrx_word' id='word_1_206' title='bbox 2519 1184 2756 1252; x_wconf 76' lang='lat' dir='ltr'><strong>ignorat.</strong></span> <span class='ocrx_word' id='word_1_207' title='bbox 2794 1185 2853 1241; x_wconf 84' lang='lat' dir='ltr'><strong>E.</strong></span> <span class='ocrx_word' id='word_1_208' title='bbox 2894 1187 3088 1241; x_wconf 81' lang='lat' dir='ltr'><strong>Dixisti</strong></span> <span class='ocrx_word' id='word_1_209' title='bbox 3132 1189 3480 1242; x_wconf 80' lang='lat' dir='ltr'><strong>valentiorem</strong></span> 
     </span>
    </p>
   </div>
   <div class='ocr_carea' id='block_1_28' title="bbox 1901 1273 3482 1348">
    <p class='ocr_par' dir='ltr' id='par_1_28' title="bbox 1901 1273 3482 1348">
     <span class='ocr_line' id='line_1_28' title="bbox 1901 1273 3482 1348; baseline 0.005 -22"><span class='ocrx_word' id='word_1_210' title='bbox 1901 1287 2021 1327; x_wconf 86' lang='lat' dir='ltr'><strong>esse</strong></span> <span class='ocrx_word' id='word_1_211' title='bbox 2060 1273 2282 1337; x_wconf 89' lang='lat' dir='ltr'><strong>bonum,</strong></span> <span class='ocrx_word' id='word_1_212' title='bbox 2326 1291 2392 1330; x_wconf 91' lang='lat' dir='ltr'><strong>ac</strong></span> <span class='ocrx_word' id='word_1_213' title='bbox 2423 1286 2684 1346; x_wconf 66' lang='lat' dir='ltr'><strong>praatcrea</strong></span> <span class='ocrx_word' id='word_1_214' title='bbox 2735 1278 2878 1333; x_wconf 91' lang='lat' dir='ltr'><strong>nolle</strong></span> <span class='ocrx_word' id='word_1_215' title='bbox 2917 1294 3010 1334; x_wconf 86' lang='lat' dir='ltr'><strong>eos</strong></span> <span class='ocrx_word' id='word_1_216' title='bbox 3047 1295 3208 1334; x_wconf 88' lang='lat' dir='ltr'><strong>esse:</strong></span> <span class='ocrx_word' id='word_1_217' title='bbox 3242 1280 3337 1348; x_wconf 87' lang='lat' dir='ltr'><strong>qui</strong></span> <span class='ocrx_word' id='word_1_218' title='bbox 3381 1280 3482 1334; x_wconf 91' lang='lat' dir='ltr'><strong>hoc</strong></span> 
     </span>
    </p>
   </div>
   <div class='ocr_carea' id='block_1_29' title="bbox 1903 1365 3482 1440">
    <p class='ocr_par' dir='ltr' id='par_1_29' title="bbox 1903 1365 3482 1440">
     <span class='ocr_line' id='line_1_29' title="bbox 1903 1365 3482 1440; baseline 0.005 -22"><span class='ocrx_word' id='word_1_219' title='bbox 1903 1365 2015 1420; x_wconf 87' lang='lat' dir='ltr'><strong>ﬁeri</strong></span> <span class='ocrx_word' id='word_1_220' title='bbox 2050 1368 2266 1436; x_wconf 83' lang='lat' dir='ltr'><strong>potest?</strong></span> <span class='ocrx_word' id='word_1_221' title='bbox 2301 1368 2359 1423; x_wconf 91' lang='lat' dir='ltr'><strong>Si</strong></span> <span class='ocrx_word' id='word_1_222' title='bbox 2401 1371 2546 1424; x_wconf 91' lang='lat' dir='ltr'><strong>enim</strong></span> <span class='ocrx_word' id='word_1_223' title='bbox 2579 1369 2694 1440; x_wconf 80' lang='lat' dir='ltr'><strong>ipse.</strong></span> <span class='ocrx_word' id='word_1_224' title='bbox 2737 1381 2824 1426; x_wconf 89' lang='lat' dir='ltr'><strong>est</strong></span> <span class='ocrx_word' id='word_1_225' title='bbox 2859 1371 3146 1438; x_wconf 79' lang='lat' dir='ltr'><strong>valentior,</strong></span> <span class='ocrx_word' id='word_1_226' title='bbox 3179 1387 3354 1439; x_wconf 79' lang='lat' dir='ltr'><strong>neque</strong></span> <span class='ocrx_word' id='word_1_227' title='bbox 3386 1387 3482 1426; x_wconf 85' lang='lat' dir='ltr'><strong>eos</strong></span> 
     </span>
    </p>
   </div>
   <div class='ocr_carea' id='block_1_30' title="bbox 1899 1457 3480 1530">
    <p class='ocr_par' dir='ltr' id='par_1_30' title="bbox 1899 1457 3480 1530">
     <span class='ocr_line' id='line_1_30' title="bbox 1899 1457 3480 1530; baseline 0.001 -18"><span class='ocrx_word' id='word_1_228' title='bbox 1899 1470 2022 1512; x_wconf 86' lang='lat' dir='ltr'><strong>esse</strong></span> <span class='ocrx_word' id='word_1_229' title='bbox 2053 1457 2188 1524; x_wconf 85' lang='lat' dir='ltr'><strong>vult,</strong></span> <span class='ocrx_word' id='word_1_230' title='bbox 2220 1469 2271 1513; x_wconf 91' lang='lat' dir='ltr'><strong>et</strong></span> <span class='ocrx_word' id='word_1_231' title='bbox 2309 1472 2488 1514; x_wconf 88' lang='lat' dir='ltr'><strong>tamen</strong></span> <span class='ocrx_word' id='word_1_232' title='bbox 2512 1469 2658 1524; x_wconf 91' lang='lat' dir='ltr'><strong>sunt,</strong></span> <span class='ocrx_word' id='word_1_233' title='bbox 2689 1472 2748 1514; x_wconf 92' lang='lat' dir='ltr'><strong>ut</strong></span> <span class='ocrx_word' id='word_1_234' title='bbox 2791 1460 2929 1515; x_wconf 90' lang='lat' dir='ltr'><strong>dicis</strong></span> <span class='ocrx_word' id='word_1_235' title='bbox 2957 1480 2971 1515; x_wconf 92' lang='lat'><strong>:</strong></span> <span class='ocrx_word' id='word_1_236' title='bbox 3007 1461 3248 1530; x_wconf 78' lang='lat' dir='ltr'><strong>profecto</strong></span> <span class='ocrx_word' id='word_1_237' title='bbox 3277 1459 3361 1513; x_wconf 90' lang='lat' dir='ltr'><strong>vel</strong></span> <span class='ocrx_word' id='word_1_238' title='bbox 3387 1476 3480 1514; x_wconf 89' lang='lat' dir='ltr'><strong>eos</strong></span> 
     </span>
    </p>
   </div>
   <div class='ocr_carea' id='block_1_31' title="bbox 1897 1545 3472 1622">
    <p class='ocr_par' dir='ltr' id='par_1_31' title="bbox 1897 1545 3472 1622">
     <span class='ocr_line' id='line_1_31' title="bbox 1897 1545 3472 1622; baseline 0.006 -25"><span class='ocrx_word' id='word_1_239' title='bbox 1897 1545 2014 1599; x_wconf 85' lang='lat' dir='ltr'><strong>vult</strong></span> <span class='ocrx_word' id='word_1_240' title='bbox 2045 1561 2188 1612; x_wconf 90' lang='lat' dir='ltr'><strong>esse,</strong></span> <span class='ocrx_word' id='word_1_241' title='bbox 2224 1549 2308 1602; x_wconf 90' lang='lat' dir='ltr'><strong>vel</strong></span> <span class='ocrx_word' id='word_1_242' title='bbox 2331 1549 2550 1604; x_wconf 87' lang='lat' dir='ltr'><strong>eosdem</strong></span> <span class='ocrx_word' id='word_1_243' title='bbox 2585 1549 2772 1605; x_wconf 88' lang='lat' dir='ltr'><strong>tollere</strong></span> <span class='ocrx_word' id='word_1_244' title='bbox 2815 1551 2880 1605; x_wconf 86' lang='lat' dir='ltr'><strong>de</strong></span> <span class='ocrx_word' id='word_1_245' title='bbox 2912 1552 3089 1607; x_wconf 89' lang='lat' dir='ltr'><strong>medio</strong></span> <span class='ocrx_word' id='word_1_246' title='bbox 3134 1568 3237 1606; x_wconf 90' lang='lat' dir='ltr'><strong>non</strong></span> <span class='ocrx_word' id='word_1_247' title='bbox 3265 1563 3472 1622; x_wconf 88' lang='lat' dir='ltr'><strong>potest;</strong></span> 
     </span>
    </p>
   </div>
   <div class='ocr_carea' id='block_1_32' title="bbox 1901 1635 3470 1714">
    <p class='ocr_par' dir='ltr' id='par_1_32' title="bbox 1901 1635 3470 1714">
     <span class='ocr_line' id='line_1_32' title="bbox 1901 1635 3470 1714; baseline 0.007 -27"><span class='ocrx_word' id='word_1_248' title='bbox 1901 1635 1982 1690; x_wconf 89' lang='lat' dir='ltr'><strong>vel</strong></span> <span class='ocrx_word' id='word_1_249' title='bbox 2005 1646 2156 1692; x_wconf 89' lang='lat' dir='ltr'><strong>certe</strong></span> <span class='ocrx_word' id='word_1_250' title='bbox 2184 1653 2279 1692; x_wconf 90' lang='lat' dir='ltr'><strong>eos</strong></span> <span class='ocrx_word' id='word_1_251' title='bbox 2320 1653 2442 1694; x_wconf 91' lang='lat' dir='ltr'><strong>esse</strong></span> <span class='ocrx_word' id='word_1_252' title='bbox 2486 1639 2725 1707; x_wconf 80' lang='lat' dir='ltr'><strong>ignorat.</strong></span> <span class='ocrx_word' id='word_1_253' title='bbox 2760 1641 2830 1695; x_wconf 82' lang='grc' dir='ltr'><strong>Μ.</strong></span> <span class='ocrx_word' id='word_1_254' title='bbox 2869 1642 2980 1712; x_wconf 86' lang='lat' dir='ltr'><strong>Ego</strong></span> <span class='ocrx_word' id='word_1_255' title='bbox 3011 1643 3306 1714; x_wconf 81' lang='lat' dir='ltr'><strong>Evangelia</strong></span> <span class='ocrx_word' id='word_1_256' title='bbox 3338 1641 3470 1698; x_wconf 84' lang='lat' dir='ltr'><strong>lalsa</strong></span> 
     </span>
    </p>
   </div>
   <div class='ocr_carea' id='block_1_33' title="bbox 1901 1731 3482 1799">
    <p class='ocr_par' dir='ltr' id='par_1_33' title="bbox 1901 1731 3482 1799">
     <span class='ocr_line' id='line_1_33' title="bbox 1901 1731 3482 1799; baseline 0.003 -16"><span class='ocrx_word' id='word_1_257' title='bbox 1901 1744 2023 1784; x_wconf 89' lang='lat' dir='ltr'><strong>esse</strong></span> <span class='ocrx_word' id='word_1_258' title='bbox 2053 1731 2250 1786; x_wconf 89' lang='lat' dir='ltr'><strong>docere</strong></span> <span class='ocrx_word' id='word_1_259' title='bbox 2292 1747 2534 1799; x_wconf 90' lang='lat' dir='ltr'><strong>possum.</strong></span> <span class='ocrx_word' id='word_1_260' title='bbox 2567 1733 2634 1788; x_wconf 84' lang='lat' dir='ltr'><strong>A.</strong></span> <span class='ocrx_word' id='word_1_261' title='bbox 2668 1733 2877 1799; x_wconf 87' lang='lat' dir='ltr'><strong>Quibus</strong></span> <span class='ocrx_word' id='word_1_262' title='bbox 2911 1737 3212 1792; x_wconf 83' lang='lat' dir='ltr'><strong>rationibus</strong></span> <span class='ocrx_word' id='word_1_263' title='bbox 3256 1736 3353 1790; x_wconf 79' lang='lat' dir='ltr'><strong>iSta</strong></span> <span class='ocrx_word' id='word_1_264' title='bbox 3386 1735 3482 1788; x_wconf 82' lang='lat' dir='ltr'><strong>do-</strong></span> 
     </span>
    </p>
   </div>
   <div class='ocr_carea' id='block_1_34' title="bbox 209 1790 1786 1896">
    <p class='ocr_par' dir='ltr' id='par_1_34' title="bbox 209 1803 1786 1877">
     <span class='ocr_line' id='line_1_34' title="bbox 209 1803 1786 1877; baseline 0.007 -23"><span class='ocrx_word' id='word_1_265' title='bbox 209 1803 324 1855; x_wconf 79' lang='grc' dir='ltr'><strong>Ἀπ’</strong></span> <span class='ocrx_word' id='word_1_266' title='bbox 341 1803 530 1856; x_wconf 79' lang='grc' dir='ltr'>αὐτῶν</span> <span class='ocrx_word' id='word_1_267' title='bbox 557 1804 666 1858; x_wconf 85' lang='grc' dir='ltr'><strong>τῶν</strong></span> <span class='ocrx_word' id='word_1_268' title='bbox 687 1805 1032 1874; x_wconf 82' lang='grc' dir='ltr'>Εὐαγγελίων</span> <span class='ocrx_word' id='word_1_269' title='bbox 1054 1806 1303 1871; x_wconf 75' lang='grc' dir='ltr'><strong>δεικνύω,</strong></span> <span class='ocrx_word' id='word_1_270' title='bbox 1326 1809 1408 1861; x_wconf 82' lang='grc' dir='ltr'><strong>ὅτι</strong></span> <span class='ocrx_word' id='word_1_271' title='bbox 1433 1809 1612 1877; x_wconf 81' lang='grc' dir='ltr'>φάλσα</span> <span class='ocrx_word' id='word_1_272' title='bbox 1627 1811 1786 1865; x_wconf 76' lang='grc' dir='ltr'>ἐστίν.</span> 
     </span>
    </p>
   </div>
   <div class='ocr_carea' id='block_1_35' title="bbox 1895 1790 3480 1896">
    <p class='ocr_par' dir='ltr' id='par_1_35' title="bbox 1903 1822 3480 1896">
     <span class='ocr_line' id='line_1_35' title="bbox 1903 1822 3480 1896; baseline 0.004 -20"><span class='ocrx_word' id='word_1_273' title='bbox 1903 1836 2026 1876; x_wconf 89' lang='lat' dir='ltr'><strong>cere</strong></span> <span class='ocrx_word' id='word_1_274' title='bbox 2049 1823 2240 1892; x_wconf 85' lang='lat' dir='ltr'><strong>potes?</strong></span> <span class='ocrx_word' id='word_1_275' title='bbox 2270 1822 2339 1876; x_wconf 84' lang='grc' dir='ltr'><strong>Μ.</strong></span> <span class='ocrx_word' id='word_1_276' title='bbox 2365 1823 2444 1878; x_wconf 84' lang='lat' dir='ltr'><strong>Ex</strong></span> <span class='ocrx_word' id='word_1_277' title='bbox 2472 1825 2603 1892; x_wconf 91' lang='lat' dir='ltr'><strong>ipsis</strong></span> <span class='ocrx_word' id='word_1_278' title='bbox 2632 1823 2939 1896; x_wconf 83' lang='lat' dir='ltr'><strong>Evangeliis</strong></span> <span class='ocrx_word' id='word_1_279' title='bbox 2970 1841 3033 1880; x_wconf 91' lang='lat' dir='ltr'><strong>ea</strong></span> <span class='ocrx_word' id='word_1_280' title='bbox 3067 1827 3202 1882; x_wconf 77' lang='lat' dir='ltr'><strong>falsa</strong></span> <span class='ocrx_word' id='word_1_281' title='bbox 3233 1843 3352 1883; x_wconf 86' lang='lat' dir='ltr'><strong>esse</strong></span> <span class='ocrx_word' id='word_1_282' title='bbox 3379 1828 3480 1883; x_wconf 87' lang='lat' dir='ltr'><strong>do-</strong></span> 
     </span>
    </p>
   </div>
   <div class='ocr_carea' id='block_1_36' title="bbox 195 1892 1793 1968">
    <p class='ocr_par' dir='ltr' id='par_1_36' title="bbox 195 1892 1793 1968">
     <span class='ocr_line' id='line_1_36' title="bbox 195 1892 1793 1968; baseline 0.006 -22"><span class='ocrx_word' id='word_1_283' title='bbox 195 1895 260 1947; x_wconf 78' lang='lat' dir='ltr'><strong>A.</strong></span> <span class='ocrx_word' id='word_1_284' title='bbox 305 1894 450 1966; x_wconf 80' lang='grc' dir='ltr'><strong>Δέχῃ</strong></span> <span class='ocrx_word' id='word_1_285' title='bbox 498 1892 596 1949; x_wconf 83' lang='grc' dir='ltr'>οὖν</span> <span class='ocrx_word' id='word_1_286' title='bbox 629 1897 795 1968; x_wconf 82' lang='grc' dir='ltr'>κάμὲ,</span> <span class='ocrx_word' id='word_1_287' title='bbox 825 1899 890 1950; x_wconf 80' lang='grc' dir='ltr'>ὲκ</span> <span class='ocrx_word' id='word_1_288' title='bbox 926 1897 1037 1951; x_wconf 80' lang='grc' dir='ltr'><strong>τῶν</strong></span> <span class='ocrx_word' id='word_1_289' title='bbox 1070 1898 1418 1968; x_wconf 79' lang='grc' dir='ltr'><strong>Εὐαγγελὶων</strong></span> <span class='ocrx_word' id='word_1_290' title='bbox 1457 1901 1793 1966; x_wconf 79' lang='grc' dir='ltr'><strong>δεικνύοντα,</strong></span> 
     </span>
    </p>
   </div>
   <div class='ocr_carea' id='block_1_37' title="bbox 199 1983 1794 2065">
    <p class='ocr_par' dir='ltr' id='par_1_37' title="bbox 199 1983 1794 2065">
     <span class='ocr_line' id='line_1_37' title="bbox 199 1983 1794 2065; baseline 0.003 -24"><span class='ocrx_word' id='word_1_291' title='bbox 199 1987 269 2058; x_wconf 85' lang='grc' dir='ltr'><strong>μὴ</strong></span> <span class='ocrx_word' id='word_1_292' title='bbox 303 1983 445 2040; x_wconf 78' lang='grc' dir='ltr'>εἶναι</span> <span class='ocrx_word' id='word_1_293' title='bbox 489 1989 742 2054; x_wconf 80' lang='grc' dir='ltr'>πλαστά;</span> <span class='ocrx_word' id='word_1_294' title='bbox 783 1992 858 2044; x_wconf 88' lang='grc' dir='ltr'><strong>Μ.</strong></span> <span class='ocrx_word' id='word_1_295' title='bbox 892 1990 1166 2061; x_wconf 81' lang='grc' dir='ltr'><strong>Δέχομαι,</strong></span> <span class='ocrx_word' id='word_1_296' title='bbox 1209 1991 1304 2044; x_wconf 79' lang='grc' dir='ltr'><strong>ἐὰν</strong></span> <span class='ocrx_word' id='word_1_297' title='bbox 1343 1993 1544 2065; x_wconf 66' lang='grc' dir='ltr'>δείξῃς</span> <span class='ocrx_word' id='word_1_298' title='bbox 1582 1993 1702 2046; x_wconf 78' lang='grc' dir='ltr'><strong>εἰπὲ</strong></span> <span class='ocrx_word' id='word_1_299' title='bbox 1737 1994 1794 2046; x_wconf 84' lang='grc' dir='ltr'>δὲ</span> 
     </span>
    </p>
   </div>
   <div class='ocr_carea' id='block_1_38' title="bbox 196 2077 1789 2153">
    <p class='ocr_par' dir='ltr' id='par_1_38' title="bbox 196 2077 1789 2153">
     <span class='ocr_line' id='line_1_38' title="bbox 196 2077 1789 2153; baseline 0.004 -23"><span class='ocrx_word' id='word_1_300' title='bbox 196 2077 410 2148; x_wconf 77' lang='grc' dir='ltr'>πρῶτον</span> <span class='ocrx_word' id='word_1_301' title='bbox 439 2079 514 2132; x_wconf 84' lang='grc' dir='ltr'>τὰ</span> <span class='ocrx_word' id='word_1_302' title='bbox 549 2079 790 2151; x_wconf 83' lang='grc' dir='ltr'>ὀνόματα</span> <span class='ocrx_word' id='word_1_303' title='bbox 834 2080 941 2133; x_wconf 86' lang='grc' dir='ltr'><strong>τῶν</strong></span> <span class='ocrx_word' id='word_1_304' title='bbox 967 2081 1292 2152; x_wconf 73' lang='grc' dir='ltr'>γραψάντων</span> <span class='ocrx_word' id='word_1_305' title='bbox 1333 2083 1402 2137; x_wconf 77' lang='grc' dir='ltr'>τὰ</span> <span class='ocrx_word' id='word_1_306' title='bbox 1458 2085 1789 2153; x_wconf 77' lang='grc' dir='ltr'>Εὐαγγὲλια.</span> 
     </span>
    </p>
   </div>
   <div class='ocr_carea' id='block_1_39' title="bbox 261 2172 1789 2248">
    <p class='ocr_par' dir='ltr' id='par_1_39' title="bbox 261 2172 1789 2248">
     <span class='ocr_line' id='line_1_39' title="bbox 261 2172 1789 2248; baseline 0.003 -23"><span class='ocrx_word' id='word_1_307' title='bbox 261 2172 325 2225; x_wconf 78' lang='grc' dir='ltr'>Α.</span> <span class='ocrx_word' id='word_1_308' title='bbox 370 2173 436 2225; x_wconf 85' lang='grc' dir='ltr'><strong>Οἱ</strong></span> <span class='ocrx_word' id='word_1_309' title='bbox 464 2172 713 2244; x_wconf 71' lang='grc' dir='ltr'>μαθηταὶ</span> <span class='ocrx_word' id='word_1_310' title='bbox 739 2173 832 2226; x_wconf 85' lang='grc' dir='ltr'><strong>τοῦ</strong></span> <span class='ocrx_word' id='word_1_311' title='bbox 864 2175 1101 2246; x_wconf 80' lang='grc' dir='ltr'>Χριστοῦ</span> <span class='ocrx_word' id='word_1_312' title='bbox 1133 2177 1573 2248; x_wconf 78' lang='grc' dir='ltr'>γεγραφήκασιν,</span> <span class='ocrx_word' id='word_1_313' title='bbox 1608 2179 1789 2233; x_wconf 82' lang='grc' dir='ltr'><strong>Ἰωάν-</strong></span> 
     </span>
    </p>
   </div>
   <div class='ocr_carea' id='block_1_40' title="bbox 194 2264 1794 2344">
    <p class='ocr_par' dir='ltr' id='par_1_40' title="bbox 194 2264 1794 2344">
     <span class='ocr_line' id='line_1_40' title="bbox 194 2264 1794 2344; baseline 0.006 -28"><span class='ocrx_word' id='word_1_314' title='bbox 194 2279 286 2334; x_wconf 76' lang='grc' dir='ltr'>νης</span> <span class='ocrx_word' id='word_1_315' title='bbox 311 2265 407 2318; x_wconf 75' lang='grc' dir='ltr'><strong>καὶ</strong></span> <span class='ocrx_word' id='word_1_316' title='bbox 436 2264 744 2330; x_wconf 80' lang='grc' dir='ltr'>Ματθαῖος,</span> <span class='ocrx_word' id='word_1_317' title='bbox 772 2267 866 2319; x_wconf 73' lang='grc' dir='ltr'>καὶ</span> <span class='ocrx_word' id='word_1_318' title='bbox 894 2267 1142 2338; x_wconf 83' lang='grc' dir='ltr'>Μάρκος,</span> <span class='ocrx_word' id='word_1_319' title='bbox 1177 2269 1270 2322; x_wconf 75' lang='grc' dir='ltr'><strong>καὶ</strong></span> <span class='ocrx_word' id='word_1_320' title='bbox 1296 2271 1528 2334; x_wconf 80' lang='grc' dir='ltr'><strong>Λουκᾶς.</strong></span> <span class='ocrx_word' id='word_1_321' title='bbox 1549 2271 1624 2327; x_wconf 85' lang='grc' dir='ltr'><strong>Μ.</strong></span> <span class='ocrx_word' id='word_1_322' title='bbox 1645 2271 1794 2344; x_wconf 80' lang='grc' dir='ltr'><strong>Μάρ-</strong></span> 
     </span>
    </p>
   </div>
   <div class='ocr_carea' id='block_1_41' title="bbox 195 2356 1794 2432">
    <p class='ocr_par' dir='ltr' id='par_1_41' title="bbox 195 2356 1794 2432">
     <span class='ocr_line' id='line_1_41' title="bbox 195 2356 1794 2432; baseline 0.006 -24"><span class='ocrx_word' id='word_1_323' title='bbox 195 2372 286 2408; x_wconf 87' lang='grc' dir='ltr'><strong>κον</strong></span> <span class='ocrx_word' id='word_1_324' title='bbox 312 2356 410 2407; x_wconf 75' lang='grc' dir='ltr'><strong>καὶ</strong></span> <span class='ocrx_word' id='word_1_325' title='bbox 441 2357 661 2409; x_wconf 81' lang='grc' dir='ltr'>Αουκᾶν</span> <span class='ocrx_word' id='word_1_326' title='bbox 692 2356 813 2410; x_wconf 79' lang='grc' dir='ltr'>οὐδὲ</span> <span class='ocrx_word' id='word_1_327' title='bbox 847 2356 973 2428; x_wconf 77' lang='grc' dir='ltr'>ἔσχε</span> <span class='ocrx_word' id='word_1_328' title='bbox 1003 2358 1250 2430; x_wconf 81' lang='grc' dir='ltr'>μαθητὰς</span> <span class='ocrx_word' id='word_1_329' title='bbox 1280 2362 1308 2413; x_wconf 87' lang='grc' dir='ltr'>ὁ</span> <span class='ocrx_word' id='word_1_330' title='bbox 1337 2362 1590 2432; x_wconf 84' lang='grc' dir='ltr'>Χριστός·</span> <span class='ocrx_word' id='word_1_331' title='bbox 1619 2363 1794 2417; x_wconf 80' lang='grc' dir='ltr'>ὲντεῦ-</span> 
     </span>
    </p>
   </div>
   <div class='ocr_carea' id='block_1_42' title="bbox 195 2446 1792 2526">
    <p class='ocr_par' dir='ltr' id='par_1_42' title="bbox 195 2446 1792 2526">
     <span class='ocr_line' id='line_1_42' title="bbox 195 2446 1792 2526; baseline 0.005 -26"><span class='ocrx_word' id='word_1_332' title='bbox 195 2446 283 2501; x_wconf 82' lang='grc' dir='ltr'><strong>θεν</strong></span> <span class='ocrx_word' id='word_1_333' title='bbox 307 2447 609 2519; x_wconf 77' lang='grc' dir='ltr'><strong>ἐλέγχεσθε</strong></span> <span class='ocrx_word' id='word_1_334' title='bbox 644 2448 822 2517; x_wconf 83' lang='grc' dir='ltr'>φάλσα</span> <span class='ocrx_word' id='word_1_335' title='bbox 850 2449 1152 2514; x_wconf 85' lang='grc' dir='ltr'>ποιοῦντες.</span> <span class='ocrx_word' id='word_1_336' title='bbox 1183 2451 1282 2506; x_wconf 74' lang='grc' dir='ltr'><strong>Διὰ</strong></span> <span class='ocrx_word' id='word_1_337' title='bbox 1311 2453 1362 2505; x_wconf 76' lang='grc' dir='ltr'><strong>τί</strong></span> <span class='ocrx_word' id='word_1_338' title='bbox 1397 2452 1506 2523; x_wconf 78' lang='grc' dir='ltr'><strong>γὰρ</strong></span> <span class='ocrx_word' id='word_1_339' title='bbox 1534 2456 1581 2506; x_wconf 75' lang='grc' dir='ltr'><strong>οἱ</strong></span> <span class='ocrx_word' id='word_1_340' title='bbox 1616 2455 1792 2526; x_wconf 87' lang='grc' dir='ltr'>μαθη-</span> 
     </span>
    </p>
   </div>
   <div class='ocr_carea' id='block_1_43' title="bbox 193 2533 1789 2614">
    <p class='ocr_par' dir='ltr' id='par_1_43' title="bbox 193 2533 1789 2614">
     <span class='ocr_line' id='line_1_43' title="bbox 193 2533 1789 2614; baseline 0.004 -21"><span class='ocrx_word' id='word_1_341' title='bbox 193 2541 300 2602; x_wconf 74' lang='grc' dir='ltr'>ταὶ,</span> <span class='ocrx_word' id='word_1_342' title='bbox 321 2533 398 2594; x_wconf 82' lang='grc' dir='ltr'>ὧν</span> <span class='ocrx_word' id='word_1_343' title='bbox 415 2541 731 2612; x_wconf 80' lang='grc' dir='ltr'>γέγραπται</span> <span class='ocrx_word' id='word_1_344' title='bbox 761 2540 832 2594; x_wconf 84' lang='grc' dir='ltr'>τὰ</span> <span class='ocrx_word' id='word_1_345' title='bbox 858 2541 1096 2612; x_wconf 82' lang='grc' dir='ltr'>ὀνόματα</span> <span class='ocrx_word' id='word_1_346' title='bbox 1129 2544 1186 2596; x_wconf 83' lang='grc' dir='ltr'>ὲν</span> <span class='ocrx_word' id='word_1_347' title='bbox 1217 2543 1296 2614; x_wconf 77' lang='grc' dir='ltr'>τῷ</span> <span class='ocrx_word' id='word_1_348' title='bbox 1318 2545 1652 2614; x_wconf 73' lang='grc' dir='ltr'>Εὑαγγελίῳ,</span> <span class='ocrx_word' id='word_1_349' title='bbox 1689 2547 1789 2600; x_wconf 81' lang='grc' dir='ltr'>οὐκ</span> 
     </span>
    </p>
   </div>
   <div class='ocr_carea' id='block_1_44' title="bbox 195 2631 1787 2706">
    <p class='ocr_par' dir='ltr' id='par_1_44' title="bbox 195 2631 1787 2706">
     <span class='ocr_line' id='line_1_44' title="bbox 195 2631 1787 2706; baseline 0.003 -21"><span class='ocrx_word' id='word_1_350' title='bbox 195 2631 461 2705; x_wconf 63' lang='grc' dir='ltr'>ἔγραψαν,</span> <span class='ocrx_word' id='word_1_351' title='bbox 509 2633 627 2687; x_wconf 78' lang='grc' dir='ltr'>ἀλλ’</span> <span class='ocrx_word' id='word_1_352' title='bbox 677 2637 724 2688; x_wconf 75' lang='grc' dir='ltr'>οἱ</span> <span class='ocrx_word' id='word_1_353' title='bbox 777 2633 852 2706; x_wconf 83' lang='grc' dir='ltr'>μὴ</span> <span class='ocrx_word' id='word_1_354' title='bbox 901 2634 1052 2698; x_wconf 80' lang='grc' dir='ltr'>ὅντες</span> <span class='ocrx_word' id='word_1_355' title='bbox 1101 2634 1372 2706; x_wconf 79' lang='grc' dir='ltr'>μαθηταί;</span> <span class='ocrx_word' id='word_1_356' title='bbox 1419 2636 1514 2700; x_wconf 83' lang='grc' dir='ltr'>Τίς</span> <span class='ocrx_word' id='word_1_357' title='bbox 1543 2634 1636 2691; x_wconf 83' lang='grc' dir='ltr'>οὖν</span> <span class='ocrx_word' id='word_1_358' title='bbox 1669 2639 1787 2691; x_wconf 76' lang='grc' dir='ltr'>ἐστι</span> 
     </span>
    </p>
   </div>
   <div class='ocr_carea' id='block_1_45' title="bbox 195 2725 1789 2800">
    <p class='ocr_par' dir='ltr' id='par_1_45' title="bbox 195 2725 1789 2800">
     <span class='ocr_line' id='line_1_45' title="bbox 195 2725 1789 2800; baseline 0.003 -23"><span class='ocrx_word' id='word_1_359' title='bbox 195 2725 402 2791; x_wconf 80' lang='grc' dir='ltr'><strong>Λουκᾶς</strong></span> <span class='ocrx_word' id='word_1_360' title='bbox 431 2727 465 2798; x_wconf 78' lang='grc' dir='ltr'>ἢ</span> <span class='ocrx_word' id='word_1_361' title='bbox 496 2727 760 2800; x_wconf 83' lang='grc' dir='ltr'>Μάρκος;</span> <span class='ocrx_word' id='word_1_362' title='bbox 796 2727 1097 2799; x_wconf 76' lang='grc' dir='ltr'><strong>ἡλέγχθητε</strong></span> <span class='ocrx_word' id='word_1_363' title='bbox 1128 2728 1218 2780; x_wconf 75' lang='grc' dir='ltr'><strong>ἐπὶ</strong></span> <span class='ocrx_word' id='word_1_364' title='bbox 1247 2728 1422 2799; x_wconf 78' lang='grc' dir='ltr'>τούτῳ</span> <span class='ocrx_word' id='word_1_365' title='bbox 1441 2729 1680 2800; x_wconf 83' lang='grc' dir='ltr'>ὀνόματα</span> <span class='ocrx_word' id='word_1_366' title='bbox 1704 2747 1789 2798; x_wconf 85' lang='grc' dir='ltr'><strong>γε-</strong></span> 
     </span>
    </p>
   </div>
   <div class='ocr_carea' id='block_1_46' title="bbox 195 2820 1786 2893">
    <p class='ocr_par' dir='ltr' id='par_1_46' title="bbox 195 2820 1786 2893">
     <span class='ocr_line' id='line_1_46' title="bbox 195 2820 1786 2893; baseline 0.003 -22"><span class='ocrx_word' id='word_1_367' title='bbox 195 2820 489 2890; x_wconf 83' lang='grc' dir='ltr'>γραμμένα</span> <span class='ocrx_word' id='word_1_368' title='bbox 521 2821 635 2892; x_wconf 77' lang='grc'><strong>(15)</strong></span> <span class='ocrx_word' id='word_1_369' title='bbox 671 2822 728 2874; x_wconf 79' lang='grc' dir='ltr'>ὲν</span> <span class='ocrx_word' id='word_1_370' title='bbox 750 2823 814 2890; x_wconf 84' lang='grc' dir='ltr'>τῇ</span> <span class='ocrx_word' id='word_1_371' title='bbox 843 2821 1035 2893; x_wconf 80' lang='grc' dir='ltr'>Γραφῇ</span> <span class='ocrx_word' id='word_1_372' title='bbox 1070 2821 1456 2892; x_wconf 81' lang='grc' dir='ltr'>προφέροντες.</span> <span class='ocrx_word' id='word_1_373' title='bbox 1489 2823 1550 2875; x_wconf 84' lang='grc' dir='ltr'><strong>Ε.</strong></span> <span class='ocrx_word' id='word_1_374' title='bbox 1605 2823 1786 2892; x_wconf 87' lang='grc' dir='ltr'><strong>Ἔχων</strong></span> 
     </span>
    </p>
   </div>
   <div class='ocr_carea' id='block_1_47' title="bbox 202 2912 1782 2986">
    <p class='ocr_par' dir='ltr' id='par_1_47' title="bbox 202 2912 1782 2986">
     <span class='ocr_line' id='line_1_47' title="bbox 202 2912 1782 2986; baseline 0.001 -21"><span class='ocrx_word' id='word_1_375' title='bbox 202 2912 494 2984; x_wconf 83' lang='grc' dir='ltr'>μαθητὰςὸ</span> <span class='ocrx_word' id='word_1_376' title='bbox 530 2915 783 2986; x_wconf 79' lang='grc' dir='ltr'>Χριστὸς,</span> <span class='ocrx_word' id='word_1_377' title='bbox 817 2915 876 2968; x_wconf 82' lang='grc' dir='ltr'>οὐ</span> <span class='ocrx_word' id='word_1_378' title='bbox 915 2915 1114 2985; x_wconf 85' lang='grc' dir='ltr'>μᾶλλον</span> <span class='ocrx_word' id='word_1_379' title='bbox 1143 2913 1354 2978; x_wconf 80' lang='grc' dir='ltr'><strong>τούτοις</strong></span> <span class='ocrx_word' id='word_1_380' title='bbox 1389 2913 1716 2986; x_wconf 77' lang='grc' dir='ltr'>ὲνεχείριζεν</span> <span class='ocrx_word' id='word_1_381' title='bbox 1749 2913 1782 2985; x_wconf 77' lang='grc' dir='ltr'>ἢ</span> 
     </span>
    </p>
   </div>
   <div class='ocr_carea' id='block_1_48' title="bbox 196 3002 1784 3076">
    <p class='ocr_par' dir='ltr' id='par_1_48' title="bbox 196 3002 1784 3076">
     <span class='ocr_line' id='line_1_48' title="bbox 196 3002 1784 3076; baseline 0.001 -21"><span class='ocrx_word' id='word_1_382' title='bbox 196 3006 300 3069; x_wconf 84' lang='grc' dir='ltr'>τοῖς</span> <span class='ocrx_word' id='word_1_383' title='bbox 327 3006 402 3076; x_wconf 76' lang='grc' dir='ltr'>μὴ</span> <span class='ocrx_word' id='word_1_384' title='bbox 420 3002 546 3059; x_wconf 84' lang='grc' dir='ltr'>οῦσι</span> <span class='ocrx_word' id='word_1_385' title='bbox 581 3007 882 3076; x_wconf 85' lang='grc' dir='ltr'>μαθηταῖς;</span> <span class='ocrx_word' id='word_1_386' title='bbox 911 3005 1163 3059; x_wconf 82' lang='grc' dir='ltr'>Φαίνεταί</span> <span class='ocrx_word' id='word_1_387' title='bbox 1207 3023 1295 3076; x_wconf 91' lang='grc' dir='ltr'><strong>μοι</strong></span> <span class='ocrx_word' id='word_1_388' title='bbox 1329 3005 1485 3059; x_wconf 86' lang='grc' dir='ltr'>τοῦτο</span> <span class='ocrx_word' id='word_1_389' title='bbox 1515 3006 1574 3058; x_wconf 80' lang='grc' dir='ltr'>οὐ</span> <span class='ocrx_word' id='word_1_390' title='bbox 1605 3004 1784 3068; x_wconf 84' lang='grc' dir='ltr'>καλῶς</span> 
     </span>
    </p>
   </div>
   <div class='ocr_carea' id='block_1_49' title="bbox 198 3097 1783 3171">
    <p class='ocr_par' dir='ltr' id='par_1_49' title="bbox 198 3097 1783 3171">
     <span class='ocr_line' id='line_1_49' title="bbox 198 3097 1783 3171; baseline 0.002 -22"><span class='ocrx_word' id='word_1_391' title='bbox 198 3097 353 3167; x_wconf 80' lang='grc' dir='ltr'>ἔχειν’</span> <span class='ocrx_word' id='word_1_392' title='bbox 401 3098 511 3153; x_wconf 77' lang='grc' dir='ltr'><strong>ἔδει</strong></span> <span class='ocrx_word' id='word_1_393' title='bbox 546 3099 655 3171; x_wconf 79' lang='grc' dir='ltr'><strong>γὰρ</strong></span> <span class='ocrx_word' id='word_1_394' title='bbox 678 3101 805 3162; x_wconf 72' lang='grc' dir='ltr'>τοὺς</span> <span class='ocrx_word' id='word_1_395' title='bbox 841 3099 1090 3170; x_wconf 85' lang='grc' dir='ltr'>μαθητὰς</span> <span class='ocrx_word' id='word_1_396' title='bbox 1120 3100 1320 3163; x_wconf 78' lang='grc' dir='ltr'>αὐτοὺς</span> <span class='ocrx_word' id='word_1_397' title='bbox 1351 3100 1783 3170; x_wconf 81' lang='grc' dir='ltr'>ὲμπιστευθῆναι</span> 
     </span>
    </p>
   </div>
   <div class='ocr_carea' id='block_1_50' title="bbox 200 3184 1780 3264">
    <p class='ocr_par' dir='ltr' id='par_1_50' title="bbox 200 3184 1780 3264">
     <span class='ocr_line' id='line_1_50' title="bbox 200 3184 1780 3264; baseline 0.003 -22"><span class='ocrx_word' id='word_1_398' title='bbox 200 3191 414 3259; x_wconf 77' lang='grc' dir='ltr'>μᾶλλον.</span> <span class='ocrx_word' id='word_1_399' title='bbox 450 3195 519 3244; x_wconf 90' lang='grc' dir='ltr'><strong>Α.</strong></span> <span class='ocrx_word' id='word_1_400' title='bbox 567 3192 824 3262; x_wconf 77' lang='grc' dir='ltr'>Μαθηταί</span> <span class='ocrx_word' id='word_1_401' title='bbox 859 3194 964 3245; x_wconf 75' lang='grc' dir='ltr'>εἰσι</span> <span class='ocrx_word' id='word_1_402' title='bbox 996 3193 1090 3245; x_wconf 77' lang='grc' dir='ltr'><strong>καὶ</strong></span> <span class='ocrx_word' id='word_1_403' title='bbox 1113 3184 1261 3245; x_wconf 74' lang='grc' dir='ltr'>οὗτοι</span> <span class='ocrx_word' id='word_1_404' title='bbox 1286 3192 1378 3246; x_wconf 84' lang='grc' dir='ltr'><strong>τοῦ</strong></span> <span class='ocrx_word' id='word_1_405' title='bbox 1410 3192 1669 3264; x_wconf 82' lang='grc' dir='ltr'>Χριστοῦ.</span> <span class='ocrx_word' id='word_1_406' title='bbox 1705 3195 1780 3247; x_wconf 88' lang='grc' dir='ltr'><strong>Μ.</strong></span> 
     </span>
    </p>
   </div>
   <div class='ocr_carea' id='block_1_51' title="bbox 199 3282 1782 3357">
    <p class='ocr_par' dir='ltr' id='par_1_51' title="bbox 199 3282 1782 3357">
     <span class='ocr_line' id='line_1_51' title="bbox 199 3282 1782 3357; baseline 0.003 -24"><span class='ocrx_word' id='word_1_407' title='bbox 199 3282 423 3352; x_wconf 70' lang='grc' dir='ltr'>Ποίησον</span> <span class='ocrx_word' id='word_1_408' title='bbox 458 3283 876 3355; x_wconf 73' lang='grc' dir='ltr'>ἀναγνωσθῆναι</span> <span class='ocrx_word' id='word_1_409' title='bbox 905 3285 966 3338; x_wconf 82' lang='grc' dir='ltr'>τὸ</span> <span class='ocrx_word' id='word_1_410' title='bbox 997 3285 1350 3355; x_wconf 79' lang='grc' dir='ltr'>Εὐαγγέλιον,</span> <span class='ocrx_word' id='word_1_411' title='bbox 1383 3286 1479 3338; x_wconf 72' lang='grc' dir='ltr'><strong>καὶ</strong></span> <span class='ocrx_word' id='word_1_412' title='bbox 1511 3286 1782 3357; x_wconf 81' lang='grc' dir='ltr'><strong>εὑρήσεις,</strong></span> 
     </span>
    </p>
   </div>
   <div class='ocr_carea' id='block_1_52' title="bbox 197 3376 1784 3450">
    <p class='ocr_par' dir='ltr' id='par_1_52' title="bbox 197 3376 1784 3450">
     <span class='ocr_line' id='line_1_52' title="bbox 197 3376 1784 3450; baseline 0.001 -22"><span class='ocrx_word' id='word_1_413' title='bbox 197 3376 272 3428; x_wconf 67' lang='grc' dir='ltr'>ὅτι</span> <span class='ocrx_word' id='word_1_414' title='bbox 291 3378 350 3430; x_wconf 74' lang='grc' dir='ltr'><strong>οὐ</strong></span> <span class='ocrx_word' id='word_1_415' title='bbox 381 3377 698 3449; x_wconf 79' lang='grc' dir='ltr'>γέγραπται</span> <span class='ocrx_word' id='word_1_416' title='bbox 727 3378 795 3430; x_wconf 73' lang='grc' dir='ltr'><strong>τὰ</strong></span> <span class='ocrx_word' id='word_1_417' title='bbox 819 3378 1060 3448; x_wconf 82' lang='grc' dir='ltr'>ὀνόματα</span> <span class='ocrx_word' id='word_1_418' title='bbox 1079 3378 1274 3434; x_wconf 84' lang='grc' dir='ltr'>ταῦτα.</span> <span class='ocrx_word' id='word_1_419' title='bbox 1305 3380 1366 3431; x_wconf 86' lang='grc' dir='ltr'>Ε.</span> <span class='ocrx_word' id='word_1_420' title='bbox 1407 3378 1784 3450; x_wconf 75' lang='grc' dir='ltr'>Ἀναγνωσθή-</span> 
     </span>
    </p>
   </div>
   <div class='ocr_carea' id='block_1_53' title="bbox 198 3469 1790 3544">
    <p class='ocr_par' dir='ltr' id='par_1_53' title="bbox 198 3469 1790 3544">
     <span class='ocr_line' id='line_1_53' title="bbox 198 3469 1790 3544; baseline 0.003 -23"><span class='ocrx_word' id='word_1_421' title='bbox 198 3486 287 3522; x_wconf 87' lang='grc' dir='ltr'><strong>τω.</strong></span> <span class='ocrx_word' id='word_1_422' title='bbox 340 3473 402 3524; x_wconf 83' lang='grc' dir='ltr'><strong>Α.</strong></span> <span class='ocrx_word' id='word_1_423' title='bbox 439 3470 566 3523; x_wconf 78' lang='grc' dir='ltr'><strong>Τῶν</strong></span> <span class='ocrx_word' id='word_1_424' title='bbox 613 3469 822 3524; x_wconf 77' lang='grc' dir='ltr'>δώδεκα</span> <span class='ocrx_word' id='word_1_425' title='bbox 860 3471 1535 3544; x_wconf 77' lang='grc' dir='ltr'><strong>ἀποστόλων’ἀνεγνὼσθη</strong></span> <span class='ocrx_word' id='word_1_426' title='bbox 1569 3473 1637 3525; x_wconf 81' lang='grc' dir='ltr'>τὰ</span> <span class='ocrx_word' id='word_1_427' title='bbox 1680 3473 1790 3525; x_wconf 76' lang='grc' dir='ltr'><strong>ὀνό-</strong></span> 
     </span>
    </p>
   </div>
   <div class='ocr_carea' id='block_1_54' title="bbox 201 3563 1782 3637">
    <p class='ocr_par' dir='ltr' id='par_1_54' title="bbox 201 3563 1782 3637">
     <span class='ocr_line' id='line_1_54' title="bbox 201 3563 1782 3637; baseline -0.001 -20"><span class='ocrx_word' id='word_1_428' title='bbox 201 3581 358 3634; x_wconf 76' lang='grc' dir='ltr'>ματα,</span> <span class='ocrx_word' id='word_1_429' title='bbox 387 3567 513 3637; x_wconf 74' lang='grc' dir='ltr'>οὐχὶ</span> <span class='ocrx_word' id='word_1_430' title='bbox 540 3565 634 3618; x_wconf 74' lang='grc' dir='ltr'>καὶ</span> <span class='ocrx_word' id='word_1_431' title='bbox 661 3564 770 3618; x_wconf 83' lang='grc' dir='ltr'><strong>τῶν</strong></span> <span class='ocrx_word' id='word_1_432' title='bbox 806 3563 880 3617; x_wconf 76' lang='grc' dir='ltr'><strong>οϐ’</strong></span> <span class='ocrx_word' id='word_1_433' title='bbox 923 3564 1053 3634; x_wconf 83' lang='grc'>(16).</span> <span class='ocrx_word' id='word_1_434' title='bbox 1082 3565 1145 3618; x_wconf 89' lang='grc' dir='ltr'><strong>Ε.</strong></span> <span class='ocrx_word' id='word_1_435' title='bbox 1182 3565 1391 3628; x_wconf 75' lang='grc' dir='ltr'>Πόσους</span> <span class='ocrx_word' id='word_1_436' title='bbox 1418 3563 1574 3634; x_wconf 71' lang='grc' dir='ltr'>ἔσχεν</span> <span class='ocrx_word' id='word_1_437' title='bbox 1602 3565 1630 3616; x_wconf 80' lang='grc' dir='ltr'>ὁ</span> <span class='ocrx_word' id='word_1_438' title='bbox 1656 3565 1782 3633; x_wconf 82' lang='grc' dir='ltr'>Χρι·</span> 
     </span>
    </p>
   </div>
   <div class='ocr_carea' id='block_1_55' title="bbox 201 3655 1792 3726">
    <p class='ocr_par' dir='ltr' id='par_1_55' title="bbox 201 3655 1792 3726">
     <span class='ocr_line' id='line_1_55' title="bbox 201 3655 1792 3726; baseline -0.001 -17"><span class='ocrx_word' id='word_1_439' title='bbox 201 3659 315 3723; x_wconf 81' lang='grc' dir='ltr'>στὸς</span> <span class='ocrx_word' id='word_1_440' title='bbox 337 3658 702 3721; x_wconf 82' lang='grc' dir='ltr'>ἀποστόλους;</span> <span class='ocrx_word' id='word_1_441' title='bbox 727 3659 788 3708; x_wconf 87' lang='grc' dir='ltr'><strong>Α.</strong></span> <span class='ocrx_word' id='word_1_442' title='bbox 824 3655 1080 3726; x_wconf 84' lang='grc' dir='ltr'>Πρώτους</span> <span class='ocrx_word' id='word_1_443' title='bbox 1114 3656 1431 3710; x_wconf 80' lang='grc' dir='ltr'>ἀπέστειλεν</span> <span class='ocrx_word' id='word_1_444' title='bbox 1460 3655 1546 3719; x_wconf 81' lang='grc' dir='ltr'>ιϐ’,</span> <span class='ocrx_word' id='word_1_445' title='bbox 1579 3656 1672 3708; x_wconf 70' lang='grc' dir='ltr'><strong>καὶ</strong></span> <span class='ocrx_word' id='word_1_446' title='bbox 1694 3672 1792 3725; x_wconf 86' lang='grc' dir='ltr'>με·-</span> 
     </span>
    </p>
   </div>
   <div class='ocr_carea' id='block_1_56' title="bbox 199 3745 1788 3820">
    <p class='ocr_par' dir='ltr' id='par_1_56' title="bbox 199 3745 1788 3820">
     <span class='ocr_line' id='line_1_56' title="bbox 199 3745 1788 3820; baseline -0.002 -17"><span class='ocrx_word' id='word_1_447' title='bbox 199 3752 262 3805; x_wconf 73' lang='grc' dir='ltr'>τὲι</span> <span class='ocrx_word' id='word_1_448' title='bbox 277 3752 445 3806; x_wconf 86' lang='grc' dir='ltr'>ταῦτα</span> <span class='ocrx_word' id='word_1_449' title='bbox 462 3752 564 3816; x_wconf 77' lang='grc' dir='ltr'>ο6’,</span> <span class='ocrx_word' id='word_1_450' title='bbox 585 3749 1054 3819; x_wconf 75' lang='grc' dir='ltr'>εὐαγγελίσασθαι.</span> <span class='ocrx_word' id='word_1_451' title='bbox 1074 3750 1299 3820; x_wconf 82' lang='grc' dir='ltr'>Μάρκος</span> <span class='ocrx_word' id='word_1_452' title='bbox 1322 3745 1415 3802; x_wconf 80' lang='grc' dir='ltr'>οὖν</span> <span class='ocrx_word' id='word_1_453' title='bbox 1437 3750 1531 3802; x_wconf 78' lang='grc' dir='ltr'><strong>καὶ</strong></span> <span class='ocrx_word' id='word_1_454' title='bbox 1554 3749 1788 3812; x_wconf 80' lang='grc' dir='ltr'>Λουκᾶς,</span> 
     </span>
    </p>
   </div>
   <div class='ocr_carea' id='block_1_57' title="bbox 200 3837 1788 3910">
    <p class='ocr_par' dir='ltr' id='par_1_57' title="bbox 200 3837 1788 3910">
     <span class='ocr_line' id='line_1_57' title="bbox 200 3837 1788 3910; baseline 0.001 -20"><span class='ocrx_word' id='word_1_455' title='bbox 200 3839 258 3892; x_wconf 79' lang='grc' dir='ltr'>ὲκ</span> <span class='ocrx_word' id='word_1_456' title='bbox 284 3841 388 3894; x_wconf 80' lang='grc' dir='ltr'><strong>τῶν</strong></span> <span class='ocrx_word' id='word_1_457' title='bbox 408 3841 486 3894; x_wconf 80' lang='lat'><strong>06&#39;</strong></span> <span class='ocrx_word' id='word_1_458' title='bbox 508 3840 681 3902; x_wconf 77' lang='grc' dir='ltr'>ὄντες,</span> <span class='ocrx_word' id='word_1_459' title='bbox 713 3838 910 3909; x_wconf 77' lang='grc' dir='ltr'>Παύλῳ</span> <span class='ocrx_word' id='word_1_460' title='bbox 930 3837 1008 3908; x_wconf 81' lang='grc' dir='ltr'>τῷ</span> <span class='ocrx_word' id='word_1_461' title='bbox 1032 3839 1314 3909; x_wconf 82' lang='grc' dir='ltr'>ἁποστόλῳ</span> <span class='ocrx_word' id='word_1_462' title='bbox 1345 3839 1788 3910; x_wconf 79' lang='grc' dir='ltr'>εὐηγγελίσαντο.</span> 
     </span>
    </p>
   </div>
   <div class='ocr_carea' id='block_1_58' title="bbox 200 3928 1787 3989">
    <p class='ocr_par' dir='ltr' id='par_1_58' title="bbox 200 3928 1787 3989">
     <span class='ocr_line' id='line_1_58' title="bbox 200 3928 1787 3989; baseline 0 -2"><span class='ocrx_word' id='word_1_463' title='bbox 200 3931 270 3987; x_wconf 83' lang='grc' dir='ltr'><strong>Μ.</strong></span> <span class='ocrx_word' id='word_1_464' title='bbox 318 3936 606 3989; x_wconf 76' lang='grc' dir='ltr'>Ἀδύνατον</span> <span class='ocrx_word' id='word_1_465' title='bbox 639 3935 720 3988; x_wconf 80' lang='grc' dir='ltr'>ὅτι</span> <span class='ocrx_word' id='word_1_466' title='bbox 751 3934 881 3988; x_wconf 81' lang='grc' dir='ltr'>ποτὲ</span> <span class='ocrx_word' id='word_1_467' title='bbox 917 3929 1054 3986; x_wconf 78' lang='grc' dir='ltr'>εἶδον</span> <span class='ocrx_word' id='word_1_468' title='bbox 1082 3928 1228 3989; x_wconf 76' lang='grc' dir='ltr'>οὗτοι</span> <span class='ocrx_word' id='word_1_469' title='bbox 1281 3934 1511 3989; x_wconf 82' lang='grc' dir='ltr'>Παῦλον.</span> <span class='ocrx_word' id='word_1_470' title='bbox 1555 3938 1616 3988; x_wconf 83' lang='grc' dir='ltr'><strong>Α.</strong></span> <span class='ocrx_word' id='word_1_471' title='bbox 1668 3935 1787 3988; x_wconf 75' lang='grc' dir='ltr'><strong>Δεί-</strong></span> 
     </span>
    </p>
   </div>
   <div class='ocr_carea' id='block_1_59' title="bbox 269 4077 1777 4148">
    <p class='ocr_par' dir='ltr' id='par_1_59' title="bbox 269 4077 1777 4148">
     <span class='ocr_line' id='line_1_59' title="bbox 269 4077 1777 4148; baseline 0.003 -18"><span class='ocrx_word' id='word_1_472' title='bbox 269 4078 709 4148; x_wconf 68' lang='grc' dir='ltr'><strong>(12)Ἦττονες.</strong></span> <span class='ocrx_word' id='word_1_473' title='bbox 743 4079 922 4134; x_wconf 81' lang='lat' dir='ltr'><strong>Codex</strong></span> <span class='ocrx_word' id='word_1_474' title='bbox 971 4077 1262 4134; x_wconf 79' lang='lat' dir='ltr'><strong>VatiCautts</strong></span> <span class='ocrx_word' id='word_1_475' title='bbox 1307 4081 1359 4134; x_wconf 93' lang='lat' dir='ltr'><strong>in</strong></span> <span class='ocrx_word' id='word_1_476' title='bbox 1398 4091 1548 4135; x_wconf 82' lang='lat' dir='ltr'><strong>textu</strong></span> <span class='ocrx_word' id='word_1_477' title='bbox 1595 4081 1777 4144; x_wconf 81' lang='lat' dir='ltr'><strong>habet,</strong></span> 
     </span>
    </p>
   </div>
   <div class='ocr_carea' id='block_1_60' title="bbox 201 4147 1211 4222">
    <p class='ocr_par' dir='ltr' id='par_1_60' title="bbox 201 4147 1211 4222">
     <span class='ocr_line' id='line_1_60' title="bbox 201 4147 1211 4222; baseline 0.002 -21"><span class='ocrx_word' id='word_1_478' title='bbox 201 4147 484 4222; x_wconf 74' lang='grc' dir='ltr'>ἠττοτεραι</span> <span class='ocrx_word' id='word_1_479' title='bbox 503 4160 601 4222; x_wconf 14' lang='grc' dir='ltr'><strong>,κείν</strong></span> <span class='ocrx_word' id='word_1_480' title='bbox 625 4151 676 4202; x_wconf 88' lang='lat' dir='ltr'><strong>itt</strong></span> <span class='ocrx_word' id='word_1_481' title='bbox 704 4152 947 4222; x_wconf 77' lang='lat' dir='ltr'><strong>margine</strong></span> <span class='ocrx_word' id='word_1_482' title='bbox 968 4150 1211 4217; x_wconf 78' lang='grc' dir='ltr'>ἥττονες.</span> 
     </span>
    </p>
   </div>
   <div class='ocr_carea' id='block_1_61' title="bbox 269 4220 1776 4289">
    <p class='ocr_par' dir='ltr' id='par_1_61' title="bbox 269 4220 1776 4289">
     <span class='ocr_line' id='line_1_61' title="bbox 269 4220 1776 4289; baseline 0 -17"><span class='ocrx_word' id='word_1_483' title='bbox 269 4220 535 4289; x_wconf 36' lang='lat' dir='ltr'><strong>(Im—Tm?</strong></span> <span class='ocrx_word' id='word_1_484' title='bbox 573 4220 817 4289; x_wconf 76' lang='grc' dir='ltr'>ἀγαθοῦ.</span> <span class='ocrx_word' id='word_1_485' title='bbox 844 4222 1024 4275; x_wconf 79' lang='lat' dir='ltr'><strong>Codex</strong></span> <span class='ocrx_word' id='word_1_486' title='bbox 1060 4222 1255 4288; x_wconf 72' lang='lat' dir='ltr'><strong>[legitis</strong></span> <span class='ocrx_word' id='word_1_487' title='bbox 1285 4221 1556 4274; x_wconf 77' lang='lat' dir='ltr'><strong>secundus</strong></span> <span class='ocrx_word' id='word_1_488' title='bbox 1590 4220 1776 4283; x_wconf 84' lang='lat' dir='ltr'><strong>liabet,</strong></span> 
     </span>
    </p>
   </div>
   <div class='ocr_carea' id='block_1_62' title="bbox 195 4290 1779 4366">
    <p class='ocr_par' dir='ltr' id='par_1_62' title="bbox 195 4290 1779 4366">
     <span class='ocr_line' id='line_1_62' title="bbox 195 4290 1779 4366; baseline -0.001 -21"><span class='ocrx_word' id='word_1_489' title='bbox 195 4292 558 4366; x_wconf 64' lang='grc' dir='ltr'>ᾼημιουργοῦ·</span> <span class='ocrx_word' id='word_1_490' title='bbox 593 4293 646 4345; x_wconf 89' lang='lat' dir='ltr'><strong>ln</strong></span> <span class='ocrx_word' id='word_1_491' title='bbox 699 4293 946 4361; x_wconf 85' lang='lat' dir='ltr'><strong>margine</strong></span> <span class='ocrx_word' id='word_1_492' title='bbox 993 4293 1197 4346; x_wconf 78' lang='lat' dir='ltr'><strong>codicis</strong></span> <span class='ocrx_word' id='word_1_493' title='bbox 1225 4290 1327 4345; x_wconf 87' lang='lat' dir='ltr'><strong>Th.</strong></span> <span class='ocrx_word' id='word_1_494' title='bbox 1364 4291 1484 4346; x_wconf 86' lang='lat' dir='ltr'><strong>Gal.</strong></span> <span class='ocrx_word' id='word_1_495' title='bbox 1515 4291 1779 4346; x_wconf 78' lang='lat' dir='ltr'><strong>scribitur</strong></span> 
     </span>
    </p>
   </div>
   <div class='ocr_carea' id='block_1_63' title="bbox 204 4361 1084 4414">
    <p class='ocr_par' dir='ltr' id='par_1_63' title="bbox 204 4361 1084 4414">
     <span class='ocr_line' id='line_1_63' title="bbox 204 4361 1084 4414; baseline 0.007 -4"><span class='ocrx_word' id='word_1_496' title='bbox 204 4361 425 4414; x_wconf 72' lang='grc' dir='ltr'>ἁγαθοιέ.</span> <span class='ocrx_word' id='word_1_497' title='bbox 446 4361 456 4365; x_wconf 66' lang='grc'>⁷</span> <span class='ocrx_word' id='word_1_498' title='bbox 1081 4379 1084 4382; x_wconf 75' lang='grc'><strong>’</strong></span> 
     </span>
    </p>
   </div>
   <div class='ocr_carea' id='block_1_64' title="bbox 155 4376 1775 4502">
    <p class='ocr_par' dir='ltr' id='par_1_64' title="bbox 155 4376 1775 4502">
     <span class='ocr_line' id='line_1_64' title="bbox 155 4376 1775 4502; baseline 0.002 -16"><span class='ocrx_word' id='word_1_499' title='bbox 155 4444 157 4446; x_wconf 75' lang='lat'><strong><em>‘</em></strong></span> <span class='ocrx_word' id='word_1_500' title='bbox 204 4376 641 4501; x_wconf 39' lang='lat' dir='ltr'><strong>“Sufﬁciam.</strong></span> <span class='ocrx_word' id='word_1_501' title='bbox 671 4430 850 4502; x_wconf 80' lang='lat' dir='ltr'><strong>Codex</strong></span> <span class='ocrx_word' id='word_1_502' title='bbox 875 4431 1075 4497; x_wconf 77' lang='lat' dir='ltr'><strong>Regius</strong></span> <span class='ocrx_word' id='word_1_503' title='bbox 1102 4432 1377 4502; x_wconf 89' lang='lat' dir='ltr'><strong>secundus</strong></span> <span class='ocrx_word' id='word_1_504' title='bbox 1405 4433 1566 4486; x_wconf 88' lang='lat' dir='ltr'><strong>habet</strong></span> <span class='ocrx_word' id='word_1_505' title='bbox 1588 4430 1775 4502; x_wconf 74' lang='grc' dir='ltr'>ψευδῆ.</span> 
     </span>
    </p>
   </div>
   <div class='ocr_carea' id='block_1_65' title="bbox 206 4497 1779 4570">
    <p class='ocr_par' dir='ltr' id='par_1_65' title="bbox 206 4497 1779 4570">
     <span class='ocr_line' id='line_1_65' title="bbox 206 4497 1779 4570; baseline 0.001 -18"><span class='ocrx_word' id='word_1_506' title='bbox 206 4510 256 4552; x_wconf 89' lang='lat' dir='ltr'><strong>et</strong></span> <span class='ocrx_word' id='word_1_507' title='bbox 283 4497 440 4564; x_wconf 85' lang='lat' dir='ltr'><strong>paulo</strong></span> <span class='ocrx_word' id='word_1_508' title='bbox 473 4513 594 4570; x_wconf 90' lang='lat' dir='ltr'><strong>post</strong></span> <span class='ocrx_word' id='word_1_509' title='bbox 627 4501 858 4556; x_wconf 78' lang='grc' dir='ltr'>πλαστὰ.</span> <span class='ocrx_word' id='word_1_510' title='bbox 884 4502 1067 4556; x_wconf 82' lang='grc' dir='ltr'>Φάλσα</span> <span class='ocrx_word' id='word_1_511' title='bbox 1094 4513 1274 4556; x_wconf 86' lang='lat' dir='ltr'><strong>autem</strong></span> <span class='ocrx_word' id='word_1_512' title='bbox 1311 4501 1500 4556; x_wconf 89' lang='lat' dir='ltr'><strong>Latina</strong></span> <span class='ocrx_word' id='word_1_513' title='bbox 1545 4497 1644 4554; x_wconf 85' lang='lat' dir='ltr'><strong>vox</strong></span> <span class='ocrx_word' id='word_1_514' title='bbox 1677 4497 1779 4566; x_wconf 76' lang='lat' dir='ltr'><strong>est,</strong></span> 
     </span>
    </p>
   </div>
   <div class='ocr_carea' id='block_1_66' title="bbox 205 4572 1779 4641">
    <p class='ocr_par' dir='ltr' id='par_1_66' title="bbox 205 4572 1779 4641">
     <span class='ocr_line' id='line_1_66' title="bbox 205 4572 1779 4641; baseline 0.002 -19"><span class='ocrx_word' id='word_1_515' title='bbox 205 4573 293 4641; x_wconf 69' lang='lat' dir='ltr'><strong>sed</strong></span> <span class='ocrx_word' id='word_1_516' title='bbox 319 4589 347 4625; x_wconf 90' lang='lat' dir='ltr'><strong>a</strong></span> <span class='ocrx_word' id='word_1_517' title='bbox 374 4573 586 4628; x_wconf 74' lang='lat' dir='ltr'><strong>Graecis</strong></span> <span class='ocrx_word' id='word_1_518' title='bbox 615 4584 849 4638; x_wconf 84' lang='lat' dir='ltr'><strong>recepta,</strong></span> <span class='ocrx_word' id='word_1_519' title='bbox 873 4574 947 4626; x_wconf 89' lang='lat' dir='ltr'><strong>uti</strong></span> <span class='ocrx_word' id='word_1_520' title='bbox 970 4574 1150 4641; x_wconf 86' lang='lat' dir='ltr'><strong>plures</strong></span> <span class='ocrx_word' id='word_1_521' title='bbox 1176 4574 1315 4626; x_wconf 70' lang='lat' dir='ltr'><strong>alite.</strong></span> <span class='ocrx_word' id='word_1_522' title='bbox 1337 4573 1540 4626; x_wconf 75' lang='lat' dir='ltr'><strong>Glossze</strong></span> <span class='ocrx_word' id='word_1_523' title='bbox 1564 4572 1779 4627; x_wconf 84' lang='lat' dir='ltr'><strong>Basilic.</strong></span> 
     </span>
    </p>
   </div>
   <div class='ocr_carea' id='block_1_67' title="bbox 207 4640 1781 4714">
    <p class='ocr_par' dir='ltr' id='par_1_67' title="bbox 207 4640 1781 4714">
     <span class='ocr_line' id='line_1_67' title="bbox 207 4640 1781 4714; baseline 0.002 -22"><span class='ocrx_word' id='word_1_524' title='bbox 207 4640 401 4708; x_wconf 72' lang='grc' dir='ltr'>φάλσα,</span> <span class='ocrx_word' id='word_1_525' title='bbox 429 4643 648 4714; x_wconf 73' lang='grc' dir='ltr'>ψεῦδος,</span> <span class='ocrx_word' id='word_1_526' title='bbox 683 4643 901 4710; x_wconf 79' lang='lat' dir='ltr'><strong>falsum,</strong></span> <span class='ocrx_word' id='word_1_527' title='bbox 929 4640 1281 4697; x_wconf 80' lang='lat' dir='ltr'><strong>mendacium.</strong></span> <span class='ocrx_word' id='word_1_528' title='bbox 1321 4642 1561 4696; x_wconf 81' lang='lat' dir='ltr'><strong>Marcion</strong></span> <span class='ocrx_word' id='word_1_529' title='bbox 1589 4643 1781 4697; x_wconf 85' lang='lat' dir='ltr'><strong>crimi-</strong></span> 
     </span>
    </p>
   </div>
   <div class='ocr_carea' id='block_1_68' title="bbox 211 4714 1783 4782">
    <p class='ocr_par' dir='ltr' id='par_1_68' title="bbox 211 4714 1783 4782">
     <span class='ocr_line' id='line_1_68' title="bbox 211 4714 1783 4782; baseline 0.003 -20"><span class='ocrx_word' id='word_1_530' title='bbox 211 4715 435 4767; x_wconf 83' lang='lat' dir='ltr'><strong>nabatur</strong></span> <span class='ocrx_word' id='word_1_531' title='bbox 499 4724 757 4779; x_wconf 88' lang='lat' dir='ltr'><strong>corrupta</strong></span> <span class='ocrx_word' id='word_1_532' title='bbox 815 4729 938 4768; x_wconf 70' lang='lat' dir='ltr'><strong>esse</strong></span> <span class='ocrx_word' id='word_1_533' title='bbox 981 4715 1270 4782; x_wconf 72' lang='lat' dir='ltr'><strong>Evangelia</strong></span> <span class='ocrx_word' id='word_1_534' title='bbox 1312 4731 1323 4766; x_wconf 88' lang='lat'>:</span> <span class='ocrx_word' id='word_1_535' title='bbox 1371 4714 1511 4767; x_wconf 85' lang='lat' dir='ltr'><strong>unde</strong></span> <span class='ocrx_word' id='word_1_536' title='bbox 1549 4723 1783 4780; x_wconf 83' lang='lat' dir='ltr'><strong>quatuor</strong></span> 
     </span>
    </p>
   </div>
   <div class='ocr_carea' id='block_1_69' title="bbox 208 4783 1780 4853">
    <p class='ocr_par' dir='ltr' id='par_1_69' title="bbox 208 4783 1780 4853">
     <span class='ocr_line' id='line_1_69' title="bbox 208 4783 1780 4853; baseline 0.004 -22"><span class='ocrx_word' id='word_1_537' title='bbox 208 4785 563 4853; x_wconf 80' lang='lat' dir='ltr'><strong>evangelistas</strong></span> <span class='ocrx_word' id='word_1_538' title='bbox 601 4785 892 4838; x_wconf 72' lang='lat' dir='ltr'><strong>calumniis</strong></span> <span class='ocrx_word' id='word_1_539' title='bbox 919 4786 1122 4838; x_wconf 81' lang='lat' dir='ltr'><strong>lacerat</strong></span> <span class='ocrx_word' id='word_1_540' title='bbox 1162 4783 1498 4851; x_wconf 77' lang='lat' dir='ltr'><strong>Megethius;</strong></span> <span class='ocrx_word' id='word_1_541' title='bbox 1533 4785 1780 4852; x_wconf 83' lang='lat' dir='ltr'><strong>quamvis</strong></span> 
     </span>
    </p>
   </div>
   <div class='ocr_carea' id='block_1_70' title="bbox 208 4853 1783 4925">
    <p class='ocr_par' dir='ltr' id='par_1_70' title="bbox 208 4853 1783 4925">
     <span class='ocr_line' id='line_1_70' title="bbox 208 4853 1783 4925; baseline 0.005 -26"><span class='ocrx_word' id='word_1_542' title='bbox 208 4865 253 4925; x_wconf 78' lang='lat' dir='ltr'><strong>a_</strong></span> <span class='ocrx_word' id='word_1_543' title='bbox 292 4857 550 4925; x_wconf 76' lang='lat' dir='ltr'><strong>magistro</strong></span> <span class='ocrx_word' id='word_1_544' title='bbox 593 4853 944 4925; x_wconf 84' lang='lat' dir='ltr'><strong>Evangelinm</strong></span> <span class='ocrx_word' id='word_1_545' title='bbox 981 4854 1140 4908; x_wconf 63' lang='lat' dir='ltr'><strong>Lucae</strong></span> <span class='ocrx_word' id='word_1_546' title='bbox 1185 4854 1344 4925; x_wconf 80' lang='lat' dir='ltr'><strong>fuerit</strong></span> <span class='ocrx_word' id='word_1_547' title='bbox 1375 4857 1687 4925; x_wconf 86' lang='lat' dir='ltr'><strong>adoptatum</strong></span> <span class='ocrx_word' id='word_1_548' title='bbox 1729 4866 1783 4925; x_wconf 74' lang='lat' dir='ltr'><strong>et</strong></span> 
     </span>
    </p>
   </div>
   <div class='ocr_carea' id='block_1_71' title="bbox 209 4920 1781 4993">
    <p class='ocr_par' dir='ltr' id='par_1_71' title="bbox 209 4920 1781 4993">
     <span class='ocr_line' id='line_1_71' title="bbox 209 4920 1781 4993; baseline 0.001 -19"><span class='ocrx_word' id='word_1_549' title='bbox 209 4920 451 4981; x_wconf 51' lang='lat' dir='ltr'><strong>absolu&#39;te</strong></span> <span class='ocrx_word' id='word_1_550' title='bbox 489 4929 557 4978; x_wconf 89' lang='lat' dir='ltr'><strong>ah</strong></span> <span class='ocrx_word' id='word_1_551' title='bbox 601 4941 668 4979; x_wconf 88' lang='lat' dir='ltr'><strong>eo</strong></span> <span class='ocrx_word' id='word_1_552' title='bbox 701 4920 1054 4993; x_wconf 69' lang='lat' dir='ltr'><strong>Eivattgeliunt</strong></span> <span class='ocrx_word' id='word_1_553' title='bbox 1086 4924 1412 4993; x_wconf 84' lang='lat' dir='ltr'><strong>appellatum</strong></span> <span class='ocrx_word' id='word_1_554' title='bbox 1442 4939 1456 4975; x_wconf 91' lang='lat'>:</span> <span class='ocrx_word' id='word_1_555' title='bbox 1483 4920 1578 4976; x_wconf 64' lang='lat' dir='ltr'><strong>Sed</strong></span> <span class='ocrx_word' id='word_1_556' title='bbox 1609 4924 1781 4976; x_wconf 80' lang='lat' dir='ltr'><strong>titulis</strong></span> 
     </span>
    </p>
   </div>
   <div class='ocr_carea' id='block_1_72' title="bbox 209 4993 1783 5060">
    <p class='ocr_par' dir='ltr' id='par_1_72' title="bbox 209 4993 1783 5060">
     <span class='ocr_line' id='line_1_72' title="bbox 209 4993 1783 5060; baseline 0.001 -19"><span class='ocrx_word' id='word_1_557' title='bbox 209 4996 394 5059; x_wconf 87' lang='lat' dir='ltr'><strong>erasis,</strong></span> <span class='ocrx_word' id='word_1_558' title='bbox 423 5007 478 5050; x_wconf 85' lang='lat' dir='ltr'><strong>et</strong></span> <span class='ocrx_word' id='word_1_559' title='bbox 503 4997 641 5048; x_wconf 79' lang='lat' dir='ltr'><strong>libro</strong></span> <span class='ocrx_word' id='word_1_560' title='bbox 671 4995 814 5048; x_wconf 74' lang='lat' dir='ltr'><strong>\arit-</strong></span> <span class='ocrx_word' id='word_1_561' title='bbox 842 5005 1110 5060; x_wconf 87' lang='lat' dir='ltr'><strong>truncato,</strong></span> <span class='ocrx_word' id='word_1_562' title='bbox 1141 4994 1501 5047; x_wconf 73' lang='lat' dir='ltr'><strong>dissimulavit</strong></span> <span class='ocrx_word' id='word_1_563' title='bbox 1529 4993 1579 5046; x_wconf 85' lang='lat' dir='ltr'><strong>id</strong></span> <span class='ocrx_word' id='word_1_564' title='bbox 1619 4994 1783 5047; x_wconf 65' lang='lat' dir='ltr'><strong>fillStl-</strong></span> 
     </span>
    </p>
   </div>
   <div class='ocr_carea' id='block_1_73' title="bbox 211 5063 1776 5135">
    <p class='ocr_par' dir='ltr' id='par_1_73' title="bbox 211 5063 1776 5135">
     <span class='ocr_line' id='line_1_73' title="bbox 211 5063 1776 5135; baseline 0.003 -23"><span class='ocrx_word' id='word_1_565' title='bbox 211 5063 337 5135; x_wconf 86' lang='lat' dir='ltr'><strong>rius.</strong></span> <span class='ocrx_word' id='word_1_566' title='bbox 369 5082 534 5132; x_wconf 79' lang='lat' dir='ltr'><strong>seque</strong></span> <span class='ocrx_word' id='word_1_567' title='bbox 557 5065 847 5135; x_wconf 71' lang='lat' dir='ltr'><strong>Evangelia</strong></span> <span class='ocrx_word' id='word_1_568' title='bbox 876 5082 1136 5134; x_wconf 74' lang='lat' dir='ltr'><strong>purgasse</strong></span> <span class='ocrx_word' id='word_1_569' title='bbox 1165 5065 1414 5135; x_wconf 77' lang='lat' dir='ltr'><strong>jactavit.</strong></span> <span class='ocrx_word' id='word_1_570' title='bbox 1480 5065 1776 5120; x_wconf 72' lang='lat' dir='ltr'><strong>WETsTEN.</strong></span> 
     </span>
    </p>
   </div>
   <div class='ocr_carea' id='block_1_74' title="bbox 276 5133 1780 5206">
    <p class='ocr_par' dir='ltr' id='par_1_74' title="bbox 276 5133 1780 5206">
     <span class='ocr_line' id='line_1_74' title="bbox 276 5133 1780 5206; baseline 0 -20"><span class='ocrx_word' id='word_1_571' title='bbox 276 5133 293 5202; x_wconf 88' lang='lat'><strong>(</strong></span> <span class='ocrx_word' id='word_1_572' title='bbox 304 5135 382 5200; x_wconf 82' lang='lat' dir='ltr'><strong>l5)</strong></span> <span class='ocrx_word' id='word_1_573' title='bbox 419 5137 702 5206; x_wconf 76' lang='grc' dir='ltr'>Ὀνόματα</span> <span class='ocrx_word' id='word_1_574' title='bbox 719 5133 1123 5206; x_wconf 63' lang='grc' dir='ltr'>“γεπραμμένα.</span> <span class='ocrx_word' id='word_1_575' title='bbox 1160 5134 1300 5203; x_wconf 86' lang='lat' dir='ltr'><strong>Lege</strong></span> <span class='ocrx_word' id='word_1_576' title='bbox 1332 5133 1567 5204; x_wconf 83' lang='grc' dir='ltr'>ὀνόματα</span> <span class='ocrx_word' id='word_1_577' title='bbox 1589 5143 1647 5186; x_wconf 78' lang='grc' dir='ltr'><strong>ου</strong></span> <span class='ocrx_word' id='word_1_578' title='bbox 1687 5151 1780 5202; x_wconf 82' lang='grc' dir='ltr'><strong>γε-</strong></span> 
     </span>
    </p>
   </div>
   <div class='ocr_carea' id='block_1_75' title="bbox 210 5205 1776 5323">
    <p class='ocr_par' dir='ltr' id='par_1_75' title="bbox 210 5205 1776 5323">
     <span class='ocr_line' id='line_1_75' title="bbox 210 5205 1776 5323; baseline 0.001 -67"><span class='ocrx_word' id='word_1_579' title='bbox 210 5208 516 5323; x_wconf 45' lang='grc' dir='ltr'>Ἑραμμένα.</span> <span class='ocrx_word' id='word_1_580' title='bbox 573 5205 649 5259; x_wconf 87' lang='lat' dir='ltr'><strong>lla</strong></span> <span class='ocrx_word' id='word_1_581' title='bbox 719 5205 956 5260; x_wconf 78' lang='lat' dir='ltr'><strong>liabeb’at</strong></span> <span class='ocrx_word' id='word_1_582' title='bbox 1005 5208 1169 5258; x_wconf 80' lang='lat' dir='ltr'><strong>etiam</strong></span> <span class='ocrx_word' id='word_1_583' title='bbox 1235 5207 1401 5257; x_wconf 77' lang='lat' dir='ltr'><strong>codex</strong></span> <span class='ocrx_word' id='word_1_584' title='bbox 1476 5206 1776 5257; x_wconf 81' lang='lat' dir='ltr'><strong>doctissimi</strong></span> 
     </span>
     <span class='ocr_line' id='line_1_76' title="bbox 256 5274 1776 5323; baseline 0 0"><span class='ocrx_word' id='word_1_585' title='bbox 256 5274 337 5323; x_wconf 85' lang='lat' dir='ltr'><strong>ici-</strong></span> <span class='ocrx_word' id='word_1_586' title='bbox 363 5281 528 5323; x_wconf 76' lang='lat' dir='ltr'><strong>vertit</strong></span> <span class='ocrx_word' id='word_1_587' title='bbox 559 5276 727 5323; x_wconf 76' lang='lat' dir='ltr'><strong>enim-</strong></span> <span class='ocrx_word' id='word_1_588' title='bbox 781 5296 799 5323; x_wconf 76' lang='grc' dir='ltr'><strong>ι</strong></span> <span class='ocrx_word' id='word_1_589' title='bbox 848 5275 1094 5323; x_wconf 76' lang='lat' dir='ltr'><strong>Proferre</strong></span> <span class='ocrx_word' id='word_1_590' title='bbox 1147 5277 1367 5323; x_wconf 81' lang='lat' dir='ltr'><strong>nuntina</strong></span> <span class='ocrx_word' id='word_1_591' title='bbox 1407 5290 1513 5323; x_wconf 87' lang='lat' dir='ltr'><strong>nou</strong></span> <span class='ocrx_word' id='word_1_592' title='bbox 1575 5286 1776 5323; x_wconf 57' lang='lat' dir='ltr'><strong>Scrinia</strong></span> 
     </span>
    </p>
   </div>
   <div class='ocr_carea' id='block_1_76' title="bbox 215 5274 1777 5350">
    <p class='ocr_par' dir='ltr' id='par_1_76' title="bbox 215 5274 1777 5350">
     <span class='ocr_line' id='line_1_77' title="bbox 215 5274 1777 5350; baseline 0.002 -26"><span class='ocrx_word' id='word_1_593' title='bbox 215 5274 338 5350; x_wconf 40' lang='lat' dir='ltr'><strong>.l’ici,</strong></span> <span class='ocrx_word' id='word_1_594' title='bbox 362 5274 528 5331; x_wconf 80' lang='lat' dir='ltr'><strong>vertit</strong></span> <span class='ocrx_word' id='word_1_595' title='bbox 559 5276 728 5350; x_wconf 71' lang='lat' dir='ltr'><strong>enim,</strong></span> <span class='ocrx_word' id='word_1_596' title='bbox 781 5296 799 5330; x_wconf 76' lang='grc' dir='ltr'><strong>ι</strong></span> <span class='ocrx_word' id='word_1_597' title='bbox 845 5275 1094 5332; x_wconf 74' lang='lat' dir='ltr'><strong>Proferre</strong></span> <span class='ocrx_word' id='word_1_598' title='bbox 1146 5277 1367 5330; x_wconf 88' lang='lat' dir='ltr'><strong>nomina</strong></span> <span class='ocrx_word' id='word_1_599' title='bbox 1407 5290 1513 5328; x_wconf 89' lang='lat' dir='ltr'><strong>nou</strong></span> <span class='ocrx_word' id='word_1_600' title='bbox 1575 5286 1777 5345; x_wconf 67' lang='grc' dir='ltr'><strong>εει-’.μω</strong></span> 
     </span>
    </p>
   </div>
   <div class='ocr_carea' id='block_1_77' title="bbox 215 5346 884 5415">
    <p class='ocr_par' dir='ltr' id='par_1_77' title="bbox 215 5346 884 5415">
     <span class='ocr_line' id='line_1_78' title="bbox 215 5346 884 5415; baseline 0.015 -23"><span class='ocrx_word' id='word_1_601' title='bbox 215 5346 262 5395; x_wconf 89' lang='lat' dir='ltr'><strong>iu</strong></span> <span class='ocrx_word' id='word_1_602' title='bbox 295 5346 601 5415; x_wconf 79' lang='lat' dir='ltr'><strong>Scriptura.</strong></span> <span class='ocrx_word' id='word_1_603' title='bbox 647 5367 664 5397; x_wconf 79' lang='grc' dir='ltr'><strong>ι</strong></span> <span class='ocrx_word' id='word_1_604' title='bbox 711 5348 784 5401; x_wconf 86' lang='lat' dir='ltr'><strong>lo.</strong></span> <span class='ocrx_word' id='word_1_605' title='bbox 880 5351 884 5355; x_wconf 64' lang='grc'><strong>⁷</strong></span> 
     </span>
    </p>
   </div>
   <div class='ocr_carea' id='block_1_78' title="bbox 279 5414 1780 5487">
    <p class='ocr_par' dir='ltr' id='par_1_78' title="bbox 279 5414 1780 5487">
     <span class='ocr_line' id='line_1_79' title="bbox 279 5414 1780 5487; baseline -0.003 -13"><span class='ocrx_word' id='word_1_606' title='bbox 279 5416 385 5486; x_wconf 76' lang='lat' dir='ltr'><strong>(l6)</strong></span> <span class='ocrx_word' id='word_1_607' title='bbox 405 5414 551 5487; x_wconf 80' lang='grc' dir='ltr'><strong>Οὐχὶ</strong></span> <span class='ocrx_word' id='word_1_608' title='bbox 585 5417 685 5470; x_wconf 77' lang='grc' dir='ltr'>καὶ</span> <span class='ocrx_word' id='word_1_609' title='bbox 722 5417 837 5472; x_wconf 80' lang='grc' dir='ltr'><strong>τῶν</strong></span> <span class='ocrx_word' id='word_1_610' title='bbox 868 5419 970 5471; x_wconf 82' lang='grc' dir='ltr'>οϐ’.</span> <span class='ocrx_word' id='word_1_611' title='bbox 1003 5416 1356 5486; x_wconf 86' lang='lat' dir='ltr'><strong>Septuaginta</strong></span> <span class='ocrx_word' id='word_1_612' title='bbox 1391 5415 1528 5487; x_wconf 77' lang='lat' dir='ltr'><strong>duos</strong></span> <span class='ocrx_word' id='word_1_613' title='bbox 1565 5414 1780 5469; x_wconf 84' lang='lat' dir='ltr'><strong>misisse</strong></span> 
     </span>
    </p>
   </div>
   <div class='ocr_carea' id='block_1_79' title="bbox 215 5478 1775 5554">
    <p class='ocr_par' dir='ltr' id='par_1_79' title="bbox 215 5478 1775 5554">
     <span class='ocr_line' id='line_1_80' title="bbox 215 5478 1775 5554; baseline 0.003 -21"><span class='ocrx_word' id='word_1_614' title='bbox 215 5478 850 5554; x_wconf 58' lang='lat' dir='ltr'><strong>Gltrisium&quot;discipulos,</strong></span> <span class='ocrx_word' id='word_1_615' title='bbox 893 5478 1116 5542; x_wconf 74' lang='lat' dir='ltr'><strong>tradunt</strong></span> <span class='ocrx_word' id='word_1_616' title='bbox 1179 5478 1452 5554; x_wconf 70' lang='lat' dir='ltr'><strong>interpres</strong></span> <span class='ocrx_word' id='word_1_617' title='bbox 1503 5485 1775 5550; x_wconf 82' lang='lat' dir='ltr'><strong>Persicus,</strong></span> 
     </span>
    </p>
   </div>
   <div class='ocr_carea' id='block_1_80' title="bbox 217 5546 1775 5629">
    <p class='ocr_par' dir='ltr' id='par_1_80' title="bbox 217 5546 1775 5629">
     <span class='ocr_line' id='line_1_81' title="bbox 217 5546 1775 5629; baseline 0 -21"><span class='ocrx_word' id='word_1_618' title='bbox 217 5546 587 5629; x_wconf 50' lang='lat' dir='ltr'><strong>Hieronymus,</strong></span> <span class='ocrx_word' id='word_1_619' title='bbox 621 5546 975 5629; x_wconf 77' lang='lat' dir='ltr'><strong>Augustinus.</strong></span> <span class='ocrx_word' id='word_1_620' title='bbox 1013 5561 1282 5629; x_wconf 80' lang='lat' dir='ltr'><strong>interpres</strong></span> <span class='ocrx_word' id='word_1_621' title='bbox 1318 5546 1613 5629; x_wconf 16' lang='lat' dir='ltr'><strong>A&#39;Yulgatns,</strong></span> <span class='ocrx_word' id='word_1_622' title='bbox 1654 5546 1775 5629; x_wconf 61' lang='grc' dir='ltr'><strong>Ενιξ</strong></span> 
     </span>
    </p>
   </div>
   <div class='ocr_carea' id='block_1_81' title="bbox 219 5622 1774 5699">
    <p class='ocr_par' dir='ltr' id='par_1_81' title="bbox 219 5622 1774 5699">
     <span class='ocr_line' id='line_1_82' title="bbox 219 5622 1774 5699; baseline 0.001 -20"><span class='ocrx_word' id='word_1_623' title='bbox 219 5622 444 5699; x_wconf 59' lang='lat' dir='ltr'><strong>phattius</strong></span> <span class='ocrx_word' id='word_1_624' title='bbox 466 5622 658 5683; x_wconf 58' lang='lat' dir='ltr'><strong>lue-res.</strong></span> <span class='ocrx_word' id='word_1_625' title='bbox 691 5622 780 5699; x_wconf 60' lang='lat' dir='ltr'><strong>gr,</strong></span> <span class='ocrx_word' id='word_1_626' title='bbox 811 5647 862 5683; x_wconf 91' lang='grc' dir='ltr'>ιι.</span> <span class='ocrx_word' id='word_1_627' title='bbox 890 5628 954 5694; x_wconf 72' lang='grc'><strong>4;</strong></span> <span class='ocrx_word' id='word_1_628' title='bbox 978 5622 1296 5699; x_wconf 78' lang='lat' dir='ltr'><strong>Gregorius</strong></span> <span class='ocrx_word' id='word_1_629' title='bbox 1310 5622 1553 5695; x_wconf 78' lang='lat' dir='ltr'><strong>Magnus,</strong></span> <span class='ocrx_word' id='word_1_630' title='bbox 1585 5622 1774 5681; x_wconf 75' lang='lat' dir='ltr'><strong>honiil.</strong></span> 
     </span>
    </p>
   </div>
   <div class='ocr_carea' id='block_1_82' title="bbox 220 5692 1781 5767">
    <p class='ocr_par' dir='ltr' id='par_1_82' title="bbox 220 5692 1781 5767">
     <span class='ocr_line' id='line_1_83' title="bbox 220 5692 1781 5767; baseline 0.001 -19"><span class='ocrx_word' id='word_1_631' title='bbox 220 5692 276 5767; x_wconf 56' lang='lat' dir='ltr'><strong>l7</strong></span> <span class='ocrx_word' id='word_1_632' title='bbox 317 5697 368 5751; x_wconf 80' lang='lat' dir='ltr'><strong>in</strong></span> <span class='ocrx_word' id='word_1_633' title='bbox 405 5698 636 5767; x_wconf 82' lang='lat' dir='ltr'><strong>Evang.;</strong></span> <span class='ocrx_word' id='word_1_634' title='bbox 690 5697 831 5752; x_wconf 86' lang='lat' dir='ltr'><strong>Beda</strong></span> <span class='ocrx_word' id='word_1_635' title='bbox 865 5692 1158 5753; x_wconf 63' lang='lat' dir='ltr'><strong>Comment.</strong></span> <span class='ocrx_word' id='word_1_636' title='bbox 1182 5699 1235 5750; x_wconf 85' lang='lat' dir='ltr'><strong>in</strong></span> <span class='ocrx_word' id='word_1_637' title='bbox 1270 5692 1424 5750; x_wconf 73' lang='grc' dir='ltr'>ιιιεώ</span> <span class='ocrx_word' id='word_1_638' title='bbox 1455 5712 1572 5760; x_wconf 85' lang='lat' dir='ltr'><strong>cap.</strong></span> <span class='ocrx_word' id='word_1_639' title='bbox 1610 5713 1663 5756; x_wconf 70' lang='grc' dir='ltr'><strong>ιι,</strong></span> <span class='ocrx_word' id='word_1_640' title='bbox 1725 5708 1781 5749; x_wconf 85' lang='lat' dir='ltr'><strong>et</strong></span> 
     </span>
    </p>
   </div>
   <div class='ocr_carea' id='block_1_83' title="bbox 218 5758 1770 5826">
    <p class='ocr_par' dir='ltr' id='par_1_83' title="bbox 218 5758 1770 5826">
     <span class='ocr_line' id='line_1_84' title="bbox 218 5758 1770 5826; baseline 0.002 -9"><span class='ocrx_word' id='word_1_641' title='bbox 218 5758 399 5823; x_wconf 79' lang='lat' dir='ltr'><strong>hotnil.</strong></span> <span class='ocrx_word' id='word_1_642' title='bbox 434 5772 486 5823; x_wconf 83' lang='lat' dir='ltr'><strong>in</strong></span> <span class='ocrx_word' id='word_1_643' title='bbox 525 5758 703 5825; x_wconf 32' lang='lat' dir='ltr'><strong>die-3.</strong></span> <span class='ocrx_word' id='word_1_644' title='bbox 735 5769 924 5826; x_wconf 78' lang='lat' dir='ltr'><strong>Lut&#39;tt&#39;.‘</strong></span> <span class='ocrx_word' id='word_1_645' title='bbox 955 5769 1216 5824; x_wconf 70' lang='lat' dir='ltr'><strong>liabanus</strong></span> <span class='ocrx_word' id='word_1_646' title='bbox 1250 5770 1467 5824; x_wconf 83' lang='lat' dir='ltr'><strong>Maurus</strong></span> <span class='ocrx_word' id='word_1_647' title='bbox 1505 5758 1576 5820; x_wconf 83' lang='lat' dir='ltr'><strong>De</strong></span> <span class='ocrx_word' id='word_1_648' title='bbox 1603 5769 1770 5824; x_wconf 79' lang='lat' dir='ltr'><strong>iustil.</strong></span> 
     </span>
    </p>
   </div>
   <div class='ocr_carea' id='block_1_84' title="bbox 1901 1911 3476 1986">
    <p class='ocr_par' dir='ltr' id='par_1_84' title="bbox 1901 1911 3476 1986">
     <span class='ocr_line' id='line_1_85' title="bbox 1901 1911 3476 1986; baseline 0.004 -20"><span class='ocrx_word' id='word_1_649' title='bbox 1901 1926 2021 1966; x_wconf 86' lang='lat' dir='ltr'><strong>ceo.</strong></span> <span class='ocrx_word' id='word_1_650' title='bbox 2047 1913 2114 1967; x_wconf 86' lang='lat' dir='ltr'><strong>A.</strong></span> <span class='ocrx_word' id='word_1_651' title='bbox 2139 1911 2417 1967; x_wconf 85' lang='lat' dir='ltr'><strong>Credesne</strong></span> <span class='ocrx_word' id='word_1_652' title='bbox 2453 1914 2584 1968; x_wconf 91' lang='lat' dir='ltr'><strong>mihi</strong></span> <span class='ocrx_word' id='word_1_653' title='bbox 2618 1915 2914 1986; x_wconf 82' lang='lat' dir='ltr'><strong>Evangelia</strong></span> <span class='ocrx_word' id='word_1_654' title='bbox 2956 1934 3060 1971; x_wconf 90' lang='lat' dir='ltr'><strong>non</strong></span> <span class='ocrx_word' id='word_1_655' title='bbox 3094 1933 3218 1974; x_wconf 89' lang='lat' dir='ltr'><strong>esse</strong></span> <span class='ocrx_word' id='word_1_656' title='bbox 3251 1921 3373 1974; x_wconf 87' lang='lat' dir='ltr'><strong>ﬁcta</strong></span> <span class='ocrx_word' id='word_1_657' title='bbox 3411 1934 3476 1974; x_wconf 72' lang='lat' dir='ltr'><strong>ex</strong></span> 
     </span>
    </p>
   </div>
   <div class='ocr_carea' id='block_1_85' title="bbox 1899 2003 3478 2080">
    <p class='ocr_par' dir='ltr' id='par_1_85' title="bbox 1899 2003 3478 2080">
     <span class='ocr_line' id='line_1_86' title="bbox 1899 2003 3478 2080; baseline 0.006 -24"><span class='ocrx_word' id='word_1_658' title='bbox 1899 2003 1980 2056; x_wconf 88' lang='lat' dir='ltr'><strong>eis</strong></span> <span class='ocrx_word' id='word_1_659' title='bbox 2011 2003 2272 2057; x_wconf 86' lang='lat' dir='ltr'><strong>docenti?</strong></span> <span class='ocrx_word' id='word_1_660' title='bbox 2297 2003 2369 2057; x_wconf 83' lang='lat' dir='ltr'><strong>M.</strong></span> <span class='ocrx_word' id='word_1_661' title='bbox 2401 2003 2597 2070; x_wconf 86' lang='lat' dir='ltr'><strong>Credo,</strong></span> <span class='ocrx_word' id='word_1_662' title='bbox 2627 2007 2670 2060; x_wconf 91' lang='lat' dir='ltr'><strong>si</strong></span> <span class='ocrx_word' id='word_1_663' title='bbox 2726 2007 2940 2062; x_wconf 85' lang='lat' dir='ltr'><strong>doceas.</strong></span> <span class='ocrx_word' id='word_1_664' title='bbox 2982 2009 3076 2062; x_wconf 90' lang='lat' dir='ltr'><strong>Dic</strong></span> <span class='ocrx_word' id='word_1_665' title='bbox 3109 2010 3342 2080; x_wconf 89' lang='lat' dir='ltr'><strong>primum</strong></span> <span class='ocrx_word' id='word_1_666' title='bbox 3378 2027 3478 2066; x_wconf 86' lang='lat' dir='ltr'><strong>no-</strong></span> 
     </span>
    </p>
   </div>
   <div class='ocr_carea' id='block_1_86' title="bbox 1902 2093 3096 2170">
    <p class='ocr_par' dir='ltr' id='par_1_86' title="bbox 1902 2093 3096 2170">
     <span class='ocr_line' id='line_1_87' title="bbox 1902 2093 3096 2170; baseline 0.008 -23"><span class='ocrx_word' id='word_1_667' title='bbox 1902 2093 2045 2149; x_wconf 88' lang='lat' dir='ltr'><strong>mina</strong></span> <span class='ocrx_word' id='word_1_668' title='bbox 2081 2110 2270 2149; x_wconf 91' lang='lat' dir='ltr'><strong>eorum</strong></span> <span class='ocrx_word' id='word_1_669' title='bbox 2306 2097 2397 2166; x_wconf 89' lang='lat' dir='ltr'><strong>qui</strong></span> <span class='ocrx_word' id='word_1_670' title='bbox 2423 2096 2714 2168; x_wconf 86' lang='lat' dir='ltr'><strong>Evangelia</strong></span> <span class='ocrx_word' id='word_1_671' title='bbox 2741 2100 3096 2170; x_wconf 87' lang='lat' dir='ltr'><strong>scripserunt.</strong></span> 
     </span>
    </p>
   </div>
   <div class='ocr_carea' id='block_1_87' title="bbox 1969 2185 3478 2259">
    <p class='ocr_par' dir='ltr' id='par_1_87' title="bbox 1969 2185 3478 2259">
     <span class='ocr_line' id='line_1_88' title="bbox 1969 2185 3478 2259; baseline 0.005 -19"><span class='ocrx_word' id='word_1_672' title='bbox 1969 2187 2036 2240; x_wconf 77' lang='grc' dir='ltr'><strong>Α.</strong></span> <span class='ocrx_word' id='word_1_673' title='bbox 2076 2185 2280 2243; x_wconf 86' lang='lat' dir='ltr'><strong>Christi</strong></span> <span class='ocrx_word' id='word_1_674' title='bbox 2321 2189 2570 2258; x_wconf 87' lang='lat' dir='ltr'><strong>discipuli</strong></span> <span class='ocrx_word' id='word_1_675' title='bbox 2619 2190 2982 2259; x_wconf 88' lang='lat' dir='ltr'><strong>scripserunt,</strong></span> <span class='ocrx_word' id='word_1_676' title='bbox 3035 2192 3306 2259; x_wconf 84' lang='lat' dir='ltr'><strong>Joannes,</strong></span> <span class='ocrx_word' id='word_1_677' title='bbox 3340 2195 3478 2249; x_wconf 82' lang='lat' dir='ltr'><strong>Mat-</strong></span> 
     </span>
    </p>
   </div>
   <div class='ocr_carea' id='block_1_88' title="bbox 1901 2278 3477 2347">
    <p class='ocr_par' dir='ltr' id='par_1_88' title="bbox 1901 2278 3477 2347">
     <span class='ocr_line' id='line_1_89' title="bbox 1901 2278 3477 2347; baseline 0.006 -15"><span class='ocrx_word' id='word_1_678' title='bbox 1901 2278 2092 2342; x_wconf 64' lang='lat' dir='ltr'><strong>tha&#39;us,</strong></span> <span class='ocrx_word' id='word_1_679' title='bbox 2123 2278 2358 2343; x_wconf 81' lang='lat' dir='ltr'><strong>Marcus,</strong></span> <span class='ocrx_word' id='word_1_680' title='bbox 2387 2293 2441 2336; x_wconf 85' lang='lat' dir='ltr'><strong>et</strong></span> <span class='ocrx_word' id='word_1_681' title='bbox 2465 2280 2659 2347; x_wconf 81' lang='lat' dir='ltr'><strong>Lucas.</strong></span> <span class='ocrx_word' id='word_1_682' title='bbox 2698 2283 2770 2338; x_wconf 78' lang='grc' dir='ltr'><strong>Μ.</strong></span> <span class='ocrx_word' id='word_1_683' title='bbox 2804 2284 3046 2339; x_wconf 78' lang='lat' dir='ltr'><strong>Marcum</strong></span> <span class='ocrx_word' id='word_1_684' title='bbox 3080 2296 3131 2340; x_wconf 90' lang='lat' dir='ltr'><strong>et</strong></span> <span class='ocrx_word' id='word_1_685' title='bbox 3158 2285 3360 2340; x_wconf 86' lang='lat' dir='ltr'><strong>Lucam</strong></span> <span class='ocrx_word' id='word_1_686' title='bbox 3391 2286 3477 2341; x_wconf 80' lang='lat' dir='ltr'><strong>di-</strong></span> 
     </span>
    </p>
   </div>
   <div class='ocr_carea' id='block_1_89' title="bbox 1897 2369 3479 2439">
    <p class='ocr_par' dir='ltr' id='par_1_89' title="bbox 1897 2369 3479 2439">
     <span class='ocr_line' id='line_1_90' title="bbox 1897 2369 3479 2439; baseline 0.004 -14"><span class='ocrx_word' id='word_1_687' title='bbox 1897 2369 2139 2439; x_wconf 87' lang='lat' dir='ltr'><strong>scipttlos</strong></span> <span class='ocrx_word' id='word_1_688' title='bbox 2161 2370 2410 2426; x_wconf 88' lang='lat' dir='ltr'><strong>Christus</strong></span> <span class='ocrx_word' id='word_1_689' title='bbox 2441 2388 2546 2426; x_wconf 88' lang='lat' dir='ltr'><strong>non</strong></span> <span class='ocrx_word' id='word_1_690' title='bbox 2573 2372 2792 2429; x_wconf 86' lang='lat' dir='ltr'><strong>habuit:</strong></span> <span class='ocrx_word' id='word_1_691' title='bbox 2828 2375 2954 2429; x_wconf 91' lang='lat' dir='ltr'><strong>hinc</strong></span> <span class='ocrx_word' id='word_1_692' title='bbox 2977 2375 3231 2432; x_wconf 79' lang='lat' dir='ltr'><strong>falsitatis</strong></span> <span class='ocrx_word' id='word_1_693' title='bbox 3256 2377 3479 2432; x_wconf 82' lang='lat' dir='ltr'><strong>convin-</strong></span> 
     </span>
    </p>
   </div>
   <div class='ocr_carea' id='block_1_90' title="bbox 1898 2461 3481 2535">
    <p class='ocr_par' dir='ltr' id='par_1_90' title="bbox 1898 2461 3481 2535">
     <span class='ocr_line' id='line_1_91' title="bbox 1898 2461 3481 2535; baseline 0.003 -18"><span class='ocrx_word' id='word_1_694' title='bbox 1898 2461 2113 2517; x_wconf 89' lang='lat' dir='ltr'><strong>cimiui.</strong></span> <span class='ocrx_word' id='word_1_695' title='bbox 2137 2461 2248 2516; x_wconf 92' lang='lat' dir='ltr'><strong>Cur</strong></span> <span class='ocrx_word' id='word_1_696' title='bbox 2269 2463 2416 2516; x_wconf 91' lang='lat' dir='ltr'><strong>enim</strong></span> <span class='ocrx_word' id='word_1_697' title='bbox 2439 2463 2687 2532; x_wconf 86' lang='lat' dir='ltr'><strong>discipuli</strong></span> <span class='ocrx_word' id='word_1_698' title='bbox 2712 2482 2949 2535; x_wconf 91' lang='lat' dir='ltr'><strong>quorum</strong></span> <span class='ocrx_word' id='word_1_699' title='bbox 2977 2467 3193 2521; x_wconf 90' lang='lat' dir='ltr'><strong>nomina</strong></span> <span class='ocrx_word' id='word_1_700' title='bbox 3224 2467 3276 2520; x_wconf 90' lang='lat' dir='ltr'><strong>in</strong></span> <span class='ocrx_word' id='word_1_701' title='bbox 3300 2467 3481 2521; x_wconf 78' lang='lat' dir='ltr'><strong>Evan-</strong></span> 
     </span>
    </p>
   </div>
   <div class='ocr_carea' id='block_1_91' title="bbox 1895 2552 3476 2628">
    <p class='ocr_par' dir='ltr' id='par_1_91' title="bbox 1895 2552 3476 2628">
     <span class='ocr_line' id='line_1_92' title="bbox 1895 2552 3476 2628; baseline 0.004 -22"><span class='ocrx_word' id='word_1_702' title='bbox 1895 2552 2036 2622; x_wconf 75' lang='lat' dir='ltr'><strong>gelio</strong></span> <span class='ocrx_word' id='word_1_703' title='bbox 2067 2553 2272 2621; x_wconf 80' lang='lat' dir='ltr'><strong>scripta</strong></span> <span class='ocrx_word' id='word_1_704' title='bbox 2302 2562 2449 2619; x_wconf 88' lang='lat' dir='ltr'><strong>sunt,</strong></span> <span class='ocrx_word' id='word_1_705' title='bbox 2484 2570 2591 2609; x_wconf 91' lang='lat' dir='ltr'><strong>non</strong></span> <span class='ocrx_word' id='word_1_706' title='bbox 2624 2557 2987 2622; x_wconf 89' lang='lat' dir='ltr'><strong>scripserunt,</strong></span> <span class='ocrx_word' id='word_1_707' title='bbox 3023 2560 3118 2612; x_wconf 87' lang='lat' dir='ltr'><strong>sed</strong></span> <span class='ocrx_word' id='word_1_708' title='bbox 3166 2558 3200 2611; x_wconf 93' lang='lat' dir='ltr'><strong>ii</strong></span> <span class='ocrx_word' id='word_1_709' title='bbox 3230 2559 3325 2628; x_wconf 88' lang='lat' dir='ltr'><strong>qui</strong></span> <span class='ocrx_word' id='word_1_710' title='bbox 3366 2574 3476 2613; x_wconf 90' lang='lat' dir='ltr'><strong>non</strong></span> 
     </span>
    </p>
   </div>
   <div class='ocr_carea' id='block_1_92' title="bbox 1895 2639 3480 2714">
    <p class='ocr_par' dir='ltr' id='par_1_92' title="bbox 1895 2639 3480 2714">
     <span class='ocr_line' id='line_1_93' title="bbox 1895 2639 3480 2714; baseline 0.006 -20"><span class='ocrx_word' id='word_1_711' title='bbox 1895 2649 2024 2694; x_wconf 87' lang='lat' dir='ltr'><strong>sunt</strong></span> <span class='ocrx_word' id='word_1_712' title='bbox 2048 2639 2340 2706; x_wconf 80' lang='lat' dir='ltr'><strong>discipuli?</strong></span> <span class='ocrx_word' id='word_1_713' title='bbox 2360 2640 2495 2708; x_wconf 85' lang='lat' dir='ltr'><strong>Quis</strong></span> <span class='ocrx_word' id='word_1_714' title='bbox 2515 2659 2648 2714; x_wconf 80' lang='lat' dir='ltr'><strong>ergo</strong></span> <span class='ocrx_word' id='word_1_715' title='bbox 2666 2656 2751 2700; x_wconf 88' lang='lat' dir='ltr'><strong>est</strong></span> <span class='ocrx_word' id='word_1_716' title='bbox 2772 2645 2968 2712; x_wconf 88' lang='lat' dir='ltr'><strong>Lucas,</strong></span> <span class='ocrx_word' id='word_1_717' title='bbox 2991 2655 3084 2701; x_wconf 90' lang='lat' dir='ltr'><strong>aut</strong></span> <span class='ocrx_word' id='word_1_718' title='bbox 3107 2647 3358 2703; x_wconf 82' lang='lat' dir='ltr'><strong>Marcus?</strong></span> <span class='ocrx_word' id='word_1_719' title='bbox 3373 2649 3480 2704; x_wconf 88' lang='lat' dir='ltr'><strong>hoc</strong></span> 
     </span>
    </p>
   </div>
   <div class='ocr_carea' id='block_1_93' title="bbox 1897 2728 3480 2809">
    <p class='ocr_par' dir='ltr' id='par_1_93' title="bbox 1897 2728 3480 2809">
     <span class='ocr_line' id='line_1_94' title="bbox 1897 2728 3480 2809; baseline 0.008 -27"><span class='ocrx_word' id='word_1_720' title='bbox 1897 2728 2012 2797; x_wconf 91' lang='lat' dir='ltr'><strong>ipso</strong></span> <span class='ocrx_word' id='word_1_721' title='bbox 2041 2731 2275 2786; x_wconf 90' lang='lat' dir='ltr'><strong>convicti</strong></span> <span class='ocrx_word' id='word_1_722' title='bbox 2304 2733 2438 2788; x_wconf 87' lang='lat' dir='ltr'><strong>estis</strong></span> <span class='ocrx_word' id='word_1_723' title='bbox 2467 2735 2713 2803; x_wconf 82' lang='lat' dir='ltr'><strong>proferre</strong></span> <span class='ocrx_word' id='word_1_724' title='bbox 2743 2738 2963 2794; x_wconf 88' lang='lat' dir='ltr'><strong>nomina</strong></span> <span class='ocrx_word' id='word_1_725' title='bbox 2993 2754 3113 2807; x_wconf 64' lang='lat' dir='ltr'><strong>qua:</strong></span> <span class='ocrx_word' id='word_1_726' title='bbox 3143 2738 3196 2793; x_wconf 91' lang='lat' dir='ltr'><strong>in</strong></span> <span class='ocrx_word' id='word_1_727' title='bbox 3229 2738 3480 2809; x_wconf 84' lang='lat' dir='ltr'><strong>Evange-</strong></span> 
     </span>
    </p>
   </div>
   <div class='ocr_carea' id='block_1_94' title="bbox 1893 2821 3478 2900">
    <p class='ocr_par' dir='ltr' id='par_1_94' title="bbox 1893 2821 3478 2900">
     <span class='ocr_line' id='line_1_95' title="bbox 1893 2821 3478 2900; baseline 0.009 -26"><span class='ocrx_word' id='word_1_728' title='bbox 1893 2821 1965 2874; x_wconf 93' lang='lat' dir='ltr'><strong>lio</strong></span> <span class='ocrx_word' id='word_1_729' title='bbox 1998 2838 2104 2876; x_wconf 91' lang='lat' dir='ltr'><strong>non</strong></span> <span class='ocrx_word' id='word_1_730' title='bbox 2130 2825 2328 2892; x_wconf 88' lang='lat' dir='ltr'><strong>scripta</strong></span> <span class='ocrx_word' id='word_1_731' title='bbox 2365 2836 2510 2880; x_wconf 90' lang='lat' dir='ltr'><strong>sunt.</strong></span> <span class='ocrx_word' id='word_1_732' title='bbox 2541 2827 2598 2883; x_wconf 87' lang='lat' dir='ltr'><strong>E.</strong></span> <span class='ocrx_word' id='word_1_733' title='bbox 2626 2828 2889 2886; x_wconf 73' lang='lat' dir='ltr'><strong>Christus.</strong></span> <span class='ocrx_word' id='word_1_734' title='bbox 2906 2846 3030 2886; x_wconf 90' lang='lat' dir='ltr'><strong>cum</strong></span> <span class='ocrx_word' id='word_1_735' title='bbox 3053 2831 3349 2900; x_wconf 88' lang='lat' dir='ltr'><strong>discipulos</strong></span> <span class='ocrx_word' id='word_1_736' title='bbox 3371 2832 3478 2887; x_wconf 76' lang='lat' dir='ltr'><strong>ha-</strong></span> 
     </span>
    </p>
   </div>
   <div class='ocr_carea' id='block_1_95' title="bbox 1895 2911 3478 2991">
    <p class='ocr_par' dir='ltr' id='par_1_95' title="bbox 1895 2911 3478 2991">
     <span class='ocr_line' id='line_1_96' title="bbox 1895 2911 3478 2991; baseline 0.008 -27"><span class='ocrx_word' id='word_1_737' title='bbox 1895 2911 2068 2977; x_wconf 84' lang='lat' dir='ltr'><strong>beret,</strong></span> <span class='ocrx_word' id='word_1_738' title='bbox 2103 2927 2208 2972; x_wconf 87' lang='lat' dir='ltr'><strong>non</strong></span> <span class='ocrx_word' id='word_1_739' title='bbox 2264 2915 2436 2982; x_wconf 80' lang='lat' dir='ltr'><strong>magis</strong></span> <span class='ocrx_word' id='word_1_740' title='bbox 2489 2916 2569 2970; x_wconf 90' lang='lat' dir='ltr'><strong>eis</strong></span> <span class='ocrx_word' id='word_1_741' title='bbox 2623 2917 2898 2974; x_wconf 87' lang='lat' dir='ltr'><strong>scribendi</strong></span> <span class='ocrx_word' id='word_1_742' title='bbox 2953 2920 3228 2991; x_wconf 83' lang='lat' dir='ltr'><strong>Evangelii</strong></span> <span class='ocrx_word' id='word_1_743' title='bbox 3278 2935 3478 2976; x_wconf 76' lang='lat' dir='ltr'><strong>munus</strong></span> 
     </span>
    </p>
   </div>
   <div class='ocr_carea' id='block_1_96' title="bbox 1893 3004 3479 3080">
    <p class='ocr_par' dir='ltr' id='par_1_96' title="bbox 1893 3004 3479 3080">
     <span class='ocr_line' id='line_1_97' title="bbox 1893 3004 3479 3080; baseline 0.008 -22"><span class='ocrx_word' id='word_1_744' title='bbox 1893 3004 2186 3071; x_wconf 87' lang='lat' dir='ltr'><strong>commisit,</strong></span> <span class='ocrx_word' id='word_1_745' title='bbox 2220 3021 2382 3074; x_wconf 86' lang='lat' dir='ltr'><strong>quam</strong></span> <span class='ocrx_word' id='word_1_746' title='bbox 2419 3007 2486 3061; x_wconf 86' lang='lat' dir='ltr'><strong>iis</strong></span> <span class='ocrx_word' id='word_1_747' title='bbox 2530 3010 2623 3077; x_wconf 85' lang='lat' dir='ltr'><strong>qui</strong></span> <span class='ocrx_word' id='word_1_748' title='bbox 2671 3010 2919 3080; x_wconf 89' lang='lat' dir='ltr'><strong>discipuli</strong></span> <span class='ocrx_word' id='word_1_749' title='bbox 2964 3028 3068 3066; x_wconf 91' lang='lat' dir='ltr'><strong>non</strong></span> <span class='ocrx_word' id='word_1_750' title='bbox 3117 3013 3321 3068; x_wconf 79' lang='lat' dir='ltr'><strong>erant?</strong></span> <span class='ocrx_word' id='word_1_751' title='bbox 3363 3013 3479 3070; x_wconf 87' lang='lat' dir='ltr'><strong>Hoc</strong></span> 
     </span>
    </p>
   </div>
   <div class='ocr_carea' id='block_1_97' title="bbox 1895 3095 3476 3174">
    <p class='ocr_par' dir='ltr' id='par_1_97' title="bbox 1895 3095 3476 3174">
     <span class='ocr_line' id='line_1_98' title="bbox 1895 3095 3476 3174; baseline 0.007 -26"><span class='ocrx_word' id='word_1_752' title='bbox 1895 3095 2024 3150; x_wconf 87' lang='lat' dir='ltr'><strong>mihi</strong></span> <span class='ocrx_word' id='word_1_753' title='bbox 2058 3111 2162 3149; x_wconf 92' lang='lat' dir='ltr'><strong>non</strong></span> <span class='ocrx_word' id='word_1_754' title='bbox 2203 3097 2340 3152; x_wconf 87' lang='lat' dir='ltr'><strong>belle</strong></span> <span class='ocrx_word' id='word_1_755' title='bbox 2381 3115 2440 3153; x_wconf 88' lang='lat' dir='ltr'><strong>se</strong></span> <span class='ocrx_word' id='word_1_756' title='bbox 2476 3099 2678 3155; x_wconf 90' lang='lat' dir='ltr'><strong>habere</strong></span> <span class='ocrx_word' id='word_1_757' title='bbox 2732 3102 2968 3157; x_wconf 89' lang='lat' dir='ltr'><strong>videtur.</strong></span> <span class='ocrx_word' id='word_1_758' title='bbox 3002 3103 3289 3174; x_wconf 89' lang='lat' dir='ltr'><strong>Discipulis</strong></span> <span class='ocrx_word' id='word_1_759' title='bbox 3329 3104 3476 3159; x_wconf 86' lang='lat' dir='ltr'><strong>enim</strong></span> 
     </span>
    </p>
   </div>
   <div class='ocr_carea' id='block_1_98' title="bbox 1893 3188 3480 3262">
    <p class='ocr_par' dir='ltr' id='par_1_98' title="bbox 1893 3188 3480 3262">
     <span class='ocr_line' id='line_1_99' title="bbox 1893 3188 3480 3262; baseline 0.005 -20"><span class='ocrx_word' id='word_1_760' title='bbox 1893 3188 2026 3256; x_wconf 86' lang='lat' dir='ltr'><strong>ipsis</strong></span> <span class='ocrx_word' id='word_1_761' title='bbox 2057 3188 2238 3256; x_wconf 90' lang='lat' dir='ltr'><strong>potius</strong></span> <span class='ocrx_word' id='word_1_762' title='bbox 2265 3203 2404 3243; x_wconf 92' lang='lat' dir='ltr'><strong>onus</strong></span> <span class='ocrx_word' id='word_1_763' title='bbox 2428 3188 2557 3244; x_wconf 90' lang='lat' dir='ltr'><strong>illud</strong></span> <span class='ocrx_word' id='word_1_764' title='bbox 2583 3191 2788 3259; x_wconf 89' lang='lat' dir='ltr'><strong>imponi</strong></span> <span class='ocrx_word' id='word_1_765' title='bbox 2817 3191 3066 3246; x_wconf 86' lang='lat' dir='ltr'><strong>debebat.</strong></span> <span class='ocrx_word' id='word_1_766' title='bbox 3086 3193 3150 3248; x_wconf 89' lang='lat' dir='ltr'><strong>A.</strong></span> <span class='ocrx_word' id='word_1_767' title='bbox 3170 3192 3232 3246; x_wconf 82' lang='lat' dir='ltr'><strong>lli</strong></span> <span class='ocrx_word' id='word_1_768' title='bbox 3261 3207 3480 3262; x_wconf 86' lang='lat' dir='ltr'><strong>quoque</strong></span> 
     </span>
    </p>
   </div>
   <div class='ocr_carea' id='block_1_99' title="bbox 1895 3280 3480 3358">
    <p class='ocr_par' dir='ltr' id='par_1_99' title="bbox 1895 3280 3480 3358">
     <span class='ocr_line' id='line_1_100' title="bbox 1895 3280 3480 3358; baseline 0.005 -24"><span class='ocrx_word' id='word_1_769' title='bbox 1895 3292 2024 3337; x_wconf 88' lang='lat' dir='ltr'><strong>sunt</strong></span> <span class='ocrx_word' id='word_1_770' title='bbox 2071 3280 2275 3336; x_wconf 80' lang='lat' dir='ltr'><strong>Christi</strong></span> <span class='ocrx_word' id='word_1_771' title='bbox 2337 3282 2612 3353; x_wconf 88' lang='lat' dir='ltr'><strong>discipuli.</strong></span> <span class='ocrx_word' id='word_1_772' title='bbox 2648 3283 2718 3338; x_wconf 84' lang='grc' dir='ltr'><strong>Μ.</strong></span> <span class='ocrx_word' id='word_1_773' title='bbox 2763 3283 2871 3340; x_wconf 87' lang='lat' dir='ltr'><strong>Fac</strong></span> <span class='ocrx_word' id='word_1_774' title='bbox 2922 3286 3182 3341; x_wconf 88' lang='lat' dir='ltr'><strong>recitetur</strong></span> <span class='ocrx_word' id='word_1_775' title='bbox 3230 3285 3480 3358; x_wconf 41' lang='lat' dir='ltr'><strong>Evange;</strong></span> 
     </span>
    </p>
   </div>
   <div class='ocr_carea' id='block_1_100' title="bbox 1895 3377 3478 3450">
    <p class='ocr_par' dir='ltr' id='par_1_100' title="bbox 1895 3377 3478 3450">
     <span class='ocr_line' id='line_1_101' title="bbox 1895 3377 3478 3450; baseline 0.002 -19"><span class='ocrx_word' id='word_1_776' title='bbox 1895 3377 2029 3431; x_wconf 91' lang='lat' dir='ltr'><strong>lium</strong></span> <span class='ocrx_word' id='word_1_777' title='bbox 2057 3395 2072 3431; x_wconf 90' lang='lat'><strong>:</strong></span> <span class='ocrx_word' id='word_1_778' title='bbox 2100 3387 2322 3448; x_wconf 90' lang='lat' dir='ltr'><strong>tumque</strong></span> <span class='ocrx_word' id='word_1_779' title='bbox 2351 3378 2595 3433; x_wconf 86' lang='lat' dir='ltr'><strong>invenies</strong></span> <span class='ocrx_word' id='word_1_780' title='bbox 2613 3381 2724 3433; x_wconf 81' lang='lat' dir='ltr'><strong>haec</strong></span> <span class='ocrx_word' id='word_1_781' title='bbox 2747 3381 2948 3450; x_wconf 85' lang='lat' dir='ltr'><strong>scripta</strong></span> <span class='ocrx_word' id='word_1_782' title='bbox 2968 3397 3073 3436; x_wconf 91' lang='lat' dir='ltr'><strong>non</strong></span> <span class='ocrx_word' id='word_1_783' title='bbox 3092 3395 3212 3437; x_wconf 90' lang='lat' dir='ltr'><strong>esse</strong></span> <span class='ocrx_word' id='word_1_784' title='bbox 3231 3381 3478 3442; x_wconf 87' lang='lat' dir='ltr'><strong>nomina.</strong></span> 
     </span>
    </p>
   </div>
   <div class='ocr_carea' id='block_1_101' title="bbox 1893 3469 3480 3542">
    <p class='ocr_par' dir='ltr' id='par_1_101' title="bbox 1893 3469 3480 3542">
     <span class='ocr_line' id='line_1_102' title="bbox 1893 3469 3480 3542; baseline 0.003 -18"><span class='ocrx_word' id='word_1_785' title='bbox 1893 3470 1953 3524; x_wconf 83' lang='grc' dir='ltr'><strong>Ε.</strong></span> <span class='ocrx_word' id='word_1_786' title='bbox 1993 3469 2290 3529; x_wconf 79' lang='lat' dir='ltr'><strong>Recitctur.</strong></span> <span class='ocrx_word' id='word_1_787' title='bbox 2323 3471 2388 3525; x_wconf 80' lang='grc' dir='ltr'>Α.</span> <span class='ocrx_word' id='word_1_788' title='bbox 2425 3471 2713 3526; x_wconf 85' lang='lat' dir='ltr'><strong>Duodecim</strong></span> <span class='ocrx_word' id='word_1_789' title='bbox 2746 3473 3111 3542; x_wconf 85' lang='lat' dir='ltr'><strong>apostolorum</strong></span> <span class='ocrx_word' id='word_1_790' title='bbox 3141 3475 3360 3528; x_wconf 89' lang='lat' dir='ltr'><strong>nomina</strong></span> <span class='ocrx_word' id='word_1_791' title='bbox 3391 3488 3480 3528; x_wconf 80' lang='lat' dir='ltr'><strong>re-</strong></span> 
     </span>
    </p>
   </div>
   <div class='ocr_carea' id='block_1_102' title="bbox 1892 3553 3475 3635">
    <p class='ocr_par' dir='ltr' id='par_1_102' title="bbox 1892 3553 3475 3635">
     <span class='ocr_line' id='line_1_103' title="bbox 1892 3553 3475 3635; baseline 0.003 -18"><span class='ocrx_word' id='word_1_792' title='bbox 1892 3563 2056 3617; x_wconf 87' lang='lat' dir='ltr'><strong>citata</strong></span> <span class='ocrx_word' id='word_1_793' title='bbox 2081 3553 2227 3627; x_wconf 87' lang='lat' dir='ltr'><strong>sunt,</strong></span> <span class='ocrx_word' id='word_1_794' title='bbox 2266 3580 2370 3618; x_wconf 90' lang='lat' dir='ltr'><strong>non</strong></span> <span class='ocrx_word' id='word_1_795' title='bbox 2399 3565 2562 3619; x_wconf 88' lang='lat' dir='ltr'><strong>etiam</strong></span> <span class='ocrx_word' id='word_1_796' title='bbox 2596 3566 2940 3635; x_wconf 85' lang='lat' dir='ltr'><strong>septuaginta</strong></span> <span class='ocrx_word' id='word_1_797' title='bbox 2962 3567 3212 3623; x_wconf 87' lang='lat' dir='ltr'><strong>duorum.</strong></span> <span class='ocrx_word' id='word_1_798' title='bbox 3244 3568 3306 3622; x_wconf 87' lang='lat' dir='ltr'><strong>E.</strong></span> <span class='ocrx_word' id='word_1_799' title='bbox 3332 3567 3475 3634; x_wconf 85' lang='lat' dir='ltr'><strong>Quot</strong></span> 
     </span>
    </p>
   </div>
   <div class='ocr_carea' id='block_1_103' title="bbox 1893 3655 3477 3726">
    <p class='ocr_par' dir='ltr' id='par_1_103' title="bbox 1893 3655 3477 3726">
     <span class='ocr_line' id='line_1_104' title="bbox 1893 3655 3477 3726; baseline 0.006 -22"><span class='ocrx_word' id='word_1_800' title='bbox 1893 3655 2143 3710; x_wconf 75' lang='lat' dir='ltr'><strong>Christus</strong></span> <span class='ocrx_word' id='word_1_801' title='bbox 2175 3655 2367 3710; x_wconf 86' lang='lat' dir='ltr'><strong>habuit</strong></span> <span class='ocrx_word' id='word_1_802' title='bbox 2397 3656 2713 3726; x_wconf 88' lang='lat' dir='ltr'><strong>apostolos?</strong></span> <span class='ocrx_word' id='word_1_803' title='bbox 2749 3659 2813 3710; x_wconf 83' lang='lat' dir='ltr'><strong>A.</strong></span> <span class='ocrx_word' id='word_1_804' title='bbox 2846 3655 3061 3712; x_wconf 86' lang='lat' dir='ltr'><strong>Primos</strong></span> <span class='ocrx_word' id='word_1_805' title='bbox 3096 3658 3244 3714; x_wconf 89' lang='lat' dir='ltr'><strong>misit</strong></span> <span class='ocrx_word' id='word_1_806' title='bbox 3271 3656 3477 3714; x_wconf 70' lang='lat' dir='ltr'><strong>duode-</strong></span> 
     </span>
    </p>
   </div>
   <div class='ocr_carea' id='block_1_104' title="bbox 1894 3748 3476 3819">
    <p class='ocr_par' dir='ltr' id='par_1_104' title="bbox 1894 3748 3476 3819">
     <span class='ocr_line' id='line_1_105' title="bbox 1894 3748 3476 3819; baseline 0.003 -18"><span class='ocrx_word' id='word_1_807' title='bbox 1894 3749 2024 3812; x_wconf 88' lang='lat' dir='ltr'><strong>cim,</strong></span> <span class='ocrx_word' id='word_1_808' title='bbox 2057 3748 2251 3801; x_wconf 87' lang='lat' dir='ltr'><strong>deinde</strong></span> <span class='ocrx_word' id='word_1_809' title='bbox 2277 3749 2623 3816; x_wconf 85' lang='lat' dir='ltr'><strong>septuaginta</strong></span> <span class='ocrx_word' id='word_1_810' title='bbox 2659 3749 2817 3814; x_wconf 90' lang='lat' dir='ltr'><strong>duos,</strong></span> <span class='ocrx_word' id='word_1_811' title='bbox 2847 3748 2936 3816; x_wconf 90' lang='lat' dir='ltr'><strong>qui</strong></span> <span class='ocrx_word' id='word_1_812' title='bbox 2969 3750 3320 3819; x_wconf 83' lang='lat' dir='ltr'><strong>Evangelium</strong></span> <span class='ocrx_word' id='word_1_813' title='bbox 3348 3767 3476 3804; x_wconf 90' lang='lat' dir='ltr'><strong>nun-</strong></span> 
     </span>
    </p>
   </div>
   <div class='ocr_carea' id='block_1_105' title="bbox 1897 3837 3471 3910">
    <p class='ocr_par' dir='ltr' id='par_1_105' title="bbox 1897 3837 3471 3910">
     <span class='ocr_line' id='line_1_106' title="bbox 1897 3837 3471 3910; baseline 0.003 -19"><span class='ocrx_word' id='word_1_814' title='bbox 1897 3840 2120 3891; x_wconf 86' lang='lat' dir='ltr'><strong>tiarent.</strong></span> <span class='ocrx_word' id='word_1_815' title='bbox 2155 3837 2372 3894; x_wconf 82' lang='lat' dir='ltr'><strong>Marcus</strong></span> <span class='ocrx_word' id='word_1_816' title='bbox 2398 3855 2528 3908; x_wconf 84' lang='lat' dir='ltr'><strong>ergo</strong></span> <span class='ocrx_word' id='word_1_817' title='bbox 2577 3849 2629 3892; x_wconf 90' lang='lat' dir='ltr'><strong>et</strong></span> <span class='ocrx_word' id='word_1_818' title='bbox 2664 3838 2835 3894; x_wconf 80' lang='lat' dir='ltr'><strong>Lucas</strong></span> <span class='ocrx_word' id='word_1_819' title='bbox 2871 3857 2992 3894; x_wconf 85' lang='lat' dir='ltr'><strong>cunt</strong></span> <span class='ocrx_word' id='word_1_820' title='bbox 3019 3855 3083 3894; x_wconf 81' lang='lat' dir='ltr'><strong>ex</strong></span> <span class='ocrx_word' id='word_1_821' title='bbox 3132 3843 3471 3910; x_wconf 82' lang='lat' dir='ltr'><strong>septuaginta</strong></span> 
     </span>
    </p>
   </div>
   <div class='ocr_carea' id='block_1_106' title="bbox 1896 3935 3474 4005">
    <p class='ocr_par' dir='ltr' id='par_1_106' title="bbox 1896 3935 3474 4005">
     <span class='ocr_line' id='line_1_107' title="bbox 1896 3935 3474 4005; baseline 0.002 -16"><span class='ocrx_word' id='word_1_822' title='bbox 1896 3936 2107 3989; x_wconf 87' lang='lat' dir='ltr'><strong>duobus</strong></span> <span class='ocrx_word' id='word_1_823' title='bbox 2128 3947 2332 3999; x_wconf 89' lang='lat' dir='ltr'><strong>essent,</strong></span> <span class='ocrx_word' id='word_1_824' title='bbox 2365 3935 2532 3988; x_wconf 88' lang='lat' dir='ltr'><strong>Paulo</strong></span> <span class='ocrx_word' id='word_1_825' title='bbox 2564 3935 2805 4004; x_wconf 88' lang='lat' dir='ltr'><strong>apostolo</strong></span> <span class='ocrx_word' id='word_1_826' title='bbox 2831 3935 3186 4004; x_wconf 81' lang='lat' dir='ltr'><strong>Evangelium</strong></span> <span class='ocrx_word' id='word_1_827' title='bbox 3209 3953 3474 4005; x_wconf 81' lang='lat' dir='ltr'><strong>exposue-</strong></span> 
     </span>
    </p>
   </div>
   <div class='ocr_carea' id='block_1_107' title="bbox 1889 4079 3472 4150">
    <p class='ocr_par' dir='ltr' id='par_1_107' title="bbox 1889 4079 3472 4150">
     <span class='ocr_line' id='line_1_108' title="bbox 1889 4079 3472 4150; baseline 0.002 -17"><span class='ocrx_word' id='word_1_828' title='bbox 1889 4080 2045 4142; x_wconf 82' lang='lat' dir='ltr'><strong>cler.,</strong></span> <span class='ocrx_word' id='word_1_829' title='bbox 2079 4080 2203 4150; x_wconf 80' lang='lat' dir='ltr'><strong>lih._</strong></span> <span class='ocrx_word' id='word_1_830' title='bbox 2229 4095 2290 4144; x_wconf 87' lang='grc' dir='ltr'><strong>ιι,</strong></span> <span class='ocrx_word' id='word_1_831' title='bbox 2318 4094 2368 4132; x_wconf 91' lang='lat' dir='ltr'><strong>c.</strong></span> <span class='ocrx_word' id='word_1_832' title='bbox 2427 4080 2528 4144; x_wconf 78' lang='lat'><strong>55;</strong></span> <span class='ocrx_word' id='word_1_833' title='bbox 2582 4079 2894 4150; x_wconf 86' lang='lat' dir='ltr'><strong>Eucherius</strong></span> <span class='ocrx_word' id='word_1_834' title='bbox 2941 4080 3018 4133; x_wconf 87' lang='lat' dir='ltr'><strong>De</strong></span> <span class='ocrx_word' id='word_1_835' title='bbox 3057 4082 3216 4149; x_wconf 74' lang='lat' dir='ltr'><strong>form.</strong></span> <span class='ocrx_word' id='word_1_836' title='bbox 3256 4083 3472 4150; x_wconf 78' lang='lat' dir='ltr'><strong>Spirit.,</strong></span> 
     </span>
    </p>
   </div>
   <div class='ocr_carea' id='block_1_108' title="bbox 1889 4148 3469 4221">
    <p class='ocr_par' dir='ltr' id='par_1_108' title="bbox 1889 4148 3469 4221">
     <span class='ocr_line' id='line_1_109' title="bbox 1889 4148 3469 4221; baseline 0.001 -17"><span class='ocrx_word' id='word_1_837' title='bbox 1889 4148 2403 4221; x_wconf 13' lang='lat' dir='ltr'><strong>cap.rll_;_Gregor.</strong></span> <span class='ocrx_word' id='word_1_838' title='bbox 2454 4149 2895 4221; x_wconf 80' lang='lat' dir='ltr'><strong>Abulpliarajus,</strong></span> <span class='ocrx_word' id='word_1_839' title='bbox 2958 4148 3102 4204; x_wconf 79' lang='lat' dir='ltr'><strong>Hist.</strong></span> <span class='ocrx_word' id='word_1_840' title='bbox 3163 4148 3385 4221; x_wconf 70' lang='lat' dir='ltr'><strong>Dynoat.</strong></span> <span class='ocrx_word' id='word_1_841' title='bbox 3414 4148 3469 4217; x_wconf 82' lang='lat'><strong>7,</strong></span> 
     </span>
    </p>
   </div>
   <div class='ocr_carea' id='block_1_109' title="bbox 1888 4217 3470 4289">
    <p class='ocr_par' dir='ltr' id='par_1_109' title="bbox 1888 4217 3470 4289">
     <span class='ocr_line' id='line_1_110' title="bbox 1888 4217 3470 4289; baseline 0.003 -13"><span class='ocrx_word' id='word_1_842' title='bbox 1888 4217 2070 4289; x_wconf 17' lang='lat' dir='ltr'><strong>p.772.</strong></span> <span class='ocrx_word' id='word_1_843' title='bbox 2115 4217 2270 4274; x_wconf 89' lang='lat' dir='ltr'><strong>Unde</strong></span> <span class='ocrx_word' id='word_1_844' title='bbox 2329 4219 2638 4289; x_wconf 73' lang='lat' dir='ltr'><strong>hauserint,</strong></span> <span class='ocrx_word' id='word_1_845' title='bbox 2694 4219 3082 4288; x_wconf 85' lang='lat' dir='ltr'><strong>inquirendum</strong></span> <span class='ocrx_word' id='word_1_846' title='bbox 3121 4217 3228 4276; x_wconf 60' lang='lat' dir='ltr'><strong>est:</strong></span> <span class='ocrx_word' id='word_1_847' title='bbox 3291 4221 3470 4281; x_wconf 83' lang='lat' dir='ltr'><strong>Graeci</strong></span> 
     </span>
    </p>
   </div>
   <div class='ocr_carea' id='block_1_110' title="bbox 1884 4287 3466 4359">
    <p class='ocr_par' dir='ltr' id='par_1_110' title="bbox 1884 4287 3466 4359">
     <span class='ocr_line' id='line_1_111' title="bbox 1884 4287 3466 4359; baseline 0.002 -16"><span class='ocrx_word' id='word_1_848' title='bbox 1884 4287 2104 4344; x_wconf 82' lang='lat' dir='ltr'><strong>codices</strong></span> <span class='ocrx_word' id='word_1_849' title='bbox 2123 4300 2330 4343; x_wconf 87' lang='lat' dir='ltr'><strong>tantum</strong></span> <span class='ocrx_word' id='word_1_850' title='bbox 2354 4287 2742 4358; x_wconf 77' lang='grc' dir='ltr'>ἐϐδομήκοντα,</span> <span class='ocrx_word' id='word_1_851' title='bbox 2766 4287 3124 4359; x_wconf 77' lang='lat' dir='ltr'><strong>septuaginta,</strong></span> <span class='ocrx_word' id='word_1_852' title='bbox 3150 4304 3466 4348; x_wconf 82' lang='lat' dir='ltr'><strong>numerant.</strong></span> 
     </span>
    </p>
   </div>
   <div class='ocr_carea' id='block_1_111' title="bbox 1891 4359 3470 4428">
    <p class='ocr_par' dir='ltr' id='par_1_111' title="bbox 1891 4359 3470 4428">
     <span class='ocr_line' id='line_1_112' title="bbox 1891 4359 3470 4428; baseline 0.002 -17"><span class='ocrx_word' id='word_1_853' title='bbox 1891 4359 2034 4412; x_wconf 87' lang='lat' dir='ltr'><strong>Idem</strong></span> <span class='ocrx_word' id='word_1_854' title='bbox 2066 4362 2358 4412; x_wconf 82' lang='lat' dir='ltr'><strong>observant</strong></span> <span class='ocrx_word' id='word_1_855' title='bbox 2395 4359 2563 4428; x_wconf 82' lang='lat' dir='ltr'><strong>Syrus</strong></span> <span class='ocrx_word' id='word_1_856' title='bbox 2597 4360 2884 4426; x_wconf 85' lang='lat' dir='ltr'><strong>interpres,</strong></span> <span class='ocrx_word' id='word_1_857' title='bbox 2918 4370 2971 4413; x_wconf 92' lang='lat' dir='ltr'><strong>et</strong></span> <span class='ocrx_word' id='word_1_858' title='bbox 3009 4362 3183 4414; x_wconf 87' lang='lat' dir='ltr'><strong>Arabs</strong></span> <span class='ocrx_word' id='word_1_859' title='bbox 3210 4377 3224 4425; x_wconf 90' lang='lat'>;</span> <span class='ocrx_word' id='word_1_860' title='bbox 3249 4361 3470 4415; x_wconf 83' lang='lat' dir='ltr'><strong>Tertul-</strong></span> 
     </span>
    </p>
   </div>
   <div class='ocr_carea' id='block_1_112' title="bbox 1891 4427 3471 4501">
    <p class='ocr_par' dir='ltr' id='par_1_112' title="bbox 1891 4427 3471 4501">
     <span class='ocr_line' id='line_1_113' title="bbox 1891 4427 3471 4501; baseline 0.004 -19"><span class='ocrx_word' id='word_1_861' title='bbox 1891 4431 2065 4501; x_wconf 81' lang='lat' dir='ltr'><strong>lianns</strong></span> <span class='ocrx_word' id='word_1_862' title='bbox 2093 4429 2185 4482; x_wconf 88' lang='lat' dir='ltr'><strong>lib.</strong></span> <span class='ocrx_word' id='word_1_863' title='bbox 2224 4445 2275 4482; x_wconf 85' lang='lat' dir='ltr'><strong>Iv</strong></span> <span class='ocrx_word' id='word_1_864' title='bbox 2312 4427 2447 4481; x_wconf 62' lang='lat' dir='ltr'><strong>adv.</strong></span> <span class='ocrx_word' id='word_1_865' title='bbox 2471 4427 2832 4501; x_wconf 73' lang='lat' dir='ltr'><strong>Marcioucm,</strong></span> <span class='ocrx_word' id='word_1_866' title='bbox 2866 4446 2986 4499; x_wconf 87' lang='lat' dir='ltr'><strong>cap.</strong></span> <span class='ocrx_word' id='word_1_867' title='bbox 3021 4429 3090 4483; x_wconf 74' lang='grc'><strong>24</strong></span> <span class='ocrx_word' id='word_1_868' title='bbox 3121 4449 3154 4501; x_wconf 14' lang='grc' dir='ltr'><strong>εί</strong></span> <span class='ocrx_word' id='word_1_869' title='bbox 3201 4450 3220 4483; x_wconf 75' lang='grc' dir='ltr'><strong>ι</strong></span> <span class='ocrx_word' id='word_1_870' title='bbox 3257 4431 3471 4501; x_wconf 81' lang='lat' dir='ltr'><strong>Adlegit</strong></span> 
     </span>
    </p>
   </div>
   <div class='ocr_carea' id='block_1_113' title="bbox 1891 4499 3470 4568">
    <p class='ocr_par' dir='ltr' id='par_1_113' title="bbox 1891 4499 3470 4568">
     <span class='ocr_line' id='line_1_114' title="bbox 1891 4499 3470 4568; baseline 0.001 -15"><span class='ocrx_word' id='word_1_871' title='bbox 1891 4511 1946 4556; x_wconf 91' lang='lat' dir='ltr'><strong>et</strong></span> <span class='ocrx_word' id='word_1_872' title='bbox 1977 4500 2110 4553; x_wconf 88' lang='lat' dir='ltr'><strong>alios</strong></span> <span class='ocrx_word' id='word_1_873' title='bbox 2149 4500 2491 4568; x_wconf 80' lang='lat' dir='ltr'><strong>septuaginta</strong></span> <span class='ocrx_word' id='word_1_874' title='bbox 2522 4499 2796 4566; x_wconf 81' lang='lat' dir='ltr'><strong>apostolos</strong></span> <span class='ocrx_word' id='word_1_875' title='bbox 2823 4516 2986 4568; x_wconf 89' lang='lat' dir='ltr'><strong>super</strong></span> <span class='ocrx_word' id='word_1_876' title='bbox 3017 4500 3323 4555; x_wconf 90' lang='lat' dir='ltr'><strong>duodecim.</strong></span> <span class='ocrx_word' id='word_1_877' title='bbox 3351 4499 3470 4567; x_wconf 77' lang='lat' dir='ltr'><strong>Quo</strong></span> 
     </span>
    </p>
   </div>
   <div class='ocr_carea' id='block_1_114' title="bbox 1891 4569 3466 4637">
    <p class='ocr_par' dir='ltr' id='par_1_114' title="bbox 1891 4569 3466 4637">
     <span class='ocr_line' id='line_1_115' title="bbox 1891 4569 3466 4637; baseline 0 -13"><span class='ocrx_word' id='word_1_878' title='bbox 1891 4571 2035 4624; x_wconf 91' lang='lat' dir='ltr'><strong>enim</strong></span> <span class='ocrx_word' id='word_1_879' title='bbox 2063 4569 2388 4624; x_wconf 87' lang='lat' dir='ltr'><strong>duodecim?</strong></span> <span class='ocrx_word' id='word_1_880' title='bbox 2423 4570 2717 4622; x_wconf 89' lang='lat' dir='ltr'><strong>secundum</strong></span> <span class='ocrx_word' id='word_1_881' title='bbox 2747 4571 2970 4624; x_wconf 89' lang='lat' dir='ltr'><strong>totidem</strong></span> <span class='ocrx_word' id='word_1_882' title='bbox 3003 4569 3178 4624; x_wconf 81' lang='lat' dir='ltr'><strong>fontes</strong></span> <span class='ocrx_word' id='word_1_883' title='bbox 3218 4572 3270 4624; x_wconf 86' lang='lat' dir='ltr'><strong>iit</strong></span> <span class='ocrx_word' id='word_1_884' title='bbox 3308 4571 3466 4637; x_wconf 87' lang='lat' dir='ltr'><strong>Elim,</strong></span> 
     </span>
    </p>
   </div>
   <div class='ocr_carea' id='block_1_115' title="bbox 1889 4641 3470 4710">
    <p class='ocr_par' dir='ltr' id='par_1_115' title="bbox 1889 4641 3470 4710">
     <span class='ocr_line' id='line_1_116' title="bbox 1889 4641 3470 4710; baseline -0.001 -15"><span class='ocrx_word' id='word_1_885' title='bbox 1889 4641 1936 4695; x_wconf 88' lang='lat' dir='ltr'><strong>si</strong></span> <span class='ocrx_word' id='word_1_886' title='bbox 1967 4656 2070 4694; x_wconf 93' lang='lat' dir='ltr'><strong>non</strong></span> <span class='ocrx_word' id='word_1_887' title='bbox 2096 4655 2148 4694; x_wconf 86' lang='lat' dir='ltr'><strong>et</strong></span> <span class='ocrx_word' id='word_1_888' title='bbox 2176 4641 2518 4708; x_wconf 79' lang='lat' dir='ltr'><strong>septuaginta</strong></span> <span class='ocrx_word' id='word_1_889' title='bbox 2538 4643 2830 4710; x_wconf 82' lang='lat' dir='ltr'><strong>secundum</strong></span> <span class='ocrx_word' id='word_1_890' title='bbox 2858 4641 3078 4695; x_wconf 88' lang='lat' dir='ltr'><strong>totidem</strong></span> <span class='ocrx_word' id='word_1_891' title='bbox 3110 4643 3328 4695; x_wconf 81' lang='lat' dir='ltr'><strong>arbusta</strong></span> <span class='ocrx_word' id='word_1_892' title='bbox 3353 4643 3470 4710; x_wconf 80' lang='lat' dir='ltr'><strong>pal-</strong></span> 
     </span>
    </p>
   </div>
   <div class='ocr_carea' id='block_1_116' title="bbox 1893 4709 3470 4780">
    <p class='ocr_par' dir='ltr' id='par_1_116' title="bbox 1893 4709 3470 4780">
     <span class='ocr_line' id='line_1_117' title="bbox 1893 4709 3470 4780; baseline -0.001 -16"><span class='ocrx_word' id='word_1_893' title='bbox 1893 4711 2146 4764; x_wconf 87' lang='lat' dir='ltr'><strong>tuarum?</strong></span> <span class='ocrx_word' id='word_1_894' title='bbox 2179 4711 2465 4764; x_wconf 85' lang='lat' dir='ltr'><strong>Dositlieus</strong></span> <span class='ocrx_word' id='word_1_895' title='bbox 2493 4711 2543 4762; x_wconf 92' lang='lat' dir='ltr'><strong>in</strong></span> <span class='ocrx_word' id='word_1_896' title='bbox 2579 4709 2826 4780; x_wconf 75' lang='lat' dir='ltr'><strong>Synopsi,</strong></span> <span class='ocrx_word' id='word_1_897' title='bbox 2855 4712 3104 4764; x_wconf 76' lang='lat' dir='ltr'><strong>(lleniens</strong></span> <span class='ocrx_word' id='word_1_898' title='bbox 3151 4711 3242 4765; x_wconf 90' lang='lat' dir='ltr'><strong>lib.</strong></span> <span class='ocrx_word' id='word_1_899' title='bbox 3282 4727 3312 4763; x_wconf 91' lang='lat' dir='ltr'><strong>v</strong></span> <span class='ocrx_word' id='word_1_900' title='bbox 3355 4709 3470 4780; x_wconf 81' lang='lat' dir='ltr'><strong>Hy-</strong></span> 
     </span>
    </p>
   </div>
   <div class='ocr_carea' id='block_1_117' title="bbox 1893 4779 3466 4850">
    <p class='ocr_par' dir='ltr' id='par_1_117' title="bbox 1893 4779 3466 4850">
     <span class='ocr_line' id='line_1_118' title="bbox 1893 4779 3466 4850; baseline 0.001 -17"><span class='ocrx_word' id='word_1_901' title='bbox 1893 4781 2530 4850; x_wconf 67' lang='lat' dir='ltr'><strong>polyposeon;Atnbros.</strong></span> <span class='ocrx_word' id='word_1_902' title='bbox 2577 4779 2672 4833; x_wconf 90' lang='lat' dir='ltr'><strong>lib.</strong></span> <span class='ocrx_word' id='word_1_903' title='bbox 2728 4797 2800 4833; x_wconf 79' lang='lat' dir='ltr'><strong>vn</strong></span> <span class='ocrx_word' id='word_1_904' title='bbox 2861 4781 3151 4835; x_wconf 79' lang='lat' dir='ltr'><strong>Comment.</strong></span> <span class='ocrx_word' id='word_1_905' title='bbox 3209 4783 3264 4835; x_wconf 82' lang='lat' dir='ltr'><strong>in</strong></span> <span class='ocrx_word' id='word_1_906' title='bbox 3307 4779 3466 4846; x_wconf 43' lang='lat' dir='ltr'><strong>Lael,</strong></span> 
     </span>
    </p>
   </div>
   <div class='ocr_carea' id='block_1_118' title="bbox 1889 4851 3466 4920">
    <p class='ocr_par' dir='ltr' id='par_1_118' title="bbox 1889 4851 3466 4920">
     <span class='ocr_line' id='line_1_119' title="bbox 1889 4851 3466 4920; baseline 0 -15"><span class='ocrx_word' id='word_1_907' title='bbox 1889 4868 2008 4920; x_wconf 90' lang='lat' dir='ltr'><strong>cap.</strong></span> <span class='ocrx_word' id='word_1_908' title='bbox 2039 4869 2092 4905; x_wconf 86' lang='lat' dir='ltr'><strong>x.</strong></span> <span class='ocrx_word' id='word_1_909' title='bbox 2123 4851 2286 4906; x_wconf 86' lang='lat' dir='ltr'><strong>Forte</strong></span> <span class='ocrx_word' id='word_1_910' title='bbox 2340 4851 2393 4904; x_wconf 90' lang='lat' dir='ltr'><strong>in</strong></span> <span class='ocrx_word' id='word_1_911' title='bbox 2445 4851 2719 4904; x_wconf 86' lang='lat' dir='ltr'><strong>nonnullis</strong></span> <span class='ocrx_word' id='word_1_912' title='bbox 2747 4852 3022 4906; x_wconf 89' lang='lat' dir='ltr'><strong>codicibus</strong></span> <span class='ocrx_word' id='word_1_913' title='bbox 3064 4856 3316 4920; x_wconf 83' lang='lat' dir='ltr'><strong>(quorum</strong></span> <span class='ocrx_word' id='word_1_914' title='bbox 3365 4851 3466 4905; x_wconf 91' lang='lat' dir='ltr'><strong>ali-</strong></span> 
     </span>
    </p>
   </div>
   <div class='ocr_carea' id='block_1_119' title="bbox 1888 4920 3465 4989">
    <p class='ocr_par' dir='ltr' id='par_1_119' title="bbox 1888 4920 3465 4989">
     <span class='ocr_line' id='line_1_120' title="bbox 1888 4920 3465 4989; baseline 0.001 -15"><span class='ocrx_word' id='word_1_915' title='bbox 1888 4933 2022 4989; x_wconf 88' lang='lat' dir='ltr'><strong>quot</strong></span> <span class='ocrx_word' id='word_1_916' title='bbox 2055 4922 2358 4977; x_wconf 86' lang='lat' dir='ltr'><strong>observavit</strong></span> <span class='ocrx_word' id='word_1_917' title='bbox 2395 4920 2625 4976; x_wconf 88' lang='lat' dir='ltr'><strong>Brianus</strong></span> <span class='ocrx_word' id='word_1_918' title='bbox 2668 4921 2974 4987; x_wconf 83' lang='lat' dir='ltr'><strong>Waltonus,</strong></span> <span class='ocrx_word' id='word_1_919' title='bbox 3011 4923 3063 4975; x_wconf 86' lang='lat' dir='ltr'><strong>iit</strong></span> <span class='ocrx_word' id='word_1_920' title='bbox 3097 4922 3465 4985; x_wconf 60' lang='lat' dir='ltr'><strong>gvariantibus</strong></span> 
     </span>
    </p>
   </div>
   <div class='ocr_carea' id='block_1_120' title="bbox 1888 4990 3463 5047">
    <p class='ocr_par' dir='ltr' id='par_1_120' title="bbox 1888 4990 3463 5047">
     <span class='ocr_line' id='line_1_121' title="bbox 1888 4990 3463 5047; baseline 0.001 -2"><span class='ocrx_word' id='word_1_921' title='bbox 1888 4992 2215 5047; x_wconf 70' lang='lat' dir='ltr'><strong>lectionibus</strong></span> <span class='ocrx_word' id='word_1_922' title='bbox 2239 4991 2444 5047; x_wconf 83' lang='lat' dir='ltr'><strong>Graecis</strong></span> <span class='ocrx_word' id='word_1_923' title='bbox 2470 4990 2600 5044; x_wconf 84' lang='lat' dir='ltr'><strong>Novi</strong></span> <span class='ocrx_word' id='word_1_924' title='bbox 2645 4991 2973 5046; x_wconf 85' lang='lat' dir='ltr'><strong>Testamenti</strong></span> <span class='ocrx_word' id='word_1_925' title='bbox 3021 5001 3150 5045; x_wconf 87' lang='lat' dir='ltr'><strong>tom.</strong></span> <span class='ocrx_word' id='word_1_926' title='bbox 3207 4993 3272 5046; x_wconf 86' lang='lat' dir='ltr'><strong>VI</strong></span> <span class='ocrx_word' id='word_1_927' title='bbox 3321 4990 3463 5046; x_wconf 86' lang='lat' dir='ltr'><strong>Bibl.</strong></span> 
     </span>
    </p>
   </div>
   <div class='ocr_carea' id='block_1_121' title="bbox 1890 5060 3466 5132">
    <p class='ocr_par' dir='ltr' id='par_1_121' title="bbox 1890 5060 3466 5132">
     <span class='ocr_line' id='line_1_122' title="bbox 1890 5060 3466 5132; baseline 0.001 -18"><span class='ocrx_word' id='word_1_928' title='bbox 1890 5061 2180 5132; x_wconf 79' lang='lat' dir='ltr'><strong>l’olyglott.</strong></span> <span class='ocrx_word' id='word_1_929' title='bbox 2211 5061 2454 5132; x_wconf 81' lang='lat' dir='ltr'><strong>insertis)</strong></span> <span class='ocrx_word' id='word_1_930' title='bbox 2495 5079 2524 5116; x_wconf 87' lang='lat' dir='ltr'><strong>e</strong></span> <span class='ocrx_word' id='word_1_931' title='bbox 2550 5064 2798 5130; x_wconf 83' lang='lat' dir='ltr'><strong>sequenti</strong></span> <span class='ocrx_word' id='word_1_932' title='bbox 2835 5062 2975 5115; x_wconf 88' lang='lat' dir='ltr'><strong>linea</strong></span> <span class='ocrx_word' id='word_1_933' title='bbox 3006 5062 3328 5116; x_wconf 86' lang='lat' dir='ltr'><strong>vocabulum</strong></span> <span class='ocrx_word' id='word_1_934' title='bbox 3370 5060 3466 5116; x_wconf 80' lang='grc' dir='ltr'>δύο</span> 
     </span>
    </p>
   </div>
   <div class='ocr_carea' id='block_1_122' title="bbox 1891 5133 3466 5201">
    <p class='ocr_par' dir='ltr' id='par_1_122' title="bbox 1891 5133 3466 5201">
     <span class='ocr_line' id='line_1_123' title="bbox 1891 5133 3466 5201; baseline 0.003 -18"><span class='ocrx_word' id='word_1_935' title='bbox 1891 5135 1991 5186; x_wconf 81' lang='grc' dir='ltr'>1ἰιὶι</span> <span class='ocrx_word' id='word_1_936' title='bbox 2024 5134 2343 5187; x_wconf 89' lang='lat' dir='ltr'><strong>translatum</strong></span> <span class='ocrx_word' id='word_1_937' title='bbox 2372 5133 2424 5185; x_wconf 91' lang='lat' dir='ltr'><strong>in</strong></span> <span class='ocrx_word' id='word_1_938' title='bbox 2455 5134 2792 5201; x_wconf 83' lang='lat' dir='ltr'><strong>superiorem</strong></span> <span class='ocrx_word' id='word_1_939' title='bbox 2822 5148 2834 5183; x_wconf 92' lang='lat'><strong>:</strong></span> <span class='ocrx_word' id='word_1_940' title='bbox 2869 5133 3011 5186; x_wconf 90' lang='lat' dir='ltr'><strong>unde</strong></span> <span class='ocrx_word' id='word_1_941' title='bbox 3037 5133 3244 5186; x_wconf 90' lang='lat' dir='ltr'><strong>numeri</strong></span> <span class='ocrx_word' id='word_1_942' title='bbox 3282 5134 3466 5188; x_wconf 81' lang='lat' dir='ltr'><strong>diver-</strong></span> 
     </span>
    </p>
   </div>
   <div class='ocr_carea' id='block_1_123' title="bbox 1888 5202 3462 5269">
    <p class='ocr_par' dir='ltr' id='par_1_123' title="bbox 1888 5202 3462 5269">
     <span class='ocr_line' id='line_1_124' title="bbox 1888 5202 3462 5269; baseline 0.001 -12"><span class='ocrx_word' id='word_1_943' title='bbox 1888 5202 2042 5258; x_wconf 85' lang='lat' dir='ltr'><strong>sitas.</strong></span> <span class='ocrx_word' id='word_1_944' title='bbox 2092 5203 2284 5258; x_wconf 83' lang='lat' dir='ltr'><strong>Veluti</strong></span> <span class='ocrx_word' id='word_1_945' title='bbox 2329 5202 2550 5269; x_wconf 84' lang='lat' dir='ltr'><strong>conjicit</strong></span> <span class='ocrx_word' id='word_1_946' title='bbox 2583 5203 2858 5266; x_wconf 79' lang='lat' dir='ltr'><strong>Suiccrus,</strong></span> <span class='ocrx_word' id='word_1_947' title='bbox 2898 5212 3160 5256; x_wconf 81' lang='lat' dir='ltr'><strong>vocantur</strong></span> <span class='ocrx_word' id='word_1_948' title='bbox 3213 5219 3462 5268; x_wconf 88' lang='lat' dir='ltr'><strong>numero,</strong></span> 
     </span>
    </p>
   </div>
   <div class='ocr_carea' id='block_1_124' title="bbox 1891 5273 3464 5344">
    <p class='ocr_par' dir='ltr' id='par_1_124' title="bbox 1891 5273 3464 5344">
     <span class='ocr_line' id='line_1_125' title="bbox 1891 5273 3464 5344; baseline -0.001 -16"><span class='ocrx_word' id='word_1_949' title='bbox 1891 5285 1945 5328; x_wconf 89' lang='lat' dir='ltr'><strong>ut</strong></span> <span class='ocrx_word' id='word_1_950' title='bbox 1978 5273 2272 5344; x_wconf 89' lang='lat' dir='ltr'><strong>appellant,</strong></span> <span class='ocrx_word' id='word_1_951' title='bbox 2323 5273 2555 5328; x_wconf 91' lang='lat' dir='ltr'><strong>rotundo</strong></span> <span class='ocrx_word' id='word_1_952' title='bbox 2587 5274 2929 5344; x_wconf 83' lang='lat' dir='ltr'><strong>septuaginta</strong></span> <span class='ocrx_word' id='word_1_953' title='bbox 2984 5280 3218 5344; x_wconf 76' lang='lat' dir='ltr'><strong>tantum,</strong></span> <span class='ocrx_word' id='word_1_954' title='bbox 3253 5273 3464 5344; x_wconf 82' lang='lat' dir='ltr'><strong>minore</strong></span> 
     </span>
    </p>
   </div>
   <div class='ocr_carea' id='block_1_125' title="bbox 1891 5340 3463 5411">
    <p class='ocr_par' dir='ltr' id='par_1_125' title="bbox 1891 5340 3463 5411">
     <span class='ocr_line' id='line_1_126' title="bbox 1891 5340 3463 5411; baseline -0.001 -14"><span class='ocrx_word' id='word_1_955' title='bbox 1891 5340 2119 5398; x_wconf 77' lang='lat' dir='ltr'><strong>numero</strong></span> <span class='ocrx_word' id='word_1_956' title='bbox 2147 5345 2386 5411; x_wconf 82' lang='lat' dir='ltr'><strong>dempto,</strong></span> <span class='ocrx_word' id='word_1_957' title='bbox 2418 5357 2539 5395; x_wconf 84' lang='lat' dir='ltr'><strong>Cum</strong></span> <span class='ocrx_word' id='word_1_958' title='bbox 2603 5340 2947 5410; x_wconf 83' lang='lat' dir='ltr'><strong>septuaginta</strong></span> <span class='ocrx_word' id='word_1_959' title='bbox 2986 5343 3092 5394; x_wconf 89' lang='lat' dir='ltr'><strong>duo</strong></span> <span class='ocrx_word' id='word_1_960' title='bbox 3117 5340 3342 5398; x_wconf 77' lang='lat' dir='ltr'><strong>fuerint.</strong></span> <span class='ocrx_word' id='word_1_961' title='bbox 3371 5343 3463 5398; x_wconf 91' lang='lat' dir='ltr'><strong>Sic</strong></span> 
     </span>
    </p>
   </div>
   <div class='ocr_carea' id='block_1_126' title="bbox 1891 5411 3464 5484">
    <p class='ocr_par' dir='ltr' id='par_1_126' title="bbox 1891 5411 3464 5484">
     <span class='ocr_line' id='line_1_127' title="bbox 1891 5411 3464 5484; baseline -0.001 -17"><span class='ocrx_word' id='word_1_962' title='bbox 1891 5414 2218 5481; x_wconf 85' lang='lat' dir='ltr'><strong>Epiphanius</strong></span> <span class='ocrx_word' id='word_1_963' title='bbox 2235 5428 2356 5480; x_wconf 85' lang='lat' dir='ltr'><strong>pag.</strong></span> <span class='ocrx_word' id='word_1_964' title='bbox 2382 5413 2509 5484; x_wconf 81' lang='lat' dir='ltr'><strong>l08l</strong></span> <span class='ocrx_word' id='word_1_965' title='bbox 2537 5411 2966 5484; x_wconf 71' lang='grc' dir='ltr'>;,⁹Ε6ιῖομήκοντα</span> <span class='ocrx_word' id='word_1_966' title='bbox 2983 5411 3464 5484; x_wconf 72' lang='grc' dir='ltr'>δῦοὲρμηνεύσαν-</span> 
     </span>
    </p>
   </div>
   <div class='ocr_carea' id='block_1_127' title="bbox 1887 5482 3462 5554">
    <p class='ocr_par' dir='ltr' id='par_1_127' title="bbox 1887 5482 3462 5554">
     <span class='ocr_line' id='line_1_128' title="bbox 1887 5482 3462 5554; baseline 0.001 -18"><span class='ocrx_word' id='word_1_967' title='bbox 1887 5501 1978 5544; x_wconf 85' lang='grc' dir='ltr'>τες</span> <span class='ocrx_word' id='word_1_968' title='bbox 2002 5484 2093 5535; x_wconf 70' lang='grc' dir='ltr'>ἐπὶ</span> <span class='ocrx_word' id='word_1_969' title='bbox 2123 5483 2452 5554; x_wconf 78' lang='grc' dir='ltr'>Πτολεμαίου</span> <span class='ocrx_word' id='word_1_970' title='bbox 2474 5500 2486 5512; x_wconf 90' lang='grc'>·</span> <span class='ocrx_word' id='word_1_971' title='bbox 2530 5482 2617 5535; x_wconf 74' lang='grc' dir='ltr'>διὰ</span> <span class='ocrx_word' id='word_1_972' title='bbox 2645 5483 2701 5535; x_wconf 80' lang='grc' dir='ltr'>δὲ</span> <span class='ocrx_word' id='word_1_973' title='bbox 2729 5483 2828 5552; x_wconf 79' lang='grc' dir='ltr'><strong>τὴν</strong></span> <span class='ocrx_word' id='word_1_974' title='bbox 2870 5482 3170 5552; x_wconf 79' lang='grc' dir='ltr'>συντομίαν</span> <span class='ocrx_word' id='word_1_975' title='bbox 3192 5482 3462 5554; x_wconf 76' lang='grc' dir='ltr'>εἰώθαμεν</span> 
     </span>
    </p>
   </div>
   <div class='ocr_carea' id='block_1_128' title="bbox 1887 5553 3462 5623">
    <p class='ocr_par' dir='ltr' id='par_1_128' title="bbox 1887 5553 3462 5623">
     <span class='ocr_line' id='line_1_129' title="bbox 1887 5553 3462 5623; baseline 0 -17"><span class='ocrx_word' id='word_1_976' title='bbox 1887 5554 2068 5622; x_wconf 79' lang='grc' dir='ltr'>λέγειν</span> <span class='ocrx_word' id='word_1_977' title='bbox 2085 5553 2193 5606; x_wconf 84' lang='grc' dir='ltr'><strong>τῶν</strong></span> <span class='ocrx_word' id='word_1_978' title='bbox 2221 5553 2589 5623; x_wconf 76' lang='grc' dir='ltr'>ἐϐδομήκοντα</span> <span class='ocrx_word' id='word_1_979' title='bbox 2617 5553 2715 5623; x_wconf 85' lang='grc' dir='ltr'>τὴν</span> <span class='ocrx_word' id='word_1_980' title='bbox 2744 5554 3058 5623; x_wconf 76' lang='grc' dir='ltr'>ἑρμηνείαν.</span> <span class='ocrx_word' id='word_1_981' title='bbox 3095 5572 3112 5604; x_wconf 75' lang='grc' dir='ltr'><strong>ι</strong></span> <span class='ocrx_word' id='word_1_982' title='bbox 3153 5554 3336 5609; x_wconf 70' lang='lat' dir='ltr'><strong>LXXII</strong></span> <span class='ocrx_word' id='word_1_983' title='bbox 3370 5553 3462 5606; x_wconf 7' lang='lat' dir='ltr'><strong>flu-</strong></span> 
     </span>
    </p>
   </div>
   <div class='ocr_carea' id='block_1_129' title="bbox 1892 5623 3460 5693">
    <p class='ocr_par' dir='ltr' id='par_1_129' title="bbox 1892 5623 3460 5693">
     <span class='ocr_line' id='line_1_130' title="bbox 1892 5623 3460 5693; baseline -0.003 -13"><span class='ocrx_word' id='word_1_984' title='bbox 1892 5633 2156 5692; x_wconf 61' lang='lat' dir='ltr'><strong>tet-pretes</strong></span> <span class='ocrx_word' id='word_1_985' title='bbox 2178 5623 2324 5676; x_wconf 76' lang='lat' dir='ltr'><strong>luere</strong></span> <span class='ocrx_word' id='word_1_986' title='bbox 2349 5624 2447 5675; x_wconf 89' lang='lat' dir='ltr'><strong>sub</strong></span> <span class='ocrx_word' id='word_1_987' title='bbox 2477 5623 2763 5676; x_wconf 80' lang='lat' dir='ltr'><strong>Ptolenuco</strong></span> <span class='ocrx_word' id='word_1_988' title='bbox 2791 5641 2803 5676; x_wconf 89' lang='lat'>:</span> <span class='ocrx_word' id='word_1_989' title='bbox 2835 5627 2927 5677; x_wconf 88' lang='lat' dir='ltr'><strong>sed</strong></span> <span class='ocrx_word' id='word_1_990' title='bbox 2961 5628 3262 5689; x_wconf 82' lang='lat' dir='ltr'><strong>compcndii</strong></span> <span class='ocrx_word' id='word_1_991' title='bbox 3291 5625 3460 5693; x_wconf 71' lang='lat' dir='ltr'><strong>gratia</strong></span> 
     </span>
    </p>
   </div>
   <div class='ocr_carea' id='block_1_130' title="bbox 1889 5693 3462 5765">
    <p class='ocr_par' dir='ltr' id='par_1_130' title="bbox 1889 5693 3462 5765">
     <span class='ocr_line' id='line_1_131' title="bbox 1889 5693 3462 5765; baseline -0.002 -13"><span class='ocrx_word' id='word_1_992' title='bbox 1889 5695 2267 5752; x_wconf 82' lang='lat' dir='ltr'><strong>eonsttevintus</strong></span> <span class='ocrx_word' id='word_1_993' title='bbox 2298 5707 2492 5765; x_wconf 72' lang='lat' dir='ltr'><strong>vocare</strong></span> <span class='ocrx_word' id='word_1_994' title='bbox 2525 5694 2829 5751; x_wconf 86' lang='lat' dir='ltr'><strong>versionem</strong></span> <span class='ocrx_word' id='word_1_995' title='bbox 2849 5693 3010 5750; x_wconf 62' lang='lat' dir='ltr'><strong>LXX.</strong></span> <span class='ocrx_word' id='word_1_996' title='bbox 3036 5714 3053 5747; x_wconf 77' lang='grc' dir='ltr'><strong>ι</strong></span> <span class='ocrx_word' id='word_1_997' title='bbox 3083 5694 3282 5750; x_wconf 83' lang='lat' dir='ltr'><strong>Ibidem</strong></span> <span class='ocrx_word' id='word_1_998' title='bbox 3308 5698 3462 5765; x_wconf 80' lang='lat' dir='ltr'><strong>plura</strong></span> 
     </span>
    </p>
   </div>
   <div class='ocr_carea' id='block_1_131' title="bbox 1889 5762 2518 5835">
    <p class='ocr_par' dir='ltr' id='par_1_131' title="bbox 1889 5762 2518 5835">
     <span class='ocr_line' id='line_1_132' title="bbox 1889 5762 2518 5835; baseline -0.003 -14"><span class='ocrx_word' id='word_1_999' title='bbox 1889 5768 2136 5835; x_wconf 60' lang='lat' dir='ltr'><strong>exempla</strong></span> <span class='ocrx_word' id='word_1_1000' title='bbox 2159 5773 2397 5819; x_wconf 72' lang='lat' dir='ltr'><strong>enarrat.</strong></span> <span class='ocrx_word' id='word_1_1001' title='bbox 2441 5762 2518 5819; x_wconf 83' lang='lat' dir='ltr'><strong>lo.</strong></span> 
     </span>
    </p>
   </div>
  </div>
