1883 3072
121 173 1748 202 m
854 198 864 201 _
1540 199 1584 202 _.
1591 198 1635 202 _

612 315 1094 392 CLEMENTI
1122 316 1264 392 XII

513 520 952 567 PONTIFICI
1007 522 1358 569 MAXIMO.

383 901 589 931 Smcnssme
611 902 729 935 PATER,

163 1071 313 1102 Emimius
326 1071 381 1102 ille
404 1070 600 1101 Christiano:
614 1071 780 1109 religionis
794 1070 939 1111 defensor
951 1070 1114 1110 Origenes,
1131 1073 1220 1112 cujus
1233 1073 1362 1104 residua
1377 1082 1527 1116 quotquot
1538 1078 1747 1118 reperiripo-

128 1126 257 1153 luerunt
269 1130 378 1161 opera,
396 1121 574 1161 faventibus
590 1122 777 1152 Sanctitatis
795 1123 868 1153 Tute
882 1122 1047 1161 auspiciis,
1065 1122 1099 1152 in
1115 1122 1214 1153 lucem
1228 1124 1401 1163 prodeunt,
1418 1128 1464 1158 sic
1479 1133 1647 1167 augustum
1668 1139 1746 1160 san-

124 1176 271 1211 ctumque
284 1172 419 1203 Romani
432 1172 598 1212 Pontiﬁcis
614 1181 727 1202 nomen
740 1173 839 1204 coluit
858 1183 894 1203 ac
921 1177 1087 1204 veneratus
1110 1179 1167 1210 est,
1187 1179 1224 1205 ut
1247 1178 1368 1208 caeteris
1391 1187 1455 1208 esse
1478 1183 1570 1218 queat
1591 1181 1739 1220 exemplo.

116 1223 259 1255 Noverat
274 1223 490 1263 apostolorum
507 1223 547 1264 (θ)
562 1223 741 1263 principem
756 1227 903 1253 wternam
921 1223 1010 1254 illam
1024 1225 1201 1256 instituisse
1216 1226 1319 1257 Roma
1333 1237 1369 1258 ac
1384 1229 1541 1268 sanguine
1559 1239 1615 1260 suo
1641 1240 1747 1261 conse-

116 1283 224 1304 crasse
238 1273 361 1310 Scdem,
376 1281 442 1312 qua:
456 1282 578 1313 semper
596 1274 747 1304 haereseos
762 1273 868 1304 nescia
884 1272 940 1314 (Β),
964 1283 1085 1314 semper
1102 1275 1268 1315 religionis
1284 1282 1313 1307 et
1329 1277 1480 1310 Ecclesiae
1501 1285 1595 1320 caput
1613 1286 1669 1317 est,
1693 1291 1746 1313 nc-

117 1325 350 1363 cessariumque
377 1324 545 1356 Catholica
567 1324 703 1354 unitatis
723 1329 874 1354 centrum.
900 1324 1035 1366 Hinc(c)
1076 1336 1092 1354 «
1117 1327 1344 1366 antiquissima
1363 1329 1575 1360 Romanorum
1596 1331 1746 1362 Ecclesia

117 1384 225 1406 coram
239 1374 381 1406 videnda
396 1379 484 1405 tanto
500 1374 651 1414 ﬂagravit
664 1373 834 1412 desiderio,
849 1385 864 1402 ››
883 1379 920 1405 ut
935 1375 1102 1414 quominus
1117 1375 1158 1406 ad
1172 1386 1237 1407 eam
1247 1400 1254 1413 ,
1273 1388 1289 1406 α
1305 1378 1498 1418 gubernante
1521 1381 1712 1420 Zephirino,
1730 1395 1743 1410 η

117 1425 299 1464 accederet,
313 1435 370 1457 nec
388 1426 531 1457 locorum
553 1424 788 1464 intercapedine
801 1447 810 1463 ,
828 1434 886 1456 nec
908 1426 1030 1457 recenti
1047 1426 1281 1467 quamplurium
1303 1433 1478 1468 martyrum
1502 1429 1581 1460 cwde
1602 1433 1744 1470 potuerit

115 1477 304 1509 absterreri.

156 1563 284 1601 Quanto
296 1567 399 1593 autem
415 1563 612 1603 praeclarius,
630 1563 829 1594 sanctissime
844 1562 940 1594 Pater
952 1585 961 1601 ,
980 1573 1050 1594 cum
1065 1563 1121 1595 illo
1142 1573 1226 1594 nunc
1241 1565 1349 1604 agitur
1360 1586 1368 1601 ,
1386 1564 1438 1595 cui
1452 1564 1486 1595 in
1502 1565 1558 1596 hac
1574 1574 1654 1596 nova
1667 1575 1742 1606 ope-

115 1623 189 1644 rum
204 1622 334 1644 suorum
353 1612 489 1644 editione
506 1613 708 1644 reviciscenti
735 1614 851 1645 iterum
869 1618 916 1644 tot
937 1613 1054 1653 elapsis
1071 1614 1195 1644 sweulis
1212 1613 1307 1644 datur
1323 1613 1457 1645 eamdem
1472 1615 1608 1646 omnium
1631 1616 1743 1646 Eccle-

116 1665 238 1695 siarum
258 1664 393 1695 Matrem
407 1663 582 1694 Ecclesiam
599 1664 792 1703 conspicere,
806 1672 871 1694 non
877 1663 947 1704 jam
962 1663 1018 1694 sub
1035 1663 1145 1694 acerbo
1159 1663 1341 1700 Caracallce,
1358 1665 1450 1704 impii
1469 1666 1617 1704 avarique
1644 1666 1742 1705 impe—

119 1716 254 1752 ratoris,
263 1715 343 1755 jugo
357 1720 536 1754 gementem,
552 1714 609 1745 sed
625 1715 725 1745 laetam
739 1724 775 1745 ac
799 1715 1055 1755 triumphantem,
1071 1724 1111 1745 ea:
1126 1723 1186 1754 quo
1203 1714 1381 1754 prwsertim
1396 1724 1410 1745 α
1423 1716 1625 1755 perantiqua,
1649 1716 1742 1746 nobi-

118 1765 252 1803 lissima,
266 1765 471 1804 heroibusque
485 1765 622 1805 fecunda
642 1765 849 1797 Corsinorum
861 1766 983 1805 familia
996 1766 1112 1796 sortita
1125 1769 1171 1796 est
1177 1765 1348 1805 plaudente
1370 1765 1442 1795 orbe
1458 1766 1638 1797 Christiano
1651 1767 1744 1805 prin-

118 1818 230 1857 cipem,
251 1824 311 1855 quo
327 1815 431 1846 omnia
451 1814 581 1854 fortiter
594 1814 793 1853 suaviterque
816 1813 1001 1853 disponente
1022 1814 1104 1845 nihil
1126 1819 1171 1844 est
1190 1813 1274 1853 quod
1289 1814 1439 1854 felicitati
1455 1822 1519 1844 sua:
1544 1814 1649 1845 deesse
1672 1825 1745 1846 con-

119 1873 284 1909 queratur.

160 1953 330 1994 Ecquando
350 1954 441 1990 enim,
457 1953 633 1985 beatissime
655 1953 763 1990 Pater,
779 1952 926 1993 feliciora
944 1961 1008 1982 esse
1028 1956 1140 1992 queant
1161 1952 1265 1982 Romw
1280 1957 1431 1990 tempora,
1449 1960 1541 1991 quam
1559 1961 1629 1982 cum
1649 1954 1744 1983 resti-

121 2004 227 2034 tuitur
242 2013 320 2034 cura
335 2009 390 2035 tua
403 2005 548 2045 majestas
566 2006 678 2044 legum,
698 2004 903 2035 emendantur
917 2013 1029 2041 mores,
1047 2012 1124 2033 suus
1141 2003 1256 2034 virtuti
1269 2003 1367 2034 hones
1381 2007 1514 2039 constat,
1531 2012 1662 2034 annona:
1675 2004 1745 2042 ple—

119 2054 166 2085 bis
186 2055 309 2087 abunde
322 2056 514 2092 consulitur,
531 2065 633 2086 severe
645 2056 681 2086 in
695 2055 803 2086 aerarii
817 2054 1054 2094 depeculatores
1068 2053 1347 2090 animadvertitur,
1362 2053 1505 2084 liberales
1517 2059 1745 2094 promoventur

121 2111 215 2144 artes,
233 2111 261 2137 et
275 2106 408 2146 mdiﬁcia
419 2107 551 2146 publica
566 2107 612 2137 ita
627 2106 842 2145 muniﬁcentia
858 2111 913 2136 tua
934 2115 970 2136 ac
992 2104 1185 2136 liberalitate
1203 2112 1274 2134 cere
1293 2105 1381 2143 regia
1395 2104 1443 2134 vel
1463 2104 1680 2143 perﬁciuntur
1696 2106 1745 2135 vel

120 2156 321 2195 reﬁciuntur,
337 2161 374 2187 ut
393 2157 427 2187 in
444 2156 532 2187 nullo
547 2158 612 2197 fere
627 2156 866 2195 magnificentia
879 2165 991 2195 genere
1005 2156 1103 2187 veteri
1118 2156 1221 2186 Romw
1238 2154 1389 2186 hodierna
1405 2155 1504 2185 Roma
1525 2156 1703 2186 concedat?

159 2237 263 2277 Neque
279 2247 365 2274 vero,
382 2248 451 2269 cum
465 2238 702 2278 angustioribus
721 2247 815 2274 nunc,
832 2240 887 2278 qui
903 2239 977 2270 olim
989 2239 1187 2278 amplissimi,
1212 2240 1359 2277 cingatur
1373 2238 1452 2269 ditio
1468 2238 1608 2268 Romana
1626 2239 1738 2269 limiti-

123 2287 188 2323 bus,
204 2289 246 2320 iis
263 2290 356 2320 etiam
379 2290 504 2320 animus
529 2295 602 2320 tuus
630 2289 740 2320 mundi
762 2298 865 2329 capax
889 2290 1088 2326 continetur,
1109 2289 1162 2319 sed
1183 2298 1428 2328 quaquaversum
1451 2293 1580 2327 urgente
1605 2289 1742 2319 omnium

125 2341 338 2372 Ecclesiarum
352 2341 566 2372 sollicitudine
584 2342 624 2372 ad
638 2342 780 2381 singulas
797 2341 972 2372 Christiani
989 2341 1074 2371 orbis
1086 2345 1195 2380 partes
1211 2344 1264 2369 tua
1279 2349 1310 2369 se
1327 2338 1468 2370 extendit
1480 2338 1693 2378 providentia,
1714 2343 1742 2368 et

121 2391 176 2422 sub
191 2391 280 2422 alma:
297 2391 403 2429 Pacis,
417 2400 508 2431 quam
522 2393 606 2423 inter
621 2391 800 2423 Catholicos
813 2391 977 2431 principes
992 2390 1119 2421 assidue
1130 2392 1227 2429 foves,
1241 2389 1422 2420 umbraculo
1440 2389 1617 2420 evelluntur
1629 2389 1741 2428 ubique

122 2443 272 2474 vitiorum
287 2443 417 2482 stirpes,
436 2448 668 2482 componuntur
683 2447 796 2472 exorta
813 2443 847 2474 in
861 2443 1014 2473 Ecclesiis
1037 2442 1182 2477 dissidia,
1212 2441 1348 2472 debitum
1369 2441 1549 2479 apostolicte
1569 2439 1636 2470 sedi
1658 2448 1740 2478 pra-—

123 2497 224 2523 statur
239 2493 431 2532 obsequium,
447 2502 504 2523 sua
523 2494 667 2532 gentibus
678 2492 732 2523 dat
741 2493 820 2533 jura
835 2494 962 2528 veritas,
982 2493 1160 2532 Christique
1169 2492 1204 2523 in
1219 2492 1290 2522 dies
1303 2490 1472 2530 efﬂorescit
1486 2490 1661 2529 imperium.

163 2577 221 2607 Tot
234 2577 404 2616 tantisque,
419 2578 614 2608 sanctissime
630 2578 739 2614 Pater,
766 2577 1020 2608 Christianorum
1034 2575 1186 2615 Pontiﬁce
1197 2583 1267 2605 cere
1283 2574 1389 2614 dignis
1406 2570 1576 2613 impeditus
1591 2574 1690 2609 curis,
1706 2573 1743 2602 αδ

122 2626 342 2666 singulariillo
351 2635 410 2666 quo
423 2636 555 2666 semper,
572 2628 640 2667 ipse
655 2627 866 2664 doctissimus,
879 2627 1035 2658 litteratos
1044 2626 1131 2656 viros
1142 2629 1328 2665 persecutus
1338 2633 1369 2653 es
1383 2632 1493 2679 umore.
1501 2623 1582 2654 nihil
1594 2623 1741 2654 remittis.

157 2737 193 2772 is)
205 2737 329 2773 Οιῆεεεῐι.1
343 2742 365 2764 ι.
379 2737 401 2764 ll
429 2736 509 2772 hujus
524 2737 600 2770 edil.,
617 2745 678 2773 pag.
691 2738 736 2767 ‘M.

155 2773 195 2843 (bi
208 2773 335 2805 Bossuel,
351 2773 483 2812 concione
497 2773 588 2800 habita
605 2773 632 2800 in
647 2773 939 2807 comitiisgeneralibus
949 2773 1013 2801 cieri
1027 2773 1170 2802 Gallicani.

157 2810 183 2843 (c
210 2808 324 2840 Euseb.,
340 2807 388 2834 ιιι).
404 2815 429 2834 γι
442 2806 592 2842 Iltst.,cap.
608 2808 652 2835 14.

157 2806 195 2844 (c)
210 2808 324 2840 Euseb.,
340 2807 388 2834 lib.
404 2815 429 2834 Vl
442 2806 592 2842 llist.,cap.
608 2808 652 2835 14.

258 2854 396 2884 Ριτκοι..
413 2853 472 2884 Gn.
488 2851 544 2882 X1.

1583 2860 1599 2888 1

717 2942 968 3000 Ῑέῧὲζίθᾶ

1476 2757 1485 2778 ,Ι
