1883 3072
139 111 169 143 ﬂ
732 110 897 139 EPISTOLA
921 109 1164 138 DEDICATORIA.~
1723 110 1756 137 12

138 172 306 205 Subsecioa
329 170 387 203 tibi
404 175 481 201 sunt
503 174 657 209 tempora,
682 168 795 208 quibus
821 169 893 199 illos
916 172 1050 207 paterno
1071 168 1259 199 Sanctitatis
1287 168 1360 197 Tua
1378 167 1516 208 alloquio
1540 167 1703 208 dignaris,
1727 175 1755 199 et

139 232 229 263 quos,
246 227 410 262 antequam
431 229 550 250 summa
576 221 618 250 Te
641 219 744 249 virtus
764 217 805 248 ad
824 228 975 248 summum
988 218 1206 257 pontiﬁcatum
1230 218 1380 255 eveheret,
1400 218 1482 248 alter
1496 219 1648 250 Mecwnas
1663 219 1753 250 bene-

138 273 274 304 volentia
283 270 547 312 complectebaris,
562 279 613 300 eos
628 278 723 305 nunc,
738 277 844 298 rerum
857 268 989 304 arbiter,
1000 269 1163 308 perpetuis
1179 268 1333 307 beneﬁciis
1350 269 1507 298 cumulare
1521 274 1550 298 et
1566 269 1607 299 ad
1622 270 1756 310 majores

139 328 269 353 conatus
288 322 453 353 incendere
467 331 532 353 non
550 321 678 352 desinis.
695 321 780 351 Hinc
803 329 873 360 spes
896 319 1018 360 affulsit
1033 321 1116 360 fore,
1130 325 1166 351 ut
1185 329 1241 350 nec
1258 320 1427 350 Sanctitali
1445 322 1518 350 Tute
1539 325 1622 351 totus
1641 320 1755 361 displi-

138 377 222 404 ceret
235 372 385 412 Origenes
402 371 455 412 (a),
484 383 498 399 α
517 372 550 401 in
565 381 623 410 quo
644 375 732 401 tanta
752 371 800 400 vis
821 371 940 409 ingenii
954 393 962 406 ,
979 375 1042 400 tam
1064 371 1160 406 acris,
1183 375 1244 400 tam
1257 368 1424 410 profundi,
1443 374 1530 400 tanta
1551 369 1703 401 doctrinm
1718 379 1755 401 ac

138 424 236 455 totius
254 423 443 456 eruditionis
466 421 708 460 magniﬁcentia,
733 433 747 449 ν
763 425 798 450 ut
821 420 944 450 Graecia
965 420 1023 450 illa
1044 421 1243 458 ingeniorum
1257 421 1353 459 ferax
1377 421 1405 451 ei
1419 421 1476 451 vix
1489 429 1598 460 parem
1622 420 1755 451 edidisse

136 473 292 505 videatur.

177 558 282 597 Neque
304 560 349 587 est
364 555 447 596 quod
462 555 570 586 dicunt
587 554 642 595 (b),
661 565 676 582 α
698 553 771 584 dum
787 555 914 593 ingenio
931 563 986 583 suo
1002 553 1132 584 nimium
1152 553 1294 593 indulget
1308 553 1427 593 sibique
1448 555 1527 584 satis
1548 554 1665 590 credit,
1682 553 1754 584 dum

137 609 298 648 antiquam
308 607 496 639 Christiana:
503 605 577 646 ﬁdei
587 606 818 645 simplicitatem
831 605 1115 643 ecelesiasticasque
1126 603 1312 635 traditiones
1327 614 1363 635 ac
1378 609 1516 635 veterum
1544 605 1727 644 magisteria
1739 617 1753 633 ι

137 660 268 694 deserit,
288 660 323 690 in
337 663 526 699 portentosa
540 656 724 696 quandoque
738 656 863 695 prolabi
881 655 1006 691 delirio,
1028 665 1084 685 nec
1108 655 1284 685 venerando
1304 656 1416 686 summi
1441 655 1605 694 Pontiﬁcis
1629 656 1749 685 nomini

137 712 285 742 decenter
301 709 484 749 nuncupari
499 717 596 748 opera
611 708 745 739 hominis
762 707 800 747 (ο)
815 719 829 735 α
841 708 876 738 in
890 707 980 747 cujus
997 706 1224 737 damnationem
1239 711 1345 736 coacto
1362 712 1472 737 senatu
1491 707 1648 737 consensit
1673 706 1748 736 urbs

139 762 246 792 Roma.
264 771 279 789 ι
296 758 500 797 Quidnicero,
521 757 713 787 sanctissime
728 756 833 791 Pater,
849 757 878 787 si
887 761 969 787 totus
984 765 1047 786 non
1061 760 1157 786 scatet
1169 756 1318 795 Origenes
1331 756 1563 794 erroribus,sed
1573 757 1687 796 paucis
1701 758 1756 788 ha-

138 810 185 841 bet
199 810 351 850 permista
374 808 465 838 malis
481 807 561 838 bona
575 807 799 846 propemodum
818 807 1001 840 innumera;
1025 808 1054 837 si
1069 816 1125 837 nec
1141 807 1281 837 erroneis
1301 806 1367 846 éjus
1384 807 1591 846 opinamentis
1610 809 1754 847 patroci-

136 862 226 892 nium
241 860 413 900 quaaritur,
431 867 487 888 nec
510 857 620 888 iisdem
644 858 773 896 ipsemet
796 857 1008 896 pervicaciter
1024 857 1178 887 adhwsit?
1201 856 1371 887 Eruditum
1394 857 1538 896 alloquor
1561 858 1754 897 Pontiﬁcem.

131 912 193 951 qui
208 911 350 951 apprime
364 910 453 940 novit
469 910 512 949 (d)
537 910 639 948 ipsum
658 908 781 938 violatae
795 908 869 947 ﬁdei
888 907 974 947 apud
988 907 1088 938 sedem
1109 907 1314 948 apostolicam
1326 917 1425 944 reum,
1448 908 1562 938 litteris
1578 907 1618 938 ad
1633 908 1756 938 beatum

137 962 312 993 Fabianum
325 959 540 1000 paenitentiam
555 959 760 998 signiﬁcasse.
775 957 866 995 Quod
882 958 912 988 si
927 958 961 988 in
979 958 1069 988 illum
1083 957 1120 989 ab
1136 958 1263 989 Oriente
1281 958 1460 988 damnatum
1475 959 1642 989 accesserit
1652 958 1756 999 judex

136 1013 246 1048 Roma,
261 1010 344 1042 nihil
360 1010 486 1046 mirum,
507 1019 540 1040 eo
560 1014 709 1048 tempore,
725 1017 784 1048 quo
801 1008 996 1041 celeberrimi
1009 1009 1084 1043 viri,
1104 1007 1140 1039 de
1155 1017 1214 1048 quo
1228 1018 1340 1048 magna
1354 1013 1444 1039 erant
1463 1010 1637 1040 animorum
1652 1009 1757 1041 divor-

137 1064 193 1100 tia,
203 1061 455 1102 percrebrescens
470 1061 505 1090 in
521 1059 586 1090 dies
600 1059 699 1098 magis
717 1059 874 1098 magisque
887 1059 969 1098 fama
979 1059 1118 1099 favorem
1132 1059 1354 1090 audacioribus
1371 1060 1507 1090 inventis
1526 1059 1612 1099 apud
1625 1060 1754 1099 imperi-

137 1119 201 1144 tam
219 1112 432 1151 novitatisque
455 1110 578 1141 avidam
590 1110 711 1150 plebem
735 1114 802 1140 erat
827 1108 1048 1140 conciliatura.
1070 1111 1178 1141 Verum
1188 1115 1274 1152 post,
1291 1110 1346 1141 ubi
1360 1112 1474 1150 sopitis
1491 1110 1705 1142 Ecelesiarum
1720 1111 1756 1141 de

137 1163 272 1203 Origene
286 1162 457 1193 discordiis
474 1162 508 1192 in
524 1163 661 1191 omnium
679 1165 888 1200 contemptum
901 1166 1052 1191 venerunt
1067 1162 1245 1201 singularia
1260 1162 1325 1202 ejus
1341 1163 1475 1202 placita,
1490 1163 1599 1193 mitius
1615 1172 1684 1192 cum
1699 1162 1756 1192 illo

137 1215 190 1253 agi
204 1218 338 1251 emptum
355 1217 412 1249 est,
424 1213 541 1242 sensim
553 1211 768 1251 paulatimque
788 1211 822 1240 in
836 1210 1069 1242 desuetudinem
1086 1211 1230 1242 abierunt
1245 1212 1281 1243 de
1295 1222 1358 1243 non
1371 1212 1507 1252 legendis
1524 1215 1590 1254 ejus
1609 1212 1756 1252 operibus

138 1263 363 1294 Ecelesiastiea
386 1262 524 1298 decreta,
541 1267 569 1292 et
592 1261 760 1301 praevaluit
777 1261 899 1292 tandem
914 1262 1146 1293 consultissima
1161 1263 1218 1293 illa
1232 1264 1418 1303 Hieronymi
1433 1264 1589 1295 sententia
1600 1286 1608 1299 ,
1627 1273 1688 1303 qua
1713 1262 1756 1303 (ε)

139 1324 154 1341 ι
170 1312 334 1352 Origenem
347 1316 482 1352 propter
494 1311 700 1342 eruditionem
712 1313 757 1342 sie
767 1311 924 1343 interdum
931 1311 1091 1352 legendum
1105 1322 1168 1342 esse
1180 1315 1417 1353 »pronuntiat,«
1431 1314 1580 1354 quomodo
1591 1314 1758 1345 Tertullia-

136 1373 223 1400 num,
239 1363 405 1400 Novatum,
421 1362 606 1399 Arnobium,
623 1361 869 1402 Apollinarium,
885 1368 914 1394 et
927 1364 1096 1394 nonnullos
1112 1365 1338 1395 ecclesiasticos
1359 1366 1531 1405 scriptores
1549 1364 1674 1395 Graecas
1698 1373 1757 1403 pa-

136 1413 219 1444 riter
233 1418 264 1443 et
278 1411 421 1450 Latinos,
437 1417 474 1443 ut
497 1412 579 1443 bona
593 1421 700 1442 eorum
715 1411 884 1452 diligamus
898 1413 1088 1453 vitemusque
1112 1416 1296 1449 contraria;
1323 1424 1419 1454 neque
1443 1415 1522 1445 enim
1546 1421 1678 1454 propter
1698 1415 1755 1444 do-

139 1465 275 1495 ctrinam
291 1466 357 1505 ejus
371 1474 470 1504 prava
491 1463 693 1503 suscipienda
709 1473 774 1493 esse
795 1464 948 1503 dogmata,
975 1473 1031 1495 nec
1054 1470 1189 1505 propter
1213 1465 1389 1506 dogmatum
1405 1468 1604 1507 pravitatem,
1628 1468 1656 1498 si
1679 1476 1755 1507 quos

137 1515 375 1545 commentarios
390 1515 425 1546 in
439 1515 624 1555 Scripturas
639 1520 766 1545 sanctas
781 1515 877 1545 utiles
897 1514 1006 1553 edidit,
1020 1516 1147 1553 penitus
1163 1526 1228 1547 esse
1241 1517 1445 1557 respuendas.
1464 1529 1479 1546 ι

177 1600 252 1630 Baio
267 1600 390 1639 aliaque
404 1598 567 1640 ejusmodi,
582 1598 767 1629 Beatissime
785 1598 894 1634 Pater,
910 1608 1013 1629 secum
1029 1600 1101 1630 olim
1116 1601 1218 1631 animo
1227 1606 1377 1641 reputans
1390 1611 1525 1634 summus
1538 1605 1685 1644 pontifex
1699 1605 1757 1636 Ni-

135 1649 245 1680 colaus
265 1650 404 1690 quintus,
420 1650 502 1680 nihil
516 1659 580 1679 non
596 1650 704 1687 movit,
730 1658 788 1689 quo
816 1649 940 1681 ercas
955 1651 1036 1681 tanti
1047 1651 1112 1682 viri
1129 1651 1280 1691 reliquias
1301 1652 1502 1694 undequaque
1527 1654 1689 1694 colligeret
1705 1655 1752 1696 (f).

139 1699 446 1739 Constantinopolim
460 1708 555 1738 usque
569 1700 667 1737 misit,
684 1701 738 1740 qui
753 1705 907 1741 coemptos
922 1700 963 1731 ad
986 1711 1018 1731 se
1032 1701 1169 1742 deferret
1189 1709 1258 1734 octo
1281 1705 1346 1744 ejus
1373 1710 1484 1735 contra
1505 1705 1627 1737 Celsum
1643 1706 1754 1742 libros,

137 1750 194 1781 ubi
217 1751 413 1790 Epicureum
437 1751 528 1782 illum
546 1751 733 1783 Christianis
750 1753 900 1791 religioni
912 1753 1102 1793 juveniliter
1123 1755 1327 1786 insultantem
1351 1756 1499 1787 immensa
1517 1758 1617 1787 omnis
1634 1758 1757 1796 generis

134 1799 316 1831 eruditione
336 1807 428 1840 atque
452 1801 654 1832 ineluctabili
677 1807 932 1841 argumentorum
955 1804 987 1834 vi
1002 1805 1182 1843 prosternit
1201 1810 1230 1836 et
1250 1805 1366 1838 obruit.
1379 1805 1421 1847 (Β)
1459 1807 1523 1836 Eos
1539 1807 1653 1844 libros,
1682 1806 1757 1837 licet

138 1851 291 1881 nonnulla
301 1852 420 1882 erroris
435 1851 501 1882 labe
516 1861 674 1892 aspersas.
691 1862 759 1883 cum
778 1862 791 1882 e
806 1852 914 1884 Graeco
929 1854 963 1884 in
977 1853 1124 1885 Latinum
1137 1864 1307 1886 sermonem
1322 1857 1538 1888 transtulisset
1552 1858 1757 1898 Christopha-

137 1911 194 1932 rus
208 1902 360 1940 Persona,
372 1902 434 1933 sibi
451 1902 608 1933 dedicatos
622 1902 723 1934 voluit
737 1903 849 1934 Sixtus
865 1909 1008 1944 quartus,
1022 1904 1112 1945 cujus
1127 1911 1280 1936 assertum
1298 1906 1429 1946 Origeni
1439 1910 1656 1947 patrocinium
1672 1919 1757 1948 spem

136 1948 215 1994 facit
226 1954 307 1993 fore,
323 1959 360 1984 ut
375 1954 423 1984 Tu
436 1962 569 1993 quoque,
583 1954 787 1984 Sanctissime
797 1954 904 1992 Pater,
921 1964 1031 1986 novam
1045 1957 1126 1987 hanc
1141 1957 1341 1988 residuorum
1353 1960 1419 1998 ejus
1436 1968 1565 1999 operum
1580 1959 1754 1999 editionem,

141 2007 287 2034 aeternum
297 2013 427 2034 summa:
440 2014 514 2035 mew
531 2005 687 2044 totiusque
706 2006 960 2046 congregationis
977 2007 1010 2037 S.
1027 2008 1136 2038 Mauri
1157 2017 1231 2047 erga
1266 2013 1294 2039 te
1315 2015 1511 2050 sanctamque
1525 2011 1627 2042 sedem
1646 2012 1756 2043 obser-

140 2056 253 2087 vantia
263 2061 354 2095 atque
367 2056 471 2086 intimi
486 2055 626 2095 obsequii
643 2057 878 2094 monimentum,
893 2057 1022 2097 benigne
1038 2059 1178 2099 accipias
1189 2082 1198 2098 ,
1214 2062 1477 2102 apostolicamque
1491 2063 1685 2102 impertiaris
1701 2064 1754 2094 bs-

138 2106 356 2143 nedictionem,
371 2115 464 2145 quam
477 2107 615 2146 supplex
631 2107 785 2147 efﬂagitat

1376 2204 1534 2232 Sanctitatis
1550 2204 1614 2232 Tua:

1004 2335 1270 2370 lesequentissimus
1292 2342 1321 2364 et
1341 2338 1543 2367 addictissimns
1558 2347 1651 2368 servus

1041 2370 1145 2411 Fraler_
1161 2371 1434 2411 Car_olus__Dxpuun,
1456 2376 1599 2411 presbyter
1621 2381 1649 2403 et

1040 2407 1188 2445 [nonacth
1201 2407 1392 2445 Benedictinus
1407 2416 1422 2436 e
1441 2407 1650 2445 congregatione

1040 2441 1131 2468 Sancti
1149 2442 1243 2469 Mauri.

186 2565 212 2595 θ)
225 2563 353 2592 Vincent.
364 2563 452 2594 Lirin.
467 2564 495 2593 in
509 2564 667 2595 Commonit.

186 2600 213 2627 ω
228 2600 310 2627 Idem.
324 2600 388 2627 ibid.

185 2634 212 2676 (ξ)
228 2635 338 2676 ψει-οη.
352 2634 423 2676 apud
435 2634 525 2676 Πειρη.
597 2635 730 2676 I‘inlnuect.
742 2638 807 2665 edit.
821 2639 934 2676 Bened.,
950 2644 1015 2676 io_m.
1031 2639 1075 2673 IV,
1091 2648 1116 2676 ρ.
1131 2641 1194 2670 430.

173 2669 214 2705 ((1)
224 2669 340 2705 ῨΗίοτοιι.
357 2669 437 2705 epist.
455 2670 501 2704 41,
517 2670 584 2698 alias
601 2672 646 2704 65,
663 2673 695 2699 ad
712 2672 915 2701 Pammachium
926 2669 954 2702 ét
965 2669 1115 2703 Oceanum.

173 2672 202 2704 (d
230 2672 340 2698 Hieron.
357 2672 437 2705 epist.
455 2672 501 2704 ιι,
517 2672 584 2698 alias
601 2672 646 2704 65,
663 2673 695 2699 ad
712 2672 928 2701 Pammachiumi

172 2672 214 2740 (te;
222 2704 332 2740 Hieron.
349 2705 429 2740 epist.
442 2705 487 2737 56,
504 2707 572 2732 alias
587 2706 632 2739 76,
646 2708 679 2733 ad
695 2706 928 2740 Tranquillinum.

173 2738 206 2774 (ι’)
221 2739 342 2776 giarium
353 2738 517 2768 eruditorum
528 2740 628 2776 Italia,
645 2747 710 2770 tom.
726 2738 797 2774 XIX.
812 2749 864 2771 art.
884 2743 926 2772 12.

173 2776 211 2810 (ε)
227 2774 294 2802 Ibid.
