1883 3072
130 115 164 144 15
839 114 1032 143 ΡηΑεπΑτιο.
1720 116 1752 144 ib

146 193 328 201 -————

990 194 1160 201 ῳ...-

1618 197 1752 204 ~—

718 276 1160 340 PRAEFATIO.

165 477 238 506 Inter
259 482 367 505 veteres
383 476 509 505 Ecclesia:
530 476 632 504 Grtecte
654 475 802 510 scriptores
825 474 917 501 nullus
932 476 955 504 Α
970 474 1082 500 relicum
1096 477 1120 500 et
1141 473 1338 508 corruptionem
1359 481 1390 500 ac
1410 474 1582 507 perditionem
1607 476 1756 502 animarum

131 524 189 551 fere
205 528 248 551 est
263 523 310 558 qui
326 524 359 551 de
372 531 400 550 se
415 527 517 550 tantam
536 527 665 560 qqantam
680 521 812 556 Origenes
827 521 919 548 erudi-

133 570 215 597 tionis
228 570 329 597 fatuam
344 570 485 605 reliquerit
498 569 567 604 apud
581 573 715 604 posteros.
727 568 768 595 Ad
786 569 920 595 humanas

133 614 293 650 disciplinas
310 614 380 649 quod
404 614 515 647 attinet,
539 613 715 645 dialecticam,
740 618 809 640 teste
825 613 919 640 lliero-

134 667 217 695 nymo
245 659 301 695 (α),
329 659 514 694 geometriam,
541 658 750 692 arithmeticam,
777 659 918 692 musicam,

133 706 351 740 grammaticam,
374 704 540 735 rhetoricam.
567 704 735 739 omniumque
756 705 921 739 philosopho-

135 759 195 777 rum
212 756 297 778 sectas
312 752 349 778 ita
367 751 471 783 didicit,
487 756 516 777 ut
531 752 662 778 studiosos
676 760 792 787 quosque
806 752 919 780 secula-

133 796 205 822 rium
218 795 366 822 litterarum
383 800 520 823 sectatores
539 795 655 823 haberet.
667 796 820 830 chularis,
835 798 921 833 inquit

135 841 269 868 Eusebius
291 842 337 876 (b).
356 841 512 869 litteratum
532 846 558 869 et
573 842 744 876 philosophia
761 843 852 869 studia
872 844 922 870 sibi

136 887 267 920 imprimis
282 888 429 914 necessaria
444 895 500 914 esse
514 888 681 914 existimavit.
697 887 829 920 Quantum
841 897 921 923 porro

134 932 166 958 in
185 932 218 959 iis
238 933 331 959 studiis
347 933 508 965 ext-elluerit.
533 940 609 961 testes
627 939 686 961 sunt
708 935 757 967 ipsi
785 934 921 969 gentilium

137 977 294 1012 philosophi,
310 979 354 1014 qui
369 980 425 1012 ejus
440 985 517 1006 tvtate
538 981 697 1014 floruerunt,
722 988 832 1015 quorum
847 980 875 1006 in
889 980 922 1006 li-

140 1024 194 1050 bris
211 1024 325 1050 crebram
339 1024 419 1058 hujus
439 1025 486 1051 uiri
502 1025 658 1052 mentionem
673 1026 731 1059 ﬁeri
750 1026 922 1058 deprehendi—

139 1077 208 1102 mus,
227 1070 287 1095 dum
302 1069 340 1096 uel
355 1070 474 1104 proprios
489 1070 570 1097 libros
589 1071 613 1098 ei
630 1076 793 1105 nuncupant,
810 1072 848 1098 uel
865 1080 923 1098 eos-

137 1114 198 1140 dem
220 1115 408 1142 exantinantlos
427 1120 551 1150 tanquam
566 1117 601 1143 ad
617 1117 772 1152 magistrum
790 1126 865 1144 suum
882 1119 923 1144 di-

972 518 1130 550 traduCnnt,
1153 518 1197 545 alii
1214 518 1379 546 doctissimis
1398 518 1545 546 defendunt
1566 520 1712 556 apologiis,
1728 526 1757 549 et
1781 533 1785 541 -

971 565 1114 591 secundum
1143 570 1200 598 post
1231 564 1362 599 apostolos
1389 563 1570 592 Ecelesiarum
1602 567 1754 601 magistrum

972 615 1141 644 nuncupant.
1156 609 1254 637 Libros
1266 610 1324 645 ejus
1339 609 1519 645 undequaque
1536 612 1715 646 conquisitos.
1730 618 1758 640 et

972 656 1118 682 maximam
1145 659 1248 689 partem
1277 662 1356 681 manu
1385 663 1432 683 sua
1449 656 1601 691 descriptos
1630 657 1759 685 Ecclesia

971 700 1138 728 Cinsareensi
1161 701 1271 728 dedicat
1300 700 1457 736 Pamphilus
1485 707 1589 737 martyr
1616 704 1672 738 (g);
1695 711 1759 730 ecce

972 752 1062 774 autent
1084 747 1235 774 Methodius
1260 752 1287 774 et
1309 747 1469 776 Eustathius
1500 754 1634 784 martyres
1660 750 1687 776 in
1713 757 1760 777 eos

972 793 1073 820 acriter
1097 793 1261 828 insurgunt,
1284 793 1502 831 Pachomiusque
1527 797 1623 829 abbas,
1642 803 1758 826 mortem

971 838 1026 873 jam
1050 839 1187 873 obiturus,
1208 841 1357 869 monachos
1379 849 1444 870 suos
1468 843 1502 870 ab
1521 851 1615 871 corum
1642 844 1760 872 lectione

974 886 1144 921 gravissimis
1169 886 1259 915 verbis
1286 888 1424 922 prohibet.
1447 889 1517 922 Quid
1541 898 1594 917 non
1623 890 1720 919 deinde
1743 900 1757 918 a

974 934 1133 969 'l'heophilo,
1151 934 1311 969 Epiphanio,
1326 934 1445 963 Honorio
1461 941 1488 963 et
1503 937 1631 970 Arcadio,
1651 946 1757 965 necnon

973 978 1127 1006 Justiniano
1147 983 1290 1011 tentatum,
1315 980 1436 1007 omnium
1455 981 1488 1008 de
1510 983 1635 1009 manibus
1653 983 1670 1010 ii
1695 984 1758 1011 libri

974 1027 1004 1049 ut
1018 1019 1221 1057 eicuterentur,
1245 1024 1348 1052 interea
1369 1025 1432 1052 dum
1454 1026 1563 1054 stabant
1582 1028 1615 1054 ab
1634 1027 1760 1064 Origenis

975 1075 1057 1095 causa
1081 1067 1240 1096 Theotimus
1261 1069 1434 1103 Tomitanus,
1455 1070 1574 1100 Joannes
1597 1072 1760 1109 Chrysosto-

976 1122 1048 1147 mus,
1070 1114 1171 1150 aliique
1195 1116 1348 1150 complures
1368 1118 1486 1153 episcopi
1510 1124 1538 1146 et
1553 1120 1694 1153 monachi,
1712 1122 1758 1156 qui

137 1162 238 1195 rigant.
258 1161 313 1188 Nec
333 1162 431 1188 mirum
447 1171 453 1188 :
477 1161 638 1189 Versabatur
652 1163 741 1195 enim,
767 1168 834 1190 teste
855 1163 921 1190 Por-
939 1159 960 1186 Β
974 1158 1033 1194 eius
1047 1159 1262 1192 dm'lnalionem-
1277 1167 1310 1187 "e
1328 1162 1431 1197 εοΐίρίο
1447 1163 1488 1190 νει
1503 1171 1616 1191 assensu
1632 1172 1759 1200 οοπιρτο-

136 1207 235 1242 phyrio
256 1207 307 1242 (c),
328 1208 433 1234 assidue
451 1217 510 1235 cum
527 1208 648 1236 Platone.
665 1208 792 1237 Numenii
811 1219 922 1245 quoque,

136 1251 245 1283 Cranii.
268 1252 456 1287 Apollophanis
472 1259 496 1280 et
510 1253 637 1289 Longini,
653 1254 785 1282 Moderati
807 1257 886 1282 etiant
900 1262 923 1282 et

137 1298 305 1331 Nicomachi,
327 1306 349 1326 et
372 1300 497 1332 aliorum,
517 1302 563 1335 qui
586 1301 654 1327 inter
681 1300 831 1328 Platonicos
853 1310 923 1335 prat-

137 1344 207 1378 cipui
223 1345 361 1376 habentur,
377 1347 473 1378 scripta
490 1346 608 1381 quotidie
625 1347 734 1374 habebat
748 1348 774 1373 in
793 1348 922 1374 manibus.

137 1390 282 1417 Adhibebat
303 1392 381 1418 etiam
400 1391 576 1419 Chteremonis
606 1393 690 1420 Stoici
709 1398 735 1420 et
758 1393 866 1421 Cornuti
891 1396 925 1421 li-

137 1437 207 1464 bros.
226 1438 259 1464 Et
275 1445 340 1465 sane
354 1439 477 1472 quamvis
500 1438 633 1472 ejusmodi
651 1440 804 1467 testimonia
825 1441 924 1468 deﬁce-

136 1487 200 1509 rent
225 1482 368 1517 Origenem
395 1483 422 1511 in
448 1483 492 1510 illa
519 1484 701 1512 humanarum
726 1493 815 1513 rerum
842 1491 924 1522 atque

137 1529 238 1556 artium
255 1529 381 1563 scientia,
395 1531 568 1558 declararent
589 1539 649 1558 eam
675 1531 754 1567 plane
776 1533 837 1560 libri
863 1539 924 1562 octo

137 1580 232 1601 contra
247 1575 366 1608 Celsum;
379 1577 452 1610 quod
467 1584 534 1611 opus
548 1585 632 1604 unum
646 1577 689 1605 vel
706 1579 852 1606 maximam
866 1587 925 1614 pro-

137 1620 263 1648 fanarum
297 1622 497 1650 institutionum
529 1620 872 1658 Suppeditat“ubertatem
898 1629 925 1653 et

136 1667 255 1702 copiam.

173 1711 268 1746 Qualis
293 1717 383 1740 autem
405 1718 575 1748 quantusque
599 1714 625 1740 in
645 1714 745 1742 divinis
764 1714 862 1747 fuerit,
884 1715 925 1742 fa-

137 1758 190 1785 cile
211 1757 417 1792 dijudicaretur,
437 1760 459 1786 si
485 1759 652 1787 voluminum
674 1760 772 1795 ingens
795 1767 924 1788 numerus

137 1805 292 1832 certissimo
314 1810 385 1832 esset
407 1805 440 1832 ad
465 1813 599 1833 summam
625 1807 807 1834 eruditionem
841 1815 924 1841 argu-

139 1856 244 1878 mento.
262 1851 423 1879 Vincentius
435 1851 586 1880 Lirinensis
602 1852 640 1889 (tl)
658 1852 775 1880 affirmat
790 1853 925 1881 neminem

140 1896 295 1924 mortalium
315 1896 392 1931 plura
416 1897 560 1933 scripsisse
586 1905 665 1932 quam
686 1899 842 1933 Origenem.
861 1898 925 1931 Quis

141 1948 271 1975 nostrum,
291 1943 380 1978 inquit
396 1943 577 1980 Hieronymus
593 1943 640 1980 (e),
657 1948 731 1971 tanta
748 1949 829 1979 potest
843 1944 927 1979 legere

140 1992 240 2022 quanta
257 1989 300 2015 ille
319 1989 494 2023 conscripsit!
514 1989 588 2016 Mille
603 1995 628 2016 et
648 1998 677 2016 eo
692 1989 804 2023 amplius
827 1994 927 2016 tracta-

139 2039 194 2067 tus,
215 2043 280 2069 quos
301 2035 330 2062 in
358 2035 468 2062 ecclesia
485 2035 589 2062 locutus
608 2040 661 2068 est,
679 2036 780 2068 edidit;
806 2037 925 2063 innume-

139 2080 236 2107 rabiles
259 2084 387 2115 prteterea
412 2082 625 2113 commentarius,
641 2089 706 2116 quos
730 2082 786 2114 ipse
810 2081 926 2116 appellat

139 2125 249 2161 νόμους.
265 2125 300 2153 Et
312 2126 365 2153 alio
383 2126 410 2153 in
427 2126 497 2159 loco,
519 2126 564 2153 ubi
581 2125 711 2153 Varronis
728 2126 798 2160 apud
813 2126 926 2154 Latinos

140 2171 242 2206 scripta
266 2171 357 2198 omnia
381 2171 491 2205 scriptis
515 2170 641 2206 Origenis
667 2171 736 2204 apud
751 2170 861 2198 Graecos
879 2178 928 2204 per

140 2217 309 2252 singulorum
346 2218 579 2244 enumerationem
608 2217 722 2244 contulit
745 2226 751 2244 :
777 2215 925 2250 Videtisne,

141 2264 229 2299 inquit
245 2263 291 2299 (Γ),
307 2268 332 2290 et
342 2263 450 2291 Graecos
465 2264 566 2298 pariter
587 2268 612 2290 et
632 2262 741 2290 Latinos
762 2263 839 2290 unius
856 2263 928 2298 (Ori-

141 2311 229 2346 genis)
249 2310 338 2337 labore
355 2311 513 2344 superatas?
527 2309 592 2342 Quis
620 2310 690 2337 enim
715 2317 829 2344 unquam
853 2315 927 2337 tanta

142 2357 227 2392 legere
239 2358 335 2392 potuit,
350 2363 450 2393 quanta
466 2358 519 2391 ipse
543 2357 720 2392 conscripsit?
739 2356 840 2384 Verum
854 2365 928 2384 com-

142 2409 248 2437 pertum
270 2407 329 2435 est,
352 2411 406 2438 quo
429 2404 545 2438 quisque
570 2403 647 2438 plura
672 2402 799 2436 scripsit,
817 2410 870 2429 non
896 2409 928 2430 eo

142 2456 249 2484 semper
264 2449 422 2481 doctiorem,
436 2453 482 2476 aut
499 2447 594 2482 majori
610 2449 720 2476 nomine
737 2449 848 2483 dignum
864 2455 927 2475 eva-

974 1204 1082 1237 barent,
1096 1206 1306 1232 recusaverunt?
1321 1205 1504 1243 Hieronymus
1518 1209 1619 1236 clamat
1633 1219 1639 1237 :
1655 1209 1760 1238 Credite

974 1253 1089 1283 experto,
1104 1250 1180 1284 quasi
1194 1249 1361 1277 Christianus
1378 1251 1537 1280 Christianis
1551 1252 1666 1288 loquor:
1686 1263 1761 1282 nene-

974 1299 1038 1321 nata
1053 1299 1114 1321 sunt
1127 1294 1199 1323 illius
1212 1297 1348 1330 dogmata,
1360 1296 1448 1323 aliena
1459 1306 1475 1324 a
1488 1296 1634 1332 Scripturis
1648 1301 1759 1332 sanctis.

974 1340 1025 1367 vim
1046 1339 1190 1375 Scripturis
1205 1341 1342 1375 facientia.
1355 1343 1389 1370 At
1404 1343 1460 1371 haec
1476 1344 1533 1378 ipsa
1557 1345 1614 1372 loca
1633 1353 1693 1380 quae
1717 1347 1760 1373 in-

975 1387 1083 1414 simulat
1098 1386 1250 1415 manil‘cstre
1265 1387 1291 1415 in
1313 1388 1472 1416 Trinitatem
1490 1390 1626 1419 haereseos
1648 1397 1761 1420 sanctus

975 1432 1087 1466 Doctor,
1112 1433 1240 1461 brevibus
1258 1442 1272 1460 a
1296 1434 1410 1470 Didymo
1434 1437 1640 1465 commentariis
1663 1438 1697 1465 ad
1713 1446 1761 1466 ca-

976 1479 1110 1508 tholicum
1126 1487 1237 1508 sensum
1256 1486 1435 1515 revocantur;
1452 1486 1549 1510 caatera
1568 1491 1633 1511 vero
1647 1489 1694 1511 aut
1715 1491 1763 1511 ca-

975 1525 1075 1553 tholice
1095 1525 1166 1553 dicta
1185 1525 1268 1553 fuisse
1291 1530 1337 1553 aut
1359 1527 1477 1554 nondum
1493 1527 1624 1556 Ecclesia:
1643 1530 1764 1558 decretis

976 1571 1149 1604 labefactata.
1164 1580 1224 1607 qua:
1238 1574 1342 1601 scilicet
1358 1581 1410 1601 non
1421 1579 1548 1608 tanquam
1564 1575 1688 1610 dogmata
1700 1583 1762 1611 pro-

976 1618 1098 1653 posuerit
1113 1618 1256 1653 Origenes,
1272 1620 1318 1647 sed
1341 1625 1371 1648 ut
1388 1621 1498 1656 quaesita
1517 1626 1621 1649 tantum
1637 1623 1760 1650 exercitii

976 1665 1190 1701 uniuscujusque
1210 1665 1315 1700 judicio
1331 1668 1502 1702 permiserit.
1526 1668 1694 1696 contendunt
1709 1669 1762 1696 Eu-

975 1711 1078 1743 sebius,
1096 1712 1236 1747 Didymus,
1251 1712 1408 1747 Pamphilus
1419 1718 1446 1740 et
1460 1713 1517 1741 alii.

1012 1757 1040 1784 In
1056 1758 1107 1785 hac
1125 1762 1198 1785 tanta
1216 1762 1255 1785 tot
1278 1758 1424 1786 illustrium
1446 1764 1567 1787 veterum
1594 1759 1763 1789 dissensione

978 1811 1072 1838 aequus
1096 1811 1128 1831 ac
1152 1805 1272 1839 prudens
1303 1812 1393 1832 rerum
1408 1805 1557 1834 aestimator
1577 1807 1735 1840 ohservabit
1753 1817 1761 1835 :

940 1836 963 1866 ο
979 1850 1007 1877 1ο
1019 1851 1072 1884 Qui
1083 1850 1173 1877 acrius
1187 1851 1213 1877 in
1233 1851 1380 1886 Origenem
1395 1851 1615 1885 insurrexerunt,
1629 1860 1678 1881 eos
1696 1853 1761 1880 dum

978 1897 1057 1923 noxia
1077 1896 1136 1931 ejus
1159 1897 1249 1924 omnia
1274 1897 1448 1932 opinamcnta
1464 1898 1498 1925 ad
1521 1906 1648 1926 nauseam
1675 1908 1763 1932 usque

978 1943 1094 1970 rccitant
1116 1948 1144 1970 et
1163 1943 1230 1970 diris
1250 1943 1394 1975 devovent,
1409 1943 1450 1970 vel
1467 1944 1566 1971 invitos
1583 1945 1650 1972 satis
1673 1945 1764 1972 decla-

978 1996 1039 2015 rare
1055 1988 1163 2023 probari
1186 1988 1237 2015 sibi
1251 1995 1418 2023 quaecunque
1432 1989 1459 2016 in
1476 1989 1534 2023 ejus
1557 1990 1633 2017 libris
1649 1992 1764 2018 minimo

979 2034 1202 2068 reprehenderint
1216 2041 1223 2060 :
1237 2042 1297 2069 qua:
1310 2042 1371 2062 cum
1387 2043 1500 2063 numero
1514 2035 1594 2071 longe
1607 2036 1682 2070 plura
1697 2037 1762 2069 sint,

977 2087 1060 2114 quam
1085 2087 1146 2114 quae
1170 2087 1284 2107 censura
1305 2088 1354 2108 sua
1379 2085 1523 2114 notarunt,
1545 2083 1699 2110 necessario
1717 2091 1762 2111 SC-

978 2127 1070 2160 quitur
1085 2126 1179 2160 paucis
1202 2127 1332 2161 permista
1358 2127 1437 2154 malis
1459 2135 1520 2155 esse
1536 2129 1605 2155 bona
1621 2136 1765 2164 propemo-

978 2173 1041 2200 dum
1057 2173 1210 2202 innumera.
1222 2173 1253 2200 2ο
1268 2173 1305 2200 Ex
1323 2173 1356 2200 iis
1377 2174 1424 2208 qui
1439 2175 1588 2202 ardentiori
1603 2175 1662 2202 uelo
1681 2175 1765 2203 libros

978 2218 1039 2252 ejus
1060 2226 1094 2246 ex
1119 2218 1241 2245 omnium
1267 2219 1394 2246 manibus
1416 2219 1599 2253 excutiebant,
1619 2221 1764 2256 nonnullos

978 2263 1077 2298 smpius
1095 2264 1121 2290 in
1135 2271 1230 2291 eorum
1255 2263 1371 2291 lectione
1389 2263 1578 2299 deprehensos
1596 2264 1691 2297 fuisse,
1705 2266 1765 2293 exi.

979 2310 1097 2337 miarum
1120 2316 1212 2337 rerum
1228 2317 1288 2344 qua:
1305 2311 1406 2345 passim
1422 2310 1449 2337 in
1465 2310 1520 2338 illis
1534 2315 1694 2344 oceurrunt,
1716 2313 1765 2338 ad-

980 2357 1124 2384 miratione
1147 2356 1297 2391 perculsos.
1315 2355 1361 2384 Sic
1383 2356 1551 2391 Theophilus
1571 2356 1616 2384 ille
1640 2356 1765 2391 Origcnl-

979 2403 1089 2435 mastix,
1106 2407 1166 2437 post
1180 2406 1308 2429 vexatum
1329 2402 1428 2429 misere
1443 2402 1675 2439 Chrysostomum,
1691 2403 1765 2430 Con-

980 2447 1155 2482 stantinopoli
1169 2447 1362 2474 Alexandriam
1379 2448 1475 2480 redux,
1489 2455 1551 2475 ctnn
1568 2453 1638 2476 esset
1661 2449 1686 2475 in
1703 2448 1766 2475 Ori-

141 2495 221 2522 sisse.
243 2494 319 2528 Quod
344 2495 367 2522 si
389 2495 423 2522 de
438 2494 564 2530 Origenis
589 2495 688 2530 peritia
714 2495 741 2522 in
757 2496 926 2529 exponendis
943 2503 965 2530 ι)
979 2494 1056 2529 genis
1070 2493 1186 2521 lectione
1199 2493 1397 2528 deprehensus,
1416 2495 1485 2521 scite
1499 2493 1584 2525 dixit,
1606 2495 1686 2520 libros
1707 2494 1764 2528 ejus

142 2542 290 2576 Scripturis
308 2541 474 2576 appellamus
488 2546 606 2574 veteres.
628 2541 717 2569 studia
737 2542 764 2569 in
787 2543 924 2569 contraria

141 2588 314 2620 scinduntur,
330 2593 360 2615 ut
374 2588 444 2615 inter
457 2587 611 2615 Catholieos
626 2587 700 2623 ipsos
713 2588 799 2615 sancti
813 2588 926 2620 sanctis,

141 2635 306 2670 martyribus
321 2639 472 2670 repugnent
487 2640 631 2670 martyres.
644 2633 720 2661 Illum
734 2634 778 2662 alii
794 2634 859 2662 velut
871 2635 926 2661 ha:—

177 2734 214 2772 (η)
235 2734 296 2772 Lib.
310 2734 410 2772 De_z_-ir.
427 2735 467 2762 ill.

178 2769 213 2806 (l1)
234 2771 294 2796 Lib.
308 2769 421 2806 villist.
435 2770 509 2802 etc!"
527 2778 590 2806 cap.
607 2771 639 2799 i8
655 2777 682 2799 et
700 2772 740 2799 ill.

178 2810 213 2842 te)
235 2806 311 2842 apud
326 2805 428 2842 Euseb.
442 2805 549 2842 ibidem.

178 2839 217 2876 id)
237 2840 263 2867 In
279 2839 496 2880 Comtuottitorio.

979 2539 1077 2566 similes
1105 2547 1160 2565 esse
1191 2543 1267 2573 prato
1298 2539 1368 2566 omni
1396 2539 1493 2573 [lorum
1525 2547 1617 2573 genere
1644 2540 1765 2570 consito;

978 2586 1001 2612 si
1015 2585 1078 2621 quid
1093 2586 1121 2612 in
1144 2584 1174 2611 iis
1199 2585 1295 2612 bonum
1319 2585 1460 2617 inveniret,
1483 2584 1509 2610 id
1525 2593 1553 2611 se
1573 2587 1726 2618 decerpere;
1743 2585 1767 2612 si

977 2632 1040 2664 quid
1065 2632 1201 2665 spinosum
1229 2631 1371 2663 uideretur,
1392 2631 1420 2658 id
1445 2640 1472 2658 se
1498 2637 1623 2666 tanquam
1646 2631 1767 2658 aculeum

1017 2736 1052 2770 (e)
1074 2734 1303 2772 Epis_t._li,_ali_a§
1315 2732 1360 2760 65.
1426 2770 1429 2772 _

1014 2766 1049 2805 (γ)
1069 2766 1146 2804 Apud
1166 2769 1256 2805 “utin.
1274 2768 1352 2805 ltb._n
1370 2770 1462 2794 contra
1483 2766 1638 2802 lliercnym.

1073 2803 1207 2838 Patnphi'l.
1224 2804 1250 2830 in
1269 2803 1382 2836 Apolog.
1646 2826 1651 2831 ,
