1883 3072
123 111 159 140 (5
831 108 1026 138 ΡῐῖᾹΞΕᾺΤΙΟ.
1719 112 1752 138 iii

124 170 270 197 transilire.
287 169 361 196 Alios
378 169 492 203 denique
508 167 616 195 disertis
643 169 733 196 verbis
755 169 833 195 fateri
853 169 912 202 plu-
929 171 948 196 Α
965 166 1023 193 Tibi
1035 175 1095 202 ergo
1112 168 1138 193 in
1153 174 1204 202 quo
1220 169 1322 194 somnio
1334 168 1510 194 Alexandrini
1522 169 1635 195 carceris
1652 171 1751 195 revela»

124 217 191 243 rima
206 223 240 243 ex
256 215 334 243 libris
347 217 405 252 ejus
420 214 523 249 percipi
539 221 619 249 posse
634 213 828 242 emolumenta.
844 214 909 247 Quis

123 262 268 292 artlentem,
283 261 372 295 inquit
389 261 568 297 Hieronymus
582 261 632 296 (a),
651 261 678 287 in
693 259 838 293 Scripturis
852 261 910 287 ani-

121 316 192 334 mum
209 315 259 334 non
283 306 413 333 miretur?
428 306 504 339 Quod
524 307 546 332 si
563 307 621 340 quis
641 304 727 332 ludas
744 304 845 332 Zelotes
861 314 909 339 op-

122 354 235 387 posuerit
247 362 349 380 errores
358 354 427 388 ejus,
436 353 529 379 audiat
544 352 626 379 libere
635 360 645 379 :

262 400 399 426 Interdum
419 406 531 434 magnus
547 398 677 425 dormitat
694 398 837 426 Homerus.

156 435 257 462 Verum
271 443 352 470 opere
368 435 394 461 in
411 434 491 467 longo
507 433 547 460 fas
561 438 602 460 est
623 434 756 468 obrepere
771 441 906 461 somnum.

499 478 627 512 (Horum,
638 478 664 506 in
671 480 734 506 Arte
748 479 873 514 poetica.)

124 537 186 564 Non
201 537 334 564 imitemur
353 536 409 571 ejus
429 537 501 569 vilia,
518 536 594 571 cujus
613 537 721 564 virtutes
743 545 796 563 non
813 545 908 570 possit-

121 593 190 611 mus.
208 584 240 610 Et
263 583 426 610 Vincentius
452 582 602 609 Lirinensis
624 581 672 617 (b),
695 581 791 615 Tanta,
811 581 908 615 inquit,

120 630 148 657 in
167 637 197 655 eo
212 629 292 655 totius
306 627 460 654 eruditionis
477 626 685 661 magniﬁcentia,
700 630 728 653 ut
742 634 831 653 omnes
845 634 910 661 pene

121 679 269 709 superaret,
286 683 316 700 ac
332 682 416 707 pauca
439 673 524 706 forent
547 673 654 707 divinw,
677 680 741 707 pene
765 672 839 699 nulla
860 673 909 698 Itu-

122 728 206 747 maua:
230 720 400 754 philosophiw
422 729 480 756 qua:
505 729 557 748 non
580 721 685 756 penitus
710 720 907 755 adsequeretur.

122 766 189 800 Ipsis
204 766 296 799 igitur,
320 766 390 801 apud
408 774 477 801 quos
494 766 601 794 violata:
617 766 678 793 lidei
703 774 766 794 reus
782 765 906 798 habetur,

122 812 193 839 ultro
215 812 377 844 fatentibus,
396 812 531 840 maximus
545 812 627 839 etiam
645 812 671 839 in
687 811 788 839 divinis
804 812 908 839 exstitit

121 857 264 893 Origenes.

156 903 246 938 Neque
264 908 306 931 est
322 905 393 938 quod
412 903 496 935 dicas.
517 904 561 930 vix
579 903 659 931 hodie
679 904 747 932 certi
770 903 907 939 quidpiam

122 956 154 976 ex
167 949 224 983 ejtts
245 951 354 984 scriptis
376 950 433 978 erui
451 957 552 984 pOSse:
571 951 668 978 inﬁdas
692 950 793 985 quippe
807 950 847 977 eis
861 949 910 976 ad-

121 995 237 1022 movisse
255 992 349 1022 inanus
367 996 548 1024 maleferiatos
562 1001 589 1024 et
611 997 754 1024 haereticos
770 996 906 1028 homines,

121 1041 166 1075 qui
182 1041 272 1075 spuria
289 1049 397 1076 quoque
411 1047 437 1069 et
453 1043 542 1071 aliena
558 1051 670 1078 prorsus
684 1050 766 1077 opera
782 1043 833 1070 sub
848 1042 908 1077 ejus

122 1087 231 1114 nomine
251 1087 396 1120 ediderint,
410 1088 511 1123 quique
528 1089 554 1116 id
568 1096 653 1124 genus
674 1089 826 1116 facinorum
847 1092 908 1123 post

119 1133 177 1168 ejus
206 1138 320 1160 mortem
349 1135 564 1169 perpelraverint
589 1135 685 1169 majori
716 1135 906 1167 conﬁdentia;

120 1186 243 1214 magnam
269 1184 400 1213 praeterea
424 1180 549 1214 Origeuis
572 1188 686 1214 operum
714 1185 818 1215 partem
845 1180 905 1207 sine

119 1223 214 1251 Grzeco
231 1231 356 1251 sermone
371 1225 449 1250 hodie
464 1225 634 1252 circumferri
642 1232 676 1253 ex
692 1225 750 1251 sola
771 1224 906 1258 interpre-

120 1271 222 1298 tatione
237 1270 336 1301 Ruﬁni,
351 1270 427 1304 cujus
441 1271 512 1297 ilnxa
530 1275 571 1298 est
587 1270 733 1297 admodum
755 1270 837 1303 ﬁdes;
855 1277 907 1297 nec

119 1323 199 1350 posse
223 1315 379 1351 quempiam
404 1315 466 1342 itide
488 1323 580 1342 veram
607 1314 762 1344 Adamantii
786 1320 905 1342 mentem

119 1361 264 1396 expiscari.
280 1360 391 1388 Multum
410 1361 482 1388 enim
504 1361 580 1389 abest
594 1366 624 1388 ut
640 1361 676 1388 sit
696 1361 755 1391 hzec
775 1361 905 1388 librorum

119 1408 178 1444 ejus
193 1413 247 1435 tam
266 1407 405 1443 explorata
421 1406 595 1439 adulteratio,
610 1414 693 1442 quam
711 1407 820 1434 videtur
837 1415 905 1434 non-

118 1454 210 1482 nullis.
223 1453 336 1481 Constat
348 1453 457 1488 quidem
470 1452 575 1488 aliquot
589 1453 731 1480 haireticos
746 1453 805 1487 ipso
818 1453 905 1480 adhuc

120 1501 228 1528 vivente
253 1507 286 1527 co
313 1499 434 1526 audaciae
457 1497 614 1531 devenisse,
635 1503 665 1525 ιιι
684 1505 718 1525 ex
742 1497 819 1525 libris
847 1497 904 1532 ejus

119 1546 250 1582 quosdam
279 1545 472 1580 corruperint,
499 1550 526 1573 et
557 1545 610 1572 alia
638 1545 687 1572 sub
712 1544 770 1579 ejus
796 1545 905 1572 nomine

118 1592 306 1628 evulgaverint
335 1591 452 1626 scripta,
475 1591 519 1618 ubi
549 1597 580 1617 ea
609 1590 701 1618 dicere
733 1590 903 1624 ﬁngebatur,

119 1645 179 1673 qua
197 1644 336 1671 nunquam
352 1636 376 1663 ei
394 1641 525 1663 venerant
548 1635 573 1662 in
594 1640 713 1663 mentem
738 1634 785 1671 lc).
805 1634 903 1662 Verum

118 1682 281 1711 brevissimo
308 1681 436 1716 temporis
461 1681 605 1708 intervallo
631 1681 734 1708 delecta
762 1681 839 1709 fraus
864 1687 906 1709 est

118 1739 173 1758 non
192 1730 251 1758 sine
272 1729 376 1764 ingenti
403 1727 574 1755 falsariorum
595 1728 739 1762 dedecore,
763 1734 904 1764 postquam

118 1783 228 1804 suorum
246 1775 303 1810 ipse
329 1781 441 1809 operttm
468 1773 628 1801 autlicntica
652 1774 821 1809 exemplaria
844 1782 905 1810 pro-

118 1821 195 1853 tulitl
218 1820 269 1848 alia
297 1819 348 1847 sibi
374 1818 442 1845 falso
467 1819 606 1853 supposita
631 1819 716 1847 fuisse
748 1820 837 1854 palam
867 1825 906 1847 te-

117 1873 214 1896 status.
247 1866 427 1900 Quamobrem
468 1866 601 1894 librorum
631 1865 691 1898 ejus
726 1865 904 1899 adulteratio,

116 1915 224 1942 vivente
250 1914 309 1948 ipso
341 1912 376 1940 ab
400 1912 535 1940 hmrcticis
568 1916 690 1945 tentata,
720 1913 836 1948 posteris
856 1921 904 1940 no-

115 1967 180 1988 cere
201 1967 254 1987 non
279 1959 385 1994 potuit:
410 1966 498 1994 neque
520 1959 593 1986 enim
617 1959 764 1986 verisimile
785 1963 828 1986 est
851 1959 904 1987 Ca-

117 2006 241 2039 tholicos,
257 2005 355 2033 auditis
368 2012 398 2032 ea
413 2005 446 2032 de
473 2012 501 2032 re
521 2004 646 2037 Origeuis
665 2005 794 2040 querelis,
821 2004 905 2032 libros

117 2061 186 2088 qttos
209 2051 330 2080 haeretici
352 2050 530 2079 subdiderant
552 2050 628 2078 ﬁctos
653 2055 681 2078 et
703 2050 904 2078 commentitios

117 2098 278 2133 posthabitis
302 2097 479 2131 exseripsisse
518 2096 590 2123 veris
629 2096 798 2131 sincerisque
828 2096 904 2123 libris

117 2152 185 2180 quos
208 2144 364 2172 exhibebat.
395 2142 498 2170 Deinde
523 2147 586 2178 post
611 2142 670 2176 ejus
697 2147 827 2175 mortem,
849 2151 902 2178 qua

963 219 1019 240 tum
1036 219 1085 245 est,
1101 219 1127 240 ut
1145 223 1203 249 qua:
1218 214 1262 241 ille
1283 223 1342 241 vera
1357 214 1505 249 proﬁtetur,
1527 215 1625 249 falsata
1651 215 1753 249 con/in-

961 259 1031 294 gas.’
1045 259 1096 286 Sed
1111 261 1222 294 forsitan
1245 260 1299 292 hic,
1317 264 1346 287 ut
1360 261 1488 292 Arianus,
1507 261 1539 287 ab
1554 261 1683 288 licereticis
1701 261 1751 287 ad-

962 306 1019 332 dita
1037 306 1062 333 in
1079 307 1242 334 occasionem
1261 307 1303 334 sui
1320 307 1401 333 traxit
1419 307 1527 340 erroris,
1551 315 1582 333 ne
1597 308 1670 334 solus
1684 307 1752 334 male

965 353 1079 379 sensisse
1113 358 1204 380 contra
1226 352 1374 380 Ecclesium
1395 359 1553 388 putaretur:
1566 355 1629 388 quid
1645 363 1752 389 respon-

961 397 1033 423 dcbis
1049 405 1097 430 pro
1117 396 1240 432 Didyme,
1255 399 1300 432 qui
1323 403 1391 425 certe
1408 400 1434 425 in
1452 398 1582 425 Trinitate
1598 399 1751 426 Catholicus

960 442 1017 469 est?
1033 443 1108 468 Certe
1125 442 1167 468 ltic
1191 442 1218 469 in
1241 443 1282 470 Itis
1303 451 1361 477 qnw
1379 446 1411 470 ab
1427 444 1558 471 limreticis
1576 445 1604 471 in
1630 446 1750 480 operibus

960 487 1054 514 addita
1077 494 1149 519 sunt,
1165 489 1314 515 consentire
1341 497 1393 516 non
1409 491 1505 523 potuit,
1521 496 1545 517 ct
1562 491 1589 517 in
1606 492 1669 525 ipsis
1684 492 1750 527 Περὶ

960 533 1052 569 ἀρχῶν
1063 542 1128 567 quos
1141 539 1169 560 tu
1184 535 1372 568 interpretatus
1387 543 1426 568 es,
1441 535 1515 562 libris
1529 536 1616 563 breves
1640 539 1748 565 dictavit

960 579 1188 607 commentariolos
1199 580 1292 615 quibus
1301 589 1353 607 non
1365 587 1470 616 negaret
1483 583 1515 608 ab
1526 581 1640 617 Origene
1652 584 1750 617 scripta

959 633 1018 659 qua:
1042 626 1141 659 scripta
1161 631 1232 658 sunt,
1261 626 1306 652 sed
1333 634 1380 652 nos
1400 627 1533 661 simplices
1559 628 1675 655 homines
1698 637 1750 655 non

959 679 1035 706 posse
1047 670 1193 706 intelligere
1214 679 1271 706 quia
1292 671 1429 705 dicuntur,
1450 677 1476 700 et
1498 682 1549 708 quo
1564 683 1641 701 sensu
1659 675 1685 701 in
1702 675 1749 701 bo—

960 723 1020 742 nam
1036 721 1138 750 partem
1154 718 1237 751 accipi
1250 718 1363 744 debeant
1375 719 1536 752 persuadere
1545 725 1669 747 conatur.
1691 719 1750 746 ΙΙοε

959 762 1090 789 duntaxat
1105 763 1136 789 de
1154 761 1223 789 Filio
1235 767 1259 789 et
1271 761 1371 796 Spiritu
1385 769 1489 794 sancto.
1501 764 1630 792 (laterum
1644 766 1672 793 in
1688 765 1750 793 aliis

960 808 1126 843 dogmatibus
1137 814 1161 835 et
1178 808 1308 836 Eusebius
1326 815 1349 836 et
1367 809 1496 845 Didymus
1508 817 1597 845 aperte
1610 813 1636 838 in
1653 811 1748 847 Orige-

960 854 1000 880 nis
1017 855 1083 880 scita
1099 854 1254 885 concedunt.
1270 859 1295 880 et
1321 855 1391 889 quod
1413 863 1502 883 omnes
1518 856 1644 884 Ecclesia:
1661 866 1749 891 repro-

960 900 1033 931 bant,
1044 900 1171 927 cat/iolice
1183 904 1208 926 et
1221 900 1262 934 pie
1276 900 1375 927 dictum
1388 909 1443 928 esse
1454 902 1606 936 defendunt.
1615 903 1748 931 Prmterea

959 946 1080 977 unicum,
1092 946 1164 980 quod
1187 945 1268 972 aliert
1283 946 1406 977 Ruﬁnus,
1424 953 1625 982 argumentum,
1641 951 1669 976 ut
1683 956 1748 983 pro~

959 990 1004 1018 bet
1018 990 1143 1026 Origcnis
1159 999 1241 1026 opera
1268 992 1352 1020 fuisse
1369 993 1403 1019 ab
1426 993 1562 1020 haereticis
1576 993 1681 1026 vitiata,
1699 1001 1748 1028 pc-

960 1037 1026 1064 titnr
1036 1046 1070 1065 ex
1087 1038 1153 1065 locis
1171 1039 1241 1066 iutcr
1257 1047 1288 1067 se
1303 1039 1497 1075 pugnantibus,
1512 1038 1664 1073 cuiusmodi
1679 1047 1749 1068 nori-

959 1084 1033 1111 uulla
1050 1085 1077 1112 in
1093 1085 1145 1112 hoc
1161 1086 1295 1120 scriptore
1318 1086 1521 1122 deprehendere
1539 1086 1591 1114 sibi
1606 1087 1682 1114 visus
1695 1092 1746 1113 est.

962 1130 1070 1162 Verum,
1090 1132 1178 1166 inquit
1205 1132 1450 1168 Ilieronymus(e),
1478 1134 1499 1160 si
1523 1133 1688 1166 conceditur,
1716 1139 1745 1159 ut

958 1177 1084 1212 quidquid
1098 1178 1125 1203 in
1144 1178 1218 1204 libris
1239 1179 1357 1205 omnium
1377 1179 1505 1213 reperitur
1526 1180 1698 1212 contrarium,
1713 1180 1746 1205 ab

958 1222 1022 1249 aliis
1035 1227 1186 1254 corruptum
1199 1223 1244 1255 sit,
1268 1223 1334 1250 nihil
1354 1232 1444 1251 eorum
1463 1225 1513 1251 erit
1534 1233 1644 1260 quorum
1660 1225 1747 1260 fertur

959 1269 1119 1303 nominibus,
1133 1271 1179 1297 sed
1197 1271 1237 1298 his
1252 1271 1433 1305 deputabitur,
1445 1281 1461 1299 (ι
1472 1273 1566 1307 quibus
1579 1272 1680 1299 dicitur
1689 1280 1747 1298 esse

957 1316 1269 1353 violatum:quanquam
1295 1324 1318 1345 et
1342 1319 1448 1346 illorum
1471 1327 1524 1346 non
1546 1320 1606 1351 erit,
1630 1328 1744 1353 quorum

956 1363 1056 1390 incerta
1073 1369 1133 1391 sunt
1151 1364 1269 1392 nomina.
1286 1366 1368 1400 Atque
1380 1366 1415 1392 ita
1426 1366 1481 1401 fiet,
1496 1370 1525 1393 ut
1541 1366 1604 1393 dum
1627 1367 1744 1393 omnium

957 1409 1046 1435 omnia
1065 1414 1136 1441 sunt,
1162 1410 1227 1436 nihil
1245 1410 1358 1444 alicujus
1373 1410 1417 1438 sit.
1438 1410 1494 1438 "ac
1510 1411 1671 1447 defensionis
1685 1420 1745 1444 per—

957 1454 1106 1481 turbatione
1121 1463 1166 1481 nec
1182 1454 1315 1487 Marcion,
1335 1464 1381 1483 nec
1400 1456 1574 1488 Manichacus,
1589 1466 1635 1484 nec
1653 1457 1743 1488 Arius,

957 1507 1003 1526 nec
1015 1499 1165 1527 Eunomius
1180 1501 1301 1528 accusari
1319 1506 1453 1536 poterunt,
1475 1503 1536 1537 quia
1556 1503 1682 1538 quidquid
1697 1511 1743 1529 nos

957 1545 989 1572 ab
1005 1545 1045 1572 his
1065 1546 1145 1579 impie
1160 1546 1260 1573 dictum
1284 1546 1469 1581 objccerimus,
1490 1548 1613 1582 discipuli
1635 1556 1743 1582 respon—

956 1590 1053 1618 debunt
1069 1599 1121 1618 non
1140 1600 1156 1618 a
1174 1593 1306 1626 magistris
1318 1595 1372 1619 suis
1393 1592 1431 1619 ita
1448 1593 1558 1626 editum,
1582 1594 1627 1620 sed
1645 1593 1676 1620 ab
1691 1593 1744 1620 ini-

956 1638 1030 1664 micis
1055 1645 1109 1665 esse
1135 1637 1274 1665 violatum.
1293 1638 1349 1666 IIoc
1373 1647 1466 1674 genere
1488 1646 1510 1666 et
1533 1641 1581 1666 iste
1600 1640 1653 1673 ipse
1681 1644 1742 1666 tuus

956 1684 1034 1717 liber,
1047 1689 1108 1712 tuus
1123 1693 1175 1711 non
1188 1685 1250 1718 crit,
1264 1686 1308 1712 sed
1323 1685 1435 1719 forsitan
1450 1693 1521 1712 meus
1531 1693 1539 1717 ,'
1550 1690 1574 1712 et
1587 1693 1656 1712 incus
1665 1685 1741 1715 liber,

955 1739 1006 1764 quo
1021 1731 1067 1758 tibi
1082 1735 1220 1757 accusatus
1237 1732 1392 1766 respondeo,
1407 1731 1430 1758 si
1444 1731 1470 1758 in
1481 1731 1525 1757 illo
1540 1730 1641 1766 aliquid
1654 1739 1742 1765 repre-

956 1775 1088 1808 henderis,
1101 1785 1152 1803 non
1166 1777 1214 1803 erit
1232 1784 1315 1809 meus,
1331 1776 1376 1803 sed
1396 1781 1456 1803 tuus
1470 1785 1487 1803 a
1507 1785 1558 1812 quo
1575 1777 1741 1811 repreliendi-

956 1827 1010 1849 tur.
1024 1820 1056 1848 Et
1071 1822 1134 1848 dum
1151 1822 1240 1848 omnia
1258 1822 1293 1848 ad
1309 1822 1445 1849 Iuvreticos
1461 1822 1554 1857 refers,
1567 1822 1631 1856 quid
1660 1821 1741 1848 eccle-

955 1868 1068 1895 siasticis
1085 1868 1194 1900 tribues,
1216 1864 1313 1902 quibus
1335 1869 1470 1903 proprium
1498 1867 1565 1894 nihil
1594 1868 1718 1902 relinquis
1729 1868 1745 1893 2'

956 1912 991 1939 Et
1005 1914 1145 1948 quomoda,
1163 1914 1278 1948 inquies,
1306 1913 1333 1940 in
1354 1913 1429 1941 libris
1451 1922 1541 1941 eorum
1559 1915 1652 1941 vitiosa
1671 1922 1738 1940 non-

956 1959 1031 1986 nulla
1055 1960 1134 1986 sunt?
1148 1958 1178 1986 Si
1202 1967 1241 1986 me
1262 1967 1355 1986 causas
1369 1960 1492 1986 vitiorum
1515 1960 1613 1986 nescire
1632 1967 1741 1993 respon-

955 2007 1028 2038 dero,
1045 2013 1096 2032 non
1109 2005 1198 2032 statim
1211 2005 1272 2032 illos
1283 2005 1419 2032 luereticos
1427 2005 1565 2040 judicabu.
1583 2005 1656 2031 Fieri
1669 2005 1738 2032 enim

954 2056 1049 2085 potest,
1073 2055 1101 2079 ut
1121 2051 1161 2077 vel
1184 2051 1338 2085 simpliciter
1356 2056 1511 2084 erraverint,
1528 2050 1567 2078 vel
1588 2051 1641 2077 alio
1659 2058 1738 2077 sensu

954 2097 1114 2131 scripserint,
1132 2097 1170 2124 vel
1190 2103 1260 2124 certe
1277 2102 1417 2132 antequam
1435 2098 1461 2124 in
1481 2097 1642 2124 Alexandria
1661 2097 1738 2130 quasi

955 2143 1112 2170 daemonium
1127 2144 1301 2170 meridianum
1315 2144 1391 2170 Arius
1411 2150 1573 2176 nasceretur,
1586 2144 1737 2170 innocenter

116 2191 206 2226 specie
228 2191 352 2218 veritatis
375 2194 466 2217 movet
487 2189 545 2216 haec
568 2189 749 2217 adulterat-io?
776 2189 900 2222 Ruﬁnus,
917 2190 941 2219 D
954 2189 1074 2223 quadam
1089 2194 1113 2216 et
1127 2189 1214 2216 minus
1240 2195 1314 2216 caute
1336 2190 1416 2216 locuti
1428 2191 1479 2216 sint
1499 2196 1524 2216 et
1541 2198 1599 2224 qua:
1614 2197 1737 2223 nonpos-

116 2244 143 2265 ct
167 2237 235 2265 alter
266 2236 419 2272 apologista
447 2236 525 2271 cujus
556 2235 681 2263 meminit
713 2235 825 2263 Photius
854 2243 898 2264 co-

116 2284 175 2310 dice
196 2283 262 2316 H7,
288 2281 338 2309 soli
365 2286 427 2309 sunt
454 2280 500 2316 qui
531 2282 582 2308 hoc
607 2280 705 2316 ciiugio
729 2286 852 2313 utantur,
873 2286 902 2308 ut

116 2337 178 2357 eum
195 2329 229 2356 ab
245 2328 369 2363 impactis
384 2327 489 2354 violata:
507 2326 567 2354 ﬁdei
593 2327 752 2355 criminibus
773 2327 897 2355 Iiberenl.

116 2376 189 2403 Scite
205 2375 332 2403 observat
347 2374 530 2408 Hieronymus
553 2373 754 2408 depravationis
767 2373 900 2409 ejusmodi

115 2422 279 2451 mentionem
299 2420 397 2448 lactant
413 2427 467 2447 non
484 2426 544 2446 esse
573 2418 599 2446 in
615 2419 743 2454 Apologia
765 2427 813 2454 pro
836 2418 899 2445 Ori-

114 2476 186 2503 gene,
205 2474 287 2502 quam
304 2466 349 2493 uni
375 2464 487 2501 martyri
504 2465 644 2500 Pamphilo
664 2465 758 2493 tribuit
775 2465 898 2495 Ruﬁnus,

114 2514 237 2548 quamvis
259 2513 432 2548 praestantior
447 2519 512 2546 pars
534 2511 651 2540 Eusebio
674 2511 810 2546 Pamphili
827 2511 898 2538 refe-

114 2561 196 2588 renda
221 2561 256 2588 sit
279 2563 402 2594 accepta.
431 2558 477 2586 Vir
498 2559 668 2585 doctissimus
697 2557 837 2590 Eusebius,
859 2557 899 2584 iu-

114 2607 172 2639 quit
184 2606 280 2640 (d),....
293 2613 339 2639 per
352 2612 398 2631 sex
410 2604 540 2631 volumina
553 2603 619 2631 nihil
631 2604 704 2630 aliud
724 2603 787 2638 egit,
806 2604 855 2630 nisi
870 2608 898 2629 ut

114 2651 251 2685 tlrigcnem
266 2658 321 2676 sua:
336 2650 456 2676 ostendat
469 2649 543 2683 ﬁdei,
557 2649 584 2675 id
598 2656 635 2676 est
648 2649 756 2676 Ariona!
768 2649 896 2684 perﬁdiw,

113 2702 134 2721 gl
157 2695 241 2722 multa
262 2696 334 2729 ponit
356 2698 482 2730 exenipla,
502 2701 526 2722 ct
550 2697 598 2722 hoc
616 2700 767 2722 constanter
792 2695 896 2729 probat.

149 2764 186 2797 (ἀ)
207 2763 256 2798 Ερ.
272 2764 318 2795 41,
331 2763 399 2791 alias
413 2764 458 2790 65.

148 2800 184 2832 (ὓ)
205 2797 235 2825 In
247 2797 464 2826 Commonitorio.

148 2835 183 2869 (ε)
204 2833 269 2861 Vide
281 2834 359 2868 epist.
370 2834 404 2860 ad
419 2835 521 2862 amicos
535 2836 612 2862 Alex.

953 2235 1006 2261 sint
1035 2243 1214 2266 perversurum
1238 2235 1374 2262 hominum
1401 2235 1559 2261 calumniam
1590 2234 1734 2262 declinare.

953 2280 1055 2308 Deinde
1072 2281 1141 2308 hanc
1164 2280 1388 2309 deformatimiem
1412 2281 1525 2308 Ruﬁnus
1550 2283 1736 2307 tantummodo

952 2326 1070 2361 ponebat
1085 2327 1112 2354 iu
1127 2327 1231 2362 aliquot
1245 2327 1377 2355 librorum
1393 2328 1464 2362 Περὶ
1484 2327 1584 2363 ἀρχῶν
1596 2328 1664 2356 locis
1677 2335 1736 2362 qutc

952 2373 1097 2401 Catholica:
1123 2374 1156 2401 de
1171 2373 1306 2401 Trinitate
1322 2373 1386 2401 ﬁdei
1402 2374 1563 2401 videbantur
1578 2373 1735 2406 adversari;

952 2420 1009 2453 sed,
1032 2424 1061 2447 ut
1082 2419 1137 2453 jam
1155 2420 1283 2452 diximus,
1301 2420 1395 2447 eadem
1421 2420 1478 2454 ipsa
1494 2419 1552 2448 loca
1573 2427 1622 2454 pro
1638 2420 1735 2455 genui—

951 2467 993 2494 nis
1004 2474 1137 2502 agnovere
1155 2466 1287 2494 Eusebius
1301 2471 1327 2494 et
1340 2467 1478 2502 Didymus,
1496 2468 1547 2493 hoc
1563 2473 1617 2493 uno
1632 2466 1731 2494 discri-

952 2513 1034 2544 mine,
1048 2514 1119 2547 quod
1135 2513 1192 2539 hmc
1220 2513 1265 2540 ille
1288 2513 1321 2539 ad
1346 2513 1488 2544 Arianum,
1506 2512 1551 2538 hic
1566 2513 1599 2538 ad
1614 2511 1733 2539 Catholi-

950 2566 1010 2586 cuin
1034 2567 1144 2586 sensum
1168 2559 1295 2586 brevibus
1320 2558 1432 2586 scholiis
1459 2558 1593 2586 trahebat.
1622 2555 1734 2591 Insuper

949 2612 1118 2640 quaecunque
1134 2612 1149 2632 a
1167 2605 1304 2632 veteribus
1323 2605 1348 2631 in
1374 2604 1544 2639 Origeniauis
1568 2604 1676 2637 scriptis
1693 2611 1734 2631 re-

951 2651 1130 2684 prehensione
1156 2655 1183 2677 et
1205 2658 1320 2677 censura
1346 2651 1425 2685 digna
1443 2650 1499 2677 visa
1522 2653 1594 2681 sunt,
1621 2657 1651 2677 ea
1679 2657 1732 2677 non

950 2703 1013 2730 uno,
1026 2696 1130 2723 duobus
1149 2697 1269 2724 tribusve
1287 2695 1436 2724 cuuuliatis
1452 2695 1628 2723 continentur
1642 2703 1702 2730 quae
1717 2702 1734 2724 e

985 2763 1024 2796 (τι)
1039 2763 1097 2791 Lib.
1115 2771 1133 2790 ti
1148 2763 1249 2790 advers.
1261 2763 1360 2797 Rufin.,
1378 2770 1404 2796 p.
1420 2762 1481 2788 407.

985 2799 1019 2833 te)
1038 2799 1118 2831 Ibid,
1136 2807 1161 2833 p.
1175 2799 1237 2825 40!).
