1883 3072
126 161 159 187 ιτ
837 162 1030 190 ΡιιίΕΡΑτιο.
1719 164 1753 191 l8

102 212 108 217 ”
126 216 191 244 solis
204 216 272 249 Περὶ
288 215 389 251 ἀρχῶν
404 216 480 244 libris
495 222 624 252 excerpta
641 218 707 249 sint,
727 223 756 245 et
772 218 805 245 ab
820 218 915 253 Origc-
929 221 951 249 Α
968 218 1093 252 Origenes
1113 220 1145 246 de
1161 218 1242 246 Patre
1255 225 1278 246 et
1294 219 1364 246 Filio
1380 226 1403 247 et
1420 219 1521 254 Spiritu
1535 225 1626 247 sancta
1636 222 1751 252 dixerat,

125 263 206 288 uti:qu
231 263 372 297 proposito
393 263 616 297 disjuuctissima.
634 264 738 298 Corpus
763 264 850 299 ipsum
870 270 913 292 est

124 308 296 341 Origenianzn
323 309 470 340 docti-inte,
501 315 690 344 argumentum
719 310 812 344 operis
841 311 911 344 Περὶ

121 353 234 389 ἀρχῶν,
250 354 423 381 fundamenta
437 355 537 389 quibus
552 355 686 390 integrum
702 356 800 383 nititur
815 355 910 391 Orige-

123 401 165 427 nis
179 406 311 436 systema,
329 401 472 432 culumum,
498 409 612 436 quarum
636 409 688 429 una
705 410 799 430 eversa
826 408 910 430 totum

123 454 202 473 ruere
218 455 327 474 necesse
338 451 378 474 est
390 447 546 474 aedilicium.
565 447 686 483 Denique
700 456 759 482 quae
774 448 911 476 veteribus

120 492 188 519 vitia
206 493 261 519 risa
278 498 342 519 sunt
359 493 385 519 in
399 493 474 520 libris
485 493 557 527 Περὶ
575 493 685 528 ἀρχῶν,
700 493 800 521 eadem
818 494 911 522 rideas

121 537 149 565 in
165 538 226 565 aliis
237 539 316 572 hujus
328 538 468 572 scriptoris
481 539 611 573 operibus
623 539 745 573 dispersa
758 548 765 571 ς
785 540 910 566 doctrina

122 584 222 618 ubique
239 584 345 615 eadem,
363 584 460 611 eadem
477 585 626 620 singularia
646 586 746 617 ubique
762 590 827 612 sunt
849 585 909 620 opi-

121 635 260 657 nauicula.
284 630 349 663 Quis
378 637 458 663 porro
485 631 511 657 iu
528 631 648 657 animum
675 631 787 658 inducat.
817 639 910 664 sttttm,

119 676 214 702 omnia
239 675 318 702 simul
348 675 474 710 Origeuis
497 683 580 710 opera
606 683 721 710 quorum
739 677 833 710 ingens
850 681 909 704 erat

121 730 264 753 numerus,
283 722 367 749 fuisse
383 722 416 749 ab
432 722 570 750 hmreticis
587 723 750 753 deformata.
779 728 907 756 perversa

119 771 147 794 et
160 769 335 800 conturbata,
353 769 389 795 ita
413 775 441 795 ut
468 776 502 795 ne
519 776 602 796 unum
619 770 729 803 quidem
747 770 908 797 remanserit

119 814 192 848 quod
207 814 304 840 inlidas
317 821 410 841 eorum
428 821 523 840 manus
537 813 673 849 clTugerit,
691 822 725 841 ne
740 814 783 841 illa
799 814 906 848 quidem

120 859 216 894 ingens
231 860 400 886 voluminum
423 859 543 893 supellex
562 867 622 894 qua:
645 864 741 894 suapte
763 867 843 887 manu
857 860 906 887 de-

118 906 218 940 scripta
249 906 378 933 Ecclesiae
402 905 568 933 Caesareensi
591 905 727 933 dedicavit
750 905 908 940 Pamphilus

120 951 241 987 martyr?
256 951 353 978 Credat
372 951 483 978 Judwtts
498 951 601 985 Apella,
618 959 670 978 non
687 960 744 986 ego.

155 997 232 1030 Quod
249 998 282 1024 ad
307 1004 389 1031 opera
416 1002 521 1031 spectat
545 1004 663 1031 quormu
682 996 795 1024 Graecus
817 1003 912 1023 sermo

122 1043 237 1075 interiit,
260 1048 286 1070 et
307 1042 366 1070 sola
381 1048 505 1076 superest
524 1043 619 1070 Latina
638 1043 726 1070 llulini
745 1043 908 1078 interpreta-

120 1088 169 1120 tio.
189 1088 313 1116 homilias
329 1088 355 1115 itt
371 1087 463 1116 Jesum
492 1087 576 1121 Nave,
599 1089 627 1116 i-u
654 1089 753 1116 librum
769 1087 906 1121 Iudicum,

118 1135 145 1161 iu
165 1134 283 1167 psalmos
304 1142 397 1166 xxxvi,
423 1142 516 1161 xxxv"
534 1139 561 1162 et
581 1142 695 1168 xxxviii,
716 1135 869 1169 simpliciter
880 1143 908 1162 se

117 1182 276 1215 orpressisse
299 1186 327 1208 ut
343 1182 478 1208 invenerat
495 1181 522 1207 in
537 1179 641 1213 (ἓν-αισι),
658 1180 773 1207 liullnus
791 1184 907 1208 testatur

120 1235 145 1253 tn
164 1228 337 1261 peroratione
362 1226 505 1261 subjuncta
530 1227 744 1254 Commentariis
757 1227 784 1253 iu
799 1226 909 1261 Episto-

117 1273 170 1300 lam
184 1274 218 1300 ad
232 1274 384 1307 Romanos;
402 1274 429 1300 iu
446 1274 559 1308 reliquis
578 1277 681 1304 autem,
698 1279 794 1307 nempe
812 1272 839 1298 in
853 1271 906 1300 Ge-

117 1319 215 1353 uesim,
243 1320 269 1347 in
291 1319 452 1354 chiticum,
481 1323 507 1348 in
531 1319 640 1351 Isaiam,
670 1318 697 1345 in
726 1318 806 1346 tomis
823 1326 906 1353 super

117 1364 231 1393 (λιιιιίεο
246 1367 430 1400 canticorum,
453 1367 481 1394 iu
506 1366 703 1400 Explanatione
724 1365 852 1400 Epistola:
871 1365 904 1392 ad

118 1409 269 1443 Romanos,
289 1412 370 1438 nimia
385 1413 473 1447 ipsqu
496 1419 573 1439 usum
591 1411 674 1438 fuisse
688 1410 808 1443 licentia,
824 1410 905 1437 dissi-

119 1458 215 1486 mulari
231 1460 334 1493 nequit.
346 1459 456 1487 Fatetur
467 1459 494 1486 in
509 1459 553 1486 illa
565 1466 647 1493 quam
663 1458 719 1486 dixi
731 1456 904 1492 peroratione

117 1511 147 1530 sc
164 1504 190 1530 in
203 1504 324 1532 homiliis
339 1505 364 1532 in
381 1505 519 1536 Genesim,
536 1504 563 1531 in
576 1503 711 1537 Exedunt,
727 1507 754 1530 et
768 1502 905 1538 praecipue

117 1550 144 1576 in
161 1549 311 1577 Leviticum
329 1551 412 1578 multa
436 1553 469 1578 de
485 1559 534 1578 suo
553 1549 690 1577 addidisse
704 1557 711 1576 :
728 1548 811 1581 Quem
826 1548 902 1575 labo-
916 1559 939 1590 ρ

116 1603 182 1628 rem,
199 1595 296 1630 inquit,
312 1597 471 1630 adimplendi
493 1604 553 1631 qua
566 1597 685 1629 deerant,
701 1595 800 1622 idcirco
815 1602 904 1621 susu-

116 1640 215 1673 pimus,
233 1649 265 1667 ne
285 1641 397 1675 pulsata
420 1642 576 1676 qurestiones
602 1646 626 1668 et
645 1640 742 1668 relicta:
758 1639 852 1667 Latino
865 1639 904 1666 le-

117 1686 184 1712 ctori
200 1686 339 1720 fastidium
363 1692 528 1722 generarent.
550 1687 648 1714 Eadem
665 1686 716 1713 sibi
734 1685 860 1720 permisit
876 1683 903 1710 in

119 1731 257 1758 vertendis
269 1731 478 1760 Commentariis
492 1732 518 1759 in
538 1732 685 1767 Epistolam
701 1731 734 1758 ad
749 1731 904 1758 Romanos.

118 1777 184 1803 Nam
200 1785 262 1804 cum
284 1778 354 1811 apud
373 1779 490 1805 omnium
508 1780 563 1812 fere
579 1777 747 1805 bibliothecas
765 1777 903 1812 (incertum

117 1832 167 1858 quo
186 1824 260 1858 rasu)
276 1825 413 1859 aliquanta
433 1833 466 1851 επ
481 1825 538 1858 ipso
552 1832 660 1859 corpore
675 1822 810 1851 uolumina
823 1823 903 1849 dees—

117 1874 190 1902 sent,
206 1870 353 1905 adimplere
370 1878 429 1906 qua:
444 1871 563 1902 deerant,
580 1876 656 1905 atque
674 1871 701 1897 in
719 1869 814 1896 Latino
826 1876 904 1903 opere

117 1917 245 1950 integrant
258 1917 468 1951 consequentiam
480 1917 545 1943 dare
560 1916 686 1948 tentavit,
701 1916 754 1942 imo
766 1922 844 1942 omne
853 1914 903 1941 Itoc

118 1961 207 1987 decem
232 1961 394 1989 voluminum
419 1970 513 1996 corpus
534 1962 604 1997 quod
618 1960 728 1989 Graecus
756 1969 842 1988 sermo
869 1961 904 1987 ad

116 2003 294 2038 quadraginta
323 2005 377 2039 fere
402 2011 449 2032 aut
475 2014 505 2032 eo
533 2006 647 2041 amplius
674 2006 760 2033 millia
779 2013 903 2033 versuum

116 2050 250 2082 perduxit,
267 2051 425 2078 abbreviarit
443 2056 469 2078 et
485 2051 520 2077 ad
535 2052 620 2078 media
637 2053 724 2087 spatia
749 2052 901 2079 coarctavit.

117 2094 145 2122 lu
161 2096 320 2130 prmlatione
334 2097 367 2124 ad
380 2097 463 2125 libros
477 2098 547 2132 Περὶ
563 2097 664 2132 ἀρχῶν
677 2098 775 2125 asserit
786 2099 902 2132 primum

117 2150 147 2169 se
165 2143 210 2170 ubi
230 2143 257 2170 in
272 2143 347 2170 hisce
361 2143 438 2171 libris
452 2144 555 2179 aliquid
568 2149 662 2172 contra
679 2144 703 2170 id
714 2144 817 2171 invenit
831 2145 902 2179 quod

116 2190 151 2216 ab
163 2189 282 2224 Origene
296 2193 404 2220 eteteris
426 2193 452 2219 in
473 2193 539 2221 locis
562 2194 605 2228 pie
619 2194 651 2220 de
664 2192 798 2220 Trinitate
813 2193 904 2220 fuerat

964 269 987 290 et
1000 272 1057 298 qure
1072 263 1198 291 Romanre
1214 273 1295 292 aures
1318 265 1388 299 ferre
1404 273 1455 292 non
1470 270 1602 299 poterant,
1619 266 1647 292 i’n
1663 266 1750 292 meliu-

964 317 1018 335 rem
1038 313 1141 342 partem
1157 309 1190 336 ab
1204 309 1344 344 interprete
1359 314 1537 342 commutata;
1555 316 1650 337 ca-tera
1663 317 1751 337 autem

964 354 1089 389 dogmata
1110 355 1142 382 de
1163 355 1315 390 angelorum
1331 356 1421 388 ruina,
1437 355 1468 383 de
1489 356 1638 383 animarum
1661 357 1749 390 Ιαμδιι,

963 400 995 427 de
1007 401 1208 428 resurrectionis
1222 401 1376 436 prwsh’giis,
1387 402 1419 427 de
1432 402 1529 429 mundo
1550 402 1589 429 vel
1604 403 1750 429 intermun-

963 446 1005 472 dis
1020 445 1143 481 Epicuri.
1157 448 1189 473 de
1201 447 1369 474 restitutione
1380 447 1498 474 omnium
1510 448 1537 474 in
1554 447 1680 482 (equa/ent
1694 453 1750 474 stn-

962 497 1029 524 tnm,
1051 497 1075 519 et
1097 493 1181 519 multo
1195 493 1236 519 Itis
1256 493 1399 524 deteriora,
1419 500 1478 527 quw
1499 493 1604 526 longum
1624 500 1691 521 esset
1710 503 1749 521 re-

963 542 1058 571 texere,
1074 539 1113 566 vel
1128 539 1166 565 ita
1181 540 1290 566 uertisse
1304 545 1332 566 ut
1348 539 1374 566 in
1391 538 1483 566 erco
1504 539 1648 572 invenerat,
1662 541 1702 567 vel
1716 541 1750 566 de

962 585 1184 611 commentariolis
1212 584 1321 620 Didymi
1348 584 1394 617 qui
1425 583 1548 618 Origenis
1570 589 1749 619 propugnator

960 635 1010 662 est,
1030 635 1187 665 exaggerata
1206 635 1230 657 et
1243 631 1362 664 ﬁrmiora
1377 630 1504 665 posuisse.
1520 629 1599 657 Fallit
1611 637 1676 665 ergo
1690 631 1748 658 Ilu-

961 676 1041 708 linus,
1060 683 1122 703 ctttn
1138 676 1177 703 ait
1193 683 1221 704 se
1234 676 1377 709 vertendo,
1393 676 1460 702 nihil
1475 676 1578 703 dixis~e
1595 684 1683 708 suum,
1699 677 1748 704 sed

961 722 1024 749 licet
1041 722 1067 749 iu
1082 721 1142 750 aliis
1165 722 1233 749 locis
1250 722 1334 754 dicta,
1351 730 1400 750 sua
1423 728 1513 750 tamen
1530 723 1640 758 Origeui
1654 724 1749 751 reddi-

960 768 1044 800 disse,
1068 768 1298 803 quandoquidem,
1323 772 1392 795 teste
1416 768 1594 805 Hieronymo,
1616 769 1746 798 nonnulla

959 821 991 841 cx
1009 815 1243 843 commentariolis
1257 816 1364 851 Didymi
1381 824 1437 843 suae
1460 816 1680 852 interpretationi
1703 817 1746 843 in-

959 860 1054 887 seruit.

998 905 1094 933 Verum
1116 911 1296 941 praeterquam
1311 908 1383 942 quod
1407 907 1559 935 Ruﬁniante
1582 909 1746 944 interpreta-

961 953 1047 980 tiones
1065 960 1099 980 ne
1123 953 1231 980 tertiam
1257 954 1366 988 quidem
1387 954 1616 989 Origenianorum
1632 961 1746 990 operum

959 1003 1063 1032 partem
1095 998 1175 1025 hodie
1204 999 1386 1031 constituunt,
1412 999 1528 1033 paucula
1559 1000 1746 1028 additamenta

958 1051 1017 1075 qute
1032 1043 1057 1069 in
1073 1043 1118 1070 illa
1133 1043 1166 1070 de
1181 1051 1230 1071 suo
1242 1045 1358 1071 conlttlit
1373 1044 1499 1077 Rufinus.
1514 1045 1607 1073 nullibi
1618 1047 1652 1081 (si
1666 1047 1745 1073 modo

959 1088 1028 1115 forte
1055 1089 1158 1124 aliquot
1182 1090 1215 1118 de
1236 1090 1372 1117 Trinitate
1396 1091 1453 1118 loca
1474 1091 1628 1126 cxceperis)
1650 1099 1743 1119 veram

958 1133 1082 1169 Origenis
1099 1141 1217 1162 mentem
1227 1136 1393 1166 adulterant.
1403 1137 1451 1164 sed
1463 1144 1496 1164 co
1511 1142 1614 1164 tantum
1629 1137 1744 1165 consilio

959 1181 1059 1209 inserta
1084 1186 1158 1215 sunt,
1188 1188 1217 1210 ιιι
1239 1190 1269 1210 ea
1298 1184 1383 1218 magis
1407 1183 1610 1217 cxplanaretur.
1637 1183 1744 1217 Ubique

957 1227 1088 1262 Origenes
1114 1228 1282 1261 agnoscitur,
1307 1233 1335 1255 et
1361 1229 1403 1254 vix
1433 1229 1581 1264 quidquam
1607 1230 1744 1264 reperitur

958 1273 1029 1307 quod
1050 1280 1083 1300 ex
1095 1272 1210 1300 aliorqu
1233 1281 1294 1308 quae
1319 1274 1346 1301 in
1369 1273 1472 1302 Grmcis
1485 1274 1616 1309 operibus
1632 1279 1743 1303 exstant

957 1318 1077 1346 locorum
1107 1319 1252 1347 collatione
1276 1324 1324 1347 aut
1348 1319 1483 1355 Origenis
1504 1327 1575 1353 esse,
1600 1325 1648 1348 aut
1664 1319 1742 1356 juxta

956 1365 1083 1400 Origcuis
1098 1370 1215 1392 tuentem
1229 1365 1361 1400 scriptum
1377 1374 1437 1394 esse
1453 1374 1505 1393 non
1528 1367 1740 1394 demonstretur.

956 1410 1014 1437 llnc
1031 1411 1099 1438 adde
1116 1411 1189 1445 quod
1212 1419 1245 1439 ex
1267 1412 1372 1439 duobus
1393 1411 1523 1439 librorum
1546 1412 1617 1447 Περὶ
1641 1411 1743 1447 ἀρχῶν

955 1455 1090 1490 capitibus
1103 1464 1218 1491 quorum
1237 1456 1368 1485 habemus
1381 1457 1464 1484 etiam
1480 1466 1552 1485 nunc
1565 1458 1742 1493 archetypum

956 1502 1092 1536 Graecum,
1110 1502 1196 1537 liquet
1218 1502 1307 1530 [inlini
1327 1504 1592 1538 interpretationem,
1608 1503 1631 1531 si
1652 1504 1741 1532 minus

956 1546 1048 1574 haberi
1073 1552 1201 1574 accurata
1226 1548 1335 1580 debeat,
1357 1554 1384 1576 at
1399 1555 1474 1576 certe
1495 1548 1568 1583 rejici
1592 1557 1645 1577 non
1662 1557 1742 1584 posse

956 1596 1082 1627 tanquam
1096 1593 1130 1619 ab
1143 1591 1268 1628 Origenis
1283 1598 1372 1621 nteute
1387 1595 1516 1622 alienam.

989 1635 1056 1663 Cum
1077 1636 1159 1672 igitur
1175 1637 1299 1665 ellectum
1316 1638 1352 1665 sit
1375 1639 1501 1666 eximiam
1519 1639 1601 1667 fuisse
1616 1640 1740 1676 Origenis

954 1681 1148 1714 eruditionem,
1170 1690 1219 1710 nec
1242 1684 1350 1718 probari
1367 1690 1451 1719 queat
1466 1685 1583 1713 residuis
1595 1685 1653 1720 ejus
1669 1687 1740 1714 scri-

954 1727 1093 1762 ptiouibus
1108 1728 1205 1756 inﬁdas
1221 1738 1319 1757 manus
1337 1731 1490 1759 admovisse
1516 1732 1670 1765 lueretic05,
1690 1741 1740 1760 uc-

953 1780 1008 1804 mo,
1026 1773 1134 1808 opinor,
1152 1775 1258 1803 inﬁcias
1278 1775 1340 1803 ierit
1363 1776 1469 1810 utilem,
1489 1777 1543 1804 imo
1557 1782 1583 1805 ct
1611 1785 1739 1805 necessa-

955 1818 1021 1844 riam
1041 1825 1101 1846 esse
1121 1819 1281 1853 editionem,
1306 1820 1331 1847 itt
1348 1828 1400 1855 qua
1417 1821 1471 1848 huc
1484 1826 1512 1849 et
1528 1822 1591 1849 illuc
1609 1823 1741 1858 dispersae

955 1865 1022 1891 tanti
1047 1866 1188 1900 scriptoris
1216 1867 1340 1901 reliquia:
1366 1868 1394 1894 in
1421 1875 1504 1894 unum
1531 1863 1613 1896 veluti
1641 1876 1740 1904 corpus

954 1910 1128 1945 colligantur,
1153 1912 1277 1947 genuina:
1294 1921 1309 1939 a
1333 1914 1433 1948 spuriis
1457 1919 1647 1946 secernautur,
1663 1915 1740 1942 exiti-

954 1957 1069 1985 beantur
1088 1958 1181 1986 Grmca
1197 1960 1304 1994 quoties
1321 1966 1492 1995 comparent,
1506 1961 1596 1988 omnia
1620 1961 1739 1996 denique

955 2005 987 2031 ad
1006 2009 1125 2032 vetertun
1153 2006 1400 2041 manuscriplorum
1428 2006 1506 2034 [idem
1537 2012 1738 2035 recenseautur.

955 2050 1058 2086 Duplex
1074 2051 1199 2086 equidem
1222 2056 1324 2079 tentata
1340 2056 1382 2079 est
1404 2052 1520 2087 Operutn
1536 2051 1594 2087 ejus
1610 2053 1637 2080 in
1656 2061 1739 2080 unum

955 2103 1055 2130 corpus
1069 2095 1213 2123 collectio:
1229 2096 1315 2123 altera
1331 2097 1432 2129 minor,
1446 2104 1526 2131 quam
1540 2096 1657 2125 lacubus
1670 2097 1741 2125 Mcr-

954 2142 1027 2169 linus
1042 2143 1122 2177 regiae
1138 2141 1268 2170 Navarraa
1283 2143 1376 2170 doctor
1392 2144 1545 2177 adornavit,
1560 2149 1588 2172 et
1603 2145 1629 2171 in
1651 2144 1739 2172 lucem

955 2189 1040 2216 edidit
1053 2197 1125 2216 anno
1140 2189 1223 2222 l5l2;
1249 2189 1332 2217 altera
1357 2190 1437 2225 longe
1458 2191 1583 2225 amplior,
1597 2199 1679 2226 quam
1694 2201 1740 2227 pu-

119 2236 270 2268 .lelinitum,
281 2237 307 2264 id
318 2237 391 2265 velut
402 2239 583 2266 adulteratum
593 2239 627 2266 ab
636 2238 770 2266 hmreticis
782 2244 825 2265 aut
835 2246 901 2273 prae-

995 2233 1018 2260 ci
1029 2233 1098 2267 juris
1116 2234 1264 2262 lecitanno
1289 2235 1356 2262 1574
1370 2236 1441 2262 alter
1462 2236 1625 2264 Parisiensis
1646 2237 1739 2265 doctor

118 2283 334 2316 termisisse,aut
342 2284 375 2310 ad
385 2283 555 2312 Catholicqu
567 2291 676 2312 sensum
688 2285 850 2319 quibusdam
860 2285 904 2311 de-

116 2330 230 2361 tractis,
254 2329 416 2364 quibusdam
440 2331 549 2358 aliunde
571 2331 713 2358 accersitis
741 2337 901 2363 revocasse;

115 2375 214 2403 deinde
226 2384 266 2409 se,
279 2377 324 2403 ubi
337 2377 467 2411 Origenes
478 2377 664 2411 pronuntiavit
674 2377 796 2412 quaedam
806 2377 905 2404 obscu-

119 2422 186 2454 rius,
198 2430 229 2449 ea
247 2423 342 2457 qtuein
363 2423 424 2450 aliis
437 2423 495 2456 ejus
507 2422 584 2450 libris
597 2424 718 2457 apertius
730 2423 843 2458 legerat,
858 2423 903 2450 ad-

113 2470 223 2503 jt'ClSSC,
245 2475 274 2497 ut
289 2469 422 2497 sententia
439 2469 514 2496 lieret
532 2469 700 2504 cxplicatior,
724 2469 792 2496 nihil
811 2473 901 2496 tamen

115 2524 194 2542 suum
210 2515 379 2547 dixissc,sed
396 2516 457 2542 licet
471 2515 496 2541 in
510 2514 571 2542 aliis
582 2515 648 2543 locis
659 2515 739 2547 dicta,
751 2522 799 2543 sua
811 2520 900 2542 tamen

115 2561 225 2596 Origeni
242 2562 403 2589 reddidisse.
419 2562 540 2595 Addidit,
563 2563 651 2597 inquit
662 2561 901 2597 Hieronymus(a),

114 2617 173 2642 qtae
186 2617 236 2635 non
249 2613 336 2637 erant.
349 2616 468 2635 asserens
480 2608 511 2634 ab
521 2611 611 2635 eodem
624 2608 653 2634 in
667 2607 727 2635 aliis
739 2608 801 2635 locis
811 2608 902 2642 dispu-

116 2659 170 2680 tata
183 2662 193 2681 :
206 2654 286 2689 quod,
301 2655 352 2681 nisi
370 2655 427 2689 ipsa
448 2654 505 2681 loca
523 2654 719 2685 monstraverit,
730 2655 798 2680 unde
813 2658 902 2681 trans-

117 2699 206 2726 tulisse
229 2708 257 2727 σε
269 2700 473 2734 dicit,'probare
490 2708 542 2726 non
562 2700 665 2731 poterit.
687 2698 820 2726 Praeterea
839 2707 900 2726 cum

118 2746 143 2770 in
159 2744 330 2772 Ruliniauatn
355 2745 608 2779 interpretationem
632 2745 772 2772 incidisset
790 2750 901 2772 sanctus

121 2789 229 2822 Ductor,
243 2790 326 2823 illico,
344 2795 373 2816 ut
390 2795 481 2818 monet
496 2791 606 2824 ibidem,
627 2790 828 2819 animadvertit.
843 2798 901 2820 aute

153 2870 187 2902 'a)
199 2867 258 2896 Lib.
274 2875 283 2895 t
300 2868 392 2895 advers
417 2867 504 2896 Ruﬁn.

955 2278 1097 2314 theologus
1113 2279 1252 2308 Gilbertus
1266 2280 1469 2309 Genebrardus.
1485 2281 1538 2309 Sed
1555 2282 1619 2316 quia
1638 2282 1738 2310 editio-

954 2331 1003 2350 nes
1018 2323 1076 2350 ista:
1090 2323 1147 2352 suis
1163 2325 1286 2352 numeris
1302 2325 1432 2352 absolutae
1444 2332 1496 2352 non
1509 2331 1599 2358 erant,
1616 2329 1697 2360 atque
1711 2325 1738 2352 in

953 2369 994 2396 eis
1016 2370 1110 2397 Grzeca
1130 2371 1368 2402 desiderabantur,
1393 2371 1496 2398 idcirco
1520 2372 1546 2398 in
1568 2372 1739 2407 generalibus

953 2415 1018 2443 cleri
1039 2415 1172 2443 Gallicani
1197 2417 1327 2448 comitiis,
1351 2424 1412 2452 qua:
1436 2417 1547 2444 Parisiis
1568 2424 1640 2444 anno
1658 2417 1738 2449 1655,

953 2461 1069 2488 subinde
1097 2461 1176 2495 1656,
1205 2462 1341 2490 celebrata
1370 2467 1443 2496 sunt,
1470 2463 1611 2489 decretum
1633 2461 1684 2490 luit
1711 2467 1738 2489 ut

954 2507 1079 2542 Origeuis
1093 2508 1181 2543 Opera
1198 2509 1269 2543 typis
1284 2510 1372 2536 denuo
1385 2509 1480 2536 Grtcce
1498 2513 1526 2536 et
1543 2508 1639 2536 Latine
1656 2516 1737 2536 accu-

955 2555 1040 2582 ratius
1055 2560 1082 2582 et
1096 2555 1204 2583 auctius
1219 2563 1300 2590 quatn
1322 2560 1402 2583 antea
1421 2556 1576 2582 ederentur.
1592 2555 1736 2582 Decretum

954 2600 1102 2628 Gallicanae
1112 2601 1242 2628 Ecclesiae
1256 2601 1399 2636 prasulum
1412 2605 1502 2628 exstat
1523 2601 1549 2628 in
1564 2601 1737 2628 comitiorum

954 2646 1061 2674 illorum
1073 2647 1149 2674 Actis
1163 2648 1196 2674 ad
1209 2647 1279 2674 diem
1292 2647 1324 2674 21
1341 2646 1461 2674 Januarii
1476 2647 1540 2674 anni
1557 2646 1635 2675 1636.

953 2693 995 2719 Du
1009 2693 1083 2720 [undi
1091 2694 1274 2726 vingt-uniéme
1285 2693 1393 2720 Janvier
1403 2693 1419 2719 ὰ
1427 2694 1484 2720 ltuit
1493 2693 1584 2720 heures
1596 2693 1631 2719 du
1641 2694 1736 2724 motin,

1015 2740 1203 2775 Monseigneur
1216 2739 1400 2774 l’Arc/tevéque
1411 2740 1513 2767 d‘Arles
1529 2741 1671 2774 president.

989 2788 1175 2823 Monseigneur
1190 2786 1372 2819 l'ArcItertque
1388 2786 1419 2813 de
1440 2786 1554 2814 Tholoze
1573 2797 1588 2813 a
1604 2787 1734 2822 rapporté.
