  <div class='ocr_page' id='page_1' title='image "/cluster/home/n/w/nwhite01/storage/ocr_20150623/11/njp.32101077772414/019.png"; bbox 0 0 1883 3072; ppageno 0'>
   <div class='ocr_carea' id='block_1_1' title="bbox 137 139 1763 180">
    <p class='ocr_par' dir='ltr' id='par_1_1' title="bbox 137 139 1763 180">
     <span class='ocr_line' id='line_1_1' title="bbox 137 139 1763 180; baseline -0.009 0"><span class='ocrx_word' id='word_1_1' title='bbox 137 152 172 180; x_wconf 69' lang='lat'><strong>{9</strong></span> <span class='ocrx_word' id='word_1_2' title='bbox 843 145 1039 174; x_wconf 64' lang='lat' dir='ltr'><strong>PREFATIO.</strong></span> <span class='ocrx_word' id='word_1_3' title='bbox 1729 139 1763 167; x_wconf 76' lang='grc'><strong>20</strong></span> 
     </span>
    </p>
   </div>
   <div class='ocr_carea' id='block_1_2' title="bbox 136 197 1763 244">
    <p class='ocr_par' dir='ltr' id='par_1_2' title="bbox 136 197 1763 244">
     <span class='ocr_line' id='line_1_2' title="bbox 136 197 1763 244; baseline -0.009 -7"><span class='ocrx_word' id='word_1_4' title='bbox 136 216 162 239; x_wconf 78' lang='grc' dir='ltr'><em>ιι</em></span> <span class='ocrx_word' id='word_1_5' title='bbox 176 211 226 242; x_wconf 88' lang='lat' dir='ltr'><strong>dit,</strong></span> <span class='ocrx_word' id='word_1_6' title='bbox 241 218 290 244; x_wconf 76' lang='lat' dir='ltr'><strong>que</strong></span> <span class='ocrx_word' id='word_1_7' title='bbox 303 209 352 240; x_wconf 85' lang='lat' dir='ltr'><strong>lui,</strong></span> <span class='ocrx_word' id='word_1_8' title='bbox 365 213 389 234; x_wconf 77' lang='lat' dir='ltr'><strong>et</strong></span> <span class='ocrx_word' id='word_1_9' title='bbox 407 206 590 240; x_wconf 80' lang='lat' dir='ltr'><strong>monscigneur</strong></span> <span class='ocrx_word' id='word_1_10' title='bbox 602 205 633 231; x_wconf 83' lang='lat' dir='ltr'><strong>de</strong></span> <span class='ocrx_word' id='word_1_11' title='bbox 649 203 713 231; x_wconf 71' lang='lat' dir='ltr'><strong>Sus</strong></span> <span class='ocrx_word' id='word_1_12' title='bbox 725 205 837 235; x_wconf 80' lang='lat' dir='ltr'><strong>aroient,</strong></span> <span class='ocrx_word' id='word_1_13' title='bbox 853 204 923 230; x_wconf 72' lang='grc' dir='ltr'><strong>κίονι</strong></span> <span class='ocrx_word' id='word_1_14' title='bbox 938 206 961 233; x_wconf 79' lang='grc' dir='ltr'><strong>Α</strong></span> <span class='ocrx_word' id='word_1_15' title='bbox 976 202 1127 236; x_wconf 69' lang='lat' dir='ltr'><strong>fragmenta</strong></span> <span class='ocrx_word' id='word_1_16' title='bbox 1138 219 1145 232; x_wconf 85' lang='lat'><strong>,</strong></span> <span class='ocrx_word' id='word_1_17' title='bbox 1165 207 1223 234; x_wconf 66' lang='lat' dir='ltr'><strong>tllttl</strong></span> <span class='ocrx_word' id='word_1_18' title='bbox 1240 198 1355 226; x_wconf 83' lang='lat' dir='ltr'><strong>omnino</strong></span> <span class='ocrx_word' id='word_1_19' title='bbox 1373 197 1515 225; x_wconf 88' lang='lat' dir='ltr'><strong>uterebaut</strong></span> <span class='ocrx_word' id='word_1_20' title='bbox 1543 203 1571 224; x_wconf 89' lang='lat' dir='ltr'><strong>ut</strong></span> <span class='ocrx_word' id='word_1_21' title='bbox 1596 201 1763 232; x_wconf 84' lang='lat' dir='ltr'><strong>occuparent</strong></span> 
     </span>
    </p>
   </div>
   <div class='ocr_carea' id='block_1_3' title="bbox 135 249 922 284">
    <p class='ocr_par' dir='ltr' id='par_1_3' title="bbox 135 249 922 284">
     <span class='ocr_line' id='line_1_3' title="bbox 135 249 922 284; baseline -0.013 0"><span class='ocrx_word' id='word_1_22' title='bbox 135 256 285 284; x_wconf 78' lang='lat' dir='ltr'><strong>l&#39;intention</strong></span> <span class='ocrx_word' id='word_1_23' title='bbox 298 256 330 282; x_wconf 79' lang='lat' dir='ltr'><strong>de</strong></span> <span class='ocrx_word' id='word_1_24' title='bbox 349 252 528 284; x_wconf 74' lang='lat' dir='ltr'><strong>t‘Astembléc,</strong></span> <span class='ocrx_word' id='word_1_25' title='bbox 548 250 653 284; x_wconf 78' lang='lat' dir='ltr'><strong>conferé</strong></span> <span class='ocrx_word' id='word_1_26' title='bbox 667 249 813 280; x_wconf 73' lang='lat' dir='ltr'><strong>ertsemble,</strong></span> <span class='ocrx_word' id='word_1_27' title='bbox 829 254 852 275; x_wconf 84' lang='lat' dir='ltr'><strong>et</strong></span> <span class='ocrx_word' id='word_1_28' title='bbox 867 249 922 283; x_wconf 81' lang='lat' dir='ltr'><strong>pris</strong></span> 
     </span>
    </p>
   </div>
   <div class='ocr_carea' id='block_1_4' title="bbox 137 295 922 337">
    <p class='ocr_par' dir='ltr' id='par_1_4' title="bbox 137 295 922 337">
     <span class='ocr_line' id='line_1_4' title="bbox 137 295 922 337; baseline -0.011 -8"><span class='ocrx_word' id='word_1_29' title='bbox 137 303 210 330; x_wconf 82' lang='lat' dir='ltr'><strong>t&#39;aris</strong></span> <span class='ocrx_word' id='word_1_30' title='bbox 226 303 257 328; x_wconf 76' lang='lat' dir='ltr'><strong>de</strong></span> <span class='ocrx_word' id='word_1_31' title='bbox 268 301 390 337; x_wconf 80' lang='lat' dir='ltr'><strong>quelqnes</strong></span> <span class='ocrx_word' id='word_1_32' title='bbox 410 300 550 329; x_wconf 80' lang='lat' dir='ltr'><strong>docteurs,</strong></span> <span class='ocrx_word' id='word_1_33' title='bbox 570 298 606 323; x_wconf 78' lang='lat' dir='ltr'><strong>du</strong></span> <span class='ocrx_word' id='word_1_34' title='bbox 626 296 702 323; x_wconf 71' lang='lat' dir='ltr'><strong>clioix</strong></span> <span class='ocrx_word' id='word_1_35' title='bbox 722 296 767 321; x_wconf 78' lang='lat' dir='ltr'><strong>des</strong></span> <span class='ocrx_word' id='word_1_36' title='bbox 782 295 858 321; x_wconf 72' lang='lat' dir='ltr'><strong>liores</strong></span> <span class='ocrx_word' id='word_1_37' title='bbox 877 295 922 320; x_wconf 62' lang='lat' dir='ltr'><strong>des</strong></span> 
     </span>
    </p>
   </div>
   <div class='ocr_carea' id='block_1_5' title="bbox 139 341 923 380">
    <p class='ocr_par' dir='ltr' id='par_1_5' title="bbox 139 341 923 380">
     <span class='ocr_line' id='line_1_5' title="bbox 139 341 923 380; baseline -0.013 -5"><span class='ocrx_word' id='word_1_38' title='bbox 139 349 217 375; x_wconf 67' lang='lat' dir='ltr'><strong>Peras</strong></span> <span class='ocrx_word' id='word_1_39' title='bbox 232 346 320 378; x_wconf 64' lang='lat' dir='ltr'><strong>Grece,</strong></span> <span class='ocrx_word' id='word_1_40' title='bbox 338 345 402 380; x_wconf 85' lang='lat' dir='ltr'><strong>qu&#39;il</strong></span> <span class='ocrx_word' id='word_1_41' title='bbox 416 344 495 372; x_wconf 83' lang='lat' dir='ltr'><strong>seroit</strong></span> <span class='ocrx_word' id='word_1_42' title='bbox 513 343 571 378; x_wconf 79' lang='lat' dir='ltr'><strong>plus</strong></span> <span class='ocrx_word' id='word_1_43' title='bbox 590 343 606 369; x_wconf 80' lang='grc' dir='ltr'><em>ὰ</em></span> <span class='ocrx_word' id='word_1_44' title='bbox 622 350 717 376; x_wconf 69' lang='lat' dir='ltr'><strong>prope:</strong></span> <span class='ocrx_word' id='word_1_45' title='bbox 737 342 769 368; x_wconf 78' lang='lat' dir='ltr'><strong>de</strong></span> <span class='ocrx_word' id='word_1_46' title='bbox 790 341 858 375; x_wconf 73' lang='lat' dir='ltr'><strong>{utre</strong></span> <span class='ocrx_word' id='word_1_47' title='bbox 874 341 923 365; x_wconf 86' lang='lat' dir='ltr'><strong>im-</strong></span> 
     </span>
    </p>
   </div>
   <div class='ocr_carea' id='block_1_6' title="bbox 136 387 922 428">
    <p class='ocr_par' dir='ltr' id='par_1_6' title="bbox 136 387 922 428">
     <span class='ocr_line' id='line_1_6' title="bbox 136 387 922 428; baseline -0.009 -9"><span class='ocrx_word' id='word_1_48' title='bbox 136 396 244 428; x_wconf 69' lang='lat' dir='ltr'><strong>;irimer.</strong></span> <span class='ocrx_word' id='word_1_49' title='bbox 259 393 345 426; x_wconf 76' lang='lat' dir='ltr'><strong>Qn&#39;ils</strong></span> <span class='ocrx_word' id='word_1_50' title='bbox 360 391 545 425; x_wconf 73' lang='lat' dir='ltr'><strong>avoientjugé,</strong></span> <span class='ocrx_word' id='word_1_51' title='bbox 563 397 612 425; x_wconf 86' lang='lat' dir='ltr'><strong>que</strong></span> <span class='ocrx_word' id='word_1_52' title='bbox 632 390 669 416; x_wconf 73' lang='lat' dir='ltr'><strong>les</strong></span> <span class='ocrx_word' id='word_1_53' title='bbox 686 396 783 415; x_wconf 74' lang='lat' dir='ltr'><strong>teneres</strong></span> <span class='ocrx_word' id='word_1_54' title='bbox 803 388 834 414; x_wconf 81' lang='lat' dir='ltr'><strong>de</strong></span> <span class='ocrx_word' id='word_1_55' title='bbox 851 387 922 414; x_wconf 79' lang='lat' dir='ltr'><strong>saint</strong></span> 
     </span>
    </p>
   </div>
   <div class='ocr_carea' id='block_1_7' title="bbox 133 433 921 471">
    <p class='ocr_par' dir='ltr' id='par_1_7' title="bbox 133 433 921 471">
     <span class='ocr_line' id='line_1_7' title="bbox 133 433 921 471; baseline -0.01 -4"><span class='ocrx_word' id='word_1_56' title='bbox 133 440 203 466; x_wconf 75' lang='lat' dir='ltr'><strong>han</strong></span> <span class='ocrx_word' id='word_1_57' title='bbox 217 440 388 470; x_wconf 77' lang='lat' dir='ltr'><strong>Dnmascene,</strong></span> <span class='ocrx_word' id='word_1_58' title='bbox 401 437 544 471; x_wconf 81' lang='lat' dir='ltr'><strong>d&#39;Origene</strong></span> <span class='ocrx_word' id='word_1_59' title='bbox 557 456 565 468; x_wconf 86' lang='lat'><strong>,</strong></span> <span class='ocrx_word' id='word_1_60' title='bbox 589 436 620 462; x_wconf 78' lang='lat' dir='ltr'><strong>de</strong></span> <span class='ocrx_word' id='word_1_61' title='bbox 638 434 788 466; x_wconf 70' lang='lat' dir='ltr'><strong>Maximus,</strong></span> <span class='ocrx_word' id='word_1_62' title='bbox 805 439 829 460; x_wconf 77' lang='lat' dir='ltr'><strong>et</strong></span> <span class='ocrx_word' id='word_1_63' title='bbox 854 433 921 459; x_wconf 78' lang='grc' dir='ltr'><strong>(ΓΕ-</strong></span> 
     </span>
    </p>
   </div>
   <div class='ocr_carea' id='block_1_8' title="bbox 133 481 922 521">
    <p class='ocr_par' dir='ltr' id='par_1_8' title="bbox 133 481 922 521">
     <span class='ocr_line' id='line_1_8' title="bbox 133 481 922 521; baseline -0.009 -8"><span class='ocrx_word' id='word_1_64' title='bbox 133 488 224 521; x_wconf 72' lang='lat' dir='ltr'><strong>phum</strong></span> <span class='ocrx_word' id='word_1_65' title='bbox 241 485 335 519; x_wconf 80' lang='lat' dir='ltr'><strong>Syrus.</strong></span> <span class='ocrx_word' id='word_1_66' title='bbox 350 484 447 511; x_wconf 78' lang='lat' dir='ltr'><strong>étoient</strong></span> <span class='ocrx_word' id='word_1_67' title='bbox 458 484 494 509; x_wconf 77' lang='lat' dir='ltr'><strong>(es</strong></span> <span class='ocrx_word' id='word_1_68' title='bbox 504 482 562 516; x_wconf 75' lang='lat' dir='ltr'><strong>plus</strong></span> <span class='ocrx_word' id='word_1_69' title='bbox 577 481 745 512; x_wconf 71' lang='lat' dir='ltr'><strong>mcessuires,</strong></span> <span class='ocrx_word' id='word_1_70' title='bbox 763 486 834 507; x_wconf 77' lang='lat' dir='ltr'><strong>entre</strong></span> <span class='ocrx_word' id='word_1_71' title='bbox 846 481 922 507; x_wconf 67' lang='lat' dir='ltr'><strong>cellas</strong></span> 
     </span>
    </p>
   </div>
   <div class='ocr_carea' id='block_1_9' title="bbox 134 525 922 562">
    <p class='ocr_par' dir='ltr' id='par_1_9' title="bbox 134 525 922 562">
     <span class='ocr_line' id='line_1_9' title="bbox 134 525 922 562; baseline -0.005 -6"><span class='ocrx_word' id='word_1_72' title='bbox 134 532 167 558; x_wconf 73' lang='lat' dir='ltr'><strong>de</strong></span> <span class='ocrx_word' id='word_1_73' title='bbox 190 536 248 557; x_wconf 74' lang='lat' dir='ltr'><strong>tona</strong></span> <span class='ocrx_word' id='word_1_74' title='bbox 272 531 308 556; x_wconf 80' lang='lat' dir='ltr'><strong>les</strong></span> <span class='ocrx_word' id='word_1_75' title='bbox 331 529 437 555; x_wconf 73' lang='lat' dir='ltr'><strong>ancient</strong></span> <span class='ocrx_word' id='word_1_76' title='bbox 450 548 457 558; x_wconf 63' lang='grc' dir='ltr'>ς</span> <span class='ocrx_word' id='word_1_77' title='bbox 478 535 547 562; x_wconf 85' lang='lat' dir='ltr'><strong>pour</strong></span> <span class='ocrx_word' id='word_1_78' title='bbox 567 527 649 554; x_wconf 75' lang='lat' dir='ltr'><strong>servir</strong></span> <span class='ocrx_word' id='word_1_79' title='bbox 665 527 681 553; x_wconf 78' lang='grc' dir='ltr'>ὰ</span> <span class='ocrx_word' id='word_1_80' title='bbox 697 526 723 553; x_wconf 85' lang='lat' dir='ltr'><strong>la</strong></span> <span class='ocrx_word' id='word_1_81' title='bbox 742 525 858 552; x_wconf 75' lang='lat' dir='ltr'><strong>décision</strong></span> <span class='ocrx_word' id='word_1_82' title='bbox 875 525 922 552; x_wconf 78' lang='lat' dir='ltr'><strong>des</strong></span> 
     </span>
    </p>
   </div>
   <div class='ocr_carea' id='block_1_10' title="bbox 132 571 921 607">
    <p class='ocr_par' dir='ltr' id='par_1_10' title="bbox 132 571 921 607">
     <span class='ocr_line' id='line_1_10' title="bbox 132 571 921 607; baseline -0.005 -5"><span class='ocrx_word' id='word_1_83' title='bbox 132 581 311 602; x_wconf 70' lang='lat' dir='ltr'><strong>controversas</strong></span> <span class='ocrx_word' id='word_1_84' title='bbox 337 574 369 599; x_wconf 74' lang='lat' dir='ltr'><strong>(le</strong></span> <span class='ocrx_word' id='word_1_85' title='bbox 391 573 418 599; x_wconf 83' lang='lat' dir='ltr'><strong>la</strong></span> <span class='ocrx_word' id='word_1_86' title='bbox 446 572 579 606; x_wconf 80' lang='lat' dir='ltr'><strong>Religion,</strong></span> <span class='ocrx_word' id='word_1_87' title='bbox 604 571 740 607; x_wconf 67' lang='lat' dir='ltr'><strong>[etque/les</strong></span> <span class='ocrx_word' id='word_1_88' title='bbox 769 573 921 599; x_wconf 80' lang='lat' dir='ltr'><strong>nennmoins</strong></span> 
     </span>
    </p>
   </div>
   <div class='ocr_carea' id='block_1_11' title="bbox 133 617 922 654">
    <p class='ocr_par' dir='ltr' id='par_1_11' title="bbox 133 617 922 654">
     <span class='ocr_line' id='line_1_11' title="bbox 133 617 922 654; baseline -0.003 -8"><span class='ocrx_word' id='word_1_89' title='bbox 133 620 263 647; x_wconf 65' lang='lat' dir='ltr'><strong>n‘aeoient</strong></span> <span class='ocrx_word' id='word_1_90' title='bbox 281 627 328 654; x_wconf 81' lang='lat' dir='ltr'><strong>pas</strong></span> <span class='ocrx_word' id='word_1_91' title='bbox 338 620 379 646; x_wconf 75' lang='grc' dir='ltr'><strong>έιέ</strong></span> <span class='ocrx_word' id='word_1_92' title='bbox 392 619 538 652; x_wconf 73' lang='grc' dir='ltr'><strong>ἱηῳνίηιέεε</strong></span> <span class='ocrx_word' id='word_1_93' title='bbox 548 619 658 653; x_wconf 69' lang='lat' dir='ltr'><strong>jusque;</strong></span> <span class='ocrx_word' id='word_1_94' title='bbox 670 618 706 644; x_wconf 75' lang='lat' dir='ltr'><strong>iri</strong></span> <span class='ocrx_word' id='word_1_95' title='bbox 717 626 749 644; x_wconf 83' lang='lat' dir='ltr'><strong>en</strong></span> <span class='ocrx_word' id='word_1_96' title='bbox 760 617 817 645; x_wconf 76' lang='lat' dir='ltr'><strong>[cur</strong></span> <span class='ocrx_word' id='word_1_97' title='bbox 827 617 922 652; x_wconf 70' lang='lat' dir='ltr'><strong>langue</strong></span> 
     </span>
    </p>
   </div>
   <div class='ocr_carea' id='block_1_12' title="bbox 135 663 920 700">
    <p class='ocr_par' dir='ltr' id='par_1_12' title="bbox 135 663 920 700">
     <span class='ocr_line' id='line_1_12' title="bbox 135 663 920 700; baseline -0.004 -8"><span class='ocrx_word' id='word_1_98' title='bbox 135 666 281 700; x_wconf 72' lang='lat' dir='ltr'><strong>originalle;</strong></span> <span class='ocrx_word' id='word_1_99' title='bbox 296 666 365 692; x_wconf 79' lang='lat' dir='ltr'><strong>voire</strong></span> <span class='ocrx_word' id='word_1_100' title='bbox 373 673 420 700; x_wconf 77' lang='lat' dir='ltr'><strong>que</strong></span> <span class='ocrx_word' id='word_1_101' title='bbox 434 664 460 692; x_wconf 79' lang='lat' dir='ltr'><strong>la</strong></span> <span class='ocrx_word' id='word_1_102' title='bbox 471 665 575 699; x_wconf 79' lang='lat' dir='ltr'><strong>pltipart</strong></span> <span class='ocrx_word' id='word_1_103' title='bbox 587 664 696 691; x_wconf 76' lang='lat' dir='ltr'><strong>deleurs</strong></span> <span class='ocrx_word' id='word_1_104' title='bbox 709 672 835 699; x_wconf 70' lang='lat' dir='ltr'><strong>ouvrages</strong></span> <span class='ocrx_word' id='word_1_105' title='bbox 849 663 920 690; x_wconf 85' lang='lat' dir='ltr'><strong>n‘ont</strong></span> 
     </span>
    </p>
   </div>
   <div class='ocr_carea' id='block_1_13' title="bbox 133 709 921 745">
    <p class='ocr_par' dir='ltr' id='par_1_13' title="bbox 133 709 921 745">
     <span class='ocr_line' id='line_1_13' title="bbox 133 709 921 745; baseline -0.003 -7"><span class='ocrx_word' id='word_1_106' title='bbox 133 713 208 745; x_wconf 76' lang='lat' dir='ltr'><strong>point</strong></span> <span class='ocrx_word' id='word_1_107' title='bbox 230 713 271 738; x_wconf 69' lang='lat' dir='ltr'><strong>été</strong></span> <span class='ocrx_word' id='word_1_108' title='bbox 293 712 428 744; x_wconf 65' lang='lat' dir='ltr'><strong>imprime:</strong></span> <span class='ocrx_word' id='word_1_109' title='bbox 450 718 518 743; x_wconf 84' lang='lat' dir='ltr'><strong>pour</strong></span> <span class='ocrx_word' id='word_1_110' title='bbox 542 715 609 743; x_wconf 80' lang='lat' dir='ltr'><strong>tout,</strong></span> <span class='ocrx_word' id='word_1_111' title='bbox 634 709 745 745; x_wconf 80' lang='lat' dir='ltr'><strong>lesque/s</strong></span> <span class='ocrx_word' id='word_1_112' title='bbox 766 720 792 737; x_wconf 76' lang='lat' dir='ltr'><strong>se</strong></span> <span class='ocrx_word' id='word_1_113' title='bbox 811 716 921 744; x_wconf 78' lang='lat' dir='ltr'><strong>peuvent</strong></span> 
     </span>
    </p>
   </div>
   <div class='ocr_carea' id='block_1_14' title="bbox 135 756 921 792">
    <p class='ocr_par' dir='ltr' id='par_1_14' title="bbox 135 756 921 792">
     <span class='ocr_line' id='line_1_14' title="bbox 135 756 921 792; baseline 0 -10"><span class='ocrx_word' id='word_1_114' title='bbox 135 764 239 784; x_wconf 80' lang='lat' dir='ltr'><strong>trouver</strong></span> <span class='ocrx_word' id='word_1_115' title='bbox 253 765 283 784; x_wconf 84' lang='lat' dir='ltr'><strong>en</strong></span> <span class='ocrx_word' id='word_1_116' title='bbox 297 757 410 783; x_wconf 73' lang='lat' dir='ltr'><strong>diuersas</strong></span> <span class='ocrx_word' id='word_1_117' title='bbox 424 756 622 791; x_wconf 72' lang='lat' dir='ltr'><strong>bibliotheques;</strong></span> <span class='ocrx_word' id='word_1_118' title='bbox 638 760 664 784; x_wconf 84' lang='lat' dir='ltr'><strong>et</strong></span> <span class='ocrx_word' id='word_1_119' title='bbox 678 765 728 792; x_wconf 71' lang='lat' dir='ltr'><strong>qua</strong></span> <span class='ocrx_word' id='word_1_120' title='bbox 747 765 814 790; x_wconf 80' lang='lat' dir='ltr'><strong>pour</strong></span> <span class='ocrx_word' id='word_1_121' title='bbox 831 756 886 783; x_wconf 73' lang='lat' dir='ltr'><strong>tela</strong></span> <span class='ocrx_word' id='word_1_122' title='bbox 902 756 921 782; x_wconf 81' lang='lat' dir='ltr'><strong>il</strong></span> 
     </span>
    </p>
   </div>
   <div class='ocr_carea' id='block_1_15' title="bbox 135 803 921 838">
    <p class='ocr_par' dir='ltr' id='par_1_15' title="bbox 135 803 921 838">
     <span class='ocr_line' id='line_1_15' title="bbox 135 803 921 838; baseline -0.003 -8"><span class='ocrx_word' id='word_1_123' title='bbox 135 803 255 838; x_wconf 78' lang='lat' dir='ltr'><strong>[audroit</strong></span> <span class='ocrx_word' id='word_1_124' title='bbox 276 804 374 830; x_wconf 77' lang='lat' dir='ltr'><strong>cltoisir</strong></span> <span class='ocrx_word' id='word_1_125' title='bbox 393 803 503 838; x_wconf 66' lang='lat' dir='ltr'><strong>qudque</strong></span> <span class='ocrx_word' id='word_1_126' title='bbox 521 811 649 836; x_wconf 72' lang='lat' dir='ltr'><strong>personae</strong></span> <span class='ocrx_word' id='word_1_127' title='bbox 669 803 727 829; x_wconf 84' lang='lat' dir='ltr'><strong>bien</strong></span> <span class='ocrx_word' id='word_1_128' title='bbox 746 803 874 829; x_wconf 77' lang='lat' dir='ltr'><strong>entendus</strong></span> <span class='ocrx_word' id='word_1_129' title='bbox 889 811 921 829; x_wconf 83' lang='lat' dir='ltr'><strong>en</strong></span> 
     </span>
    </p>
   </div>
   <div class='ocr_carea' id='block_1_16' title="bbox 133 847 922 883">
    <p class='ocr_par' dir='ltr' id='par_1_16' title="bbox 133 847 922 883">
     <span class='ocr_line' id='line_1_16' title="bbox 133 847 922 883; baseline 0.001 -10"><span class='ocrx_word' id='word_1_130' title='bbox 133 847 159 873; x_wconf 83' lang='lat' dir='ltr'><strong>la</strong></span> <span class='ocrx_word' id='word_1_131' title='bbox 175 847 270 882; x_wconf 80' lang='lat' dir='ltr'><strong>langue</strong></span> <span class='ocrx_word' id='word_1_132' title='bbox 283 855 404 882; x_wconf 79' lang='lat' dir='ltr'><strong>grecqne,</strong></span> <span class='ocrx_word' id='word_1_133' title='bbox 418 848 463 882; x_wconf 85' lang='lat' dir='ltr'><strong>qui</strong></span> <span class='ocrx_word' id='word_1_134' title='bbox 478 847 533 882; x_wconf 61' lang='lat' dir='ltr'><strong>pris</strong></span> <span class='ocrx_word' id='word_1_135' title='bbox 547 855 575 874; x_wconf 81' lang='lat' dir='ltr'><strong>ce</strong></span> <span class='ocrx_word' id='word_1_136' title='bbox 589 847 666 879; x_wconf 77' lang='lat' dir='ltr'><strong>scin;</strong></span> <span class='ocrx_word' id='word_1_137' title='bbox 691 848 707 874; x_wconf 85' lang='grc' dir='ltr'>ἆ</span> <span class='ocrx_word' id='word_1_138' title='bbox 728 848 790 883; x_wconf 83' lang='lat' dir='ltr'><strong>quoi</strong></span> <span class='ocrx_word' id='word_1_139' title='bbox 809 848 922 874; x_wconf 78' lang='lat' dir='ltr'><strong>innnsei-</strong></span> 
     </span>
    </p>
   </div>
   <div class='ocr_carea' id='block_1_17' title="bbox 977 246 1189 274">
    <p class='ocr_par' dir='ltr' id='par_1_17' title="bbox 977 246 1189 274">
     <span class='ocr_line' id='line_1_17' title="bbox 977 246 1189 274; baseline -0.009 0"><span class='ocrx_word' id='word_1_140' title='bbox 977 248 1074 274; x_wconf 89' lang='lat' dir='ltr'><strong>ibidem</strong></span> <span class='ocrx_word' id='word_1_141' title='bbox 1091 246 1189 273; x_wconf 87' lang='lat' dir='ltr'><strong>locum.</strong></span> 
     </span>
    </p>
   </div>
   <div class='ocr_carea' id='block_1_18' title="bbox 1010 289 1761 326">
    <p class='ocr_par' dir='ltr' id='par_1_18' title="bbox 1010 289 1761 326">
     <span class='ocr_line' id='line_1_18' title="bbox 1010 289 1761 326; baseline -0.004 -5"><span class='ocrx_word' id='word_1_142' title='bbox 1010 292 1077 321; x_wconf 88' lang='lat' dir='ltr'><strong>Cum</strong></span> <span class='ocrx_word' id='word_1_143' title='bbox 1091 293 1126 319; x_wconf 89' lang='lat' dir='ltr'><strong>ita</strong></span> <span class='ocrx_word' id='word_1_144' title='bbox 1138 300 1167 319; x_wconf 85' lang='lat' dir='ltr'><strong>se</strong></span> <span class='ocrx_word' id='word_1_145' title='bbox 1187 299 1230 319; x_wconf 85' lang='lat' dir='ltr'><strong>res</strong></span> <span class='ocrx_word' id='word_1_146' title='bbox 1247 292 1371 323; x_wconf 82' lang='lat' dir='ltr'><strong>haberet,</strong></span> <span class='ocrx_word' id='word_1_147' title='bbox 1388 299 1477 326; x_wconf 61' lang='lat' dir='ltr'><strong>operat.</strong></span> <span class='ocrx_word' id='word_1_148' title='bbox 1499 290 1616 324; x_wconf 88' lang='lat' dir='ltr'><strong>pretium</strong></span> <span class='ocrx_word' id='word_1_149' title='bbox 1628 289 1761 318; x_wconf 82' lang='lat' dir='ltr'><strong>iacturum</strong></span> 
     </span>
    </p>
   </div>
   <div class='ocr_carea' id='block_1_19' title="bbox 976 336 1762 372">
    <p class='ocr_par' dir='ltr' id='par_1_19' title="bbox 976 336 1762 372">
     <span class='ocr_line' id='line_1_19' title="bbox 976 336 1762 372; baseline -0.006 -6"><span class='ocrx_word' id='word_1_150' title='bbox 976 348 1019 366; x_wconf 87' lang='lat' dir='ltr'><strong>ttte</strong></span> <span class='ocrx_word' id='word_1_151' title='bbox 1036 339 1201 368; x_wconf 78' lang='lat' dir='ltr'><strong>existimavi.</strong></span> <span class='ocrx_word' id='word_1_152' title='bbox 1214 338 1235 365; x_wconf 89' lang='lat' dir='ltr'><strong>si</strong></span> <span class='ocrx_word' id='word_1_153' title='bbox 1252 343 1393 372; x_wconf 88' lang='lat' dir='ltr'><strong>postqoaut</strong></span> <span class='ocrx_word' id='word_1_154' title='bbox 1411 338 1443 366; x_wconf 73' lang='lat' dir='ltr'><strong>lt.</strong></span> <span class='ocrx_word' id='word_1_155' title='bbox 1459 336 1490 364; x_wconf 89' lang='lat' dir='ltr'><strong>P.</strong></span> <span class='ocrx_word' id='word_1_156' title='bbox 1509 337 1539 363; x_wconf 87' lang='lat' dir='ltr'><strong>D.</strong></span> <span class='ocrx_word' id='word_1_157' title='bbox 1556 336 1713 363; x_wconf 83' lang='lat' dir='ltr'><strong>Bernardus</strong></span> <span class='ocrx_word' id='word_1_158' title='bbox 1728 336 1762 362; x_wconf 84' lang='lat' dir='ltr'><strong>de</strong></span> 
     </span>
    </p>
   </div>
   <div class='ocr_carea' id='block_1_20' title="bbox 977 383 1763 419">
    <p class='ocr_par' dir='ltr' id='par_1_20' title="bbox 977 383 1763 419">
     <span class='ocr_line' id='line_1_20' title="bbox 977 383 1763 419; baseline -0.006 -6"><span class='ocrx_word' id='word_1_159' title='bbox 977 385 1185 413; x_wconf 78' lang='lat' dir='ltr'><strong>Monlelaleonis</strong></span> <span class='ocrx_word' id='word_1_160' title='bbox 1196 385 1341 419; x_wconf 88' lang='lat' dir='ltr'><strong>plaudente</strong></span> <span class='ocrx_word' id='word_1_161' title='bbox 1358 385 1424 412; x_wconf 85' lang='lat' dir='ltr'><strong>orbe</strong></span> <span class='ocrx_word' id='word_1_162' title='bbox 1439 383 1571 411; x_wconf 84' lang='lat' dir='ltr'><strong>litterario</strong></span> <span class='ocrx_word' id='word_1_163' title='bbox 1585 383 1763 417; x_wconf 72' lang='lat' dir='ltr'><strong>Origeniano~</strong></span> 
     </span>
    </p>
   </div>
   <div class='ocr_carea' id='block_1_21' title="bbox 976 427 1762 464">
    <p class='ocr_par' dir='ltr' id='par_1_21' title="bbox 976 427 1762 464">
     <span class='ocr_line' id='line_1_21' title="bbox 976 427 1762 464; baseline -0.004 -7"><span class='ocrx_word' id='word_1_164' title='bbox 976 438 1035 457; x_wconf 88' lang='lat' dir='ltr'><strong>rttm</strong></span> <span class='ocrx_word' id='word_1_165' title='bbox 1063 429 1244 464; x_wconf 77' lang='lat' dir='ltr'><strong>llexaplorum</strong></span> <span class='ocrx_word' id='word_1_166' title='bbox 1272 429 1399 462; x_wconf 75' lang='lat' dir='ltr'><strong>reliquias</strong></span> <span class='ocrx_word' id='word_1_167' title='bbox 1418 429 1522 456; x_wconf 87' lang='lat' dir='ltr'><strong>duobtts</strong></span> <span class='ocrx_word' id='word_1_168' title='bbox 1545 427 1653 455; x_wconf 76' lang='lat' dir='ltr'><strong>iit-folio</strong></span> <span class='ocrx_word' id='word_1_169' title='bbox 1678 428 1762 454; x_wconf 89' lang='lat' dir='ltr'><strong>tomis</strong></span> 
     </span>
    </p>
   </div>
   <div class='ocr_carea' id='block_1_22' title="bbox 976 473 1762 509">
    <p class='ocr_par' dir='ltr' id='par_1_22' title="bbox 976 473 1762 509">
     <span class='ocr_line' id='line_1_22' title="bbox 976 473 1762 509; baseline -0.004 -7"><span class='ocrx_word' id='word_1_170' title='bbox 976 476 1003 502; x_wconf 92' lang='lat' dir='ltr'><strong>in</strong></span> <span class='ocrx_word' id='word_1_171' title='bbox 1017 475 1101 502; x_wconf 85' lang='lat' dir='ltr'><strong>lucem</strong></span> <span class='ocrx_word' id='word_1_172' title='bbox 1112 475 1207 507; x_wconf 88' lang='lat' dir='ltr'><strong>edidit,</strong></span> <span class='ocrx_word' id='word_1_173' title='bbox 1218 481 1313 501; x_wconf 78' lang='lat' dir='ltr'><strong>novam</strong></span> <span class='ocrx_word' id='word_1_174' title='bbox 1324 475 1485 509; x_wconf 72' lang='lat' dir='ltr'><strong>aggrederer</strong></span> <span class='ocrx_word' id='word_1_175' title='bbox 1495 473 1641 501; x_wconf 74' lang='lat' dir='ltr'><strong>editionem</strong></span> <span class='ocrx_word' id='word_1_176' title='bbox 1652 473 1762 500; x_wconf 68' lang='lat' dir='ltr'><strong>Graeco-</strong></span> 
     </span>
    </p>
   </div>
   <div class='ocr_carea' id='block_1_23' title="bbox 976 520 1759 556">
    <p class='ocr_par' dir='ltr' id='par_1_23' title="bbox 976 520 1759 556">
     <span class='ocr_line' id='line_1_23' title="bbox 976 520 1759 556; baseline -0.004 -7"><span class='ocrx_word' id='word_1_177' title='bbox 976 521 1117 554; x_wconf 87' lang='lat' dir='ltr'><strong>Latinam,</strong></span> <span class='ocrx_word' id='word_1_178' title='bbox 1138 529 1198 556; x_wconf 53' lang='lat' dir='ltr'><strong>quas</strong></span> <span class='ocrx_word' id='word_1_179' title='bbox 1223 529 1273 549; x_wconf 89' lang='lat' dir='ltr'><strong>suo</strong></span> <span class='ocrx_word' id='word_1_180' title='bbox 1298 529 1411 555; x_wconf 84' lang='lat' dir='ltr'><strong>qmeque</strong></span> <span class='ocrx_word' id='word_1_181' title='bbox 1439 521 1535 549; x_wconf 83' lang='lat' dir='ltr'><strong>ordine</strong></span> <span class='ocrx_word' id='word_1_182' title='bbox 1563 521 1665 555; x_wconf 86' lang='lat' dir='ltr'><strong>reliqua</strong></span> <span class='ocrx_word' id='word_1_183' title='bbox 1693 520 1759 546; x_wconf 85' lang='lat' dir='ltr'><strong>tanti</strong></span> 
     </span>
    </p>
   </div>
   <div class='ocr_carea' id='block_1_24' title="bbox 975 562 1762 603">
    <p class='ocr_par' dir='ltr' id='par_1_24' title="bbox 975 562 1762 603">
     <span class='ocr_line' id='line_1_24' title="bbox 975 562 1762 603; baseline -0.003 -9"><span class='ocrx_word' id='word_1_184' title='bbox 975 562 1120 603; x_wconf 73' lang='lat' dir='ltr'><strong>scriptoris</strong></span> <span class='ocrx_word' id='word_1_185' title='bbox 1134 575 1218 603; x_wconf 82' lang='lat' dir='ltr'><strong>opera</strong></span> <span class='ocrx_word' id='word_1_186' title='bbox 1234 567 1463 602; x_wconf 74' lang='lat' dir='ltr'><strong>complecteretur</strong></span> <span class='ocrx_word' id='word_1_187' title='bbox 1474 586 1482 599; x_wconf 91' lang='lat'><strong>,</strong></span> <span class='ocrx_word' id='word_1_188' title='bbox 1500 574 1561 594; x_wconf 83' lang='lat' dir='ltr'><strong>cum</strong></span> <span class='ocrx_word' id='word_1_189' title='bbox 1584 567 1627 594; x_wconf 88' lang='lat' dir='ltr'><strong>illa</strong></span> <span class='ocrx_word' id='word_1_190' title='bbox 1644 573 1762 600; x_wconf 80' lang='lat' dir='ltr'><strong>quorum</strong></span> 
     </span>
    </p>
   </div>
   <div class='ocr_carea' id='block_1_25' title="bbox 975 611 1759 648">
    <p class='ocr_par' dir='ltr' id='par_1_25' title="bbox 975 611 1759 648">
     <span class='ocr_line' id='line_1_25' title="bbox 975 611 1759 648; baseline -0.004 -7"><span class='ocrx_word' id='word_1_191' title='bbox 975 613 1069 641; x_wconf 63' lang='lat' dir='ltr'><strong>Graeca</strong></span> <span class='ocrx_word' id='word_1_192' title='bbox 1087 614 1217 641; x_wconf 88' lang='lat' dir='ltr'><strong>interiere</strong></span> <span class='ocrx_word' id='word_1_193' title='bbox 1235 613 1349 648; x_wconf 84' lang='lat' dir='ltr'><strong>solaque</strong></span> <span class='ocrx_word' id='word_1_194' title='bbox 1364 617 1489 647; x_wconf 83' lang='lat' dir='ltr'><strong>superest</strong></span> <span class='ocrx_word' id='word_1_195' title='bbox 1504 612 1694 647; x_wconf 82' lang='lat' dir='ltr'><strong>interpretatio</strong></span> <span class='ocrx_word' id='word_1_196' title='bbox 1707 611 1759 638; x_wconf 83' lang='lat' dir='ltr'><strong>La-</strong></span> 
     </span>
    </p>
   </div>
   <div class='ocr_carea' id='block_1_26' title="bbox 976 658 1764 694">
    <p class='ocr_par' dir='ltr' id='par_1_26' title="bbox 976 658 1764 694">
     <span class='ocr_line' id='line_1_26' title="bbox 976 658 1764 694; baseline -0.001 -8"><span class='ocrx_word' id='word_1_197' title='bbox 976 661 1044 689; x_wconf 83' lang='lat' dir='ltr'><strong>tina.</strong></span> <span class='ocrx_word' id='word_1_198' title='bbox 1057 665 1112 687; x_wconf 87' lang='lat' dir='ltr'><strong>tum</strong></span> <span class='ocrx_word' id='word_1_199' title='bbox 1131 660 1176 687; x_wconf 88' lang='lat' dir='ltr'><strong>illa</strong></span> <span class='ocrx_word' id='word_1_200' title='bbox 1194 668 1254 694; x_wconf 67' lang='lat' dir='ltr'><strong>qua:</strong></span> <span class='ocrx_word' id='word_1_201' title='bbox 1269 661 1363 688; x_wconf 70' lang='lat' dir='ltr'><strong>Grmce</strong></span> <span class='ocrx_word' id='word_1_202' title='bbox 1383 660 1419 687; x_wconf 86' lang='lat' dir='ltr'><strong>ad</strong></span> <span class='ocrx_word' id='word_1_203' title='bbox 1437 667 1486 687; x_wconf 91' lang='lat' dir='ltr'><strong>nos</strong></span> <span class='ocrx_word' id='word_1_204' title='bbox 1512 663 1706 694; x_wconf 85' lang='lat' dir='ltr'><strong>pervenerunt.</strong></span> <span class='ocrx_word' id='word_1_205' title='bbox 1723 658 1764 685; x_wconf 80' lang='lat' dir='ltr'><strong>Ea</strong></span> 
     </span>
    </p>
   </div>
   <div class='ocr_carea' id='block_1_27' title="bbox 976 705 1760 740">
    <p class='ocr_par' dir='ltr' id='par_1_27' title="bbox 976 705 1760 740">
     <span class='ocr_line' id='line_1_27' title="bbox 976 705 1760 740; baseline -0.003 -7"><span class='ocrx_word' id='word_1_206' title='bbox 976 707 1018 734; x_wconf 83' lang='lat' dir='ltr'><strong>vel</strong></span> <span class='ocrx_word' id='word_1_207' title='bbox 1033 707 1065 733; x_wconf 89' lang='lat' dir='ltr'><strong>ad</strong></span> <span class='ocrx_word' id='word_1_208' title='bbox 1085 707 1216 734; x_wconf 86' lang='lat' dir='ltr'><strong>librorum</strong></span> <span class='ocrx_word' id='word_1_209' title='bbox 1237 714 1378 734; x_wconf 85' lang='lat' dir='ltr'><strong>sacrorum</strong></span> <span class='ocrx_word' id='word_1_210' title='bbox 1402 706 1655 740; x_wconf 78' lang='lat' dir='ltr'><strong>interpretationem</strong></span> <span class='ocrx_word' id='word_1_211' title='bbox 1674 705 1760 740; x_wconf 88' lang='lat' dir='ltr'><strong>perti-</strong></span> 
     </span>
    </p>
   </div>
   <div class='ocr_carea' id='block_1_28' title="bbox 977 751 1763 788">
    <p class='ocr_par' dir='ltr' id='par_1_28' title="bbox 977 751 1763 788">
     <span class='ocr_line' id='line_1_28' title="bbox 977 751 1763 788; baseline -0.003 -9"><span class='ocrx_word' id='word_1_212' title='bbox 977 757 1054 785; x_wconf 84' lang='lat' dir='ltr'><strong>nent,</strong></span> <span class='ocrx_word' id='word_1_213' title='bbox 1065 757 1094 780; x_wconf 93' lang='lat' dir='ltr'><strong>et</strong></span> <span class='ocrx_word' id='word_1_214' title='bbox 1111 752 1263 788; x_wconf 78' lang='grc' dir='ltr'><strong>ὲξηγητικὰ</strong></span> <span class='ocrx_word' id='word_1_215' title='bbox 1277 752 1447 787; x_wconf 84' lang='lat' dir='ltr'><strong>appellantur</strong></span> <span class='ocrx_word' id='word_1_216' title='bbox 1460 752 1494 779; x_wconf 84' lang='lat' dir='ltr'><strong>ab</strong></span> <span class='ocrx_word' id='word_1_217' title='bbox 1508 751 1616 784; x_wconf 86' lang='lat' dir='ltr'><strong>Huetio,</strong></span> <span class='ocrx_word' id='word_1_218' title='bbox 1636 751 1678 778; x_wconf 90' lang='lat' dir='ltr'><strong>vel</strong></span> <span class='ocrx_word' id='word_1_219' title='bbox 1698 755 1763 778; x_wconf 85' lang='lat' dir='ltr'><strong>sunt</strong></span> 
     </span>
    </p>
   </div>
   <div class='ocr_carea' id='block_1_29' title="bbox 976 797 1762 834">
    <p class='ocr_par' dir='ltr' id='par_1_29' title="bbox 976 797 1762 834">
     <span class='ocr_line' id='line_1_29' title="bbox 976 797 1762 834; baseline -0.004 -7"><span class='ocrx_word' id='word_1_220' title='bbox 976 799 1122 833; x_wconf 79' lang='lat' dir='ltr'><strong>peculiaris</strong></span> <span class='ocrx_word' id='word_1_221' title='bbox 1134 799 1261 832; x_wconf 82' lang='lat' dir='ltr'><strong>instituti,</strong></span> <span class='ocrx_word' id='word_1_222' title='bbox 1279 804 1306 826; x_wconf 92' lang='lat' dir='ltr'><strong>et</strong></span> <span class='ocrx_word' id='word_1_223' title='bbox 1319 803 1496 834; x_wconf 63' lang='lat' dir='ltr'><strong>Syntagmata</strong></span> <span class='ocrx_word' id='word_1_224' title='bbox 1511 799 1545 825; x_wconf 86' lang='lat' dir='ltr'><strong>ah</strong></span> <span class='ocrx_word' id='word_1_225' title='bbox 1561 798 1657 826; x_wconf 89' lang='lat' dir='ltr'><strong>eodem</strong></span> <span class='ocrx_word' id='word_1_226' title='bbox 1672 797 1762 824; x_wconf 87' lang='lat' dir='ltr'><strong>nomi-</strong></span> 
     </span>
    </p>
   </div>
   <div class='ocr_carea' id='block_1_30' title="bbox 976 844 1763 880">
    <p class='ocr_par' dir='ltr' id='par_1_30' title="bbox 976 844 1763 880">
     <span class='ocr_line' id='line_1_30' title="bbox 976 844 1763 880; baseline -0.003 -8"><span class='ocrx_word' id='word_1_227' title='bbox 976 850 1085 873; x_wconf 89' lang='lat' dir='ltr'><strong>nantur.</strong></span> <span class='ocrx_word' id='word_1_228' title='bbox 1100 845 1192 873; x_wconf 86' lang='lat' dir='ltr'><strong>Primo</strong></span> <span class='ocrx_word' id='word_1_229' title='bbox 1212 846 1325 880; x_wconf 86' lang='lat' dir='ltr'><strong>hujusce</strong></span> <span class='ocrx_word' id='word_1_230' title='bbox 1346 846 1473 872; x_wconf 84' lang='lat' dir='ltr'><strong>editionis</strong></span> <span class='ocrx_word' id='word_1_231' title='bbox 1497 849 1570 872; x_wconf 87' lang='lat' dir='ltr'><strong>tomo</strong></span> <span class='ocrx_word' id='word_1_232' title='bbox 1587 844 1763 874; x_wconf 76' lang='lat' dir='ltr'><strong>continentur</strong></span> 
     </span>
    </p>
   </div>
   <div class='ocr_carea' id='block_1_31' title="bbox 133 888 1765 928">
    <p class='ocr_par' dir='ltr' id='par_1_31' title="bbox 133 888 1765 928">
     <span class='ocr_line' id='line_1_31' title="bbox 133 888 1765 928; baseline -0.001 -9"><span class='ocrx_word' id='word_1_233' title='bbox 133 901 216 928; x_wconf 83' lang='lat' dir='ltr'><strong>gneur</strong></span> <span class='ocrx_word' id='word_1_234' title='bbox 229 894 261 920; x_wconf 84' lang='lat' dir='ltr'><strong>de</strong></span> <span class='ocrx_word' id='word_1_235' title='bbox 273 892 342 921; x_wconf 67' lang='lat' dir='ltr'><strong>See;</strong></span> <span class='ocrx_word' id='word_1_236' title='bbox 354 902 370 920; x_wconf 81' lang='grc' dir='ltr'><em>α</em></span> <span class='ocrx_word' id='word_1_237' title='bbox 387 893 485 928; x_wconf 76' lang='lat' dir='ltr'><strong>ojotité,</strong></span> <span class='ocrx_word' id='word_1_238' title='bbox 498 901 548 928; x_wconf 81' lang='lat' dir='ltr'><strong>que</strong></span> <span class='ocrx_word' id='word_1_239' title='bbox 561 893 616 919; x_wconf 83' lang='lat' dir='ltr'><strong>l‘on</strong></span> <span class='ocrx_word' id='word_1_240' title='bbox 628 894 748 926; x_wconf 81' lang='lat' dir='ltr'><strong>pourroit</strong></span> <span class='ocrx_word' id='word_1_241' title='bbox 762 895 833 927; x_wconf 62' lang='lat' dir='ltr'><strong>prter</strong></span> <span class='ocrx_word' id='word_1_242' title='bbox 847 901 923 920; x_wconf 85' lang='lat' dir='ltr'><strong>mon-</strong></span> <span class='ocrx_word' id='word_1_243' title='bbox 939 888 960 915; x_wconf 86' lang='grc' dir='ltr'><strong><em>Β</em></strong></span> <span class='ocrx_word' id='word_1_244' title='bbox 974 891 1164 926; x_wconf 71' lang='lat' dir='ltr'><strong>Syntagmata;</strong></span> <span class='ocrx_word' id='word_1_245' title='bbox 1178 897 1294 925; x_wconf 83' lang='lat' dir='ltr'><strong>quatuor</strong></span> <span class='ocrx_word' id='word_1_246' title='bbox 1308 891 1421 926; x_wconf 91' lang='lat' dir='ltr'><strong>reliquis</strong></span> <span class='ocrx_word' id='word_1_247' title='bbox 1434 892 1584 926; x_wconf 77' lang='lat' dir='ltr'><strong>exegetica,</strong></span> <span class='ocrx_word' id='word_1_248' title='bbox 1599 891 1765 925; x_wconf 67' lang='lat' dir='ltr'><strong>adquorum</strong></span> 
     </span>
    </p>
   </div>
   <div class='ocr_carea' id='block_1_32' title="bbox 133 938 920 974">
    <p class='ocr_par' dir='ltr' id='par_1_32' title="bbox 133 938 920 974">
     <span class='ocr_line' id='line_1_32' title="bbox 133 938 920 974; baseline 0 -10"><span class='ocrx_word' id='word_1_249' title='bbox 133 939 258 974; x_wconf 78' lang='lat' dir='ltr'><strong>seigueur</strong></span> <span class='ocrx_word' id='word_1_250' title='bbox 270 940 303 966; x_wconf 79' lang='lat' dir='ltr'><strong>de</strong></span> <span class='ocrx_word' id='word_1_251' title='bbox 321 938 435 966; x_wconf 72' lang='lat' dir='ltr'><strong>Tholoze</strong></span> <span class='ocrx_word' id='word_1_252' title='bbox 450 939 482 964; x_wconf 75' lang='lat' dir='ltr'><strong>tle</strong></span> <span class='ocrx_word' id='word_1_253' title='bbox 496 938 608 971; x_wconf 79' lang='lat' dir='ltr'><strong>prendre</strong></span> <span class='ocrx_word' id='word_1_254' title='bbox 621 938 645 964; x_wconf 82' lang='lat' dir='ltr'><strong>le</strong></span> <span class='ocrx_word' id='word_1_255' title='bbox 657 938 731 964; x_wconf 76' lang='lat' dir='ltr'><strong>sieur</strong></span> <span class='ocrx_word' id='word_1_256' title='bbox 744 938 841 964; x_wconf 81' lang='lat' dir='ltr'><strong>Aubert</strong></span> <span class='ocrx_word' id='word_1_257' title='bbox 855 938 920 964; x_wconf 81' lang='lat' dir='ltr'><strong>doc-</strong></span> 
     </span>
    </p>
   </div>
   <div class='ocr_carea' id='block_1_33' title="bbox 134 984 920 1018">
    <p class='ocr_par' dir='ltr' id='par_1_33' title="bbox 134 984 920 1018">
     <span class='ocr_line' id='line_1_33' title="bbox 134 984 920 1018; baseline 0 -8"><span class='ocrx_word' id='word_1_258' title='bbox 134 989 193 1010; x_wconf 77' lang='lat' dir='ltr'><strong>teur</strong></span> <span class='ocrx_word' id='word_1_259' title='bbox 203 985 235 1011; x_wconf 79' lang='lat' dir='ltr'><strong>de</strong></span> <span class='ocrx_word' id='word_1_260' title='bbox 249 984 396 1018; x_wconf 77' lang='lat' dir='ltr'><strong>Sarbanne,</strong></span> <span class='ocrx_word' id='word_1_261' title='bbox 410 992 479 1015; x_wconf 83' lang='lat' dir='ltr'><strong>pour</strong></span> <span class='ocrx_word' id='word_1_262' title='bbox 492 984 547 1011; x_wconf 81' lang='lat' dir='ltr'><strong>t’tm</strong></span> <span class='ocrx_word' id='word_1_263' title='bbox 563 984 610 1010; x_wconf 83' lang='lat' dir='ltr'><strong>des</strong></span> <span class='ocrx_word' id='word_1_264' title='bbox 623 984 703 1016; x_wconf 75' lang='lat' dir='ltr'><strong>deux;</strong></span> <span class='ocrx_word' id='word_1_265' title='bbox 716 991 764 1018; x_wconf 81' lang='lat' dir='ltr'><strong>que</strong></span> <span class='ocrx_word' id='word_1_266' title='bbox 777 984 802 1010; x_wconf 85' lang='lat' dir='ltr'><strong>la</strong></span> <span class='ocrx_word' id='word_1_267' title='bbox 815 992 920 1016; x_wconf 81' lang='lat' dir='ltr'><strong>compa-</strong></span> 
     </span>
    </p>
   </div>
   <div class='ocr_carea' id='block_1_34' title="bbox 132 1030 921 1065">
    <p class='ocr_par' dir='ltr' id='par_1_34' title="bbox 132 1030 921 1065">
     <span class='ocr_line' id='line_1_34' title="bbox 132 1030 921 1065; baseline 0 -9"><span class='ocrx_word' id='word_1_268' title='bbox 132 1031 192 1064; x_wconf 69' lang='lat' dir='ltr'><strong>ynie</strong></span> <span class='ocrx_word' id='word_1_269' title='bbox 209 1031 245 1057; x_wconf 81' lang='lat' dir='ltr'><strong>l&#39;u</strong></span> <span class='ocrx_word' id='word_1_270' title='bbox 260 1031 390 1058; x_wconf 76' lang='lat' dir='ltr'><strong>ci—deuant</strong></span> <span class='ocrx_word' id='word_1_271' title='bbox 403 1031 462 1065; x_wconf 71' lang='lat' dir='ltr'><strong>prie</strong></span> <span class='ocrx_word' id='word_1_272' title='bbox 473 1031 505 1057; x_wconf 74' lang='lat' dir='ltr'><strong>de</strong></span> <span class='ocrx_word' id='word_1_273' title='bbox 521 1030 620 1057; x_wconf 79' lang='lat' dir='ltr'><strong>choisir</strong></span> <span class='ocrx_word' id='word_1_274' title='bbox 640 1038 708 1062; x_wconf 84' lang='lat' dir='ltr'><strong>pour</strong></span> <span class='ocrx_word' id='word_1_275' title='bbox 729 1030 863 1056; x_wconf 73' lang='lat' dir='ltr'><strong>travailler</strong></span> <span class='ocrx_word' id='word_1_276' title='bbox 875 1038 921 1056; x_wconf 76' lang='lat' dir='ltr'><strong>sur</strong></span> 
     </span>
    </p>
   </div>
   <div class='ocr_carea' id='block_1_35' title="bbox 132 1074 921 1110">
    <p class='ocr_par' dir='ltr' id='par_1_35' title="bbox 132 1074 921 1110">
     <span class='ocr_line' id='line_1_35' title="bbox 132 1074 921 1110; baseline 0 -8"><span class='ocrx_word' id='word_1_277' title='bbox 132 1078 156 1103; x_wconf 79' lang='lat' dir='ltr'><strong>Ie</strong></span> <span class='ocrx_word' id='word_1_278' title='bbox 171 1077 240 1104; x_wconf 78' lang='lat' dir='ltr'><strong>droit</strong></span> <span class='ocrx_word' id='word_1_279' title='bbox 256 1076 357 1107; x_wconf 78' lang='lat' dir='ltr'><strong>Conon,</strong></span> <span class='ocrx_word' id='word_1_280' title='bbox 373 1082 396 1103; x_wconf 87' lang='lat' dir='ltr'><strong>et</strong></span> <span class='ocrx_word' id='word_1_281' title='bbox 413 1085 460 1103; x_wconf 71' lang='grc' dir='ltr'><strong>σιω·</strong></span> <span class='ocrx_word' id='word_1_282' title='bbox 475 1076 604 1103; x_wconf 83' lang='lat' dir='ltr'><strong>l&#39;histoire</strong></span> <span class='ocrx_word' id='word_1_283' title='bbox 617 1074 834 1110; x_wconf 70' lang='lat' dir='ltr'><strong>Ecclesiastique,</strong></span> <span class='ocrx_word' id='word_1_284' title='bbox 847 1081 870 1102; x_wconf 81' lang='lat' dir='ltr'><strong>et</strong></span> <span class='ocrx_word' id='word_1_285' title='bbox 883 1075 921 1102; x_wconf 88' lang='lat' dir='ltr'><strong>lui</strong></span> 
     </span>
    </p>
   </div>
   <div class='ocr_carea' id='block_1_36' title="bbox 133 1122 923 1156">
    <p class='ocr_par' dir='ltr' id='par_1_36' title="bbox 133 1122 923 1156">
     <span class='ocr_line' id='line_1_36' title="bbox 133 1122 923 1156; baseline 0 -8"><span class='ocrx_word' id='word_1_286' title='bbox 133 1124 233 1150; x_wconf 81' lang='lat' dir='ltr'><strong>douner</strong></span> <span class='ocrx_word' id='word_1_287' title='bbox 249 1123 272 1149; x_wconf 82' lang='lat' dir='ltr'><strong>le</strong></span> <span class='ocrx_word' id='word_1_288' title='bbox 289 1123 347 1149; x_wconf 77' lang='lat' dir='ltr'><strong>sein</strong></span> <span class='ocrx_word' id='word_1_289' title='bbox 364 1125 396 1148; x_wconf 79' lang='lat' dir='ltr'><strong>de</strong></span> <span class='ocrx_word' id='word_1_290' title='bbox 412 1127 477 1149; x_wconf 82' lang='lat' dir='ltr'><strong>cette</strong></span> <span class='ocrx_word' id='word_1_291' title='bbox 491 1122 660 1156; x_wconf 75' lang='lat' dir='ltr'><strong>impressiuu,</strong></span> <span class='ocrx_word' id='word_1_292' title='bbox 678 1130 746 1156; x_wconf 78' lang='lat' dir='ltr'><strong>ponr</strong></span> <span class='ocrx_word' id='word_1_293' title='bbox 763 1130 794 1148; x_wconf 83' lang='lat' dir='ltr'><strong>ne</strong></span> <span class='ocrx_word' id='word_1_294' title='bbox 811 1122 923 1156; x_wconf 83' lang='lat' dir='ltr'><strong>charger</strong></span> 
     </span>
    </p>
   </div>
   <div class='ocr_carea' id='block_1_37' title="bbox 132 1167 639 1202">
    <p class='ocr_par' dir='ltr' id='par_1_37' title="bbox 132 1167 639 1202">
     <span class='ocr_line' id='line_1_37' title="bbox 132 1167 639 1202; baseline -0.004 -8"><span class='ocrx_word' id='word_1_295' title='bbox 132 1178 178 1202; x_wconf 78' lang='lat' dir='ltr'><strong>pus</strong></span> <span class='ocrx_word' id='word_1_296' title='bbox 193 1167 274 1194; x_wconf 78' lang='lat' dir='ltr'><strong>t‘Etat</strong></span> <span class='ocrx_word' id='word_1_297' title='bbox 285 1168 317 1194; x_wconf 77' lang='lat' dir='ltr'><strong>de</strong></span> <span class='ocrx_word' id='word_1_298' title='bbox 334 1167 392 1202; x_wconf 77' lang='lat' dir='ltr'><strong>plus</strong></span> <span class='ocrx_word' id='word_1_299' title='bbox 408 1168 508 1202; x_wconf 72' lang='lat' dir='ltr'><strong>grande</strong></span> <span class='ocrx_word' id='word_1_300' title='bbox 519 1168 639 1201; x_wconf 75' lang='lat' dir='ltr'><strong>dépcmc.</strong></span> 
     </span>
    </p>
   </div>
   <div class='ocr_carea' id='block_1_38' title="bbox 170 1235 923 1269">
    <p class='ocr_par' dir='ltr' id='par_1_38' title="bbox 170 1235 923 1269">
     <span class='ocr_line' id='line_1_38' title="bbox 170 1235 923 1269; baseline -0.001 -8"><span class='ocrx_word' id='word_1_301' title='bbox 170 1235 246 1261; x_wconf 80' lang='lat' dir='ltr'><strong>Ledit</strong></span> <span class='ocrx_word' id='word_1_302' title='bbox 260 1239 367 1269; x_wconf 67' lang='lat' dir='ltr'><strong>support</strong></span> <span class='ocrx_word' id='word_1_303' title='bbox 378 1235 498 1261; x_wconf 82' lang='lat' dir='ltr'><strong>concerté</strong></span> <span class='ocrx_word' id='word_1_304' title='bbox 505 1240 528 1261; x_wconf 87' lang='lat' dir='ltr'><strong>et</strong></span> <span class='ocrx_word' id='word_1_305' title='bbox 539 1235 619 1269; x_wconf 60' lang='lat' dir='ltr'><strong>agite,</strong></span> <span class='ocrx_word' id='word_1_306' title='bbox 628 1235 734 1261; x_wconf 79' lang='lat' dir='ltr'><strong>ntesdits</strong></span> <span class='ocrx_word' id='word_1_307' title='bbox 746 1235 880 1268; x_wconf 66' lang='lat' dir='ltr'><strong>seiJneurs</strong></span> <span class='ocrx_word' id='word_1_308' title='bbox 891 1235 923 1260; x_wconf 69' lang='lat' dir='ltr'><strong>ila</strong></span> 
     </span>
    </p>
   </div>
   <div class='ocr_carea' id='block_1_39' title="bbox 135 1279 922 1314">
    <p class='ocr_par' dir='ltr' id='par_1_39' title="bbox 135 1279 922 1314">
     <span class='ocr_line' id='line_1_39' title="bbox 135 1279 922 1314; baseline -0.003 -7"><span class='ocrx_word' id='word_1_309' title='bbox 135 1281 250 1308; x_wconf 75' lang='lat' dir='ltr'><strong>Tholoze</strong></span> <span class='ocrx_word' id='word_1_310' title='bbox 264 1285 288 1307; x_wconf 81' lang='lat' dir='ltr'><strong>et</strong></span> <span class='ocrx_word' id='word_1_311' title='bbox 301 1281 333 1307; x_wconf 80' lang='lat' dir='ltr'><strong>de</strong></span> <span class='ocrx_word' id='word_1_312' title='bbox 347 1279 413 1307; x_wconf 79' lang='lat' dir='ltr'><strong>Seez</strong></span> <span class='ocrx_word' id='word_1_313' title='bbox 424 1285 467 1306; x_wconf 93' lang='lat' dir='ltr'><strong>ont</strong></span> <span class='ocrx_word' id='word_1_314' title='bbox 483 1281 523 1307; x_wconf 76' lang='lat' dir='ltr'><strong>été</strong></span> <span class='ocrx_word' id='word_1_315' title='bbox 538 1280 610 1314; x_wconf 65' lang='lat' dir='ltr'><strong>prie;</strong></span> <span class='ocrx_word' id='word_1_316' title='bbox 620 1280 653 1306; x_wconf 80' lang='lat' dir='ltr'><strong>de</strong></span> <span class='ocrx_word' id='word_1_317' title='bbox 668 1280 764 1306; x_wconf 79' lang='lat' dir='ltr'><strong>traiter</strong></span> <span class='ocrx_word' id='word_1_318' title='bbox 777 1287 838 1306; x_wconf 69' lang='grc' dir='ltr'><em>αντε</em></span> <span class='ocrx_word' id='word_1_319' title='bbox 849 1280 922 1314; x_wconf 79' lang='lat' dir='ltr'><strong>quel-</strong></span> 
     </span>
    </p>
   </div>
   <div class='ocr_carea' id='block_1_40' title="bbox 134 1326 923 1362">
    <p class='ocr_par' dir='ltr' id='par_1_40' title="bbox 134 1326 923 1362">
     <span class='ocr_line' id='line_1_40' title="bbox 134 1326 923 1362; baseline -0.001 -9"><span class='ocrx_word' id='word_1_320' title='bbox 134 1335 197 1362; x_wconf 66' lang='lat' dir='ltr'><strong>quzs</strong></span> <span class='ocrx_word' id='word_1_321' title='bbox 211 1326 378 1360; x_wconf 80' lang='lat' dir='ltr'><strong>imprimeurs</strong></span> <span class='ocrx_word' id='word_1_322' title='bbox 391 1327 435 1361; x_wconf 88' lang='lat' dir='ltr'><strong>qui</strong></span> <span class='ocrx_word' id='word_1_323' title='bbox 450 1326 536 1361; x_wconf 75' lang='lat' dir='ltr'><strong>{erant</strong></span> <span class='ocrx_word' id='word_1_324' title='bbox 549 1327 575 1353; x_wconf 84' lang='lat' dir='ltr'><strong>la</strong></span> <span class='ocrx_word' id='word_1_325' title='bbox 586 1327 720 1354; x_wconf 79' lang='lat' dir='ltr'><strong>condition</strong></span> <span class='ocrx_word' id='word_1_326' title='bbox 731 1327 757 1353; x_wconf 84' lang='lat' dir='ltr'><strong>la</strong></span> <span class='ocrx_word' id='word_1_327' title='bbox 772 1327 830 1360; x_wconf 79' lang='lat' dir='ltr'><strong>plus</strong></span> <span class='ocrx_word' id='word_1_328' title='bbox 843 1335 923 1353; x_wconf 81' lang='lat' dir='ltr'><strong>avun-</strong></span> 
     </span>
    </p>
   </div>
   <div class='ocr_carea' id='block_1_41' title="bbox 135 1374 922 1406">
    <p class='ocr_par' dir='ltr' id='par_1_41' title="bbox 135 1374 922 1406">
     <span class='ocr_line' id='line_1_41' title="bbox 135 1374 922 1406; baseline 0.001 -7"><span class='ocrx_word' id='word_1_329' title='bbox 135 1380 261 1405; x_wconf 74' lang='lat' dir='ltr'><strong>Isgeuse;</strong></span> <span class='ocrx_word' id='word_1_330' title='bbox 275 1379 299 1400; x_wconf 88' lang='lat' dir='ltr'><strong>et</strong></span> <span class='ocrx_word' id='word_1_331' title='bbox 315 1381 348 1400; x_wconf 76' lang='lat' dir='ltr'><strong>en</strong></span> <span class='ocrx_word' id='word_1_332' title='bbox 366 1374 425 1400; x_wconf 85' lang='lat' dir='ltr'><strong>leur</strong></span> <span class='ocrx_word' id='word_1_333' title='bbox 438 1375 543 1406; x_wconf 70' lang='lat' dir='ltr'><strong>premnt</strong></span> <span class='ocrx_word' id='word_1_334' title='bbox 557 1374 584 1400; x_wconf 83' lang='lat' dir='ltr'><strong>Ia</strong></span> <span class='ocrx_word' id='word_1_335' title='bbox 603 1382 701 1401; x_wconf 76' lang='lat' dir='ltr'><strong>somme</strong></span> <span class='ocrx_word' id='word_1_336' title='bbox 722 1374 754 1400; x_wconf 80' lang='lat' dir='ltr'><strong>de</strong></span> <span class='ocrx_word' id='word_1_337' title='bbox 774 1374 830 1400; x_wconf 81' lang='lat' dir='ltr'><strong>ltuit</strong></span> <span class='ocrx_word' id='word_1_338' title='bbox 852 1374 922 1400; x_wconf 76' lang='lat' dir='ltr'><strong>mille</strong></span> 
     </span>
    </p>
   </div>
   <div class='ocr_carea' id='block_1_42' title="bbox 133 1419 922 1454">
    <p class='ocr_par' dir='ltr' id='par_1_42' title="bbox 133 1419 922 1454">
     <span class='ocr_line' id='line_1_42' title="bbox 133 1419 922 1454; baseline 0.001 -10"><span class='ocrx_word' id='word_1_339' title='bbox 133 1419 230 1451; x_wconf 71' lang='lat' dir='ltr'><strong>liores,</strong></span> <span class='ocrx_word' id='word_1_340' title='bbox 256 1420 301 1454; x_wconf 80' lang='lat' dir='ltr'><strong>qui</strong></span> <span class='ocrx_word' id='word_1_341' title='bbox 321 1426 359 1446; x_wconf 72' lang='lat' dir='ltr'><strong>est</strong></span> <span class='ocrx_word' id='word_1_342' title='bbox 387 1424 460 1446; x_wconf 79' lang='lat' dir='ltr'><strong>entre</strong></span> <span class='ocrx_word' id='word_1_343' title='bbox 477 1419 515 1446; x_wconf 78' lang='lat' dir='ltr'><strong>[es</strong></span> <span class='ocrx_word' id='word_1_344' title='bbox 541 1420 626 1446; x_wconf 80' lang='lat' dir='ltr'><strong>maius</strong></span> <span class='ocrx_word' id='word_1_345' title='bbox 651 1420 683 1447; x_wconf 81' lang='lat' dir='ltr'><strong>de</strong></span> <span class='ocrx_word' id='word_1_346' title='bbox 710 1420 856 1449; x_wconf 77' lang='lat' dir='ltr'><strong>Cramoisi,</strong></span> <span class='ocrx_word' id='word_1_347' title='bbox 885 1419 922 1446; x_wconf 74' lang='lat' dir='ltr'><strong>(es</strong></span> 
     </span>
    </p>
   </div>
   <div class='ocr_carea' id='block_1_43' title="bbox 135 1465 922 1499">
    <p class='ocr_par' dir='ltr' id='par_1_43' title="bbox 135 1465 922 1499">
     <span class='ocr_line' id='line_1_43' title="bbox 135 1465 922 1499; baseline 0.001 -8"><span class='ocrx_word' id='word_1_348' title='bbox 135 1465 234 1499; x_wconf 82' lang='lat' dir='ltr'><strong>obliger</strong></span> <span class='ocrx_word' id='word_1_349' title='bbox 250 1465 449 1499; x_wconf 60' lang='lat' dir='ltr'><strong>dITimpression</strong></span> <span class='ocrx_word' id='word_1_350' title='bbox 463 1466 562 1493; x_wconf 80' lang='lat' dir='ltr'><strong>desdits</strong></span> <span class='ocrx_word' id='word_1_351' title='bbox 581 1465 695 1493; x_wconf 74' lang='lat' dir='ltr'><strong>Auleurs</strong></span> <span class='ocrx_word' id='word_1_352' title='bbox 712 1470 736 1492; x_wconf 84' lang='lat' dir='ltr'><strong>et</strong></span> <span class='ocrx_word' id='word_1_353' title='bbox 758 1473 813 1492; x_wconf 66' lang='lat' dir='ltr'><strong>(tua!</strong></span> <span class='ocrx_word' id='word_1_354' title='bbox 834 1471 922 1492; x_wconf 81' lang='lat' dir='ltr'><strong>autrcs</strong></span> 
     </span>
    </p>
   </div>
   <div class='ocr_carea' id='block_1_44' title="bbox 100 1511 921 1546">
    <p class='ocr_par' dir='ltr' id='par_1_44' title="bbox 100 1511 921 1546">
     <span class='ocr_line' id='line_1_44' title="bbox 100 1511 921 1546; baseline 0.002 -10"><span class='ocrx_word' id='word_1_355' title='bbox 100 1525 103 1532; x_wconf 88' lang='lat'><strong><em>-</em></strong></span> <span class='ocrx_word' id='word_1_356' title='bbox 133 1511 213 1546; x_wconf 73' lang='lat' dir='ltr'><strong>qn‘ilx</strong></span> <span class='ocrx_word' id='word_1_357' title='bbox 228 1511 352 1546; x_wconf 78' lang='lat' dir='ltr'><strong>jugeront</strong></span> <span class='ocrx_word' id='word_1_358' title='bbox 374 1512 556 1544; x_wconf 71' lang='lat' dir='ltr'><strong>necessairea;</strong></span> <span class='ocrx_word' id='word_1_359' title='bbox 574 1512 672 1546; x_wconf 79' lang='lat' dir='ltr'><strong>auqnet</strong></span> <span class='ocrx_word' id='word_1_360' title='bbox 690 1512 768 1539; x_wconf 80' lang='lat' dir='ltr'><strong>traité</strong></span> <span class='ocrx_word' id='word_1_361' title='bbox 783 1511 814 1538; x_wconf 80' lang='lat' dir='ltr'><strong>ils</strong></span> <span class='ocrx_word' id='word_1_362' title='bbox 836 1512 921 1546; x_wconf 81' lang='lat' dir='ltr'><strong>[erant</strong></span> 
     </span>
    </p>
   </div>
   <div class='ocr_carea' id='block_1_45' title="bbox 135 1557 958 1594">
    <p class='ocr_par' dir='ltr' id='par_1_45' title="bbox 135 1557 958 1594">
     <span class='ocr_line' id='line_1_45' title="bbox 135 1557 958 1594; baseline 0.001 -11"><span class='ocrx_word' id='word_1_363' title='bbox 135 1562 224 1584; x_wconf 84' lang='lat' dir='ltr'><strong>entrer</strong></span> <span class='ocrx_word' id='word_1_364' title='bbox 238 1565 287 1590; x_wconf 86' lang='lat' dir='ltr'><strong>par</strong></span> <span class='ocrx_word' id='word_1_365' title='bbox 302 1557 452 1591; x_wconf 63' lang='lat' dir='ltr'><strong>préferrncc</strong></span> <span class='ocrx_word' id='word_1_366' title='bbox 467 1558 491 1584; x_wconf 80' lang='lat' dir='ltr'><strong>le</strong></span> <span class='ocrx_word' id='word_1_367' title='bbox 504 1559 576 1585; x_wconf 85' lang='lat' dir='ltr'><strong>sieur</strong></span> <span class='ocrx_word' id='word_1_368' title='bbox 594 1557 668 1585; x_wconf 79' lang='lat' dir='ltr'><strong>Vitré</strong></span> <span class='ocrx_word' id='word_1_369' title='bbox 681 1579 688 1590; x_wconf 85' lang='grc'><em>,</em></span> <span class='ocrx_word' id='word_1_370' title='bbox 712 1559 867 1593; x_wconf 78' lang='lat' dir='ltr'><strong>imprimeur</strong></span> <span class='ocrx_word' id='word_1_371' title='bbox 887 1558 923 1584; x_wconf 88' lang='lat' dir='ltr'><strong>du</strong></span> <span class='ocrx_word' id='word_1_372' title='bbox 937 1566 958 1594; x_wconf 70' lang='grc' dir='ltr'><strong>ρ</strong></span> 
     </span>
    </p>
   </div>
   <div class='ocr_carea' id='block_1_46' title="bbox 136 1602 923 1640">
    <p class='ocr_par' dir='ltr' id='par_1_46' title="bbox 136 1602 923 1640">
     <span class='ocr_line' id='line_1_46' title="bbox 136 1602 923 1640; baseline 0.003 -11"><span class='ocrx_word' id='word_1_373' title='bbox 136 1602 238 1638; x_wconf 76' lang='lat' dir='ltr'><strong>Clergé.</strong></span> <span class='ocrx_word' id='word_1_374' title='bbox 252 1603 287 1630; x_wconf 84' lang='lat' dir='ltr'><strong>Et</strong></span> <span class='ocrx_word' id='word_1_375' title='bbox 306 1612 338 1630; x_wconf 76' lang='lat' dir='ltr'><strong>en</strong></span> <span class='ocrx_word' id='word_1_376' title='bbox 350 1609 425 1630; x_wconf 86' lang='lat' dir='ltr'><strong>oulre</strong></span> <span class='ocrx_word' id='word_1_377' title='bbox 438 1604 463 1630; x_wconf 83' lang='lat' dir='ltr'><strong>In</strong></span> <span class='ocrx_word' id='word_1_378' title='bbox 477 1606 631 1638; x_wconf 76' lang='lat' dir='ltr'><strong>compagnie</strong></span> <span class='ocrx_word' id='word_1_379' title='bbox 644 1614 660 1631; x_wconf 73' lang='grc' dir='ltr'><strong>τι</strong></span> <span class='ocrx_word' id='word_1_380' title='bbox 681 1605 769 1631; x_wconf 74' lang='lat' dir='ltr'><strong>desiié</strong></span> <span class='ocrx_word' id='word_1_381' title='bbox 791 1613 840 1640; x_wconf 84' lang='lat' dir='ltr'><strong>que</strong></span> <span class='ocrx_word' id='word_1_382' title='bbox 859 1605 923 1631; x_wconf 76' lang='lat' dir='ltr'><strong>(edit</strong></span> 
     </span>
    </p>
   </div>
   <div class='ocr_carea' id='block_1_47' title="bbox 136 1649 923 1684">
    <p class='ocr_par' dir='ltr' id='par_1_47' title="bbox 136 1649 923 1684">
     <span class='ocr_line' id='line_1_47' title="bbox 136 1649 923 1684; baseline 0.003 -10"><span class='ocrx_word' id='word_1_383' title='bbox 136 1649 208 1675; x_wconf 78' lang='lat' dir='ltr'><strong>sicur</strong></span> <span class='ocrx_word' id='word_1_384' title='bbox 218 1649 315 1676; x_wconf 79' lang='lat' dir='ltr'><strong>Aubert</strong></span> <span class='ocrx_word' id='word_1_385' title='bbox 332 1649 371 1683; x_wconf 69' lang='lat' dir='ltr'><strong>[ait</strong></span> <span class='ocrx_word' id='word_1_386' title='bbox 381 1649 492 1684; x_wconf 75' lang='lat' dir='ltr'><strong>emploié</strong></span> <span class='ocrx_word' id='word_1_387' title='bbox 502 1658 536 1676; x_wconf 83' lang='lat' dir='ltr'><strong>au</strong></span> <span class='ocrx_word' id='word_1_388' title='bbox 548 1651 605 1676; x_wconf 77' lang='lat' dir='ltr'><strong>sein</strong></span> <span class='ocrx_word' id='word_1_389' title='bbox 617 1651 650 1676; x_wconf 79' lang='lat' dir='ltr'><strong>dc</strong></span> <span class='ocrx_word' id='word_1_390' title='bbox 661 1650 743 1677; x_wconf 79' lang='lat' dir='ltr'><strong>[adite</strong></span> <span class='ocrx_word' id='word_1_391' title='bbox 756 1651 923 1684; x_wconf 67' lang='lat' dir='ltr'><strong>impressio&quot;;</strong></span> 
     </span>
    </p>
   </div>
   <div class='ocr_carea' id='block_1_48' title="bbox 136 1695 924 1730">
    <p class='ocr_par' dir='ltr' id='par_1_48' title="bbox 136 1695 924 1730">
     <span class='ocr_line' id='line_1_48' title="bbox 136 1695 924 1730; baseline 0.003 -10"><span class='ocrx_word' id='word_1_392' title='bbox 136 1699 160 1720; x_wconf 75' lang='lat' dir='ltr'><strong>et</strong></span> <span class='ocrx_word' id='word_1_393' title='bbox 176 1703 244 1729; x_wconf 85' lang='lat' dir='ltr'><strong>pour</strong></span> <span class='ocrx_word' id='word_1_394' title='bbox 264 1703 291 1721; x_wconf 82' lang='lat' dir='ltr'><strong>ce</strong></span> <span class='ocrx_word' id='word_1_395' title='bbox 306 1704 322 1721; x_wconf 79' lang='grc' dir='ltr'><strong>α</strong></span> <span class='ocrx_word' id='word_1_396' title='bbox 338 1695 456 1722; x_wconf 78' lang='lat' dir='ltr'><strong>ordonué</strong></span> <span class='ocrx_word' id='word_1_397' title='bbox 467 1715 474 1727; x_wconf 90' lang='lat'><strong>,</strong></span> <span class='ocrx_word' id='word_1_398' title='bbox 488 1696 553 1730; x_wconf 81' lang='lat' dir='ltr'><strong>qu’il</strong></span> <span class='ocrx_word' id='word_1_399' title='bbox 569 1704 628 1722; x_wconf 82' lang='lat' dir='ltr'><strong>sera</strong></span> <span class='ocrx_word' id='word_1_400' title='bbox 653 1698 753 1723; x_wconf 67' lang='lat' dir='ltr'><strong>conche</strong></span> <span class='ocrx_word' id='word_1_401' title='bbox 771 1705 817 1723; x_wconf 81' lang='lat' dir='ltr'><strong>sur</strong></span> <span class='ocrx_word' id='word_1_402' title='bbox 838 1697 924 1723; x_wconf 81' lang='lat' dir='ltr'><strong>l&#39;estut</strong></span> 
     </span>
    </p>
   </div>
   <div class='ocr_carea' id='block_1_49' title="bbox 137 1740 926 1778">
    <p class='ocr_par' dir='ltr' id='par_1_49' title="bbox 137 1740 926 1778">
     <span class='ocr_line' id='line_1_49' title="bbox 137 1740 926 1778; baseline 0.005 -12"><span class='ocrx_word' id='word_1_403' title='bbox 137 1741 181 1766; x_wconf 84' lang='lat' dir='ltr'><strong>des</strong></span> <span class='ocrx_word' id='word_1_404' title='bbox 198 1741 402 1775; x_wconf 71' lang='lat' dir='ltr'><strong>gratiﬁcations,</strong></span> <span class='ocrx_word' id='word_1_405' title='bbox 420 1750 480 1768; x_wconf 79' lang='lat' dir='ltr'><strong>uret:</strong></span> <span class='ocrx_word' id='word_1_406' title='bbox 494 1740 598 1775; x_wconf 77' lang='lat' dir='ltr'><strong>i’autre,</strong></span> <span class='ocrx_word' id='word_1_407' title='bbox 620 1751 669 1777; x_wconf 81' lang='lat' dir='ltr'><strong>que</strong></span> <span class='ocrx_word' id='word_1_408' title='bbox 688 1744 870 1778; x_wconf 74' lang='lat' dir='ltr'><strong>ntonseigucur</strong></span> <span class='ocrx_word' id='word_1_409' title='bbox 893 1743 926 1770; x_wconf 79' lang='lat' dir='ltr'><strong>de</strong></span> 
     </span>
    </p>
   </div>
   <div class='ocr_carea' id='block_1_50' title="bbox 138 1785 717 1822">
    <p class='ocr_par' dir='ltr' id='par_1_50' title="bbox 138 1785 717 1822">
     <span class='ocr_line' id='line_1_50' title="bbox 138 1785 717 1822; baseline 0.005 -9"><span class='ocrx_word' id='word_1_410' title='bbox 138 1785 250 1814; x_wconf 73' lang='lat' dir='ltr'><strong>T/toloze</strong></span> <span class='ocrx_word' id='word_1_411' title='bbox 264 1796 398 1814; x_wconf 77' lang='lat' dir='ltr'><strong>nommeru</strong></span> <span class='ocrx_word' id='word_1_412' title='bbox 409 1796 477 1822; x_wconf 81' lang='lat' dir='ltr'><strong>pour</strong></span> <span class='ocrx_word' id='word_1_413' title='bbox 490 1789 513 1815; x_wconf 79' lang='lat' dir='ltr'><strong>le</strong></span> <span class='ocrx_word' id='word_1_414' title='bbox 529 1790 599 1816; x_wconf 83' lang='lat' dir='ltr'><strong>droit</strong></span> <span class='ocrx_word' id='word_1_415' title='bbox 614 1789 717 1816; x_wconf 78' lang='lat' dir='ltr'><strong>Conon.</strong></span> 
     </span>
    </p>
   </div>
   <div class='ocr_carea' id='block_1_51' title="bbox 174 1843 926 1879">
    <p class='ocr_par' dir='ltr' id='par_1_51' title="bbox 174 1843 926 1879">
     <span class='ocr_line' id='line_1_51' title="bbox 174 1843 926 1879; baseline 0.007 -10"><span class='ocrx_word' id='word_1_416' title='bbox 174 1843 260 1872; x_wconf 84' lang='lat' dir='ltr'><strong>Porro</strong></span> <span class='ocrx_word' id='word_1_417' title='bbox 273 1844 447 1872; x_wconf 86' lang='lat' dir='ltr'><strong>comitiorum</strong></span> <span class='ocrx_word' id='word_1_418' title='bbox 463 1850 524 1872; x_wconf 87' lang='lat' dir='ltr'><strong>erat</strong></span> <span class='ocrx_word' id='word_1_419' title='bbox 538 1853 639 1879; x_wconf 69' lang='lat' dir='ltr'><strong>praeses</strong></span> <span class='ocrx_word' id='word_1_420' title='bbox 657 1846 860 1874; x_wconf 84' lang='lat' dir='ltr'><strong>illustrissimus</strong></span> <span class='ocrx_word' id='word_1_421' title='bbox 879 1855 926 1874; x_wconf 68' lang='grc' dir='ltr'><strong>πη</strong></span> 
     </span>
    </p>
   </div>
   <div class='ocr_carea' id='block_1_52' title="bbox 140 1890 926 1925">
    <p class='ocr_par' dir='ltr' id='par_1_52' title="bbox 140 1890 926 1925">
     <span class='ocr_line' id='line_1_52' title="bbox 140 1890 926 1925; baseline 0.005 -9"><span class='ocrx_word' id='word_1_422' title='bbox 140 1890 329 1925; x_wconf 84' lang='lat' dir='ltr'><strong>cltiepiscopus</strong></span> <span class='ocrx_word' id='word_1_423' title='bbox 343 1891 511 1918; x_wconf 79' lang='lat' dir='ltr'><strong>Arelatensis</strong></span> <span class='ocrx_word' id='word_1_424' title='bbox 532 1892 652 1920; x_wconf 86' lang='lat' dir='ltr'><strong>Joannes</strong></span> <span class='ocrx_word' id='word_1_425' title='bbox 670 1891 783 1920; x_wconf 77' lang='lat' dir='ltr'><strong>Joubert</strong></span> <span class='ocrx_word' id='word_1_426' title='bbox 801 1893 834 1921; x_wconf 87' lang='lat' dir='ltr'><strong>de</strong></span> <span class='ocrx_word' id='word_1_427' title='bbox 858 1893 926 1921; x_wconf 84' lang='lat' dir='ltr'><strong>Bar-</strong></span> 
     </span>
    </p>
   </div>
   <div class='ocr_carea' id='block_1_53' title="bbox 141 1935 926 1974">
    <p class='ocr_par' dir='ltr' id='par_1_53' title="bbox 141 1935 926 1974">
     <span class='ocr_line' id='line_1_53' title="bbox 141 1935 926 1974; baseline 0.008 -13"><span class='ocrx_word' id='word_1_428' title='bbox 141 1935 223 1968; x_wconf 84' lang='lat' dir='ltr'><strong>rault;</strong></span> <span class='ocrx_word' id='word_1_429' title='bbox 238 1936 458 1972; x_wconf 80' lang='lat' dir='ltr'><strong>archiepiscopus</strong></span> <span class='ocrx_word' id='word_1_430' title='bbox 471 1938 622 1965; x_wconf 85' lang='lat' dir='ltr'><strong>Tolosanus</strong></span> <span class='ocrx_word' id='word_1_431' title='bbox 636 1939 683 1974; x_wconf 89' lang='lat' dir='ltr'><strong>qtti</strong></span> <span class='ocrx_word' id='word_1_432' title='bbox 700 1939 727 1966; x_wconf 93' lang='lat' dir='ltr'><strong>in</strong></span> <span class='ocrx_word' id='word_1_433' title='bbox 742 1940 854 1968; x_wconf 89' lang='lat' dir='ltr'><strong>decreto</strong></span> <span class='ocrx_word' id='word_1_434' title='bbox 878 1949 926 1967; x_wconf 84' lang='lat' dir='ltr'><strong>no-</strong></span> 
     </span>
    </p>
   </div>
   <div class='ocr_carea' id='block_1_54' title="bbox 139 1982 925 2017">
    <p class='ocr_par' dir='ltr' id='par_1_54' title="bbox 139 1982 925 2017">
     <span class='ocr_line' id='line_1_54' title="bbox 139 1982 925 2017; baseline 0.008 -9"><span class='ocrx_word' id='word_1_435' title='bbox 139 1982 269 2014; x_wconf 82' lang='lat' dir='ltr'><strong>minatur,</strong></span> <span class='ocrx_word' id='word_1_436' title='bbox 284 1982 398 2010; x_wconf 78' lang='lat' dir='ltr'><strong>Carolus</strong></span> <span class='ocrx_word' id='word_1_437' title='bbox 414 1985 447 2011; x_wconf 85' lang='lat' dir='ltr'><strong>de</strong></span> <span class='ocrx_word' id='word_1_438' title='bbox 464 1985 597 2017; x_wconf 80' lang='lat' dir='ltr'><strong>Moncbal,</strong></span> <span class='ocrx_word' id='word_1_439' title='bbox 618 1986 659 2013; x_wconf 91' lang='lat' dir='ltr'><strong>vir</strong></span> <span class='ocrx_word' id='word_1_440' title='bbox 672 1986 779 2014; x_wconf 80' lang='lat' dir='ltr'><strong>eximia:</strong></span> <span class='ocrx_word' id='word_1_441' title='bbox 795 1987 925 2014; x_wconf 87' lang='lat' dir='ltr'><strong>eruditio-</strong></span> 
     </span>
    </p>
   </div>
   <div class='ocr_carea' id='block_1_55' title="bbox 140 2028 927 2068">
    <p class='ocr_par' dir='ltr' id='par_1_55' title="bbox 140 2028 927 2068">
     <span class='ocr_line' id='line_1_55' title="bbox 140 2028 927 2068; baseline 0.009 -15"><span class='ocrx_word' id='word_1_442' title='bbox 140 2028 183 2054; x_wconf 74' lang='lat' dir='ltr'><strong>nis</strong></span> <span class='ocrx_word' id='word_1_443' title='bbox 198 2032 225 2055; x_wconf 87' lang='lat' dir='ltr'><strong>ct</strong></span> <span class='ocrx_word' id='word_1_444' title='bbox 242 2029 280 2056; x_wconf 85' lang='lat' dir='ltr'><strong>rei</strong></span> <span class='ocrx_word' id='word_1_445' title='bbox 298 2030 437 2057; x_wconf 63' lang='lat' dir='ltr'><strong>litterario:</strong></span> <span class='ocrx_word' id='word_1_446' title='bbox 449 2031 678 2062; x_wconf 83' lang='lat' dir='ltr'><strong>studiosissitmts:</strong></span> <span class='ocrx_word' id='word_1_447' title='bbox 692 2031 834 2068; x_wconf 75' lang='lat' dir='ltr'><strong>Sagieusis</strong></span> <span class='ocrx_word' id='word_1_448' title='bbox 849 2034 927 2060; x_wconf 88' lang='lat' dir='ltr'><strong>deui-</strong></span> 
     </span>
    </p>
   </div>
   <div class='ocr_carea' id='block_1_56' title="bbox 138 2074 926 2110">
    <p class='ocr_par' dir='ltr' id='par_1_56' title="bbox 138 2074 926 2110">
     <span class='ocr_line' id='line_1_56' title="bbox 138 2074 926 2110; baseline 0.009 -11"><span class='ocrx_word' id='word_1_449' title='bbox 138 2074 349 2108; x_wconf 68' lang='lat' dir='ltr'><strong>quc&#39;episcopus</strong></span> <span class='ocrx_word' id='word_1_450' title='bbox 369 2074 488 2103; x_wconf 76' lang='lat' dir='ltr'><strong>Iacobus</strong></span> <span class='ocrx_word' id='word_1_451' title='bbox 504 2077 528 2103; x_wconf 90' lang='lat' dir='ltr'><strong>le</strong></span> <span class='ocrx_word' id='word_1_452' title='bbox 539 2077 642 2105; x_wconf 87' lang='lat' dir='ltr'><strong>Cautus</strong></span> <span class='ocrx_word' id='word_1_453' title='bbox 651 2078 685 2105; x_wconf 91' lang='lat' dir='ltr'><strong>de</strong></span> <span class='ocrx_word' id='word_1_454' title='bbox 701 2077 862 2110; x_wconf 82' lang='lat' dir='ltr'><strong>Pontcarré,</strong></span> <span class='ocrx_word' id='word_1_455' title='bbox 885 2079 926 2106; x_wconf 85' lang='lat' dir='ltr'><strong>vir</strong></span> 
     </span>
    </p>
   </div>
   <div class='ocr_carea' id='block_1_57' title="bbox 138 2119 924 2154">
    <p class='ocr_par' dir='ltr' id='par_1_57' title="bbox 138 2119 924 2154">
     <span class='ocr_line' id='line_1_57' title="bbox 138 2119 924 2154; baseline 0.009 -10"><span class='ocrx_word' id='word_1_456' title='bbox 138 2119 230 2146; x_wconf 81' lang='lat' dir='ltr'><strong>itidem</strong></span> <span class='ocrx_word' id='word_1_457' title='bbox 254 2120 380 2154; x_wconf 85' lang='lat' dir='ltr'><strong>politiore</strong></span> <span class='ocrx_word' id='word_1_458' title='bbox 412 2122 563 2150; x_wconf 81' lang='lat' dir='ltr'><strong>litteratura</strong></span> <span class='ocrx_word' id='word_1_459' title='bbox 587 2123 799 2151; x_wconf 75' lang='lat' dir='ltr'><strong>excaltissimus.</strong></span> <span class='ocrx_word' id='word_1_460' title='bbox 825 2123 924 2151; x_wconf 81' lang='lat' dir='ltr'><strong>Verum</strong></span> 
     </span>
    </p>
   </div>
   <div class='ocr_carea' id='block_1_58' title="bbox 137 2165 924 2201">
    <p class='ocr_par' dir='ltr' id='par_1_58' title="bbox 137 2165 924 2201">
     <span class='ocr_line' id='line_1_58' title="bbox 137 2165 924 2201; baseline 0.005 -11"><span class='ocrx_word' id='word_1_461' title='bbox 137 2165 275 2190; x_wconf 82' lang='lat' dir='ltr'><strong>Aubertus</strong></span> <span class='ocrx_word' id='word_1_462' title='bbox 289 2185 296 2195; x_wconf 84' lang='grc'><em>,</em></span> <span class='ocrx_word' id='word_1_463' title='bbox 323 2165 386 2198; x_wconf 84' lang='lat' dir='ltr'><strong>qui.</strong></span> <span class='ocrx_word' id='word_1_464' title='bbox 413 2165 581 2194; x_wconf 83' lang='lat' dir='ltr'><strong>Damasceno</strong></span> <span class='ocrx_word' id='word_1_465' title='bbox 602 2172 630 2194; x_wconf 87' lang='lat' dir='ltr'><strong>et</strong></span> <span class='ocrx_word' id='word_1_466' title='bbox 651 2166 770 2201; x_wconf 67' lang='lat' dir='ltr'><strong>Origene</strong></span> <span class='ocrx_word' id='word_1_467' title='bbox 793 2167 924 2198; x_wconf 82' lang='lat' dir='ltr'><strong>omissis,</strong></span> 
     </span>
    </p>
   </div>
   <div class='ocr_carea' id='block_1_59' title="bbox 136 2207 924 2247">
    <p class='ocr_par' dir='ltr' id='par_1_59' title="bbox 136 2207 924 2247">
     <span class='ocr_line' id='line_1_59' title="bbox 136 2207 924 2247; baseline 0.005 -11"><span class='ocrx_word' id='word_1_468' title='bbox 136 2207 269 2243; x_wconf 55' lang='lat' dir='ltr'><strong>(Ephrem</strong></span> <span class='ocrx_word' id='word_1_469' title='bbox 280 2210 377 2245; x_wconf 85' lang='lat' dir='ltr'><strong>Syrum</strong></span> <span class='ocrx_word' id='word_1_470' title='bbox 390 2211 529 2244; x_wconf 80' lang='lat' dir='ltr'><strong>publicare</strong></span> <span class='ocrx_word' id='word_1_471' title='bbox 537 2213 730 2244; x_wconf 85' lang='lat' dir='ltr'><strong>destinaverat,</strong></span> <span class='ocrx_word' id='word_1_472' title='bbox 740 2220 790 2240; x_wconf 86' lang='lat' dir='ltr'><strong>nec</strong></span> <span class='ocrx_word' id='word_1_473' title='bbox 799 2212 865 2247; x_wconf 66' lang='lat' dir='ltr'><strong>Eph</strong></span> <span class='ocrx_word' id='word_1_474' title='bbox 871 2221 924 2240; x_wconf 89' lang='lat' dir='ltr'><strong>rem</strong></span> 
     </span>
    </p>
   </div>
   <div class='ocr_carea' id='block_1_60' title="bbox 138 2256 871 2293">
    <p class='ocr_par' dir='ltr' id='par_1_60' title="bbox 138 2256 871 2293">
     <span class='ocr_line' id='line_1_60' title="bbox 138 2256 871 2293; baseline 0.005 -12"><span class='ocrx_word' id='word_1_475' title='bbox 138 2256 237 2291; x_wconf 84' lang='lat' dir='ltr'><strong>Syrum</strong></span> <span class='ocrx_word' id='word_1_476' title='bbox 250 2256 344 2289; x_wconf 86' lang='lat' dir='ltr'><strong>edidit,</strong></span> <span class='ocrx_word' id='word_1_477' title='bbox 361 2265 411 2284; x_wconf 86' lang='lat' dir='ltr'><strong>nec</strong></span> <span class='ocrx_word' id='word_1_478' title='bbox 423 2258 579 2293; x_wconf 75' lang='lat' dir='ltr'><strong>Origeuem,</strong></span> <span class='ocrx_word' id='word_1_479' title='bbox 599 2266 650 2286; x_wconf 88' lang='lat' dir='ltr'><strong>nec</strong></span> <span class='ocrx_word' id='word_1_480' title='bbox 664 2259 871 2286; x_wconf 87' lang='lat' dir='ltr'><strong>Damascenum.</strong></span> 
     </span>
    </p>
   </div>
   <div class='ocr_carea' id='block_1_61' title="bbox 175 2313 925 2344">
    <p class='ocr_par' dir='ltr' id='par_1_61' title="bbox 175 2313 925 2344">
     <span class='ocr_line' id='line_1_61' title="bbox 175 2313 925 2344; baseline 0.007 -5"><span class='ocrx_word' id='word_1_481' title='bbox 175 2313 270 2340; x_wconf 85' lang='lat' dir='ltr'><strong>Postea</strong></span> <span class='ocrx_word' id='word_1_482' title='bbox 288 2314 329 2340; x_wconf 89' lang='lat' dir='ltr'><strong>vir</strong></span> <span class='ocrx_word' id='word_1_483' title='bbox 343 2314 520 2342; x_wconf 76' lang='lat' dir='ltr'><strong>doctissimus</strong></span> <span class='ocrx_word' id='word_1_484' title='bbox 535 2315 630 2343; x_wconf 86' lang='lat' dir='ltr'><strong>Daniel</strong></span> <span class='ocrx_word' id='word_1_485' title='bbox 647 2315 760 2343; x_wconf 83' lang='lat' dir='ltr'><strong>lluetius</strong></span> <span class='ocrx_word' id='word_1_486' title='bbox 774 2315 854 2343; x_wconf 89' lang='lat' dir='ltr'><strong>aliam</strong></span> <span class='ocrx_word' id='word_1_487' title='bbox 871 2317 925 2344; x_wconf 86' lang='lat' dir='ltr'><strong>sibi</strong></span> 
     </span>
    </p>
   </div>
   <div class='ocr_carea' id='block_1_62' title="bbox 138 2360 926 2397">
    <p class='ocr_par' dir='ltr' id='par_1_62' title="bbox 138 2360 926 2397">
     <span class='ocr_line' id='line_1_62' title="bbox 138 2360 926 2397; baseline 0.004 -11"><span class='ocrx_word' id='word_1_488' title='bbox 138 2360 281 2394; x_wconf 83' lang='lat' dir='ltr'><strong>proposuit</strong></span> <span class='ocrx_word' id='word_1_489' title='bbox 299 2361 425 2395; x_wconf 83' lang='lat' dir='ltr'><strong>Origenis</strong></span> <span class='ocrx_word' id='word_1_490' title='bbox 441 2362 597 2394; x_wconf 88' lang='lat' dir='ltr'><strong>editionem,</strong></span> <span class='ocrx_word' id='word_1_491' title='bbox 613 2370 673 2397; x_wconf 71' lang='lat' dir='ltr'><strong>quae</strong></span> <span class='ocrx_word' id='word_1_492' title='bbox 689 2370 721 2390; x_wconf 88' lang='lat' dir='ltr'><strong>ea</strong></span> <span class='ocrx_word' id='word_1_493' title='bbox 738 2363 826 2390; x_wconf 89' lang='lat' dir='ltr'><strong>solutn</strong></span> <span class='ocrx_word' id='word_1_494' title='bbox 852 2371 926 2390; x_wconf 90' lang='lat' dir='ltr'><strong>com-</strong></span> 
     </span>
    </p>
   </div>
   <div class='ocr_carea' id='block_1_63' title="bbox 139 2405 927 2443">
    <p class='ocr_par' dir='ltr' id='par_1_63' title="bbox 139 2405 927 2443">
     <span class='ocr_line' id='line_1_63' title="bbox 139 2405 927 2443; baseline 0.006 -13"><span class='ocrx_word' id='word_1_495' title='bbox 139 2405 306 2438; x_wconf 87' lang='lat' dir='ltr'><strong>plccteretur</strong></span> <span class='ocrx_word' id='word_1_496' title='bbox 319 2413 399 2439; x_wconf 82' lang='lat' dir='ltr'><strong>opera</strong></span> <span class='ocrx_word' id='word_1_497' title='bbox 415 2414 462 2432; x_wconf 82' lang='lat' dir='ltr'><strong>seu</strong></span> <span class='ocrx_word' id='word_1_498' title='bbox 478 2406 629 2442; x_wconf 71' lang='lat' dir='ltr'><strong>fragmenta</strong></span> <span class='ocrx_word' id='word_1_499' title='bbox 645 2415 705 2442; x_wconf 69' lang='lat' dir='ltr'><strong>quae</strong></span> <span class='ocrx_word' id='word_1_500' title='bbox 723 2408 754 2434; x_wconf 85' lang='lat' dir='ltr'><strong>ad</strong></span> <span class='ocrx_word' id='word_1_501' title='bbox 770 2415 819 2435; x_wconf 92' lang='lat' dir='ltr'><strong>nos</strong></span> <span class='ocrx_word' id='word_1_502' title='bbox 841 2415 927 2443; x_wconf 85' lang='lat' dir='ltr'><strong>usque</strong></span> 
     </span>
    </p>
   </div>
   <div class='ocr_carea' id='block_1_64' title="bbox 137 2450 926 2486">
    <p class='ocr_par' dir='ltr' id='par_1_64' title="bbox 137 2450 926 2486">
     <span class='ocr_line' id='line_1_64' title="bbox 137 2450 926 2486; baseline 0.003 -9"><span class='ocrx_word' id='word_1_503' title='bbox 137 2450 234 2478; x_wconf 62' lang='lat' dir='ltr'><strong>Graeca</strong></span> <span class='ocrx_word' id='word_1_504' title='bbox 259 2459 428 2485; x_wconf 78' lang='lat' dir='ltr'><strong>pervertere:</strong></span> <span class='ocrx_word' id='word_1_505' title='bbox 454 2452 500 2478; x_wconf 90' lang='lat' dir='ltr'><strong>sed</strong></span> <span class='ocrx_word' id='word_1_506' title='bbox 524 2457 666 2486; x_wconf 85' lang='lat' dir='ltr'><strong>postquam</strong></span> <span class='ocrx_word' id='word_1_507' title='bbox 689 2453 794 2481; x_wconf 91' lang='lat' dir='ltr'><strong>duobus</strong></span> <span class='ocrx_word' id='word_1_508' title='bbox 818 2452 926 2480; x_wconf 86' lang='lat' dir='ltr'><strong>iu-iolio</strong></span> 
     </span>
    </p>
   </div>
   <div class='ocr_carea' id='block_1_65' title="bbox 139 2498 925 2533">
    <p class='ocr_par' dir='ltr' id='par_1_65' title="bbox 139 2498 925 2533">
     <span class='ocr_line' id='line_1_65' title="bbox 139 2498 925 2533; baseline 0.003 -10"><span class='ocrx_word' id='word_1_509' title='bbox 139 2498 335 2532; x_wconf 67' lang='lat' dir='ltr'><strong>tomisaliquot</strong></span> <span class='ocrx_word' id='word_1_510' title='bbox 351 2498 376 2524; x_wconf 90' lang='lat' dir='ltr'><strong>in</strong></span> <span class='ocrx_word' id='word_1_511' title='bbox 392 2502 503 2525; x_wconf 74' lang='lat' dir='ltr'><strong>sanctas</strong></span> <span class='ocrx_word' id='word_1_512' title='bbox 522 2498 628 2526; x_wconf 86' lang='lat' dir='ltr'><strong>litteras</strong></span> <span class='ocrx_word' id='word_1_513' title='bbox 645 2499 743 2533; x_wconf 81' lang='lat' dir='ltr'><strong>partim</strong></span> <span class='ocrx_word' id='word_1_514' title='bbox 765 2498 821 2533; x_wconf 88' lang='lat' dir='ltr'><strong>jaut</strong></span> <span class='ocrx_word' id='word_1_515' title='bbox 841 2499 925 2530; x_wconf 88' lang='lat' dir='ltr'><strong>edita,</strong></span> 
     </span>
    </p>
   </div>
   <div class='ocr_carea' id='block_1_66' title="bbox 139 2542 926 2579">
    <p class='ocr_par' dir='ltr' id='par_1_66' title="bbox 139 2542 926 2579">
     <span class='ocr_line' id='line_1_66' title="bbox 139 2542 926 2579; baseline 0.003 -11"><span class='ocrx_word' id='word_1_516' title='bbox 139 2542 236 2576; x_wconf 79' lang='lat' dir='ltr'><strong>partim</strong></span> <span class='ocrx_word' id='word_1_517' title='bbox 254 2544 374 2570; x_wconf 89' lang='lat' dir='ltr'><strong>nomium</strong></span> <span class='ocrx_word' id='word_1_518' title='bbox 399 2544 472 2569; x_wconf 84' lang='lat' dir='ltr'><strong>edita</strong></span> <span class='ocrx_word' id='word_1_519' title='bbox 491 2543 644 2579; x_wconf 74' lang='grc' dir='ltr'><strong>ὲξηγητικὰ</strong></span> <span class='ocrx_word' id='word_1_520' title='bbox 668 2543 830 2579; x_wconf 79' lang='lat' dir='ltr'><strong>Rotltomagi</strong></span> <span class='ocrx_word' id='word_1_521' title='bbox 854 2552 926 2571; x_wconf 86' lang='lat' dir='ltr'><strong>anno</strong></span> 
     </span>
    </p>
   </div>
   <div class='ocr_carea' id='block_1_67' title="bbox 139 2587 927 2625">
    <p class='ocr_par' dir='ltr' id='par_1_67' title="bbox 139 2587 927 2625">
     <span class='ocr_line' id='line_1_67' title="bbox 139 2587 927 2625; baseline 0.005 -11"><span class='ocrx_word' id='word_1_522' title='bbox 139 2587 208 2616; x_wconf 77' lang='grc'><strong>1668</strong></span> <span class='ocrx_word' id='word_1_523' title='bbox 223 2589 388 2623; x_wconf 85' lang='lat' dir='ltr'><strong>publicavit,</strong></span> <span class='ocrx_word' id='word_1_524' title='bbox 407 2594 518 2623; x_wconf 82' lang='lat' dir='ltr'><strong>repente</strong></span> <span class='ocrx_word' id='word_1_525' title='bbox 535 2590 568 2617; x_wconf 87' lang='lat' dir='ltr'><strong>ab</strong></span> <span class='ocrx_word' id='word_1_526' title='bbox 592 2591 712 2625; x_wconf 69' lang='lat' dir='ltr'><strong>iucuepto</strong></span> <span class='ocrx_word' id='word_1_527' title='bbox 729 2591 853 2622; x_wconf 86' lang='lat' dir='ltr'><strong>destitit,</strong></span> <span class='ocrx_word' id='word_1_528' title='bbox 877 2599 927 2618; x_wconf 83' lang='lat' dir='ltr'><strong>nec</strong></span> 
     </span>
    </p>
   </div>
   <div class='ocr_carea' id='block_1_68' title="bbox 139 2635 927 2671">
    <p class='ocr_par' dir='ltr' id='par_1_68' title="bbox 139 2635 927 2671">
     <span class='ocr_line' id='line_1_68' title="bbox 139 2635 927 2671; baseline 0.004 -11"><span class='ocrx_word' id='word_1_529' title='bbox 139 2635 191 2660; x_wconf 85' lang='lat' dir='ltr'><strong>alia</strong></span> <span class='ocrx_word' id='word_1_530' title='bbox 205 2635 332 2668; x_wconf 71' lang='lat' dir='ltr'><strong>Urigenis</strong></span> <span class='ocrx_word' id='word_1_531' title='bbox 348 2635 537 2670; x_wconf 76' lang='lat' dir='ltr'><strong>Synlagntata,</strong></span> <span class='ocrx_word' id='word_1_532' title='bbox 551 2643 611 2671; x_wconf 62' lang='lat' dir='ltr'><strong>quae</strong></span> <span class='ocrx_word' id='word_1_533' title='bbox 625 2637 717 2671; x_wconf 87' lang='lat' dir='ltr'><strong>priore</strong></span> <span class='ocrx_word' id='word_1_534' title='bbox 734 2637 844 2671; x_wconf 85' lang='lat' dir='ltr'><strong>hujusce</strong></span> <span class='ocrx_word' id='word_1_535' title='bbox 860 2645 927 2664; x_wconf 69' lang='lat' dir='ltr'><strong>mea:</strong></span> 
     </span>
    </p>
   </div>
   <div class='ocr_carea' id='block_1_69' title="bbox 138 2681 927 2717">
    <p class='ocr_par' dir='ltr' id='par_1_69' title="bbox 138 2681 927 2717">
     <span class='ocr_line' id='line_1_69' title="bbox 138 2681 927 2717; baseline 0.003 -12"><span class='ocrx_word' id='word_1_536' title='bbox 138 2681 265 2707; x_wconf 77' lang='lat' dir='ltr'><strong>editionis</strong></span> <span class='ocrx_word' id='word_1_537' title='bbox 277 2685 350 2708; x_wconf 77' lang='lat' dir='ltr'><strong>torno</strong></span> <span class='ocrx_word' id='word_1_538' title='bbox 360 2682 547 2714; x_wconf 90' lang='lat' dir='ltr'><strong>continentur,</strong></span> <span class='ocrx_word' id='word_1_539' title='bbox 560 2683 630 2717; x_wconf 84' lang='lat' dir='ltr'><strong>typis</strong></span> <span class='ocrx_word' id='word_1_540' title='bbox 641 2682 692 2716; x_wconf 90' lang='lat' dir='ltr'><strong>(uti</strong></span> <span class='ocrx_word' id='word_1_541' title='bbox 704 2682 927 2717; x_wconf 85' lang='lat' dir='ltr'><strong>Origeniunorum</strong></span> 
     </span>
    </p>
   </div>
   <div class='ocr_carea' id='block_1_70' title="bbox 139 2725 926 2763">
    <p class='ocr_par' dir='ltr' id='par_1_70' title="bbox 139 2725 926 2763">
     <span class='ocr_line' id='line_1_70' title="bbox 139 2725 926 2763; baseline 0.004 -12"><span class='ocrx_word' id='word_1_542' title='bbox 139 2725 186 2752; x_wconf 88' lang='lat' dir='ltr'><strong>lib.</strong></span> <span class='ocrx_word' id='word_1_543' title='bbox 203 2733 244 2758; x_wconf 87' lang='lat' dir='ltr'><strong>ttt,</strong></span> <span class='ocrx_word' id='word_1_544' title='bbox 262 2732 329 2754; x_wconf 88' lang='lat' dir='ltr'><strong>sect.</strong></span> <span class='ocrx_word' id='word_1_545' title='bbox 346 2727 374 2760; x_wconf 68' lang='grc' dir='ltr'><strong>ἓ,</strong></span> <span class='ocrx_word' id='word_1_546' title='bbox 396 2736 471 2756; x_wconf 91' lang='lat' dir='ltr'><strong>num.</strong></span> <span class='ocrx_word' id='word_1_547' title='bbox 487 2728 502 2755; x_wconf 87' lang='lat'><strong>7</strong></span> <span class='ocrx_word' id='word_1_548' title='bbox 514 2749 521 2761; x_wconf 96' lang='lat'><strong>,</strong></span> <span class='ocrx_word' id='word_1_549' title='bbox 543 2729 708 2763; x_wconf 81' lang='lat' dir='ltr'><strong>promiserat</strong></span> <span class='ocrx_word' id='word_1_550' title='bbox 725 2736 756 2756; x_wconf 89' lang='lat' dir='ltr'><strong>se</strong></span> <span class='ocrx_word' id='word_1_551' title='bbox 779 2728 926 2762; x_wconf 83' lang='lat' dir='ltr'><strong>iacturum)</strong></span> 
     </span>
    </p>
   </div>
   <div class='ocr_carea' id='block_1_71' title="bbox 141 2772 928 2809">
    <p class='ocr_par' dir='ltr' id='par_1_71' title="bbox 141 2772 928 2809">
     <span class='ocr_line' id='line_1_71' title="bbox 141 2772 928 2809; baseline 0.005 -12"><span class='ocrx_word' id='word_1_552' title='bbox 141 2772 264 2799; x_wconf 82' lang='lat' dir='ltr'><strong>mandari</strong></span> <span class='ocrx_word' id='word_1_553' title='bbox 279 2773 398 2800; x_wconf 85' lang='lat' dir='ltr'><strong>curavit.</strong></span> <span class='ocrx_word' id='word_1_554' title='bbox 414 2773 472 2802; x_wconf 80' lang='lat' dir='ltr'><strong>Huc</strong></span> <span class='ocrx_word' id='word_1_555' title='bbox 488 2774 558 2801; x_wconf 84' lang='lat' dir='ltr'><strong>adde</strong></span> <span class='ocrx_word' id='word_1_556' title='bbox 573 2775 645 2809; x_wconf 92' lang='lat' dir='ltr'><strong>quod</strong></span> <span class='ocrx_word' id='word_1_557' title='bbox 659 2776 686 2801; x_wconf 92' lang='lat' dir='ltr'><strong>in</strong></span> <span class='ocrx_word' id='word_1_558' title='bbox 697 2774 803 2802; x_wconf 88' lang='lat' dir='ltr'><strong>duobus</strong></span> <span class='ocrx_word' id='word_1_559' title='bbox 812 2774 870 2807; x_wconf 79' lang='lat' dir='ltr'><strong>ejus</strong></span> <span class='ocrx_word' id='word_1_560' title='bbox 888 2779 928 2801; x_wconf 90' lang='lat' dir='ltr'><strong>to-</strong></span> 
     </span>
    </p>
   </div>
   <div class='ocr_carea' id='block_1_72' title="bbox 118 2818 927 2856">
    <p class='ocr_par' dir='ltr' id='par_1_72' title="bbox 118 2818 927 2856">
     <span class='ocr_line' id='line_1_72' title="bbox 118 2818 927 2856; baseline 0.004 -13"><span class='ocrx_word' id='word_1_561' title='bbox 118 2820 120 2823; x_wconf 87' lang='lat'>&#39;</span> <span class='ocrx_word' id='word_1_562' title='bbox 138 2818 201 2850; x_wconf 88' lang='lat' dir='ltr'><strong>mis,</strong></span> <span class='ocrx_word' id='word_1_563' title='bbox 217 2819 317 2852; x_wconf 83' lang='lat' dir='ltr'><strong>quibus</strong></span> <span class='ocrx_word' id='word_1_564' title='bbox 333 2819 359 2847; x_wconf 89' lang='lat' dir='ltr'><strong>in</strong></span> <span class='ocrx_word' id='word_1_565' title='bbox 373 2825 482 2847; x_wconf 85' lang='lat' dir='ltr'><strong>sanctos</strong></span> <span class='ocrx_word' id='word_1_566' title='bbox 501 2821 585 2848; x_wconf 85' lang='lat' dir='ltr'><strong>libros</strong></span> <span class='ocrx_word' id='word_1_567' title='bbox 609 2820 760 2856; x_wconf 79' lang='grc' dir='ltr'><strong>ὲξηγητικὰ</strong></span> <span class='ocrx_word' id='word_1_568' title='bbox 784 2820 878 2848; x_wconf 64' lang='grc' dir='ltr'><strong>ΕΗΒοο</strong></span> <span class='ocrx_word' id='word_1_569' title='bbox 899 2824 927 2847; x_wconf 91' lang='lat' dir='ltr'><strong>et</strong></span> 
     </span>
    </p>
   </div>
   <div class='ocr_carea' id='block_1_73' title="bbox 138 2862 924 2901">
    <p class='ocr_par' dir='ltr' id='par_1_73' title="bbox 138 2862 924 2901">
     <span class='ocr_line' id='line_1_73' title="bbox 138 2862 924 2901; baseline 0 -9"><span class='ocrx_word' id='word_1_570' title='bbox 138 2862 234 2892; x_wconf 78' lang='lat' dir='ltr'><strong>Latine</strong></span> <span class='ocrx_word' id='word_1_571' title='bbox 247 2865 433 2899; x_wconf 78' lang='lat' dir='ltr'><strong>continentur,</strong></span> <span class='ocrx_word' id='word_1_572' title='bbox 446 2865 559 2901; x_wconf 90' lang='lat' dir='ltr'><strong>plurima</strong></span> <span class='ocrx_word' id='word_1_573' title='bbox 574 2869 674 2894; x_wconf 82' lang='lat' dir='ltr'><strong>omissa</strong></span> <span class='ocrx_word' id='word_1_574' title='bbox 692 2871 754 2894; x_wconf 75' lang='lat' dir='ltr'><strong>sunt</strong></span> <span class='ocrx_word' id='word_1_575' title='bbox 767 2867 817 2894; x_wconf 84' lang='lat' dir='ltr'><strong>alia</strong></span> <span class='ocrx_word' id='word_1_576' title='bbox 832 2866 924 2894; x_wconf 62' lang='lat' dir='ltr'><strong>Graeca</strong></span> 
     </span>
    </p>
   </div>
   <div class='ocr_carea' id='block_1_74' title="bbox 972 935 1762 972">
    <p class='ocr_par' dir='ltr' id='par_1_74' title="bbox 972 935 1762 972">
     <span class='ocr_line' id='line_1_74' title="bbox 972 935 1762 972; baseline -0.003 -8"><span class='ocrx_word' id='word_1_577' title='bbox 972 937 1089 968; x_wconf 86' lang='lat' dir='ltr'><strong>calcem,</strong></span> <span class='ocrx_word' id='word_1_578' title='bbox 1116 945 1212 972; x_wconf 88' lang='lat' dir='ltr'><strong>nempe</strong></span> <span class='ocrx_word' id='word_1_579' title='bbox 1239 937 1267 964; x_wconf 85' lang='lat' dir='ltr'><strong>iit</strong></span> <span class='ocrx_word' id='word_1_580' title='bbox 1296 937 1349 964; x_wconf 86' lang='lat' dir='ltr'><strong>liue</strong></span> <span class='ocrx_word' id='word_1_581' title='bbox 1373 937 1461 964; x_wconf 89' lang='lat' dir='ltr'><strong>ultimi</strong></span> <span class='ocrx_word' id='word_1_582' title='bbox 1486 936 1551 963; x_wconf 89' lang='lat' dir='ltr'><strong>tomi</strong></span> <span class='ocrx_word' id='word_1_583' title='bbox 1579 935 1762 970; x_wconf 87' lang='lat' dir='ltr'><strong>subjicientur</strong></span> 
     </span>
    </p>
   </div>
   <div class='ocr_carea' id='block_1_75' title="bbox 972 982 1760 1017">
    <p class='ocr_par' dir='ltr' id='par_1_75' title="bbox 972 982 1760 1017">
     <span class='ocr_line' id='line_1_75' title="bbox 972 982 1760 1017; baseline -0.003 -7"><span class='ocrx_word' id='word_1_584' title='bbox 972 983 1116 1011; x_wconf 89' lang='lat' dir='ltr'><strong>clarissimi</strong></span> <span class='ocrx_word' id='word_1_585' title='bbox 1129 983 1179 1010; x_wconf 90' lang='lat' dir='ltr'><strong>viri</strong></span> <span class='ocrx_word' id='word_1_586' title='bbox 1196 983 1270 1010; x_wconf 81' lang='lat' dir='ltr'><strong>Petri</strong></span> <span class='ocrx_word' id='word_1_587' title='bbox 1290 983 1408 1011; x_wconf 85' lang='lat' dir='ltr'><strong>Dauielis</strong></span> <span class='ocrx_word' id='word_1_588' title='bbox 1424 983 1512 1010; x_wconf 80' lang='lat' dir='ltr'><strong>llttetii</strong></span> <span class='ocrx_word' id='word_1_589' title='bbox 1526 982 1699 1017; x_wconf 80' lang='lat' dir='ltr'><strong>Origeniana,</strong></span> <span class='ocrx_word' id='word_1_590' title='bbox 1715 982 1760 1008; x_wconf 91' lang='lat' dir='ltr'><strong>ttbi</strong></span> 
     </span>
    </p>
   </div>
   <div class='ocr_carea' id='block_1_76' title="bbox 973 1028 1764 1065">
    <p class='ocr_par' dir='ltr' id='par_1_76' title="bbox 973 1028 1764 1065">
     <span class='ocr_line' id='line_1_76' title="bbox 973 1028 1764 1065; baseline -0.001 -9"><span class='ocrx_word' id='word_1_591' title='bbox 973 1030 1090 1063; x_wconf 88' lang='lat' dir='ltr'><strong>primum</strong></span> <span class='ocrx_word' id='word_1_592' title='bbox 1107 1030 1263 1058; x_wconf 76' lang='lat' dir='ltr'><strong>Adamantii</strong></span> <span class='ocrx_word' id='word_1_593' title='bbox 1286 1031 1372 1058; x_wconf 82' lang='lat' dir='ltr'><strong>nostri</strong></span> <span class='ocrx_word' id='word_1_594' title='bbox 1391 1030 1536 1065; x_wconf 86' lang='lat' dir='ltr'><strong>perscribit</strong></span> <span class='ocrx_word' id='word_1_595' title='bbox 1559 1029 1642 1056; x_wconf 88' lang='lat' dir='ltr'><strong>vitam</strong></span> <span class='ocrx_word' id='word_1_596' title='bbox 1663 1039 1669 1056; x_wconf 91' lang='lat'>:</span> <span class='ocrx_word' id='word_1_597' title='bbox 1697 1028 1764 1055; x_wconf 83' lang='lat' dir='ltr'><strong>hinc</strong></span> 
     </span>
    </p>
   </div>
   <div class='ocr_carea' id='block_1_77' title="bbox 973 1076 1762 1111">
    <p class='ocr_par' dir='ltr' id='par_1_77' title="bbox 973 1076 1762 1111">
     <span class='ocr_line' id='line_1_77' title="bbox 973 1076 1762 1111; baseline -0.004 -7"><span class='ocrx_word' id='word_1_598' title='bbox 973 1077 1006 1104; x_wconf 89' lang='lat' dir='ltr'><strong>de</strong></span> <span class='ocrx_word' id='word_1_599' title='bbox 1017 1076 1078 1110; x_wconf 87' lang='lat' dir='ltr'><strong>ejus</strong></span> <span class='ocrx_word' id='word_1_600' title='bbox 1090 1076 1244 1104; x_wconf 83' lang='lat' dir='ltr'><strong>eruditione</strong></span> <span class='ocrx_word' id='word_1_601' title='bbox 1254 1076 1364 1104; x_wconf 85' lang='lat' dir='ltr'><strong>disserit</strong></span> <span class='ocrx_word' id='word_1_602' title='bbox 1375 1081 1402 1103; x_wconf 83' lang='lat' dir='ltr'><strong>et</strong></span> <span class='ocrx_word' id='word_1_603' title='bbox 1415 1076 1559 1111; x_wconf 66' lang='lat' dir='ltr'><strong>dogmatis,</strong></span> <span class='ocrx_word' id='word_1_604' title='bbox 1574 1082 1635 1110; x_wconf 77' lang='lat' dir='ltr'><strong>qua:</strong></span> <span class='ocrx_word' id='word_1_605' title='bbox 1648 1082 1762 1109; x_wconf 71' lang='lat' dir='ltr'><strong>magnas</strong></span> 
     </span>
    </p>
   </div>
   <div class='ocr_carea' id='block_1_78' title="bbox 974 1120 1761 1156">
    <p class='ocr_par' dir='ltr' id='par_1_78' title="bbox 974 1120 1761 1156">
     <span class='ocr_line' id='line_1_78' title="bbox 974 1120 1761 1156; baseline -0.004 -6"><span class='ocrx_word' id='word_1_606' title='bbox 974 1123 1000 1150; x_wconf 88' lang='lat' dir='ltr'><strong>itt</strong></span> <span class='ocrx_word' id='word_1_607' title='bbox 1020 1123 1140 1150; x_wconf 84' lang='lat' dir='ltr'><strong>Ecclesia</strong></span> <span class='ocrx_word' id='word_1_608' title='bbox 1155 1123 1218 1150; x_wconf 86' lang='lat' dir='ltr'><strong>dum</strong></span> <span class='ocrx_word' id='word_1_609' title='bbox 1234 1123 1348 1155; x_wconf 88' lang='lat' dir='ltr'><strong>viveret,</strong></span> <span class='ocrx_word' id='word_1_610' title='bbox 1370 1122 1485 1156; x_wconf 82' lang='lat' dir='ltr'><strong>majores</strong></span> <span class='ocrx_word' id='word_1_611' title='bbox 1503 1126 1565 1156; x_wconf 82' lang='lat' dir='ltr'><strong>post.</strong></span> <span class='ocrx_word' id='word_1_612' title='bbox 1585 1120 1642 1155; x_wconf 82' lang='lat' dir='ltr'><strong>ejus</strong></span> <span class='ocrx_word' id='word_1_613' title='bbox 1656 1121 1761 1148; x_wconf 88' lang='lat' dir='ltr'><strong>obitttm</strong></span> 
     </span>
    </p>
   </div>
   <div class='ocr_carea' id='block_1_79' title="bbox 975 1165 1759 1203">
    <p class='ocr_par' dir='ltr' id='par_1_79' title="bbox 975 1165 1759 1203">
     <span class='ocr_line' id='line_1_79' title="bbox 975 1165 1759 1203; baseline -0.004 -8"><span class='ocrx_word' id='word_1_614' title='bbox 975 1170 1070 1196; x_wconf 66' lang='lat' dir='ltr'><strong>turbs</strong></span> <span class='ocrx_word' id='word_1_615' title='bbox 1082 1169 1271 1200; x_wconf 81' lang='lat' dir='ltr'><strong>cettciveruut;</strong></span> <span class='ocrx_word' id='word_1_616' title='bbox 1288 1169 1387 1203; x_wconf 82' lang='lat' dir='ltr'><strong>scripta</strong></span> <span class='ocrx_word' id='word_1_617' title='bbox 1402 1169 1515 1196; x_wconf 82' lang='lat' dir='ltr'><strong>demum</strong></span> <span class='ocrx_word' id='word_1_618' title='bbox 1525 1168 1596 1202; x_wconf 88' lang='lat' dir='ltr'><strong>ejus,</strong></span> <span class='ocrx_word' id='word_1_619' title='bbox 1610 1175 1669 1201; x_wconf 76' lang='lat' dir='ltr'><strong>qua:</strong></span> <span class='ocrx_word' id='word_1_620' title='bbox 1687 1165 1759 1193; x_wconf 93' lang='lat' dir='ltr'><strong>mul-</strong></span> 
     </span>
    </p>
   </div>
   <div class='ocr_carea' id='block_1_80' title="bbox 975 1213 1760 1250">
    <p class='ocr_par' dir='ltr' id='par_1_80' title="bbox 975 1213 1760 1250">
     <span class='ocr_line' id='line_1_80' title="bbox 975 1213 1760 1250; baseline -0.005 -8"><span class='ocrx_word' id='word_1_621' title='bbox 975 1221 1062 1242; x_wconf 86' lang='lat' dir='ltr'><strong>torum</strong></span> <span class='ocrx_word' id='word_1_622' title='bbox 1074 1215 1172 1242; x_wconf 84' lang='lat' dir='ltr'><strong>critica</strong></span> <span class='ocrx_word' id='word_1_623' title='bbox 1184 1214 1302 1247; x_wconf 69' lang='lat' dir='ltr'><strong>vexavit,</strong></span> <span class='ocrx_word' id='word_1_624' title='bbox 1315 1214 1423 1250; x_wconf 76' lang='lat' dir='ltr'><strong>attingit</strong></span> <span class='ocrx_word' id='word_1_625' title='bbox 1433 1219 1460 1241; x_wconf 88' lang='lat' dir='ltr'><strong>et</strong></span> <span class='ocrx_word' id='word_1_626' title='bbox 1471 1214 1612 1242; x_wconf 77' lang='lat' dir='ltr'><strong>discernit.</strong></span> <span class='ocrx_word' id='word_1_627' title='bbox 1625 1213 1760 1247; x_wconf 73' lang='lat' dir='ltr'><strong>lllagnam,</strong></span> 
     </span>
    </p>
   </div>
   <div class='ocr_carea' id='block_1_81' title="bbox 975 1257 1762 1294">
    <p class='ocr_par' dir='ltr' id='par_1_81' title="bbox 975 1257 1762 1294">
     <span class='ocr_line' id='line_1_81' title="bbox 975 1257 1762 1294; baseline -0.004 -7"><span class='ocrx_word' id='word_1_628' title='bbox 975 1267 1024 1287; x_wconf 90' lang='lat' dir='ltr'><strong>nec</strong></span> <span class='ocrx_word' id='word_1_629' title='bbox 1038 1260 1215 1293; x_wconf 86' lang='lat' dir='ltr'><strong>immeritam,</strong></span> <span class='ocrx_word' id='word_1_630' title='bbox 1235 1260 1339 1288; x_wconf 86' lang='lat' dir='ltr'><strong>auctori</strong></span> <span class='ocrx_word' id='word_1_631' title='bbox 1357 1268 1406 1287; x_wconf 86' lang='lat' dir='ltr'><strong>suo</strong></span> <span class='ocrx_word' id='word_1_632' title='bbox 1421 1259 1492 1287; x_wconf 86' lang='lat' dir='ltr'><strong>istud</strong></span> <span class='ocrx_word' id='word_1_633' title='bbox 1509 1267 1576 1294; x_wconf 89' lang='lat' dir='ltr'><strong>opus</strong></span> <span class='ocrx_word' id='word_1_634' title='bbox 1589 1259 1659 1292; x_wconf 77' lang='lat' dir='ltr'><strong>apud</strong></span> <span class='ocrx_word' id='word_1_635' title='bbox 1672 1257 1762 1285; x_wconf 80' lang='lat' dir='ltr'><strong>crudi-</strong></span> 
     </span>
    </p>
   </div>
   <div class='ocr_carea' id='block_1_82' title="bbox 976 1306 1761 1341">
    <p class='ocr_par' dir='ltr' id='par_1_82' title="bbox 976 1306 1761 1341">
     <span class='ocr_line' id='line_1_82' title="bbox 976 1306 1761 1341; baseline 0.003 -9"><span class='ocrx_word' id='word_1_636' title='bbox 976 1311 1016 1333; x_wconf 89' lang='lat' dir='ltr'><strong>tos</strong></span> <span class='ocrx_word' id='word_1_637' title='bbox 1029 1307 1143 1340; x_wconf 75' lang='lat' dir='ltr'><strong>gloriam</strong></span> <span class='ocrx_word' id='word_1_638' title='bbox 1160 1307 1273 1341; x_wconf 86' lang='lat' dir='ltr'><strong>peperit.</strong></span> <span class='ocrx_word' id='word_1_639' title='bbox 1289 1306 1468 1340; x_wconf 82' lang='lat' dir='ltr'><strong>Quamobrem</strong></span> <span class='ocrx_word' id='word_1_640' title='bbox 1485 1306 1649 1334; x_wconf 81' lang='lat' dir='ltr'><strong>instituenda</strong></span> <span class='ocrx_word' id='word_1_641' title='bbox 1663 1306 1761 1334; x_wconf 84' lang='lat' dir='ltr'><strong>iterum</strong></span> 
     </span>
    </p>
   </div>
   <div class='ocr_carea' id='block_1_83' title="bbox 975 1351 1762 1388">
    <p class='ocr_par' dir='ltr' id='par_1_83' title="bbox 975 1351 1762 1388">
     <span class='ocr_line' id='line_1_83' title="bbox 975 1351 1762 1388; baseline 0.003 -10"><span class='ocrx_word' id='word_1_642' title='bbox 975 1352 1100 1386; x_wconf 77' lang='lat' dir='ltr'><strong>Origeuis</strong></span> <span class='ocrx_word' id='word_1_643' title='bbox 1124 1353 1200 1384; x_wconf 83' lang='lat' dir='ltr'><strong>vita,</strong></span> <span class='ocrx_word' id='word_1_644' title='bbox 1221 1353 1457 1387; x_wconf 79' lang='lat' dir='ltr'><strong>disceptaudisque</strong></span> <span class='ocrx_word' id='word_1_645' title='bbox 1481 1351 1540 1386; x_wconf 79' lang='lat' dir='ltr'><strong>ejus</strong></span> <span class='ocrx_word' id='word_1_646' title='bbox 1560 1353 1694 1388; x_wconf 80' lang='lat' dir='ltr'><strong>dogmatis</strong></span> <span class='ocrx_word' id='word_1_647' title='bbox 1716 1360 1762 1380; x_wconf 89' lang='lat' dir='ltr'><strong>su-</strong></span> 
     </span>
    </p>
   </div>
   <div class='ocr_carea' id='block_1_84' title="bbox 975 1398 1762 1434">
    <p class='ocr_par' dir='ltr' id='par_1_84' title="bbox 975 1398 1762 1434">
     <span class='ocr_line' id='line_1_84' title="bbox 975 1398 1762 1434; baseline 0.003 -10"><span class='ocrx_word' id='word_1_648' title='bbox 975 1398 1173 1432; x_wconf 83' lang='lat' dir='ltr'><strong>persedendum</strong></span> <span class='ocrx_word' id='word_1_649' title='bbox 1191 1398 1297 1433; x_wconf 87' lang='lat' dir='ltr'><strong>putavi,</strong></span> <span class='ocrx_word' id='word_1_650' title='bbox 1315 1406 1358 1431; x_wconf 83' lang='lat' dir='ltr'><strong>ne,</strong></span> <span class='ocrx_word' id='word_1_651' title='bbox 1382 1400 1454 1434; x_wconf 87' lang='lat' dir='ltr'><strong>quod</strong></span> <span class='ocrx_word' id='word_1_652' title='bbox 1467 1399 1559 1430; x_wconf 85' lang='lat' dir='ltr'><strong>aiunt,</strong></span> <span class='ocrx_word' id='word_1_653' title='bbox 1585 1404 1674 1426; x_wconf 89' lang='lat' dir='ltr'><strong>actum</strong></span> <span class='ocrx_word' id='word_1_654' title='bbox 1696 1407 1762 1434; x_wconf 77' lang='lat' dir='ltr'><strong>age—</strong></span> 
     </span>
    </p>
   </div>
   <div class='ocr_carea' id='block_1_85' title="bbox 976 1443 1760 1479">
    <p class='ocr_par' dir='ltr' id='par_1_85' title="bbox 976 1443 1760 1479">
     <span class='ocr_line' id='line_1_85' title="bbox 976 1443 1760 1479; baseline 0.001 -9"><span class='ocrx_word' id='word_1_655' title='bbox 976 1449 1044 1477; x_wconf 85' lang='lat' dir='ltr'><strong>rem,</strong></span> <span class='ocrx_word' id='word_1_656' title='bbox 1058 1444 1180 1479; x_wconf 84' lang='lat' dir='ltr'><strong>satisque</strong></span> <span class='ocrx_word' id='word_1_657' title='bbox 1195 1444 1294 1471; x_wconf 86' lang='lat' dir='ltr'><strong>lectori.</strong></span> <span class='ocrx_word' id='word_1_658' title='bbox 1311 1452 1371 1472; x_wconf 88' lang='lat' dir='ltr'><strong>meo</strong></span> <span class='ocrx_word' id='word_1_659' title='bbox 1388 1443 1447 1472; x_wconf 79' lang='lat' dir='ltr'><strong>fore</strong></span> <span class='ocrx_word' id='word_1_660' title='bbox 1470 1445 1620 1472; x_wconf 83' lang='lat' dir='ltr'><strong>arbitratus</strong></span> <span class='ocrx_word' id='word_1_661' title='bbox 1635 1452 1695 1472; x_wconf 86' lang='lat' dir='ltr'><strong>sum</strong></span> <span class='ocrx_word' id='word_1_662' title='bbox 1707 1465 1714 1477; x_wconf 89' lang='lat'><strong>,</strong></span> <span class='ocrx_word' id='word_1_663' title='bbox 1737 1445 1760 1472; x_wconf 89' lang='lat' dir='ltr'><strong>si</strong></span> 
     </span>
    </p>
   </div>
   <div class='ocr_carea' id='block_1_86' title="bbox 974 1490 1759 1525">
    <p class='ocr_par' dir='ltr' id='par_1_86' title="bbox 974 1490 1759 1525">
     <span class='ocr_line' id='line_1_86' title="bbox 974 1490 1759 1525; baseline 0 -8"><span class='ocrx_word' id='word_1_664' title='bbox 974 1490 1190 1525; x_wconf 88' lang='lat' dir='ltr'><strong>quotiescunque</strong></span> <span class='ocrx_word' id='word_1_665' title='bbox 1218 1490 1306 1517; x_wconf 85' lang='lat' dir='ltr'><strong>valida</strong></span> <span class='ocrx_word' id='word_1_666' title='bbox 1331 1498 1375 1518; x_wconf 83' lang='lat' dir='ltr'><strong>me</strong></span> <span class='ocrx_word' id='word_1_667' title='bbox 1402 1491 1538 1518; x_wconf 86' lang='lat' dir='ltr'><strong>rationum</strong></span> <span class='ocrx_word' id='word_1_668' title='bbox 1567 1491 1759 1518; x_wconf 72' lang='lat' dir='ltr'><strong>momenta-ab</strong></span> 
     </span>
    </p>
   </div>
   <div class='ocr_carea' id='block_1_87' title="bbox 976 1537 1759 1572">
    <p class='ocr_par' dir='ltr' id='par_1_87' title="bbox 976 1537 1759 1572">
     <span class='ocr_line' id='line_1_87' title="bbox 976 1537 1759 1572; baseline 0.001 -9"><span class='ocrx_word' id='word_1_669' title='bbox 976 1537 1162 1572; x_wconf 86' lang='lat' dir='ltr'><strong>amplectenda</strong></span> <span class='ocrx_word' id='word_1_670' title='bbox 1173 1537 1317 1564; x_wconf 89' lang='lat' dir='ltr'><strong>clarissimi</strong></span> <span class='ocrx_word' id='word_1_671' title='bbox 1329 1537 1451 1572; x_wconf 69' lang='lat' dir='ltr'><strong>praesulis</strong></span> <span class='ocrx_word' id='word_1_672' title='bbox 1461 1538 1595 1565; x_wconf 81' lang='lat' dir='ltr'><strong>sententia</strong></span> <span class='ocrx_word' id='word_1_673' title='bbox 1608 1538 1759 1570; x_wconf 87' lang='lat' dir='ltr'><strong>abducunt,</strong></span> 
     </span>
    </p>
   </div>
   <div class='ocr_carea' id='block_1_88' title="bbox 976 1583 1759 1612">
    <p class='ocr_par' dir='ltr' id='par_1_88' title="bbox 976 1583 1759 1612">
     <span class='ocr_line' id='line_1_88' title="bbox 976 1583 1759 1612; baseline 0 -2"><span class='ocrx_word' id='word_1_674' title='bbox 976 1590 1008 1610; x_wconf 86' lang='lat' dir='ltr'><strong>ea</strong></span> <span class='ocrx_word' id='word_1_675' title='bbox 1032 1587 1156 1609; x_wconf 89' lang='lat' dir='ltr'><strong>notarunt</strong></span> <span class='ocrx_word' id='word_1_676' title='bbox 1181 1588 1209 1610; x_wconf 90' lang='lat' dir='ltr'><strong>et</strong></span> <span class='ocrx_word' id='word_1_677' title='bbox 1236 1583 1458 1610; x_wconf 76' lang='lat' dir='ltr'><strong>observationem</strong></span> <span class='ocrx_word' id='word_1_678' title='bbox 1484 1584 1568 1611; x_wconf 86' lang='lat' dir='ltr'><strong>instar</strong></span> <span class='ocrx_word' id='word_1_679' title='bbox 1583 1584 1611 1611; x_wconf 90' lang='lat' dir='ltr'><strong>in</strong></span> <span class='ocrx_word' id='word_1_680' title='bbox 1635 1589 1759 1612; x_wconf 79' lang='lat' dir='ltr'><strong>extrema</strong></span> 
     </span>
    </p>
   </div>
   <div class='ocr_carea' id='block_1_89' title="bbox 975 1627 1761 1662">
    <p class='ocr_par' dir='ltr' id='par_1_89' title="bbox 975 1627 1761 1662">
     <span class='ocr_line' id='line_1_89' title="bbox 975 1627 1761 1662; baseline 0.004 -9"><span class='ocrx_word' id='word_1_681' title='bbox 975 1634 1082 1662; x_wconf 86' lang='lat' dir='ltr'><strong>quaque</strong></span> <span class='ocrx_word' id='word_1_682' title='bbox 1097 1628 1193 1662; x_wconf 74' lang='lat' dir='ltr'><strong>pagina</strong></span> <span class='ocrx_word' id='word_1_683' title='bbox 1203 1628 1371 1655; x_wconf 79' lang='lat' dir='ltr'><strong>exhiberem.</strong></span> <span class='ocrx_word' id='word_1_684' title='bbox 1385 1627 1421 1655; x_wconf 92' lang='lat' dir='ltr'><strong>Ita</strong></span> <span class='ocrx_word' id='word_1_685' title='bbox 1435 1629 1508 1656; x_wconf 86' lang='lat' dir='ltr'><strong>enim</strong></span> <span class='ocrx_word' id='word_1_686' title='bbox 1521 1629 1578 1662; x_wconf 90' lang='lat' dir='ltr'><strong>tict,</strong></span> <span class='ocrx_word' id='word_1_687' title='bbox 1595 1633 1624 1655; x_wconf 92' lang='lat' dir='ltr'><strong>ut</strong></span> <span class='ocrx_word' id='word_1_688' title='bbox 1640 1636 1694 1656; x_wconf 90' lang='lat' dir='ltr'><strong>uno</strong></span> <span class='ocrx_word' id='word_1_689' title='bbox 1709 1627 1761 1656; x_wconf 83' lang='lat' dir='ltr'><strong>vcl-</strong></span> 
     </span>
    </p>
   </div>
   <div class='ocr_carea' id='block_1_90' title="bbox 978 1672 1759 1709">
    <p class='ocr_par' dir='ltr' id='par_1_90' title="bbox 978 1672 1759 1709">
     <span class='ocr_line' id='line_1_90' title="bbox 978 1672 1759 1709; baseline 0.001 -10"><span class='ocrx_word' id='word_1_690' title='bbox 978 1672 1016 1699; x_wconf 83' lang='lat' dir='ltr'><strong>uti</strong></span> <span class='ocrx_word' id='word_1_691' title='bbox 1037 1672 1177 1700; x_wconf 87' lang='lat' dir='ltr'><strong>oculorutn</strong></span> <span class='ocrx_word' id='word_1_692' title='bbox 1191 1673 1317 1708; x_wconf 82' lang='lat' dir='ltr'><strong>coujectu</strong></span> <span class='ocrx_word' id='word_1_693' title='bbox 1330 1674 1410 1701; x_wconf 79' lang='lat' dir='ltr'><strong>facile</strong></span> <span class='ocrx_word' id='word_1_694' title='bbox 1425 1675 1541 1709; x_wconf 85' lang='lat' dir='ltr'><strong>perspici</strong></span> <span class='ocrx_word' id='word_1_695' title='bbox 1559 1679 1643 1708; x_wconf 83' lang='lat' dir='ltr'><strong>queat</strong></span> <span class='ocrx_word' id='word_1_696' title='bbox 1656 1674 1720 1709; x_wconf 80' lang='lat' dir='ltr'><strong>quid</strong></span> <span class='ocrx_word' id='word_1_697' title='bbox 1734 1675 1759 1701; x_wconf 90' lang='lat' dir='ltr'><strong>itt</strong></span> 
     </span>
    </p>
   </div>
   <div class='ocr_carea' id='block_1_91' title="bbox 977 1719 1760 1753">
    <p class='ocr_par' dir='ltr' id='par_1_91' title="bbox 977 1719 1760 1753">
     <span class='ocr_line' id='line_1_91' title="bbox 977 1719 1760 1753; baseline 0.001 -8"><span class='ocrx_word' id='word_1_698' title='bbox 977 1723 1120 1752; x_wconf 86' lang='lat' dir='ltr'><strong>utramque</strong></span> <span class='ocrx_word' id='word_1_699' title='bbox 1144 1723 1249 1753; x_wconf 85' lang='lat' dir='ltr'><strong>partem</strong></span> <span class='ocrx_word' id='word_1_700' title='bbox 1269 1719 1302 1746; x_wconf 91' lang='lat' dir='ltr'><strong>ad</strong></span> <span class='ocrx_word' id='word_1_701' title='bbox 1322 1720 1503 1747; x_wconf 85' lang='lat' dir='ltr'><strong>accusandum</strong></span> <span class='ocrx_word' id='word_1_702' title='bbox 1528 1719 1760 1747; x_wconf 77' lang='lat' dir='ltr'><strong>deiendendumve</strong></span> 
     </span>
    </p>
   </div>
   <div class='ocr_carea' id='block_1_92' title="bbox 975 1763 1762 1800">
    <p class='ocr_par' dir='ltr' id='par_1_92' title="bbox 975 1763 1762 1800">
     <span class='ocr_line' id='line_1_92' title="bbox 975 1763 1762 1800; baseline -0.001 -8"><span class='ocrx_word' id='word_1_703' title='bbox 975 1764 1119 1799; x_wconf 74' lang='lat' dir='ltr'><strong>Origencm</strong></span> <span class='ocrx_word' id='word_1_704' title='bbox 1140 1763 1280 1792; x_wconf 80' lang='lat' dir='ltr'><strong>aﬂ‘cratur.</strong></span> <span class='ocrx_word' id='word_1_705' title='bbox 1295 1764 1356 1793; x_wconf 84' lang='lat' dir='ltr'><strong>Jam</strong></span> <span class='ocrx_word' id='word_1_706' title='bbox 1376 1765 1397 1792; x_wconf 87' lang='lat' dir='ltr'><strong>si</strong></span> <span class='ocrx_word' id='word_1_707' title='bbox 1420 1765 1481 1800; x_wconf 81' lang='lat' dir='ltr'><strong>quis</strong></span> <span class='ocrx_word' id='word_1_708' title='bbox 1500 1773 1539 1792; x_wconf 80' lang='lat' dir='ltr'><strong>ex.</strong></span> <span class='ocrx_word' id='word_1_709' title='bbox 1557 1773 1600 1792; x_wconf 85' lang='lat' dir='ltr'><strong>me</strong></span> <span class='ocrx_word' id='word_1_710' title='bbox 1623 1766 1762 1800; x_wconf 73' lang='lat' dir='ltr'><strong>qua-sieris</strong></span> 
     </span>
    </p>
   </div>
   <div class='ocr_carea' id='block_1_93' title="bbox 976 1810 1761 1846">
    <p class='ocr_par' dir='ltr' id='par_1_93' title="bbox 976 1810 1761 1846">
     <span class='ocr_line' id='line_1_93' title="bbox 976 1810 1761 1846; baseline 0.001 -9"><span class='ocrx_word' id='word_1_711' title='bbox 976 1818 1024 1837; x_wconf 87' lang='lat' dir='ltr'><strong>cur</strong></span> <span class='ocrx_word' id='word_1_712' title='bbox 1038 1811 1128 1838; x_wconf 76' lang='lat' dir='ltr'><strong>lueece</strong></span> <span class='ocrx_word' id='word_1_713' title='bbox 1143 1810 1305 1846; x_wconf 79' lang='lat' dir='ltr'><strong>Origeuianu</strong></span> <span class='ocrx_word' id='word_1_714' title='bbox 1319 1812 1352 1838; x_wconf 86' lang='lat' dir='ltr'><strong>ad</strong></span> <span class='ocrx_word' id='word_1_715' title='bbox 1363 1811 1464 1838; x_wconf 86' lang='lat' dir='ltr'><strong>calcent</strong></span> <span class='ocrx_word' id='word_1_716' title='bbox 1481 1811 1568 1838; x_wconf 86' lang='lat' dir='ltr'><strong>totius</strong></span> <span class='ocrx_word' id='word_1_717' title='bbox 1591 1812 1684 1846; x_wconf 83' lang='lat' dir='ltr'><strong>operis</strong></span> <span class='ocrx_word' id='word_1_718' title='bbox 1698 1810 1761 1845; x_wconf 78' lang='lat' dir='ltr'><strong>reji—</strong></span> 
     </span>
    </p>
   </div>
   <div class='ocr_carea' id='block_1_94' title="bbox 976 1857 1762 1893">
    <p class='ocr_par' dir='ltr' id='par_1_94' title="bbox 976 1857 1762 1893">
     <span class='ocr_line' id='line_1_94' title="bbox 976 1857 1762 1893; baseline -0.001 -9"><span class='ocrx_word' id='word_1_719' title='bbox 976 1863 1053 1889; x_wconf 69' lang='lat' dir='ltr'><strong>cere,</strong></span> <span class='ocrx_word' id='word_1_720' title='bbox 1063 1865 1143 1891; x_wconf 88' lang='lat' dir='ltr'><strong>quam</strong></span> <span class='ocrx_word' id='word_1_721' title='bbox 1160 1858 1224 1885; x_wconf 92' lang='lat' dir='ltr'><strong>tonti</strong></span> <span class='ocrx_word' id='word_1_722' title='bbox 1246 1858 1324 1891; x_wconf 86' lang='lat' dir='ltr'><strong>primi</strong></span> <span class='ocrx_word' id='word_1_723' title='bbox 1342 1857 1425 1885; x_wconf 79' lang='lat' dir='ltr'><strong>fronti</strong></span> <span class='ocrx_word' id='word_1_724' title='bbox 1449 1858 1588 1893; x_wconf 60' lang='lat' dir='ltr'><strong>praeﬁgere</strong></span> <span class='ocrx_word' id='word_1_725' title='bbox 1605 1857 1762 1889; x_wconf 76' lang='lat' dir='ltr'><strong>utaltterittt,</strong></span> 
     </span>
    </p>
   </div>
   <div class='ocr_carea' id='block_1_95' title="bbox 976 1903 1760 1937">
    <p class='ocr_par' dir='ltr' id='par_1_95' title="bbox 976 1903 1760 1937">
     <span class='ocr_line' id='line_1_95' title="bbox 976 1903 1760 1937; baseline -0.001 -7"><span class='ocrx_word' id='word_1_726' title='bbox 976 1903 1082 1931; x_wconf 87' lang='lat' dir='ltr'><strong>duabtts</strong></span> <span class='ocrx_word' id='word_1_727' title='bbox 1098 1904 1131 1931; x_wconf 90' lang='lat' dir='ltr'><strong>de</strong></span> <span class='ocrx_word' id='word_1_728' title='bbox 1142 1904 1234 1931; x_wconf 86' lang='lat' dir='ltr'><strong>causis</strong></span> <span class='ocrx_word' id='word_1_729' title='bbox 1252 1904 1277 1931; x_wconf 92' lang='lat' dir='ltr'><strong>id</strong></span> <span class='ocrx_word' id='word_1_730' title='bbox 1297 1904 1395 1932; x_wconf 84' lang='lat' dir='ltr'><strong>factum</strong></span> <span class='ocrx_word' id='word_1_731' title='bbox 1416 1905 1494 1932; x_wconf 86' lang='lat' dir='ltr'><strong>sciat.</strong></span> <span class='ocrx_word' id='word_1_732' title='bbox 1520 1905 1548 1932; x_wconf 82' lang='grc'><strong>1·</strong></span> <span class='ocrx_word' id='word_1_733' title='bbox 1567 1903 1635 1937; x_wconf 85' lang='lat' dir='ltr'><strong>Quia</strong></span> <span class='ocrx_word' id='word_1_734' title='bbox 1659 1903 1760 1930; x_wconf 86' lang='lat' dir='ltr'><strong>volenti</strong></span> 
     </span>
    </p>
   </div>
   <div class='ocr_carea' id='block_1_96' title="bbox 977 1948 1760 1984">
    <p class='ocr_par' dir='ltr' id='par_1_96' title="bbox 977 1948 1760 1984">
     <span class='ocr_line' id='line_1_96' title="bbox 977 1948 1760 1984; baseline -0.003 -8"><span class='ocrx_word' id='word_1_735' title='bbox 977 1949 1043 1976; x_wconf 88' lang='lat' dir='ltr'><strong>tttihi</strong></span> <span class='ocrx_word' id='word_1_736' title='bbox 1055 1949 1145 1976; x_wconf 84' lang='lat' dir='ltr'><strong>omnia</strong></span> <span class='ocrx_word' id='word_1_737' title='bbox 1161 1948 1288 1984; x_wconf 84' lang='lat' dir='ltr'><strong>Origenis</strong></span> <span class='ocrx_word' id='word_1_738' title='bbox 1304 1956 1385 1984; x_wconf 88' lang='lat' dir='ltr'><strong>opera</strong></span> <span class='ocrx_word' id='word_1_739' title='bbox 1400 1957 1461 1984; x_wconf 68' lang='lat' dir='ltr'><strong>quae</strong></span> <span class='ocrx_word' id='word_1_740' title='bbox 1474 1954 1537 1976; x_wconf 89' lang='lat' dir='ltr'><strong>sunt</strong></span> <span class='ocrx_word' id='word_1_741' title='bbox 1561 1948 1706 1983; x_wconf 85' lang='lat' dir='ltr'><strong>peculiaris</strong></span> <span class='ocrx_word' id='word_1_742' title='bbox 1721 1948 1760 1974; x_wconf 90' lang='lat' dir='ltr'><strong>io-</strong></span> 
     </span>
    </p>
   </div>
   <div class='ocr_carea' id='block_1_97' title="bbox 976 1995 1762 2030">
    <p class='ocr_par' dir='ltr' id='par_1_97' title="bbox 976 1995 1762 2030">
     <span class='ocr_line' id='line_1_97' title="bbox 976 1995 1762 2030; baseline -0.003 -8"><span class='ocrx_word' id='word_1_743' title='bbox 976 1995 1078 2027; x_wconf 86' lang='lat' dir='ltr'><strong>stituti,</strong></span> <span class='ocrx_word' id='word_1_744' title='bbox 1091 1995 1117 2022; x_wconf 85' lang='lat' dir='ltr'><strong>id</strong></span> <span class='ocrx_word' id='word_1_745' title='bbox 1131 2000 1173 2022; x_wconf 86' lang='lat' dir='ltr'><strong>est</strong></span> <span class='ocrx_word' id='word_1_746' title='bbox 1187 1995 1375 2030; x_wconf 74' lang='lat' dir='ltr'><strong>Syntagmata,</strong></span> <span class='ocrx_word' id='word_1_747' title='bbox 1398 2003 1452 2022; x_wconf 89' lang='lat' dir='ltr'><strong>uno</strong></span> <span class='ocrx_word' id='word_1_748' title='bbox 1475 1995 1610 2022; x_wconf 87' lang='lat' dir='ltr'><strong>volumine</strong></span> <span class='ocrx_word' id='word_1_749' title='bbox 1634 2002 1762 2029; x_wconf 87' lang='lat' dir='ltr'><strong>compre-</strong></span> 
     </span>
    </p>
   </div>
   <div class='ocr_carea' id='block_1_98' title="bbox 977 2041 1761 2077">
    <p class='ocr_par' dir='ltr' id='par_1_98' title="bbox 977 2041 1761 2077">
     <span class='ocr_line' id='line_1_98' title="bbox 977 2041 1761 2077; baseline -0.001 -9"><span class='ocrx_word' id='word_1_750' title='bbox 977 2042 1106 2074; x_wconf 85' lang='lat' dir='ltr'><strong>hendere,</strong></span> <span class='ocrx_word' id='word_1_751' title='bbox 1122 2041 1149 2068; x_wconf 88' lang='lat' dir='ltr'><strong>in</strong></span> <span class='ocrx_word' id='word_1_752' title='bbox 1168 2042 1327 2077; x_wconf 91' lang='lat' dir='ltr'><strong>ampliorem</strong></span> <span class='ocrx_word' id='word_1_753' title='bbox 1342 2043 1506 2076; x_wconf 85' lang='lat' dir='ltr'><strong>omninoque</strong></span> <span class='ocrx_word' id='word_1_754' title='bbox 1521 2042 1684 2068; x_wconf 86' lang='lat' dir='ltr'><strong>abnormem</strong></span> <span class='ocrx_word' id='word_1_755' title='bbox 1703 2048 1761 2067; x_wconf 87' lang='lat' dir='ltr'><strong>mo-</strong></span> 
     </span>
    </p>
   </div>
   <div class='ocr_carea' id='block_1_99' title="bbox 977 2085 1761 2122">
    <p class='ocr_par' dir='ltr' id='par_1_99' title="bbox 977 2085 1761 2122">
     <span class='ocr_line' id='line_1_99' title="bbox 977 2085 1761 2122; baseline -0.003 -8"><span class='ocrx_word' id='word_1_756' title='bbox 977 2087 1029 2114; x_wconf 85' lang='lat' dir='ltr'><strong>lem</strong></span> <span class='ocrx_word' id='word_1_757' title='bbox 1051 2088 1219 2114; x_wconf 73' lang='lat' dir='ltr'><strong>excrevisset</strong></span> <span class='ocrx_word' id='word_1_758' title='bbox 1245 2093 1333 2115; x_wconf 84' lang='lat' dir='ltr'><strong>tomus</strong></span> <span class='ocrx_word' id='word_1_759' title='bbox 1357 2088 1477 2122; x_wconf 81' lang='lat' dir='ltr'><strong>primus,</strong></span> <span class='ocrx_word' id='word_1_760' title='bbox 1504 2087 1527 2114; x_wconf 89' lang='lat' dir='ltr'><strong>si</strong></span> <span class='ocrx_word' id='word_1_761' title='bbox 1546 2087 1657 2120; x_wconf 82' lang='lat' dir='ltr'><strong>insuper</strong></span> <span class='ocrx_word' id='word_1_762' title='bbox 1678 2085 1761 2113; x_wconf 71' lang='lat' dir='ltr'><strong>fronti</strong></span> 
     </span>
    </p>
   </div>
   <div class='ocr_carea' id='block_1_100' title="bbox 977 2132 1761 2168">
    <p class='ocr_par' dir='ltr' id='par_1_100' title="bbox 977 2132 1761 2168">
     <span class='ocr_line' id='line_1_100' title="bbox 977 2132 1761 2168; baseline -0.001 -9"><span class='ocrx_word' id='word_1_763' title='bbox 977 2132 1085 2166; x_wconf 71' lang='lat' dir='ltr'><strong>praeﬁxa</strong></span> <span class='ocrx_word' id='word_1_764' title='bbox 1101 2132 1239 2160; x_wconf 78' lang='lat' dir='ltr'><strong>habuisset</strong></span> <span class='ocrx_word' id='word_1_765' title='bbox 1253 2133 1424 2168; x_wconf 83' lang='lat' dir='ltr'><strong>Origeniana.</strong></span> <span class='ocrx_word' id='word_1_766' title='bbox 1437 2133 1465 2160; x_wconf 76' lang='lat'><strong>2°</strong></span> <span class='ocrx_word' id='word_1_767' title='bbox 1478 2132 1545 2166; x_wconf 86' lang='lat' dir='ltr'><strong>Quia</strong></span> <span class='ocrx_word' id='word_1_768' title='bbox 1558 2140 1618 2159; x_wconf 87' lang='lat' dir='ltr'><strong>euttt</strong></span> <span class='ocrx_word' id='word_1_769' title='bbox 1630 2139 1683 2158; x_wconf 86' lang='lat' dir='ltr'><strong>non</strong></span> <span class='ocrx_word' id='word_1_770' title='bbox 1695 2139 1761 2164; x_wconf 84' lang='lat' dir='ltr'><strong>uno,</strong></span> 
     </span>
    </p>
   </div>
   <div class='ocr_carea' id='block_1_101' title="bbox 977 2177 1762 2214">
    <p class='ocr_par' dir='ltr' id='par_1_101' title="bbox 977 2177 1762 2214">
     <span class='ocr_line' id='line_1_101' title="bbox 977 2177 1762 2214; baseline -0.003 -8"><span class='ocrx_word' id='word_1_771' title='bbox 977 2179 1093 2211; x_wconf 87' lang='lat' dir='ltr'><strong>duobtts,</strong></span> <span class='ocrx_word' id='word_1_772' title='bbox 1111 2179 1232 2206; x_wconf 88' lang='lat' dir='ltr'><strong>tribusve</strong></span> <span class='ocrx_word' id='word_1_773' title='bbox 1251 2180 1330 2206; x_wconf 85' lang='lat' dir='ltr'><strong>annis</strong></span> <span class='ocrx_word' id='word_1_774' title='bbox 1351 2179 1471 2214; x_wconf 88' lang='lat' dir='ltr'><strong>quittque</strong></span> <span class='ocrx_word' id='word_1_775' title='bbox 1492 2177 1599 2205; x_wconf 82' lang='lat' dir='ltr'><strong>in-folio</strong></span> <span class='ocrx_word' id='word_1_776' title='bbox 1623 2177 1762 2204; x_wconf 73' lang='lat' dir='ltr'><strong>volumina</strong></span> 
     </span>
    </p>
   </div>
   <div class='ocr_carea' id='block_1_102' title="bbox 977 2223 1760 2261">
    <p class='ocr_par' dir='ltr' id='par_1_102' title="bbox 977 2223 1760 2261">
     <span class='ocr_line' id='line_1_102' title="bbox 977 2223 1760 2261; baseline -0.005 -9"><span class='ocrx_word' id='word_1_777' title='bbox 977 2233 992 2252; x_wconf 93' lang='lat' dir='ltr'><strong>e</strong></span> <span class='ocrx_word' id='word_1_778' title='bbox 1013 2226 1082 2261; x_wconf 82' lang='lat' dir='ltr'><strong>typis</strong></span> <span class='ocrx_word' id='word_1_779' title='bbox 1101 2226 1182 2252; x_wconf 86' lang='lat' dir='ltr'><strong>sintut</strong></span> <span class='ocrx_word' id='word_1_780' title='bbox 1198 2226 1274 2253; x_wconf 81' lang='lat' dir='ltr'><strong>exire</strong></span> <span class='ocrx_word' id='word_1_781' title='bbox 1288 2225 1409 2257; x_wconf 86' lang='lat' dir='ltr'><strong>soleant,</strong></span> <span class='ocrx_word' id='word_1_782' title='bbox 1431 2224 1477 2252; x_wconf 88' lang='lat' dir='ltr'><strong>sed</strong></span> <span class='ocrx_word' id='word_1_783' title='bbox 1501 2223 1624 2251; x_wconf 89' lang='lat' dir='ltr'><strong>decennii</strong></span> <span class='ocrx_word' id='word_1_784' title='bbox 1644 2224 1760 2258; x_wconf 84' lang='lat' dir='ltr'><strong>spatium</strong></span> 
     </span>
    </p>
   </div>
   <div class='ocr_carea' id='block_1_103' title="bbox 978 2266 1760 2306">
    <p class='ocr_par' dir='ltr' id='par_1_103' title="bbox 978 2266 1760 2306">
     <span class='ocr_line' id='line_1_103' title="bbox 978 2266 1760 2306; baseline -0.006 -8"><span class='ocrx_word' id='word_1_785' title='bbox 978 2271 1011 2298; x_wconf 90' lang='lat' dir='ltr'><strong>iis</strong></span> <span class='ocrx_word' id='word_1_786' title='bbox 1022 2271 1136 2298; x_wconf 86' lang='lat' dir='ltr'><strong>edendis</strong></span> <span class='ocrx_word' id='word_1_787' title='bbox 1151 2271 1229 2306; x_wconf 78' lang='lat' dir='ltr'><strong>vulgo</strong></span> <span class='ocrx_word' id='word_1_788' title='bbox 1245 2270 1401 2305; x_wconf 82' lang='lat' dir='ltr'><strong>impendant</strong></span> <span class='ocrx_word' id='word_1_789' title='bbox 1415 2266 1760 2303; x_wconf 76' lang='lat' dir='ltr'><strong>Parisiensestypograplti,</strong></span> 
     </span>
    </p>
   </div>
   <div class='ocr_carea' id='block_1_104' title="bbox 977 2312 1761 2352">
    <p class='ocr_par' dir='ltr' id='par_1_104' title="bbox 977 2312 1761 2352">
     <span class='ocr_line' id='line_1_104' title="bbox 977 2312 1761 2352; baseline -0.006 -8"><span class='ocrx_word' id='word_1_790' title='bbox 977 2325 1032 2344; x_wconf 88' lang='lat' dir='ltr'><strong>non</strong></span> <span class='ocrx_word' id='word_1_791' title='bbox 1049 2317 1234 2352; x_wconf 86' lang='lat' dir='ltr'><strong>imprudenter</strong></span> <span class='ocrx_word' id='word_1_792' title='bbox 1247 2317 1354 2351; x_wconf 79' lang='lat' dir='ltr'><strong>speravi</strong></span> <span class='ocrx_word' id='word_1_793' title='bbox 1371 2316 1428 2343; x_wconf 80' lang='lat' dir='ltr'><strong>fore</strong></span> <span class='ocrx_word' id='word_1_794' title='bbox 1443 2335 1450 2348; x_wconf 93' lang='lat'><strong>,</strong></span> <span class='ocrx_word' id='word_1_795' title='bbox 1477 2319 1506 2342; x_wconf 88' lang='lat' dir='ltr'><strong>ut</strong></span> <span class='ocrx_word' id='word_1_796' title='bbox 1529 2320 1605 2342; x_wconf 87' lang='lat' dir='ltr'><strong>tanto</strong></span> <span class='ocrx_word' id='word_1_797' title='bbox 1631 2312 1761 2348; x_wconf 82' lang='lat' dir='ltr'><strong>temporis</strong></span> 
     </span>
    </p>
   </div>
   <div class='ocr_carea' id='block_1_105' title="bbox 978 2360 1760 2396">
    <p class='ocr_par' dir='ltr' id='par_1_105' title="bbox 978 2360 1760 2396">
     <span class='ocr_line' id='line_1_105' title="bbox 978 2360 1760 2396; baseline -0.005 -7"><span class='ocrx_word' id='word_1_798' title='bbox 978 2364 1119 2391; x_wconf 85' lang='lat' dir='ltr'><strong>intervallo</strong></span> <span class='ocrx_word' id='word_1_799' title='bbox 1133 2371 1202 2390; x_wconf 86' lang='lat' dir='ltr'><strong>nova</strong></span> <span class='ocrx_word' id='word_1_800' title='bbox 1221 2363 1286 2390; x_wconf 86' lang='lat' dir='ltr'><strong>mihi</strong></span> <span class='ocrx_word' id='word_1_801' title='bbox 1304 2363 1332 2389; x_wconf 87' lang='lat' dir='ltr'><strong>in</strong></span> <span class='ocrx_word' id='word_1_802' title='bbox 1345 2363 1403 2389; x_wconf 87' lang='lat' dir='ltr'><strong>dies</strong></span> <span class='ocrx_word' id='word_1_803' title='bbox 1421 2363 1454 2389; x_wconf 89' lang='lat' dir='ltr'><strong>ad</strong></span> <span class='ocrx_word' id='word_1_804' title='bbox 1475 2360 1700 2396; x_wconf 76' lang='lat' dir='ltr'><strong>Origenianorum</strong></span> <span class='ocrx_word' id='word_1_805' title='bbox 1717 2366 1760 2386; x_wconf 90' lang='lat' dir='ltr'><strong>re-</strong></span> 
     </span>
    </p>
   </div>
   <div class='ocr_carea' id='block_1_106' title="bbox 954 2404 1760 2441">
    <p class='ocr_par' dir='ltr' id='par_1_106' title="bbox 954 2404 1760 2441">
     <span class='ocr_line' id='line_1_106' title="bbox 954 2404 1760 2441; baseline -0.007 -6"><span class='ocrx_word' id='word_1_806' title='bbox 954 2414 958 2421; x_wconf 87' lang='lat'>&#39;</span> <span class='ocrx_word' id='word_1_807' title='bbox 977 2409 1132 2436; x_wconf 87' lang='lat' dir='ltr'><strong>censionem</strong></span> <span class='ocrx_word' id='word_1_808' title='bbox 1149 2409 1193 2436; x_wconf 73' lang='lat' dir='ltr'><strong>lus</strong></span> <span class='ocrx_word' id='word_1_809' title='bbox 1211 2408 1364 2438; x_wconf 84' lang='lat' dir='ltr'><strong>accederet.</strong></span> <span class='ocrx_word' id='word_1_810' title='bbox 1378 2414 1439 2439; x_wconf 78' lang='lat' dir='ltr'><strong>nec,</strong></span> <span class='ocrx_word' id='word_1_811' title='bbox 1462 2406 1533 2441; x_wconf 86' lang='lat' dir='ltr'><strong>quod</strong></span> <span class='ocrx_word' id='word_1_812' title='bbox 1552 2405 1613 2432; x_wconf 78' lang='lat' dir='ltr'><strong>aliis</strong></span> <span class='ocrx_word' id='word_1_813' title='bbox 1629 2404 1760 2439; x_wconf 81' lang='lat' dir='ltr'><strong>plurimo-</strong></span> 
     </span>
    </p>
   </div>
   <div class='ocr_carea' id='block_1_107' title="bbox 978 2449 1761 2483">
    <p class='ocr_par' dir='ltr' id='par_1_107' title="bbox 978 2449 1761 2483">
     <span class='ocr_line' id='line_1_107' title="bbox 978 2449 1761 2483; baseline -0.008 -1"><span class='ocrx_word' id='word_1_814' title='bbox 978 2462 1038 2482; x_wconf 87' lang='lat' dir='ltr'><strong>rum</strong></span> <span class='ocrx_word' id='word_1_815' title='bbox 1053 2455 1220 2482; x_wconf 86' lang='lat' dir='ltr'><strong>volumimtm</strong></span> <span class='ocrx_word' id='word_1_816' title='bbox 1235 2453 1388 2480; x_wconf 87' lang='lat' dir='ltr'><strong>editoribus</strong></span> <span class='ocrx_word' id='word_1_817' title='bbox 1401 2453 1511 2480; x_wconf 86' lang='lat' dir='ltr'><strong>evenire</strong></span> <span class='ocrx_word' id='word_1_818' title='bbox 1525 2451 1611 2483; x_wconf 84' lang='lat' dir='ltr'><strong>solet,</strong></span> <span class='ocrx_word' id='word_1_819' title='bbox 1636 2457 1710 2477; x_wconf 86' lang='lat' dir='ltr'><strong>meas</strong></span> <span class='ocrx_word' id='word_1_820' title='bbox 1727 2449 1761 2476; x_wconf 90' lang='lat' dir='ltr'><strong>ad</strong></span> 
     </span>
    </p>
   </div>
   <div class='ocr_carea' id='block_1_108' title="bbox 978 2494 1761 2532">
    <p class='ocr_par' dir='ltr' id='par_1_108' title="bbox 978 2494 1761 2532">
     <span class='ocr_line' id='line_1_108' title="bbox 978 2494 1761 2532; baseline -0.006 -7"><span class='ocrx_word' id='word_1_821' title='bbox 978 2498 1083 2532; x_wconf 87' lang='lat' dir='ltr'><strong>priores</strong></span> <span class='ocrx_word' id='word_1_822' title='bbox 1107 2503 1193 2524; x_wconf 89' lang='lat' dir='ltr'><strong>tomos</strong></span> <span class='ocrx_word' id='word_1_823' title='bbox 1210 2497 1433 2528; x_wconf 84' lang='lat' dir='ltr'><strong>observationes,</strong></span> <span class='ocrx_word' id='word_1_824' title='bbox 1458 2497 1483 2522; x_wconf 92' lang='lat' dir='ltr'><strong>in</strong></span> <span class='ocrx_word' id='word_1_825' title='bbox 1503 2496 1600 2522; x_wconf 87' lang='lat' dir='ltr'><strong>ultimo</strong></span> <span class='ocrx_word' id='word_1_826' title='bbox 1624 2494 1761 2521; x_wconf 82' lang='lat' dir='ltr'><strong>volumine</strong></span> 
     </span>
    </p>
   </div>
   <div class='ocr_carea' id='block_1_109' title="bbox 978 2541 1761 2579">
    <p class='ocr_par' dir='ltr' id='par_1_109' title="bbox 978 2541 1761 2579">
     <span class='ocr_line' id='line_1_109' title="bbox 978 2541 1761 2579; baseline -0.003 -9"><span class='ocrx_word' id='word_1_827' title='bbox 978 2552 1092 2579; x_wconf 65' lang='lat' dir='ltr'><strong>cogerer</strong></span> <span class='ocrx_word' id='word_1_828' title='bbox 1115 2544 1249 2577; x_wconf 76' lang='lat' dir='ltr'><strong>castigare</strong></span> <span class='ocrx_word' id='word_1_829' title='bbox 1275 2549 1303 2570; x_wconf 87' lang='lat' dir='ltr'><strong>et</strong></span> <span class='ocrx_word' id='word_1_830' title='bbox 1323 2543 1487 2578; x_wconf 81' lang='lat' dir='ltr'><strong>palinodiam</strong></span> <span class='ocrx_word' id='word_1_831' title='bbox 1513 2549 1624 2569; x_wconf 86' lang='lat' dir='ltr'><strong>canere.</strong></span> <span class='ocrx_word' id='word_1_832' title='bbox 1652 2541 1761 2574; x_wconf 80' lang='lat' dir='ltr'><strong>llabes,</strong></span> 
     </span>
    </p>
   </div>
   <div class='ocr_carea' id='block_1_110' title="bbox 979 2589 1760 2623">
    <p class='ocr_par' dir='ltr' id='par_1_110' title="bbox 979 2589 1760 2623">
     <span class='ocr_line' id='line_1_110' title="bbox 979 2589 1760 2623; baseline -0.004 -7"><span class='ocrx_word' id='word_1_833' title='bbox 979 2589 1108 2617; x_wconf 87' lang='lat' dir='ltr'><strong>benevole</strong></span> <span class='ocrx_word' id='word_1_834' title='bbox 1117 2589 1212 2621; x_wconf 89' lang='lat' dir='ltr'><strong>lector,</strong></span> <span class='ocrx_word' id='word_1_835' title='bbox 1222 2590 1306 2617; x_wconf 86' lang='lat' dir='ltr'><strong>totius</strong></span> <span class='ocrx_word' id='word_1_836' title='bbox 1316 2589 1428 2623; x_wconf 80' lang='lat' dir='ltr'><strong>hujusce</strong></span> <span class='ocrx_word' id='word_1_837' title='bbox 1437 2589 1564 2616; x_wconf 86' lang='lat' dir='ltr'><strong>editionis</strong></span> <span class='ocrx_word' id='word_1_838' title='bbox 1571 2592 1760 2622; x_wconf 85' lang='lat' dir='ltr'><strong>conspectum.</strong></span> 
     </span>
    </p>
   </div>
   <div class='ocr_carea' id='block_1_111' title="bbox 978 2634 1762 2670">
    <p class='ocr_par' dir='ltr' id='par_1_111' title="bbox 978 2634 1762 2670">
     <span class='ocr_line' id='line_1_111' title="bbox 978 2634 1762 2670; baseline -0.003 -8"><span class='ocrx_word' id='word_1_839' title='bbox 978 2636 1047 2668; x_wconf 81' lang='lat' dir='ltr'><strong>Quid</strong></span> <span class='ocrx_word' id='word_1_840' title='bbox 1063 2644 1078 2662; x_wconf 88' lang='lat' dir='ltr'><strong>a</strong></span> <span class='ocrx_word' id='word_1_841' title='bbox 1095 2636 1210 2662; x_wconf 85' lang='lat' dir='ltr'><strong>nobisin</strong></span> <span class='ocrx_word' id='word_1_842' title='bbox 1226 2636 1276 2662; x_wconf 89' lang='lat' dir='ltr'><strong>hoc</strong></span> <span class='ocrx_word' id='word_1_843' title='bbox 1288 2636 1375 2670; x_wconf 89' lang='lat' dir='ltr'><strong>primo</strong></span> <span class='ocrx_word' id='word_1_844' title='bbox 1390 2640 1462 2662; x_wconf 91' lang='lat' dir='ltr'><strong>tomo</strong></span> <span class='ocrx_word' id='word_1_845' title='bbox 1475 2634 1644 2669; x_wconf 85' lang='lat' dir='ltr'><strong>potissimum</strong></span> <span class='ocrx_word' id='word_1_846' title='bbox 1657 2634 1762 2669; x_wconf 62' lang='lat' dir='ltr'><strong>prasti—</strong></span> 
     </span>
    </p>
   </div>
   <div class='ocr_carea' id='block_1_112' title="bbox 980 2681 1513 2716">
    <p class='ocr_par' dir='ltr' id='par_1_112' title="bbox 980 2681 1513 2716">
     <span class='ocr_line' id='line_1_112' title="bbox 980 2681 1513 2716; baseline -0.004 -8"><span class='ocrx_word' id='word_1_847' title='bbox 980 2688 1034 2708; x_wconf 74' lang='lat' dir='ltr'><strong>tuut</strong></span> <span class='ocrx_word' id='word_1_848' title='bbox 1050 2681 1094 2714; x_wconf 88' lang='lat' dir='ltr'><strong>sit,</strong></span> <span class='ocrx_word' id='word_1_849' title='bbox 1110 2689 1181 2709; x_wconf 84' lang='lat' dir='ltr'><strong>nunc</strong></span> <span class='ocrx_word' id='word_1_850' title='bbox 1200 2682 1341 2716; x_wconf 85' lang='lat' dir='ltr'><strong>speciatim</strong></span> <span class='ocrx_word' id='word_1_851' title='bbox 1358 2682 1513 2708; x_wconf 87' lang='lat' dir='ltr'><strong>dicendum.</strong></span> 
     </span>
    </p>
   </div>
   <div class='ocr_carea' id='block_1_113' title="bbox 980 2737 1762 2774">
    <p class='ocr_par' dir='ltr' id='par_1_113' title="bbox 980 2737 1762 2774">
     <span class='ocr_line' id='line_1_113' title="bbox 980 2737 1762 2774; baseline 0 -10"><span class='ocrx_word' id='word_1_852' title='bbox 980 2738 1016 2764; x_wconf 83' lang='lat' dir='ltr'><strong>De</strong></span> <span class='ocrx_word' id='word_1_853' title='bbox 1029 2738 1145 2774; x_wconf 75' lang='lat' dir='ltr'><strong>reliquiis</strong></span> <span class='ocrx_word' id='word_1_854' title='bbox 1157 2738 1328 2774; x_wconf 69' lang='lat' dir='ltr'><strong>epistolarunt</strong></span> <span class='ocrx_word' id='word_1_855' title='bbox 1341 2738 1508 2774; x_wconf 42' lang='lat' dir='ltr'><strong>Origemget</strong></span> <span class='ocrx_word' id='word_1_856' title='bbox 1520 2737 1635 2774; x_wconf 72' lang='lat' dir='ltr'><strong>iitnzime</strong></span> <span class='ocrx_word' id='word_1_857' title='bbox 1645 2738 1677 2764; x_wconf 81' lang='lat' dir='ltr'><strong>de</strong></span> <span class='ocrx_word' id='word_1_858' title='bbox 1686 2739 1762 2772; x_wconf 80' lang='lat' dir='ltr'><strong>Afri-</strong></span> 
     </span>
    </p>
   </div>
   <div class='ocr_carea' id='block_1_114' title="bbox 1013 2773 1761 2808">
    <p class='ocr_par' dir='ltr' id='par_1_114' title="bbox 1013 2773 1761 2808">
     <span class='ocr_line' id='line_1_114' title="bbox 1013 2773 1761 2808; baseline 0.003 -9"><span class='ocrx_word' id='word_1_859' title='bbox 1013 2773 1073 2799; x_wconf 79' lang='lat' dir='ltr'><strong>cani</strong></span> <span class='ocrx_word' id='word_1_860' title='bbox 1086 2773 1195 2806; x_wconf 78' lang='lat' dir='ltr'><strong>epistola</strong></span> <span class='ocrx_word' id='word_1_861' title='bbox 1210 2775 1244 2800; x_wconf 80' lang='lat' dir='ltr'><strong>ad</strong></span> <span class='ocrx_word' id='word_1_862' title='bbox 1258 2773 1395 2808; x_wconf 78' lang='lat' dir='ltr'><strong>Origenth</strong></span> <span class='ocrx_word' id='word_1_863' title='bbox 1417 2778 1439 2800; x_wconf 67' lang='lat' dir='ltr'><strong>et</strong></span> <span class='ocrx_word' id='word_1_864' title='bbox 1459 2773 1580 2807; x_wconf 81' lang='lat' dir='ltr'><strong>Origenis</strong></span> <span class='ocrx_word' id='word_1_865' title='bbox 1598 2773 1633 2800; x_wconf 77' lang='lat' dir='ltr'><strong>ad</strong></span> <span class='ocrx_word' id='word_1_866' title='bbox 1654 2773 1761 2808; x_wconf 74' lang='lat' dir='ltr'><strong>Africa-</strong></span> 
     </span>
    </p>
   </div>
   <div class='ocr_carea' id='block_1_115' title="bbox 1013 2809 1584 2843">
    <p class='ocr_par' dir='ltr' id='par_1_115' title="bbox 1013 2809 1584 2843">
     <span class='ocr_line' id='line_1_115' title="bbox 1013 2809 1584 2843; baseline 0.004 -10"><span class='ocrx_word' id='word_1_867' title='bbox 1013 2816 1075 2834; x_wconf 83' lang='lat' dir='ltr'><strong>num</strong></span> <span class='ocrx_word' id='word_1_868' title='bbox 1092 2817 1212 2842; x_wconf 77' lang='lat' dir='ltr'><strong>responso</strong></span> <span class='ocrx_word' id='word_1_869' title='bbox 1227 2816 1305 2843; x_wconf 82' lang='lat' dir='ltr'><strong>super</strong></span> <span class='ocrx_word' id='word_1_870' title='bbox 1320 2809 1452 2836; x_wconf 66' lang='lat' dir='ltr'><strong>Susanna</strong></span> <span class='ocrx_word' id='word_1_871' title='bbox 1464 2809 1584 2836; x_wconf 76' lang='lat' dir='ltr'><strong>historia.</strong></span> 
     </span>
    </p>
   </div>
   <div class='ocr_carea' id='block_1_116' title="bbox 1016 2866 1762 2904">
    <p class='ocr_par' dir='ltr' id='par_1_116' title="bbox 1016 2866 1762 2904">
     <span class='ocr_line' id='line_1_116' title="bbox 1016 2866 1762 2904; baseline 0.001 -11"><span class='ocrx_word' id='word_1_872' title='bbox 1016 2866 1091 2896; x_wconf 84' lang='lat' dir='ltr'><strong>Unde</strong></span> <span class='ocrx_word' id='word_1_873' title='bbox 1118 2867 1267 2901; x_wconf 79' lang='lat' dir='ltr'><strong>prodierint</strong></span> <span class='ocrx_word' id='word_1_874' title='bbox 1292 2867 1464 2904; x_wconf 76' lang='lat' dir='ltr'><strong>epistolarum</strong></span> <span class='ocrx_word' id='word_1_875' title='bbox 1490 2867 1615 2902; x_wconf 69' lang='lat' dir='ltr'><strong>Origonis</strong></span> <span class='ocrx_word' id='word_1_876' title='bbox 1641 2867 1762 2902; x_wconf 66' lang='lat' dir='ltr'><strong>reliqttia</strong></span> 
     </span>
    </p>
   </div>
  </div>
