1883 3072
135 112 172 142 ει
852 109 1052 138 ρΜεΡΑτιοι
1731 111 1773 140 ua

141 181 203 209 qua
216 172 300 200 fronti
314 172 524 207 Syntagmatam
540 171 751 206 prtemittuntur,
765 171 865 205 przevia
885 171 932 197 do-
946 174 968 201 Α

142 224 186 247 cet
198 219 349 246 admonitio
364 217 508 253 generalis,
528 217 554 244 in
573 225 626 252 qua
647 225 678 244 ea
705 222 809 244 tatttttnt
828 217 927 244 omissa

144 271 205 293 suttt
216 273 276 300 quae
292 264 326 291 ad
340 265 432 291 varias
447 267 570 299 spectant
589 263 742 298 ἀμοιϐαίων
759 263 878 290 Africani
902 266 930 290 et

141 310 268 345 Origenis
285 309 462 344 epistularum
487 309 631 336 editiones.
658 308 810 343 Utramque
825 309 929 343 primus

144 357 240 384 Latine
257 361 364 384 tantttm
379 356 464 383 edidit
477 354 532 382 Leo
542 355 675 386 Castrius,
694 354 845 389 Hispanus,
859 363 928 389 pra:-

144 403 258 436 tixitque
285 402 343 429 suis
365 402 390 428 in
417 401 513 428 lsaiam
539 402 697 435 prophetam
725 400 928 427 commentariis

143 448 320 475 Salmanticae
336 447 452 482 vulgatis
464 454 537 474 anno
553 447 632 474 1570.
656 447 806 481 Utramque
830 447 927 475 deinde

143 494 285 522 Gilbertus
307 494 497 522 Genebrardus
526 501 597 520 anno
623 493 690 520 15η
722 494 848 522 editionis
873 501 928 521 suae

143 546 219 569 tomo
237 542 357 568 secundo
371 541 496 572 inseruit,
511 541 647 568 Geutiano
662 541 787 574 llcrveto,
803 540 928 568 Aurelia-

144 587 233 620 nensi,
254 592 282 614 et
296 587 428 614 canonico
445 586 570 614 Remensi
584 606 592 618 ,
615 586 763 621 interprete
786 594 820 613 ex
837 586 929 614 codice

144 633 333 668 tttanuscripto
358 633 495 661 Guillelmi
523 632 613 661 Sirleli
640 632 797 660 eardinalis.
832 632 928 660 Postea

142 678 265 706 Africani
288 680 320 706 ad
345 679 487 714 Origenem
511 679 624 713 epistola
640 680 742 714 integra
766 687 828 707 cum
851 679 929 706 initio

144 726 269 759 responsi
294 726 418 760 Origenis
437 726 469 752 ad
491 725 648 753 Africanum
673 726 768 754 Grrcce
796 726 929 753 duntaxat

142 771 216 798 edita
230 776 274 798 est
292 772 419 807 Angusta!
441 772 642 800 Vindelicorum
663 780 734 800 antto
750 772 818 800 l602
830 793 838 805 ,
863 780 927 799 cura

143 817 254 844 Davidis
268 817 412 846 Hmscltelii
426 823 485 853 post
501 819 613 846 Adriani
636 819 764 854 lsagogen
787 827 926 846 sacrarunt

144 863 359 897 Scripturarutn,
371 868 398 891 et
411 864 535 900 llesychii
548 865 696 900 presbyteri
707 864 925 900 Jerosolymitani

143 909 323 944 Στιχηρὸνὶη
334 909 429 937 Isaiam
444 916 470 937 et
480 911 619 937 duodecim
628 911 782 945 propltetas.
797 910 926 946 Responsi

143 954 272 990 Origeuis
287 956 321 983 ad
336 955 494 983 Afrieanum
510 956 693 992 fragmentum
705 957 819 984 alterum
832 957 927 985 Graece

146 1001 212 1028 item
227 1001 310 1029 edidit
330 1002 462 1029 Patricius
471 1001 577 1035 Junius,
600 1001 729 1035 Londiui,
742 1009 816 1029 anno
837 1003 905 1030 1657
919 1024 925 1034 ,

149 1051 213 1081 post
226 1047 351 1075 Catenam
365 1048 523 1076 Graecorum
546 1049 655 1076 Patrum
677 1048 703 1075 iit
724 1049 785 1076 Job.
809 1049 927 1084 Denique

147 1097 289 1128 utramque
299 1094 439 1129 epistolam
456 1094 536 1122 simul
546 1094 639 1122 Graece
652 1100 679 1123 et
692 1095 785 1122 Latine
802 1103 853 1122 una
865 1102 926 1122 cum

147 1138 259 1174 Dialogo
273 1145 365 1167 contra
382 1140 566 1173 Marcionitas,
590 1145 618 1168 ct
642 1140 769 1175 Origcnis
793 1141 925 1168 Exhorta-

144 1184 219 1212 tione
231 1185 266 1212 ad
288 1185 442 1220 Martyrium
464 1186 577 1214 Basileat
601 1194 671 1213 anno
695 1186 764 1213 1674
789 1186 814 1213 in
841 1185 926 1213 lucem

143 1230 230 1257 edidit
246 1229 365 1258 Joannes
387 1231 543 1265 Rodnlphus
568 1231 777 1264 Wetsthenius,
800 1232 928 1259 oratoria:

143 1275 213 1303 artis
228 1276 258 1302 in
271 1276 390 1310 ejusdem
405 1277 634 1304 urbisacademia
652 1277 801 1311 profeSsor.
827 1275 926 1304 Verum

143 1321 202 1356 ejus
209 1321 293 1348 editio
303 1322 402 1356 triplici
411 1322 579 1357 potissimum
589 1322 695 1350 videtur
706 1322 831 1350 laborare
840 1322 905 1350 vitio
917 1331 925 1349 :

145 1368 172 1394 1·
198 1368 271 1402 quod
294 1369 452 1396 mendosum
477 1369 635 1404 plerumque
656 1373 785 1405 sequatur
808 1369 926 1397 codicem

145 1414 377 1448 manuscriptum;
399 1414 432 1441 2°
455 1415 526 1450 quod
548 1416 701 1444 barbariem
729 1421 757 1444 ut
783 1416 926 1450 plurimum

143 1459 464 1494 redoleatinterpretatio
484 1461 578 1488 Latina
594 1469 610 1489 e
632 1462 742 1497 regione
764 1462 851 1490 Grmci
868 1469 928 1489 ser-

142 1505 232 1532 monis
249 1506 383 1541 apposita;
394 1507 509 1542 5‘4quod
523 1508 613 1535 omnia
627 1507 684 1535 fere
698 1508 823 1544 Origenis
848 1515 928 1543 argu-
941 1519 962 1548 ο

143 1557 234 1579 menta
249 1553 347 1587 quibus
360 1553 464 1587 objecta
480 1554 513 1580 ab
529 1553 659 1581 Africano
672 1558 765 1581 contra
792 1553 927 1581 Suzannaa

143 1598 289 1625 historiam
303 1599 461 1632 diluuntur.
483 1599 595 1633 prolixis
613 1604 639 1626 et
664 1599 752 1626 inutili
775 1600 927 1627 eruditione

143 1644 253 1671 refertis
269 1645 339 1671 notis
349 1644 457 1672 elevare
469 1649 590 1672 conetur.
606 1644 702 1673 Nostra
713 1645 795 1673 editio
805 1645 926 1673 Graecam

142 1690 296 1718 orationem
305 1690 339 1718 ab
350 1690 499 1718 innumeris
512 1690 615 1718 mendis
623 1698 674 1725 ope
683 1691 926 1726 manuscriptorum

141 1741 286 1771 purgatam
313 1735 423 1763 exhibet
461 1742 488 1764 et
505 1745 520 1764 e
542 1737 652 1771 regione
676 1737 926 1771 interpretationem

143 1781 280 1814 Latinam,
293 1789 364 1816 qum,
381 1782 417 1808 uti
433 1790 524 1816 spero.
541 1783 632 1810 minus
649 1782 766 1810 barbara
783 1782 927 1816 minusque

144 1827 250 1854 hirsuta
267 1827 411 1855 videbitur.
427 1827 493 1861 Quae
505 1827 664 1856 Wetstltenii
677 1833 747 1855 notae
759 1836 773 1854 a
788 1828 926 1856 Catholica

143 1871 196 1898 title
208 1879 261 1898 non
279 1871 418 1905 recedunt,
435 1880 481 1900 eas
492 1880 542 1900 suo
557 1873 615 1900 loco
628 1873 655 1900 in
668 1874 799 1900 extremis
813 1873 926 1907 quibus-

143 1925 197 1953 que
215 1918 321 1952 paginis
336 1918 569 1952 repraesentandas
587 1925 646 1946 esse
656 1919 795 1951 duximus,
809 1918 926 1953 reliquas

146 1971 212 1989 vero
230 1968 258 1990 ut
278 1963 442 1997 prolixiores
462 1968 490 1990 et
510 1972 524 1990 a
544 1964 681 1992 Catholica
705 1965 758 1992 tide
782 1966 927 1993 abnormes

144 2008 297 2036 confutatus
325 2009 445 2044 reperies
469 2010 495 2037 in
522 2010 755 2038 observationibus
778 2012 877 2038 nostris
893 2012 926 2039 ad

144 2051 233 2080 Huetii
252 2053 348 2080 librum
371 2054 518 2081 secundum
546 2053 780 2088 Origeuianorum.
806 2055 926 2090 Denique

143 2099 288 2132 utriusque
310 2099 430 2133 epistolae
452 2098 536 2126 fronti
560 2099 697 2134 praefixum
721 2105 762 2127 est
783 2101 924 2133 monitum,

142 2154 197 2180 quo
212 2146 355 2181 utriusque
370 2146 515 2173 sinceritas
529 2147 672 2174 astruitur.

144 2225 183 2252 De
215 2226 367 2260 fragmentis
392 2227 520 2254 librorum
548 2227 584 2254 De
617 2230 823 2261 resurrectione,
846 2235 872 2256 et
897 2231 928 2257 tle

180 2260 335 2295 fragmentis
368 2262 494 2289 librorum
528 2263 574 2297 qui
598 2263 780 2298 Στρωματεῐς
807 2265 928 2299 inscripti

179 2302 248 2322 ικηι.

179 2373 325 2408 Epistolam
353 2373 476 2409 Origeuis
504 2375 538 2402 ad
561 2375 719 2403 Africanum
741 2378 774 2404 de
799 2377 928 2405 Susannte

142 2419 254 2446 historia
278 2419 417 2452 excipiunt
440 2420 599 2453 superstites
628 2421 766 2448 nonnullae
797 2422 927 2450 librorum

142 2463 181 2491 De
196 2464 397 2496 resurrectione,
412 2469 440 2491 ct
457 2464 586 2492 librorum
603 2465 769 2493 Stromatum
794 2468 927 2503 reliquie.

142 2508 194 2535 Eas
207 2508 277 2535 unde
291 2509 317 2535 in
340 2509 411 2535 hanc
423 2509 578 2536 editionem.
595 2510 799 2545 adduxerimus,
826 2512 929 2540 brevis-

142 2553 210 2580 sima
225 2554 302 2580 docet
322 2560 385 2580 nota
408 2562 468 2588 quae
493 2554 638 2591 unicuique
660 2556 812 2590 fragmento
835 2557 929 2592 adjun-

142 2597 222 2631 gitur.
240 2597 267 2624 Id
282 2606 364 2624 unttnt
385 2598 429 2626 hic
449 2599 612 2626 monenduut
636 2604 769 2634 superest,
784 2600 850 2627 mihi
875 2607 927 2627 non

142 2649 244 2671 certum
266 2645 351 2672 videri
365 2652 398 2673 ea
429 2647 519 2673 omnia
543 2654 603 2681 qua:
616 2646 643 2673 in
657 2646 809 2680 fragmento
834 2649 928 2683 qttinto

143 2688 180 2715 De
195 2691 383 2717 resurrectione
397 2690 474 2724 qttasi
498 2690 622 2726 Origeuis
642 2693 723 2720 verba
743 2694 926 2727 proferuntur,

143 2740 236 2760 revera
261 2734 385 2769 Origeuis
407 2743 478 2763 esse.
502 2735 582 2763 Forte
602 2737 674 2763 enim
695 2737 733 2764 sic
753 2737 826 2764 illum
852 2737 929 2764 tinxit

143 2778 296 2813 loquentem
312 2780 503 2816 Hieronymus,
534 2782 572 2808 uti
593 2782 704 2816 coujicit
727 2783 841 2811 lluetins
866 2783 928 2810 ονε-

144 2827 311 2857 genianorum
325 2826 394 2855 libro
411 2828 544 2861 secundo,
558 2833 653 2863 qum-st.
669 2827 695 2862 9,
711 2837 782 2856 num.
802 2829 828 2856 7.

1073 170 1109 196 De
1124 171 1198 196 libris
1212 170 1286 204 Hepi‘
1297 169 1404 205 ἀρχῶν
1413 177 1458 204 seu
1477 169 1512 196 De
1526 168 1684 204 principiis.,

1015 215 1136 249 Quatuor
1153 216 1223 250 Περὶ
1239 215 1340 250 ἀρχῶν
1361 215 1444 243 libros
1465 215 1560 243 Latine
1582 219 1684 242 tantum
1713 215 1767 241 Ru-

981 261 1034 288 fino
1048 260 1196 295 interprete
1210 261 1376 295 (jamdudum
1392 260 1464 288 ettim
1480 260 1597 287 maxima
1620 267 1683 294 pars
1706 266 1768 286 ora-

980 307 1060 335 tionis
1075 306 1175 334 Graaea:
1191 307 1343 343 interierat)
1358 309 1461 341 primus
1472 307 1542 343 typis
1556 306 1677 335 mandari
1690 313 1769 334 cura—

981 352 1018 379 t'it
1031 351 1149 380 Jacobus
1163 352 1291 380 Merlinus
1317 360 1388 380 anno
1405 353 1491 386 1512,
1510 361 1564 380 una
1579 360 1639 380 cum
1661 352 1769 379 cmteris

979 407 1049 433 quas
1059 398 1154 426 Latine
1184 403 1323 433 repcrerat
1347 399 1472 434 Origenis
1494 406 1606 434 operum
1632 398 1767 434 reliquiis.

981 445 1079 472 Verum
1098 446 1171 473 bono
1185 445 1222 473 illi
1241 445 1344 473 doctori
1367 453 1463 480 parum
1476 453 1548 473 curae
1564 445 1649 473 fuisse
1662 445 1769 472 videtur

983 490 1071 517 [inlini
1088 491 1133 518 illa
1150 490 1304 525 adprecatio
1317 498 1368 526 qua
1383 491 1411 518 in
1429 490 1482 518 fine
1499 490 1600 525 prologi
1613 490 1655 518 sui
1667 498 1769 517 manem

978 537 1024 570 qui
1036 537 1082 563 hos
1098 536 1178 563 libros
1199 536 1381 570 descripturus
1404 542 1446 564 est
1460 537 1501 564 vel
1518 536 1632 563 lecturus
1642 556 1649 568 ,
1663 537 1695 564 in
1704 544 1768 563 con-

980 587 1069 616 spectu
1097 582 1146 609 Dei
1170 582 1260 609 Patris
1274 588 1297 609 et
1313 582 1379 610 Filii
1397 589 1420 610 et
1438 582 1556 617 Spiritus
1576 583 1662 609 sancti
1680 587 1768 610 cante-

979 634 1076 662 slatur,
1098 634 1176 664 atque
1202 630 1319 656 convenit
1339 638 1387 663 per
1413 630 1496 664 futuri
1518 630 1590 664 regni
1609 629 1705 664 ﬁdem.
1723 637 1769 664 per

979 675 1177 701 resurrectionis
1201 682 1234 701 ea:
1252 675 1362 701 mortuis
1387 680 1600 707 sacramentum.
1627 682 1674 709 per
1692 674 1768 701 illum

978 721 1022 754 qui
1036 726 1201 754 prtzparalus
1218 725 1255 748 est
1275 721 1380 747 diabolo
1395 725 1420 747 et
1434 720 1534 756 angelis
1561 721 1619 756 ejus
1642 725 1767 748 «ternum

979 766 1074 800 ignem,
1097 775 1129 794 ne
1147 767 1228 794 addat
1255 767 1355 802 aliquid
1377 767 1532 801 scriptura,
1548 775 1579 794 ne
1592 766 1716 801 auferat,
1737 773 1768 792 ne

979 812 1088 847 inferat,
1102 821 1133 840 ne
1147 814 1278 846 immutet,
1291 814 1337 840 sed
1356 812 1475 847 conferat
1496 821 1557 840 cum
1575 812 1768 846 exemplaribus

980 860 1048 886 unde
1065 859 1208 894 scripserit,
1222 864 1245 886 et
1257 859 1374 886 emendet
1385 859 1420 886 ad
1432 858 1559 892 litteram,
1574 863 1598 886 et
1610 858 1767 892 distinguat,

978 910 1003 932 et
1031 904 1225 932 inemendatum
1253 905 1293 932 vel
1315 912 1367 931 non
1391 904 1546 930 distimtttm
1577 903 1694 930 codicem
1718 911 1767 930 non

978 953 1083 984 habeat,
1105 960 1136 979 ne
1153 959 1276 978 sensuum
1297 950 1457 985 difﬁcultas,
1481 950 1505 977 si
1527 950 1667 977 distinctus
1686 951 1768 976 code:

979 1007 1029 1025 non
1054 998 1108 1030 sit,
1135 997 1250 1032 majores
1278 997 1452 1023 obscuritates
1479 996 1622 1031 legentibus
1654 1001 1767 1030 generet.

978 1043 1079 1078 Nempe
1103 1044 1130 1070 in
1154 1047 1276 1070 veterttm
1305 1043 1550 1076 manuscriptormn
1576 1041 1693 1068 lectione
1714 1047 1767 1068 non

979 1088 1048 1115 belle
1070 1088 1237 1115 exercitatus
1248 1087 1388 1120 Merlinus,
1411 1087 1523 1118 incidit.
1539 1087 1577 1114 uti
1597 1085 1723 1121 conficio,
1740 1086 1768 1113 in

978 1135 1087 1162 unicum
1105 1134 1228 1162 codicem
1248 1133 1442 1167 Sorltonicum,
1463 1137 1621 1160 accuratum
1644 1133 1766 1167 quidem,

977 1181 1025 1209 sed
1039 1181 1228 1215 frequentibus
1242 1181 1441 1208 abbreviaturis
1457 1179 1494 1207 ita
1507 1180 1680 1215 implicitum,
1698 1184 1726 1206 ut
1740 1178 1767 1206 e't

979 1233 1046 1261 pene
1058 1226 1090 1253 ad
1105 1225 1211 1261 singula
1230 1227 1313 1253 verba
1339 1225 1448 1253 haeserit
1474 1233 1556 1261 aqua,
1579 1225 1708 1253 divinarit
1722 1233 1769 1260 po-

979 1273 1032 1300 tius
1043 1279 1126 1306 qu‘am
1141 1272 1248 1307 legerit.
1261 1276 1289 1300 et
1306 1271 1452 1299 divinando
1469 1272 1602 1300 absurdas
1619 1271 1768 1306 saepissime

977 1321 1005 1344 et
1018 1317 1145 1345 ridiculas
1169 1325 1220 1352 pro
1249 1317 1375 1352 genuinis
1399 1318 1529 1345 obtrudat
1551 1317 1694 1345 lectiones.
1723 1317 1769 1344 Sic

978 1364 1126 1398 saepissime
1139 1364 1204 1400 legit
1217 1364 1297 1396 Deus,
1309 1365 1353 1392 ubi
1371 1365 1670 1400 manuscriptus‘codex
1686 1364 1768 1391 habet

977 1410 1093 1440 dicitur.
1108 1413 1135 1437 et
1153 1410 1298 1445 exscripsit
1318 1410 1438 1438 Habt-teis
1463 1410 1506 1438 ubi
1538 1410 1680 1446 legendum
1709 1415 1768 1438 erat

979 1455 1102 1488 habebis;
1116 1460 1142 1482 et
1157 1456 1216 1483 vice
1231 1463 1308 1483 versa
1325 1457 1425 1483 dicitur
1440 1461 1468 1484 et
1481 1456 1597 1488 habebis,
1615 1456 1659 1484 ubi
1675 1456 1767 1491 legen-

979 1503 1042 1528 dum
1059 1505 1119 1528 erat
1131 1500 1203 1528 Deus
1216 1506 1243 1529 et
1257 1501 1387 1529 llebra'is.
1403 1501 1520 1536 Longior
1534 1501 1631 1530 fuerim
1649 1502 1671 1529 si
1688 1506 1767 1529 caate~

981 1554 1025 1574 ras
1050 1546 1155 1574 Merlini
1180 1547 1408 1576 hallucinatioues
1428 1548 1472 1576 hic
1494 1555 1661 1576 enumerem.
1677 1548 1767 1575 Facile

979 1601 1026 1621 cas
1048 1601 1142 1622 omnes
1166 1594 1349 1629 deprehendet
1371 1595 1497 1630 quisquis
1522 1601 1600 1622 notas
1616 1601 1723 1623 nostras
1737 1596 1764 1622 in

979 1645 1100 1668 extrema
1115 1647 1223 1675 quaque
1246 1641 1343 1676 pagina
1370 1641 1507 1675 appositas
1529 1641 1612 1676 leget.
1633 1641 1766 1668 Pratterea

979 1687 1051 1721 quod
1066 1686 1202 1714 veteribus
1222 1686 1438 1715 amanuensibus
1455 1687 1564 1719 accidit,
1581 1692 1621 1720 ut,
1641 1687 1685 1714 ubi
1709 1695 1767 1714 ma-

980 1731 1135 1766 nuscriptus
1146 1732 1230 1759 codex
1250 1739 1329 1766 quem
1345 1732 1545 1766 describebant,
1569 1733 1698 1761 continue
1715 1733 1766 1760 du-

979 1776 1075 1810 plicem
1085 1777 1224 1811 periodum
1249 1777 1449 1812 ὁμοιοτέλευτον
1469 1777 1607 1811 oﬂ'erebat.
1625 1778 1766 1806 oculorum

977 1831 1072 1850 errore
1086 1823 1190 1858 decepti
1208 1831 1278 1858 smpe
1291 1832 1373 1851 uuam
1391 1824 1559 1858 omitterent,
1574 1823 1600 1851 id
1620 1825 1704 1852 etiam
1720 1833 1767 1852 ac-

979 1868 1045 1894 cidit
1057 1868 1081 1894 ei
1099 1868 1145 1902 qui
1160 1868 1280 1895 codicem
1298 1869 1478 1897 Sorbonicum
1493 1870 1614 1904 scripsit,
1632 1870 1681 1897 seti
1692 1876 1767 1904 post-

976 1918 1008 1939 ea
1032 1911 1175 1939 conferens
1186 1913 1257 1946 quod
1267 1913 1447 1948 descripserat
1460 1921 1521 1941 cum
1534 1914 1682 1949 exemplari
1695 1915 1766 1942 uttde

978 1958 1141 1991 scripserat,
1162 1958 1261 1993 adjecit
1280 1959 1314 1986 ad
1332 1966 1407 1986 oram
1422 1960 1512 1986 omnia
1538 1967 1600 1994 quas
1624 1961 1765 1993 omiserat.

978 2003 1025 2030 sed
1047 2003 1084 2030 ita
1109 2004 1213 2032 minuto
1240 2005 1400 2033 charactere
1420 2010 1448 2032 ut
1463 2006 1504 2033 eis
1531 2005 1650 2041 legendis
1678 2006 1767 2041 impar

977 2048 1060 2076 fuerit
1073 2048 1213 2077 Mcrlinus.
1228 2049 1408 2083 Quamobrem
1427 2051 1567 2079 innumera
1583 2057 1645 2080 sunt
1665 2052 1690 2079 in
1705 2053 1764 2087 ejus

977 2093 1095 2121 editione
1116 2094 1184 2127 loca,
1207 2102 1322 2128 quorum
1345 2096 1498 2123 obscuritas
1519 2096 1563 2124 vel
1587 2097 1638 2132 ipsi
1660 2097 1764 2132 (Edipo

979 2141 1049 2168 foret
1061 2141 1261 2175 insuperabilis.
1276 2141 1367 2177 Neque
1382 2143 1424 2171 eis
1437 2150 1548 2171 manum
1562 2144 1694 2171 medicam
1717 2145 1764 2171 ad-

946 2185 966 2212 D
983 2186 1071 2214 hibuit
1090 2186 1292 2221 Genebrardus,
1314 2188 1390 2222 cujus
1403 2189 1488 2216 editio
1500 2196 1573 2216 anno
1588 2189 1657 2216 1574
1678 2196 1711 2217 ne
1727 2189 1765 2216 la-

981 2237 1037 2260 tum
1049 2233 1156 2267 quidem
1172 2241 1288 2268 unguem
1300 2241 1314 2261 a
1331 2233 1490 2261 Mcriiuiana
1508 2235 1631 2267 discedit,
1646 2236 1668 2262 si
1684 2236 1765 2263 modo

980 2285 1064 2305 novos
1088 2279 1295 2313 typographicos
1314 2286 1422 2306 errores
1441 2280 1597 2314 exceperis,
1618 2286 1645 2307 et
1667 2288 1763 2308 novatn

979 2332 1060 2358 quam
1074 2325 1151 2352 iuitio
1165 2325 1226 2352 libri
1241 2325 1312 2353 tertii
1325 2331 1352 2353 et
1367 2326 1446 2354 initio
1459 2327 1520 2354 libri
1543 2329 1633 2362 quarti
1648 2327 1766 2356 instituit

981 2371 1104 2397 Latinam
1119 2372 1385 2406 interpretationem,
1400 2373 1521 2408 neglecta
1540 2373 1696 2401 Rufiniaua.
1712 2374 1765 2402 De-

980 2417 1061 2450 nique
1075 2416 1176 2444 Gnaeus
1188 2417 1343 2452 scriptionis
1365 2418 1486 2453 reliquiae
1500 2427 1569 2454 quas
1583 2420 1680 2454 partim
1701 2419 1763 2446 Plii-

980 2462 1086 2495 localia,
1109 2463 1207 2497 partim
1231 2463 1344 2498 epistola
1363 2463 1506 2492 .lustiniani
1534 2466 1707 2500 imperatoris
1731 2467 1766 2493 ad

980 2508 1095 2541 Menam,
1109 2510 1205 2543 partim
1214 2509 1353 2538 Marcellus
1361 2511 1522 2545 Ancyranus
1533 2511 1604 2545 apud
1619 2511 1764 2538 Eusebium

979 2554 1118 2587 exhibent,
1132 2555 1157 2582 in
1172 2560 1285 2591 utraque
1298 2557 1416 2586 editione
1431 2558 1630 2590 desiderantur,
1643 2565 1694 2585 nec
1711 2566 1763 2585 non

980 2608 1062 2635 pauca
1084 2600 1318 2636 interpretationis
1342 2602 1559 2637 llieronytniauat
1581 2604 1744 2637 fragmenta.

1016 2646 1067 2673 Tot
1081 2647 1153 2674 vitiis
1170 2652 1199 2674 ut
1213 2648 1395 2680 mederemur,
1414 2648 1585 2676 Rufiniauam
1602 2649 1765 2685 interpreta-

981 2692 1079 2719 tionem
1097 2693 1134 2720 ad
1152 2693 1231 2720 fidem
1260 2702 1310 2721 sex
1333 2693 1585 2728 antiquissimorum
1612 2697 1766 2724 manuscri-

980 2743 1086 2772 ptoruat
1113 2739 1254 2773 diligenter
1278 2740 1499 2774 emendavimus,
1519 2746 1547 2768 et
1572 2742 1679 2775 quoties
1704 2750 1764 2770 sese

978 2785 1076 2812 obtulit
1102 2785 1338 2813 sertttonisﬂrmt‘i
1353 2791 1399 2814 aut
1413 2787 1648 2822 interpretationis
1667 2789 1759 2817 Hiero‘

980 2831 1112 2866 nymiana:
1127 2831 1256 2866 particula
1267 2853 1274 2864 ,
1290 2839 1350 2861 eam
1367 2841 1382 2861 e
1397 2835 1506 2870 regione
1523 2835 1714 2872 apposuimus,
1732 2841 1762 2863 ut
