1883 3072
123 115 159 139 25
830 115 1024 143 ΡΒᾹΞΡΑΤΙΟ.
1715 113 1748 140 9-4

124 176 178 195 uno
193 169 333 196 oculorum
349 170 471 205 eonjcctu
489 170 595 197 facilius
610 171 695 198 lector
707 171 809 206 judicet
825 171 912 205 qualis
927 173 950 201 Α
965 170 1045 198 Nam,
1061 171 1231 198 clarissimus
1253 170 1378 198 dominus
1394 169 1514 197 Joannes
1531 169 1642 196 Walker
1657 190 1665 201 ,
1687 176 1747 204 pre-

123 215 159 241 sit
179 213 269 242 Rufini
303 215 460 250 interpretis
486 216 562 243 ﬁdes.
589 216 727 249 Ejusmodi
759 217 909 251 fragmenta

123 267 236 287 numero
259 265 321 287 sunt
335 261 443 288 circiter
458 262 639 296 quadraginta
657 262 720 294 duo,
735 267 762 289 et
776 262 908 289 interdum

121 306 219 333 accidit
234 311 261 333 ut
274 309 367 334 eadem
381 307 507 335 columna
533 309 615 335 modo
630 309 656 335 in
678 309 812 343 duplicem
834 314 906 335 secta

121 351 155 377 ab
170 358 220 377 una
236 356 311 385 parte
326 358 502 386 repraesentet
527 352 621 380 Grasea
635 374 642 385 ,
657 355 691 380 ab
707 355 791 382 altera
817 355 906 382 Ruﬁni

121 397 393 431 interpretationem;
408 399 448 425 vel
462 399 524 426 hinc
537 399 636 433 Ruﬁni,
650 400 723 428 illinc
738 401 906 437 Hieronymi:

119 442 159 470 vel
177 443 238 471 hinc
253 443 357 476 Gra'ca,
386 445 462 472 illinc
487 447 695 474 conversionem
722 455 838 479 novam,
862 448 906 475 tibi

117 488 193 516 deest
207 489 366 523 Ruﬁniaua;
384 492 462 518 modo
477 492 502 518 in
514 492 647 525 triplicem
663 493 761 526 divisa,
778 494 803 520 in
820 494 908 521 medio

117 534 238 569 proferat
257 535 361 569 Gmcca,
376 545 389 563 a
406 537 525 565 sinistris
537 537 626 565 Ruﬁni
642 539 905 574 interpretationem,

116 585 143 607 et
151 589 163 607 a
175 581 277 609 dextris
286 589 393 616 noram,
404 583 449 610 ubi
459 583 535 611 deest
546 584 767 620 llieronymiana;
783 586 823 613 vel
832 586 907 613 exhi-

116 626 180 653 beat
205 635 219 653 a
247 628 365 655 sinistris
398 637 459 663 qua:
486 629 665 666 llieronymtts
695 632 848 662 convertit.
879 632 905 659 in

117 673 205 699 medio
220 673 330 705 Gricca.
345 681 373 701 et
394 683 408 701 a
434 676 539 703 dextris
570 678 778 704 conversionem
809 685 904 704 novatn

69 747 73 749 _
117 717 327 753 llieronymiana
344 721 555 748 accuratiorem.
576 721 696 756 Denique
715 722 846 749 collocata
863 728 905 750 est

116 762 142 788 in
160 762 248 790 fronte
263 764 347 792 totius
365 765 455 799 operis
474 767 639 799 admonitio,
660 775 713 801 qua
735 768 852 794 breviter
864 768 905 795 in-

115 809 222 836 dicatur
238 820 244 838 :
263 810 290 837 l-
312 818 365 845 quo
384 817 507 846 tempore
520 813 570 840 hos
586 812 672 840 libros
686 814 828 847 scripserit
842 812 904 841 Ori-

961 217 1054 252 sbyter
1066 217 1177 250 Anglus,
1190 218 1230 243 rir
1243 216 1368 244 etGraece
1383 215 1574 251 peritissimus,
1588 216 1649 243 etin
1659 215 1748 249 legen-

960 263 1003 289 dis
1015 262 1055 289 vel
1070 261 1234 289 diﬁicillimis
1245 261 1438 296 manuscriptis
1452 261 1555 289 Graecis
1574 261 1746 289 exercitatis-

959 308 1055 340 simus,
1072 308 1168 335 iterum
1182 316 1242 335 meo
1259 313 1351 343 rogatu
1366 307 1616 342 Cantabrigiensem
1625 307 1745 335 codicem

959 361 1086 382 accurate
1112 355 1227 382 contulit
1249 363 1310 382 cum
1334 355 1453 381 editione
1480 354 1636 387 Oxoniensi,
1659 361 1673 379 a
1695 360 1746 387 qua

959 406 1090 435 qnantutn
1114 401 1187 428 illum
1210 401 1368 435 discrepare
1387 401 1604 436 deprehenderit,
1634 401 1747 427 adnota-

959 447 1046 472 vimus
1061 446 1087 472 in
1107 452 1228 474 extrema
1249 454 1356 481 quaque
1379 447 1486 482 pagina,
1511 447 1554 473 ubi
1578 450 1684 473 exstant
1706 446 1746 472 in-

958 500 1040 526 super
1069 492 1181 519 alterius
1205 493 1356 520 doctissimi
1383 492 1460 528 Augli
1489 492 1615 520 Richardi
1642 491 1746 519 Bentlei

958 537 1132 569 conjecturae,
1161 536 1259 572 quibus
1287 538 1378 564 omnia
1404 537 1460 565 fere
1471 537 1530 565 loca
1554 545 1614 570 quae
1642 538 1744 564 medica

959 591 1039 609 mauu
1055 583 1225 617 indigebant,
1251 584 1362 610 sanitati
1391 583 1506 610 feliciter
1526 583 1651 610 restituit.
1673 582 1747 609 Prte-

959 633 1033 655 terca
1059 636 1073 654 a
1097 635 1209 654 numero
1233 629 1264 656 5i
1295 629 1327 655 ad
1352 629 1433 656 ﬁnem
1455 636 1539 663 usque
1560 629 1651 663 operis
1673 628 1745 655 nacti

957 681 1050 700 sumus
1074 674 1289 709 manuscriptum
1312 675 1436 702 codicem
1463 674 1648 702 Colbertinum
1662 674 1744 706 5607,

957 728 1028 747 nunc
1043 720 1159 755 regium,
1179 721 1204 748 in
1221 729 1276 755 quo
1288 721 1485 756 amplissimum
1502 726 1546 748 est
1562 721 1641 755 hujus
1661 720 1747 748 libelli

956 765 1208 801 fragmentum,qno
1221 767 1336 801 plurima
1345 768 1524 795 emendantur
1535 767 1663 795 editionis
1672 767 1744 795 Oxo-

958 813 1058 840 niensis
1071 812 1140 844 loca,
1155 818 1184 840 et
1201 813 1366 840 Beutleiame
1380 813 1408 840 in
1426 813 1471 841 illa
1488 813 1654 849 conjecturae
1673 821 1744 844 con-

114 863 207 890 gcnes,
224 860 251 884 et
265 857 400 891 quodnam
413 858 446 884 sit
462 858 675 894 uniuscujusque
687 860 747 887 libri
760 868 904 895 argumen-
921 849 942 876 Β
957 857 1109 886 ﬁrmantur.

115 907 190 934 tum;
212 902 241 929 2°
263 908 393 937 quantam
411 903 520 937 Origeni
547 904 676 932 invidiam
699 906 847 933 concitarit
864 906 905 933 fa-

114 948 296 975 mosissimum
325 948 395 975 istud
422 956 504 983 opus;
539 949 568 976 5⁸
593 950 672 983 cujus
701 951 825 983 hortatur,
850 959 903 986 quo

113 1000 193 1024 anno,
210 998 237 1020 et
249 1002 300 1028 qlia
322 994 373 1020 ﬁde
397 994 494 1021 Latine
510 995 575 1022 illud
593 997 707 1023 verterit
721 996 854 1030 Ruﬁnus;
874 999 902 1024 4⁸

112 1047 161 1064 cur
172 1039 284 1065 alteram
301 1040 395 1066 beatus
410 1040 589 1077 Hieronymus
604 1050 748 1077 aggressus
766 1043 801 1070 sit
816 1044 902 1071 intler-

110 1086 289 1119 pretationem
302 1086 439 1112 Latinam.

217 1131 254 1158 De
265 1131 330 1158 libro
346 1133 416 1166 Περὶ
429 1132 537 1167 εὐχῆς.
551 1143 596 1160 seu
614 1134 649 1161 De
664 1135 796 1163 oratione.

145 1174 321 1202 Clarissimus
336 1175 449 1203 Hnetins
469 1177 692 1211 Origeninnorum
716 1179 787 1207 libro
808 1181 900 1212 tertio,

111 1220 125 1255 ᾗ
138 1221 167 1252 2,
182 1229 255 1248 ιιυηι.
268 1221 294 1252 7,
310 1228 385 1255 spem
401 1221 501 1249 fet-erat
512 1225 619 1250 erudito
631 1225 691 1252 orbi
703 1233 731 1252 se
744 1227 900 1260 propediem

111 1268 137 1293 in
152 1267 233 1293 tertio
256 1267 401 1298 volumine,
414 1269 486 1302 quod
509 1264 682 1305 syntagtnata
699 1271 824 1306 Origenis
838 1281 902 1300 con—

111 1315 220 1346 tineret,
245 1314 365 1341 libellum
392 1315 430 1341 De
453 1316 573 1343 oratione
601 1318 671 1352 typis
692 1320 899 1347 commissurum

110 1367 168 1387 esse
187 1367 220 1387 ex
248 1360 433 1395 manuscripto
464 1361 558 1389 codice
590 1362 739 1391 Holmiensi
766 1373 780 1392 a
806 1373 835 1392 se
855 1367 901 1393 de-

109 1405 220 1440 scripto.
242 1405 295 1432 Sed
316 1405 408 1440 elapso
426 1406 482 1433 fere
497 1407 595 1434 seculo
616 1416 648 1434 ex
663 1417 716 1442 quo
733 1409 811 1437 ﬁdem
824 1411 899 1444 oppi-

107 1455 267 1482 gneraverat
276 1457 362 1482 suam,
374 1451 480 1477 tandem
489 1459 561 1478 anno
574 1452 642 1479 1685
662 1453 758 1481 Oxonii
768 1455 794 1481 in
805 1456 899 1490 Anglia

108 1503 122 1519 e
136 1495 241 1522 theatro
258 1493 441 1522 Sbeldoniano
465 1495 559 1523 Grrecc
572 1503 599 1524 et
612 1497 709 1525 Latine
743 1507 811 1533 opus
827 1501 899 1528 istud

109 1541 134 1567 in
152 1541 238 1568 lucem
261 1541 370 1575 prodiit.
399 1541 499 1569 Eodem
526 1543 616 1570 editor
646 1552 711 1572 usus
736 1550 778 1572 est
802 1547 898 1574 codice

108 1587 203 1614 Graeco
229 1595 284 1621 quo
308 1588 432 1621 Huetius,
458 1596 555 1624 nempe
579 1589 740 1623 Hobniensi,
766 1601 845 1627 quem
864 1593 898 1620 ab

109 1634 202 1661 lsaaco
231 1633 329 1661 Vossio
356 1635 462 1669 accepit
483 1635 680 1669 Thorndicius,
700 1646 715 1664 a
732 1637 898 1667 Thorndicio

107 1679 216 1710 Galens,
233 1680 277 1714 qui
299 1681 373 1707 illtnn
396 1682 518 1715 reposuit
541 1681 566 1708 in
587 1683 706 1710 arcltivis
727 1683 898 1712 bibliotheca:

107 1726 215 1760 collegii
231 1726 417 1753 Sanctissitnm
433 1726 576 1754 Trinitatis
588 1728 836 1763 Cantabrigiensis,
852 1730 896 1756 ubi

107 1780 178 1798 nunc
196 1776 362 1799 asservatnr.
389 1772 427 1799 Ex
448 1773 498 1800 hoc
520 1781 574 1800 uno
594 1774 686 1801 codice
707 1774 806 1809 (neque
824 1775 896 1802 enim

106 1819 221 1845 alterum
243 1818 348 1852 uspiam
368 1818 503 1852 integrum
527 1824 635 1846 exstare
654 1826 821 1854 compertum
843 1821 898 1856 est)

107 1864 183 1890 fluxit
210 1868 266 1890 tum
293 1864 388 1891 istlnec
418 1865 503 1892 editio
526 1864 703 1898 Oxonicnsis,
726 1871 781 1892 tum
811 1866 895 1894 altera

106 1907 280 1940 Basiieensis,
296 1917 376 1943 quam
392 1918 463 1937 attno
480 1910 558 1941 1693.
570 1911 654 1943 ἰπὶ-4⁸,
666 1912 757 1939 emisit
770 1913 795 1939 in
809 1913 895 1940 lucem

105 1953 223 1982 Joannes
246 1954 404 1989 Rodolphus
434 1955 611 1985 Wetstenius.
649 1957 788 1985 Posterior
803 1959 896 1987 istbzrc

105 2000 188 2027 editio
201 2001 252 2027 hoc
263 2007 364 2028 tantum
378 2010 391 2027 a
406 2002 599 2035 prioridiffert,
618 2004 689 2037 quod
699 2009 797 2037 pra-ter
808 2004 896 2031 diver-

106 2054 164 2072 sam
193 2046 339 2073 voluminis
353 2047 481 2080 formam,
495 2054 511 2074 e
525 2049 635 2082 regione
659 2049 793 2075 sermonis
808 2049 894 2076 Grmci

105 2091 234 2118 collocata
251 2091 286 2118 sit
302 2091 397 2118 Latina
413 2093 610 2126 interpretatio,
628 2101 710 2128 quam
725 2094 815 2121 editor
828 2094 897 2122 Oxo-

106 2137 207 2164 n.cusis
222 2137 352 2170 reiecerat
363 2138 395 2164 ad
410 2138 512 2165 calcem
523 2140 625 2173 operis.
635 2140 760 2174 quodque
775 2139 895 2166 Wetste~

991 905 1031 932 Ad
1046 911 1200 932 sermonem
1220 904 1346 932 Graecum
1364 905 1389 932 in
1405 913 1462 939 quo
1483 905 1643 932 doctissimi
1662 904 1745 932 amici

956 954 1010 976 tam
1028 949 1175 984 diligentes
1189 955 1217 977 et
1236 950 1323 977 seduli
1340 949 1465 982 fuerunt,
1481 950 1655 983 adjunximus
1665 950 1743 978 Lati-

954 1001 1016 1020 nam
1040 994 1292 1027 interpretationem
1309 993 1456 1021 Oxoniensi
1483 993 1561 1027 longe
1584 994 1742 1020 accuratio-

955 1047 1022 1072 rem,
1042 1047 1074 1067 ac
1085 1039 1252 1067 nitidiorcm.
1269 1040 1305 1067 Ea
1326 1039 1391 1067 olim
1405 1047 1419 1066 a
1439 1039 1551 1066 Claudio
1563 1039 1743 1073 Fletiry,llis—

954 1087 1029 1113 toria:
1049 1087 1232 1113 ecclesiasticam
1248 1087 1381 1120 scriptore
1395 1086 1583 1118 celeberrimo,
1600 1085 1739 1113 elaborata

953 1131 1041 1158 fuerat
1053 1132 1079 1159 in
1097 1140 1176 1160 usum
1198 1132 1377 1159 illustrissimi
1395 1132 1500 1166 Huetii,
1526 1133 1552 1159 in
1569 1133 1647 1167 cujus
1663 1133 1741 1159 sche-

953 1178 993 1204 dis
1006 1185 1066 1204 cum
1083 1178 1267 1212 manuscripta
1284 1178 1435 1205 etiamnum
1450 1183 1558 1211 exstet,
1586 1179 1657 1205 ultro
1681 1185 1741 1205 eam

953 1231 985 1249 ac
1001 1223 1208 1258 perhumaniter
1227 1231 1331 1250 mecum
1357 1224 1569 1251 communicavit
1585 1224 1619 1252 Β.
1635 1223 1666 1250 Ρ.
1683 1223 1740 1251 Lu-

952 1269 1065 1295 dovicus
1086 1268 1120 1296 de
1132 1268 1327 1300 Tournemiue.
1340 1268 1487 1296 Societatis
1498 1268 1561 1296 Jesu
1573 1289 1582 1302 ,
1608 1273 1635 1296 et
1649 1268 1740 1303 reipu-

952 1313 1029 1340 blicae
1044 1313 1183 1340 litterariae
1194 1318 1395 1340 ornamentum.
1412 1313 1532 1347 Denique
1549 1313 1632 1339 totius
1644 1312 1735 1346 operis

952 1357 1035 1386 fronti
1049 1359 1131 1386 breve
1149 1360 1289 1393 praeﬁxum
1301 1364 1343 1386 est
1357 1360 1499 1391 monitum,
1510 1366 1564 1394 quo
1582 1358 1679 1385 validis
1691 1365 1738 1384 ar-

951 1406 1087 1440 gumentis
1104 1407 1148 1433 hic
1163 1406 1268 1433 libellus
1282 1405 1392 1442 Origeni
1416 1406 1563 1438 asseritur;
1580 1405 1738 1440 explicatur

951 1451 1061 1485 quinam
1076 1451 1178 1478 fuerint
1191 1451 1353 1478 Ambrosius
1365 1456 1393 1478 et
1407 1451 1532 1484 Tatiana,
1546 1458 1660 1485 quorum
1673 1451 1738 1478 hor-

952 1502 1008 1524 tatu
1024 1497 1195 1531 conscriptus
1213 1501 1272 1530 est;
1287 1502 1412 1532 tempus,
1424 1504 1478 1532 quo
1492 1497 1612 1531 scriptus
1624 1500 1677 1529 est,
1693 1496 1738 1523 in-

951 1543 1112 1578 vestigatur.

985 1588 1118 1616 Cancrum
1135 1588 1246 1616 biennio
1259 1588 1315 1616 fere
1329 1592 1471 1623 postquam
1492 1595 1508 1615 e
1531 1587 1601 1623 typis
1622 1587 1738 1615 Vincen-

948 1634 1029 1662 tinnis
1040 1635 1145 1661 exierat
1161 1635 1204 1662 bic
1219 1635 1326 1662 libellus
1335 1642 1349 1661 a
1364 1635 1444 1662 nobis
1454 1642 1504 1669 pro
1518 1634 1629 1661 modulo
1640 1638 1738 1661 nostro

947 1680 986 1706 sic
1004 1680 1158 1714 recognitus
1170 1687 1198 1707 et
1213 1681 1382 1712 emendatus,
1397 1680 1499 1715 prodiit
1523 1680 1638 1707 Londini
1663 1687 1737 1707 anno

949 1725 1019 1752 1728
1033 1725 1117 1752 altera
1143 1726 1265 1761 eiusdem
1286 1727 1377 1760 operis
1400 1726 1485 1753 editio
1510 1725 1737 1758 Graeco-Latina,

947 1770 1020 1796 curis
1037 1770 1173 1797 Guillclmi
1196 1771 1316 1806 Beading
1343 1773 1377 1798 A.
1392 1771 1442 1804 M.,
1458 1772 1523 1799 cleri
1550 1771 1733 1799 Londinensis

949 1817 974 1843 in
986 1817 1101 1852 collegio
1118 1818 1244 1845 Sioncnsi
1262 1818 1462 1846 bibliothecarii
1474 1838 1483 1851 ,
1500 1819 1545 1854 qui
1569 1819 1657 1846 eidetn
1670 1818 1735 1846 sui»

945 1864 1038 1898 junxit
1055 1866 1156 1893 eruditi
1169 1887 1176 1899 ,
1191 1866 1237 1893 sed
1252 1867 1380 1902 anonymi
1397 1867 1539 1901 cujusdam
1561 1867 1639 1901 Anin
1654 1872 1735 1896 notas

948 1913 1047 1947 partim
1063 1913 1190 1945 eritieas,
1206 1913 1306 1948 partim
1325 1913 1446 1940 locorum
1473 1913 1623 1941 difﬁcilium
1635 1921 1734 1949 exege-

949 1959 1027 1987 ticas.

1107 2003 1146 2031 De
1156 2003 1347 2031 Exhortatione
1361 2005 1395 2030 ad
1406 2006 1573 2040 martyrium.

984 2049 1178 2084 Fragmentum
1193 2058 1208 2077 e
1226 2049 1389 2084 Protreplico
1405 2050 1440 2076 ad
1454 2051 1612 2085 martyrium
1627 2050 1731 2078 Biblio~

949 2095 1027 2122 theca
1046 2095 1127 2128 Regia
1151 2095 1317 2129 suppeditat,
1334 2099 1420 2122 totum
1434 2104 1500 2123 vero
1515 2104 1583 2131 opus
1599 2096 1729 2124 illustris—

948 2141 1008 2168 simi
1022 2141 1123 2168 domini
1137 2141 1170 2166 de
1182 2141 1205 2167 la
1218 2140 1316 2172 Barde,
1329 2141 1555 2169 Christianissimi
1571 2142 1642 2177 regis
1657 2143 1730 2177 apud

105 2182 165 2208 nius
177 2182 202 2209 in
215 2182 267 2209 ﬁne
283 2182 418 2210 addiderit
431 2184 548 2210 nondum
561 2184 662 2211 editum
675 2192 828 2211 sermonem
843 2185 895 2212 Ma-
911 2193 933 2220 ι)
949 2186 1084 2213 llelvctios
1103 2185 1197 2220 legati,
1214 2193 1280 2212 cura
1295 2194 1310 2213 e
1327 2186 1477 2214 Basileensi
1499 2183 1662 2215 bibliotheca
1681 2188 1729 2215 de-

105 2228 137 2254 rii
149 2228 278 2255 Diadochi
288 2233 380 2255 contra
398 2229 523 2255 Arianos.
533 2229 570 2256 De
583 2230 780 2256 cmteroeadem
790 2231 893 2258 utrobi-

104 2282 156 2308 que
171 2275 197 2300 in
211 2273 306 2301 GHPCO
323 2282 450 2301 sermone
471 2280 622 2302 cernuntur
632 2275 804 2310 σφάλματα,
819 2277 893 2304 sinti-

107 2321 139 2346 lis
157 2319 299 2354 utrobique
314 2321 339 2347 in
358 2320 456 2348 Latino
472 2321 614 2348 barbaries
625 2326 653 2348 et
664 2322 823 2356 interpretis
836 2322 893 2350 hal-

105 2367 246 2394 lucinatio.
271 2367 364 2402 Neque
379 2368 404 2394 id
421 2367 519 2395 mirum
544 2367 628 2394 videri
649 2368 743 2400 debet,
764 2376 825 2395 cum
849 2376 893 2395 ne-

103 2420 180 2439 cesse
190 2413 272 2439 fuerit
283 2412 385 2440 Graecae
395 2413 528 2439 orationis
540 2413 671 2440 editcrem
680 2419 706 2440 et
717 2414 890 2448 interpretetur

103 2467 135 2486 ex
149 2459 229 2485 unius
246 2459 351 2486 codicis
377 2458 567 2492 manuscripti,
579 2463 607 2485 et
628 2459 775 2493 apographi
793 2459 891 2486 exinde

103 2505 250 2532 infeliciter
266 2505 392 2539 descripti
407 2504 521 2531 arbitrio
537 2507 663 2539 pendere.
677 2504 787 2532 Scilicet
803 2507 889 2532 codex

106 2551 306 2585 tnanuscriptus
323 2551 428 2578 lacunis
441 2551 497 2577 hiat.
514 2559 565 2577 non
584 2551 692 2585 paucis,
706 2555 733 2577 et
749 2551 889 2585 perpetuis

102 2598 271 2631 compendiis
299 2605 395 2624 vocum
425 2597 573 2632 implicitus
598 2597 789 2632 nonnullisque
813 2606 888 2624 altia-

104 2644 213 2671 nnensis
229 2644 390 2678 corruptelis
405 2643 521 2670 fmdatus
536 2649 622 2671 vatem
639 2645 727 2679 potius
738 2653 820 2679 quam
848 2645 887 2672 le-

101 2695 203 2715 ctorem
216 2689 371 2715 desiderare
386 2689 503 2720 videtur,
519 2690 551 2716 iis
567 2690 714 2724 praesertim
731 2690 776 2724 qui
794 2698 888 2716 mami-

101 2736 263 2769 scriptorum
285 2735 510 2762 Grzecorunhusu
535 2744 587 2762 non
612 2740 676 2762 sunt
697 2737 814 2768 subacti,
838 2743 888 2762 nee

103 2780 170 2806 satis
184 2780 297 2807 solertee
309 2785 337 2807 ut
347 2781 552 2808 amanuensium
568 2781 727 2808 oscitantias
743 2781 888 2816 ingeniosis

102 2831 227 2860 reparant
256 2827 431 2861 coniecturis.
449 2826 512 2854 Mihi
537 2827 650 2860 contigit
676 2835 734 2855 esse
758 2826 884 2855 beatiori.

946 2238 1099 2267 promptum
1113 2241 1176 2260 cum
1190 2241 1274 2268 penes
1286 2241 1316 2260 se
1328 2234 1441 2261 haberet
1456 2233 1568 2262 lluetius
1578 2254 1586 2266 ,
1599 2235 1729 2268 promise-

946 2285 989 2306 rat
1005 2279 1052 2307 lib.
1066 2288 1095 2307 Ill
1112 2279 1345 2314 Origenianorum,
1358 2280 1372 2315 §
1386 2280 1412 2311 2,
1427 2288 1500 2307 num.
1517 2280 1545 2311 4,
1556 2289 1585 2308 se
1599 2281 1663 2308 illud
1679 2289 1731 2309 suo

946 2325 1017 2352 inter
1031 2325 1159 2360 Origenis
1175 2326 1355 2361 Syntagmata
1374 2326 1470 2353 ordine
1486 2327 1556 2361 typis
1565 2327 1729 2354 commissu-

945 2379 1021 2404 rum;
1038 2372 1083 2398 sed
1100 2372 1163 2406 quia
1185 2380 1237 2399 non
1255 2373 1389 2400 liberabat
1417 2372 1509 2405 ﬁdem,
1524 2373 1631 2400 tandem
1647 2373 1727 2400 Basi-

943 2419 991 2445 leaa
1003 2425 1074 2445 anno
1091 2418 1160 2445 £674
1172 2418 1265 2446 Grmce
1276 2424 1303 2446 et
1318 2418 1413 2446 Latine
1425 2420 1526 2447 editum
1544 2423 1586 2446 est
1600 2427 1651 2446 una
1664 2426 1727 2446 cum

942 2463 1054 2497 Dialoga
1074 2469 1166 2490 contra
1179 2463 1350 2490 Marcionilaa
1366 2469 1394 2491 et
1409 2472 1541 2498 responso
1552 2463 1679 2498 Origenis
1692 2462 1727 2490 ad

940 2508 1061 2536 Africani
1080 2509 1114 2536 de
1130 2509 1262 2536 Susant
1289 2509 1400 2537 historia
1428 2510 1569 2545 epistolam
1581 2531 1589 2544 ,
1606 2517 1672 2538 cura
1697 2513 1727 2536 et

940 2553 1030 2581 studio
1049 2554 1163 2582 Joannis
1181 2554 1313 2589 Rodolpbi
1341 2555 1517 2589 Wetsthenii,
1534 2556 1581 2591 qui
1610 2556 1727 2584 eruditis

941 2600 1013 2627 notis
1027 2600 1117 2627 omnia
1136 2600 1194 2627 haec
1213 2607 1294 2634 opera
1310 2601 1467 2628 illustravit.
1486 2601 1586 2628 Eodem
1602 2609 1668 2628 usus
1683 2605 1725 2629 est

939 2646 1035 2673 codice
1054 2645 1242 2679 manuscripto
1265 2654 1319 2679 quo
1345 2645 1468 2673 Huetius.
1495 2646 1593 2672 Eodem
1619 2650 1646 2673 et
1672 2654 1724 2673 nos

940 2692 1022 2718 unico
1036 2691 1077 2717 usi
1089 2698 1193 2722 sumus,
1213 2690 1312 2724 quibus
1326 2691 1403 2725 copia
1417 2691 1517 2717 nullius
1537 2695 1635 2725 praeter
1649 2691 1722 2718 hunc

938 2735 1009 2768 fuit;
1029 2735 1077 2762 sed
1095 2735 1236 2770 repudiata
1252 2735 1415 2762 Wetstbenii
1431 2735 1657 2769 interpretatione
1672 2736 1722 2763 La-

939 2782 1006 2814 tina,
1023 2782 1102 2808 aliam
1114 2790 1128 2808 e
1143 2782 1252 2816 regione
1265 2781 1421 2808 Graecorum
1434 2781 1628 2808 eollocavimus
1640 2782 1721 2815 longe

939 2827 1103 2858 nitidioretn,
1127 2835 1206 2862 quam
1230 2828 1256 2854 in
1271 2835 1348 2856 usum
1373 2826 1460 2854 Huetii
1478 2832 1621 2861 paraverat
1634 2826 1717 2854 Clan-
