1883 3072
132 129 172 162 25
832 129 834 131 ’
846 132 1042 160 ΡΠᾸΞΡΑΉΟ.
1727 135 1762 163 243

134 185 196 211 ilius
208 184 317 221 Fleury.
333 186 545 214 Deseribcndam
568 187 633 215 mihi
652 189 725 216 illam
739 191 826 218 amice
841 191 924 226 largi-
937 195 961 221 Α
977 190 1034 218 Nec
1046 193 1101 226 ipse
1111 193 1214 228 quidem
1230 193 1333 227 inﬁcias
1347 201 1387 220 eo.
1398 193 1498 226 Quidni
1511 193 1524 221 .’
1537 194 1582 228 qui
1599 193 1760 228 experientia

137 235 180 257 tus
195 235 236 257 est
255 231 289 257 Β.
311 230 342 258 Ρ.
366 230 521 260 Ludovicus
547 233 586 260 De
611 233 809 268 Tournemine,
841 244 923 270 penes

134 283 215 309 queui
227 281 327 304 exstat.

312 322 352 349 De
363 328 420 350 octo
430 324 507 351 libris
521 329 615 352 contra
628 325 745 354 Celsum.

169 367 322 395 Aureorum
336 368 466 397 horumce
481 370 612 398 librorum
642 372 730 406 prima
754 373 839 401 editio
870 374 922 400 La-

135 413 192 440 tine
218 418 321 441 tantum
342 415 369 442 in
391 415 480 442 lucem
504 418 605 450 prodiit
629 417 723 446 Roma:
750 427 822 446 anno
842 419 921 452 “Si,

134 457 216 485 Sixto
243 458 288 491 Ν,
314 467 421 487 summo
437 461 579 496 pontiﬁci,
605 463 695 490 dicata
720 464 754 491 ab
774 464 924 499 interprete

133 504 335 540 Christophoro
359 506 489 540 Persona,
511 508 647 540 Romano,
674 509 782 538 Sancta:
804 511 923 539 Balbinse

134 551 238 585 priore,
258 552 296 579 uti
325 557 399 587 patet
415 562 450 580 ex
467 554 509 581 his
525 563 585 589 quae
609 556 644 583 ad
673 557 777 584 calcem
796 558 923 585 editionis

134 596 284 631 leguntur,
309 599 399 626 verbis
417 607 424 626 :
445 599 567 634 Origenis
593 607 686 629 contra
708 601 813 630 Celsum
833 603 895 638 ﬁnis
912 611 922 630 :

132 652 211 678 quem
224 644 428 680 Cliristophorus
444 645 572 680 Persona,
591 647 728 676 Romanus
738 669 746 682 ,
760 650 836 683 prior
850 649 922 677 San-

132 696 184 716 cta:
198 689 320 718 Balbina:
338 692 369 717 de
380 690 460 725 Urbe,
474 692 567 720 Latine
580 693 721 730 Graeceque
735 697 921 730 peritissimus,

132 743 195 762 cum
209 736 264 770 ﬁde
279 745 292 763 e
316 736 406 764 (ἔνατα
425 739 542 766 traduxit
564 745 589 767 et
617 741 775 769 emendavit.
795 742 923 777 Magister

133 789 193 808 vero
210 781 337 817 Georgius
354 783 446 810 Ilerolt
461 791 494 811 ae
511 784 660 821 Bamberga
675 785 766 814 Roma:
778 788 920 821 impressit.

134 826 212 854 Anno
228 827 426 856 lncarnationis
441 829 548 857 Domini
566 831 704 858 millesimo
715 833 922 868 quadringente-

133 873 201 900 simo
217 875 372 909 octogesimo
382 876 475 909 primo,
491 882 614 910 regnante
634 876 709 904 Sixto
725 885 821 913 quarto
831 881 921 914 ponti—
937 864 958 892 Β

132 919 182 952 ﬁce
204 920 331 951 maxime,
357 929 426 948 anno
449 922 507 956 ejus
527 922 639 950 decima.
666 923 696 950 In
720 923 813 952 fronte
829 929 920 954 autem

133 966 236 992 eximia
248 971 340 993 exstat
355 965 491 994 Theodori
507 967 604 995 Gazini
627 968 663 1004 (is
682 975 724 998 est
739 971 819 1006 vulgo
832 972 921 1000 dictus

135 1011 293 1040 Theodorus
305 1013 391 1048 Gaza)
407 1034 415 1046 ,
431 1014 725 1050 Constantinopolitani
740 1036 748 1050 ,
775 1018 808 1044 ad
823 1017 920 1046 Perso-

135 1065 201 1084 nam
225 1059 345 1092 cpislola,
369 1067 429 1093 qua:
441 1068 518 1094 cum,
540 1067 652 1096 propter
674 1063 823 1090 maximam
839 1064 922 1098 hujus

133 1104 262 1132 editionis
289 1106 591 1142 raritatem,tanquam
618 1115 668 1143 pro
695 1109 798 1137 inedita
827 1111 921 1139 haberi

132 1155 227 1184 queat,
243 1159 297 1178 non
314 1151 460 1186 injucunda
483 1153 551 1182 forte
566 1154 660 1182 lectori
682 1156 755 1188 erit,
777 1157 800 1184 si
818 1157 862 1185 hic
877 1166 915 1186 re-

131 1201 313 1231 praesentetur
331 1207 338 1225 :
360 1197 511 1226 Theodorus
527 1198 662 1232 Casinus,
676 1201 920 1238 Constantinopoli-

131 1249 223 1274 tnnus,
242 1243 430 1278 C/iristopltoru
453 1244 579 1273 Persona:
601 1246 630 1274 S.
646 1247 678 1274 P.
695 1248 728 1275 Π.
743 1248 809 1276 Cum
828 1249 920 1277 diebus

129 1288 203 1315 liiscc
228 1290 409 1322 superioribus
433 1292 541 1324 animo,
566 1297 594 1318 ut
619 1293 690 1320 soleo
707 1302 793 1329 stupe,
810 1294 919 1324 Latinos

131 1334 201 1361 viros
216 1342 348 1362 versarent
358 1355 365 1367 ,
389 1337 435 1371 qui
457 1337 549 1364 (ἔναιρε
562 1339 631 1365 scire
644 1339 744 1373 aliquid
757 1341 918 1374 viderentur,

131 1385 155 1405 et
177 1378 283 1407 Graecos
309 1381 417 1417 insuper
435 1388 566 1416 auctores,
587 1385 633 1419 qui
657 1386 685 1412 in
710 1385 836 1413 Latinum
855 1389 920 1415 certi

134 1433 184 1451 non
197 1426 326 1453 mediocri
342 1434 401 1454 cum
410 1427 490 1455 laude
499 1435 616 1463 possent,
631 1431 687 1465 ipse
698 1431 832 1464 iit-primis
845 1433 919 1460 obla-

130 1476 173 1497 tus
187 1479 215 1498 es
227 1494 234 1505 ,
248 1480 325 1507 quem
337 1481 418 1500 uuunt
438 1475 498 1501 noti
515 1475 547 1501 ab
564 1475 670 1503 ineunte
692 1478 868 1507 adolescentia
879 1480 918 1507 sic

131 1519 239 1546 {ir-arcas
256 1521 358 1548 litteras
379 1522 513 1550 imbibisse
525 1543 533 1555 ,
551 1529 574 1551 et
586 1543 593 1556 ,
608 1525 677 1560 quod
686 1526 917 1562 plurimumjuvit,

130 1566 156 1591 in
175 1565 279 1593 (ἐνίει-ἔα
292 1568 360 1601 ipsa,
378 1573 402 1595 et
424 1567 525 1596 Grazcis
539 1578 571 1597 ea:
592 1572 807 1606 prwceptoribus,
826 1578 854 1600 ut
868 1574 919 1601 nisi

131 1619 156 1638 te
171 1613 254 1639 civem
268 1613 416 1641 Romanam
431 1616 526 1642 scirem
541 1636 549 1650 ,
571 1621 597 1643 et
614 1618 775 1652 propinquos
788 1625 846 1646 tuos
863 1621 920 1654 pri-

133 1660 235 1685 marios
253 1658 331 1686 Urbis
344 1661 416 1688 viros
430 1666 469 1688 sat
484 1670 587 1689 nossem
598 1683 606 1695 ,
620 1663 742 1690 dicturus
758 1665 840 1698 facile
856 1666 917 1698 sim,

129 1714 162 1733 ea:
176 1705 280 1734 Grccia
293 1711 318 1733 te
329 1708 491 1741 oriundum;
506 1718 568 1737 nam
579 1715 604 1737 et
618 1711 676 1745 ipsa
691 1715 737 1737 tua
749 1710 844 1739 (ἔτ-αισα
859 1721 920 1745 pro-

129 1755 262 1781 nuntiatio
277 1753 398 1781 Grtccum
423 1759 448 1782 te
463 1756 580 1790 prafert.
597 1756 730 1790 Quorsum
753 1757 830 1785 lucc?
853 1758 920 1787 Vide

129 1798 312 1834 Cltrysostemi
338 1808 469 1828 sermones
492 1810 666 1836 ronpaucos,
691 1812 757 1839 quos
777 1813 792 1832 e
817 1804 918 1833 ercis

130 1844 240 1871 Latinos
252 1844 350 1879 fecisti,
366 1851 390 1872 et
407 1845 511 1873 Livanii
527 1848 635 1876 melctas
659 1850 802 1877 nonnullas
813 1871 821 1883 ,
835 1851 917 1878 veluti

129 1890 276 1923 majoribus
303 1892 379 1918 rebus
403 1892 496 1926 futura
516 1893 659 1927 prwludia.
680 1894 744 1922 Vidi
767 1896 847 1930 paulo
860 1902 917 1931 post

130 1937 200 1963 αμιιιι
215 1940 238 1962 te
253 1936 428 1964 Athanasium
445 1942 518 1964 tuum
531 1959 538 1970 ,
564 1939 641 1974 cujus
663 1941 797 1968 traductio
817 1942 855 1968 ita
878 1950 918 1969 nte

129 1980 277 2013 oblectavit,
293 1987 322 2009 u:
337 1983 364 2010 in
382 1991 452 2014 spent
469 1985 564 2011 bonam
581 1994 611 2012 eo
628 1994 660 2013 ea:
672 1991 787 2021 tempore
802 1988 915 2015 venerim

127 2036 206 2061 posse
214 2032 239 2054 te
246 2033 270 2054 et
281 2027 421 2062 Origenem
431 2030 556 2056 adversus
567 2030 671 2058 Celsum
679 2032 818 2059 traducere
826 2039 916 2067 :quem

128 2075 236 2105 librum,
250 2074 313 2105 quia
329 2074 540 2108 elegantissimus
559 2082 608 2108 est,
623 2081 647 2104 et
665 2078 693 2104 in
704 2077 767 2112 ﬁdei
783 2077 917 2106 Christia-

128 2129 168 2145 me
202 2120 382 2153 defensionem
398 2121 572 2156 conscriptus,
588 2122 719 2150 Nicotaus
736 2124 874 2158 pontifex,
892 2129 916 2151 ct

127 2167 149 2192 si
165 2166 197 2192 de
215 2174 242 2193 se
257 2171 315 2193 erat
330 2175 456 2194 novorum
469 2176 577 2202 operum
587 2189 594 2201 ,
608 2174 632 2195 et
650 2167 805 2197 ercorum
818 2170 916 2204 ρι’ωεί-

974 239 1067 266 doctus
1082 239 1109 266 id
1119 239 1208 266 ausim
1225 240 1393 274 conﬁrmare,
1412 248 1458 267 nec
1468 240 1599 275 principes
1613 239 1680 267 tales
1692 248 1761 266 nunc

974 293 1041 316 esse,
1052 285 1142 320 quales
1155 286 1267 312 antehac
1281 286 1421 319 exstitere,
1434 295 1481 313 nec
1492 295 1525 313 ea
1540 286 1661 313 laborum
1673 287 1761 313 virtu-

974 336 1079 364 tumque
1089 330 1277 364 pnemia.Sed
1295 331 1354 365 quis
1369 331 1435 358 adeo
1458 331 1511 359 sive
1533 331 1686 363 illiberalis,
1709 339 1762 358 sive

974 376 1170 408 ingratissimus
1182 376 1314 411 princeps,
1328 377 1385 411 qui,
1401 377 1445 403 ubi
1459 376 1556 404 librum
1567 378 1637 404 hunc
1648 377 1688 404 illi
1704 383 1760 404 tra—

973 421 1082 448 ductum
1103 423 1172 448 dono
1193 422 1332 454 detuleris,
1359 431 1410 449 non
1425 427 1449 449 te
1471 423 1622 450 muneribus
1642 423 1759 458 principe

974 467 1072 502 dignis.
1087 472 1111 495 et
1126 469 1229 502 magnis
1240 468 1384 495 [tortoribus
1401 473 1577 503 prosequatur
1587 470 1600 497 1’
1613 469 1760 504 Aggredere

973 522 1034 548 ergo
1050 513 1077 540 id
1090 522 1166 547 opus,
1188 520 1211 541 et
1225 523 1272 548 pro
1281 515 1338 549 ejus
1346 521 1373 541 ut
1384 515 1513 549 dignitate
1527 514 1656 546 absolvas,
1672 515 1758 542 conti-

974 565 1063 586 nenter
1071 560 1201 586 incumbe.
1211 561 1265 594 Age
1275 560 1420 587 Romanam
1429 561 1522 592 cirum,
1530 566 1552 587 et
1560 561 1648 587 animo
1660 561 1759 595 ingenti

973 604 1137 638 difﬁcultates
1157 612 1245 631 omnes
1258 605 1379 638 pervade.
1398 605 1444 632 Est
1461 605 1565 639 quidem
1582 606 1650 638 hoc,
1661 605 1758 639 fateor,

973 649 1147 684 interpretata
1164 650 1280 685 diﬁicile,
1297 652 1384 677 sedeo
1399 650 1458 684 plus
1478 650 1567 677 laudis
1582 651 1758 685 consequeris.

973 703 1024 729 quo
1034 703 1088 721 rem
1101 703 1152 722 non
1164 695 1270 730 facilem
1290 703 1429 730 aggressus
1452 695 1580 722 videbere.
1605 695 1680 722 Vale.
1711 695 1760 723 His

974 740 1065 775 itaque
1086 741 1269 768 incitamentis
1303 742 1438 769 adductus
1469 747 1512 768 est
1544 741 1759 776 Christophorus

973 784 1105 817 Persona,
1122 791 1151 812 ut
1166 785 1251 813 libros
1272 791 1334 814 octo
1353 787 1486 815 adversus
1513 787 1620 815 Celsum
1647 787 1760 816 Latinos

972 829 1086 863 l'acerct,
1102 835 1129 858 et
1142 830 1223 858 Sixto
1239 838 1337 866 quarto
1353 840 1461 861 summo
1481 833 1604 868 pontiliei
1619 833 1761 861 dedicaret

972 877 1104 912 epistola,
1130 885 1191 912 quae
1206 878 1309 912 utique,
1329 879 1356 905 ni
1372 884 1449 906 esset
1466 879 1584 914 longior,
1602 879 1691 907 locum
1715 879 1760 907 hic

973 927 1001 950 ut
1016 923 1130 950 haberet
1140 929 1303 951 mereretur.
1317 924 1372 952 lloc
1384 924 1465 952 habet
1480 925 1586 952 initium
1604 935 1611 953 :
1627 925 1704 954 Sixto
1715 925 1759 953 IV

972 968 1092 1003 pontiﬁci
1105 969 1220 995 maximo
1234 969 1441 1004 Cliristopliorus
1459 969 1588 1003 Persona,
1598 972 1670 1006 prior
1685 972 1759 999 San-

972 1018 1021 1040 cta:
1043 1013 1172 1041 Balbinw.
1194 1014 1378 1042 Animadverti
1394 1024 1479 1050 stupe,
1499 1017 1647 1044 beatissime
1665 1017 1754 1051 Pater,

971 1059 1074 1093 priscos
1085 1059 1155 1092 illos,
1168 1064 1191 1086 et
1203 1060 1341 1094 prtestanti
1356 1060 1462 1095 ingenio
1478 1062 1559 1093 t-iros,
1575 1068 1628 1089 etc.
1642 1063 1677 1089 At
1693 1070 1758 1090 vero

972 1112 1020 1132 seu
1034 1105 1108 1140 quod
1131 1106 1232 1141 optatis
1260 1105 1320 1140 ejus
1347 1114 1400 1133 non
1421 1107 1607 1141 respondisset
1628 1107 1698 1135 Sixti
1722 1107 1756 1135 ιν

972 1151 1160 1179 umniliccntia
1172 1173 1179 1185 ,
1202 1158 1248 1178 sc’u
1264 1152 1316 1179 alia
1333 1160 1503 1188 quacunque
1518 1154 1551 1181 de
1575 1162 1668 1187 causa,
1682 1155 1759 1181 valrc

971 1201 999 1224 ct
1014 1197 1110 1225 callide
1123 1205 1138 1225 e
1153 1198 1311 1232 supradicta
1332 1199 1454 1226 editione
1469 1207 1518 1226 sua
1543 1201 1655 1228 sustulit
1685 1201 1757 1228 hanc

971 1243 1125 1278 epistolam,
1144 1244 1224 1278 eique
1240 1243 1355 1270 alteram
1372 1243 1517 1272 substituit
1532 1244 1649 1273 Joannis
1664 1245 1758 1273 Mace-

972 1290 1026 1317 nici
1046 1289 1221 1316 Venetiarum
1243 1289 1376 1324 principis
1393 1290 1504 1318 nomine
1521 1291 1681 1325 inscriptam
1696 1299 1759 1326 (piae

971 1336 1012 1363 sic
1025 1335 1121 1370 incipit
1138 1343 1145 1362 :
1161 1334 1264 1362 Joanni
1287 1334 1421 1362 Mocenico
1445 1335 1625 1363 illustrissimo
1648 1335 1757 1363 Veneto-

970 1390 1029 1409 rum
1046 1381 1169 1416 principi,
1186 1381 1357 1416 universoque
1378 1382 1482 1408 senatui
1498 1381 1595 1416 inclgto
1612 1382 1759 1409 consultis—

969 1428 1086 1463 simoque
1112 1427 1317 1461 Citristopltorus
1343 1426 1482 1460 Persona,
1519 1427 1668 1456 Romanus.
1695 1427 1756 1455 Etsi

968 1474 1085 1509 plerique
1099 1482 1188 1501 omnes
1202 1473 1333 1507 prwclara
1343 1474 1464 1508 facinora
1480 1474 1589 1510 aggredi
1605 1475 1705 1502 idcirco
1719 1475 1758 1502 vi-

970 1522 1072 1555 dentur,
1085 1526 1139 1548 etc.
1157 1520 1190 1548 Ut
1203 1520 1237 1548 ad
1251 1521 1335 1555 ipsam
1352 1521 1604 1556 interpretationem
1621 1525 1758 1554 revertar,

970 1575 1023 1595 non
1040 1567 1110 1595 male
1119 1567 1314 1594 existimationi
1329 1575 1385 1594 suae
1411 1568 1444 1594 ad
1465 1567 1635 1602 aliquantum
1653 1573 1757 1602 tempo-

970 1614 1009 1641 ris
1025 1614 1198 1642 consuluisse
1219 1615 1326 1643 videtur
1340 1614 1460 1642 Persona
1473 1634 1480 1647 ,
1501 1622 1562 1642 cum
1584 1613 1678 1642 Greca
1694 1614 1757 1642 Ori-

970 1662 1047 1696 genis
1058 1661 1129 1696 typis
1138 1660 1309 1688 committere
1322 1668 1371 1695 pro
1384 1661 1493 1688 illorum
1507 1665 1658 1695 temporum
1677 1668 1756 1688 more

969 1707 1101 1742 neglexit.
1122 1707 1270 1742 Postquam
1286 1707 1359 1735 enim
1375 1707 1477 1741 publici
1501 1706 1573 1741 juris
1591 1705 1666 1734 facta
1681 1712 1757 1739 sunt.

969 1752 1131 1780 incredibile
1143 1752 1217 1779 dictu
1234 1757 1275 1780 est
1286 1756 1416 1787 quantam
1432 1751 1532 1779 eruditi
1557 1751 1584 1779 in
1600 1751 1653 1779 hoc
1669 1752 1756 1779 inter—

968 1804 1044 1834 prete
1059 1807 1140 1835 quem
1152 1799 1221 1826 tanti
1243 1799 1364 1826 faciebat
1377 1799 1538 1826 Theodorus
1553 1798 1685 1830 Gazinus,
1701 1798 1756 1825 liti-

968 1853 1026 1880 gnac
1043 1844 1144 1873 Grzeca:
1157 1845 1372 1879 ignorationem,
1390 1851 1471 1878 quam
1488 1844 1615 1879 exiguam
1632 1844 1658 1871 in
1674 1844 1754 1871 inve-

969 1891 1102 1927 stigandis
1111 1891 1256 1918 sententiis
1266 1890 1447 1925 diligentiam,
1457 1897 1538 1924 quam
1553 1890 1679 1917 obtusum
1690 1896 1756 1916 acu-

969 1945 1041 1970 men,
1056 1944 1137 1971 quant
1151 1935 1237 1963 lcvem
1254 1941 1281 1963 et
1295 1935 1444 1963 sublestam
1469 1935 1547 1962 tidem
1564 1935 1754 1969 deprehende-

969 1983 1033 2010 rint.
1049 1982 1239 2010 Verumtamen
1258 1983 1457 2017 qualiscunque
1468 1986 1528 2009 erat
1546 1982 1604 2009 haec
1619 1981 1756 2016 interpre-

967 2029 1046 2060 talio,
1061 2036 1123 2056 eam
1137 2029 1216 2056 avide
1231 2029 1346 2063 arripuit
1361 2028 1493 2056 Merlinus
1512 2033 1539 2055 et
1561 2027 1674 2055 editioni
1699 2035 1757 2054 suae

967 2082 1079 2109 operum
1102 2074 1228 2109 Origenis
1256 2082 1320 2101 ann.
1347 2074 1417 2101 1512
1434 2074 1567 2109 integram
1587 2073 1756 2101 inserendam

967 2129 1028 2149 esse
1044 2121 1131 2148 duxit.
1149 2121 1268 2148 Tandem
1285 2129 1357 2148 anno
1370 2120 1440 2148 1605
1451 2140 1458 2152 ,
1479 2121 1611 2154 Augusta:
1628 2118 1754 2146 Vindeli-

967 2174 1060 2194 corum
1075 2188 1082 2199 ,
1100 2173 1116 2194 e
1141 2165 1314 2193 bibliothecis
1335 2164 1462 2191 electuris
1478 2163 1610 2196 Palatini,
1628 2163 1710 2190 Boiea
1725 2168 1753 2189 et

127 2221 177 2246 pne
205 2214 424 2246 cupientissima:
438 2234 446 2246 ,
478 2222 535 2241 meo
558 2214 664 2241 hortatu
696 2213 916 2251 ϐοηειαηιίηοῃο-
929 2219 955 2248 ι)
967 2213 1124 2247 Augustana
1138 2232 1144 2244 ,
1158 2211 1221 2239 libri
1239 2216 1301 2239 octo
1317 2216 1409 2238 contra
1423 2210 1528 2238 Celsum
1541 2210 1635 2238 Griece
1649 2219 1682 2238 ac
1698 2209 1756 2238 La-

126 2260 173 2285 lim
190 2259 276 2292 misit,
289 2260 335 2294 qui
350 2260 386 2286 ad
400 2268 427 2286 se
441 2264 589 2294 coemptum
599 2260 712 2294 deferret
727 2268 737 2287 :
747 2260 915 2297 delatumque

126 2313 187 2331 mo:
200 2305 266 2332 milii
282 2305 366 2337 dedit,
380 2306 497 2338 dixitque
520 2305 583 2333 velle
597 2314 624 2332 se
642 2307 667 2333 ei
690 2307 793 2342 quidvis
813 2309 915 2342 prtemii

124 2352 258 2385 polliceri,
271 2353 317 2386 qui
335 2351 460 2379 Latinum
475 2353 545 2378 lianc
559 2352 668 2386 faceret.
688 2352 722 2380 Et
739 2362 802 2380 sane
815 2354 869 2388 ipse
886 2355 914 2380 id

126 2405 191 2429 opus
202 2405 345 2432 aggressus
363 2405 446 2425 essem
460 2406 491 2424 ac
509 2397 611 2431 lubens,
638 2398 690 2426 nisi
715 2407 757 2425 me
780 2403 842 2426 tunc
859 2400 916 2426 alia

124 2445 211 2478 gravis
223 2444 356 2471 traductio
364 2449 582 2479 prwoccupasset.
597 2444 689 2471 Restat
701 2445 785 2480 igitur
795 2446 861 2473 liber
871 2446 915 2474 ille

123 2490 152 2514 in
169 2488 304 2522 pontiﬁcis
319 2483 475 2515 bibliotheca
489 2490 613 2520 intactus,
627 2494 663 2521 et,
679 2495 706 2516 ut
727 2490 855 2524 arbitror,
867 2491 915 2517 tibi

125 2540 256 2566 servatus;
267 2539 295 2560 ut
308 2542 339 2560 ea
355 2542 414 2560 cum
426 2534 567 2568 dignitate,
579 2543 660 2569 quam
671 2534 763 2562 (ἔνατα
773 2541 861 2568 sonat,
875 2536 915 2563 uel

124 2580 217 2607 saltent
231 2580 365 2614 proxima,
376 2579 500 2607 Latinum
512 2579 606 2613 facias,
619 2584 642 2607 et
655 2589 730 2614 spero
743 2581 800 2615 fore
812 2590 860 2616 pro
869 2587 915 2609 tua

125 2627 263 2660 utriusque
274 2626 375 2660 linguae
387 2625 518 2660 singulari
529 2626 635 2660 peritia,
651 2631 678 2653 ut
694 2635 745 2653 itan
756 2628 844 2654 minus
857 2627 915 2655 lau-

124 2671 165 2698 dis
179 2672 204 2698 in
217 2673 267 2698 hoc
279 2672 452 2698 convertenda
468 2672 740 2707 promerearis,quam
752 2679 845 2700 auctor
861 2674 915 2708 ipse

124 2718 150 2744 in
162 2717 263 2744 edendo
279 2717 438 2751 promeritus
450 2717 496 2744 sit.
509 2717 542 2743 At
555 2717 637 2750 dices,
654 2725 705 2743 non
717 2725 772 2744 esse
785 2718 832 2744 illa
845 2727 914 2745 nunc

105 2782 108 2786 .
123 2763 245 2796 exposita
266 2762 379 2796 prtcmia
392 2782 400 2794 ,
416 2769 475 2796 qua:
492 2760 634 2787 Nicolaum
648 2761 802 2796 pontiﬁcem
819 2771 914 2789 narras

123 2807 305 2841 proposuisse,
321 2815 367 2834 nec
382 2807 447 2833 tales
463 2814 531 2832 nunc
547 2806 688 2841 principes,
704 2807 750 2842 qui
764 2807 822 2840 ejus
834 2809 913 2835 vesti-

122 2856 164 2886 gia
173 2859 368 2881 consectentur.
382 2852 437 2880 Cur
448 2861 508 2889 ergo
525 2856 625 2879 tantum
646 2852 743 2880 labarit
758 2853 914 2881 insaniam?

966 2258 1021 2285 tine
1030 2258 1189 2292 prodierunt
1201 2257 1352 2291 interprete
1363 2257 1538 2292 Sigismundo
1546 2256 1681 2290 Geslenio,
1691 2265 1755 2284 cum

968 2304 1040 2330 notis
1058 2303 1169 2330 Davidis
1186 2303 1343 2331 llmsehelii.
1363 2303 1477 2330 Eosdem
1491 2304 1581 2330 denuo
1597 2303 1691 2331 Graece
1705 2304 1755 2330 ad-

962 2349 1056 2384 juncta
1072 2349 1192 2384 ejusdem
1203 2349 1323 2377 Geslenii
1337 2350 1565 2384 interpretatione
1576 2349 1673 2376 Latina
1687 2349 1755 2376 Cars-

967 2396 1090 2430 tabrigiae
1113 2403 1184 2422 anno
1210 2395 1280 2423 1658
1307 2397 1334 2423 in
1367 2396 1455 2424 lucem
1480 2396 1566 2424 edidit
1590 2396 1758 2424 Guillelmus.

966 2442 1131 2477 Spencerus,
1148 2442 1254 2478 collegii
1264 2443 1450 2470 Sanctissimae
1457 2443 1599 2470 Trinitatis
1610 2442 1753 2470 Cantabris

965 2489 1068 2524 giensis
1083 2488 1186 2521 socius,
1208 2490 1254 2524 qui
1268 2489 1352 2517 etiam
1367 2489 1401 2516 ad
1423 2489 1526 2516 calcent
1546 2488 1637 2523 operis
1652 2488 1755 2523 adjecit

965 2533 1155 2562 adnotationes
1169 2534 1352 2562 doctissimas.
1379 2534 1443 2561 llaec
1461 2534 1547 2561 editio
1569 2533 1641 2568 typis
1655 2540 1755 2560 recusa.

966 2584 1008 2606 est
1021 2579 1204 2614 Cantabrigite
1220 2588 1292 2607 anno
1309 2580 1390 2608 i677.
1410 2580 1565 2619 Optandqu
1583 2587 1646 2606 vero
1669 2579 1757 2611 foret,

966 2630 996 2652 ut
1009 2630 1140 2660 quantum
1156 2634 1229 2653 curae
1246 2626 1298 2654 init
1329 2626 1467 2661 Spem-ero
1488 2625 1654 2654 doctissimis
1679 2626 1758 2653 notis

966 2672 1102 2700 illustrare
1114 2672 1172 2700 loca
1185 2673 1378 2708 propemodum
1394 2674 1537 2702 innumera
1549 2693 1557 2707 ,
1581 2681 1641 2709 quae
1661 2673 1702 2700 vel
1718 2674 1752 2700 ad

966 2718 1121 2750 historiam,
1134 2718 1176 2745 vel
1188 2721 1221 2746 ad
1243 2718 1390 2753 peculiaria
1409 2718 1538 2753 Origenis
1556 2719 1692 2753 dogmata,
1711 2718 1753 2745 vei

966 2764 999 2790 ad
1011 2764 1133 2798 priorum
1147 2764 1307 2791 saeculorum
1320 2764 1505 2799 disciplinam,
1520 2769 1567 2792 aut
1582 2765 1615 2792 ad
1631 2769 1751 2792 veterem

966 2809 1165 2844 philosophiam
1189 2809 1349 2844 pertinent,
1376 2815 1479 2837 tantum
1493 2810 1641 2845 diligentiae
1670 2809 1751 2836 adhi-

967 2855 1082 2887 btiisset.
1098 2863 1158 2884 cum
1181 2856 1213 2894 ad
1237 2856 1370 2893 orationis
1397 2856 1498 2885 Graeca:
1520 2856 1748 2886 einendatiomm.
