1883 3072
156 129 192 156 si
870 130 1064 159 PREFATIO.
1453 121 1456 123 ’
1755 125 1802 160 es

159 196 217 218 tum
233 190 267 218 ad
279 190 454 226 corrigendos
471 190 632 225 frequentes
648 190 807 225 interpretis
826 192 947 220 Geslenii
963 196 986 224 Α
1000 194 1050 220 sibi
1065 201 1115 220 non
1131 201 1230 227 semper
1242 193 1434 220 intellectas-ad
1451 192 1555 219 libitum
1573 194 1702 228 recoquit.
1723 192 1796 227 Spo-

160 236 400 264 Itallucinatioues.
428 236 543 268 Grteca,
568 241 649 271 proat
672 237 781 265 Davidis
801 237 947 265 Hmschelii

159 283 245 310 editio
265 283 381 314 ferebat,
399 283 503 317 integra
523 288 635 310 secutus
654 288 714 316 est,
732 284 753 311 si
770 285 850 312 modo
863 293 947 319 pauca

159 329 333 364 excipiantur
350 329 424 362 loca,
447 329 491 356 ubi
512 330 652 356 variantes
669 330 802 363 quasdam
816 330 949 359 lectiones

159 383 227 410 quas
244 376 276 402 ad
289 383 364 403 oram
384 375 517 410 rejecerat
528 375 708 409 llteschelius,
725 377 751 403 in
763 377 863 404 seriem
877 377 950 405 (ἴτω-

158 431 220 450 cam
239 427 332 457 ulpote
358 423 486 449 meliores
502 422 616 450 invexit.
633 422 778 450 innumera
805 423 858 450 alia
887 431 948 458 qua:

158 468 263 496 medica
279 476 359 495 manu
378 469 505 503 egebant,
523 468 634 503 reliquit
649 469 763 502 intacta,
783 476 817 496 ne
832 469 947 497 minima

158 515 271 549 quidem
284 515 425 549 proposita
439 515 610 548 conjectura.
625 523 678 550 qua
701 516 796 543 saltem
819 516 853 544 ad
871 524 947 544 com-

158 561 309 587 modiorem
333 567 447 587 sensum
468 567 673 588 revocarentur.
696 560 789 589 Monet
809 561 835 588 in
851 562 948 597 praefa-

160 607 234 633 tione
250 606 315 633 nihil
329 613 422 633 eorum
434 615 494 641 quae
509 607 569 635 aliis
583 613 785 635 consueverunt
797 615 856 635 esse
871 608 947 643 adju-

159 657 262 684 mento,
277 653 340 679 licet
354 653 480 680 maxime:
494 653 545 680 sibi
564 662 636 681 cura:
650 654 746 681 luisset
760 654 798 681 de:
810 654 843 682 iis
855 655 949 689 acqui-

160 698 264 730 rendis,
295 705 325 725 se
358 699 481 733 potuisse
505 707 677 734 comparare.
710 699 815 734 Erant,
848 701 946 734 inquit.

160 743 310 770 llwscltelio
330 744 382 770 duo
401 745 574 779 manuscripti
591 745 694 772 codices
706 766 712 777 ,
725 754 790 780 quos
813 754 826 772 e
851 746 947 772 ωινιὶοι

159 791 241 818 tliecis
264 791 385 818 electoris
406 790 538 824 Palatini,
559 791 644 818 Baica
678 797 702 818 et
725 794 882 828 Augustam:
902 793 948 819 de-

158 842 333 870 prompserat.
351 837 409 872 Ego
425 837 467 864 his
484 837 547 865 solis
563 838 699 873 impressis
720 846 785 865 usus
801 847 870 865 sum.
893 838 947 866 Sed

157 883 226 916 quid
239 883 365 911 obstabat
386 885 533 919 quominus
556 885 737 913 Oxtmiensem
753 885 946 913 bibliothecam

157 929 201 956 vel
217 929 275 963 ipse
291 929 332 957 vel
346 937 394 965 per
408 930 512 957 amicos
527 931 640 958 adiret?
652 932 692 959 lbi
708 936 785 960 certe
803 938 859 959 tres
877 932 947 961 alios

157 975 268 1003 codices
285 976 486 1010 manuscriptos
504 977 661 1010 reperisset.
679 985 729 1004 nec
743 982 815 1004 esset
827 985 947 1013 conque-

158 1025 217 1047 stus
229 1021 393 1048 accurandas
418 1030 473 1048 esse
495 1022 624 1049 librorum
644 1023 774 1050 editiones
796 1024 823 1050 in
843 1032 947 1051 summa

156 1069 274 1094 omnium
286 1067 500 1102 adjumentorum
515 1073 543 1096 et
551 1070 671 1096 codicum
682 1074 803 1104 egestate.
816 1069 849 1097 Ut
860 1076 889 1097 ut
898 1071 945 1104 sit,

157 1118 264 1140 tantam
293 1114 349 1148 ipse
375 1115 624 1149 manuscriptorum
649 1116 776 1143 codicum
803 1117 945 1151 penuriam

158 1165 291 1193 expertus
307 1167 360 1186 non
378 1167 450 1193 sum,
463 1161 563 1195 quippe
578 1161 620 1188 cui
639 1169 693 1188 non
707 1162 795 1189 solum
809 1164 892 1191 varite
905 1163 946 1191 le-

155 1205 263 1230 ctiones
278 1211 311 1230 ex
338 1208 402 1231 octo
431 1206 627 1239 manuscriptis
654 1205 822 1240 depromptrc
849 1214 947 1241 magno

159 1249 269 1275 inerunt
285 1249 453 1283 adiumento,
467 1250 515 1276 sed
529 1254 556 1276 et
573 1255 643 1276 nota:
656 1258 688 1277 ac
702 1250 871 1283 conjectura:
890 1256 946 1278 tum

157 1295 256 1322 eruditi
284 1294 423 1322 Francisci
440 1295 533 1326 Guiet.
559 1295 683 1328 Jesuitze,
708 1304 776 1331 quas
807 1304 891 1330 penes
917 1304 947 1324 se

159 1341 361 1376 manuscriptas
388 1341 469 1368 habet
487 1341 519 1368 Β.
549 1341 577 1368 Ρ.
605 1342 757 1369 Ludovicus
775 1343 808 1369 de
824 1342 946 1370 Tourne—

160 1388 250 1420 mine,
269 1392 324 1414 tum
343 1387 402 1414 alite
418 1395 532 1415 numero
551 1388 629 1422 longe
650 1388 744 1422 plures
755 1395 822 1423 quas
840 1389 947 1416 erudito

158 1433 217 1461 orbi
234 1434 374 1468 proposuit
394 1433 469 1461 Elias
491 1434 648 1461 Bohercllns
664 1434 697 1460 ad
713 1434 816 1461 calcem
840 1434 947 1461 eximia:

159 1486 214 1506 suae
226 1479 338 1507 Gallica:
347 1479 580 1514 interpretationis
592 1479 722 1506 libroruin
740 1485 831 1507 contra
842 1479 947 1507 Celsum

158 1533 231 1553 anno
249 1526 317 1552 l700
331 1526 526 1553 Amstelodami
544 1527 570 1553 in
584 1526 671 1553 lucem
689 1526 778 1553 ediue.

193 1573 348 1608 Archetypo
361 1572 458 1600 Grieco
468 1577 506 1600 tot
519 1572 671 1607 talibusque
685 1573 794 1600 auxiliis
806 1573 840 1600 ad
854 1572 948 1600 melioo

158 1625 216 1644 rem
235 1623 335 1645 statum
356 1624 494 1651 revocato,
515 1619 559 1645 diu
577 1619 758 1646 deliberatum
775 1624 828 1651 est.
845 1627 878 1646 an
901 1619 947 1647 Si-

159 1664 293 1697 gismundi
311 1664 432 1692 Geslcnii
451 1665 642 1699 interpretatio
662 1665 758 1692 Latina
781 1670 948 1698 servaretur,

160 1717 194 1735 an
212 1709 407 1743 procuderetur
430 1718 510 1737 nova.
529 1710 698 1737 Servandam
720 1717 781 1737 esse
807 1709 949 1738 Geslenia-

159 1762 222 1781 nam
237 1755 388 1782 suadebant
402 1755 497 1784 laudes
511 1755 611 1789 quibus
632 1755 783 1782 laboriosus
803 1755 849 1782 ille
864 1756 944 1783 inter-

160 1807 248 1834 presa
265 1800 430 1828 doctissimis
448 1801 513 1828 viris
529 1806 688 1828 exornatur.
708 1799 753 1828 Ita
776 1807 873 1835 septem
893 1802 948 1834 (in-

159 1847 219 1880 quit
236 1846 333 1874 Czelius
353 1847 491 1874 Secundus
510 1847 605 1878 Curio.
622 1847 729 1882 praefat.
749 1847 782 1874 ad
795 1847 947 1882 Appianum

159 1892 382 1926 Alexandrinum)
405 1901 498 1928 easque
517 1892 695 1919 nobilissimos
719 1892 857 1926 scriptores
873 1894 948 1920 nobis

158 1940 190 1965 de
206 1938 305 1966 Crteeis
321 1947 457 1966 conversos
474 1939 587 1973 reliquit.
604 1943 683 1973 atque
701 1939 739 1965 ita
754 1947 902 1971 conversos,
918 1944 948 1965 ut

158 1984 202 2018 qui
214 1984 313 2019 majore
327 1993 386 2011 cum
406 1985 485 2011 laude
499 1985 526 2010 in
539 1985 587 2011 hac
607 1992 689 2010 arena
702 1989 819 2011 uersatus
840 1985 883 2013 sit.
900 1988 947 2010 aut

159 2027 271 2060 nullum,
292 2034 337 2055 aut
361 2029 534 2063 paucissimos
561 2030 597 2056 sis
626 2033 788 2063 reperturus.
820 2028 946 2063 Magnum

160 2074 231 2100 istud
244 2074 364 2108 profecto
381 2076 548 2106 encomiunt,
570 2075 619 2102 sed
640 2083 696 2109 quo
711 2075 851 2108 indignum
871 2074 946 2101 illum

159 2126 213 2145 non
231 2118 334 2151 judicat
352 2119 483 2147 Henricus
499 2119 623 2147 Valesius
640 2120 743 2154 przel'at.
767 2120 800 2146 ad
825 2119 948 2146 Aminia-

160 2172 224 2191 num
250 2165 446 2198 Marcellinum,
467 2167 511 2192 tibi
534 2166 567 2193 de
586 2166 753 2200 Mariaugelo
766 2166 897 2193 Aecursio
920 2171 947 2192 et

1001 247 1122 266 raveram
1139 239 1222 274 igitur
1243 239 1308 266 tanti
1330 240 1382 266 viri
1398 239 1506 266 nomine
1519 238 1616 272 fretus,
1638 239 1801 271 nonnullis,‘

1000 293 1114 319 quorum
1131 292 1238 312 sensum
1250 284 1339 311 minus
1353 284 1424 312 belle
1434 289 1577 312 assecutus
1592 289 1646 317 est,
1660 285 1793 312 immuta-

1000 332 1034 358 tis
1047 336 1075 358 et
1086 330 1238 358 emendatis
1250 330 1329 362 locis,
1340 331 1400 365 ejus
1410 330 1662 365 interpretationem
1674 331 1792 358 retineri

999 385 1089 412 posse.
1106 377 1159 405 Sed
1175 377 1219 403 ubi
1233 377 1265 404 ad
1281 378 1410 404 horumce
1426 376 1546 404 locorum
1564 377 1793 404 emendationem

999 428 1109 450 ventum
1124 427 1175 455 est,
1192 427 1408 457 etcomperlum.
1428 422 1476 450 vix
1491 422 1573 450 ullam
1590 430 1650 450 esse
1662 424 1793 457 paginam

1000 467 1043 495 ubi
1060 467 1145 495 semel
1156 472 1183 494 et
1199 467 1298 502 saepius
1315 475 1329 494 a
1349 475 1414 494 vero
1430 467 1557 502 Origenis
1575 475 1658 495 sensu
1675 476 1729 495 non
1747 475 1794 495 re-

999 514 1087 547 cedat,
1103 514 1196 541 statim
1210 513 1332 541 intellexi
1347 521 1445 540 n0vam
1461 513 1569 541 lacilins
1585 514 1794 549 interpretatio-

999 569 1061 588 nem
1084 561 1175 596 parari
1198 567 1287 594 posse,
1308 567 1388 594 quam
1408 564 1526 587 veterem
1548 560 1700 587 entendari.
1731 560 1792 588 Huc

998 606 1068 633 adde
1089 605 1160 640 quod
1181 605 1295 632 aliorum
1313 604 1566 638 interpretationem
1587 604 1736 638 corrigere,
1761 609 1793 631 ut

1000 651 1140 678 molestum
1157 659 1204 686 per
1217 659 1247 678 se
1267 658 1299 678 ac
1319 650 1439 682 diﬂioile,
1455 650 1491 677 ita
1510 651 1591 677 etiam
1609 651 1735 677 odiosum
1751 650 1794 677 vi-

998 697 1121 724 debatur.
1132 696 1186 723 Sua
1202 697 1274 723 enim
1286 696 1384 730 cuique
1398 696 1468 730 laus,
1486 704 1552 724 suns
1568 697 1654 724 honor
1674 696 1794 723 debetur

998 750 1013 769 a
1030 743 1118 776 nobis,
1133 750 1248 777 quorum
1263 742 1382 770 laborem
1408 742 1445 769 illi
1461 751 1510 770 suo
1525 742 1615 770 levare
1626 746 1654 770 et
1666 742 1793 770 minuere

999 788 1088 816 conati
1103 793 1175 816 sunt.
1190 787 1307 815 Proinde
1318 795 1386 822 opus
1405 788 1617 823 uniuscujusque
1631 788 1792 822 interpretis

1000 834 1162 861 laudandum
1176 834 1264 868 potius
1278 838 1320 861 est
1331 842 1345 860 a
1357 833 1445 866 nobis,
1460 841 1539 868 quam
1556 834 1792 868 interpolandum.

999 880 1149 914 przesertim
1167 880 1189 906 si
1210 879 1409 913 frequentiores
1425 879 1522 906 futura:
1531 879 1587 906 sint
1601 879 1794 914 interpolatio-

999 932 1057 951 nes.
1071 923 1133 951 llam
1146 931 1251 951 mecum
1267 924 1356 951 animo
1376 925 1542 958 reputabam,
1554 932 1616 951 cum
1636 931 1701 951 ecce
1715 929 1793 952 vete-

999 971 1022 998 ri
1042 978 1146 998 mecum
1164 971 1284 998 amicitia
1299 971 1464 1005 conjunctns
1489 970 1605 999 domnus
1626 971 1792 999 Vincentius

998 1016 1139 1049 Thuillier,
1160 1017 1267 1051 quicum
1295 1024 1370 1044 meas
1391 1017 1527 1044 sermonis
1548 1017 1635 1044 ϐπ·ωεί
1655 1017 1791 1044 emenda-

999 1062 1086 1089 tiones
1106 1062 1382 1095 communicaveram.
1403 1069 1511 1094 novam,
1522 1070 1603 1097 quam
1618 1067 1674 1090 tum
1689 1063 1790 1090 virium

998 1115 1107 1134 suarum
1119 1108 1354 1142 experiendarum,
1369 1112 1425 1135 tum
1437 1108 1502 1134 mihi
1514 1108 1685 1143 gratiﬁcandi
1703 1116 1789 1136 causa

997 1159 1162 1188 susceperat,
1188 1153 1440 1188 interpretationem
1460 1153 1585 1180 Latinam
1609 1158 1722 1188 repente
1737 1155 1790 1180 ob-

999 1200 1069 1227 tulit.
1087 1200 1223 1227 Continuo
1240 1200 1319 1227 avide
1334 1199 1397 1234 legi,
1411 1205 1517 1227 mature
1535 1200 1638 1235 singula
1657 1201 1692 1228 ad
1712 1200 1791 1229 Grie-

997 1254 1090 1273 eorum
1107 1246 1185 1273 ﬁdem
1205 1246 1338 1280 expendi;
1362 1247 1546 1280 cumque-tria
1566 1247 1739 1280 potissimum
1762 1248 1789 1274 iu

998 1291 1219 1326 interpretatione
1247 1291 1430 1325 requirantur,
1450 1296 1478 1317 ut
1505 1291 1591 1319 ﬁdelis
1615 1292 1660 1323 sit.
1681 1297 1711 1319 ut
1731 1293 1790 1321 ele-

998 1343 1073 1370 gans,
1092 1343 1124 1363 ac
1135 1335 1289 1370 perspicua,
1304 1343 1356 1362 non
1371 1335 1431 1362 sine
1449 1343 1545 1369 magna
1563 1336 1646 1362 animi
1667 1336 1720 1363 mei
1741 1343 1791 1363 vo-

999 1382 1100 1416 luptate
1119 1381 1281 1415 deprehendi
1309 1380 1409 1407 nullam
1433 1388 1466 1407 os
1483 1381 1526 1408 his
1546 1381 1654 1408 dotibus
1673 1382 1700 1408 in
1729 1381 1790 1415 ejus

998 1427 1144 1461 scriptione
1167 1426 1325 1454 desiderari.
1350 1425 1408 1453 Neu
1423 1427 1512 1454 verbis
1539 1427 1675 1455 serviliter
1697 1429 1791 1454 adhae-

999 1478 1049 1506 ret,
1064 1473 1110 1500 sed
1125 1480 1232 1500 sensum
1249 1472 1365 1500 ﬁdeliter
1381 1472 1519 1507 exprimit,
1537 1478 1619 1507 atque
1634 1473 1670 1500 ita
1686 1474 1789 1505 reddit.

999 1526 1029 1548 ut
1042 1521 1166 1556 quamvis
1183 1520 1317 1548 interdum
1335 1519 1388 1546 alio
1402 1519 1508 1552 ordine,
1529 1528 1666 1554 nunquam
1695 1525 1788 1548 tamen

1000 1573 1046 1594 aut
1059 1567 1152 1595 saltem
1166 1573 1278 1600 perraro
1295 1566 1370 1600 plura
1385 1571 1432 1592 aut
1445 1565 1572 1599 pauciora
1586 1566 1787 1601 quamOrige-

1000 1622 1048 1642 nes
1063 1614 1145 1641 dicat.
1159 1613 1208 1640 Ubi
1223 1613 1328 1647 longior
1345 1617 1388 1640 est
1411 1613 1436 1638 in
1452 1611 1546 1639 Graeco
1564 1612 1703 1647 periodus,
1727 1620 1790 1640 eam

1000 1660 1026 1688 in
1039 1660 1129 1694 plures
1142 1664 1226 1691 secat,
1239 1659 1290 1686 nisi
1310 1659 1419 1687 aliunde
1434 1660 1461 1687 id
1482 1660 1539 1687 ﬁeri
1555 1658 1698 1693 prohibeat
1723 1666 1789 1686 ora-

1001 1707 1082 1734 tionis
1092 1710 1245 1734 connexus:
1260 1707 1332 1741 quod
1349 1714 1418 1742 saepe
1431 1707 1538 1735 accidit.
1548 1706 1704 1734 Fecundtun
1714 1707 1789 1733 enim

1000 1752 1124 1788 Origeuis
1147 1753 1283 1788 ingenium
1311 1753 1460 1780 sententias
1482 1753 1580 1787 passim
1598 1751 1733 1787 congerit,
1759 1757 1790 1780 ut

1001 1799 1090 1826 verbis
1115 1799 1141 1827 in
1167 1799 1283 1834 speciem
1309 1799 1524 1826 redundantibus
1547 1799 1667 1826 maxima
1695 1805 1788 1826 rerum

1001 1845 1110 1872 ubertas
1126 1846 1309 1873 contineatur.
1332 1845 1409 1878 Quod
1429 1852 1495 1872 sane
1518 1845 1731 1880 insuperabilem
1746 1845 1790 1872 in-

1001 1891 1110 1925 terpreti
1132 1890 1281 1918 Thuillerio
1297 1891 1455 1925 praebuisset
1479 1890 1673 1924 difﬁcultatem,
1690 1892 1713 1918 si
1735 1899 1788 1918 non

999 1936 1089 1962 onuiia
1106 1936 1213 1963 vicisset
1229 1936 1360 1969 praeclara
1377 1936 1423 1961 illa
1436 1943 1487 1970 qua
1501 1936 1629 1969 praeditus
1643 1941 1696 1968 est,
1712 1936 1790 1972 inge-

1000 1982 1035 2008 nii
1059 1982 1204 2016 sagacitas.
1224 1990 1327 2008 summa
1350 1983 1489 2016 utriusque
1512 1981 1609 2016 lingua:
1633 1982 1735 2009 Graecas
1756 1991 1789 2009 ac

999 2027 1100 2053 Latinae
1125 2027 1232 2061 peritia,
1260 2032 1287 2054 et
1302 2027 1368 2053 illud
1385 2034 1439 2061 quo
1459 2027 1581 2059 ardebat,
1599 2028 1683 2054 veleri
1699 2028 1789 2055 amico

999 2073 1100 2099 laboris
1111 2073 1247 2100 minuendi
1255 2072 1431 2100 desiderium.

1033 2118 1284 2152 lnterprelationem
1308 2122 1457 2152 sequuntur
1481 2122 1559 2150 noue,
1585 2126 1701 2153 quarum
1728 2119 1790 2148 alia

998 2164 1136 2191 variantes
1149 2164 1411 2191 exhibentcodicum
1428 2165 1674 2199 manuscriptorutn
1692 2164 1789 2193 lectio-

159 2209 333 2244 Slgistnundo
349 2210 476 2238 Geslenio
490 2212 530 2238 sic
546 2211 666 2246 loquitur
682 2220 688 2237 :
705 2210 771 2238 Erat
789 2212 815 2237 in
835 2217 945 2246 utroque
962 2214 984 2241 ι)
999 2217 1056 2242 nes,
1076 2210 1135 2237 alia:
1155 2216 1273 2237 veterem
1290 2209 1430 2237 historiam
1453 2218 1485 2237 ac
1508 2210 1722 2245 philosophiam,
1737 2212 1788 2240 do-

158 2255 252 2282 liorum
269 2257 384 2283 virorum
401 2265 495 2291 magna
513 2257 642 2286 doctrina.
659 2262 686 2283 ut
698 2257 795 2290 scripta
811 2258 945 2291 utriusque

159 2306 300 2329 testantur.
313 2301 365 2328 Sed
379 2303 406 2328 in
422 2302 542 2329 Geslenio
557 2303 642 2337 major
655 2303 776 2334 quietiam
798 2303 892 2338 ingenii
910 2304 946 2330 vis

158 2346 320 2380 etjudicium
333 2348 422 2373 acrius
434 2348 494 2382 fuit.
512 2347 588 2380 Quod
604 2356 662 2374 cum
679 2347 754 2374 multi
771 2348 893 2382 prwclari
907 2349 948 2375 lu-

159 2393 233 2419 bores
257 2392 329 2420 illius
344 2394 394 2420 viri
418 2398 558 2424 testantur.
576 2399 632 2420 tum
647 2395 761 2420 maxime
787 2394 946 2427 interpreta-

158 2438 243 2464 tiones
267 2437 369 2464 Latiua:
392 2437 512 2472 Dionysii
540 2437 796 2472 llulicarnasaeusis,
819 2439 946 2473 Appiani,

160 2481 281 2509 Philonis
303 2483 363 2509 item
389 2491 420 2509 uc
435 2483 554 2516 loseplti,
571 2483 691 2518 Origenis
711 2490 734 2510 et
752 2484 876 2511 aliorum.
905 2484 948 2512 Ea“.

160 2529 254 2562 quibus
277 2534 384 2562 apparet
412 2537 470 2554 eum
491 2530 627 2556 excellenti
645 2530 748 2564 ingenio
770 2536 793 2556 et
817 2531 947 2565 singulari

160 2575 282 2601 doctrina
295 2575 436 2609 prwditum
453 2575 544 2608 fuisse.
565 2577 605 2602 Ad
620 2582 677 2602 rem
698 2577 810 2611 propius
840 2578 946 2604 accedit

160 2621 362 2648 illustrissimus
377 2621 491 2650 lluctius
511 2623 580 2650 libro
599 2622 636 2650 De
654 2624 732 2650 claris
751 2624 946 2658 interpretibus.

161 2673 222 2700 pag.
254 2665 317 2692 2⁸25.
344 2665 377 2693 1η
407 2668 438 2693 iis
459 2676 570 2702 quoque,
604 2669 700 2702 inquit,
729 2674 881 2695 numeratur
901 2670 944 2696 Si-

159 2711 316 2745 gismundus
337 2711 481 2742 Gesleuius.
509 2713 649 2745 Boliemus,
666 2723 716 2748 quo
742 2716 786 2742 uia:
807 2716 946 2750 quisquam

161 2756 280 2790 pluribus
291 2758 359 2785 hanc
373 2765 456 2786 artem
472 2762 645 2788 monumentis
659 2761 764 2788 ditavit.
791 2761 908 2787 Disertus
921 2762 947 2788 iu

162 2802 252 2836 primis
265 2802 369 2830 habitus
390 2810 427 2832 est
441 2811 464 2832 et
485 2805 607 2841 elegans:
632 2806 721 2833 audax
737 2806 946 2840 constringendis

161 2849 281 2881 pluribus
310 2851 335 2877 in
359 2859 437 2879 unum
454 2853 570 2887 periodis
595 2853 836 2888 reldiijungeudir,
855 2860 946 2879 sensus

999 2261 1087 2291 gtnata
1102 2257 1249 2288 interdutn,
1271 2264 1304 2283 ac
1320 2256 1439 2291 priscam
1468 2255 1596 2283 Ecclesiae
1614 2257 1788 2292 disciplinam

998 2303 1146 2331 elucidant.
1180 2302 1278 2329 [larum
1304 2310 1367 2336 pars
1391 2303 1477 2337 major
1504 2303 1616 2330 debetur
1641 2303 1790 2331 Guillelmo

999 2350 1146 2384 Spencero,
1161 2349 1280 2383 quicum
1296 2349 1391 2376 Graece
1407 2352 1511 2374 taulutn
1533 2348 1692 2375 Graecorum
1716 2350 1787 2376 scri—

999 2401 1106 2430 ptorum
1120 2394 1273 2422 testimonia
1289 2394 1440 2429 protulerit,
1463 2394 1636 2428 adjunximus
1660 2393 1788 2421 Latinam

999 2441 1258 2476 interpretationem,
1287 2448 1321 2466 ne
1352 2439 1446 2466 Gratce
1473 2440 1607 2474 imperitis
1638 2440 1789 2467 lectoribus

1000 2486 1149 2513 molestiam
1184 2486 1365 2515 lacesserent,
1390 2485 1490 2519 quippe
1515 2476 1614 2518 quibus
1643 2489 1724 2511 antea
1754 2485 1784 2513 ad

999 2531 1119 2566 singulos
1141 2535 1269 2558 auctores
1290 2531 1360 2557 unde
1386 2531 1431 2557 illa
1459 2531 1514 2557 loca
1531 2530 1672 2564 exscripta
1694 2536 1785 2561 erant.

1000 2577 1193 2604 recurrentium
1209 2580 1279 2608 erat,
1296 2581 1325 2603 u'.
1341 2583 1435 2602 eorum
1453 2575 1709 2610 interpretationem
1736 2577 1785 2603 ha-

999 2623 1104 2650 berent.
1123 2621 1256 2649 Praeterea
1267 2630 1282 2649 e
1293 2621 1423 2656 Spcnceri
1441 2621 1512 2647 natis
1529 2621 1672 2647 nonnullas
1691 2621 1791 2648 recidi-

1001 2677 1069 2701 mus,
1084 2673 1176 2703 utpote
1186 2675 1246 2704 qua:
1263 2668 1328 2694 nihil
1338 2668 1465 2694 docerent
1479 2665 1551 2699 quod
1568 2667 1594 2692 in
1612 2666 1705 2694 Huetii
1724 2667 1789 2695 Ori-

999 2715 1117 2749 genituris
1134 2714 1218 2740 iusius
1231 2721 1282 2740 non
1297 2714 1332 2739 sit
1347 2715 1551 2746 pertractatum.
1567 2711 1690 2747 Denique
1702 2714 1789 2742 totius

999 2761 1088 2795 operis
1117 2759 1195 2786 fronti
1223 2760 1330 2793 pnelixa
1358 2762 1401 2784 est
1420 2757 1570 2784 admonitio
1597 2766 1651 2792 qua
1674 2759 1791 2788 docetur

1000 2813 1054 2840 quo
1065 2810 1185 2839 tempore
1202 2804 1309 2835 vixerit,
1325 2810 1384 2837 qua:
1398 2803 1549 2837 scripserit,
1567 2803 1609 2830 cui
1625 2804 1709 2831 etiam
1729 2806 1790 2840 phi-

1001 2851 1172 2885 losopliorum
1202 2854 1282 2877 secta!
1313 2856 1341 2876 se
1368 2847 1521 2882 adiunxerit
1549 2848 1643 2876 Celsus
1675 2850 1788 2884 quicum
