  <div class='ocr_page' id='page_1' title='image "/cluster/home/n/w/nwhite01/storage/ocr_20150623/11/njp.32101077772414/024.png"; bbox 0 0 1883 3072; ppageno 0'>
   <div class='ocr_carea' id='block_1_1' title="bbox 134 136 1756 178">
    <p class='ocr_par' dir='ltr' id='par_1_1' title="bbox 134 136 1756 178">
     <span class='ocr_line' id='line_1_1' title="bbox 134 136 1756 178; baseline 0 -7"><span class='ocrx_word' id='word_1_1' title='bbox 134 151 166 178; x_wconf 64' lang='grc' dir='ltr'>ιθ</span> <span class='ocrx_word' id='word_1_2' title='bbox 839 142 1036 171; x_wconf 67' lang='lat' dir='ltr'><strong>PREFATIO.</strong></span> <span class='ocrx_word' id='word_1_3' title='bbox 1721 136 1756 164; x_wconf 69' lang='lat'><strong>30</strong></span> 
     </span>
    </p>
   </div>
   <div class='ocr_carea' id='block_1_2' title="bbox 135 199 1754 243">
    <p class='ocr_par' dir='ltr' id='par_1_2' title="bbox 135 199 1754 243">
     <span class='ocr_line' id='line_1_2' title="bbox 135 199 1754 243; baseline -0.007 -6"><span class='ocrx_word' id='word_1_4' title='bbox 135 209 239 243; x_wconf 76' lang='lat' dir='ltr'><strong>Drigcni</strong></span> <span class='ocrx_word' id='word_1_5' title='bbox 252 215 295 235; x_wconf 83' lang='lat' dir='ltr'><strong>res</strong></span> <span class='ocrx_word' id='word_1_6' title='bbox 309 213 368 240; x_wconf 85' lang='lat' dir='ltr'><strong>est;</strong></span> <span class='ocrx_word' id='word_1_7' title='bbox 381 214 436 241; x_wconf 83' lang='lat' dir='ltr'><strong>quo</strong></span> <span class='ocrx_word' id='word_1_8' title='bbox 455 211 576 241; x_wconf 86' lang='lat' dir='ltr'><strong>tempore</strong></span> <span class='ocrx_word' id='word_1_9' title='bbox 591 206 806 234; x_wconf 77' lang='lat' dir='ltr'><strong>adversusillum</strong></span> <span class='ocrx_word' id='word_1_10' title='bbox 822 205 916 239; x_wconf 85' lang='lat' dir='ltr'><strong>scripti</strong></span> <span class='ocrx_word' id='word_1_11' title='bbox 932 206 955 233; x_wconf 82' lang='lat' dir='ltr'><strong>A</strong></span> <span class='ocrx_word' id='word_1_12' title='bbox 969 204 996 232; x_wconf 88' lang='lat' dir='ltr'><strong>in</strong></span> <span class='ocrx_word' id='word_1_13' title='bbox 1014 213 1041 232; x_wconf 89' lang='lat' dir='ltr'><strong>re</strong></span> <span class='ocrx_word' id='word_1_14' title='bbox 1054 205 1166 232; x_wconf 90' lang='lat' dir='ltr'><strong>multum</strong></span> <span class='ocrx_word' id='word_1_15' title='bbox 1183 205 1207 232; x_wconf 84' lang='lat' dir='ltr'><strong>ei</strong></span> <span class='ocrx_word' id='word_1_16' title='bbox 1224 205 1326 240; x_wconf 88' lang='lat' dir='ltr'><strong>profuit</strong></span> <span class='ocrx_word' id='word_1_17' title='bbox 1339 203 1454 231; x_wconf 78' lang='lat' dir='ltr'><strong>Joannis</strong></span> <span class='ocrx_word' id='word_1_18' title='bbox 1473 201 1530 229; x_wconf 85' lang='lat' dir='ltr'><strong>Pici</strong></span> <span class='ocrx_word' id='word_1_19' title='bbox 1552 199 1754 236; x_wconf 77' lang='lat' dir='ltr'><strong>Interpretatio,</strong></span> 
     </span>
    </p>
   </div>
   <div class='ocr_carea' id='block_1_3' title="bbox 133 252 917 288">
    <p class='ocr_par' dir='ltr' id='par_1_3' title="bbox 133 252 917 288">
     <span class='ocr_line' id='line_1_3' title="bbox 133 252 917 288; baseline -0.008 -4"><span class='ocrx_word' id='word_1_20' title='bbox 133 257 185 284; x_wconf 76' lang='lat' dir='ltr'><strong>sint</strong></span> <span class='ocrx_word' id='word_1_21' title='bbox 206 259 268 281; x_wconf 82' lang='lat' dir='ltr'><strong>octo</strong></span> <span class='ocrx_word' id='word_1_22' title='bbox 290 253 418 288; x_wconf 72' lang='lat' dir='ltr'><strong>Origenis</strong></span> <span class='ocrx_word' id='word_1_23' title='bbox 438 252 521 285; x_wconf 86' lang='lat' dir='ltr'><strong>libri;</strong></span> <span class='ocrx_word' id='word_1_24' title='bbox 541 254 651 287; x_wconf 76' lang='lat' dir='ltr'><strong>quantis</strong></span> <span class='ocrx_word' id='word_1_25' title='bbox 673 253 797 280; x_wconf 86' lang='lat' dir='ltr'><strong>laudibus</strong></span> <span class='ocrx_word' id='word_1_26' title='bbox 819 253 917 279; x_wconf 82' lang='lat' dir='ltr'><strong>eximia</strong></span> 
     </span>
    </p>
   </div>
   <div class='ocr_carea' id='block_1_4' title="bbox 131 299 919 335">
    <p class='ocr_par' dir='ltr' id='par_1_4' title="bbox 131 299 919 335">
     <span class='ocr_line' id='line_1_4' title="bbox 131 299 919 335; baseline -0.005 -5"><span class='ocrx_word' id='word_1_27' title='bbox 131 303 173 330; x_wconf 87' lang='lat' dir='ltr'><strong>illa</strong></span> <span class='ocrx_word' id='word_1_28' title='bbox 191 301 356 329; x_wconf 69' lang='lat' dir='ltr'><strong>Christiana!</strong></span> <span class='ocrx_word' id='word_1_29' title='bbox 366 299 505 334; x_wconf 72' lang='lat' dir='ltr'><strong>religionis</strong></span> <span class='ocrx_word' id='word_1_30' title='bbox 518 299 647 335; x_wconf 67' lang='lat' dir='ltr'><strong>Apologia</strong></span> <span class='ocrx_word' id='word_1_31' title='bbox 663 304 690 326; x_wconf 88' lang='lat' dir='ltr'><strong>et</strong></span> <span class='ocrx_word' id='word_1_32' title='bbox 707 307 722 326; x_wconf 90' lang='lat' dir='ltr'><strong>a</strong></span> <span class='ocrx_word' id='word_1_33' title='bbox 741 300 879 327; x_wconf 88' lang='lat' dir='ltr'><strong>veterilms</strong></span> <span class='ocrx_word' id='word_1_34' title='bbox 892 304 919 326; x_wconf 87' lang='lat' dir='ltr'><strong>et</strong></span> 
     </span>
    </p>
   </div>
   <div class='ocr_carea' id='block_1_5' title="bbox 132 346 535 375">
    <p class='ocr_par' dir='ltr' id='par_1_5' title="bbox 132 346 535 375">
     <span class='ocr_line' id='line_1_5' title="bbox 132 346 535 375; baseline -0.007 0"><span class='ocrx_word' id='word_1_35' title='bbox 132 356 146 375; x_wconf 85' lang='lat' dir='ltr'><strong>a</strong></span> <span class='ocrx_word' id='word_1_36' title='bbox 166 346 366 375; x_wconf 80' lang='lat' dir='ltr'><strong>recentioribus</strong></span> <span class='ocrx_word' id='word_1_37' title='bbox 377 350 535 372; x_wconf 76' lang='lat' dir='ltr'><strong>exornetur.</strong></span> 
     </span>
    </p>
   </div>
   <div class='ocr_carea' id='block_1_6' title="bbox 130 423 919 459">
    <p class='ocr_par' dir='ltr' id='par_1_6' title="bbox 130 423 919 459">
     <span class='ocr_line' id='line_1_6' title="bbox 130 423 919 459; baseline -0.005 -5"><span class='ocrx_word' id='word_1_38' title='bbox 130 427 169 454; x_wconf 88' lang='lat' dir='ltr'><strong>De</strong></span> <span class='ocrx_word' id='word_1_39' title='bbox 179 425 323 459; x_wconf 68' lang='lat' dir='ltr'><strong>suppoailil</strong></span> <span class='ocrx_word' id='word_1_40' title='bbox 334 423 445 459; x_wconf 73' lang='lat' dir='ltr'><strong>Origeni</strong></span> <span class='ocrx_word' id='word_1_41' title='bbox 455 423 587 459; x_wconf 57' lang='lat' dir='ltr'><strong>operibus.</strong></span> <span class='ocrx_word' id='word_1_42' title='bbox 602 431 633 449; x_wconf 87' lang='lat' dir='ltr'><strong>ac</strong></span> <span class='ocrx_word' id='word_1_43' title='bbox 648 424 761 456; x_wconf 80' lang='lat' dir='ltr'><strong>primunt</strong></span> <span class='ocrx_word' id='word_1_44' title='bbox 777 424 808 450; x_wconf 81' lang='lat' dir='ltr'><strong>de</strong></span> <span class='ocrx_word' id='word_1_45' title='bbox 825 423 919 450; x_wconf 84' lang='lat' dir='ltr'><strong>Dialo-</strong></span> 
     </span>
    </p>
   </div>
   <div class='ocr_carea' id='block_1_7' title="bbox 165 457 883 496">
    <p class='ocr_par' dir='ltr' id='par_1_7' title="bbox 165 457 883 496">
     <span class='ocr_line' id='line_1_7' title="bbox 165 457 883 496; baseline -0.004 -8"><span class='ocrx_word' id='word_1_46' title='bbox 165 470 197 496; x_wconf 85' lang='lat' dir='ltr'><strong>go</strong></span> <span class='ocrx_word' id='word_1_47' title='bbox 211 457 302 488; x_wconf 69' lang='lat' dir='ltr'><strong>contra</strong></span> <span class='ocrx_word' id='word_1_48' title='bbox 314 457 498 491; x_wconf 78' lang='lat' dir='ltr'><strong>Marcionitas,</strong></span> <span class='ocrx_word' id='word_1_49' title='bbox 509 466 554 485; x_wconf 76' lang='lat' dir='ltr'><strong>seu</strong></span> <span class='ocrx_word' id='word_1_50' title='bbox 563 457 600 485; x_wconf 94' lang='lat' dir='ltr'><strong>De</strong></span> <span class='ocrx_word' id='word_1_51' title='bbox 613 463 682 485; x_wconf 82' lang='lat' dir='ltr'><strong>recta</strong></span> <span class='ocrx_word' id='word_1_52' title='bbox 692 459 718 485; x_wconf 88' lang='lat' dir='ltr'><strong>in</strong></span> <span class='ocrx_word' id='word_1_53' title='bbox 730 459 811 486; x_wconf 88' lang='lat' dir='ltr'><strong>Deum</strong></span> <span class='ocrx_word' id='word_1_54' title='bbox 821 459 883 493; x_wconf 79' lang='lat' dir='ltr'><strong>ﬁde.</strong></span> 
     </span>
    </p>
   </div>
   <div class='ocr_carea' id='block_1_8' title="bbox 164 525 921 561">
    <p class='ocr_par' dir='ltr' id='par_1_8' title="bbox 164 525 921 561">
     <span class='ocr_line' id='line_1_8' title="bbox 164 525 921 561; baseline -0.003 -7"><span class='ocrx_word' id='word_1_55' title='bbox 164 527 307 555; x_wconf 82' lang='lat' dir='ltr'><strong>Geuuinas</strong></span> <span class='ocrx_word' id='word_1_56' title='bbox 320 525 444 561; x_wconf 75' lang='lat' dir='ltr'><strong>Origenis</strong></span> <span class='ocrx_word' id='word_1_57' title='bbox 462 526 625 560; x_wconf 76' lang='lat' dir='ltr'><strong>scriptiones</strong></span> <span class='ocrx_word' id='word_1_58' title='bbox 645 531 796 561; x_wconf 80' lang='lat' dir='ltr'><strong>sequuntur</strong></span> <span class='ocrx_word' id='word_1_59' title='bbox 818 526 921 560; x_wconf 89' lang='lat' dir='ltr'><strong>aliquot</strong></span> 
     </span>
    </p>
   </div>
   <div class='ocr_carea' id='block_1_9' title="bbox 127 572 920 609">
    <p class='ocr_par' dir='ltr' id='par_1_9' title="bbox 127 572 920 609">
     <span class='ocr_line' id='line_1_9' title="bbox 127 572 920 609; baseline -0.003 -9"><span class='ocrx_word' id='word_1_60' title='bbox 127 574 240 609; x_wconf 55' lang='lat' dir='ltr'><strong>spuria,</strong></span> <span class='ocrx_word' id='word_1_61' title='bbox 258 572 379 606; x_wconf 78' lang='lat' dir='ltr'><strong>dialogus</strong></span> <span class='ocrx_word' id='word_1_62' title='bbox 407 572 534 598; x_wconf 85' lang='lat' dir='ltr'><strong>nimirum</strong></span> <span class='ocrx_word' id='word_1_63' title='bbox 551 572 589 599; x_wconf 85' lang='lat' dir='ltr'><strong>b&#39;e</strong></span> <span class='ocrx_word' id='word_1_64' title='bbox 614 577 685 598; x_wconf 78' lang='lat' dir='ltr'><strong>recta</strong></span> <span class='ocrx_word' id='word_1_65' title='bbox 709 572 736 598; x_wconf 85' lang='lat' dir='ltr'><strong>in</strong></span> <span class='ocrx_word' id='word_1_66' title='bbox 754 572 834 598; x_wconf 82' lang='lat' dir='ltr'><strong>Deum</strong></span> <span class='ocrx_word' id='word_1_67' title='bbox 856 572 920 605; x_wconf 81' lang='lat' dir='ltr'><strong>ﬁde,</strong></span> 
     </span>
    </p>
   </div>
   <div class='ocr_carea' id='block_1_10' title="bbox 128 616 921 651">
    <p class='ocr_par' dir='ltr' id='par_1_10' title="bbox 128 616 921 651">
     <span class='ocr_line' id='line_1_10' title="bbox 128 616 921 651; baseline -0.001 -7"><span class='ocrx_word' id='word_1_68' title='bbox 128 618 181 650; x_wconf 78' lang='lat' dir='ltr'><strong>vel,</strong></span> <span class='ocrx_word' id='word_1_69' title='bbox 198 623 229 644; x_wconf 93' lang='lat' dir='ltr'><strong>ut</strong></span> <span class='ocrx_word' id='word_1_70' title='bbox 252 618 280 644; x_wconf 91' lang='lat' dir='ltr'><strong>in</strong></span> <span class='ocrx_word' id='word_1_71' title='bbox 303 617 364 644; x_wconf 85' lang='lat' dir='ltr'><strong>aliis</strong></span> <span class='ocrx_word' id='word_1_72' title='bbox 386 616 589 650; x_wconf 80' lang='lat' dir='ltr'><strong>exeitiplaribus</strong></span> <span class='ocrx_word' id='word_1_73' title='bbox 611 616 722 651; x_wconf 76' lang='lat' dir='ltr'><strong>legitur,</strong></span> <span class='ocrx_word' id='word_1_74' title='bbox 738 622 830 643; x_wconf 80' lang='lat' dir='ltr'><strong>contra</strong></span> <span class='ocrx_word' id='word_1_75' title='bbox 847 616 921 643; x_wconf 79' lang='lat' dir='ltr'><strong>Mar-</strong></span> 
     </span>
    </p>
   </div>
   <div class='ocr_carea' id='block_1_11' title="bbox 127 662 920 697">
    <p class='ocr_par' dir='ltr' id='par_1_11' title="bbox 127 662 920 697">
     <span class='ocr_line' id='line_1_11' title="bbox 127 662 920 697; baseline -0.003 -6"><span class='ocrx_word' id='word_1_76' title='bbox 127 666 261 696; x_wconf 74' lang='lat' dir='ltr'><strong>cianum;</strong></span> <span class='ocrx_word' id='word_1_77' title='bbox 279 668 306 691; x_wconf 91' lang='lat' dir='ltr'><strong>et</strong></span> <span class='ocrx_word' id='word_1_78' title='bbox 326 663 584 696; x_wconf 62' lang='grc' dir='ltr'><strong>Φιλοσοφούμενα,</strong></span> <span class='ocrx_word' id='word_1_79' title='bbox 599 670 646 689; x_wconf 84' lang='lat' dir='ltr'><strong>seu</strong></span> <span class='ocrx_word' id='word_1_80' title='bbox 673 662 742 689; x_wconf 85' lang='lat' dir='ltr'><strong>liber</strong></span> <span class='ocrx_word' id='word_1_81' title='bbox 766 662 802 688; x_wconf 84' lang='lat' dir='ltr'><strong>De</strong></span> <span class='ocrx_word' id='word_1_82' title='bbox 817 662 920 697; x_wconf 76' lang='lat' dir='ltr'><strong>placitis</strong></span> 
     </span>
    </p>
   </div>
   <div class='ocr_carea' id='block_1_12' title="bbox 127 707 921 745">
    <p class='ocr_par' dir='ltr' id='par_1_12' title="bbox 127 707 921 745">
     <span class='ocr_line' id='line_1_12' title="bbox 127 707 921 745; baseline -0.004 -8"><span class='ocrx_word' id='word_1_83' title='bbox 127 710 359 745; x_wconf 68' lang='lat' dir='ltr'><strong>philosophorum.</strong></span> <span class='ocrx_word' id='word_1_84' title='bbox 385 708 524 741; x_wconf 74' lang='lat' dir='ltr'><strong>Dialogum</strong></span> <span class='ocrx_word' id='word_1_85' title='bbox 550 708 656 742; x_wconf 84' lang='lat' dir='ltr'><strong>primus</strong></span> <span class='ocrx_word' id='word_1_86' title='bbox 679 707 800 735; x_wconf 84' lang='lat' dir='ltr'><strong>omnium</strong></span> <span class='ocrx_word' id='word_1_87' title='bbox 827 707 921 735; x_wconf 63' lang='grc' dir='ltr'><strong>(ΣΙ-προ</strong></span> 
     </span>
    </p>
   </div>
   <div class='ocr_carea' id='block_1_13' title="bbox 127 753 921 782">
    <p class='ocr_par' dir='ltr' id='par_1_13' title="bbox 127 753 921 782">
     <span class='ocr_line' id='line_1_13' title="bbox 127 753 921 782; baseline -0.001 0"><span class='ocrx_word' id='word_1_88' title='bbox 127 756 210 782; x_wconf 80' lang='lat' dir='ltr'><strong>simul</strong></span> <span class='ocrx_word' id='word_1_89' title='bbox 226 759 253 782; x_wconf 87' lang='lat' dir='ltr'><strong>et</strong></span> <span class='ocrx_word' id='word_1_90' title='bbox 275 754 370 781; x_wconf 83' lang='lat' dir='ltr'><strong>Latiae</strong></span> <span class='ocrx_word' id='word_1_91' title='bbox 385 754 411 780; x_wconf 90' lang='lat' dir='ltr'><strong>in</strong></span> <span class='ocrx_word' id='word_1_92' title='bbox 425 753 513 782; x_wconf 84' lang='lat' dir='ltr'><strong>lucem</strong></span> <span class='ocrx_word' id='word_1_93' title='bbox 533 754 618 781; x_wconf 80' lang='lat' dir='ltr'><strong>edidit</strong></span> <span class='ocrx_word' id='word_1_94' title='bbox 633 754 746 781; x_wconf 72' lang='lat' dir='ltr'><strong>Basilea:</strong></span> <span class='ocrx_word' id='word_1_95' title='bbox 762 762 834 781; x_wconf 90' lang='lat' dir='ltr'><strong>anno</strong></span> <span class='ocrx_word' id='word_1_96' title='bbox 853 754 921 782; x_wconf 69' lang='lat' dir='ltr'><strong>l67£</strong></span> 
     </span>
    </p>
   </div>
   <div class='ocr_carea' id='block_1_14' title="bbox 127 799 920 835">
    <p class='ocr_par' dir='ltr' id='par_1_14' title="bbox 127 799 920 835">
     <span class='ocr_line' id='line_1_14' title="bbox 127 799 920 835; baseline -0.004 -5"><span class='ocrx_word' id='word_1_97' title='bbox 127 801 250 830; x_wconf 69' lang='lat' dir='ltr'><strong>Joannes</strong></span> <span class='ocrx_word' id='word_1_98' title='bbox 262 801 417 834; x_wconf 69' lang='lat' dir='ltr'><strong>fimlolphus</strong></span> <span class='ocrx_word' id='word_1_99' title='bbox 442 799 625 832; x_wconf 82' lang='lat' dir='ltr'><strong>Wctstenius,</strong></span> <span class='ocrx_word' id='word_1_100' title='bbox 647 801 694 835; x_wconf 91' lang='lat' dir='ltr'><strong>qui</strong></span> <span class='ocrx_word' id='word_1_101' title='bbox 716 801 742 827; x_wconf 91' lang='lat' dir='ltr'><strong>in</strong></span> <span class='ocrx_word' id='word_1_102' title='bbox 760 799 920 834; x_wconf 72' lang='lat' dir='ltr'><strong>prmfatione</strong></span> 
     </span>
    </p>
   </div>
   <div class='ocr_carea' id='block_1_15' title="bbox 128 845 921 881">
    <p class='ocr_par' dir='ltr' id='par_1_15' title="bbox 128 845 921 881">
     <span class='ocr_line' id='line_1_15' title="bbox 128 845 921 881; baseline -0.003 -6"><span class='ocrx_word' id='word_1_103' title='bbox 128 848 163 875; x_wconf 79' lang='lat' dir='ltr'><strong>ad</strong></span> <span class='ocrx_word' id='word_1_104' title='bbox 177 847 311 875; x_wconf 75' lang='lat' dir='ltr'><strong>lectorem</strong></span> <span class='ocrx_word' id='word_1_105' title='bbox 328 847 418 874; x_wconf 91' lang='lat' dir='ltr'><strong>onmia</strong></span> <span class='ocrx_word' id='word_1_106' title='bbox 433 851 523 874; x_wconf 87' lang='lat' dir='ltr'><strong>movet</strong></span> <span class='ocrx_word' id='word_1_107' title='bbox 537 852 696 881; x_wconf 70' lang='lat' dir='ltr'><strong>argumenta</strong></span> <span class='ocrx_word' id='word_1_108' title='bbox 711 851 742 874; x_wconf 90' lang='lat' dir='ltr'><strong>ut</strong></span> <span class='ocrx_word' id='word_1_109' title='bbox 755 847 844 881; x_wconf 84' lang='lat' dir='ltr'><strong>ipsum</strong></span> <span class='ocrx_word' id='word_1_110' title='bbox 860 845 921 874; x_wconf 84' lang='lat' dir='ltr'><strong>Ori-</strong></span> 
     </span>
    </p>
   </div>
   <div class='ocr_carea' id='block_1_16' title="bbox 972 244 1756 278">
    <p class='ocr_par' dir='ltr' id='par_1_16' title="bbox 972 244 1756 278">
     <span class='ocr_line' id='line_1_16' title="bbox 972 244 1756 278; baseline -0.008 -2"><span class='ocrx_word' id='word_1_111' title='bbox 972 250 1057 277; x_wconf 88' lang='lat' dir='ltr'><strong>multo</strong></span> <span class='ocrx_word' id='word_1_112' title='bbox 1072 250 1210 278; x_wconf 83' lang='lat' dir='ltr'><strong>astrictior</strong></span> <span class='ocrx_word' id='word_1_113' title='bbox 1223 249 1311 277; x_wconf 85' lang='lat' dir='ltr'><strong>verbis</strong></span> <span class='ocrx_word' id='word_1_114' title='bbox 1325 248 1428 275; x_wconf 65' lang='lat' dir='ltr'><strong>Graecis</strong></span> <span class='ocrx_word' id='word_1_115' title='bbox 1439 253 1466 274; x_wconf 85' lang='lat' dir='ltr'><strong>et</strong></span> <span class='ocrx_word' id='word_1_116' title='bbox 1481 247 1572 274; x_wconf 89' lang='lat' dir='ltr'><strong>multis</strong></span> <span class='ocrx_word' id='word_1_117' title='bbox 1586 246 1612 272; x_wconf 92' lang='lat' dir='ltr'><strong>in</strong></span> <span class='ocrx_word' id='word_1_118' title='bbox 1627 244 1696 272; x_wconf 74' lang='lat' dir='ltr'><strong>locis</strong></span> <span class='ocrx_word' id='word_1_119' title='bbox 1711 244 1756 270; x_wconf 94' lang='lat' dir='ltr'><strong>lu-</strong></span> 
     </span>
    </p>
   </div>
   <div class='ocr_carea' id='block_1_17' title="bbox 969 291 1758 328">
    <p class='ocr_par' dir='ltr' id='par_1_17' title="bbox 969 291 1758 328">
     <span class='ocr_line' id='line_1_17' title="bbox 969 291 1758 328; baseline -0.008 -5"><span class='ocrx_word' id='word_1_120' title='bbox 969 296 1112 324; x_wconf 87' lang='lat' dir='ltr'><strong>culentior.</strong></span> <span class='ocrx_word' id='word_1_121' title='bbox 1124 296 1178 323; x_wconf 78' lang='lat' dir='ltr'><strong>Nos</strong></span> <span class='ocrx_word' id='word_1_122' title='bbox 1193 295 1285 322; x_wconf 85' lang='lat' dir='ltr'><strong>multis</strong></span> <span class='ocrx_word' id='word_1_123' title='bbox 1304 295 1331 321; x_wconf 92' lang='lat' dir='ltr'><strong>in</strong></span> <span class='ocrx_word' id='word_1_124' title='bbox 1346 295 1414 321; x_wconf 81' lang='lat' dir='ltr'><strong>locis</strong></span> <span class='ocrx_word' id='word_1_125' title='bbox 1435 293 1597 328; x_wconf 76' lang='lat' dir='ltr'><strong>castigatam</strong></span> <span class='ocrx_word' id='word_1_126' title='bbox 1614 291 1701 318; x_wconf 84' lang='lat' dir='ltr'><strong>secuti</strong></span> <span class='ocrx_word' id='word_1_127' title='bbox 1711 298 1758 317; x_wconf 85' lang='lat' dir='ltr'><strong>su-</strong></span> 
     </span>
    </p>
   </div>
   <div class='ocr_carea' id='block_1_18' title="bbox 971 338 1754 376">
    <p class='ocr_par' dir='ltr' id='par_1_18' title="bbox 971 338 1754 376">
     <span class='ocr_line' id='line_1_18' title="bbox 971 338 1754 376; baseline -0.006 -7"><span class='ocrx_word' id='word_1_128' title='bbox 971 351 1030 370; x_wconf 85' lang='lat' dir='ltr'><strong>mus</strong></span> <span class='ocrx_word' id='word_1_129' title='bbox 1041 343 1241 373; x_wconf 84' lang='lat' dir='ltr'><strong>Perioniauam,</strong></span> <span class='ocrx_word' id='word_1_130' title='bbox 1258 341 1357 376; x_wconf 82' lang='lat' dir='ltr'><strong>quippe</strong></span> <span class='ocrx_word' id='word_1_131' title='bbox 1369 348 1429 374; x_wconf 71' lang='lat' dir='ltr'><strong>qua:</strong></span> <span class='ocrx_word' id='word_1_132' title='bbox 1446 340 1553 367; x_wconf 62' lang='lat' dir='ltr'><strong>caeteris</strong></span> <span class='ocrx_word' id='word_1_133' title='bbox 1565 339 1673 366; x_wconf 84' lang='lat' dir='ltr'><strong>duabus</strong></span> <span class='ocrx_word' id='word_1_134' title='bbox 1698 338 1754 365; x_wconf 83' lang='lat' dir='ltr'><strong>visa</strong></span> 
     </span>
    </p>
   </div>
   <div class='ocr_carea' id='block_1_19' title="bbox 969 385 1757 422">
    <p class='ocr_par' dir='ltr' id='par_1_19' title="bbox 969 385 1757 422">
     <span class='ocr_line' id='line_1_19' title="bbox 969 385 1757 422; baseline -0.006 -6"><span class='ocrx_word' id='word_1_135' title='bbox 969 390 1005 416; x_wconf 85' lang='lat' dir='ltr'><strong>sit</strong></span> <span class='ocrx_word' id='word_1_136' title='bbox 1017 390 1116 417; x_wconf 88' lang='lat' dir='ltr'><strong>clarior</strong></span> <span class='ocrx_word' id='word_1_137' title='bbox 1130 395 1157 416; x_wconf 86' lang='lat' dir='ltr'><strong>et</strong></span> <span class='ocrx_word' id='word_1_138' title='bbox 1168 388 1328 422; x_wconf 80' lang='lat' dir='ltr'><strong>elegantior.</strong></span> <span class='ocrx_word' id='word_1_139' title='bbox 1349 385 1491 413; x_wconf 85' lang='lat' dir='ltr'><strong>Wetsleuii</strong></span> <span class='ocrx_word' id='word_1_140' title='bbox 1523 390 1601 413; x_wconf 80' lang='lat' dir='ltr'><strong>tmtas</strong></span> <span class='ocrx_word' id='word_1_141' title='bbox 1618 386 1652 412; x_wconf 79' lang='lat' dir='ltr'><strong>ad</strong></span> <span class='ocrx_word' id='word_1_142' title='bbox 1666 390 1757 412; x_wconf 72' lang='lat' dir='ltr'><strong>extre-</strong></span> 
     </span>
    </p>
   </div>
   <div class='ocr_carea' id='block_1_20' title="bbox 971 431 1756 471">
    <p class='ocr_par' dir='ltr' id='par_1_20' title="bbox 971 431 1756 471">
     <span class='ocr_line' id='line_1_20' title="bbox 971 431 1756 471; baseline -0.009 -9"><span class='ocrx_word' id='word_1_143' title='bbox 971 444 1028 463; x_wconf 89' lang='lat' dir='ltr'><strong>mas</strong></span> <span class='ocrx_word' id='word_1_144' title='bbox 1042 436 1153 471; x_wconf 77' lang='lat' dir='ltr'><strong>paginas</strong></span> <span class='ocrx_word' id='word_1_145' title='bbox 1166 435 1356 469; x_wconf 77' lang='lat' dir='ltr'><strong>opposuimus.</strong></span> <span class='ocrx_word' id='word_1_146' title='bbox 1370 432 1485 467; x_wconf 79' lang='lat' dir='ltr'><strong>demptis</strong></span> <span class='ocrx_word' id='word_1_147' title='bbox 1498 432 1578 459; x_wconf 87' lang='lat' dir='ltr'><strong>modo</strong></span> <span class='ocrx_word' id='word_1_148' title='bbox 1589 431 1622 457; x_wconf 93' lang='lat' dir='ltr'><strong>iis</strong></span> <span class='ocrx_word' id='word_1_149' title='bbox 1635 438 1696 465; x_wconf 74' lang='lat' dir='ltr'><strong>(pta:</strong></span> <span class='ocrx_word' id='word_1_150' title='bbox 1711 435 1756 456; x_wconf 89' lang='lat' dir='ltr'><strong>:mt</strong></span> 
     </span>
    </p>
   </div>
   <div class='ocr_carea' id='block_1_21' title="bbox 970 476 1755 516">
    <p class='ocr_par' dir='ltr' id='par_1_21' title="bbox 970 476 1755 516">
     <span class='ocr_line' id='line_1_21' title="bbox 970 476 1755 516; baseline -0.008 -8"><span class='ocrx_word' id='word_1_151' title='bbox 970 482 1038 510; x_wconf 91' lang='lat' dir='ltr'><strong>nihil</strong></span> <span class='ocrx_word' id='word_1_152' title='bbox 1052 482 1194 509; x_wconf 80' lang='lat' dir='ltr'><strong>continent</strong></span> <span class='ocrx_word' id='word_1_153' title='bbox 1210 488 1290 516; x_wconf 92' lang='lat' dir='ltr'><strong>quam</strong></span> <span class='ocrx_word' id='word_1_154' title='bbox 1304 479 1375 515; x_wconf 71' lang='lat' dir='ltr'><strong>quod</strong></span> <span class='ocrx_word' id='word_1_155' title='bbox 1396 478 1449 511; x_wconf 89' lang='lat' dir='ltr'><strong>iam</strong></span> <span class='ocrx_word' id='word_1_156' title='bbox 1467 485 1482 504; x_wconf 88' lang='lat' dir='ltr'><strong>a</strong></span> <span class='ocrx_word' id='word_1_157' title='bbox 1501 476 1639 512; x_wconf 85' lang='lat' dir='ltr'><strong>Spencero</strong></span> <span class='ocrx_word' id='word_1_158' title='bbox 1661 476 1694 503; x_wconf 89' lang='lat' dir='ltr'><strong>ad</strong></span> <span class='ocrx_word' id='word_1_159' title='bbox 1722 476 1755 502; x_wconf 91' lang='lat' dir='ltr'><strong>li-</strong></span> 
     </span>
    </p>
   </div>
   <div class='ocr_carea' id='block_1_22' title="bbox 970 523 1758 555">
    <p class='ocr_par' dir='ltr' id='par_1_22' title="bbox 970 523 1758 555">
     <span class='ocr_line' id='line_1_22' title="bbox 970 523 1758 555; baseline -0.008 0"><span class='ocrx_word' id='word_1_160' title='bbox 970 528 1035 555; x_wconf 89' lang='lat' dir='ltr'><strong>bros</strong></span> <span class='ocrx_word' id='word_1_161' title='bbox 1057 533 1149 555; x_wconf 84' lang='lat' dir='ltr'><strong>contra</strong></span> <span class='ocrx_word' id='word_1_162' title='bbox 1163 526 1269 554; x_wconf 77' lang='lat' dir='ltr'><strong>Celsum</strong></span> <span class='ocrx_word' id='word_1_163' title='bbox 1286 526 1375 554; x_wconf 79' lang='lat' dir='ltr'><strong>fuerat</strong></span> <span class='ocrx_word' id='word_1_164' title='bbox 1389 525 1576 554; x_wconf 79' lang='lat' dir='ltr'><strong>observatum.</strong></span> <span class='ocrx_word' id='word_1_165' title='bbox 1598 528 1645 549; x_wconf 89' lang='lat' dir='ltr'><strong>aut</strong></span> <span class='ocrx_word' id='word_1_166' title='bbox 1662 523 1758 550; x_wconf 87' lang='lat' dir='ltr'><strong>catho-</strong></span> 
     </span>
    </p>
   </div>
   <div class='ocr_carea' id='block_1_23' title="bbox 971 568 1755 608">
    <p class='ocr_par' dir='ltr' id='par_1_23' title="bbox 971 568 1755 608">
     <span class='ocr_line' id='line_1_23' title="bbox 971 568 1755 608; baseline -0.006 -8"><span class='ocrx_word' id='word_1_167' title='bbox 971 574 1030 601; x_wconf 70' lang='lat' dir='ltr'><strong>lica:</strong></span> <span class='ocrx_word' id='word_1_168' title='bbox 1046 574 1106 600; x_wconf 86' lang='lat' dir='ltr'><strong>fidei</strong></span> <span class='ocrx_word' id='word_1_169' title='bbox 1132 573 1252 608; x_wconf 87' lang='lat' dir='ltr'><strong>apertitts</strong></span> <span class='ocrx_word' id='word_1_170' title='bbox 1274 572 1463 603; x_wconf 81' lang='lat' dir='ltr'><strong>adversantur,</strong></span> <span class='ocrx_word' id='word_1_171' title='bbox 1485 575 1512 598; x_wconf 84' lang='lat' dir='ltr'><strong>et</strong></span> <span class='ocrx_word' id='word_1_172' title='bbox 1533 570 1559 597; x_wconf 88' lang='lat' dir='ltr'><strong>in</strong></span> <span class='ocrx_word' id='word_1_173' title='bbox 1586 568 1755 603; x_wconf 76' lang='lat' dir='ltr'><strong>Origenianis</strong></span> 
     </span>
    </p>
   </div>
   <div class='ocr_carea' id='block_1_24' title="bbox 971 619 1312 647">
    <p class='ocr_par' dir='ltr' id='par_1_24' title="bbox 971 619 1312 647">
     <span class='ocr_line' id='line_1_24' title="bbox 971 619 1312 647; baseline -0.003 -1"><span class='ocrx_word' id='word_1_174' title='bbox 971 619 1061 647; x_wconf 80' lang='lat' dir='ltr'><strong>lluetii</strong></span> <span class='ocrx_word' id='word_1_175' title='bbox 1073 620 1219 647; x_wconf 74' lang='lat' dir='ltr'><strong>confutata:</strong></span> <span class='ocrx_word' id='word_1_176' title='bbox 1237 623 1312 646; x_wconf 87' lang='lat' dir='ltr'><strong>sunt.</strong></span> 
     </span>
    </p>
   </div>
   <div class='ocr_carea' id='block_1_25' title="bbox 1222 663 1522 699">
    <p class='ocr_par' dir='ltr' id='par_1_25' title="bbox 1222 663 1522 699">
     <span class='ocr_line' id='line_1_25' title="bbox 1222 663 1522 699; baseline -0.007 -6"><span class='ocrx_word' id='word_1_177' title='bbox 1222 665 1258 692; x_wconf 87' lang='lat' dir='ltr'><strong>De</strong></span> <span class='ocrx_word' id='word_1_178' title='bbox 1270 664 1459 697; x_wconf 79' lang='lat' dir='ltr'><strong>Philosophicir</strong></span> <span class='ocrx_word' id='word_1_179' title='bbox 1472 663 1522 699; x_wconf 71' lang='grc' dir='ltr'><strong>(η).</strong></span> 
     </span>
    </p>
   </div>
   <div class='ocr_carea' id='block_1_26' title="bbox 1007 707 1757 745">
    <p class='ocr_par' dir='ltr' id='par_1_26' title="bbox 1007 707 1757 745">
     <span class='ocr_line' id='line_1_26' title="bbox 1007 707 1757 745; baseline -0.008 -7"><span class='ocrx_word' id='word_1_180' title='bbox 1007 711 1253 745; x_wconf 61' lang='grc' dir='ltr'><strong>Φιλοπφούμενιῑ</strong></span> <span class='ocrx_word' id='word_1_181' title='bbox 1272 717 1319 736; x_wconf 87' lang='lat' dir='ltr'><strong>seu</strong></span> <span class='ocrx_word' id='word_1_182' title='bbox 1348 709 1446 736; x_wconf 89' lang='lat' dir='ltr'><strong>librum</strong></span> <span class='ocrx_word' id='word_1_183' title='bbox 1473 708 1513 735; x_wconf 79' lang='lat' dir='ltr'><strong>De</strong></span> <span class='ocrx_word' id='word_1_184' title='bbox 1526 708 1630 741; x_wconf 74' lang='lat' dir='ltr'><strong>placitis</strong></span> <span class='ocrx_word' id='word_1_185' title='bbox 1646 707 1757 741; x_wconf 79' lang='lat' dir='ltr'><strong>philoso-</strong></span> 
     </span>
    </p>
   </div>
   <div class='ocr_carea' id='block_1_27' title="bbox 972 753 1757 791">
    <p class='ocr_par' dir='ltr' id='par_1_27' title="bbox 972 753 1757 791">
     <span class='ocr_line' id='line_1_27' title="bbox 972 753 1757 791; baseline -0.005 -8"><span class='ocrx_word' id='word_1_186' title='bbox 972 758 1084 791; x_wconf 74' lang='lat' dir='ltr'><strong>phorum</strong></span> <span class='ocrx_word' id='word_1_187' title='bbox 1112 756 1218 790; x_wconf 78' lang='lat' dir='ltr'><strong>primus</strong></span> <span class='ocrx_word' id='word_1_188' title='bbox 1231 755 1326 783; x_wconf 67' lang='lat' dir='ltr'><strong>Graece</strong></span> <span class='ocrx_word' id='word_1_189' title='bbox 1341 762 1373 782; x_wconf 88' lang='lat' dir='ltr'><strong>ac</strong></span> <span class='ocrx_word' id='word_1_190' title='bbox 1397 754 1493 782; x_wconf 87' lang='lat' dir='ltr'><strong>Latine</strong></span> <span class='ocrx_word' id='word_1_191' title='bbox 1507 761 1523 781; x_wconf 85' lang='lat' dir='ltr'><strong>e</strong></span> <span class='ocrx_word' id='word_1_192' title='bbox 1538 754 1634 781; x_wconf 82' lang='lat' dir='ltr'><strong>codice</strong></span> <span class='ocrx_word' id='word_1_193' title='bbox 1660 753 1757 780; x_wconf 81' lang='lat' dir='ltr'><strong>biblio-</strong></span> 
     </span>
    </p>
   </div>
   <div class='ocr_carea' id='block_1_28' title="bbox 974 799 1758 834">
    <p class='ocr_par' dir='ltr' id='par_1_28' title="bbox 974 799 1758 834">
     <span class='ocr_line' id='line_1_28' title="bbox 974 799 1758 834; baseline -0.003 -6"><span class='ocrx_word' id='word_1_194' title='bbox 974 803 1059 830; x_wconf 70' lang='lat' dir='ltr'><strong>theca:</strong></span> <span class='ocrx_word' id='word_1_195' title='bbox 1075 802 1202 828; x_wconf 65' lang='lat' dir='ltr'><strong>Mediceis:</strong></span> <span class='ocrx_word' id='word_1_196' title='bbox 1233 801 1258 828; x_wconf 91' lang='lat' dir='ltr'><strong>in</strong></span> <span class='ocrx_word' id='word_1_197' title='bbox 1276 801 1364 828; x_wconf 79' lang='lat' dir='ltr'><strong>lacent</strong></span> <span class='ocrx_word' id='word_1_198' title='bbox 1392 801 1478 827; x_wconf 87' lang='lat' dir='ltr'><strong>edidit</strong></span> <span class='ocrx_word' id='word_1_199' title='bbox 1503 800 1629 834; x_wconf 86' lang='lat' dir='ltr'><strong>notisque</strong></span> <span class='ocrx_word' id='word_1_200' title='bbox 1654 799 1758 834; x_wconf 84' lang='lat' dir='ltr'><strong>aliquot</strong></span> 
     </span>
    </p>
   </div>
   <div class='ocr_carea' id='block_1_29' title="bbox 974 845 1756 876">
    <p class='ocr_par' dir='ltr' id='par_1_29' title="bbox 974 845 1756 876">
     <span class='ocr_line' id='line_1_29' title="bbox 974 845 1756 876; baseline -0.004 -1"><span class='ocrx_word' id='word_1_201' title='bbox 974 848 1119 876; x_wconf 86' lang='lat' dir='ltr'><strong>illustravit</strong></span> <span class='ocrx_word' id='word_1_202' title='bbox 1144 849 1184 874; x_wconf 88' lang='lat' dir='ltr'><strong>vir</strong></span> <span class='ocrx_word' id='word_1_203' title='bbox 1212 847 1381 874; x_wconf 83' lang='lat' dir='ltr'><strong>clarissimus</strong></span> <span class='ocrx_word' id='word_1_204' title='bbox 1404 846 1523 874; x_wconf 58' lang='lat' dir='ltr'><strong>Iacobus</strong></span> <span class='ocrx_word' id='word_1_205' title='bbox 1547 846 1702 874; x_wconf 75' lang='lat' dir='ltr'><strong>Gronovius</strong></span> <span class='ocrx_word' id='word_1_206' title='bbox 1729 845 1756 872; x_wconf 95' lang='lat' dir='ltr'><strong>in</strong></span> 
     </span>
    </p>
   </div>
   <div class='ocr_carea' id='block_1_30' title="bbox 127 885 1757 928">
    <p class='ocr_par' dir='ltr' id='par_1_30' title="bbox 127 885 1757 928">
     <span class='ocr_line' id='line_1_30' title="bbox 127 885 1757 928; baseline -0.001 -8"><span class='ocrx_word' id='word_1_207' title='bbox 127 894 190 928; x_wconf 67' lang='lat' dir='ltr'><strong>geni</strong></span> <span class='ocrx_word' id='word_1_208' title='bbox 209 897 325 923; x_wconf 84' lang='lat' dir='ltr'><strong>asserat.</strong></span> <span class='ocrx_word' id='word_1_209' title='bbox 341 893 388 919; x_wconf 90' lang='lat' dir='ltr'><strong>sed</strong></span> <span class='ocrx_word' id='word_1_210' title='bbox 402 892 479 920; x_wconf 93' lang='lat' dir='ltr'><strong>irrito</strong></span> <span class='ocrx_word' id='word_1_211' title='bbox 495 900 609 927; x_wconf 84' lang='lat' dir='ltr'><strong>prorsus</strong></span> <span class='ocrx_word' id='word_1_212' title='bbox 627 897 740 924; x_wconf 77' lang='lat' dir='ltr'><strong>conatu,</strong></span> <span class='ocrx_word' id='word_1_213' title='bbox 759 897 788 919; x_wconf 89' lang='lat' dir='ltr'><strong>ut</strong></span> <span class='ocrx_word' id='word_1_214' title='bbox 801 897 875 927; x_wconf 86' lang='lat' dir='ltr'><strong>patet</strong></span> <span class='ocrx_word' id='word_1_215' title='bbox 886 899 919 920; x_wconf 80' lang='lat' dir='ltr'><strong>ex</strong></span> <span class='ocrx_word' id='word_1_216' title='bbox 936 885 957 912; x_wconf 75' lang='grc' dir='ltr'><strong><em>Β</em></strong></span> <span class='ocrx_word' id='word_1_217' title='bbox 974 894 1104 922; x_wconf 80' lang='lat' dir='ltr'><strong>Tlusnur.</strong></span> <span class='ocrx_word' id='word_1_218' title='bbox 1121 893 1245 928; x_wconf 83' lang='lat' dir='ltr'><strong>antiquit.</strong></span> <span class='ocrx_word' id='word_1_219' title='bbox 1267 899 1332 920; x_wconf 88' lang='lat' dir='ltr'><strong>tom.</strong></span> <span class='ocrx_word' id='word_1_220' title='bbox 1347 893 1381 925; x_wconf 83' lang='grc' dir='ltr'><strong>Χ,</strong></span> <span class='ocrx_word' id='word_1_221' title='bbox 1398 893 1443 920; x_wconf 92' lang='lat' dir='ltr'><strong>ubi</strong></span> <span class='ocrx_word' id='word_1_222' title='bbox 1470 893 1541 920; x_wconf 90' lang='lat' dir='ltr'><strong>hunc</strong></span> <span class='ocrx_word' id='word_1_223' title='bbox 1567 892 1686 920; x_wconf 87' lang='lat' dir='ltr'><strong>libellum</strong></span> <span class='ocrx_word' id='word_1_224' title='bbox 1709 899 1757 926; x_wconf 67' lang='lat' dir='ltr'><strong>ge-</strong></span> 
     </span>
    </p>
   </div>
   <div class='ocr_carea' id='block_1_31' title="bbox 128 938 917 973">
    <p class='ocr_par' dir='ltr' id='par_1_31' title="bbox 128 938 917 973">
     <span class='ocr_line' id='line_1_31' title="bbox 128 938 917 973; baseline 0 -8"><span class='ocrx_word' id='word_1_225' title='bbox 128 939 235 966; x_wconf 81' lang='lat' dir='ltr'><strong>monito</strong></span> <span class='ocrx_word' id='word_1_226' title='bbox 249 939 321 972; x_wconf 85' lang='lat' dir='ltr'><strong>quod</strong></span> <span class='ocrx_word' id='word_1_227' title='bbox 338 939 364 966; x_wconf 91' lang='lat' dir='ltr'><strong>in</strong></span> <span class='ocrx_word' id='word_1_228' title='bbox 392 938 471 972; x_wconf 84' lang='lat' dir='ltr'><strong>hujus</strong></span> <span class='ocrx_word' id='word_1_229' title='bbox 487 938 609 972; x_wconf 88' lang='lat' dir='ltr'><strong>opusculi</strong></span> <span class='ocrx_word' id='word_1_230' title='bbox 632 938 720 966; x_wconf 84' lang='lat' dir='ltr'><strong>[route</strong></span> <span class='ocrx_word' id='word_1_231' title='bbox 741 939 917 973; x_wconf 73' lang='lat' dir='ltr'><strong>praefiximus,</strong></span> 
     </span>
    </p>
   </div>
   <div class='ocr_carea' id='block_1_32' title="bbox 130 984 919 1020">
    <p class='ocr_par' dir='ltr' id='par_1_32' title="bbox 130 984 919 1020">
     <span class='ocr_line' id='line_1_32' title="bbox 130 984 919 1020; baseline 0.001 -9"><span class='ocrx_word' id='word_1_232' title='bbox 130 986 177 1012; x_wconf 90' lang='lat' dir='ltr'><strong>ubi</strong></span> <span class='ocrx_word' id='word_1_233' title='bbox 190 986 217 1012; x_wconf 91' lang='lat' dir='ltr'><strong>id</strong></span> <span class='ocrx_word' id='word_1_234' title='bbox 231 993 312 1012; x_wconf 92' lang='lat' dir='ltr'><strong>unum</strong></span> <span class='ocrx_word' id='word_1_235' title='bbox 328 985 480 1017; x_wconf 84' lang='lat' dir='ltr'><strong>omisimus,</strong></span> <span class='ocrx_word' id='word_1_236' title='bbox 499 992 597 1019; x_wconf 83' lang='lat' dir='ltr'><strong>nempe</strong></span> <span class='ocrx_word' id='word_1_237' title='bbox 609 985 708 1020; x_wconf 76' lang='lat' dir='ltr'><strong>stylum</strong></span> <span class='ocrx_word' id='word_1_238' title='bbox 724 989 780 1012; x_wconf 89' lang='lat' dir='ltr'><strong>toto</strong></span> <span class='ocrx_word' id='word_1_239' title='bbox 803 985 873 1013; x_wconf 70' lang='lat' dir='ltr'><strong>cmlo</strong></span> <span class='ocrx_word' id='word_1_240' title='bbox 885 984 919 1012; x_wconf 87' lang='lat' dir='ltr'><strong>ab</strong></span> 
     </span>
    </p>
   </div>
   <div class='ocr_carea' id='block_1_33' title="bbox 132 1030 919 1065">
    <p class='ocr_par' dir='ltr' id='par_1_33' title="bbox 132 1030 919 1065">
     <span class='ocr_line' id='line_1_33' title="bbox 132 1030 919 1065; baseline -0.001 -7"><span class='ocrx_word' id='word_1_241' title='bbox 132 1030 297 1065; x_wconf 77' lang='lat' dir='ltr'><strong>Origeniano</strong></span> <span class='ocrx_word' id='word_1_242' title='bbox 321 1030 442 1062; x_wconf 76' lang='lat' dir='ltr'><strong>differre,</strong></span> <span class='ocrx_word' id='word_1_243' title='bbox 466 1034 492 1057; x_wconf 85' lang='lat' dir='ltr'><strong>et</strong></span> <span class='ocrx_word' id='word_1_244' title='bbox 511 1030 664 1057; x_wconf 81' lang='lat' dir='ltr'><strong>innumeris</strong></span> <span class='ocrx_word' id='word_1_245' title='bbox 685 1034 790 1058; x_wconf 82' lang='lat' dir='ltr'><strong>scatere</strong></span> <span class='ocrx_word' id='word_1_246' title='bbox 807 1030 919 1058; x_wconf 88' lang='lat' dir='ltr'><strong>vocibus</strong></span> 
     </span>
    </p>
   </div>
   <div class='ocr_carea' id='block_1_34' title="bbox 130 1074 919 1110">
    <p class='ocr_par' dir='ltr' id='par_1_34' title="bbox 130 1074 919 1110">
     <span class='ocr_line' id='line_1_34' title="bbox 130 1074 919 1110; baseline 0 -8"><span class='ocrx_word' id='word_1_247' title='bbox 130 1075 247 1107; x_wconf 61' lang='lat' dir='ltr'><strong>Gra‘cis,</strong></span> <span class='ocrx_word' id='word_1_248' title='bbox 262 1083 330 1109; x_wconf 89' lang='lat' dir='ltr'><strong>qttas</strong></span> <span class='ocrx_word' id='word_1_249' title='bbox 347 1076 446 1102; x_wconf 84' lang='lat' dir='ltr'><strong>frustra</strong></span> <span class='ocrx_word' id='word_1_250' title='bbox 458 1075 483 1102; x_wconf 93' lang='lat' dir='ltr'><strong>in</strong></span> <span class='ocrx_word' id='word_1_251' title='bbox 496 1076 555 1102; x_wconf 86' lang='lat' dir='ltr'><strong>aliis</strong></span> <span class='ocrx_word' id='word_1_252' title='bbox 565 1074 689 1110; x_wconf 74' lang='lat' dir='ltr'><strong>Origenis</strong></span> <span class='ocrx_word' id='word_1_253' title='bbox 703 1076 831 1108; x_wconf 82' lang='lat' dir='ltr'><strong>operibus</strong></span> <span class='ocrx_word' id='word_1_254' title='bbox 845 1075 919 1102; x_wconf 69' lang='lat' dir='ltr'><strong>Grae-</strong></span> 
     </span>
    </p>
   </div>
   <div class='ocr_carea' id='block_1_35' title="bbox 129 1121 919 1156">
    <p class='ocr_par' dir='ltr' id='par_1_35' title="bbox 129 1121 919 1156">
     <span class='ocr_line' id='line_1_35' title="bbox 129 1121 919 1156; baseline 0 -8"><span class='ocrx_word' id='word_1_255' title='bbox 129 1122 171 1148; x_wconf 87' lang='lat' dir='ltr'><strong>cis</strong></span> <span class='ocrx_word' id='word_1_256' title='bbox 185 1122 336 1156; x_wconf 69' lang='lat' dir='ltr'><strong>qutesieris,</strong></span> <span class='ocrx_word' id='word_1_257' title='bbox 358 1129 473 1156; x_wconf 73' lang='lat' dir='ltr'><strong>qumque</strong></span> <span class='ocrx_word' id='word_1_258' title='bbox 493 1121 617 1149; x_wconf 74' lang='lat' dir='ltr'><strong>Grzecum</strong></span> <span class='ocrx_word' id='word_1_259' title='bbox 644 1122 778 1149; x_wconf 89' lang='lat' dir='ltr'><strong>hominem</strong></span> <span class='ocrx_word' id='word_1_260' title='bbox 802 1121 919 1156; x_wconf 81' lang='lat' dir='ltr'><strong>Origene</strong></span> 
     </span>
    </p>
   </div>
   <div class='ocr_carea' id='block_1_36' title="bbox 127 1166 918 1202">
    <p class='ocr_par' dir='ltr' id='par_1_36' title="bbox 127 1166 918 1202">
     <span class='ocr_line' id='line_1_36' title="bbox 127 1166 918 1202; baseline 0 -10"><span class='ocrx_word' id='word_1_261' title='bbox 127 1166 212 1201; x_wconf 76' lang='lat' dir='ltr'><strong>longe</strong></span> <span class='ocrx_word' id='word_1_262' title='bbox 229 1167 407 1194; x_wconf 85' lang='lat' dir='ltr'><strong>recentiorem</strong></span> <span class='ocrx_word' id='word_1_263' title='bbox 429 1167 548 1202; x_wconf 87' lang='lat' dir='ltr'><strong>sapiunt.</strong></span> <span class='ocrx_word' id='word_1_264' title='bbox 563 1167 602 1194; x_wconf 73' lang='lat' dir='ltr'><strong>Ex</strong></span> <span class='ocrx_word' id='word_1_265' title='bbox 621 1167 703 1194; x_wconf 82' lang='lat' dir='ltr'><strong>unico</strong></span> <span class='ocrx_word' id='word_1_266' title='bbox 713 1168 807 1194; x_wconf 86' lang='lat' dir='ltr'><strong>codice</strong></span> <span class='ocrx_word' id='word_1_267' title='bbox 822 1174 918 1193; x_wconf 80' lang='lat' dir='ltr'><strong>inami-</strong></span> 
     </span>
    </p>
   </div>
   <div class='ocr_carea' id='block_1_37' title="bbox 128 1210 917 1245">
    <p class='ocr_par' dir='ltr' id='par_1_37' title="bbox 128 1210 917 1245">
     <span class='ocr_line' id='line_1_37' title="bbox 128 1210 917 1245; baseline 0 -8"><span class='ocrx_word' id='word_1_268' title='bbox 128 1212 235 1245; x_wconf 80' lang='lat' dir='ltr'><strong>scripto</strong></span> <span class='ocrx_word' id='word_1_269' title='bbox 252 1211 324 1238; x_wconf 87' lang='lat' dir='ltr'><strong>hunc</strong></span> <span class='ocrx_word' id='word_1_270' title='bbox 346 1211 467 1239; x_wconf 86' lang='lat' dir='ltr'><strong>libellum</strong></span> <span class='ocrx_word' id='word_1_271' title='bbox 494 1211 588 1239; x_wconf 71' lang='lat' dir='ltr'><strong>Graece</strong></span> <span class='ocrx_word' id='word_1_272' title='bbox 616 1212 701 1238; x_wconf 83' lang='lat' dir='ltr'><strong>edidit</strong></span> <span class='ocrx_word' id='word_1_273' title='bbox 735 1210 917 1244; x_wconf 83' lang='lat' dir='ltr'><strong>Wetstenius,</strong></span> 
     </span>
    </p>
   </div>
   <div class='ocr_carea' id='block_1_38' title="bbox 127 1257 920 1292">
    <p class='ocr_par' dir='ltr' id='par_1_38' title="bbox 127 1257 920 1292">
     <span class='ocr_line' id='line_1_38' title="bbox 127 1257 920 1292; baseline 0 -9"><span class='ocrx_word' id='word_1_274' title='bbox 127 1265 179 1284; x_wconf 80' lang='lat' dir='ltr'><strong>nos</strong></span> <span class='ocrx_word' id='word_1_275' title='bbox 192 1257 227 1284; x_wconf 91' lang='lat' dir='ltr'><strong>ad</strong></span> <span class='ocrx_word' id='word_1_276' title='bbox 243 1263 361 1292; x_wconf 84' lang='lat' dir='ltr'><strong>quatuor</strong></span> <span class='ocrx_word' id='word_1_277' title='bbox 382 1258 497 1285; x_wconf 80' lang='lat' dir='ltr'><strong>aliorum</strong></span> <span class='ocrx_word' id='word_1_278' title='bbox 518 1258 597 1288; x_wconf 78' lang='lat' dir='ltr'><strong>fidem</strong></span> <span class='ocrx_word' id='word_1_279' title='bbox 622 1257 818 1289; x_wconf 82' lang='lat' dir='ltr'><strong>recensuimus,</strong></span> <span class='ocrx_word' id='word_1_280' title='bbox 831 1257 920 1283; x_wconf 86' lang='lat' dir='ltr'><strong>varia-</strong></span> 
     </span>
    </p>
   </div>
   <div class='ocr_carea' id='block_1_39' title="bbox 126 1300 917 1337">
    <p class='ocr_par' dir='ltr' id='par_1_39' title="bbox 126 1300 917 1337">
     <span class='ocr_line' id='line_1_39' title="bbox 126 1300 917 1337; baseline 0.001 -9"><span class='ocrx_word' id='word_1_281' title='bbox 126 1309 182 1336; x_wconf 89' lang='lat' dir='ltr'><strong>que</strong></span> <span class='ocrx_word' id='word_1_282' title='bbox 193 1302 375 1336; x_wconf 78' lang='lat' dir='ltr'><strong>expuuximus</strong></span> <span class='ocrx_word' id='word_1_283' title='bbox 392 1303 500 1336; x_wconf 87' lang='lat' dir='ltr'><strong>menda,</strong></span> <span class='ocrx_word' id='word_1_284' title='bbox 517 1303 616 1337; x_wconf 81' lang='lat' dir='ltr'><strong>quibus</strong></span> <span class='ocrx_word' id='word_1_285' title='bbox 642 1300 845 1329; x_wconf 87' lang='lat' dir='ltr'><strong>Welsteuianus</strong></span> <span class='ocrx_word' id='word_1_286' title='bbox 869 1309 917 1329; x_wconf 82' lang='lat' dir='ltr'><strong>co-</strong></span> 
     </span>
    </p>
   </div>
   <div class='ocr_carea' id='block_1_40' title="bbox 127 1339 919 1376">
    <p class='ocr_par' dir='ltr' id='par_1_40' title="bbox 127 1339 919 1376">
     <span class='ocr_line' id='line_1_40' title="bbox 127 1339 919 1376; baseline 0.005 -4"><span class='ocrx_word' id='word_1_287' title='bbox 127 1348 182 1373; x_wconf 76' lang='lat' dir='ltr'><strong>dex</strong></span> <span class='ocrx_word' id='word_1_288' title='bbox 193 1351 254 1374; x_wconf 82' lang='lat' dir='ltr'><strong>erat</strong></span> <span class='ocrx_word' id='word_1_289' title='bbox 265 1346 391 1374; x_wconf 76' lang='lat' dir='ltr'><strong>foedatus.</strong></span> <span class='ocrx_word' id='word_1_290' title='bbox 403 1347 474 1374; x_wconf 79' lang='lat' dir='ltr'><strong>Ante</strong></span> <span class='ocrx_word' id='word_1_291' title='bbox 490 1346 636 1375; x_wconf 83' lang='lat' dir='ltr'><strong>Wctstcnii</strong></span> <span class='ocrx_word' id='word_1_292' title='bbox 656 1339 801 1376; x_wconf 78' lang='lat' dir='ltr'><strong>editionem</strong></span> <span class='ocrx_word' id='word_1_293' title='bbox 811 1347 919 1376; x_wconf 63' lang='lat' dir='ltr'><strong>Graeco«</strong></span> 
     </span>
    </p>
   </div>
   <div class='ocr_carea' id='block_1_41' title="bbox 129 1393 920 1429">
    <p class='ocr_par' dir='ltr' id='par_1_41' title="bbox 129 1393 920 1429">
     <span class='ocr_line' id='line_1_41' title="bbox 129 1393 920 1429; baseline 0.004 -10"><span class='ocrx_word' id='word_1_294' title='bbox 129 1393 267 1425; x_wconf 86' lang='lat' dir='ltr'><strong>Latinam,</strong></span> <span class='ocrx_word' id='word_1_295' title='bbox 282 1398 336 1421; x_wconf 90' lang='lat' dir='ltr'><strong>tres</strong></span> <span class='ocrx_word' id='word_1_296' title='bbox 351 1394 409 1421; x_wconf 72' lang='lat' dir='ltr'><strong>alia:</strong></span> <span class='ocrx_word' id='word_1_297' title='bbox 430 1395 456 1421; x_wconf 90' lang='lat' dir='ltr'><strong>in</strong></span> <span class='ocrx_word' id='word_1_298' title='bbox 469 1394 556 1422; x_wconf 87' lang='lat' dir='ltr'><strong>lucem</strong></span> <span class='ocrx_word' id='word_1_299' title='bbox 571 1395 742 1429; x_wconf 83' lang='lat' dir='ltr'><strong>prodierant,</strong></span> <span class='ocrx_word' id='word_1_300' title='bbox 752 1395 802 1427; x_wconf 82' lang='lat' dir='ltr'><strong>sed</strong></span> <span class='ocrx_word' id='word_1_301' title='bbox 818 1394 920 1422; x_wconf 73' lang='lat' dir='ltr'><strong>Latinae</strong></span> 
     </span>
    </p>
   </div>
   <div class='ocr_carea' id='block_1_42' title="bbox 128 1439 914 1471">
    <p class='ocr_par' dir='ltr' id='par_1_42' title="bbox 128 1439 914 1471">
     <span class='ocr_line' id='line_1_42' title="bbox 128 1439 914 1471; baseline 0.001 -5"><span class='ocrx_word' id='word_1_302' title='bbox 128 1444 248 1466; x_wconf 88' lang='lat' dir='ltr'><strong>tantum.</strong></span> <span class='ocrx_word' id='word_1_303' title='bbox 263 1439 354 1466; x_wconf 86' lang='lat' dir='ltr'><strong>Prima</strong></span> <span class='ocrx_word' id='word_1_304' title='bbox 368 1439 419 1466; x_wconf 89' lang='lat' dir='ltr'><strong>fuit</strong></span> <span class='ocrx_word' id='word_1_305' title='bbox 440 1440 507 1471; x_wconf 89' lang='lat' dir='ltr'><strong>l&#39;ici,</strong></span> <span class='ocrx_word' id='word_1_306' title='bbox 526 1441 661 1467; x_wconf 89' lang='lat' dir='ltr'><strong>senatoris</strong></span> <span class='ocrx_word' id='word_1_307' title='bbox 677 1440 839 1468; x_wconf 78' lang='lat' dir='ltr'><strong>Parisiensis</strong></span> <span class='ocrx_word' id='word_1_308' title='bbox 864 1441 914 1467; x_wconf 82' lang='lat' dir='ltr'><strong>(lo-</strong></span> 
     </span>
    </p>
   </div>
   <div class='ocr_carea' id='block_1_43' title="bbox 124 1485 918 1521">
    <p class='ocr_par' dir='ltr' id='par_1_43' title="bbox 124 1485 918 1521">
     <span class='ocr_line' id='line_1_43' title="bbox 124 1485 918 1521; baseline 0.001 -9"><span class='ocrx_word' id='word_1_309' title='bbox 124 1485 256 1518; x_wconf 78' lang='lat' dir='ltr'><strong>ctissimi,</strong></span> <span class='ocrx_word' id='word_1_310' title='bbox 273 1493 354 1520; x_wconf 79' lang='lat' dir='ltr'><strong>quam</strong></span> <span class='ocrx_word' id='word_1_311' title='bbox 374 1485 491 1513; x_wconf 89' lang='lat' dir='ltr'><strong>llenrico</strong></span> <span class='ocrx_word' id='word_1_312' title='bbox 505 1485 537 1519; x_wconf 88' lang='lat' dir='ltr'><strong>ll,</strong></span> <span class='ocrx_word' id='word_1_313' title='bbox 555 1486 701 1513; x_wconf 83' lang='lat' dir='ltr'><strong>Galliarum</strong></span> <span class='ocrx_word' id='word_1_314' title='bbox 723 1486 792 1521; x_wconf 80' lang='lat' dir='ltr'><strong>regi,</strong></span> <span class='ocrx_word' id='word_1_315' title='bbox 818 1486 918 1514; x_wconf 81' lang='lat' dir='ltr'><strong>obtulit</strong></span> 
     </span>
    </p>
   </div>
   <div class='ocr_carea' id='block_1_44' title="bbox 126 1532 919 1567">
    <p class='ocr_par' dir='ltr' id='par_1_44' title="bbox 126 1532 919 1567">
     <span class='ocr_line' id='line_1_44' title="bbox 126 1532 919 1567; baseline 0.003 -9"><span class='ocrx_word' id='word_1_316' title='bbox 126 1539 202 1558; x_wconf 89' lang='lat' dir='ltr'><strong>anno</strong></span> <span class='ocrx_word' id='word_1_317' title='bbox 227 1532 307 1564; x_wconf 78' lang='grc'><strong>1555,</strong></span> <span class='ocrx_word' id='word_1_318' title='bbox 337 1533 461 1567; x_wconf 88' lang='lat' dir='ltr'><strong>quamvis</strong></span> <span class='ocrx_word' id='word_1_319' title='bbox 476 1534 604 1561; x_wconf 90' lang='lat' dir='ltr'><strong>editionis</strong></span> <span class='ocrx_word' id='word_1_320' title='bbox 632 1532 725 1561; x_wconf 88' lang='lat' dir='ltr'><strong>titulus</strong></span> <span class='ocrx_word' id='word_1_321' title='bbox 749 1541 848 1560; x_wconf 89' lang='lat' dir='ltr'><strong>annum</strong></span> <span class='ocrx_word' id='word_1_322' title='bbox 873 1540 919 1560; x_wconf 83' lang='lat' dir='ltr'><strong>sc-</strong></span> 
     </span>
    </p>
   </div>
   <div class='ocr_carea' id='block_1_45' title="bbox 124 1577 920 1613">
    <p class='ocr_par' dir='ltr' id='par_1_45' title="bbox 124 1577 920 1613">
     <span class='ocr_line' id='line_1_45' title="bbox 124 1577 920 1613; baseline 0.005 -11"><span class='ocrx_word' id='word_1_323' title='bbox 124 1582 259 1610; x_wconf 81' lang='lat' dir='ltr'><strong>quentem</strong></span> <span class='ocrx_word' id='word_1_324' title='bbox 280 1577 350 1604; x_wconf 82' lang='grc'><strong>1556</strong></span> <span class='ocrx_word' id='word_1_325' title='bbox 373 1585 428 1612; x_wconf 76' lang='lat' dir='ltr'><strong>pra:</strong></span> <span class='ocrx_word' id='word_1_326' title='bbox 446 1585 476 1605; x_wconf 87' lang='lat' dir='ltr'><strong>se</strong></span> <span class='ocrx_word' id='word_1_327' title='bbox 490 1578 571 1606; x_wconf 86' lang='lat' dir='ltr'><strong>ferat.</strong></span> <span class='ocrx_word' id='word_1_328' title='bbox 591 1578 693 1605; x_wconf 81' lang='lat' dir='ltr'><strong>Eodem</strong></span> <span class='ocrx_word' id='word_1_329' title='bbox 710 1583 831 1613; x_wconf 83' lang='lat' dir='ltr'><strong>tempore</strong></span> <span class='ocrx_word' id='word_1_330' title='bbox 843 1578 920 1607; x_wconf 87' lang='lat' dir='ltr'><strong>Basi-</strong></span> 
     </span>
    </p>
   </div>
   <div class='ocr_carea' id='block_1_46' title="bbox 126 1621 921 1658">
    <p class='ocr_par' dir='ltr' id='par_1_46' title="bbox 126 1621 921 1658">
     <span class='ocr_line' id='line_1_46' title="bbox 126 1621 921 1658; baseline 0.006 -11"><span class='ocrx_word' id='word_1_331' title='bbox 126 1621 180 1648; x_wconf 79' lang='lat' dir='ltr'><strong>lea:</strong></span> <span class='ocrx_word' id='word_1_332' title='bbox 198 1621 360 1649; x_wconf 78' lang='lat' dir='ltr'><strong>Laurentius</strong></span> <span class='ocrx_word' id='word_1_333' title='bbox 374 1622 573 1658; x_wconf 89' lang='lat' dir='ltr'><strong>llmnphredus,</strong></span> <span class='ocrx_word' id='word_1_334' title='bbox 585 1623 701 1658; x_wconf 78' lang='lat' dir='ltr'><strong>Anglus,</strong></span> <span class='ocrx_word' id='word_1_335' title='bbox 710 1623 824 1652; x_wconf 80' lang='lat' dir='ltr'><strong>alteram</strong></span> <span class='ocrx_word' id='word_1_336' title='bbox 841 1625 921 1652; x_wconf 89' lang='lat' dir='ltr'><strong>ador-</strong></span> 
     </span>
    </p>
   </div>
   <div class='ocr_carea' id='block_1_47' title="bbox 128 1668 921 1706">
    <p class='ocr_par' dir='ltr' id='par_1_47' title="bbox 128 1668 921 1706">
     <span class='ocr_line' id='line_1_47' title="bbox 128 1668 921 1706; baseline 0.005 -12"><span class='ocrx_word' id='word_1_337' title='bbox 128 1668 214 1695; x_wconf 81' lang='lat' dir='ltr'><strong>nabat</strong></span> <span class='ocrx_word' id='word_1_338' title='bbox 226 1668 295 1702; x_wconf 87' lang='lat' dir='ltr'><strong>apud</strong></span> <span class='ocrx_word' id='word_1_339' title='bbox 310 1668 505 1704; x_wconf 87' lang='lat' dir='ltr'><strong>Hieronymum</strong></span> <span class='ocrx_word' id='word_1_340' title='bbox 527 1669 709 1704; x_wconf 83' lang='lat' dir='ltr'><strong>Frobeuium,</strong></span> <span class='ocrx_word' id='word_1_341' title='bbox 723 1675 752 1697; x_wconf 93' lang='lat' dir='ltr'><strong>ut</strong></span> <span class='ocrx_word' id='word_1_342' title='bbox 767 1670 823 1698; x_wconf 69' lang='lat' dir='ltr'><strong>haec</strong></span> <span class='ocrx_word' id='word_1_343' title='bbox 836 1670 921 1706; x_wconf 85' lang='lat' dir='ltr'><strong>ipsius</strong></span> 
     </span>
    </p>
   </div>
   <div class='ocr_carea' id='block_1_48' title="bbox 126 1713 921 1751">
    <p class='ocr_par' dir='ltr' id='par_1_48' title="bbox 126 1713 921 1751">
     <span class='ocr_line' id='line_1_48' title="bbox 126 1713 921 1751; baseline 0.006 -12"><span class='ocrx_word' id='word_1_344' title='bbox 126 1713 213 1740; x_wconf 75' lang='lat' dir='ltr'><strong>verba</strong></span> <span class='ocrx_word' id='word_1_345' title='bbox 221 1713 335 1741; x_wconf 85' lang='lat' dir='ltr'><strong>docent:</strong></span> <span class='ocrx_word' id='word_1_346' title='bbox 347 1713 446 1741; x_wconf 81' lang='lat' dir='ltr'><strong>Contra</strong></span> <span class='ocrx_word' id='word_1_347' title='bbox 458 1714 644 1742; x_wconf 71' lang='lat' dir='ltr'><strong>Marcionistns</strong></span> <span class='ocrx_word' id='word_1_348' title='bbox 654 1715 777 1751; x_wconf 70' lang='lat' dir='ltr'><strong>Dialogus</strong></span> <span class='ocrx_word' id='word_1_349' title='bbox 788 1716 852 1744; x_wconf 72' lang='lat' dir='ltr'><strong>duo:</strong></span> <span class='ocrx_word' id='word_1_350' title='bbox 861 1722 921 1744; x_wconf 75' lang='lat' dir='ltr'><strong>ante</strong></span> 
     </span>
    </p>
   </div>
   <div class='ocr_carea' id='block_1_49' title="bbox 125 1760 920 1797">
    <p class='ocr_par' dir='ltr' id='par_1_49' title="bbox 125 1760 920 1797">
     <span class='ocr_line' id='line_1_49' title="bbox 125 1760 920 1797; baseline 0.005 -11"><span class='ocrx_word' id='word_1_351' title='bbox 125 1760 317 1794; x_wconf 73' lang='lat' dir='ltr'><strong>usqniannnm</strong></span> <span class='ocrx_word' id='word_1_352' title='bbox 335 1769 367 1787; x_wconf 67' lang='grc' dir='ltr'><strong>επ</strong></span> <span class='ocrx_word' id='word_1_353' title='bbox 392 1760 558 1788; x_wconf 79' lang='lat' dir='ltr'><strong>Frobeniana</strong></span> <span class='ocrx_word' id='word_1_354' title='bbox 585 1762 674 1788; x_wconf 79' lang='lat' dir='ltr'><strong>codice</strong></span> <span class='ocrx_word' id='word_1_355' title='bbox 698 1764 880 1797; x_wconf 78' lang='lat' dir='ltr'><strong>manuscripto</strong></span> <span class='ocrx_word' id='word_1_356' title='bbox 906 1772 920 1790; x_wconf 90' lang='lat' dir='ltr'><strong>e</strong></span> 
     </span>
    </p>
   </div>
   <div class='ocr_carea' id='block_1_50' title="bbox 126 1803 921 1843">
    <p class='ocr_par' dir='ltr' id='par_1_50' title="bbox 126 1803 921 1843">
     <span class='ocr_line' id='line_1_50' title="bbox 126 1803 921 1843; baseline 0.005 -12"><span class='ocrx_word' id='word_1_357' title='bbox 126 1803 223 1832; x_wconf 61' lang='lat' dir='ltr'><strong>Graeco</strong></span> <span class='ocrx_word' id='word_1_358' title='bbox 237 1807 355 1839; x_wconf 75' lang='lat' dir='ltr'><strong>traduxi,</strong></span> <span class='ocrx_word' id='word_1_359' title='bbox 369 1815 485 1839; x_wconf 73' lang='lat' dir='ltr'><strong>sensum,</strong></span> <span class='ocrx_word' id='word_1_360' title='bbox 501 1815 552 1834; x_wconf 82' lang='lat' dir='ltr'><strong>non</strong></span> <span class='ocrx_word' id='word_1_361' title='bbox 565 1807 642 1834; x_wconf 83' lang='lat' dir='ltr'><strong>verba</strong></span> <span class='ocrx_word' id='word_1_362' title='bbox 651 1808 774 1840; x_wconf 74' lang='lat' dir='ltr'><strong>reddam,</strong></span> <span class='ocrx_word' id='word_1_363' title='bbox 788 1813 812 1835; x_wconf 89' lang='lat' dir='ltr'><strong>et</strong></span> <span class='ocrx_word' id='word_1_364' title='bbox 824 1816 921 1843; x_wconf 84' lang='lat' dir='ltr'><strong>appen-</strong></span> 
     </span>
    </p>
   </div>
   <div class='ocr_carea' id='block_1_51' title="bbox 125 1850 920 1889">
    <p class='ocr_par' dir='ltr' id='par_1_51' title="bbox 125 1850 920 1889">
     <span class='ocr_line' id='line_1_51' title="bbox 125 1850 920 1889; baseline 0.005 -12"><span class='ocrx_word' id='word_1_365' title='bbox 125 1850 193 1878; x_wconf 74' lang='grc' dir='ltr'>άιιιι</span> <span class='ocrx_word' id='word_1_366' title='bbox 207 1853 294 1884; x_wconf 75' lang='lat' dir='ltr'><strong>potius</strong></span> <span class='ocrx_word' id='word_1_367' title='bbox 320 1861 398 1886; x_wconf 85' lang='lat' dir='ltr'><strong>quam</strong></span> <span class='ocrx_word' id='word_1_368' title='bbox 413 1861 554 1880; x_wconf 73' lang='lat' dir='ltr'><strong>numerans</strong></span> <span class='ocrx_word' id='word_1_369' title='bbox 566 1861 576 1880; x_wconf 81' lang='lat'><strong>.&#39;</strong></span> <span class='ocrx_word' id='word_1_370' title='bbox 588 1853 682 1888; x_wconf 74' lang='lat' dir='ltr'><strong>ubique</strong></span> <span class='ocrx_word' id='word_1_371' title='bbox 697 1862 799 1886; x_wconf 75' lang='lat' dir='ltr'><strong>cavens,</strong></span> <span class='ocrx_word' id='word_1_372' title='bbox 813 1862 843 1880; x_wconf 77' lang='lat' dir='ltr'><strong>ne</strong></span> <span class='ocrx_word' id='word_1_373' title='bbox 854 1855 920 1889; x_wconf 85' lang='lat' dir='ltr'><strong>quid</strong></span> 
     </span>
    </p>
   </div>
   <div class='ocr_carea' id='block_1_52' title="bbox 127 1895 918 1931">
    <p class='ocr_par' dir='ltr' id='par_1_52' title="bbox 127 1895 918 1931">
     <span class='ocr_line' id='line_1_52' title="bbox 127 1895 918 1931; baseline 0.005 -8"><span class='ocrx_word' id='word_1_374' title='bbox 127 1895 221 1924; x_wconf 72' lang='lat' dir='ltr'><strong>Greece</strong></span> <span class='ocrx_word' id='word_1_375' title='bbox 248 1898 362 1931; x_wconf 78' lang='lat' dir='ltr'><strong>positum</strong></span> <span class='ocrx_word' id='word_1_376' title='bbox 377 1899 499 1925; x_wconf 65' lang='lat' dir='ltr'><strong>vertendo</strong></span> <span class='ocrx_word' id='word_1_377' title='bbox 518 1904 680 1926; x_wconf 74' lang='lat' dir='ltr'><strong>everteretur</strong></span> <span class='ocrx_word' id='word_1_378' title='bbox 701 1904 726 1926; x_wconf 84' lang='lat' dir='ltr'><strong>ct</strong></span> <span class='ocrx_word' id='word_1_379' title='bbox 743 1901 918 1927; x_wconf 74' lang='lat' dir='ltr'><strong>intercideret.</strong></span> 
     </span>
    </p>
   </div>
   <div class='ocr_carea' id='block_1_53' title="bbox 129 1943 918 1980">
    <p class='ocr_par' dir='ltr' id='par_1_53' title="bbox 129 1943 918 1980">
     <span class='ocr_line' id='line_1_53' title="bbox 129 1943 918 1980; baseline 0.004 -10"><span class='ocrx_word' id='word_1_380' title='bbox 129 1943 194 1970; x_wconf 67' lang='lat' dir='ltr'><strong>“me</strong></span> <span class='ocrx_word' id='word_1_381' title='bbox 208 1944 252 1970; x_wconf 92' lang='lat' dir='ltr'><strong>ille</strong></span> <span class='ocrx_word' id='word_1_382' title='bbox 265 1952 339 1971; x_wconf 90' lang='lat' dir='ltr'><strong>anno</strong></span> <span class='ocrx_word' id='word_1_383' title='bbox 360 1944 440 1976; x_wconf 83' lang='lat' dir='ltr'><strong>i557,</strong></span> <span class='ocrx_word' id='word_1_384' title='bbox 452 1945 569 1980; x_wconf 72' lang='lat' dir='ltr'><strong>Augusti</strong></span> <span class='ocrx_word' id='word_1_385' title='bbox 583 1946 627 1972; x_wconf 92' lang='lat' dir='ltr'><strong>die</strong></span> <span class='ocrx_word' id='word_1_386' title='bbox 641 1950 729 1973; x_wconf 73' lang='lat' dir='ltr'><strong>sexta.</strong></span> <span class='ocrx_word' id='word_1_387' title='bbox 747 1946 812 1980; x_wconf 80' lang='lat' dir='ltr'><strong>Ejus</strong></span> <span class='ocrx_word' id='word_1_388' title='bbox 829 1953 918 1974; x_wconf 89' lang='lat' dir='ltr'><strong>autem</strong></span> 
     </span>
    </p>
   </div>
   <div class='ocr_carea' id='block_1_54' title="bbox 127 1989 920 2025">
    <p class='ocr_par' dir='ltr' id='par_1_54' title="bbox 127 1989 920 2025">
     <span class='ocr_line' id='line_1_54' title="bbox 127 1989 920 2025; baseline 0.005 -10"><span class='ocrx_word' id='word_1_389' title='bbox 127 1989 319 2022; x_wconf 66' lang='lat' dir='ltr'><strong>interpretatio</strong></span> <span class='ocrx_word' id='word_1_390' title='bbox 330 1990 460 2024; x_wconf 82' lang='lat' dir='ltr'><strong>operibus</strong></span> <span class='ocrx_word' id='word_1_391' title='bbox 475 1990 601 2025; x_wconf 76' lang='lat' dir='ltr'><strong>Origenis</strong></span> <span class='ocrx_word' id='word_1_392' title='bbox 625 1998 698 2018; x_wconf 90' lang='lat' dir='ltr'><strong>anno</strong></span> <span class='ocrx_word' id='word_1_393' title='bbox 719 1991 786 2018; x_wconf 78' lang='grc'><strong>1571</strong></span> <span class='ocrx_word' id='word_1_394' title='bbox 808 1992 920 2019; x_wconf 75' lang='lat' dir='ltr'><strong>Basilere</strong></span> 
     </span>
    </p>
   </div>
   <div class='ocr_carea' id='block_1_55' title="bbox 125 2035 918 2070">
    <p class='ocr_par' dir='ltr' id='par_1_55' title="bbox 125 2035 918 2070">
     <span class='ocr_line' id='line_1_55' title="bbox 125 2035 918 2070; baseline 0.004 -9"><span class='ocrx_word' id='word_1_395' title='bbox 125 2035 210 2062; x_wconf 77' lang='lat' dir='ltr'><strong>editis</strong></span> <span class='ocrx_word' id='word_1_396' title='bbox 219 2035 321 2070; x_wconf 72' lang='lat' dir='ltr'><strong>adjecta</strong></span> <span class='ocrx_word' id='word_1_397' title='bbox 330 2040 384 2063; x_wconf 89' lang='lat' dir='ltr'><strong>est.</strong></span> <span class='ocrx_word' id='word_1_398' title='bbox 392 2035 514 2063; x_wconf 84' lang='lat' dir='ltr'><strong>Tertiam</strong></span> <span class='ocrx_word' id='word_1_399' title='bbox 525 2035 641 2063; x_wconf 81' lang='lat' dir='ltr'><strong>confecit</strong></span> <span class='ocrx_word' id='word_1_400' title='bbox 650 2036 808 2064; x_wconf 80' lang='lat' dir='ltr'><strong>Joaehimus</strong></span> <span class='ocrx_word' id='word_1_401' title='bbox 825 2037 902 2064; x_wconf 84' lang='lat' dir='ltr'><strong>Pcrio</strong></span> <span class='ocrx_word' id='word_1_402' title='bbox 909 2052 918 2057; x_wconf 86' lang='lat'><strong>-</strong></span> 
     </span>
    </p>
   </div>
   <div class='ocr_carea' id='block_1_56' title="bbox 127 2080 919 2116">
    <p class='ocr_par' dir='ltr' id='par_1_56' title="bbox 127 2080 919 2116">
     <span class='ocr_line' id='line_1_56' title="bbox 127 2080 919 2116; baseline 0.003 -8"><span class='ocrx_word' id='word_1_403' title='bbox 127 2081 203 2112; x_wconf 79' lang='lat' dir='ltr'><strong>Ilius,</strong></span> <span class='ocrx_word' id='word_1_404' title='bbox 215 2081 407 2108; x_wconf 88' lang='lat' dir='ltr'><strong>Bcnedictinus</strong></span> <span class='ocrx_word' id='word_1_405' title='bbox 415 2080 652 2114; x_wconf 83' lang='lat' dir='ltr'><strong>Cormeriaceuus,</strong></span> <span class='ocrx_word' id='word_1_406' title='bbox 662 2090 742 2116; x_wconf 86' lang='lat' dir='ltr'><strong>qttam</strong></span> <span class='ocrx_word' id='word_1_407' title='bbox 764 2090 836 2109; x_wconf 83' lang='lat' dir='ltr'><strong>anno</strong></span> <span class='ocrx_word' id='word_1_408' title='bbox 850 2083 919 2110; x_wconf 71' lang='grc'><strong>1574</strong></span> 
     </span>
    </p>
   </div>
   <div class='ocr_carea' id='block_1_57' title="bbox 126 2125 917 2160">
    <p class='ocr_par' dir='ltr' id='par_1_57' title="bbox 126 2125 917 2160">
     <span class='ocr_line' id='line_1_57' title="bbox 126 2125 917 2160; baseline 0.001 -7"><span class='ocrx_word' id='word_1_409' title='bbox 126 2125 299 2153; x_wconf 84' lang='lat' dir='ltr'><strong>Gilbertiuus</strong></span> <span class='ocrx_word' id='word_1_410' title='bbox 311 2125 504 2153; x_wconf 83' lang='lat' dir='ltr'><strong>Geucbrardus</strong></span> <span class='ocrx_word' id='word_1_411' title='bbox 521 2126 609 2160; x_wconf 90' lang='lat' dir='ltr'><strong>primo</strong></span> <span class='ocrx_word' id='word_1_412' title='bbox 628 2126 758 2154; x_wconf 86' lang='lat' dir='ltr'><strong>editionis</strong></span> <span class='ocrx_word' id='word_1_413' title='bbox 769 2134 825 2154; x_wconf 73' lang='lat' dir='ltr'><strong>suae</strong></span> <span class='ocrx_word' id='word_1_414' title='bbox 846 2132 917 2155; x_wconf 86' lang='grc' dir='ltr'>ιοιιιο</span> 
     </span>
    </p>
   </div>
   <div class='ocr_carea' id='block_1_58' title="bbox 126 2171 917 2206">
    <p class='ocr_par' dir='ltr' id='par_1_58' title="bbox 126 2171 917 2206">
     <span class='ocr_line' id='line_1_58' title="bbox 126 2171 917 2206; baseline 0.003 -8"><span class='ocrx_word' id='word_1_415' title='bbox 126 2172 254 2199; x_wconf 87' lang='lat' dir='ltr'><strong>inseruit.</strong></span> <span class='ocrx_word' id='word_1_416' title='bbox 273 2171 341 2199; x_wconf 88' lang='lat' dir='ltr'><strong>Tres</strong></span> <span class='ocrx_word' id='word_1_417' title='bbox 357 2172 400 2199; x_wconf 90' lang='lat' dir='ltr'><strong>isti</strong></span> <span class='ocrx_word' id='word_1_418' title='bbox 417 2172 580 2206; x_wconf 84' lang='lat' dir='ltr'><strong>interpretes</strong></span> <span class='ocrx_word' id='word_1_419' title='bbox 593 2172 635 2199; x_wconf 89' lang='lat' dir='ltr'><strong>usi</strong></span> <span class='ocrx_word' id='word_1_420' title='bbox 649 2172 827 2200; x_wconf 68' lang='lat' dir='ltr'><strong>suntGrtecis</strong></span> <span class='ocrx_word' id='word_1_421' title='bbox 843 2173 917 2200; x_wconf 91' lang='lat' dir='ltr'><strong>codi-</strong></span> 
     </span>
    </p>
   </div>
   <div class='ocr_carea' id='block_1_59' title="bbox 973 937 1758 974">
    <p class='ocr_par' dir='ltr' id='par_1_59' title="bbox 973 937 1758 974">
     <span class='ocr_line' id='line_1_59' title="bbox 973 937 1758 974; baseline -0.004 -7"><span class='ocrx_word' id='word_1_422' title='bbox 973 941 1084 967; x_wconf 88' lang='lat' dir='ltr'><strong>nuiuum</strong></span> <span class='ocrx_word' id='word_1_423' title='bbox 1093 938 1224 974; x_wconf 74' lang='lat' dir='ltr'><strong>Origenis</strong></span> <span class='ocrx_word' id='word_1_424' title='bbox 1235 946 1298 966; x_wconf 85' lang='lat' dir='ltr'><strong>esse</strong></span> <span class='ocrx_word' id='word_1_425' title='bbox 1309 939 1391 966; x_wconf 81' lang='lat' dir='ltr'><strong>fotum</strong></span> <span class='ocrx_word' id='word_1_426' title='bbox 1406 942 1571 973; x_wconf 79' lang='lat' dir='ltr'><strong>propugnat,</strong></span> <span class='ocrx_word' id='word_1_427' title='bbox 1583 937 1629 965; x_wconf 89' lang='lat' dir='ltr'><strong>sed</strong></span> <span class='ocrx_word' id='word_1_428' title='bbox 1642 937 1758 964; x_wconf 84' lang='lat' dir='ltr'><strong>infirmis</strong></span> 
     </span>
    </p>
   </div>
   <div class='ocr_carea' id='block_1_60' title="bbox 972 985 1758 1020">
    <p class='ocr_par' dir='ltr' id='par_1_60' title="bbox 972 985 1758 1020">
     <span class='ocr_line' id='line_1_60' title="bbox 972 985 1758 1020; baseline -0.001 -8"><span class='ocrx_word' id='word_1_429' title='bbox 972 987 1042 1013; x_wconf 86' lang='lat' dir='ltr'><strong>adeo</strong></span> <span class='ocrx_word' id='word_1_430' title='bbox 1066 985 1258 1020; x_wconf 75' lang='lat' dir='ltr'><strong>argumentis,</strong></span> <span class='ocrx_word' id='word_1_431' title='bbox 1285 991 1314 1012; x_wconf 91' lang='lat' dir='ltr'><strong>ut</strong></span> <span class='ocrx_word' id='word_1_432' title='bbox 1330 990 1405 1012; x_wconf 83' lang='lat' dir='ltr'><strong>lauto</strong></span> <span class='ocrx_word' id='word_1_433' title='bbox 1424 985 1483 1012; x_wconf 82' lang='lat' dir='ltr'><strong>viro</strong></span> <span class='ocrx_word' id='word_1_434' title='bbox 1510 985 1618 1019; x_wconf 75' lang='lat' dir='ltr'><strong>indigna</strong></span> <span class='ocrx_word' id='word_1_435' title='bbox 1647 992 1758 1018; x_wconf 83' lang='lat' dir='ltr'><strong>prorsus</strong></span> 
     </span>
    </p>
   </div>
   <div class='ocr_carea' id='block_1_61' title="bbox 973 1031 1758 1066">
    <p class='ocr_par' dir='ltr' id='par_1_61' title="bbox 973 1031 1758 1066">
     <span class='ocr_line' id='line_1_61' title="bbox 973 1031 1758 1066; baseline -0.003 -7"><span class='ocrx_word' id='word_1_436' title='bbox 973 1032 1094 1059; x_wconf 73' lang='lat' dir='ltr'><strong>Joannes</strong></span> <span class='ocrx_word' id='word_1_437' title='bbox 1116 1031 1332 1066; x_wconf 86' lang='lat' dir='ltr'><strong>Christophorus</strong></span> <span class='ocrx_word' id='word_1_438' title='bbox 1349 1031 1465 1058; x_wconf 84' lang='lat' dir='ltr'><strong>Wolfius</strong></span> <span class='ocrx_word' id='word_1_439' title='bbox 1476 1031 1539 1065; x_wconf 90' lang='lat' dir='ltr'><strong>jure</strong></span> <span class='ocrx_word' id='word_1_440' title='bbox 1552 1032 1650 1058; x_wconf 84' lang='lat' dir='ltr'><strong>merito</strong></span> <span class='ocrx_word' id='word_1_441' title='bbox 1663 1031 1758 1058; x_wconf 77' lang='lat' dir='ltr'><strong>existi-</strong></span> 
     </span>
    </p>
   </div>
   <div class='ocr_carea' id='block_1_62' title="bbox 974 1076 1756 1111">
    <p class='ocr_par' dir='ltr' id='par_1_62' title="bbox 974 1076 1756 1111">
     <span class='ocr_line' id='line_1_62' title="bbox 974 1076 1756 1111; baseline -0.003 -7"><span class='ocrx_word' id='word_1_442' title='bbox 974 1077 1097 1104; x_wconf 87' lang='lat' dir='ltr'><strong>maverit.</strong></span> <span class='ocrx_word' id='word_1_443' title='bbox 1116 1076 1238 1103; x_wconf 82' lang='lat' dir='ltr'><strong>Primum</strong></span> <span class='ocrx_word' id='word_1_444' title='bbox 1258 1076 1321 1104; x_wconf 89' lang='lat' dir='ltr'><strong>inde</strong></span> <span class='ocrx_word' id='word_1_445' title='bbox 1338 1077 1405 1111; x_wconf 89' lang='lat' dir='ltr'><strong>petit</strong></span> <span class='ocrx_word' id='word_1_446' title='bbox 1431 1077 1502 1111; x_wconf 89' lang='lat' dir='ltr'><strong>quod</strong></span> <span class='ocrx_word' id='word_1_447' title='bbox 1517 1076 1643 1111; x_wconf 77' lang='lat' dir='ltr'><strong>Origenis</strong></span> <span class='ocrx_word' id='word_1_448' title='bbox 1658 1083 1756 1103; x_wconf 85' lang='lat' dir='ltr'><strong>natm-n</strong></span> 
     </span>
    </p>
   </div>
   <div class='ocr_carea' id='block_1_63' title="bbox 974 1122 1758 1157">
    <p class='ocr_par' dir='ltr' id='par_1_63' title="bbox 974 1122 1758 1157">
     <span class='ocr_line' id='line_1_63' title="bbox 974 1122 1758 1157; baseline -0.001 -8"><span class='ocrx_word' id='word_1_449' title='bbox 974 1130 1029 1156; x_wconf 71' lang='lat' dir='ltr'><strong>pne</strong></span> <span class='ocrx_word' id='word_1_450' title='bbox 1049 1130 1078 1150; x_wconf 89' lang='lat' dir='ltr'><strong>se</strong></span> <span class='ocrx_word' id='word_1_451' title='bbox 1095 1122 1148 1149; x_wconf 85' lang='lat' dir='ltr'><strong>fert</strong></span> <span class='ocrx_word' id='word_1_452' title='bbox 1167 1122 1371 1157; x_wconf 83' lang='lat' dir='ltr'><strong>manuscriptus</strong></span> <span class='ocrx_word' id='word_1_453' title='bbox 1386 1122 1472 1149; x_wconf 75' lang='lat' dir='ltr'><strong>codex</strong></span> <span class='ocrx_word' id='word_1_454' title='bbox 1487 1122 1633 1153; x_wconf 83' lang='lat' dir='ltr'><strong>Mediceus,</strong></span> <span class='ocrx_word' id='word_1_455' title='bbox 1648 1130 1668 1149; x_wconf 87' lang='lat' dir='ltr'><strong>a-</strong></span> <span class='ocrx_word' id='word_1_456' title='bbox 1680 1122 1758 1156; x_wconf 80' lang='lat' dir='ltr'><strong>cujus</strong></span> 
     </span>
    </p>
   </div>
   <div class='ocr_carea' id='block_1_64' title="bbox 973 1168 1755 1202">
    <p class='ocr_par' dir='ltr' id='par_1_64' title="bbox 973 1168 1755 1202">
     <span class='ocr_line' id='line_1_64' title="bbox 973 1168 1755 1202; baseline 0 -7"><span class='ocrx_word' id='word_1_457' title='bbox 973 1169 1157 1200; x_wconf 68' lang='lat' dir='ltr'><strong>auctoritate,</strong></span> <span class='ocrx_word' id='word_1_458' title='bbox 1173 1168 1278 1202; x_wconf 85' lang='lat' dir='ltr'><strong>inquit,</strong></span> <span class='ocrx_word' id='word_1_459' title='bbox 1297 1176 1349 1195; x_wconf 91' lang='lat' dir='ltr'><strong>non</strong></span> <span class='ocrx_word' id='word_1_460' title='bbox 1378 1173 1481 1196; x_wconf 87' lang='lat' dir='ltr'><strong>temere</strong></span> <span class='ocrx_word' id='word_1_461' title='bbox 1499 1173 1541 1196; x_wconf 89' lang='lat' dir='ltr'><strong>est</strong></span> <span class='ocrx_word' id='word_1_462' title='bbox 1564 1168 1755 1196; x_wconf 86' lang='lat' dir='ltr'><strong>recedendum.</strong></span> 
     </span>
    </p>
   </div>
   <div class='ocr_carea' id='block_1_65' title="bbox 972 1215 1757 1250">
    <p class='ocr_par' dir='ltr' id='par_1_65' title="bbox 972 1215 1757 1250">
     <span class='ocr_line' id='line_1_65' title="bbox 972 1215 1757 1250; baseline 0.001 -9"><span class='ocrx_word' id='word_1_463' title='bbox 972 1215 1025 1242; x_wconf 88' lang='lat' dir='ltr'><strong>Sed</strong></span> <span class='ocrx_word' id='word_1_464' title='bbox 1042 1215 1103 1250; x_wconf 91' lang='lat' dir='ltr'><strong>quis</strong></span> <span class='ocrx_word' id='word_1_465' title='bbox 1114 1216 1215 1247; x_wconf 82' lang='lat' dir='ltr'><strong>nescit,</strong></span> <span class='ocrx_word' id='word_1_466' title='bbox 1231 1216 1338 1250; x_wconf 90' lang='lat' dir='ltr'><strong>reponit</strong></span> <span class='ocrx_word' id='word_1_467' title='bbox 1349 1215 1476 1247; x_wconf 83' lang='lat' dir='ltr'><strong>Wolfius,</strong></span> <span class='ocrx_word' id='word_1_468' title='bbox 1495 1215 1561 1242; x_wconf 91' lang='lat' dir='ltr'><strong>illud</strong></span> <span class='ocrx_word' id='word_1_469' title='bbox 1574 1215 1676 1242; x_wconf 84' lang='lat' dir='ltr'><strong>fraudis</strong></span> <span class='ocrx_word' id='word_1_470' title='bbox 1690 1215 1757 1243; x_wconf 90' lang='lat' dir='ltr'><strong>fuci-</strong></span> 
     </span>
    </p>
   </div>
   <div class='ocr_carea' id='block_1_66' title="bbox 972 1260 1757 1296">
    <p class='ocr_par' dir='ltr' id='par_1_66' title="bbox 972 1260 1757 1296">
     <span class='ocr_line' id='line_1_66' title="bbox 972 1260 1757 1296; baseline 0.003 -10"><span class='ocrx_word' id='word_1_471' title='bbox 972 1268 1025 1295; x_wconf 81' lang='lat' dir='ltr'><strong>que</strong></span> <span class='ocrx_word' id='word_1_472' title='bbox 1037 1268 1123 1296; x_wconf 79' lang='lat' dir='ltr'><strong>genus</strong></span> <span class='ocrx_word' id='word_1_473' title='bbox 1135 1261 1201 1288; x_wconf 93' lang='lat' dir='ltr'><strong>olim</strong></span> <span class='ocrx_word' id='word_1_474' title='bbox 1217 1261 1462 1288; x_wconf 88' lang='lat' dir='ltr'><strong>familiarissimum</strong></span> <span class='ocrx_word' id='word_1_475' title='bbox 1484 1260 1573 1288; x_wconf 78' lang='lat' dir='ltr'><strong>fuisse</strong></span> <span class='ocrx_word' id='word_1_476' title='bbox 1584 1260 1714 1293; x_wconf 86' lang='lat' dir='ltr'><strong>librariis,</strong></span> <span class='ocrx_word' id='word_1_477' title='bbox 1727 1267 1757 1288; x_wconf 88' lang='lat' dir='ltr'><strong>ut</strong></span> 
     </span>
    </p>
   </div>
   <div class='ocr_carea' id='block_1_67' title="bbox 973 1307 1756 1341">
    <p class='ocr_par' dir='ltr' id='par_1_67' title="bbox 973 1307 1756 1341">
     <span class='ocr_line' id='line_1_67' title="bbox 973 1307 1756 1341; baseline -0.001 -8"><span class='ocrx_word' id='word_1_478' title='bbox 973 1307 1073 1334; x_wconf 80' lang='lat' dir='ltr'><strong>librum</strong></span> <span class='ocrx_word' id='word_1_479' title='bbox 1088 1307 1234 1341; x_wconf 86' lang='lat' dir='ltr'><strong>quemdam</strong></span> <span class='ocrx_word' id='word_1_480' title='bbox 1261 1307 1306 1334; x_wconf 91' lang='lat' dir='ltr'><strong>illo</strong></span> <span class='ocrx_word' id='word_1_481' title='bbox 1323 1307 1506 1334; x_wconf 83' lang='lat' dir='ltr'><strong>inscriberent</strong></span> <span class='ocrx_word' id='word_1_482' title='bbox 1524 1307 1634 1333; x_wconf 85' lang='lat' dir='ltr'><strong>nomine</strong></span> <span class='ocrx_word' id='word_1_483' title='bbox 1647 1327 1656 1339; x_wconf 89' lang='lat'><strong>,</strong></span> <span class='ocrx_word' id='word_1_484' title='bbox 1679 1307 1756 1340; x_wconf 64' lang='lat' dir='ltr'><strong>cujus</strong></span> 
     </span>
    </p>
   </div>
   <div class='ocr_carea' id='block_1_68' title="bbox 973 1352 1757 1388">
    <p class='ocr_par' dir='ltr' id='par_1_68' title="bbox 973 1352 1757 1388">
     <span class='ocr_line' id='line_1_68' title="bbox 973 1352 1757 1388; baseline -0.001 -8"><span class='ocrx_word' id='word_1_485' title='bbox 973 1353 1116 1387; x_wconf 84' lang='lat' dir='ltr'><strong>splendore</strong></span> <span class='ocrx_word' id='word_1_486' title='bbox 1128 1353 1177 1388; x_wconf 89' lang='lat' dir='ltr'><strong>ipsi</strong></span> <span class='ocrx_word' id='word_1_487' title='bbox 1194 1353 1270 1387; x_wconf 90' lang='lat' dir='ltr'><strong>operi</strong></span> <span class='ocrx_word' id='word_1_488' title='bbox 1284 1352 1368 1380; x_wconf 84' lang='lat' dir='ltr'><strong>decus</strong></span> <span class='ocrx_word' id='word_1_489' title='bbox 1384 1357 1411 1379; x_wconf 86' lang='lat' dir='ltr'><strong>et</strong></span> <span class='ocrx_word' id='word_1_490' title='bbox 1425 1352 1546 1387; x_wconf 88' lang='lat' dir='ltr'><strong>pretium</strong></span> <span class='ocrx_word' id='word_1_491' title='bbox 1553 1352 1757 1380; x_wconf 72' lang='lat' dir='ltr'><strong>conciliaretur?</strong></span> 
     </span>
    </p>
   </div>
   <div class='ocr_carea' id='block_1_69' title="bbox 973 1396 1757 1431">
    <p class='ocr_par' dir='ltr' id='par_1_69' title="bbox 973 1396 1757 1431">
     <span class='ocr_line' id='line_1_69' title="bbox 973 1396 1757 1431; baseline 0.001 -7"><span class='ocrx_word' id='word_1_492' title='bbox 973 1396 1120 1431; x_wconf 85' lang='lat' dir='ltr'><strong>Speciatim</strong></span> <span class='ocrx_word' id='word_1_493' title='bbox 1136 1401 1255 1428; x_wconf 83' lang='lat' dir='ltr'><strong>constat,</strong></span> <span class='ocrx_word' id='word_1_494' title='bbox 1274 1396 1325 1424; x_wconf 88' lang='lat' dir='ltr'><strong>sub</strong></span> <span class='ocrx_word' id='word_1_495' title='bbox 1338 1396 1464 1431; x_wconf 74' lang='lat' dir='ltr'><strong>Origeuis</strong></span> <span class='ocrx_word' id='word_1_496' title='bbox 1480 1397 1589 1423; x_wconf 81' lang='lat' dir='ltr'><strong>nomine</strong></span> <span class='ocrx_word' id='word_1_497' title='bbox 1605 1401 1642 1424; x_wconf 87' lang='lat' dir='ltr'><strong>tot</strong></span> <span class='ocrx_word' id='word_1_498' title='bbox 1657 1404 1757 1431; x_wconf 87' lang='lat' dir='ltr'><strong>suppo-</strong></span> 
     </span>
    </p>
   </div>
   <div class='ocr_carea' id='block_1_70' title="bbox 972 1441 1754 1476">
    <p class='ocr_par' dir='ltr' id='par_1_70' title="bbox 972 1441 1754 1476">
     <span class='ocr_line' id='line_1_70' title="bbox 972 1441 1754 1476; baseline 0 -7"><span class='ocrx_word' id='word_1_499' title='bbox 972 1442 1023 1469; x_wconf 84' lang='lat' dir='ltr'><strong>sita</strong></span> <span class='ocrx_word' id='word_1_500' title='bbox 1039 1442 1142 1476; x_wconf 83' lang='lat' dir='ltr'><strong>scripta</strong></span> <span class='ocrx_word' id='word_1_501' title='bbox 1160 1441 1345 1474; x_wconf 83' lang='lat' dir='ltr'><strong>circumferri,</strong></span> <span class='ocrx_word' id='word_1_502' title='bbox 1364 1446 1392 1468; x_wconf 90' lang='lat' dir='ltr'><strong>ut</strong></span> <span class='ocrx_word' id='word_1_503' title='bbox 1406 1441 1754 1476; x_wconf 79' lang='lat' dir='ltr'><strong>Huctius-Origenianorum</strong></span> 
     </span>
    </p>
   </div>
   <div class='ocr_carea' id='block_1_71' title="bbox 972 1488 1756 1523">
    <p class='ocr_par' dir='ltr' id='par_1_71' title="bbox 972 1488 1756 1523">
     <span class='ocr_line' id='line_1_71' title="bbox 972 1488 1756 1523; baseline 0 -9"><span class='ocrx_word' id='word_1_504' title='bbox 972 1488 1041 1515; x_wconf 90' lang='lat' dir='ltr'><strong>libro</strong></span> <span class='ocrx_word' id='word_1_505' title='bbox 1051 1488 1143 1521; x_wconf 84' lang='lat' dir='ltr'><strong>tertio,</strong></span> <span class='ocrx_word' id='word_1_506' title='bbox 1157 1488 1290 1523; x_wconf 82' lang='lat' dir='ltr'><strong>peculiari</strong></span> <span class='ocrx_word' id='word_1_507' title='bbox 1306 1489 1438 1521; x_wconf 84' lang='lat' dir='ltr'><strong>sectione,</strong></span> <span class='ocrx_word' id='word_1_508' title='bbox 1452 1495 1505 1515; x_wconf 90' lang='lat' dir='ltr'><strong>non</strong></span> <span class='ocrx_word' id='word_1_509' title='bbox 1520 1489 1653 1515; x_wconf 80' lang='lat' dir='ltr'><strong>modicam</strong></span> <span class='ocrx_word' id='word_1_510' title='bbox 1663 1496 1756 1516; x_wconf 87' lang='lat' dir='ltr'><strong>eormn</strong></span> 
     </span>
    </p>
   </div>
   <div class='ocr_carea' id='block_1_72' title="bbox 972 1533 1757 1568">
    <p class='ocr_par' dir='ltr' id='par_1_72' title="bbox 972 1533 1757 1568">
     <span class='ocr_line' id='line_1_72' title="bbox 972 1533 1757 1568; baseline -0.001 -7"><span class='ocrx_word' id='word_1_511' title='bbox 972 1533 1077 1568; x_wconf 87' lang='lat' dir='ltr'><strong>copiam</strong></span> <span class='ocrx_word' id='word_1_512' title='bbox 1104 1533 1131 1560; x_wconf 92' lang='lat' dir='ltr'><strong>in</strong></span> <span class='ocrx_word' id='word_1_513' title='bbox 1150 1534 1269 1561; x_wconf 89' lang='lat' dir='ltr'><strong>medium</strong></span> <span class='ocrx_word' id='word_1_514' title='bbox 1296 1534 1397 1562; x_wconf 69' lang='lat' dir='ltr'><strong>offerre</strong></span> <span class='ocrx_word' id='word_1_515' title='bbox 1421 1534 1551 1568; x_wconf 86' lang='lat' dir='ltr'><strong>potuerit.</strong></span> <span class='ocrx_word' id='word_1_516' title='bbox 1570 1534 1659 1568; x_wconf 80' lang='lat' dir='ltr'><strong>Atque</strong></span> <span class='ocrx_word' id='word_1_517' title='bbox 1677 1533 1757 1568; x_wconf 86' lang='lat' dir='ltr'><strong>hujus</strong></span> 
     </span>
    </p>
   </div>
   <div class='ocr_carea' id='block_1_73' title="bbox 971 1580 1756 1614">
    <p class='ocr_par' dir='ltr' id='par_1_73' title="bbox 971 1580 1756 1614">
     <span class='ocr_line' id='line_1_73' title="bbox 971 1580 1756 1614; baseline 0.001 -8"><span class='ocrx_word' id='word_1_518' title='bbox 971 1580 1082 1614; x_wconf 79' lang='lat' dir='ltr'><strong>quidem</strong></span> <span class='ocrx_word' id='word_1_519' title='bbox 1101 1580 1137 1607; x_wconf 89' lang='lat' dir='ltr'><strong>rei</strong></span> <span class='ocrx_word' id='word_1_520' title='bbox 1152 1580 1220 1607; x_wconf 88' lang='lat' dir='ltr'><strong>ratio</strong></span> <span class='ocrx_word' id='word_1_521' title='bbox 1234 1580 1260 1606; x_wconf 88' lang='lat' dir='ltr'><strong>in</strong></span> <span class='ocrx_word' id='word_1_522' title='bbox 1273 1584 1397 1614; x_wconf 84' lang='lat' dir='ltr'><strong>promptu</strong></span> <span class='ocrx_word' id='word_1_523' title='bbox 1413 1585 1464 1607; x_wconf 88' lang='lat' dir='ltr'><strong>est.</strong></span> <span class='ocrx_word' id='word_1_524' title='bbox 1482 1580 1519 1607; x_wconf 85' lang='lat' dir='ltr'><strong>Ea</strong></span> <span class='ocrx_word' id='word_1_525' title='bbox 1533 1581 1604 1607; x_wconf 73' lang='lat' dir='ltr'><strong>extim</strong></span> <span class='ocrx_word' id='word_1_526' title='bbox 1619 1580 1670 1607; x_wconf 92' lang='lat' dir='ltr'><strong>fuit</strong></span> <span class='ocrx_word' id='word_1_527' title='bbox 1682 1585 1756 1607; x_wconf 89' lang='lat' dir='ltr'><strong>vete-</strong></span> 
     </span>
    </p>
   </div>
   <div class='ocr_carea' id='block_1_74' title="bbox 973 1625 1756 1661">
    <p class='ocr_par' dir='ltr' id='par_1_74' title="bbox 973 1625 1756 1661">
     <span class='ocr_line' id='line_1_74' title="bbox 973 1625 1756 1661; baseline 0.001 -9"><span class='ocrx_word' id='word_1_528' title='bbox 973 1634 1032 1652; x_wconf 88' lang='lat' dir='ltr'><strong>rum</strong></span> <span class='ocrx_word' id='word_1_529' title='bbox 1049 1626 1083 1653; x_wconf 91' lang='lat' dir='ltr'><strong>de</strong></span> <span class='ocrx_word' id='word_1_530' title='bbox 1103 1626 1256 1653; x_wconf 89' lang='lat' dir='ltr'><strong>eruditione</strong></span> <span class='ocrx_word' id='word_1_531' title='bbox 1271 1625 1398 1660; x_wconf 77' lang='lat' dir='ltr'><strong>Origenis</strong></span> <span class='ocrx_word' id='word_1_532' title='bbox 1415 1627 1566 1661; x_wconf 77' lang='lat' dir='ltr'><strong>persuasio,</strong></span> <span class='ocrx_word' id='word_1_533' title='bbox 1594 1632 1623 1653; x_wconf 93' lang='grc' dir='ltr'><strong>ιιι</strong></span> <span class='ocrx_word' id='word_1_534' title='bbox 1638 1626 1756 1654; x_wconf 79' lang='lat' dir='ltr'><strong>librariis</strong></span> 
     </span>
    </p>
   </div>
   <div class='ocr_carea' id='block_1_75' title="bbox 973 1671 1756 1707">
    <p class='ocr_par' dir='ltr' id='par_1_75' title="bbox 973 1671 1756 1707">
     <span class='ocr_line' id='line_1_75' title="bbox 973 1671 1756 1707; baseline 0.001 -9"><span class='ocrx_word' id='word_1_535' title='bbox 973 1671 1047 1698; x_wconf 85' lang='lat' dir='ltr'><strong>nulla</strong></span> <span class='ocrx_word' id='word_1_536' title='bbox 1062 1671 1202 1699; x_wconf 86' lang='lat' dir='ltr'><strong>dubitandi</strong></span> <span class='ocrx_word' id='word_1_537' title='bbox 1214 1680 1296 1699; x_wconf 84' lang='lat' dir='ltr'><strong>causa</strong></span> <span class='ocrx_word' id='word_1_538' title='bbox 1312 1672 1394 1704; x_wconf 87' lang='lat' dir='ltr'><strong>foret,</strong></span> <span class='ocrx_word' id='word_1_539' title='bbox 1413 1673 1479 1706; x_wconf 90' lang='lat' dir='ltr'><strong>quin</strong></span> <span class='ocrx_word' id='word_1_540' title='bbox 1499 1673 1559 1699; x_wconf 90' lang='lat' dir='ltr'><strong>libri</strong></span> <span class='ocrx_word' id='word_1_541' title='bbox 1572 1672 1633 1707; x_wconf 86' lang='lat' dir='ltr'><strong>ejus</strong></span> <span class='ocrx_word' id='word_1_542' title='bbox 1647 1673 1756 1700; x_wconf 87' lang='lat' dir='ltr'><strong>nomine</strong></span> 
     </span>
    </p>
   </div>
   <div class='ocr_carea' id='block_1_76' title="bbox 973 1718 1754 1752">
    <p class='ocr_par' dir='ltr' id='par_1_76' title="bbox 973 1718 1754 1752">
     <span class='ocr_line' id='line_1_76' title="bbox 973 1718 1754 1752; baseline 0.001 -8"><span class='ocrx_word' id='word_1_543' title='bbox 973 1718 1096 1752; x_wconf 85' lang='lat' dir='ltr'><strong>inscripti</strong></span> <span class='ocrx_word' id='word_1_544' title='bbox 1122 1718 1216 1745; x_wconf 77' lang='lat' dir='ltr'><strong>faciles</strong></span> <span class='ocrx_word' id='word_1_545' title='bbox 1235 1723 1372 1752; x_wconf 88' lang='lat' dir='ltr'><strong>emptores</strong></span> <span class='ocrx_word' id='word_1_546' title='bbox 1396 1718 1561 1745; x_wconf 72' lang='lat' dir='ltr'><strong>invenirent.</strong></span> <span class='ocrx_word' id='word_1_547' title='bbox 1579 1718 1616 1745; x_wconf 84' lang='lat' dir='ltr'><strong>Ex</strong></span> <span class='ocrx_word' id='word_1_548' title='bbox 1632 1726 1686 1752; x_wconf 90' lang='lat' dir='ltr'><strong>quo</strong></span> <span class='ocrx_word' id='word_1_549' title='bbox 1699 1718 1754 1745; x_wconf 83' lang='lat' dir='ltr'><strong>elli-</strong></span> 
     </span>
    </p>
   </div>
   <div class='ocr_carea' id='block_1_77' title="bbox 972 1762 1756 1797">
    <p class='ocr_par' dir='ltr' id='par_1_77' title="bbox 972 1762 1756 1797">
     <span class='ocr_line' id='line_1_77' title="bbox 972 1762 1756 1797; baseline 0.001 -9"><span class='ocrx_word' id='word_1_550' title='bbox 972 1762 1044 1789; x_wconf 89' lang='lat' dir='ltr'><strong>citur</strong></span> <span class='ocrx_word' id='word_1_551' title='bbox 1062 1763 1112 1790; x_wconf 92' lang='lat' dir='ltr'><strong>boc</strong></span> <span class='ocrx_word' id='word_1_552' title='bbox 1137 1763 1246 1797; x_wconf 85' lang='lat' dir='ltr'><strong>quidem</strong></span> <span class='ocrx_word' id='word_1_553' title='bbox 1269 1762 1399 1790; x_wconf 86' lang='lat' dir='ltr'><strong>Grouovii</strong></span> <span class='ocrx_word' id='word_1_554' title='bbox 1423 1762 1571 1797; x_wconf 82' lang='lat' dir='ltr'><strong>prolibelli</strong></span> <span class='ocrx_word' id='word_1_555' title='bbox 1592 1763 1756 1790; x_wconf 84' lang='lat' dir='ltr'><strong>auctoritate</strong></span> 
     </span>
    </p>
   </div>
   <div class='ocr_carea' id='block_1_78' title="bbox 971 1808 1755 1843">
    <p class='ocr_par' dir='ltr' id='par_1_78' title="bbox 971 1808 1755 1843">
     <span class='ocr_line' id='line_1_78' title="bbox 971 1808 1755 1843; baseline 0 -9"><span class='ocrx_word' id='word_1_556' title='bbox 971 1813 1163 1842; x_wconf 72' lang='lat' dir='ltr'><strong>argumentum</strong></span> <span class='ocrx_word' id='word_1_557' title='bbox 1180 1808 1267 1843; x_wconf 87' lang='lat' dir='ltr'><strong>parvi,</strong></span> <span class='ocrx_word' id='word_1_558' title='bbox 1284 1814 1332 1835; x_wconf 87' lang='lat' dir='ltr'><strong>aut</strong></span> <span class='ocrx_word' id='word_1_559' title='bbox 1354 1809 1452 1835; x_wconf 89' lang='lat' dir='ltr'><strong>nullius</strong></span> <span class='ocrx_word' id='word_1_560' title='bbox 1464 1816 1527 1836; x_wconf 78' lang='lat' dir='ltr'><strong>esse</strong></span> <span class='ocrx_word' id='word_1_561' title='bbox 1547 1808 1691 1841; x_wconf 87' lang='lat' dir='ltr'><strong>momenti,</strong></span> <span class='ocrx_word' id='word_1_562' title='bbox 1705 1808 1755 1835; x_wconf 87' lang='lat' dir='ltr'><strong>ttisi</strong></span> 
     </span>
    </p>
   </div>
   <div class='ocr_carea' id='block_1_79' title="bbox 971 1853 1755 1889">
    <p class='ocr_par' dir='ltr' id='par_1_79' title="bbox 971 1853 1755 1889">
     <span class='ocr_line' id='line_1_79' title="bbox 971 1853 1755 1889; baseline 0.001 -9"><span class='ocrx_word' id='word_1_563' title='bbox 971 1854 1031 1881; x_wconf 74' lang='lat' dir='ltr'><strong>alia:</strong></span> <span class='ocrx_word' id='word_1_564' title='bbox 1048 1853 1158 1889; x_wconf 70' lang='lat' dir='ltr'><strong>majoris</strong></span> <span class='ocrx_word' id='word_1_565' title='bbox 1185 1855 1312 1888; x_wconf 77' lang='lat' dir='ltr'><strong>ponderis</strong></span> <span class='ocrx_word' id='word_1_566' title='bbox 1330 1855 1451 1882; x_wconf 86' lang='lat' dir='ltr'><strong>rationes</strong></span> <span class='ocrx_word' id='word_1_567' title='bbox 1478 1855 1656 1882; x_wconf 86' lang='lat' dir='ltr'><strong>aocesserint.</strong></span> <span class='ocrx_word' id='word_1_568' title='bbox 1681 1854 1755 1881; x_wconf 88' lang='lat' dir='ltr'><strong>Alte-</strong></span> 
     </span>
    </p>
   </div>
   <div class='ocr_carea' id='block_1_80' title="bbox 972 1898 1754 1934">
    <p class='ocr_par' dir='ltr' id='par_1_80' title="bbox 972 1898 1754 1934">
     <span class='ocr_line' id='line_1_80' title="bbox 972 1898 1754 1934; baseline -0.001 -8"><span class='ocrx_word' id='word_1_569' title='bbox 972 1908 1030 1926; x_wconf 88' lang='lat' dir='ltr'><strong>rum</strong></span> <span class='ocrx_word' id='word_1_570' title='bbox 1047 1899 1175 1927; x_wconf 83' lang='lat' dir='ltr'><strong>Gronovii</strong></span> <span class='ocrx_word' id='word_1_571' title='bbox 1188 1905 1375 1934; x_wconf 76' lang='lat' dir='ltr'><strong>argumentum</strong></span> <span class='ocrx_word' id='word_1_572' title='bbox 1392 1907 1469 1933; x_wconf 67' lang='lat' dir='ltr'><strong>aeque</strong></span> <span class='ocrx_word' id='word_1_573' title='bbox 1484 1899 1618 1926; x_wconf 87' lang='lat' dir='ltr'><strong>infirmum</strong></span> <span class='ocrx_word' id='word_1_574' title='bbox 1635 1898 1754 1930; x_wconf 86' lang='lat' dir='ltr'><strong>videtur,</strong></span> 
     </span>
    </p>
   </div>
   <div class='ocr_carea' id='block_1_81' title="bbox 971 1944 1754 1980">
    <p class='ocr_par' dir='ltr' id='par_1_81' title="bbox 971 1944 1754 1980">
     <span class='ocr_line' id='line_1_81' title="bbox 971 1944 1754 1980; baseline 0.001 -9"><span class='ocrx_word' id='word_1_575' title='bbox 971 1947 1068 1980; x_wconf 82' lang='lat' dir='ltr'><strong>quippe</strong></span> <span class='ocrx_word' id='word_1_576' title='bbox 1080 1945 1251 1980; x_wconf 84' lang='lat' dir='ltr'><strong>desumptum</strong></span> <span class='ocrx_word' id='word_1_577' title='bbox 1260 1953 1274 1972; x_wconf 86' lang='lat' dir='ltr'><strong>a</strong></span> <span class='ocrx_word' id='word_1_578' title='bbox 1289 1945 1466 1980; x_wconf 87' lang='lat' dir='ltr'><strong>mauuscripti</strong></span> <span class='ocrx_word' id='word_1_579' title='bbox 1476 1945 1579 1972; x_wconf 91' lang='lat' dir='ltr'><strong>codicis</strong></span> <span class='ocrx_word' id='word_1_580' title='bbox 1588 1944 1754 1972; x_wconf 82' lang='lat' dir='ltr'><strong>conditione.</strong></span> 
     </span>
    </p>
   </div>
   <div class='ocr_carea' id='block_1_82' title="bbox 971 1990 1755 2026">
    <p class='ocr_par' dir='ltr' id='par_1_82' title="bbox 971 1990 1755 2026">
     <span class='ocr_line' id='line_1_82' title="bbox 971 1990 1755 2026; baseline -0.001 -8"><span class='ocrx_word' id='word_1_581' title='bbox 971 1992 1021 2019; x_wconf 83' lang='lat' dir='ltr'><strong>Ille</strong></span> <span class='ocrx_word' id='word_1_582' title='bbox 1034 1993 1114 2023; x_wconf 86' lang='lat' dir='ltr'><strong>enim,</strong></span> <span class='ocrx_word' id='word_1_583' title='bbox 1132 1991 1232 2026; x_wconf 78' lang='lat' dir='ltr'><strong>inquit,</strong></span> <span class='ocrx_word' id='word_1_584' title='bbox 1248 1991 1312 2018; x_wconf 77' lang='lat' dir='ltr'><strong>licet.</strong></span> <span class='ocrx_word' id='word_1_585' title='bbox 1334 1991 1370 2018; x_wconf 73' lang='lat' dir='ltr'><strong>ait</strong></span> <span class='ocrx_word' id='word_1_586' title='bbox 1384 1991 1551 2024; x_wconf 78' lang='lat' dir='ltr'><strong>charlaceus,</strong></span> <span class='ocrx_word' id='word_1_587' title='bbox 1577 1990 1655 2025; x_wconf 82' lang='lat' dir='ltr'><strong>plane</strong></span> <span class='ocrx_word' id='word_1_588' title='bbox 1668 1995 1755 2017; x_wconf 77' lang='lat' dir='ltr'><strong>tamen</strong></span> 
     </span>
    </p>
   </div>
   <div class='ocr_carea' id='block_1_83' title="bbox 970 2037 1755 2074">
    <p class='ocr_par' dir='ltr' id='par_1_83' title="bbox 970 2037 1755 2074">
     <span class='ocr_line' id='line_1_83' title="bbox 970 2037 1755 2074; baseline -0.004 -8"><span class='ocrx_word' id='word_1_589' title='bbox 970 2048 1035 2066; x_wconf 82' lang='lat' dir='ltr'><strong>auro</strong></span> <span class='ocrx_word' id='word_1_590' title='bbox 1053 2040 1223 2074; x_wconf 79' lang='lat' dir='ltr'><strong>undeqttaqnc</strong></span> <span class='ocrx_word' id='word_1_591' title='bbox 1241 2040 1392 2073; x_wconf 78' lang='lat' dir='ltr'><strong>pretiosior,</strong></span> <span class='ocrx_word' id='word_1_592' title='bbox 1409 2039 1503 2073; x_wconf 79' lang='lat' dir='ltr'><strong>quippe</strong></span> <span class='ocrx_word' id='word_1_593' title='bbox 1532 2038 1624 2064; x_wconf 74' lang='lat' dir='ltr'><strong>unicus</strong></span> <span class='ocrx_word' id='word_1_594' title='bbox 1635 2057 1642 2069; x_wconf 94' lang='lat'><strong>,</strong></span> <span class='ocrx_word' id='word_1_595' title='bbox 1661 2037 1688 2064; x_wconf 90' lang='lat' dir='ltr'><strong>in</strong></span> <span class='ocrx_word' id='word_1_596' title='bbox 1704 2045 1755 2070; x_wconf 80' lang='lat' dir='ltr'><strong>quo</strong></span> 
     </span>
    </p>
   </div>
   <div class='ocr_carea' id='block_1_84' title="bbox 969 2082 1755 2114">
    <p class='ocr_par' dir='ltr' id='par_1_84' title="bbox 969 2082 1755 2114">
     <span class='ocr_line' id='line_1_84' title="bbox 969 2082 1755 2114; baseline -0.005 -3"><span class='ocrx_word' id='word_1_597' title='bbox 969 2084 1209 2112; x_wconf 76' lang='lat' dir='ltr'><strong>cmendatissimmn</strong></span> <span class='ocrx_word' id='word_1_598' title='bbox 1232 2089 1269 2111; x_wconf 74' lang='lat' dir='ltr'><strong>ert</strong></span> <span class='ocrx_word' id='word_1_599' title='bbox 1285 2083 1395 2110; x_wconf 75' lang='lat' dir='ltr'><strong>Arriani</strong></span> <span class='ocrx_word' id='word_1_600' title='bbox 1407 2082 1580 2114; x_wconf 68' lang='grc' dir='ltr'><strong>Ἀναᾶάσεως</strong></span> <span class='ocrx_word' id='word_1_601' title='bbox 1609 2082 1755 2109; x_wconf 75' lang='lat' dir='ltr'><strong>Alexandri</strong></span> 
     </span>
    </p>
   </div>
   <div class='ocr_carea' id='block_1_85' title="bbox 971 2128 1755 2165">
    <p class='ocr_par' dir='ltr' id='par_1_85' title="bbox 971 2128 1755 2165">
     <span class='ocr_line' id='line_1_85' title="bbox 971 2128 1755 2165; baseline -0.005 -8"><span class='ocrx_word' id='word_1_602' title='bbox 971 2130 1062 2165; x_wconf 83' lang='lat' dir='ltr'><strong>Magni</strong></span> <span class='ocrx_word' id='word_1_603' title='bbox 1076 2130 1211 2164; x_wconf 67' lang='lat' dir='ltr'><strong>exemplar.</strong></span> <span class='ocrx_word' id='word_1_604' title='bbox 1225 2130 1315 2157; x_wconf 80' lang='lat' dir='ltr'><strong>cadent</strong></span> <span class='ocrx_word' id='word_1_605' title='bbox 1332 2137 1414 2156; x_wconf 86' lang='lat' dir='ltr'><strong>manu</strong></span> <span class='ocrx_word' id='word_1_606' title='bbox 1425 2130 1562 2163; x_wconf 77' lang='lat' dir='ltr'><strong>scriptum,</strong></span> <span class='ocrx_word' id='word_1_607' title='bbox 1579 2135 1602 2156; x_wconf 88' lang='lat' dir='ltr'><strong>et</strong></span> <span class='ocrx_word' id='word_1_608' title='bbox 1622 2128 1691 2155; x_wconf 82' lang='lat' dir='ltr'><strong>unde</strong></span> <span class='ocrx_word' id='word_1_609' title='bbox 1708 2136 1755 2154; x_wconf 73' lang='lat' dir='ltr'><strong>nos</strong></span> 
     </span>
    </p>
   </div>
   <div class='ocr_carea' id='block_1_86' title="bbox 969 2174 1754 2211">
    <p class='ocr_par' dir='ltr' id='par_1_86' title="bbox 969 2174 1754 2211">
     <span class='ocr_line' id='line_1_86' title="bbox 969 2174 1754 2211; baseline -0.004 -8"><span class='ocrx_word' id='word_1_610' title='bbox 969 2177 1029 2204; x_wconf 87' lang='lat' dir='ltr'><strong>olim</strong></span> <span class='ocrx_word' id='word_1_611' title='bbox 1043 2177 1144 2211; x_wconf 81' lang='lat' dir='ltr'><strong>egregia</strong></span> <span class='ocrx_word' id='word_1_612' title='bbox 1168 2175 1215 2202; x_wconf 88' lang='lat' dir='ltr'><strong>illa</strong></span> <span class='ocrx_word' id='word_1_613' title='bbox 1237 2175 1294 2211; x_wconf 76' lang='lat' dir='ltr'><strong>ejus</strong></span> <span class='ocrx_word' id='word_1_614' title='bbox 1315 2175 1451 2209; x_wconf 76' lang='lat' dir='ltr'><strong>scriptoris</strong></span> <span class='ocrx_word' id='word_1_615' title='bbox 1475 2174 1656 2209; x_wconf 75' lang='lat' dir='ltr'><strong>supplementa</strong></span> <span class='ocrx_word' id='word_1_616' title='bbox 1671 2174 1754 2200; x_wconf 81' lang='lat' dir='ltr'><strong>edidi-</strong></span> 
     </span>
    </p>
   </div>
   <div class='ocr_carea' id='block_1_87' title="bbox 125 2217 1753 2262">
    <p class='ocr_par' dir='ltr' id='par_1_87' title="bbox 125 2217 1753 2262">
     <span class='ocr_line' id='line_1_87' title="bbox 125 2217 1753 2262; baseline -0.001 -15"><span class='ocrx_word' id='word_1_617' title='bbox 125 2218 204 2245; x_wconf 69' lang='lat' dir='ltr'><strong>Ciblls</strong></span> <span class='ocrx_word' id='word_1_618' title='bbox 218 2218 297 2244; x_wconf 77' lang='lat' dir='ltr'><strong>Valde</strong></span> <span class='ocrx_word' id='word_1_619' title='bbox 325 2218 456 2251; x_wconf 73' lang='lat' dir='ltr'><strong>diVCI&#39;SiS;</strong></span> <span class='ocrx_word' id='word_1_620' title='bbox 485 2217 689 2251; x_wconf 76' lang='lat' dir='ltr'><strong>&quot;unlpllredum</strong></span> <span class='ocrx_word' id='word_1_621' title='bbox 719 2223 812 2246; x_wconf 78' lang='lat' dir='ltr'><strong>aufem</strong></span> <span class='ocrx_word' id='word_1_622' title='bbox 836 2227 914 2247; x_wconf 80' lang='lat' dir='ltr'><strong>usum</strong></span> <span class='ocrx_word' id='word_1_623' title='bbox 932 2235 954 2262; x_wconf 71' lang='grc' dir='ltr'><strong>η</strong></span> <span class='ocrx_word' id='word_1_624' title='bbox 969 2232 1037 2254; x_wconf 78' lang='lat' dir='ltr'><strong>mus,</strong></span> <span class='ocrx_word' id='word_1_625' title='bbox 1050 2222 1093 2249; x_wconf 79' lang='lat' dir='ltr'><strong>cui</strong></span> <span class='ocrx_word' id='word_1_626' title='bbox 1107 2223 1190 2249; x_wconf 73' lang='lat' dir='ltr'><strong>simile</strong></span> <span class='ocrx_word' id='word_1_627' title='bbox 1206 2226 1231 2248; x_wconf 83' lang='lat' dir='ltr'><strong>et</strong></span> <span class='ocrx_word' id='word_1_628' title='bbox 1246 2230 1294 2256; x_wconf 87' lang='lat' dir='ltr'><strong>par</strong></span> <span class='ocrx_word' id='word_1_629' title='bbox 1305 2226 1438 2255; x_wconf 80' lang='lat' dir='ltr'><strong>propterea</strong></span> <span class='ocrx_word' id='word_1_630' title='bbox 1451 2226 1534 2247; x_wconf 62' lang='lat' dir='ltr'><strong>exstat</strong></span> <span class='ocrx_word' id='word_1_631' title='bbox 1551 2220 1663 2248; x_wconf 86' lang='lat' dir='ltr'><strong>nullum.</strong></span> <span class='ocrx_word' id='word_1_632' title='bbox 1679 2218 1753 2246; x_wconf 73' lang='lat' dir='ltr'><strong>Prte-</strong></span> 
     </span>
    </p>
   </div>
   <div class='ocr_carea' id='block_1_88' title="bbox 125 2264 916 2299">
    <p class='ocr_par' dir='ltr' id='par_1_88' title="bbox 125 2264 916 2299">
     <span class='ocr_line' id='line_1_88' title="bbox 125 2264 916 2299; baseline 0.001 -9"><span class='ocrx_word' id='word_1_633' title='bbox 125 2271 189 2291; x_wconf 78' lang='lat' dir='ltr'><strong>csse</strong></span> <span class='ocrx_word' id='word_1_634' title='bbox 202 2264 353 2291; x_wconf 88' lang='lat' dir='ltr'><strong>sinceriore</strong></span> <span class='ocrx_word' id='word_1_635' title='bbox 369 2269 450 2298; x_wconf 86' lang='lat' dir='ltr'><strong>atque</strong></span> <span class='ocrx_word' id='word_1_636' title='bbox 465 2264 592 2292; x_wconf 88' lang='lat' dir='ltr'><strong>uberiore</strong></span> <span class='ocrx_word' id='word_1_637' title='bbox 607 2265 757 2299; x_wconf 80' lang='lat' dir='ltr'><strong>exemplari</strong></span> <span class='ocrx_word' id='word_1_638' title='bbox 772 2273 852 2298; x_wconf 89' lang='lat' dir='ltr'><strong>quam</strong></span> <span class='ocrx_word' id='word_1_639' title='bbox 868 2269 916 2292; x_wconf 86' lang='lat' dir='ltr'><strong>aut.</strong></span> 
     </span>
    </p>
   </div>
   <div class='ocr_carea' id='block_1_89' title="bbox 125 2310 914 2345">
    <p class='ocr_par' dir='ltr' id='par_1_89' title="bbox 125 2310 914 2345">
     <span class='ocr_line' id='line_1_89' title="bbox 125 2310 914 2345; baseline 0.001 -9"><span class='ocrx_word' id='word_1_640' title='bbox 125 2310 219 2337; x_wconf 83' lang='lat' dir='ltr'><strong>Picum</strong></span> <span class='ocrx_word' id='word_1_641' title='bbox 236 2314 283 2336; x_wconf 88' lang='lat' dir='ltr'><strong>attt</strong></span> <span class='ocrx_word' id='word_1_642' title='bbox 301 2310 470 2342; x_wconf 83' lang='lat' dir='ltr'><strong>Perionium,</strong></span> <span class='ocrx_word' id='word_1_643' title='bbox 490 2310 577 2337; x_wconf 90' lang='lat' dir='ltr'><strong>cuivis</strong></span> <span class='ocrx_word' id='word_1_644' title='bbox 595 2318 627 2337; x_wconf 75' lang='lat' dir='ltr'><strong>ex</strong></span> <span class='ocrx_word' id='word_1_645' title='bbox 644 2311 850 2345; x_wconf 87' lang='lat' dir='ltr'><strong>comparatione</strong></span> <span class='ocrx_word' id='word_1_646' title='bbox 866 2319 914 2345; x_wconf 87' lang='lat' dir='ltr'><strong>pa-</strong></span> 
     </span>
    </p>
   </div>
   <div class='ocr_carea' id='block_1_90' title="bbox 125 2356 915 2391">
    <p class='ocr_par' dir='ltr' id='par_1_90' title="bbox 125 2356 915 2391">
     <span class='ocr_line' id='line_1_90' title="bbox 125 2356 915 2391; baseline 0.003 -9"><span class='ocrx_word' id='word_1_647' title='bbox 125 2360 175 2387; x_wconf 83' lang='lat' dir='ltr'><strong>tet,</strong></span> <span class='ocrx_word' id='word_1_648' title='bbox 197 2356 280 2390; x_wconf 89' lang='lat' dir='ltr'><strong>idque</strong></span> <span class='ocrx_word' id='word_1_649' title='bbox 303 2356 357 2391; x_wconf 84' lang='lat' dir='ltr'><strong>jam</strong></span> <span class='ocrx_word' id='word_1_650' title='bbox 376 2357 548 2384; x_wconf 83' lang='lat' dir='ltr'><strong>observatqu</strong></span> <span class='ocrx_word' id='word_1_651' title='bbox 572 2362 614 2384; x_wconf 89' lang='lat' dir='ltr'><strong>est</strong></span> <span class='ocrx_word' id='word_1_652' title='bbox 631 2357 665 2384; x_wconf 88' lang='lat' dir='ltr'><strong>ab</strong></span> <span class='ocrx_word' id='word_1_653' title='bbox 684 2357 791 2383; x_wconf 85' lang='lat' dir='ltr'><strong>Andrea</strong></span> <span class='ocrx_word' id='word_1_654' title='bbox 817 2356 915 2384; x_wconf 86' lang='lat' dir='ltr'><strong>Riveto</strong></span> 
     </span>
    </p>
   </div>
   <div class='ocr_carea' id='block_1_91' title="bbox 123 2400 914 2437">
    <p class='ocr_par' dir='ltr' id='par_1_91' title="bbox 123 2400 914 2437">
     <span class='ocr_line' id='line_1_91' title="bbox 123 2400 914 2437; baseline 0.001 -9"><span class='ocrx_word' id='word_1_655' title='bbox 123 2400 215 2428; x_wconf 82' lang='lat' dir='ltr'><strong>Critic.</strong></span> <span class='ocrx_word' id='word_1_656' title='bbox 229 2410 300 2430; x_wconf 69' lang='lat' dir='ltr'><strong>acer.</strong></span> <span class='ocrx_word' id='word_1_657' title='bbox 319 2402 364 2429; x_wconf 87' lang='lat' dir='ltr'><strong>lib.</strong></span> <span class='ocrx_word' id='word_1_658' title='bbox 384 2410 414 2435; x_wconf 89' lang='grc' dir='ltr'>ιι,</span> <span class='ocrx_word' id='word_1_659' title='bbox 430 2410 489 2437; x_wconf 88' lang='lat' dir='ltr'><strong>cap.</strong></span> <span class='ocrx_word' id='word_1_660' title='bbox 504 2403 546 2434; x_wconf 76' lang='lat' dir='ltr'><strong>l5,</strong></span> <span class='ocrx_word' id='word_1_661' title='bbox 563 2407 590 2429; x_wconf 84' lang='lat' dir='ltr'><strong>et</strong></span> <span class='ocrx_word' id='word_1_662' title='bbox 599 2402 724 2436; x_wconf 80' lang='lat' dir='ltr'><strong>Philippo</strong></span> <span class='ocrx_word' id='word_1_663' title='bbox 742 2402 851 2429; x_wconf 85' lang='lat' dir='ltr'><strong>Labbeo</strong></span> <span class='ocrx_word' id='word_1_664' title='bbox 874 2402 914 2429; x_wconf 84' lang='lat' dir='ltr'><strong>De</strong></span> 
     </span>
    </p>
   </div>
   <div class='ocr_carea' id='block_1_92' title="bbox 123 2447 912 2484">
    <p class='ocr_par' dir='ltr' id='par_1_92' title="bbox 123 2447 912 2484">
     <span class='ocr_line' id='line_1_92' title="bbox 123 2447 912 2484; baseline 0.003 -11"><span class='ocrx_word' id='word_1_665' title='bbox 123 2449 215 2480; x_wconf 73' lang='lat' dir='ltr'><strong>script.</strong></span> <span class='ocrx_word' id='word_1_666' title='bbox 232 2448 294 2475; x_wconf 85' lang='lat' dir='ltr'><strong>eccl.</strong></span> <span class='ocrx_word' id='word_1_667' title='bbox 314 2453 379 2476; x_wconf 83' lang='lat' dir='ltr'><strong>tom.</strong></span> <span class='ocrx_word' id='word_1_668' title='bbox 393 2448 424 2481; x_wconf 85' lang='lat' dir='ltr'><strong>ll,</strong></span> <span class='ocrx_word' id='word_1_669' title='bbox 443 2457 504 2484; x_wconf 73' lang='lat' dir='ltr'><strong>pag.</strong></span> <span class='ocrx_word' id='word_1_670' title='bbox 521 2448 582 2475; x_wconf 68' lang='lat'><strong>“5.</strong></span> <span class='ocrx_word' id='word_1_671' title='bbox 606 2447 799 2476; x_wconf 85' lang='lat' dir='ltr'><strong>Verumtamen</strong></span> <span class='ocrx_word' id='word_1_672' title='bbox 812 2447 912 2476; x_wconf 81' lang='lat' dir='ltr'><strong>Joauni</strong></span> 
     </span>
    </p>
   </div>
   <div class='ocr_carea' id='block_1_93' title="bbox 124 2494 914 2529">
    <p class='ocr_par' dir='ltr' id='par_1_93' title="bbox 124 2494 914 2529">
     <span class='ocr_line' id='line_1_93' title="bbox 124 2494 914 2529; baseline 0.001 -9"><span class='ocrx_word' id='word_1_673' title='bbox 124 2494 267 2528; x_wconf 75' lang='lat' dir='ltr'><strong>Rodolpho</strong></span> <span class='ocrx_word' id='word_1_674' title='bbox 282 2494 435 2523; x_wconf 79' lang='lat' dir='ltr'><strong>Wctstenio</strong></span> <span class='ocrx_word' id='word_1_675' title='bbox 476 2495 617 2522; x_wconf 83' lang='lat' dir='ltr'><strong>videbatur</strong></span> <span class='ocrx_word' id='word_1_676' title='bbox 634 2494 826 2528; x_wconf 87' lang='lat' dir='ltr'><strong>Humphredus</strong></span> <span class='ocrx_word' id='word_1_677' title='bbox 842 2503 914 2529; x_wconf 67' lang='lat' dir='ltr'><strong>saepe</strong></span> 
     </span>
    </p>
   </div>
   <div class='ocr_carea' id='block_1_94' title="bbox 123 2541 914 2575">
    <p class='ocr_par' dir='ltr' id='par_1_94' title="bbox 123 2541 914 2575">
     <span class='ocr_line' id='line_1_94' title="bbox 123 2541 914 2575; baseline 0.003 -9"><span class='ocrx_word' id='word_1_678' title='bbox 123 2541 322 2575; x_wconf 84' lang='lat' dir='ltr'><strong>paraphrasten</strong></span> <span class='ocrx_word' id='word_1_679' title='bbox 340 2541 430 2573; x_wconf 90' lang='lat' dir='ltr'><strong>potius</strong></span> <span class='ocrx_word' id='word_1_680' title='bbox 445 2548 525 2575; x_wconf 85' lang='lat' dir='ltr'><strong>agere</strong></span> <span class='ocrx_word' id='word_1_681' title='bbox 544 2549 624 2575; x_wconf 89' lang='lat' dir='ltr'><strong>quam</strong></span> <span class='ocrx_word' id='word_1_682' title='bbox 641 2541 830 2575; x_wconf 85' lang='lat' dir='ltr'><strong>interpretem,</strong></span> <span class='ocrx_word' id='word_1_683' title='bbox 864 2549 914 2568; x_wconf 91' lang='lat' dir='ltr'><strong>nec</strong></span> 
     </span>
    </p>
   </div>
   <div class='ocr_carea' id='block_1_95' title="bbox 123 2586 912 2621">
    <p class='ocr_par' dir='ltr' id='par_1_95' title="bbox 123 2586 912 2621">
     <span class='ocr_line' id='line_1_95' title="bbox 123 2586 912 2621; baseline 0 -8"><span class='ocrx_word' id='word_1_684' title='bbox 123 2594 187 2613; x_wconf 87' lang='lat' dir='ltr'><strong>raro</strong></span> <span class='ocrx_word' id='word_1_685' title='bbox 210 2586 361 2614; x_wconf 86' lang='lat' dir='ltr'><strong>inseruisse</strong></span> <span class='ocrx_word' id='word_1_686' title='bbox 384 2588 520 2620; x_wconf 57' lang='lat' dir='ltr'><strong>quaedam,</strong></span> <span class='ocrx_word' id='word_1_687' title='bbox 537 2592 566 2614; x_wconf 94' lang='grc' dir='ltr'><strong>ιιι</strong></span> <span class='ocrx_word' id='word_1_688' title='bbox 585 2587 747 2614; x_wconf 77' lang='lat' dir='ltr'><strong>sententiam</strong></span> <span class='ocrx_word' id='word_1_689' title='bbox 762 2588 912 2621; x_wconf 80' lang='lat' dir='ltr'><strong>quomodo-</strong></span> 
     </span>
    </p>
   </div>
   <div class='ocr_carea' id='block_1_96' title="bbox 121 2632 912 2667">
    <p class='ocr_par' dir='ltr' id='par_1_96' title="bbox 121 2632 912 2667">
     <span class='ocr_line' id='line_1_96' title="bbox 121 2632 912 2667; baseline 0 -8"><span class='ocrx_word' id='word_1_690' title='bbox 121 2640 230 2665; x_wconf 87' lang='lat' dir='ltr'><strong>cuuque</strong></span> <span class='ocrx_word' id='word_1_691' title='bbox 249 2638 452 2667; x_wconf 85' lang='lat' dir='ltr'><strong>assequeretur.</strong></span> <span class='ocrx_word' id='word_1_692' title='bbox 467 2632 648 2665; x_wconf 81' lang='lat' dir='ltr'><strong>Quamobrem</strong></span> <span class='ocrx_word' id='word_1_693' title='bbox 666 2641 728 2659; x_wconf 84' lang='lat' dir='ltr'><strong>cum</strong></span> <span class='ocrx_word' id='word_1_694' title='bbox 751 2633 837 2659; x_wconf 89' lang='lat' dir='ltr'><strong>fusior</strong></span> <span class='ocrx_word' id='word_1_695' title='bbox 857 2632 912 2666; x_wconf 88' lang='lat' dir='ltr'><strong>ple-</strong></span> 
     </span>
    </p>
   </div>
   <div class='ocr_carea' id='block_1_97' title="bbox 123 2678 912 2714">
    <p class='ocr_par' dir='ltr' id='par_1_97' title="bbox 123 2678 912 2714">
     <span class='ocr_line' id='line_1_97' title="bbox 123 2678 912 2714; baseline 0 -10"><span class='ocrx_word' id='word_1_696' title='bbox 123 2686 239 2713; x_wconf 84' lang='lat' dir='ltr'><strong>rumque</strong></span> <span class='ocrx_word' id='word_1_697' title='bbox 255 2679 290 2705; x_wconf 85' lang='lat' dir='ltr'><strong>sit</strong></span> <span class='ocrx_word' id='word_1_698' title='bbox 300 2679 360 2713; x_wconf 86' lang='lat' dir='ltr'><strong>ejus</strong></span> <span class='ocrx_word' id='word_1_699' title='bbox 374 2679 564 2714; x_wconf 82' lang='lat' dir='ltr'><strong>interpretatio</strong></span> <span class='ocrx_word' id='word_1_700' title='bbox 578 2686 658 2714; x_wconf 87' lang='lat' dir='ltr'><strong>qttatn</strong></span> <span class='ocrx_word' id='word_1_701' title='bbox 673 2684 702 2705; x_wconf 93' lang='lat' dir='ltr'><strong>ut</strong></span> <span class='ocrx_word' id='word_1_702' title='bbox 713 2678 808 2706; x_wconf 68' lang='lat' dir='ltr'><strong>Graeco</strong></span> <span class='ocrx_word' id='word_1_703' title='bbox 821 2686 912 2706; x_wconf 83' lang='lat' dir='ltr'><strong>exem-</strong></span> 
     </span>
    </p>
   </div>
   <div class='ocr_carea' id='block_1_98' title="bbox 122 2725 911 2759">
    <p class='ocr_par' dir='ltr' id='par_1_98' title="bbox 122 2725 911 2759">
     <span class='ocr_line' id='line_1_98' title="bbox 122 2725 911 2759; baseline 0 -8"><span class='ocrx_word' id='word_1_704' title='bbox 122 2725 191 2758; x_wconf 83' lang='lat' dir='ltr'><strong>plari</strong></span> <span class='ocrx_word' id='word_1_705' title='bbox 211 2726 406 2759; x_wconf 70' lang='lat' dir='ltr'><strong>a-tpiiparetur.</strong></span> <span class='ocrx_word' id='word_1_706' title='bbox 432 2730 545 2753; x_wconf 84' lang='lat' dir='ltr'><strong>coactus</strong></span> <span class='ocrx_word' id='word_1_707' title='bbox 565 2731 608 2753; x_wconf 90' lang='lat' dir='ltr'><strong>est</strong></span> <span class='ocrx_word' id='word_1_708' title='bbox 631 2725 801 2753; x_wconf 80' lang='lat' dir='ltr'><strong>Wetstenius</strong></span> <span class='ocrx_word' id='word_1_709' title='bbox 838 2725 911 2752; x_wconf 89' lang='lat' dir='ltr'><strong>illam</strong></span> 
     </span>
    </p>
   </div>
   <div class='ocr_carea' id='block_1_99' title="bbox 123 2771 913 2808">
    <p class='ocr_par' dir='ltr' id='par_1_99' title="bbox 123 2771 913 2808">
     <span class='ocr_line' id='line_1_99' title="bbox 123 2771 913 2808; baseline 0 -10"><span class='ocrx_word' id='word_1_710' title='bbox 123 2771 325 2806; x_wconf 81' lang='lat' dir='ltr'><strong>constringere,</strong></span> <span class='ocrx_word' id='word_1_711' title='bbox 342 2780 373 2799; x_wconf 88' lang='lat' dir='ltr'><strong>ac</strong></span> <span class='ocrx_word' id='word_1_712' title='bbox 392 2772 458 2799; x_wconf 81' lang='lat' dir='ltr'><strong>locis</strong></span> <span class='ocrx_word' id='word_1_713' title='bbox 472 2772 598 2807; x_wconf 88' lang='lat' dir='ltr'><strong>plurimis</strong></span> <span class='ocrx_word' id='word_1_714' title='bbox 611 2773 691 2800; x_wconf 90' lang='lat' dir='ltr'><strong>aliam</strong></span> <span class='ocrx_word' id='word_1_715' title='bbox 711 2780 843 2808; x_wconf 69' lang='lat' dir='ltr'><strong>pangere;</strong></span> <span class='ocrx_word' id='word_1_716' title='bbox 861 2781 913 2807; x_wconf 76' lang='lat' dir='ltr'><strong>qua</strong></span> 
     </span>
    </p>
   </div>
   <div class='ocr_carea' id='block_1_100' title="bbox 970 2263 1753 2301">
    <p class='ocr_par' dir='ltr' id='par_1_100' title="bbox 970 2263 1753 2301">
     <span class='ocr_line' id='line_1_100' title="bbox 970 2263 1753 2301; baseline -0.008 -7"><span class='ocrx_word' id='word_1_717' title='bbox 970 2273 1041 2294; x_wconf 83' lang='lat' dir='ltr'><strong>terea</strong></span> <span class='ocrx_word' id='word_1_718' title='bbox 1058 2267 1080 2294; x_wconf 79' lang='lat' dir='ltr'><strong>is</strong></span> <span class='ocrx_word' id='word_1_719' title='bbox 1097 2267 1151 2301; x_wconf 74' lang='lat' dir='ltr'><strong>ipse</strong></span> <span class='ocrx_word' id='word_1_720' title='bbox 1174 2266 1256 2292; x_wconf 84' lang='lat' dir='ltr'><strong>codea:</strong></span> <span class='ocrx_word' id='word_1_721' title='bbox 1271 2270 1319 2297; x_wconf 71' lang='lat' dir='ltr'><strong>est,</strong></span> <span class='ocrx_word' id='word_1_722' title='bbox 1334 2265 1360 2291; x_wconf 91' lang='lat' dir='ltr'><strong>in</strong></span> <span class='ocrx_word' id='word_1_723' title='bbox 1375 2273 1426 2300; x_wconf 82' lang='lat' dir='ltr'><strong>quo</strong></span> <span class='ocrx_word' id='word_1_724' title='bbox 1452 2263 1585 2290; x_wconf 69' lang='lat' dir='ltr'><strong>Hieroclis</strong></span> <span class='ocrx_word' id='word_1_725' title='bbox 1612 2263 1646 2290; x_wconf 80' lang='lat' dir='ltr'><strong>ad</strong></span> <span class='ocrx_word' id='word_1_726' title='bbox 1671 2271 1753 2289; x_wconf 81' lang='lat' dir='ltr'><strong>aurea</strong></span> 
     </span>
    </p>
   </div>
   <div class='ocr_carea' id='block_1_101' title="bbox 971 2308 1754 2348">
    <p class='ocr_par' dir='ltr' id='par_1_101' title="bbox 971 2308 1754 2348">
     <span class='ocr_line' id='line_1_101' title="bbox 971 2308 1754 2348; baseline -0.008 -8"><span class='ocrx_word' id='word_1_727' title='bbox 971 2313 1128 2348; x_wconf 76' lang='lat' dir='ltr'><strong>Pythagora:</strong></span> <span class='ocrx_word' id='word_1_728' title='bbox 1144 2312 1261 2339; x_wconf 87' lang='lat' dir='ltr'><strong>carmina</strong></span> <span class='ocrx_word' id='word_1_729' title='bbox 1276 2311 1469 2338; x_wconf 75' lang='lat' dir='ltr'><strong>eruditissimus</strong></span> <span class='ocrx_word' id='word_1_730' title='bbox 1484 2308 1690 2336; x_wconf 72' lang='lat' dir='ltr'><strong>commentarius</strong></span> <span class='ocrx_word' id='word_1_731' title='bbox 1700 2313 1754 2334; x_wconf 88' lang='lat' dir='ltr'><strong>tam</strong></span> 
     </span>
    </p>
   </div>
   <div class='ocr_carea' id='block_1_102' title="bbox 968 2355 1755 2393">
    <p class='ocr_par' dir='ltr' id='par_1_102' title="bbox 968 2355 1755 2393">
     <span class='ocr_line' id='line_1_102' title="bbox 968 2355 1755 2393; baseline -0.006 -8"><span class='ocrx_word' id='word_1_732' title='bbox 968 2359 1067 2393; x_wconf 76' lang='lat' dir='ltr'><strong>integer</strong></span> <span class='ocrx_word' id='word_1_733' title='bbox 1082 2363 1106 2384; x_wconf 86' lang='lat' dir='ltr'><strong>et</strong></span> <span class='ocrx_word' id='word_1_734' title='bbox 1121 2357 1263 2384; x_wconf 80' lang='lat' dir='ltr'><strong>inviolatus</strong></span> <span class='ocrx_word' id='word_1_735' title='bbox 1278 2357 1425 2389; x_wconf 67' lang='lat' dir='ltr'><strong>exhibetur,</strong></span> <span class='ocrx_word' id='word_1_736' title='bbox 1439 2361 1467 2382; x_wconf 89' lang='lat' dir='ltr'><strong>ut</strong></span> <span class='ocrx_word' id='word_1_737' title='bbox 1483 2364 1535 2382; x_wconf 87' lang='lat' dir='ltr'><strong>non</strong></span> <span class='ocrx_word' id='word_1_738' title='bbox 1558 2355 1668 2382; x_wconf 82' lang='lat' dir='ltr'><strong>aliunde</strong></span> <span class='ocrx_word' id='word_1_739' title='bbox 1681 2362 1755 2389; x_wconf 72' lang='lat' dir='ltr'><strong>mque</strong></span> 
     </span>
    </p>
   </div>
   <div class='ocr_carea' id='block_1_103' title="bbox 968 2400 1754 2437">
    <p class='ocr_par' dir='ltr' id='par_1_103' title="bbox 968 2400 1754 2437">
     <span class='ocr_line' id='line_1_103' title="bbox 968 2400 1754 2437; baseline -0.006 -7"><span class='ocrx_word' id='word_1_740' title='bbox 968 2412 998 2430; x_wconf 84' lang='lat' dir='ltr'><strong>ac</strong></span> <span class='ocrx_word' id='word_1_741' title='bbox 1006 2412 1038 2430; x_wconf 79' lang='lat' dir='ltr'><strong>ea:</strong></span> <span class='ocrx_word' id='word_1_742' title='bbox 1053 2404 1107 2437; x_wconf 74' lang='lat' dir='ltr'><strong>ipso</strong></span> <span class='ocrx_word' id='word_1_743' title='bbox 1122 2403 1250 2430; x_wconf 74' lang='lat' dir='ltr'><strong>columine</strong></span> <span class='ocrx_word' id='word_1_744' title='bbox 1262 2403 1351 2437; x_wconf 80' lang='lat' dir='ltr'><strong>colligi</strong></span> <span class='ocrx_word' id='word_1_745' title='bbox 1364 2402 1460 2436; x_wconf 77' lang='lat' dir='ltr'><strong>possit,</strong></span> <span class='ocrx_word' id='word_1_746' title='bbox 1475 2409 1555 2436; x_wconf 85' lang='lat' dir='ltr'><strong>quam</strong></span> <span class='ocrx_word' id='word_1_747' title='bbox 1570 2400 1754 2427; x_wconf 80' lang='lat' dir='ltr'><strong>maculosico-</strong></span> 
     </span>
    </p>
   </div>
   <div class='ocr_carea' id='block_1_104' title="bbox 968 2445 1754 2483">
    <p class='ocr_par' dir='ltr' id='par_1_104' title="bbox 968 2445 1754 2483">
     <span class='ocr_line' id='line_1_104' title="bbox 968 2445 1754 2483; baseline -0.01 -7"><span class='ocrx_word' id='word_1_748' title='bbox 968 2450 1039 2476; x_wconf 76' lang='lat' dir='ltr'><strong>dices</strong></span> <span class='ocrx_word' id='word_1_749' title='bbox 1052 2449 1084 2475; x_wconf 87' lang='lat' dir='ltr'><strong>ab</strong></span> <span class='ocrx_word' id='word_1_750' title='bbox 1099 2448 1274 2483; x_wconf 74' lang='lat' dir='ltr'><strong>typographit</strong></span> <span class='ocrx_word' id='word_1_751' title='bbox 1290 2447 1388 2474; x_wconf 77' lang='lat' dir='ltr'><strong>nostris</strong></span> <span class='ocrx_word' id='word_1_752' title='bbox 1414 2447 1448 2473; x_wconf 85' lang='lat' dir='ltr'><strong>ad</strong></span> <span class='ocrx_word' id='word_1_753' title='bbox 1479 2445 1683 2480; x_wconf 76' lang='lat' dir='ltr'><strong>multiplicando</strong></span> <span class='ocrx_word' id='word_1_754' title='bbox 1698 2445 1754 2477; x_wconf 72' lang='lat' dir='ltr'><strong>ejus</strong></span> 
     </span>
    </p>
   </div>
   <div class='ocr_carea' id='block_1_105' title="bbox 967 2490 1753 2528">
    <p class='ocr_par' dir='ltr' id='par_1_105' title="bbox 967 2490 1753 2528">
     <span class='ocr_line' id='line_1_105' title="bbox 967 2490 1753 2528; baseline -0.008 -6"><span class='ocrx_word' id='word_1_755' title='bbox 967 2495 1127 2528; x_wconf 71' lang='lat' dir='ltr'><strong>exemplaria</strong></span> <span class='ocrx_word' id='word_1_756' title='bbox 1147 2494 1265 2528; x_wconf 76' lang='lat' dir='ltr'><strong>usurpati</strong></span> <span class='ocrx_word' id='word_1_757' title='bbox 1282 2493 1393 2527; x_wconf 77' lang='lat' dir='ltr'><strong>fuerint.</strong></span> <span class='ocrx_word' id='word_1_758' title='bbox 1408 2497 1436 2519; x_wconf 90' lang='lat' dir='ltr'><strong>ut</strong></span> <span class='ocrx_word' id='word_1_759' title='bbox 1460 2493 1573 2525; x_wconf 78' lang='lat' dir='ltr'><strong>scriptor</strong></span> <span class='ocrx_word' id='word_1_760' title='bbox 1599 2491 1656 2525; x_wconf 81' lang='lat' dir='ltr'><strong>ejus</strong></span> <span class='ocrx_word' id='word_1_761' title='bbox 1674 2490 1753 2524; x_wconf 73' lang='lat' dir='ltr'><strong>fuerit</strong></span> 
     </span>
    </p>
   </div>
   <div class='ocr_carea' id='block_1_106' title="bbox 966 2536 1753 2575">
    <p class='ocr_par' dir='ltr' id='par_1_106' title="bbox 966 2536 1753 2575">
     <span class='ocr_line' id='line_1_106' title="bbox 966 2536 1753 2575; baseline -0.01 -6"><span class='ocrx_word' id='word_1_762' title='bbox 966 2542 1072 2569; x_wconf 85' lang='lat' dir='ltr'><strong>omnino</strong></span> <span class='ocrx_word' id='word_1_763' title='bbox 1090 2542 1129 2568; x_wconf 81' lang='lat' dir='ltr'><strong>vir</strong></span> <span class='ocrx_word' id='word_1_764' title='bbox 1145 2545 1169 2567; x_wconf 81' lang='lat' dir='ltr'><strong>et</strong></span> <span class='ocrx_word' id='word_1_765' title='bbox 1193 2541 1248 2575; x_wconf 73' lang='lat' dir='ltr'><strong>ipse</strong></span> <span class='ocrx_word' id='word_1_766' title='bbox 1268 2540 1435 2566; x_wconf 64' lang='lat' dir='ltr'><strong>(laetissimus</strong></span> <span class='ocrx_word' id='word_1_767' title='bbox 1449 2542 1474 2564; x_wconf 85' lang='lat' dir='ltr'><strong>et</strong></span> <span class='ocrx_word' id='word_1_768' title='bbox 1491 2538 1536 2571; x_wconf 79' lang='lat' dir='ltr'><strong>qui</strong></span> <span class='ocrx_word' id='word_1_769' title='bbox 1551 2536 1705 2571; x_wconf 69' lang='lat' dir='ltr'><strong>ﬁdelissima</strong></span> <span class='ocrx_word' id='word_1_770' title='bbox 1719 2536 1753 2561; x_wconf 87' lang='lat' dir='ltr'><strong>ad</strong></span> 
     </span>
    </p>
   </div>
   <div class='ocr_carea' id='block_1_107' title="bbox 966 2581 1752 2620">
    <p class='ocr_par' dir='ltr' id='par_1_107' title="bbox 966 2581 1752 2620">
     <span class='ocr_line' id='line_1_107' title="bbox 966 2581 1752 2620; baseline -0.01 -5"><span class='ocrx_word' id='word_1_771' title='bbox 966 2588 1149 2615; x_wconf 81' lang='lat' dir='ltr'><strong>bibliothecam</strong></span> <span class='ocrx_word' id='word_1_772' title='bbox 1162 2596 1237 2613; x_wconf 69' lang='lat' dir='ltr'><strong>suum</strong></span> <span class='ocrx_word' id='word_1_773' title='bbox 1262 2586 1425 2620; x_wconf 66' lang='lat' dir='ltr'><strong>exeiuplaria</strong></span> <span class='ocrx_word' id='word_1_774' title='bbox 1440 2582 1643 2616; x_wconf 75' lang='lat' dir='ltr'><strong>conquisiwrit:</strong></span> <span class='ocrx_word' id='word_1_775' title='bbox 1658 2581 1752 2616; x_wconf 74' lang='lat' dir='ltr'><strong>quibus</strong></span> 
     </span>
    </p>
   </div>
   <div class='ocr_carea' id='block_1_108' title="bbox 964 2628 1752 2667">
    <p class='ocr_par' dir='ltr' id='par_1_108' title="bbox 964 2628 1752 2667">
     <span class='ocr_line' id='line_1_108' title="bbox 964 2628 1752 2667; baseline -0.01 -7"><span class='ocrx_word' id='word_1_776' title='bbox 964 2639 1125 2667; x_wconf 77' lang='lat' dir='ltr'><strong>postremum</strong></span> <span class='ocrx_word' id='word_1_777' title='bbox 1139 2632 1235 2667; x_wconf 85' lang='lat' dir='ltr'><strong>adjecit</strong></span> <span class='ocrx_word' id='word_1_778' title='bbox 1262 2632 1311 2658; x_wconf 83' lang='lat' dir='ltr'><strong>hoc</strong></span> <span class='ocrx_word' id='word_1_779' title='bbox 1325 2630 1447 2662; x_wconf 78' lang='lat' dir='ltr'><strong>Origenis</strong></span> <span class='ocrx_word' id='word_1_780' title='bbox 1474 2629 1650 2663; x_wconf 75' lang='lat' dir='ltr'><strong>fragmentum</strong></span> <span class='ocrx_word' id='word_1_781' title='bbox 1663 2646 1670 2659; x_wconf 89' lang='lat'><strong>,</strong></span> <span class='ocrx_word' id='word_1_782' title='bbox 1684 2628 1752 2659; x_wconf 82' lang='lat' dir='ltr'><strong>quod</strong></span> 
     </span>
    </p>
   </div>
   <div class='ocr_carea' id='block_1_109' title="bbox 964 2673 1754 2712">
    <p class='ocr_par' dir='ltr' id='par_1_109' title="bbox 964 2673 1754 2712">
     <span class='ocr_line' id='line_1_109' title="bbox 964 2673 1754 2712; baseline -0.01 -7"><span class='ocrx_word' id='word_1_783' title='bbox 964 2680 1067 2705; x_wconf 80' lang='lat' dir='ltr'><strong>nomine</strong></span> <span class='ocrx_word' id='word_1_784' title='bbox 1082 2678 1144 2712; x_wconf 74' lang='lat' dir='ltr'><strong>falsi</strong></span> <span class='ocrx_word' id='word_1_785' title='bbox 1161 2682 1184 2704; x_wconf 81' lang='lat' dir='ltr'><strong>ct</strong></span> <span class='ocrx_word' id='word_1_786' title='bbox 1200 2677 1285 2711; x_wconf 67' lang='lat' dir='ltr'><strong>spurii</strong></span> <span class='ocrx_word' id='word_1_787' title='bbox 1301 2676 1414 2711; x_wconf 79' lang='lat' dir='ltr'><strong>deferre,</strong></span> <span class='ocrx_word' id='word_1_788' title='bbox 1429 2679 1453 2702; x_wconf 81' lang='lat' dir='ltr'><strong>et</strong></span> <span class='ocrx_word' id='word_1_789' title='bbox 1468 2675 1529 2701; x_wconf 82' lang='lat' dir='ltr'><strong>hinc</strong></span> <span class='ocrx_word' id='word_1_790' title='bbox 1543 2675 1608 2701; x_wconf 82' lang='lat' dir='ltr'><strong>adeo</strong></span> <span class='ocrx_word' id='word_1_791' title='bbox 1623 2673 1754 2699; x_wconf 79' lang='lat' dir='ltr'><strong>eruditum</strong></span> 
     </span>
    </p>
   </div>
   <div class='ocr_carea' id='block_1_110' title="bbox 967 2719 1752 2758">
    <p class='ocr_par' dir='ltr' id='par_1_110' title="bbox 967 2719 1752 2758">
     <span class='ocr_line' id='line_1_110' title="bbox 967 2719 1752 2758; baseline -0.01 -6"><span class='ocrx_word' id='word_1_792' title='bbox 967 2733 1074 2753; x_wconf 87' lang='lat' dir='ltr'><strong>manum</strong></span> <span class='ocrx_word' id='word_1_793' title='bbox 1089 2733 1136 2758; x_wconf 86' lang='lat' dir='ltr'><strong>pro</strong></span> <span class='ocrx_word' id='word_1_794' title='bbox 1152 2724 1201 2751; x_wconf 76' lang='lat' dir='ltr'><strong>levi</strong></span> <span class='ocrx_word' id='word_1_795' title='bbox 1215 2723 1353 2749; x_wconf 78' lang='lat' dir='ltr'><strong>traducere</strong></span> <span class='ocrx_word' id='word_1_796' title='bbox 1366 2730 1417 2748; x_wconf 87' lang='lat' dir='ltr'><strong>non</strong></span> <span class='ocrx_word' id='word_1_797' title='bbox 1430 2725 1466 2748; x_wconf 72' lang='lat' dir='ltr'><strong>cst</strong></span> <span class='ocrx_word' id='word_1_798' title='bbox 1491 2720 1601 2748; x_wconf 78' lang='lat' dir='ltr'><strong>alterius</strong></span> <span class='ocrx_word' id='word_1_799' title='bbox 1628 2719 1752 2750; x_wconf 73' lang='lat' dir='ltr'><strong>hominis,</strong></span> 
     </span>
    </p>
   </div>
   <div class='ocr_carea' id='block_1_111' title="bbox 967 2764 1749 2806">
    <p class='ocr_par' dir='ltr' id='par_1_111' title="bbox 967 2764 1749 2806">
     <span class='ocr_line' id='line_1_111' title="bbox 967 2764 1749 2806; baseline -0.009 -9"><span class='ocrx_word' id='word_1_800' title='bbox 967 2779 1046 2806; x_wconf 80' lang='lat' dir='ltr'><strong>quant</strong></span> <span class='ocrx_word' id='word_1_801' title='bbox 1061 2769 1106 2801; x_wconf 86' lang='lat' dir='ltr'><strong>qui</strong></span> <span class='ocrx_word' id='word_1_802' title='bbox 1125 2768 1223 2803; x_wconf 79' lang='lat' dir='ltr'><strong>optima</strong></span> <span class='ocrx_word' id='word_1_803' title='bbox 1251 2767 1354 2802; x_wconf 80' lang='lat' dir='ltr'><strong>egregia</strong></span> <span class='ocrx_word' id='word_1_804' title='bbox 1377 2772 1501 2800; x_wconf 84' lang='lat' dir='ltr'><strong>tanquam</strong></span> <span class='ocrx_word' id='word_1_805' title='bbox 1523 2774 1606 2800; x_wconf 73' lang='lat' dir='ltr'><strong>nugas</strong></span> <span class='ocrx_word' id='word_1_806' title='bbox 1646 2764 1749 2799; x_wconf 74' lang='lat' dir='ltr'><strong>aspicit.</strong></span> 
     </span>
    </p>
   </div>
   <div class='ocr_carea' id='block_1_112' title="bbox 156 2812 1753 2851">
    <p class='ocr_par' dir='ltr' id='par_1_112' title="bbox 156 2812 1753 2851">
     <span class='ocr_line' id='line_1_112' title="bbox 156 2812 1753 2851; baseline -0.006 -4"><span class='ocrx_word' id='word_1_807' title='bbox 156 2821 192 2851; x_wconf 73' lang='grc' dir='ltr'><strong>(ιζ)</strong></span> <span class='ocrx_word' id='word_1_808' title='bbox 206 2825 366 2851; x_wconf 51' lang='lat' dir='ltr'><strong>«tamtum</strong></span> <span class='ocrx_word' id='word_1_809' title='bbox 380 2819 460 2851; x_wconf 75' lang='lat' dir='ltr'><strong>libros</strong></span> <span class='ocrx_word' id='word_1_810' title='bbox 466 2826 497 2844; x_wconf 86' lang='lat' dir='ltr'><strong>ex</strong></span> <span class='ocrx_word' id='word_1_811' title='bbox 510 2820 594 2845; x_wconf 81' lang='lat' dir='ltr'><strong>codice</strong></span> <span class='ocrx_word' id='word_1_812' title='bbox 616 2821 640 2845; x_wconf 75' lang='lat' dir='ltr'><strong>in</strong></span> <span class='ocrx_word' id='word_1_813' title='bbox 660 2821 809 2845; x_wconf 79' lang='lat' dir='ltr'><strong>monasterio</strong></span> <span class='ocrx_word' id='word_1_814' title='bbox 822 2820 909 2845; x_wconf 73' lang='lat' dir='ltr'><strong>Montis</strong></span> <span class='ocrx_word' id='word_1_815' title='bbox 932 2819 1008 2845; x_wconf 71' lang='lat' dir='ltr'><strong>Athos</strong></span> <span class='ocrx_word' id='word_1_816' title='bbox 1018 2819 1156 2843; x_wconf 69' lang='lat' dir='ltr'><strong>asservalos</strong></span> <span class='ocrx_word' id='word_1_817' title='bbox 1167 2816 1264 2851; x_wconf 73' lang='lat' dir='ltr'><strong>integre</strong></span> <span class='ocrx_word' id='word_1_818' title='bbox 1288 2815 1381 2851; x_wconf 74' lang='lat' dir='ltr'><strong>primus</strong></span> <span class='ocrx_word' id='word_1_819' title='bbox 1392 2815 1480 2851; x_wconf 43' lang='lat' dir='ltr'><strong>edidit.</strong></span> <span class='ocrx_word' id='word_1_820' title='bbox 1497 2815 1527 2842; x_wconf 88' lang='grc' dir='ltr'><strong>ῐ).</strong></span> <span class='ocrx_word' id='word_1_821' title='bbox 1550 2814 1641 2851; x_wconf 70' lang='lat' dir='ltr'><strong>idliler.</strong></span> <span class='ocrx_word' id='word_1_822' title='bbox 1664 2812 1753 2851; x_wconf 43' lang='lat' dir='ltr'><strong>Dioni]</strong></span> 
     </span>
    </p>
   </div>
   <div class='ocr_carea' id='block_1_113' title="bbox 128 2844 1753 2883">
    <p class='ocr_par' dir='ltr' id='par_1_113' title="bbox 128 2844 1753 2883">
     <span class='ocr_line' id='line_1_113' title="bbox 128 2844 1753 2883; baseline -0.003 -10"><span class='ocrx_word' id='word_1_823' title='bbox 128 2844 196 2883; x_wconf 45' lang='lat'><strong>[85:2,</strong></span> <span class='ocrx_word' id='word_1_824' title='bbox 209 2844 283 2874; x_wconf 64' lang='lat' dir='ltr'><strong>ill-8°:</strong></span> <span class='ocrx_word' id='word_1_825' title='bbox 296 2844 366 2881; x_wconf 72' lang='lat' dir='ltr'><strong>Opus</strong></span> <span class='ocrx_word' id='word_1_826' title='bbox 379 2850 433 2883; x_wconf 65' lang='lat' dir='ltr'><strong>hoc,</strong></span> <span class='ocrx_word' id='word_1_827' title='bbox 448 2850 548 2882; x_wconf 70' lang='lat' dir='ltr'><strong>Origeni</strong></span> <span class='ocrx_word' id='word_1_828' title='bbox 560 2844 663 2882; x_wconf 64' lang='lat' dir='ltr'><strong>primum</strong></span> <span class='ocrx_word' id='word_1_829' title='bbox 675 2855 701 2875; x_wconf 72' lang='lat' dir='ltr'><strong>et</strong></span> <span class='ocrx_word' id='word_1_830' title='bbox 714 2844 946 2883; x_wconf 58' lang='grc' dir='ltr'><strong>Ηιρροιγιξίρόςιιηςι</strong></span> <span class='ocrx_word' id='word_1_831' title='bbox 965 2851 1128 2881; x_wconf 68' lang='lat' dir='ltr'><strong>suppositum,</strong></span> <span class='ocrx_word' id='word_1_832' title='bbox 1145 2844 1246 2871; x_wconf 69' lang='lat' dir='ltr'><strong>edemus</strong></span> <span class='ocrx_word' id='word_1_833' title='bbox 1259 2844 1438 2876; x_wconf 74' lang='lat' dir='ltr'><strong>in&#39;Appendice</strong></span> <span class='ocrx_word' id='word_1_834' title='bbox 1452 2847 1481 2870; x_wconf 86' lang='lat' dir='ltr'><strong>ad</strong></span> <span class='ocrx_word' id='word_1_835' title='bbox 1492 2846 1609 2870; x_wconf 73' lang='lat' dir='ltr'><strong>saeculum</strong></span> <span class='ocrx_word' id='word_1_836' title='bbox 1631 2851 1675 2872; x_wconf 89' lang='grc' dir='ltr'>ιιι,</span> <span class='ocrx_word' id='word_1_837' title='bbox 1687 2844 1753 2868; x_wconf 64' lang='lat' dir='ltr'><strong>inter</strong></span> 
     </span>
    </p>
   </div>
   <div class='ocr_carea' id='block_1_114' title="bbox 129 2879 755 2907">
    <p class='ocr_par' dir='ltr' id='par_1_114' title="bbox 129 2879 755 2907">
     <span class='ocr_line' id='line_1_114' title="bbox 129 2879 755 2907; baseline -0.002 -1"><span class='ocrx_word' id='word_1_838' title='bbox 129 2879 279 2906; x_wconf 76' lang='lat' dir='ltr'><strong>Collectch</strong></span> <span class='ocrx_word' id='word_1_839' title='bbox 291 2879 397 2906; x_wconf 76' lang='lat' dir='ltr'><strong>relerum</strong></span> <span class='ocrx_word' id='word_1_840' title='bbox 408 2879 583 2907; x_wconf 66' lang='grc' dir='ltr'><strong>Ιιαννριίἷθονιιήι.</strong></span> <span class='ocrx_word' id='word_1_841' title='bbox 602 2883 667 2907; x_wconf 82' lang='lat' dir='ltr'><strong>Enrr.</strong></span> <span class='ocrx_word' id='word_1_842' title='bbox 682 2879 755 2906; x_wconf 67' lang='grc' dir='ltr'>Ριτιζ</span> 
     </span>
    </p>
   </div>
  </div>
