1883 3072
93 112 127 139 55

94 174 209 204 perstes.
228 167 368 196 Postrema
384 168 518 196 sententia
534 168 635 196 Stoicis
654 169 678 195 in
695 169 791 203 primis
814 168 875 203 pla-

95 216 161 247 cuit,
177 215 209 242 de
223 215 324 249 quibus
340 215 465 242 videatur
476 214 627 243 Gatakerus
650 215 683 241 ad
709 215 877 242 Antoninum

95 262 155 289 loco
170 269 250 295 supra
262 261 355 292 citato.
370 267 398 288 et
412 260 551 296 Menagius
565 261 626 288 loco
642 260 706 287 item
723 268 803 294 sttpra
820 259 879 286 latt-

94 308 168 335 dato.
185 306 254 333 llinc
271 306 351 334 modo
367 306 467 333 laudati
484 312 587 334 veteres
601 306 762 340 scriptores.
776 311 805 332 et
822 306 878 340 ipse

94 358 202 387 quoque
215 351 360 386 Origenes,
373 351 488 378 sollicite
501 351 652 378 ἀθανασίαν
668 352 701 379 ab
717 351 877 387 ἐπιδημονῇ

93 396 184 433 ψυχῆς
196 397 377 432 distinguunt.
392 398 477 431 Quam
499 398 598 425 ibidem
613 398 767 425 Gronovius
780 399 807 424 in
832 405 877 424 sc-

95 443 241 478 quentibus
256 443 346 470 verbis
362 450 422 469 cum
444 443 498 470 alio
512 442 636 478 Origenis
651 442 709 471 loco
723 442 828 470 collatis
842 442 878 469 si-

98 489 277 517 militudinem
289 495 428 524 agnoscat,
437 491 608 526 perspicuum
619 498 670 518 non
682 495 734 522 est,
747 490 797 517 nisi
810 490 878 517 forte

97 543 155 563 eam
172 540 258 570 putet,
275 543 336 570 qua:
349 543 382 562 ex
401 536 541 563 relationis
558 536 744 564 convenientia
760 540 876 564 constat.

96 579 162 607 Eam
182 587 247 607 vero
261 585 289 607 et
303 580 330 607 in
347 580 408 607 aliis
424 581 606 616 scriptoribus
621 588 753 615 agnoscas
767 585 794 608 et
807 580 878 607 forte

95 625 308 660 majorem,cum
323 625 349 652 in
362 626 395 653 iis
411 626 492 653 verba
503 626 692 658 observentur,
707 633 768 661 qua:
784 627 818 653 ad
829 627 878 653 Φι-

95 670 333 704 λοὸιοφουμένων
357 671 476 698 auctoris
496 679 648 698 sermonem
665 672 775 707 propius
798 679 878 699 acce-

97 713 174 741 dunt.
203 714 272 742 Vide
297 715 387 742 Laert.
405 723 432 746 v,
456 716 500 748 '55,
520 721 548 744 et
570 717 742 744 Ammonium
760 717 787 744 itt
816 717 878 744 Vita

94 760 258 788 Aristotelis.
288 761 344 788 Nec
366 763 452 797 magis
474 771 488 790 a
506 763 642 791 Gronovio
657 763 723 790 facit
745 763 819 794 locus
843 763 877 791 de

95 804 207 836 Stoicis.
222 807 267 840 qui
284 808 330 833 eos
344 807 425 833 Deum
439 815 539 842 corpus
554 807 654 834 dixisse
667 812 796 834 testatur:
813 815 875 834 nam

95 851 160 879 licet
179 851 314 887 Origenes
327 852 353 879 itt
367 853 428 880 aliis
451 854 555 881 duobus
569 854 635 880 locis
648 861 663 879 a
679 853 817 880 Gronovio
835 853 876 880 al-

94 897 159 924 latis
172 897 257 924 Deum
276 898 427 925 Stoicorum
442 899 520 934 σῶμα
537 907 597 926 esse
607 900 689 931 dicat,
700 900 877 934 eamdemque

94 943 252 971 Stoicorum
270 944 432 971 sententiam
448 945 528 971 tertio
545 944 602 972 loco
620 945 713 972 itttutat
727 965 735 978 ,
764 952 817 971 non
835 948 876 971 ta-

94 996 158 1016 men
170 990 223 1017 boc
238 989 313 1017 solus
328 988 419 1017 facere
433 990 520 1024 potuit
540 989 682 1025 Origenes,
694 998 755 1017 cum
770 989 876 1017 Stoico-

96 1043 159 1062 rum
178 1035 292 1070 placita,
316 1035 363 1070 qui
391 1036 461 1063 hanc
490 1044 580 1063 rerum
607 1036 809 1063 universitatem
828 1035 876 1063 Dei

93 1082 207 1107 nomine
224 1080 391 1112 indicabant,
408 1088 502 1108 omnes
517 1081 554 1107 ita
581 1081 654 1116 loqui
667 1081 803 1116 juberent.
822 1080 876 1108 Nec

93 1125 184 1159 reipsa
200 1125 275 1152 solus
288 1124 419 1160 Origenes
446 1125 481 1152 ita
497 1125 603 1152 locuttts
615 1130 673 1157 est;
699 1133 762 1152 ttatn
774 1130 801 1152 et
816 1124 877 1151 Cle-

95 1176 174 1196 mens
187 1169 384 1196 Alexaudrinus
395 1169 442 1196 lib.
457 1177 464 1196 t
478 1169 587 1203 Strom.,
603 1177 628 1205 p.
641 1169 693 1197 295
702 1170 768 1196 edit.
780 1169 875 1197 Colon.
905 1194 909 1197 .

92 1214 130 1241 ait
143 1222 151 1241 :
163 1214 247 1249 Σῶμα
256 1214 319 1241 ὂντα
327 1215 371 1241 τὸν
384 1214 449 1241 Θεὺν
458 1214 503 1241 διὰ
514 1215 562 1250 τῆς
574 1215 738 1250 ἁτιμοτάτης
748 1215 813 1251 ὕλης
829 1224 878 1242 πε-

91 1262 251 1298 φοιτηκέναι
267 1262 387 1297 λέγουσιν
401 1262 431 1288 οὐ
449 1262 548 1294 καλῶς.
562 1262 594 1289 Et
606 1263 653 1290 lib.
667 1270 682 1290 v
695 1272 701 1290 :
717 1262 785 1290 Φασὶ
798 1262 877 1297 σῶμα

92 1303 166 1333 εἶναι
180 1306 227 1333 τδν
246 1306 313 1333 Θεὸν
327 1307 351 1333 οἱ
367 1306 482 1333 Στωϊκοὶ
494 1307 541 1333 καὶ
565 1307 672 1343 πνεῦμα
695 1307 755 1334 κατ’
767 1307 858 1334 οὐσίαν
867 1326 875 1339 ,

92 1350 188 1387 ὥσπερ
203 1350 300 1386 ἀμέλει
314 1352 360 1377 καὶ
374 1351 423 1387 τὴν
437 1351 527 1386 ψυχήν
537 1371 544 1384 ,
562 1356 591 1378 ut
605 1353 727 1379 omittam
742 1352 808 1379 alios
822 1359 877 1378 ma-

94 1403 150 1431 gno
161 1404 273 1423 numero
289 1396 322 1423 ab
335 1397 368 1423 iis
385 1396 511 1430 laudatis,
525 1397 570 1432 qui
583 1397 739 1425 Stoicorum
750 1398 876 1433 dogmata

92 1441 183 1468 fusius
198 1446 393 1477 exposuerunt.
410 1442 438 1469 ln
452 1443 546 1470 ultimo
560 1443 676 1478 denique
688 1443 747 1471 loco
766 1443 798 1472 de
813 1443 876 1479 Epi-

96 1487 157 1514 curi
172 1486 225 1514 diis
244 1494 278 1514 ex
293 1487 390 1515 atomis
411 1488 480 1515 ortis
494 1509 502 1521 ,
523 1489 566 1516 cui
591 1489 708 1516 similem
726 1497 759 1516 ex
785 1490 874 1517 librot

92 1537 188 1560 contra
214 1533 318 1560 Celsum
337 1533 434 1562 afferre
460 1542 490 1562 se
514 1539 592 1569 putat
615 1535 783 1569 Gronovius,
807 1536 875 1563 nihil

92 1578 184 1606 simile
199 1580 347 1614 reperitttr,
373 1581 424 1608 nisi
439 1581 511 1616 quod
529 1582 599 1609 idetn
618 1582 650 1609 de
663 1574 798 1617 ejusmodi
812 1583 876 1610 deo-

93 1629 157 1651 rum
174 1624 284 1658 origine
302 1632 335 1652 ex
352 1625 462 1660 Epicuri
486 1631 577 1654 mente
591 1626 722 1654 refertur.
739 1628 791 1655 Sed
801 1635 876 1663 equo-

95 1669 256 1704 tusquisque
270 1674 322 1703 est,
336 1670 380 1704 qui
395 1677 447 1697 non
462 1670 533 1698 idetn
545 1671 578 1699 de
590 1671 640 1699 diis
654 1672 762 1707 Epicuri
775 1673 875 1700 dixerit

92 1714 264 1742 senseritve?
281 1716 370 1750 Atque
386 1715 443 1743 haec
458 1720 521 1743 sunt
535 1722 694 1751 argumenta
709 1718 809 1752 quibus
828 1718 871 1745 vir

93 1759 265 1788 clarissimus
279 1760 398 1790 Joannes
409 1762 621 1798 Christophorus
633 1762 748 1790 Wolfius
766 1764 872 1791 erudite

91 1805 219 1834 exsufflat
235 1815 330 1835 omnes
347 1809 514 1836 ratiunculas
531 1817 590 1844 qua:
605 1816 637 1836 eo
653 1809 819 1837 Gronovittm
833 1810 874 1837 vi—

90 1859 152 1879 rum
169 1852 270 1887 alioqui
295 1854 480 1882 doctissimum
504 1855 677 1890 impulerunt,
701 1861 731 1883 ut
747 1857 875 1882 Φιλοσο-

91 1897 227 1932 φούμενα
243 1897 352 1933 Origcni
367 1900 503 1928 mordicus
518 1900 677 1929 ascriberet.

128 1941 194 1970 Post
209 1943 409 1971 Gronoviattam
426 1945 585 1979 editionem,
602 1945 703 1980 prodiit
727 1944 874 1981 Ilamburgi

92 1994 168 2016 anno
183 1987 251 2017 I706
266 1990 351 2018 altera
365 1991 573 2020 Graeco-Latina
585 2000 649 2020 cura
662 1997 689 2020 et
703 1993 791 2020 studio
807 1993 876 2027 ejus-

93 2033 157 2061 dem
181 2035 264 2062 modo
278 2037 422 2064 memorati
438 2036 542 2070 Wolfii,
561 2037 606 2072 qui
623 2037 790 2065 doctissimis
801 2037 873 2064 notis

79 2083 180 2107 ‘totum
203 2087 271 2115 opus
295 2081 454 2114 illustravit,
468 2083 608 2117 prmmissa
625 2083 796 2118 praefatione,
821 2090 874 2118 qua

92 2126 212 2153 ostendit
237 2126 300 2154 libri
324 2128 487 2162 scriptorem
507 2128 640 2156 incertum
667 2136 737 2162 esse.
755 2129 874 2163 adeoque

91 2180 142 2200 nec
153 2171 258 2206 Huetii,
271 2180 322 2200 nec
334 2173 421 2207 Galei,
434 2181 483 2201 nec
496 2174 624 2202 Gronovii
640 2175 673 2202 de
682 2182 715 2202 eo
726 2175 874 2202 sententias

93 2223 141 2245 aut
153 2218 325 2254 conjecturas
340 2220 425 2247 firmis
436 2227 525 2247 rerum
537 2220 703 2255 argumentis
713 2221 773 2248 niti.
791 2220 874 2248 Suam

93 2269 157 2299 post
171 2272 258 2292 annos
280 2265 386 2300 aliquot
402 2267 550 2294 editionem
564 2274 596 2294 ex
621 2268 681 2301 ipso
691 2267 875 2302 ntanuscripto

92 2309 214 2338 Mediceo
223 2311 312 2339 denuo
323 2311 424 2342 collato,
433 2316 460 2339 et
469 2312 522 2339 alio
530 2312 688 2340 Tanrinensi
699 2313 811 2348 repetita
819 2313 876 2340 vice

91 2357 368 2389 emendavit,etnovis
377 2357 447 2384 notis
457 2357 612 2389 illustravit,
623 2357 815 2392 subjunxitque
822 2358 876 2385 dis-

92 2401 288 2436 ceptationem,
306 2409 359 2436 qua
373 2406 472 2429 contra
486 2402 712 2437 Christopborum
725 2403 874 2437 Augustum

92 2445 282 2474 Heumannum
301 2447 380 2474 decet
402 2446 544 2482 Didytnum
561 2446 774 2474 Alexandrinum
796 2447 875 2481 hu'jus

91 2493 189 2530 scripti
203 2499 343 2522 auctorem
359 2501 413 2521 non
428 2500 499 2521 esse.
510 2493 636 2521 Palmare
650 2499 732 2527 atque
745 2493 876 2521 inelucta-

91 2539 146 2567 bile
170 2546 385 2575 argumentum,
413 2547 467 2574 quo
482 2547 532 2567 ttec
551 2539 694 2575 Origenem
710 2559 718 2571 ,
748 2547 797 2567 nec
820 2540 875 2567 Ae-

91 2586 181 2619 tium,
203 2594 255 2613 nec
283 2586 427 2620 Didymum
455 2585 669 2613 Alexandrinum
686 2584 764 2619 hujus
792 2585 874 2612 libelli

89 2637 232 2666 parentem
250 2639 310 2661 esse
329 2632 510 2663 demonstrat,
528 2631 590 2658 inde
610 2631 678 2667 petit
691 2650 698 2662 .
724 2631 795 2665 quod
825 2638 874 2658 au-

90 2682 151 2705 ctor
179 2677 461 2713 Φιλοσοφουμένων,
478 2677 604 2705 editionis
627 2681 728 2704 nostra:
744 2684 772 2711 p.
799 2676 850 2704 876
866 2697 873 2710 ,

91 2728 184 2757 aperte
198 2730 229 2751 se
250 2724 408 2758 episcopum
425 2730 487 2750 esse
500 2722 623 2750 declarat
638 2734 644 2750 :
669 2729 720 2757 qua
743 2722 875 2756 dignitate

91 2776 141 2796 nec
155 2769 314 2804 Origenem,
333 2777 382 2797 nec
395 2769 512 2801 Actium,
529 2776 578 2797 nec
603 2769 743 2804 Didymum
759 2768 873 2802 potitum

90 2822 150 2843 esse
164 2821 284 2844 constat.
302 2816 451 2850 Episcopus
466 2820 557 2843 autent
578 2823 639 2843 curn
659 2814 741 2842 fuerit
755 2814 873 2849 Epipha-

797 110 988 138 PREFATIO.

1679 108 1710 134 Si

891 171 914 199 Α
930 168 992 196 nius
1006 172 1034 194 et
1051 167 1148 194 librum
1165 165 1306 200 scripserit
1332 165 1365 194 de
1381 166 1530 194 ltzeresibus
1544 187 1552 199 ,
1571 167 1633 195 inde
1650 175 1704 195 non

929 212 1037 240 inanem
1050 211 1215 239 existimavit
1225 210 1338 238 Huctius
1351 212 1419 239 sumi
1432 219 1511 246 posse
1522 212 1708 246 conjecturam

928 258 980 285 hoc
992 265 1060 292 opus
1075 258 1107 284 ad
1125 258 1211 291 ipsum
1223 265 1282 285 esse
1298 257 1477 284 referendum.
1495 257 1549 285 Sed
1569 265 1704 292 quaenam.

929 304 1016 340 inquit
1027 303 1151 335 Wolfius,
1167 304 1224 331 ha-c
1245 304 1445 332 consecutionis
1469 305 1538 330 ratio
1560 309 1621 331 est:
1641 303 1708 338 Epi-

928 349 1044 384 phanius
1073 349 1123 376 fuit
1149 350 1310 385 episcoptts.
1330 353 1358 376 et
1383 348 1481 375 libruttt
1511 348 1545 375 de
1561 348 1709 375 haeresibtts

928 394 1062 429 scripsit:
1080 402 1146 430 ergo
1178 395 1257 428 ltttjus
1283 393 1365 420 libelli
1388 398 1486 420 auctor
1511 394 1641 421 dicendus
1654 394 1706 420 est!

928 439 1011 472 Quasi
1030 447 1094 468 vero
1109 441 1190 468 etiam
1206 441 1239 468 de
1255 439 1315 466 aliis
1333 444 1478 473 utrumque
1503 439 1554 465 dici
1580 444 1707 474 nequeat,

928 490 956 512 et
972 485 1055 512 fuisse
1079 487 1240 522 episcopos,
1268 489 1296 511 ct
1319 485 1353 511 de
1376 484 1528 511 luet-esibtts
1554 485 1706 518 scripsisse.

931 531 1020 563 «lmo,
1041 531 1129 566 pergit
1149 530 1275 562 Wolfius,
1302 530 1387 564 ipsum
1414 529 1478 555 illttd
1502 529 1534 555 de
1557 529 1708 556 ltmresibus

928 583 1005 611 opus,
1024 576 1095 611 quod
1113 576 1260 603 Panarium
1288 575 1427 609 inscripsit
1454 574 1636 608 Epiphanius,
1655 583 1707 601 non

928 622 1125 649 contemnenda
1143 621 1319 657 suppeditare
1338 621 1444 647 videtur
1459 624 1627 654 argumenta,
1649 627 1708 653 qua:

927 668 1088 696 Huetianam
1107 672 1231 695 evertant
1246 667 1419 694 sententiam.
1436 666 1502 693 Nam
1518 666 1543 692 iu
1562 665 1606 692 illo
1617 671 1707 699 opere.

930 719 997 742 lout.
1012 714 1032 746 I,
1048 722 1074 749 p.
1091 713 1159 740 l086
1173 717 1200 740 ct
1215 713 1376 747 seq.,hrcvis
1400 711 1516 739 habetur
1528 717 1555 738 et
1566 710 1707 746 syttoptica

929 767 1014 793 usqtte
1030 760 1063 786 ad
1079 767 1141 794 pag.
1172 758 1238 786 1091
1260 765 1393 786 sectarum
1412 759 1511 786 veteris
1534 757 1709 793 philosophia:

927 805 1059 834 recensio.
1078 812 1138 839 qum
1153 809 1242 831 tamen
1259 811 1273 830 a
1292 808 1426 838 praesente
1452 809 1507 830 toto
1523 804 1593 830 cmlo
1607 803 1706 835 differt,

893 851 913 878 Β
928 857 988 877 cum
1003 854 1031 876 ct
1047 849 1152 884 plenior
1169 857 1199 876 ea
1215 849 1260 882 sit,
1284 849 1305 875 si
1326 856 1465 875 numerum
1493 849 1567 875 ineas
1588 848 1709 883 philoso-

927 895 1042 930 phorum
1060 903 1172 929 quorum
1189 895 1314 929 dogmata
1338 899 1544 926 commemorat,
1564 898 1590 921 et
1608 894 1706 928 imper-

926 941 1035 974 fectior,
1056 941 1077 968 si
1099 941 1254 975 dogmatum
1269 941 1388 975 ipsorum
1405 941 1505 966 habeas
1521 940 1662 966 rationem.
1679 938 1706 965 In

927 987 953 1014 id
972 987 1044 1014 enim
1062 994 1171 1021 operam
1191 986 1298 1013 dedisse
1326 986 1460 1020 pratcipue
1477 985 1584 1012 videtur
1611 989 1706 1011 auctor

926 1030 1204 1066 Φιλοσοφουμένων,
1219 1034 1247 1057 ut
1259 1030 1396 1058 variorum
1409 1033 1441 1056 de
1458 1029 1598 1063 principiis
1613 1036 1704 1056 rerum

927 1076 1077 1105 sententias
1094 1080 1276 1108 enumeraret,
1295 1083 1356 1102 cum
1378 1075 1477 1102 nullius
1501 1075 1528 1101 in
1549 1073 1709 1101 collectione

926 1120 1113 1156 Epiphaniana
1140 1120 1243 1147 mentio
1259 1120 1316 1151 fiat,
1333 1119 1410 1153 cujus
1428 1126 1480 1145 non
1497 1118 1556 1145 alite
1578 1124 1707 1153 pra-terea

927 1167 1069 1201 opiniones
1084 1169 1286 1193 recettseantur.
1306 1164 1409 1192 Deinde
1436 1172 1488 1191 non
1507 1164 1614 1191 videtur
1637 1165 1707 1191 idem

927 1211 1042 1240 diversis
1068 1212 1135 1239 locis
1151 1211 1245 1238 eodem
1275 1211 1399 1238 institttto
1421 1211 1508 1244 egisse
1531 1210 1706 1246 Epiphanius,

926 1266 987 1286 cum
1000 1258 1059 1286 loco
1080 1258 1188 1285 laudato
1213 1265 1265 1285 non
1280 1257 1366 1284 solum
1379 1256 1483 1291 plenam
1499 1257 1602 1283 dederit
1617 1261 1708 1284 secta-

927 1311 986 1331 rum
1004 1303 1218 1337 designationem
1231 1321 1239 1335 ,
1264 1302 1311 1329 sed
1340 1301 1437 1328 deinde
1454 1301 1616 1329 accuratiori
1638 1301 1707 1337 stylo

927 1349 1096 1385 singulorum
1123 1348 1313 1375 hmreticorum
1337 1348 1480 1382 opiniones
1496 1347 1653 1382 plerumque
1673 1356 1706 1375 ex

926 1395 1149 1430 philosophorum
1162 1394 1266 1422 lacunis
1280 1395 1411 1431 derivarit
1421 1403 1430 1422 :
1441 1395 1512 1429 quod
1527 1396 1648 1422 auctoris
1662 1396 1708 1421 Φι-

924 1440 1161 1476 λοσοφουμένων
1171 1441 1325 1468 institutum
1337 1441 1417 1468 etiant
1430 1441 1514 1468 fuisse
1524 1449 1556 1468 ex
1569 1441 1626 1475 ejus
1639 1448 1707 1474 pra:-

927 1487 1028 1515 fatione
1043 1487 1074 1514 fit
1085 1486 1270 1514 manifestum.
1288 1486 1344 1514 Nec
1360 1487 1451 1514 obstat
1465 1487 1535 1521 quod
1551 1492 1646 1514 auctor
1661 1488 1707 1514 Φι-

926 1533 1162 1568 λοσοφουμένων
1182 1532 1340 1567 profiteatur
1367 1539 1397 1559 se
1422 1532 1493 1559 idem
1514 1537 1703 1567 argumentum

927 1580 990 1607 alibi
1010 1579 1097 1606 fusius
1114 1583 1286 1614 persecutum
1320 1585 1380 1606 esse
1398 1586 1405 1604 :
1435 1586 1496 1605 natu
1516 1579 1541 1606 vi
1560 1579 1704 1606 verbm-um

926 1625 980 1652 hoc
1009 1623 1213 1658 intelligendum
1242 1629 1283 1651 est
1299 1624 1333 1651 de
1349 1624 1492 1650 hmresium
1508 1624 1705 1656 confttlalioue,

926 1678 941 1698 a
960 1679 1013 1706 qua
1033 1678 1154 1706 prtesens
1170 1671 1298 1698 tractatio
1317 1669 1411 1697 saltem
1430 1671 1455 1696 itt
1479 1678 1512 1697 eo
1527 1675 1568 1697 est
1585 1671 1704 1702 diversa,

927 1719 999 1753 quod
1015 1718 1072 1745 haec
1098 1716 1180 1744 simul
1195 1717 1344 1744 sententias
1363 1717 1584 1752 philosophorum
1612 1723 1640 1744 ct.
1652 1718 1706 1744 luc-

926 1763 1071 1790 reticorum
1086 1761 1219 1788 conferat.
1237 1761 1371 1789 Praeterea
1385 1762 1508 1796 pluribus
1523 1762 1550 1789 in
1579 1762 1647 1789 locis
1671 1764 1705 1789 ab

924 1809 1074 1844 Epiphanio
1092 1808 1219 1835 dissentit
1243 1813 1337 1836 auctor
1354 1807 1629 1842 Φιλοσοφουμένων.
1660 1808 1705 1834 Sic

924 1862 984 1889 cap.
1005 1855 1038 1882 19
1052 1855 1194 1882 Platonem
1208 1853 1246 1880 ait
1261 1854 1390 1881 mundtttu
1411 1854 1540 1889 ἀγένητον
1557 1854 1704 1884 statuisse;

925 1906 952 1927 at
965 1900 1131 1936 Epiphanius
1148 1905 1213 1927 tom.
1228 1900 1249 1932 Ι,
1262 1907 1323 1934 pag.
1339 1899 1418 1932 1088,
1433 1908 1466 1926 ex
1482 1899 1600 1926 Platonis
1615 1903 1706 1925 ntettte

924 1945 1012 1980 inquit
1032 1946 1076 1972 τὸν
1104 1945 1207 1981 κόσμον
1222 1947 1336 1981 γενητὸν
1358 1945 1405 1972 καὶ
1419 1944 1538 1981 φθαρτὸν
1562 1945 1703 1980 ὑπάρχειν.

924 1991 1000 2018 Adde
1018 1991 1065 2018 lib.
1083 1999 1103 2024 ι,
1127 1991 1223 2018 haeres.
1249 1992 1277 2019 6.
1294 1991 1458 2025 Epiphanius
1474 1991 1564 2025 itaque
1579 1992 1705 2017 Φιλοσο-

924 2037 1082 2072 φουμένων
1098 2041 1191 2065 auctor
1206 2037 1300 2064 haberi
1321 2037 1425 2070 nequit,
1441 2036 1491 2063 nisi
1519 2037 1636 2070 turpiter
1653 2037 1704 2063 sibi

924 2083 977 2118 ipsi
1004 2082 1202 2110 contradixisse
1234 2083 1354 2109 dicatur.
1382 2092 1392 2108 ι
1419 2082 1556 2109 Hactenus
1583 2082 1706 2109 erudittts

923 2128 1048 2161 Wolfius,
1064 2128 1142 2163 cujus
1168 2135 1199 2156 ea
1224 2128 1257 2155 de
1274 2135 1303 2155 re
1326 2128 1488 2155 sententiam
1503 2127 1704 2162 amplectimur,

890 2191 912 2218 Β
926 2179 953 2201 et
968 2182 1048 2209 quatn
1067 2174 1214 2209 publicavit
1238 2174 1317 2208 hujus
1341 2173 1422 2200 libelli
1436 2173 1582 2201 editionem
1602 2172 1658 2200 fere
1679 2174 1704 2199 itt

926 2221 1050 2248 omnibus
1067 2221 1151 2248 secuti
1165 2228 1268 2248 sumus.

961 2266 1040 2294 Modo
1057 2271 1180 2300 superest
1196 2271 1226 2292 ttt
1239 2270 1337 2300 praeter
1368 2265 1490 2292 eruditos
1515 2265 1589 2292 viros
1601 2285 1610 2298 ,
1635 2273 1704 2299 quos

922 2312 978 2348 jam
1007 2313 1034 2340 in
1057 2312 1136 2346 hujus
1162 2311 1328 2346 pratfationis
1356 2312 1471 2339 decursu
1494 2311 1705 2338 commemoravi

925 2364 1056 2395 tanquam
1073 2359 1223 2394 praecipuos
1237 2358 1388 2385 studiorum
1404 2365 1525 2384 meorutn
1541 2357 1662 2385 fautores
1677 2363 1704 2385 et

925 2405 1076 2440 adjutores,
1094 2403 1162 2430 alios
1190 2403 1299 2438 insuper
1328 2403 1373 2431 hic
1396 2403 1545 2431 honorifice
1562 2403 1706 2438 appellem,

926 2450 972 2485 qni
988 2450 1114 2477 codicum
1130 2450 1377 2484 manuscriptorum
1393 2449 1459 2476 mihi
1482 2457 1531 2484 per
1543 2457 1573 2477 se
1598 2449 1639 2477 vel
1656 2457 1704 2484 per

927 2495 995 2522 alios
1008 2496 1114 2530 copiam
1130 2495 1263 2522 fecerunt.
1287 2495 1316 2521 ln
1330 2495 1425 2530 primis
1438 2495 1619 2522 nontinandus
1637 2495 1704 2521 mihi

926 2541 992 2568 esto
1012 2539 1166 2576 μακαρίτης
1178 2539 1422 2567 excellentissimus
1440 2539 1569 2566 Ecclesim
1583 2544 1610 2566 et
1633 2539 1704 2566 sacri

925 2587 1035 2622 Imperii
1066 2588 1192 2621 princeps
1216 2587 1342 2614 dominus
1369 2586 1504 2613 Hettricus
1529 2585 1645 2613 Carolus
1669 2587 1705 2613 du

926 2633 1068 2666 CambOut,
1086 2633 1138 2660 dux
1157 2633 1190 2660 de
1203 2632 1314 2665 Coislin,
1328 2638 1376 2666 par
1388 2631 1508 2659 Francia:
1524 2636 1552 2658 ct
1564 2632 1706 2666 cpiscopus

925 2677 1067 2711 Metensis,
1084 2679 1128 2712 qui
1148 2678 1246 2712 insigni
1261 2678 1349 2704 otnnis
1370 2677 1478 2712 generis
1505 2677 1707 2710 manuscripto-

926 2732 986 2752 rum
1012 2724 1135 2752 codicum
1178 2722 1363 2757 supellectile,
1392 2730 1473 2756 qttatu
1498 2722 1554 2756 jam
1578 2730 1592 2748 a
1616 2721 1706 2748 tttultis

927 2770 1006 2798 anuis
1019 2770 1047 2797 in
1071 2773 1164 2797 nostro
1177 2768 1344 2795 monasterio
1357 2768 1527 2801 deposuerat,
1545 2772 1707 2794 testamento

926 2823 975 2844 suo
990 2815 1067 2843 nobis
1079 2814 1178 2849 legata,
1196 2818 1325 2839 aeternum
1344 2812 1462 2839 moriens
1487 2820 1541 2839 suae
1562 2819 1625 2847 ergo
1641 2819 1707 2839 con-
