1883 3072
145 151 182 180 55
642 149 805 179 ORIGENIS
824 151 990 180 EPISTULA
1007 154 1054 180 AD
1073 153 1280 182 AFRICANUM
1738 154 1772 181 56

145 212 288 239 animabus
301 218 405 238 eorum.
426 220 436 236 ι
455 210 487 236 Et
499 217 559 237 cum
574 210 615 237 his
632 219 639 237 :
658 220 667 236 ι
686 212 826 240 Venerunt
841 214 913 248 auge

984 215 1038 241 Καὶ
1061 216 1105 241 ὅτε
1132 224 1141 241 ε
1168 213 1250 250 ἦλθον
1266 215 1290 240 ol.
1306 215 1416 248 ἄγγελοι
1443 214 1490 241 τοῦ
1510 214 1577 241 Θεοῦ
1597 214 1771 250 παραστῆναι

145 258 204 289 Dei,
225 263 254 285 ut
271 262 393 284 astarent
414 264 505 283 coram
522 257 587 288 Deo,
602 261 629 284 et
640 258 764 286 diabolus
779 261 852 286 vertit
869 268 930 287 cum

143 303 195 335 eis,
212 312 220 328 ι
239 303 410 330 subnectitur
425 311 432 329 :
453 312 462 328 ι
479 303 649 330 Circumie'ns
667 308 768 330 terrain
782 310 808 331 et
825 313 932 339 perato-

143 349 239 375 bulans
259 349 284 375 in
297 357 339 376 ea.
359 359 367 374 ι
385 348 520 376 Praeterea
536 355 596 383 post
614 350 671 377 haec
689 351 770 377 verba
786 361 792 378 :
811 361 821 377 ε
844 351 933 378 Domi-

144 400 195 419 nus
208 393 290 425 deditl
309 393 438 420 Dominus
451 393 563 420 abstulit
577 394 597 426 ‘,
619 404 628 420 ι
649 397 718 429 apud
737 395 864 423 Ilcbrteos
879 404 930 422 non

142 443 220 464 erant
235 438 306 465 ista:
324 448 333 464 ‹
355 438 431 466 Sicut
443 439 676 474 Doutiuoplacuit,
695 441 730 467 ita
741 441 840 468 factum
852 447 902 469 est.
919 451 928 468 ι

142 483 253 510 Multum
278 491 344 511 vero
372 485 397 511 in
427 485 530 512 nostris
558 486 760 520 exetuplaribus
785 487 856 514 ultra
882 487 932 514 lle-

141 529 246 556 brceum
276 530 427 556 redundant
454 538 515 564 quae
549 531 591 558 Itis
615 531 708 558 uxoris
737 531 788 558 Job
819 532 929 560 verbis:

144 583 155 600 ι
174 575 320 608 Quousque
342 576 571 610 perseverabis'?
595 586 604 602 ι
639 577 792 610 adduntur,
815 579 931 606 (dicen-

141 621 191 649 do:
206 621 318 649 Mauebo
337 622 425 649 adhuc
446 630 530 656 parvo
546 628 668 658 tempore
679 629 842 657 exspectans
855 632 930 660 spem

140 669 236 695 salutis
247 677 321 703 mere,
341 679 350 695 ι
363 677 448 704 usque
460 669 492 696 ad
510 669 575 697 illud
597 678 605 696 :
623 679 633 695 ι
651 670 682 698 Ut
699 671 870 705 requiescam
895 673 929 699 ab

140 715 270 742 aerumnis
297 716 373 747 meis,
401 720 428 743 et
446 723 461 742 a
488 716 628 744 doloribus
643 718 688 753 qui
715 726 758 745 me
774 727 846 746 nunc
863 720 932 746 deti-

141 765 223 794 nent;
248 769 257 785 ι
289 768 350 787 nam
375 761 432 787 haec
459 765 560 788 tantum
589 762 683 789 uxoris
710 764 791 790 verba
827 764 929 798 scripta

140 811 224 834 sunt:
242 816 251 832 ι
267 807 321 834 Sed
338 806 382 834 die
402 807 514 834 verbum
540 813 633 835 contra
655 808 811 841 Dominum,
830 815 858 837 ct
873 818 931 838 mo-

140 854 229 881 rere'.
243 862 253 878 ι

173 897 202 925 4.
218 898 334 925 Rursum
351 898 465 933 plurima
483 898 509 925 in
527 899 614 926 medio
631 903 686 927 toto
709 899 779 926 libro
795 899 844 927 Job
859 900 927 933 apud
943 880 964 908 Β

140 942 267 971 Hebraeos
283 945 466 978 reperiuntur.
487 952 547 979 qua:
564 946 589 972 in
609 945 810 980 exemplaribus
827 947 927 973 nostris

139 990 349 1017 desiderantur:
365 990 463 1025 saepius
477 990 584 1024 quidem
599 991 726 1018 versiculi
742 998 868 1025 quatuor.
885 992 927 1019 vel

139 1038 208 1067 tres;
237 1035 372 1062 interdum
397 1042 462 1062 vero
489 1035 706 1070 quatuordceim,
729 1037 926 1069 novctndeeim,

139 1080 180 1107 vel
203 1081 352 1108 sexdecim.
370 1081 401 1108 Et
415 1081 478 1116 quid
504 1077 547 1107 ine
569 1085 674 1119 oportet
695 1082 739 1108 hic
755 1090 925 1113 enumerare.

139 1131 200 1159 quze
210 1125 294 1152 multo
311 1125 404 1152 labore
421 1125 587 1159 collegimus,
603 1134 636 1153 ne
657 1134 705 1154 nos
721 1126 816 1154 lateret
830 1127 926 1154 discri-

139 1178 211 1203 men,
224 1171 294 1204 quod
307 1170 417 1198 Judaica
435 1171 505 1198 inter
515 1176 542 1198 ct
558 1176 648 1198 nostra
666 1172 827 1206 exemplaria
841 1173 925 1200 inter-

139 1214 225 1241 cedit?
246 1214 325 1241 Multa
350 1214 502 1249 Imjusmodi
528 1216 770 1244 animadvertimus
788 1217 870 1244 etiam
897 1217 924 1244 in

139 1255 265 1288 Jeremia.
286 1258 376 1291 inquo
407 1266 530 1293 magnam
557 1259 749 1287 vaticiuiorum
773 1261 926 1289 invenimus

140 1302 376 1335 transpositionem
397 1307 424 1329 ct
437 1304 625 1331 mutationem.
642 1305 670 1331 lu
695 1298 794 1333 Genesi
817 1313 925 1340 quoque

139 1347 226 1375 illud:
246 1357 255 1373 ‹
275 1348 345 1375 \‘idit
363 1347 433 1376 Deus
448 1350 518 1384 quod
539 1355 610 1378 esset
630 1351 728 1378 bonum
742 1351 764 1384 ',
784 1361 793 1378 ›
810 1359 870 1379 cum
886 1351 925 1378 l‘a-

139 1397 212 1418 ctum
232 1390 328 1421 fuisset
348 1394 556 1427 firmamentum,
579 1397 648 1430 apud
665 1396 792 1423 llebrazos
813 1405 864 1424 non
882 1405 925 1424 re-

140 1438 249 1471 peritur.
265 1444 292 1466 et
320 1440 372 1475 16
400 1445 443 1467 est
467 1441 536 1475 apud
563 1449 609 1482 eos
632 1449 664 1469 ea
680 1443 711 1470 de
738 1449 766 1469 re
787 1451 839 1470 non
858 1443 924 1471 levis

139 1484 262 1517 qua-suo.
291 1484 350 1510 Alia
380 1485 460 1511 etiam
488 1486 514 1512 in
542 1486 639 1513 Genesi
657 1487 776 1521 reperire
791 1491 843 1519 cst,
864 1495 923 1522 quae

280 1530 296 1542 κ

185 1595 257 1624 'Job
277 1605 295 1629 t,
315 1597 360 1624 ill.
397 1597 469 1625 "Joh
484 1607 510 1631 ιι,
525 1599 550 1626 9.
588 1600 598 1615 ⁸
619 1600 685 1627 Ibid.
718 1600 762 1628 l0.
800 1600 891 1628 ’Cen.

983 261 1097 288 ἐνώπιον
1124 261 1170 288 τοῦ
1194 261 1261 287 Θεοῦ
1277 261 1342 295 (55),
1370 261 1416 288 καὶ
1439 262 1453 288 ὁ
1474 261 1594 292 διάϐολος
1619 258 1684 296 ἦλθε
1712 261 1771 295 μετ’

982 307 1090 339 αὐτῶν,
1112 317 1120 333 ι
1139 307 1180 333 τό·
1200 316 1209 332 ι
1224 306 1377 342 Περιελθὼν
1403 307 1451 342 τὴν
1472 307 1524 341 γῆν
1546 307 1591 333 καὶ
1613 307 1770 341 ἐμπεριπα-

981 354 1067 388 τήσας
1082 354 1110 379 ὲν
1127 353 1195 387 αὐτῇ
1222 361 1230 377 ι
1244 353 1302 378 Ἔτι
1319 352 1346 378 δὲ
1359 352 1408 378 οὐκ
1420 349 1454 386 ἦν
1468 353 1532 387 παρ’
1552 351 1686 386 Ἑϐραίοις
1702 350 1771 386 μετὰ

981 398 1019 423 τό·
1042 398 1069 424 '0
1084 397 1184 432 Κύριος
1199 397 1314 429 ἔδωκεν,
1325 397 1339 423 ὁ
1356 397 1457 432 Κύριος
1476 396 1612 430 ἀφείλετο·
1632 405 1642 422 ι
1672 396 1716 427 Ὠς
1731 395 1770 430 τῷ

982 443 1076 478 Κυρίῳ
1103 443 1210 476 ἔδοξεν,
1232 442 1302 468 οὕτω
1325 442 1372 468 καὶ
1390 441 1510 475 ἐγένετο.
1530 451 1539 466 ι
1558 441 1670 467 Πλεῐονα
1691 441 1719 467 δὲ
1741 442 1769 467 ὲν

981 489 1037 519 τοῖς
1061 488 1206 522 ἡμετέροις
1228 487 1304 522 παρὰ
1327 487 1360 513 τὰ
1393 486 1543 522 Ἑϐραϊκὰ.
1575 487 1618 513 ὅτε
1642 483 1703 512 εἷπε
1730 485 1769 520 τῷ

988 533 1046 559 Ἰὼϐ
1063 533 1146 568 (54)ἠ
1162 533 1229 568 γυνὴ
1243 533 1336 565 αὑτοῦ,
1352 532 1405 559 ἀπὸ
1420 532 1476 559 τοῦ
1488 542 1496 557 ι
1510 532 1598 567 Μέχρι
1613 531 1683 563 τίνος
1698 540 1768 567 καρ-

981 580 1123 615 τερήσεις;
1143 579 1240 612 λέγων’
1265 579 1345 609 Ἰδοὺ,
1362 579 1488 613 ἀναμενῶ
1505 578 1599 613 χρόνον
1615 578 1654 604 ἔτι
1671 578 1768 614 μικρὸν

982 624 1196 660 προσδεχόμενος
1205 624 1253 660 τὴν
1268 624 1362 650 ὲλπὶδα
1376 625 1424 659 τῆς
1440 623 1575 659 σωτηρίας
1595 632 1644 658 μου
1656 643 1662 654 ,
1683 633 1690 648 ι
1715 624 1768 655 ἓως

980 670 1037 697 τοῦ*
1052 680 1060 695 ι
1077 670 1120 696 ἵνα
1137 669 1336 705 ἀναπαύσωμαι
1356 669 1408 695 τῶν
1433 668 1541 704 μόχθων
1566 678 1616 704 μου
1641 669 1687 695 καὶ
1713 669 1766 695 τῶν

980 716 1090 747 ὀδυνῶν,
1110 716 1139 741 αῖ
1153 723 1186 750 με
1196 715 1242 741 νῦν
1255 715 1420 749 συνέχουσι-ι
1433 715 1510 749 μόνον
1526 714 1580 749 γὰρ
1595 714 1628 740 τὰ
1638 714 1707 749 ῥητὰ
1715 715 1765 749 τῆς

980 761 1107 796 γυναικὸς
1131 761 1345 796 ἀναγέγραπται·
1366 760 1404 786 τό·
1425 770 1434 786 ι
1459 760 1528 786 Ἀλλ’
1549 757 1626 786 εἶπόν
1644 768 1670 786 τι
1687 760 1764 795 ῥῆμα.

982 807 1050 843 πρὸς
1064 807 1175 843 Κύριον,
1192 807 1239 834 καὶ
1253 806 1375 833 τελεύτα.
1395 815 1404 832 ι

1014 896 1098 923 Πάλιν
1122 904 1152 922 τε
1175 893 1207 922 αὖ
1225 894 1336 922 πλεῖστά
1360 903 1388 920 τε
1411 893 1522 928 ὅσα-διὰ
1539 893 1620 928 μέσου
1643 893 1703 919 ὅλου
1718 892 1765 919 τοῦ

985 942 1044 968 ’1ὼὸ
1058 943 1122 977 παρ’
1141 941 1274 976 Ἑϐραίοις
1288 941 1336 975 μὲν
1352 941 1450 970 κεῖται,
1463 939 1526 973 παρ’
1553 940 1618 973 ἡμῖν
1641 938 1669 964 δὲ
1687 937 1763 973 οὐχί·

979 988 1025 1015 καὶ
1037 988 1166 1018 πολλάκις
1182 987 1230 1021 μὲν
1243 986 1295 1021 ἔπη
1315 986 1370 1021 (55)
1383 986 1501 1020 τέσσαρα
1514 985 1530 1020 ἢ
1554 984 1630 1019 τρία,
1648 983 1702 1010 ἔσο*
1720 984 1765 1009 ὅτε

977 1033 1005 1059 δὲ
1021 1033 1067 1059 καὶ
1085 1031 1270 1067 δεκατέσσαρα
1283 1031 1329 1057 καὶ
1341 1031 1483 1058 δεκαεννέα
1495 1030 1540 1056 καὶ
1552 1029 1656 1062 δεκαέξ.
1674 1029 1728 1055 Καὶ
1739 1029 1766 1055 τί

979 1088 1012 1114 με
1025 1079 1065 1105 δεῖ
1087 1078 1245 1112 καταλέγειν
1264 1077 1282 1104 ἃ
1304 1077 1372 1113 μετὰ
1388 1076 1484 1103 πολλοῦ
1502 1076 1625 1110 καμάτου
1638 1074 1765 1106 ἀνελεξά-

979 1125 1058 1160 μεθα,
1072 1125 1142 1160 ὑπὲρ
1152 1124 1199 1150 τοῦ
1215 1124 1250 1159 μὴ
1263 1123 1403 1150 λανθάνειν
1416 1121 1470 1157 (36)
1490 1123 1564 1157 ἡμᾶς
1575 1122 1624 1157 τὴν
1634 1121 1766 1156 διαφορὰν

976 1171 1030 1197 τῶν
1049 1170 1122 1204 παρὰ
1142 1169 1276 1201 Ἰουδαίοις
1289 1169 1336 1196 καὶ
1348 1171 1414 1205 ἡμῖν
1427 1168 1615 1203 ἀντιγράςρων;
1631 1168 1720 1196 Πολλὰ
1735 1168 1764 1195 δὲ

976 1215 1086 1242 τοιαῦτα
1100 1215 1145 1241 καὶ
1157 1216 1185 1241 ὲν
1204 1214 1243 1250 τῷ
1265 1214 1384 1249 Ἱερεμίᾳ.
1403 1215 1616 1249 κατενοήσαμεν,
1630 1215 1658 1240 ὲν
1676 1211 1697 1248 ᾧ
1717 1214 1764 1241 καὶ

977 1261 1076 1296 πολλὴν
1090 1260 1232 1296 μετάθεσιν
1246 1260 1292 1286 καὶ
1304 1259 1452 1294 ἐναλλαγὴν
1463 1259 1517 1295 (57)
1530 1259 1579 1294 τῆς
1597 1259 1693 1292 λέξεως
1709 1259 1764 1286 τῶν

976 1307 1222 1343 προφητευομένων
1242 1306 1366 1342 εὕρομεν.
1384 1306 1439 1332 Καὶ
1455 1307 1483 1332 ἐν
1501 1307 1533 1341 τῇ
1548 1305 1655 1332 Γενέσει
1671 1306 1699 1336 δὲ
1713 1305 1744 1331 τό
1755 1314 1763 1320 ·

978 1363 987 1379 ι
1009 1351 1083 1380 Εἶδεν
1098 1355 1111 1380 ὀ
1126 1353 1201 1384 Θεὸς,
1226 1353 1266 1379 ὅτι
1279 1352 1369 1383 καλὸν,
1394 1361 1403 1377 )
1426 1353 1471 1378 ἐπὶ
1494 1352 1532 1387 τῷ
1555 1351 1681 1386 γενέσθαι
1701 1359 1764 1377 στε-

977 1399 1079 1434 ρέωμα,
1095 1399 1160 1433 παρ’
1174 1397 1308 1434 Ἑϐραίοις
1320 1398 1368 1432 οὐχ
1379 1398 1534 1433 εὑρίσκεται
1547 1397 1601 1432 (58)
1612 1405 1620 1412 ⁸
1637 1397 1684 1424 καὶ
1700 1397 1764 1432 πρό-

975 1444 1067 1479 ϐλημα
1088 1444 1116 1470 δέ
1136 1444 1194 1470 ἐστι
1211 1444 1276 1478 παρ’
1300 1444 1390 1474 αὐτοῖς
1406 1444 1436 1469 οὗ
1449 1443 1479 1469 τὸ
1489 1443 1568 1478 τυχὸν
1589 1442 1676 1468 τοῦτο.
1708 1442 1763 1469 Καὶ

975 1490 1041 1518 ἄλλα
1055 1490 1083 1517 δὲ
1097 1490 1170 1517 ἑστιν
1183 1490 1272 1526 εὑρεῖν
1285 1491 1313 1516 ἐν
1327 1491 1359 1525 τῇ
1371 1489 1491 1522 Γενέσει,
1508 1486 1547 1521 οἷς
1562 1490 1662 1525 σημεῖα
1675 1497 1762 1524 παρε-

940 1602 983 1629 l0.

173 1675 233 1718 '(3'5)
247 1676 381 1718 Patricius
394 1677 500 1708 Junius.
516 1678 628 1713 Κυρίου.
653 1678 722 1704 Ιιιΐιιι
741 1679 822 1711 idem,
841 1679 888 1705 καὶ
908 1682 913 1705 ί

983 1679 1008 1705 tb
1022 1677 1121 1718 unione
1135 1677 1242 1718 dividit,
1259 1677 1539 1718 quodliom‘iscssel‘.‘
1559 1676 1605 1704 Dei
1626 1677 1762 1705 sententia

139 1711 241 1746 Κύριος
254 1711 388 1744 ἀφείλετο.

157 1781 163 1788 τ
171 1748 233 1786 $55)
263 1746 332 1773 Ἶώίῖ-
372 1747 512 1776 Wetstenii

139 1789 198 1807 υιω.

175 1808 232 1850 ἰ55)
247 1817 331 1845 Ἔπη.
344 1816 426 1843 Recte
442 1815 525 1843 codex
549 1815 663 1850 Regius;
685 1817 814 1844 mendose
833 1823 921 1844 autem

137 1849 334 1883 Wctstheuius,
350 1851 395 1878 ἐπὶ
412 1850 450 1886 |iu
469 1856 552 1883 tcxtu,
569 1849 629 1877 nam
642 1859 735 1886 margo
754 1860 843 1879 veram
856 1861 923 1886 prte-

139 1885 183 1912 bet
199 1886 338 1912 lectionem
348 1886 361 1920 Ι,
396 1887 439 1919 qui
468 1886 546 1912 ctiam
573 1894 632 1913 mox
649 1887 738 1918 habet,
756 1887 801 1913 καὶ
815 1885 924 1914 δεκαεν-

138 1920 186 1947 νέα
200 1921 245 1946 καὶ
265 1920 305 1953 ἐξ.
321 1920 458 1947 Patricius
480 1920 576 1948 Junius
593 1922 692 1948 υιιιίιιῑι
706 1922 752 1948 καὶ
766 1922 921 1954 δεκαεννέα,

138 1955 202 1989 legit
219 1964 283 1991 vero
310 1957 358 1982 καὶ
371 1955 476 1988 δεκαέξ.
495 1956 584 1982 Codex
608 1956 706 1991 Regius
724 1962 753 1983 ut
774 1957 799 1983 iu
822 1963 922 1987 .nostro

139 1996 223 2017 textu.
239 1990 315 2022 Quod
330 1995 420 2017 autem
437 1991 474 2017 ait
484 1990 613 2024 Origenes
626 1991 738 2024 plurima
748 1993 921 2025 permedium

138 2025 237 2051 librum
248 2025 298 2052 Job
316 2025 523 2060 apud'llebrarus
536 2026 628 2052 haberi
645 2034 705 2060 qua:
721 2026 789 2059 apud
807 2034 855 2053 nos
869 2035 920 2053 non

137 2064 256 2095 exstant,
285 2060 311 2086 id
333 2060 474 2087 confirmat
495 2060 672 2095 llicrouymns
693 2060 851 2095 prmfatione
871 2070 919 2088 sua

137 2095 164 2121 in
183 2094 250 2121 Job:
267 2094 340 2125 «Cui,
353 2095 450 2128 inquit,
463 2095 526 2121 sica
541 2094 601 2128 quae
616 2097 665 2122 sub
679 2095 818 2121 astet’iscis
829 2096 920 2123 addita

138 2133 214 2160 sunt,
230 2129 407 2162 subtraxeris,
428 2137 490 2162 pars
512 2130 626 2155 maxima
653 2130 797 2156 voluminis
811 2130 921 2156 detrun-

137 2164 262 2196 cabitur;
288 2169 316 2190 et
330 2161 379 2190 hoc
407 2161 538 2189 duntaxat
556 2165 624 2197 apud
646 2165 765 2190 Grrecos.
789 2164 920 2190 Caeterum

137 2199 208 2232 apud
230 2198 348 2228 Latinos.
375 2202 438 2224 ante
457 2206 515 2224 eam
539 2198 744 2225 translationem
760 2206 839 2231 quam
871 2200 920 2226 sub

137 2233 279 2260 asteriscis
291 2238 317 2259 et
333 2233 418 2259 obelis
439 2240 523 2266 nuper
536 2234 679 2263 edidimus,
698 2233 859 2266 septingenti
871 2233 921 2260 fer-

138 2276 181 2302 me
196 2273 242 2293 aut
259 2268 406 2302 octingenti
428 2275 525 2293 versus
544 2268 650 2298 (legunt,
670 2273 698 2293 ul.
720 2268 875 2294 tht'Ill‘lutllS
894 2274 921 2296 et

136 2301 271 2329 laceratus
286 2309 465 2336 corrosusque
480 2302 556 2334 liber,
581 2302 727 2329 fortlttatciu
750 2303 790 2328 sui
806 2303 919 2336 ‘publice

137 2336 287 2371 legentibus
303 2338 433 2371 pra-beat.
453 2346 461 2362 ι

171 2371 228 2405 (56)
241 2371 374 2398 Patricius
387 2371 491 2401 Junius.
505 2371 697 2398 διαλανθάνειν.

172 2407 228 2441 (57)
256 2406 380 2440 Πολλὴν
401 2406 559 2440 μετάθεσιν
589 2407 636 2433 καὶ
661 2406 842 2441 ἐναλλαγήν,
865 2411 917 2434 etc.

138 2441 318 2477 Hieronymus
337 2443 498 2476 pratl‘atioue
523 2441 705 2477 iancremiam
724 2450 742 2477 :7
754 2451 762 2466 ι
779 2442 919 2476 Ordinem,

139 2476 386 2510 inquitpvisionum
402 2477 446 2510 qui
465 2479 534 2509 apud
550 2476 659 2503 Gl‘il‘l‘OS
680 2481 707 2502 et
733 2476 842 2504 Latinos
864 2485 920 2503 0m-

138 2512 201 2538 uiuo
212 2512 341 2538 coul'usus
351 2516 402 2541 est,
419 2511 451 2537 ad
462 2511 602 2544 pristinam
616 2510 694 2536 ﬁdem
710 2512 888 2538 correximus.
908 2521 917 2537 ι

135 2547 261 2573 (Zorrexit
274 2554 382 2580 quoque
393 2545 545 2572 Ludovicus
559 2545 683 2580 Capellus
693 2546 760 2573 Crit.
776 2545 806 2574 S.
819 2547 867 2574 lib.
883 2554 919 2578 tv,

136 2589 160 2607 ς’.
177 2581 220 2611 Η.
235 2590 260 2615 p.
275 2581 338 2607 297.
353 2581 440 2613 Ipsum
455 2580 526 2606 vide.

172 2617 310 2650 (38)”ap'
330 2616 469 2649 Ἑϐραίοις
481 2616 537 2649 οὺχ
553 2615 920 2650 εὑρίσκεται.11ἰθιοηγιιιιις

135 2649 329 2677 Commentario
346 2652 373 2676 in
385 2650 474 2686 Aggrt'i
491 2658 549 2683 cap.
563 2651 573 2676 l
589 2659 595 2676 :
615 2659 624 2676 (
642 2651 668 2676 lu
690 2651 799 2681 Genesi.
823 2649 920 2685 inquit,

135 2692 195 2711 cum
216 2687 240 2712 in
254 2686 342 2719 primo
355 2685 397 2711 die
411 2686 511 2711 dictutn
525 2685 570 2716 sit,
584 2690 608 2711 et
623 2686 648 2711 in
665 2686 753 2718 tertio,
763 2692 789 2712 et
802 2687 828 2712 iu
839 2694 922 2720 quar-

137 2724 173 2750 to,
187 2725 211 2747 et
226 2722 251 2746 in
267 2721 373 2754 quinto,
390 2726 417 2746 ct
433 2721 457 2746 in
476 2725 564 2750 sexto,
587 2725 646 2753 post
661 2722 919 2748 consummationem

135 2762 248 2788 operum
265 2755 433 2790 singulorum
449 2762 456 2780 ε
481 2763 489 2778 ε
506 2755 542 2790 Et
563 2755 631 2781 vidit
655 2756 725 2781 Deus
743 2756 804 2789 quia
821 2755 919 2782 bonum

135 2793 205 2820 «est,
221 2800 228 2814 ι
240 2791 267 2817 in
281 2790 400 2818 secundo
413 2789 487 2823 juxta
505 2789 676 2818 llcbraicum.
692 2795 720 2816 et
733 2790 869 2823 Aquilam,
895 2795 922 2816 et

135 2825 338 2858 Symmachum,
352 2825 601 2852 etTheodotionem
618 2832 670 2851 non
688 2824 819 2851 habetur:
834 2832 921 2858 neque

134 2860 206 2887 enim
227 2865 334 2895 poterat
348 2860 481 2888 secundus
499 2859 566 2893 dies,
582 2859 627 2894 qui
640 2867 782 2886 numerum
797 2859 862 2888 facit
874 2861 920 2894 qui

559 1747 643 1774 codex
677 1754 805 1782 corrupte
842 1736 923 1775 hath

974 1714 1156 1748 comprobari.
1178 1711 1378 1748 )AYeuerabilis
1392 1711 1462 1738 Beda
1473 1713 1498 1738 iu
1516 1711 1680 1739 ﬂammei-on
1697 1721 1760 1748 pag.

974 1746 1070 1777 6,toin.
1086 1749 1137 1775 IV:
1158 1757 1169 1774 ε
1195 1746 1357 1776 Notandum.
1380 1747 1476 1780 inquit,
1499 1748 1569 1781 quod
1587 1747 1665 1781 hujus
1685 1746 1761 1775 verbi

974 1784 1088 1816 adjectio
1100 1784 1151 1810 hoc
1166 1783 1192 1809 in
1210 1782 1268 1808 loco
1286 1782 1311 1808 in
1328 1780 1457 1808 llebraica
1474 1780 1586 1808 veritate
1612 1790 1663 1808 non
1678 1783 1761 1809 habe-

975 1823 1027 1844 Iur.
1044 1818 1076 1844 Et
1088 1818 1184 1844 mirum
1200 1824 1284 1850 quare
1298 1817 1368 1842 inter
1384 1816 1473 1842 omnia
1493 1824 1552 1850 qua:
1568 1824 1675 1843 creasse
1691 1817 1761 1844 Deus

973 1852 1080 1886 legitur,
1102 1853 1145 1879 hic
1159 1851 1336 1880 solummodo.
1350 1851 1374 1876 id
1392 1855 1442 1882 est,
1458 1851 1484 1877 in
1501 1851 1611 1878 secundi
1629 1852 1680 1878 dici
1696 1860 1760 1886 ope-

972 1887 1048 1913 ribus
1062 1887 1185 1921 probatio
1201 1886 1297 1913 diviuze
1311 1885 1421 1912 visionis
1435 1885 1546 1921 minime
1558 1887 1682 1917 addatur,
1698 1895 1760 1921 quae

974 1920 1068 1948 tamen
1091 1923 1147 1955 ipsa
1162 1929 1223 1948 cum
1249 1921 1355 1947 caeteris
1366 1927 1426 1953 qua:
1444 1920 1516 1950 fecit,
1538 1921 1591 1947 Deo
1612 1921 1681 1948 bona
1700 1920 1760 1947 esse

973 1957 1203 1987 demonstrantur,
1218 1963 1278 1981 eum
1295 1955 1320 1981 iu
1333 1955 1508 1988 sequentibus
1523 1956 1630 1988 dicitur,
1651 1966 1659 1982 ι
1679 1957 1760 1983 vidit-

974 2000 983 2015 ς
994 1999 1046 2024 que
1055 1991 1125 2019 Deus
1135 1996 1231 2018 cuncta
1245 1997 1305 2023 quae
1327 1988 1401 2019 fecit.
1416 1994 1443 2015 et
1459 1994 1537 2016 erant
1551 1991 1629 2017 valde
1643 1992 1724 2018 bona.
1746 2001 1756 2018 υ

972 2023 1030 2051 Nisi
1045 2026 1114 2061 forte
1125 2025 1322 2061 sicut_quidam
1338 2023 1446 2061 Patrum
1463 2029 1610 2058 exponunt.
1628 2026 1760 2061 intellige-

973 2067 1002 2085 re
1021 2067 1069 2085 uos
1080 2059 1105 2085 in
1124 2060 1174 2085 hoc
1189 2059 1328 2092 Scriptura
1344 2058 1437 2088 voluit.
1454 2067 1506 2085 nou
1521 2067 1580 2086 esse
1594 2060 1692 2087 bonum
1709 2058 1759 2088 du-

972 2094 1070 2127 plicem
1086 2101 1228 2119 numer-mn
1241 2093 1285 2127 qui
1300 2093 1333 2119 ab
1352 2094 1456 2129 unitate
1476 2094 1577 2120 dividat
1590 2100 1616 2121 et
1633 2096 1759 2129 pra-ligu-

973 2133 1014 2163 rat
1028 2128 1132 2154 hedera
1149 2129 1313 2162 nuptiarum.
1330 2137 1338 2152 ι
1352 2127 1407 2154 Nec
1422 2128 1487 2155 levis
1500 2133 1583 2156 estea
1597 2127 1672 2156 de're
1686 2132 1757 2163 apud

971 2162 1078 2190 Judmos
1093 2163 1164 2196 ipsos
1176 2162 1299 2196 quaestio.
1313 2163 1350 2189 De
1365 2162 1501 2190 veteribus
1511 2168 1624 2191 testatur
1636 2165 1685 2191 hoc
1697 2165 1757 2193 loco

971 2198 1117 2229 Origenes;
1137 2198 1170 2224 de
1187 2198 1381 2225 rrcetttioribus
1404 2199 1532 2225 nonnulla
1547 2199 1690 2226 observatu
1713 2201 1757 2227 di-

972 2240 1021 2266 gna
1038 2232 1116 2258 achrt
1131 2232 1316 2259 Wctsthcnius
1329 2241 1389 2266 quite
1405 2232 1448 2259 hic
1463 2241 1598 2266 apponere
1614 2234 1700 2260 visum
1715 2241 1758 2262 est

972 2275 1024 2293 non
1047 2268 1094 2293 abs
1119 2275 1147 2294 re
1170 2267 1236 2294 fore.
1250 2266 1359 2301 Legitur
1381 2268 1406 2293 in
1427 2267 1559 2294 Bereseltit
1576 2267 1679 2300 “abba,
1705 2269 1758 2296 Pa-

972 2302 1097 2338 raschad-
1111 2311 1118 2328 :
1133 2311 1141 2326 ι
1155 2302 1244 2333 Quare
1259 2304 1452 2338 transcriptum
1467 2308 1509 2329 est
1522 2304 1547 2328 itt
1561 2305 1679 2330 secundo
1690 2305 1756 2338 (die)

937 2343 958 2370 D
973 2338 1043 2370 quod
1067 2336 1187 2363 bonum?
1205 2337 1288 2363 ltabbi
1306 2336 1446 2363 Jochauan
1475 2338 1586 2364 tradidit
1601 2338 1624 2364 in
1648 2336 1757 2367 nomine

974 2372 1047 2397 rabhi
1073 2372 1128 2398 Josi
1153 2371 1198 2398 (itii
1225 2371 1384 2404 Cltalephta,
1399 2372 1460 2405 quia
1478 2372 1503 2398 in
1527 2372 1572 2399 illo
1590 2379 1680 2399 creata
1713 2380 1755 2401 est

972 2406 1092 2438 gehenna
1109 2414 1113 2429 :
1130 2407 1192 2440 quia
1220 2407 1320 2432 dictuut
1342 2413 1382 2432 est
1409 2406 1475 2439 (Isti.
1499 2415 1564 2438 xxx,
1595 2408 1660 2441 55):
1689 2408 1754 2435 Nam

970 2447 1061 2474 aperta
1077 2441 1191 2477 Topbta.
1203 2442 1259 2467 sive
1282 2442 1402 2475 gebeuua
1420 2451 1432 2468 a
1459 2442 1554 2475 pridie,
1576 2442 1633 2468 dies
1648 2451 1679 2469 ex
1699 2451 1754 2477 quo

970 2483 1076 2508 iussum
1093 2476 1185 2502 dicere
1210 2476 1305 2510 pridie.
1320 2482 1346 2500 ct
1362 2484 1412 2502 nou
1433 2477 1528 2504 melius
1547 2477 1652 2503 tertius.
1673 2486 1681 2502 ι
1703 2476 1757 2505 Ρο-

969 2518 1026 2536 stea
1056 2512 1094 2536 sic
1119 2511 1230 2544 peigit:
1255 2519 1264 2535 ι
1289 2510 1373 2536 llabbi
1395 2511 1519 2538 Chanina
1540 2511 1616 2542 dixit,
1637 2512 1699 2544 quia
1727 2515 1753 2540 it:

969 2545 1015 2572 illo
1028 2551 1118 2572 creata
1133 2551 1174 2572 est
1195 2545 1303 2576 divisio,
1315 2547 1462 2572 scctuulum
1479 2545 1541 2571 illud
1557 2553 1563 2571 :
1579 2550 1606 2571 et
1625 2554 1634 2570 ι
1652 2546 1756 2574 dividat

973 2577 1060 2606 «inter
1071 2586 1156 2612 aquas
1167 2583 1194 2604 et
1211 2587 1305 2613 aquas.
1329 2589 1337 2604 ι
1357 2581 1425 2606 Dicit
1442 2580 1516 2605 rabbi
1538 2578 1657 2606 Tebiomi
1673 2589 1680 2607 :
1698 2591 1707 2607 ι
1725 2583 1753 2609 Si

970 2616 1066 2642 divisio
1080 2622 1139 2649 quae
1160 2614 1227 2640 faett
1238 2615 1269 2640 ad
1283 2615 1462 2651 ordinandum
1480 2617 1754 2651 componcndumque

971 2651 1097 2676 mumlum
1125 2657 1176 2675 non
1212 2655 1329 2675 meretur
1357 2649 1431 2679 illud,
1459 2657 1468 2673 (
1499 2649 1568 2681 quod
1596 2649 1717 2682 bonumi
1741 2661 1751 2678 ›

969 2689 1069 2717 quanto
1087 2684 1175 2710 minus
1197 2683 1253 2715 illa,
1266 2691 1325 2716 qua:
1339 2684 1466 2709 mundum
1487 2683 1651 2710 confundit?
1667 2687 1753 2714 Italibi

970 2718 1078 2745 Samuel
1093 2718 1171 2750 dixit,
1187 2720 1248 2752 quia
1265 2718 1308 2744 illo
1325 2719 1369 2744 die
1393 2719 1504 2744 necdum
1526 2719 1678 2746 absolutum
1693 2727 1753 2748 erat

969 2761 1035 2787 opus
1051 2760 1204 2787 aquarum:
1232 2753 1345 2786 ideoque
1369 2753 1445 2778 tertia
1469 2753 1512 2779 die
1533 2753 1685 2787 duplicatur
1708 2757 1752 2783 illa

969 2788 1096 2819 formula,
1116 2793 1145 2814 ut
1158 2795 1270 2820 operutn
1289 2787 1398 2812 secundi
1416 2792 1443 2813 et
1462 2788 1533 2814 tertii
1550 2789 1602 2815 diei
1622 2797 1752 2816 consum-

970 2823 1052 2858 matio
1068 2822 1220 2858 denotctur.
1240 2831 1248 2847 ι
1276 2821 1545 2858 ΜαιιὈιιηηίιιιιιιιιιιιιι
1570 2825 1695 2858 quaesivit
1719 2833 1751 2852 cx

971 2857 1046 2885 t‘nbbi
1063 2855 1131 2889 Josi,
1149 2866 1157 2882 ι
1184 2858 1359 2891 quamobrem
1385 2855 1460 2890 illud,
1484 2867 1493 2883 ι
1515 2855 1715 2893 quia-bonum,
1739 2869 1749 2886 ι
