1883 3072
144 135 187 164 ’15

152 200 182 224 et
202 196 259 222 hac
275 193 383 220 mulier.
401 191 433 218 Et
449 198 497 218 nos
516 190 606 217 simul.
633 189 718 217 Nemo
734 195 792 218 erat
811 190 838 216 in
860 190 940 215 domo
956 192 977 219 Α

153 246 246 269 nostra
262 244 358 274 prreter
373 245 422 264 nos
438 237 543 264 ambas.
560 236 594 263 Et
610 241 732 264 mortuus
747 240 787 263 est
802 235 871 262 ﬁlius
884 243 942 261 mu-

155 284 230 312 lieris
245 283 323 316 hujus
339 286 431 313 noctu,
446 280 574 315 quoniam
589 281 717 307 dormivit
731 288 813 315 super
823 287 895 307 eum.
911 279 943 306 Et

155 329 277 358 surrexit
292 327 380 354 media
399 332 490 359 nocte,
506 331 533 353 et
553 326 669 361 sumpsit
689 326 774 353 ﬁlium
795 333 884 352 meum
909 332 942 351 ex

156 375 229 402 ulnis
244 373 322 401 meis.
337 372 370 399 Et
380 379 431 405 ego
446 372 544 399 ancilla
558 376 602 398 tua
616 370 796 398 dormieham.
810 370 842 396 Et
857 375 945 396 trans-

157 421 220 447 tulit
237 427 299 446 eum
316 420 343 446 in
356 418 446 446 sinum
459 425 550 450 suum,
569 421 597 444 et
612 416 699 442 ﬁlium
713 423 792 443 suum
807 420 943 442 mortuum

155 465 300 494 transtulit
313 465 340 491 in
354 464 445 491 sinum
458 470 560 490 meum.
574 463 607 489 Et
621 462 728 490 surrexi
744 469 825 488 mane
837 482 844 493 ,
861 466 890 487 ιιι
903 461 945 487 lu-

158 514 260 536 etarem
277 508 363 535 ﬁlium
375 515 465 534 meum
482 516 490 534 :
507 511 534 534 et
551 506 595 534 ille
610 511 671 533 erat
684 510 818 533 mortuus.
835 505 867 532 Et
882 513 946 532 ecce

156 554 328 582 consideravi
352 561 414 580 eum
441 560 520 580 mane
546 562 554 579 :
577 558 605 579 et
629 559 694 579 ecce
714 559 767 579 non
789 557 848 578 erat
876 551 947 578 lilius

158 608 248 631 meus,
259 606 339 634 quem
351 597 563 632 pepereram..Et
573 597 746 624 dixitmulier
756 597 840 624 altera
854 606 861 623 :
877 596 945 628 Non;

159 645 207 672 sed
224 644 294 671 ﬁlius
317 649 378 670 tuus
393 648 436 670 est
454 647 588 674 mortuus;
606 643 677 669 ﬁlius
704 646 796 668 autem
815 650 891 669 meus
906 647 948 668 e:t

159 691 206 724 qui
222 690 299 717 vivit.
315 689 405 716 Altera
421 689 559 723 verojpsa
574 696 682 723 quoque
695 688 783 714 dixit:
800 687 858 714 Non
872 696 879 719 ;
901 688 947 714 sed

162 736 233 763 ﬁlius
247 743 325 762 meus
339 740 381 762 est
394 734 440 769 qui
457 734 533 767 vivit,
553 734 624 761 ﬁlius
636 739 727 760 autent
742 738 802 760 tuus
824 738 948 760 mortuus

159 787 212 809 est.
227 781 260 808 Et
276 781 370 808 locuta:
381 785 444 807 sunt
455 787 547 807 coram
562 787 634 815 rege,
650 784 677 807 et
688 779 815 814 dixitzrex
829 779 869 806 eis
885 788 892 805 :
907 779 947 806 Tu

161 829 230 855 dicis
246 836 254 854 :
270 827 321 854 ilic
333 831 375 854 est
392 826 462 853 ﬁlius
478 833 554 853 meus
565 826 611 860 qui
630 825 706 857 vivit,
725 830 752 852 et
774 825 844 852 ﬁlius
871 825 949 852 istius

159 879 203 901 est
220 877 355 900 mortuus.
371 871 404 898 Et
422 876 449 897 tu
464 871 533 897 dicis
547 878 555 895 :
572 870 643 902 Non,
657 869 704 896 sed
721 868 792 896 ﬁlius
810 876 886 896 meus
907 874 949 895 est

161 919 209 954 qui
228 919 307 950 vivit,
325 917 397 944 ﬁlius
416 921 506 943 autetn
532 921 594 942 tuus
611 920 735 942 mortuus
752 919 804 942 est.
824 914 858 941 Et
880 915 949 941 dixit

162 974 209 993 rex
225 974 233 992 τ
250 965 371 1000 Accipite
385 963 449 990 mihi
473 963 603 997 gladium.
621 961 655 988 Et
668 961 818 988 attulerunt
830 961 948 996 gladium

161 1019 254 1040 coram
271 1018 345 1045 rege.
361 1010 394 1037 Et
411 1009 480 1036 dixit
492 1016 537 1036 rex
554 1017 560 1034 :
578 1008 694 1036 Dividite
714 1007 842 1034 infantem
859 1007 948 1034 vivum

160 1059 189 1086 in
205 1059 273 1085 duas
286 1061 389 1092 partes,
402 1060 428 1083 et
444 1056 505 1082 date
524 1054 666 1082 dimidium
681 1054 741 1088 ejus
759 1054 822 1080 huic
835 1073 843 1085 ,
863 1057 891 1079 et
910 1053 950 1078 di<

159 1104 275 1132 midium
290 1102 349 1136 ejus
366 1102 415 1128 illi.
434 1101 467 1127 Et
481 1100 623 1134 respondit
634 1100 690 1134 regi
708 1099 816 1131 mulier,
829 1098 906 1131 cujus
921 1099 951 1124 ﬁ-

162 1149 217 1187 lius
231 1153 290 1175 erat
305 1148 382 1174 vivus
396 1147 543 1181 (commota
559 1149 623 1172 sunt
637 1145 708 1172 enim
728 1145 833 1172 viscera
846 1143 906 1177 ejus
923 1144 949 1169 in

164 1195 231 1227 ﬁlio)
244 1194 387 1227 dixitque:
404 1192 432 1218 lu
448 1199 491 1218 me
504 1211 512 1222 .
532 1191 642 1218 domine
664 1197 673 1217 :
689 1190 751 1217 date
774 1190 798 1216 ei
817 1190 950 1216 infantem

164 1241 268 1272 vivum,
282 1244 309 1266 et
322 1239 404 1266 nolite
418 1238 572 1264 interﬁcere
586 1236 672 1263 illum.
686 1235 761 1262 Dixit
776 1236 861 1262 altera
876 1246 882 1262 :
896 1235 951 1262 Nec

165 1286 246 1319 mihi,
259 1292 310 1312 nec
325 1284 368 1311 isti
379 1284 424 1316 sit;
435 1283 556 1310 dividite.
568 1282 600 1308 Et
615 1281 754 1317 respondit
767 1289 815 1308 rex
824 1286 852 1308 ct
863 1282 930 1308 dixit
946 1290 952 1307 :

165 1333 234 1360 Date
250 1330 381 1359 infantem
395 1329 419 1356 ei
435 1336 496 1363 quae
509 1328 577 1355 dixit
591 1335 599 1354 :
612 1327 680 1354 Date
698 1327 733 1353 illi
751 1334 813 1354 eum
827 1333 853 1354 et
870 1327 954 1354 nolite

166 1387 229 1406 eum
243 1377 410 1405 interﬁcere.
429 1375 492 1402 Hrec
503 1375 574 1402 enitn
590 1378 676 1401 mater
688 1373 746 1406 ejus
759 1378 810 1400 est.
827 1373 860 1400 Et
876 1373 953 1400 audi-

165 1426 207 1452 vit
218 1424 308 1452 omnis
322 1422 407 1450 Israel
419 1421 551 1456 judicium
567 1420 640 1454 quod
654 1419 789 1454 judicavit
803 1427 860 1452 rex,
877 1423 905 1445 et
920 1419 955 1445 ti-

167 1474 296 1498 muerunt
310 1476 324 1495 a
340 1467 410 1495 facie
432 1466 503 1501 regis
518 1485 525 1498 ,
548 1465 612 1499 quia
633 1464 762 1491 viderunt
781 1465 954 1498 prudentiam

169 1517 217 1544 Dei
233 1522 293 1543 esse
306 1515 333 1541 in
351 1521 384 1542 eo
398 1513 432 1540 ad
451 1512 605 1539 faciendum
619 1511 807 1556 judiciumA".
829 1520 838 1536 ι
863 1510 955 1537 Enim-
969 1524 993 1556 α

170 1569 236 1588 vero
248 1561 270 1588 si
290 1560 383 1586 liceret
397 1558 429 1585 de
443 1558 476 1584 iis
491 1563 550 1591 quze
568 1556 594 1582 in
610 1555 740 1582 Ecclesiis
755 1554 878 1582 feruntur
893 1561 956 1588 pro-

171 1606 300 1634 nuntiare
315 1603 504 1634 cavillatorie,
521 1600 611 1635 potius
633 1601 746 1627 duarum
771 1600 955 1629 meretricum,

169 1660 252 1689 quam
271 1649 436 1678 venerabilis
452 1648 585 1675 Susanna‘.
600 1646 715 1672 historia
727 1645 780 1680 25
791 1645 958 1672 Philistionis

171 1699 256 1727 mimo
270 1696 454 1731 comparanda
472 1698 555 1721 esset.
570 1693 602 1719 Et
617 1691 845 1726 quemadmodum
860 1691 894 1717 ad
912 1697 959 1724 po-

170 1744 226 1780 puli
246 1741 452 1778 persuasionem
465 1747 517 1766 non
543 1737 610 1765 satis
625 1740 685 1763 erat
707 1740 738 1763 ut
756 1736 860 1763 diceret
880 1735 959 1764 Salo-

171 1797 234 1818 mon
252 1798 259 1815 :
274 1797 283 1813 t
302 1788 370 1814 Date
388 1786 451 1813 huic
472 1785 605 1811 infantem
625 1783 732 1813 vivum,
751 1782 808 1808 haec
831 1781 902 1808 enim
919 1785 961 1806 est

172 1840 261 1863 mater
274 1833 343 1867 ejus;
360 1841 370 1858 ι
388 1832 424 1859 ita
443 1838 495 1858 non
507 1829 659 1857 sufficiebat
677 1827 800 1855 seniores
821 1834 837 1853 a
849 1826 961 1853 Daniele

172 1880 319 1916 increpari,
335 1878 385 1905 nisi
401 1884 448 1904 eos
459 1884 492 1904 ex
506 1875 618 1912 proprio
633 1874 754 1909 ipsorum
769 1879 818 1899 ore
829 1871 962 1899 convicis-

172 1933 224 1960 set.
240 1934 301 1956 cutn
316 1925 397 1952 ambo
408 1923 531 1951 dicerent
545 1929 574 1949 se
584 1921 635 1948 sub
648 1919 748 1947 arbore
761 1917 878 1953 quadam
891 1916 961 1944 illam

171 1975 275 2002 vidisse
291 1979 354 1999 cum
369 1970 470 2005 juvene
490 1969 653 1998 cubantem,
680 1971 854 2000 nequaquam
872 1967 962 1990 autem

174 2018 363 2048 consentirent
391 2022 515 2051 quaenam
537 2017 610 2041 esset
635 2012 727 2038 arbor.
746 2010 786 2044 ,Et
812 2008 962 2044 quoniam,

173 2065 288 2102 perinde
304 2071 335 2091 ac
355 2063 377 2090 si
389 2065 559 2096 compertum
577 2059 703 2089 haberes,
717 2055 808 2083 dixisti
826 2053 963 2081 Danielem

174 2097 209 2139 ex
224 2109 403 2145 inspiratione
415 2104 698 2138 seniorcsjudicasse,
715 2102 787 2128 [orte
799 2099 909 2134 quidem
924 2097 964 2125 sic

175 2143 400 2185 convinceutem,
418 2151 489 2178 forte
503 2155 595 2176 autem
613 2149 704 2178 aliter.
726 2146 837 2173 attende
858 2153 864 2170 :
884 2143 964 2171 etiam

653 130 814 158 ORIGENIS
829 129 997 157 EPISTOLA
1016 129 1061 155 AD
1080 126 1279 155 AFRICANU!

1751 122 1787 149 76

992 184 1032 218 εἷς
1048 187 1076 212 ἐν
1093 186 1131 220 τῷ
1143 187 1209 220 οἴκῳ
1225 184 1302 219 ἡμῶν
1318 184 1403 220 παρὲξ
1416 183 1578 219 ἀμφοτέρων
1603 181 1684 217 ἡμῶν
1705 181 1735 207 ἐν
1753 180 1792 215 τῷ

993 233 1070 266 οἴκῳ.
1083 232 1137 258 Καὶ
1155 230 1290 257 ἀπέθανεν
1301 231 1315 256 6
1330 230 1387 260 alio;
1400 229 1450 263 τῆς
1470 227 1599 262 γλναικδς
1614 226 1721 261 ταῦτῃς
1744 225 1793 260 τὴν

993 278 1088 309 νύκτα,
1103 277 1140 308 ὡς
1154 275 1323 311 ἐπεκοιμήθη
1338 276 1380 302 ἐπ’
1395 275 1484 302 αὐτόν.
1506 275 1562 301 Καὶ
1580 273 1683 307 ἀνέστη
1705 271 1794 307 μέσης

994 323 1045 357 τῆς
1059 323 1166 353 νυκτός·
1183 322 1230 348 καὶ
1243 321 1322 347 ἔλαθε
1339 320 1383 347 τὸν
1398 320 1455 346 υἱόν
1468 328 1518 354 μου
1531 319 1563 344 ἐκ
1585 318 1640 344 τῶν
1660 316 1796 352 ἀγκαλῶν

997 377 1056 404 μου·
1071 369 1118 395 καὶ
1131 369 1147 402 ἡ
1160 368 1239 403 δούλη
1256 376 1302 394 σου
1320 367 1428 393 ἔμπνουν.
1441 367 1496 392 Καὶ
1512 365 1652 400 ὲκοίμισεν
1672 364 1756 390 αὐτὸν
1768 363 1798 389 ὲν

995 414 1034 450 τῷ
1052 414 1142 448 κόλπῳ
1160 414 1256 448 αὐτῆς,
1277 414 1324 439 καὶ
1337 413 1381 438 τὸν
1402 412 1458 438 υἱὸν
1482 411 1567 446 αὐτῆς
1591 410 1638 436 τὸν
1654 408 1798 436 τεθνεῶτα.

997 460 1135 494 ὲκοίμισεν
1159 461 1188 486 ὲν
1206 457 1356 493 τῷἳιόλπιιϊ
1372 466 1431 492 μου.
1453 457 1508 482 Καὶ
1530 456 1647 490 ἀνέστην
1667 455 1700 481 τὸ
1723 453 1798 489 πρωϊ

997 505 1111 540 θηλασαι
1135 505 1179 531 τὸν
1202 504 1258 530 υἱόν
1279 513 1344 538 μου·
1364 504 1491 534 κάκεῖνος
1511 499 1545 536 ἦν
1565 499 1718 536 τεθνηκὼς.
1741 499 1800 526 Καὶ

999 550 1052 577 ἰδοὺ
1064 551 1216 584 κατενόησα
1231 550 1313 575 αὐτὸν
1327 550 1357 576 τὸ
1371 549 1453 583 πρωῒ,
1467 549 1514 574 καὶ
1530 547 1585 574 ἰδοὺ
1599 548 1650 572 οὐκ
1663 545 1698 581 ἦν
1711 547 1726 571 6
1741 545 1801 576 υἱός

999 605 1049 631 μου
1064 596 1093 623 ὃν
1105 595 1206 622 ἔτεκον.
1220 595 1275 621 Καὶ
1290 592 1366 621 εἶπεν
1377 595 1393 628 ἡ
1406 594 1474 628 γυνὴ
1486 595 1502 628 ἡ
1523 593 1616 628 ἐτέραο
1636 591 1717 626 Οὐχίο
1741 590 1802 617 ἀλλ’

998 642 1082 673 obiri;
1098 651 1145 668 σου
1161 642 1236 668 ἐστὶν
1249 643 1262 668 6
1273 641 1378 676 νεκρὸς,
1392 642 1406 666 ὀ
1421 641 1478 671 υἱὸς
1492 640 1520 666 δὲ
1535 641 1549 666 6
1564 639 1630 674 ὲμδς
1647 640 1662 665 6
1679 638 1747 670 ζῶν.
1768 638 1802 664 Ἡ

998 688 1027 714 δὲ
1042 688 1119 722 άλλη
1133 688 1179 714 καὶ
1205 687 1273 722 αὑτὴ
1298 687 1399 720 ἔλεγεν·
1418 687 1495 723 Οὐχὶ,
1518 686 1575 712 ἀλλ’
1593 685 1607 710 ὁ
1635 685 1694 715 υἱός
1717 692 1770 719 μου
1787 684 1802 709 6

1000 731 1062 764 ζῶν·
1077 733 1091 758 6
1105 732 1133 758 δὲ
1152 732 1208 762 υἱός
1220 740 1265 758 σου
1278 733 1292 758 ὁ
1303 730 1449 766 τεθνηκώς.
1463 731 1516 757 Καὶ
1530 729 1666 764 ἐλάλησαν
1679 728 1802 754 ὲνὼπιον

999 777 1045 802 τοῦ
1056 776 1198 811 βασιλέως,
1210 776 1258 801 καὶ
1272 773 1347 801 εἶπεν
1358 776 1372 801 ὁ
1385 774 1511 809 βασιλεὺς
1523 775 1630 804 αὑταῖς·
1643 773 1681 799 Σὺ
1694 772 1800 806 λέγεις·

1001 819 1085 853 Οὗτός
1101 831 1151 856 μου
1166 823 1180 848 6
1198 821 1255 852 υἱὸς
1269 822 1284 846 6
1295 821 1359 852 ζῶν,
1381 821 1428 847 καὶ
1443 821 1457 845 6
1473 820 1530 850 υἱὸς
1542 819 1644 853 ταύτης
1666 819 1682 844 6
1702 818 1803 853 τεθνη-

1002 869 1067 900 κώς.
1083 869 1138 894 Καὶ
1156 868 1188 893 σὺ
1204 867 1302 900 λέγεις·
1318 867 1396 901 οὐχὶ,
1414 866 1472 892 ἀλλ’
1487 867 1500 891 6
1516 866 1574 897 υἱός
1595 874 1647 900 μου
1669 866 1684 890 6
1702 863 1768 896 ζῶν·
1789 865 1804 890 6

1001 915 1030 940 δὲ
1046 914 1103 945 υἱός
1118 921 1164 939 σου
1176 914 1190 939 6
1206 912 1355 947 τεθνηκώς.
1369 913 1424 938 Καὶ
1441 909 1517 937 εἶπεν
1540 912 1554 937 6
1581 910 1721 945 βασιλεύς·
1747 909 1804 935 Λά-

1001 958 1063 985 ϐετέ
1078 967 1122 994 μοι
1139 959 1286 993 μάχαιραν.
1303 957 1358 984 Καὶ
1373 957 1562 992 προσήνεγκαν
1584 956 1634 991 τὴν
1660 955 1805 990 μάχαιραν

1002 1004 1115 1031 ἐνώπιον
1130 1003 1177 1030 τοῦ
1189 1004 1331 1038 βασιλέως.
1346 1003 1400 1029 Καὶ
1418 1002 1493 1029 εἶπεν
1505 1003 1519 1028 6
1535 1001 1675 1037 βασιλεὺς·
1692 1001 1803 1028 Διέλετε

1002 1052 1032 1078 τὸ
1048 1046 1153 1078 παιδίον
1168 1051 1198 1076 τὸ
1211 1050 1266 1082 ζῶν
1287 1051 1326 1081 εἰς
1342 1049 1389 1075 δύο
1399 1069 1406 1080 ,
1425 1049 1471 1075 καὶ
1484 1048 1543 1074 δότε
1558 1048 1588 1074 τὸ
1606 1048 1695 1082 ἥμισυ
1718 1046 1804 1074 αὑτοῦ

1003 1097 1098 1132 ταύτῃ,
1112 1097 1142 1123 τὸ
1153 1097 1238 1130 ἣμισυ
1253 1094 1334 1121 αὐτοῦ
1348 1094 1442 1130 ταύτῃ.
1456 1094 1511 1120 Καὶ
1534 1093 1672 1128 ἀπεκρίθη
1691 1094 1708 1128 ἡ
1734 1092 1805 1128 γυνὴ

1004 1140 1038 1177 ἧς
1048 1143 1062 1168 6
1081 1142 1138 1172 υἱὸς
1153 1139 1187 1176 ἦν
1201 1142 1215 1166 6
1227 1141 1281 1172 ζῶν
1298 1140 1364 1175 πρὸς
1375 1140 1420 1166 τὸν
1434 1138 1556 1174 βασιλέα,
1569 1139 1610 1164 ὅτι
1626 1138 1772 1174 ἐταράχθη
1788 1139 1805 1172 ἡ

1007 1187 1097 1222 μήτρα
1114 1186 1197 1220 αὐτῆς
1211 1186 1240 1212 ἐν
1251 1185 1291 1220 τῷ
1304 1185 1354 1220 υἱῷ
1368 1184 1463 1219 αὐτῆς,
1479 1184 1526 1209 καὶ
1541 1181 1628 1210 εἶπεν·
1657 1183 1704 1210 Ἐν
1728 1183 1804 1218 ἐμοὶ,

1005 1231 1100 1266 Κύριε·
1115 1232 1174 1258 δότε
1188 1231 1255 1266 αὺτῇ
1268 1231 1299 1257 τὸ
1314 1230 1418 1256 παιδίον
1433 1230 1463 1256 τὸ
1484 1230 1548 1261 ζῶν,
1567 1229 1614 1255 καὶ
1634 1228 1749 1263 θανάτῳ
1768 1227 1806 1262 μὴ

1005 1276 1179 1311 θανατώσητε
1195 1276 1270 1301 αὐτό.
1284 1275 1340 1301 Καὶ
1353 1274 1421 1309 αὕτη
1440 1272 1510 1300 εἴη·
1533 1274 1611 1308 Μήτε
1630 1274 1695 1308 ἐμοὶ
1707 1293 1715 1306 ,
1737 1274 1808 1308 μήτε

1005 1322 1073 1357 αὐτῇ
1095 1320 1175 1347 ἔστω·
1195 1320 1307 1346 διέλετε.
1324 1320 1379 1346 Καὶ
1396 1319 1532 1353 ἀπεκρίθη
1551 1320 1565 1345 6
1581 1319 1713 1352 βασιλεὺς
1724 1339 1732 1351 ,
1758 1318 1808 1345 καὶ

1006 1365 1076 1394 εἶπε⁸
1094 1366 1158 1393 Δότε
1174 1365 1204 1392 τὺ
1215 1365 1320 1392 παιδίον
1336 1366 1369 1400 τῇ
1385 1365 1508 1401 εἱπούσῃ·
1522 1364 1587 1390 Δότε
1608 1365 1680 1399 αὐτῇ
1702 1363 1787 1390 τοῦτο
1798 1383 1806 1395 ,

1006 1413 1054 1439 καὶ
1067 1411 1174 1446 Θανάτῳ
1199 1411 1236 1446 μὴ
1253 1409 1426 1445 θανατώσητε
1445 1410 1520 1436 αὐτό·
1538 1409 1608 1444 αὕτη
1631 1409 1687 1445 γὰρ
1710 1410 1808 1445 μήτηρ

1007 1455 1099 1483 αὑτοῦ.
1115 1456 1171 1482 Καὶ
1192 1455 1291 1490 ἤκουσε
1315 1455 1370 1485 πᾶς
1391 1454 1499 1489 Ἰσραὴλ
1514 1454 1545 1479 τὸ
1559 1454 1648 1488 κρῖμα
1666 1454 1682 1479 ὃ
1695 1454 1809 1489 ἔκρινεν

1006 1504 1021 1529 6
1040 1502 1175 1538 βασιλεὺς,
1192 1501 1239 1527 καὶ
1253 1500 1425 1535 ἐφοϐήθησαν
1439 1500 1493 1525 ἀπὺ
1505 1500 1652 1534 προσώπου
1665 1499 1715 1526 τοῦ
1732 1499 1813 1535 βασι-

1007 1549 1084 1581 λέως,
1098 1549 1139 1574 ὅτι
1153 1545 1232 1578 εἶδον,
1247 1547 1288 1572 ὅτι
1300 1546 1429 1581 φρόνησις
1438 1545 1506 1571 Θεοῦ
1520 1546 1549 1571 έν
1562 1545 1638 1580 αὐτῷ
1655 1545 1812 1572 τοῦ-ποιεῖν

1007 1595 1154 1629 δικαίωμα.
1174 1603 1184 1618 ι
1207 1592 1294 1628 Εἴπερ
1310 1592 1365 1626 γὰρ
1381 1591 1433 1627 χρὴ
1451 1591 1515 1626 περὶ
1529 1590 1582 1617 τῶν
1599 1591 1767 1626 φερομένων
1782 1592 1813 1618 ἐν

1008 1643 1066 1673 ταῖς
1087 1639 1260 1675 Ἐκκλησίαις
1274 1637 1470 1672 ἀποφαίνεσθαι
1484 1637 1684 1672 χλευαστικῶς,
1707 1637 1814 1672 μᾶλλον

1005 1679 1058 1723 ’τὴν
1078 1687 1143 1722 περὶ
1163 1685 1216 1711 τῶν
1229 1684 1275 1711 δύο
1294 1683 1409 1718 ἑταιρῶν
1432 1683 1552 1718 ἰστορίαν
1571 1683 1610 1718 τῷ
1630 1683 1814 1713 Φιλιστίωνος

1012 1733 1097 1769 μίμῳ⁷
1115 1732 1132 1768 ἦ
1156 1731 1204 1766 τὴν
1226 1730 1289 1765 περὶ
1308 1730 1357 1764 τῆς
1381 1729 1482 1764 σεμνῆς
1501 1728 1647 1764 Σωσάννης
1671 1729 1815 1764 ὁμοιῶσαι

1011 1779 1104 1813 ἐχρῆν.
1123 1777 1178 1803 Καὶ
1194 1775 1288 1810 ὥσπερ
1298 1775 1348 1800 οὐκ
1364 1774 1443 1809 ἢρκει
1459 1773 1527 1809 πρὸς
1538 1772 1625 1799 πειθὼ
1640 1773 1690 1800 τοῦ
1699 1773 1769 1800 λαοῦ
1785 1774 1817 1800 τὸ

1012 1825 1098 1850 εἰπεῖν
1114 1822 1283 1857 Σολομῶντα·
1303 1830 1313 1846 ι
1328 1820 1392 1846 Δότε
1403 1819 1466 1854 τῇδε
1481 1819 1512 1845 τὸ
1530 1818 1584 1850 ζῶν
1603 1819 1726 1846 παιδίον·
1742 1819 1816 1854 αὕτη

1011 1869 1066 1904 γάρ
1084 1868 1157 1893 ἐστιν
1171 1867 1188 1900 ἡ
1203 1866 1294 1900 μήτηρ
1307 1862 1402 1889 αὐτοῦ’
1417 1871 1426 1887 ι
1443 1862 1528 1893 οὕτως
1543 1862 1594 1888 οὐκ
1606 1862 1690 1898 ἤρκει
1706 1863 1725 1898 ἡ
1746 1863 1817 1898 πρὸς

1012 1915 1075 1946 τοὺς
1094 1911 1295 1948 πρεσϐυτέρους
1308 1909 1452 1944 ὲπίπληξις
1467 1908 1512 1934 τοῦ
1535 1907 1646 1943 Δανιὴλ,
1668 1908 1709 1944 μὴ
1728 1917 1819 1945 προσ-

1015 1955 1294 1995 παραλαμὸανομένου
1318 1953 1365 1980 τοῦ
1387 1955 1419 1979 ἐκ
1451 1953 1583 1988 στόματος
1608 1953 1703 1980 αὐτῶν
1737 1954 1818 1988 ἐλέγ-

1014 2013 1072 2040 χων
1095 2003 1224 2029 εἰπόντων
1246 2001 1294 2034 μὲν
1311 1999 1364 2025 ὑπό
1378 2007 1404 2024 τι
1418 1998 1526 2033 δένδρον
1545 1998 1630 2034 αὐτὴν
1653 1999 1819 2034 ἑωρακέναι

1015 2049 1189 2084 κοιμωμένην
1204 2046 1274 2081 μετὰ
1293 2045 1340 2072 τοῦ
1357 2044 1509 2075 νεανίσκου,
1529 2044 1567 2080 μὴ
1583 2045 1637 2080 μὴν
1661 2053 1819 2082 συμφωνη-

1017 2097 1121 2122 σάντων
1138 2094 1202 2129 περὶ
1215 2092 1261 2119 τοῦ
1275 2092 1301 2118 τί
1315 2091 1421 2127 δένδρον
1435 2089 1480 2126 ἦν.
1496 2091 1550 2117 Καὶ
1563 2091 1682 2126 ἐπείπερ
1702 2091 1744 2124 ὡς
1765 2101 1819 2118 κα-

1015 2140 1139 2168 ταλαϐὼν
1152 2139 1270 2173 ἔφασκες
1284 2136 1313 2169 ἐξ
1326 2137 1469 2168 ἐπιπνοίας
1479 2136 1536 2171 (77)
1550 2137 1595 2162 τὸν
1606 2137 1710 2172 Δανιὴλ
1725 2147 1821 2174 κεκρι-

175 2204 235 2231 hac
251 2208 311 2236 quae
326 2208 340 2226 ιι
350 2197 461 2226 Daniele
472 2201 550 2231 gesta
561 2200 635 2226 sunt,
648 2192 715 2219 mihi
728 2191 855 2218 videntur
864 2189 962 2216 similia

1060 2196 1094 2213 lat.
1116 2185 1150 2211 τὰ
1169 2183 1234 2218 περὶ
1250 2183 1313 2214 τοὺς
1324 2183 1542 2218 πρεσϐυτέρους,
1565 2182 1636 2217 τάχα
1650 2183 1702 2218 μὲν
1729 2183 1821 2216 οὕτως

175 2235 280 2284 judicio
297 2244 464 2276 Salomonis,
476 2243 509 2268 de
521 2243 700 2275 quotestatnr
710 2237 851 2271 Scriptura
866 2235 966 2262 vidisse

178 2281 309 2330 populum
322 2289 484 2325 sapientiam
496 2286 544 2313 Dei
559 2286 585 2312 in
602 2284 648 2311 illo
665 2283 746 2310 fuisse
763 2282 795 2308 ad
811 2281 964 2308 faciendum

175 2327 321 2375 judicium.
342 2336 397 2363 lloe
420 2333 513 2368 utique
539 2331 572 2358 dc
595 2329 706 2357 llaniele
726 2328 780 2356 dici
793 2327 888 2362 possit,
904 2334 966 2353 cum

176 2372 312 2421 sapientia
332 2382 450 2417 polleret
465 2379 499 2406 ad
521 2377 676 2404 faciendum
695 2374 838 2410 judicium,
857 2372 892 2399 ab
907 2373 965 2407 ipso

176 2418 314 2466 judicatus
330 2428 415 2454 fuisse
428 2425 552 2452 seniores
564 2429 596 2448 eo
611 2428 665 2455 quo
674 2420 806 2453 scriptum
819 2423 861 2445 cst
876 2418 963 2445 modo.

175 2481 218 2506 ὅτι
229 2477 388 2514 φρονήσεως
407 2472 490 2507 οὔσης
508 2472 536 2497 ἐν
558 2468 631 2503 αὐτῷ

291 2522 348 2549 lloc
370 2520 453 2548 etiam
474 2524 569 2552 parum
593 2514 680 2541 abluit
695 2513 758 2548 quin
781 2520 824 2539 me
847 2511 969 2546 fugeret,

179 2572 251 2607 quod
270 2576 360 2597 tamen
381 2572 494 2595 necesse
513 2569 556 2591 est
578 2567 607 2589 ut
628 2568 762 2596 apponam
779 2561 813 2587 de
829 2559 888 2586 lusu
906 2566 967 2585 vcr-

179 2604 277 2644 horum
297 2611 528 2650 πρῖνον-πρίσειν,
546 2615 573 2636 et
593 2606 816 2643 σχῖνον-σχίσειν;
831 2611 926 2638 nempe
942 2604 967 2630 in

180 2663 283 2691 nostris
298 2660 448 2695 Scripturis
458 2657 592 2694 quasdam
604 2659 714 2682 exstare
727 2661 775 2681 cett
789 2651 969 2688 etymologias

215 2709 237 2725 ³³
255 2708 286 2735 Ill
303 2707 370 2740 Reg.
381 2714 421 2738 ut,
439 2705 472 2732 l6
487 2709 515 2732 et
537 2710 613 2737 seqq.

219 2757 275 2794 (77)
303 2752 472 2794 Wetstenius
503 2753 530 2779 in
564 2755 640 2779 textu
667 2749 807 2780 ἐπινοίας,

183 2789 269 2821 codd.
281 2797 346 2817 mss.
359 2789 510 2818 ἐπιπνοίας.

221 2816 278 2860 HS)
299 2823 465 2853 Wetstenius
491 2816 518 2850 in
536 2826 611 2850 textu
625 2819 664 2855 τῷ
679 2819 774 2846 ποιεῖν.
799 2816 881 2844 Putth
895 2818 968 2849 post,

186 2861 286 2899 μικροῦ
304 2861 369 2893 δεῖν,
388 2860 466 2887 ἔλαϐέ
484 2866 527 2894 με.

839 2723 887 2774 sed
918 2743 965 2771 alii

1020 2233 1174 2267 ἐλέγχοντα,
1192 2230 1262 2264 τάχα
1274 2229 1302 2255 δὲ
1317 2228 1428 2264 ἑτέρως,
1445 2228 1571 2262 πρόσχες·
1591 2228 1640 2254 καὶ
1654 2228 1747 2256 ταῦτα
1765 2239 1821 2256 πα-

1022 2278 1158 2315 ραπλήσια
1169 2276 1241 2302 δοκεῖ
1253 2283 1297 2309 μοι
1306 2272 1374 2300 εἶναι
1385 2273 1418 2299 τὰ
1430 2273 1500 2299 κατὰ
1510 2272 1555 2299 τὸν
1566 2273 1667 2309 Δανιὴλ
1677 2276 1713 2309 τῇ
1727 2275 1822 2310 κρίσει

1019 2324 1065 2350 τοῦ
1081 2321 1261 2355 Σολομῶντος·
1277 2320 1342 2355 περὶ⁸
1351 2316 1381 2345 οὗ
1393 2318 1525 2353 μαρτυρεῖ
1536 2318 1552 2352 ὴ
1567 2318 1676 2353 Γραφῇ,
1689 2319 1733 2346 ὅτι
1749 2318 1823 2347 εἶδεν

1020 2371 1034 2396 6
1048 2370 1120 2400 λαὸς,
1134 2368 1174 2394 ὅτι
1190 2366 1321 2402 φρόνησις
1332 2363 1399 2390 Θεοῦ
1415 2364 1443 2388 ἐν
1456 2362 1530 2397 αὐτῷ
1545 2362 1590 2389 τοῦ
1604 2365 1695 2391 ποιεῖν
1708 2365 1824 2392 δικαίω.

1022 2425 1069 2452 μα.
1087 2414 1172 2441 Τοῦτο
1185 2413 1217 2439 ἂν
1234 2411 1341 2438 δύναιτο
1354 2408 1480 2443 λέγεσθαι
1492 2408 1539 2433 καὶ
1555 2408 1620 2443 ’περὶ¹
1634 2409 1684 2435 τοῦ
1705 2411 1822 2447 Amoan-

651 2467 697 2493 τοῦ
716 2467 801 2493 ποιεῖν
810 2465 865 2501 (78)
873 2466 1019 2501 δικαίωμα,
1035 2462 1130 2498 ἐκρίθη
1146 2461 1179 2487 τὰ
1196 2455 1425 2492 ἀναγεγραμμένα
1447 2455 1510 2501 περί.
1603 2455 1823 2492 πρεσὸυτέρων.

1061 2509 1116 2535 Καὶ
1140 2506 1218 2533 τοῦτο
1237 2504 1265 2530 δὲ
1289 2501 1386 2538 μικροῦ
1409 2501 1464 2527 δεῖν
1488 2499 1567 2526 ἐλαθὲ
1591 2509 1637 2535 με,
1667 2501 1826 2537 ἀναγκαῖον

1023 2554 1208 2591 παρατεθῆναι
1235 2550 1298 2586 περὶ
1319 2549 1365 2575 τοῦ
1389 2546 1610 2583 πρῖνον-πρίσειν
1637 2547 1687 2574 καὶ
1714 2548 1829 2582 σχῖνον-

1023 2603 1140 2637 σχίσειν⁸
1165 2600 1206 2625 ὅτι
1223 2597 1269 2623 καὶ
1285 2597 1313 2622 ὲν
1330 2595 1390 2624 ταῖς
1407 2592 1555 2628 ἡμετέραις
1570 2592 1699 2626 Γραφαῖς
1717 2594 1830 2620 κεῖνταί

1023 2636 1094 2678 τινες
1127 2643 1210 2672 οἱονεὶ
1239 2636 1478 2675 ὲτυμολογίαιίῗ9)
1507 2636 1610 2667 αἵτινες
1650 2638 1734 2672 παρὰ
1773 2638 1826 2672 μὲν

1060 2739 1115 2775 (79)
1134 2732 1331 2775 ldemnrtpivo:
1345 2727 1447 2767 17.9!ch
1460 2725 1506 2766 καὶ
1527 2725 1618 2775 σέιῖνον
1640 2725 1774 2775 σχίσιν(⁷
1785 2726 1829 2753 ὅτι

1024 2760 1295 2806 ὲνῗτξιξξῆᾖεέέράες
1312 2760 1433 2806 Γραξραῖς
1449 2760 1641 2806 κεῖντας·τινες
1661 2761 1751 2788 οἱονεὶ
1766 2763 1830 2788 ἐτυ-

1029 2798 1174 2846 ζέελὲὲίάι
1185 2798 1294 2831 sctl'ulii
1311 2798 1389 2825 cudd.
1404 2802 1468 2826 mss.
1486 2798 1596 2821 rectius.
