1883 3072
119 140 151 166 ει)
712 135 881 163 EPISTOLA
899 135 944 162 AD
963 133 1178 162 GltEGORlUM.
1703 130 1739 157 90

121 197 210 228 πτίους
229 198 252 223 οἱ
268 198 323 223 υἰοί
350 195 466 232 Ἰσραὴλ,
476 195 508 221 τὰ
525 196 554 222 ἐν
571 196 627 226 τοῖς
645 195 732 228 ἁγίοις
745 195 799 221 τῶν
816 195 899 228 ἁγίων

953 198 1016 221 sunt
1034 201 1095 228 qua:
1123 193 1148 219 in
1163 190 1273 219 Sanctis
1297 194 1454 217 sanctorum
1477 191 1571 222 erant,
1594 194 1657 215 area
1676 195 1739 217 eum

121 241 334 268 κατεσκεύασται
344 250 350 256 ο
366 242 381 276 ἡ
397 240 511 271 κιὸωτὺς
527 239 596 274 μετὰ
605 239 651 266 τοῦ
664 239 840 274 ἐπιθέματος,
855 239 902 266 καὶ

119 287 149 313 τα
161 286 304 321 χερουϐἰμ,
316 286 402 312 καὶτὸ
414 285 575 320 ἱλαστήριον,
589 285 658 319 καὶὴ
671 284 757 319 χρυσῆ
774 284 901 318 στάμνος,

118 333 144 358 ἐν
189 332 322 358 ἀπέκειτο
334 331 363 357 τὺ
376 331 474 366 μάννα,
487 330 540 357 τῶν
555 330 677 364 ἀγγέλων
692 331 705 356 ό
718 329 904 365 ἄρτος.’ῐ“αῦτα

118 378 164 412 μὲν
188 375 235 404 οὖν
263 377 319 403 ἀπὸ
347 376 392 403 τοῦ
411 376 551 403 καλλίστου
571 375 629 402 τῶν
656 375 809 409 Αἰγυπτίων
833 375 905 406 εἰκὸς

116 423 252 457 γεγονέναι
269 422 371 458 χρυσοῦ
382 431 389 437 ⁸
409 423 463 449 ἀπὸ
476 423 504 449 δὲ
521 423 646 458 δευτέρου
670 422 740 452 τινὸς
756 423 820 455 παρ’
835 422 905 447 ἐκεῖ·

115 478 156 495 νον
171 470 187 504 ἡ
202 468 303 503 περεὰ
313 469 346 495 δι’
358 468 417 494 ὅλου
430 469 516 504 χρυσῆ
532 468 637 503 λυχνία,
651 467 763 502 πλησίον
776 467 823 493 τοῦ
839 468 906 493 ἐσω-

115 515 190 550 τέρου
207 514 468 549 καταπετάσματος,
483 515 530 540 καὶ⁸
543 514 567 539 οἱ
584 514 627 540 ἐπ’
643 513 726 548 αὐτῆς
741 513 841 548 λύχνοι,
859 513 904 539 καί

115 562 131 594 ἡ
145 560 232 596 χρυσῆ
250 559 375 596 τράπεζα
392 560 433 594 ἐφ’
448 558 482 595 ἧς
496 557 564 594 ἦσαν
587 560 611 585 οἱ
637 559 714 594 ἄρτοι
738 559 787 593 τῆς
805 558 905 594 προθέ-

116 616 191 639 σεως,
210 607 258 633 καὶ
278 606 381 642 μεταξὺ
403 606 566 642 ἀμφοτέρων
587 606 618 632 τὸ
634 605 751 641 χρυσοῦν
771 605 904 640 θυμιατὴ-

116 661 180 688 ριον.
199 653 230 679 Εἰ
255 653 286 679 δέ
308 662 349 684 τις
375 650 408 688 ἦν
427 653 518 688 τρίτος
533 654 580 679 καὶ
598 652 727 687 τέταρτος
744 651 851 687 χρυσὸς,
875 651 905 684 ἑξ

114 698 216 724 ἐκείνου
239 697 457 729 κατεσκευάζετο
471 697 504 724 τὰ
526 697 608 732 σκεύη
630 696 663 723 τὰ
680 698 759 732 ἅγια,
786 697 833 723 καὶ
852 697 907 723 ἀπὸ

115 744 232 779 ἀργύρου
256 744 285 769 δὲ
300 744 449 777 Αἰγυπτίου
475 743 543 769 ἄλλα
566 743 679 776 ἐγίνετο,
707 743 750 768 Ἑν
776 743 905 778 Αἰγύπτῳ

115 790 166 825 γὰρ
183 789 382 825 παροικοῦντες
405 790 429 815 οἱ
454 789 506 814 υίοί
536 788 654 823 Ἰσραὴλ,
679 787 757 814 τοῦτο
777 789 832 815 ἀπὸ
857 788 905 823 τῆς

117 837 172 862 ἐκεῖ
187 836 335 871 παροικίας
350 835 540 870 κεκερδήκασι,
559 834 588 860 τὸ
607 834 758 869 εὐπορῆσαι
773 833 905 868 τοσαύτης

115 880 178 916 ὕλης
193 867 286 915 τιμίας
304 880 344 911 εἰς
358 880 393 906 τὰ
409 867 533 915 χρήσιμα
553 880 603 914 τῆς
617 867 743 914 λατρείας
759 879 806 905 τοῦ
825 878 903 905 Θεοῦ.
922 867 943 896 Β

121 926 184 953 Ἀπὸ
199 926 227 952 δὲ
252 926 403 960 Αἰγυπτίου
428 925 576 960 ἱματισμοῦ
601 926 673 957 εἰκὸς
698 925 838 959 γεγονέναι
856 925 906 950 ὅσα

118 971 210 1007 ἐδεήθη
224 971 326 1006 ἔργων,
344 971 381 1002 ὡς
393 970 534 1005 ὠνόμασεν
558 971 574 1005 ὴ
599 971 704 1006 Γραιρὴ,
721 970 904 1005 ραφιδευτῶν,

117 1016 285 1052 συρραπτῶν,
313 1017 367 1043 τῶν
389 1016 555 1052 ραφιδευτῶν
571 1016 638 1051 μετὰ
660 1016 755 1050 σοφίας
774 1015 852 1046 Θεοῦ,
873 1015 907 1042 τὰ

117 1062 198 1088 τοιάδε
214 1063 314 1097 ἱμάτια
340 1063 396 1093 τοῖς
410 1061 519 1088 τοιοισδὶ
531 1081 537 1093 ,
557 1061 598 1087 ἵνα
614 1061 725 1096 γένηται
742 1060 776 1088 τὰ
787 1069 907 1087 καταπε-

117 1107 244 1142 τάσματα,
264 1108 314 1134 καὶ
333 1107 361 1134 αί
386 1106 466 1133 αὐλαὶ
488 1107 516 1132 αἱ
556 1107 682 1140 ἐσωτέρω
705 1107 752 1133 καὶ
771 1105 904 1141 ἐξωτέρω.

117 1153 167 1178 Καὶ
197 1153 222 1179 τί
251 1161 284 1188 με
321 1152 377 1184 δεῖ,
407 1151 529 1186 ἀκαίρως
564 1151 796 1186 παρεκϐαίνοντα,
823 1160 907 1177 κατα-

117 1198 253 1230 σκευάζειν
269 1199 312 1230 εἱς
328 1199 378 1224 ὅσα
393 1197 515 1233 χρήσιμά
526 1198 583 1223 ἐστι
596 1198 651 1228 τοῖς
664 1198 731 1229 υἱοῖς
752 1197 860 1233 Ἰσραὴλ
872 1197 906 1223 τὰ

116 1243 166 1269 ἀπὸ
179 1244 320 1278 Αἰγύπτου
346 1245 615 1280 παραλαμϐανόμενα
637 1241 677 1274 οἷς
690 1242 833 1277 Αἰγύπτιοι
857 1243 906 1278 μὲν

117 1289 163 1315 οὐκ
174 1290 213 1320 είς
225 1290 284 1316 δέον
300 1289 432 1325 ἐχρῶντο,
456 1289 577 1325 Ἑϐραῖοι
597 1289 625 1315 δὲ
647 1289 691 1315 διὰ
711 1289 760 1324 τὴν
775 1289 821 1315 τοῦ
839 1288 905 1315 Θεοῦ

118 1335 206 1369 σοφίαν
230 1337 271 1367 εἰς
295 1336 452 1362 θεοσέϐειαν
477 1337 642 1372 ἐχρήσαντο;
667 1332 727 1362 Οἵδε
753 1335 804 1370 μέν
828 1344 868 1362 τοι
888 1337 904 1371 ή

117 1379 172 1407 θεία
185 1381 280 1417 Γραφὴ
306 1382 375 1417 πρὸς
397 1383 481 1409 κακοῦ
496 1382 637 1416 γεγονέναι
661 1382 692 1408 τὸ
710 1381 764 1408 ἀπὸ
781 1382 830 1416 τῆς
853 1382 905 1417 γῆς

118 1426 166 1452 τῶν
180 1427 243 1453 υίῶν
262 1428 374 1463 Ἰσραὴλ
397 1429 436 1460 είς
458 1429 596 1462 Αἴγυπτον
618 1428 844 1463 καταϐεϐηκέναι,
862 1429 905 1454 αἰ-

118 1472 266 1507 νισσομὲνη,
282 1473 326 1499 ὅτι
341 1473 396 1499 τισὶ
421 1473 488 1508 πρὸς
504 1474 589 1500 κακοῦ
603 1474 709 1507 γίνεται
725 1474 755 1500 τὸ
771 1475 904 1509 παροικῆ-

118 1524 158 1542 σαι
167 1519 221 1549 τοῖς
236 1518 409 1552 Αἰγυπτίοις,
423 1518 547 1544 τουτέστι
560 1520 617 1550 τοῖς
634 1518 680 1545 τοῦ
697 1519 798 1554 κόσμου
817 1518 905 1554 μαθή-

118 1570 179 1597 μασι
194 1563 261 1598 μετὰ
284 1563 317 1590 τὸ
334 1564 505 1599 ἐγγραφῆναι
531 1564 571 1600 τῷ
592 1565 666 1600 νόμῳ
688 1565 735 1591 τοῦ
763 1565 842 1597 Θεοῦ,
859 1565 905 1591 καὶ

115 1610 147 1643 τῇ
178 1609 361 1645 Ἰσραηλιτικῇ
387 1610 426 1640 εἰς
440 1609 520 1636 αὐτὸν
538 1609 681 1645 θεραπεία.
707 1609 787 1646 Ἀδερ
806 1610 871 1644 γοῦν
892 1611 906 1637 ὁ

123 1653 261 1689 Ἰδουμαῖος
271 1653 341 1690 (16),
351 1654 412 1681 ὅσον
427 1654 476 1689 μὲν
489 1655 517 1681 ὲν
534 1656 566 1690 τῇ
582 1656 616 1690 γῇ
630 1654 676 1681 τοῦ
698 1655 805 1691 Ἰσραὴλ
814 1654 858 1691 ἦν,
868 1655 905 1692 μὴ

117 1701 255 1735 γευόμενος
271 1701 328 1727 τῶν
342 1701 498 1734 Αἰγυπτίων
519 1700 619 1736 ἄρτων,
636 1700 732 1726 εἰἘωλα
757 1699 788 1725 οὺ
819 1707 900 1726 κατε-

120 1745 255 1778 σκεύαζεν·
268 1747 316 1773 ὅτε
326 1746 355 1773 δὲ
364 1745 485 1781 ἀποδρὰς
495 1745 543 1772 τὸν
563 1745 645 1779 σοφὸν
659 1743 819 1779 Σολομῶντα
833 1752 899 1770 κατ-

117 1789 160 1825 έϐη
189 1791 228 1822 εἰς
249 1791 400 1824 Αἴγυπτον,
419 1792 456 1823 ὡς
477 1791 597 1826 ἀποδρὰς
623 1791 676 1817 ἀπὸ
696 1790 745 1826 τῆς
767 1789 814 1816 τοῦ
835 1789 902 1815 Θεοῦ

117 1835 215 1869 σοφίας,
224 1836 362 1871 συγγενὴς
371 1837 466 1871 γέγονε
477 1837 516 1872 τῷ
523 1836 622 1871 Φαραὼ
630 1837 721 1871 γήμας
732 1835 780 1871 τὴν
790 1834 905 1870 ἀδελφὴν

117 1881 161 1916 τῆς
173 1882 304 1915 γυνανκὸς
318 1883 399 1909 αὐτοῦ
421 1883 467 1909 καὶ
491 1881 655 1909 τεκνοποιῶν
673 1882 719 1908 τὸν
741 1882 905 1917 τρεφόμενον

118 1927 210 1960 μεταξὺ
225 1927 286 1954 τῶν
304 1928 406 1954 παίδων
422 1928 469 1955 τοῦ
480 1927 589 1963 Φαραώ.
607 1927 706 1962 Διόπερ
719 1927 742 1953 εἰ
755 1927 802 1953 καὶ
819 1927 904 1953 ἐπαν-

116 1971 237 2008 ελήλυθεν
263 1975 303 2006 είς
330 1975 380 2010 τὴν
395 1974 447 2009 γῆν
466 1975 583 2010 Ἰσραὴλ,
600 1975 646 2001 ἐπὶ
659 1975 689 2000 τὸ
705 1973 840 2009 διασχίσαι
860 1974 904 1999 τὸν

116 2016 173 2044 λαὸν
193 2019 237 2046 τοῦ
271 2019 339 2046 Θεοῦ
368 2020 562 2056 ἐπανελήλυθε,
589 2021 637 2047 καὶ
665 2021 776 2055 ποιῆσαι
807 2020 905 2050 αὐτοὺς

116 2064 195 2091 εἰπεῖν
209 2065 262 2091 ἐπὶ
279 2067 312 2101 τῇ
327 2068 415 2101 χρυσῇ
437 2066 568 2101 δαμάλει“
587 2076 596 2092 ι
616 2064 696 2093 Οὗτοί
711 2068 779 2093 εἰσιν
803 2067 827 2092 οἱ
849 2066 904 2092 θεοί

118 2116 171 2141 σου,
191 2111 350 2146 Ἰσραὴληοὶ
367 2112 552 2146 ἀναγαγόντες
567 2121 596 2138 σε
614 2113 646 2138 ὲκ
662 2112 712 2147 γῆς
729 2112 874 2146 Αἰγύπτου.
892 2121 901 2138 ι

116 2155 193 2189 Κάγὼ
211 2157 239 2183 δὲ
261 2159 293 2192 τῇ
315 2158 398 2193 πείρᾳ
415 2158 507 2193 μαθὼν
528 2158 631 2193 εἴποιμ’
651 2158 683 2185 ἄν
706 2167 758 2190 σοι,
779 2159 820 2185 ὅτι
837 2158 904 2185 σπά-

953 239 1093 274 operculo,
1107 237 1259 270 cherubim,
1277 235 1506 271 propitiatorium,
1519 240 1547 262 et
1558 241 1624 263 urna
1645 241 1737 266 aurea.

955 286 982 312 in
1006 293 1058 319 qua
1083 283 1230 318 repositum
1258 286 1317 309 erat
1335 288 1445 313 manna,
1468 281 1545 315 panis
1568 280 1739 315 angelorum.

955 331 1018 358 Hme
1041 330 1122 365 igitur
1136 337 1167 357 ex
1193 328 1295 364 optimo
1311 326 1499 362 Egyptiorum
1523 334 1590 354 auro
1616 325 1739 354 confecta

957 377 1040 404 fuisse
1051 374 1200 403 verisimile
1215 378 1275 405 est;
1301 379 1316 399 e
1332 371 1450 406 quodam
1465 377 1554 399 autem
1579 371 1739 399 secundarin

957 422 1015 449 auri
1043 427 1141 455 genere
1167 418 1282 446 solidum
1309 416 1501 444 candelabrum
1529 416 1608 450 plane
1627 423 1739 443 aureum

956 475 1039 503 prope
1058 466 1172 493 interius
1193 463 1292 494 velum,
1310 467 1338 489 et
1363 462 1489 488 lucernas
1511 462 1560 495 ipsi
1587 462 1739 496 impositas,

956 517 984 541 et
1002 519 1124 540 mensam
1140 517 1249 537 auream
1272 508 1297 534 in
1313 514 1366 541 qua
1381 511 1459 534 erant
1477 513 1561 540 panes
1578 507 1742 542 propositio-

957 561 1008 593 nis,
1028 563 1055 586 et
1080 558 1151 585 inter
1168 561 1312 589 utrumque
1330 553 1497 581 tlturibulum
1523 560 1645 580 aureum.
1664 553 1741 586 Quod

957 606 979 633 si
998 605 1106 632 tertimn
1119 608 1147 631 et
1158 607 1285 637 quartum
1301 600 1409 635 aliquod
1432 607 1529 626 aurum
1551 598 1612 632 fuit,
1638 606 1672 625 ex
1697 599 1742 626 illo

957 651 1072 678 conflata
1091 653 1155 676 sunt
1181 656 1244 675 vasa
1268 654 1356 678 sacra,
1376 650 1402 673 et
1417 653 1451 673 ex
1478 649 1591 680 argento
1613 643 1742 679 Egyptio

957 699 1009 725 alia
1027 697 1150 724 confecta
1171 700 1244 723 sunt.
1265 694 1411 729 [Egyptum
1434 692 1505 720 enim
1529 692 1679 719 incolentes
1695 691 1743 718 filii

957 743 1038 771 Israel
1055 743 1080 770 id
1106 750 1138 770 ex
1165 742 1209 769 illa
1227 740 1396 768 habitatione
1414 738 1482 766 lucri
1509 741 1695 772 reportarunt.
1713 741 1744 764 ut

959 794 1012 816 tam
1031 789 1148 824 pretiosa
1176 788 1288 814 materia
1310 787 1481 814 abundarent
1505 785 1538 812 ad
1554 784 1637 811 divini
1655 783 1744 810 cultus

958 841 1046 861 usum.
1063 833 1084 860 Ε
1100 833 1221 860 vestibus
1239 837 1327 859 autem
1342 830 1532 866 Egyptiorum
1549 829 1643 857 eil'ecta
1660 829 1744 857 fuisse

958 879 1087 906 credibile
1113 884 1173 910 est,
1202 885 1372 912 quaecunque
1397 878 1571 911 indiguerunt
1591 882 1683 910 opere,
1716 879 1744 901 ut

957 925 1080 952 nominat
1104 924 1256 958 Scriptura,
1283 931 1333 951 acu
1358 923 1525 958 pingentium
1551 927 1579 949 et
1607 929 1743 949 consuen-

958 972 1036 1004 tium,
1053 979 1103 999 acu
1120 971 1288 1006 pingentium
1304 978 1365 998 cum
1389 970 1437 996 Dei
1462 969 1604 1003 sapientia,
1628 969 1685 996 hate
1700 968 1744 995 illa

957 1018 1116 1045 vestimenta
1144 1018 1185 1044 his
1214 1017 1267 1043 illis
1294 1016 1397 1047 modis,
1428 1020 1458 1042 ut
1486 1016 1582 1042 fierent
1609 1014 1744 1042 velamina

957 1064 1081 1098 atriaque
1110 1063 1241 1090 interiora
1263 1067 1291 1090 et
1316 1062 1462 1089 exteriora.
1482 1061 1582 1088 Verum
1612 1060 1678 1095 qttid
1703 1068 1746 1087 me

957 1110 1056 1137 attinet
1074 1109 1262 1143 intempestiva
1278 1108 1448 1142 digressione
1468 1107 1606 1142 explicare
1630 1110 1697 1141 quot
1718 1111 1746 1134 ct

957 1160 1073 1189 quantos
1103 1161 1167 1181 usus
1201 1153 1334 1180 lsraelitis
1359 1152 1526 1187 prmbuerint
1555 1151 1744 1187 [Egyptiornm

957 1200 1040 1235 spolia
1055 1199 1153 1234 quibus
1172 1200 1199 1226 hi
1218 1199 1288 1226 male
1310 1199 1472 1230 utebantur;
1493 1197 1599 1225 Hebraei
1615 1204 1681 1225 vero
1697 1197 1745 1224 Dei

957 1247 1089 1281 sapientia
1115 1246 1229 1273 instituti
1256 1245 1290 1272 ad
1317 1244 1436 1271 divinum
1464 1245 1566 1272 cultum
1595 1243 1637 1271 usi
1664 1244 1746 1271 sunt?

958 1293 1035 1321 Solet
1052 1297 1142 1320 tamen
1153 1292 1244 1319 divina
1259 1291 1402 1326 Scriptura
1416 1299 1430 1318 e
1445 1294 1517 1318 terra
1531 1290 1647 1317 filiorum
1661 1289 1745 1317 lsracl

958 1339 983 1365 in
1001 1337 1146 1374 Egyptum
1161 1340 1320 1366 descensum
1335 1338 1361 1365 in
1378 1337 1456 1364 malis
1474 1343 1586 1372 ponere,
1602 1336 1683 1363 tacite
1698 1336 1742 1362 in-

956 1393 1042 1412 nitens
1066 1385 1226 1420 quibusdam
1251 1385 1351 1412 malum
1375 1391 1435 1411 esse
1453 1382 1557 1410 versari
1581 1390 1643 1410 cum
1662 1382 1745 1417 Egy-

956 1433 1030 1466 ptiis,
1058 1433 1112 1459 hoc.
1136 1436 1189 1464 est,
1207 1440 1268 1458 cum
1295 1431 1387 1458 mundi
1416 1430 1577 1465 disciplinis,
1602 1434 1744 1464 postquam

956 1479 1006 1513 legi
1025 1477 1071 1505 Dei
1094 1485 1191 1504 nomen
1219 1477 1355 1508 dederint,
1380 1481 1408 1503 et
1430 1475 1588 1502 lsraeliticze
1612 1475 1637 1501 in
1661 1474 1745 1501 Deum

957 1524 1064 1558 pietati.
1077 1522 1150 1550 Atler
1164 1527 1239 1550 certe
1251 1521 1419 1553 ldnmmus“,
1435 1521 1555 1556 quandiu
1570 1520 1620 1548 fuit
1633 1520 1660 1547 in
1674 1525 1745 1548 terr".

957 1567 1051 1600 lsrael,
1068 1574 1120 1594 nec
1140 1567 1262 1600 gustavit
1278 1566 1469 1601 Egyptiorum
1486 1573 1580 1601 panes,
1605 1566 1676 1593 idola
1691 1572 1745 1593 non

957 1613 1106 1641 fabricatus
1124 1618 1180 1646 est;
1196 1619 1256 1639 enim
1272 1620 1337 1639 vero
1351 1620 1365 1640 a
1379 1613 1502 1647 sapiente
1525 1612 1673 1639 Salomone
1689 1619 1740 1638 au-

957 1658 1061 1694 fugiens
1078 1659 1215 1686 dcscendit
1231 1659 1257 1685 in
1271 1658 1427 1694 Egyptum.
1446 1658 1517 1685 velut
1535 1658 1641 1692 fugiens
1659 1666 1673 1684 a
1690 1657 1738 1684 Dei

957 1705 1103 1739 sapientia,
1131 1712 1192 1731 cum
1212 1704 1356 1731 Pharaone
1381 1704 1540 1731 alIinitatcm
1564 1703 1636 1735 iniit,
1665 1704 1745 1730 ducta

957 1750 1051 1777 uxoris
1069 1750 1153 1783 ipsius
1175 1756 1282 1782 sorore,
1309 1754 1336 1776 et
1352 1747 1496 1783 procreato
1518 1756 1551 1774 ex
1572 1755 1604 1774 ea
1622 1747 1678 1774 filio
1700 1747 1746 1782 qui

956 1795 1028 1822 inter
1044 1795 1195 1822 Pharaonis
1221 1794 1322 1822 liberos
1347 1795 1481 1822 educatus
1507 1797 1559 1821 est.
1579 1793 1677 1826 Quare,
1695 1793 1746 1820 etsi

957 1841 984 1868 in
1004 1845 1103 1867 terram
1122 1839 1207 1867 Israel
1225 1847 1351 1868 reversus
1372 1845 1425 1873 est,
1452 1840 1479 1867 in
1499 1840 1525 1867 id
1542 1837 1669 1868 reversus
1693 1846 1744 1870 est.

955 1891 985 1913 ιιι
1009 1886 1056 1913 Dei
1082 1887 1210 1920 populum
1229 1886 1373 1918 divideret,
1390 1893 1478 1920 eoque
1500 1885 1641 1912 induceret
1656 1886 1690 1912 ἰιι
1713 1887 1746 1912 de

957 1939 1038 1959 aurea
1053 1932 1137 1958 vitula
1152 1932 1256 1959 diceret
1273 1940 1280 1958 :
1302 1941 1310 1956 ι
1333 1930 1364 1958 Hi
1380 1937 1443 1958 sunt
1460 1931 1497 1958 dii
1524 1931 1572 1964 tui,
1589 1930 1684 1963 Israel,
1698 1931 1744 1966 qui

956 1977 1109 2004 eduxerunt
1133 1982 1158 2004 te
1179 1977 1213 2004 de
1230 1981 1302 2004 terra
1329 1977 1437 2013 [Egypti
1462 1977 1496 2006 ¹⁵⁹.
1526 1987 1535 2004 ι
1558 1977 1597 2005 Ac
1613 1984 1662 2012 ego
1679 1985 1746 2005 sane

955 2024 1123 2057 experientia
1139 2025 1236 2051 doctus
1254 2023 1446 2051 allirmaverim
1470 2031 1572 2059 paucos
1597 2025 1744 2051 admodum

955 2069 1072 2096 inveniri
1087 2070 1133 2104 qui
1158 2071 1295 2105 perceptis
1319 2069 1431 2106 Egypti
1457 2070 1630 2102 utilitatibus,
1653 2078 1687 2098 ex
1712 2078 1744 2098 ea

955 2116 1059 2150 egressi
1075 2116 1138 2149 sint,
1157 2121 1184 2143 et
1199 2124 1259 2150 quae
1274 2117 1308 2143 ad
1326 2117 1373 2143 Dei
1391 2116 1494 2143 cultum
1508 2117 1656 2150 pertinenti,
1674 2123 1744 2143 con—

955 2156 1112 2196 stituerint;
1140 2164 1240 2191 multos
1256 2171 1322 2191 vero
1335 2171 1395 2191 esse
1414 2163 1487 2191 Ader
1502 2164 1613 2191 ldutnmi
1633 2163 1743 2191 fratres.

117 2208 165 2232 νιος
181 2202 228 2237 μὲν
258 2203 272 2228 ὁ
289 2202 324 2229 τὰ
339 2204 473 2238 ’χρήσιμα
496 2203 545 2238 τῆς
570 2203 708 2238 Αἰγύπτου
729 2204 829 2236 λαϐὼν,
855 2204 899 2230 καὶ

955 2206 986 2234 lli
1014 2212 1077 2235 sunt
1102 2209 1149 2242 qui
1174 2215 1189 2236 e
1204 2208 1299 2236 Graeca
1315 2209 1432 2244 quadam
1464 2209 1574 2236 solertia
1600 2209 1744 2237 hmreticas

118 2245 222 2278 ἐξελθὼν
259 2248 369 2284 ταύτης,
393 2250 440 2275 καὶ
467 2250 677 2281 κατασκευάσας
702 2250 735 2276 τὰ
760 2250 829 2284 πρὸς
855 2249 905 2284 τὴν

117 2289 233 2326 λατρείαν
251 2293 298 2319 τοῦ
312 2293 394 2320 Θεοῦ-
414 2294 496 2326 πολὺς
509 2294 536 2320 δὲ
557 2296 571 2321 ὁ
588 2294 634 2320 τοῦ
656 2295 805 2330 Ἰδουμαίου
823 2294 904 2330 ’Ἄδερ

119 2336 228 2372 ἁδελφός.
245 2335 326 2365 Οὗτοι
341 2339 370 2365 δέ
387 2340 454 2366 εἰσιν
468 2340 493 2366 οἰ
509 2340 563 2367 ἀπό
582 2349 653 2371 τινος
678 2340 837 2376 Ἑλληνικῆς
859 2341 903 2367 ἐν-

119 2385 232 2418 τρεχείας
253 2386 381 2420 αἱρετικᾰ
396 2387 577 2421 γεννήσαντες
594 2387 732 2422 νοήματα,
754 2387 801 2412 καὶ
824 2387 904 2413 οἱονεὶ

119 2427 237 2465 δαμάλεις
252 2433 355 2467 χρυσᾶς
374 2432 628 2464 κατασκευάσαντες
647 2433 675 2459 ὲν
692 2432 808 2467 Βαιθήλ·
826 2433 840 2459 ὃ
856 2434 901 2468 ἑρ-

121 2477 255 2511 μηνεύεται
267 2475 349 2511 οἶκος
369 2478 455 2506 Θεοῦ.
469 2480 548 2505 Δοκεῖ
559 2479 587 2505 δέ
607 2487 652 2513 μοι
671 2478 719 2505 καὶ
739 2478 783 2505 διὰ
799 2479 900 2504 τούτων

119 2521 212 2556 ὁλόγος
228 2524 409 2555 αἰνίσσεσθαι,
423 2524 462 2550 ὅτι
478 2524 511 2551 τὰ
526 2524 578 2551 ἴδια
591 2524 789 2559 ἀναπλάσματα
805 2524 901 2558 ἀνέθη-

121 2574 164 2592 καν
176 2570 231 2600 ταῖς
245 2569 367 2604 Γραφαῖς
382 2570 412 2595 ἐν
427 2567 470 2601 αἷς
483 2571 553 2596 οἰκεῖ
577 2569 656 2604 λόγος
670 2569 748 2602 Θεοῦ,
763 2570 900 2606 τροπικῶς

120 2609 209 2648 Βαιθὴλ
229 2615 422 2646 καλουμέναις.
445 2615 481 2641 Τὸ
497 2615 519 2641 δ’
533 2615 596 2642 ἄλλο
612 2615 780 2651 ἀνάπλασμα
801 2616 830 2641 ἐν
846 2615 899 2641 Δὰν

121 2656 193 2690 φησιν
212 2659 225 2684 ὀ
247 2659 325 2693 λόγος
349 2660 547 2687 ἀνατεθεῖσθαί.
572 2661 625 2687 Τοῦ
650 2661 678 2688 δὲ
704 2661 757 2688 Δὰν
778 2661 812 2687 τὰ
839 2662 900 2696 ὅρια

121 2700 247 2731 τελευταῖα
269 2706 340 2738 ἐστι,
360 2706 408 2731 καὶ
425 2706 506 2739 ἐγγὺς
528 2706 581 2732 τῶν
604 2706 718 2733 ἐθνικῶν
740 2707 838 2742 ὁρίων,
863 2707 901 2738 ὡς

152 2758 171 2775 ⁸⁸⁸
187 2761 216 2788 lll
227 2761 296 2798 Reg.
323 2771 353 2794 ιι,
375 2763 421 2790 Η,
462 2764 483 2779 "°
505 2764 591 2791 Exod.
606 2773 688 2797 xxxii,
711 2766 737 2792 Ιι.

137 2827 200 2866 μϐ)
218 2830 305 2863 Ἄδερ
327 2829 442 2866 Τηξνγύ
464 2830 634 2864 Ἰδουμαῖος,
651 2837 703 2860 clc.
723 2833 896 2860 (lonfumlcrc

122 2862 215 2890 videtur
226 2862 353 2893 boc’loco
368 2863 498 2899 Origenes
521 2862 594 2894 Aliter
609 2862 657 2895 Seu
670 2868 747 2896 Adad
771 2876 832 2896 cum
853 2868 898 2896 Je-

953 2252 1095 2286 opiniones
1120 2258 1274 2288 genuerunt,
1297 2258 1325 2281 et
1345 2262 1396 2281 ceu
1421 2254 1523 2282 vitulas
1538 2255 1669 2288 quasdam
1693 2262 1743 2282 au-

954 2305 1016 2325 reas
1039 2298 1164 2326 fabricati
1188 2305 1252 2327 sunt.
1277 2301 1304 2327 in
1332 2300 1436 2333 Bethel,
1460 2307 1521 2335 qua:
1546 2301 1745 2334 interpretatur

953 2344 1046 2371 domus
1068 2344 1128 2373 Dei.
1151 2345 1198 2372 llis
1215 2346 1281 2372 mihi
1305 2345 1358 2380 32
1380 2346 1489 2373 videtur
1509 2346 1592 2374 tacite
1616 2346 1743 2378 indicari,

953 2396 1002 2416 sua
1019 2397 1066 2417 eos
1085 2395 1242 2418 commenta
1269 2391 1408 2419 allinxisse
1430 2392 1580 2427 Scripturis
1602 2391 1629 2419 in
1646 2391 1744 2426 quibus

956 2435 1002 2462 Dei
1028 2438 1140 2463 verbum
1169 2437 1284 2470 habitat,
1304 2443 1331 2465 et
1356 2446 1416 2472 quae
1443 2439 1547 2473 tropice
1571 2438 1744 2472 appellantur

954 2479 1058 2508 Bethel.
1074 2481 1208 2509 Caeterum
1225 2483 1297 2510 aliud
1317 2483 1474 2517 figmentum
1499 2484 1538 2510 ait
1554 2483 1696 2517 Scriptura
1714 2484 1742 2510 in

955 2526 1011 2553 Dan
1030 2529 1177 2561 repositum
1205 2529 1297 2563 fuisse,
1325 2529 1406 2556 Fines
1433 2537 1514 2564 porro
1539 2529 1596 2556 Dan
1625 2530 1738 2557 extremi

954 2577 1018 2599 sunt
1033 2577 1059 2600 et
1078 2574 1103 2599 in
1128 2574 1247 2601 confinio
1263 2575 1394 2609 gentium,
1411 2580 1441 2602 ιιι
1456 2579 1562 2602 constat
1583 2582 1616 2602 ex
1635 2575 1668 2602 iis
1681 2583 1742 2609 qua:

954 2618 980 2646 in
1001 2619 1070 2646 libro
1082 2618 1145 2647 Jcsu
1164 2620 1236 2648 Nave
1251 2622 1352 2656 scripta
1368 2627 1442 2648 sunt.
1465 2621 1534 2648 Sunt
1548 2621 1631 2656 igitur
1651 2621 1741 2648 vicina

956 2664 1054 2692 finibus
1068 2667 1188 2700 gentium
1206 2669 1330 2701 quimdam
1353 2676 1385 2694 ex
1410 2669 1443 2696 iis
1467 2667 1605 2702 figmentis
1627 2674 1697 2702 quae.
1712 2671 1742 2694 ut

957 2712 1143 2745 exposuimus,
1157 2712 1255 2740 fratres
1269 2713 1342 2740 Ader
1357 2713 1503 2740 finxerunt.

952 2833 1074 2861 roboam.
1103 2832 1204 2859 Confer
1220 2836 1302 2865 caput
1325 2831 1498 2859 ttndccimum
1515 2831 1576 2860 libri
1593 2833 1663 2861 tertii
1678 2832 1731 2860 Rc-

953 2877 1015 2904 gum
1032 2876 1093 2896 cum
1112 2867 1230 2903 ejusdem
1248 2867 1310 2895 libri
1330 2867 1417 2902 capite
1430 2867 1598 2895 duodecimo.
