1883 3072
96 105 130 133 9'5
549 107 596 134 EX
613 106 724 134 LIBRIS
743 105 903 134 ORIGENIS
922 106 965 133 DE
985 104 1283 132 RESURRECTIONE.
1695 106 1731 134 94

99 159 166 187 riter
179 168 242 187 cum
257 161 352 189 anima
373 164 595 198 persecutionum
618 164 744 190 toleravit
757 171 826 190 smva
841 169 896 190 tor—
912 167 933 195 Α
950 163 1058 197 prmmia
1074 167 1268 196 consequatur,
1285 164 1420 197 quomodo
1441 170 1493 190 non
1510 169 1604 190 contra
1621 171 1731 191 omnem

99 209 201 237 menta.
211 214 363 234 carcerum
376 217 485 244 quoque
498 217 529 235 ac
540 209 711 236 vinculorum
720 210 895 236 etverlterum

99 250 235 286 supplicia
254 254 383 287 pertulit,
407 255 469 288 igne
485 255 566 280 etiam
582 255 748 288 cruciatum,
763 255 833 281 ferro
846 262 898 280 αρε

102 305 161 324 smn
186 303 243 331 est,
264 299 382 333 insuper
399 306 427 327 et
444 300 594 327 bestiarum
620 306 748 327 cruentos
770 308 894 331 morsus,

103 343 191 370 crucis
211 344 349 378 patibula,
373 352 411 372 acv
427 346 533 372 diversa
553 353 693 380 pmnarum
718 353 816 380 genera
832 353 890 379 per-

105 395 214 422 pessum
231 394 286 421 est,
305 394 445 418 tantorum
460 391 642 418 certaminum
655 391 776 425 praemiis
789 391 896 417 defrau-

106 433 206 460 detur?
231 434 340 469 Quippe
355 435 376 462 si
398 436 456 463 sola
477 436 565 463 anima
584 444 643 470 qua:
662 444 715 464 non
732 436 788 464 sola
803 440 895 463 certa-

105 479 186 512 verit,
206 487 372 512 coronetur,
386 485 411 508 et
431 483 552 515 corporis
573 483 614 509 sui
631 482 770 508 vasculum
787 482 858 516 quod
871 481 894 508 ei

107 531 165 551 cum
179 533 280 560 magno
296 526 389 554 labore
405 528 528 560 servivit,
543 528 614 554 trulla
626 528 719 562 agouis
732 533 758 554 ct
771 528 893 554 victoritc

952 209 1083 234 rationem
1099 214 1161 233 esse
1182 207 1293 233 videtur
1305 229 1312 240 ,
1330 213 1359 234 ut
1374 209 1543 236 naturalibus
1557 209 1633 236 vitiis
1648 213 1733 244 atque

951 252 1078 286 ingenitae
1106 252 1211 278 libidini
1231 257 1342 286 propter
1357 253 1494 280 Christum
1509 261 1573 281 caro
1589 255 1731 285 resistens.

949 303 976 324 et
992 297 1175 331 virginitatem
1202 297 1330 324 obtinens
1354 306 1415 324 cutn
1439 299 1539 333 ingenti
1564 300 1666 331 labore,
1687 301 1731 335 qui

949 343 1125 370 continentia:
1157 343 1234 369 labor
1250 343 1342 377 tttique
1356 348 1403 369 aut
1416 345 1502 378 major
1517 346 1641 380 corporis
1652 353 1731 380 quam

950 390 1048 416 animm
1061 394 1114 421 est,
1138 394 1185 415 aut
1209 394 1283 415 certe
1303 390 1443 424 utriusque
1459 391 1571 424 :equalis
1595 396 1646 423 est,
1662 398 1732 426 pra;-

951 436 1207 469 miorum-tempore
1221 435 1306 461 altera
1323 435 1395 461 velut
1406 435 1515 467 indigna
1531 436 1679 470 rejieiatur,
1694 436 1734 462 al-

951 486 1005 507 tera
1019 482 1109 507 veniat
1125 482 1157 507 ad
1171 481 1318 508 coronam?
1332 481 1397 513 Qua:
1410 488 1452 507 res
1469 482 1529 508 sine
1541 482 1620 508 dubio
1637 481 1734 508 autin-

947 526 1060 560 justitiae
1073 526 1188 561 alicujus
1202 527 1296 559 Deum,
1309 531 1355 553 aut
1374 526 1599 560 impossibilitatis
1610 531 1731 554 accusat.

321 628 375 665 34
386 626 442 655 EX
466 626 583 656 LIBRO
605 626 786 656 SECUNDO
808 627 995 658 ORIGENIS
1019 628 1069 658 DE
1095 627 1425 658 RESURRECTIONE
1448 626 1519 666 (18).

96 692 104 699 κ
139 672 197 701 Nos
212 681 280 701 vero
298 679 359 709 post
373 676 575 709 corruptionem
587 677 680 703 mundi
695 677 804 703 eosdem
823 679 895 712 ipsos

110 718 220 746 futuros
236 726 299 746 esse
325 719 450 746 homines
474 720 609 752 dicimus,
637 721 700 748 licet
724 730 778 748 non
801 723 894 750 codem

105 770 189 797 statu,
212 772 303 799 neque
323 766 349 792 in
368 766 464 793 iisdem
483 767 669 801 passionihus.
685 767 741 794 Non
757 769 829 795 enim
843 769 895 796 ite—

106 818 164 837 rum
178 818 213 838 ex
228 812 409 838 conventione
421 812 470 838 viri
483 816 510 839 ct
522 813 643 840 mulieris
654 818 744 845 erunt,
762 815 807 841 sed
821 816 895 842 verbi

105 857 206 891 gratia,
224 864 256 884 ea
287 858 358 884 ratio
386 865 445 892 qua:
463 859 587 884 continet
613 859 688 886 Pauli
717 861 896 887 substantiam

105 901 194 936 (Pauli
211 907 305 929 autent
322 910 394 929 nunc
408 903 470 930 dico
483 903 645 938 corporalis)
658 904 731 931 salva
746 910 895 938 permanet;

105 952 203 974 etcum
216 947 334 975 voluerit
346 948 416 975 Deus
426 950 576 975 secundntn
590 957 620 976 ea
630 958 689 984 qua!
698 951 767 976 dicta
777 955 839 977 snnl.
851 959 898 986 per

106 997 313 1020 sacramentum
329 993 457 1020 tubarum
477 995 504 1021 in
517 995 662 1022 novi5sima
687 997 749 1022 tuha
765 995 855 1023 facere
870 1001 898 1023 ut

106 1039 208 1066 mortui
222 1044 381 1073 resurgant,
393 1040 522 1074 perillam
537 1041 622 1075 ipsam
635 1041 842 1072 substantialem
856 1050 898 1068 ra-

106 1085 208 1111 tionem
220 1092 283 1119 quae
294 1085 368 1111 salva
382 1091 531 1120 permanet,
544 1087 576 1114 de
592 1091 671 1114 terrre
689 1087 800 1121 pulvere
811 1089 898 1115 susci-

106 1133 203 1156 tantur
222 1138 238 1156 a
255 1131 372 1157 mortuis
387 1138 419 1158 ex
436 1132 563 1159 omnibus
577 1132 645 1159 locis
671 1133 688 1159 ii
712 1133 812 1167 quibus
827 1134 897 1161 ratio

106 1175 151 1202 illa
168 1176 335 1203 substantia:
349 1177 500 1212 corporalis
514 1178 540 1204 in
558 1178 625 1212 ipsis
651 1179 812 1212 corporibus
834 1187 897 1213 per—

106 1222 257 1255 manebat,
275 1230 336 1256 quze
362 1223 388 1249 in
417 1228 516 1250 terram
537 1225 661 1258 prolapsa
687 1223 732 1250 Dei
761 1224 898 1252 voluntate

105 1266 206 1293 lterum
236 1268 414 1294 suscitantur.
439 1269 471 1295 Et
486 1269 537 1296 hoc
565 1269 683 1296 arbitror
705 1276 827 1296 asserere
853 1277 898 1295 vo-

105 1313 207 1340 lentem
237 1314 339 1340 dixisse
364 1314 522 1348 Apostolum
551 1315 578 1341 in
606 1315 692 1349 prima
717 1314 836 1349 Epistola
864 1314 896 1340 ad

105 1358 280 1386 Corinthios.
307 1359 374 1386 Post
399 1360 578 1386 assertionem
596 1360 668 1386 enim
687 1361 897 1387 resurrectionis

107 1409 295 1436 mortuorum,
312 1412 373 1431 cum
392 1405 580 1438 proposuisset
597 1405 646 1431 sibi
667 1413 697 1431 ea
711 1413 770 1439 qua:
787 1410 898 1439 possent

949 684 1117 706 mortuorum
1131 680 1164 706 de
1180 680 1231 706 hoc
1243 686 1356 714 corpore
1372 679 1407 707 sit
1417 679 1489 714 quod
1504 684 1636 707 mortuum
1653 679 1735 708 relin-

949 724 1049 757 quitur,
1058 728 1157 750 sancta:
1168 723 1315 757 Scriptum
1327 724 1417 751 multis
1425 723 1511 751 modis
1519 725 1568 751 hoc
1577 725 1733 753 ostendunt.

914 788 934 814 Β
950 767 1001 794 Sed
1018 773 1045 794 et
1061 769 1118 802 ipsa
1136 768 1187 795 hoc
1203 768 1308 795 Domini
1327 769 1417 796 nostri
1431 768 1494 795 Jesu
1513 768 1614 796 Christi
1640 777 1732 796 resur-

949 816 1033 841 rectio
1044 816 1175 849 declarat,
1186 817 1230 850 qui
1241 817 1437 852 primogenitus
1446 825 1478 844 ex
1491 818 1605 846 mortuis
1620 819 1732 846 dicitur.

984 859 1048 887 Post
1064 862 1118 887 Iure
1133 862 1290 895 quibusdam
1304 870 1349 895 per
1362 862 1476 888 medium
1494 863 1574 890 latius
1592 864 1732 898 disputatis

1181 906 1277 940 adjecit
1291 906 1372 933 etiam
1385 907 1437 933 ista
1451 915 1460 933 .'

949 951 1025 979 Sicut
1041 953 1111 979 enim
1126 953 1185 987 plus
1203 953 1285 980 habet
1300 953 1389 980 omnis
1402 954 1574 981 rationabilis
1586 954 1676 980 anima
1690 955 1733 981 his

948 1006 1009 1032 quae
1027 998 1067 1024 vel
1083 998 1236 1031 crescendi,
1253 998 1294 1025 vel
1311 999 1459 1031 nutriendi,
1478 1000 1519 1025 vel
1536 1004 1626 1026 motus
1649 999 1733 1027 solius

948 1044 1064 1071 ollicitun
1093 1045 1224 1072 exhibere
1250 1045 1400 1071 dicuntur:
1424 1045 1465 1071 sic
1485 1053 1515 1072 ea
1533 1046 1602 1072 ratio
1628 1053 1687 1080 qua:
1706 1046 1732 1072 in

949 1088 1067 1115 humano
1089 1097 1204 1122 corpore
1222 1093 1273 1121 est,
1291 1089 1376 1115 multo
1392 1088 1509 1123 amplius
1526 1089 1624 1121 habet,
1651 1097 1731 1124 quant

949 1141 1007 1167 qum
1024 1134 1050 1160 in
1072 1134 1183 1168 reliquis
1199 1140 1241 1161 est
1257 1134 1434 1168 corporibus,
1454 1142 1486 1161 ex
1511 1142 1543 1161 eo
1557 1135 1628 1170 quod
1649 1136 1730 1162 etiam

949 1187 1008 1206 cum
1024 1185 1178 1212 (‘ttrt'upltttlt
1195 1180 1278 1206 fuerit
1289 1188 1390 1214 corpus
1404 1180 1564 1212 humanum,
1582 1180 1733 1207 subsistere

950 1232 1055 1251 rursum
1072 1230 1160 1258 potest
1185 1225 1231 1251 Dei
1251 1225 1354 1252 virtute
1380 1230 1572 1252 conservatum
1598 1229 1625 1252 et
1642 1229 1731 1253 custo-

948 1270 1034 1295 ditutn
1051 1278 1135 1304 usque
1161 1271 1192 1296 ad
1213 1269 1423 1297 resurrectionis
1449 1277 1504 1297 sum
1522 1274 1640 1305 tempus.
1653 1270 1731 1303 Quod

949 1321 1036 1342 autem
1055 1316 1208 1349 ubicunque.
1224 1315 1317 1346 fuerit,
1335 1315 1506 1348 restituatur,
1520 1316 1545 1342 id
1558 1320 1599 1342 est
1611 1316 1644 1342 ab
1658 1316 1732 1342 omni

949 1361 974 1386 iu
995 1368 1155 1394 quocunque
1171 1361 1290 1393 jacuerit
1307 1361 1378 1392 loco,
1395 1361 1431 1387 ita
1447 1361 1485 1387 ait
1500 1360 1622 1387 Joannes
1637 1361 1662 1387 in
1681 1361 1731 1388 Re-

949 1405 1080 1432 vclatione
1106 1413 1174 1432 sua:
1199 1415 1207 1430 ι
1226 1406 1257 1432 Et
1276 1405 1394 1432 reddidit
1423 1413 1498 1433 mare
1526 1411 1648 1433 mortuos
1662 1413 1732 1440 quos

107 1450 140 1477 ab
152 1450 216 1477 aliis
229 1450 313 1485 ohjici
329 1450 362 1477 de
376 1451 580 1477 resurrectione
592 1455 773 1482 mortuorum,
790 1450 829 1477 sic
840 1450 894 1476 ait:
911 1460 930 1488 ο
950 1451 1063 1478 habebat
1080 1451 1105 1477 in
1135 1459 1164 1478 se
1178 1471 1185 1482 .
1212 1457 1239 1478 et
1264 1459 1336 1478 mors
1360 1456 1387 1477 et
1406 1450 1530 1478 internus
1554 1450 1732 1478 reddiderunt

109 1504 118 1520 ι
137 1495 190 1522 Sed
214 1495 285 1523 dicit
309 1495 429 1531 aliquis:
445 1496 585 1529 Quomodo
608 1501 751 1531 resurgunt
779 1496 896 1523 mortui?

105 1540 166 1573 Quo
183 1545 278 1568 autem
296 1548 411 1575 corpore
427 1542 556 1569 venient?
572 1542 669 1575 Stulte,
687 1547 713 1568 ιιι
728 1542 799 1576 quod
816 1542 897 1569 semi-

106 1594 156 1613 nas
168 1607 177 1619 ,
191 1594 246 1614 non
269 1586 433 1619 viviliratnr,
450 1588 502 1614 nisi
527 1589 602 1622 prius
620 1589 759 1615 moriatur.
776 1588 809 1615 Et
824 1588 896 1622 quod

105 1632 240 1665 seminas,
261 1639 316 1659 non
343 1633 414 1666 quod
432 1632 553 1658 futurum
571 1637 613 1659 est
641 1639 739 1667 corpus
757 1633 875 1659 seminas
888 1652 895 1664 ,

106 1678 154 1705 sed
172 1677 278 1704 nudum
290 1685 416 1712 granum,
430 1683 458 1704 ut
470 1683 534 1712 puta
547 1677 640 1709 tritici,
658 1683 703 1704 aut
717 1677 830 1712 alicujus
844 1685 897 1705 cae-

107 1727 242 1750 terorum.
261 1723 332 1750 Dcus
343 1729 431 1750 autem
449 1723 494 1750 dat
506 1724 542 1750 illi
558 1731 658 1758 corpus
672 1728 750 1758 prout
766 1724 823 1750 vult
834 1724 867 1750 ".
885 1734 893 1750 ι

105 1769 173 1796 Cum
186 1769 262 1796 enim
285 1769 510 1797 manifestissime
533 1771 696 1797 ostendisset
713 1771 775 1804 quia
793 1770 893 1796 mortui

107 1819 267 1848 resurgunt,
283 1820 310 1842 et
334 1820 439 1842 certutn
459 1821 533 1843 esset
558 1816 622 1850 quia
653 1815 780 1842 Salvator
805 1819 896 1842 uoster

106 1868 169 1887 cum
188 1861 249 1893 ipso
275 1868 390 1895 corpore
421 1861 572 1888 resurrexit
597 1861 668 1895 quod
683 1865 839 1896 susceperat
863 1868 895 1887 ex

107 1906 205 1938 Maria,
220 1914 272 1933 non
287 1912 377 1934 autem
395 1907 462 1934 satis
480 1907 583 1934 clarum
609 1912 680 1934 esset
706 1908 840 1941 quomodo
855 1915 897 1933 rc-

107 1952 259 1979 surrecturi
275 1957 370 1979 essent
383 1953 487 1984 caueri,
500 1953 541 1979 vel
555 1952 635 1986 quale
649 1959 748 1986 corpus
758 1952 894 1979 habituri:

105 2003 252 2033 comparat
289 1998 519 2024 resurrectionem
546 1998 696 2025 seminibus
722 2005 782 2032 quae
813 1998 894 2024 senii-

107 2048 210 2069 nantur
225 2043 250 2069 in
271 2048 354 2074 terra,
372 2046 402 2068 ut
420 2047 483 2075 puta
498 2049 583 2076 grano
598 2041 737 2074 frumenti,
751 2043 822 2076 quod
834 2050 895 2069 cum

105 2088 237 2115 ceciderit
273 2088 300 2114 in
328 2093 447 2121 terram,
466 2089 672 2123 corrumpitur;
703 2088 753 2114 sed
783 2087 896 2114 rationis

949 1502 1067 1524 mut-tuos
1084 1505 1147 1524 suos
1161 1498 1206 1532 qui
1221 1502 1302 1524 erant
1323 1498 1350 1524 in
1365 1497 1406 1523 eis
1420 1497 1454 1523 ".
1471 1506 1480 1522 ι
1501 1496 1582 1524 Forte
1600 1497 1685 1531 enim,
1703 1502 1732 1523 ut

948 1550 998 1576 ego
1014 1549 1087 1576 puto,
1114 1550 1188 1568 mare
1212 1543 1256 1569 hic
1274 1550 1323 1576 pro
1339 1542 1450 1570 humido
1463 1543 1537 1570 omni
1565 1543 1730 1577 appellatum

948 1594 988 1614 est
1001 1589 1146 1619 elemento,
1161 1588 1286 1615 infernus
1301 1593 1391 1616 autem
1406 1596 1456 1623 pro
1471 1596 1552 1620 aere,
1575 1596 1648 1615 mors
1666 1596 1732 1615 vero

948 1641 996 1668 pro
1014 1639 1098 1660 terra.
1127 1633 1210 1666 Quasi
1236 1635 1380 1668 quamdam
1398 1641 1515 1668 namque
1542 1634 1731 1668 cognationum

950 1681 990 1706 his
1008 1680 1078 1706 inter
1104 1686 1133 1705 se
1157 1679 1271 1706 invicem
1290 1679 1466 1711 habentibus,
1493 1686 1593 1713 corpus
1609 1683 1731 1706 nostrum

947 1725 1086 1758 pulverem
1105 1725 1201 1750 mortis
1218 1729 1296 1751 vocat
1321 1724 1460 1758 Scriptura
1475 1745 1482 1756 ,
1501 1725 1543 1751 vel
1562 1730 1675 1756 terram,
1690 1724 1732 1751 vel

947 1777 1046 1804 corpus
1071 1770 1178 1796 mortis.
1205 1769 1276 1796 Sane
1291 1770 1379 1804 qualis
1407 1769 1491 1796 fuerit
1517 1769 1730 1804 uniuscujusque

948 1816 1112 1850 praeparatio
1124 1816 1149 1842 in
1165 1816 1216 1842 hac
1226 1816 1291 1847 vita,
1308 1815 1370 1841 talis
1381 1815 1432 1842 erit
1445 1820 1472 1841 et
1483 1816 1650 1842 resurrectio
1661 1816 1729 1849 ejus.

948 1861 997 1894 Qui
1014 1861 1118 1887 beatius
1130 1861 1173 1886 hic
1187 1860 1404 1894 vixerit,eorpns
1416 1860 1474 1894 ejus
1488 1861 1514 1887 in
1530 1862 1731 1888 resurrectione

948 1907 1082 1933 diviniore
1098 1906 1240 1940 splendore
1256 1906 1380 1939 fulgebit,
1394 1910 1420 1932 et
1434 1911 1494 1940 apta
1511 1906 1535 1932 ei
1550 1907 1655 1934 mansio
1666 1906 1731 1933 bea-

948 1957 1036 1978 torum
1053 1951 1189 1977 tribuetur
1210 1951 1346 1983 locorum;
1363 1951 1427 1977 huic
1449 1958 1513 1978 vero
1531 1951 1576 1985 qui
1607 1951 1633 1978 in
1654 1952 1733 1978 ntali-

949 1996 984 2023 tia
1004 1996 1203 2030 consumpserit
1221 2001 1328 2030 tempus
1342 1996 1392 2024 sibi
1410 1997 1472 2024 vita:
1488 1997 1631 2031 praesentis
1645 1998 1733 2024 indul-

949 2047 1003 2069 tum
1018 2062 1026 2074 ,
1047 2043 1101 2069 tale
1118 2042 1226 2069 dabitur
1247 2050 1345 2077 corpus
1362 2044 1433 2078 quod
1451 2043 1573 2070 sullicere
1590 2049 1616 2070 et
1633 2045 1731 2078 perdu-

948 2094 1010 2113 rare
1028 2087 1213 2113 tautumtnodo
1228 2087 1313 2120 possit
1330 2087 1355 2113 in
1372 2088 1471 2121 ptenis.
1483 2087 1517 2114 Et
1533 2088 1651 2115 arbitror
1661 2089 1731 2123 quod

107 2134 181 2161 illius
199 2134 289 2161 virtus
304 2142 365 2168 quae
381 2139 423 2161 est
440 2135 520 2161 insita
537 2134 563 2161 in
576 2133 753 2161 interioribus
768 2133 826 2167 ejus
841 2141 896 2160 me-
911 2127 934 2152 Ῑ)
950 2133 1018 2159 hanc
1034 2131 1215 2159 dill‘crentiam
1234 2132 1329 2159 volens
1344 2134 1490 2161 ostendere
1508 2133 1609 2160 Paulus
1623 2139 1732 2168 aposto-

106 2180 207 2213 dullis;
229 2179 288 2213 ipsa
310 2179 427 2206 rationis
452 2180 540 2206 virtus
565 2184 702 2213 assumpta
727 2179 894 2214 adjacentem

105 2226 157 2254 sibi
174 2230 287 2257 terram,
305 2224 347 2252 vel
370 2233 448 2259 aqua:
472 2225 628 2257 humorem,
640 2225 687 2252 sed
705 2229 733 2252 et
748 2225 821 2251 aeris
840 2225 894 2252 cir-

105 2275 287 2298 cumstantem
318 2271 476 2305 temperiem
490 2290 497 2303 ,
514 2270 612 2298 caloris
633 2278 742 2305 quoque
759 2270 894 2298 suliicien—

107 2322 159 2345 tetu
183 2317 320 2351 recipiens
334 2316 466 2349 fomitem,
483 2324 531 2350 per
548 2316 668 2344 divinam
691 2317 840 2350 potentiam
866 2317 892 2343 in

106 2370 205 2398 corpus
217 2362 300 2389 culmi
318 2363 359 2389 vel
384 2362 466 2396 spira:
480 2362 621 2395 consurgit
636 2373 641 2388 Ζ
659 2366 682 2389 el
699 2362 750 2389 hoc
765 2366 807 2389 est
823 2363 894 2397 quod

106 2408 173 2435 dicit
194 2416 201 2434 :
225 2407 290 2434 iTu
316 2411 391 2442 quod
420 2408 537 2434 seminas
562 2416 614 2435 non
641 2407 816 2439 viviticator,
844 2407 894 2434 nisi

106 2454 182 2486 prius
197 2454 343 2480 moriatur.
359 2452 392 2479 Et
408 2453 479 2486 quod
494 2453 624 2485 seminas,
635 2460 688 2480 non
704 2459 804 2486 corpus
822 2453 892 2486 quod

107 2497 229 2525 futurum
252 2502 311 2530 est,
337 2498 469 2524 semiuas.
487 2507 496 2524 ι
524 2499 594 2533 Ergo
619 2498 670 2525 hoc
685 2499 757 2532 quod
774 2498 848 2525 cadit
864 2503 893 2525 ut

106 2551 197 2571 semen
213 2545 239 2570 in
255 2549 359 2572 terram
378 2551 478 2578 corpus
493 2549 629 2574 nostrum.
644 2549 832 2579 comparatum
853 2549 895 2570 (³81.

107 2598 190 2624 grano
206 2590 351 2617 frumenti.

141 2635 174 2662 Et
189 2636 296 2663 assertis
307 2636 349 2662 Ιιίσ
375 2643 421 2669 per
437 2634 592 2668 hujusmodi
608 2634 822 2668 consequentiam
837 2639 895 2668 post

302 2687 389 2714 pauca
403 2677 508 2705 addidit
521 2679 602 2704 etiam
615 2678 670 2705 Iure
681 2684 689 2702 :

107 2725 180 2759 Quod
196 2731 288 2753 autem
309 2725 400 2752 omnis
417 2725 464 2751 illa
486 2725 664 2759 repromissio
682 2724 893 2752 resurrectionis

137 2783 160 2800 ⁸⁸
183 2784 190 2810 1
207 2784 322 2816 Cor.vv,
338 2783 373 2810 35
385 2791 463 2818 seqq.
501 2783 524 2799 ³⁵
540 2783 626 2818 Apoc.
640 2791 686 2815 xx,
702 2784 746 2810 115.

141 2831 195 2866 (l8)
211 2831 277 2858 Item
292 2838 324 2858 ex
342 2830 468 2865 Apologia
484 2830 615 2865 Pamphili
628 2839 673 2865 pro
691 2830 812 2865 Origene.

948 2178 989 2205 lus
1004 2177 1088 2205 dicit:
1118 2187 1127 2203 ι
1142 2177 1202 2204 Alia
1217 2185 1282 2204 caro
1300 2178 1458 2205 animaliqu
1473 2199 1480 2212 ,
1500 2178 1552 2205 alia
1570 2179 1731 2211 volucrum,

948 2223 1000 2250 alia
1017 2224 1131 2258 piscium
1146 2224 1178 2256 ⁵⁵,
1200 2233 1209 2249 ι
1224 2228 1251 2250 ct
1267 2229 1367 2251 caetera
1385 2232 1444 2258 qua:
1468 2226 1638 2252 enumeravit
1660 2226 1733 2260 Apo-

947 2269 1043 2295 stoltts.
1056 2269 1110 2296 Sed
1121 2269 1189 2295 sicut
1201 2276 1253 2295 non
1265 2273 1305 2295 est
1316 2270 1475 2302 putandum,
1487 2270 1560 2303 quod
1572 2270 1731 2297 animalium

948 2322 1048 2349 corpus
1062 2319 1223 2349 accepturus
1239 2315 1275 2341 sit
1296 2320 1434 2348 peccator,
1452 2320 1499 2342 aut
1514 2316 1669 2348 volucrum,
1685 2321 1732 2342 aut

947 2361 1073 2395 piscium,
1089 2361 1129 2388 sic
1156 2368 1244 2395 neque
1265 2361 1331 2388 solis
1354 2365 1401 2388 aut
1427 2361 1508 2393 lunae,
1529 2366 1576 2387 aut
1591 2362 1730 2388 stellarum

949 2408 1063 2434 formam
1078 2407 1240 2442 sperandum
1257 2411 1300 2434 est
1314 2407 1439 2441 accipere
1456 2414 1503 2433 eos
1521 2406 1567 2440 qui
1585 2411 1732 2440 resurgent

947 2457 973 2483 in
992 2456 1094 2491 gloria;
1122 2457 1168 2482 sed
1191 2455 1308 2489 exempli
1335 2462 1417 2481 causa
1442 2454 1513 2480 dicta
1542 2461 1604 2480 esse
1623 2453 1680 2480 lucc
1697 2452 1732 2479 ab

947 2502 1078 2537 Apostolo
1099 2501 1269 2529 sentiendum
1297 2506 1356 2533 est,
1386 2505 1415 2528 ut
1431 2500 1586 2534 designetur
1611 2506 1661 2533 per
1673 2498 1731 2526 lucc

948 2549 1018 2583 quod
1030 2548 1074 2575 alii
1084 2555 1132 2582 pro
1144 2546 1248 2574 meritis
1263 2547 1320 2574 suis
1333 2546 1548 2574 honorabiliores
1561 2549 1588 2570 et
1599 2544 1732 2571 clariores

946 2597 1042 2626 erunt,
1059 2594 1180 2621 beatiora
1196 2599 1305 2626 quoque
1332 2590 1488 2619 habitacula
1505 2589 1647 2616 sortituri:
1665 2588 1732 2614 alio-

947 2646 1004 2664 rum
1021 2647 1085 2665 vcro
1102 2638 1308 2673 indignissimus
1331 2641 1359 2663 et
1384 2635 1585 2670 abjectissimus
1611 2641 1660 2668 pro
1685 2640 1732 2668 ge-

944 2686 1045 2708 storum
1060 2683 1162 2709 scelere
1181 2683 1234 2708 erit
1250 2685 1349 2713 status,
1363 2681 1407 2714 qui
1423 2680 1504 2707 etiam
1521 2679 1606 2706 mutis
1625 2679 1731 2705 anima-

945 2726 1016 2754 libus
1032 2728 1131 2763 dignus
1146 2729 1181 2756 sit
1199 2728 1362 2762 comparari.

785 2783 807 2798 "
823 2783 831 2809 l
845 2783 906 2810 Cor.
923 2793 968 2817 xv,
987 2785 1030 2813 53.
