1883 3072
184 95 218 123 95
889 89 1101 118 FRAGMENTA
1777 88 1813 118 96

499 150 685 181 ORIGENIS
701 149 980 181 FRAGMENTUM
997 150 1050 180 DE
1065 148 1396 179 RESURRECTIONE
1413 146 1489 188 (19).

220 202 274 237 35
292 202 328 229 De
344 202 445 229 Lazaro
468 206 495 227 et
511 202 543 228 de
563 201 647 227 divite
663 201 779 227 dubitari
795 205 893 234 potest,
908 208 958 227 cun

1055 199 1123 235 Περ).
1144 199 1189 227 τοῦ
1211 199 1336 234 Λαζάρου
1362 198 1408 225 καὶ
1434 197 1479 224 τοῦ
1501 197 1626 224 πλουσίου
1651 197 1811 233 ἀπορεῖσθαι

184 247 366 281 simpliciores
389 247 447 275 btet:
473 247 508 272 ita
531 247 601 272 dicta
624 253 684 272 esse
712 245 868 272 existiment
890 245 967 279 quasi

184 292 266 320 ambo
290 300 352 320 cttm
375 293 536 327 corporibus
557 292 636 325 digna
655 292 689 318 iis
708 299 767 325 quae
785 291 812 318 in
833 292 888 318 vita
905 298 968 325 ges-

182 340 282 370 serint,
299 339 410 373 praemia
424 338 572 372 recipiant;
586 338 603 364 ii
620 342 711 364 autern
725 338 770 372 qui
783 337 969 364 accuratiores

184 389 257 418 sunt,
272 385 400 420 quoniam
427 390 488 420 post
513 385 741 411 resurrectionem
759 383 850 412 nullus
867 384 895 410 in
915 385 967 410 vita

183 432 361 466 relinquitur,
385 432 442 458 ltzec
464 431 491 458 in
521 431 723 458 resurrectione
745 430 892 465 contigisse
915 438 967 457 non

181 483 293 512 putent;
309 478 375 505 dicit
389 477 461 504 enim
476 477 552 504 dives
567 485 574 503 :
590 486 600 503 ε
613 477 704 504 Habeo
720 478 840 511 quinque
854 475 966 503 fratres.

180 523 220 551 Ne
228 529 255 551 et
263 524 313 558 ipsi
332 524 441 551 veniant
454 523 480 550 in
496 523 583 550 locum
595 523 666 550 lntnc
676 527 870 550 tormentorum
877 542 884 553 ,
893 522 969 548 mitte

181 569 315 596 Lazarum
338 570 383 603 qui
411 569 515 595 nuntiet
536 569 600 603 ipsis
623 577 682 603 qum
710 569 754 596 ltic
781 567 893 600 ﬁunt";
910 577 919 594 ι
942 572 969 594 et.

180 622 230 649 per
245 615 302 641 haec
320 620 445 649 quaerant.
469 615 599 650 linguam,
617 615 743 648 digitum.
769 613 858 640 sinum
875 613 967 640 Abra-

181 660 232 693 ltm,
246 666 273 688 et
291 661 457 687 recubitutn.
476 661 509 688 Et
523 659 594 688 forte
611 659 655 686 illa
678 666 738 694 quae
761 659 860 686 anima:
874 665 890 685 e
904 665 968 685 coro

179 714 245 741 pore
262 706 412 742 egredienti
435 707 528 734 statim
556 706 655 741 obtigit
684 706 779 740 figura,
804 711 864 739 qua:
884 704 966 731 etiam

179 751 267 779 forma
293 752 391 780 similis
413 757 454 779 est
478 744 578 779 crasso.
594 760 626 779 ac
655 756 764 778 terreno
792 749 911 784 corpori,
929 749 966 776 ita

178 802 271 832 potest
296 798 422 833 intelligi.
440 798 468 825 Si
485 798 546 832 quis
574 805 639 832 ergo
663 804 782 831 unquam
811 803 826 823 e
849 795 965 823 mortuis

178 847 308 871 narratur
336 844 506 878 apparuisse,
533 843 633 870 similis
660 843 735 869 visus
764 845 806 869 est
831 841 868 874 ei,
884 848 965 875 quam

178 897 242 916 eum
259 889 285 916 in
304 897 387 916 carne
402 894 496 922 ageret
510 888 618 921 habuit,
635 888 739 915 forante.

214 934 315 961 Deinde
328 935 403 961 Imbet
417 942 426 961 :
439 934 491 961 Sed
502 938 529 961 et
541 934 650 961 Samuel
669 934 726 968 qui,
742 938 772 960 ut
790 932 962 960 manifestum

179 983 232 1010 est,
265 978 458 1013 conspicabilis
483 979 630 1013 apparuit,
660 979 758 1013 probat
788 986 818 1006 se
849 985 966 1012 corpore

177 1023 262 1051 fuiSsc
290 1024 430 1057 indutum;
450 1025 601 1058 praesertim
628 1032 688 1052 cutn
710 1028 784 1051 certa
802 1031 855 1050 non
876 1024 966 1050 desint

176 1074 336 1104 argumenta
353 1071 449 1104 quibus
468 1071 566 1097 anima:
589 1070 769 1098 substantiam
795 1077 856 1096 esse
875 1069 964 1096 incor-

175 1123 287 1150 poream
310 1116 489 1149 pronuntiare
507 1124 645 1152 cogamur.
666 1115 724 1142 Huc
751 1116 819 1142 adde
840 1117 911 1148 quod
936 1119 963 1141 et

176 1160 251 1187 dives
278 1167 375 1194 poenas
397 1161 485 1192 luens,
505 1166 531 1187 ct
551 1167 654 1195 panper
668 1161 693 1187 in
709 1159 768 1187 sinu
786 1160 903 1186 Abraha:
921 1166 964 1185 re-

175 1205 332 1238 quiescens,
344 1213 459 1240 quorutn
475 1206 543 1233 alter
559 1207 584 1233 in
603 1206 710 1233 inferno
730 1206 830 1240 puniri,
848 1205 917 1232 alter
935 1205 961 1231 in

175 1251 235 1277 sinu
247 1251 363 1277 Abrahae
378 1252 548 1285 requiescere
569 1252 678 1284 dicitur,
696 1251 776 1285 idque
787 1256 849 1277 ante
867 1250 962 1276 Salva-

176 1299 242 1321 torts
253 1297 408 1328 adventum,
422 1302 504 1331 atque
516 1300 577 1323 ante
586 1297 849 1324 consummationem
859 1295 961 1327 saeculi,

175 1349 206 1368 ac
227 1341 339 1376 proinde
365 1348 427 1369 aute
459 1344 705 1376 resurrectionem,
721 1343 818 1370 docent
842 1342 960 1369 animam

174 1389 256 1416 etiam
269 1393 408 1424 nuucpost
421 1397 562 1419 excessum
580 1398 596 1418 e
614 1391 668 1417 vita
683 1390 722 1417 uti
740 1397 869 1424 corpore.

282 1480 326 1509 Ea:
339 1481 485 1514 Met/todio,
499 1482 569 1516 apud
587 1481 682 1517 Epiph.
696 1483 791 1510 hwres.
808 1481 853 1509 64.

209 1527 277 1558 Cum
296 1529 332 1556 ita
359 1529 474 1556 dixisset
499 1528 653 1563 (Origenes)
682 1528 826 1555 Dominum
851 1527 959 1555 Saddu-

173 1575 237 1602 (ta-is
253 1575 420 1602 tentantibus
435 1574 616 1609 respondisse,
632 1583 641 1599 (
653 1574 698 1608 qui
710 1580 850 1608 compotes
867 1581 960 1601 resur-

173 1620 306 1648 rectionis
324 1624 427 1653 essent,
439 1620 598 1655 angelorum
610 1620 696 1647 instar
709 1619 846 1647 futuros"
859 1628 865 1653 ;
880 1629 889 1645 ›
901 1623 961 1654 post

173 1668 223 1694 ista
248 1667 408 1700 sultjuuxit;
426 1675 435 1692 ε
448 1666 543 1701 Angeli
573 1674 654 1701 porro
682 1667 774 1694 carnis
789 1670 915 1701 expertes
933 1666 959 1693 in

172 1712 284 1740 Summa
296 1712 425 1740 felicitate
441 1713 543 1747 degunt
561 1719 593 1739 ac
618 1712 716 1746 gloria.
734 1712 824 1745 Quare
849 1715 876 1738 et
898 1718 959 1742 nos.

172 1766 241 1793 quos
255 1758 358 1792 aequari
382 1758 487 1792 angelis
508 1761 627 1793 oportet,
646 1765 761 1785 necesse
777 1761 819 1785 est
833 1757 866 1784 ad
884 1764 960 1784 eutn-

173 1805 232 1832 dem
245 1805 355 1831 modum
372 1812 454 1832 carne
471 1803 579 1831 nudari.
591 1813 601 1829 ι

1019 245 1144 272 δύναται·
1158 245 1210 272 τῶν
1232 245 1281 280 μὲν
1295 243 1487 280 ἁπλουστέρων
1505 243 1562 279 (90)
1580 243 1711 278 οἰομένων
1728 243 1813 270 ταῦτα

1019 291 1153 326 λελέχθαι,
1170 291 1207 323 ὠς
1228 290 1389 326 ἀμφοτέρων
1409 290 1477 325 μετὰ
1495 289 1547 316 τῶν
1559 285 1692 325 σωμάτων
1705 289 1811 324 λαμϐα-

1019 337 1117 364 νόντων
1141 337 1175 363 τὰ
1200 336 1263 370 ἄξια
1285 336 1338 362 τῶν
1362 335 1400 371 τῷ
1417 335 1467 371 βίῳ
1482 335 1701 371 πεπραγμένων·
1716 335 1770 361 τῶν
1782 336 1809 362 δὲ

1019 382 1222 417 ἀκριϐεστέρων
1235 381 1300 417 (2i),
1313 381 1373 408 ἐπεὶ
1383 381 1452 416 μετὰ
1463 380 1511 416 τὴν
1521 380 1668 407 ἀνάστασιν
1681 380 1769 412 οὐδεὶς
1779 381 1808 407 ὲν

1019 427 1069 463 βίῳ
1094 428 1298 459 καταλείπεται,
1322 428 1371 453 οὐκ
1393 428 1421 453 ἐν
1443 428 1476 462 τῇ
1504 426 1650 453 ἀναστάσει
1678 426 1809 461 οἰομένων

1017 474 1105 501 ταῦτα
1125 474 1264 508 γεγονέναι
1275 483 1282 490 ο
1300 474 1372 508 λέγει
1389 474 1443 508 γὰρ
1459 475 1472 500 ὁ
1489 473 1624 504 πλούσιος,
1640 474 1681 499 ὅτι
1713 473 1809 500 ιπέντε

1018 520 1148 554 ἀδελφοὺς
1162 519 1225 555 ἔχω,
1240 520 1287 546 κα).
1300 521 1342 546 ἵνα
1357 519 1393 555 μὴ
1405 519 1517 545 ἔλθωσιν
1535 520 1574 551 εἰς
1586 519 1631 546 τὸν
1647 519 1730 546 τόπον
1745 519 1808 546 τοῦ-

1017 573 1063 591 τον
1074 565 1125 599 τῆς
1139 564 1267 599 βασάνου,
1281 564 1387 599 πέμψον
1401 564 1526 600 Λάζαρον
1539 564 1747 600 ἀπαγγέλλοντα
1762 566 1811 592 αὐ-

1017 612 1073 642 τοῖς
1090 611 1123 637 τὰ
1139 610 1273 637 ἐνταῦθα·
1287 619 1296 637 ι
1318 611 1365 636 καὶ
1390 610 1433 637 διὰ
1460 611 1563 638 τούτων
1586 611 1739 646 ζητούντων
1760 612 1810 647 τὴν

1017 655 1151 690 γλῶσσαν,
1162 656 1208 682 καὶ
1215 656 1260 682 τὸν
1272 656 1412 687 δάκτυλον,
1420 656 1466 682 κα).
1473 657 1534 688 τοὺς
1540 656 1656 688 κόλπους
1672 657 1807 692 Ἀϐραὰμ,

1017 702 1064 728 καὶ
1076 701 1125 736 τὴν
1140 701 1280 728 ἀνάκλισιν
1295 701 1359 737 (2‘2).
1373 703 1428 729 Καὶ
1445 702 1516 736 τάχα
1529 702 1560 728 τὸ
1575 702 1624 737 τῆς
1637 703 1727 738 ψυχῆς
1751 704 1808 738 ἃμα

1016 747 1049 781 τῇ
1059 745 1200 781 ἀπαλλαγῇ
1218 747 1310 782 σχῆμα
1326 747 1446 782 ὁμοειδὲς
1466 746 1494 773 ὃν
1510 747 1548 782 τῷ
1567 749 1649 782 παχεῖ
1661 749 1708 774 καὶ
1722 749 1808 784 γηῑνῳ

1018 791 1125 826 σώματι
1147 792 1258 819 δύναται
1280 792 1366 823 οὕτως
1391 792 1588 827 λαμϐάνεσθαι.
1601 793 1636 819 Εἴ
1652 801 1717 820 ποτε
1743 793 1808 827 γοῦν

1019 838 1159 873 ἱστόρηται
1185 847 1226 869 τις
1257 837 1310 863 τῶν
1336 838 1545 873 κεκοιμημένων
1572 839 1752 874 φαινόμενος,
1781 839 1808 865 ὃ-

982 881 1002 908 Β
1018 892 1093 918 μοιος
1105 884 1159 919 (ἓὸ)
1174 883 1292 919 ἑώραται
1306 884 1345 919 τῷ
1358 885 1402 911 ὅτε
1415 884 1464 920 τὴν
1477 885 1566 920 σάρκα
1579 882 1635 919 εἷχε
1657 885 1707 919 σχή
1713 892 1789 921 ματι.

1053 928 1126 956 Εἶτα
1136 939 1142 944 ·
1167 929 1246 956 Ἀλλὰ
1263 930 1310 957 καὶ
1324 932 1338 957 ὁ
1352 930 1478 966 Σαμουὴλ
1493 930 1664 966 φαινόμενος,
1677 930 1715 962 ὡς
1727 930 1807 966 δῆλόν

1014 977 1098 1009 ἐστιν,
1117 976 1213 1012 ὁρατὸς
1226 975 1274 1008 ὢν,
1289 977 1454 1012 παρίστησιν
1469 977 1510 1003 ὅτι
1530 977 1610 1012 σῶμα
1629 976 1785 1012 περιέκειτο
1798 985 1804 991 ·

1016 1022 1132 1057 μάλιστα
1146 1022 1193 1049 ἐὰν
1206 1022 1422 1058 ἀναγκασθῶμεν
1439 1023 1492 1049 ὑπὸ
1505 1022 1559 1049 τῶν
1572 1022 1745 1054 ἀποδείξεων
1757 1022 1804 1058 τὴν

1012 1068 1106 1094 οὐσίαν
1118 1068 1167 1103 τῆς
1178 1068 1266 1103 ψυχῆς
1280 1068 1423 1104 ἀσώματον
1440 1067 1509 1096 εἶναι
1522 1069 1568 1095 καὶ
1581 1069 1683 1105 ταύτην
1701 1070 1807 1105 ἀποφή-

1012 1114 1118 1141 νασθαι,
1141 1115 1220 1141 Ἀλλὰ
1236 1116 1283 1142 καὶ
1306 1116 1320 1141 ὁ
1341 1115 1521 1151 κολαζόμενος
1536 1116 1673 1148 πλούσιος,
1690 1117 1738 1142 καὶ
1751 1117 1765 1142 ὁ
1777 1117 1806 1142 ὲν

1017 1159 1126 1191 κόλποις
1144 1160 1267 1196 Ἀϐραὰμ
1283 1161 1366 1196 πένης
1375 1161 1588 1197 ἀναπαυόμενος,
1604 1162 1657 1196 πρὸ
1671 1162 1721 1197 τῆς
1737 1171 1807 1197 παρ-

1017 1205 1110 1236 ουσίας
1133 1204 1181 1231 τοῦ
1201 1206 1326 1241 Σωτῆρος
1348 1206 1395 1233 καὶ
1418 1206 1472 1242 πρὸ
1495 1207 1549 1242 τῆς
1577 1206 1732 1238 συντελείας
1757 1206 1804 1233 τοῦ

1017 1249 1124 1281 αἰῶνος,
1137 1250 1184 1276 καὶ
1195 1249 1238 1276 διὰ
1248 1250 1327 1277 τοῦτο
1345 1251 1398 1286 πρὸ
1414 1252 1463 1287 τῆς
1472 1251 1527 1287 (24)
1543 1252 1718 1283 ἀναστάσεως
1728 1251 1805 1286 λεγό-

1017 1303 1091 1329 μενοι
1115 1296 1129 1322 ὁ
1154 1295 1203 1330 μὲν
1232 1297 1260 1321 ὲν
1283 1295 1346 1331 ᾅδου
1364 1296 1535 1329 κολάζεσθαι,
1552 1298 1566 1323 ὁ
1589 1297 1617 1323 δὲ
1637 1297 1665 1323 ἐν
1695 1296 1805 1328 κόλποις

1022 1340 1147 1376 Ἀϐραὰμ
1167 1341 1367 1373 ἀναπαύεσθαι,
1392 1341 1562 1369 διδάσκουσιν
1586 1343 1627 1369 ὅτι
1647 1343 1696 1369 καὶ
1709 1341 1757 1369 νῦν
1771 1343 1804 1377 τῇ

1014 1386 1157 1422 ἀπαλλαγῇ
1171 1386 1275 1427 σώματι
1289 1387 1388 1423 χρῆται
1402 1389 1418 1422 ἡ
1429 1387 1512 1423 ψυχή.

1139 1505 1141 1507 ,
1264 1481 1309 1506 Ἐκ
1326 1479 1384 1506 τῶν
1400 1481 1557 1508 Μεθοὸίουι

1049 1527 1158 1563 Φράσας
1174 1525 1341 1562 (Ὠριγένης)
1357 1526 1550 1562 ἀποφήνασθαι
1571 1526 1616 1553 τὸν
1640 1526 1753 1562 Κύριον,
1767 1525 1804 1558 ὡς

1017 1582 1027 1598 (
1038 1573 1061 1599 οἱ
1077 1573 1126 1607 τῆς
1147 1572 1321 1604 ἀναστάσεως
1334 1571 1489 1608 τευξόμενοι
1507 1573 1614 1599 ἔσονται
1629 1572 1688 1598 τότε
1705 1571 1742 1604 ὡς
1759 1572 1805 1606 ἄγ-

1013 1617 1097 1652 γελοι,
1111 1628 1120 1644 ι
1137 1617 1201 1644 ἔνθα
1217 1618 1394 1654 πειράζουσιν
1407 1618 1488 1644 αὑτὸν
1503 1618 1527 1644 οἱ
1543 1617 1726 1650 Σαδδουκαῖοι,
1741 1618 1804 1644 ὲπέ-

1014 1672 1096 1699 φέρεν
1107 1654 1144 1689 ’.11
1159 1665 1189 1690 Οἱ
1205 1664 1233 1690 δὲ
1247 1664 1358 1699 ἄγγελοι
1377 1664 1455 1696 ἐκτὸς
1468 1664 1544 1696 ὄντες
1559 1664 1658 1700 σαρκὸς
1675 1665 1703 1690 ὲν
1720 1673 1804 1699 μακα-

1015 1710 1138 1746 ριότητος
1159 1711 1299 1746 ἀκρότητι,
1329 1710 1373 1738 διὰ
1396 1710 1475 1737 τοῦτο
1505 1711 1552 1737 καὶ
1575 1710 1654 1745 δόξης
1667 1710 1737 1737 εισι·
1757 1711 1804 1737 καὶ

1014 1756 1088 1791 ἡμᾶς
1102 1756 1130 1782 δὲ
1141 1756 1194 1792 ἄρα
1209 1756 1381 1789 ὲξισάζεσθαι
1396 1756 1540 1792 μέλλοντας
1556 1756 1682 1790 ἀγγέλοις
1696 1756 1802 1790 ἀνάγκη

1012 1799 1044 1835 δὴ
1058 1800 1167 1836 σαρκῶν
1194 1801 1324 1833 ὡσαύτως
1350 1801 1406 1838 (25)
1430 1801 1543 1833 ἐκείνοις
1555 1802 1676 1837 γυμνοὺς
1691 1800 1802 1827 ἔσεσθαι

1013 1845 1076 1872 δεῖν.
1095 1856 1104 1872 ι

561 1948 748 1979 ORIGENIS
763 1948 987 1979 SENTENTIA
1009 1949 1058 1979 DE
1073 1949 1420 1980 RESURRECTIONE.

467 2000 518 2030 Ex
545 2000 732 2040 Hieronymi
764 2000 897 2039 epistola
925 2001 975 2037 38,
1000 2000 1080 2030 alias
1103 2002 1163 2038 61,
1190 2001 1231 2030 ad
1257 2000 1500 2031 Pummachium.

205 2105 261 2140 36
275 2105 344 2131 Dicit
360 2104 491 2140 Origenes
508 2105 535 2132 in
551 2105 674 2140 pluribus
693 2105 772 2138 locis,
791 2109 818 2133 et
840 2106 959 2134 maxime
976 2110 998 2137 Ι)
1013 2107 1075 2134 die:
1090 2107 1196 2134 scilicet
1212 2111 1241 2134 ut
1257 2106 1372 2140 pedibus
1387 2105 1569 2139 ambulemus,
1582 2113 1729 2141 operemur
1742 2116 1802 2136 ma-

171 2151 198 2177 in
213 2151 281 2177 libro
296 2150 334 2176 De
352 2151 544 2177 resurrectione
564 2155 673 2184 quarto,
688 2155 715 2177 et
740 2152 766 2178 in
788 2152 959 2186 expositione

170 2196 250 2230 primi
265 2195 373 2230 psalmi,
391 2199 418 2222 et
434 2195 460 2222 in
479 2194 667 2227 Stromatibus,
687 2196 820 2230 duplicent
838 2204 959 2225 errorem

170 2242 274 2269 versari
296 2241 324 2268 in
346 2241 489 2269 Ecclesia:
511 2246 668 2269 nostrorum
692 2247 719 2270 et
743 2243 957 2278 lueretieorum;

170 2294 220 2314 nos
246 2287 383 2322 simplices
405 2292 432 2314 et
456 2287 624 2321 pltilosarcas
652 2288 756 2320 dicere.
774 2289 846 2324 quod
863 2290 957 2317 eadem

171 2340 234 2360 ossa
249 2336 279 2361 'et
294 2334 406 2368 sanguis
426 2339 454 2362 et
468 2341 543 2367 caro,
560 2335 585 2361 id
601 2339 654 2368 est,
674 2335 766 2362 vultus
780 2341 807 2362 et
823 2337 956 2369 membra,

172 2379 310 2414 totiusque
324 2387 457 2415 compago
471 2381 595 2415 corporis
613 2386 739 2416 resurgat
758 2382 785 2408 in
808 2382 957 2410 novissima

221 2437 245 2453 "’
259 2437 325 2465 Luc.
344 2444 400 2469 XVI,
418 2436 463 2469 27,
479 2436 523 2463 28.
563 2436 585 2452 ⁸⁸
603 2436 685 2464 Marc.
702 2445 750 2469 xtt,
770 2437 815 2464 95.

205 2494 261 2529 (l9)
275 2494 296 2521 E
322 2494 393 2521 libro
408 2493 436 2521 S.
457 2494 585 2521 Methodii
604 2494 643 2522 De
665 2495 859 2522 resurrectione
875 2495 955 2522 παρη

170 2531 224 2558 hoc
249 2529 374 2562 Origcnis
412 2529 593 2563 fragmentum
624 2530 738 2556 )‘holius
767 2530 792 2556 in
822 2529 952 2557 Bibliotlt.

169 2565 231 2593 cod.
244 2565 307 2592 9.24.
326 2565 377 2591 Sed
391 2571 532 2598 cquonam
546 2564 671 2599 Origenis
687 2565 830 2591 liltroillud
849 2573 953 2592 necnon

168 2600 284 2628 alterum
301 2607 418 2633 sequens
431 2600 628 2634 deprompserit
642 2599 803 2630 Metltodius.
818 2600 953 2627 incertum

168 2640 221 2662 est.
236 2635 271 2663 Ut
286 2640 378 2661 atttetn
393 2635 456 2669 quid
470 2635 495 2660 in
509 2642 541 2661 co
555 2635 607 2661 sibi
622 2635 686 2661 velit
699 2635 876 2662 Adamantius
893 2643 955 2670 pos-

168 2671 207 2697 sis
219 2670 340 2704 assequi.
356 2669 416 2696 vide
430 2677 490 2702 qua:
501 2669 534 2696 de
553 2670 705 2696 animarum
721 2674 791 2697 statu
806 2675 866 2703 post
881 2669 954 2697 mor-

169 2710 222 2731 tem
236 2703 315 2731 docet
330 2703 377 2731 lib.
399 2713 418 2731 Il
442 2709 534 2731 contra
550 2704 665 2738 Celsum,
684 2714 757 2731 num.
778 2705 822 2736 60,
842 2710 868 2732 et.
885 2705 955 2732 libro

168 2747 217 2766 vn.
238 2747 312 2766 num.
339 2740 373 2771 5;
392 2739 456 2766 item
474 2739 666 2768 adnotationes
680 2741 712 2767 ad
728 2740 775 2768 lib.
793 2748 800 2766 t
819 2740 857 2766 De
879 2741 952 2774 prin-

169 2773 255 2807 cipiis.
272 2781 333 2806 cap.
346 2775 370 2803 ί,
385 2782 459 2800 num.
476 2774 502 2800 7.

204 2808 259 2843 (‘20)
285 2808 496 2844 'Arrlouszépmv.
515 2810 599 2844 Alias,
616 2810 809 2842 ἁπλούστερον.

1016 2154 1109 2188 nibus,
1127 2154 1269 2181 videamus
1281 2152 1378 2186 oculis,
1392 2151 1503 2179 auribus
1513 2152 1667 2185 audiamus,
1681 2153 1802 2182 cireum-
1822 2150 1829 2154 ’

1014 2200 1192 2234 feramusque
1214 2202 1339 2226 ventrem
1363 2197 1555 2231 insatiabilem,
1578 2203 1605 2225 et
1626 2199 1800 2227 stomachum

1014 2245 1091 2272 cibos
1109 2248 1339 2279 concoquentem:
1360 2250 1532 2277 c0nsequens
1551 2247 1643 2271 autem
1663 2251 1740 2276 esse,
1753 2245 1800 2279 qui

1013 2291 1064 2318 ista
1082 2291 1228 2318 credamus
1251 2290 1343 2317 dicere
1370 2297 1420 2316 nos
1444 2289 1517 2323 quod
1545 2294 1573 2317 et
1602 2289 1800 2317 comedendum

1012 2337 1091 2364 nobis
1107 2337 1152 2367 sit.
1164 2341 1192 2364 et
1209 2336 1368 2369 bibendum,
1390 2336 1537 2372 digerenda
1560 2339 1693 2369 stercora,
1712 2335 1800 2363 eﬁun-

1013 2383 1115 2410 dendus
1133 2383 1243 2417 humor,
1259 2383 1388 2410 ducenda:
1403 2390 1513 2415 uxores,
1529 2382 1606 2410 liberi
1620 2382 1795 2417 procreandi.

1040 2496 1094 2560 ἔτι)
1122 2495 1347 2539 Ἀκριϐεστέρων.
1365 2496 1450 2528 Alias,
1464 2495 1669 2532 ἀκριϐέστερον.

1052 2531 1096 2560 2‘2)
1119 2531 1272 2558 Ἀνακλισιν
1300 2531 1385 2560 Alias.
1403 2532 1561 2560 ἀνάκλησιν.

1052 2531 1096 2600 22)
1119 2531 1272 2558 Ἀνάκλισιν
1300 2531 1385 2561 Alias.
1403 2532 1561 2566 ἀνάκλησιν.

1052 2567 1086 2593 23
1119 2567 1241 2600 Ὅμοιος.
1261 2567 1345 2597 Alias.
1361 2566 1472 2600 ὁμοίως.

1051 2566 1096 2600 23)
1119 2567 1241 2601 Ὅμοιος.
1261 2567 1345 2597 Alias.
1361 2566 1472 2600 ὁμοίως.

1051 2601 1095 2641 ει)
1111 2602 1167 2641 ne
1183 2602 1240 2641 τῇς-
1259 2601 1346 2641 {Ws
1361 2601 1498 2641 περὶτῆςς

1051 2635 1096 2672 25)
1114 2635 1238 2670 Σαρκῶν
1251 2635 1402 2669 (suavem;
1419 2636 1493 2669 Quod
1513 2635 1748 2672 aitrneeesseresse
1763 2641 1792 2672 ut

1005 2673 1031 2699 in
1045 2670 1252 2699 resurrectione
1278 2679 1362 2698 carne
1384 2674 1528 2703 nudentur,
1553 2671 1578 2697 id
1610 2670 1734 2705 intelligit
1760 2671 1793 2698 de

1005 2714 1087 2734 carne
1102 2706 1274 2740 corruptibili
1291 2711 1318 2732 et
1331 2706 1536 2733 inﬁrmitatibus
1550 2705 1639 2733 adhuc
1662 2706 1794 2738 obnoxia;

1010 2749 1097 2776 neque
1109 2742 1182 2769 enim
1198 2741 1280 2768 futuri
1299 2741 1438 2768 hominum
1451 2742 1480 2767 in
1498 2741 1697 2768 resurrectione
1710 2745 1796 2768 status

1009 2785 1070 2803 cum
1086 2777 1210 2807 angelico
1225 2776 1456 2809 comparationem
1484 2777 1597 2803 omnino
1624 2776 1795 2811 adacquatam

1009 2820 1069 2838 esse
1084 2811 1178 2838 voluit.
1198 2811 1265 2838 Vide
1281 2810 1423 2836 Monitutn.

1040 2570 1049 2672 ἓ
