1883 3072
103 117 136 145 9Ἰ
553 118 598 146 EX
619 117 731 145 LIBRIS
750 115 911 145 ORlGENlS
928 116 970 143 DE
985 116 1288 146 RESURRECTIONE.
1705 121 1740 148 98

106 175 163 210 Quo
174 174 250 202 enim
275 176 406 203 membra
425 175 564 210 genitalia,
579 176 601 202 si
617 176 719 210 nuptize
735 183 787 202 non
802 175 898 202 erunt?
914 176 939 205 Δ
953 174 1025 200 enitn
1047 174 1072 201 in
1096 182 1182 210 grano
1203 174 1297 208 tritici,
1317 175 1433 208 radices,
1451 175 1569 209 culmus,
1588 176 1664 209 l‘olla,
1682 178 1738 204 ari-

108 223 165 255 Quo
176 222 287 255 dentes,
305 222 328 248 si
345 221 404 248 cibi
430 229 482 248 non
499 221 616 248 molendi
633 221 716 248 sunt?
732 221 790 254 Quo
807 226 901 247 vcntrr

109 273 136 296 et
148 267 211 300 cibi,
227 269 251 295 si
267 266 351 301 juxta
374 266 532 301 Apostolum
549 271 577 294 et
598 267 642 294 hic
656 272 683 294 et
707 265 743 293 illi
757 267 901 294 destruen-

112 314 173 342 tur!
189 314 248 349 ipso
263 314 365 341 iterum
383 315 518 341 clamante
534 321 540 339 :
559 322 568 338 t
580 313 651 340 Caro
667 317 694 340 et
713 313 825 348 sanguis
852 320 900 340 re-

110 369 189 397 gnum
205 360 254 388 Dei
276 368 330 387 non
357 360 547 395 possidebunt,
574 366 663 394 neque
689 359 830 393 corruptio
859 359 901 385 in-

110 407 360 441 corruptionem".
374 415 385 432 ι
404 406 469 433 Ηίἓο
486 414 535 433 nos
550 406 709 433 innocentes
732 410 760 432 et
783 406 901 432 rusticos

111 453 211 480 asserit
237 454 340 480 dicere.
359 452 510 480 Haereticos
536 452 652 484 vero,in
679 459 796 486 quormn
822 458 900 486 parte

111 504 174 526 sunt
190 499 323 529 Marcion.
339 499 459 533 Apelles,
482 498 653 531 Valentinus,
677 498 783 529 Manes,
803 506 898 525 nomen

112 545 241 576 insanize,
263 545 375 578 penitus
388 549 415 570 et
431 544 520 570 carnis
536 548 563 570 et
579 544 703 578 corporis
722 545 900 571 resurrectio—

112 598 173 618 nent
195 597 313 624 negare;
338 594 366 616 et
385 590 500 616 salutem
519 595 621 615 tantum
643 590 764 616 tribuere
789 589 897 622 animm,

111 637 272 670 frustraque
286 643 335 663 nos
350 636 440 662 dicere
455 635 488 661 ad
505 635 658 669 exetuplutu
677 635 783 661 Domini
804 643 897 662 resur-

111 688 248 713 recturos,
271 689 332 708 cum
359 681 417 716 ipse
435 688 543 715 quoque
571 681 701 708 Dominus
727 681 753 708 in
780 682 899 715 phanta-

110 735 200 756 smate
218 726 456 759 resurrexerit;et
474 734 526 752 non
541 727 629 753 solutn
647 726 812 753 resurrectio
828 726 896 759 ejus,

110 775 204 802 sedet
223 774 281 808 ipsa
297 773 428 800 nativitas
454 771 493 807 τῷ
519 772 619 804 δοκεῖν,
647 772 673 798 id
697 776 739 800 est
764 774 895 806 putativc,

110 821 169 847 visa
191 819 279 853 magis
297 819 429 852 sitquam
455 817 549 844 fuerit.
570 817 628 844 Sibi
643 821 733 844 autem
753 821 898 851 utramque

110 865 258 900 displicere
275 867 452 900 sententiam,
469 866 560 902 lugere
576 875 605 895 se
619 874 646 895 et
661 871 815 895 nostrorum
836 875 897 895 car-

110 920 171 945 nes,
187 917 213 939 et
234 912 424 940 hmreticorum
448 914 637 949 phantasmata
661 923 666 940 :
692 914 755 948 quia
783 918 898 949 utraque

110 965 175 992 pars
190 958 217 985 in
236 959 406 985 contrarium
424 959 506 986 nimia
532 959 588 992 sit;
614 959 675 986 aliis
698 960 768 987 idem
786 960 898 987 volenti-

111 1005 161 1032 lms
187 1012 217 1032 se
243 1012 305 1032 esse
330 1005 403 1039 quod
430 1005 556 1039 l'uerttnt;
583 1006 643 1034 aliis
669 998 897 1034 resurrectionem

110 1058 255 1084 corporum
272 1051 385 1078 omnino
401 1052 609 1086 denegantibus.
630 1062 639 1078 ε
653 1052 786 1086 Quatuor,
801 1053 896 1088 inquit,

109 1097 246 1124 elementa
260 1101 334 1130 sunt,
351 1097 522 1133 philosophis
534 1107 643 1134 quoque
659 1103 721 1126 nota
736 1103 762 1126 et
773 1099 896 1132 medicis,

110 1143 143 1170 de
160 1143 261 1177 quibus
275 1150 372 1171 omnes
389 1151 432 1171 res
449 1148 475 1171 et
487 1151 603 1178 corpora
621 1144 740 1171 humana
755 1149 897 1178 compacta

108 1194 184 1222 sunt,
206 1194 290 1219 terra.
306 1197 388 1224 aqua,
404 1197 452 1217 aer
462 1195 489 1217 ct
501 1190 580 1224 ignis.
595 1189 706 1217 Terram
721 1190 746 1217 in
758 1189 896 1223 carnibus,

110 1243 201 1262 aerem
227 1236 254 1261 in
274 1236 370 1268 halitu,
388 1243 486 1270 aquam
504 1237 531 1262 in
550 1236 675 1267 humore,
693 1237 782 1271 ignem
805 1236 832 1262 iu
850 1243 897 1262 ca-

109 1280 165 1307 lore
186 1280 317 1315 intelligi.
335 1281 403 1308 Cum
423 1287 487 1314 ergo
504 1280 595 1307 anima
612 1280 743 1308 caducum
771 1280 823 1307 huc
846 1279 896 1306 fri-

108 1326 259 1361 gidutnque
291 1326 485 1360 corpusculum
518 1325 566 1353 Dei
589 1325 713 1360 jussionc
752 1325 897 1358 dimiserit,

109 1371 242 1406 paulatim
260 1371 354 1398 omnia
380 1372 468 1398 rcdire
493 1372 526 1398 ad
550 1372 679 1397 matrices
694 1377 758 1398 suas
777 1371 899 1398 Sllbslult-

109 1417 162 1443 tias
179 1425 301 1444 :carues
320 1418 346 1444 in
375 1423 478 1444 terram
507 1416 604 1450 relabi,
633 1416 749 1443 halitum
781 1417 807 1443 in
834 1424 896 1444 aera

109 1464 231 1496 misceri,
252 1464 395 1491 humorem
412 1464 508 1491 reverti
532 1464 566 1491 ad
581 1452 707 1500 ab‘yssos,
726 1463 846 1491 caloretn
864 1464 897 1490 ad

951 224 1008 252 stm,
1022 220 1107 253 paleae
1119 225 1179 247 sunt
1194 220 1332 247 dissoluta:
1345 228 1350 247 :
1365 221 1406 250 sic
1418 227 1445 250 et
1461 222 1487 250 in
1505 223 1612 250 ratione
1639 223 1739 250 huma-

952 274 1047 293 norum
1065 274 1209 302 corporum
1235 273 1349 296 manent
1373 268 1496 302 qumdant
1524 269 1652 304 surgendi
1667 269 1739 296 anti-

950 321 1003 348 qua
1020 313 1165 348 principia,
1182 315 1301 350 etquasi
1325 314 1481 350 ἐντεριώνη,
1504 314 1531 342 id
1555 319 1596 342 est
1620 315 1737 342 semina-

951 361 1021 387 riuut
1046 365 1225 393 mortuorum,
1245 361 1305 387 sinu
1328 366 1408 388 terrte
1422 361 1591 388 confovetur.
1607 360 1673 388 Curti
1690 368 1737 387 an-

951 410 1004 433 tem
1016 405 1112 440 jmlicli
1132 406 1190 434 dies
1205 407 1358 439 advenerit,
1371 411 1397 434 et
1416 407 1441 434 in
1459 415 1525 434 voce
1540 407 1696 441 archangeli
1711 411 1739 434 et

951 453 976 479 in
1003 452 1152 480 novissima
1174 453 1238 480 tuba
1275 454 1416 480 tremuerit
1442 459 1526 486 terra,
1553 454 1738 481 movebuntur

949 499 1042 525 statim
1058 499 1173 531 sentina,
1189 503 1216 525 et
1231 499 1256 526 in
1273 504 1373 534 puncto
1395 500 1468 526 bone
1494 505 1615 526 mortuos
1635 500 1738 534 germi-

951 545 1070 576 nabunt;
1092 553 1145 571 non
1163 550 1254 572 tamen
1269 545 1377 572 easdem
1391 552 1497 577 carnes,
1515 552 1564 572 nec
1583 544 1610 571 iu
1628 545 1669 571 his
1682 545 1738 571 for-

951 591 1002 617 mis
1021 591 1167 617 restituent
1182 598 1243 624 qua:
1260 590 1380 617 fuerunt.
1399 589 1444 617 Vis
1471 590 1542 617 scire
1566 597 1660 616 verum
1677 597 1737 616 esse

949 637 1021 670 quod
1035 637 1160 668 dicimus,
1174 637 1236 663 audi
1257 636 1416 670 Apostolunt
1432 643 1461 661 ε(
1474 635 1526 662 Sed
1544 636 1611 662 dicit
1626 635 1737 669 aliquis,

953 691 962 707 ο
979 682 1118 715 Quomodo
1135 688 1279 717 resurgeut
1295 683 1413 709 mortui?
1429 689 1483 716 quo
1510 686 1600 708 autem
1623 688 1737 715 corpore

952 737 960 753 t
971 729 1233 763 venient?|nsipiens
1249 749 1256 761 ,
1280 728 1352 763 qunti
1370 733 1397 755 tu
1414 728 1543 760 seminas,
1568 734 1621 753 non
1637 734 1738 761 corpus

951 774 1172 809 tquodl‘uturum
1201 780 1242 802 est
1265 775 1396 807 seminus,
1414 774 1460 800 sed
1484 774 1586 800 nudum
1607 781 1737 808 granum.

952 829 959 843 ι
970 822 1161 855 utputatricici
1171 821 1204 853 °°,
1223 831 1232 847 ι
1255 821 1318 847 vitis
1332 825 1360 848 et
1375 820 1494 847 arboris.
1510 819 1545 847 Et
1556 820 1618 854 quia
1632 820 1665 846 de
1675 827 1738 853 gra-

951 877 985 896 no
1012 868 1094 895 tritici
1108 876 1140 895 ac
1158 873 1281 895 semente
1298 867 1427 894 arborum
1443 874 1476 893 ex
1494 871 1572 901 parte
1592 866 1649 900 jam
1666 866 1738 893 dixi-

951 922 1020 947 mus,
1039 922 1110 941 nunc
1137 914 1170 940 de
1193 914 1272 940 acino
1303 912 1402 939 viuacii
1418 912 1596 940 disseramus.
1615 911 1736 939 Granum

951 968 1062 995 parvum
1080 964 1131 992 est,
1146 960 1180 986 ita
1199 964 1229 985 ut
1246 959 1289 985 vix
1306 959 1411 985 duobus
1427 958 1550 992 digitulis
1569 959 1656 984 teneri
1673 965 1736 991 pos-

950 1007 995 1034 sit.
1023 1005 1072 1033 Ubi
1098 1010 1162 1031 Sutll
1181 1004 1369 1031 radiceshtbi
1393 1003 1516 1030 radicum
1540 1008 1568 1030 et
1599 1004 1687 1030 trunci
1708 1009 1738 1030 et

950 1052 1128 1088 propaginum
1146 1056 1266 1078 tortuosa
1288 1050 1449 1084 perplexio?
1471 1050 1517 1076 ubi
1539 1051 1731 1084 pampinorunt

950 1099 1119 1131 umbracula,
1139 1102 1166 1123 et
1188 1104 1302 1123 uvarum
1333 1096 1520 1130 pulchritudo,
1549 1095 1640 1122 futura
1672 1096 1735 1122 vina

950 1141 1120 1176 parturiens?
1139 1141 1252 1167 Aridum
1277 1144 1318 1167 est
1356 1141 1428 1173 quod
1467 1144 1589 1173 tenetur,
1613 1145 1640 1168 et
1666 1148 1738 1175 pene

950 1187 994 1213 vix
1022 1187 1143 1219 cernitur
1166 1185 1238 1212 :sed
1270 1185 1297 1212 in
1326 1185 1399 1212 sicco
1430 1185 1476 1212 illo
1503 1192 1589 1220 grano
1618 1185 1736 1220 potentia

950 1223 1041 1258 Dei'et
1057 1231 1163 1258 occulta
1193 1231 1299 1258 ratione
1329 1233 1476 1264 sententis,
1502 1231 1660 1266 spumantia
1678 1239 1738 1258 tnu-

950 1284 992 1305 sta
1030 1277 1187 1304 fundentur.
1223 1277 1286 1305 Hmc
1318 1277 1391 1312 ligno
1422 1278 1532 1310 trituris,
1563 1279 1637 1313 quod
1664 1279 1736 1313 peri-

951 1328 1039 1350 turutu
1058 1328 1120 1355 est;
1139 1323 1180 1350 sic
1198 1328 1321 1355 ornatur,
1339 1323 1411 1358 quod
1436 1331 1594 1351 mansurum
1614 1331 1666 1351 non
1682 1328 1735 1358 est,

950 1377 999 1396 nec
1022 1369 1166 1404 pristinam
1199 1370 1313 1405 recipiet
1337 1368 1487 1404 vilitatem;
1516 1375 1543 1397 et.
1571 1371 1614 1397 vis
1642 1377 1736 1397 rursus

949 1416 1078 1451 37ossa,
1091 1417 1263 1451 sanguinem,
1279 1418 1410 1450 membra;
1421 1423 1451 1444 ut
1461 1417 1738 1452 crescentibuscapil—

951 1463 983 1490 lis
1005 1468 1116 1491 tonsore
1141 1471 1230 1498 egeas,
1259 1471 1343 1491 nasus
1367 1465 1479 1499 pituitas
1508 1464 1622 1499 digerat,
1647 1464 1738 1491 incre«

109 1511 211 1537 :ethera
234 1511 392 1538 subvolare.
409 1511 439 1537 Et
453 1510 589 1544 quomodo
610 1511 632 1538 si
653 1511 802 1538 sextarium
819 1511 898 1538 lactis
912 1513 933 1541 (Ξ
952 1512 1041 1534 menta
1066 1508 1195 1543 unguium
1213 1510 1360 1535 resecanda
1382 1509 1452 1541 sint;
1481 1513 1510 1535 ut
1529 1516 1578 1544 per
1593 1507 1738 1536 inferiores

107 1563 134 1584 et
145 1559 202 1584 vini
219 1558 313 1585 mittas
330 1558 355 1584 in
371 1557 494 1592 pelagus,
510 1558 630 1592 velisque
647 1565 755 1585 rursum
770 1564 898 1591 separare

107 1604 179 1637 quod
207 1604 318 1630 miSllltll
347 1609 390 1631 est
405 1612 410 1630 :
423 1604 515 1630 viuum
530 1604 640 1638 quidem
654 1608 681 1631 et
696 1603 739 1630 lac
762 1603 833 1637 quod
846 1602 899 1628 mi-

109 1657 197 1683 seras,
214 1654 270 1676 non
297 1650 418 1684 periere,
434 1657 485 1676 non
507 1655 597 1676 tamen
614 1656 697 1683 posse
713 1648 784 1683 quod
808 1647 896 1674 fusum

109 1700 150 1722 est
167 1695 309 1730 separari;
331 1696 372 1722 sic
396 1694 574 1722 substantiam
591 1695 683 1722 carnis
703 1699 731 1721 et
755 1693 896 1727 sanguinis

109 1750 160 1769 non
180 1741 272 1776 perire
298 1741 407 1774 quidem
436 1740 462 1767 iu
486 1740 668 1775 originalibus
689 1740 823 1772 materiis,
843 1747 896 1766 non

107 1794 197 1816 tamen
221 1789 250 1816 in
264 1789 405 1823 antiquam
424 1788 515 1815 redire
531 1788 734 1823 compagine"),
751 1794 801 1814 nec
817 1794 897 1821 posse

108 1843 140 1861 ex
161 1839 220 1861 toto
237 1835 332 1861 eadem
350 1842 412 1862 esse
434 1842 495 1870 qua:
513 1834 627 1861 fuerint.
650 1834 717 1861 Cum
737 1837 828 1859 autem
846 1833 896 1859 ista

108 1881 248 1913 dicantur,
260 1881 384 1908 soliditas
401 1881 537 1913 carnium,
556 1881 694 1916 sanguinis
709 1880 808 1915 liquor,
819 1887 896 1907 cras-

108 1929 200 1956 situdo
214 1935 373 1960 nervorum,
384 1934 571 1962 venarumque
584 1926 724 1962 perplexio
743 1931 771 1953 et
793 1925 896 1953 ossium

109 1974 224 2001 durities
246 1974 409 2008 denegatur.
437 1972 497 1999 Alia
531 1973 638 1999 mtione
666 1972 896 1998 resurrectionem

109 2027 256 2055 corporum
269 2019 433 2046 coutitemur
450 2025 542 2045 eorum
560 2025 619 2052 qua:
633 2018 659 2044 in
674 2017 806 2052 sepulcris
820 2017 895 2052 pos‘i-

110 2073 135 2094 ta
151 2072 226 2096 sunt.
239 2066 401 2100 dilapsaque
416 2066 442 2092 in
457 2066 566 2093 cineres
579 2072 585 2090 :
600 2063 678 2091 Pauli
694 2064 782 2097 Pauli,
801 2069 830 2091 et
846 2064 897 2091 Pe-

110 2113 142 2140 tri
159 2111 244 2144 Petri,
264 2116 293 2138 et
314 2111 421 2146 singula
437 2111 629 2146 singulorum;
646 2111 835 2145 nequeenim
854 2110 896 2137 fas

109 2165 151 2187 est
166 2164 197 2186 ut
222 2159 249 2185 in
273 2158 337 2185 aliis
365 2158 531 2192 corporibus
559 2157 655 2184 animae
669 2157 855 2191 peccaverint,
869 2158 895 2184 in

110 2204 171 2232 aliis
197 2208 396 2239 torqueantur;
421 2211 471 2231 nec
487 2203 551 2237 justi
576 2203 678 2238 judicis
706 2203 758 2230 alia
779 2211 895 2238 corpora

110 2260 158 2286 pro
177 2251 290 2280 Christo
307 2251 472 2286 sanguinem
487 2250 610 2284 fundere,
624 2256 651 2277 et
665 2250 716 2277 alia
732 2251 869 2278 coronari.
884 2260 893 2276 ι

111 2297 176 2332 Quis
191 2299 251 2326 lucc
277 2297 391 2324 audiens
412 2297 642 2324 resurrectionem
666 2297 757 2324 carnis
770 2304 831 2324 eum
848 2306 896 2324 ne-

110 2353 174 2380 gare
188 2345 283 2379 putet?
297 2352 306 2368 (
321 2344 377 2374 Est,
396 2343 496 2377 inquit,
510 2342 623 2377 singulis
648 2343 799 2370 seminibus
825 2344 897 2371 ratio

111 2391 231 2424 qumtlam
252 2397 266 2416 θ
290 2389 345 2416 Deo
369 2387 476 2416 artiﬁce
495 2388 586 2420 insita,
612 2396 672 2422 qua:
687 2389 794 2416 futuras
815 2395 898 2417 mate-

112 2438 162 2463 rias
177 2438 202 2463 in
220 2435 345 2463 medulla:
362 2433 504 2469 principiis
518 2438 601 2461 tenet.
620 2434 653 2461 Et
670 2436 807 2469 quomodo
823 2440 896 2462 lauta

111 2483 217 2510 arboris
240 2482 414 2517 magnitudo,
436 2486 556 2513 truncus,
571 2481 650 2512 rami,
664 2489 753 2515 poma,
767 2480 831 2508 folia
844 2489 896 2508 non

113 2530 237 2556 videntur
253 2529 280 2555 'm
293 2528 410 2559 semine,
421 2532 487 2554 sunt
501 2531 590 2554 tamen
601 2527 629 2553 in
650 2528 756 2553 ratione
773 2528 898 2559 seminis,

112 2582 190 2611 quam
204 2575 289 2603 Graeci
301 2573 512 2609 σπερματισμόν
531 2578 645 2606 vocant;
659 2578 686 2601 et
699 2574 724 2600 in
741 2581 826 2607 grano
838 2573 897 2600 fru-

113 2622 192 2649 menti
220 2627 262 2650 est
284 2621 465 2652 intrinsecus,
493 2619 534 2646 vel
554 2619 682 2650 medulla,
709 2619 752 2646 vel
778 2619 895 2650 venula,

113 2676 169 2703 qua:
186 2676 247 2696 cum
265 2668 291 2695 in
306 2672 379 2694 terra
394 2666 477 2693 (uenit
493 2665 637 2697 dissoluta,
649 2665 734 2692 trahit
746 2665 779 2692 ad
791 2673 820 2692 se
833 2665 899 2692 vici-

114 2724 159 2742 nas
174 2714 317 2745 materias,
328 2718 357 2740 et
375 2713 401 2739 in
424 2712 563 2746 stipulam,
581 2711 656 2744 folia,
669 2713 823 2745 aristasquc
835 2719 900 2738 con-

114 2762 209 2797 surgit;
237 2761 369 2795 aliudque
398 2759 525 2792 moritur,
556 2757 626 2784 aliud
655 2757 769 2791 resurgit
787 2765 794 2788 ;
812 2764 898 2791 neque

142 2830 163 2845 ⁵⁹
181 2830 188 2857 Ι
209 2828 275 2857 Cor.
290 2835 336 2859 xv,
359 2825 405 2854 50.
443 2825 464 2840 ⁶⁰
480 2823 489 2850 Ι
507 2824 570 2852 Cor.
589 2830 632 2855 xv,
645 2822 689 2848 51.

729 2822 747 2837 ⁶¹
766 2822 774 2848 l
793 2821 856 2849 Cur.
871 2829 914 2854 xv,
931 2821 972 2856 l2,
989 2822 1033 2854 -15,
1047 2821 1090 2849 Η.

950 1559 1040 1588 partes
1059 1554 1099 1581 vel
1118 1559 1240 1582 stercora
1263 1555 1306 1582 vel
1326 1555 1453 1582 libidines
1476 1554 1605 1582 efﬂuant?
1617 1555 1639 1583 si
1657 1555 1740 1582 all‘crs

952 1601 1017 1628 istas
1037 1601 1154 1636 ineptias
1170 1601 1350 1635 rusticorum,
1369 1607 1397 1630 et
1420 1603 1522 1635 carnis,
1549 1603 1576 1630 in
1602 1611 1656 1638 qua
1682 1603 1738 1631 Deo

949 1648 1059 1682 placere
1082 1656 1135 1675 non
1158 1655 1316 1682 possumus,
1343 1649 1422 1684 quasi
1436 1649 1553 1677 inimicae
1567 1649 1739 1678 Oblivisceris

950 1700 977 1721 et
993 1695 1205 1722 resurrectionis
1228 1699 1399 1722 mortuortun
1413 1703 1420 1722 :
1440 1704 1449 1720 t
1463 1695 1621 1722 Semiuatur
1634 1695 1662 1722 in
1681 1703 1741 1723 oor-

954 1742 1109 1775 truptione,
1127 1745 1223 1777 surget
1250 1742 1277 1768 in
1295 1742 1514 1776 incorruptione.
1540 1741 1698 1769 Seminatur
1712 1742 1739 1769 in

953 1787 1148 1819 «contumelia,
1163 1792 1255 1822 surget
1269 1788 1294 1814 iu
1322 1788 1418 1823 gloria.
1436 1788 1597 1815 Semiuatur
1614 1788 1640 1815 in
1659 1789 1739 1815 inlir-

953 1834 1074 1865 unita-te,
1099 1839 1193 1868 surget
1218 1834 1372 1861 iuvirtute.
1388 1833 1547 1861 Semiuatur
1564 1841 1664 1867 corpus
1684 1834 1740 1861 atti-

952 1879 1050 1911 tmale,
1081 1885 1173 1914 surget
1203 1886 1303 1914 corpus
1323 1879 1505 1914 spirituale“.
1525 1888 1535 1906 ι
1549 1879 1627 1906 Nune
1652 1880 1740 1907 oculis

951 1925 1082 1958 videmus,
1098 1925 1212 1952 auribus
1231 1925 1370 1959 audimus,
1393 1925 1518 1952 manibus
1532 1925 1647 1959 agimus,
1661 1924 1739 1958 pedi-

946 1971 999 1998 bus
1015 1970 1208 1998 muniamus:
1228 1971 1255 1997 in
1282 1971 1330 1997 illo
1343 1974 1434 1998 autem
1460 1978 1579 2005 corpore
1602 1970 1737 2005 spirituali

949 2017 997 2044 toti
1010 2016 1175 2049 videbimus,
1192 2017 1240 2044 toti
1255 2016 1409 2048 audiemus,
1422 2017 1475 2044 toti
1486 2017 1677 2051 operabiniur,
1688 2016 1738 2043 toti

949 2063 1150 2091 ambulabitnus
1165 2072 1171 2090 :
1190 2067 1217 2090 et
1243 2071 1253 2087 ι
1269 2061 1474 2096 transfigurabit
1489 2061 1621 2090 Dominus
1638 2070 1738 2097 corpus

952 2109 1130 2137 «humilitatis
1136 2113 1251 2142 nostrae,
1259 2107 1398 2135 conforme
1405 2108 1514 2142 corpori
1524 2108 1677 2142 sumgloriae
1685 2109 1717 2133 θ’.
1725 2117 1735 2134 ι

955 2155 1070 2189 Quando
1092 2155 1172 2188 dixit,
1202 2162 1212 2180 ι
1230 2154 1448 2189 transtigurabit,
1465 2163 1475 2179 ι
1498 2154 1523 2181 id
1540 2159 1581 2181 est
1598 2162 1737 2190 μετασχη-

952 2203 1072 2238 ματίσει,
1086 2202 1269 2229 membrorum
1286 2201 1386 2235 quibus
1401 2208 1475 2227 nunc
1490 2201 1602 2233 utimur,
1621 2201 1736 2228 diversi-

950 2253 994 2275 tas
1011 2249 1178 2282 denegatur.
1193 2246 1276 2273 Aliud
1289 2246 1370 2273 nobis
1383 2245 1526 2280 spiritnaie
1546 2250 1574 2273 et.
1589 2246 1737 2273 aethereum

947 2293 1131 2330 promittitur,
1145 2292 1216 2326 quod
1237 2299 1289 2319 nec
1316 2293 1400 2319 tactui
1425 2292 1559 2327 subiacet,
1581 2300 1632 2320 nec
1651 2292 1738 2320 oculis

951 2341 1084 2372 cernitur,
1099 2346 1149 2366 nec
1163 2338 1282 2373 pondere
1297 2343 1496 2373 praegravatur,
1510 2343 1540 2366 et
1552 2345 1601 2372 pro
1615 2337 1738 2365 locarunt

951 2378 978 2415 iit
997 2387 1095 2422 quibus
1120 2385 1242 2412 futurum
1256 2389 1310 2417 est,
1326 2385 1460 2412 varietate
1478 2384 1639 2411 mutabitur.
1657 2384 1734 2411 Alio-

948 2434 996 2468 qui
1010 2433 1031 2459 si
1048 2432 1150 2459 eaedem
1163 2438 1260 2459 carnes
1273 2435 1402 2463 emo-yet
1415 2438 1527 2464 corpora
1539 2438 1602 2464 quae
1615 2429 1738 2462 luerunt,

952 2485 1061 2506 rursum
1089 2484 1180 2504 mares
1204 2479 1233 2503 et
1262 2476 1381 2509 feminte,
1400 2483 1508 2503 rursum
1533 2475 1654 2509 nuptiae;
1672 2475 1738 2502 viris

952 2526 1088 2552 hirsutum
1108 2523 1296 2558 supercilium,
1315 2523 1399 2550 barba
1429 2522 1546 2557 prolixa,
1578 2521 1738 2549 mulieribus

947 2571 1034 2598 ‘lzeves
1045 2576 1123 2604 genae
1136 2574 1163 2596 et
1181 2573 1295 2603 augusta
1311 2574 1438 2602 pectora;
1456 2567 1490 2594 ad
1505 2566 1697 2601 concipiendos
1711 2572 1739 2593 et

953 2616 1100 2650 pariendos
1115 2615 1189 2642 ictus
1205 2619 1301 2641 venter
1318 2618 1345 2640 e‘t
1367 2613 1474 2640 femora
1498 2612 1638 2639 dilatanda
1662 2619 1736 2640 sunt.

953 2662 1106 2696 liesurgent
1121 2661 1204 2687 etiam
1226 2659 1362 2691 inl'antuli,
1376 2664 1520 2694 resurgeut
1540 2664 1566 2686 el
1583 2666 1681 2692 senes;
1699 2660 1738 2686 illi

950 2707 1100 2740 auuriendi,
1114 2707 1139 2733 bi
1155 2706 1257 2733 baculis
1270 2705 1449 2732 sustentandi.
1468 2704 1523 2732 Nec
1539 2712 1596 2737 vos,
1607 2712 1622 2732 ο
1637 2704 1740 2740 simpli-

954 2762 1011 2787 ces,
1024 2752 1189 2780 resurrectio
1199 2750 1304 2778 Domini
1322 2751 1449 2786 decipiat,
1466 2751 1537 2786 quod
1552 2751 1624 2780 latus
1638 2755 1667 2780 et
1680 2756 1740 2778 tn-

1131 2823 1153 2838 ⁶¹
1169 2822 1268 2858 Philip.
1285 2831 1326 2858 Ill,
1344 2824 1390 2854 21.
