1883 3072
99 129 146 157 illi
613 128 660 156 EX
678 128 840 156 ORIGENIS
861 128 973 156 LIBItIS
991 128 1218 156 STROIIATUM.
1682 130 1734 158 1οἳ

148 187 175 213 Ιι]
191 193 281 212 unum
299 193 370 212 nunc
397 184 562 212 monendum
589 189 724 218 superest,
745 183 938 219 Hieronymum
964 184 1045 211 hosce
1063 184 1244 217 Στρωματεῖς
1259 184 1329 211 inter
1346 191 1393 212 eos
1418 191 1561 212 recensere
1585 184 1670 212 libros
1689 186 1735 219 qui

100 221 241 252 maximis,
278 225 307 247 et
337 221 476 254 praecipue
504 221 536 245 de
563 221 768 246 resurrectione
797 219 937 246 erroribus
952 219 1148 254 scatebant,ct
1165 226 1233 252 quos
1247 227 1307 245 eam
1325 220 1360 245 ob
1387 227 1442 246 rem
1471 227 1550 246 nemo
1577 227 1659 247 ausus
1675 225 1736 246 erat

100 255 196 283 Latine
217 253 347 282 reddere.
367 253 433 282 Vide
446 254 587 289 epistolam
606 254 650 286 58,
666 255 747 288 alias,
765 254 809 285 6t,
825 261 885 289 cap.
912 255 940 285 8,
956 253 1011 289 rubi
1027 253 1154 286 Origenis
1178 258 1275 287 dogma
1299 254 1330 280 de
1346 255 1546 289 resurrectione
1562 255 1689 288 exponit:
1709 260 1736 280 et

100 290 246 323 epistolam
260 289 309 321 Η,
325 289 393 316 alias
409 288 497 322 65,7in
516 297 568 323 qua
586 289 643 315 ait:
660 297 669 314 ι
681 289 796 316 Centum
813 288 1010 322 quinquaginta
1025 289 1088 314 anni
1107 295 1190 322 prope
1205 293 1278 320 sunt,
1295 296 1326 315 ex
1342 296 1396 321 quo
1411 288 1540 322 Origenes
1554 294 1676 316 mortuus
1693 294 1736 316 est

101 325 175 359 Tyri.
186 324 259 357 Quis
274 324 436 351 Latinorum
451 331 533 359 ausus
547 328 588 350 est
602 331 722 358 unquam
740 323 889 359 transferre

987 323 1057 359 {ejus
1070 323 1107 350 De
1123 323 1323 354 resurrectione,
1337 323 1406 357 Περὶ
1416 323 1530 358 ἀρχῶν,
1541 323 1736 359 Στρωματέας

98 357 130 387 et
141 360 278 394 Tdyovc;
295 359 357 393 quis
374 365 422 393 per
441 358 541 386 infame
555 366 624 393 opus
637 357 758 393 seipsum
777 358 861 386 voluit
875 358 890 385 il

987 357 1021 384 'i'.’
1046 366 1056 383 ι

471 520 527 549 EX
547 519 666 550 LIBRO
681 519 815 549 SEXTO
831 519 1081 550 STROMATUM
1098 519 1285 550 ORIGENIS
1301 519 1374 558 (26).

139 604 196 640 39
206 604 292 632 Plato
303 605 330 632 in
343 605 423 632 tertio
438 604 475 632 De
492 606 623 639 republica
645 605 734 633 libro:
756 615 765 631 ι
783 605 892 633 Veritas
908 608 930 636 Α
945 611 988 633 tur
1003 606 1149 641 ambiguis,
1168 610 1194 633 et
1209 613 1258 640 per
1271 607 1415 642 amigmata
1437 613 1496 640 qum
1511 606 1566 633 vult
1582 605 1694 640 profert,
1706 612 1734 634 ut

98 659 208 686 quoque
229 650 366 678 sectanda
383 657 546 685 magnopere
562 656 614 680 est.
639 650 666 678 Si
679 651 762 683 enim,
777 656 806 678 ut
819 651 898 686 paulo

98 703 162 724 ante
175 697 338 724 rectissime
357 696 525 728 dicebamus,
539 696 593 723 Deo
617 696 744 724 indecens
760 701 787 724 et
805 696 899 724 inutile

99 741 280 769 mendacium
300 747 361 774 est;
388 741 544 768 hominibus
573 742 737 776 quandoque
764 742 838 773 utile,
869 746 899 769 ut

99 792 212 814 utantur
239 795 276 814 eo
309 787 388 822 quasi
409 787 586 814 condimento
610 792 690 821 atque
709 787 897 819 medicamine,

99 831 164 859 nulli
193 832 316 859 dubium
337 837 380 860 cst
396 833 460 867 quin
483 833 637 868 hnjusmodi
655 833 765 860 licentia
785 832 898 860 medicis

99 878 186 904 danda
214 878 296 905 sitet
322 878 355 905 ab
384 878 600 912 imprudentibus
624 878 799 905 removenda.
816 878 896 910 Vera,

102 922 197 957 inquit,
222 923 352 950 asseris:
369 930 435 957 ergo
454 923 590 958 principes
608 923 728 956 urbium,
749 923 771 950 si
801 923 897 958 quibus

103 972 130 994 et
144 967 204 994 aliis
225 967 281 995 hoc
300 968 469 1001 conceditur,
492 973 599 1002 oportet
618 968 766 1003 aliquando
789 969 896 996 mentiri

101 1012 143 1039 vel
170 1016 270 1039 contra
299 1013 403 1046 hostes,
433 1014 473 1040 vel
488 1021 538 1048 pro
553 1013 638 1048 patria
655 1019 683 1041 et
703 1013 817 1040 civibus.
834 1023 843 1040 ι
865 1013 896 1040 Et

102 1066 150 1085 nos
175 1059 262 1093 igitur
296 1059 368 1086 illius
391 1060 516 1094 prmcepti
540 1067 692 1087 memores:
711 1069 720 1086 ι
741 1060 896 1095 Loquimini

102 1104 244 1131 veritatem
265 1105 457 1139 unusquisque
473 1113 534 1132 cum
560 1105 685 1139 proximo
698 1113 746 1133 suo
755 1105 788 1138 θλ,
803 1115 812 1131 ι
843 1113 895 1133 non

103 1150 232 1178 debemus
246 1151 356 1183 dicere,
369 1151 435 1184 Quis
453 1156 493 1178 est
507 1152 647 1186 proximus
665 1152 762 1179 meus?
775 1152 821 1179 sed
833 1160 898 1178 con-

102 1194 225 1223 siderare
243 1196 389 1230 quomodo
412 1197 588 1231 phil050phus
603 1203 684 1225 caute
707 1198 820 1229 dixerit,
843 1197 896 1224 Deo

103 1241 232 1268 indecens
274 1243 305 1266 et
337 1240 403 1268 utile
432 1249 492 1269 esse
529 1243 715 1274 mendacium;
743 1241 896 1269 hominibus

949 657 977 679 ct
991 652 1113 679 veritatls
1126 652 1196 686 apud
1209 660 1269 678 eum
1282 652 1399 685 dignitas
1414 657 1606 683 conservetur;
1622 657 1649 679 et
1661 653 1734 686 quod

950 699 1058 724 noxium
1080 704 1139 724 esse
1163 702 1268 730 poterat
1288 697 1310 724 si
1332 698 1431 724 nudum
1448 697 1614 732 proferretur
1637 698 1662 724 in
1678 697 1735 724 vul-

948 751 1007 779 gus,
1025 743 1140 778 quodam
1171 747 1272 769 tectum
1295 742 1430 770 velamine
1456 743 1623 777 proferatur.
1648 743 1735 770 llmno

949 795 1038 817 autem
1057 789 1099 816 cui
1112 788 1242 816 incumbit
1254 789 1404 816 necessitas
1419 789 1576 819 mentiendi.
1593 789 1734 824 diligenter

948 836 1082 868 atlendat,
1105 839 1132 861 ut
1150 835 1189 862 sic
1213 830 1308 861 utatur
1330 835 1465 862 interdum
1493 834 1644 867 mendacio.
1665 842 1733 869 quo-

948 881 1028 907 modo
1055 879 1229 906 condimento
1257 884 1338 914 atque
1362 879 1555 912 medicamine;
1588 883 1618 905 ut
1644 885 1734 906 servet

948 933 1103 953 mensuram
1121 925 1190 960 ejus,
1203 931 1237 951 ne
1247 924 1360 951 excedat
1372 924 1513 956 terminos,
1526 924 1623 958 quibus
1634 931 1682 951 usa
1693 929 1736 951 est

948 971 1040 999 Judith
1055 975 1150 998 contra
1168 970 1378 1004 Ilolopbernem,
1402 974 1429 996 el
1446 969 1511 995 vicit
1531 976 1592 995 eum
1608 969 1734 1004 prudenti

948 1016 1118 1044 simulatione
1136 1017 1279 1042 verborum
1302 1015 1335 1041 ⁸⁸.
1348 1014 1470 1041 Imitetur
1483 1013 1590 1045 Esther,
1609 1022 1669 1048 qua:
1681 1016 1735 1040 Ar-

949 1063 1069 1090 taxerxis
1108 1062 1271 1088 sententiam
1300 1061 1346 1087 diu
1379 1060 1461 1087 tacita
1503 1059 1592 1095 gentis
1621 1060 1735 1088 veritate

948 1107 1115 1140 correxit“;
1131 1112 1158 1134 et
1173 1107 1199 1134 in
1220 1107 1315 1141 primis
1336 1106 1518 1140 patriarcham
1535 1105 1630 1137 Iacob,
1654 1112 1733 1139 quem

948 1153 1062 1187 legimus
1096 1152 1300 1180 benedictiones
1327 1151 1410 1185 patris
1442 1150 1541 1178 artifici
1575 1150 1735 1185 impetrasse

949 1199 1089 1226 mendacio
1100 1198 1132 1224 ⁸⁷.
1149 1197 1189 1224 Ex
1203 1205 1256 1232 quo
1271 1197 1444 1232 perspicuum
1472 1200 1523 1227 est,
1541 1196 1612 1230 quod
1625 1195 1676 1221 nlsi
1696 1195 1732 1223 ita

949 1245 1054 1271 mentiti
1072 1244 1213 1275 fuerimus,
1237 1248 1266 1270 ut
1278 1250 1405 1277 magnum
1420 1241 1498 1268 nobis
1515 1248 1549 1267 ex
1563 1241 1614 1267 hoc
1626 1239 1734 1274 aliquod

104 1286 239 1313 interdum
265 1286 382 1319 inutile;
410 1290 437 1313 et
468 1287 539 1321 quod
565 1296 599 1315 ne
620 1296 670 1322 pro
694 1273 896 1322 dispensatione
914 1273 934 1302 Β
949 1295 1087 1325 quaeratur
1109 1273 1220 1321 bonum,
1239 1273 1378 1324 judicmtdi
1408 1287 1501 1318 simus,
1523 1286 1601 1321 quasi
1631 1273 1735 1313 iuiinicl

103 1331 211 1364 quidem
236 1332 379 1366 putandus
396 1333 432 1360 sit
450 1333 519 1361 Dcus
534 1334 678 1368 aliquando
699 1334 816 1362 mentiri.
847 1333 894 1360 Sin

104 1381 194 1404 autem
211 1378 391 1406 commodum
403 1379 536 1406 audientis
549 1380 683 1414 exegerit,
704 1380 794 1408 verbis
810 1379 896 1414 loqui-

949 1336 1006 1370 ejus
1019 1336 1063 1370 qui
1079 1335 1136 1362 ait:
1153 1344 1162 1361 ι
1178 1335 1233 1369 Ego
1255 1341 1313 1361 sum
1335 1331 1480 1367 veritas|“.
1493 1341 1502 1357 ι

463 1536 520 1566 EX
535 1537 656 1568 LIBRO
669 1538 823 1569 DECIMO
839 1536 1091 1568 STROMATUM
1107 1533 1296 1565 ORIGENIS
1306 1530 1381 1572 (27).

143 1625 153 1641 ι
173 1616 206 1642 Ει
220 1619 283 1642 erat
312 1615 356 1641 vir
378 1614 504 1642 habitans
533 1617 558 1642 in
578 1616 724 1652 Babylone,
743 1621 771 1644 et
799 1625 899 1644 nomen

105 1662 162 1696 ejus
175 1661 294 1693 Joacim,
310 1665 338 1688 et
354 1661 459 1694 accepit
477 1669 588 1689 uxorem
610 1663 720 1689 nomine
733 1663 898 1695 Susannam,

107 1706 188 1733 tiliam
210 1705 327 1737 Helciaz,
344 1705 486 1739 pulchram
503 1706 584 1733 nimis
600 1711 627 1733 et
647 1707 786 1734 timentem
809 1707 899 1734 Domi-

107 1759 180 1779 num.
197 1751 230 1778 Et
247 1756 380 1786 parentes
391 1752 448 1784 ejus
458 1750 523 1786 justi
539 1751 704 1780 edocuerant
720 1753 805 1780 filiam
821 1761 898 1780 suam

105 1796 178 1830 juxta
195 1797 285 1831 legem
298 1797 384 1831 Moysi
401 1796 433 1823 ⁸³.
452 1806 461 1822 ι
480 1797 535 1824 lloc
548 1798 677 1825 utendum
690 1803 731 1826 est
742 1799 896 1827 testimonio

108 1843 139 1869 ad
155 1842 378 1870 exhortationem
388 1847 540 1877 parentum,
553 1848 581 1870 nt
593 1844 708 1872 doceant
718 1845 793 1880 juxta
808 1846 894 1880 legem

109 1887 153 1916 Dei
169 1895 383 1923 sermonemque
400 1889 532 1922 divinum,
560 1897 613 1917 non
637 1891 722 1918 solum
753 1891 833 1924 lilios,
850 1892 898 1919 sed

108 1939 133 1961 et
150 1935 218 1962 tilias
242 1942 319 1963 suas.

144 1981 233 2008 «Erat
263 1986 356 2007 autem
379 1979 480 2008 Joacim
511 1982 586 2010 dives
609 1984 704 2016 valde,
732 1988 759 2011 et
783 1988 842 2012 erat
871 1984 896 2011 ei

110 2028 258 2061 pomarium
296 2028 415 2054 vicinum
444 2028 534 2055 domui
569 2030 697 2063 suae7°,i
730 2034 784 2057 etc.
816 2029 897 2057 Refe—

111 2073 183 2100 rebal
209 2073 343 2100 Hebraeus
382 2073 448 2099 istos
479 2080 539 2100 esse
574 2075 649 2101 Ahab
683 2079 710 2101 et
738 2074 893 2106 Sedeciam.

111 2119 142 2145 de
160 2118 262 2153 quibus
289 2117 384 2144 scribit
400 2117 545 2145 Jcremias:
563 2127 571 2144 ι
591 2118 686 2146 Faciat
717 2124 743 2146 te
769 2120 897 2147 Dominus

112 2164 177 2191 sicut
193 2165 277 2191 Ahab
300 2168 329 2190 et
339 2163 492 2197 Sedeciam,
509 2172 576 2198 quos
589 2164 664 2192 frixit
687 2173 732 2192 rex
757 2165 900 2200 Babylonis

113 2211 136 2236 in
151 2209 211 2245 igne
223 2215 339 2244 propter
350 2210 522 2244 iniquitatem
537 2218 617 2244 quam
632 2210 752 2237 fecerant
765 2210 790 2237 in
808 2211 899 2244 Israel,

113 2261 136 2281 et
150 2256 342 2283 adulterarant
359 2263 457 2283 uxores
472 2256 571 2283 civium
595 2257 748 2283 suorum”.
767 2267 775 2281 ι

146 2301 182 2328 De
194 2301 300 2336 quibus
317 2301 425 2328 locutus
442 2306 484 2328 est
497 2300 643 2328 Dominus:
660 2302 722 2335 quia
732 2310 838 2336 egressa
861 2306 904 2329 est.

115 2347 240 2381 iniquitas
258 2347 293 2374 de
309 2343 446 2381 Babylone
458 2355 472 2373 a
486 2347 600 2374 senibus
618 2347 754 2380 judicibus
764 2348 809 2382 qui
828 2348 901 2374 vide-

115 2391 207 2419 bantur
229 2399 327 2426 regere
341 2391 479 2426 populum.
497 2391 542 2418 Isti
559 2390 769 2425 frequentabant
789 2392 898 2418 domum

116 2435 214 2463 Joacim
224 2438 262 2470 τ’,
275 2440 344 2464 nete.
356 2435 471 2463 Pulchre
482 2436 513 2463 de
527 2436 694 2471 presbyteris
704 2436 893 2470 peccatoribus

117 2491 166 2510 non
186 2485 239 2510 ait:
258 2491 269 2508 ι
288 2483 334 2518 qui
351 2483 480 2517 regebant
501 2482 629 2517 populum
641 2491 648 2515 ;
662 2491 671 2507 ι
688 2483 745 2514 sed,
760 2491 769 2507 ι
802 2482 847 2515 qui
861 2483 900 2508 vi-

156 2570 177 2585 “
186 2569 285 2604 Ephcs.
298 2571 383 2603 “:25.
421 2572 555 2606 “Judith,
568 2581 598 2600 ιι.

153 2699 206 2735 (26)
226 2699 418 2734 Fragmentum
437 2699 508 2735 istud
533 2699 653 2735 exhibet
668 2702 777 2735 sanctus
804 2697 900 2725 Hiero-

123 2733 211 2768 nymus
229 2733 297 2762 libft
311 2735 436 2761 adversus
453 2734 589 2768 Ruﬁnum.
607 2734 671 2761 Vide
688 2733 829 2760 Iilonitum.

150 2769 203 2804 (ιη
226 2769 407 2804 Hieronymus
421 2769 565 2796 Comment.
580 2770 607 2795 in
632 2768 735 2795 Daniel.
750 2776 809 2802 cap.
825 2775 873 2794 xm
891 2776 897 2794 2

123 2812 131 2827 ι
148 2803 289 2836 Expositis,
309 2803 415 2838 inquit,
436 2808 465 2831 ut
491 2804 628 2838 potuimus
650 2811 710 2838 quae
730 2803 754 2830 in
783 2803 899 2829 Dauiclis

123 2838 184 2865 libro
197 2840 272 2873 juxta
287 2839 450 2867 Ilebraicum
467 2839 652 2870 continentur,
667 2846 762 2873 ponam
780 2838 899 2866 breviter

641 2573 663 2589 ⁸⁸
678 2573 756 2600 Esth.
781 2579 806 2598 Iv
821 2575 848 2598 et
869 2579 946 2604 seqq.

118 2607 184 2638 2,3.
223 2609 340 2643 ".lbid.
361 2609 388 2635 4.
426 2605 562 2635 “.Iereni.
587 2616 663 2641 xxix,
690 2607 736 2639 22,
761 2607 806 2633 25.
845 2607 868 2622 ⁷³

987 2614 1043 2637 ιιιι,
1063 2605 1090 2638 5,
1105 2606 1131 2631 6.

950 1618 1082 1645 debantur
1099 1622 1204 1650 regere.
1224 1623 1233 1639 ι
1251 1613 1302 1647 Qui
1317 1612 1389 1640 enim
1405 1613 1473 1639 bene
1493 1617 1612 1647 prtesunt
1625 1613 1734 1648 populo,

950 1667 1044 1696 regunt
1060 1661 1208 1696 populum;
1234 1661 1281 1695 qui
1299 1664 1388 1687 autem
1404 1663 1507 1686 tantum
1524 1667 1622 1687 nomen
1636 1660 1735 1688 habent

946 1711 1067 1745 judicum
1095 1714 1119 1737 et
1136 1710 1234 1744 injuste
1245 1713 1365 1743 praesunt
1380 1707 1490 1742 populo,
1505 1715 1600 1743 regere
1611 1708 1735 1736 videntur

948 1756 1074 1791 populum
1090 1755 1174 1789 magis
1193 1763 1274 1789 quam
1294 1759 1399 1790 regant.

987 1812 995 1828 ι
1014 1802 1045 1828 Et
1063 1801 1253 1828 deambulabat
1267 1801 1293 1827 in
1305 1800 1427 1835 pomario
1439 1799 1489 1827 viri
1504 1801 1543 1828 sui
1564 1805 1591 1828 et
1607 1801 1736 1828 videbant

948 1855 1007 1874 eam
1026 1855 1105 1874 senes
1117 1846 1236 1880 quotidie
1253 1845 1452 1880 ingredientem
1466 1851 1494 1873 et.
1505 1847 1735 1878 deambulantem,

949 1898 977 1920 et
1005 1896 1169 1920 exarserunt
1196 1891 1222 1918 in
1245 1891 1495 1925 concupiscentiam
1515 1892 1550 1924 ",
1565 1901 1574 1917 ι
1590 1897 1642 1919 etc.
1659 1892 1735 1925 Quod

949 1938 1035 1965 Gnaei
1052 1942 1149 1964 vocant
1173 1937 1268 1970 πάθος,
1281 1944 1328 1964 nos
1344 1945 1353 1961 ι
1374 1937 1604 1971 perturbationem
1625 1946 1635 1963 ι
1650 1937 1736 1972 magis

949 1992 1029 2018 quam
1039 1993 1048 2009 ι
1060 1983 1212 2017 passionem
1223 1993 1232 2009 ι
1245 1983 1343 2010 rectius
1353 1985 1574 2018 interpretamur.
1585 1982 1736 2018 Hazcigitur

948 2027 1116 2063 perturbatio
1133 2032 1160 2054 et
1180 2027 1277 2061 cupido
1302 2027 1422 2054 libidinis
1442 2026 1572 2058 titillavit,
1591 2027 1645 2053 imo
1675 2033 1736 2060 per-

949 2073 1033 2100 cussit
1054 2074 1136 2100 corda
1171 2072 1319 2099 seniorum.
1351 2072 1403 2100 Sed
1419 2077 1448 2099 ut
1475 2072 1501 2098 in
1520 2071 1618 2098 animis
1641 2078 1736 2099 eorum

947 2119 1051 2153 jacerct
1085 2118 1312 2150 fundamentum,
1344 2123 1371 2144 et
1404 2117 1557 2152 cogitarent
1583 2116 1737 2144 desiderata

948 2165 1096 2199 complere,
1113 2165 1162 2199 ipsi
1179 2156 1336 2191 everterunt
1350 2171 1459 2190 sensum
1484 2170 1583 2194 suum;
1605 2169 1659 2196 quo
1670 2161 1737 2189 sub-

949 2217 1027 2236 verso
1042 2209 1113 2236 oculi
1135 2216 1228 2236 eorum
1243 2208 1365 2235 inclinati
1385 2212 1458 2240 sunt,
1475 2211 1506 2233 ut
1531 2206 1653 2233 ctelestia
1683 2213 1736 2232 non

949 2254 1081 2286 viderent,
1095 2261 1144 2282 nec
1169 2254 1379 2281 recordarentur
1398 2252 1563 2288 judiciorum
1587 2251 1737 2286 iustorum,

949 2300 1005 2326 sive
1022 2300 1078 2330 Dei,
1093 2299 1150 2326 sive
1161 2299 1322 2332 honestatis,
1339 2298 1396 2325 sive
1407 2302 1523 2329 natura},
1536 2303 1597 2331 quae
1611 2295 1737 2323 omnibus

949 2347 982 2371 ad
997 2345 1096 2371 bonum
1114 2345 1195 2370 insita
1215 2348 1266 2371 est.

990 2400 999 2416 ι
1015 2391 1048 2417 Et
1062 2398 1126 2418 cccc
1141 2391 1264 2418 Susanna
1279 2389 1478 2421 inambulabat,
1499 2397 1508 2414 ι
1522 2392 1575 2416 etc.
1595 2387 1665 2413 Ante
1679 2386 1738 2422 jall

953 2437 1052 2463 dictum
1066 2435 1188 2470 estquod
1206 2435 1277 2462 facto
1304 2441 1383 2461 mane
1402 2433 1583 2460 inambularet
1600 2432 1736 2459 Susanna.

953 2481 1009 2510 Nec
1024 2482 1202 2516 incongruum
1218 2485 1259 2508 est
1273 2480 1307 2508 ad
1326 2479 1474 2514 placandos
1486 2486 1533 2506 eos
1555 2477 1600 2511 qui
1618 2477 1738 2503 omnium

985 2571 1006 2586 "
1019 2571 1087 2598 Gen.
1105 2578 1186 2597 xxvn.
1227 2570 1250 2585 ⁸⁸
1262 2569 1340 2597 Joan.
1362 2575 1419 2601 xw,
1434 2568 1460 2595 6.
1498 2566 1520 2582 θ’
1536 2565 1603 2592 Dan.
1617 2571 1679 2596 xm,
1695 2563 1722 2595 l,

985 2614 1043 2631 ιιιιι.
1063 2605 1090 2631 5.
1105 2606 1131 2631 6.
1171 2605 1193 2620 ⁷³
1206 2605 1272 2631 Ibid.
1300 2604 1326 2631 7.
1351 2605 1378 2631 8.

1226 2615 1272 2631 nu.
1304 2615 1311 2629 ι
1319 2625 1326 2636 ,
1351 2615 1378 2631 ο.

955 2695 1018 2730 quid
1037 2694 1169 2729 Origenes
1184 2695 1211 2722 in
1235 2694 1345 2730 decimo
1362 2692 1524 2730 Stranttuunt
1541 2699 1653 2730 suorum
1670 2691 1739 2730 libro

955 2727 988 2758 de
1008 2727 1143 2758 Susanna:
1166 2729 1285 2766 ethelis
1311 2729 1410 2766 fabulis
1433 2728 1542 2766 dixerit.
1565 2727 1648 2766 gujus
1681 2728 1739 2766 haec

954 2767 1037 2793 verba
1054 2770 1116 2792 sunt
1130 2771 1191 2798 qua:
1203 2764 1270 2800 locis
1284 2763 1340 2800 suis
1356 2763 1527 2800 subnotabis.
1539 2772 1548 2788 I
1565 2761 1663 2800 verum
1678 2761 1740 2800 ρι’ἰο

953 2801 1029 2836 genis
1046 2795 1274 2836 verbis-nonnulla
1290 2797 1389 2836 de_s_uo
1406 2798 1542 2826 interdum
1558 2796 1661 2825 addidit
1677 2795 1740 2824 Hie-

953 2833 1094 2871 ronymus,
1109 2839 1137 2862 ut
1153 2833 1251 2869 legenti
1267 2833 1377 2868 patebit.
