1883 3072
156 110 209 138 103

858 107 1071 136 FRAGMENTA

1737 109 1789 138 I03

156 176 217 204 quae
226 167 345 204 gerimus
354 166 388 194 de
400 166 549 200 Scriptuizis
564 167 668 194 sanctis
677 167 943 202 qumrllnlexempla,
959 170 982 197 Α
997 167 1149 194 clariorem.
1166 165 1243 193 Unde
1257 172 1352 200 magna
1369 170 1427 193 erat
1443 165 1605 194 exclamatio
1631 165 1691 200 ejus
1717 166 1788 200 Dc),

157 215 230 243 hunc
247 212 430 241 inambulandi
443 211 529 239 locum
546 219 701 240 assumere:
714 213 784 247 quod
799 218 871 240 recte
884 213 944 248 quis

157 260 191 286 ad
205 258 385 294 vegetandum
397 256 589 291 corpuslmlum
602 257 842 293 deambuletms).
859 258 944 291 Quem

155 306 244 332 locum
263 305 296 331 de
310 302 485 337 Septuaginta
504 302 623 330 editione
640 311 711 330 nunc
736 304 824 338 posui.

193 359 202 375 1
214 349 280 377 Cum
296 353 386 376 autem
404 355 520 383 egressa:
538 353 629 375 essent
642 349 746 383 puellae,
762 354 944 377 surrexerunt

155 396 209 423 duo
222 402 312 426 senes,
323 399 352 422 ut
371 398 548 422 accurrerenl
561 395 595 421 ad
618 402 676 421 cam
689 396 723 427 τι,
743 405 752 422 ι
769 400 821 422 etc.
846 396 897 429 Qui
912 397 944 423 ad

154 440 339 467 summitatem
366 439 494 475 perfectae
521 440 629 468 virtutis
660 440 783 473 venerit,
806 449 943 475 nunquam

154 486 281 513 dicitsibi
293 486 436 513 imminere
450 486 609 518 discrimen,
621 486 641 513 si
652 486 835 513 adulterorum
850 494 944 513 manus

155 539 210 559 non
222 531 357 566 effugerit,
369 530 535 558 dicentium:
550 541 558 557 ‹
570 532 712 559 Assenlire
725 532 814 564 nobis,
829 538 855 560 et
869 540 942 559 coin-

155 577 271 606 miscere
284 578 434 606 nobiscum.
451 578 590 613 Alioquin,
607 579 658 606 etsi
675 580 807 612 nolueris,
821 580 944 608 dicemus

156 623 340 650 testimonium
356 628 452 651 contra
472 629 497 651 te
516 625 587 658 quod
603 625 685 651 fuerit
713 631 800 652 tecum
825 626 942 659 juvenis,

156 674 183 696 ct
195 669 246 697 hac
260 669 293 697 de
308 677 389 697 causa
404 669 459 705 40
472 670 607 698 dimiseris
625 671 730 705 puellas
747 679 760 698 a
779 677 804 698 te
816 672 849 698 ⁷⁸.
865 680 873 696 ι
890 672 944 698 llu-

155 722 242 742 mante
255 714 354 749 quippe
380 714 537 749 fragilitatis
559 720 611 748 εει,
631 720 746 742 mortem
771 715 868 741 timere
883 724 943 750 quin

156 760 273 787 infertur
284 760 464 795 projustitia;
484 761 535 788 nisi
555 760 626 788 forte
641 761 796 796 angustiam
809 761 943 795 interpre-

156 806 273 834 tabimur
297 814 351 834 non
378 807 548 834 imminentis
568 807 675 839 mortis,
693 807 738 834 sed
757 807 893 841 opprobrii
917 811 943 834 et

156 851 323 886 ignominiaa,
340 859 392 886 qua
406 852 593 886 perfundenda
611 856 670 878 erat
686 851 737 879 illis
751 853 944 880 accusantibus

158 903 245 932 atque
255 897 423 925 dicentibus:
440 907 450 923 ι
467 898 529 925 Fuit
543 897 659 930 cumiilla
672 897 787 930 iuvenis,
801 902 828 925 et
846 898 945 925 idcirco

157 943 261 970 dimisit
274 943 387 978 puellas.
409 953 419 970 ι

192 989 390 1016 ιείειιὶιιιιιοίι
402 997 495 1024 egero,
515 997 589 1018 mors
617 990 683 1017 mihi
709 995 769 1023 est;
800 990 823 1017 si.
851 995 942 1017 autem

155 1043 208 1062 non
222 1035 272 1067 ⁷⁸,ι
288 1040 341 1063 etc.
359 1035 504 1063 Peccatum
518 1038 737 1071 mortemivocat.
748 1035 824 1063 Sicut
839 1044 905 1071 ergo
920 1036 944 1063 ci

155 1082 201 1116 qui
228 1081 294 1109 facit
319 1082 494 1114 adulterium,
529 1090 603 1109 mors
631 1087 674 1110 est
701 1082 885 1116 adulterium;
907 1084 946 1110 sic

155 1135 236 1154 omne
263 1134 403 1162 peccatum
433 1127 505 1161 quod
535 1127 609 1156 ducit
641 1130 674 1156 ad
710 1134 842 1162 mortem,
872 1137 946 1156 mors

155 1173 348 1208 appellandum
366 1178 417 1201 est.
436 1174 468 1201 Et
494 1175 575 1202 toties
601 1175 668 1201 mori
687 1175 825 1202 credimur
838 1175 946 1210 quoties

154 1227 301 1253 peccamus
317 1219 352 1247 ad
366 1225 491 1247 mortem.
506 1219 583 1247 Unde
596 1220 752 1248 econtrario
768 1222 846 1248 toties
857 1228 947 1248 resur-

154 1265 247 1300 gimus
267 1270 295 1292 et
320 1265 507 1300 viviticamur,
537 1267 644 1301 quoties
670 1267 733 1294 vitae
761 1267 841 1303 digna
863 1274 946 1302 opera

155 1309 281 1338 facimus.

193 1365 205 1382 ι
223 1356 275 1384 Sed
296 1357 392 1385 melius
409 1358 475 1386 milii
499 1363 541 1386 est
555 1359 657 1394 absque
671 1366 754 1394 opere
775 1360 896 1388 incidere
918 1360 945 1387 in

156 1411 253 1431 manus
265 1409 382 1436 vestras,
399 1412 479 1439 quam
497 1412 611 1439 peccare
631 1414 657 1432 in
676 1410 825 1440 conspectu
851 1406 946 1434 Domi-

156 1451 183 1477 ni
195 1450 228 1478 ".
247 1460 256 1476 ι
284 1451 313 1478 In
343 1451 438 1479 Graeco
456 1453 510 1478 non
528 1451 627 1486 legitur
650 1451 840 1488 αἱρετώτερον,
856 1453 881 1480 id
895 1457 945 1485 est,

157 1498 261 1530 melius,
277 1498 324 1525 sed
340 1498 459 1534 αἱρετόν,
480 1498 550 1532 quod
576 1500 671 1525 bonum
691 1499 863 1533 interpretari
883 1507 947 1534 pos--
961 1511 982 1540 α

158 1551 262 1569 sumus.
277 1542 354 1570 Unde
364 1544 503 1578 eleganter
516 1551 568 1570 nou
585 1544 652 1571 dixit
666 1555 671 1572 :
688 1553 696 1570 ‹
713 1544 808 1572 Melius
827 1545 893 1572 milii
905 1551 946 1573 est

158 1588 279 1616 incidere
294 1589 319 1616 in
333 1597 430 1617 manus
445 1590 599 1624 iniquorum
620 1592 855 1626 presbyterorum,
867 1600 947 1627 quam

155 1642 271 1670 peccare
284 1635 310 1662 in
326 1639 470 1670 conspectu
497 1636 620 1663 Domini:
640 1646 649 1662 ι
670 1644 703 1663 ne
716 1638 856 1665 videretur
874 1646 948 1665 com-

159 1681 301 1716 paratione
313 1682 416 1716 peccati
433 1682 505 1716 quod
518 1689 571 1709 non
585 1687 645 1710 erat
659 1683 769 1716 bonum,
787 1685 838 1711 hoc
854 1685 946 1720 appel-

159 1726 215 1754 lare
226 1726 332 1754 melius.
346 1726 411 1760 Sed,
425 1726 542 1754 lBOntllll
551 1732 603 1760 est,
615 1728 712 1762 inquit,
723 1729 789 1756 mibi
799 1729 950 1758 ronfacere

158 1772 272 1804 malum,
291 1777 319 1800 et
335 1773 452 1800 incidere
468 1774 495 1801 in
520 1783 616 1802 manus
628 1780 745 1807 vestras,
771 1783 806 1802 ne
838 1782 948 1810 peccem

159 1819 186 1846 in
203 1824 351 1852 conspectu
362 1819 497 1848 Domini.)
510 1820 568 1848 Non
580 1828 646 1856 ergo
657 1829 706 1855 per
719 1821 948 1855 comparationem

157 1866 299 1901 legendum
314 1871 374 1894 est:
395 1876 404 1892 ι
422 1866 518 1895 Melius
529 1867 596 1894 tnilti
615 1868 792 1895 cstincidere
811 1868 838 1895 in
852 1875 948 1895 manus

157 1917 271 1945 vestras,
286 1920 367 1947 quatit
386 1919 498 1947 peccare
515 1913 541 1940 iu
569 1918 718 1948 conspectu
738 1913 880 1945 Doniinip
901 1914 948 1941 sed

157 1957 298 1985 absolute:
314 1957 435 1985 «Bonum
449 1958 513 1985 inibi
529 1963 571 1986 est
585 1966 639 1986 non
653 1959 742 1986 facere
756 1959 856 1986 malum
870 1964 897 1986 et
908 1961 949 1986 iii-

157 2006 248 2032 cidere
265 2006 291 2032 in
315 2013 410 2032 manus
425 2010 542 2039 vestras,
559 2013 593 2033 ne
606 2013 717 2041 peccem
743 2008 772 2034 in
800 2010 948 2041 conspectu

157 2052 273 2080 Domini.
290 2062 302 2079 δ

195 2107 204 2123 ι
220 2098 424 2125 Etcxclamavit
460 2105 525 2125 voce
553 2105 650 2133 magna
680 2095 806 2125 Susanna
824 2097 873 2129 ⁷³,ι
889 2101 945 2124 etc.

158 2143 253 2178 Magna
267 2149 320 2170 vox
330 2147 402 2175 erat,
419 2151 473 2170 non
491 2143 563 2170 aeris
574 2143 751 2177 percussione
778 2147 806 2169 et
828 2141 946 2169 clamore

997 220 1056 247 qua:
1069 212 1103 239 ab
1118 211 1273 239 hominibus
1290 218 1343 237 non
1365 211 1537 238 audiebatur.

1033 268 1042 284 ε
1059 257 1180 292 Cumque
1193 258 1339 284 duceretur
1360 258 1392 284 ad
1413 261 1541 289 mortem,
1559 257 1702 285 suscitavit
1734 257 1787 284 Do-

996 302 1086 330 minus
1111 303 1240 337 Spiritum
1258 306 1383 330 sanctum
1410 302 1488 337 pueri
1513 301 1632 337 junioris
1645 302 1686 335 ⁸⁸,
1704 312 1714 329 ι
1731 309 1787 331 etc.

996 349 1053 383 Quo
1069 356 1194 376 sermone
1213 349 1367 376 ostenditur
1384 356 1437 375 non
1469 349 1587 375 intrasse
1603 349 1629 375 in
1646 348 1787 376 Danieleru

996 395 1128 429 Spiritum
1145 400 1279 427 sanctum,
1292 396 1339 422 sed
1359 403 1420 422 eum
1440 395 1556 430 quierat
1571 395 1597 422 in
1614 395 1660 422 illo
1682 398 1710 422 et
1724 395 1787 429 qui--

995 441 1103 467 csccbat
1116 446 1225 475 propter
1241 441 1328 467 :etatis
1346 441 1544 474 infirmitatem,
1562 448 1611 468 nec
1620 448 1667 467 sua
1680 446 1788 474 poterat

995 494 1076 520 opera
1091 486 1290 520 demonstrare,
1303 488 1364 513 data
1379 488 1524 515 occasione
1535 495 1584 522 pro
1602 491 1695 514 sancta
1708 486 1788 514 femi-

996 540 1028 559 na
1042 541 1055 558 a
1075 532 1187 559 Domino
1205 533 1378 560 suscitatum.

1032 589 1040 603 ι
1060 579 1088 604 Et
1104 578 1266 605 exclamavit
1277 586 1341 605 roce
1359 586 1455 613 magna
1469 573 1614 606 :‘lilunilus
1624 587 1674 614 ego
1693 587 1753 606 sum
1769 587 1784 606 a

995 623 1127 657 sanguine
1152 623 1229 657 bnjns
1245 623 1279 655 ¹¹,
1301 633 1310 648 ι
1327 628 1379 651 etc.
1411 624 1547 650 Suscitato
1578 623 1651 651 inse
1683 624 1786 658 Spiritu

995 674 1101 699 Snllclo,
1115 674 1143 695 et
1156 677 1215 703 qua:
1229 677 1294 703 puer
1308 670 1418 696 deberet
1435 670 1525 696 dicere
1537 674 1710 704 suggerente,
1729 677 1783 697 vox

995 715 1053 749 ejus
1068 723 1164 749 magna
1181 721 1250 742 erat.
1267 714 1300 742 Et
1315 715 1462 742 notandum
1486 716 1572 742 sicubi
1595 717 1621 742 in
1638 715 1786 751 Scripturis

995 761 1097 788 sumtis
1112 762 1263 795 peccatoris
1279 769 1328 788 vox
1345 769 1439 796 magna
1467 767 1590 788 vocatur.

1035 816 1045 833 Ι
1061 807 1183 841 Cumque
1206 807 1285 834 divisi
1310 812 1401 834 essent
1427 807 1499 834 alter
1510 807 1543 834 ab
1568 807 1664 838 altero,
1679 808 1788 835 vocavit

997 861 1078 879 unum
1099 853 1131 879 de
1144 852 1226 884 eis“,
1247 862 1256 878 ι
1274 857 1326 879 etc.
1343 852 1409 886 Quia
1423 852 1526 880 Ilebraci
1545 853 1690 887 rcprobant
1703 853 1786 880 histo-

997 899 1063 925 riam
1080 898 1210 925 Susanna:
1225 897 1305 933 (29),
1323 897 1445 925 dicentes
1463 905 1523 925 eam
1537 899 1563 924 in
1575 898 1692 925 Danirlis
1709 899 1785 924 volu-

998 943 1069 970 mine
1086 950 1138 969 non
1157 936 1262 974 liabcri',
1276 943 1404 970 debemus
1417 942 1555 976 inquirere
1568 943 1676 969 nomina
1692 943 1784 978 σχίνου

976 1016 980 1020 ,
997 990 1044 1016 καὶ
1058 989 1154 1024 πρίνου
1167 996 1226 1023 qua;
1241 988 1327 1015 Latini
1348 997 1357 1014 ί
1373 988 1460 1015 ilicem
1473 993 1499 1016 et
1510 989 1655 1016 lentiscum
1672 999 1681 1015 ι
1702 990 1787 1017 inter—

997 1039 1148 1068 pretantur,
1162 1035 1183 1061 si
1205 1034 1258 1061 sint
1272 1034 1343 1068 apud
1364 1034 1503 1067 Hebraeos,
1528 1039 1554 1061 et
1569 1042 1650 1069 quam
1668 1034 1797 1061 habeant.

997 1080 1198 1116 elymologiam,
1216 1084 1245 1106 ut
1262 1087 1277 1106 a
1304 1079 1396 1115 σχίνῳ,
1415 1089 1425 1105 ‹
1445 1081 1551 1112 scissio,
1568 1090 1577 1106 ι
1599 1084 1626 1106 et
1648 1088 1663 1106 ει
1688 1080 1786 1115 πρίνῳ,

999 1133 1009 1150 ι
1023 1126 1108 1152 sectio
1121 1135 1129 1151 ι
1143 1126 1200 1151 sive
1214 1125 1328 1151 serralio
1342 1125 1448 1152 dicatur
1461 1126 1550 1160 lingua
1563 1133 1667 1152 eorum.
1677 1125 1753 1158 Quod
1763 1125 1785 1152 si

997 1177 1050 1197 non
1067 1170 1150 1198 fuerit
1177 1171 1327 1203 inveniunt,
1349 1172 1511 1198 necessitate
1539 1178 1676 1205 cogemur,
1690 1175 1719 1197 et
1737 1178 1789 1197 nos

997 1224 1093 1244 eorum
1121 1216 1297 1251 acquiescere
1323 1218 1474 1249 sententias,
1496 1217 1541 1250 qui
1567 1216 1654 1243 (ir-.cci
1684 1220 1788 1243 tantum

998 1263 1131 1290 sermonis
1143 1263 1212 1289 lianc
1227 1263 1390 1290 volunt'esse
1404 1263 1568 1298 περικοπὴν,
1585 1270 1645 1297 qua:
1663 1260 1788 1289 Grmcam

999 1309 1097 1337 habent
1126 1313 1229 1336 tantum
1255 1310 1458 1346 etymologiam.
1489 1314 1516 1335 et
1542 1308 1703 1335 Ilebraicam
1735 1315 1787 1334 non

999 1357 1106 1384 habeat.
1126 1356 1203 1390 Quod
1227 1358 1249 1384 si
1272 1358 1332 1391 quis
1352 1355 1504 1383 ostenderit
1531 1355 1644 1382 duarum
1674 1353 1789 1381 istarum

999 1405 1127 1431 arborum
1143 1403 1282 1431 scissionis
1307 1407 1333 1430 et
1361 1402 1490 1429 sectionis
1517 1401 1545 1428 in
1572 1400 1687 1427 Hebrwo
1715 1405 1790 1426 stare

999 1449 1202 1486 etymologiam,
1215 1454 1278 1476 tunc
1286 1448 1434 1483 poterimus
1446 1447 1527 1474 etiam
1540 1447 1610 1473 banc
1619 1446 1789 1481 Scripturam

1000 1496 1130 1530 recipere.

1039 1552 1049 1569 ‹
1063 1541 1232 1570 Exclamavit
1242 1546 1332 1569 autem
1340 1539 1431 1568 omnis
1445 1547 1580 1575 synagoga
1595 1546 1661 1566 voce
1679 1546 1789 1572 magna,

1000 1594 1026 1616 et
1058 1589 1258 1617 benedixerunt
1288 1588 1374 1615 Deum
1398 1587 1443 1621 qui
1479 1586 1566 1613 salvat
1591 1590 1732 1620 sperantes
1763 1586 1789 1612 in

999 1643 1029 1663 se
1044 1635 1094 1668 “3,;
1110 1640 1163 1662 etc.
1178 1635 1206 1662 Si
1223 1634 1360 1661 interfecit
1375 1640 1422 1660 eos
1445 1633 1534 1660 omnis
1550 1639 1686 1667 synagoga
1713 1631 1789 1667 (ὅθ),

1001 1683 1107 1710 videtur
1125 1682 1167 1708 illa
1193 1681 1285 1715 opinio
1303 1679 1427 1711 refutari,
1445 1679 1478 1705 de
1493 1686 1544 1713 qua
1561 1685 1641 1713 supra
1658 1677 1789 1707 diximus.

1000 1728 1147 1755 secundum
1162 1726 1326 1759 Jeremiam,
1352 1725 1424 1759 quod
1447 1724 1496 1758 ipsi
1515 1728 1607 1751 essent
1636 1723 1790 1758 presbyteri

1000 1774 1076 1800 Aliab
1091 1779 1118 1800 et
1131 1772 1259 1800 Sedecias
1270 1793 1276 1804 ,
1288 1771 1340 1799 nisi
1355 1771 1424 1798 forte
1437 1771 1487 1797 hoc
1499 1769 1571 1804 quod
1583 1769 1713 1803 scriptum
1727 1774 1789 1796 est:

1004 1819 1220 1847 «luterl‘ccerunt
1231 1826 1304 1851 eos,»
1319 1818 1359 1845 sic
1378 1818 1587 1851 interpretemur
1604 1822 1653 1849 pro
1668 1823 1700 1842 eo
1718 1816 1789 1849 quod

999 1872 1052 1899 est,
1069 1866 1124 1901 regi
1138 1865 1282 1900 Babylonis
1298 1864 1461 1891 occidendos
1477 1862 1656 1889 tradiderunt.
1671 1861 1750 1888 Sicut
1763 1866 1790 1887 et

1000 1921 1049 1941 nos
1063 1913 1188 1944 dicimus,
1205 1911 1276 1946 quod
1292 1909 1375 1937 Judtei
1399 1909 1587 1936 interfecerint
1600 1907 1788 1939 Salvatorem;

1000 1967 1054 1988 non
1080 1966 1134 1994 quo
1165 1958 1216 1992 ipsi
1243 1956 1442 1992 percusserint,
1473 1955 1522 1982 sed
1550 1961 1602 1988 quo
1628 1952 1790 1980 tradiderint

999 2005 1173 2033 occidendum
1190 2008 1217 2030 ct
1237 2003 1439 2030 succlamantes
1456 2000 1594 2027 dixerint:
1643 1998 1790 2034 Crucilige,

999 2050 1127 2084 crucifige
1143 2048 1240 2076 eum“.

1038 2105 1047 2121 ι
1065 2095 1170 2122 Ilclcias
1185 2099 1274 2121 autem
1296 2097 1324 2120 et
1346 2099 1414 2119 uxor
1428 2092 1486 2125 ejus
1505 2091 1684 2117 laudaverunt
1704 2090 1790 2117 Deum

998 2148 1048 2176 pro
1070 2141 1121 2167 filia
1135 2149 1182 2167 sua
1201 2140 1327 2166 Susanna
1343 2138 1378 2171 ⁸⁵,
1400 2147 1410 2163 ι
1426 2143 1479 2165 etc.
1497 2137 1581 2171 Digne
1604 2135 1681 2170 quasi
1700 2137 1789 2164 sancti

159 2189 288 2220 faucium,
301 2189 350 2216 sed
363 2188 506 2223 pudicitiae
518 2187 708 2222 magnitudine
723 2195 771 2221 per
787 2194 868 2221 quam
892 2187 947 2213 cla-
963 2178 986 2206 Ῑ)
1000 2186 1110 2214 laudant
1141 2185 1242 2217 Deum;
1267 2192 1319 2211 non
1352 2184 1417 2219 quia
1440 2183 1555 2211 liberata
1586 2187 1628 2209 est
1651 2181 1684 2209 de
1710 2190 1791 2210 manu

158 2235 251 2262 mabat
277 2234 310 2260 ad
337 2233 495 2260 Dominum.
521 2233 598 2260 Unde
626 2237 654 2259 ct
685 2236 779 2259 sancta
803 2231 946 2266 Scriptura

157 2280 184 2306 in
207 2279 405 2306 exclamatione
430 2279 567 2306 seniorum
596 2286 649 2305 non
674 2277 800 2312 apposuit
819 2285 945 2312 magnam

157 2333 261 2352 vocem.
277 2324 408 2359 Sequitur
423 2325 512 2351 enim:
528 2332 537 2348 ι
556 2323 750 2350 Claniaverunt
767 2327 794 2350 ct
807 2330 886 2350 senes
900 2323 946 2350 ad-

156 2377 252 2397 versus
268 2370 381 2396 eam".r
416 2378 425 2394 ε
441 2368 711 2396 Exclamavitautein
731 2368 858 2396 Susanna
875 2375 942 2396 voce

156 2420 266 2448 magna,
280 2423 289 2439 ι
309 2418 361 2440 etc.
384 2411 478 2440 Cordis
496 2411 655 2445 aﬂ‘ectus,et
671 2413 767 2440 mentis
789 2421 856 2448 pura
877 2421 943 2440 con-

155 2458 250 2492 fessio,
265 2464 292 2486 et
314 2459 414 2486 bonum
429 2458 611 2492 conscientiae,
628 2465 724 2486 vocem
741 2458 800 2493 ejus
821 2458 945 2486 fecerant

485 2537 507 2553 ’¹⁵
522 2536 589 2565 Ibid.
611 2538 654 2565 2!.
694 2538 717 2554 ⁷⁸
732 2538 798 2565 Ibid.
811 2538 858 2565 22.

454 2573 477 2588 ⁸³
491 2572 558 2600 Ibid.
585 2573 629 2600 60.
656 2573 679 2589 ⁸³
693 2573 758 2600 Luc.
772 2581 852 2606 xxni,
873 2572 918 2600 2|.

194 2538 216 2554 τι
232 2539 300 2565 Dan.
316 2545 377 2567 xm.
393 2537 436 2564 I9.

156 2573 203 2601 46.
241 2574 264 2588 ⁸¹
281 2574 348 2600 Ibid.
368 2572 413 2599 52.

193 2657 250 2693 (28)
275 2667 284 2684 ί
301 2657 360 2691 Quo
378 2658 461 2690 dicto,
483 2657 609 2684 observat
627 2657 727 2684 ibidem
752 2656 948 2692 llicronymus,

157 2693 288 2728 Origenes
298 2693 414 2721 ostendit
430 2698 528 2720 czetcra
549 2700 577 2719 se
601 2701 653 2719 non
675 2693 754 2727 juxta
768 2693 948 2727 Septuaginta

158 2728 325 2762 lnterpretes
350 2728 521 2756 disseruisse.
535 2738 544 2754 ›
577 2728 641 2755 Vide
663 2733 742 2756 notas
762 2729 789 2755 in
813 2729 894 2762 OpiSt.
913 2728 946 2754 ad

156 2762 326 2795 Africanum,
344 2772 418 2791 ltlllll.
434 2763 463 2790 2.

192 2798 249 2833 (29)
270 2798 376 2827 Hebra’i
398 2799 535 2833 reprobant
561 2799 698 2826 historiam
720 2797 859 2825 Susanmu.
879 2797 947 2824 Vide

155 2833 290 2862 Nonitum
305 2834 339 2862 ad
355 2834 476 2864 Africani
497 2839 524 2863 et
538 2835 662 2870 Origenis
677 2834 826 2869 ἁμοιὸαίας
843 2833 946 2868 episto-

901 2538 922 2553 ⁷⁷
939 2538 1006 2565 Ibid.
1020 2537 1066 2565 23.

956 2573 978 2588 ⁸⁵
995 2573 1061 2600 Dan.
1076 2581 1135 2606 xui,
1153 2574 1197 2600 ῦὸ.

1000 2232 1220 2267 presbyterorum
1236 2232 1371 2264 Susanna,
1389 2232 1441 2258 lioc
1460 2231 1532 2258 enim
1546 2237 1598 2257 non
1615 2230 1682 2257 satis
1694 2229 1790 2257 lauda-

999 2279 1055 2305 bile
1062 2283 1116 2310 est,
1126 2286 1175 2306 nec
1188 2278 1278 2312 magni
1289 2277 1467 2310 discriminis,
1479 2277 1499 2304 si
1517 2284 1568 2304 non
1578 2281 1650 2303 esset
1663 2275 1788 2309 liberata,

1000 2324 1046 2352 Sed
1064 2324 1126 2356 quia
1149 2331 1202 2351 non
1219 2328 1260 2350 est
1278 2323 1385 2349 inventa
1401 2323 1428 2349 in
1445 2330 1476 2349 ea
1489 2329 1533 2348 res
1552 2321 1646 2355 turpis.

1038 2378 1047 2395 ι
1067 2369 1219 2404 Slutimqoe
1232 2377 1291 2395 cum
1307 2368 1458 2402 aperuisset
1480 2367 1561 2400 ostia,
1582 2366 1717 2401 aspiciens
1744 2374 1788 2393 rex

999 2424 1079 2450 super
1094 2424 1225 2448 mensam,
1237 2415 1400 2442 exelamavit
1413 2421 1478 2441 voce
1493 2420 1607 2448 magna:
1624 2411 1738 2447 Magnus
1749 2420 1789 2443 es,

998 2461 1055 2494 Bel,
1068 2466 1094 2488 et
1108 2469 1160 2489 non
1177 2465 1218 2488 est
1233 2461 1303 2494 apud.
1321 2466 1345 2487 te
1366 2460 1434 2487 ullus
1460 2459 1537 2486 dolus
1553 2458 1586 2487 ⁸⁸.
1609 2466 1619 2483 ι
1639 2456 1696 2484 Hoc
1717 2458 1788 2491 quod

1108 2538 1131 2553 ⁷⁸
1146 2537 1213 2564 Ibid.
1229 2538 1273 2565 ει.
1318 2539 1340 2554 ⁷³
1357 2537 1424 2564 Ibid.
1478 2537 1500 2553 ⁸ο
1515 2537 1582 2564 Ibid.
1598 2534 1642 2562 45.
1678 2535 1699 2550 ⁵⁸
1720 2535 1787 2564 Ibid.

1235 2574 1258 2589 δέ
1274 2573 1342 2600 Dan.
1364 2581 1419 2606 xw,
1434 2572 1478 2600 I7.

999 2657 1050 2686 Ias.
1065 2662 1092 2684 et
1107 2661 1182 2684 notas
1198 2658 1231 2683 ad
1246 2661 1396 2689 utramque.
1586 2688 1588 2690 τ

1035 2692 1091 2727 (50)
1107 2692 1137 2718 Si
1150 2692 1279 2725 interfecit
1303 2687 1351 2718 eo;
1361 2690 1452 2727 omnis
1464 2688 1607 2727 synagoga,
1619 2692 1672 2727 etc.
1685 2687 1788 2727 Confer

998 2722 1071 2755 liuiic
1083 2722 1179 2754 'locuiu
1194 2722 1254 2753 cum
1270 2734 1343 2753 num.
1357 2725 1373 2752 8
1391 2724 1511 2758 epistola:
1521 2722 1648 2757 Origcnis
1662 2723 1695 2749 ad
1711 2723 1785 2749 Atri-

998 2770 1106 2793 canuin,
1122 2762 1166 2788 ubi
1181 2765 1275 2788 contra
1301 2759 1479 2787 Wetsteaium
1505 2758 1636 2793 probatur
1649 2758 1785 2791 duplicem

996 2797 1082 2824 fuisse
1100 2792 1223 2823 Ilisloriu!
1239 2797 1369 2823 Susanna:
1392 2792 1543 2822 versionem
1561 2792 1698 2826 Grtccam,
1716 2793 1784 2820 alte—

998 2840 1056 2861 ram
1072 2832 1105 2860 ab
1120 2831 1207 2858 altera
1225 2832 1301 2865 longe
1317 2830 1462 2858 diversam.
