1883 3072
118 129 163 156 105
595 128 640 156 EX
661 129 821 158 ORIGENIS
840 129 951 157 LIBRIS
969 129 1195 160 STROMATUM.

1673 134 1723 160 106

117 190 242 223 Scriptth
262 197 335 216 nunc
359 190 441 218 dicit:
465 199 475 216 ‹
495 189 664 218 Exclamavit
676 198 742 218 voce
753 197 859 225 magna.
877 198 886 215 ι
904 192 926 220 Α
941 190 1063 223 reperiri.
1080 189 1154 223 Quod
1173 190 1257 217 solvet
1282 189 1360 217 facile
1388 190 1432 225 qui
1449 184 1518 218 hanc
1532 191 1674 220 historiam
1695 192 1721 218 iu

120 234 174 268 quia
184 233 213 260 de
227 234 367 261 idololatra
380 240 407 262 et
418 236 558 270 ignorante
566 235 650 262 Deum
660 236 768 267 dicitur,
779 235 887 262 videtur

119 281 321 308 observationem
348 286 468 309 nostram
500 283 677 314 subvertere,
703 288 756 316 qua
786 281 886 308 dudum

119 325 270 353 asseruimus
299 332 393 353 vocem
422 333 546 361 magnam
577 327 604 354 in
647 326 750 353 sanctis
782 329 887 352 tanttnn

940 235 1010 261 libro
1028 235 1146 262 Danielis
1158 236 1228 270 apud
1241 235 1368 263 llebrteos
1383 238 1480 264 dixerit
1496 243 1548 265 non
1573 238 1678 265 haberi.
1693 237 1722 264 Si

940 281 1000 315 qttis
1015 285 1104 308 autem
1117 282 1234 316 potuerit
1247 289 1305 310 eam
1319 283 1470 318 approbare
1484 290 1544 311 esse
1562 283 1595 310 de
1605 291 1722 314 canone.

942 329 1005 352 tunc
1021 326 1194 360 quzcrcndum
1208 331 1250 354 est
1263 326 1326 362 quid
1340 327 1364 355 ei
1380 327 1541 362 respondere
1563 327 1721 356 debeamus.

418 492 466 529 ιι
482 489 540 520 EX
556 489 709 521 DECIMO
725 489 976 521 STROMATUM
992 490 1180 522 ORIGENIS
1198 492 1317 522 LIBRO
1333 491 1405 532 (31).

146 582 171 610 ln
183 582 238 610 hcec
249 582 331 610 verba
345 582 472 618 Epistolas
487 583 519 611 ad
534 583 643 612 Galatas
657 591 715 618 cap.
729 593 754 617 v,
772 593 798 612 v.
815 585 847 612 l3
863 596 868 612 ;
890 584 940 612 Vos
957 586 1023 612 enim
1039 586 1064 612 iu
1077 586 1222 612 libertatem
1236 586 1320 612 vocati
1331 585 1401 617 estis,
1419 585 1530 620 fratres;
1543 590 1644 613 tantum
1657 594 1689 614 ne

641 629 786 657 libertatem
801 630 828 657 in
846 630 1009 657 occasionem
1024 631 1097 657 carni
1115 630 1191 658 detis;

146 716 259 744 Didicilis
273 717 349 745 locus
364 723 417 750 est,
431 722 458 746 et
473 719 509 745 ita
529 718 608 746 nobis
623 718 796 746 disserendas
813 718 887 746 vide-

116 766 162 789 tur.
176 762 224 796 Qui
240 762 311 790 liber
325 767 378 795 est,
396 767 422 790 et
437 762 525 790 altiori
538 771 618 791 sensu
633 764 802 798 spiritum,et
815 763 887 790 veri-

116 813 190 835 tatem
204 809 337 842 sequitur,
352 809 535 843 prmcedenles
551 813 578 836 et
601 813 677 844 typos
691 809 841 836 contemnit
860 812 888 836 et

943 718 1096 750 vocabitur,
1115 717 1159 753 qui
1177 718 1336 753 sanguinem
1351 722 1490 745 taurorum
1508 723 1534 745 et
1547 723 1660 746 caeteras
1673 718 1725 747 Le-

942 763 1015 790 vitici
1031 763 1154 790 victimas
1171 770 1225 790 non
1244 763 1303 797 plus
1315 770 1395 797 quam
1409 763 1479 798 quod
1496 763 1522 790 in
1539 763 1628 791 littera
1645 770 1725 792 sonat

942 809 1077 842 putaverit
1112 808 1262 835 indicare?
1294 808 1370 841 Quod
1404 814 1494 836 autem
1520 809 1677 837 inimicitias
1698 810 1723 837 in

119 855 227 881 litteram
242 862 248 879 :
264 861 317 881 non
332 854 435 882 ideirco
458 855 536 881 debet
559 854 676 882 minores
699 853 848 888 despicere,
861 857 888 881 et
905 860 924 887 Β
941 858 1036 888 aperto
1059 854 1161 888 positus
1183 853 1330 887 Scripturae
1354 861 1445 881 sermo
1462 854 1566 886 doceat,
1582 860 1610 882 et
1625 862 1658 883 ex
1674 857 1725 883 hoc

115 900 274 927 occasionem
292 900 359 926 dare
375 899 420 928 his
440 900 485 934 qui
499 907 551 927 non
567 903 680 934 possunt
693 900 795 926 sentire
809 898 890 926 subli-

115 945 189 977 mius,
201 945 232 971 de
245 953 275 973 se
299 945 410 979 penitus
423 945 593 979 dcsperandi.
607 944 684 971 Licet
703 944 773 971 enim
788 943 887 971 infirmi

115 990 162 1016 sint
175 996 199 1017 ct
211 998 273 1017 caro
286 991 493 1025 comparatione
508 991 619 1025 spiritus
635 990 811 1024 appellentur,
824 997 889 1017 caro

116 1039 196 1062 tamen
212 1035 313 1062 Christi
339 1040 413 1062 sunt.
432 1035 459 1062 Si
483 1035 556 1062 enim
582 1034 708 1069 intelligit
730 1034 888 1070 mysterium

115 1079 245 1107 charilatis
269 1079 470 1107 infirmioribus
500 1079 659 1111 servientis,
684 1079 764 1106 faciat
788 1078 888 1113 aliquid

115 1130 216 1159 propter
231 1125 378 1152 infirmos:
395 1131 428 1151 tte
456 1125 599 1152 inscientia
614 1132 662 1151 sua
686 1124 771 1151 frater
786 1129 888 1159 pereat,

115 1178 157 1204 pro
180 1178 231 1204 quo
248 1166 377 1197 Christus
401 1173 443 1197 est
468 1176 601 1197 mortuus.
629 1169 776 1202 Diligenter
799 1169 890 1203 itaque

115 1216 232 1248 attende,
252 1224 285 1243 an
302 1223 337 1243 es
352 1215 580 1250 consequentibus
595 1221 689 1242 sensus
706 1214 756 1241 iste
774 1218 889 1240 texetur.

116 1270 124 1286 ι
142 1261 202 1294 Vos,
219 1262 320 1296 inquit,
339 1260 448 1292 fratres,
464 1261 490 1287 in
508 1259 660 1287 libertatem
674 1259 761 1286 vocati
774 1259 859 1291 estis;
879 1267 888 1284 ι

114 1305 220 1332 forsitan
237 1307 317 1338 ideo,
337 1305 402 1340 quia
420 1312 471 1331 non
490 1311 584 1331 omnes
604 1304 773 1332 vocationem
792 1310 890 1338 capere

113 1356 230 1384 poterant
256 1350 406 1378 libertatis.
433 1349 545 1384 Propter
573 1350 644 1384 quod
667 1357 740 1377 nunc
766 1349 888 1377 auditis:

116 1405 125 1420 ι
137 1395 245 1423 Tantum
255 1403 296 1423 ne
305 1396 459 1422 libertatem
478 1395 504 1421 in
517 1395 685 1422 occasionem
700 1395 768 1423 detis
778 1395 863 1422 carni.
879 1404 889 1422 ι

114 1439 162 1468 Per
185 1441 363 1469 dilectionem
388 1441 458 1468 enim
481 1443 588 1473 oportet
615 1439 767 1467 minoribus
790 1441 891 1468 servire

114 1487 238 1522 majores;
256 1487 327 1522 quia
344 1486 391 1520 qni
414 1485 470 1512 vult
491 1493 551 1513 esse
568 1485 671 1520 major,
696 1487 749 1512 erit
770 1486 891 1513 omnium

942 899 1001 926 loco
1023 899 1153 933 probatur
1173 907 1181 926 :
1205 907 1214 924 ‹
1234 898 1300 925 Filia
1319 899 1463 934 Babylonis
1487 900 1585 927 misera
1605 910 1612 934 ;
1631 901 1725 928 beatus

943 945 988 979 qui
1012 944 1147 972 retribuet
1172 944 1219 971 tibi
1238 945 1445 972 retributionem
1469 953 1550 980 quam
1574 947 1723 974 retribuiin

944 989 1033 1017 nobis.
1048 989 1145 1017 Beatus
1165 989 1211 1023 qui
1227 989 1348 1022 tenebit,
1362 994 1389 1017 et
1401 990 1494 1017 allidet
1513 991 1640 1024 parvulos
1663 997 1724 1020 tuos

943 1035 976 1062 ad
992 1039 1097 1070 petram
1110 1035 1152 1067 ”;
1169 1044 1178 1060 ι
1193 1034 1280 1061 exilio
1294 1046 1299 1062 :
1316 1044 1325 1060 ι
1339 1036 1368 1062 1η
1384 1035 1514 1063 matutino
1530 1037 1723 1065 interficiebam

943 1087 1038 1107 omnes
1051 1083 1209 1113 peccatores
1226 1084 1304 1106 terra:
1315 1079 1349 1112 “,
1367 1089 1376 1105 ι
1397 1086 1425 1107 et
1439 1086 1535 1108 caetera
1548 1081 1590 1108 his
1603 1082 1701 1108 similia
1716 1091 1724 1109 :

944 1125 976 1152 de
987 1125 1203 1152 contentionibus
1220 1125 1358 1157 videlicet,
1374 1125 1557 1158 aemulatione,
1573 1127 1629 1159 ira,
1647 1128 1723 1160 rixis,

944 1169 1166 1197 dissensionibus.
1184 1170 1224 1196 Ad
1237 1178 1306 1204 qum,
1330 1170 1351 1197 si
1369 1178 1421 1198 non
1440 1171 1523 1199 altius
1549 1171 1648 1207 aliquid
1662 1181 1725 1199 sen-

946 1215 1062 1247 tiamus,
1088 1219 1237 1249 provocant
1265 1222 1313 1242 nos
1338 1217 1425 1250 magis
1452 1216 1571 1244 historia:
1599 1217 1722 1252 exempla

945 1267 1025 1293 quam
1047 1259 1205 1294 prohibent.
1219 1258 1342 1287 Hzcreses
1356 1268 1463 1295 quoque
1477 1261 1561 1296 magis
1576 1262 1609 1289 de
1624 1263 1724 1289 carnali

946 1304 1095 1340 Scriptura;
1119 1305 1299 1339 intelligentia
1318 1313 1399 1340 quam
1423 1308 1455 1333 de
1473 1314 1554 1341 opere
1573 1307 1663 1335 carnis
1676 1316 1726 1334 no—

945 1355 1024 1383 SINE,
1048 1357 1076 1378 ιιι
1091 1351 1199 1386 plurimi
1215 1352 1365 1385 aestimant,
1391 1353 1582 1380 substiterunt.
1601 1353 1656 1380 Nec
1673 1362 1724 1381 nou

946 1399 1073 1426 invidiam
1088 1402 1116 1425 et
1129 1399 1274 1426 ebrietates
1297 1407 1347 1434 per
1365 1399 1432 1433 legis
1447 1398 1565 1426 litteram
1585 1399 1723 1427 discimus.

945 1443 1097 1470 lnebriatur
1113 1444 1168 1471 Noe
1191 1451 1251 1479 post
1274 1445 1413 1476 diluvium,
1430 1448 1458 1470 ct
1475 1444 1636 1478 patriarcha:
1656 1446 1725 1479 apud

946 1488 1058 1516 fratrem
1075 1488 1174 1524 Ioseph
1191 1490 1216 1516 in
1230 1489 1348 1525 [Egypto
1359 1490 1392 1516 ".
1408 1489 1460 1516 Sed
1475 1493 1500 1516 et
1516 1491 1725 1518 comessationes

113 1540 200 1560 servus
223 1533 256 1558 ⁸⁷.
291 1532 388 1567 Neque
411 1538 474 1566 ergo
498 1531 647 1565 spiritualis
667 1531 768 1559 laceret
792 1531 892 1558 Christi
907 1532 927 1561 C
946 1535 972 1562 in
991 1534 1145 1570 Regnorum
1158 1535 1229 1562 libro
1245 1535 1352 1570 scriptae
1373 1539 1435 1562 sunt
1453 1534 1494 1567 oe;
1515 1535 1630 1563 saltante
1642 1536 1726 1562 David

113 1586 212 1611 carnes,
227 1586 321 1614 neque
335 1579 507 1606 occasionem
521 1577 688 1605 illistribnat
704 1581 731 1604 ut
749 1584 779 1605 se
791 1584 893 1605 remor-

113 1625 186 1652 deant
208 1629 426 1660 provocantem,
454 1632 488 1652 ne
501 1623 535 1650 ab
559 1623 673 1650 invicem
687 1627 892 1651 consumantur.

115 1670 219 1706 Oportet
235 1679 306 1706 ergo
322 1671 418 1705 spiritu
438 1669 620 1697 ambulantem
632 1689 639 1702 ,
657 1674 685 1696 et
706 1669 801 1703 spiritu
820 1667 894 1695 Scri-

114 1722 245 1750 pturarum
263 1717 350 1744 verba
368 1720 537 1749 sectantem,
553 1723 606 1742 non
630 1715 762 1750 perlicere
786 1713 895 1740 deside—

115 1763 176 1789 r'ium
200 1762 298 1790 carnis
324 1769 431 1790 carum.
457 1762 486 1789 Si
502 1766 590 1789 autem
609 1761 659 1788 hoc
686 1761 757 1796 qttod
775 1761 893 1788 dicitur:

116 1817 124 1833 ι
140 1808 237 1844 Spiritu
254 1807 407 1839 ambulate,
421 1811 448 1834 et
461 1807 625 1834 desiderium
648 1807 740 1834 carnis
762 1813 816 1833 non
837 1813 896 1841 per-

114 1854 204 1882 licictis
218 1855 241 1870 ⁸⁸
268 1864 281 1881 ι
308 1853 467 1888 simpliciter
491 1853 683 1888 intelligimus,
710 1856 740 1879 ut
771 1852 895 1886 plerique

115 1901 292 1932 arbitrantur,
308 1904 402 1927 contra
419 1903 607 1934 argumentum
625 1902 651 1925 et
672 1897 835 1933 hypothesin
856 1901 897 1923 to-

116 1947 165 1974 tius
177 1947 318 1982 Epistolaz,
328 1947 354 1973 in
371 1946 428 1973 haec
437 1946 526 1973 subito
544 1944 642 1971 Paulus
654 1947 788 1978 erumpet;
803 1942 895 1970 statim

115 1993 207 2028 quippe
222 1994 350 2029 sequitur
364 2002 372 2020 :
393 2002 402 2018 ι
424 1992 452 2019 Si
469 1995 557 2019 autem
576 1991 672 2025 spiritu
687 1989 827 2021 ducimini,
842 1996 895 2015 non

116 2041 176 2066 estis
193 2040 242 2067 sub
261 2040 324 2073 lege
337 2038 417 2065 ⁸⁹.›Ει
429 2046 489 2064 cum
503 2037 557 2063 huc
569 2043 653 2070 usqtte
672 2035 761 2069 aliqua
776 2042 809 2061 ex
819 2038 896 2068 parte

115 2084 161 2111 sibi
176 2092 266 2112 sermo
286 2084 438 2115 cohaereat,
456 2089 562 2109 rursum
579 2081 602 2108 si
628 2080 778 2114 simplicem
797 2079 896 2106 intelli-

116 2130 227 2163 gentiam
243 2136 408 2163 sequamur,
424 2128 456 2155 ad
470 2126 623 2154 inordinata
636 2130 746 2159 repente
763 2127 894 2158 praecepta

117 2182 162 2202 nos
174 2176 318 2207 transfert,
332 2174 366 2200 de
380 2181 462 2200 carne
477 2177 504 2200 ct
517 2171 613 2206 spiritu
632 2171 779 2203 disserens,
793 2170 818 2196 id
834 2174 894 2196 est:

121 2229 128 2244 ι
144 2220 283 2248 Manifesta
294 2225 383 2247 autem
399 2223 461 2246 sunt
473 2226 554 2253 opera
572 2219 664 2246 carnis
681 2217 723 2245 illa
737 2220 764 2243 et
777 2215 822 2242 illa
834 2215 867 2239 '°.
883 2223 893 2240 ι

118 2265 147 2292 Ει
158 2274 172 2293 e
186 2265 347 2293 contrario:
365 2274 374 2290 ι
393 2264 508 2291 Fructus
523 2269 613 2291 autem
627 2263 739 2298 spiritus
751 2265 793 2289 est
805 2259 896 2287 chari-

119 2312 197 2344 las",
213 2321 222 2337 ι
239 2317 267 2338 et
282 2311 394 2345 reliqua.
406 2309 458 2337 Sed
473 2317 561 2345 neque
577 2310 603 2336 in
619 2309 661 2336 his
673 2305 896 2340 consequentiam

118 2355 258 2390 desperare
282 2357 433 2383 debemus:
450 2356 511 2389 quia
531 2362 613 2389 opera
638 2354 729 2380 carnis
744 2351 896 2378 divinorum

119 2403 280 2430 voluminum
294 2401 408 2429 historia
421 2401 560 2434 continet;
578 2407 630 2427 non
648 2399 724 2425 valde
739 2404 785 2424 eos
800 2396 898 2430 iuvans

120 2448 160 2481 qui
175 2448 212 2475 sic
224 2456 285 2476 eam
309 2447 483 2481 intelligunt,
506 2450 535 2473 ut
551 2446 652 2479 scripta
675 2447 726 2471 est.
742 2443 809 2476 Quis
826 2441 897 2468 enim

122 2501 169 2520 non
182 2495 322 2521 docebitur
333 2493 440 2520 servire
456 2492 568 2519 luxuria:
582 2496 609 2518 et
625 2489 832 2518 fornicationem
850 2487 898 2514 ha-

122 2541 180 2567 bere
194 2548 241 2575 pro
257 2540 360 2572 nihilo,
375 2547 436 2566 cum
455 2539 552 2566 Judam
568 2538 602 2565 ad
619 2537 789 2564 meretricem
804 2534 900 2567 legerit

125 2587 314 2621 ingredientem
331 2586 353 2601 "
367 2604 375 2616 ,
395 2589 423 2612 et
447 2584 618 2620 patriarchas
644 2582 773 2609 habuisse
803 2578 900 2606 multas

122 2633 219 2665 pariter
232 2633 349 2660 uxores?
368 2632 511 2664 Quomodo
525 2638 580 2657 non
594 2630 628 2656 ad
642 2627 822 2656 idololatriam
841 2631 901 2660 pro-

946 1585 973 1607 et
985 1585 1164 1615 concrepante
1176 1581 1308 1615 tympanis
1320 1588 1413 1608 coram
1424 1588 1486 1608 arca
1497 1582 1650 1608 testamenti
1663 1581 1707 1609 Dei
1718 1590 1725 1613 ;

946 1631 974 1654 et
988 1627 1028 1653 his
1044 1626 1155 1653 sim-ilia.
1170 1625 1307 1659 Qua‘ritur
1321 1626 1454 1661 quomodo
1469 1626 1502 1652 ad
1514 1626 1642 1653 veneficia
1658 1629 1726 1654 etad

947 1672 1085 1699 ntaleiicas
1108 1676 1181 1699 artes
1203 1671 1318 1706 simplex
1342 1671 1488 1706 Scripturce
1511 1672 1608 1699 divime
1624 1680 1726 1705 sermo,

945 1718 990 1751 qui
1015 1717 1114 1744 dicitttr
1140 1725 1221 1750 caro,
1244 1724 1293 1744 nos
1318 1722 1466 1751 provocet,
1489 1717 1541 1744 nisi
1558 1717 1591 1745 ad
1606 1717 1727 1751 ejusdem

946 1763 1095 1797 Scriptum
1107 1764 1234 1797 spiritum
1250 1764 1484 1790 transcendamus.
1500 1763 1628 1790 l’utohoc
1643 1763 1728 1797 signi-

946 1809 1028 1837 ﬁcare
1040 1809 1130 1837 decies
1144 1808 1280 1835 Daniclem
1296 1813 1323 1835 et
1339 1812 1394 1835 tres
1409 1815 1508 1841 pueros
1521 1808 1618 1842 magis,
1633 1808 1728 1834 incan-

947 1854 1080 1882 tatoribus
1094 1859 1121 1882 et
1135 1853 1285 1881 Gazareuis
1300 1857 1383 1886 atque
1399 1852 1533 1880 Chaldaeis
1550 1853 1729 1886 sapientiores

947 1904 1088 1935 repertos,
1114 1904 1141 1926 et
1165 1899 1281 1933 Moysem
1308 1898 1381 1925 omni
1404 1898 1536 1931 sapientia
1559 1903 1586 1925 et
1606 1898 1728 1924 doctrina

947 1945 1137 1981 Egyptiornm
1166 1945 1313 1971 eruditum.
1339 1943 1482 1970 Multorum
1509 1950 1574 1977 ergo
1597 1944 1728 1969 malorum

946 1992 1054 2018 occasio
1068 1994 1109 2017 est
1122 2010 1128 2021 ,
1144 1990 1166 2017 si
1184 1990 1245 2024 quis
1259 1990 1285 2016 in
1301 1989 1449 2022 Scriptura:
1463 1995 1544 2015 carne
1560 1993 1728 2022 permaneat.

947 2037 1011 2070 Quae
1025 2037 1070 2071 qui
1093 2036 1225 2066 fecerint,
1243 2042 1354 2068 regnum
1373 2034 1419 2060 Dei
1443 2042 1494 2060 non
1519 2039 1729 2068 consequentur.

947 2082 1127 2116 Quamobrem
1142 2081 1267 2115 spiritum
1286 2079 1432 2114 Scriptum
1449 2080 1608 2114 frttctusqttc
1623 2087 1730 2113 quana-

949 2135 1018 2159 mus,
1038 2126 1082 2160 qui
1099 2133 1152 2152 non
1169 2125 1365 2152 dieunturesse
1379 2123 1524 2151 manifesti.
1538 2124 1620 2151 Multo
1633 2125 1731 2159 quippe

949 2173 1042 2199 labore
1066 2176 1092 2198 et
1115 2173 1214 2198 sudore
1224 2190 1232 2202 ,
1246 2174 1274 2197 et
1287 2169 1368 2204 digno
1380 2169 1453 2196 cultu
1472 2170 1497 2196 in
1513 2169 1661 2205 Scripturis
1675 2170 1733 2197 fru-

912 2199 933 2225 Β
950 2222 1010 2244 ctus
1025 2216 1136 2251 spiritus
1151 2215 1300 2242 invenitur.
1316 2214 1391 2241 Unde
1407 2214 1526 2241 arbitror
1544 2199 1655 2241 Pa'nlum
1672 2215 1733 2242 dili-

950 2267 1042 2298 genter
1058 2267 1085 2289 et
1102 2266 1181 2288 caute
1196 2261 1228 2288 de
1241 2260 1388 2295 Scripturse
1410 2260 1533 2288 sensibus
1550 2261 1650 2287 dixisse
1672 2269 1732 2288 car-

952 2308 1076 2335 nalibus:
1095 2317 1104 2333 ι
1122 2305 1266 2333 Manifesta
1285 2309 1374 2332 autem
1391 2310 1455 2332 sunt
1469 2313 1548 2339 opera
1564 2306 1654 2333 raruis
1664 2306 1703 2339 ’7',
1720 2317 1729 2332 ι

951 2353 983 2380 de
997 2352 1184 2387 spiritualibus
1194 2359 1257 2378 vero
1271 2358 1322 2377 non
1335 2354 1364 2376 ut
1376 2350 1412 2376 ibi
1428 2351 1559 2384 posuisse,
1575 2350 1733 2378 manifestus

950 2405 991 2425 est
1005 2390 1110 2425 fructus
1125 2397 1245 2431 spiritus,
1262 2396 1308 2422 sed
1324 2395 1359 2421 ita
1373 2403 1380 2421 :
1400 2404 1408 2420 ι
1429 2395 1546 2423 Fructus
1565 2401 1654 2422 autem
1676 2397 1730 2430 spi-

952 2444 1018 2470 ritus
1031 2462 1039 2475 ,
1062 2446 1103 2470 est.
1129 2442 1249 2473 charitas
1263 2462 1270 2474 ,
1291 2442 1430 2477 gaudium,
1445 2449 1495 2475 pax
1511 2441 1597 2474 “,tet
1619 2440 1730 2474 reliqua.

952 2488 1026 2522 Quod
1042 2488 1064 2515 si
1082 2487 1182 2515 relictis
1198 2487 1268 2523 typis
1280 2488 1313 2514 ad
1328 2488 1469 2514 veritatem
1486 2486 1633 2519 Scriptura:
1647 2490 1733 2512 trans-

952 2541 1046 2561 eamus
1068 2538 1095 2560 et
1121 2533 1265 2567 spiritum,
1289 2533 1380 2560 statim
1404 2532 1482 2558 nobis
1506 2531 1591 2565 prima
1613 2529 1733 2558 eharitas

954 2579 1099 2615 panditur;
1115 2583 1142 2605 et
1155 2578 1189 2605 ad
1200 2578 1326 2613 gaudium
1342 2578 1404 2605 inde
1416 2577 1581 2612 gradientes,
1607 2577 1733 2610 perveni-

956 2632 1015 2652 mus
1027 2623 1059 2650 ad
1077 2631 1183 2658 pacem,
1196 2631 1244 2658 per
1264 2631 1345 2658 quam
1359 2623 1552 2656 consequimur
1565 2621 1732 2656 patientiam.

155 2735 174 2750 ⁸⁷
188 2735 278 2762 .\latth.
300 2743 349 2766 xx,
361 2734 409 2766 26,
419 2733 453 2761 27
467 2742 474 2765 ;
491 2732 573 2759 Marc.
590 2739 616 2762 ιι.
629 2731 674 2762 45,
686 2730 731 2766 44.
768 2727 889 2766 ““Galhv

946 2745 952 2753 .
990 2724 1304 2766 “l_b_id._li_i_._"°lbid.
1330 2722 1431 2766 tam?
1448 2721 1519 2766 tua};
1548 2718 1735 2766 egugagg.

124 2777 233 2797 xxxvut.
268 2769 373 2796 "Psal.
392 2776 502 2802 cxxxvr,
514 2769 542 2800 8,
560 2767 587 2794 9.

625 2753 733 2793 οῖἰδὲειίζ
749 2772 775 2796 c,
790 2753 819 2790 8:
829 2753 892 2786 ηπ(

949 2783 955 2788 .
975 2769 1012 2794 ιχ,
1028 2762 1073 2788 t5.
1110 2761 1133 2776 εο
1145 2760 1164 2786 ιι
1178 2760 1243 2793 ueg.
1259 2766 1297 2784 νι.
1333 2758 1355 2773 ντ
1371 2756 1430 2784 GaL
1447 2764 1472 2789 v,
1487 2755 1530 2783 l9.
1563 2755 1586 2771 η
1600 2753 1667 2781 lbid.
1689 2754 1736 2782 θ.

157 2827 209 2862 (51)
223 2827 316 2854 Exstat
329 2827 413 2854 hocce
424 2825 602 2860 fragmentum
619 2824 688 2858 apud
703 2821 895 2856 Hieronymum
914 2820 961 2848 lib.
977 2827 1006 2847 ιιι
1018 2818 1163 2846 Comment.
1181 2818 1208 2844 in
1223 2815 1308 2850 Epist.
1324 2817 1356 2842 ad
1372 2813 1461 2842 Galat.
1479 2821 1542 2848 cap.

253 2874 393 2904 Parnm"
412 2872 470 2902 Gn.
491 2871 546 2900 Χί.

1564 2857 1584 2887 Is
