  <div class='ocr_page' id='page_1' title='image "/cluster/home/n/w/nwhite01/storage/ocr_20150623/11/njp.32101077772414/065.png"; bbox 0 0 1883 3072; ppageno 0'>
   <div class='ocr_carea' id='block_1_1' title="bbox 137 149 184 176">
    <p class='ocr_par' dir='ltr' id='par_1_1' title="bbox 137 149 184 176">
     <span class='ocr_line' id='line_1_1' title="bbox 137 149 184 176; baseline 0 0"><span class='ocrx_word' id='word_1_1' title='bbox 137 149 184 176; x_wconf 78' lang='lat' dir='ltr'><strong>ill</strong></span> 
     </span>
    </p>
   </div>
   <div class='ocr_carea' id='block_1_2' title="bbox 754 147 1154 175">
    <p class='ocr_par' dir='ltr' id='par_1_2' title="bbox 754 147 1154 175">
     <span class='ocr_line' id='line_1_2' title="bbox 754 147 1154 175; baseline 0 -1"><span class='ocrx_word' id='word_1_2' title='bbox 754 147 787 174; x_wconf 70' lang='lat' dir='ltr'><strong>IN</strong></span> <span class='ocrx_word' id='word_1_3' title='bbox 805 147 928 175; x_wconf 75' lang='lat' dir='ltr'><strong>LIBROS</strong></span> <span class='ocrx_word' id='word_1_4' title='bbox 945 149 1025 174; x_wconf 82' lang='grc' dir='ltr'><strong>ΠΕΡΙ</strong></span> <span class='ocrx_word' id='word_1_5' title='bbox 1041 148 1154 174; x_wconf 77' lang='grc' dir='ltr'><strong>ΑΡΧΩΝ</strong></span> 
     </span>
    </p>
   </div>
   <div class='ocr_carea' id='block_1_3' title="bbox 1706 143 1759 171">
    <p class='ocr_par' dir='ltr' id='par_1_3' title="bbox 1706 143 1759 171">
     <span class='ocr_line' id='line_1_3' title="bbox 1706 143 1759 171; baseline -0.019 0"><span class='ocrx_word' id='word_1_6' title='bbox 1706 143 1759 171; x_wconf 67' lang='grc' dir='ltr'><strong>ΗΞ</strong></span> 
     </span>
    </p>
   </div>
   <div class='ocr_carea' id='block_1_4' title="bbox 138 202 1759 244">
    <p class='ocr_par' dir='ltr' id='par_1_4' title="bbox 138 202 1759 244">
     <span class='ocr_line' id='line_1_4' title="bbox 138 202 1759 244; baseline -0.003 -12"><span class='ocrx_word' id='word_1_7' title='bbox 138 207 244 232; x_wconf 79' lang='lat' dir='ltr'><strong>Avitum</strong></span> <span class='ocrx_word' id='word_1_8' title='bbox 262 209 407 244; x_wconf 59' lang='lat' dir='ltr'><strong>pra‘mouet</strong></span> <span class='ocrx_word' id='word_1_9' title='bbox 421 205 485 239; x_wconf 87' lang='lat' dir='ltr'><strong>quid</strong></span> <span class='ocrx_word' id='word_1_10' title='bbox 503 205 673 244; x_wconf 86' lang='lat' dir='ltr'><strong>potissimum</strong></span> <span class='ocrx_word' id='word_1_11' title='bbox 691 206 716 231; x_wconf 92' lang='lat' dir='ltr'><strong>in</strong></span> <span class='ocrx_word' id='word_1_12' title='bbox 733 206 808 244; x_wconf 59' lang='lat' dir='ltr'><strong>hisce</strong></span> <span class='ocrx_word' id='word_1_13' title='bbox 823 206 1124 244; x_wconf 68' lang='lat' dir='ltr'><strong>libriscavendumsn,</strong></span> <span class='ocrx_word' id='word_1_14' title='bbox 1143 215 1151 229; x_wconf 81' lang='grc' dir='ltr'><strong>ι</strong></span> <span class='ocrx_word' id='word_1_15' title='bbox 1170 209 1198 244; x_wconf 79' lang='lat' dir='ltr'><strong>ut</strong></span> <span class='ocrx_word' id='word_1_16' title='bbox 1212 204 1306 244; x_wconf 81' lang='lat' dir='ltr'><strong>sci_as,_</strong></span> <span class='ocrx_word' id='word_1_17' title='bbox 1317 203 1414 239; x_wconf 86' lang='lat' dir='ltr'><strong>inquit,</strong></span> <span class='ocrx_word' id='word_1_18' title='bbox 1424 203 1590 244; x_wconf 54' lang='lat' dir='ltr'><strong>detestanda</strong></span> <span class='ocrx_word' id='word_1_19' title='bbox 1605 202 1654 244; x_wconf 50' lang='lat' dir='ltr'><strong>tibi</strong></span> <span class='ocrx_word' id='word_1_20' title='bbox 1672 202 1703 244; x_wconf 52' lang='lat' dir='ltr'><strong>in.</strong></span> <span class='ocrx_word' id='word_1_21' title='bbox 1717 202 1759 242; x_wconf 80' lang='lat' dir='ltr'><strong>eis</strong></span> 
     </span>
    </p>
   </div>
   <div class='ocr_carea' id='block_1_5' title="bbox 135 236 1757 278">
    <p class='ocr_par' dir='ltr' id='par_1_5' title="bbox 135 236 1757 278">
     <span class='ocr_line' id='line_1_5' title="bbox 135 236 1757 278; baseline -0.002 -12"><span class='ocrx_word' id='word_1_22' title='bbox 135 248 196 278; x_wconf 73' lang='lat' dir='ltr'><strong>esse</strong></span> <span class='ocrx_word' id='word_1_23' title='bbox 216 236 436 278; x_wconf 54' lang='lat' dir='ltr'><strong>qtnlntplurillm;</strong></span> <span class='ocrx_word' id='word_1_24' title='bbox 459 245 486 278; x_wconf 79' lang='lat' dir='ltr'><strong>et</strong></span> <span class='ocrx_word' id='word_1_25' title='bbox 503 236 580 275; x_wconf 66' lang='lat' dir='ltr'><strong>iuxta</strong></span> <span class='ocrx_word' id='word_1_26' title='bbox 600 248 753 278; x_wconf 78' lang='lat' dir='ltr'><strong>sermonem</strong></span> <span class='ocrx_word' id='word_1_27' title='bbox 777 241 881 278; x_wconf 86' lang='lat' dir='ltr'><strong>Domini</strong></span> <span class='ocrx_word' id='word_1_28' title='bbox 902 241 974 278; x_wconf 83' lang='lat' dir='ltr'><strong>inter</strong></span> <span class='ocrx_word' id='word_1_29' title='bbox 990 241 1152 278; x_wconf 66' lang='lat' dir='ltr'><strong>scorpiones</strong></span> <span class='ocrx_word' id='word_1_30' title='bbox 1176 236 1482 278; x_wconf 58' lang='lat' dir='ltr'><strong>in(:e¢l_endttnt&#39;.__r_llox</strong></span> <span class='ocrx_word' id='word_1_31' title='bbox 1504 247 1519 265; x_wconf 92' lang='lat' dir='ltr'><strong>e</strong></span> <span class='ocrx_word' id='word_1_32' title='bbox 1546 237 1658 278; x_wconf 74' lang='lat' dir='ltr'><strong>singulis</strong></span> <span class='ocrx_word' id='word_1_33' title='bbox 1676 236 1757 278; x_wconf 82' lang='lat' dir='ltr'><strong>libris</strong></span> 
     </span>
    </p>
   </div>
   <div class='ocr_carea' id='block_1_6' title="bbox 137 274 1756 313">
    <p class='ocr_par' dir='ltr' id='par_1_6' title="bbox 137 274 1756 313">
     <span class='ocr_line' id='line_1_6' title="bbox 137 274 1756 313; baseline -0.002 -12"><span class='ocrx_word' id='word_1_34' title='bbox 137 275 194 313; x_wconf 75' lang='lat' dir='ltr'><strong>loca</strong></span> <span class='ocrx_word' id='word_1_35' title='bbox 210 275 315 313; x_wconf 65' lang='lat' dir='ltr'><strong>profert</strong></span> <span class='ocrx_word' id='word_1_36' title='bbox 328 282 386 313; x_wconf 67' lang='lat' dir='ltr'><strong>qna‘.</strong></span> <span class='ocrx_word' id='word_1_37' title='bbox 402 274 519 301; x_wconf 75' lang='lat' dir='ltr'><strong>maxime</strong></span> <span class='ocrx_word' id='word_1_38' title='bbox 536 276 831 313; x_wconf 16' lang='lat' dir='ltr'><strong>repreliettsioni‘erant</strong></span> <span class='ocrx_word' id='word_1_39' title='bbox 845 276 972 313; x_wconf 73' lang='lat' dir='ltr'><strong>obnoxia.</strong></span> <span class='ocrx_word' id='word_1_40' title='bbox 987 275 1026 313; x_wconf 85' lang='lat' dir='ltr'><strong>_Ea</strong></span> <span class='ocrx_word' id='word_1_41' title='bbox 1043 276 1099 313; x_wconf 79' lang='lat' dir='ltr'><strong>suis</strong></span> <span class='ocrx_word' id='word_1_42' title='bbox 1119 275 1313 313; x_wconf 64' lang='lat' dir='ltr'><strong>quzeq_ue_locis</strong></span> <span class='ocrx_word' id='word_1_43' title='bbox 1330 274 1417 300; x_wconf 75' lang='lat' dir='ltr'><strong>Rulini</strong></span> <span class='ocrx_word' id='word_1_44' title='bbox 1438 274 1657 313; x_wconf 74' lang='lat' dir='ltr'><strong>interpretationi</strong></span> <span class='ocrx_word' id='word_1_45' title='bbox 1676 277 1756 305; x_wconf 78' lang='lat' dir='ltr'><strong>repe-</strong></span> 
     </span>
    </p>
   </div>
   <div class='ocr_carea' id='block_1_7' title="bbox 136 308 1600 345">
    <p class='ocr_par' dir='ltr' id='par_1_7' title="bbox 136 308 1600 345">
     <span class='ocr_line' id='line_1_7' title="bbox 136 308 1600 345; baseline -0.001 -10"><span class='ocrx_word' id='word_1_46' title='bbox 136 310 191 336; x_wconf 90' lang='lat' dir='ltr'><strong>ries</strong></span> <span class='ocrx_word' id='word_1_47' title='bbox 211 309 346 343; x_wconf 88' lang='lat' dir='ltr'><strong>adjuncta.</strong></span> <span class='ocrx_word' id='word_1_48' title='bbox 369 309 475 344; x_wconf 79' lang='lat' dir='ltr'><strong>Integra</strong></span> <span class='ocrx_word' id='word_1_49' title='bbox 496 308 578 344; x_wconf 82' lang='lat' dir='ltr'><strong>porro</strong></span> <span class='ocrx_word' id='word_1_50' title='bbox 599 310 755 344; x_wconf 82' lang='lat' dir='ltr'><strong>Hieronymi</strong></span> <span class='ocrx_word' id='word_1_51' title='bbox 778 311 966 344; x_wconf 87' lang='lat' dir='ltr'><strong>interpretatio</strong></span> <span class='ocrx_word' id='word_1_52' title='bbox 985 310 1142 345; x_wconf 83' lang='lat' dir='ltr'><strong>jamdudum</strong></span> <span class='ocrx_word' id='word_1_53' title='bbox 1164 309 1262 342; x_wconf 77' lang='lat' dir='ltr'><strong>injuria</strong></span> <span class='ocrx_word' id='word_1_54' title='bbox 1283 314 1433 343; x_wconf 83' lang='lat' dir='ltr'><strong>temporum</strong></span> <span class='ocrx_word' id='word_1_55' title='bbox 1454 308 1600 335; x_wconf 82' lang='lat' dir='ltr'><strong>intercidit.</strong></span> 
     </span>
    </p>
   </div>
   <div class='ocr_carea' id='block_1_8' title="bbox 543 465 1347 529">
    <p class='ocr_par' dir='ltr' id='par_1_8' title="bbox 543 465 1347 529">
     <span class='ocr_line' id='line_1_8' title="bbox 543 465 1347 529; baseline -0.001 -2"><span class='ocrx_word' id='word_1_56' title='bbox 543 466 814 529; x_wconf 79' lang='lat' dir='ltr'><strong>RUFINI</strong></span> <span class='ocrx_word' id='word_1_57' title='bbox 854 465 1347 528; x_wconf 82' lang='lat' dir='ltr'><strong>PRESBYTERI</strong></span> 
     </span>
    </p>
   </div>
   <div class='ocr_carea' id='block_1_9' title="bbox 759 593 1127 650">
    <p class='ocr_par' dir='ltr' id='par_1_9' title="bbox 759 593 1127 650">
     <span class='ocr_line' id='line_1_9' title="bbox 759 593 1127 650; baseline 0 -2"><span class='ocrx_word' id='word_1_58' title='bbox 759 593 1127 650; x_wconf 82' lang='lat' dir='ltr'><strong>PROLOGUS</strong></span> 
     </span>
    </p>
   </div>
   <div class='ocr_carea' id='block_1_10' title="bbox 302 702 906 751">
    <p class='ocr_par' dir='ltr' id='par_1_10' title="bbox 302 707 906 751">
     <span class='ocr_line' id='line_1_10' title="bbox 302 707 906 751; baseline 0.002 -2"><span class='ocrx_word' id='word_1_59' title='bbox 302 711 356 749; x_wconf 88' lang='lat' dir='ltr'><strong>IN</strong></span> <span class='ocrx_word' id='word_1_60' title='bbox 379 709 559 749; x_wconf 86' lang='lat' dir='ltr'><strong>LlBROS</strong></span> <span class='ocrx_word' id='word_1_61' title='bbox 578 709 706 751; x_wconf 93' lang='grc' dir='ltr'><strong>ΠΕΡΙ</strong></span> <span class='ocrx_word' id='word_1_62' title='bbox 724 707 906 751; x_wconf 82' lang='grc' dir='ltr'>ΑΡΧΩΝ</span> 
     </span>
    </p>
   </div>
   <div class='ocr_carea' id='block_1_11' title="bbox 995 702 1596 751">
    <p class='ocr_par' dir='ltr' id='par_1_11' title="bbox 995 702 1596 750">
     <span class='ocr_line' id='line_1_11' title="bbox 995 702 1596 750; baseline -0.007 -2"><span class='ocrx_word' id='word_1_63' title='bbox 995 709 1170 750; x_wconf 83' lang='lat' dir='ltr'><strong>IGENIS</strong></span> <span class='ocrx_word' id='word_1_64' title='bbox 1189 709 1497 749; x_wconf 83' lang='lat' dir='ltr'><strong>PBESBYTEBI</strong></span> <span class='ocrx_word' id='word_1_65' title='bbox 1522 702 1596 744; x_wconf 62' lang='lat'><strong>(59);</strong></span> 
     </span>
    </p>
   </div>
   <div class='ocr_carea' id='block_1_12' title="bbox 159 849 1754 886">
    <p class='ocr_par' dir='ltr' id='par_1_12' title="bbox 159 849 1754 886">
     <span class='ocr_line' id='line_1_12' title="bbox 159 849 1754 886; baseline 0.001 -10"><span class='ocrx_word' id='word_1_66' title='bbox 159 849 441 885; x_wconf 82' lang='lat' dir='ltr'><strong>Seioquamplurimos</strong></span> <span class='ocrx_word' id='word_1_67' title='bbox 450 849 703 882; x_wconf 63' lang='lat' dir='ltr'><strong>fratrum,scientia2</strong></span> <span class='ocrx_word' id='word_1_68' title='bbox 713 850 914 885; x_wconf 87' lang='lat' dir='ltr'><strong>Scripturarum</strong></span> <span class='ocrx_word' id='word_1_69' title='bbox 932 854 954 882; x_wconf 81' lang='grc' dir='ltr'>Α</span> <span class='ocrx_word' id='word_1_70' title='bbox 968 851 1038 878; x_wconf 87' lang='lat' dir='ltr'><strong>cidat</strong></span> <span class='ocrx_word' id='word_1_71' title='bbox 1050 873 1057 883; x_wconf 89' lang='lat'><strong>,</strong></span> <span class='ocrx_word' id='word_1_72' title='bbox 1077 856 1107 878; x_wconf 91' lang='lat' dir='ltr'><strong>ttt</strong></span> <span class='ocrx_word' id='word_1_73' title='bbox 1123 852 1146 878; x_wconf 90' lang='lat' dir='ltr'><strong>is</strong></span> <span class='ocrx_word' id='word_1_74' title='bbox 1167 851 1209 878; x_wconf 89' lang='lat' dir='ltr'><strong>vir</strong></span> <span class='ocrx_word' id='word_1_75' title='bbox 1222 858 1302 886; x_wconf 81' lang='lat' dir='ltr'><strong>quem</strong></span> <span class='ocrx_word' id='word_1_76' title='bbox 1320 851 1364 878; x_wconf 88' lang='lat' dir='ltr'><strong>ille</strong></span> <span class='ocrx_word' id='word_1_77' title='bbox 1389 851 1504 878; x_wconf 87' lang='lat' dir='ltr'><strong>alterum</strong></span> <span class='ocrx_word' id='word_1_78' title='bbox 1529 855 1589 886; x_wconf 91' lang='lat' dir='ltr'><strong>post</strong></span> <span class='ocrx_word' id='word_1_79' title='bbox 1613 851 1754 886; x_wconf 74' lang='lat' dir='ltr'><strong>apostolos</strong></span> 
     </span>
    </p>
   </div>
   <div class='ocr_carea' id='block_1_13' title="bbox 130 895 914 930">
    <p class='ocr_par' dir='ltr' id='par_1_13' title="bbox 130 895 914 930">
     <span class='ocr_line' id='line_1_13' title="bbox 130 895 914 930; baseline 0.003 -8"><span class='ocrx_word' id='word_1_80' title='bbox 130 895 264 922; x_wconf 86' lang='lat' dir='ltr'><strong>desiderio</strong></span> <span class='ocrx_word' id='word_1_81' title='bbox 279 900 451 930; x_wconf 73' lang='lat' dir='ltr'><strong>provocatos,</strong></span> <span class='ocrx_word' id='word_1_82' title='bbox 466 896 622 929; x_wconf 68' lang='lat' dir='ltr'><strong>poposcisse</strong></span> <span class='ocrx_word' id='word_1_83' title='bbox 637 897 670 923; x_wconf 88' lang='lat' dir='ltr'><strong>ab</strong></span> <span class='ocrx_word' id='word_1_84' title='bbox 687 897 832 930; x_wconf 73' lang='lat' dir='ltr'><strong>aliquantis</strong></span> <span class='ocrx_word' id='word_1_85' title='bbox 848 896 914 924; x_wconf 84' lang='lat' dir='ltr'><strong>viris</strong></span> 
     </span>
    </p>
   </div>
   <div class='ocr_carea' id='block_1_14' title="bbox 129 940 915 976">
    <p class='ocr_par' dir='ltr' id='par_1_14' title="bbox 129 940 915 976">
     <span class='ocr_line' id='line_1_14' title="bbox 129 940 915 976; baseline 0.003 -9"><span class='ocrx_word' id='word_1_86' title='bbox 129 946 155 967; x_wconf 80' lang='lat' dir='ltr'><strong>et</strong></span> <span class='ocrx_word' id='word_1_87' title='bbox 165 940 320 968; x_wconf 63' lang='lat' dir='ltr'><strong>Graecarum</strong></span> <span class='ocrx_word' id='word_1_88' title='bbox 335 940 484 967; x_wconf 86' lang='lat' dir='ltr'><strong>litterarum</strong></span> <span class='ocrx_word' id='word_1_89' title='bbox 498 941 602 975; x_wconf 84' lang='lat' dir='ltr'><strong>peritis,</strong></span> <span class='ocrx_word' id='word_1_90' title='bbox 620 946 648 968; x_wconf 91' lang='lat' dir='ltr'><strong>ut</strong></span> <span class='ocrx_word' id='word_1_91' title='bbox 659 940 801 976; x_wconf 84' lang='lat' dir='ltr'><strong>Origcnem</strong></span> <span class='ocrx_word' id='word_1_92' title='bbox 816 942 915 969; x_wconf 76' lang='lat' dir='ltr'><strong>Roma-</strong></span> 
     </span>
    </p>
   </div>
   <div class='ocr_carea' id='block_1_15' title="bbox 130 986 914 1015">
    <p class='ocr_par' dir='ltr' id='par_1_15' title="bbox 130 986 914 1015">
     <span class='ocr_line' id='line_1_15' title="bbox 130 986 914 1015; baseline 0.001 -2"><span class='ocrx_word' id='word_1_93' title='bbox 130 995 191 1013; x_wconf 89' lang='lat' dir='ltr'><strong>num</strong></span> <span class='ocrx_word' id='word_1_94' title='bbox 205 986 325 1013; x_wconf 81' lang='lat' dir='ltr'><strong>lacerent</strong></span> <span class='ocrx_word' id='word_1_95' title='bbox 335 991 361 1013; x_wconf 92' lang='lat' dir='ltr'><strong>et</strong></span> <span class='ocrx_word' id='word_1_96' title='bbox 373 986 476 1012; x_wconf 84' lang='lat' dir='ltr'><strong>Latinis</strong></span> <span class='ocrx_word' id='word_1_97' title='bbox 488 986 599 1013; x_wconf 85' lang='lat' dir='ltr'><strong>auribus</strong></span> <span class='ocrx_word' id='word_1_98' title='bbox 608 994 669 1013; x_wconf 88' lang='lat' dir='ltr'><strong>eum</strong></span> <span class='ocrx_word' id='word_1_99' title='bbox 683 987 825 1014; x_wconf 87' lang='lat' dir='ltr'><strong>donarent.</strong></span> <span class='ocrx_word' id='word_1_100' title='bbox 841 987 914 1015; x_wconf 85' lang='lat' dir='ltr'><strong>inter</strong></span> 
     </span>
    </p>
   </div>
   <div class='ocr_carea' id='block_1_16' title="bbox 128 1031 913 1067">
    <p class='ocr_par' dir='ltr' id='par_1_16' title="bbox 128 1031 913 1067">
     <span class='ocr_line' id='line_1_16' title="bbox 128 1031 913 1067; baseline 0.005 -11"><span class='ocrx_word' id='word_1_101' title='bbox 128 1039 197 1065; x_wconf 86' lang='lat' dir='ltr'><strong>quos</strong></span> <span class='ocrx_word' id='word_1_102' title='bbox 213 1031 293 1058; x_wconf 80' lang='lat' dir='ltr'><strong>etiam</strong></span> <span class='ocrx_word' id='word_1_103' title='bbox 313 1031 395 1058; x_wconf 79' lang='lat' dir='ltr'><strong>frater</strong></span> <span class='ocrx_word' id='word_1_104' title='bbox 404 1035 432 1058; x_wconf 86' lang='lat' dir='ltr'><strong>et</strong></span> <span class='ocrx_word' id='word_1_105' title='bbox 448 1031 551 1066; x_wconf 87' lang='lat' dir='ltr'><strong>collega</strong></span> <span class='ocrx_word' id='word_1_106' title='bbox 570 1032 728 1067; x_wconf 75' lang='lat' dir='ltr'><strong>noster(33)</strong></span> <span class='ocrx_word' id='word_1_107' title='bbox 744 1032 778 1059; x_wconf 84' lang='lat' dir='ltr'><strong>ab</strong></span> <span class='ocrx_word' id='word_1_108' title='bbox 786 1033 913 1067; x_wconf 85' lang='lat' dir='ltr'><strong>episcopo</strong></span> 
     </span>
    </p>
   </div>
   <div class='ocr_carea' id='block_1_17' title="bbox 127 1077 913 1111">
    <p class='ocr_par' dir='ltr' id='par_1_17' title="bbox 127 1077 913 1111">
     <span class='ocr_line' id='line_1_17' title="bbox 127 1077 913 1111; baseline 0.003 -7"><span class='ocrx_word' id='word_1_109' title='bbox 127 1077 245 1104; x_wconf 82' lang='lat' dir='ltr'><strong>Damaso</strong></span> <span class='ocrx_word' id='word_1_110' title='bbox 260 1077 420 1111; x_wconf 82' lang='lat' dir='ltr'><strong>deprecatus</strong></span> <span class='ocrx_word' id='word_1_111' title='bbox 434 1097 441 1109; x_wconf 86' lang='lat'><strong>,</strong></span> <span class='ocrx_word' id='word_1_112' title='bbox 453 1084 515 1104; x_wconf 90' lang='lat' dir='ltr'><strong>cum</strong></span> <span class='ocrx_word' id='word_1_113' title='bbox 531 1077 658 1105; x_wconf 89' lang='lat' dir='ltr'><strong>homilias</strong></span> <span class='ocrx_word' id='word_1_114' title='bbox 673 1078 739 1104; x_wconf 88' lang='lat' dir='ltr'><strong>duas</strong></span> <span class='ocrx_word' id='word_1_115' title='bbox 753 1079 786 1105; x_wconf 90' lang='lat' dir='ltr'><strong>de</strong></span> <span class='ocrx_word' id='word_1_116' title='bbox 802 1079 913 1106; x_wconf 89' lang='lat' dir='ltr'><strong>Cantico</strong></span> 
     </span>
    </p>
   </div>
   <div class='ocr_carea' id='block_1_18' title="bbox 127 1122 912 1156">
    <p class='ocr_par' dir='ltr' id='par_1_18' title="bbox 127 1122 912 1156">
     <span class='ocr_line' id='line_1_18' title="bbox 127 1122 912 1156; baseline 0.004 -8"><span class='ocrx_word' id='word_1_117' title='bbox 127 1123 294 1149; x_wconf 85' lang='lat' dir='ltr'><strong>canticorum</strong></span> <span class='ocrx_word' id='word_1_118' title='bbox 311 1122 337 1149; x_wconf 92' lang='lat' dir='ltr'><strong>in</strong></span> <span class='ocrx_word' id='word_1_119' title='bbox 353 1122 478 1149; x_wconf 87' lang='lat' dir='ltr'><strong>Latinum</strong></span> <span class='ocrx_word' id='word_1_120' title='bbox 496 1122 676 1150; x_wconf 81' lang='lat' dir='ltr'><strong>transtulisset</strong></span> <span class='ocrx_word' id='word_1_121' title='bbox 694 1130 726 1150; x_wconf 78' lang='lat' dir='ltr'><strong>ex</strong></span> <span class='ocrx_word' id='word_1_122' title='bbox 744 1123 837 1151; x_wconf 65' lang='lat' dir='ltr'><strong>Graeco</strong></span> <span class='ocrx_word' id='word_1_123' title='bbox 851 1144 859 1156; x_wconf 94' lang='lat'><strong>,</strong></span> <span class='ocrx_word' id='word_1_124' title='bbox 875 1124 912 1151; x_wconf 87' lang='lat' dir='ltr'><strong>ita</strong></span> 
     </span>
    </p>
   </div>
   <div class='ocr_carea' id='block_1_19' title="bbox 127 1168 914 1203">
    <p class='ocr_par' dir='ltr' id='par_1_19' title="bbox 127 1168 914 1203">
     <span class='ocr_line' id='line_1_19' title="bbox 127 1168 914 1203; baseline 0.003 -9"><span class='ocrx_word' id='word_1_125' title='bbox 127 1169 155 1194; x_wconf 84' lang='lat' dir='ltr'><strong>in</strong></span> <span class='ocrx_word' id='word_1_126' title='bbox 174 1168 219 1194; x_wconf 94' lang='lat' dir='ltr'><strong>illo</strong></span> <span class='ocrx_word' id='word_1_127' title='bbox 232 1175 313 1202; x_wconf 89' lang='lat' dir='ltr'><strong>opere</strong></span> <span class='ocrx_word' id='word_1_128' title='bbox 328 1173 424 1195; x_wconf 89' lang='lat' dir='ltr'><strong>ornate</strong></span> <span class='ocrx_word' id='word_1_129' title='bbox 441 1168 637 1203; x_wconf 79' lang='lat' dir='ltr'><strong>magniﬁcoque</strong></span> <span class='ocrx_word' id='word_1_130' title='bbox 654 1169 783 1203; x_wconf 71' lang='lat' dir='ltr'><strong>prml&#39;alus</strong></span> <span class='ocrx_word' id='word_1_131' title='bbox 805 1174 847 1196; x_wconf 90' lang='lat' dir='ltr'><strong>est</strong></span> <span class='ocrx_word' id='word_1_132' title='bbox 862 1190 869 1202; x_wconf 93' lang='lat'><strong>,</strong></span> <span class='ocrx_word' id='word_1_133' title='bbox 884 1174 914 1196; x_wconf 93' lang='lat' dir='ltr'><strong>ut</strong></span> 
     </span>
    </p>
   </div>
   <div class='ocr_carea' id='block_1_20' title="bbox 126 1212 911 1248">
    <p class='ocr_par' dir='ltr' id='par_1_20' title="bbox 126 1212 911 1248">
     <span class='ocr_line' id='line_1_20' title="bbox 126 1212 911 1248; baseline 0.003 -10"><span class='ocrx_word' id='word_1_134' title='bbox 126 1213 214 1239; x_wconf 74' lang='lat' dir='ltr'><strong>cuivis</strong></span> <span class='ocrx_word' id='word_1_135' title='bbox 231 1212 333 1246; x_wconf 79' lang='lat' dir='ltr'><strong>legendi</strong></span> <span class='ocrx_word' id='word_1_136' title='bbox 347 1212 490 1246; x_wconf 79' lang='lat' dir='ltr'><strong>Origenem</strong></span> <span class='ocrx_word' id='word_1_137' title='bbox 517 1217 545 1239; x_wconf 89' lang='lat' dir='ltr'><strong>et</strong></span> <span class='ocrx_word' id='word_1_138' title='bbox 563 1214 718 1241; x_wconf 79' lang='lat' dir='ltr'><strong>avidissime</strong></span> <span class='ocrx_word' id='word_1_139' title='bbox 739 1214 911 1248; x_wconf 85' lang='lat' dir='ltr'><strong>perquirendi</strong></span> 
     </span>
    </p>
   </div>
   <div class='ocr_carea' id='block_1_21' title="bbox 128 1257 912 1290">
    <p class='ocr_par' dir='ltr' id='par_1_21' title="bbox 128 1257 912 1290">
     <span class='ocr_line' id='line_1_21' title="bbox 128 1257 912 1290; baseline 0.003 -7"><span class='ocrx_word' id='word_1_140' title='bbox 128 1257 290 1283; x_wconf 79' lang='lat' dir='ltr'><strong>desiderium</strong></span> <span class='ocrx_word' id='word_1_141' title='bbox 305 1261 490 1283; x_wconf 78' lang='lat' dir='ltr'><strong>commoveret</strong></span> <span class='ocrx_word' id='word_1_142' title='bbox 504 1277 511 1290; x_wconf 88' lang='lat'><strong>,</strong></span> <span class='ocrx_word' id='word_1_143' title='bbox 539 1258 633 1285; x_wconf 85' lang='lat' dir='ltr'><strong>dicens</strong></span> <span class='ocrx_word' id='word_1_144' title='bbox 651 1258 721 1285; x_wconf 90' lang='lat' dir='ltr'><strong>illius</strong></span> <span class='ocrx_word' id='word_1_145' title='bbox 738 1259 835 1285; x_wconf 71' lang='lat' dir='ltr'><strong>animae</strong></span> <span class='ocrx_word' id='word_1_146' title='bbox 849 1266 912 1285; x_wconf 89' lang='lat' dir='ltr'><strong>con-</strong></span> 
     </span>
    </p>
   </div>
   <div class='ocr_carea' id='block_1_22' title="bbox 127 1301 912 1338">
    <p class='ocr_par' dir='ltr' id='par_1_22' title="bbox 127 1301 912 1338">
     <span class='ocr_line' id='line_1_22' title="bbox 127 1301 912 1338; baseline 0.005 -12"><span class='ocrx_word' id='word_1_147' title='bbox 127 1303 220 1329; x_wconf 90' lang='lat' dir='ltr'><strong>venire</strong></span> <span class='ocrx_word' id='word_1_148' title='bbox 241 1302 312 1336; x_wconf 87' lang='lat' dir='ltr'><strong>quod</strong></span> <span class='ocrx_word' id='word_1_149' title='bbox 329 1301 430 1328; x_wconf 87' lang='lat' dir='ltr'><strong>dictum</strong></span> <span class='ocrx_word' id='word_1_150' title='bbox 446 1306 489 1329; x_wconf 89' lang='lat' dir='ltr'><strong>est</strong></span> <span class='ocrx_word' id='word_1_151' title='bbox 514 1302 577 1336; x_wconf 90' lang='lat' dir='ltr'><strong>quia</strong></span> <span class='ocrx_word' id='word_1_152' title='bbox 607 1311 616 1328; x_wconf 76' lang='grc' dir='ltr'><strong>ι</strong></span> <span class='ocrx_word' id='word_1_153' title='bbox 634 1303 783 1330; x_wconf 80' lang='lat' dir='ltr'><strong>introduxit</strong></span> <span class='ocrx_word' id='word_1_154' title='bbox 798 1303 853 1338; x_wconf 73' lang='lat' dir='ltr'><strong>(Si;</strong></span> <span class='ocrx_word' id='word_1_155' title='bbox 870 1311 912 1331; x_wconf 88' lang='lat' dir='ltr'><strong>tne</strong></span> 
     </span>
    </p>
   </div>
   <div class='ocr_carea' id='block_1_23' title="bbox 129 1346 911 1383">
    <p class='ocr_par' dir='ltr' id='par_1_23' title="bbox 129 1346 911 1383">
     <span class='ocr_line' id='line_1_23' title="bbox 129 1346 911 1383; baseline 0.004 -10"><span class='ocrx_word' id='word_1_156' title='bbox 129 1354 175 1374; x_wconf 73' lang='lat' dir='ltr'><strong>rex</strong></span> <span class='ocrx_word' id='word_1_157' title='bbox 193 1346 221 1373; x_wconf 91' lang='lat' dir='ltr'><strong>in</strong></span> <span class='ocrx_word' id='word_1_158' title='bbox 252 1346 405 1374; x_wconf 83' lang='lat' dir='ltr'><strong>cubiculum</strong></span> <span class='ocrx_word' id='word_1_159' title='bbox 427 1355 504 1374; x_wconf 87' lang='lat' dir='ltr'><strong>suum</strong></span> <span class='ocrx_word' id='word_1_160' title='bbox 520 1347 546 1380; x_wconf 86' lang='grc'><strong>¹;</strong></span> <span class='ocrx_word' id='word_1_161' title='bbox 566 1357 575 1373; x_wconf 79' lang='grc' dir='ltr'><strong>ι</strong></span> <span class='ocrx_word' id='word_1_162' title='bbox 602 1355 728 1375; x_wconf 84' lang='lat' dir='ltr'><strong>asserens</strong></span> <span class='ocrx_word' id='word_1_163' title='bbox 756 1356 816 1376; x_wconf 81' lang='lat' dir='ltr'><strong>eum</strong></span> <span class='ocrx_word' id='word_1_164' title='bbox 840 1352 911 1383; x_wconf 87' lang='lat' dir='ltr'><strong>quod</strong></span> 
     </span>
    </p>
   </div>
   <div class='ocr_carea' id='block_1_24' title="bbox 127 1392 912 1426">
    <p class='ocr_par' dir='ltr' id='par_1_24' title="bbox 127 1392 912 1426">
     <span class='ocr_line' id='line_1_24' title="bbox 127 1392 912 1426; baseline 0.005 -8"><span class='ocrx_word' id='word_1_165' title='bbox 127 1399 187 1418; x_wconf 80' lang='lat' dir='ltr'><strong>cum</strong></span> <span class='ocrx_word' id='word_1_166' title='bbox 206 1392 232 1418; x_wconf 94' lang='lat' dir='ltr'><strong>in</strong></span> <span class='ocrx_word' id='word_1_167' title='bbox 250 1393 359 1420; x_wconf 60' lang='lat' dir='ltr'><strong>exteris</strong></span> <span class='ocrx_word' id='word_1_168' title='bbox 382 1392 460 1419; x_wconf 89' lang='lat' dir='ltr'><strong>libris</strong></span> <span class='ocrx_word' id='word_1_169' title='bbox 487 1400 583 1420; x_wconf 86' lang='lat' dir='ltr'><strong>omnes</strong></span> <span class='ocrx_word' id='word_1_170' title='bbox 600 1394 710 1426; x_wconf 85' lang='lat' dir='ltr'><strong>vincat,</strong></span> <span class='ocrx_word' id='word_1_171' title='bbox 741 1394 766 1420; x_wconf 92' lang='lat' dir='ltr'><strong>in</strong></span> <span class='ocrx_word' id='word_1_172' title='bbox 791 1395 912 1422; x_wconf 83' lang='lat' dir='ltr'><strong>Canticis</strong></span> 
     </span>
    </p>
   </div>
   <div class='ocr_carea' id='block_1_25' title="bbox 127 1437 910 1472">
    <p class='ocr_par' dir='ltr' id='par_1_25' title="bbox 127 1437 910 1472">
     <span class='ocr_line' id='line_1_25' title="bbox 127 1437 910 1472; baseline 0.005 -9"><span class='ocrx_word' id='word_1_173' title='bbox 127 1437 295 1464; x_wconf 75' lang='lat' dir='ltr'><strong>canticorum</strong></span> <span class='ocrx_word' id='word_1_174' title='bbox 314 1438 396 1464; x_wconf 87' lang='lat' dir='ltr'><strong>etiam</strong></span> <span class='ocrx_word' id='word_1_175' title='bbox 409 1438 467 1472; x_wconf 89' lang='lat' dir='ltr'><strong>ipse</strong></span> <span class='ocrx_word' id='word_1_176' title='bbox 479 1445 508 1465; x_wconf 89' lang='lat' dir='ltr'><strong>se</strong></span> <span class='ocrx_word' id='word_1_177' title='bbox 522 1438 625 1465; x_wconf 87' lang='lat' dir='ltr'><strong>vicerit.</strong></span> <span class='ocrx_word' id='word_1_178' title='bbox 650 1439 794 1466; x_wconf 85' lang='lat' dir='ltr'><strong>Pollicetur</strong></span> <span class='ocrx_word' id='word_1_179' title='bbox 809 1447 872 1468; x_wconf 86' lang='lat' dir='ltr'><strong>sane</strong></span> <span class='ocrx_word' id='word_1_180' title='bbox 885 1441 910 1467; x_wconf 94' lang='lat' dir='ltr'><strong>in</strong></span> 
     </span>
    </p>
   </div>
   <div class='ocr_carea' id='block_1_26' title="bbox 127 1483 910 1518">
    <p class='ocr_par' dir='ltr' id='par_1_26' title="bbox 127 1483 910 1518">
     <span class='ocr_line' id='line_1_26' title="bbox 127 1483 910 1518; baseline 0.006 -9"><span class='ocrx_word' id='word_1_181' title='bbox 127 1483 184 1517; x_wconf 87' lang='lat' dir='ltr'><strong>ipsa</strong></span> <span class='ocrx_word' id='word_1_182' title='bbox 199 1483 356 1516; x_wconf 67' lang='lat' dir='ltr'><strong>prmlatione</strong></span> <span class='ocrx_word' id='word_1_183' title='bbox 377 1491 405 1510; x_wconf 89' lang='lat' dir='ltr'><strong>se</strong></span> <span class='ocrx_word' id='word_1_184' title='bbox 422 1488 447 1510; x_wconf 91' lang='lat' dir='ltr'><strong>et</strong></span> <span class='ocrx_word' id='word_1_185' title='bbox 477 1484 549 1518; x_wconf 86' lang='lat' dir='ltr'><strong>ipsos</strong></span> <span class='ocrx_word' id='word_1_186' title='bbox 567 1484 593 1510; x_wconf 92' lang='lat' dir='ltr'><strong>in</strong></span> <span class='ocrx_word' id='word_1_187' title='bbox 611 1484 722 1512; x_wconf 87' lang='lat' dir='ltr'><strong>Cantica</strong></span> <span class='ocrx_word' id='word_1_188' title='bbox 743 1486 910 1514; x_wconf 77' lang='lat' dir='ltr'><strong>canticorum</strong></span> 
     </span>
    </p>
   </div>
   <div class='ocr_carea' id='block_1_27' title="bbox 966 895 1753 930">
    <p class='ocr_par' dir='ltr' id='par_1_27' title="bbox 966 895 1753 930">
     <span class='ocr_line' id='line_1_27' title="bbox 966 895 1753 930; baseline 0.001 -8"><span class='ocrx_word' id='word_1_189' title='bbox 966 895 1095 923; x_wconf 72' lang='lat' dir='ltr'><strong>Ecclesiae</strong></span> <span class='ocrx_word' id='word_1_190' title='bbox 1121 895 1260 924; x_wconf 85' lang='lat' dir='ltr'><strong>doctorem</strong></span> <span class='ocrx_word' id='word_1_191' title='bbox 1285 895 1405 923; x_wconf 71' lang='lat' dir='ltr'><strong>scientia:</strong></span> <span class='ocrx_word' id='word_1_192' title='bbox 1429 903 1461 923; x_wconf 86' lang='lat' dir='ltr'><strong>ae</strong></span> <span class='ocrx_word' id='word_1_193' title='bbox 1488 896 1629 930; x_wconf 59' lang='lat' dir='ltr'><strong>sapientia</strong></span> <span class='ocrx_word' id='word_1_194' title='bbox 1653 897 1753 923; x_wconf 92' lang='lat' dir='ltr'><strong>merito</strong></span> 
     </span>
    </p>
   </div>
   <div class='ocr_carea' id='block_1_28' title="bbox 964 940 1754 976">
    <p class='ocr_par' dir='ltr' id='par_1_28' title="bbox 964 940 1754 976">
     <span class='ocr_line' id='line_1_28' title="bbox 964 940 1754 976; baseline 0 -9"><span class='ocrx_word' id='word_1_195' title='bbox 964 943 1132 976; x_wconf 82' lang='lat' dir='ltr'><strong>comprobat,</strong></span> <span class='ocrx_word' id='word_1_196' title='bbox 1162 940 1250 975; x_wconf 87' lang='lat' dir='ltr'><strong>inopia</strong></span> <span class='ocrx_word' id='word_1_197' title='bbox 1268 940 1401 967; x_wconf 87' lang='lat' dir='ltr'><strong>sermonis</strong></span> <span class='ocrx_word' id='word_1_198' title='bbox 1419 941 1505 968; x_wconf 88' lang='lat' dir='ltr'><strong>nostri</strong></span> <span class='ocrx_word' id='word_1_199' title='bbox 1532 941 1610 975; x_wconf 81' lang='lat' dir='ltr'><strong>longe</strong></span> <span class='ocrx_word' id='word_1_200' title='bbox 1633 948 1695 967; x_wconf 87' lang='lat' dir='ltr'><strong>esse</strong></span> <span class='ocrx_word' id='word_1_201' title='bbox 1712 941 1754 968; x_wconf 84' lang='lat' dir='ltr'><strong>in-</strong></span> 
     </span>
    </p>
   </div>
   <div class='ocr_carea' id='block_1_29' title="bbox 965 986 1754 1021">
    <p class='ocr_par' dir='ltr' id='par_1_29' title="bbox 965 986 1754 1021">
     <span class='ocr_line' id='line_1_29' title="bbox 965 986 1754 1021; baseline 0 -8"><span class='ocrx_word' id='word_1_202' title='bbox 965 986 1049 1014; x_wconf 77' lang='lat' dir='ltr'><strong>lerior</strong></span> <span class='ocrx_word' id='word_1_203' title='bbox 1060 987 1194 1014; x_wconf 76' lang='lat' dir='ltr'><strong>videatur.</strong></span> <span class='ocrx_word' id='word_1_204' title='bbox 1218 986 1293 1020; x_wconf 84' lang='lat' dir='ltr'><strong>Quod</strong></span> <span class='ocrx_word' id='word_1_205' title='bbox 1310 993 1360 1021; x_wconf 93' lang='lat' dir='ltr'><strong>ego</strong></span> <span class='ocrx_word' id='word_1_206' title='bbox 1371 994 1442 1021; x_wconf 67' lang='lat' dir='ltr'><strong>smpe</strong></span> <span class='ocrx_word' id='word_1_207' title='bbox 1460 987 1635 1014; x_wconf 83' lang='lat' dir='ltr'><strong>considerans</strong></span> <span class='ocrx_word' id='word_1_208' title='bbox 1653 987 1754 1014; x_wconf 89' lang='lat' dir='ltr'><strong>retice-</strong></span> 
     </span>
    </p>
   </div>
   <div class='ocr_carea' id='block_1_30' title="bbox 965 1031 1755 1067">
    <p class='ocr_par' dir='ltr' id='par_1_30' title="bbox 965 1031 1755 1067">
     <span class='ocr_line' id='line_1_30' title="bbox 965 1031 1755 1067; baseline 0 -8"><span class='ocrx_word' id='word_1_209' title='bbox 965 1034 1037 1065; x_wconf 83' lang='lat' dir='ltr'><strong>bam.</strong></span> <span class='ocrx_word' id='word_1_210' title='bbox 1052 1040 1101 1061; x_wconf 87' lang='lat' dir='ltr'><strong>nec</strong></span> <span class='ocrx_word' id='word_1_211' title='bbox 1120 1031 1328 1067; x_wconf 80' lang='lat' dir='ltr'><strong>deprecantibus</strong></span> <span class='ocrx_word' id='word_1_212' title='bbox 1351 1040 1394 1059; x_wconf 93' lang='lat' dir='ltr'><strong>me</strong></span> <span class='ocrx_word' id='word_1_213' title='bbox 1412 1032 1570 1067; x_wconf 82' lang='lat' dir='ltr'><strong>frequenter</strong></span> <span class='ocrx_word' id='word_1_214' title='bbox 1587 1032 1614 1059; x_wconf 91' lang='lat' dir='ltr'><strong>in</strong></span> <span class='ocrx_word' id='word_1_215' title='bbox 1628 1032 1681 1060; x_wconf 89' lang='lat' dir='ltr'><strong>hoc</strong></span> <span class='ocrx_word' id='word_1_216' title='bbox 1696 1031 1755 1059; x_wconf 77' lang='lat' dir='ltr'><strong>fra-</strong></span> 
     </span>
    </p>
   </div>
   <div class='ocr_carea' id='block_1_31' title="bbox 966 1078 1755 1110">
    <p class='ocr_par' dir='ltr' id='par_1_31' title="bbox 966 1078 1755 1110">
     <span class='ocr_line' id='line_1_31' title="bbox 966 1078 1755 1110; baseline 0 -5"><span class='ocrx_word' id='word_1_217' title='bbox 966 1079 1052 1105; x_wconf 79' lang='lat' dir='ltr'><strong>tribus</strong></span> <span class='ocrx_word' id='word_1_218' title='bbox 1066 1078 1221 1105; x_wconf 90' lang='lat' dir='ltr'><strong>annuebam</strong></span> <span class='ocrx_word' id='word_1_219' title='bbox 1240 1086 1247 1110; x_wconf 79' lang='lat'><strong>;</strong></span> <span class='ocrx_word' id='word_1_220' title='bbox 1275 1078 1320 1105; x_wconf 82' lang='lat' dir='ltr'><strong>sed</strong></span> <span class='ocrx_word' id='word_1_221' title='bbox 1335 1082 1378 1105; x_wconf 84' lang='lat' dir='ltr'><strong>tua</strong></span> <span class='ocrx_word' id='word_1_222' title='bbox 1396 1078 1438 1105; x_wconf 83' lang='lat' dir='ltr'><strong>vis</strong></span> <span class='ocrx_word' id='word_1_223' title='bbox 1453 1098 1461 1110; x_wconf 89' lang='lat'><strong>,</strong></span> <span class='ocrx_word' id='word_1_224' title='bbox 1481 1078 1637 1105; x_wconf 83' lang='lat' dir='ltr'><strong>ﬁdelissime</strong></span> <span class='ocrx_word' id='word_1_225' title='bbox 1665 1078 1755 1106; x_wconf 82' lang='lat' dir='ltr'><strong>frater</strong></span> 
     </span>
    </p>
   </div>
   <div class='ocr_carea' id='block_1_32' title="bbox 964 1122 1753 1158">
    <p class='ocr_par' dir='ltr' id='par_1_32' title="bbox 964 1122 1753 1158">
     <span class='ocr_line' id='line_1_32' title="bbox 964 1122 1753 1158; baseline 0.001 -10"><span class='ocrx_word' id='word_1_226' title='bbox 964 1122 1073 1154; x_wconf 86' lang='lat' dir='ltr'><strong>Macari,</strong></span> <span class='ocrx_word' id='word_1_227' title='bbox 1085 1127 1157 1149; x_wconf 86' lang='lat' dir='ltr'><strong>tanta</strong></span> <span class='ocrx_word' id='word_1_228' title='bbox 1167 1126 1219 1154; x_wconf 88' lang='lat' dir='ltr'><strong>est,</strong></span> <span class='ocrx_word' id='word_1_229' title='bbox 1232 1122 1275 1149; x_wconf 94' lang='lat' dir='ltr'><strong>cui</strong></span> <span class='ocrx_word' id='word_1_230' title='bbox 1285 1122 1426 1155; x_wconf 87' lang='lat' dir='ltr'><strong>obsistere,</strong></span> <span class='ocrx_word' id='word_1_231' title='bbox 1436 1130 1469 1149; x_wconf 92' lang='lat' dir='ltr'><strong>ne</strong></span> <span class='ocrx_word' id='word_1_232' title='bbox 1481 1122 1615 1158; x_wconf 89' lang='lat' dir='ltr'><strong>imperitia</strong></span> <span class='ocrx_word' id='word_1_233' title='bbox 1628 1124 1753 1158; x_wconf 79' lang='lat' dir='ltr'><strong>quidem,</strong></span> 
     </span>
    </p>
   </div>
   <div class='ocr_carea' id='block_1_33' title="bbox 963 1168 1755 1204">
    <p class='ocr_par' dir='ltr' id='par_1_33' title="bbox 963 1168 1755 1204">
     <span class='ocr_line' id='line_1_33' title="bbox 963 1168 1755 1204; baseline 0.001 -9"><span class='ocrx_word' id='word_1_234' title='bbox 963 1173 1064 1202; x_wconf 87' lang='lat' dir='ltr'><strong>potest.</strong></span> <span class='ocrx_word' id='word_1_235' title='bbox 1096 1168 1209 1202; x_wconf 82' lang='lat' dir='ltr'><strong>Propter</strong></span> <span class='ocrx_word' id='word_1_236' title='bbox 1233 1169 1303 1202; x_wconf 89' lang='lat' dir='ltr'><strong>quod</strong></span> <span class='ocrx_word' id='word_1_237' title='bbox 1329 1176 1362 1195; x_wconf 88' lang='lat' dir='ltr'><strong>ne</strong></span> <span class='ocrx_word' id='word_1_238' title='bbox 1381 1173 1406 1195; x_wconf 90' lang='lat' dir='ltr'><strong>te</strong></span> <span class='ocrx_word' id='word_1_239' title='bbox 1423 1168 1490 1195; x_wconf 90' lang='lat' dir='ltr'><strong>ultra</strong></span> <span class='ocrx_word' id='word_1_240' title='bbox 1510 1177 1618 1204; x_wconf 76' lang='lat' dir='ltr'><strong>gravem</strong></span> <span class='ocrx_word' id='word_1_241' title='bbox 1640 1173 1755 1203; x_wconf 85' lang='lat' dir='ltr'><strong>paterer</strong></span> 
     </span>
    </p>
   </div>
   <div class='ocr_carea' id='block_1_34' title="bbox 962 1213 1753 1249">
    <p class='ocr_par' dir='ltr' id='par_1_34' title="bbox 962 1213 1753 1249">
     <span class='ocr_line' id='line_1_34' title="bbox 962 1213 1753 1249; baseline 0.001 -9"><span class='ocrx_word' id='word_1_242' title='bbox 962 1217 1118 1240; x_wconf 76' lang='lat' dir='ltr'><strong>exactorem</strong></span> <span class='ocrx_word' id='word_1_243' title='bbox 1134 1235 1141 1246; x_wconf 87' lang='lat'><strong>,</strong></span> <span class='ocrx_word' id='word_1_244' title='bbox 1172 1213 1254 1240; x_wconf 85' lang='lat' dir='ltr'><strong>etiam</strong></span> <span class='ocrx_word' id='word_1_245' title='bbox 1280 1217 1376 1240; x_wconf 87' lang='lat' dir='ltr'><strong>contra</strong></span> <span class='ocrx_word' id='word_1_246' title='bbox 1403 1215 1570 1248; x_wconf 89' lang='lat' dir='ltr'><strong>propositum</strong></span> <span class='ocrx_word' id='word_1_247' title='bbox 1587 1214 1644 1249; x_wconf 76' lang='lat'><strong>(35)</strong></span> <span class='ocrx_word' id='word_1_248' title='bbox 1661 1223 1753 1242; x_wconf 87' lang='lat' dir='ltr'><strong>meum</strong></span> 
     </span>
    </p>
   </div>
   <div class='ocr_carea' id='block_1_35' title="bbox 963 1259 1755 1295">
    <p class='ocr_par' dir='ltr' id='par_1_35' title="bbox 963 1259 1755 1295">
     <span class='ocr_line' id='line_1_35' title="bbox 963 1259 1755 1295; baseline 0 -9"><span class='ocrx_word' id='word_1_249' title='bbox 963 1259 1041 1292; x_wconf 83' lang='lat' dir='ltr'><strong>cessi,</strong></span> <span class='ocrx_word' id='word_1_250' title='bbox 1056 1267 1087 1286; x_wconf 87' lang='lat' dir='ltr'><strong>ea</strong></span> <span class='ocrx_word' id='word_1_251' title='bbox 1105 1264 1193 1286; x_wconf 87' lang='lat' dir='ltr'><strong>tamen</strong></span> <span class='ocrx_word' id='word_1_252' title='bbox 1211 1259 1268 1293; x_wconf 84' lang='lat' dir='ltr'><strong>lege</strong></span> <span class='ocrx_word' id='word_1_253' title='bbox 1285 1264 1366 1294; x_wconf 88' lang='lat' dir='ltr'><strong>atque</strong></span> <span class='ocrx_word' id='word_1_254' title='bbox 1382 1267 1414 1287; x_wconf 90' lang='lat' dir='ltr'><strong>eo</strong></span> <span class='ocrx_word' id='word_1_255' title='bbox 1427 1260 1482 1295; x_wconf 69' lang='grc'><strong>46</strong></span> <span class='ocrx_word' id='word_1_256' title='bbox 1495 1261 1601 1292; x_wconf 88' lang='lat' dir='ltr'><strong>ordine,</strong></span> <span class='ocrx_word' id='word_1_257' title='bbox 1615 1265 1646 1287; x_wconf 90' lang='lat' dir='ltr'><strong>ut</strong></span> <span class='ocrx_word' id='word_1_258' title='bbox 1664 1268 1755 1295; x_wconf 87' lang='lat' dir='ltr'><strong>quan-</strong></span> 
     </span>
    </p>
   </div>
   <div class='ocr_carea' id='block_1_36' title="bbox 963 1305 1753 1341">
    <p class='ocr_par' dir='ltr' id='par_1_36' title="bbox 963 1305 1753 1341">
     <span class='ocr_line' id='line_1_36' title="bbox 963 1305 1753 1341; baseline 0.001 -9"><span class='ocrx_word' id='word_1_259' title='bbox 963 1310 1019 1332; x_wconf 91' lang='lat' dir='ltr'><strong>tum</strong></span> <span class='ocrx_word' id='word_1_260' title='bbox 1033 1305 1090 1332; x_wconf 84' lang='lat' dir='ltr'><strong>ﬁeri</strong></span> <span class='ocrx_word' id='word_1_261' title='bbox 1104 1309 1202 1340; x_wconf 73' lang='lat' dir='ltr'><strong>potest,</strong></span> <span class='ocrx_word' id='word_1_262' title='bbox 1217 1306 1416 1340; x_wconf 83' lang='lat' dir='ltr'><strong>interpretando</strong></span> <span class='ocrx_word' id='word_1_263' title='bbox 1428 1314 1527 1340; x_wconf 86' lang='lat' dir='ltr'><strong>sequar</strong></span> <span class='ocrx_word' id='word_1_264' title='bbox 1542 1306 1661 1341; x_wconf 83' lang='lat' dir='ltr'><strong>regulam</strong></span> <span class='ocrx_word' id='word_1_265' title='bbox 1679 1314 1753 1341; x_wconf 68' lang='lat' dir='ltr'><strong>prm-</strong></span> 
     </span>
    </p>
   </div>
   <div class='ocr_carea' id='block_1_37' title="bbox 963 1351 1756 1387">
    <p class='ocr_par' dir='ltr' id='par_1_37' title="bbox 963 1351 1756 1387">
     <span class='ocr_line' id='line_1_37' title="bbox 963 1351 1756 1387; baseline 0.001 -9"><span class='ocrx_word' id='word_1_266' title='bbox 963 1359 1102 1379; x_wconf 84' lang='lat' dir='ltr'><strong>ccssorum</strong></span> <span class='ocrx_word' id='word_1_267' title='bbox 1117 1372 1124 1384; x_wconf 89' lang='lat'><strong>,</strong></span> <span class='ocrx_word' id='word_1_268' title='bbox 1153 1357 1179 1379; x_wconf 91' lang='lat' dir='ltr'><strong>et</strong></span> <span class='ocrx_word' id='word_1_269' title='bbox 1207 1351 1265 1385; x_wconf 84' lang='lat' dir='ltr'><strong>ejus</strong></span> <span class='ocrx_word' id='word_1_270' title='bbox 1288 1353 1424 1387; x_wconf 73' lang='lat' dir='ltr'><strong>praecipue</strong></span> <span class='ocrx_word' id='word_1_271' title='bbox 1444 1353 1494 1379; x_wconf 85' lang='lat' dir='ltr'><strong>viri</strong></span> <span class='ocrx_word' id='word_1_272' title='bbox 1521 1352 1598 1387; x_wconf 87' lang='lat' dir='ltr'><strong>cujus</strong></span> <span class='ocrx_word' id='word_1_273' title='bbox 1623 1353 1756 1387; x_wconf 81' lang='lat' dir='ltr'><strong>superius</strong></span> 
     </span>
    </p>
   </div>
   <div class='ocr_carea' id='block_1_38' title="bbox 963 1396 1754 1434">
    <p class='ocr_par' dir='ltr' id='par_1_38' title="bbox 963 1396 1754 1434">
     <span class='ocr_line' id='line_1_38' title="bbox 963 1396 1754 1434; baseline 0.005 -11"><span class='ocrx_word' id='word_1_274' title='bbox 963 1396 1078 1424; x_wconf 78' lang='lat' dir='ltr'><strong>fecimus</strong></span> <span class='ocrx_word' id='word_1_275' title='bbox 1106 1397 1288 1425; x_wconf 88' lang='lat' dir='ltr'><strong>mentionem:</strong></span> <span class='ocrx_word' id='word_1_276' title='bbox 1315 1398 1360 1431; x_wconf 89' lang='lat' dir='ltr'><strong>qui</strong></span> <span class='ocrx_word' id='word_1_277' title='bbox 1386 1405 1448 1424; x_wconf 90' lang='lat' dir='ltr'><strong>cum</strong></span> <span class='ocrx_word' id='word_1_278' title='bbox 1466 1399 1546 1425; x_wconf 85' lang='lat' dir='ltr'><strong>.ultra</strong></span> <span class='ocrx_word' id='word_1_279' title='bbox 1574 1400 1754 1434; x_wconf 76' lang='lat' dir='ltr'><strong>septuaginta</strong></span> 
     </span>
    </p>
   </div>
   <div class='ocr_carea' id='block_1_39' title="bbox 963 1442 1754 1479">
    <p class='ocr_par' dir='ltr' id='par_1_39' title="bbox 963 1442 1754 1479">
     <span class='ocr_line' id='line_1_39' title="bbox 963 1442 1754 1479; baseline 0.004 -10"><span class='ocrx_word' id='word_1_280' title='bbox 963 1442 1067 1470; x_wconf 85' lang='lat' dir='ltr'><strong>libellos</strong></span> <span class='ocrx_word' id='word_1_281' title='bbox 1085 1442 1211 1476; x_wconf 87' lang='lat' dir='ltr'><strong>Origenis</strong></span> <span class='ocrx_word' id='word_1_282' title='bbox 1235 1449 1306 1476; x_wconf 81' lang='lat' dir='ltr'><strong>quos</strong></span> <span class='ocrx_word' id='word_1_283' title='bbox 1321 1443 1495 1471; x_wconf 79' lang='lat' dir='ltr'><strong>homileticos</strong></span> <span class='ocrx_word' id='word_1_284' title='bbox 1520 1444 1577 1479; x_wconf 82' lang='lat'><strong>(56)</strong></span> <span class='ocrx_word' id='word_1_285' title='bbox 1592 1444 1754 1479; x_wconf 78' lang='lat' dir='ltr'><strong>appellavit.</strong></span> 
     </span>
    </p>
   </div>
   <div class='ocr_carea' id='block_1_40' title="bbox 963 1487 1756 1524">
    <p class='ocr_par' dir='ltr' id='par_1_40' title="bbox 963 1487 1756 1524">
     <span class='ocr_line' id='line_1_40' title="bbox 963 1487 1756 1524; baseline 0.006 -11"><span class='ocrx_word' id='word_1_286' title='bbox 963 1487 1119 1522; x_wconf 83' lang='lat' dir='ltr'><strong>aliquantus</strong></span> <span class='ocrx_word' id='word_1_287' title='bbox 1146 1487 1227 1514; x_wconf 78' lang='lat' dir='ltr'><strong>etiam</strong></span> <span class='ocrx_word' id='word_1_288' title='bbox 1254 1487 1288 1514; x_wconf 88' lang='lat' dir='ltr'><strong>de</strong></span> <span class='ocrx_word' id='word_1_289' title='bbox 1315 1489 1396 1515; x_wconf 86' lang='lat' dir='ltr'><strong>tomis</strong></span> <span class='ocrx_word' id='word_1_290' title='bbox 1412 1489 1440 1514; x_wconf 87' lang='lat' dir='ltr'><strong>in</strong></span> <span class='ocrx_word' id='word_1_291' title='bbox 1459 1488 1615 1522; x_wconf 81' lang='lat' dir='ltr'><strong>Apostolum</strong></span> <span class='ocrx_word' id='word_1_292' title='bbox 1639 1490 1756 1524; x_wconf 84' lang='lat' dir='ltr'><strong>scriptis</strong></span> 
     </span>
    </p>
   </div>
   <div class='ocr_carea' id='block_1_41' title="bbox 126 1523 1754 1570">
    <p class='ocr_par' dir='ltr' id='par_1_41' title="bbox 126 1523 1754 1570">
     <span class='ocr_line' id='line_1_41' title="bbox 126 1523 1754 1570; baseline 0.006 -16"><span class='ocrx_word' id='word_1_293' title='bbox 126 1529 212 1556; x_wconf 88' lang='lat' dir='ltr'><strong>libros</strong></span> <span class='ocrx_word' id='word_1_294' title='bbox 225 1548 232 1560; x_wconf 93' lang='lat'><strong>,</strong></span> <span class='ocrx_word' id='word_1_295' title='bbox 258 1533 284 1555; x_wconf 87' lang='lat' dir='ltr'><strong>et</strong></span> <span class='ocrx_word' id='word_1_296' title='bbox 301 1529 368 1556; x_wconf 83' lang='lat' dir='ltr'><strong>alios</strong></span> <span class='ocrx_word' id='word_1_297' title='bbox 393 1530 609 1564; x_wconf 89' lang='lat' dir='ltr'><strong>quamplttrimos</strong></span> <span class='ocrx_word' id='word_1_298' title='bbox 631 1529 758 1565; x_wconf 84' lang='lat' dir='ltr'><strong>Origcnis</strong></span> <span class='ocrx_word' id='word_1_299' title='bbox 784 1531 911 1559; x_wconf 82' lang='lat' dir='ltr'><strong>Romanis</strong></span> <span class='ocrx_word' id='word_1_300' title='bbox 929 1523 949 1552; x_wconf 74' lang='grc' dir='ltr'><strong>Β</strong></span> <span class='ocrx_word' id='word_1_301' title='bbox 965 1532 1147 1560; x_wconf 89' lang='lat' dir='ltr'><strong>transtulisset</strong></span> <span class='ocrx_word' id='word_1_302' title='bbox 1169 1533 1194 1559; x_wconf 92' lang='lat' dir='ltr'><strong>in</strong></span> <span class='ocrx_word' id='word_1_303' title='bbox 1212 1532 1360 1566; x_wconf 86' lang='lat' dir='ltr'><strong>Latinum;</strong></span> <span class='ocrx_word' id='word_1_304' title='bbox 1381 1534 1407 1559; x_wconf 90' lang='lat' dir='ltr'><strong>in</strong></span> <span class='ocrx_word' id='word_1_305' title='bbox 1423 1535 1519 1568; x_wconf 83' lang='lat' dir='ltr'><strong>quibus</strong></span> <span class='ocrx_word' id='word_1_306' title='bbox 1532 1542 1593 1561; x_wconf 91' lang='lat' dir='ltr'><strong>cttm</strong></span> <span class='ocrx_word' id='word_1_307' title='bbox 1610 1523 1754 1570; x_wconf 85' lang='lat' dir='ltr'><strong>aliquanta</strong></span> 
     </span>
    </p>
   </div>
   <div class='ocr_carea' id='block_1_42' title="bbox 125 1574 910 1612">
    <p class='ocr_par' dir='ltr' id='par_1_42' title="bbox 125 1574 910 1612">
     <span class='ocr_line' id='line_1_42' title="bbox 125 1574 910 1612; baseline 0.005 -12"><span class='ocrx_word' id='word_1_308' title='bbox 125 1574 237 1601; x_wconf 86' lang='lat' dir='ltr'><strong>auribus</strong></span> <span class='ocrx_word' id='word_1_309' title='bbox 254 1574 426 1609; x_wconf 58' lang='lat' dir='ltr'><strong>largiturum.</strong></span> <span class='ocrx_word' id='word_1_310' title='bbox 455 1575 507 1602; x_wconf 76' lang='lat' dir='ltr'><strong>Sed</strong></span> <span class='ocrx_word' id='word_1_311' title='bbox 525 1575 568 1602; x_wconf 90' lang='lat' dir='ltr'><strong>ille</strong></span> <span class='ocrx_word' id='word_1_312' title='bbox 581 1597 588 1608; x_wconf 85' lang='lat'><strong>,</strong></span> <span class='ocrx_word' id='word_1_313' title='bbox 615 1581 644 1602; x_wconf 92' lang='lat' dir='ltr'><strong>ut</strong></span> <span class='ocrx_word' id='word_1_314' title='bbox 669 1577 745 1604; x_wconf 86' lang='lat' dir='ltr'><strong>video</strong></span> <span class='ocrx_word' id='word_1_315' title='bbox 757 1598 764 1609; x_wconf 94' lang='lat'><strong>,</strong></span> <span class='ocrx_word' id='word_1_316' title='bbox 795 1578 821 1604; x_wconf 89' lang='lat' dir='ltr'><strong>in</strong></span> <span class='ocrx_word' id='word_1_317' title='bbox 839 1578 910 1612; x_wconf 87' lang='lat' dir='ltr'><strong>ston</strong></span> 
     </span>
    </p>
   </div>
   <div class='ocr_carea' id='block_1_43' title="bbox 124 1619 910 1656">
    <p class='ocr_par' dir='ltr' id='par_1_43' title="bbox 124 1619 910 1656">
     <span class='ocr_line' id='line_1_43' title="bbox 124 1619 910 1656; baseline 0.006 -11"><span class='ocrx_word' id='word_1_318' title='bbox 124 1619 236 1654; x_wconf 89' lang='lat' dir='ltr'><strong>proprio</strong></span> <span class='ocrx_word' id='word_1_319' title='bbox 254 1619 362 1654; x_wconf 86' lang='lat' dir='ltr'><strong>placens</strong></span> <span class='ocrx_word' id='word_1_320' title='bbox 375 1641 383 1652; x_wconf 90' lang='lat'><strong>,</strong></span> <span class='ocrx_word' id='word_1_321' title='bbox 403 1628 458 1648; x_wconf 91' lang='lat' dir='ltr'><strong>rem</strong></span> <span class='ocrx_word' id='word_1_322' title='bbox 477 1621 589 1655; x_wconf 89' lang='lat' dir='ltr'><strong>majoris</strong></span> <span class='ocrx_word' id='word_1_323' title='bbox 606 1622 697 1656; x_wconf 75' lang='lat' dir='ltr'><strong>glorim</strong></span> <span class='ocrx_word' id='word_1_324' title='bbox 714 1623 837 1656; x_wconf 77' lang='lat' dir='ltr'><strong>sequitur</strong></span> <span class='ocrx_word' id='word_1_325' title='bbox 849 1643 857 1656; x_wconf 90' lang='lat'><strong>,</strong></span> <span class='ocrx_word' id='word_1_326' title='bbox 881 1628 910 1650; x_wconf 88' lang='lat' dir='ltr'><strong>ut</strong></span> 
     </span>
    </p>
   </div>
   <div class='ocr_carea' id='block_1_44' title="bbox 125 1665 909 1704">
    <p class='ocr_par' dir='ltr' id='par_1_44' title="bbox 125 1665 909 1704">
     <span class='ocr_line' id='line_1_44' title="bbox 125 1665 909 1704; baseline 0.005 -13"><span class='ocrx_word' id='word_1_327' title='bbox 125 1669 201 1699; x_wconf 87' lang='lat' dir='ltr'><strong>pater</strong></span> <span class='ocrx_word' id='word_1_328' title='bbox 216 1665 292 1692; x_wconf 84' lang='lat' dir='ltr'><strong>verbi</strong></span> <span class='ocrx_word' id='word_1_329' title='bbox 319 1666 355 1692; x_wconf 88' lang='lat' dir='ltr'><strong>sit</strong></span> <span class='ocrx_word' id='word_1_330' title='bbox 380 1666 469 1699; x_wconf 89' lang='lat' dir='ltr'><strong>potius</strong></span> <span class='ocrx_word' id='word_1_331' title='bbox 487 1675 566 1701; x_wconf 87' lang='lat' dir='ltr'><strong>quatn</strong></span> <span class='ocrx_word' id='word_1_332' title='bbox 593 1668 735 1702; x_wconf 84' lang='lat' dir='ltr'><strong>interpres.</strong></span> <span class='ocrx_word' id='word_1_333' title='bbox 769 1667 823 1695; x_wconf 81' lang='lat' dir='ltr'><strong>Nos</strong></span> <span class='ocrx_word' id='word_1_334' title='bbox 846 1676 909 1704; x_wconf 79' lang='lat' dir='ltr'><strong>ergo</strong></span> 
     </span>
    </p>
   </div>
   <div class='ocr_carea' id='block_1_45' title="bbox 125 1711 908 1748">
    <p class='ocr_par' dir='ltr' id='par_1_45' title="bbox 125 1711 908 1748">
     <span class='ocr_line' id='line_1_45' title="bbox 125 1711 908 1748; baseline 0.005 -11"><span class='ocrx_word' id='word_1_335' title='bbox 125 1718 183 1737; x_wconf 89' lang='lat' dir='ltr'><strong>rem</strong></span> <span class='ocrx_word' id='word_1_336' title='bbox 201 1711 290 1739; x_wconf 86' lang='lat' dir='ltr'><strong>abillo</strong></span> <span class='ocrx_word' id='word_1_337' title='bbox 306 1712 414 1746; x_wconf 90' lang='lat' dir='ltr'><strong>quidem</strong></span> <span class='ocrx_word' id='word_1_338' title='bbox 435 1717 551 1746; x_wconf 70' lang='lat' dir='ltr'><strong>emptam</strong></span> <span class='ocrx_word' id='word_1_339' title='bbox 569 1715 708 1748; x_wconf 86' lang='lat' dir='ltr'><strong>sequimur</strong></span> <span class='ocrx_word' id='word_1_340' title='bbox 722 1715 908 1748; x_wconf 87' lang='lat' dir='ltr'><strong>etprobatatn,</strong></span> 
     </span>
    </p>
   </div>
   <div class='ocr_carea' id='block_1_46' title="bbox 125 1757 910 1793">
    <p class='ocr_par' dir='ltr' id='par_1_46' title="bbox 125 1757 910 1793">
     <span class='ocr_line' id='line_1_46' title="bbox 125 1757 910 1793; baseline 0.003 -9"><span class='ocrx_word' id='word_1_341' title='bbox 125 1758 171 1785; x_wconf 86' lang='lat' dir='ltr'><strong>sed</strong></span> <span class='ocrx_word' id='word_1_342' title='bbox 190 1765 242 1785; x_wconf 92' lang='lat' dir='ltr'><strong>non</strong></span> <span class='ocrx_word' id='word_1_343' title='bbox 257 1758 343 1792; x_wconf 64' lang='lat' dir='ltr'><strong>aequis</strong></span> <span class='ocrx_word' id='word_1_344' title='bbox 359 1757 520 1793; x_wconf 68' lang='lat' dir='ltr'><strong>eloquentiae</strong></span> <span class='ocrx_word' id='word_1_345' title='bbox 540 1759 644 1786; x_wconf 90' lang='lat' dir='ltr'><strong>viribus</strong></span> <span class='ocrx_word' id='word_1_346' title='bbox 663 1759 730 1786; x_wconf 90' lang='lat' dir='ltr'><strong>tanti</strong></span> <span class='ocrx_word' id='word_1_347' title='bbox 748 1760 796 1786; x_wconf 69' lang='lat' dir='ltr'><strong>viri</strong></span> <span class='ocrx_word' id='word_1_348' title='bbox 813 1767 910 1786; x_wconf 87' lang='lat' dir='ltr'><strong>ornare</strong></span> 
     </span>
    </p>
   </div>
   <div class='ocr_carea' id='block_1_47' title="bbox 124 1804 910 1838">
    <p class='ocr_par' dir='ltr' id='par_1_47' title="bbox 124 1804 910 1838">
     <span class='ocr_line' id='line_1_47' title="bbox 124 1804 910 1838; baseline 0.001 -8"><span class='ocrx_word' id='word_1_349' title='bbox 124 1811 267 1838; x_wconf 88' lang='lat' dir='ltr'><strong>possumus</strong></span> <span class='ocrx_word' id='word_1_350' title='bbox 282 1804 371 1837; x_wconf 71' lang='lat' dir='ltr'><strong>dicta;</strong></span> <span class='ocrx_word' id='word_1_351' title='bbox 402 1805 474 1832; x_wconf 89' lang='lat' dir='ltr'><strong>unde</strong></span> <span class='ocrx_word' id='word_1_352' title='bbox 490 1812 587 1833; x_wconf 82' lang='lat' dir='ltr'><strong>vereor</strong></span> <span class='ocrx_word' id='word_1_353' title='bbox 609 1813 642 1833; x_wconf 89' lang='lat' dir='ltr'><strong>ne</strong></span> <span class='ocrx_word' id='word_1_354' title='bbox 669 1806 733 1832; x_wconf 90' lang='lat' dir='ltr'><strong>vitio</strong></span> <span class='ocrx_word' id='word_1_355' title='bbox 750 1813 810 1832; x_wconf 85' lang='lat' dir='ltr'><strong>meo</strong></span> <span class='ocrx_word' id='word_1_356' title='bbox 823 1805 849 1832; x_wconf 88' lang='lat' dir='ltr'><strong>id</strong></span> <span class='ocrx_word' id='word_1_357' title='bbox 865 1813 910 1832; x_wconf 83' lang='lat' dir='ltr'><strong>ac-</strong></span> 
     </span>
    </p>
   </div>
   <div class='ocr_carea' id='block_1_48' title="bbox 162 1848 345 1880">
    <p class='ocr_par' dir='ltr' id='par_1_48' title="bbox 162 1848 345 1880">
     <span class='ocr_line' id='line_1_48' title="bbox 162 1848 345 1880; baseline -0.005 -5"><span class='ocrx_word' id='word_1_358' title='bbox 162 1849 169 1863; x_wconf 90' lang='grc'>¹</span> <span class='ocrx_word' id='word_1_359' title='bbox 183 1848 260 1875; x_wconf 90' lang='lat' dir='ltr'><strong>Cant.</strong></span> <span class='ocrx_word' id='word_1_360' title='bbox 275 1856 305 1880; x_wconf 88' lang='grc' dir='ltr'>ιι,</span> <span class='ocrx_word' id='word_1_361' title='bbox 318 1848 345 1875; x_wconf 79' lang='grc'><strong>4.</strong></span> 
     </span>
    </p>
   </div>
   <div class='ocr_carea' id='block_1_49' title="bbox 159 1906 910 1942">
    <p class='ocr_par' dir='ltr' id='par_1_49' title="bbox 159 1906 910 1942">
     <span class='ocr_line' id='line_1_49' title="bbox 159 1906 910 1942; baseline 0.004 -10"><span class='ocrx_word' id='word_1_362' title='bbox 159 1906 216 1939; x_wconf 73' lang='lat'><strong>(5‘2)</strong></span> <span class='ocrx_word' id='word_1_363' title='bbox 230 1907 346 1942; x_wconf 25' lang='lat' dir='ltr'><strong>Exiliae</strong></span> <span class='ocrx_word' id='word_1_364' title='bbox 369 1907 530 1941; x_wconf 64' lang='lat' dir='ltr'><strong>praefatione</strong></span> <span class='ocrx_word' id='word_1_365' title='bbox 546 1907 634 1934; x_wconf 74' lang='lat' dir='ltr'><strong>Rufini</strong></span> <span class='ocrx_word' id='word_1_366' title='bbox 658 1908 771 1942; x_wconf 84' lang='lat' dir='ltr'><strong>ejusque</strong></span> <span class='ocrx_word' id='word_1_367' title='bbox 793 1914 910 1942; x_wconf 90' lang='lat' dir='ltr'><strong>quatuor</strong></span> 
     </span>
    </p>
   </div>
   <div class='ocr_carea' id='block_1_50' title="bbox 124 1936 908 1976">
    <p class='ocr_par' dir='ltr' id='par_1_50' title="bbox 124 1936 908 1976">
     <span class='ocr_line' id='line_1_50' title="bbox 124 1936 908 1976; baseline 0.004 -9"><span class='ocrx_word' id='word_1_368' title='bbox 124 1936 192 1975; x_wconf 58' lang='grc' dir='ltr'><strong>Πεξρὶ</strong></span> <span class='ocrx_word' id='word_1_369' title='bbox 207 1941 308 1975; x_wconf 77' lang='grc' dir='ltr'><strong>ἀρχῶν</strong></span> <span class='ocrx_word' id='word_1_370' title='bbox 330 1936 457 1969; x_wconf 70' lang='lat' dir='ltr'><strong>librorum</strong></span> <span class='ocrx_word' id='word_1_371' title='bbox 473 1936 694 1976; x_wconf 52' lang='lat' dir='ltr'><strong>interpretation-t2</strong></span> <span class='ocrx_word' id='word_1_372' title='bbox 713 1936 809 1971; x_wconf 57' lang='lat' dir='ltr'><strong>L&#39;atina</strong></span> <span class='ocrx_word' id='word_1_373' title='bbox 825 1945 908 1970; x_wconf 79' lang='lat' dir='ltr'><strong>seriti-</strong></span> 
     </span>
    </p>
   </div>
   <div class='ocr_carea' id='block_1_51' title="bbox 126 1976 910 2011">
    <p class='ocr_par' dir='ltr' id='par_1_51' title="bbox 126 1976 910 2011">
     <span class='ocr_line' id='line_1_51' title="bbox 126 1976 910 2011; baseline 0.004 -9"><span class='ocrx_word' id='word_1_374' title='bbox 126 1978 231 2002; x_wconf 87' lang='lat' dir='ltr'><strong>narium</strong></span> <span class='ocrx_word' id='word_1_375' title='bbox 245 1989 249 1993; x_wconf 87' lang='lat'><strong><em>~</em></strong></span> <span class='ocrx_word' id='word_1_376' title='bbox 261 1976 405 2011; x_wconf 74' lang='lat' dir='ltr'><strong>discordia:</strong></span> <span class='ocrx_word' id='word_1_377' title='bbox 426 1981 453 2002; x_wconf 89' lang='lat' dir='ltr'><strong>et</strong></span> <span class='ocrx_word' id='word_1_378' title='bbox 477 1977 569 2011; x_wconf 85' lang='lat' dir='ltr'><strong>ingens</strong></span> <span class='ocrx_word' id='word_1_379' title='bbox 587 1978 739 2004; x_wconf 84' lang='lat' dir='ltr'><strong>incendium</strong></span> <span class='ocrx_word' id='word_1_380' title='bbox 759 1984 851 2005; x_wconf 88' lang='lat' dir='ltr'><strong>natttm</strong></span> <span class='ocrx_word' id='word_1_381' title='bbox 869 1983 910 2005; x_wconf 86' lang='lat' dir='ltr'><strong>est</strong></span> 
     </span>
    </p>
   </div>
   <div class='ocr_carea' id='block_1_52' title="bbox 123 2010 908 2045">
    <p class='ocr_par' dir='ltr' id='par_1_52' title="bbox 123 2010 908 2045">
     <span class='ocr_line' id='line_1_52' title="bbox 123 2010 908 2045; baseline 0.003 -9"><span class='ocrx_word' id='word_1_382' title='bbox 123 2019 185 2036; x_wconf 90' lang='lat' dir='ltr'><strong>eum</strong></span> <span class='ocrx_word' id='word_1_383' title='bbox 204 2011 274 2037; x_wconf 80' lang='lat' dir='ltr'><strong>inter</strong></span> <span class='ocrx_word' id='word_1_384' title='bbox 290 2017 316 2037; x_wconf 89' lang='lat' dir='ltr'><strong>et</strong></span> <span class='ocrx_word' id='word_1_385' title='bbox 339 2010 531 2045; x_wconf 82' lang='lat' dir='ltr'><strong>Hieronymum</strong></span> <span class='ocrx_word' id='word_1_386' title='bbox 549 2020 555 2044; x_wconf 90' lang='lat'><strong>;</strong></span> <span class='ocrx_word' id='word_1_387' title='bbox 586 2012 618 2038; x_wconf 92' lang='lat' dir='ltr'><strong>de</strong></span> <span class='ocrx_word' id='word_1_388' title='bbox 640 2020 693 2045; x_wconf 89' lang='lat' dir='ltr'><strong>qtto</strong></span> <span class='ocrx_word' id='word_1_389' title='bbox 709 2013 768 2039; x_wconf 84' lang='lat' dir='ltr'><strong>vide</strong></span> <span class='ocrx_word' id='word_1_390' title='bbox 784 2013 908 2039; x_wconf 86' lang='lat' dir='ltr'><strong>lluctium</strong></span> 
     </span>
    </p>
   </div>
   <div class='ocr_carea' id='block_1_53' title="bbox 126 2045 910 2080">
    <p class='ocr_par' dir='ltr' id='par_1_53' title="bbox 126 2045 910 2080">
     <span class='ocr_line' id='line_1_53' title="bbox 126 2045 910 2080; baseline 0.003 -8"><span class='ocrx_word' id='word_1_391' title='bbox 126 2045 347 2080; x_wconf 79' lang='lat' dir='ltr'><strong>Origenianorum</strong></span> <span class='ocrx_word' id='word_1_392' title='bbox 360 2046 429 2073; x_wconf 86' lang='lat' dir='ltr'><strong>libro</strong></span> <span class='ocrx_word' id='word_1_393' title='bbox 440 2047 570 2077; x_wconf 86' lang='lat' dir='ltr'><strong>secundo,</strong></span> <span class='ocrx_word' id='word_1_394' title='bbox 583 2047 776 2080; x_wconf 83' lang='lat' dir='ltr'><strong>capitisquarti</strong></span> <span class='ocrx_word' id='word_1_395' title='bbox 789 2048 910 2074; x_wconf 84' lang='lat' dir='ltr'><strong>sectione</strong></span> 
     </span>
    </p>
   </div>
   <div class='ocr_carea' id='block_1_54' title="bbox 124 2080 913 2114">
    <p class='ocr_par' dir='ltr' id='par_1_54' title="bbox 124 2080 913 2114">
     <span class='ocr_line' id='line_1_54' title="bbox 124 2080 913 2114; baseline 0.003 -8"><span class='ocrx_word' id='word_1_396' title='bbox 124 2080 223 2113; x_wconf 80' lang='lat' dir='ltr'><strong>prima,</strong></span> <span class='ocrx_word' id='word_1_397' title='bbox 239 2087 312 2105; x_wconf 91' lang='lat' dir='ltr'><strong>num.</strong></span> <span class='ocrx_word' id='word_1_398' title='bbox 323 2080 365 2110; x_wconf 82' lang='lat' dir='ltr'><strong>l6,</strong></span> <span class='ocrx_word' id='word_1_399' title='bbox 379 2080 409 2106; x_wconf 89' lang='lat' dir='ltr'><strong>l7</strong></span> <span class='ocrx_word' id='word_1_400' title='bbox 425 2085 451 2107; x_wconf 88' lang='lat' dir='ltr'><strong>et</strong></span> <span class='ocrx_word' id='word_1_401' title='bbox 459 2087 535 2114; x_wconf 84' lang='lat' dir='ltr'><strong>seqq.</strong></span> <span class='ocrx_word' id='word_1_402' title='bbox 551 2081 660 2107; x_wconf 87' lang='lat' dir='ltr'><strong>luterim</strong></span> <span class='ocrx_word' id='word_1_403' title='bbox 673 2089 769 2108; x_wconf 89' lang='lat' dir='ltr'><strong>moneo</strong></span> <span class='ocrx_word' id='word_1_404' title='bbox 782 2089 829 2108; x_wconf 88' lang='lat' dir='ltr'><strong>nos</strong></span> <span class='ocrx_word' id='word_1_405' title='bbox 843 2081 913 2108; x_wconf 90' lang='lat' dir='ltr'><strong>hunc</strong></span> 
     </span>
    </p>
   </div>
   <div class='ocr_carea' id='block_1_55' title="bbox 126 2113 913 2151">
    <p class='ocr_par' dir='ltr' id='par_1_55' title="bbox 126 2113 913 2151">
     <span class='ocr_line' id='line_1_55' title="bbox 126 2113 913 2151; baseline 0.004 -12"><span class='ocrx_word' id='word_1_406' title='bbox 126 2113 268 2151; x_wconf 73' lang='lat' dir='ltr'><strong>prologum</strong></span> <span class='ocrx_word' id='word_1_407' title='bbox 284 2118 310 2139; x_wconf 87' lang='lat' dir='ltr'><strong>et</strong></span> <span class='ocrx_word' id='word_1_408' title='bbox 325 2119 482 2151; x_wconf 86' lang='lat' dir='ltr'><strong>sequentem</strong></span> <span class='ocrx_word' id='word_1_409' title='bbox 499 2113 617 2151; x_wconf 75' lang='lat' dir='ltr'><strong>quatuor</strong></span> <span class='ocrx_word' id='word_1_410' title='bbox 629 2116 700 2149; x_wconf 78' lang='grc' dir='ltr'><strong>Περὶ</strong></span> <span class='ocrx_word' id='word_1_411' title='bbox 716 2115 816 2151; x_wconf 80' lang='grc' dir='ltr'><strong>ἀρχῶν</strong></span> <span class='ocrx_word' id='word_1_412' title='bbox 833 2115 913 2151; x_wconf 78' lang='lat' dir='ltr'><strong>libro-</strong></span> 
     </span>
    </p>
   </div>
   <div class='ocr_carea' id='block_1_56' title="bbox 124 2148 912 2182">
    <p class='ocr_par' dir='ltr' id='par_1_56' title="bbox 124 2148 912 2182">
     <span class='ocr_line' id='line_1_56' title="bbox 124 2148 912 2182; baseline 0.004 -8"><span class='ocrx_word' id='word_1_413' title='bbox 124 2155 184 2174; x_wconf 90' lang='lat' dir='ltr'><strong>rum</strong></span> <span class='ocrx_word' id='word_1_414' title='bbox 199 2148 448 2182; x_wconf 78' lang='lat' dir='ltr'><strong>interpretationem</strong></span> <span class='ocrx_word' id='word_1_415' title='bbox 464 2148 611 2175; x_wconf 83' lang='lat' dir='ltr'><strong>contulisse</strong></span> <span class='ocrx_word' id='word_1_416' title='bbox 628 2157 688 2176; x_wconf 82' lang='lat' dir='ltr'><strong>cum</strong></span> <span class='ocrx_word' id='word_1_417' title='bbox 712 2148 912 2177; x_wconf 43' lang='lat' dir='ltr'><strong>seti&#39;codicibus</strong></span> 
     </span>
    </p>
   </div>
   <div class='ocr_carea' id='block_1_57' title="bbox 125 2183 909 2216">
    <p class='ocr_par' dir='ltr' id='par_1_57' title="bbox 125 2183 909 2216">
     <span class='ocr_line' id='line_1_57' title="bbox 125 2183 909 2216; baseline 0.004 -9"><span class='ocrx_word' id='word_1_418' title='bbox 125 2183 330 2215; x_wconf 79' lang='lat' dir='ltr'><strong>ntanuscriptis,</strong></span> <span class='ocrx_word' id='word_1_419' title='bbox 347 2190 400 2209; x_wconf 87' lang='lat' dir='ltr'><strong>ttno</strong></span> <span class='ocrx_word' id='word_1_420' title='bbox 415 2183 596 2209; x_wconf 85' lang='lat' dir='ltr'><strong>Virodunensi</strong></span> <span class='ocrx_word' id='word_1_421' title='bbox 615 2185 678 2210; x_wconf 88' lang='lat' dir='ltr'><strong>noni</strong></span> <span class='ocrx_word' id='word_1_422' title='bbox 692 2184 782 2210; x_wconf 62' lang='lat' dir='ltr'><strong>saeculi</strong></span> <span class='ocrx_word' id='word_1_423' title='bbox 800 2192 807 2216; x_wconf 89' lang='lat'><strong>;</strong></span> <span class='ocrx_word' id='word_1_424' title='bbox 825 2184 909 2211; x_wconf 86' lang='lat' dir='ltr'><strong>altero</strong></span> 
     </span>
    </p>
   </div>
   <div class='ocr_carea' id='block_1_58' title="bbox 124 2210 944 2251">
    <p class='ocr_par' dir='ltr' id='par_1_58' title="bbox 124 2210 944 2251">
     <span class='ocr_line' id='line_1_58' title="bbox 124 2210 944 2251; baseline 0.002 -9"><span class='ocrx_word' id='word_1_425' title='bbox 124 2210 293 2246; x_wconf 70' lang='lat' dir='ltr'><strong>Corlieietisi.</strong></span> <span class='ocrx_word' id='word_1_426' title='bbox 309 2210 372 2243; x_wconf 80' lang='lat' dir='ltr'><strong>noni</strong></span> <span class='ocrx_word' id='word_1_427' title='bbox 389 2218 491 2251; x_wconf 89' lang='lat' dir='ltr'><strong>pariter</strong></span> <span class='ocrx_word' id='word_1_428' title='bbox 503 2219 593 2244; x_wconf 68' lang='lat' dir='ltr'><strong>smculi</strong></span> <span class='ocrx_word' id='word_1_429' title='bbox 607 2225 615 2246; x_wconf 88' lang='grc'>;</span> <span class='ocrx_word' id='word_1_430' title='bbox 642 2219 721 2244; x_wconf 93' lang='lat' dir='ltr'><strong>tcrlio</strong></span> <span class='ocrx_word' id='word_1_431' title='bbox 731 2210 906 2250; x_wconf 65' lang='lat' dir='ltr'><strong>Colbertino;</strong></span> <span class='ocrx_word' id='word_1_432' title='bbox 923 2210 944 2238; x_wconf 64' lang='grc' dir='ltr'><strong>(ἶ</strong></span> 
     </span>
    </p>
   </div>
   <div class='ocr_carea' id='block_1_59' title="bbox 125 2251 909 2284">
    <p class='ocr_par' dir='ltr' id='par_1_59' title="bbox 125 2251 909 2284">
     <span class='ocr_line' id='line_1_59' title="bbox 125 2251 909 2284; baseline 0.006 -8"><span class='ocrx_word' id='word_1_433' title='bbox 125 2256 224 2283; x_wconf 83' lang='lat' dir='ltr'><strong>quarto</strong></span> <span class='ocrx_word' id='word_1_434' title='bbox 253 2251 428 2284; x_wconf 84' lang='lat' dir='ltr'><strong>Sorbonico;</strong></span> <span class='ocrx_word' id='word_1_435' title='bbox 457 2252 552 2284; x_wconf 90' lang='lat' dir='ltr'><strong>quinto</strong></span> <span class='ocrx_word' id='word_1_436' title='bbox 574 2253 731 2279; x_wconf 89' lang='lat' dir='ltr'><strong>monasterii</strong></span> <span class='ocrx_word' id='word_1_437' title='bbox 759 2253 791 2280; x_wconf 88' lang='lat' dir='ltr'><strong>de</strong></span> <span class='ocrx_word' id='word_1_438' title='bbox 819 2253 909 2281; x_wconf 80' lang='lat' dir='ltr'><strong>Monte</strong></span> 
     </span>
    </p>
   </div>
   <div class='ocr_carea' id='block_1_60' title="bbox 125 2285 910 2319">
    <p class='ocr_par' dir='ltr' id='par_1_60' title="bbox 125 2285 910 2319">
     <span class='ocr_line' id='line_1_60' title="bbox 125 2285 910 2319; baseline 0.004 -8"><span class='ocrx_word' id='word_1_439' title='bbox 125 2286 220 2312; x_wconf 89' lang='lat' dir='ltr'><strong>Sancti</strong></span> <span class='ocrx_word' id='word_1_440' title='bbox 239 2285 378 2313; x_wconf 77' lang='lat' dir='ltr'><strong>Michaelis</strong></span> <span class='ocrx_word' id='word_1_441' title='bbox 402 2287 427 2312; x_wconf 93' lang='lat' dir='ltr'><strong>in</strong></span> <span class='ocrx_word' id='word_1_442' title='bbox 446 2285 572 2312; x_wconf 77' lang='lat' dir='ltr'><strong>Pericula</strong></span> <span class='ocrx_word' id='word_1_443' title='bbox 589 2288 693 2319; x_wconf 84' lang='lat' dir='ltr'><strong>maris;</strong></span> <span class='ocrx_word' id='word_1_444' title='bbox 718 2292 794 2314; x_wconf 76' lang='lat' dir='ltr'><strong>sexto</strong></span> <span class='ocrx_word' id='word_1_445' title='bbox 817 2295 910 2314; x_wconf 78' lang='lat' dir='ltr'><strong>mona-</strong></span> 
     </span>
    </p>
   </div>
   <div class='ocr_carea' id='block_1_61' title="bbox 125 2320 907 2356">
    <p class='ocr_par' dir='ltr' id='par_1_61' title="bbox 125 2320 907 2356">
     <span class='ocr_line' id='line_1_61' title="bbox 125 2320 907 2356; baseline 0.003 -9"><span class='ocrx_word' id='word_1_446' title='bbox 125 2321 201 2347; x_wconf 82' lang='lat' dir='ltr'><strong>sterii</strong></span> <span class='ocrx_word' id='word_1_447' title='bbox 229 2321 320 2356; x_wconf 68' lang='lat' dir='ltr'><strong>Sancti</strong></span> <span class='ocrx_word' id='word_1_448' title='bbox 348 2321 462 2356; x_wconf 82' lang='lat' dir='ltr'><strong>Remigii</strong></span> <span class='ocrx_word' id='word_1_449' title='bbox 497 2320 671 2356; x_wconf 76' lang='lat' dir='ltr'><strong>Rhemensis.</strong></span> <span class='ocrx_word' id='word_1_450' title='bbox 704 2322 823 2356; x_wconf 86' lang='lat' dir='ltr'><strong>Denique</strong></span> <span class='ocrx_word' id='word_1_451' title='bbox 848 2330 907 2349; x_wconf 88' lang='lat' dir='ltr'><strong>eutn</strong></span> 
     </span>
    </p>
   </div>
   <div class='ocr_carea' id='block_1_62' title="bbox 126 2355 909 2390">
    <p class='ocr_par' dir='ltr' id='par_1_62' title="bbox 126 2355 909 2390">
     <span class='ocr_line' id='line_1_62' title="bbox 126 2355 909 2390; baseline 0.001 -9"><span class='ocrx_word' id='word_1_452' title='bbox 126 2357 194 2390; x_wconf 63' lang='lat' dir='ltr'><strong>lianc</strong></span> <span class='ocrx_word' id='word_1_453' title='bbox 205 2355 390 2389; x_wconf 67' lang='lat' dir='ltr'><strong>prmlelionem</strong></span> <span class='ocrx_word' id='word_1_454' title='bbox 403 2355 482 2389; x_wconf 88' lang='lat' dir='ltr'><strong>paulo</strong></span> <span class='ocrx_word' id='word_1_455' title='bbox 495 2355 650 2390; x_wconf 77' lang='lat' dir='ltr'><strong>accuratius</strong></span> <span class='ocrx_word' id='word_1_456' title='bbox 658 2363 737 2390; x_wconf 88' lang='lat' dir='ltr'><strong>quam</strong></span> <span class='ocrx_word' id='word_1_457' title='bbox 745 2355 873 2384; x_wconf 60' lang='lat' dir='ltr'><strong>Alerlinus</strong></span> <span class='ocrx_word' id='word_1_458' title='bbox 882 2363 909 2384; x_wconf 85' lang='lat' dir='ltr'><strong>et</strong></span> 
     </span>
    </p>
   </div>
   <div class='ocr_carea' id='block_1_63' title="bbox 123 2388 909 2420">
    <p class='ocr_par' dir='ltr' id='par_1_63' title="bbox 123 2388 909 2420">
     <span class='ocr_line' id='line_1_63' title="bbox 123 2388 909 2420; baseline 0.003 -3"><span class='ocrx_word' id='word_1_459' title='bbox 123 2388 318 2418; x_wconf 85' lang='lat' dir='ltr'><strong>Geucbrardus</strong></span> <span class='ocrx_word' id='word_1_460' title='bbox 335 2388 449 2416; x_wconf 84' lang='lat' dir='ltr'><strong>ediderit</strong></span> <span class='ocrx_word' id='word_1_461' title='bbox 467 2389 591 2416; x_wconf 89' lang='lat' dir='ltr'><strong>dominus</strong></span> <span class='ocrx_word' id='word_1_462' title='bbox 604 2388 722 2418; x_wconf 80' lang='lat' dir='ltr'><strong>Joannes</strong></span> <span class='ocrx_word' id='word_1_463' title='bbox 737 2391 909 2420; x_wconf 81' lang='lat' dir='ltr'><strong>Martiamcus</strong></span> 
     </span>
    </p>
   </div>
   <div class='ocr_carea' id='block_1_64' title="bbox 124 2424 908 2461">
    <p class='ocr_par' dir='ltr' id='par_1_64' title="bbox 124 2424 908 2461">
     <span class='ocr_line' id='line_1_64' title="bbox 124 2424 908 2461; baseline 0.005 -10"><span class='ocrx_word' id='word_1_464' title='bbox 124 2430 191 2451; x_wconf 91' lang='lat' dir='ltr'><strong>tom.</strong></span> <span class='ocrx_word' id='word_1_465' title='bbox 207 2424 239 2451; x_wconf 87' lang='lat' dir='ltr'><strong>IV</strong></span> <span class='ocrx_word' id='word_1_466' title='bbox 257 2424 476 2461; x_wconf 52' lang='lat' dir='ltr'><strong>pariesecunda</strong></span> <span class='ocrx_word' id='word_1_467' title='bbox 499 2431 554 2461; x_wconf 76' lang='lat' dir='ltr'><strong>sua:</strong></span> <span class='ocrx_word' id='word_1_468' title='bbox 575 2424 702 2461; x_wconf 82' lang='lat' dir='ltr'><strong>editionis</strong></span> <span class='ocrx_word' id='word_1_469' title='bbox 714 2427 828 2461; x_wconf 83' lang='lat' dir='ltr'><strong>Operam</strong></span> <span class='ocrx_word' id='word_1_470' title='bbox 845 2427 908 2454; x_wconf 83' lang='lat' dir='ltr'><strong>Ilie-</strong></span> 
     </span>
    </p>
   </div>
   <div class='ocr_carea' id='block_1_65' title="bbox 123 2458 907 2495">
    <p class='ocr_par' dir='ltr' id='par_1_65' title="bbox 123 2458 907 2495">
     <span class='ocr_line' id='line_1_65' title="bbox 123 2458 907 2495; baseline 0.006 -10"><span class='ocrx_word' id='word_1_471' title='bbox 123 2460 240 2495; x_wconf 82' lang='lat' dir='ltr'><strong>ronymi,</strong></span> <span class='ocrx_word' id='word_1_472' title='bbox 257 2466 283 2494; x_wconf 87' lang='lat' dir='ltr'><strong>p.</strong></span> <span class='ocrx_word' id='word_1_473' title='bbox 301 2458 364 2491; x_wconf 78' lang='lat'><strong>559,</strong></span> <span class='ocrx_word' id='word_1_474' title='bbox 379 2459 481 2494; x_wconf 84' lang='lat' dir='ltr'><strong>placuit</strong></span> <span class='ocrx_word' id='word_1_475' title='bbox 498 2459 579 2486; x_wconf 83' lang='lat' dir='ltr'><strong>etiam</strong></span> <span class='ocrx_word' id='word_1_476' title='bbox 591 2459 654 2488; x_wconf 89' lang='lat' dir='ltr'><strong>inde</strong></span> <span class='ocrx_word' id='word_1_477' title='bbox 672 2458 761 2489; x_wconf 73' lang='lat' dir='ltr'><strong>varias</strong></span> <span class='ocrx_word' id='word_1_478' title='bbox 779 2463 907 2490; x_wconf 87' lang='lat' dir='ltr'><strong>lectiones</strong></span> 
     </span>
    </p>
   </div>
   <div class='ocr_carea' id='block_1_66' title="bbox 123 2502 579 2528">
    <p class='ocr_par' dir='ltr' id='par_1_66' title="bbox 123 2502 579 2528">
     <span class='ocr_line' id='line_1_66' title="bbox 123 2502 579 2528; baseline 0.002 -8"><span class='ocrx_word' id='word_1_479' title='bbox 123 2502 280 2528; x_wconf 78' lang='lat' dir='ltr'><strong>excerpere.</strong></span> <span class='ocrx_word' id='word_1_480' title='bbox 559 2506 579 2514; x_wconf 64' lang='lat'><strong>~—</strong></span> 
     </span>
    </p>
   </div>
   <div class='ocr_carea' id='block_1_67' title="bbox 160 2529 907 2566">
    <p class='ocr_par' dir='ltr' id='par_1_67' title="bbox 160 2529 907 2566">
     <span class='ocr_line' id='line_1_67' title="bbox 160 2529 907 2566; baseline 0.005 -11"><span class='ocrx_word' id='word_1_481' title='bbox 160 2529 216 2563; x_wconf 75' lang='grc'><strong>(55)</strong></span> <span class='ocrx_word' id='word_1_482' title='bbox 233 2529 309 2566; x_wconf 68' lang='lat' dir='ltr'><strong>Inter</strong></span> <span class='ocrx_word' id='word_1_483' title='bbox 320 2536 385 2563; x_wconf 71' lang='lat' dir='ltr'><strong>quos</strong></span> <span class='ocrx_word' id='word_1_484' title='bbox 399 2529 479 2555; x_wconf 79' lang='lat' dir='ltr'><strong>etiam</strong></span> <span class='ocrx_word' id='word_1_485' title='bbox 498 2529 581 2566; x_wconf 68' lang='lat' dir='ltr'><strong>frater</strong></span> <span class='ocrx_word' id='word_1_486' title='bbox 595 2538 618 2557; x_wconf 82' lang='lat' dir='ltr'><strong>et</strong></span> <span class='ocrx_word' id='word_1_487' title='bbox 634 2530 732 2566; x_wconf 79' lang='lat' dir='ltr'><strong>collega</strong></span> <span class='ocrx_word' id='word_1_488' title='bbox 748 2536 845 2558; x_wconf 71' lang='lat' dir='ltr'><strong>noster.</strong></span> <span class='ocrx_word' id='word_1_489' title='bbox 861 2531 907 2559; x_wconf 88' lang='lat' dir='ltr'><strong>Sic</strong></span> 
     </span>
    </p>
   </div>
   <div class='ocr_carea' id='block_1_68' title="bbox 123 2564 905 2601">
    <p class='ocr_par' dir='ltr' id='par_1_68' title="bbox 123 2564 905 2601">
     <span class='ocr_line' id='line_1_68' title="bbox 123 2564 905 2601; baseline 0.006 -13"><span class='ocrx_word' id='word_1_490' title='bbox 123 2571 218 2601; x_wconf 78' lang='lat' dir='ltr'><strong>omnes</strong></span> <span class='ocrx_word' id='word_1_491' title='bbox 231 2564 310 2590; x_wconf 88' lang='lat' dir='ltr'><strong>codd.</strong></span> <span class='ocrx_word' id='word_1_492' title='bbox 328 2571 392 2590; x_wconf 87' lang='lat' dir='ltr'><strong>mss.</strong></span> <span class='ocrx_word' id='word_1_493' title='bbox 415 2568 511 2598; x_wconf 82' lang='lat' dir='ltr'><strong>pra-ter</strong></span> <span class='ocrx_word' id='word_1_494' title='bbox 528 2564 715 2601; x_wconf 72' lang='lat' dir='ltr'><strong>ilcntigianunt</strong></span> <span class='ocrx_word' id='word_1_495' title='bbox 738 2567 781 2593; x_wconf 92' lang='lat' dir='ltr'><strong>ubi</strong></span> <span class='ocrx_word' id='word_1_496' title='bbox 799 2566 905 2600; x_wconf 82' lang='lat' dir='ltr'><strong>legitur,</strong></span> 
     </span>
    </p>
   </div>
   <div class='ocr_carea' id='block_1_69' title="bbox 125 2599 905 2635">
    <p class='ocr_par' dir='ltr' id='par_1_69' title="bbox 125 2599 905 2635">
     <span class='ocr_line' id='line_1_69' title="bbox 125 2599 905 2635; baseline 0.005 -12"><span class='ocrx_word' id='word_1_497' title='bbox 125 2599 178 2635; x_wconf 40' lang='lat' dir='ltr'><strong>ein</strong></span> <span class='ocrx_word' id='word_1_498' title='bbox 196 2606 249 2635; x_wconf 87' lang='lat' dir='ltr'><strong>quo</strong></span> <span class='ocrx_word' id='word_1_499' title='bbox 264 2617 272 2629; x_wconf 79' lang='lat'><em>.</em></span> <span class='ocrx_word' id='word_1_500' title='bbox 290 2607 299 2624; x_wconf 78' lang='grc' dir='ltr'><strong>ι</strong></span> <span class='ocrx_word' id='word_1_501' title='bbox 319 2602 372 2635; x_wconf 64' lang='lat' dir='ltr'><strong>etc.</strong></span> <span class='ocrx_word' id='word_1_502' title='bbox 390 2617 398 2629; x_wconf 82' lang='lat'><strong>,</strong></span> <span class='ocrx_word' id='word_1_503' title='bbox 426 2606 506 2631; x_wconf 91' lang='lat' dir='ltr'><strong>quam</strong></span> <span class='ocrx_word' id='word_1_504' title='bbox 531 2599 672 2627; x_wconf 77' lang='lat' dir='ltr'><strong>lectionem</strong></span> <span class='ocrx_word' id='word_1_505' title='bbox 690 2602 814 2635; x_wconf 84' lang='lat' dir='ltr'><strong>sequitur</strong></span> <span class='ocrx_word' id='word_1_506' title='bbox 826 2599 905 2628; x_wconf 81' lang='lat' dir='ltr'><strong>etiam</strong></span> 
     </span>
    </p>
   </div>
   <div class='ocr_carea' id='block_1_70' title="bbox 122 2632 906 2666">
    <p class='ocr_par' dir='ltr' id='par_1_70' title="bbox 122 2632 906 2666">
     <span class='ocr_line' id='line_1_70' title="bbox 122 2632 906 2666; baseline 0.006 -9"><span class='ocrx_word' id='word_1_507' title='bbox 122 2632 307 2659; x_wconf 71' lang='lat' dir='ltr'><strong>Mat‘lianteus.</strong></span> <span class='ocrx_word' id='word_1_508' title='bbox 336 2632 478 2666; x_wconf 80' lang='lat' dir='ltr'><strong>Perperam</strong></span> <span class='ocrx_word' id='word_1_509' title='bbox 495 2641 558 2661; x_wconf 79' lang='lat' dir='ltr'><strong>vero</strong></span> <span class='ocrx_word' id='word_1_510' title='bbox 574 2635 701 2662; x_wconf 85' lang='lat' dir='ltr'><strong>Meriinus</strong></span> <span class='ocrx_word' id='word_1_511' title='bbox 713 2632 740 2662; x_wconf 77' lang='lat' dir='ltr'><strong>el</strong></span> <span class='ocrx_word' id='word_1_512' title='bbox 753 2636 906 2663; x_wconf 85' lang='lat' dir='ltr'><strong>Genebrar-</strong></span> 
     </span>
    </p>
   </div>
   <div class='ocr_carea' id='block_1_71' title="bbox 123 2667 906 2706">
    <p class='ocr_par' dir='ltr' id='par_1_71' title="bbox 123 2667 906 2706">
     <span class='ocr_line' id='line_1_71' title="bbox 123 2667 906 2706; baseline 0.008 -15"><span class='ocrx_word' id='word_1_513' title='bbox 123 2668 174 2706; x_wconf 79' lang='lat' dir='ltr'><strong>dn_s_</strong></span> <span class='ocrx_word' id='word_1_514' title='bbox 187 2676 192 2692; x_wconf 74' lang='grc' dir='ltr'><strong>ε</strong></span> <span class='ocrx_word' id='word_1_515' title='bbox 222 2677 231 2692; x_wconf 85' lang='grc' dir='ltr'><strong>ι</strong></span> <span class='ocrx_word' id='word_1_516' title='bbox 252 2667 323 2706; x_wconf 74' lang='lat' dir='ltr'><strong>lu_t_er</strong></span> <span class='ocrx_word' id='word_1_517' title='bbox 337 2674 404 2700; x_wconf 86' lang='lat' dir='ltr'><strong>quos</strong></span> <span class='ocrx_word' id='word_1_518' title='bbox 416 2669 601 2706; x_wconf 54' lang='lat' dir='ltr'><strong>etiamjrater</strong></span> <span class='ocrx_word' id='word_1_519' title='bbox 615 2670 803 2706; x_wconf 85' lang='lat' dir='ltr'><strong>Hieronymus,</strong></span> <span class='ocrx_word' id='word_1_520' title='bbox 817 2671 863 2697; x_wconf 66' lang='lat' dir='ltr'><strong>sed</strong></span> <span class='ocrx_word' id='word_1_521' title='bbox 879 2675 906 2697; x_wconf 89' lang='lat' dir='ltr'><strong>et</strong></span> 
     </span>
    </p>
   </div>
   <div class='ocr_carea' id='block_1_72' title="bbox 122 2701 904 2740">
    <p class='ocr_par' dir='ltr' id='par_1_72' title="bbox 122 2701 904 2740">
     <span class='ocr_line' id='line_1_72' title="bbox 122 2701 904 2740; baseline 0.008 -14"><span class='ocrx_word' id='word_1_522' title='bbox 122 2701 236 2735; x_wconf 72' lang='lat' dir='ltr'><strong>collega.</strong></span> <span class='ocrx_word' id='word_1_523' title='bbox 257 2711 268 2725; x_wconf 84' lang='grc'><strong><em>›</em></strong></span> <span class='ocrx_word' id='word_1_524' title='bbox 280 2701 412 2740; x_wconf 75' lang='lat' dir='ltr'><strong>Tacu_erat</strong></span> <span class='ocrx_word' id='word_1_525' title='bbox 422 2702 616 2740; x_wconf 77' lang='lat' dir='ltr'><strong>enimRulinus</strong></span> <span class='ocrx_word' id='word_1_526' title='bbox 628 2701 783 2740; x_wconf 79' lang='lat' dir='ltr'><strong>Hieronymi</strong></span> <span class='ocrx_word' id='word_1_527' title='bbox 796 2713 904 2736; x_wconf 80' lang='lat' dir='ltr'><strong>nomen.</strong></span> 
     </span>
    </p>
   </div>
   <div class='ocr_carea' id='block_1_73' title="bbox 123 2736 904 2774">
    <p class='ocr_par' dir='ltr' id='par_1_73' title="bbox 123 2736 904 2774">
     <span class='ocr_line' id='line_1_73' title="bbox 123 2736 904 2774; baseline 0.009 -14"><span class='ocrx_word' id='word_1_528' title='bbox 123 2739 156 2774; x_wconf 70' lang='lat' dir='ltr'><strong>ut</strong></span> <span class='ocrx_word' id='word_1_529' title='bbox 182 2740 330 2774; x_wconf 44' lang='lat' dir='ltr'><strong>testanlun</strong></span> <span class='ocrx_word' id='word_1_530' title='bbox 347 2736 535 2765; x_wconf 80' lang='lat' dir='ltr'><strong>Panunactiins</strong></span> <span class='ocrx_word' id='word_1_531' title='bbox 559 2747 585 2766; x_wconf 82' lang='lat' dir='ltr'><strong>et</strong></span> <span class='ocrx_word' id='word_1_532' title='bbox 608 2736 738 2767; x_wconf 58' lang='lat' dir='ltr'><strong>Oceanus</strong></span> <span class='ocrx_word' id='word_1_533' title='bbox 757 2741 835 2774; x_wconf 82' lang='lat' dir='ltr'><strong>epist.</strong></span> <span class='ocrx_word' id='word_1_534' title='bbox 859 2741 904 2771; x_wconf 71' lang='grc'><strong>40,</strong></span> 
     </span>
    </p>
   </div>
   <div class='ocr_carea' id='block_1_74' title="bbox 123 2770 905 2809">
    <p class='ocr_par' dir='ltr' id='par_1_74' title="bbox 123 2770 905 2809">
     <span class='ocr_line' id='line_1_74' title="bbox 123 2770 905 2809; baseline 0.009 -15"><span class='ocrx_word' id='word_1_535' title='bbox 123 2770 190 2809; x_wconf 63' lang='lat' dir='ltr'><strong>alias</strong></span> <span class='ocrx_word' id='word_1_536' title='bbox 200 2770 244 2809; x_wconf 49' lang='lat' dir='ltr'><strong>(Si,</strong></span> <span class='ocrx_word' id='word_1_537' title='bbox 257 2771 288 2809; x_wconf 76' lang='lat' dir='ltr'><strong>ad</strong></span> <span class='ocrx_word' id='word_1_538' title='bbox 301 2771 502 2809; x_wconf 73' lang='lat' dir='ltr'><strong>Hieronymum.</strong></span> <span class='ocrx_word' id='word_1_539' title='bbox 515 2783 524 2798; x_wconf 79' lang='grc' dir='ltr'><strong>ι</strong></span> <span class='ocrx_word' id='word_1_540' title='bbox 537 2774 607 2801; x_wconf 85' lang='lat' dir='ltr'><strong>Sane</strong></span> <span class='ocrx_word' id='word_1_541' title='bbox 616 2770 905 2809; x_wconf 44' lang='lat' dir='ltr'><strong>subtilitervlnquiunt,</strong></span> 
     </span>
    </p>
   </div>
   <div class='ocr_carea' id='block_1_75' title="bbox 125 2806 905 2844">
    <p class='ocr_par' dir='ltr' id='par_1_75' title="bbox 125 2806 905 2844">
     <span class='ocr_line' id='line_1_75' title="bbox 125 2806 905 2844; baseline 0.006 -13"><span class='ocrx_word' id='word_1_542' title='bbox 125 2806 150 2831; x_wconf 88' lang='lat' dir='ltr'><strong>in</strong></span> <span class='ocrx_word' id='word_1_543' title='bbox 169 2807 329 2844; x_wconf 64' lang='lat' dir='ltr'><strong>praefatione</strong></span> <span class='ocrx_word' id='word_1_544' title='bbox 341 2808 430 2839; x_wconf 82' lang='lat' dir='ltr'><strong>operis</strong></span> <span class='ocrx_word' id='word_1_545' title='bbox 447 2808 486 2844; x_wconf 87' lang='lat' dir='ltr'><strong>sui</strong></span> <span class='ocrx_word' id='word_1_546' title='bbox 514 2811 676 2838; x_wconf 86' lang='lat' dir='ltr'><strong>mentionem</strong></span> <span class='ocrx_word' id='word_1_547' title='bbox 700 2811 782 2837; x_wconf 85' lang='lat' dir='ltr'><strong>tacito</strong></span> <span class='ocrx_word' id='word_1_548' title='bbox 797 2806 905 2837; x_wconf 77' lang='lat' dir='ltr'><strong>nomine</strong></span> 
     </span>
    </p>
   </div>
   <div class='ocr_carea' id='block_1_76' title="bbox 125 2841 525 2876">
    <p class='ocr_par' dir='ltr' id='par_1_76' title="bbox 125 2841 525 2876">
     <span class='ocr_line' id='line_1_76' title="bbox 125 2841 525 2876; baseline 0.008 -10"><span class='ocrx_word' id='word_1_549' title='bbox 125 2843 175 2866; x_wconf 63' lang='lat' dir='ltr'><strong>tua:</strong></span> <span class='ocrx_word' id='word_1_550' title='bbox 193 2841 345 2867; x_wconf 71' lang='lat' dir='ltr'><strong>sanctitatis</strong></span> <span class='ocrx_word' id='word_1_551' title='bbox 358 2842 499 2876; x_wconf 78' lang='lat' dir='ltr'><strong>expressit.</strong></span> <span class='ocrx_word' id='word_1_552' title='bbox 515 2854 525 2869; x_wconf 73' lang='grc' dir='ltr'><strong>ι</strong></span> 
     </span>
    </p>
   </div>
   <div class='ocr_carea' id='block_1_77' title="bbox 963 1578 1756 1611">
    <p class='ocr_par' dir='ltr' id='par_1_77' title="bbox 963 1578 1756 1611">
     <span class='ocr_line' id='line_1_77' title="bbox 963 1578 1756 1611; baseline 0.004 -6"><span class='ocrx_word' id='word_1_553' title='bbox 963 1578 1125 1606; x_wconf 71' lang='lat' dir='ltr'><strong>oﬂ‘eudicula</strong></span> <span class='ocrx_word' id='word_1_554' title='bbox 1157 1579 1330 1605; x_wconf 87' lang='lat' dir='ltr'><strong>inveniantur</strong></span> <span class='ocrx_word' id='word_1_555' title='bbox 1358 1579 1384 1605; x_wconf 95' lang='lat' dir='ltr'><strong>in</strong></span> <span class='ocrx_word' id='word_1_556' title='bbox 1412 1578 1529 1611; x_wconf 76' lang='lat' dir='ltr'><strong>Grzeco,</strong></span> <span class='ocrx_word' id='word_1_557' title='bbox 1564 1581 1600 1606; x_wconf 93' lang='lat' dir='ltr'><strong>ita</strong></span> <span class='ocrx_word' id='word_1_558' title='bbox 1628 1581 1756 1608; x_wconf 76' lang='lat' dir='ltr'><strong>elimavit</strong></span> 
     </span>
    </p>
   </div>
   <div class='ocr_carea' id='block_1_78' title="bbox 963 1624 1756 1659">
    <p class='ocr_par' dir='ltr' id='par_1_78' title="bbox 963 1624 1756 1659">
     <span class='ocr_line' id='line_1_78' title="bbox 963 1624 1756 1659; baseline 0.005 -9"><span class='ocrx_word' id='word_1_559' title='bbox 963 1625 1054 1651; x_wconf 86' lang='lat' dir='ltr'><strong>omnia</strong></span> <span class='ocrx_word' id='word_1_560' title='bbox 1079 1624 1292 1658; x_wconf 80' lang='lat' dir='ltr'><strong>interpretando,</strong></span> <span class='ocrx_word' id='word_1_561' title='bbox 1323 1628 1403 1658; x_wconf 90' lang='lat' dir='ltr'><strong>atque</strong></span> <span class='ocrx_word' id='word_1_562' title='bbox 1417 1625 1552 1659; x_wconf 84' lang='lat' dir='ltr'><strong>purgavit,</strong></span> <span class='ocrx_word' id='word_1_563' title='bbox 1571 1630 1601 1652; x_wconf 91' lang='lat' dir='ltr'><strong>ut</strong></span> <span class='ocrx_word' id='word_1_564' title='bbox 1626 1627 1695 1653; x_wconf 91' lang='lat' dir='ltr'><strong>nihil</strong></span> <span class='ocrx_word' id='word_1_565' title='bbox 1725 1628 1756 1654; x_wconf 89' lang='lat' dir='ltr'><strong>in</strong></span> 
     </span>
    </p>
   </div>
   <div class='ocr_carea' id='block_1_79' title="bbox 944 1669 1755 1705">
    <p class='ocr_par' dir='ltr' id='par_1_79' title="bbox 944 1669 1755 1705">
     <span class='ocr_line' id='line_1_79' title="bbox 944 1669 1755 1705; baseline 0.004 -9"><span class='ocrx_word' id='word_1_566' title='bbox 944 1679 952 1690; x_wconf 64' lang='grc' dir='ltr'><em>ί</em></span> <span class='ocrx_word' id='word_1_567' title='bbox 964 1669 1016 1696; x_wconf 87' lang='lat' dir='ltr'><strong>illis</strong></span> <span class='ocrx_word' id='word_1_568' title='bbox 1035 1670 1106 1704; x_wconf 88' lang='lat' dir='ltr'><strong>quod</strong></span> <span class='ocrx_word' id='word_1_569' title='bbox 1120 1677 1135 1696; x_wconf 73' lang='grc' dir='ltr'>ει</span> <span class='ocrx_word' id='word_1_570' title='bbox 1157 1669 1208 1696; x_wconf 81' lang='lat' dir='ltr'><strong>ﬁde</strong></span> <span class='ocrx_word' id='word_1_571' title='bbox 1224 1675 1316 1697; x_wconf 80' lang='lat' dir='ltr'><strong>nostra</strong></span> <span class='ocrx_word' id='word_1_572' title='bbox 1332 1670 1467 1705; x_wconf 89' lang='lat' dir='ltr'><strong>discrepet</strong></span> <span class='ocrx_word' id='word_1_573' title='bbox 1484 1670 1596 1698; x_wconf 82' lang='lat' dir='ltr'><strong>Latinus</strong></span> <span class='ocrx_word' id='word_1_574' title='bbox 1611 1671 1697 1699; x_wconf 85' lang='lat' dir='ltr'><strong>lector</strong></span> <span class='ocrx_word' id='word_1_575' title='bbox 1712 1673 1755 1699; x_wconf 86' lang='lat' dir='ltr'><strong>in-</strong></span> 
     </span>
    </p>
   </div>
   <div class='ocr_carea' id='block_1_80' title="bbox 963 1715 1756 1751">
    <p class='ocr_par' dir='ltr' id='par_1_80' title="bbox 963 1715 1756 1751">
     <span class='ocr_line' id='line_1_80' title="bbox 963 1715 1756 1751; baseline 0.006 -11"><span class='ocrx_word' id='word_1_576' title='bbox 963 1715 1063 1742; x_wconf 81' lang='lat' dir='ltr'><strong>\&#39;cniat.</strong></span> <span class='ocrx_word' id='word_1_577' title='bbox 1091 1715 1166 1742; x_wconf 87' lang='lat' dir='ltr'><strong>lltmc</strong></span> <span class='ocrx_word' id='word_1_578' title='bbox 1182 1722 1247 1749; x_wconf 84' lang='lat' dir='ltr'><strong>ergo</strong></span> <span class='ocrx_word' id='word_1_579' title='bbox 1260 1715 1342 1747; x_wconf 83' lang='lat' dir='ltr'><strong>etiam</strong></span> <span class='ocrx_word' id='word_1_580' title='bbox 1368 1723 1418 1743; x_wconf 92' lang='lat' dir='ltr'><strong>nos</strong></span> <span class='ocrx_word' id='word_1_581' title='bbox 1432 1716 1496 1743; x_wconf 80' lang='lat' dir='ltr'><strong>licet</strong></span> <span class='ocrx_word' id='word_1_582' title='bbox 1516 1725 1568 1743; x_wconf 90' lang='lat' dir='ltr'><strong>non</strong></span> <span class='ocrx_word' id='word_1_583' title='bbox 1587 1717 1756 1751; x_wconf 66' lang='lat' dir='ltr'><strong>eloquentia:</strong></span> 
     </span>
    </p>
   </div>
   <div class='ocr_carea' id='block_1_81' title="bbox 963 1759 1754 1796">
    <p class='ocr_par' dir='ltr' id='par_1_81' title="bbox 963 1759 1754 1796">
     <span class='ocr_line' id='line_1_81' title="bbox 963 1759 1754 1796; baseline 0.004 -10"><span class='ocrx_word' id='word_1_584' title='bbox 963 1760 1081 1790; x_wconf 83' lang='lat' dir='ltr'><strong>viribus.</strong></span> <span class='ocrx_word' id='word_1_585' title='bbox 1106 1759 1253 1793; x_wconf 72' lang='lat' dir='ltr'><strong>disciplinae</strong></span> <span class='ocrx_word' id='word_1_586' title='bbox 1270 1765 1359 1787; x_wconf 86' lang='lat' dir='ltr'><strong>tamen</strong></span> <span class='ocrx_word' id='word_1_587' title='bbox 1381 1761 1481 1795; x_wconf 64' lang='lat' dir='ltr'><strong>regulis</strong></span> <span class='ocrx_word' id='word_1_588' title='bbox 1499 1761 1554 1796; x_wconf 80' lang='lat'><strong>(37)</strong></span> <span class='ocrx_word' id='word_1_589' title='bbox 1577 1761 1603 1788; x_wconf 92' lang='lat' dir='ltr'><strong>in</strong></span> <span class='ocrx_word' id='word_1_590' title='bbox 1617 1767 1754 1796; x_wconf 86' lang='lat' dir='ltr'><strong>quantum</strong></span> 
     </span>
    </p>
   </div>
   <div class='ocr_carea' id='block_1_82' title="bbox 963 1804 1754 1839">
    <p class='ocr_par' dir='ltr' id='par_1_82' title="bbox 963 1804 1754 1839">
     <span class='ocr_line' id='line_1_82' title="bbox 963 1804 1754 1839; baseline 0.003 -7"><span class='ocrx_word' id='word_1_591' title='bbox 963 1812 1107 1839; x_wconf 78' lang='lat' dir='ltr'><strong>possumus</strong></span> <span class='ocrx_word' id='word_1_592' title='bbox 1121 1824 1129 1836; x_wconf 90' lang='lat'><strong>,</strong></span> <span class='ocrx_word' id='word_1_593' title='bbox 1153 1804 1315 1838; x_wconf 80' lang='lat' dir='ltr'><strong>sequimur,</strong></span> <span class='ocrx_word' id='word_1_594' title='bbox 1332 1805 1507 1833; x_wconf 76' lang='lat' dir='ltr'><strong>observantes</strong></span> <span class='ocrx_word' id='word_1_595' title='bbox 1530 1807 1637 1834; x_wconf 88' lang='lat' dir='ltr'><strong>scilicet</strong></span> <span class='ocrx_word' id='word_1_596' title='bbox 1659 1814 1693 1834; x_wconf 87' lang='lat' dir='ltr'><strong>ne</strong></span> <span class='ocrx_word' id='word_1_597' title='bbox 1719 1815 1754 1834; x_wconf 87' lang='lat' dir='ltr'><strong>ea</strong></span> 
     </span>
    </p>
   </div>
   <div class='ocr_carea' id='block_1_83' title="bbox 999 1908 1754 1943">
    <p class='ocr_par' dir='ltr' id='par_1_83' title="bbox 999 1908 1754 1943">
     <span class='ocr_line' id='line_1_83' title="bbox 999 1908 1754 1943; baseline 0.001 -8"><span class='ocrx_word' id='word_1_598' title='bbox 999 1908 1054 1943; x_wconf 70' lang='grc'><strong>(54)</strong></span> <span class='ocrx_word' id='word_1_599' title='bbox 1073 1908 1140 1940; x_wconf 78' lang='lat' dir='ltr'><strong>Quia</strong></span> <span class='ocrx_word' id='word_1_600' title='bbox 1152 1908 1377 1943; x_wconf 30' lang='lat' dir='ltr'><strong>introduailtetc.</strong></span> <span class='ocrx_word' id='word_1_601' title='bbox 1408 1908 1463 1936; x_wconf 72' lang='lat' dir='ltr'><strong>Vox</strong></span> <span class='ocrx_word' id='word_1_602' title='bbox 1483 1917 1491 1933; x_wconf 78' lang='grc' dir='ltr'><strong>ι</strong></span> <span class='ocrx_word' id='word_1_603' title='bbox 1512 1908 1597 1942; x_wconf 78' lang='lat' dir='ltr'><strong>quiat</strong></span> <span class='ocrx_word' id='word_1_604' title='bbox 1624 1908 1704 1935; x_wconf 87' lang='lat' dir='ltr'><strong>deest</strong></span> <span class='ocrx_word' id='word_1_605' title='bbox 1725 1909 1754 1936; x_wconf 93' lang='lat' dir='ltr'><strong>in</strong></span> 
     </span>
    </p>
   </div>
   <div class='ocr_carea' id='block_1_84' title="bbox 963 1942 1753 1977">
    <p class='ocr_par' dir='ltr' id='par_1_84' title="bbox 963 1942 1753 1977">
     <span class='ocr_line' id='line_1_84' title="bbox 963 1942 1753 1977; baseline 0.001 -8"><span class='ocrx_word' id='word_1_606' title='bbox 963 1943 1092 1970; x_wconf 86' lang='lat' dir='ltr'><strong>omnibus</strong></span> <span class='ocrx_word' id='word_1_607' title='bbox 1106 1943 1182 1969; x_wconf 89' lang='lat' dir='ltr'><strong>libris</strong></span> <span class='ocrx_word' id='word_1_608' title='bbox 1200 1947 1280 1977; x_wconf 82' lang='lat' dir='ltr'><strong>antea</strong></span> <span class='ocrx_word' id='word_1_609' title='bbox 1292 1942 1372 1969; x_wconf 83' lang='lat' dir='ltr'><strong>editis</strong></span> <span class='ocrx_word' id='word_1_610' title='bbox 1385 1963 1393 1976; x_wconf 88' lang='lat'><strong>,</strong></span> <span class='ocrx_word' id='word_1_611' title='bbox 1407 1943 1531 1977; x_wconf 83' lang='lat' dir='ltr'><strong>quamvis</strong></span> <span class='ocrx_word' id='word_1_612' title='bbox 1552 1943 1705 1975; x_wconf 76' lang='lat' dir='ltr'><strong>reperiatur</strong></span> <span class='ocrx_word' id='word_1_613' title='bbox 1723 1944 1753 1970; x_wconf 88' lang='lat' dir='ltr'><strong>in</strong></span> 
     </span>
    </p>
   </div>
   <div class='ocr_carea' id='block_1_85' title="bbox 962 1976 1752 2010">
    <p class='ocr_par' dir='ltr' id='par_1_85' title="bbox 962 1976 1752 2010">
     <span class='ocr_line' id='line_1_85' title="bbox 962 1976 1752 2010; baseline 0.001 -6"><span class='ocrx_word' id='word_1_614' title='bbox 962 1978 1087 2004; x_wconf 86' lang='lat' dir='ltr'><strong>omnibus</strong></span> <span class='ocrx_word' id='word_1_615' title='bbox 1113 1984 1178 2003; x_wconf 87' lang='lat' dir='ltr'><strong>mss.</strong></span> <span class='ocrx_word' id='word_1_616' title='bbox 1208 1976 1276 2002; x_wconf 88' lang='lat' dir='ltr'><strong>Ibid.</strong></span> <span class='ocrx_word' id='word_1_617' title='bbox 1303 1985 1398 2004; x_wconf 86' lang='lat' dir='ltr'><strong>omnes</strong></span> <span class='ocrx_word' id='word_1_618' title='bbox 1424 1985 1489 2004; x_wconf 91' lang='lat' dir='ltr'><strong>mss.</strong></span> <span class='ocrx_word' id='word_1_619' title='bbox 1516 1982 1542 2004; x_wconf 80' lang='lat' dir='ltr'><strong>et</strong></span> <span class='ocrx_word' id='word_1_620' title='bbox 1560 1977 1752 2010; x_wconf 71' lang='lat' dir='ltr'><strong>Martianazns,</strong></span> 
     </span>
    </p>
   </div>
   <div class='ocr_carea' id='block_1_86' title="bbox 967 2011 1750 2045">
    <p class='ocr_par' dir='ltr' id='par_1_86' title="bbox 967 2011 1750 2045">
     <span class='ocr_line' id='line_1_86' title="bbox 967 2011 1750 2045; baseline 0.001 -7"><span class='ocrx_word' id='word_1_621' title='bbox 967 2021 975 2038; x_wconf 89' lang='grc' dir='ltr'><strong>ι</strong></span> <span class='ocrx_word' id='word_1_622' title='bbox 991 2019 1114 2037; x_wconf 86' lang='lat' dir='ltr'><strong>asserens</strong></span> <span class='ocrx_word' id='word_1_623' title='bbox 1122 2018 1183 2037; x_wconf 85' lang='lat' dir='ltr'><strong>eum</strong></span> <span class='ocrx_word' id='word_1_624' title='bbox 1196 2011 1265 2044; x_wconf 91' lang='lat' dir='ltr'><strong>quod</strong></span> <span class='ocrx_word' id='word_1_625' title='bbox 1280 2018 1341 2038; x_wconf 91' lang='lat' dir='ltr'><strong>cum</strong></span> <span class='ocrx_word' id='word_1_626' title='bbox 1415 2012 1495 2038; x_wconf 86' lang='lat' dir='ltr'><strong>etiam</strong></span> <span class='ocrx_word' id='word_1_627' title='bbox 1505 2011 1561 2045; x_wconf 89' lang='lat' dir='ltr'><strong>ipse</strong></span> <span class='ocrx_word' id='word_1_628' title='bbox 1573 2018 1602 2038; x_wconf 84' lang='lat' dir='ltr'><strong>se</strong></span> <span class='ocrx_word' id='word_1_629' title='bbox 1613 2012 1725 2039; x_wconf 84' lang='lat' dir='ltr'><strong>vicerit.</strong></span> <span class='ocrx_word' id='word_1_630' title='bbox 1739 2023 1750 2039; x_wconf 76' lang='grc' dir='ltr'><strong>ι</strong></span> 
     </span>
    </p>
   </div>
   <div class='ocr_carea' id='block_1_87' title="bbox 964 2045 1752 2080">
    <p class='ocr_par' dir='ltr' id='par_1_87' title="bbox 964 2045 1752 2080">
     <span class='ocr_line' id='line_1_87' title="bbox 964 2045 1752 2080; baseline 0.003 -8"><span class='ocrx_word' id='word_1_631' title='bbox 964 2045 1038 2072; x_wconf 78' lang='lat' dir='ltr'><strong>Meri.</strong></span> <span class='ocrx_word' id='word_1_632' title='bbox 1052 2051 1078 2071; x_wconf 81' lang='lat' dir='ltr'><strong>et</strong></span> <span class='ocrx_word' id='word_1_633' title='bbox 1095 2045 1211 2071; x_wconf 71' lang='lat' dir='ltr'><strong>Genelir.</strong></span> <span class='ocrx_word' id='word_1_634' title='bbox 1231 2064 1240 2075; x_wconf 87' lang='lat'><strong>,</strong></span> <span class='ocrx_word' id='word_1_635' title='bbox 1259 2053 1401 2073; x_wconf 69' lang='lat' dir='ltr'><strong>«asserens</strong></span> <span class='ocrx_word' id='word_1_636' title='bbox 1418 2047 1487 2080; x_wconf 85' lang='lat' dir='ltr'><strong>quod</strong></span> <span class='ocrx_word' id='word_1_637' title='bbox 1504 2053 1564 2073; x_wconf 90' lang='lat' dir='ltr'><strong>cum</strong></span> <span class='ocrx_word' id='word_1_638' title='bbox 1642 2047 1702 2079; x_wconf 87' lang='lat' dir='ltr'><strong>ipse</strong></span> <span class='ocrx_word' id='word_1_639' title='bbox 1720 2055 1752 2074; x_wconf 85' lang='lat' dir='ltr'><strong>se</strong></span> 
     </span>
    </p>
   </div>
   <div class='ocr_carea' id='block_1_88' title="bbox 964 2079 1752 2114">
    <p class='ocr_par' dir='ltr' id='par_1_88' title="bbox 964 2079 1752 2114">
     <span class='ocr_line' id='line_1_88' title="bbox 964 2079 1752 2114; baseline 0.004 -8"><span class='ocrx_word' id='word_1_640' title='bbox 964 2079 1074 2106; x_wconf 68' lang='lat' dir='ltr'><strong>vincit.»</strong></span> <span class='ocrx_word' id='word_1_641' title='bbox 1090 2079 1170 2106; x_wconf 82' lang='lat' dir='ltr'><strong>Paulo</strong></span> <span class='ocrx_word' id='word_1_642' title='bbox 1183 2083 1244 2113; x_wconf 87' lang='lat' dir='ltr'><strong>post</strong></span> <span class='ocrx_word' id='word_1_643' title='bbox 1257 2079 1334 2106; x_wconf 90' lang='lat' dir='ltr'><strong>codd.</strong></span> <span class='ocrx_word' id='word_1_644' title='bbox 1347 2079 1440 2112; x_wconf 51' lang='lat' dir='ltr'><strong>Corbi,</strong></span> <span class='ocrx_word' id='word_1_645' title='bbox 1457 2081 1561 2113; x_wconf 78' lang='lat' dir='ltr'><strong>Remig.</strong></span> <span class='ocrx_word' id='word_1_646' title='bbox 1575 2085 1602 2107; x_wconf 88' lang='lat' dir='ltr'><strong>et</strong></span> <span class='ocrx_word' id='word_1_647' title='bbox 1612 2080 1752 2114; x_wconf 81' lang='lat' dir='ltr'><strong>Colbert..</strong></span> 
     </span>
    </p>
   </div>
   <div class='ocr_carea' id='block_1_89' title="bbox 965 2113 1752 2147">
    <p class='ocr_par' dir='ltr' id='par_1_89' title="bbox 965 2113 1752 2147">
     <span class='ocr_line' id='line_1_89' title="bbox 965 2113 1752 2147; baseline 0.004 -7"><span class='ocrx_word' id='word_1_648' title='bbox 965 2123 974 2140; x_wconf 79' lang='grc' dir='ltr'><strong>ι</strong></span> <span class='ocrx_word' id='word_1_649' title='bbox 994 2115 1091 2140; x_wconf 88' lang='lat' dir='ltr'><strong>merito</strong></span> <span class='ocrx_word' id='word_1_650' title='bbox 1110 2113 1278 2147; x_wconf 85' lang='lat' dir='ltr'><strong>comprobat.</strong></span> <span class='ocrx_word' id='word_1_651' title='bbox 1294 2124 1303 2139; x_wconf 79' lang='grc' dir='ltr'><strong>ι</strong></span> <span class='ocrx_word' id='word_1_652' title='bbox 1321 2114 1460 2146; x_wconf 81' lang='lat' dir='ltr'><strong>Merlinus,</strong></span> <span class='ocrx_word' id='word_1_653' title='bbox 1475 2114 1647 2142; x_wconf 80' lang='lat' dir='ltr'><strong>Martianaeus</strong></span> <span class='ocrx_word' id='word_1_654' title='bbox 1660 2120 1689 2142; x_wconf 83' lang='lat' dir='ltr'><strong>et</strong></span> <span class='ocrx_word' id='word_1_655' title='bbox 1703 2124 1752 2143; x_wconf 72' lang='lat' dir='ltr'><strong>co~</strong></span> 
     </span>
    </p>
   </div>
   <div class='ocr_carea' id='block_1_90' title="bbox 961 2147 1753 2180">
    <p class='ocr_par' dir='ltr' id='par_1_90' title="bbox 961 2147 1753 2180">
     <span class='ocr_line' id='line_1_90' title="bbox 961 2147 1753 2180; baseline 0.004 -5"><span class='ocrx_word' id='word_1_656' title='bbox 961 2149 1012 2175; x_wconf 84' lang='lat' dir='ltr'><strong>dcx</strong></span> <span class='ocrx_word' id='word_1_657' title='bbox 1027 2149 1184 2175; x_wconf 86' lang='lat' dir='ltr'><strong>monasterii</strong></span> <span class='ocrx_word' id='word_1_658' title='bbox 1200 2149 1232 2174; x_wconf 89' lang='lat' dir='ltr'><strong>de</strong></span> <span class='ocrx_word' id='word_1_659' title='bbox 1245 2147 1333 2176; x_wconf 83' lang='lat' dir='ltr'><strong>Monte</strong></span> <span class='ocrx_word' id='word_1_660' title='bbox 1346 2149 1437 2176; x_wconf 86' lang='lat' dir='ltr'><strong>Sancti</strong></span> <span class='ocrx_word' id='word_1_661' title='bbox 1450 2149 1600 2180; x_wconf 78' lang='lat' dir='ltr'><strong>Michaelis.</strong></span> <span class='ocrx_word' id='word_1_662' title='bbox 1619 2158 1629 2174; x_wconf 76' lang='grc' dir='ltr'><strong>ι</strong></span> <span class='ocrx_word' id='word_1_663' title='bbox 1648 2151 1753 2178; x_wconf 88' lang='lat' dir='ltr'><strong>merito</strong></span> 
     </span>
    </p>
   </div>
   <div class='ocr_carea' id='block_1_91' title="bbox 960 2182 1753 2217">
    <p class='ocr_par' dir='ltr' id='par_1_91' title="bbox 960 2182 1753 2217">
     <span class='ocr_line' id='line_1_91' title="bbox 960 2182 1753 2217; baseline 0.004 -8"><span class='ocrx_word' id='word_1_664' title='bbox 960 2183 1154 2217; x_wconf 83' lang='lat' dir='ltr'><strong>comprobavit.</strong></span> <span class='ocrx_word' id='word_1_665' title='bbox 1183 2191 1192 2207; x_wconf 80' lang='grc' dir='ltr'><strong>ι</strong></span> <span class='ocrx_word' id='word_1_666' title='bbox 1210 2182 1310 2209; x_wconf 83' lang='lat' dir='ltr'><strong>ibidem</strong></span> <span class='ocrx_word' id='word_1_667' title='bbox 1329 2191 1423 2210; x_wconf 69' lang='lat' dir='ltr'><strong>omnes</strong></span> <span class='ocrx_word' id='word_1_668' title='bbox 1439 2191 1502 2210; x_wconf 85' lang='lat' dir='ltr'><strong>mss.</strong></span> <span class='ocrx_word' id='word_1_669' title='bbox 1520 2188 1547 2210; x_wconf 88' lang='lat' dir='ltr'><strong>et</strong></span> <span class='ocrx_word' id='word_1_670' title='bbox 1560 2184 1753 2217; x_wconf 68' lang='lat' dir='ltr'><strong>Martianmus,</strong></span> 
     </span>
    </p>
   </div>
   <div class='ocr_carea' id='block_1_92' title="bbox 963 2217 1752 2253">
    <p class='ocr_par' dir='ltr' id='par_1_92' title="bbox 963 2217 1752 2253">
     <span class='ocr_line' id='line_1_92' title="bbox 963 2217 1752 2253; baseline 0.005 -10"><span class='ocrx_word' id='word_1_671' title='bbox 963 2225 973 2242; x_wconf 69' lang='grc' dir='ltr'>α</span> <span class='ocrx_word' id='word_1_672' title='bbox 989 2218 1060 2252; x_wconf 90' lang='lat' dir='ltr'><strong>quod</strong></span> <span class='ocrx_word' id='word_1_673' title='bbox 1079 2225 1128 2252; x_wconf 80' lang='lat' dir='ltr'><strong>ego</strong></span> <span class='ocrx_word' id='word_1_674' title='bbox 1141 2224 1210 2251; x_wconf 65' lang='lat' dir='ltr'><strong>sa&#39;pe</strong></span> <span class='ocrx_word' id='word_1_675' title='bbox 1227 2217 1404 2245; x_wconf 85' lang='lat' dir='ltr'><strong>considerans</strong></span> <span class='ocrx_word' id='word_1_676' title='bbox 1416 2217 1573 2253; x_wconf 77' lang='lat' dir='ltr'><strong>reticebam,</strong></span> <span class='ocrx_word' id='word_1_677' title='bbox 1588 2225 1638 2253; x_wconf 78' lang='lat' dir='ltr'><strong>nec</strong></span> <span class='ocrx_word' id='word_1_678' title='bbox 1652 2219 1752 2253; x_wconf 82' lang='lat' dir='ltr'><strong>depre-</strong></span> 
     </span>
    </p>
   </div>
   <div class='ocr_carea' id='block_1_93' title="bbox 961 2252 1752 2286">
    <p class='ocr_par' dir='ltr' id='par_1_93' title="bbox 961 2252 1752 2286">
     <span class='ocr_line' id='line_1_93' title="bbox 961 2252 1752 2286; baseline 0.001 -7"><span class='ocrx_word' id='word_1_679' title='bbox 961 2252 1086 2279; x_wconf 85' lang='lat' dir='ltr'><strong>cantibus</strong></span> <span class='ocrx_word' id='word_1_680' title='bbox 1103 2259 1144 2278; x_wconf 87' lang='lat' dir='ltr'><strong>tne</strong></span> <span class='ocrx_word' id='word_1_681' title='bbox 1218 2252 1380 2279; x_wconf 87' lang='lat' dir='ltr'><strong>annuebam.</strong></span> <span class='ocrx_word' id='word_1_682' title='bbox 1401 2261 1410 2278; x_wconf 80' lang='grc' dir='ltr'><strong>ι</strong></span> <span class='ocrx_word' id='word_1_683' title='bbox 1430 2252 1560 2278; x_wconf 87' lang='lat' dir='ltr'><strong>Merlinus</strong></span> <span class='ocrx_word' id='word_1_684' title='bbox 1571 2257 1598 2279; x_wconf 89' lang='lat' dir='ltr'><strong>et</strong></span> <span class='ocrx_word' id='word_1_685' title='bbox 1611 2252 1752 2286; x_wconf 78' lang='lat' dir='ltr'><strong>Genebr.,</strong></span> 
     </span>
    </p>
   </div>
   <div class='ocr_carea' id='block_1_94' title="bbox 963 2286 1751 2321">
    <p class='ocr_par' dir='ltr' id='par_1_94' title="bbox 963 2286 1751 2321">
     <span class='ocr_line' id='line_1_94' title="bbox 963 2286 1751 2321; baseline 0.006 -10"><span class='ocrx_word' id='word_1_686' title='bbox 963 2296 972 2311; x_wconf 73' lang='grc' dir='ltr'>α</span> <span class='ocrx_word' id='word_1_687' title='bbox 993 2287 1063 2321; x_wconf 90' lang='lat' dir='ltr'><strong>quod</strong></span> <span class='ocrx_word' id='word_1_688' title='bbox 1078 2294 1127 2320; x_wconf 79' lang='lat' dir='ltr'><strong>ego</strong></span> <span class='ocrx_word' id='word_1_689' title='bbox 1142 2286 1240 2319; x_wconf 85' lang='lat' dir='ltr'><strong>sa-pius</strong></span> <span class='ocrx_word' id='word_1_690' title='bbox 1262 2287 1438 2313; x_wconf 85' lang='lat' dir='ltr'><strong>considerans</strong></span> <span class='ocrx_word' id='word_1_691' title='bbox 1463 2286 1612 2314; x_wconf 87' lang='lat' dir='ltr'><strong>reticebam</strong></span> <span class='ocrx_word' id='word_1_692' title='bbox 1630 2306 1637 2318; x_wconf 87' lang='lat'><strong>,</strong></span> <span class='ocrx_word' id='word_1_693' title='bbox 1655 2293 1684 2315; x_wconf 87' lang='lat' dir='ltr'><strong>et</strong></span> <span class='ocrx_word' id='word_1_694' title='bbox 1701 2289 1751 2316; x_wconf 86' lang='lat' dir='ltr'><strong>de-</strong></span> 
     </span>
    </p>
   </div>
   <div class='ocr_carea' id='block_1_95' title="bbox 960 2321 1528 2355">
    <p class='ocr_par' dir='ltr' id='par_1_95' title="bbox 960 2321 1528 2355">
     <span class='ocr_line' id='line_1_95' title="bbox 960 2321 1528 2355; baseline -0.004 -7"><span class='ocrx_word' id='word_1_695' title='bbox 960 2321 1135 2355; x_wconf 84' lang='lat' dir='ltr'><strong>precantibus</strong></span> <span class='ocrx_word' id='word_1_696' title='bbox 1152 2328 1249 2348; x_wconf 89' lang='lat' dir='ltr'><strong>me....</strong></span> <span class='ocrx_word' id='word_1_697' title='bbox 1265 2328 1317 2347; x_wconf 93' lang='lat' dir='ltr'><strong>non</strong></span> <span class='ocrx_word' id='word_1_698' title='bbox 1335 2322 1498 2348; x_wconf 87' lang='lat' dir='ltr'><strong>annuebam.</strong></span> <span class='ocrx_word' id='word_1_699' title='bbox 1519 2330 1528 2347; x_wconf 82' lang='grc' dir='ltr'><strong>ι</strong></span> 
     </span>
    </p>
   </div>
   <div class='ocr_carea' id='block_1_96' title="bbox 995 2355 1752 2390">
    <p class='ocr_par' dir='ltr' id='par_1_96' title="bbox 995 2355 1752 2390">
     <span class='ocr_line' id='line_1_96' title="bbox 995 2355 1752 2390; baseline 0.003 -8"><span class='ocrx_word' id='word_1_700' title='bbox 995 2357 1051 2390; x_wconf 81' lang='grc'><strong>(55)</strong></span> <span class='ocrx_word' id='word_1_701' title='bbox 1066 2355 1163 2382; x_wconf 86' lang='lat' dir='ltr'><strong>Contra</strong></span> <span class='ocrx_word' id='word_1_702' title='bbox 1177 2355 1347 2388; x_wconf 77' lang='lat' dir='ltr'><strong>propositum.</strong></span> <span class='ocrx_word' id='word_1_703' title='bbox 1368 2355 1405 2390; x_wconf 82' lang='lat' dir='ltr'><strong>ita</strong></span> <span class='ocrx_word' id='word_1_704' title='bbox 1432 2363 1527 2382; x_wconf 85' lang='lat' dir='ltr'><strong>omnes</strong></span> <span class='ocrx_word' id='word_1_705' title='bbox 1551 2363 1617 2383; x_wconf 89' lang='lat' dir='ltr'><strong>mss.</strong></span> <span class='ocrx_word' id='word_1_706' title='bbox 1632 2360 1660 2382; x_wconf 92' lang='lat' dir='ltr'><strong>et</strong></span> <span class='ocrx_word' id='word_1_707' title='bbox 1675 2356 1752 2385; x_wconf 83' lang='lat' dir='ltr'><strong>Mar-</strong></span> 
     </span>
    </p>
   </div>
   <div class='ocr_carea' id='block_1_97' title="bbox 960 2389 1752 2426">
    <p class='ocr_par' dir='ltr' id='par_1_97' title="bbox 960 2389 1752 2426">
     <span class='ocr_line' id='line_1_97' title="bbox 960 2389 1752 2426; baseline 0.003 -9"><span class='ocrx_word' id='word_1_708' title='bbox 960 2391 1081 2417; x_wconf 68' lang='lat' dir='ltr'><strong>tiauaens.</strong></span> <span class='ocrx_word' id='word_1_709' title='bbox 1110 2392 1145 2426; x_wconf 49' lang='lat' dir='ltr'><strong>At</strong></span> <span class='ocrx_word' id='word_1_710' title='bbox 1159 2390 1288 2416; x_wconf 84' lang='lat' dir='ltr'><strong>lllcrlinus</strong></span> <span class='ocrx_word' id='word_1_711' title='bbox 1315 2394 1341 2416; x_wconf 90' lang='lat' dir='ltr'><strong>et</strong></span> <span class='ocrx_word' id='word_1_712' title='bbox 1366 2389 1496 2426; x_wconf 84' lang='lat' dir='ltr'><strong>Geneb_r_..</strong></span> <span class='ocrx_word' id='word_1_713' title='bbox 1523 2391 1620 2426; x_wconf 65' lang='lat' dir='ltr'><strong>teitra</strong></span> <span class='ocrx_word' id='word_1_714' title='bbox 1647 2398 1752 2426; x_wconf 86' lang='lat' dir='ltr'><strong>propo-</strong></span> 
     </span>
    </p>
   </div>
   <div class='ocr_carea' id='block_1_98' title="bbox 959 2424 1748 2457">
    <p class='ocr_par' dir='ltr' id='par_1_98' title="bbox 959 2424 1748 2457">
     <span class='ocr_line' id='line_1_98' title="bbox 959 2424 1748 2457; baseline 0.003 -5"><span class='ocrx_word' id='word_1_715' title='bbox 959 2426 1050 2452; x_wconf 84' lang='lat' dir='ltr'><strong>situm.</strong></span> <span class='ocrx_word' id='word_1_716' title='bbox 1067 2435 1076 2451; x_wconf 79' lang='grc' dir='ltr'><strong>ι</strong></span> <span class='ocrx_word' id='word_1_717' title='bbox 1109 2424 1170 2451; x_wconf 83' lang='lat' dir='ltr'><strong>Mox</strong></span> <span class='ocrx_word' id='word_1_718' title='bbox 1200 2431 1294 2451; x_wconf 88' lang='lat' dir='ltr'><strong>onmes</strong></span> <span class='ocrx_word' id='word_1_719' title='bbox 1323 2431 1388 2450; x_wconf 87' lang='lat' dir='ltr'><strong>mss.</strong></span> <span class='ocrx_word' id='word_1_720' title='bbox 1409 2429 1437 2450; x_wconf 83' lang='lat' dir='ltr'><strong>et</strong></span> <span class='ocrx_word' id='word_1_721' title='bbox 1453 2424 1626 2452; x_wconf 72' lang='lat' dir='ltr'><strong>Martianzeus</strong></span> <span class='ocrx_word' id='word_1_722' title='bbox 1644 2424 1655 2457; x_wconf 64' lang='grc' dir='ltr'><em>ζ</em></span> <span class='ocrx_word' id='word_1_723' title='bbox 1685 2424 1748 2454; x_wconf 69' lang='grc' dir='ltr'><strong>(εει</strong></span> 
     </span>
    </p>
   </div>
   <div class='ocr_carea' id='block_1_99' title="bbox 959 2459 1750 2495">
    <p class='ocr_par' dir='ltr' id='par_1_99' title="bbox 959 2459 1750 2495">
     <span class='ocr_line' id='line_1_99' title="bbox 959 2459 1750 2495; baseline 0.003 -9"><span class='ocrx_word' id='word_1_724' title='bbox 959 2464 1049 2486; x_wconf 86' lang='lat' dir='ltr'><strong>tamen</strong></span> <span class='ocrx_word' id='word_1_725' title='bbox 1065 2461 1124 2494; x_wconf 86' lang='lat' dir='ltr'><strong>lege</strong></span> <span class='ocrx_word' id='word_1_726' title='bbox 1138 2465 1219 2493; x_wconf 87' lang='lat' dir='ltr'><strong>atque</strong></span> <span class='ocrx_word' id='word_1_727' title='bbox 1235 2466 1266 2485; x_wconf 89' lang='lat' dir='ltr'><strong>eo</strong></span> <span class='ocrx_word' id='word_1_728' title='bbox 1276 2459 1413 2495; x_wconf 85' lang='lat' dir='ltr'><strong>ordine,ut</strong></span> <span class='ocrx_word' id='word_1_729' title='bbox 1427 2464 1556 2492; x_wconf 90' lang='lat' dir='ltr'><strong>quantum</strong></span> <span class='ocrx_word' id='word_1_730' title='bbox 1571 2460 1629 2486; x_wconf 88' lang='lat' dir='ltr'><strong>tieri</strong></span> <span class='ocrx_word' id='word_1_731' title='bbox 1644 2466 1750 2495; x_wconf 80' lang='lat' dir='ltr'><strong>potest,</strong></span> 
     </span>
    </p>
   </div>
   <div class='ocr_carea' id='block_1_100' title="bbox 960 2494 1751 2529">
    <p class='ocr_par' dir='ltr' id='par_1_100' title="bbox 960 2494 1751 2529">
     <span class='ocr_line' id='line_1_100' title="bbox 960 2494 1751 2529; baseline 0.001 -8"><span class='ocrx_word' id='word_1_732' title='bbox 960 2494 1163 2529; x_wconf 83' lang='lat' dir='ltr'><strong>interpretando</strong></span> <span class='ocrx_word' id='word_1_733' title='bbox 1179 2500 1277 2527; x_wconf 87' lang='lat' dir='ltr'><strong>sequar</strong></span> <span class='ocrx_word' id='word_1_734' title='bbox 1290 2494 1408 2528; x_wconf 77' lang='lat' dir='ltr'><strong>regulum</strong></span> <span class='ocrx_word' id='word_1_735' title='bbox 1421 2500 1626 2526; x_wconf 68' lang='lat' dir='ltr'><strong>prmcessorutn.</strong></span> <span class='ocrx_word' id='word_1_736' title='bbox 1646 2504 1657 2520; x_wconf 70' lang='grc' dir='ltr'><strong>ι</strong></span> <span class='ocrx_word' id='word_1_737' title='bbox 1672 2494 1751 2522; x_wconf 46' lang='lat' dir='ltr'><strong>Mer;</strong></span> 
     </span>
    </p>
   </div>
   <div class='ocr_carea' id='block_1_101' title="bbox 959 2528 1750 2561">
    <p class='ocr_par' dir='ltr' id='par_1_101' title="bbox 959 2528 1750 2561">
     <span class='ocr_line' id='line_1_101' title="bbox 959 2528 1750 2561; baseline 0.001 -5"><span class='ocrx_word' id='word_1_738' title='bbox 959 2528 1036 2556; x_wconf 75' lang='lat' dir='ltr'><strong>linus</strong></span> <span class='ocrx_word' id='word_1_739' title='bbox 1047 2534 1073 2555; x_wconf 90' lang='lat' dir='ltr'><strong>et</strong></span> <span class='ocrx_word' id='word_1_740' title='bbox 1084 2528 1203 2556; x_wconf 84' lang='lat' dir='ltr'><strong>Genebr.</strong></span> <span class='ocrx_word' id='word_1_741' title='bbox 1216 2547 1223 2559; x_wconf 84' lang='lat'><strong>,</strong></span> <span class='ocrx_word' id='word_1_742' title='bbox 1249 2536 1259 2552; x_wconf 71' lang='grc' dir='ltr'><strong>ι</strong></span> <span class='ocrx_word' id='word_1_743' title='bbox 1281 2535 1311 2554; x_wconf 90' lang='lat' dir='ltr'><strong>ea</strong></span> <span class='ocrx_word' id='word_1_744' title='bbox 1325 2532 1412 2554; x_wconf 85' lang='lat' dir='ltr'><strong>tamen</strong></span> <span class='ocrx_word' id='word_1_745' title='bbox 1427 2528 1483 2561; x_wconf 79' lang='lat' dir='ltr'><strong>lege</strong></span> <span class='ocrx_word' id='word_1_746' title='bbox 1500 2532 1581 2561; x_wconf 88' lang='lat' dir='ltr'><strong>atque</strong></span> <span class='ocrx_word' id='word_1_747' title='bbox 1591 2530 1702 2561; x_wconf 81' lang='lat' dir='ltr'><strong>ordine,</strong></span> <span class='ocrx_word' id='word_1_748' title='bbox 1722 2531 1750 2557; x_wconf 86' lang='lat' dir='ltr'><strong>in</strong></span> 
     </span>
    </p>
   </div>
   <div class='ocr_carea' id='block_1_102' title="bbox 958 2561 1750 2598">
    <p class='ocr_par' dir='ltr' id='par_1_102' title="bbox 958 2561 1750 2598">
     <span class='ocr_line' id='line_1_102' title="bbox 958 2561 1750 2598; baseline 0.001 -8"><span class='ocrx_word' id='word_1_749' title='bbox 958 2563 1159 2598; x_wconf 17' lang='lat' dir='ltr'><strong>quanttnnrﬁeri</strong></span> <span class='ocrx_word' id='word_1_750' title='bbox 1181 2566 1271 2596; x_wconf 80' lang='lat' dir='ltr'><strong>potest</strong></span> <span class='ocrx_word' id='word_1_751' title='bbox 1285 2581 1292 2593; x_wconf 91' lang='grc'><em>,</em></span> <span class='ocrx_word' id='word_1_752' title='bbox 1319 2561 1520 2596; x_wconf 82' lang='lat' dir='ltr'><strong>interpretando</strong></span> <span class='ocrx_word' id='word_1_753' title='bbox 1543 2569 1645 2595; x_wconf 88' lang='lat' dir='ltr'><strong>sequor</strong></span> <span class='ocrx_word' id='word_1_754' title='bbox 1663 2571 1750 2598; x_wconf 85' lang='lat' dir='ltr'><strong>regn-</strong></span> 
     </span>
    </p>
   </div>
   <div class='ocr_carea' id='block_1_103' title="bbox 959 2597 1422 2635">
    <p class='ocr_par' dir='ltr' id='par_1_103' title="bbox 959 2597 1422 2635">
     <span class='ocr_line' id='line_1_103' title="bbox 959 2597 1422 2635; baseline -0.013 -10"><span class='ocrx_word' id='word_1_755' title='bbox 959 2597 1293 2635; x_wconf 24' lang='lat' dir='ltr'><strong>lamprtedecessorump</strong></span> <span class='ocrx_word' id='word_1_756' title='bbox 1346 2629 1368 2635; x_wconf 85' lang='lat'><strong>__</strong></span> <span class='ocrx_word' id='word_1_757' title='bbox 1405 2629 1422 2635; x_wconf 19' lang='grc' dir='ltr'><em>γ’</em></span> 
     </span>
    </p>
   </div>
   <div class='ocr_carea' id='block_1_104' title="bbox 993 2629 1751 2667">
    <p class='ocr_par' dir='ltr' id='par_1_104' title="bbox 993 2629 1751 2667">
     <span class='ocr_line' id='line_1_104' title="bbox 993 2629 1751 2667; baseline 0.007 -12"><span class='ocrx_word' id='word_1_758' title='bbox 993 2629 1049 2667; x_wconf 70' lang='grc' dir='ltr'><strong>(δὸ)</strong></span> <span class='ocrx_word' id='word_1_759' title='bbox 1074 2631 1254 2667; x_wconf 63' lang='lat' dir='ltr'><strong>llumileticas.</strong></span> <span class='ocrx_word' id='word_1_760' title='bbox 1272 2630 1320 2667; x_wconf 90' lang='lat' dir='ltr'><strong>_lta</strong></span> <span class='ocrx_word' id='word_1_761' title='bbox 1345 2629 1527 2656; x_wconf 73' lang='lat' dir='ltr'><strong>Martianzeus.</strong></span> <span class='ocrx_word' id='word_1_762' title='bbox 1560 2630 1588 2657; x_wconf 86' lang='lat' dir='ltr'><strong>In</strong></span> <span class='ocrx_word' id='word_1_763' title='bbox 1614 2632 1751 2660; x_wconf 86' lang='lat' dir='ltr'><strong>omnibus</strong></span> 
     </span>
    </p>
   </div>
   <div class='ocr_carea' id='block_1_105' title="bbox 958 2665 1752 2701">
    <p class='ocr_par' dir='ltr' id='par_1_105' title="bbox 958 2665 1752 2701">
     <span class='ocr_line' id='line_1_105' title="bbox 958 2665 1752 2701; baseline 0.003 -9"><span class='ocrx_word' id='word_1_764' title='bbox 958 2665 1023 2695; x_wconf 70' lang='lat' dir='ltr'><strong>mss.</strong></span> <span class='ocrx_word' id='word_1_765' title='bbox 1041 2665 1139 2701; x_wconf 84' lang='lat' dir='ltr'><strong>legitur</strong></span> <span class='ocrx_word' id='word_1_766' title='bbox 1152 2675 1161 2690; x_wconf 78' lang='grc' dir='ltr'><strong>ι</strong></span> <span class='ocrx_word' id='word_1_767' title='bbox 1175 2665 1338 2701; x_wconf 82' lang='lat' dir='ltr'><strong>omeliticos,</strong></span> <span class='ocrx_word' id='word_1_768' title='bbox 1355 2673 1364 2689; x_wconf 84' lang='lat'><strong>)</strong></span> <span class='ocrx_word' id='word_1_769' title='bbox 1380 2669 1519 2701; x_wconf 61' lang='lat' dir='ltr'><strong>_ettrrttpte</strong></span> <span class='ocrx_word' id='word_1_770' title='bbox 1536 2672 1584 2701; x_wconf 86' lang='lat' dir='ltr'><strong>p_ro</strong></span> <span class='ocrx_word' id='word_1_771' title='bbox 1603 2667 1752 2701; x_wconf 49' lang='lat' dir='ltr'><strong>{homile-</strong></span> 
     </span>
    </p>
   </div>
   <div class='ocr_carea' id='block_1_106' title="bbox 959 2697 1753 2734">
    <p class='ocr_par' dir='ltr' id='par_1_106' title="bbox 959 2697 1753 2734">
     <span class='ocr_line' id='line_1_106' title="bbox 959 2697 1753 2734; baseline 0 -5"><span class='ocrx_word' id='word_1_772' title='bbox 959 2703 1037 2734; x_wconf 87' lang='lat' dir='ltr'><strong>licos,</strong></span> <span class='ocrx_word' id='word_1_773' title='bbox 1053 2697 1121 2727; x_wconf 56' lang='lat' dir='ltr'><strong>r&#39;vel</strong></span> <span class='ocrx_word' id='word_1_774' title='bbox 1139 2709 1148 2725; x_wconf 88' lang='grc'><em>‹</em></span> <span class='ocrx_word' id='word_1_775' title='bbox 1164 2700 1337 2726; x_wconf 85' lang='lat' dir='ltr'><strong>homiliticos.</strong></span> <span class='ocrx_word' id='word_1_776' title='bbox 1353 2707 1362 2723; x_wconf 75' lang='grc' dir='ltr'><strong>ι</strong></span> <span class='ocrx_word' id='word_1_777' title='bbox 1378 2697 1482 2724; x_wconf 70' lang='lat' dir='ltr'><strong>Merlin.</strong></span> <span class='ocrx_word' id='word_1_778' title='bbox 1498 2703 1526 2725; x_wconf 86' lang='lat' dir='ltr'><strong>et</strong></span> <span class='ocrx_word' id='word_1_779' title='bbox 1537 2697 1655 2732; x_wconf 54' lang='grc' dir='ltr'><strong>ϐριθὺ..</strong></span> <span class='ocrx_word' id='word_1_780' title='bbox 1667 2710 1678 2727; x_wconf 72' lang='grc' dir='ltr'><strong>ε</strong></span> <span class='ocrx_word' id='word_1_781' title='bbox 1699 2703 1753 2729; x_wconf 86' lang='lat' dir='ltr'><strong>ho-</strong></span> 
     </span>
    </p>
   </div>
   <div class='ocr_carea' id='block_1_107' title="bbox 957 2734 1501 2771">
    <p class='ocr_par' dir='ltr' id='par_1_107' title="bbox 957 2734 1501 2771">
     <span class='ocr_line' id='line_1_107' title="bbox 957 2734 1501 2771; baseline -0.011 -8"><span class='ocrx_word' id='word_1_782' title='bbox 957 2737 1112 2771; x_wconf 75' lang='lat' dir='ltr'><strong>nnliaticos,</strong></span> <span class='ocrx_word' id='word_1_783' title='bbox 1127 2744 1139 2771; x_wconf 70' lang='grc' dir='ltr'><strong>ι</strong></span> <span class='ocrx_word' id='word_1_784' title='bbox 1153 2734 1232 2771; x_wconf 84' lang='lat' dir='ltr'><strong>male.</strong></span> <span class='ocrx_word' id='word_1_785' title='bbox 1409 2766 1423 2771; x_wconf 46' lang='grc' dir='ltr'>η</span> <span class='ocrx_word' id='word_1_786' title='bbox 1475 2766 1501 2771; x_wconf 60' lang='lat' dir='ltr'>m</span> 
     </span>
    </p>
   </div>
   <div class='ocr_carea' id='block_1_108' title="bbox 993 2766 1751 2803">
    <p class='ocr_par' dir='ltr' id='par_1_108' title="bbox 993 2766 1751 2803">
     <span class='ocr_line' id='line_1_108' title="bbox 993 2766 1751 2803; baseline 0.004 -7"><span class='ocrx_word' id='word_1_787' title='bbox 993 2771 1048 2803; x_wconf 73' lang='grc'><strong>(57)</strong></span> <span class='ocrx_word' id='word_1_788' title='bbox 1067 2769 1220 2802; x_wconf 75' lang='lat' dir='ltr'><strong>Disciplinw</strong></span> <span class='ocrx_word' id='word_1_789' title='bbox 1240 2773 1325 2803; x_wconf 57' lang='lat' dir='ltr'><strong>tamen</strong></span> <span class='ocrx_word' id='word_1_790' title='bbox 1342 2766 1446 2799; x_wconf 65' lang='lat' dir='ltr'><strong>regulis.</strong></span> <span class='ocrx_word' id='word_1_791' title='bbox 1472 2766 1620 2803; x_wconf 25' lang='lat' dir='ltr'><strong>_S_ic‘reete</strong></span> <span class='ocrx_word' id='word_1_792' title='bbox 1647 2777 1751 2799; x_wconf 88' lang='lat' dir='ltr'><strong>omnes</strong></span> 
     </span>
    </p>
   </div>
   <div class='ocr_carea' id='block_1_109' title="bbox 957 2799 1751 2834">
    <p class='ocr_par' dir='ltr' id='par_1_109' title="bbox 957 2799 1751 2834">
     <span class='ocr_line' id='line_1_109' title="bbox 957 2799 1751 2834; baseline -0.008 -2"><span class='ocrx_word' id='word_1_793' title='bbox 957 2799 1023 2832; x_wconf 81' lang='lat' dir='ltr'><strong>mss.</strong></span> <span class='ocrx_word' id='word_1_794' title='bbox 1042 2799 1070 2831; x_wconf 84' lang='lat' dir='ltr'><strong>et</strong></span> <span class='ocrx_word' id='word_1_795' title='bbox 1091 2799 1272 2830; x_wconf 68' lang='lat' dir='ltr'><strong>Martianreus.</strong></span> <span class='ocrx_word' id='word_1_796' title='bbox 1304 2800 1446 2834; x_wconf 76' lang='lat' dir='ltr'><strong>l’erperam</strong></span> <span class='ocrx_word' id='word_1_797' title='bbox 1471 2799 1600 2828; x_wconf 66' lang='lat' dir='ltr'><strong>Met-linus</strong></span> <span class='ocrx_word' id='word_1_798' title='bbox 1629 2808 1658 2830; x_wconf 84' lang='lat' dir='ltr'><strong>et</strong></span> <span class='ocrx_word' id='word_1_799' title='bbox 1689 2807 1751 2832; x_wconf 79' lang='lat' dir='ltr'><strong>Ge.</strong></span> 
     </span>
    </p>
   </div>
   <div class='ocr_carea' id='block_1_110' title="bbox 958 2835 1753 2871">
    <p class='ocr_par' dir='ltr' id='par_1_110' title="bbox 958 2835 1753 2871">
     <span class='ocr_line' id='line_1_110' title="bbox 958 2835 1753 2871; baseline 0.011 -12"><span class='ocrx_word' id='word_1_800' title='bbox 958 2841 1047 2871; x_wconf 47' lang='lat' dir='ltr'><strong>nam”</strong></span> <span class='ocrx_word' id='word_1_801' title='bbox 1063 2848 1073 2862; x_wconf 76' lang='grc' dir='ltr'><strong>ι</strong></span> <span class='ocrx_word' id='word_1_802' title='bbox 1092 2838 1250 2870; x_wconf 80' lang='lat' dir='ltr'><strong>discipulum</strong></span> <span class='ocrx_word' id='word_1_803' title='bbox 1271 2840 1359 2861; x_wconf 80' lang='lat' dir='ltr'><strong>tamen</strong></span> <span class='ocrx_word' id='word_1_804' title='bbox 1379 2835 1484 2868; x_wconf 75' lang='lat' dir='ltr'><strong>regulis.</strong></span> <span class='ocrx_word' id='word_1_805' title='bbox 1504 2844 1512 2859; x_wconf 90' lang='grc' dir='ltr'><strong>ι</strong></span> <span class='ocrx_word' id='word_1_806' title='bbox 1534 2836 1591 2863; x_wconf 72' lang='lat' dir='ltr'><strong>illex</strong></span> <span class='ocrx_word' id='word_1_807' title='bbox 1610 2836 1753 2869; x_wconf 77' lang='lat' dir='ltr'><strong>Met&#39;littus</strong></span> 
     </span>
    </p>
   </div>
  </div>
