1883 3072
142 137 196 165 H3

795 131 911 159 BUFiNl
929 129 1122 162 PROLOGUS,

1129 71 1225 83 ..τιτι

1715 128 1766 153 ιιι

140 197 202 224 quae
229 191 257 217 in
281 190 360 218 libris
377 190 500 226 Origenis
530 198 545 218 a
565 191 660 226 scipsis
683 191 864 226 discrepantia
890 192 930 219 in-
947 195 966 222 Α
985 196 1072 218 tamen
1101 194 1222 217 nostrum
1251 188 1391 220 diximus,
1422 187 1468 214 sed
1483 187 1545 213 licet
1572 187 1599 213 in
1623 185 1683 213 aliis
1699 185 1765 212 locis

140 235 288 262 vmiuntur
303 240 387 270 atque
402 237 537 263 centraria
552 256 559 269 ,
577 237 748 270 proferamus
763 245 770 264 :
794 238 871 271 cujus
888 238 930 264 di-

141 280 280 307 versitatis
296 287 407 308 causam
432 281 536 315 plenius
562 282 609 309 tibi
628 282 654 308 in
668 282 834 317 Apologelico
849 290 929 317 quem

139 325 303 359 Pamphilus
318 333 368 360 pro
385 327 461 354 libris
476 327 559 361 ipsius
576 328 702 362 Origenis
726 328 836 363 scripsit
847 348 855 360 ,
874 329 930 355 edi-

138 371 230 397 dimus
250 393 257 403 ,
273 371 437 399 brevissimo
448 372 539 400 libello
552 374 727 408 sttperaddito
738 394 745 406 ,
760 374 786 400 iit
804 381 856 409 quo
875 374 930 400 evi-

137 414 270 441 dentibus
283 435 291 448 ,
309 419 338 442 ut
350 416 467 443 arbitror
481 437 488 449 ,
514 417 701 450 probamcntis
715 423 857 452 corruptos
870 426 930 446 esse

138 459 165 485 in
181 459 394 494 quantpluritttis
421 461 454 488 ab
478 461 614 489 haereticis
631 467 658 489 et
683 462 822 490 malevolis
846 463 930 490 libros

137 503 198 538 ejus
215 505 396 538 ostendimus,
425 510 450 532 et
464 505 598 540 prmeipue
619 506 685 534 istos
699 515 767 542 quos
784 515 856 534 nunc
872 508 930 535 exi-

135 549 177 583 gis
191 554 222 576 ut
240 550 405 584 interpreter
417 571 425 583 ,
453 551 478 578 id
501 556 542 578 est
559 551 628 586 Περὶ
649 551 751 586 ἀρχῶν
764 573 771 586 ,
798 554 870 588 quod
888 554 928 581 vel

135 595 175 621 De
191 595 334 629 principiis
350 596 391 623 vel
406 595 443 623 De
458 597 647 631 principatibus
672 598 729 633 ('58)
747 599 799 626 dici
824 603 926 633 potest;

134 641 180 676 qui
201 645 270 668 sunt
285 649 380 668 revera
402 641 470 669 alias
483 646 510 669 et
525 642 712 670 obscurissimi
728 648 754 670 et
769 643 927 671 diﬁicillinti.

135 685 173 713 De
187 687 276 714 rebus
292 687 362 714 enim
381 687 478 715 talibus
494 688 530 715 ibi
544 689 667 724 disputat
686 690 711 716 in
727 690 826 724 quibus
841 690 927 724 philo-

134 734 213 768 sophi
228 734 307 761 omni
319 739 399 762 aetate
409 741 458 761 sua
473 741 632 770 consumpta
647 735 772 763 ittvenire
783 740 928 770 potuerunt

133 779 216 806 nihil.
232 779 287 807 llic
303 787 367 817 vero
387 784 480 807 noster
493 785 626 814 quantum
647 781 754 814 potuit,
771 781 796 807 id
809 781 875 815 egit,
900 786 929 808 ut

133 825 281 853 Creatoris
296 824 375 852 ﬁdem
392 829 419 852 et
432 829 620 852 creaturarum
636 825 769 853 rationem
781 825 836 860 (59)
848 833 927 860 quain

134 870 171 898 illi
192 870 227 897 ad
244 870 411 906 impietatem
428 875 577 903 traxerant,
604 871 638 898 ad
653 871 782 905 pietatem
798 871 850 898 iste
861 878 927 898 con-
944 868 965 895 Β

133 916 284 944 verteret'.
316 915 408 943 Sicubi
430 922 494 951 ergo
512 923 561 942 nos
589 916 616 942 itt
644 915 721 942 libris
748 915 806 949 ejtts
824 916 925 950 aliquid

134 967 228 989 contra
245 962 273 989 id
291 961 458 994 invenimus,
471 960 542 996 quod
557 960 591 987 ab
618 960 676 995 ipso
692 961 718 987 in
739 961 844 988 caneris
859 961 927 988 locis

134 1008 177 1044 pie
190 1007 224 1035 de
236 1007 373 1034 Triuitate
387 1006 477 1034 fuerat
487 1006 640 1038 deﬁnitum,
655 1005 728 1033 velut
744 1005 925 1033 adulteratum

136 1054 185 1080 hoc
200 1057 227 1080 et
239 1052 361 1080 aliettunt
378 1056 425 1079 aut
447 1052 671 1086 prattermisimus
684 1072 691 1083 ,
715 1055 760 1078 aut
776 1052 923 1078 secundum

133 1106 192 1126 eant
207 1098 333 1133 regulam
350 1098 512 1129 protulimus
534 1105 616 1131 quain
635 1097 668 1124 ab
686 1096 743 1131 ipso
770 1097 925 1131 frequenter

134 1144 292 1172 invenimus
304 1144 475 1174 afﬁrmatum.
493 1144 522 1172 Si
535 1151 586 1179 qua
604 1150 669 1170 sane
679 1142 750 1170 velut
764 1143 859 1177 peritis
869 1144 923 1178 jam

133 1196 159 1218 et
172 1191 329 1218 scientibus
347 1191 462 1226 loquens
478 1211 485 1224 ,
501 1191 564 1218 dum
583 1190 702 1218 breviter
716 1191 832 1218 transire
857 1191 923 1223 vult,

133 1237 282 1264 obscurius
297 1237 420 1272 protulit,
437 1244 504 1270 nos,
520 1241 551 1263 ut
567 1237 735 1265 manifestior
749 1237 824 1264 ﬁeret
837 1237 922 1268 locus,

132 1290 163 1310 ea
182 1291 244 1318 qua:
259 1284 299 1311 de
317 1285 372 1318 ipsa
394 1291 422 1311 re
438 1284 464 1311 itt
477 1283 539 1311 aliis
554 1283 612 1318 ejus
627 1283 702 1310 libris
715 1284 834 1319 apertius
851 1283 921 1318 lege-

134 1336 248 1362 ramus,
283 1328 433 1363 adjecitnus
460 1329 644 1364 explanationi
668 1330 826 1361 studentes;
855 1329 920 1356 nihil

167 1418 177 1432 θ
190 1418 256 1446 Vide
270 1418 413 1446 Monitum.
433 1426 506 1447 num.
519 1418 544 1446 5.

982 238 1053 264 dictu
1069 257 1076 269 ,
1093 241 1182 262 tamen
1199 241 1246 261 sua
1262 233 1312 261 sibi
1328 233 1502 260 reddidimus.
1533 231 1587 260 lloc
1609 235 1700 258 autent
1723 231 1764 257 id-

981 283 1055 310 circo
1068 282 1092 308 lll
1112 279 1269 316 praefatione
1296 279 1449 307 contmonui
1473 287 1506 306 ne
1530 277 1598 305 forte
1614 276 1764 304 calumnia-

982 333 1055 356 tores
1074 328 1170 354 iterum
1194 325 1249 361 t-lO)
1276 332 1305 352 se
1330 324 1490 351 criminandi
1513 329 1608 355 putent
1629 322 1765 349 invonisse

983 374 1135 400 materiam.
1153 371 1204 398 Sed
1221 370 1335 398 viderint
1348 370 1411 404 quid
1431 370 1550 404 perversi
1562 374 1588 396 et
1602 367 1764 396 contentiosi

982 419 1103 446 homines
1119 423 1211 453 agant.
1237 418 1320 445 Nobis
1335 417 1444 444 interim
1465 421 1556 443 tantus
1573 414 1648 441 labor
1660 434 1667 446 ,
1685 413 1705 440 si
1725 418 1764 439 ta-

981 471 1041 490 nten
1058 463 1200 490 orantibus
1215 461 1290 489 vobis
1303 463 1373 488 Deus
1383 460 1495 495 juverit,
1509 459 1607 486 idcirco
1619 463 1764 492 susceptus

979 514 1038 540 est,
1056 516 1107 535 non
1126 513 1154 534 ut
1170 506 1344 535 calumniosis
1358 513 1389 533 os
1401 526 1408 538 ,
1426 506 1496 540 quod
1515 504 1573 531 ﬁeri
1590 511 1642 531 non
1664 506 1763 538 potest,

980 555 1040 582 licet
1057 554 1126 581 forte
1142 554 1222 581 etiam
1238 554 1288 580 ltoc
1304 552 1374 579 Deus
1389 551 1488 583 faciet,
1505 551 1703 581 clauderentus,
1717 549 1763 576 sed

980 605 1007 628 tit
1020 601 1150 636 proﬁcere
1163 601 1196 628 ad
1209 601 1350 628 scientiam
1361 606 1450 626 reruut
1465 597 1614 624 volentibus
1623 596 1762 622 materiam

979 649 1171 684 prieberemus.
1196 648 1263 675 Illud
1277 655 1343 675 sane
1358 652 1465 674 outnem
1480 643 1536 680 (tl)
1552 643 1596 677 qui
1618 642 1666 669 ltos
1680 642 1762 670 libros

979 694 1164 728 descripturus
1178 698 1219 720 est
1234 693 1275 720 vel
1292 693 1413 719 lecturus
1425 712 1432 724 ,
1451 690 1476 716 in
1489 692 1632 723 conspectu
1649 687 1694 714 Dei
1714 686 1763 713 Pa-

981 740 1030 768 tris
1048 743 1075 767 ct
1089 739 1149 767 Filii
1166 745 1193 766 et
1211 739 1328 774 Spiritus
1342 737 1429 765 sancti
1445 739 1584 764 corttestor
1600 738 1682 768 atque
1699 739 1764 760 con-

979 786 1056 813 venio
1069 793 1118 820 per
1133 785 1214 812 futuri
1238 786 1312 820 regni
1327 785 1405 811 ﬁdem
1420 803 1427 815 ,
1441 789 1488 817 per
1504 779 1713 808 resurrectionis
1727 785 1762 805 cx

979 832 1093 859 mortuis
1106 835 1307 859 sacramentum
1326 851 1331 863 ,
1359 837 1407 865 per
1422 828 1497 855 illuttt
1524 826 1569 859 qui
1593 829 1762 860 prarparatus

980 881 1022 903 est
1038 876 1146 904 diabolo
1172 881 1199 904 et
1216 875 1320 911 angelis
1336 875 1411 909 ejus,
1438 879 1572 901 aeternum
1598 872 1686 906 ignem
1711 870 1762 905 (sic

981 930 1033 949 non
1048 922 1120 948 illum
1136 922 1223 949 locttm
1247 926 1345 947 acterna
1371 919 1530 947 haereditate
1558 917 1694 952 possideat
1717 915 1762 942 ubi

980 972 1020 993 est
1035 966 1112 993 fletus
1124 970 1149 992 et
1162 966 1262 993 stridor
1276 965 1405 995 dentium,
1418 968 1444 990 et
1458 963 1501 990 ubi
1517 962 1587 997 ignis
1600 969 1694 989 eorum
1708 968 1761 988 non

980 1011 1166 1045 eXStinguctur
1183 1015 1210 1037 et
1235 1010 1335 1036 vermis
1353 1015 1445 1036 eorum
1465 1015 1517 1035 non
1532 1007 1672 1040 morietur)
1690 1027 1696 1038 ,
1728 1013 1762 1032 ne

979 1057 1060 1083 addat
1071 1056 1170 1090 aliquid
1180 1055 1325 1090 St't‘iplurte
1338 1054 1405 1089 (4‘2),
1418 1062 1451 1080 ne
1468 1053 1585 1085 auferat,
1601 1060 1634 1079 tte
1648 1053 1759 1083 inserat,

978 1102 1165 1134 ne'intmutet,
1190 1101 1236 1128 Sed
1253 1101 1374 1128 conferat
1387 1106 1447 1126 cum
1465 1098 1665 1133 exemplaribus
1691 1098 1761 1124 unde

978 1149 1117 1182 scripserit
1131 1167 1137 1180 ,
1154 1153 1181 1175 et
1194 1148 1320 1175 emendet
1337 1148 1370 1175 ad
1383 1148 1500 1175 litteram
1513 1151 1539 1173 et
1554 1145 1716 1179 distinguat,
1733 1147 1760 1169 ct

979 1194 1178 1221 itteutettdatuttt
1192 1194 1234 1220 vel
1249 1201 1301 1220 non
1322 1194 1477 1221 distinctunt
1496 1193 1616 1220 codicem
1633 1198 1684 1217 non
1709 1190 1760 1216 lta-

977 1239 1039 1267 beat
1054 1260 1061 1272 ,
1085 1248 1118 1268 ne
1139 1247 1265 1267 sensuum
1288 1239 1441 1272 difﬁcultas,
1468 1239 1490 1266 si
1515 1238 1659 1266 distinctus
1673 1236 1760 1264 codex

977 1293 1029 1313 tton
1048 1286 1093 1319 sit,
1112 1283 1229 1321 majores
1243 1286 1423 1315 obscuritates
1438 1283 1587 1319 legentibus
1606 1286 1730 1318 generet.

137 1502 163 1525 et
175 1497 382 1530 Geneorardus,
404 1507 413 1525 ι
427 1499 605 1527 observantes
619 1500 723 1527 scilicet
738 1505 766 1527 ιιι
780 1507 810 1526 ea
825 1507 882 1534 quae
897 1500 922 1526 itt
936 1502 958 1531 (ι
975 1498 1065 1526 faciet.
1083 1507 1092 1524 ι
1109 1497 1197 1525 Codex
1224 1498 1343 1525 Colbert.
1362 1518 1368 1530 ,
1399 1507 1408 1522 t
1431 1498 1494 1525 licet
1518 1497 1586 1525 forte
1608 1497 1689 1524 etiam
1706 1498 1757 1524 hoc

136 1534 210 1559 ltbl'lS
221 1534 351 1566 Urigenis
378 1535 505 1568 aseipsis
531 1535 713 1568 discrepantia
735 1535 919 1566 inveniuntur,

135 1567 319 1602 proferamus.
335 1577 344 1593 t
371 1567 517 1603 Atarnites
534 1578 598 1597 mss.
613 1567 640 1596 et
657 1569 831 1597 Martianazus
848 1575 876 1596 ut
894 1569 920 1596 ιιι

134 1608 226 1630 1³051Γο
243 1607 332 1629 textu.

169 1637 225 1672 (38)
242 1637 283 1664 De
296 1637 496 1672 principalibus.
525 1638 653 1666 Merlinus
664 1643 691 1667 et
704 1639 833 1671 Genebr.,
860 1647 870 1664 ι
890 1639 922 1667 de

134 1672 327 1707 potestatibus,
344 1681 353 1698 t
375 1678 470 1699 contra
492 1674 571 1701 ﬁdem
584 1674 704 1701 omnium
722 1675 921 1707 manuscripto-

135 1714 203 1734 l'lllll.
220 1706 326 1733 Ibidem
343 1714 437 1734 omnes
451 1716 528 1741 ntss.,
550 1718 559 1733 ι
571 1708 638 1735 alias
655 1713 682 1736 et
694 1706 880 1736 obscurissinti
895 1713 922 1736 ct

135 1741 296 1767 dillieillimi.
314 1751 324 1766 ι
352 1741 456 1769 Merlin.
477 1747 504 1771 et
524 1743 638 1776 Geneb.,
663 1752 671 1769 ι
691 1744 757 1772 alias
772 1748 798 1770 ct
813 1744 921 1771 obscuri

134 1780 158 1802 cl
171 1776 334 1804 diﬁicillinti.
355 1785 365 1802 ι

168 1811 224 1844 (59)
239 1812 433 1838 Creaturarum
445 1814 583 1842 rationem.
601 1814 648 1842 Sic
663 1820 758 1841 omnes
772 1820 837 1840 mss.
851 1813 921 1840 Mar-

136 1845 257 1878 liana'us,
271 1855 281 1871 ι
307 1851 461 1873 creatarunt
485 1856 574 1876 rerum
589 1850 732 1876 rationem.
749 1858 758 1873 ι
782 1848 920 1880 Merlinus,

138 1888 148 1907 ι
163 1885 318 1906 creaturam
343 1888 444 1908 rerum.
461 1892 469 1908 t
497 1883 688 1912 Genebrardus
702 1905 708 1915 .
743 1891 752 1908 α
768 1888 920 1910 creaturam

135 1918 305 1951 naturarum.
322 1924 332 1940 ι
366 1915 449 1943 Paulo
471 1923 531 1951 post
555 1926 648 1945 omnes
675 1925 739 1945 mss.
753 1937 760 1950 ,
793 1927 802 1943 ι
821 1917 921 1951 aliquid

135 1954 225 1988 contra
241 1950 269 1988 id
283 1950 534 1988 rin‘venitttusrquod
562 1954 595 1980 ab
613 1954 671 1988 ipso
686 1953 713 1980 iit
731 1953 838 1988 caeteris
855 1950 921 1979 lacis

135 1984 176 2024 pie
190 1983 223 2011 de
240 1984 389 2024 ’frittitate.
405 1994 416 2011 ι
447 1983 547 2024 ξῇοᾳιιε
565 1983 738 2024 Mariianzeus
769 1987 813 2021 qui
830 1990 919 2024 tamen

135 2023 195 2055 ante
211 2020 278 2055 (pie
293 2029 306 2046 ι
324 2020 398 2047 addit
419 2029 429 2046 ί
449 2021 572 2050 ﬁdeliter.
591 2032 600 2049 ι
632 2020 799 2053 ΜειΙίιιιιεζι
817 2021 919 2055 aliquid

134 2053 199 2093 citra
217 2053 244 2080 id
261 2055 416 2093 invenimus
431 2057 501 2090 quod
518 2057 552 2084 ab
564 2058 633 2093 [ipso
645 2058 670 2084 iit
687 2057 793 2084 catteris
808 2053 875 2084 locis
887 2056 920 2082 de

135 2089 243 2121 pietate,
256 2090 291 2115 de
304 2089 449 2117 Trinitate.
467 2101 476 2117 t

146 2157 152 2162 ,
167 2123 222 2157 (ω)
237 2123 361 2162 Ιιεῖμηι,
380 2129 432 2152 etc.
454 2126 500 2153 Sic
520 2134 614 2154 omnes
630 2127 709 2154 codd.
729 2134 794 2154 mss.
807 2131 835 2153 et
848 2124 919 2152 Mar-

135 2157 255 2194 tianaaus.
277 2157 408 2194 blerlirtus
421 2165 509 2187 autem
524 2167 551 2188 et
565 2161 765 2194 Genebrardus,
781 2170 790 2186 ι
808 2161 885 2193 inde;
906 2170 916 2186 ι

135 2192 204 2219 male
220 2193 346 2230 omnino.
364 2193 430 2221 Nam
449 2196 505 2230 ipse
518 2196 634 2223 Rufinus
645 2192 769 2224 Invectiv'.
788 2196 835 2223 lib.
850 2203 858 2221 ι
871 2195 920 2222 ad-

135 2234 227 2267 versus
238 2227 435 2267 llieronytnutn
451 2227 537 2258 citatis
550 2232 620 2258 hunc
637 2231 726 2267 locutu
742 2231 780 2258 ait
794 2238 800 2256 τ
817 2240 825 2255 ε
842 2230 918 2267 Qum!

136 2261 186 2302 dixli
203 2282 210 2294 ,
235 2261 356 2302 iterym,
374 2264 433 2302 .illa
459 2273 549 2302 causa
583 2271 625 2302 est
662 2266 725 2300 quia
745 2267 799 2300 jattt
832 2261 918 2292 sancti

135 2297 264 2335 gpiscopi
279 2297 396 2335 Joannis
423 2301 564 2334 epistolam
595 2300 632 2326 De
662 2297 715 2335 [ide
737 2297 770 2327 ad
794 2305 917 2327 sanctunt

158 2332 315 2366 heopltilutn
324 2332 453 2369 scriptam
467 2335 602 2365 criminati
613 2332 688 2367 sunt,
701 2334 809 2369 quando
820 2342 918 2369 corpus

137 2365 280 2394 humanum
294 2368 369 2405 aliud
382 2365 484 2396 'nescio
512 2371 576 2404 quid
594 2365 731 2405 fingebant
754 2377 815 2397 esse
837 2365 918 2404 quam

136 2407 258 2435 carnem;
296 2403 399 2430 idcirco
425 2403 524 2431 iterum
548 2403 644 2440 posui.—
662 2414 671 2430 ι
697 2405 798 2432 lbident
824 2403 917 2440 omnes

137 2441 210 2474 ίιιεε..
227 2442 254 2463 et
281 2443 390 2465 veteres
417 2439 574 2472 editiones,
604 2449 614 2464 ι
634 2443 728 2474 putent
753 2439 885 2466 evenisse.
905 2448 915 2464 ι

137 2469 317 2505 Martianmus,
337 2478 491 2509 [putarent
508 2469 641 2502 evenisse:
659 2484 668 2500 ι
686 2475 768 2501 Paulo
783 2480 844 2509 post
857 2482 916 2501 out-

137 2512 182 2532 nes
198 2513 262 2533 ntss.
277 2527 285 2540 ,
318 2507 416 2542 tDeus
429 2509 542 2542 juterit.
560 2519 568 2535 ι
596 2507 790 2541 Martianteus,
818 2518 827 2534 ι
847 2510 917 2536 Deus

139 2542 270 2579 genuerit.
285 2551 296 2579 ι
315 2541 447 2570 Merlinus
455 2549 481 2570 et
491 2543 622 2576 Genebr.,
640 2554 648 2570 ι
664 2544 887 2577 lleusadjuverit.
905 2553 914 2570 ι

138 2572 198 2611 lbid.
215 2575 408 2611 Martianacus,
429 2587 437 2602 ι
454 2586 507 2605 non
528 2585 556 2606 ut
579 2572 804 2607 calumniosoruin
826 2587 884 2606 ora.
904 2588 914 2605 ›

138 2608 208 2648 μιῆς..
240 2619 251 2636 ι
267 2619 320 2640 non
340 2617 370 2639 ut
382 2608 558 2648 calumniosis
569 2622 610 2641 os.
629 2624 638 2640 t
668 2613 729 2641 )on
756 2615 834 2641 codd.
851 2614 917 2641 Cor-

138 2642 234 2682 ltciens.
266 2651 294 2674 et
313 2647 419 2682 ltetnig.
434 2667 442 2679 ,
472 2657 481 2673 ι
498 2648 559 2675 licet
583 2649 651 2676 forte
672 2649 753 2676 etiam
771 2649 823 2676 ltoc
849 2650 917 2676 Deus

139 2678 246 2708 luceret.
263 2691 273 2707 ι
292 2678 474 2716 Martiaﬂmus,
493 2692 502 2708 ι
519 2683 582 2711 licet
593 2684 662 2712 forte
676 2685 758 2711 etiam
777 2684 827 2712 hoc
844 2684 915 2711 Deus

976 1534 1046 1561 Deus
1057 1534 1147 1560 facere
1160 1535 1256 1567 possit.
1275 1543 1284 1559 t

974 1583 982 1592 ν
1011 1566 1345 1603 (4|)rltlud’saneputnetn
1361 1589 1367 1601 ,
1385 1573 1436 1595 etc.
1459 1567 1632 1595 Cottsimilcm
1648 1566 1758 1600 adjura-

973 1601 1061 1630 tionis
1071 1602 1213 1629 formulam
1234 1601 1350 1630 [reximus
1367 1603 1551 1630 subnexuerat
1576 1602 1602 1628 itt
1620 1603 1671 1628 line
1696 1603 1758 1628 libri

974 1638 1012 1665 De
1027 1637 1152 1673 ogdoade,
1173 1638 1218 1673 bis
1228 1638 1317 1664 verbis
1336 1648 1341 1664 :
1370 1637 1486 1673 Ὁρκίζω
1501 1646 1541 1673 es,
1553 1637 1597 1664 τὸν
1621 1645 1759 1673 μεταγρᾳ-

972 1671 1273 1718 ψρἥὶοννῖέ-ἒεδλξφι
1295 1673 1383 1718 ῖτῆἓῖεν
1396 1671 1466 1718 *ξτβι
1563 1671 1758 1718 “esse?

987 1707 1203 1743 lqao5_XptotoG
1230 1708 1276 1734 καὶ
1302 1708 1371 1734 κατὰ
1401 1707 1451 1742 τῆς
1474 1708 1578 1740 ἐνδόξου
1609 1707 1758 1743 παρουσίας

973 1739 1054 1769 adeo?)
1069 1739 1103 1777 ἦς
1114 1739 1119 1743 ’
1130 1742 1237 1777 ἔρχεται
1252 1744 1342 1777 κρῖναι
1367 1739 1470 1775 ζῶνέας
1492 1739 1666 1777 καὶίνεκροὺξ
1679 1761 1685 1773 ,
1714 1742 1757 1768 ἵνα

973 1776 1117 1817 ἀγτιιὸῷξῃς
1131 1776 1339 1817 aiis-5219549,
1361 1778 1407 1804 καὶ
1423 1776 1679 1817 κατᾳρθώᾳῃςὰρξὸ
1691 1776 1758 1817 πρὸς

973 1812 1002 1838 τὸ
1014 1811 1178 1847 ἀντίγραφον
1190 1811 1274 1845 (refero
1295 1812 1356 1838 ὅθεν
1373 1811 1534 1847 μετεγράψω
1549 1811 1694 1847 ἐπιμελῶς·
1711 1812 1758 1837 καὶ

972 1847 1016 1873 τὸν
1042 1848 1122 1882 ὅρκον
1137 1846 1229 1874 τοῦτον
1246 1847 1346 1882 ὁμοίως
1373 1846 1559 1882 μεταγράψῃς.
1585 1847 1639 1872 Καὶ
1665 1846 1757 1882 θήσεις

973 1882 1001 1908 ἐν
1016 1881 1054 1916 τῷ
1068 1881 1235 1916 ἁντιγράφῳ.
1265 1881 1276 1907 ι
1297 1881 1398 1914 Adjuro
1425 1887 1450 1908 te
1463 1881 1534 1916 qui"
1551 1881 1757 1916 transcripscris

973 1915 1045 1943 hunc
1057 1915 1154 1942 librum
1170 1936 1178 1948 ,
1206 1915 1254 1950 per
1271 1917 1414 1943 Dontiuunt
1436 1915 1556 1943 nostrum
1573 1915 1664 1942 Jt‘stllll
1679 1916 1757 1941 Chri-

972 1955 1053 1982 stum,
1070 1955 1156 1985 clpcr
1166 1951 1312 1985 gloriosum
1332 1951 1390 1984 ejus
1401 1951 1557 1981 adventum,
1575 1952 1601 1976 itt
1620 1950 1754 1984 quojndi-

972 1991 1081 2012 caturus
1104 1990 1144 2012 est
1171 1986 1246 2012 vivos
1267 1990 1294 2012 et
1314 1990 1456 2018 mortuos;
1479 1991 1507 2012 ut
1532 1986 1656 2012 conferas
1685 1986 1756 2019 quod

973 2020 1187 2054 transcripseris,
1203 2025 1230 2047 et
1245 2021 1386 2055 diligenter
1406 2021 1533 2048 emendes
1557 2021 1588 2046 :td
1617 2019 1757 2053 exemplar

972 2063 1005 2082 ex
1017 2062 1071 2088 quo
1098 2056 1313 2089 transcripsisli:
1342 2061 1425 2090 utque
1451 2055 1646 2089 adjurationeut
1676 2055 1756 2081 istaut

971 2090 1095 2117 sitniliter
1110 2090 1251 2117 exseriitas
1265 2109 1272 2120 ,
1298 2094 1325 2116 et
1340 2090 1424 2117 codici
1443 2094 1488 2117 tuo
1504 2090 1620 2117 inseras.
1635 2099 1643 2114 t
1669 2090 1756 2122 Quam

971 2124 1115 2151 formulam
1138 2126 1258 2151 referens
1273 2125 1403 2152 Eusebius
1426 2123 1473 2152 lib.
1488 2133 1504 2151 v
1517 2145 1524 2156 ,
1547 2132 1607 2159 cap.
1622 2124 1657 2151 ‘20
1683 2124 1755 2151 Hist.

971 2160 1035 2186 eccl.
1050 2179 1057 2190 ,
1081 2159 1260 2195 χαριεστάτην
1286 2159 1435 2195 σημείωσιν
1450 2160 1565 2194 appellat
1582 2179 1589 2192 ,
1613 2165 1636 2186 ct
1659 2160 1755 2186 addit:

975 2203 984 2219 ι
1000 2195 1087 2228 Atque
1105 2195 1160 2221 [nec
1176 2195 1277 2221 utiliter
1294 2197 1327 2221 ab
1351 2201 1383 2221 eo
1408 2195 1481 2222 dicta
1507 2200 1534 2221 et
1549 2202 1563 2220 a
1580 2195 1657 2221 nobis
1681 2202 1757 2220 cont-

972 2235 1119 2256 memorata
1150 2234 1231 2262 suttt,
1257 2235 1285 2256 ut
1314 2229 1417 2264 priscos
1443 2229 1502 2257 illos
1517 2233 1544 2256 et
1563 2229 1622 2256 sine
1647 2233 1756 2256 contro-

973 2264 1059 2291 versia
1076 2264 1264 2292 sanctissimos
1289 2265 1362 2291 viros
1388 2269 1516 2298 tanquam
1542 2264 1754 2298 pulchcrtimunt

971 2299 1125 2334 exemplum
1139 2299 1320 2334 exactissima:
1334 2299 1479 2334 diligentia!
1492 2306 1599 2333 semper
1614 2303 1677 2326 ante
1691 2306 1756 2325 ocu-

971 2333 1011 2360 los
1025 2334 1185 2362 habeamus.
1204 2343 1213 2359 ι
1244 2333 1280 2361 Ita
1304 2333 1452 2362 cerle’hoc
1475 2333 1704 2368 placuitEusebio
1727 2338 1756 2360 ut

970 2369 1086 2404 similem
1101 2369 1299 2402 adjurationent
1322 2369 1378 2396 suis
1391 2376 1497 2404 qttoque
1511 2369 1656 2396 attexuerit
1667 2368 1753 2400 libris,

971 2403 1060 2437 qualis
1076 2403 1210 2437 hodieque
1234 2404 1261 2430 itt
1281 2404 1414 2438 principio
1433 2403 1556 2431 Chronici
1573 2405 1606 2431 ab
1620 2404 1754 2437 llierony-

971 2438 1150 2474 ntotranslati
1166 2438 1263 2473 legitur
1279 2458 1286 2471 ,
1301 2446 1382 2473 quant
1397 2439 1563 2474 antiquiores
1577 2439 1686 2466 codices
1711 2439 1756 2469 lit-

972 2473 1037 2499 teris
1050 2473 1242 2506 grandioribus
1255 2474 1394 2500 exhibent.

1007 2507 1062 2543 (4‘2)
1080 2508 1254 2535 Martianzeus
1267 2528 1274 2540 ,
1292 2517 1300 2534 ι
1316 2516 1350 2536 ne
1369 2509 1429 2543 quis
1449 2509 1530 2536 addat
1544 2508 1655 2542 aliquid,
1672 2517 1681 2534 ι
1699 2512 1752 2535 etc.

969 2541 1099 2570 Me’rliitus
1114 2548 1139 2570 et
1150 2542 1328 2576 Genebrard.,
1345 2553 1353 2569 ι
1369 2541 1401 2570 tie
1413 2545 1492 2570 addat
1505 2541 1604 2578 aliquid
1617 2543 1690 2576 Ituic,
1705 2551 1753 2570 nec

970 2577 1086 2610 auferat,
1111 2585 1161 2604 neu
1179 2580 1302 2605 immutet
1315 2598 1323 2610 ,
1339 2579 1385 2606 sed
1401 2578 1522 2605 conferat
1544 2577 1604 2604 eum
1618 2578 1753 2612 exempla-

970 2613 1044 2639 ribus
1070 2614 1141 2640 unde
1165 2613 1365 2648 conscripserat
1392 2632 1415 2640 ..
1492 2614 1531 2639 vel
1568 2613 1751 2640 indistinctunt

969 2648 1090 2675 codiceni
1107 2668 1113 2680 ,
1131 2657 1140 2674 t
1162 2654 1214 2676 etc.
1249 2648 1303 2676 Sed
1329 2656 1422 2677 omnes
1451 2655 1516 2676 mss.
1547 2653 1576 2675 ut
1598 2649 1624 2675 itt
1657 2653 1754 2677 nostro

969 2687 1059 2708 ιθιειιι-
