1883 3072
749 89 909 119 ORIGENIS
928 70 1007 119 napi
1028 93 1142 119 ΑΡΧΩΝ

1699 94 1752 122 HG

139 163 1626 182 ———_—__——————:_=__—~—____
1126 177 1626 182 _____.

352 254 711 333 ORIGEN
715 255 803 333 IS
854 253 912 337 Π

1010 254 1114 337 ΡΙ
1164 250 1551 340 ΑΡΧΩΝ

1400 169 1747 184 w

629 402 843 465 LIBRI
883 401 1261 476 QUATUOR

134 526 538 569 INTERPBETE
582 529 818 570 RUFINO
869 529 1285 576 AQUILEIENSI
1336 528 1764 570 PBESBYTERO.

670 707 881 764 LIBER
922 684 1210 765 PRiMUS.

164 814 187 840 Ι.
195 814 225 840 0i
235 814 443 846 πεπιστευκότες
452 814 507 850 (45)

130 860 177 886 καὶ
217 860 426 895 πεπιστευμένοι
459 861 508 896 τὴν

130 906 209 941 χάριν
221 907 267 932 καὶ
277 906 325 937 τὴν
336 905 462 941 ἀλήθειαν
472 906 506 933 δι’

135 952 221 987 Ἰησοῦ
230 952 346 988 Χριστοῦ
356 953 504 986 γεγονέναι,

129 999 176 1024 καὶ
185 998 301 1033 Χριστὸν
309 996 378 1024 εἶναι
388 998 437 1034 τὴν
445 999 506 1035 ἀλή-

128 1044 203 1071 θειαν
224 1045 293 1071 κατὰ
313 1045 342 1071 τὸ
361 1045 504 1081 εἰρημένον

545 861 611 888 dunt
621 866 647 888 et
661 863 727 889 certi
737 867 799 889 sunt
812 863 919 897 quodet

543 908 629 941 gratia
646 912 672 934 et
692 908 791 935 veritas
811 916 859 942 per
873 908 919 935 Je-

542 962 602 981 sum
622 954 759 982 Christum
781 955 850 982 facta
871 955 917 989 sit,

540 1005 566 1026 et
601 1000 737 1028 Christum
776 1001 917 1028 veritatem

540 1054 601 1074 esse
630 1051 749 1079 norunt,
771 1049 917 1075 secundum

129 1091 173 1117 ὐπ’
198 1091 295 1118 αὑτοῦ·
319 1101 328 1117 ί
354 1091 424 1126 Ἐγώ
445 1093 502 1127 εἰμι
539 1094 609 1127 quod
637 1093 694 1128 ipse
722 1094 810 1121 dixit:
834 1103 843 1120 ‹
862 1094 917 1129 Ego

127 1138 143 1172 ὴ
161 1137 283 1172 ἀλήθεια.
299 1147 307 1162 ι
541 1146 600 1165 sum
611 1139 710 1167 veritas
719 1140 740 1171 ³,
755 1149 764 1165 ι
775 1140 915 1168 scientiam

128 1190 187 1216 quae
203 1187 331 1216 prororat
348 1183 472 1210 homines
487 1183 520 1210 ad
537 1183 605 1210 bene
622 1184 755 1220 beateque
772 1185 915 1213 vivendum

129 1235 180 1254 non
195 1228 302 1255 aliunde
317 1236 397 1263 quam
415 1228 449 1256 ab
466 1229 530 1263 ipsis
548 1229 639 1256 verbis
658 1229 760 1257 Christi
776 1231 914 1258 doctrina-

130 1280 182 1306 que
200 1273 361 1307 suscipiunt.
376 1273 476 1300 Christi
502 1279 590 1300 autem
615 1274 703 1302 verbis
723 1275 846 1306 diciutus,
862 1284 913 1303 non

129 1317 172 1344 his
189 1317 274 1344 solum
292 1326 351 1352 qua:
367 1317 447 1345 homo
464 1318 562 1350 factus,
577 1324 658 1354 atque
676 1320 701 1346 in
718 1328 799 1347 carne
813 1321 915 1355 positus

130 1363 241 1390 docuit:
261 1368 289 1390 et
307 1364 383 1398 prius
406 1372 523 1400 namque
546 1365 672 1392 Christus
688 1365 734 1393 Dei
751 1366 870 1393 Verbum
888 1368 915 1394 in

129 1407 223 1443 Moyse
244 1413 325 1443 atque
349 1410 488 1444 prophetis
512 1415 581 1438 erat.
601 1411 665 1438 Nam
683 1412 742 1439 sine
760 1412 848 1440 Verbo
871 1413 916 1440 Dei

127 1455 264 1488 quomodo
279 1459 405 1489 poterant
420 1457 581 1491 prophetare
595 1458 627 1484 de
644 1457 771 1485 Christo?
786 1459 826 1486 Ad
843 1459 918 1492 cujus

130 1501 166 1526 rei
183 1501 371 1534 probationem
387 1509 439 1528 non
458 1507 529 1529 esset
551 1502 657 1529 diliicile
673 1510 705 1530 ex
727 1503 826 1530 divinis
845 1505 916 1531 Scri-

129 1547 215 1581 pturis
228 1548 380 1580 ostendere,
395 1550 531 1583 quomodo
544 1549 585 1577 vel
599 1549 715 1585 Moyses.
728 1550 770 1577 vel
783 1551 919 1586 propheta:

129 1592 224 1626 spiritu
242 1592 342 1620 Christi
361 1593 466 1628 repleti,
480 1595 520 1622 vel
532 1595 614 1622 locuti
632 1600 706 1628 sunt,
721 1596 760 1622 vel
777 1601 918 1631 gesserunt

129 1639 218 1664 munia
235 1646 294 1673 qua:
314 1643 465 1673 gesserunt,
483 1639 534 1666 nisi
557 1640 648 1667 studio
665 1641 741 1667 nobis
756 1646 828 1668 esset
849 1648 918 1675 prae-

129 1691 192 1710 sens
206 1684 257 1711 hoc
269 1691 338 1718 opus
354 1685 426 1712 omni
447 1692 499 1719 qua
516 1693 658 1719 possumus
669 1686 800 1713 brevitate
813 1687 919 1713 succin-

130 1737 206 1765 gere.
227 1730 303 1758 Unde
321 1730 442 1758 sufﬁcere
456 1732 582 1759 existimo
601 1739 654 1759 nuo
676 1732 727 1759 hoc
744 1732 818 1758 Pauli
842 1733 919 1759 testi-

131 1776 222 1802 monio
235 1776 334 1804 debere
351 1785 401 1804 nos
415 1778 452 1804 uti
472 1785 504 1804 ex
520 1778 638 1813 Epistula
650 1786 731 1812 quam
744 1778 776 1804 ad
792 1777 920 1805 Hebraeos

129 1822 241 1853 scribit;
256 1823 281 1849 in
300 1831 351 1857 qua
367 1824 402 1850 ita
421 1823 459 1850 ait
476 1832 483 1850 :
499 1832 507 1848 ‹
529 1823 593 1851 Fide
613 1831 726 1858 magnus
744 1823 830 1851 factus
848 1824 921 1859 Moy-

129 1876 172 1895 ses
198 1869 307 1903 negarit
330 1876 359 1895 se
381 1870 432 1896 dici
461 1870 544 1896 filium
571 1869 632 1896 filiae
656 1869 818 1902 Pharaonis,
836 1870 921 1905 magis

128 1914 232 1947 eligens
247 1914 371 1942 alliictari
390 1922 451 1942 cum
468 1915 565 1950 populo
584 1915 629 1942 Dei
643 1923 724 1949 quam
742 1915 919 1949 temporalem

130 1960 231 1987 habere
249 1961 354 1994 peccati
369 1960 576 1994 iucunditatem,
594 1961 711 1995 majores
724 1960 832 1987 divitias
847 1960 920 1987 testi-

129 2013 206 2032 maus
230 2005 417 2041 Egyptiorum
445 2007 581 2033 thesauris
605 2006 777 2040 opprobrium
799 2005 923 2033 Christi‘

129 2048 196 2084 (ιιι),
217 2061 226 2077 ι
244 2052 296 2078 Sed
321 2055 347 2078 et
371 2057 431 2086 post
456 2052 672 2086 assumptionem
694 2051 753 2085 ejus
777 2051 802 2078 in
827 2051 922 2083 cretes,

129 2097 202 2129 quod
220 2097 246 2123 in
263 2097 393 2131 apostolis
406 2098 463 2124 suis
477 2097 581 2124 locutus
596 2098 642 2129 sit,
658 2097 709 2124 hoc
727 2097 805 2123 modo
822 2096 924 2123 indicat

128 2141 229 2169 Paulus
246 2151 276 2169 ια
295 2143 346 2169 Aut
363 2142 483 2176 nunquid
501 2143 708 2176 probamentnm
725 2142 784 2176 ejus
799 2141 921 2176 qnmritis
935 2153 957 2183 ο

128 2188 174 2223 qui
187 2189 215 2217 in
229 2197 271 2216 me
287 2188 406 2222 laquitur
418 2187 544 2215 Christus
555 2189 565 2204 ⁸
578 2188 590 2214 ?
605 2197 613 2213 ι

158 2234 482 2270 2.Quoniamergomulti
503 2241 536 2261 ex
560 2233 602 2260 his
624 2234 668 2267 qui
681 2232 790 2260 Christo
806 2233 918 2260 credere

165 2302 175 2316 ³
187 2302 267 2329 Joan.
280 2309 334 2336 xw,
346 2301 375 2328 6.
406 2301 416 2316 ⁸
430 2301 497 2328 lleb.
510 2308 547 2333 xu,
559 2300 604 2332 25,
615 2300 661 2327 26.
691 2300 701 2316 ⁸
715 2299 734 2326 ll
746 2299 809 2327 Cor.
821 2306 881 2331 ιιι),
894 2299 921 2326 5.

163 2385 220 2421 (1.5)
237 2384 526 2421 οιῗπεπιστευκότες.
541 2383 663 2411 ϐγωςιιηι
685 2382 768 2421 hocce
788 2381 918 2421 librorum

128 2416 198 2455 Περὶ
210 2416 310 2455 ἃρχῶν
321 2420 425 2446 initium
437 2420 609 2455 desumptnm
626 2422 697 2455 este
709 2417 798 2455 lihro_t
812 2416 918 2443 Eusebii

128 2452 402 2484 contrar'l’larcellum
428 2454 613 2488 Ancyrauutn.
633 2452 698 2480 Vide
718 2452 845 2479 Mouitnm
874 2459 921 2478 uo-

128 2497 226 2524 strttln,
245 2498 318 2517 ιιιιιιι.
339 2490 366 2517 2.
422 2523 438 2524 7
619 2522 623 2524 _
715 2522 720 2524 ν
840 2520 846 2524 _
871 2519 876 2524 _

165 2520 224 2561 (Mi
238 2525 388 2561 (Estimam
403 2523 589 2561 Egi/ptimum
604 2522 733 2561 thesauris
754 2520 920 2561 opproftrittm

128 2553 238 2589 Ch‘rist'i.
259 2560 297 2587 Ita
310 2567 404 2586 omnes
431 2553 508 2595 ὡῖιιι.
530 2564 595 2595 mss.
614 2556 741 2595 bifrlinns
754 2553 854 2594 v’e’rotet
867 2553 916 2581 Ge-

129 2597 221 2628 nebr.,
254 2604 263 2620 ι
280 2595 442 2622 existimans
459 2593 593 2620 thesauris
616 2591 802 2628 Egyptiorum
820 2591 921 2628 imp-ros

129 2624 235 2663 perium
264 2630 377 2656 Christi.
395 2639 404 2654 ι
427 2628 509 2654 Paulo
532 2624 700 2665 posuiide’tn.
726 2631 790 2650 mss.
812 2633 819 2650 :
838 2632 847 2648 ι
869 2624 922 2665 aut

130 2658 250 2699 nunquid
276 2665 494 2697 probamentum.
512 2658 610 2689 rLibri
637 2660 717 2692 editi,
741 2668 749 2684 ι
767 2665 800 2684 an
826 2658 924 2692 proba-

130 2705 261 2726 mentum.
283 2708 291 2724 ι

166 2734 222 2768 (Ilii)
243 2733 343 2760 Omnes
364 2740 443 2763 mss.,
460 2741 469 2757 ‹
489 2731 645 2768 desivimus.
664 2739 673 2754 ι
693 2727 798 2755 Merlin.
822 2729 849 2768 et
872 2725 923 2768 Ce-

130 2760 220 2799 ncbrﬂ
239 2777 248 2793 ι
264 2760 446 2795 όρδιιθνίιιιιιεξ
466 2775 475 2791 ι
492 2765 562 2796 Infra
585 2771 681 2800 omnes
701 2769 801 2800 mss“:
823 2760 857 2786 ab
880 2767 925 2800 ce-

131 2793 504 2836 rclesiastitmr‘citrapostolica
532 2794 670 2828 discordat
695 2796 852 2824 traditione.
873 2803 881 2818 ι
896 2793 922 2820 lu

578 814 632 850 57
650 816 672 843 l.
686 815 785 843 Omnes
801 817 845 851 qui
863 824 922 844 cre-
937 821 958 848 Α
973 825 1002 845 se
1014 817 1184 852 profitentur,
1201 825 1253 844 non
1271 817 1355 844 solum
1373 818 1398 844 in
1415 817 1508 852 parvis
1523 821 1548 844 et
1565 817 1686 845 minimis
1704 817 1763 846 dis-

970 865 1095 897 cordant,
1107 871 1197 891 rerum
1212 864 1293 891 etiam
1310 864 1336 890 in
1352 863 1458 898 magnis
1474 867 1501 889 et
1516 863 1643 891 maximis
1657 872 1663 890 :
1682 863 1708 891 id
1723 867 1765 892 est

969 910 1011 937 vel
1024 911 1057 938 de
1073 911 1126 938 Deo
1138 909 1178 937 vel
1196 910 1229 937 de
1243 911 1358 938 Domino
1372 909 1437 937 Jesu
1450 910 1568 942 Christo,
1586 909 1629 937 vel
1645 910 1678 937 de
1698 910 1765 945 Spi—

968 955 1021 982 ritu
1045 960 1158 986 saneto;
1183 963 1236 982 non
1259 955 1345 982 solum
1372 960 1464 983 autem
1489 955 1522 981 de
1543 955 1596 987 his,
1614 955 1661 982 sed
1682 959 1712 982 et
1731 956 1767 983 de

968 1001 1028 1028 aliis
1043 1002 1184 1034 creaturis,
1200 1002 1225 1028 id
1243 1006 1284 1028 est
1303 1001 1345 1027 vel
1359 1001 1392 1028 de
1410 1000 1656 1033 dominationibus,
1672 1001 1717 1028 vel
1731 1001 1766 1028 de

968 1048 1114 1074 virtutibus
1127 1048 1248 1077 sanctis:
1264 1052 1375 1082 propter
1389 1047 1439 1074 hoc
1453 1047 1640 1074 necessarium
1653 1047 1766 1074 videtur

969 1093 1043 1127 prius
1061 1093 1094 1119 de
1110 1093 1151 1120 his
1166 1093 1280 1128 singulis
1295 1097 1398 1121 certam
1416 1093 1516 1119 lineam
1533 1091 1766 1127 manifestamque

970 1139 1087 1173 regulam
1101 1145 1211 1172 ponere,
1226 1143 1280 1165 tum
1293 1139 1391 1166 deinde
1406 1139 1488 1166 etiam
1511 1138 1544 1165 de
1566 1138 1676 1165 caeteris
1689 1144 1766 1172 que-

970 1191 1041 1211 rere.
1062 1183 1138 1211 Sicut
1161 1184 1233 1211 enim
1255 1185 1347 1212 multis
1369 1184 1439 1219 apud
1455 1183 1571 1219 _GI‘:I!COS
1584 1188 1611 1210 et
1630 1183 1767 1210 barbaros

969 1229 1160 1263 pollicentibus
1175 1229 1330 1263 veritatem,
1345 1227 1495 1257 desivimus
1510 1229 1566 1264 (45)
1582 1229 1653 1263 apud
1669 1235 1766 1256 omnes

969 1281 1028 1301 eam
1045 1281 1166 1308 quaerere
1178 1275 1223 1308 qui
1235 1282 1294 1301 eam
1314 1274 1390 1301 falsis
1399 1274 1574 1308 opinionibus
1590 1275 1765 1307 asserebant,

968 1323 1142 1354 posteaquam
1164 1320 1327 1347 credidimus
1350 1320 1445 1346 Filium
1467 1320 1513 1346 Dei
1530 1327 1591 1347 esse
1610 1320 1764 1352 Christum,

968 1369 996 1392 et
1010 1365 1043 1392 ab
1060 1365 1117 1399 ipso
1134 1365 1210 1392 nobis
1228 1365 1297 1392 hanc
1310 1364 1463 1391 discendam
1477 1371 1537 1392 esse
1552 1365 1742 1399 persuasimus
1757 1372 1765 1396 ;

970 1409 1006 1436 ita
1021 1417 1082 1437 cum
1101 1410 1176 1438 multi
1194 1410 1248 1437 sint
1262 1410 1307 1445 qui
1323 1417 1353 1437 se
1364 1415 1459 1444 putant
1470 1411 1571 1438 sentire
1584 1418 1645 1445 quae
1661 1411 1765 1438 Christi

971 1460 1044 1489 sunt,
1057 1460 1084 1482 et
1097 1456 1217 1483 nonnulli
1231 1464 1323 1483 eorum
1337 1457 1443 1483 diversa
1456 1464 1470 1483 a
1482 1457 1618 1491 prioribus
1629 1457 1765 1490 sentiant,

969 1507 1092 1530 servetur
1109 1509 1172 1530 vero
1183 1503 1368 1530 ecclesiastica
1382 1503 1536 1538 prmdicatio
1551 1510 1598 1537 per
1610 1503 1766 1530 successio-

970 1548 1012 1574 nis
1029 1548 1152 1575 ordinem
1175 1547 1209 1575 ab
1224 1548 1352 1582 apostolis
1374 1548 1484 1579 tradita,
1499 1552 1527 1574 et
1544 1555 1629 1581 usque
1647 1548 1682 1574 ad
1697 1555 1768 1581 prte-

971 1601 1034 1621 sens
1052 1594 1077 1620 in
1093 1593 1224 1622 Ecclesiis
1239 1601 1400 1628 permanens
1414 1602 1421 1620 :
1439 1593 1482 1620 illa
1498 1593 1557 1620 sola
1572 1594 1708 1620 credenda
1725 1599 1766 1621 est

970 1639 1083 1672 veritas,
1101 1647 1160 1673 qna:
1173 1640 1199 1666 in
1214 1639 1288 1666 nullo
1308 1639 1343 1666 ab
1362 1638 1546 1666 ecclesiastica
1566 1643 1594 1665 et
1615 1639 1766 1673 apostolica

970 1685 1112 1713 discordat
1127 1685 1281 1712 traditione.

1006 1731 1033 1758 5.
1048 1730 1112 1758 Illud
1128 1734 1216 1757 autem
1232 1730 1301 1757 scire
1318 1733 1435 1764 oportet,
1449 1729 1577 1764 quoniam
1595 1729 1681 1756 sancti
1697 1737 1767 1764 apo-

971 1776 1032 1804 stoli
1056 1776 1133 1803 [idem
1155 1775 1255 1803 Christi
1273 1775 1462 1808 praadicantes,
1478 1774 1511 1801 de
1523 1774 1685 1807 quibusdam
1701 1775 1766 1808 qui-

971 1822 1033 1849 dem
1057 1828 1226 1856 quaecunque
1250 1823 1401 1847 necessaria
1431 1819 1613 1850 crediderunt,
1638 1819 1766 1846 omnibus

971 1868 1051 1895 etiam
1068 1867 1109 1894 his
1128 1867 1173 1901 qui
1191 1865 1322 1901 pigriores
1346 1872 1409 1899 erga
1435 1864 1640 1899 inquisitionem
1667 1863 1767 1890 divinae

972 1913 1092 1941 scientia:
1117 1913 1290 1943 videbantur,
1320 1910 1541 1937 manifestissime
1572 1909 1766 1941 tradiderunt,

973 1960 1106 1987 rationem
1121 1958 1226 1985 scilicet
1242 1957 1400 1984 asscrtionis
1416 1963 1510 1983 eorum
1525 1956 1715 1989 relinquentes
1734 1956 1767 1982 ab

974 2004 1016 2031 his
1031 2002 1228 2037 inquirendam,
1245 2001 1291 2036 qni
1305 2001 1423 2036 Spiritus
1438 2001 1508 2028 dona
1530 1999 1691 2027 excellentia
1708 2008 1767 2027 me-

975 2053 1100 2076 rerentur
1122 2047 1192 2082 (46),
1207 2051 1234 2073 et
1258 2046 1392 2080 praecipue
1416 2048 1561 2078 sermonis,
1582 2046 1725 2080 sapientiae
1741 2050 1768 2073 et

975 2093 1096 2121 scientiae
1107 2092 1221 2127 gratiam
1239 2098 1289 2125 per
1303 2091 1390 2125 ipsum
1413 2090 1540 2124 Spiritum
1558 2095 1683 2117 sanctum
1702 2098 1766 2124 per-

975 2139 1125 2174 cepissent;
1142 2137 1175 2164 de
1192 2136 1252 2163 aliis
1265 2143 1326 2163 vero
1340 2136 1466 2162 dixerunt
1483 2136 1601 2170 quidem,
1613 2136 1675 2169 quia
1693 2136 1765 2168 sint;

973 2183 1107 2220 quomodo
1124 2187 1225 2213 autem,
1238 2186 1285 2208 aut
1300 2181 1370 2208 unde
1389 2182 1455 2213 sint,
1476 2181 1622 2213 siluerunt,
1641 2180 1766 2214 profecto

973 2235 1003 2258 ut
1017 2228 1192 2257 studiosiores
1206 2227 1305 2262 quique
1316 2235 1349 2254 ex
1363 2226 1478 2262 posteris
1497 2226 1552 2253 suis
1567 2226 1613 2260 qui
1629 2230 1766 2253 amatores

973 2384 1051 2406 antea
1067 2377 1146 2404 editis
1157 2377 1241 2408 deest,
1258 2385 1267 2400 σ
1279 2380 1306 2402 et
1320 2375 1477 2410 apostolica.
1494 2383 1503 2400 ι
1515 2373 1598 2410 Paulo
1608 2379 1670 2407 post
1685 2383 1772 2407 mss..-

976 2423 985 2439 ‹
1003 2413 1126 2440 omnibus
1147 2412 1228 2438 etiant
1247 2410 1289 2437 Itis
1312 2408 1356 2443 qui
1376 2409 1517 2443 pigriores.
1534 2418 1542 2434 ι
1560 2408 1637 2435 Meri.
1660 2415 1688 2436 et
1713 2410 1766 2437 Ge-

976 2449 1065 2479 nebr.,
1084 2456 1093 2471 ‹
1112 2446 1239 2473 onmibus
1256 2444 1427 2472 credentibus
1441 2443 1523 2470 etiam
1543 2443 1586 2470 his
1603 2444 1648 2477 qui
1665 2444 1766 2480 pigrio-

976 2490 1030 2509 res.
1049 2491 1057 2506 ι

1012 2515 1067 2550 (46)
1085 2515 1137 2546 Qui
1151 2513 1265 2550 Spiritus
1278 2513 1347 2538 dona
1360 2512 1516 2550 excedentia
1527 2517 1764 2550 merererttttr,etc.

976 2547 1024 2578 Sic
1040 2557 1134 2577 ontnes
1149 2556 1213 2575 mss.
1230 2547 1256 2574 ltt
1271 2553 1352 2573 antea
1371 2547 1452 2573 editis
1468 2547 1564 2581 legitnr
1578 2554 1585 2572 :
1605 2555 1614 2571 ι
1635 2548 1686 2579 Qui
1704 2548 1765 2582 δμῆ-

976 2586 1044 2613 ritus
1056 2585 1124 2611 dona
1136 2582 1293 2609 excellentia
1307 2585 1334 2607 et
1347 2581 1480 2616 praecipue
1495 2582 1639 2612 sermonis,
1655 2583 1765 2616 sapien-

975 2621 1019 2647 tia:
1035 2624 1062 2645 et
1075 2618 1195 2645 scientiae
1213 2624 1260 2650 per
1275 2617 1361 2649 ipstnn
1382 2615 1511 2650 Spiritum
1535 2621 1660 2642 sanctum
1678 2615 1765 2650 pet-ct-
1780 2647 1782 2650 ⁴

976 2662 1039 2689 pere
1053 2649 1236 2689 merebantur:
1250 2670 1256 2676 .
1270 2669 1277 2676 .
1335 2669 1342 2676 .
1358 2668 1366 2676 .
1380 2668 1386 2675 .
1403 2649 1523 2682 profecto
1532 2654 1566 2688 ‘nt
1583 2649 1764 2689 studiosiores
1780 2676 1788 2684 _

976 2685 1083 2723 quoque
1091 2694 1122 2712 ex
1138 2685 1321 2723 posterissuis
1334 2689 1467 2723 amatores
1483 2685 1623 2723 sapientia:
1636 2690 1664 2711 et
1676 2687 1764 2723 scien-

977 2719 1021 2749 tia:
1041 2719 1199 2748 exercitium
1222 2720 1320 2746 habere
1343 2721 1463 2753 possent,
1487 2719 1513 2753 in
1530 2725 1583 2751 quo
1599 2719 1703 2753 ingenii
1724 2722 1762 2748 sui

978 2757 1094 2783 fructum
1112 2754 1253 2790 ostendere
1275 2752 1405 2790 valerent,
1421 2752 1446 2777 hi
1469 2752 1591 2779 videlicet
1607 2752 1653 2789 qui
1669 2755 1764 2790 dignos

978 2799 1007 2818 se
1025 2794 1052 2818 ct
1066 2796 1179 2823 capaces
1195 2787 1334 2821 sapientiae
1348 2791 1541 2820 pra'pararent.
1559 2796 1568 2812 ι
