1883 3072
158 85 205 112 H7

842 84 941 111 LIBER
959 82 1097 110 PRIMUS.

1735 79 1785 106 ΗΒ

156 146 242 169 essent
254 142 412 177 sapientiae,
427 143 588 170 exercitium
603 143 702 170 habere
721 148 838 177 possent,
855 143 882 170 in
897 151 950 177 quo
966 144 988 172 Α
1003 143 1047 175 sit,
1064 148 1159 168 necne.
1176 140 1228 167 Sed
1242 139 1399 174 inquirenda
1410 139 1465 174 jam
1478 138 1528 165 ista
1547 144 1595 173 pro
1607 136 1709 164 viribus
1725 139 1787 162 sunt

158 188 256 222 ingenii
275 189 316 216 sui
343 189 465 216 l'ructum
492 190 675 220 ostenderent.
700 189 725 216 hi
755 188 879 216 videlicet
903 190 948 224 qui

158 234 252 268 dignos
267 242 296 261 se
307 240 335 262 et
346 243 463 270 capaces
475 236 506 263 ad
518 236 700 270 recipiendam
711 235 869 269 sapientiam
882 243 950 270 pra:-

156 284 294 312 pararent.

192 323 219 350 4.
244 323 356 358 Species
375 331 441 351 vero
458 333 552 352 eorum
577 332 637 360 qua:
659 333 708 360 per
731 325 949 360 przedicationem

158 369 334 404 apostolicam
358 370 502 398 manifeste
524 371 675 404 traduntur,
691 372 748 398 istac
771 377 844 399 sunt.
859 371 949 398 Primo

157 416 231 450 quod
246 423 313 442 unus
328 416 400 444 Deus
413 421 454 443 est
467 416 512 451 qni
527 418 616 444 omnia
629 418 730 444 creavit
747 422 827 451 atque
840 422 949 451 Compo-

156 461 222 493 suit,
233 461 343 495 quique,
355 469 415 488 cum
431 462 496 488 nihil
508 467 590 494 esset,
602 470 661 490 esse
671 463 731 490 fecit
746 463 869 490 universa
881 463 948 497 (47),

158 505 230 533 Deus
245 513 260 532 a
274 507 360 540 prima
371 511 494 534 creatura
511 512 537 534 et
547 508 701 535 conditione
713 508 816 540 mutuli,
829 508 948 534 omnium

154 551 292 586 jusloruni
312 552 393 586 Deus,
418 553 514 584 Adam,
532 553 608 584 Abel.
633 553 707 586 Sctb,
736 553 819 585 Enos,
845 553 948 586 Enocb,

155 596 225 630 Noe,
239 596 313 628 Scin,
326 597 474 630 Abraham,
484 598 566 630 isaac,
577 597 670 631 Jacob,
681 598 821 626 duodecim
835 599 949 633 patriar-

154 642 283 674 charum,
302 642 400 678 Moysis
415 647 441 670 et
454 644 663 677 prophetarum;
681 648 706 671 et
721 645 792 678 quod
813 645 856 671 hic
880 645 949 672 Dens

155 687 182 714 in
197 688 353 716 novissimis
369 689 474 721 diebus,
490 690 559 716 sicut
575 697 623 724 per
640 690 785 724 prophetas
806 698 869 717 suos
887 695 949 718 ante

154 734 331 767 promiserat,
355 733 410 769 48
437 735 509 762 misit
540 736 682 762 Dominum
710 741 830 763 nostrum
856 735 948 764 .lesum

154 779 306 812 Christum,
322 781 408 814 primo
424 781 529 814 quidem
548 786 705 808 vocaturum
721 782 814 814 Israel,
830 782 949 809 secundo

155 832 220 852 vero
235 826 318 853 etiam
336 832 430 861 gentes
447 832 505 862 post
520 828 659 862 perfidiam
683 829 771 863 populi
791 828 882 856 lsracl.
899 829 948 857 llic

156 870 230 898 Deus
254 871 345 905 justus
375 876 399 899 et
422 873 507 900 bonus
534 873 612 901 Pater
641 874 744 901 Domini
773 875 856 902 nostri
884 874 946 902 Jesu

155 916 270 950 Christi,
289 917 375 951 legem
389 922 416 945 et
430 919 586 953 prophetas,
601 924 628 947 et
646 920 788 954 Evangelia
805 921 861 955 ipse
875 920 947 948 dedit

156 963 202 997 qui
215 968 243 990 et
258 964 442 998 apostolorum
460 965 531 992 Deus
547 969 606 998 est,
626 971 653 992 et
668 967 765 993 veteris
780 971 806 993 et
821 966 880 993 novi
897 966 949 994 Te-

156 1009 297 1036 stamenti.
311 1009 378 1036 Tum
394 1009 490 1037 deinde
505 1011 515 1026 °
527 1011 589 1045 quia
604 1010 682 1039 Jcsus
695 1011 819 1038 Christus
834 1012 890 1046 ipse
903 1012 947 1046 qui

155 1056 244 1088 venit,
266 1061 329 1084 ante
350 1064 456 1084 onmem
473 1062 626 1085 creaturam
654 1063 733 1085 natus
746 1066 778 1085 ex
798 1058 878 1086 Patre
896 1063 947 1086 est.

155 1101 207 1133 Qui
217 1109 280 1128 cum
290 1102 316 1128 in
324 1103 443 1129 omnium
452 1103 604 1130 conditione
612 1103 683 1130 Patri
693 1103 871 1131 ministrassel
881 1104 946 1139 (48),

158 1154 168 1171 α
196 1153 245 1180 per
276 1146 363 1180 ipsum
392 1147 465 1174 enim
495 1147 583 1174 omnia
622 1147 691 1174 facta
715 1152 778 1173 sunt
793 1147 813 1179 ⁷,
833 1156 842 1173 ι
861 1147 949 1174 novis-

154 1191 233 1217 simis
251 1191 418 1224 temporibus
443 1191 559 1226 seipsnm
579 1191 738 1218 exiuaniens
762 1192 840 1219 homo
861 1191 948 1218 factus

156 1235 316 1261 incarnatus
332 1241 373 1262 est
388 1235 443 1270 (49)
461 1243 523 1262 cum
541 1236 611 1263 Deus
624 1241 704 1270 esset,
722 1242 747 1263 ct
761 1237 841 1264 homo
862 1236 948 1264 factus

154 1280 257 1306 nmusit
277 1280 348 1313 quod
374 1285 434 1308 erat
461 1281 541 1308 Deus.
565 1281 668 1316 Corpus
693 1282 838 1317 assumpsit
856 1285 948 1310 nostro

156 1327 266 1360 corpori
282 1326 427 1359 simile,‘eo
440 1327 496 1354 solo
510 1326 637 1355 differens
650 1328 720 1362 quod
736 1332 827 1355 natum
841 1335 874 1356 ex
889 1328 949 1355 Vir-

157 1373 221 1407 gine
243 1377 271 1400 et
291 1372 394 1407 Spiritu
411 1379 504 1400 sancto
521 1379 572 1401 est.
598 1373 630 1400 Et
647 1375 774 1409 quoniam
803 1375 847 1402 hic
871 1374 949 1403 Jesus

156 1417 284 1444 Christus
300 1422 379 1445 natus
393 1422 420 1445 et
431 1425 527 1452 passus
545 1423 585 1446 est
605 1419 630 1445 in
646 1419 771 1452 veritate,
789 1425 816 1447 et
834 1427 885 1447 non
900 1427 949 1454 per

156 1464 331 1498 phantasiam
343 1471 513 1491 communem
530 1465 600 1492 hanc
613 1469 726 1492 mortem
739 1466 867 1493 sustinuit
879 1467 946 1502 (50),

156 1517 223 1536 vere
241 1514 382 1541 mortuus;
402 1517 462 1536 vere
479 1509 550 1537 euitn
576 1518 589 1537 ιι
611 1511 723 1538 mortuis
749 1511 906 1544 resurrexit,
921 1517 948 1539 et

156 1560 218 1590 post
231 1556 456 1584 resurrectionem
471 1561 647 1583 conversatus
657 1565 718 1583 enm
731 1557 869 1592 discipulis
881 1558 947 1590 suis,

157 1607 313 1636 sswmptns
330 1607 381 1630 est.
399 1602 466 1629 Tum
481 1602 577 1629 deinde
593 1604 697 1631 honore
709 1611 740 1630 ac
754 1604 883 1638 dignitate
900 1604 946 1631 Pa-

158 1649 193 1675 tri
203 1657 235 1675 ac
249 1649 318 1676 Filio
333 1649 463 1676 sociatum
478 1649 647 1676 tradiderunt
657 1649 789 1684 Spirittun
799 1651 949 1677 sanctum“.

159 1693 186 1721 In
205 1695 256 1722 hoc
272 1702 325 1721 non
340 1694 396 1727 jam
418 1695 559 1722 manifeste
574 1696 746 1727 discernitur,
763 1701 852 1723 utrum
875 1701 953 1724 natus

158 1747 192 1766 an
209 1741 317 1767 innatus
333 1740 387 1775 (51)
402 1740 444 1768 vel
459 1741 542 1768 Filius
557 1741 639 1768 etiam
662 1741 708 1768 Dei
735 1742 793 1776 ipse
817 1743 955 1770 habendus

195 1801 207 1815 ⁸
218 1800 278 1827 vide
291 1799 447 1835 Origenian.
469 1799 486 1827 Ι.
499 1808 531 1833 ιι,
546 1808 572 1835 q.
585 1802 612 1828 2.

650 1801 660 1816 ⁷
672 1800 750 1829 Joan.
763 1809 782 1835 ι,
794 1801 821 1828 5.

161 1835 236 1862 nian.
250 1835 267 1861 Ι.
281 1843 311 1867 ιι,
325 1843 352 1870 q.
365 1835 391 1867 7,
410 1843 484 1862 num.
498 1835 524 1862 5.

196 1894 252 1929 (47)
272 1894 337 1920 Cum
352 1894 508 1929 nihiliesael,
524 1902 578 1920 esse
589 1893 649 1927 fecit
663 1893 791 1929 universo.
808 1892 845 1919 Ita
856 1900 950 1921 omnes

160 1928 227 1956 mss.
246 1929 351 1956 Merlin.
369 1928 522 1961 etGeneb.,
543 1938 552 1953 ι
573 1935 604 1955 ex
631 1928 709 1955 nullis
733 1928 796 1955 fecit
814 1935 873 1955 esse
890 1929 951 1956 uni-

160 1972 238 1991 νει-δη
245 1984 252 1990 .
268 1974 277 1990 ι

197 1999 254 2034 (48)
271 1998 394 2034 Quicum
420 1999 447 2025 in
470 1998 584 2034 omnium
610 1998 757 2034 conditione
774 1997 852 2025 Patri
872 1999 951 2034 mirgi-

159 2032 279 2061 strasset.
293 2033 351 2060 Non
368 2034 462 2060 desunt
478 2032 598 2065 exempla
614 2033 776 2059 locutionum
793 2034 889 2066 quibus
905 2033 949 2060 Fi-

159 2069 212 2095 lius
234 2073 298 2095 ante
320 2069 531 2095 incarnationem
561 2067 659 2094 dicitur
687 2069 741 2094 Deo
770 2067 842 2094 Patri
869 2069 949 2095 iniui-

159 2110 273 2134 strasse.
293 2111 345 2130 non
370 2104 448 2130 modo
462 2103 487 2129 in
505 2103 537 2128 iis
556 2102 600 2135 qui
618 2106 680 2130 ante
702 2102 794 2128 Arium
811 2103 947 2135 vixerunt,

865 1802 875 1817 ⁸
889 1801 946 1829 ride
961 1801 1117 1836 Origcnian.
1130 1801 1147 1828 l.
1161 1809 1191 1834 ll,
1205 1808 1232 1835 q.
1243 1801 1272 1828 ἓ.

1001 187 1034 214 de
1050 194 1126 214 sacra
1144 186 1291 221 Scriptura,
1307 191 1334 213 ct
1354 185 1441 220 sagaci
1460 183 1655 219 perquisitione
1677 181 1789 209 investi-

1001 233 1095 268 ganda.
1111 231 1181 260 Sane
1197 231 1267 266 quod
1284 232 1333 258 iste
1351 230 1467 266 Spiritus
1483 235 1701 263 unumquemque
1724 234 1786 253 san-

1001 284 1115 310 ctorum,
1129 278 1169 305 vel
1187 278 1389 312 prophetarum,
1404 277 1444 304 vel
1467 275 1650 312 apostolorum
1672 272 1786 308 inspira-

1001 325 1068 351 verit
1084 323 1151 357 (52),
1167 328 1194 351 et
1208 331 1259 350 non
1275 322 1343 349 alius
1367 323 1484 358 Spiritus
1511 323 1536 350 in
1553 322 1698 352 veteribus,
1718 320 1791 346 alius

1001 378 1065 397 vero
1085 370 1110 397 in
1131 370 1172 397 his
1191 370 1235 404 qni
1256 370 1282 397 in
1301 370 1416 397 adventu
1438 368 1538 396 Christi
1563 367 1686 401 inspirati
1711 369 1784 397 sunt,

1001 416 1322 449 fuerit,manil‘estissime
1336 416 1362 442 in
1380 413 1509 442 Ecclesiis
1526 414 1697 448 praedicatur.

1035 462 1061 489 5.
1074 461 1135 490 Post
1154 462 1210 489 haec
1222 461 1276 496 jam
1291 462 1361 496 quod
1379 461 1468 488 anima
1491 459 1669 486 substantiam
1685 457 1786 484 vitam-

1000 515 1052 542 que
1068 508 1169 536 habens
1185 507 1330 541 propriam,
1345 514 1404 534 cum
1421 513 1453 533 ex
1471 506 1523 533 hoc
1541 504 1639 532 mundo
1655 504 1786 531 discesse-

1001 554 1044 586 rit,
1059 561 1107 588 pro
1117 554 1175 581 suis
1192 553 1295 580 meritis
1311 552 1520 587 dispensabitur,
1535 551 1591 578 sive
1605 550 1665 576 vitae
1678 554 1786 577 aeterna:

1000 607 1032 627 ac
1047 599 1219 627 beatitttdinis
1244 598 1399 626 haereditate
1419 598 1547 631 potitura,
1572 595 1594 623 si
1620 595 1671 622 hoc
1694 595 1717 621 ei
1737 602 1785 621 sua

999 651 1072 680 gesta
1096 645 1284 680 priestitcrint;
1310 645 1367 671 sive
1390 643 1444 677 igni
1467 647 1568 670 zeterno
1591 649 1623 669 ac
1648 640 1786 675 suppliciis

1000 691 1188 726 mancipanda,
1201 691 1222 717 si
1239 691 1265 718 in
1284 691 1334 718 hoc
1347 697 1406 716 eam
1424 689 1555 716 scelerum
1574 687 1650 721 culpa
1666 686 1787 714 detorse-

1000 737 1049 770 rit;
1069 737 1115 764 sed
1133 741 1160 764 et
1173 737 1236 771 quia
1256 737 1307 763 erit
1329 741 1432 770 tempus
1448 733 1653 762 resurrectionis
1669 736 1786 760 mortuo-

1000 791 1070 816 rum,
1088 791 1148 810 cum
1171 790 1269 817 corpus
1295 782 1345 810 hoc
1362 781 1432 816 quod
1456 786 1525 808 nunc
1544 789 1552 805 ι
1570 779 1597 807 in
1614 777 1788 811 corruptione

1000 829 1159 861 seminatur,
1170 832 1261 863 surget
1282 828 1309 860 in
1330 827 1548 861 incorruptione;
1565 835 1574 851 ι
1590 830 1617 852 et
1631 825 1702 860 quod
1720 834 1728 850 ι
1743 831 1787 850 se-

999 877 1116 903 minatur
1135 875 1160 902 in
1187 874 1344 909 ignominia.
1363 878 1455 908 surget
1483 872 1510 899 in
1537 871 1620 906 gloria
1632 872 1655 898 '.
1672 880 1680 897 ι
1699 871 1744 898 Est
1760 874 1789 898 et

998 921 1062 948 illud
1083 921 1220 948 deﬁnitum
1242 920 1269 946 in
1295 918 1479 946 ecclesiastica
1505 915 1704 951 praedicatione,
1728 922 1787 942 om-

999 974 1059 994 nem
1075 966 1192 993 animam
1208 963 1393 992 rationabilem
1407 970 1468 990 esse
1483 962 1560 989 liberi
1576 962 1682 988 arbitrii
1697 965 1723 988 et
1738 968 1787 987 vo-

999 1012 1128 1044 luntatis;
1143 1018 1202 1038 esse
1218 1016 1324 1044 quoque
1343 1008 1367 1036 ei
1388 1012 1526 1034 certamen
1548 1007 1679 1034 adversus
1694 1005 1787 1033 diabo-

1000 1057 1054 1084 lum
1072 1061 1098 1084 et
1118 1057 1228 1092 angelos
1243 1055 1311 1090 ejus,
1333 1054 1536 1088 contr-ariasque
1560 1053 1685 1083 virtutes,
1702 1059 1733 1078 ex
1753 1058 1786 1078 eo

999 1102 1070 1136 quod
1085 1102 1123 1129 illi
1139 1101 1256 1136 peccatis
1268 1108 1327 1127 eam
1341 1106 1455 1126 onerare
1469 1098 1644 1129 contendant,
1661 1105 1708 1124 nos
1723 1104 1787 1123 vero

999 1149 1020 1176 si
1039 1153 1110 1176 recte
1131 1147 1307 1181 consullcque
1327 1146 1458 1176 vivamus,
1480 1145 1512 1171 ab
1530 1144 1684 1178 huiusmodi
1702 1151 1786 1170 onere

1000 1193 1055 1229 (53)
1071 1201 1119 1221 nos
1143 1200 1243 1220 exuere
1267 1199 1403 1219 conemur.
1425 1190 1500 1218 Unde
1515 1194 1542 1217 et
1562 1196 1730 1224 consequens
1745 1193 1786 1216 est

1000 1240 1148 1274 intelligere
1163 1239 1195 1270 ",
1213 1246 1265 1265 non
1285 1245 1332 1264 nos
1345 1236 1499 1264 necessitati
1522 1242 1581 1261 esse
1596 1234 1740 1268 subjectos,
1757 1239 1786 1260 ut

999 1285 1163 1318 omnimodo,
1178 1284 1284 1312 etiamsi
1296 1284 1422 1315 nolimus,
1434 1283 1475 1311 vel
1487 1281 1554 1308 mala
1569 1281 1609 1309 vel
1622 1283 1690 1308 bona
1706 1289 1786 1315 agere

999 1339 1136 1366 cogamur.
1153 1331 1181 1358 Si
1199 1330 1270 1358 enim
1284 1330 1368 1356 nostri
1385 1329 1489 1356 arbitrii
1509 1337 1612 1359 sumus,
1628 1329 1787 1363 impugnare

1000 1385 1048 1404 nos
1064 1376 1178 1404 fortasse
1202 1380 1313 1410 possunt
1326 1374 1382 1410 (54)
1396 1375 1493 1410 aliqua:
1517 1375 1630 1402 virtutes
1645 1374 1676 1401 ad
1695 1382 1788 1408 pecca-

1000 1425 1068 1456 tum,
1081 1426 1107 1449 et
1123 1421 1182 1448 alia:
1197 1420 1290 1454 juvare
1305 1420 1338 1447 ad
1352 1420 1464 1447 salutem
1478 1429 1485 1452 ;
1514 1427 1566 1446 non
1588 1424 1676 1446 tamen
1694 1427 1787 1446 neces-

1000 1467 1080 1494 sitate
1095 1466 1216 1501 cogimur
1232 1465 1273 1492 vel
1289 1473 1369 1500 agere
1383 1469 1466 1497 recte,
1481 1464 1522 1490 vel
1539 1463 1627 1491 male:
1645 1465 1715 1498 qttod
1729 1464 1785 1491 ﬁeri

1002 1513 1168 1540 arbitrantur
1184 1512 1210 1539 hi
1231 1512 1276 1546 qni
1296 1511 1431 1539 stellarum
1448 1517 1556 1538 cursum
1576 1515 1603 1536 et
1619 1515 1707 1538 motus
1723 1517 1787 1537 cau-

1002 1566 1059 1586 sam
1076 1558 1168 1585 dicunt
1183 1558 1361 1584 humanorum
1379 1564 1438 1584 esse
1456 1560 1604 1591 gestorum,
1628 1563 1680 1582 non
1701 1556 1786 1582 solum

1002 1611 1095 1631 eorum
1109 1611 1169 1639 quae
1181 1608 1257 1630 extra
1272 1602 1376 1630 arbitrii
1391 1602 1514 1629 accidunt
1530 1602 1690 1634 libertatem,
1703 1601 1749 1628 sed
1762 1606 1788 1628 et

1005 1657 1098 1678 eorum
1108 1657 1167 1684 quae
1179 1650 1205 1676 in
1218 1653 1308 1676 nostra
1320 1653 1381 1676 sunt
1394 1649 1478 1683 posita
1491 1651 1632 1682 potestate.
1647 1647 1684 1673 De
1698 1647 1787 1672 anima

1006 1703 1070 1723 vero
1083 1701 1172 1723 utrum
1190 1703 1221 1723 ex
1240 1694 1351 1722 seminis
1368 1695 1477 1721 traduce
1492 1693 1547 1729 (55)
1569 1693 1691 1724 ducatur,
1708 1693 1744 1719 ita
1759 1697 1788 1718 ut

1009 1743 1078 1770 ratio
1099 1743 1183 1777 ipsius
1206 1742 1246 1769 vel
1271 1741 1418 1769 substantia
1435 1741 1533 1768 inserta
1556 1740 1620 1774 ipsis
1642 1739 1788 1767 seminibus

1315 1801 1325 1816 '
1337 1800 1347 1827 Ι
1358 1800 1420 1829 Cor.
1435 1807 1479 1833 xv,
1492 1799 1538 1832 4‘3,
1587 1799 1610 1815 ¹⁶
1621 1799 1680 1826 vide
1693 1799 1787 1834 Orige-

1000 1897 1055 1920 tate
1068 1896 1094 1919 et
1107 1893 1209 1919 honore
1232 1897 1291 1926 post
1309 1892 1415 1920 Patrem
1428 1897 1454 1919 et
1470 1893 1567 1920 Filium
1584 1895 1681 1922 asserit
1702 1894 1787 1928 Spiri-

1000 1932 1055 1963 tum
1068 1932 1203 1958 sanctum,
1217 1928 1250 1963 de
1259 1936 1313 1961 quo
1331 1936 1391 1954 cum
1415 1928 1540 1963 ignorare
1563 1937 1594 1956 se
1609 1929 1682 1956 dicat
1696 1934 1786 1957 utrum

999 1962 1085 1999 factus
1100 1963 1135 1989 sit
1155 1970 1188 1988 an
1210 1961 1340 1999 inlectus,
1358 1963 1384 1999 in
1407 1961 1600 1999 posterioribus
1615 1964 1678 1998 quid
1700 1965 1733 1991 de
1754 1972 1786 1991 eo

999 1997 1112 2024 sentiret
1126 1998 1257 2031 expressit
1276 1997 1341 2023 nihil
1360 1998 1460 2031 absque
1483 1998 1538 2025 Deo
1557 1997 1635 2025 Patre
1657 1999 1786 2027 infectum

998 2039 1059 2059 esse
1081 2032 1254 2069 conﬁrmans.
1278 2041 1287 2058 ι
1309 2031 1426 2069 Legebat
1452 2032 1578 2059 nimirum
1609 2034 1787 2069 Hieronymus

997 2067 1108 2108 γενητὸς
1133 2067 1148 2102 ἦ
1171 2067 1312 2108 ἐγέγητοςῖ
1325 2067 1450 2108 _Ru‘liuus
1464 2073 1601 2108 _ccontra,_
1616 2067 1743 2108 χεννηέὸς
1759 2071 1785 2108 ,ἢ

996 2101 1158 2139 ἁγέύντὶτρςέ
1166 2101 1268 2139 ροΑῂὶς
1290 2103 1348 2139 vide
1362 2101 1578 2139 Qi‘igeniuiiorurrt
1597 2103 1641 2130 lib.
1669 2101 1699 2135 ll,
1713 2113 1740 2139 q.
1757 2101 1785 2136 ἓξ

159 2137 274 2174 Justino
283 2145 378 2171 nempe
393 2142 522 2174 martyre,
537 2137 879 2174 Theophilaantiocbeno,
893 2137 947 2174 lre-
962 2145 987 2174 ι)
1001 2145 1073 2164 num.
1086 2136 1131 2174 2i,
1144 2137 1190 2168 22,
1207 2136 1242 2163 25
1256 2141 1283 2174 et
1300 2137 1344 2164 '25.
1357 2137 1533 2174 Quotl_a_ntcm
1549 2137 1591 2165 his
1604 2139 1691 2166 verbis
1709 2136 1728 2164 ι’
1739 2148 1787 2166 na-

160 2181 231 2204 nzeo,
246 2173 385 2200 Clemente
399 2171 593 2202 Alexandrino.
609 2171 784 2204 Tertulliano,
806 2177 833 2198 et
848 2173 874 2199 in
891 2173 948 2206 epi-

159 2208 228 2235 stola
249 2215 296 2234 sex
317 2207 504 2241 episcoporum
530 2207 563 2232 ad
584 2206 695 2233 Paulum
721 2206 946 2239 Samosatenum;

158 2244 250 2270 sedet
266 2242 292 2269 in
312 2243 364 2270 illis
378 2243 506 2276 qui.post
529 2246 650 2268 exortam
675 2242 801 2276 Arianam
825 2242 947 2269 haeresim

159 2279 306 2311 scripsere.
322 2285 348 2303 ν.
365 2275 392 2311 g.
410 2278 436 2304 in
447 2275 557 2303 Vllilario
573 2276 618 2302 lib.
637 2284 666 2303 ιιι
688 2276 724 2303 De
737 2275 876 2308 Trinitale,
891 2276 948 2303 Ma-

159 2314 201 2340 rio
218 2311 356 2339 Victorino
372 2313 474 2347 hymno
488 2311 514 2342 5,
540 2316 567 2337 et
584 2311 742 2345 Epiphanio.
772 2311 864 2347 Utrum
885 2318 948 2347 vero

157 2347 291 2381 ejusmodi
310 2345 442 2374 locutione
464 2346 595 2380 Origenes
617 2346 711 2373 doceat
732 2353 817 2373 nccne
830 2345 948 2372 Verbum

159 2382 187 2409 in
222 2382 362 2409 creatione
391 2389 482 2408 rerum
517 2380 689 2408 instrumenti
723 2385 827 2407 tantum
856 2385 948 2415 partes

159 2418 272 2450 obiisse,
291 2418 351 2444 vide
365 2415 584 2450 Origenianornm
601 2416 646 2442 lib.
661 2423 691 2448 ιι,
710 2422 737 2449 q.
752 2415 779 2448 2,
796 2423 822 2442 ιι.
840 2415 883 2442 15.

196 2452 253 2487 (49)
269 2451 354 2487 Homo
377 2451 463 2487 fartus
482 2451 635 2487 incarnatus
657 2455 706 2483 est,
718 2455 770 2487 etc.
795 2450 840 2477 Sic
854 2456 949 2478 omnes

159 2484 225 2514 mss.
235 2484 248 2518 ξ
260 2491 287 2513 at
306 2486 372 2514 libb.
387 2486 450 2512 editi
466 2495 472 2512 :
491 2495 500 2511 ι
519 2486 603 2512 ΙΙοιιιο
620 2484 708 2512 factus
729 2486 883 2512 incarnatus
896 2490 948 2518 est,

158 2528 221 2548 cum
240 2522 309 2548 Deus
322 2525 405 2552 esset,
420 2525 447 2547 et
461 2521 540 2547 homo
555 2521 655 2546 mansit
669 2521 740 2553 quod
761 2521 831 2547 Deus
849 2523 917 2546 erat.
936 2529 945 2546 ι

196 2556 252 2589 (50)
269 2555 302 2582 Ει
319 2563 369 2582 non
383 2563 430 2588 per
441 2555 606 2588 phantasiam
622 2563 781 2581 communem
797 2554 864 2581 hanc
880 2563 949 2581 mor-

159 2597 211 2617 tem
226 2591 362 2621 sustinuit,
374 2594 426 2616 etc.
440 2590 486 2617 Sic
502 2597 566 2616 mss.
585 2589 657 2616 Alias
668 2597 742 2624 vero,
760 2598 769 2615 ι
786 2593 811 2615 et
832 2597 949 2624 nonper

160 2626 307 2660 imaginem
323 2625 458 2652 communi
483 2628 569 2651 morte
590 2631 652 2652 vere
673 2623 796 2651 mortuus
813 2629 864 2652 est.
880 2623 949 2652 Vere

159 2661 247 2692 enim,
264 2669 273 2685 ι
291 2664 343 2686 etc.

197 2695 253 2728 (51)
269 2695 344 2727 Quod
359 2694 437 2721 vertit
453 2693 566 2720 Ruﬁnus
582 2703 591 2718 ι
608 2699 687 2720 natus
705 2701 739 2720 an
759 2693 876 2726 innatus,
892 2703 901 2719 ι
915 2693 949 2721 ab

160 2727 329 2763 llieronymo
347 2730 426 2764 epist.
439 2729 483 2759 94.
495 2728 561 2755 alias
576 2728 669 2764 59,7ad
687 2729 803 2764 Avitum,
817 2727 948 2764 redditum

160 2769 213 2795 est,
233 2773 242 2789 ι
264 2763 408 2790 ῐειςιιιεάιη
436 2764 562 2792 infectus.
590 2773 600 2789 ι
622 2763 734 2790 Ειϊοιερε
760 2763 859 2797 quippe
888 2763 948 2790 libri

161 2798 242 2833 primi
256 2798 326 2832 Περὶ
343 2797 442 2833 ἀρχῶν
457 2806 598 2826 recensens
614 2799 650 2826 ait
667 2807 674 2825 :
693 2807 702 2825 t
720 2796 839 2826 Tertium
852 2798 946 2834 digni-

1001 2177 1043 2198 tus
1059 2180 1092 2198 an
1109 2172 1228 2204 innatus,
1247 2181 1256 2197 ι
1273 2172 1299 2199 in
1314 2177 1386 2199 textu
1401 2172 1602 2206 subjunximus.
1619 2183 1628 2198 ι
1648 2174 1787 2202 vcl‘Filius

999 2208 1079 2233 etiam
1097 2207 1142 2234 Dei
1158 2207 1215 2240 ipse
1229 2207 1368 2234 habendus
1389 2208 1424 2234 sit
1448 2214 1543 2239 necne,
1563 2217 1571 2233 ι
1592 2208 1617 2236 id
1631 2209 1737 2241 quidem
1760 2210 1786 2236 iu

1000 2247 1078 2268 antea
1093 2241 1173 2269 editis
1188 2241 1262 2269 libris
1275 2242 1454 2274 desideratur,
1471 2243 1517 2269 sed
1535 2243 1561 2269 in
1575 2243 1702 2271 omnibus
1720 2252 1785 2273 mss.

998 2278 1142 2310 reperitur.

1034 2311 1090 2347 (52)
1112 2310 1296 2346 lnspiranert‘t.
1319 2312 1364 2339 Sic
1385 2318 1451 2338 mss.
1476 2312 1561 2343 Alias,
1579 2321 1587 2338 t
1606 2312 1756 2347 inspiravit.
1774 2323 1784 2339 ι

999 2345 1082 2372 Paulo
1095 2345 1244 2380 postinss.,
1262 2355 1270 2372 ι
1290 2347 1414 2381 iuspirati
1429 2351 1499 2379 sunt,
1516 2347 1608 2377 fuerit.
1624 2345 1787 2376 manifestis-

999 2381 1077 2412 sime,
1095 2390 1104 2406 ι
1121 2386 1175 2408 etc.
1190 2382 1218 2408 In
1233 2387 1311 2409 antea
1325 2381 1406 2409 editis
1421 2382 1497 2409 deest
1511 2390 1520 2407 ι
1539 2382 1630 2410 fuerit.
1647 2392 1655 2408 ι

1035 2414 1090 2449 (55)
1108 2415 1161 2442 Vox
1180 2425 1190 2442 ι
1207 2424 1291 2444 onere
1305 2426 1314 2442 ι
1330 2417 1405 2444 deest
1418 2417 1488 2450 apud
1505 2417 1646 2444 Mcrlinum
1661 2422 1688 2444 et
1702 2417 1788 2446 Gene-

999 2450 1138 2488 brardum,
1151 2451 1196 2488 sed
1207 2451 1343 2488 reperitur
1358 2451 1383 2478 in
1396 2451 1522 2488 Apologia
1540 2451 1669 2485 Pamphili
1686 2453 1713 2479 in
1732 2461 1785 2488 qua

1000 2485 1044 2520 hic
1061 2484 1136 2513 locus
1149 2484 1303 2514 exhibetur.
1320 2487 1348 2514 In
1363 2484 1428 2514 mss.
1448 2484 1497 2514 hoc
1511 2486 1570 2513 loco
1588 2484 1636 2520 pro
1651 2496 1661 2513 ι
1676 2484 1758 2515 onere
1774 2498 1783 2514 ι

999 2519 1097 2554 legitur
1114 2529 1123 2545 ι
1143 2521 1212 2548 lube.
1229 2531 1239 2547 ι

1035 2554 1090 2589 (54)
1105 2555 1319 2590 lmpuguarenos
1335 2556 1445 2590 fortasse
1465 2561 1583 2590 possunt.
1601 2556 1647 2583 Sic
1661 2555 1686 2583 iii
1700 2558 1787 2585 omni-

1000 2589 1050 2625 bus
1065 2590 1162 2625 legitur
1176 2589 1240 2618 mss.
1253 2597 1280 2617 et
1296 2591 1321 2617 in
1335 2591 1461 2625 Apologia
1474 2589 1622 2624 Pamphili;
1635 2592 1704 2625 apttd
1723 2591 1788 2619 Mer-

1000 2624 1173 2653 linum’vero
1196 2631 1222 2652 et
1247 2624 1459 2657 Genebrarduin,
1483 2635 1492 2650 ι
1522 2624 1658 2661 ἱιιειὶΒιιι-εέ
1673 2625 1787 2654 fortasse

1000 2665 1123 2694 possunt.
1142 2671 1150 2687 I
1168 2661 1250 2688 Paulo
1265 2666 1323 2694 post
1338 2668 1435 2693 mss.,t
1457 2668 1509 2687 non
1531 2661 1616 2687 solum
1634 2668 1784 2689 eorum.....

1000 2694 1046 2721 sed
1062 2699 1089 2721 et
1104 2703 1208 2722 eorum.
1230 2705 1239 2721 ι
1259 2695 1387 2723 Met-linus
1404 2699 1432 2722 et
1447 2694 1626 2728 Genebrard.,
1642 2704 1650 2721 t
1671 2704 1723 2724 non
1740 2705 1785 2724 eo-

1000 2736 1105 2756 rum....
1119 2731 1165 2757 sed
1179 2737 1283 2757 eorum.
1300 2739 1309 2756 ι

1036 2764 1092 2800 (55)
1109 2764 1218 2792 Seminis
1233 2765 1351 2792 traduce.
1369 2764 1414 2792 Sic
1438 2771 1532 2792 omnes
1553 2772 1631 2799 mss.,
1647 2764 1707 2793 libri
1723 2774 1785 2793 vero

1001 2799 1076 2834 editi,
1095 2809 1104 2825 ι
1120 2800 1221 2828 semine
1238 2800 1366 2828 traducis.
1386 2810 1394 2826 ι
1410 2800 1480 2828 infra
1495 2808 1572 2835 ωδε..
1592 2811 1600 2828 ι
1617 2801 1786 2829 extrinsecus
