1883 3072
141 89 193 117 119

775 94 934 122 ORIGENIS
951 95 1030 121 ΠΕΡΙ
1035 94 1161 130 ξΔΡΧΩΝ

1719 93 1771 122 120

137 147 325 183 corporalibus
340 149 522 181 halieatur,an
537 158 600 178 vero
613 151 685 179 aliud
694 151 790 180 habent
803 154 924 180 initium:
941 157 964 184 Α
979 154 1062 182 libros
1081 154 1278 182 ecclesiasticos
1294 161 1347 181 non
1368 153 1501 185 habetur;
1519 157 1546 181 et
1565 153 1768 181 ostendendum

135 198 164 220 et
184 194 235 221 hoc
254 194 340 228 ipsum
355 194 459 221 initium
479 195 501 222 si
520 196 639 231 genitum
653 201 705 229 est,
718 203 763 224 ant
784 207 836 226 non
848 200 922 234 geni-

137 244 192 266 tum
210 248 217 266 :
233 240 273 266 vel
289 245 362 267 certe
375 241 397 266 si
413 241 583 270 extrinsecus
599 244 707 277 corpori
731 244 842 276 inditur,
858 253 920 272 nec-

135 291 168 311 ne
181 292 188 310 :
203 291 254 310 non
277 284 344 311 satis
364 284 505 312 manif’csita
527 289 719 322 pricdicatione
736 289 920 324 distinguitur.

170 330 196 358 6.
212 329 249 356 De
264 329 371 356 diabolo
386 335 413 357 et
425 331 527 366 angelis
545 332 603 367 ejus
620 335 818 368 contrariisque
833 336 920 363 virtu-

133 374 204 400 tibus
219 374 401 402 ecclesiastica
419 377 578 410 prmdicatio
595 379 696 412 docuit,
711 381 838 414 quoniam
857 386 921 408 sunt

131 419 238 452 quidem
261 419 318 447 hmc
333 420 407 455 (56);
426 429 486 456 qua:
518 427 608 450 autem
635 425 700 456 sint,
717 431 763 452 aut
785 427 920 459 quomodo

130 465 194 493 sint.
212 473 264 492 non
280 467 346 494 satis
362 467 434 494 clare
449 469 584 503 exposuit.
599 471 676 504 Apud
688 472 816 504 plurimos
830 476 918 499 tanien

131 511 180 536 ista
201 512 316 539 habetur
332 515 433 548 opinio,
449 514 521 548 quod
533 515 646 549 angelus
662 516 745 543 fuerit
760 517 810 544 iste
823 517 919 545 diabo~

130 556 182 588 liis,
200 562 227 584 ct
243 562 364 591 apostata
389 559 502 587 eli'cctus
527 561 740 595 quampluriiiios
762 563 917 595 angelorum

129 609 220 628 secum
239 603 375 631 declinare
389 605 566 638 persuaserit,
579 606 624 640 qni
637 611 664 632 et
685 614 757 634 nunc
773 615 856 642 usque
870 615 918 635 an-

129 647 180 682 geli
198 649 281 681 ipsius
296 656 497 684 nuneupantur.
744 655 748 657 ’

166 693 191 719 7.
211 693 255 720 Est
273 700 402 728 praeterea
422 701 449 722 et
465 696 527 727 illud
547 696 572 722 in
585 697 770 725 ecclesiastica
787 699 918 732 pra-dica-

130 739 213 771 tione,
231 741 300 774 quod
316 741 371 776 (57)
389 743 504 769 mundus
521 743 571 770 iste
584 743 671 770 factus
695 745 740 776 sit,
759 749 786 771 et
806 754 820 771 a
841 750 917 773 certo

129 789 250 819 tempore
263 787 386 821 ωερε-ῆι,
399 793 426 814 et
439 789 474 815 sit
489 796 536 822 pro
552 789 608 822 ipsa
624 790 665 816 sui
679 791 850 825 corruptione
863 791 916 818 sol-

127 830 240 859 vendus.
253 831 321 863 Quid
335 836 423 859 tamen
446 837 508 860 ante
527 835 599 861 liunc
622 837 750 862 mundum
763 835 854 867 fuerit,
870 841 916 862 aut

127 876 191 910 quid
207 882 266 911 post
282 879 410 905 mundum
422 879 483 911 erit,
496 879 551 913 jam
564 887 617 907 non
632 888 681 914 pro
695 880 837 908 manifesto
850 881 916 908 inul—

126 922 160 948 tis
172 922 297 949 innotuit.
314 922 371 950 Non
385 924 455 950 enim
467 925 577 952 evidens
593 925 650 960 (58)
665 926 698 953 de
723 926 764 953 liis
786 926 811 953 in
828 926 916 954 eccle-

125 967 233 994 siastica
250 969 439 996 oriedicatione
453 977 543 997 sermo
559 970 707 1004 profertur.

160 1013 186 1040 8.
201 1013 268 1040 Tum
285 1014 392 1041 demum
409 1015 479 1048 quod
494 1023 542 1050 per
560 1015 689 1050 Spiritum
706 1017 752 1044 Dei
769 1016 916 1053 Scriptura:

124 1061 284 1094 conscripta:
303 1061 357 1088 sint
376 1066 402 1088 et
423 1069 531 1089 sensum
550 1063 684 1095 habeant,
706 1071 758 1090 non
780 1071 842 1091 eum
870 1071 915 1091 so-

124 1105 178 1131 lum
195 1107 240 1140 qui
270 1107 296 1133 iii
320 1109 463 1137 manifesto
487 1114 540 1140 est,
556 1109 603 1135 sed
626 1108 758 1136 ct‘alium
770 1109 914 1143 quemdam

124 1153 251 1180 latentem
267 1154 489 1188 quamplurimas.
504 1154 608 1182 Forma:
621 1153 693 1182 enim
708 1159 770 1181 sunt
785 1155 841 1182 haec
855 1162 915 1189 quae

124 1199 258 1232 descripta
274 1204 337 1226 sunt
350 1199 405 1235 49
418 1206 651 1228 sacramentorum
677 1201 866 1233 Quorumdam,
888 1204 915 1227 et

123 1244 276 1270 divinarum
293 1253 381 1272 rerum
397 1246 527 1280 imagines
545 1246 612 1281 (59).
631 1246 668 1273 De
688 1254 743 1281 quo
762 1246 845 1273 totius
862 1245 914 1273 Ec-

123 1290 214 1317 clesia:
229 1298 280 1316 una
295 1292 430 1320 sententia
447 1297 490 1319 est
504 1292 572 1327 (60),
589 1300 649 1320 esse
672 1293 780 1328 quidem
804 1300 913 1320 omnem

124 1336 210 1371 legem
236 1337 401 1371 spiritalem;
428 1345 481 1364 non
506 1343 596 1365 tanien
623 1346 654 1365 ea
675 1347 735 1372 qua:
756 1339 843 1373 spirat
860 1339 913 1372 lex,

123 1390 182 1410 esse
197 1383 321 1410 omnibus
336 1388 409 1416 nota,
425 1384 475 1411 nisi
494 1384 535 1411 his
549 1385 613 1411 solis
631 1385 729 1419 quibus
746 1385 832 1418 gratia
849 1385 914 1418 Spi-

123 1428 191 1454 ritus
207 1429 293 1455 sancti
319 1428 345 1455 iii
364 1428 444 1456 verbo
459 1429 599 1463 sapientiie
622 1437 654 1456 ac
679 1430 800 1457 scientia:
816 1430 916 1457 condo-

123 1479 214 1500 iiatiir.
232 1474 384 1508 Appellatio
398 1479 487 1502 autem
506 1475 664 1510 ἀσωμάτου,
682 1475 707 1501 id
729 1481 769 1502 est
788 1475 913 1510 incorpo-

973 201 1036 234 quia
1052 207 1138 234 neque
1153 199 1225 226 Petri
1241 203 1280 226 est
1299 200 1355 233 ipsa
1379 200 1522 233 Scriptura,
1537 200 1633 234 Ineque
1652 199 1769 226 alterius

972 245 1130 278 cujusquam
1149 245 1194 279 qui
1207 244 1310 279 Spiritu
1338 244 1383 271 Dei
1397 244 1477 270 fuerit
1498 245 1658 278 inspiratus.
1685 244 1765 276 Quod

972 290 1078 318 etiamsi
1097 291 1185 325 ipsum
1205 290 1409 322 concederetur,
1432 298 1484 317 non
1510 290 1582 316 idem
1607 297 1704 316 sensus
1728 289 1765 317 ibi

971 343 1003 363 ex
1019 336 1071 362 isto
1086 342 1212 362 sermone
1232 335 1378 369 ἀσωμάτου
1402 334 1550 366 indicatur,
1564 335 1609 368 qui
1625 341 1640 361 a
1660 334 1766 361 Griecis

971 385 998 409 et
1013 380 1156 414 gentilibus
1170 380 1226 415 (6‘2)
1239 380 1395 407 auctoribus
1413 380 1573 411 ostenditur,
1588 387 1650 406 cum
1669 381 1704 406 de
1722 380 1764 406 in-

970 432 1100 459 corporea
1131 431 1227 452 natura
1251 433 1265 451 a
1290 425 1458 459 philosophis
1478 425 1641 459 disputatur.
1661 423 1688 451 In
1712 425 1764 451 hoc

970 473 1043 499 enim
1064 471 1155 498 libello
1176 471 1364 504 incorporeum
1384 471 1546 497 daemonium
1564 470 1644 501 dixit,
1662 478 1712 504 pro
1730 478 1764 497 eo

969 517 1040 552 quod
1063 517 1121 551 ipse
1143 516 1187 543 ille
1206 517 1358 550 quicunque
1379 520 1421 542 est
1443 515 1560 546 habitus,
1585 516 1625 542 vel
1645 517 1763 542 circum-

969 563 1083 598 scriptio
1095 562 1236 589 dienioniei
1251 562 1382 596 corporis,
1399 568 1451 587 non
1467 566 1508 588 est
1523 561 1620 588 similis
1636 561 1701 587 huic
1717 568 1764 587 no-

968 614 1026 636 stro
1036 607 1164 635 crassiori
1179 612 1207 635 et
1221 607 1318 634 visibili
1330 606 1436 640 corp0ri
1450 615 1456 632 :
1473 607 1519 634 sed
1536 608 1684 634 secundum
1699 613 1763 633 seu.

968 663 1028 682 sum
1043 655 1102 688 ejus
1119 654 1164 687 qui
1191 653 1342 687 composuit
1363 652 1434 679 illam
1457 653 1634 686 scripturam,
1660 651 1761 678 intelli-

968 700 1082 734 gendum
1095 704 1137 725 est
1150 699 1220 731 quod
1232 697 1315 729 dixit;
1331 698 1355 724 id
1369 704 1410 724 est
1424 705 1474 724 non
1486 705 1516 724 se
1529 697 1582 724 tale
1592 704 1692 730 corpus
1704 697 1760 731 (63)

968 746 1047 780 quale
1064 746 1163 772 habent
1175 745 1320 774 ilzemones.
1332 743 1403 778 quod
1417 748 1460 770 est
1472 743 1634 770 naturaliter
1649 743 1759 775 subtile,

968 795 995 818 et
1012 789 1084 817 velut
1101 798 1166 816 aura
1191 795 1280 822 tenue,
1301 794 1328 816 et
1351 794 1459 823 propter
1482 789 1533 815 hoc
1557 788 1599 814 vel
1617 793 1728 821 putatur
1744 795 1759 813 a

969 835 1069 867 multis,
1083 835 1124 862 vel
1142 835 1242 861 dicitur
1257 835 1455 869 incorporeum,
1471 834 1519 860 sed
1537 833 1639 860 habere
1654 840 1685 859 se
1699 839 1760 859 cor-

967 889 1016 915 pus
1028 881 1143 907 solidum
1162 887 1189 908 et
1213 881 1353 915 palpabile.
1369 881 1396 908 In
1413 881 1608 908 consuetudine
1629 887 1696 907 vero
1712 880 1760 906 bo-

967 928 1068 954 minum
1080 935 1159 954 omne
1169 927 1240 962 quod
1253 927 1305 954 tale
1319 935 1370 954 non
1388 927 1478 960 fuerit,
1493 928 1682 961 incorporeum
1695 927 1759 954 sini-

967 973 1124 1007 plicioribus
1149 973 1190 999 vel
1214 973 1426 1006 imperitioribus
1451 972 1712 1004 nominatur;velut
1735 971 1758 998 si

966 1019 1026 1054 quis
1041 1026 1132 1046 aerent
1147 1019 1226 1046 istnin
1241 1025 1294 1052 quo
1313 1017 1439 1049 l'iuiinur,
1461 1018 1650 1051 incorporeum
1673 1017 1757 1048 dicat,

966 1064 1182 1100 quandoquidem
1196 1071 1250 1090 non
1265 1068 1307 1090 est
1324 1064 1376 1090 tale
1391 1070 1488 1096 corpus
1512 1067 1540 1089 ut
1562 1062 1757 1096 comprehendi

967 1117 998 1137 ac
1014 1109 1099 1136 teneri
1117 1110 1213 1143 possit,
1229 1109 1389 1144 iii-gentique
1402 1108 1540 1136 resistere.

1001 1155 1028 1182 9.
1047 1154 1204 1187 Quaeremus
1217 1159 1306 1181 tamen
1326 1155 1347 1180 si
1366 1154 1407 1180 vel
1424 1153 1477 1179 alio
1496 1154 1606 1180 nomine
1629 1161 1673 1180 res
1688 1153 1747 1186 ipsa

967 1206 1046 1232 quam
1065 1198 1152 1225 Grtnci
1177 1199 1329 1233 pliiiosoplii
1347 1199 1503 1234 ἀσώματον,
1520 1199 1546 1225 id
1568 1203 1611 1225 est
1628 1198 1757 1231 incorpo-

968 1252 1040 1271 ream
1056 1244 1157 1276 dicunt,
1177 1244 1202 1270 in
1222 1244 1372 1278 Scripturis
1395 1245 1498 1271 sanctis
1515 1245 1662 1271 invenitur.
1683 1243 1755 1269 Deus

966 1297 1073 1324 quoque
1087 1290 1144 1324 ipse
1169 1289 1303 1323 quomodo
1329 1289 1442 1324 intelligi
1460 1290 1558 1316 debeat
1583 1289 1640 1324 (ﬁt)
1662 1288 1756 1322 inqui-

968 1336 1079 1362 rendum
1105 1334 1191 1366 est”,
1217 1341 1377 1368 corporeus,
1402 1339 1430 1360 et
1455 1333 1604 1360 secundum
1632 1332 1754 1367 aliquem

966 1380 1086 1407 habitum
1101 1379 1276 1412 deformatus,
1293 1387 1326 1406 an
1343 1379 1456 1406 alterius
1476 1383 1581 1406 natura;
1596 1385 1679 1412 quant
1695 1385 1757 1404 cor-

967 1435 1030 1461 pora
1044 1432 1118 1459 sunt,
1133 1426 1204 1460 quod
1221 1426 1314 1459 utique
1332 1425 1358 1451 in
1377 1424 1570 1458 praedicatione
1588 1429 1684 1450 nostra
1701 1430 1758 1449 ma-

967 1472 1063 1499 nifeste
1086 1479 1137 1499 non
1158 1472 1322 1506 designatur.
1348 1470 1447 1497 Eadem
1477 1477 1586 1504 quoque
1613 1469 1698 1496 etiam
1722 1468 1756 1495 de

123 1518 162 1545 rei
177 1526 229 1545 non
244 1519 329 1546 solum
344 1521 413 1555 apud
432 1521 530 1548 multos
545 1521 623 1552 alios,
638 1528 729 1548 verum
744 1522 825 1548 etiam
843 1529 904 1556 aput

996 1517 1074 1544 iristo
1094 1522 1122 1543 et
1135 1517 1169 1544 de
1182 1516 1286 1550 Spiritu
1299 1521 1393 1542 sancto
1414 1515 1576 1551 requirenda
1598 1519 1681 1547 sunt,
1705 1514 1755 1540 sed

123 1568 230 1591 nostras
247 1564 401 1599 Scripturas
412 1568 590 1595 estinusitata
603 1572 630 1594 et
645 1567 790 1601 incognita.
804 1567 831 1594 Si
847 1575 912 1594 vero

122 1609 184 1643 quis
195 1610 259 1637 velit
271 1611 349 1638 nobis
364 1611 486 1644 proferre
501 1620 534 1639 ex
550 1613 594 1640 illo
611 1612 701 1639 libello
711 1613 755 1646 qtti
771 1611 842 1639 Petri
857 1612 910 1639 Do-

121 1657 208 1683 ctrina
224 1657 374 1691 appellatur
384 1657 450 1693 (61),
462 1658 505 1684 ubi
520 1657 644 1685 Salvator
659 1659 763 1685 videtur
779 1659 812 1684 ad
829 1659 911 1686 disci-

122 1702 199 1736 pulos
211 1703 316 1730 dicere:
329 1713 337 1728 i
351 1703 408 1730 Non
422 1712 480 1732 sum
496 1704 658 1731 dminoninin
673 1704 862 1738 incorporeum
874 1713 881 1736 ;
898 1714 907 1730 ι

121 1747 210 1781 primo
223 1748 438 1783 respondendum
450 1754 491 1777 est
504 1750 539 1784 ci,
553 1750 680 1785 quoniam
698 1750 741 1777 ille
759 1750 825 1777 liber
839 1750 910 1777 inter

158 1841 177 1856 ¹¹
192 1841 252 1870 vide
267 1841 423 1878 Origenian.
437 1843 455 1870 l.
472 1851 501 1878 ii,
521 1851 549 1879 q.
564 1845 588 1876 1,
609 1853 638 1872 ιι.
650 1845 676 1878 5,
689 1845 716 1877 6,
728 1846 755 1872 ‘I.

120 1932 229 1966 corpori
248 1931 359 1967 inditur.
381 1940 390 1957 ι
410 1931 538 1960 Merlinus
560 1938 587 1960 et
604 1934 736 1967 Geuebr.,
753 1944 762 1960 i
783 1935 910 1962 intrinse‘

119 1975 179 2004 cus,
194 1977 204 1992 ι
220 1966 422 2004 cte._Cteterum
436 1968 500 2004 quid
517 1969 550 1995 de
566 1969 663 1996 anima:
677 1970 782 2004 origine
798 1971 914 1997 senserit

119 2001 336 2063 grigenesi‘fuse
345 2003 459 2029 docetur
470 2001 692 2038 Origenianorum
709 2001 756 2032 lib.
769 2013 800 2038 ii,
813 2009 913 2039 qua-st.

139 2057 147 2063 .
164 2044 238 2063 num.
292 2055 299 2063 .

139 2045 355 2111 ’(Ιέιιέῗῖᾗξέἶζῖιιυε
371 2078 397 2111 et
413 2073 527 2111 Geneb,
546 2075 699 2111 «quoniam
718 2079 781 2111 sunt
792 2074 913 2108 quidem,

187 2106 254 2140 qtiid
270 2106 336 2133 sint.
353 2116 363 2133 ι
381 2108 415 2134 At
430 2115 497 2135 mss.
511 2106 654 2136 lectionem
668 2110 751 2136 nostri
767 2106 856 2136 teitus
867 2116 914 2135 ex-

129 2149 146 2168 ii
168 2146 224 2167 ent.

156 2174 265 2212 (57)»Et
278 2175 343 2201 illud
360 2176 386 2202 iu
402 2176 576 2204 ecclesiastica
585 2178 770 2210 pra‘dicaliotie
777 2178 856 2212 quod.
869 2177 914 2205 Sic
931 2174 952 2197 υ

118 2218 204 2247 niss.;
220 2210 292 2247 libb._
301 2215 391 2247 autem
406 2211 482 2244 editi,
500 2221 509 2237 ι
529 2213 592 2239 illud
611 2210 796 2240 ecclesiastica
812 2213 912 2247 praidi-

119 2244 384 2280 caiioiieileﬁnitnni
399 2246 480 2280 quod,
496 2255 505 2271 ι
518 2253 571 2274 etc.

154 2279 212 2314 (58)
230 2279 352 2306 Ευὶίιειιι.
369 2279 415 2307 Sic
431 2288 496 2307 mss.
511 2282 594 2314 Alias,
612 2291 620 2306 ι
640 2281 788 2308 evidenter.
805 2290 814 2307 ν
829 2281 913 2309 Paulo

117 2320 180 2350 post
193 2322 272 2345 mss..
289 2323 298 2339 ‹
316 2321 364 2348 per
381 2315 512 2349 Spiritum
529 2317 587 2349 Dei,
607 2326 617 2343 ι
637 2317 715 2348 alias,
733 2326 742 2342 ι
760 2325 808 2351 per
823 2316 910 2351 Spiri-

118 2356 173 2378 tum
189 2352 324 2376 sanctum.
350 2358 359 2374 ι

151 2384 209 2421 (59)
223 2383 268 2421 Sic
286 2391 370 2416 mss.;
398 2384 466 2412 alias
492 2393 556 2413 vero
573 2395 580 2412 :
598 2394 608 2411 ι
628 2385 733 2413 Forata:
756 2386 826 2413 enim
854 2387 911 2413 [uec

115 2420 178 2455 qua:
203 2420 304 2452 scripta
331 2424 404 2456 sunt,
428 2427 661 2456 sacramentorum
685 2422 864 2456 quorumdam
884 2427 911 2449 et

116 2455 270 2482 divinarum
287 2461 378 2481 rerum
393 2455 524 2486 imagines
535 2461 608 2482 sunt.
627 2465 636 2480 ι

152 2489 209 2524 (60)
238 2488 319 2519 Μεεη
349 2497 358 2513 ι
379 2497 430 2515 una
453 2491 586 2516 sententia
612 2495 665 2517 est.
683 2499 691 2515 ι
722 2489 801 2518 Libb.
825 2492 906 2522 editi.

118 2534 127 2549 ι
145 2532 215 2549 unus
237 2528 279 2551 est
299 2531 427 2550 sensus.»
448 2524 518 2550 liilra
543 2530 604 2558 post
630 2535 640 2550 i
656 2526 855 2558 contionatur,»
882 2528 908 2554 iii

115 2559 198 2586 editis
227 2558 360 2584 additur:
381 2567 390 2583 ι
406 2565 447 2584 sat
475 2559 635 2593 insequitur,
656 2569 665 2584 ι
689 2561 761 2594 quod
785 2568 847 2588 cuni
880 2562 906 2589 iii

114 2594 243 2620 cii-uilius
259 2600 323 2619 mss.
337 2593 418 2625 desit,
434 2597 611 2620 resccaiiduni
625 2602 685 2621 esse
698 2593 834 2622 duximus.

151 2628 219 2662 (6|)
246 2626 297 2664 Qui
331 2627 404 2664 l‘etri’
438 2628 565 2655 Doctrina
597 2630 756 2663 appellatur.
788 2630 907 2664 lgnatins

115 2668 221 2697 martyr
235 2662 315 2698 epist.
330 2663 553 2698 adislttyillwus,
572 2662 672 2698 tap.75,
690 2665 784 2690 eadem
800 2662 905 2692 Christi

114 2696 198 2739 verba
215 2696 318 2739 pt'pl'ert
331 2696 475 2739 εηἘγὼβὲ
492 2699 538 2725 καὶ
559 2696 630 2739 per}
645 2699 694 2733 τὴν
717 2699 863 2739 civ-ci.ng
877 2701 906 2739 ἐν

116 2730 199 2769 caput
215 2729 306 2769 ὶζδτξν-
317 2729 386 2764 οἶδα,
399 2729 449 2769 icui.
471 2729 590 2760 πιστεύω
607 2729 684 2760 owe-
709 2734 756 2760 καὶ
771 2735 816 2760 ὅτε
837 2734 905 2769 πρὸς

113 2765 254 2803 Risus?!
270 2765 371 2802 Πέτρον
391 2767 527 2803 xiiii-405v,
540 2769 592 2803 ἔφη
607 2769 712 2801 αὐτοῖς’
727 2769 841 2799 Αάδετεν
853 2765 905 2802 (ιη’

115 2800 253 2836 λαξήσατέ
274 2808 308 2836 με
324 2800 370 2828 καὶ
388 2800 521 2837 ἴδεὲείὸτι
538 2800 592 2832 ὦκ’
604 2805 661 2839 stiti.
678 2804 814 2839 δαιμόνιον
831 2800 902 2831 iet-3-

965 1568 992 1590 et
1014 1563 1048 1590 de
1071 1563 1145 1589 omni
1168 1563 1257 1589 anima
1277 1567 1360 1597 atque
1382 1561 1457 1588 omni
1477 1560 1633 1588 rationabili
1653 1564 1755 1586 natura

965 1609 1141 1636 nihilominus
1158 1607 1348 1641 requirendum
1363 1612 1415 1634 est.

1001 1653 1043 1680 10.
1066 1653 1113 1679 Est
1139 1652 1221 1680 etiam
1248 1652 1312 1678 illud
1338 1652 1363 1677 in
1390 1651 1576 1678 ecclesiastica
1610 1653 1751 1686 praedica-

964 1702 1046 1734 ti0ne,
1068 1708 1126 1727 esse
1143 1699 1254 1734 angelos
1271 1699 1318 1726 Dei
1336 1700 1467 1732 quosdam
1487 1704 1512 1726 et
1531 1700 1648 1727 virtutes
1666 1701 1756 1728 bonas

964 1747 1010 1781 qui
1025 1746 1048 1774 ei
1070 1746 1225 1773 ministrant
1241 1745 1297 1780 (65)
1322 1746 1354 1772 ad
1378 1745 1493 1773 salutem
1517 1746 1657 1773 hominum
1683 1755 1752 1773 con-

967 1943 1059 1970 ματον.
1081 1943 1089 1959 ι
1104 1933 1158 1967 Ego
1178 1937 1268 1970 autem
1291 1933 1378 1970 etiam»
1394 1938 1454 1967 post
1474 1934 1709 1970 resurrectionem
1724 1936 1752 1964 in

963 1967 1045 1996 carne
1071 1970 1157 2002 ipsum
1182 1967 1242 1994 novi
1266 1974 1292 1994 ιιι
1316 1968 1397 1994 credo
1422 1969 1564 2000 exsistere,
1582 1975 1609 1995 et
1625 1978 1688 1997 cum
1717 1973 1751 1998 ad

963 2005 1072 2031 Petrum
1085 2009 1112 2030 et
1129 2011 1176 2030 eos
1192 2003 1236 2036 qui
1252 2011 1314 2029 cum
1331 2002 1388 2035 ipso
1404 2007 1483 2028 erant
1501 2004 1584 2034 venit,
1600 2004 1671 2031 dixit
1686 2006 1748 2033 eis:

964 2039 1077 2069 Tenetc,
1101 2039 1203 2072 tangite
1227 2046 1284 2068 me,
1307 2042 1333 2063 et
1358 2037 1444 2072 videte
1466 2038 1595 2070 quoniam
1614 2047 1667 2065 non
1689 2048 1750 2066 sniii

963 2075 1125 2100 dmttioninnt
1140 2071 1337 2105 incorporeum.
1349 2081 1358 2097 ι
1378 2071 1439 2098 Ηςιιε
1455 2073 1526 2099 unde
1544 2073 1667 2100 hauserit
1682 2082 1750 2101 san—

963 2114 1023 2134 etus
1039 2113 1150 2142 martyr,
1169 2115 1273 2134 ncscnre
1286 2114 1314 2142 se
1332 2108 1428 2132 fatetur
1444 2106 1576 2133 Eusebius
1592 2107 1664 2136 llist.
1679 2111 1748 2136 eccl.

966 2143 1012 2169 lib.
1028 2150 1074 2174 tit,
1089 2141 1148 2175 cap.
1161 2141 1205 2173 56,
1224 2143 1271 2168 sed
1295 2141 1519 2176 "iCI'OIIyIItllSVHI
1537 2141 1666 2176 Calalogo
1681 2145 1751 2170 sui-

965 2183 1068 2212 piarum
1089 2177 1340 2212 ecclesiasticoruiti,
1361 2175 1404 2200 tibi
1426 2177 1458 2212 de
1479 2175 1582 2209 lgitatio
1603 2175 1669 2211 agit,
1692 2179 1751 2206 lucc

966 2210 1105 2246 desumpta
1120 2219 1180 2238 esse
1195 2212 1232 2237 ait
1249 2218 1259 2235 ι
1272 2212 1303 2236 de
1319 2210 1465 2244 Evangelio
1482 2210 1656 2246 quoduup’er
1673 2221 1688 2239 a
1705 2222 1751 2240 me

966 2245 1126 2273 translatum
1140 2251 1191 2276 est,
1206 2255 1215 2271 ι
1234 2252 1330 2279 nempe
1343 2246 1375 2271 de
1389 2246 1529 2279 evangelio
1544 2245 1749 2274 Nummorum.

965 2281 1036 2308 Ideni
1053 2285 1166 2308 testatur
1184 2281 1313 2314 protentio
1329 2280 1353 2305 in
1370 2279 1465 2305 librum
1486 2287 1552 2306 xviii
1565 2280 1748 2308 Cammenlar.

964 2317 990 2342 in
1014 2315 1119 2341 Isaiam.
1136 2315 1264 2348 Origenes
1286 2319 1373 2340 tamen
1390 2314 1439 2340 ltoc
1458 2316 1582 2347 praesenti
1608 2316 1670 2343 loco
1695 2325 1748 2343 non

963 2358 994 2377 ex
1018 2350 1157 2384 cvangelio
1174 2349 1377 2379 hazarmoruin,
1402 2349 1448 2374 sed
1465 2357 1474 2372 ι
1490 2357 1521 2375 ex
1543 2349 1674 2377 Doctrina
1699 2351 1749 2378 Pe-

963 2386 995 2411 tri
1009 2394 1018 2409 ι
1042 2385 1131 2410 laudat
1150 2385 1248 2410 tibi-isti
1264 2386 1360 2416 vei-ta;
1385 2390 1475 2409 verum
1496 2385 1523 2410 .‘ii
1541 2389 1658 2419 utroque
1682 2394 1751 2420 apo-

962 2420 1063 2454 cryplio
1078 2426 1137 2454 esse
1151 2423 1305 2454 potuerunt.

998 2451 1053 2489 (ὺὲ)
1074 2453 1126 2484 Qui
1143 2462 1163 2489 _(1
1179 2452 1319 2489 (lra'ciset
1340 2451 1490 2489 gentilibus.
1515 2452 1560 2479 Sic
1584 2461 1651 2481 mss.
1671 2456 1749 2483 Alias

960 2487 1037 2520 vero,
1054 2498 1062 2513 i
1076 2489 1121 2520 qui
1137 2487 1239 2513 Graecis
1255 2487 1294 2512 vel
1311 2487 1464 2520 gentilibus.
1476 2496 1484 2511 ι

996 2524 1052 2558 (65)
1073 2521 1135 2548 Non
1148 2522 1244 2558 se_ta(e_
1252 2529 1355 2554 corpus.
1368 2520 1405 2546 Ita
1420 2529 1484 2546 mss.
1498 2521 1583 2553 Alias,
1597 2532 1607 2548 ι
1621 2532 1675 2550 non
1688 2533 1750 2552 esse

960 2555 1014 2585 tale
1031 2555 1138 2591 corpus.
1151 2565 1159 2581 ι
1182 2555 1264 2591 Paulo
1279 2562 1338 2589 p0st
1354 2563 1432 2587 iiiss.,
1447 2564 1455 2579 ι
1467 2557 1510 2591 vel
1527 2562 1635 2590 putatur
1651 2568 1666 2585 δ
1682 2562 1750 2586 inut-

961 2595 1005 2620 lis.
1017 2602 1026 2618 ι
1043 2590 1126 2622 Alias,
1144 2599 1154 2615 ι
1170 2590 1210 2616 vel
1227 2590 1372 2623 imputatur
1385 2600 1399 2615 a
1419 2590 1521 2617 multis.
1533 2601 1542 2615 ι

994 2627 1050 2662 (64)
1071 2627 1143 2662 Deus
1167 2632 1275 2662 quoque
1306 2626 1360 2658 ipse
1394 2627 1524 2662 quomodo
1548 2627 1668 2662 intelligi
1699 2629 1748 2655 de—

958 2658 1045 2694 beiitf
1056 2666 1107 2687 ctc.
1124 2658 1190 2686 Vide
1217 2659 1370 2693 Origemun.
1393 2658 1440 2685 tib.
1453 2665 1486 2690 tt,
1502 2667 1530 2693 (ι.
1545 2661 1569 2692 1,
1593 2658 1671 2690 tium.
1686 2665 1704 2690 5
1721 2669 1749 2690 et

957 2706 1033 2724 501111.

987 2704 1037 2735 (Ιίῖι,
1118 2730 1123 2734 .
1159 2729 1164 2735 .
1209 2729 1215 2734 .
1237 2729 1243 2734 .
1592 2731 1597 2736 .

994 2731 1050 2766 (65)
1071 2730 1122 2761 Qui
1140 2737 1163 2756 ει
1180 2733 1342 2766 ministrant,
1356 2733 1410 2766 etc.
1425 2727 1466 2766 ita
1479 2735 1544 2755 mss.
1555 2729 1642 2766 Alias,
1659 2741 1670 2755 ι
1687 2741 1748 2766 qua;

957 2767 982 2793 ci
998 2762 1214 2792 ministrant"...
1232 2763 1278 2790 sed
1293 2764 1401 2795 quando
1425 2762 1467 2788 isti
1478 2765 1568 2799 creati
1590 2762 1667 2799 sntit,
1691 2762 1746 2794 non

957 2801 1023 2829 satis
1040 2801 1066 2828 in
1084 2800 1227 2826 mauilesto
1248 2798 1432 2832 distinguitur.
1444 2805 1454 2822 ι
1476 2795 1563 2825 Paulo
1579 2807 1640 2834 po“
1660 2795 1745 2836 ius,”
