1883 3072
112 146 157 174 ιει

799 142 901 169 LIBER
922 141 1061 170 PRIMUS.

1685 140 1738 167 IE9.

111 202 316 235 summandam;
333 202 379 230 sed
401 203 511 237 quando
531 203 574 230 isti
591 201 674 229 creati
691 202 756 234 sint,
773 201 815 228 vel
831 209 898 235 qua-
915 204 934 231 Α
952 201 1021 228 Deus
1042 200 1192 228 secundum
1217 200 1267 227 hac
1285 200 1356 233 quod
1372 199 1442 235 ignis
1467 199 1526 226 est?
1548 198 1736 233 Nunquidnam

110 247 156 280 les,
170 251 217 273 aut
241 247 381 281 quomodo
395 247 460 281 sint,
476 255 529 274 non
550 247 618 274 satis
635 247 661 274 in
682 246 829 274 manifesto
851 247 898 273 dc-

110 294 240 328 signatur.
257 293 296 320 De
321 292 378 320 sole
400 299 491 320 autem
513 298 541 320 et
562 293 624 320 lutta
646 296 673 320 et
698 292 784 320 stellis
806 296 897 319 utrtttn

110 338 255 365 animantia
276 339 342 372 sint,
360 346 394 366 an
412 340 470 366 sine
490 340 590 372 anima,
609 338 752 366 manifeste
769 345 821 364 non
843 342 897 364 tra«

109 385 186 411 ditur.
210 383 329 418 Oportet
361 384 444 419 igitur
471 384 544 412 velttt
576 384 720 411 elentcntis
746 390 778 410 ac
804 383 898 410 funda-

109 428 203 455 mentis
230 427 388 462 huiusmodi
412 429 449 455 uti
472 429 619 456 secundum
644 430 801 455 ntandatutn
825 427 897 462 quod

108 474 191 501 dicit:
210 483 219 500 ι
234 473 391 502 Illuminate
406 474 482 502 vobis
507 474 597 502 lumen
623 474 746 502 scientia:
762 473 795 506 “,
808 483 817 500 ι
839 481 896 500 ont-

108 527 164 546 nem
178 520 225 554 qui
247 520 326 553 cupit
341 520 439 547 serient
464 520 609 555 quamdam
625 525 652 547 et
668 526 769 554 corpus
791 527 823 546 ex
850 519 897 546 lto-

109 573 165 592 ram
190 564 318 593 omnium
353 567 456 593 ratione
480 567 609 600 perlicere
634 571 662 593 ut
686 565 837 593 manifestis
870 571 896 594 et

107 611 271 638 necessariis
309 611 506 638 assertionibus
534 612 567 639 de
601 611 713 646 singulis
744 612 895 646 quibusque

107 656 169 690 quid
186 656 223 683 sit
247 656 276 683 itt
303 663 368 683 vero
390 657 513 688 rimetur,
538 661 565 683 ct
590 664 688 688 unum.
711 661 740 684 ut
767 657 896 690 diximus,

107 710 202 737 corpus
217 702 321 729 efﬁciat
342 702 472 737 exemplis
495 708 521 730 et
537 702 771 734 aﬂirutationibus,
786 703 826 730 vel
852 700 897 730 ltis'

107 757 172 782 quas
197 748 223 776 in
247 747 354 775 sanctis
374 748 522 782 Scripturis
546 748 687 781 invenerit,
709 748 750 776 vel
773 756 841 783 quas
863 757 894 776 ex

107 793 314 828 consequentia:
337 794 422 828 ipsius
440 793 568 828 indagine
585 801 617 821 ac
642 793 708 821 recti
735 798 829 821 tenore
851 801 893 821 re-

110 838 220 873 pererit.

361 883 475 912 CAPUT
495 883 640 912 PRIMUM.

444 931 482 958 De
502 932 566 958 Deo.

141 977 165 1004 I.
183 977 246 1005 Scio
271 977 404 1012 quoniam
421 979 594 1005 conabuntur
610 977 719 1012 quidam
744 977 824 1005 etiam
852 985 895 1004 se-

110 1023 219 1050 cundum
248 1023 412 1058 Scripturas
437 1028 547 1050 nostras
576 1024 666 1051 dicere
688 1024 771 1051 Deum
797 1031 896 1058 corpus

109 1076 164 1096 esse
180 1069 247 1103 (66),
271 1070 404 1103 quoniam
429 1070 569 1099 iaveniuttt
591 1070 723 1104 scriptum
747 1077 808 1097 esse
823 1069 892 1104 apud

109 1113 220 1149 Moysent
242 1115 354 1149 quidem
373 1125 380 1142 :
400 1125 408 1140 ι
425 1115 493 1142 Deus
507 1120 598 1143 noster
623 1115 692 1150 ignis
728 1123 892 1143 consumens

110 1160 218 1192 est”;t
247 1161 273 1187 in
303 1160 450 1195 Evangelio
473 1168 538 1187 vero
564 1161 711 1188 secundant
731 1160 862 1188 Joannem
883 1170 890 1188 :

112 1214 120 1230 ι
136 1205 200 1233 Deus
215 1207 333 1241 spiritus
347 1211 399 1237 est,
414 1211 441 1233 et
455 1213 502 1234 eos
516 1207 561 1241 qui
576 1207 691 1234 adorant
706 1215 778 1240 etntt,
794 1207 821 1234 in
843 1207 896 1242 spi-

111 1252 160 1278 ritu
172 1258 198 1279 et
214 1253 334 1280 veritate
348 1251 454 1286 Oportet
476 1252 590 1279 adorare
605 1253 639 1278 ”.
655 1262 664 1279 ι
688 1252 760 1288 Ignis
783 1261 849 1281 vero
867 1259 895 1280 et

110 1298 213 1331 spiritus
234 1306 289 1325 non
310 1298 381 1325 aliud
402 1299 471 1333 apud
487 1305 535 1326 eos
550 1306 631 1332 quant
654 1306 753 1334 corpus
769 1306 829 1326 esse
847 1307 896 1334 pu-

112 1343 215 1372 tabitur.
232 1345 310 1378 Quos
333 1345 507 1379 interrogare
533 1345 593 1372 volo
614 1345 680 1379 quid
696 1345 787 1372 dicant
808 1345 841 1371 de
863 1353 896 1372 eo

111 1390 177 1422 quod
189 1390 322 1425 scriptunt
336 1395 390 1422 est,
404 1390 466 1424 quia
481 1389 550 1416 Deus
566 1390 609 1416 lux
626 1395 678 1424 est,
693 1391 764 1418 sicut
774 1390 893 1418 Ioannes

113 1435 137 1462 in
157 1435 276 1470 Epistola
301 1443 351 1463 sua
368 1436 435 1463 dicit
450 1443 457 1463 :
475 1446 483 1462 ι
501 1436 571 1464 Deus
593 1437 639 1463 lux
656 1441 715 1469 est,
736 1440 764 1464 et
778 1437 897 1464 tenebrae

113 1488 160 1507 non
172 1486 233 1508 sunt
258 1482 286 1508 itt
314 1489 346 1508 eo
359 1481 391 1508 ’⁵.
408 1490 417 1506 ι
437 1480 487 1508 Ista
513 1489 609 1515 nempe
626 1481 669 1507 lux
686 1485 737 1512 est,
754 1488 816 1515 qua:
837 1481 897 1507 illu-

951 249 1090 283 putabitur
1106 254 1268 275 consumere
1284 247 1425 274 materiam
1451 246 1633 281 corporalem,
1651 250 1679 272 ut
1696 250 1738 272 est

949 295 1069 328 lignum,
1091 294 1132 321 vel
1161 294 1269 326 fenum,
1288 293 1329 320 vcl
1355 292 1474 327 stipula?
1495 296 1523 319 et
1549 291 1614 326 quid
1636 291 1661 318 in
1686 291 1738 318 ltoc

949 341 1058 375 dignum
1077 340 1122 367 Dei
1141 340 1264 366 laudibus
1280 339 1389 370 dicitur,
1411 338 1433 364 si
1450 338 1522 365 Deus
1539 337 1608 372 ignis
1627 341 1667 364 est
1687 337 1738 364 htt-

945 385 1064 420 jusntodi
1087 386 1215 412 materias
1239 383 1422 412 consumens?
1447 382 1501 410 Sed
1533 382 1737 409 consideremus

949 431 1010 466 quia
1029 431 1098 458 Deus
1111 430 1245 458 consumit
1257 429 1367 464 quidem
1379 432 1405 455 et
1419 428 1598 459 exterminat,
1613 428 1660 455 sed
1675 434 1737 454 cou-

948 478 1030 505 sutnit
1052 477 1108 513 (68)
1132 476 1216 504 tnalas
1234 477 1364 503 mentium
1386 475 1577 510 cogitationes,
1599 473 1737 501 consumit

950 527 1022 556 gesta
1041 523 1141 557 turpia,
1164 521 1298 549 consuntit
1321 521 1456 548 desideria
1481 520 1601 554 peccati,
1625 527 1685 546 cum
1707 527 1737 546 se

949 567 1116 594 credentium
1133 566 1270 594 mentibus
1286 565 1402 597 inserit,
1428 570 1455 591 et
1479 571 1525 591 eas
1548 563 1654 589 attintas
1677 569 1738 596 quae

949 611 1030 639 Verbi
1039 612 1096 646 ejus
1107 620 1138 639 ac
1152 611 1292 646 sapientia:
1305 610 1459 638 efﬁciuntur
1471 616 1598 644 capaces,
1611 615 1662 634 una
1675 615 1736 634 catn

947 659 1015 687 Filio
1031 667 1081 687 suo
1097 659 1266 691 inhabitans,
1291 658 1440 686 secundum
1459 657 1530 691 quod
1549 657 1653 684 dictum
1670 658 1712 681 est
1728 663 1734 680 ε

950 714 959 730 ι
975 705 1030 741 Ego
1046 710 1072 732 et
1092 705 1173 732 Pater
1188 704 1340 737 veniemus,
1356 708 1384 730 et
1402 703 1572 730 mansionem
1588 701 1659 735 apud
1675 707 1736 727 eum

948 751 1077 778 faciemus
1090 751 1127 784 ";
1143 761 1151 776 ι
1168 751 1296 778 omnibus
1308 757 1402 777 eorunt
1419 749 1492 776 vitiis
1510 746 1737 783 paSsionibusqne

947 797 1113 830 consumptis
1127 804 1222 831 purum
1236 794 1292 831 (69)
1306 794 1357 822 sibi
1371 801 1417 821 eas
1432 801 1517 826 seque
1531 793 1640 827 dignum
1655 790 1737 818 eﬂicit

947 844 1087 878 templum.
1112 843 1164 870 Sed
1180 847 1207 870 et
1228 843 1272 870 his
1292 843 1338 877 qui
1354 850 1401 876 per
1419 842 1470 868 hoc
1487 841 1558 875 quod
1576 839 1676 867 dictant
1696 842 1737 865 est

947 889 1077 924 quoniant
1098 897 1107 914 ι
1122 888 1193 915 Deus
1218 887 1329 921 spiritus
1344 891 1386 913 est
1398 886 1431 918 ",
1445 895 1454 911 ι
1475 892 1572 918 corpus
1589 890 1648 910 esse
1665 883 1737 909 arbi-

949 938 1056 962 tratttur
1075 933 1159 961 Dettnt
1174 932 1241 970 (70),
1257 934 1307 960 hoc
1322 933 1402 959 tnodo
1419 931 1539 958 arbitror
1553 938 1614 957 esse
1632 937 1739 964 respon-

947 979 1064 1008 dendum
1086 987 1093 1006 :
1111 978 1285 1006 consuetudo
1307 982 1349 1004 est
1375 976 1524 1011 Scriptura:
1547 979 1649 1002 sant-tm
1675 982 1735 1002 cum

947 1025 1050 1060 aliquid
1077 1024 1245 1052 contrariunt
1263 1023 1370 1057 corpori
1392 1022 1456 1049 huic
1476 1021 1603 1048 crassiori
1627 1024 1652 1046 et
1669 1020 1736 1046 soli--

947 1073 1015 1100 diori
1037 1071 1181 1107 designare
1197 1070 1268 1102 vult,
1291 1069 1416 1104 spiritum
1435 1066 1587 1098 nontinare,
1609 1066 1676 1092 sicut
1695 1066 1736 1092 di-

947 1119 984 1146 cit
999 1129 1004 1146 :
1025 1127 1034 1144 ι
1049 1118 1153 1145 Littera
1171 1118 1282 1150 occidit,
1300 1118 1413 1152 spiritus
1432 1117 1523 1141 autem
1549 1112 1709 1140 vivificat".
1723 1122 1732 1138 ι

947 1164 975 1191 In
999 1171 1053 1199 quo
1077 1163 1135 1190 sine
1157 1162 1241 1190 dubio
1263 1170 1310 1198 per
1336 1163 1454 1190 litteram
1479 1159 1630 1195 corporalia
1650 1159 1736 1193 signi-

949 1210 1011 1236 ﬁcat
1029 1208 1096 1244 (7i),
1111 1216 1159 1244 per
1174 1208 1300 1244 spiritum
1319 1207 1528 1238 intellectualia,
1545 1213 1604 1241 qum
1617 1209 1644 1232 et
1661 1205 1738 1238 spiri-

949 1255 1010 1282 talia
1027 1256 1150 1283 dicimus.
1174 1254 1319 1290 Apostnlns
1342 1260 1451 1288 quoque
1473 1253 1558 1280 dicit:
1576 1261 1585 1277 ι
1603 1251 1692 1285 Usque
1710 1250 1735 1276 in

948 1302 1107 1329 hodiernam
1132 1309 1194 1328 cum
1221 1300 1320 1335 legitur
1346 1299 1451 1335 Moyses
1475 1298 1600 1325 velamen
1618 1301 1659 1324 est
1686 1304 1736 1331 po-

948 1348 1028 1375 Sllllll'l
1054 1354 1136 1381 super
1167 1355 1215 1374 (ἷοΐ
1239 1354 1351 1379 eorum;
1379 1353 1440 1373 cum
1472 1349 1562 1372 autent
1588 1349 1737 1371 οοιινειειιε

948 1393 1029 1421 fuerit
1047 1393 1107 1427 qttis
1126 1393 1159 1419 ad
1190 1392 1346 1424 Dominum,
1369 1391 1506 1418 auferetur
1530 1389 1665 1420 velamen;
1691 1388 1735 1415 ubi

949 1443 1037 1466 autem
1064 1437 1183 1472 Spiritus
1209 1437 1334 1468 Domini,
1360 1436 1396 1463 ibi
1427 1435 1539 1462 libertas
1558 1434 1591 1461 ὀ.
1610 1443 1619 1460 ι
1646 1434 1736 1460 Donec

948 1483 1018 1509 enim
1035 1483 1095 1517 quis
1112 1489 1164 1508 non
1183 1489 1212 1509 se
1228 1481 1393 1509 converterit
1409 1481 1442 1507 ad
1459 1479 1665 1514 intelligentiam
1681 1478 1736 1512 spi-

114 1527 192 1554 tninat
213 1535 326 1554 omnetn
345 1535 454 1555 sensum
470 1534 579 1560 eorum,
603 1527 648 1562 qui
664 1532 777 1561 possunt
798 1533 897 1562 capere
911 1536 933 1567 ο
950 1527 1064 1559 vitalem,
1080 1533 1120 1554 est
1139 1527 1255 1562 positum
1275 1527 1397 1553 velamen
1421 1533 1503 1559 super
1521 1532 1568 1552 cor
1592 1524 1662 1558 cjas,
1683 1531 1736 1558 quo

113 1572 263 1606 veritatem,
285 1573 359 1600 sicut
376 1574 402 1599 in
418 1581 490 1600 xxxv
516 1573 619 1608 psalmo
637 1573 736 1599 dicitur
751 1582 758 1601 :
778 1581 786 1598 ι
802 1573 829 1599 Ιιι
853 1572 895 1599 lu-

113 1618 180 1645 tttinc
204 1623 250 1646 tuo
276 1618 430 1645 videbimus
453 1619 543 1646 lumen
557 1619 612 1645 ¹⁶.ι
640 1618 709 1651 Quid
733 1618 805 1645 enint
821 1618 895 1645 aliud

113 1663 196 1690 lumen
212 1665 260 1692 Dei
281 1664 428 1691 dicendunt
444 1669 495 1695 est,
518 1665 544 1691 in
560 1672 614 1698 qtto
629 1665 690 1699 quis
705 1664 777 1691 videt
793 1664 895 1692 lumen.

114 1709 160 1735 nisi
176 1709 259 1737 virtus
277 1710 337 1742 Dei,
352 1718 400 1745 per
413 1718 493 1745 quattt
509 1710 570 1744 quis
594 1710 762 1737 illutttiuatus
783 1711 825 1737 vel
850 1717 896 1736 ve-

114 1754 214 1782 ritatem
232 1764 327 1783 reruttt
343 1756 463 1783 Otttnium
487 1755 620 1791 pervidet,
643 1756 686 1782 vel
706 1755 794 1789 ipsunt
812 1755 896 1782 Deuttt

114 1802 244 1834 cognoscit
267 1802 316 1836 qtti
342 1803 443 1829 veritas
469 1801 643 1836 appellatur?
669 1800 735 1828 Tale
758 1808 800 1829 est
833 1809 897 1836 ergo

115 1847 179 1880 quod
193 1848 294 1875 dicitur
309 1857 317 1874 :
337 1857 346 1874 ‹
363 1848 390 1875 In
408 1848 510 1876 lumine
530 1853 576 1876 tuo
591 1848 743 1875 videbimus
764 1849 895 1881 lumen;-

115 1892 162 1919 hoc
177 1898 230 1925 est,
256 1894 284 1920 itt
303 1893 394 1921 Verbo
414 1901 441 1920 et
460 1893 590 1928 sapientia
613 1897 670 1925 tua.
693 1894 738 1928 qui
760 1897 800 1920 est
814 1893 898 1920 Filius

117 1938 250 1974 tutts(67),
272 1940 301 1966 in
325 1939 383 1974 ipso
397 1945 422 1967 te
439 1938 592 1966 videbimus
613 1937 732 1966 Patrem.
756 1937 898 1973 Nunquid-

116 1990 170 2010 nam
189 1985 251 2019 quia
276 1985 371 2011 lumen
392 1985 559 2016 ttotninatur,
575 1983 664 2010 simile
679 1984 819 2018 putabitur
834 1983 899 2011 solis

117 2028 188 2062 hujus
207 2029 326 2056 lumini?
349 2029 382 2055 Et
406 2029 542 2063 quomodo
568 2029 611 2056 vel
638 2028 704 2056 levis
728 2028 826 2062 aliquis
850 2028 898 2054 da-

117 2073 185 2101 bitur
213 2075 389 2107 intellectus,
415 2079 443 2101 ut
468 2082 502 2102 ex
527 2075 578 2102 isto
608 2075 669 2108 quis
693 2073 829 2109 corporali
856 2074 897 2100 lu-

118 2119 182 2146 mine
197 2127 310 2147 causam
325 2120 445 2147 scientiaa
463 2120 570 2155 capiat,
590 2125 619 2148 ct
637 2120 760 2148 veritatis
781 2119 899 2148 inveniat

119 2164 282 2193 intellectum
294 2165 307 2192 ?

947 1572 1090 1605 velamine,
1114 1572 1139 1599 id
1165 1577 1209 1599 est
1229 1571 1406 1605 intelligentia
1430 1569 1577 1602 crassiore,
1592 1569 1735 1602 Scriptura

949 1619 1006 1653 ipsa
1022 1618 1102 1644 velari
1117 1618 1217 1644 dicitur
1232 1617 1273 1643 vel
1290 1621 1419 1650 putatur;
1436 1620 1463 1643 et
1479 1616 1530 1642 Itoc
1546 1619 1589 1642 cst
1610 1614 1682 1648 quod
1698 1614 1736 1641 ait

948 1664 1144 1698 saperpositnnt
1170 1670 1230 1690 esse
1254 1662 1376 1689 velanten
1398 1660 1482 1688 vultui
1507 1660 1591 1696 Moysi
1618 1668 1678 1687 eutn
1695 1659 1736 1686 lo-

948 1713 1077 1745 queretur
1091 1709 1123 1735 ad
1139 1709 1265 1743 populant
1278 1709 1311 1741 '1,
1329 1708 1354 1734 id
1369 1712 1411 1735 est
1425 1715 1486 1735 cunt
1509 1707 1551 1734 lex
1575 1707 1653 1742 vulgo
1670 1707 1738 1734 reci-

950 1759 1062 1782 taretur.
1080 1754 1107 1781 Si
1130 1759 1219 1781 autem
1238 1758 1430 1781 convertamns
1449 1760 1498 1780 nos
1519 1753 1552 1779 ad
1576 1752 1735 1783 Dominunt,

950 1801 994 1828 ubi
1009 1805 1049 1828 est
1061 1805 1088 1828 et
1106 1800 1224 1828 Verbum
1242 1799 1299 1832 Dci,
1315 1805 1342 1827 et
1359 1799 1403 1827 ubi
1428 1799 1548 1834 Spiritus
1569 1802 1678 1826 sanctus
1695 1805 1738 1824 re-

950 1848 1020 1874 velat
1033 1847 1174 1874 scientiam
1191 1847 1354 1882 spiritalem,
1371 1851 1435 1872 tunc
1451 1845 1590 1872 auferetur
1603 1845 1735 1876 velamen,

950 1898 976 1920 et
998 1898 1062 1920 tunc
1079 1893 1194 1920 revelata
1213 1893 1281 1919 facie
1297 1893 1323 1919 itt
1343 1891 1491 1927 Seripturis
1508 1882 1608 1919 sanctis
1623 1891 1736 1926 gloriam

952 1938 1058 1965 Domini
1073 1938 1285 1973 speculabitttur.

985 1985 1012 2012 5.
1035 1985 1086 2012 Sed
1109 1989 1135 2012 et
1159 1991 1219 2011 cum
1243 1983 1276 2010 de
1298 1982 1400 2018 Spiritu
1426 1987 1521 2010 sancto
1543 1981 1622 2009 ntulti
1649 1981 1736 2007 sancti

951 2031 1135 2065 participant,
1162 2037 1215 2057 non
1242 2029 1335 2063 utique
1363 2036 1463 2062 corpus
1488 2028 1598 2062 aliquod
1625 2027 1736 2060 intelligi

949 2080 1039 2111 potest
1061 2075 1180 2110 Spiritus
1206 2080 1335 2107 sanctus,
1361 2074 1432 2108 quod
1456 2074 1572 2100 divisum
1597 2072 1623 2099 itt
1646 2068 1738 2107 partes

950 2123 1102 2157 corporales
1129 2122 1264 2157 percipiat
1288 2121 1475 2155 unusquisque
1499 2124 1672 2152 sanctorum;
1692 2119 1738 2145 sed

950 2169 1036 2196 virtus
1052 2168 1173 2202 profecto
1188 2167 1364 2195 sanctificaus
1382 2171 1439 2198 est;
1462 2164 1541 2198 cujus
1562 2164 1736 2200 participium

150 2210 199 2246 50
210 2211 236 2238 2.
255 2211 286 2238 Si
311 2218 376 2245 ergo
395 2211 570 2245 acquiescant
593 2211 655 2238 ltaic
682 2211 826 2238 assertioni
851 2219 898 2238 no-

989 2215 1053 2242 bere
1070 2215 1196 2241 dicuntur
1213 2221 1318 2246 omnes,
1342 2213 1387 2246 qui
1405 2219 1452 2246 per
1468 2212 1525 2246 cjas
1543 2211 1656 2246 gratiam
1672 2218 1738 2237 san-

119 2260 176 2283 stne
196 2265 277 2292 quam
301 2256 334 2284 de
356 2261 453 2283 natura
483 2256 593 2284 luntinis
620 2257 676 2291 ipsa
700 2256 898 2284 demonstravit

119 2302 190 2336 ratio,
204 2309 232 2331 et
252 2305 372 2331 fatentur
389 2309 441 2329 non
459 2310 538 2337 posse
551 2310 652 2337 corpus
674 2302 787 2338 intelligi
812 2302 897 2330 Deum

120 2352 257 2378 secundum
274 2351 385 2378 luminis
399 2350 576 2383 intellectum,
594 2349 693 2378 similis
706 2357 813 2384 quoque
830 2349 898 2377 ratio

121 2395 150 2422 de
169 2395 227 2431 igne
240 2402 418 2426 consumente
437 2398 555 2425 dabitur.
580 2396 650 2430 Quid
665 2397 738 2424 enim
755 2401 899 2424 consumet

154 2465 174 2500 ξ’
187 2464 246 2493 Ose.
259 2475 287 2500 x,
300 2466 345 2494 I2.
389 2467 411 2483 "
426 2467 506 2494 Deut.
518 2473 556 2497 tv,
566 2465 611 2492 24.

124 2498 144 2515 “
154 2498 226 2528 Joaa.
237 2498 335 2535 tv,'24.
379 2503 400 2519 "
414 2502 434 2529 Il
450 2502 513 2529 Cor.
526 2509 568 2534 ttt,
581 2502 608 2530 6.

127 2563 136 2580 ι
148 2563 178 2582 an
188 2556 242 2584 sine
253 2557 355 2584 anima.
369 2567 380 2584 ι
395 2557 478 2590 Alias,
492 2565 502 2582 ι
514 2564 548 2583 an
562 2558 699 2584 exanima.
712 2565 722 2582 ι
738 2555 808 2583 Infra
823 2565 900 2591 mss.,

127 2593 269 2627 «exemplis
291 2597 318 2619 et
342 2593 580 2619 aﬂirmatiottibus.
595 2601 605 2618 ι
630 2592 716 2624 Alias,
742 2593 901 2627 (excerptis

125 2625 346 2654 allirntationibus.
357 2637 367 2653 ι

156 2661 206 2696 (66)
226 2662 315 2689 Dicere
339 2662 423 2690 Deum
450 2670 545 2696 corpus
568 2670 633 2689 esse.
657 2661 694 2688 Ita
719 2669 787 2689 mss.
809 2662 897 2694 Alias,

128 2695 222 2756 {hbeam
235 2704 331 2732 corpus
342 2705 402 2725 esse
416 2705 597 2725 asserere.....
607 2697 677 2731 apud
691 2695 821 2732 Moyseat,
833 2697 903 2731 quod

161 2738 198 2756 IIS.
210 2741 218 2756 I

146 2737 198 2757 eus.
210 2741 218 2757 I

159 2764 209 2801 (6])
228 2767 279 2800 Qui
301 2772 340 2795 ut
357 2766 446 2794 Filius
468 2771 539 2794 tuus.
563 2766 607 2794 Sic
625 2774 690 2794 mss.
710 2766 799 2799 Alias,
820 2775 903 2801 «qua:

128 2804 164 2840 est
174 2800 257 2840 Filius
271 2808 343 2840 tuas.
353 2812 364 2829 ι
380 2802 537 2840 ΡθιιιοΔιιοει
548 2810 629 2840 mss.,
644 2811 653 2826 ι
665 2802 707 2828 vel
725 2802 792 2829 leris
804 2800 902 2836 aliquis

130 2834 260 2872 ύιιὶιξειιτὶι
276 2838 356 2871 alias,
374 2847 383 2863 ι
397 2837 438 2865 vel
451 2834 511 2872 ejus
532 2834 640 2872 aliquis.
653 2847 661 2862 ι
790 2839 795 2846 ‘

160 2869 209 2907 (68)
228 2871 271 2901 Sic
286 2869 353 2901 mss;
364 2872 440 2901 Alias
456 2869 531 2907 v'ero,
549 2880 558 2898 t
574 2869 796 2907 consuntitquod
810 2876 900 2900 exter-

659 2464 681 2481 "
695 2464 772 2492 Joan.
785 2472 823 2496 tv,
835 2465 879 2492 24.
917 2466 950 2490 νη
964 2466 970 2492 Ι
983 2466 1061 2494 .loan.
1082 2475 1101 2497 ι,
1114 2467 1138 2493 5.

646 2500 669 2516 ¹⁰
686 2499 749 2528 ibid.
773 2500 816 2532 15,
830 2501 874 2534 Ili,
888 2501 929 2527 I7.
966 2501 987 2516 “
1003 2502 1088 2529 Exod.
1102 2509 1194 2533 xxxiv,
1208 2501 1253 2527 56.

953 2260 1067 2287 ctilicari
1084 2259 1232 2286 meruerint
1247 2258 1311 2294 (72).
1327 2258 1361 2285 Et
1375 2264 1404 2284 ut
1419 2257 1526 2284 facilius
1540 2257 1611 2291 quod
1626 2256 1740 2283 dicimus

953 2305 1040 2339 possit
1056 2303 1186 2338 intelligi,
1208 2310 1241 2330 ex
1267 2304 1346 2330 rebus
1369 2302 1493 2337 quamvis
1516 2301 1667 2336 itttparibus
1691 2309 1739 2327 su—

952 2358 1058 2377 tttamns
1082 2349 1245 2384 exemplum.
1269 2348 1343 2375 Multi
1361 2348 1487 2382 suntqui
1511 2347 1659 2381 disciplina:
1682 2347 1739 2373 sive

952 2396 1018 2423 artis
1036 2396 1177 2423 medicina:
1202 2394 1381 2429 participant,
1404 2399 1430 2421 et
1449 2393 1570 2428 nunquid
1591 2391 1738 2427 putandum

1193 2466 1215 2482 ¹⁸
1228 2465 1299 2492 Psal.
1312 2471 1393 2497 xxxv,
1407 2464 1449 2490 I0.
1502 2463 1522 2478 ¹⁷
1535 2462 1612 2489 .loan.
1626 2469 1680 2494 xtv,
1695 2461 1740 2488 25.

957 2559 1043 2585 ntinat
1059 2558 1080 2585 si
1095 2559 1240 2586 consuntit.
1251 2567 1260 2584 ι

992 2593 1048 2629 (69)
1067 2593 1144 2621 Alias
1157 2594 1234 2621 deest
1251 2601 1313 2626 vox,
1332 2601 1341 2618 ι
1358 2598 1471 2627 parum,
1485 2599 1493 2616 t
1515 2596 1596 2624 quam
1610 2587 1741 2615 exhibent

956 2637 1021 2656 “ISS-

988 2657 1044 2699 (Ίό)
1066 2663 1147 2691 Deest
1166 2663 1192 2690 in
1216 2668 1296 2690 antea
1311 2661 1400 2699 editis
1417 2667 1480 2693 vox,
1509 2667 1519 2684 ι
1532 2658 1633 2693 Deum,
1650 2668 1658 2685 ι
1682 2663 1742 2692 qua!

959 2697 1070 2726 itt'is.
1085 2699 1213 2726 omnibus
1228 2697 1373 2731 reperitur.

995 2734 1051 2768 (7i)
1073 2733 1119 2761 Sic
1137 2742 1203 2760 ntss.
1217 2732 1302 2768 Alias,
1319 2740 1328 2756 ‹
1340 2731 1460 2768 δίδωμι

992 2763 1048 2805 (72)
1069 2769 1114 2796 Sic
1131 2776 1196 2795 tnss.
1211 2767 1297 2805 Alias,
1315 2775 1325 2792 ‹
1339 2763 1511 2805 participium
1523 2764 1626 2805 debent
1642 2763 1742 2790 habere

955 2799 1049 2831 omnes
1072 2805 1118 2839 qui
1144 2810 1190 2838 per
1213 2802 1272 2838 ejus
1297 2799 1414 2836 gratiam
1442 2799 1610 2828 sattctilicari
1637 2804 1742 2826 merue-

956 2844 1030 2867 I'lllllo
1043 2849 1052 2865 ι
