1883 3072
121 111 172 137 1Ξό

758 113 920 141 ORIGENIS
936 114 1017 141 ΠΕΡΙ
1038 114 1153 142 ΑΡΧΩΝ

1703 112 1752 140 «ει

119 175 159 197 «εει
178 178 273 199 omnes
297 179 344 199 eos
360 172 406 207 qui
424 172 564 200 medicinae
581 173 759 208 participant.
785 174 908 207 corporis
923 178 945 204 Α
959 175 1029 202 enim
1049 174 1198 202 adorabtnt
1213 174 1240 201 in
1263 173 1467 209 Hierosolymis,
1491 173 1595 200 umbrze
1611 171 1654 199 vel
1686 171 1755 197 iuta-

120 216 236 250 alit-njus
251 217 326 252 quod
343 218 476 245 medicina
489 219 599 250 dicitur,
616 220 642 246 in
659 221 749 247 ntedio
765 221 843 254 positi
857 220 907 248 sibi

120 262 232 290 aul'erre
260 263 428 296 particulas.
452 269 480 291 et
509 265 545 291 ita
578 265 637 298 ejus
661 266 834 300 participium
860 273 908 292 sn-

122 315 196 334 Inere
216 307 292 343 (73)?
308 307 348 334 An
366 308 455 342 potius
479 308 682 345 intelligendum
698 315 739 337 est
755 310 825 344 quod
849 309 910 344 qui—

119 360 229 387 ctmque
245 354 379 388 promptis
401 355 559 390 paratisque
583 356 718 384 mentibus
742 356 907 384 intellectum

120 400 187 426 artis
203 399 289 434 ipsius
303 400 508 435 disciplinaeque
533 402 696 436 percipiunt,
721 403 748 429 hi
767 403 910 430 medicina!

121 446 282 478 participare
299 446 440 473 dicantur?
455 447 508 474 Sed
532 447 588 475 lucc
607 456 659 475 non
681 448 792 476 omnino
808 448 909 476 similia

120 492 243 526 exempla
269 493 387 526 putanda
419 499 484 520 sunt
507 495 540 521 de
566 494 698 522 medicina
721 500 816 522 sancto
846 495 908 530 Spi-

121 537 186 563 ritui
199 543 370 572 comparata;
381 539 426 565 sed
436 539 468 566 ad
479 540 529 567 hoc
539 541 724 568 tantummodo
732 540 907 575 comproban-

121 583 185 609 dum
204 583 272 617 (74),
293 584 355 617 quia
373 592 426 611 non
442 585 573 612 continuo
590 593 688 620 corpus
705 587 852 621 putaudttm
868 591 910 613 est

122 629 147 656 id
165 629 241 662 cujus
264 630 439 664 participatio
454 631 570 658 habetur
590 639 603 657 a
626 631 772 666 plurimis:
793 632 910 666 Spiritus

122 674 194 700 enim
213 679 327 702 sanctus
344 675 423 709 longe
445 675 534 704 diﬂ'ert
551 684 565 702 a
587 677 728 704 medicinze
743 677 847 705 ratione
868 677 910 704 vel

123 721 280 754 disciplina;
305 729 354 754 pro
377 729 409 748 eo
431 723 502 756 qttod
533 722 652 756 Spiritus
680 727 793 750 sanctus
819 723 910 751 subsi-

122 766 221 792 stentia
236 771 277 792 est
296 766 495 799 intellectualis,
509 773 537 795 et
554 769 666 803 proprie
681 769 806 797 subsistit
822 774 849 796 et
863 776 910 796 ex-

122 815 176 837 stat
190 820 196 837 :
211 811 277 838 nihil
293 817 383 839 autem
403 813 456 840 tale
470 818 510 840 est
524 815 671 842 medicina.

158 857 186 884 4.
207 857 260 885 Sed
276 858 309 884 ad
328 859 416 892 ipsum
430 860 486 893 jam
501 868 655 888 sermonem
671 861 808 896 Evangelii
826 866 912 890 trans-

122 903 240 930 eundum
256 907 310 934 est,
325 904 370 930 ubi
390 904 522 938 scriptum
538 910 580 932 est
597 905 653 941 (75)
667 907 730 940 quia
749 916 758 932 t
775 907 846 934 Detts
860 907 913 942 spi-

123 948 192 975 ritus
219 953 261 976 est
273 949 312 981 ",
329 958 337 974 ι
360 955 387 976 et.
409 950 607 978 ostendendum
635 956 678 978 est
704 959 786 986 quam
816 959 912 980 conse-

123 999 239 1029 quenter
258 995 300 1022 his
316 1002 378 1029 qttze
397 995 517 1022 diximus
535 995 647 1030 intelligi
669 997 777 1024 debeat.
793 997 913 1025 Interro-

122 1048 216 1074 gemus
231 1048 348 1074 namque
362 1041 471 1075 quando
485 1042 535 1068 ista
551 1042 651 1069 dixerit
666 1042 793 1070 Salvator
809 1048 911 1075 noster,

123 1085 164 1112 vel
184 1086 254 1120 apud
271 1093 369 1120 quem,
393 1086 434 1113 vel
460 1094 522 1113 cum
547 1088 610 1121 quid
636 1093 812 1121 qumreretur.
837 1089 913 1115 Inve-

123 1131 212 1158 nimus
230 1131 290 1158 sine
313 1133 395 1158 dubio
409 1132 481 1166 quod
497 1133 530 1159 ad
547 1132 746 1160 Samaritanam
770 1134 911 1161 mulierem

122 1175 238 1210 loquens
254 1176 305 1202 ista
324 1177 487 1210 protttlerit,
509 1178 542 1204 ad
558 1185 617 1204 eam
634 1185 695 1211 qum
715 1179 827 1213 putaliat
842 1179 912 1213 quod

123 1221 150 1248 in
175 1227 268 1248 tnonte
293 1222 413 1249 Garizim
438 1224 586 1250 secundum
612 1224 764 1258 opinionem
789 1224 912 1252 Samari-

124 1272 249 1295 tanorum
276 1269 384 1295 adurari
414 1274 554 1303 oporteret
590 1270 692 1303 Deum,
723 1271 817 1298 dicens
841 1278 912 1305 quo-

123 1314 196 1340 niam
212 1313 269 1349 (76)
287 1323 296 1338 ‹
310 1314 380 1341 Deus
401 1315 513 1349 spiritus
532 1319 584 1342 est.
598 1325 607 1340 ι
623 1315 768 1347 Quaerebat
787 1315 859 1342 enim
878 1316 911 1343 ab

123 1365 156 1386 eo
178 1358 348 1386 Samaritana
373 1359 470 1386 mulier
486 1364 583 1393 putans
602 1367 664 1386 eum
689 1366 751 1386 esse
774 1367 910 1387 unum.ex

125 1402 238 1434 Jtttlmis.
260 1407 349 1430 ntrutn
373 1403 400 1430 in
423 1403 619 1438 Hierosolymis
642 1403 751 1430 adorari
775 1409 912 1439 oporteret

123 1447 220 1481 Deum,
235 1457 269 1475 an
295 1449 322 1475 in
343 1449 395 1475 hoc
418 1452 525 1481 monte;
547 1453 573 1475 et
590 1449 627 1475 ita
649 1449 756 1476 dicebat
771 1461 776 1476 ;
794 1459 803 1474 t
816 1449 912 1479 Patres

124 1495 210 1521 nostri
231 1502 326 1522 Omnes
342 1495 392 1521 hoc
407 1495 432 1521 itt
456 1499 546 1521 ntonte
561 1494 753 1525 adoraverunt,
765 1500 793 1522 et
807 1503 854 1523 vos
871 1496 910 1523 di-
924 1509 945 1536 ρ

123 1540 188 1566 citis
212 1540 274 1574 quia
300 1541 327 1567 in
346 1540 543 1575 Hierosolymis
559 1545 601 1568 est
627 1540 701 1567 locus
724 1542 770 1568 ubi
796 1541 911 1569 adorare

124 1590 232 1618 oportet
243 1585 276 1613 ".
290 1595 300 1611 ι
317 1586 358 1612 Atl
382 1586 438 1613 haec
455 1593 520 1620 ergo
534 1593 594 1620 qua:
615 1586 777 1621 opinabatur
791 1587 911 1614 Samari-

127 1636 200 1663 tana,
216 1636 314 1666 putans
329 1639 362 1659 ex
379 1631 501 1659 locorum
518 1631 700 1666 corpOralium
723 1633 909 1667 praerogativa,

128 1679 200 1712 quod
218 1679 307 1704 minus
329 1683 414 1708 recte.
437 1678 477 1705 vel
496 1679 546 1706 rite
564 1679 619 1714 (77)
642 1679 806 1706 adorabatur
830 1679 910 1711 Deus,

125 1728 172 1749 aet
187 1730 201 1749 a
214 1722 314 1750 Judteis
331 1724 356 1750 in
374 1723 582 1756 Hierosolymis,
599 1728 645 1750 aut
659 1732 673 1750 a
688 1723 870 1750 Samaritanis
885 1724 911 1749 itt

126 1773 217 1795 monte
234 1767 369 1800 Garizim,
393 1769 531 1803 respondit
555 1768 681 1795 Salvator
704 1776 765 1796 esse
783 1771 911 1796 receden-

125 1815 188 1840 dntn
213 1822 228 1840 a
251 1815 463 1849 prmsuuiptione
488 1815 673 1850 corporalium
700 1815 821 1842 locorum
849 1815 918 1843 ltuic'

125 1859 170 1894 qui
186 1860 241 1886 vult
256 1860 333 1894 sequi
356 1860 511 1892 Dominum,
529 1865 556 1887 et
573 1861 608 1887 ita
633 1860 671 1886 ait
691 1871 697 1888 :
716 1869 725 1886 ι
743 1860 822 1888 Venit
845 1861 911 1888 hora

126 1911 155 1931 ut
171 1905 227 1931 veri
251 1905 423 1938 adoratores,
442 1913 530 1939 neque
547 1906 573 1932 in
595 1905 802 1941 Hierosolymis,
825 1913 913 1940 neque

91 1941 94 1944 ’
126 1953 152 1980 in
171 1958 261 1980 mante
281 1953 332 1980 hoc
349 1953 465 1979 adorent
482 1951 601 1978 Patrem.
625 1952 696 1978 Deus
719 1951 831 1985 spiritus
853 1955 911 1982 est.

125 2004 151 2026 et
175 2006 222 2026 eos
251 1998 297 2033 qui
321 1998 436 2025 adorant
459 2005 540 2029 eum,
565 1998 592 2023 iit
619 1997 716 2032 spiritu
743 2001 770 2023 et
795 1997 912 2024 veritate

126 2049 232 2078 oportet
254 2045 370 2071 adorare
384 2044 439 2070 ".t
466 2043 498 2070 Et
523 2044 583 2070 vide
608 2050 688 2077 quam
712 2047 913 2076 consequenter

131 2092 270 2117 veritatem
299 2090 407 2124 spiritui
435 2089 569 2120 sociavit,
594 2094 623 2114 ut
649 2088 682 2115 ad
708 2088 912 2114 distinctionem

128 2135 236 2169 quidem
260 2143 404 2168 corporum
426 2134 579 2161 nominaret
600 2133 743 2166 spiritum;
762 2132 794 2158 ad
817 2131 915 2158 distin-

960 219 1015 253 gini
1038 219 1188 247 caelestium
1211 219 1406 250 deSv-rtientes,
1429 226 1482 245 non
1505 218 1632 249 veritate,
1659 223 1751 250 neque

959 265 1054 298 Spiritu
1082 264 1136 300 (78)
1153 265 1302 292 adorabunt
1318 265 1416 296 Deum;
1432 264 1559 292 similiter
1579 268 1672 291 autetn
1689 267 1718 290 et
1733 262 1752 289 ii

959 310 1004 343 qui
1021 309 1170 336 adorabant
1185 309 1212 336 in
1231 315 1321 336 monte
1336 309 1469 336 Garizitn.

995 355 1021 382 5.
1042 355 1122 383 Omni
1143 355 1225 390 igitur
1241 363 1321 382 sr-nsu
1343 356 1390 390 qui
1409 362 1572 389 corporeum
1596 353 1702 388 aliquid
1718 353 1753 380 de

960 401 1015 429 Deo
1032 401 1145 436 intelligi
1165 401 1298 436 suggerit.
1321 406 1402 435 prout
1425 401 1575 436 potuimus,
1593 399 1750 430 confutata.

960 448 1076 475 dicimus
1088 448 1239 475 secundum
1256 448 1398 475 veritatem
1413 448 1523 482 quidem
1540 446 1625 473 Deum
1644 447 1753 472 incom-

961 493 1172 528 prehensibilem
1194 501 1257 521 esse
1276 499 1358 528 atque
1381 493 1609 520 inaestimabilem.
1631 492 1661 520 Si
1684 493 1752 527 quid

960 539 1032 566 enim
1053 538 1118 566 illud
1132 542 1174 566 est
1190 539 1260 573 quod
1283 539 1386 565 sentire
1407 539 1447 565 vel
1464 538 1617 573 intelligere
1635 538 1669 565 de
1694 536 1751 563 Deo

960 584 1143 618 potuerimus,
1168 583 1259 610 multis
1279 583 1357 618 longe
1382 583 1432 619 51
1459 584 1547 610 modis
1574 590 1636 610 eum
1655 583 1753 609 melio-

961 636 1017 656 rem
1034 636 1094 656 esse
1114 630 1148 656 ab
1163 636 1196 657 eo
1212 629 1283 664 quod
1307 630 1442 657 sensimus
1464 637 1575 658 necesse
1598 634 1640 656 est
1664 628 1750 656 credi.

961 673 1038 701 Sicut
1063 674 1135 700 enim
1161 674 1183 701 si
1212 674 1352 701 videamus
1377 674 1494 708 aliquem
1514 674 1558 701 vix
1578 681 1658 709 posse
1678 674 1754 701 scin-

963 720 1046 747 tillam
1075 719 1200 752 luminis,
1226 724 1271 747 aut
1307 720 1473 747 brevissima:
1507 720 1626 747 lucernae
1658 720 1751 746 lumen

961 766 1082 801 aspicere
1100 775 1107 793 :
1126 770 1154 794 et
1175 773 1236 793 eum
1262 765 1339 800 cujus
1363 767 1436 794 acies
1461 767 1602 793 oculorum
1628 767 1690 800 plus
1712 766 1754 792 lu—

961 812 1041 840 minis
1064 811 1120 848 (79)
1145 819 1242 847 capere
1269 820 1349 847 quam
1371 819 1452 847 supra
1475 812 1604 844 diximus,
1627 819 1681 838 non
1704 819 1754 837 va-

964 858 1011 889 let.
1026 858 1048 885 si
1065 857 1179 885 velimus
1197 858 1230 884 de
1249 857 1373 885 claritate
1387 865 1420 885 ac
1437 857 1580 893 splendore
1595 857 1664 884 solis
1682 857 1750 883 edo-

963 910 1024 930 cere
1045 910 1158 929 :nonne
1181 903 1320 937 oportebit
1336 910 1385 930 nos
1409 905 1434 930 ei
1453 904 1559 936 dicere,
1584 903 1649 937 quia
1675 902 1752 929 omni

963 947 1014 976 hoc
1032 948 1133 976 lumine
1148 949 1219 983 quod
1241 949 1327 981 vides,
1343 948 1516 976 inelIabiliter
1528 954 1554 976 et
1569 948 1754 976 intestimabi-

963 994 1025 1022 liter
1042 994 1136 1021 ntelior
1156 1001 1189 1020 ac
1203 995 1373 1028 prtcstan'ior
1391 999 1432 1022 est
1452 995 1518 1022 solis
1541 995 1692 1029 splendor?
1714 996 1752 1022 Ita

964 1047 1040 1066 ntens
1053 1044 1144 1066 nostra
1161 1047 1221 1066 cum
1239 1039 1309 1066 intra
1325 1040 1416 1068 carnis
1427 1045 1456 1068 et
1471 1042 1612 1076 sanguinis
1629 1041 1754 1068 claustra

962 1084 1140 1114 concluditur.
1156 1089 1183 1110 et
1199 1092 1247 1118 pro
1263 1085 1323 1112 talis
1340 1086 1463 1112 materia:
1478 1086 1689 1121 participatione
1706 1086 1755 1112 Ite-

963 1131 1050 1158 betior
1063 1135 1143 1165 atque
1158 1131 1281 1158 obtusior
1305 1133 1433 1163 rediitur,
1459 1133 1523 1160 licet
1545 1133 1579 1159 ad
1604 1140 1752 1167 compara—

964 1176 1064 1202 tionem
1088 1180 1190 1202 naturat
1213 1184 1350 1211 c0rporete
1371 1177 1449 1212 longe.
1474 1178 1632 1211 prtecellens
1650 1178 1756 1205 habea-

964 1225 1017 1253 tur,
1033 1226 1122 1247 tamen
1140 1221 1202 1247 dum
1219 1223 1252 1248 ad
1270 1222 1430 1257 incorporea
1447 1223 1543 1249 nititur
1558 1227 1641 1257 atque
1658 1230 1756 1249 eorum

964 1268 1078 1294 rimatur
1101 1267 1227 1294 intuittttn
1250 1269 1318 1303 (80),
1340 1273 1403 1295 tunc
1420 1269 1544 1296 scintille
1564 1269 1682 1302 alicujus
1706 1274 1757 1296 aut

964 1313 1080 1340 lucem-1:
1103 1314 1147 1340 vix
1173 1315 1276 1341 obtinet
1308 1315 1407 1342 locum.
1428 1315 1497 1348 Quid
1521 1320 1613 1342 autem
1637 1316 1664 1342 itt
1695 1324 1758 1343 om-

964 1359 1042 1386 nibus
1056 1359 1294 1392 intellcctnaliltus,
1313 1361 1338 1386 id
1353 1366 1392 1387 est
1409 1362 1590 1395 ineorporeis,
1608 1367 1664 1388 tam
1682 1369 1755 1396 prae-

963 1409 1039 1431 stans
1059 1405 1194 1437 omnibus,
1209 1410 1262 1431 tam
1280 1405 1452 1433 ineil'altiliter
1468 1411 1550 1440 atque
1571 1407 1757 1434 inaestimabi-

963 1451 1024 1478 liter
1041 1452 1208 1485 prmcellens,
1231 1460 1312 1486 quatn
1333 1451 1422 1479 Deus?
1439 1453 1517 1486 cujus
1538 1454 1633 1487 utique
1650 1459 1757 1480 natura

963 1496 1021 1522 acie
1046 1496 1173 1523 humanae
1198 1497 1295 1523 mentis
1313 1497 1368 1532 (8|)
1396 1497 1498 1524 intendi
1526 1495 1608 1532 atque
1634 1499 1757 1531 intueri,

962 1542 1085 1575 quamvis
1107 1550 1138 1568 ea
1163 1542 1198 1569 sit
1225 1542 1369 1577 purissima
1389 1550 1464 1570 mens
1487 1551 1518 1570 ac
1541 1544 1756 1579 limpitlissima,

962 1592 1014 1612 non
1029 1590 1126 1619 potest.

997 1630 1023 1657 6.
1041 1631 1136 1657 Verum
1163 1639 1216 1658 non
1240 1632 1348 1659 videtur
1365 1633 1523 1666 absurdum,
1548 1635 1571 1662 si
1592 1636 1626 1662 ad
1642 1635 1759 1663 eviden—

962 1675 1058 1702 tiorent
1076 1676 1111 1702 rei
1129 1676 1374 1704 mattil‘estationetn
1385 1679 1466 1706 etiam
1484 1680 1536 1706 alia
1550 1685 1662 1707 utantur
1679 1681 1759 1708 sitni-

964 1720 1086 1749 litudine.
1102 1721 1237 1748 Interdum
1251 1723 1320 1749 oculi
1333 1724 1416 1751 nostri
1431 1725 1515 1758 ipsam
1531 1730 1659 1753 naturam
1673 1726 1758 1760 lucis,

963 1766 989 1792 id
1018 1772 1059 1793 est
1088 1768 1265 1795 substantiam
1299 1770 1374 1802 solis,
1403 1770 1503 1797 intueri
1534 1779 1588 1798 non
1619 1778 1759 1807 possunt;

963 1811 1132 1846 splendorem
1150 1821 1212 1840 vero
1229 1813 1299 1847 ejus,
1321 1815 1359 1842 vel
1376 1817 1465 1844 ra'lios
1480 1816 1608 1845 fenestris
1632 1818 1705 1846 forte
1731 1825 1761 1846 et

963 1857 1127 1891 quibuslibet
1153 1858 1282 1886 luminum
1311 1860 1438 1888 brevibus
1469 1863 1652 1897 receptaculis
1687 1864 1761 1891 inl'u-

963 1911 1008 1930 sos
1022 1904 1076 1937 (Si)
1095 1904 1240 1937 intuentes,
1254 1907 1428 1933 considerare
1443 1915 1587 1941 possumus
1601 1908 1689 1937 fontes
1700 1910 1762 1944 ipse

964 1956 996 1976 ac
1010 1949 1070 1976 fons
1083 1955 1200 1984 quantus
1213 1951 1247 1976 sit
1260 1952 1382 1986 corporei
1401 1952 1519 1981 lutninis.
1535 1954 1572 1980 lta
1588 1963 1654 1988 ergo
1675 1957 1759 1990 quasi

964 1995 1030 2022 radii
1051 1995 1159 2028 quidam
1181 2000 1242 2022 sunt
1259 1995 1305 2023 Dei
1320 2003 1433 2030 uatttrte,
1451 2006 1532 2033 opera
1552 2000 1652 2027 divina:
1666 2003 1762 2034 provi-

964 2041 1061 2068 dentiae
1077 2047 1104 2069 et
1117 2050 1162 2069 ars
1180 2043 1363 2072 universitatis
1379 2045 1435 2080 (83)
1454 2046 1545 2080 hujus,
1564 2048 1598 2074 ad
1615 2054 1762 2082 compara-

966 2086 1065 2112 tionettt
1079 2086 1161 2120 ipsius
1173 2086 1330 2116 substantia:
1344 2097 1376 2116 ac
1389 2095 1504 2117 naturae.
1514 2090 1584 2124 Quia
1599 2099 1667 2126 ergo
1680 2100 1762 2119 utens

966 2136 1057 2157 nostra
1074 2132 1162 2165 ipsutn
1181 2140 1228 2166 per
1240 2134 1357 2168 seipsam
1379 2135 1463 2162 Deum
1480 2137 1550 2163 sicut
1570 2143 1613 2164 est
1632 2146 1688 2165 nott
1711 2146 1763 2173 po—

128 2187 244 2208 cuonctn
267 2187 331 2207 vero
346 2180 448 2206 umbra:
472 2179 513 2205 vel
537 2178 673 2212 imaginis,
696 2178 847 2203 veritatem.
862 2175 913 2209 Qui
931 2171 952 2197 ι)
968 2181 1019 2204 test
1049 2177 1157 2210 intueri,
1183 2185 1216 2206 ex
1240 2179 1439 2214 pulchritudine
1467 2189 1581 2216 operum
1604 2188 1634 2211 et
1658 2171 1764 2212 decore

165 2250 188 2266 “
201 2249 279 2276 Joan.
294 2256 329 2281 Iv,
343 2248 388 2275 24.
426 2249 449 2264 ³³
465 2249 531 2275 iliid.
542 2248 587 2274 20.
625 2247 648 2263 ’³
663 2247 728 2273 ibid.
740 2246 784 2280 ΞΙ,
796 2246 843 2278 Ξῖ),
858 2246 903 2273 24.

164 2319 220 2353 (73)
242 2319 286 2346 Sic
302 2327 367 2347 mss.
385 2319 469 2352 Alias,
491 2328 500 2344 ε
516 2325 652 2353 nunquam
670 2317 818 2352 putandum
834 2321 910 2344 est...

128 2352 200 2389 quod
212 2352 354 2381 medicina
379 2355 494 2381 dicatur.
506 2375 512 2381 .
524 2374 532 2381 .
545 2359 572 2380 ct
582 2352 586 2353 ⁷
597 2353 655 2386 ejus
673 2352 844 2388 participiqu
864 2359 910 2380 su-

129 2396 212 2416 luere.
226 2398 235 2414 Ι

165 2423 220 2459 (Ἱι)
241 2423 325 2455 Alias,
340 2432 348 2448 t
362 2422 499 2459 dicuntur.
513 2423 566 2450 Sed
577 2422 638 2459 inec
652 2429 704 2448 non
717 2421 909 2459 omnimodo...

128 2457 317 2486 tantummodo
344 2457 521 2492 probandum.
535 2466 544 2483 ι
568 2458 602 2483 At
625 2465 690 2484 mss.
713 2461 742 2483 ut
767 2457 793 2483 in
816 2462 910 2484 nostro

130 2497 214 2520 lexltt.

166 2527 224 2562 (75)
245 2529 291 2555 Sic
306 2535 369 2554 mss.
383 2527 470 2558 Alias,
487 2536 496 2552 t
513 2526 557 2552 ubi
574 2526 703 2560 scriptum
716 2525 796 2560 quod.
811 2535 820 2551 I

165 2561 221 2597 (76)
242 2563 280 2590 Ita
298 2570 362 2589 nisa.
380 2562 463 2594 Alias,
481 2571 490 2586 Ι
505 2561 599 2597 dicens
611 2562 754 2597 quomodo.
769 2569 779 2586 ›

165 2595 220 2633 (77)
242 2597 319 2633 Reae
331 2599 369 2623 vel
387 2597 446 2623 rite.
468 2597 513 2622 Sic
532 2596 612 2633 codd.
631 2595 795 2622 Sorbonieus
809 2600 836 2622 et
851 2595 913 2623 Col-

131 2630 271 2664 laertinns;
287 2631 367 2661 alias.
381 2639 390 2655 t
408 2635 481 2657 recte
497 2630 539 2657 vel
555 2635 637 2657 recte.
651 2639 660 2655 |

166 2666 224 2701 (78)
242 2666 308 2701 Non
331 2666 448 2696 veritate,
464 2673 544 2700 neque
559 2666 666 2699 spiritu,
686 2668 744 2701 etc._
755 2663 800 2691 Sic
819 2672 912 2692 omnes

133 2709 197 2726 mss.
214 2699 302 2730 'Alias.
321 2709 330 2725 ι
346 2708 399 2727 non
423 2699 573 2732 veritatem,
595 2707 682 2734 neque
706 2699 829 2734 spiritum
848 2702 913 2726 ado-

132 2734 230 2761 rabunt
248 2735 343 2762 Deum.
362 2743 372 2760 ι

167 2769 222 2803 (79)
245 2769 308 2795 Plus
325 2769 440 2797 luminis.
465 2769 511 2797 Sic
535 2776 600 2796 mss.
614 2769 703 2800 Alias,
723 2777 732 2794 t
754 2768 813 2802 plus
827 2769 859 2795 de
874 2768 914 2794 ln-

133 2806 215 2832 mine.
239 2814 248 2829 ι
266 2804 348 2831 Paulo
365 2811 424 2838 post
438 2813 515 2838 tnss.,
531 2814 538 2830 ι
560 2812 608 2839 pro
621 2804 681 2831 talis
695 2805 814 2831 materia:
830 2805 914 2838 parti-

964 2317 1157 2357 cipatione...“
1187 2318 1249 2357 licet
1279 2321 1325 2357 ad
1347 2322 1592 2357 comparationem.
1624 2334 1634 2350 ι
1666 2325 1762 2357 Αιίτις,

967 2361 976 2377 t
997 2361 1052 2394 pro.
1063 2353 1107 2380 tali
1123 2355 1243 2382 materia:
1257 2353 1526 2391 participatione.....
1541 2358 1605 2386 licet
1615 2367 1666 2394 pro
1683 2353 1763 2388 cont;

964 2394 996 2421 pa
1003 2393 1116 2415 ratione.
1135 2398 1144 2414 ι

1012 2423 1056 2456 80)
1078 2423 1218 2452 lntuitum.
1235 2424 1280 2452 Sic
1304 2433 1370 2453 mss.
1397 2426 1481 2457 Alias,
1498 2436 1507 2452 ι
1532 2427 1729 2456 intentionem.
1751 2440 1761 2455 I

1011 2458 1056 2491 8|)
1072 2457 1178 2484 Natura
1190 2461 1244 2485 ncie
1254 2460 1376 2487 humana!
1389 2462 1492 2492 utentis,
1509 2467 1564 2488 etc.
1585 2463 1633 2489 Sic
1661 2472 1764 2491 omnes

965 2500 1029 2533 ptss.
1046 2493 1129 2532 Adias,
1146 2502 1155 2518 ι
1170 2495 1429 2533 naturamhuntanzc
1443 2497 1540 2522 mentis
1558 2497 1663 2533 intendi
1677 2505 1765 2533 atqtte

965 2527 1074 2558 intueri,
1092 2529 1217 2561 quamvis
1242 2529 1386 2562 purissima
1407 2537 1485 2557 mens
1506 2538 1538 2558 ac
1561 2527 1764 2566 litnpidissiina

967 2570 1020 2589 lton
1036 2567 1134 2594 potest.
1151 2571 1160 2587 ι

1002 2597 1058 2630 (82)
1074 2595 1214 2635 Lumitnon
1239 2597 1547 2635 brevibusrreceptaculis
1570 2601 1688 2635 infusos.
1714 2603 1765 2630 Sic

967 2639 1062 2668 omnes
1078 2639 1142 2659 mss.
1159 2631 1232 2659 Alias
1245 2639 1320 2666 vero,
1340 2643 1349 2659 t
1367 2634 1420 2660 illis
1433 2631 1616 2668 receptaculis
1629 2638 1766 2665 brevibus

969 2667 1085 2693 infusos.
1105 2676 1114 2692 ι

1003 2701 1060 2736 (83)
1089 2700 1122 2736 Et
1148 2709 1191 2727 rm
1212 2701 1398 2729 universi/alis.
1425 2702 1470 2729 Sic
1492 2712 1558 2730 mss.
1580 2705 1659 2733 Alias
1685 2708 1766 2735 deest

971 2745 987 2776 Il‘
999 2743 1054 2762 ars.
1076 2745 1085 2761 ι
1107 2735 1189 2776 Dattlo
1218 2741 1279 2775 post
1304 2745 1381 2765 mss"
1399 2746 1408 2761 ε
1429 2739 1516 2776 ipsum
1543 2747 1592 2772 per
1618 2748 1649 2768 se
1672 2743 1765 2776 ipsum

970 2770 1063 2798 Deum.
1086 2780 1094 2796 ι
1108 2771 1191 2802 Alias,
1208 2779 1216 2795 t
1233 2770 1318 2804 ipsum
1335 2779 1382 2804 per
1395 2779 1423 2799 se
1443 2770 1566 2799 Deutnfi
