  <div class='ocr_page' id='page_1' title='image "/cluster/home/n/w/nwhite01/storage/ocr_20150623/11/njp.32101077772414/072.png"; bbox 0 0 1883 3072; ppageno 0'>
   <div class='ocr_carea' id='block_1_1' title="bbox 134 118 186 146">
    <p class='ocr_par' dir='ltr' id='par_1_1' title="bbox 134 118 186 146">
     <span class='ocr_line' id='line_1_1' title="bbox 134 118 186 146; baseline 0 0"><span class='ocrx_word' id='word_1_1' title='bbox 134 118 186 146; x_wconf 71' lang='grc'><strong>125</strong></span> 
     </span>
    </p>
   </div>
   <div class='ocr_carea' id='block_1_2' title="bbox 829 119 1087 149">
    <p class='ocr_par' dir='ltr' id='par_1_2' title="bbox 829 119 1087 149">
     <span class='ocr_line' id='line_1_2' title="bbox 829 119 1087 149; baseline 0.004 -2"><span class='ocrx_word' id='word_1_2' title='bbox 829 120 930 149; x_wconf 79' lang='lat' dir='ltr'><strong>LIBER</strong></span> <span class='ocrx_word' id='word_1_3' title='bbox 947 119 1087 149; x_wconf 78' lang='lat' dir='ltr'><strong>PRIMUS.</strong></span> 
     </span>
    </p>
   </div>
   <div class='ocr_carea' id='block_1_3' title="bbox 1707 122 1757 150">
    <p class='ocr_par' dir='ltr' id='par_1_3' title="bbox 1707 122 1757 150">
     <span class='ocr_line' id='line_1_3' title="bbox 1707 122 1757 150; baseline -0.02 0"><span class='ocrx_word' id='word_1_4' title='bbox 1707 122 1757 150; x_wconf 67' lang='grc' dir='ltr'><strong>ηε</strong></span> 
     </span>
    </p>
   </div>
   <div class='ocr_carea' id='block_1_4' title="bbox 136 177 1760 215">
    <p class='ocr_par' dir='ltr' id='par_1_4' title="bbox 136 177 1760 215">
     <span class='ocr_line' id='line_1_4' title="bbox 136 177 1760 215; baseline 0 -11"><span class='ocrx_word' id='word_1_5' title='bbox 136 183 323 205; x_wconf 75' lang='lat' dir='ltr'><strong>creaturarum</strong></span> <span class='ocrx_word' id='word_1_6' title='bbox 341 182 479 212; x_wconf 79' lang='lat' dir='ltr'><strong>parentem</strong></span> <span class='ocrx_word' id='word_1_7' title='bbox 500 177 681 206; x_wconf 85' lang='lat' dir='ltr'><strong>universitatis</strong></span> <span class='ocrx_word' id='word_1_8' title='bbox 705 179 841 215; x_wconf 78' lang='lat' dir='ltr'><strong>intelligit.</strong></span> <span class='ocrx_word' id='word_1_9' title='bbox 865 179 922 207; x_wconf 87' lang='lat' dir='ltr'><strong>Non</strong></span> <span class='ocrx_word' id='word_1_10' title='bbox 938 182 959 210; x_wconf 77' lang='grc' dir='ltr'>Α</span> <span class='ocrx_word' id='word_1_11' title='bbox 976 179 1056 214; x_wconf 78' lang='lat' dir='ltr'><strong>positi</strong></span> <span class='ocrx_word' id='word_1_12' title='bbox 1086 177 1207 206; x_wconf 88' lang='lat' dir='ltr'><strong>febribus</strong></span> <span class='ocrx_word' id='word_1_13' title='bbox 1236 183 1408 213; x_wconf 70' lang='lat' dir='ltr'><strong>urgeantur:</strong></span> <span class='ocrx_word' id='word_1_14' title='bbox 1441 186 1555 213; x_wconf 87' lang='lat' dir='ltr'><strong>quorum</strong></span> <span class='ocrx_word' id='word_1_15' title='bbox 1587 183 1690 205; x_wconf 89' lang='lat' dir='ltr'><strong>certum</strong></span> <span class='ocrx_word' id='word_1_16' title='bbox 1718 183 1760 204; x_wconf 72' lang='lat' dir='ltr'><strong>cst</strong></span> 
     </span>
    </p>
   </div>
   <div class='ocr_carea' id='block_1_5' title="bbox 137 224 922 260">
    <p class='ocr_par' dir='ltr' id='par_1_5' title="bbox 137 224 922 260">
     <span class='ocr_line' id='line_1_5' title="bbox 137 224 922 260; baseline 0.004 -12"><span class='ocrx_word' id='word_1_17' title='bbox 137 231 200 258; x_wconf 71' lang='lat' dir='ltr'><strong>ergo</strong></span> <span class='ocrx_word' id='word_1_18' title='bbox 215 228 261 249; x_wconf 87' lang='lat' dir='ltr'><strong>aut</strong></span> <span class='ocrx_word' id='word_1_19' title='bbox 277 231 378 258; x_wconf 88' lang='lat' dir='ltr'><strong>corpus</strong></span> <span class='ocrx_word' id='word_1_20' title='bbox 393 224 510 257; x_wconf 88' lang='lat' dir='ltr'><strong>aliquod,</strong></span> <span class='ocrx_word' id='word_1_21' title='bbox 526 229 572 251; x_wconf 89' lang='lat' dir='ltr'><strong>aut</strong></span> <span class='ocrx_word' id='word_1_22' title='bbox 588 224 614 250; x_wconf 94' lang='lat' dir='ltr'><strong>in</strong></span> <span class='ocrx_word' id='word_1_23' title='bbox 624 232 737 259; x_wconf 88' lang='lat' dir='ltr'><strong>corpore</strong></span> <span class='ocrx_word' id='word_1_24' title='bbox 751 232 811 253; x_wconf 89' lang='lat' dir='ltr'><strong>esse</strong></span> <span class='ocrx_word' id='word_1_25' title='bbox 825 230 922 260; x_wconf 86' lang='lat' dir='ltr'><strong>putan-</strong></span> 
     </span>
    </p>
   </div>
   <div class='ocr_carea' id='block_1_6' title="bbox 138 269 923 305">
    <p class='ocr_par' dir='ltr' id='par_1_6' title="bbox 138 269 923 305">
     <span class='ocr_line' id='line_1_6' title="bbox 138 269 923 305; baseline 0.005 -10"><span class='ocrx_word' id='word_1_26' title='bbox 138 269 189 296; x_wconf 86' lang='lat' dir='ltr'><strong>dus</strong></span> <span class='ocrx_word' id='word_1_27' title='bbox 210 274 249 296; x_wconf 89' lang='lat' dir='ltr'><strong>est</strong></span> <span class='ocrx_word' id='word_1_28' title='bbox 274 270 357 301; x_wconf 86' lang='lat' dir='ltr'><strong>Deus,</strong></span> <span class='ocrx_word' id='word_1_29' title='bbox 387 271 433 297; x_wconf 89' lang='lat' dir='ltr'><strong>sed</strong></span> <span class='ocrx_word' id='word_1_30' title='bbox 461 270 649 298; x_wconf 88' lang='lat' dir='ltr'><strong>intellectualis</strong></span> <span class='ocrx_word' id='word_1_31' title='bbox 679 276 773 298; x_wconf 86' lang='lat' dir='ltr'><strong>natura</strong></span> <span class='ocrx_word' id='word_1_32' title='bbox 797 271 923 305; x_wconf 85' lang='lat' dir='ltr'><strong>simplex,</strong></span> 
     </span>
    </p>
   </div>
   <div class='ocr_carea' id='block_1_7' title="bbox 139 316 924 351">
    <p class='ocr_par' dir='ltr' id='par_1_7' title="bbox 139 316 924 351">
     <span class='ocr_line' id='line_1_7' title="bbox 139 316 924 351; baseline 0.005 -9"><span class='ocrx_word' id='word_1_33' title='bbox 139 316 206 343; x_wconf 82' lang='lat' dir='ltr'><strong>nihil</strong></span> <span class='ocrx_word' id='word_1_34' title='bbox 226 316 336 343; x_wconf 90' lang='lat' dir='ltr'><strong>omnino</strong></span> <span class='ocrx_word' id='word_1_35' title='bbox 354 317 380 344; x_wconf 94' lang='lat' dir='ltr'><strong>in</strong></span> <span class='ocrx_word' id='word_1_36' title='bbox 402 325 431 345; x_wconf 86' lang='lat' dir='ltr'><strong>se</strong></span> <span class='ocrx_word' id='word_1_37' title='bbox 452 317 635 351; x_wconf 86' lang='lat' dir='ltr'><strong>adjunctionis</strong></span> <span class='ocrx_word' id='word_1_38' title='bbox 652 318 812 350; x_wconf 79' lang='lat' dir='ltr'><strong>admittens;</strong></span> <span class='ocrx_word' id='word_1_39' title='bbox 828 319 866 346; x_wconf 87' lang='lat' dir='ltr'><strong>uti</strong></span> <span class='ocrx_word' id='word_1_40' title='bbox 891 326 924 346; x_wconf 87' lang='lat' dir='ltr'><strong>ne</strong></span> 
     </span>
    </p>
   </div>
   <div class='ocr_carea' id='block_1_8' title="bbox 139 361 924 396">
    <p class='ocr_par' dir='ltr' id='par_1_8' title="bbox 139 361 924 396">
     <span class='ocr_line' id='line_1_8' title="bbox 139 361 924 396; baseline 0.004 -9"><span class='ocrx_word' id='word_1_41' title='bbox 139 361 225 394; x_wconf 82' lang='lat' dir='ltr'><strong>majus</strong></span> <span class='ocrx_word' id='word_1_42' title='bbox 242 361 342 396; x_wconf 86' lang='lat' dir='ltr'><strong>aliquid</strong></span> <span class='ocrx_word' id='word_1_43' title='bbox 367 367 394 390; x_wconf 93' lang='lat' dir='ltr'><strong>et</strong></span> <span class='ocrx_word' id='word_1_44' title='bbox 424 362 536 389; x_wconf 86' lang='lat' dir='ltr'><strong>inferius</strong></span> <span class='ocrx_word' id='word_1_45' title='bbox 564 362 590 389; x_wconf 93' lang='lat' dir='ltr'><strong>in</strong></span> <span class='ocrx_word' id='word_1_46' title='bbox 612 371 642 390; x_wconf 87' lang='lat' dir='ltr'><strong>se</strong></span> <span class='ocrx_word' id='word_1_47' title='bbox 670 363 768 391; x_wconf 86' lang='lat' dir='ltr'><strong>habere</strong></span> <span class='ocrx_word' id='word_1_48' title='bbox 788 364 924 396; x_wconf 81' lang='lat' dir='ltr'><strong>credatur,</strong></span> 
     </span>
    </p>
   </div>
   <div class='ocr_carea' id='block_1_9' title="bbox 138 407 925 444">
    <p class='ocr_par' dir='ltr' id='par_1_9' title="bbox 138 407 925 444">
     <span class='ocr_line' id='line_1_9' title="bbox 138 407 925 444; baseline 0.005 -11"><span class='ocrx_word' id='word_1_49' title='bbox 138 407 186 433; x_wconf 84' lang='lat' dir='ltr'><strong>sed</strong></span> <span class='ocrx_word' id='word_1_50' title='bbox 212 410 241 434; x_wconf 92' lang='lat' dir='ltr'><strong>ut</strong></span> <span class='ocrx_word' id='word_1_51' title='bbox 256 408 292 434; x_wconf 90' lang='lat' dir='ltr'><strong>sit</strong></span> <span class='ocrx_word' id='word_1_52' title='bbox 312 415 344 435; x_wconf 82' lang='lat' dir='ltr'><strong>ex</strong></span> <span class='ocrx_word' id='word_1_53' title='bbox 369 409 441 435; x_wconf 89' lang='lat' dir='ltr'><strong>omni</strong></span> <span class='ocrx_word' id='word_1_54' title='bbox 469 413 546 443; x_wconf 90' lang='lat' dir='ltr'><strong>parte</strong></span> <span class='ocrx_word' id='word_1_55' title='bbox 571 409 665 444; x_wconf 79' lang='grc' dir='ltr'><strong>μονάς,</strong></span> <span class='ocrx_word' id='word_1_56' title='bbox 682 413 709 436; x_wconf 91' lang='lat' dir='ltr'><strong>et</strong></span> <span class='ocrx_word' id='word_1_57' title='bbox 729 414 758 436; x_wconf 92' lang='grc' dir='ltr'><strong>ιιι</strong></span> <span class='ocrx_word' id='word_1_58' title='bbox 776 409 811 437; x_wconf 92' lang='lat' dir='ltr'><strong>ita</strong></span> <span class='ocrx_word' id='word_1_59' title='bbox 837 410 925 437; x_wconf 84' lang='lat' dir='ltr'><strong>dicam</strong></span> 
     </span>
    </p>
   </div>
   <div class='ocr_carea' id='block_1_10' title="bbox 138 452 926 490">
    <p class='ocr_par' dir='ltr' id='par_1_10' title="bbox 138 452 926 490">
     <span class='ocr_line' id='line_1_10' title="bbox 138 452 926 490; baseline 0.008 -13"><span class='ocrx_word' id='word_1_60' title='bbox 138 452 213 484; x_wconf 66' lang='grc' dir='ltr'><strong>ἂνάς,</strong></span> <span class='ocrx_word' id='word_1_61' title='bbox 236 457 263 479; x_wconf 86' lang='lat' dir='ltr'><strong>et</strong></span> <span class='ocrx_word' id='word_1_62' title='bbox 286 460 362 480; x_wconf 90' lang='lat' dir='ltr'><strong>mens</strong></span> <span class='ocrx_word' id='word_1_63' title='bbox 384 453 452 489; x_wconf 72' lang='grc'>(84),</span> <span class='ocrx_word' id='word_1_64' title='bbox 467 462 499 483; x_wconf 88' lang='lat' dir='ltr'><strong>ac</strong></span> <span class='ocrx_word' id='word_1_65' title='bbox 518 456 577 484; x_wconf 90' lang='lat' dir='ltr'><strong>fons</strong></span> <span class='ocrx_word' id='word_1_66' title='bbox 590 463 622 483; x_wconf 85' lang='lat' dir='ltr'><strong>ex</strong></span> <span class='ocrx_word' id='word_1_67' title='bbox 642 463 695 490; x_wconf 87' lang='lat' dir='ltr'><strong>quo</strong></span> <span class='ocrx_word' id='word_1_68' title='bbox 713 455 817 482; x_wconf 90' lang='lat' dir='ltr'><strong>initium</strong></span> <span class='ocrx_word' id='word_1_69' title='bbox 845 456 926 483; x_wconf 81' lang='lat' dir='ltr'><strong>latius</strong></span> 
     </span>
    </p>
   </div>
   <div class='ocr_carea' id='block_1_11' title="bbox 140 498 926 529">
    <p class='ocr_par' dir='ltr' id='par_1_11' title="bbox 140 498 926 529">
     <span class='ocr_line' id='line_1_11' title="bbox 140 498 926 529; baseline 0.005 -6"><span class='ocrx_word' id='word_1_70' title='bbox 140 498 330 526; x_wconf 77' lang='lat' dir='ltr'><strong>intellectualis</strong></span> <span class='ocrx_word' id='word_1_71' title='bbox 346 503 447 526; x_wconf 71' lang='lat' dir='ltr'><strong>natura:</strong></span> <span class='ocrx_word' id='word_1_72' title='bbox 470 500 512 527; x_wconf 88' lang='lat' dir='ltr'><strong>vel</strong></span> <span class='ocrx_word' id='word_1_73' title='bbox 533 502 630 528; x_wconf 87' lang='lat' dir='ltr'><strong>mentis</strong></span> <span class='ocrx_word' id='word_1_74' title='bbox 652 506 702 528; x_wconf 88' lang='lat' dir='ltr'><strong>est.</strong></span> <span class='ocrx_word' id='word_1_75' title='bbox 721 500 795 527; x_wconf 85' lang='lat' dir='ltr'><strong>Mens</strong></span> <span class='ocrx_word' id='word_1_76' title='bbox 806 509 870 529; x_wconf 84' lang='lat' dir='ltr'><strong>vero</strong></span> <span class='ocrx_word' id='word_1_77' title='bbox 897 506 926 528; x_wconf 91' lang='lat' dir='ltr'><strong>ut</strong></span> 
     </span>
    </p>
   </div>
   <div class='ocr_carea' id='block_1_12' title="bbox 139 543 919 581">
    <p class='ocr_par' dir='ltr' id='par_1_12' title="bbox 139 543 919 581">
     <span class='ocr_line' id='line_1_12' title="bbox 139 543 919 581; baseline 0.005 -12"><span class='ocrx_word' id='word_1_78' title='bbox 139 548 282 571; x_wconf 83' lang='lat' dir='ltr'><strong>moveatur</strong></span> <span class='ocrx_word' id='word_1_79' title='bbox 301 543 341 570; x_wconf 86' lang='lat' dir='ltr'><strong>vel</strong></span> <span class='ocrx_word' id='word_1_80' title='bbox 354 549 489 578; x_wconf 83' lang='lat' dir='ltr'><strong>operetur,</strong></span> <span class='ocrx_word' id='word_1_81' title='bbox 509 554 559 573; x_wconf 92' lang='lat' dir='ltr'><strong>non</strong></span> <span class='ocrx_word' id='word_1_82' title='bbox 577 546 677 581; x_wconf 78' lang='lat' dir='ltr'><strong>indiget</strong></span> <span class='ocrx_word' id='word_1_83' title='bbox 694 545 751 573; x_wconf 89' lang='lat' dir='ltr'><strong>loco</strong></span> <span class='ocrx_word' id='word_1_84' title='bbox 774 553 919 579; x_wconf 89' lang='lat' dir='ltr'><strong>corporeo,</strong></span> 
     </span>
    </p>
   </div>
   <div class='ocr_carea' id='block_1_13' title="bbox 141 588 925 624">
    <p class='ocr_par' dir='ltr' id='par_1_13' title="bbox 141 588 925 624">
     <span class='ocr_line' id='line_1_13' title="bbox 141 588 925 624; baseline 0.003 -10"><span class='ocrx_word' id='word_1_85' title='bbox 141 595 230 621; x_wconf 76' lang='lat' dir='ltr'><strong>neque</strong></span> <span class='ocrx_word' id='word_1_86' title='bbox 244 588 365 615; x_wconf 87' lang='lat' dir='ltr'><strong>sensibili</strong></span> <span class='ocrx_word' id='word_1_87' title='bbox 380 589 573 623; x_wconf 75' lang='lat' dir='ltr'><strong>magnitudine.</strong></span> <span class='ocrx_word' id='word_1_88' title='bbox 591 591 632 617; x_wconf 85' lang='lat' dir='ltr'><strong>vel</strong></span> <span class='ocrx_word' id='word_1_89' title='bbox 654 591 788 624; x_wconf 88' lang='lat' dir='ltr'><strong>corporali</strong></span> <span class='ocrx_word' id='word_1_90' title='bbox 821 591 925 622; x_wconf 87' lang='lat' dir='ltr'><strong>habitu,</strong></span> 
     </span>
    </p>
   </div>
   <div class='ocr_carea' id='block_1_14' title="bbox 140 633 926 671">
    <p class='ocr_par' dir='ltr' id='par_1_14' title="bbox 140 633 926 671">
     <span class='ocr_line' id='line_1_14' title="bbox 140 633 926 671; baseline 0.006 -13"><span class='ocrx_word' id='word_1_91' title='bbox 140 637 187 659; x_wconf 86' lang='lat' dir='ltr'><strong>aut</strong></span> <span class='ocrx_word' id='word_1_92' title='bbox 201 633 304 664; x_wconf 78' lang='lat' dir='ltr'><strong>Colore.</strong></span> <span class='ocrx_word' id='word_1_93' title='bbox 323 641 409 667; x_wconf 88' lang='lat' dir='ltr'><strong>neque</strong></span> <span class='ocrx_word' id='word_1_94' title='bbox 432 634 485 661; x_wconf 91' lang='lat' dir='ltr'><strong>alio</strong></span> <span class='ocrx_word' id='word_1_95' title='bbox 509 635 563 661; x_wconf 86' lang='lat' dir='ltr'><strong>ullo</strong></span> <span class='ocrx_word' id='word_1_96' title='bbox 576 643 688 667; x_wconf 75' lang='lat' dir='ltr'><strong>prorsus</strong></span> <span class='ocrx_word' id='word_1_97' title='bbox 713 636 816 671; x_wconf 80' lang='lat' dir='ltr'><strong>indiget</strong></span> <span class='ocrx_word' id='word_1_98' title='bbox 831 637 926 663; x_wconf 91' lang='lat' dir='ltr'><strong>borum</strong></span> 
     </span>
    </p>
   </div>
   <div class='ocr_carea' id='block_1_15' title="bbox 139 679 929 716">
    <p class='ocr_par' dir='ltr' id='par_1_15' title="bbox 139 679 929 716">
     <span class='ocr_line' id='line_1_15' title="bbox 139 679 929 716; baseline 0.008 -13"><span class='ocrx_word' id='word_1_99' title='bbox 139 685 201 712; x_wconf 68' lang='lat' dir='ltr'><strong>qtae</strong></span> <span class='ocrx_word' id='word_1_100' title='bbox 218 679 341 713; x_wconf 89' lang='lat' dir='ltr'><strong>corporis</strong></span> <span class='ocrx_word' id='word_1_101' title='bbox 358 679 398 706; x_wconf 97' lang='lat' dir='ltr'><strong>vel</strong></span> <span class='ocrx_word' id='word_1_102' title='bbox 423 680 541 707; x_wconf 71' lang='lat' dir='ltr'><strong>materiae</strong></span> <span class='ocrx_word' id='word_1_103' title='bbox 562 681 668 714; x_wconf 88' lang='lat' dir='ltr'><strong>propria</strong></span> <span class='ocrx_word' id='word_1_104' title='bbox 694 686 756 708; x_wconf 88' lang='lat' dir='ltr'><strong>sunt</strong></span> <span class='ocrx_word' id='word_1_105' title='bbox 779 681 846 716; x_wconf 82' lang='grc'>(85).</span> <span class='ocrx_word' id='word_1_106' title='bbox 862 682 929 709; x_wconf 88' lang='lat' dir='ltr'><strong>Pro-</strong></span> 
     </span>
    </p>
   </div>
   <div class='ocr_carea' id='block_1_16' title="bbox 141 724 927 760">
    <p class='ocr_par' dir='ltr' id='par_1_16' title="bbox 141 724 927 760">
     <span class='ocr_line' id='line_1_16' title="bbox 141 724 927 760; baseline 0.008 -11"><span class='ocrx_word' id='word_1_107' title='bbox 141 729 203 757; x_wconf 84' lang='lat' dir='ltr'><strong>pter</strong></span> <span class='ocrx_word' id='word_1_108' title='bbox 217 725 290 758; x_wconf 90' lang='lat' dir='ltr'><strong>quod</strong></span> <span class='ocrx_word' id='word_1_109' title='bbox 307 729 401 752; x_wconf 87' lang='lat' dir='ltr'><strong>natura</strong></span> <span class='ocrx_word' id='word_1_110' title='bbox 423 724 466 752; x_wconf 87' lang='lat' dir='ltr'><strong>illa</strong></span> <span class='ocrx_word' id='word_1_111' title='bbox 489 725 602 760; x_wconf 73' lang='lat' dir='ltr'><strong>simplex</strong></span> <span class='ocrx_word' id='word_1_112' title='bbox 619 731 645 752; x_wconf 88' lang='lat' dir='ltr'><strong>et</strong></span> <span class='ocrx_word' id='word_1_113' title='bbox 660 731 715 753; x_wconf 87' lang='lat' dir='ltr'><strong>tota</strong></span> <span class='ocrx_word' id='word_1_114' title='bbox 731 734 806 754; x_wconf 90' lang='lat' dir='ltr'><strong>meus</strong></span> <span class='ocrx_word' id='word_1_115' title='bbox 821 732 850 754; x_wconf 93' lang='lat' dir='ltr'><strong>ut</strong></span> <span class='ocrx_word' id='word_1_116' title='bbox 869 735 927 754; x_wconf 92' lang='lat' dir='ltr'><strong>mo-</strong></span> 
     </span>
    </p>
   </div>
   <div class='ocr_carea' id='block_1_17' title="bbox 139 770 929 805">
    <p class='ocr_par' dir='ltr' id='par_1_17' title="bbox 139 770 929 805">
     <span class='ocr_line' id='line_1_17' title="bbox 139 770 929 805; baseline 0.005 -9"><span class='ocrx_word' id='word_1_117' title='bbox 139 775 238 797; x_wconf 89' lang='lat' dir='ltr'><strong>veatur</strong></span> <span class='ocrx_word' id='word_1_118' title='bbox 254 771 294 797; x_wconf 87' lang='lat' dir='ltr'><strong>vel</strong></span> <span class='ocrx_word' id='word_1_119' title='bbox 310 775 438 804; x_wconf 88' lang='lat' dir='ltr'><strong>operetur</strong></span> <span class='ocrx_word' id='word_1_120' title='bbox 447 770 559 805; x_wconf 87' lang='lat' dir='ltr'><strong>aliquid,</strong></span> <span class='ocrx_word' id='word_1_121' title='bbox 571 771 638 797; x_wconf 87' lang='lat' dir='ltr'><strong>nihil</strong></span> <span class='ocrx_word' id='word_1_122' title='bbox 654 771 792 799; x_wconf 80' lang='lat' dir='ltr'><strong>dilationis</strong></span> <span class='ocrx_word' id='word_1_123' title='bbox 804 777 850 798; x_wconf 89' lang='lat' dir='ltr'><strong>aut</strong></span> <span class='ocrx_word' id='word_1_124' title='bbox 863 780 929 800; x_wconf 91' lang='lat' dir='ltr'><strong>cun-</strong></span> 
     </span>
    </p>
   </div>
   <div class='ocr_carea' id='block_1_18' title="bbox 141 815 930 850">
    <p class='ocr_par' dir='ltr' id='par_1_18' title="bbox 141 815 930 850">
     <span class='ocr_line' id='line_1_18' title="bbox 141 815 930 850; baseline 0.005 -10"><span class='ocrx_word' id='word_1_125' title='bbox 141 815 270 842; x_wconf 85' lang='lat' dir='ltr'><strong>ctationis</strong></span> <span class='ocrx_word' id='word_1_126' title='bbox 289 815 389 842; x_wconf 86' lang='lat' dir='ltr'><strong>habere</strong></span> <span class='ocrx_word' id='word_1_127' title='bbox 416 819 514 849; x_wconf 84' lang='lat' dir='ltr'><strong>potest,</strong></span> <span class='ocrx_word' id='word_1_128' title='bbox 539 822 571 842; x_wconf 92' lang='lat' dir='ltr'><strong>ne</strong></span> <span class='ocrx_word' id='word_1_129' title='bbox 595 823 642 850; x_wconf 89' lang='lat' dir='ltr'><strong>per</strong></span> <span class='ocrx_word' id='word_1_130' title='bbox 663 815 814 850; x_wconf 86' lang='lat' dir='ltr'><strong>bujusmodi</strong></span> <span class='ocrx_word' id='word_1_131' title='bbox 834 817 930 850; x_wconf 85' lang='lat' dir='ltr'><strong>adiun-</strong></span> 
     </span>
    </p>
   </div>
   <div class='ocr_carea' id='block_1_19' title="bbox 142 851 966 895">
    <p class='ocr_par' dir='ltr' id='par_1_19' title="bbox 142 851 966 895">
     <span class='ocr_line' id='line_1_19' title="bbox 142 851 966 895; baseline 0.004 -9"><span class='ocrx_word' id='word_1_132' title='bbox 142 859 264 886; x_wconf 82' lang='lat' dir='ltr'><strong>ctionem</strong></span> <span class='ocrx_word' id='word_1_133' title='bbox 277 858 465 886; x_wconf 84' lang='lat' dir='ltr'><strong>circumscribi</strong></span> <span class='ocrx_word' id='word_1_134' title='bbox 481 859 521 886; x_wconf 84' lang='lat' dir='ltr'><strong>vel</strong></span> <span class='ocrx_word' id='word_1_135' title='bbox 531 859 645 888; x_wconf 88' lang='lat' dir='ltr'><strong>inhiberi</strong></span> <span class='ocrx_word' id='word_1_136' title='bbox 662 861 831 895; x_wconf 78' lang='lat' dir='ltr'><strong>aliquatenus</strong></span> <span class='ocrx_word' id='word_1_137' title='bbox 843 862 930 889; x_wconf 84' lang='lat' dir='ltr'><strong>videa-</strong></span> <span class='ocrx_word' id='word_1_138' title='bbox 947 851 966 879; x_wconf 74' lang='grc' dir='ltr'><strong><em>Β</em></strong></span> 
     </span>
    </p>
   </div>
   <div class='ocr_carea' id='block_1_20' title="bbox 143 905 930 941">
    <p class='ocr_par' dir='ltr' id='par_1_20' title="bbox 143 905 930 941">
     <span class='ocr_line' id='line_1_20' title="bbox 143 905 930 941; baseline 0.005 -10"><span class='ocrx_word' id='word_1_139' title='bbox 143 912 187 932; x_wconf 85' lang='grc' dir='ltr'>ιιιι·</span> <span class='ocrx_word' id='word_1_140' title='bbox 212 906 308 933; x_wconf 79' lang='lat' dir='ltr'><strong>divina:</strong></span> <span class='ocrx_word' id='word_1_141' title='bbox 331 910 433 933; x_wconf 68' lang='lat' dir='ltr'><strong>natura:</strong></span> <span class='ocrx_word' id='word_1_142' title='bbox 460 905 632 940; x_wconf 86' lang='lat' dir='ltr'><strong>simplicitas.</strong></span> <span class='ocrx_word' id='word_1_143' title='bbox 657 907 694 933; x_wconf 91' lang='lat' dir='ltr'><strong>uti</strong></span> <span class='ocrx_word' id='word_1_144' title='bbox 722 914 755 933; x_wconf 88' lang='lat' dir='ltr'><strong>ne</strong></span> <span class='ocrx_word' id='word_1_145' title='bbox 788 909 860 941; x_wconf 91' lang='lat' dir='ltr'><strong>quod</strong></span> <span class='ocrx_word' id='word_1_146' title='bbox 890 912 930 935; x_wconf 91' lang='lat' dir='ltr'><strong>cst</strong></span> 
     </span>
    </p>
   </div>
   <div class='ocr_carea' id='block_1_21' title="bbox 143 950 931 986">
    <p class='ocr_par' dir='ltr' id='par_1_21' title="bbox 143 950 931 986">
     <span class='ocr_line' id='line_1_21' title="bbox 143 950 931 986; baseline 0.005 -11"><span class='ocrx_word' id='word_1_147' title='bbox 143 951 304 984; x_wconf 68' lang='lat' dir='ltr'><strong>principium</strong></span> <span class='ocrx_word' id='word_1_148' title='bbox 320 950 375 985; x_wconf 84' lang='lat'><strong>(86)</strong></span> <span class='ocrx_word' id='word_1_149' title='bbox 390 951 521 983; x_wconf 90' lang='lat' dir='ltr'><strong>omnium,</strong></span> <span class='ocrx_word' id='word_1_150' title='bbox 534 952 713 986; x_wconf 89' lang='lat' dir='ltr'><strong>compositum</strong></span> <span class='ocrx_word' id='word_1_151' title='bbox 732 951 886 979; x_wconf 86' lang='lat' dir='ltr'><strong>inveniatur</strong></span> <span class='ocrx_word' id='word_1_152' title='bbox 903 957 931 980; x_wconf 85' lang='lat' dir='ltr'><strong>et</strong></span> 
     </span>
    </p>
   </div>
   <div class='ocr_carea' id='block_1_22' title="bbox 143 996 932 1032">
    <p class='ocr_par' dir='ltr' id='par_1_22' title="bbox 143 996 932 1032">
     <span class='ocr_line' id='line_1_22' title="bbox 143 996 932 1032; baseline 0.003 -10"><span class='ocrx_word' id='word_1_153' title='bbox 143 997 292 1025; x_wconf 71' lang='lat' dir='ltr'><strong>diversum.</strong></span> <span class='ocrx_word' id='word_1_154' title='bbox 305 1001 332 1023; x_wconf 71' lang='lat' dir='ltr'><strong>et</strong></span> <span class='ocrx_word' id='word_1_155' title='bbox 347 996 382 1022; x_wconf 86' lang='lat' dir='ltr'><strong>sit</strong></span> <span class='ocrx_word' id='word_1_156' title='bbox 395 997 488 1028; x_wconf 88' lang='lat' dir='ltr'><strong>multa,</strong></span> <span class='ocrx_word' id='word_1_157' title='bbox 504 1005 556 1024; x_wconf 91' lang='lat' dir='ltr'><strong>non</strong></span> <span class='ocrx_word' id='word_1_158' title='bbox 572 1004 664 1028; x_wconf 86' lang='lat' dir='ltr'><strong>unum,</strong></span> <span class='ocrx_word' id='word_1_159' title='bbox 678 997 749 1031; x_wconf 90' lang='lat' dir='ltr'><strong>quod</strong></span> <span class='ocrx_word' id='word_1_160' title='bbox 772 1002 878 1032; x_wconf 90' lang='lat' dir='ltr'><strong>oportet</strong></span> <span class='ocrx_word' id='word_1_161' title='bbox 894 1001 932 1024; x_wconf 91' lang='lat' dir='ltr'><strong>to-</strong></span> 
     </span>
    </p>
   </div>
   <div class='ocr_carea' id='block_1_23' title="bbox 145 1041 930 1076">
    <p class='ocr_par' dir='ltr' id='par_1_23' title="bbox 145 1041 930 1076">
     <span class='ocr_line' id='line_1_23' title="bbox 145 1041 930 1076; baseline 0.001 -8"><span class='ocrx_word' id='word_1_162' title='bbox 145 1042 197 1068; x_wconf 87' lang='lat' dir='ltr'><strong>tius</strong></span> <span class='ocrx_word' id='word_1_163' title='bbox 213 1049 351 1076; x_wconf 75' lang='lat' dir='ltr'><strong>corporea:</strong></span> <span class='ocrx_word' id='word_1_164' title='bbox 371 1041 541 1069; x_wconf 87' lang='lat' dir='ltr'><strong>admistionis</strong></span> <span class='ocrx_word' id='word_1_165' title='bbox 553 1041 670 1069; x_wconf 82' lang='lat' dir='ltr'><strong>alienum</strong></span> <span class='ocrx_word' id='word_1_166' title='bbox 689 1050 740 1068; x_wconf 84' lang='lat' dir='ltr'><strong>tina</strong></span> <span class='ocrx_word' id='word_1_167' title='bbox 759 1042 828 1074; x_wconf 83' lang='lat' dir='ltr'><strong>sola,</strong></span> <span class='ocrx_word' id='word_1_168' title='bbox 847 1047 875 1069; x_wconf 92' lang='lat' dir='ltr'><strong>ut</strong></span> <span class='ocrx_word' id='word_1_169' title='bbox 893 1043 930 1069; x_wconf 92' lang='lat' dir='ltr'><strong>ita</strong></span> 
     </span>
    </p>
   </div>
   <div class='ocr_carea' id='block_1_24' title="bbox 144 1084 930 1120">
    <p class='ocr_par' dir='ltr' id='par_1_24' title="bbox 144 1084 930 1120">
     <span class='ocr_line' id='line_1_24' title="bbox 144 1084 930 1120; baseline 0.004 -10"><span class='ocrx_word' id='word_1_170' title='bbox 144 1084 269 1116; x_wconf 77' lang='lat' dir='ltr'><strong>dixerim,</strong></span> <span class='ocrx_word' id='word_1_171' title='bbox 287 1085 394 1112; x_wconf 86' lang='lat' dir='ltr'><strong>dettatis</strong></span> <span class='ocrx_word' id='word_1_172' title='bbox 407 1085 497 1120; x_wconf 90' lang='lat' dir='ltr'><strong>specie</strong></span> <span class='ocrx_word' id='word_1_173' title='bbox 511 1091 647 1114; x_wconf 85' lang='lat' dir='ltr'><strong>constare.</strong></span> <span class='ocrx_word' id='word_1_174' title='bbox 669 1085 735 1118; x_wconf 86' lang='lat' dir='ltr'><strong>Quia</strong></span> <span class='ocrx_word' id='word_1_175' title='bbox 750 1091 839 1113; x_wconf 86' lang='lat' dir='ltr'><strong>autent</strong></span> <span class='ocrx_word' id='word_1_176' title='bbox 854 1094 930 1114; x_wconf 90' lang='lat' dir='ltr'><strong>mens</strong></span> 
     </span>
    </p>
   </div>
   <div class='ocr_carea' id='block_1_25' title="bbox 146 1130 931 1164">
    <p class='ocr_par' dir='ltr' id='par_1_25' title="bbox 146 1130 931 1164">
     <span class='ocr_line' id='line_1_25' title="bbox 146 1130 931 1164; baseline 0.003 -8"><span class='ocrx_word' id='word_1_177' title='bbox 146 1138 198 1156; x_wconf 89' lang='lat' dir='ltr'><strong>non</strong></span> <span class='ocrx_word' id='word_1_178' title='bbox 212 1130 329 1164; x_wconf 77' lang='lat' dir='ltr'><strong>indigeat</strong></span> <span class='ocrx_word' id='word_1_179' title='bbox 342 1130 410 1163; x_wconf 92' lang='lat' dir='ltr'><strong>loco,</strong></span> <span class='ocrx_word' id='word_1_180' title='bbox 431 1136 458 1158; x_wconf 91' lang='lat' dir='ltr'><strong>ut</strong></span> <span class='ocrx_word' id='word_1_181' title='bbox 475 1131 622 1158; x_wconf 87' lang='lat' dir='ltr'><strong>secundum</strong></span> <span class='ocrx_word' id='word_1_182' title='bbox 642 1136 767 1158; x_wconf 89' lang='lat' dir='ltr'><strong>naturam</strong></span> <span class='ocrx_word' id='word_1_183' title='bbox 782 1139 858 1158; x_wconf 89' lang='lat' dir='ltr'><strong>suam</strong></span> <span class='ocrx_word' id='word_1_184' title='bbox 870 1138 931 1158; x_wconf 93' lang='lat' dir='ltr'><strong>mo-</strong></span> 
     </span>
    </p>
   </div>
   <div class='ocr_carea' id='block_1_26' title="bbox 146 1176 931 1207">
    <p class='ocr_par' dir='ltr' id='par_1_26' title="bbox 146 1176 931 1207">
     <span class='ocr_line' id='line_1_26' title="bbox 146 1176 931 1207; baseline 0.005 -7"><span class='ocrx_word' id='word_1_185' title='bbox 146 1180 250 1207; x_wconf 80' lang='lat' dir='ltr'><strong>veatur,</strong></span> <span class='ocrx_word' id='word_1_186' title='bbox 263 1181 365 1202; x_wconf 84' lang='lat' dir='ltr'><strong>certum</strong></span> <span class='ocrx_word' id='word_1_187' title='bbox 384 1180 424 1203; x_wconf 86' lang='lat' dir='ltr'><strong>est</strong></span> <span class='ocrx_word' id='word_1_188' title='bbox 438 1176 519 1203; x_wconf 90' lang='lat' dir='ltr'><strong>etiam</strong></span> <span class='ocrx_word' id='word_1_189' title='bbox 534 1184 566 1202; x_wconf 86' lang='lat' dir='ltr'><strong>ex</strong></span> <span class='ocrx_word' id='word_1_190' title='bbox 584 1181 683 1203; x_wconf 76' lang='lat' dir='ltr'><strong>nostrae</strong></span> <span class='ocrx_word' id='word_1_191' title='bbox 695 1177 792 1204; x_wconf 91' lang='lat' dir='ltr'><strong>mentis</strong></span> <span class='ocrx_word' id='word_1_192' title='bbox 809 1182 931 1204; x_wconf 91' lang='lat' dir='ltr'><strong>contem-</strong></span> 
     </span>
    </p>
   </div>
   <div class='ocr_carea' id='block_1_27' title="bbox 145 1220 929 1256">
    <p class='ocr_par' dir='ltr' id='par_1_27' title="bbox 145 1220 929 1256">
     <span class='ocr_line' id='line_1_27' title="bbox 145 1220 929 1256; baseline 0.004 -10"><span class='ocrx_word' id='word_1_193' title='bbox 145 1220 338 1256; x_wconf 86' lang='lat' dir='ltr'><strong>platioue(87).</strong></span> <span class='ocrx_word' id='word_1_194' title='bbox 351 1221 412 1248; x_wconf 65' lang='lat' dir='ltr'><strong>llaec</strong></span> <span class='ocrx_word' id='word_1_195' title='bbox 426 1222 496 1248; x_wconf 91' lang='lat' dir='ltr'><strong>enim</strong></span> <span class='ocrx_word' id='word_1_196' title='bbox 511 1223 532 1248; x_wconf 92' lang='lat' dir='ltr'><strong>si</strong></span> <span class='ocrx_word' id='word_1_197' title='bbox 548 1222 573 1248; x_wconf 90' lang='lat' dir='ltr'><strong>in</strong></span> <span class='ocrx_word' id='word_1_198' title='bbox 585 1229 633 1248; x_wconf 89' lang='lat' dir='ltr'><strong>sua</strong></span> <span class='ocrx_word' id='word_1_199' title='bbox 648 1230 772 1249; x_wconf 85' lang='lat' dir='ltr'><strong>mensura</strong></span> <span class='ocrx_word' id='word_1_200' title='bbox 787 1223 929 1256; x_wconf 83' lang='lat' dir='ltr'><strong>consistat,</strong></span> 
     </span>
    </p>
   </div>
   <div class='ocr_carea' id='block_1_28' title="bbox 146 1266 930 1302">
    <p class='ocr_par' dir='ltr' id='par_1_28' title="bbox 146 1266 930 1302">
     <span class='ocr_line' id='line_1_28' title="bbox 146 1266 930 1302; baseline 0.004 -9"><span class='ocrx_word' id='word_1_201' title='bbox 146 1273 196 1293; x_wconf 89' lang='lat' dir='ltr'><strong>nec</strong></span> <span class='ocrx_word' id='word_1_202' title='bbox 211 1274 245 1293; x_wconf 81' lang='lat' dir='ltr'><strong>ex</strong></span> <span class='ocrx_word' id='word_1_203' title='bbox 258 1266 378 1301; x_wconf 86' lang='lat' dir='ltr'><strong>qualibet</strong></span> <span class='ocrx_word' id='word_1_204' title='bbox 392 1275 472 1294; x_wconf 85' lang='lat' dir='ltr'><strong>causa</strong></span> <span class='ocrx_word' id='word_1_205' title='bbox 489 1267 589 1302; x_wconf 88' lang='lat' dir='ltr'><strong>aliquid</strong></span> <span class='ocrx_word' id='word_1_206' title='bbox 606 1268 629 1293; x_wconf 87' lang='lat' dir='ltr'><strong>ei</strong></span> <span class='ocrx_word' id='word_1_207' title='bbox 646 1268 797 1295; x_wconf 91' lang='lat' dir='ltr'><strong>obtusionis</strong></span> <span class='ocrx_word' id='word_1_208' title='bbox 813 1269 930 1302; x_wconf 81' lang='lat' dir='ltr'><strong>eveniat,</strong></span> 
     </span>
    </p>
   </div>
   <div class='ocr_carea' id='block_1_29' title="bbox 146 1312 930 1347">
    <p class='ocr_par' dir='ltr' id='par_1_29' title="bbox 146 1312 930 1347">
     <span class='ocr_line' id='line_1_29' title="bbox 146 1312 930 1347; baseline 0.006 -10"><span class='ocrx_word' id='word_1_209' title='bbox 146 1312 212 1338; x_wconf 85' lang='lat' dir='ltr'><strong>nihil</strong></span> <span class='ocrx_word' id='word_1_210' title='bbox 239 1319 356 1346; x_wconf 83' lang='lat' dir='ltr'><strong>unquam</strong></span> <span class='ocrx_word' id='word_1_211' title='bbox 384 1320 417 1339; x_wconf 81' lang='lat' dir='ltr'><strong>ex</strong></span> <span class='ocrx_word' id='word_1_212' title='bbox 442 1312 560 1339; x_wconf 83' lang='lat' dir='ltr'><strong>locorum</strong></span> <span class='ocrx_word' id='word_1_213' title='bbox 584 1313 742 1340; x_wconf 81' lang='lat' dir='ltr'><strong>diversitate</strong></span> <span class='ocrx_word' id='word_1_214' title='bbox 769 1314 930 1347; x_wconf 84' lang='lat' dir='ltr'><strong>tardabitur,</strong></span> 
     </span>
    </p>
   </div>
   <div class='ocr_carea' id='block_1_30' title="bbox 146 1357 931 1393">
    <p class='ocr_par' dir='ltr' id='par_1_30' title="bbox 146 1357 931 1393">
     <span class='ocr_line' id='line_1_30' title="bbox 146 1357 931 1393; baseline 0.005 -10"><span class='ocrx_word' id='word_1_215' title='bbox 146 1357 290 1391; x_wconf 88' lang='lat' dir='ltr'><strong>quominus</strong></span> <span class='ocrx_word' id='word_1_216' title='bbox 302 1358 357 1385; x_wconf 91' lang='lat' dir='ltr'><strong>suis</strong></span> <span class='ocrx_word' id='word_1_217' title='bbox 372 1358 487 1385; x_wconf 89' lang='lat' dir='ltr'><strong>motibus</strong></span> <span class='ocrx_word' id='word_1_218' title='bbox 500 1363 575 1393; x_wconf 80' lang='lat' dir='ltr'><strong>agat;</strong></span> <span class='ocrx_word' id='word_1_219' title='bbox 598 1367 685 1393; x_wconf 90' lang='lat' dir='ltr'><strong>neque</strong></span> <span class='ocrx_word' id='word_1_220' title='bbox 702 1367 795 1387; x_wconf 79' lang='lat' dir='ltr'><strong>rursus</strong></span> <span class='ocrx_word' id='word_1_221' title='bbox 812 1367 844 1387; x_wconf 77' lang='lat' dir='ltr'><strong>ex</strong></span> <span class='ocrx_word' id='word_1_222' title='bbox 861 1360 931 1387; x_wconf 76' lang='lat' dir='ltr'><strong>loco—</strong></span> 
     </span>
    </p>
   </div>
   <div class='ocr_carea' id='block_1_31' title="bbox 148 1402 970 1439">
    <p class='ocr_par' dir='ltr' id='par_1_31' title="bbox 148 1402 970 1439">
     <span class='ocr_line' id='line_1_31' title="bbox 148 1402 970 1439; baseline 0.007 -11"><span class='ocrx_word' id='word_1_223' title='bbox 148 1410 207 1428; x_wconf 91' lang='lat' dir='ltr'><strong>rum</strong></span> <span class='ocrx_word' id='word_1_224' title='bbox 222 1403 350 1437; x_wconf 79' lang='lat' dir='ltr'><strong>qualitate</strong></span> <span class='ocrx_word' id='word_1_225' title='bbox 365 1408 536 1438; x_wconf 79' lang='lat' dir='ltr'><strong>augmentum</strong></span> <span class='ocrx_word' id='word_1_226' title='bbox 557 1405 664 1439; x_wconf 88' lang='lat' dir='ltr'><strong>aliquod</strong></span> <span class='ocrx_word' id='word_1_227' title='bbox 681 1406 722 1432; x_wconf 90' lang='lat' dir='ltr'><strong>vel</strong></span> <span class='ocrx_word' id='word_1_228' title='bbox 735 1406 931 1433; x_wconf 88' lang='lat' dir='ltr'><strong>incrementum</strong></span> <span class='ocrx_word' id='word_1_229' title='bbox 967 1402 970 1406; x_wconf 34' lang='grc' dir='ltr'>λ</span> 
     </span>
    </p>
   </div>
   <div class='ocr_carea' id='block_1_32' title="bbox 148 1448 929 1486">
    <p class='ocr_par' dir='ltr' id='par_1_32' title="bbox 148 1448 929 1486">
     <span class='ocr_line' id='line_1_32' title="bbox 148 1448 929 1486; baseline 0.005 -12"><span class='ocrx_word' id='word_1_230' title='bbox 148 1448 305 1475; x_wconf 78' lang='lat' dir='ltr'><strong>mobilitatis</strong></span> <span class='ocrx_word' id='word_1_231' title='bbox 321 1450 446 1483; x_wconf 83' lang='lat' dir='ltr'><strong>acquirit.</strong></span> <span class='ocrx_word' id='word_1_232' title='bbox 464 1450 539 1483; x_wconf 84' lang='lat' dir='ltr'><strong>Quod</strong></span> <span class='ocrx_word' id='word_1_233' title='bbox 559 1451 581 1477; x_wconf 95' lang='lat' dir='ltr'><strong>si</strong></span> <span class='ocrx_word' id='word_1_234' title='bbox 603 1450 733 1477; x_wconf 90' lang='lat' dir='ltr'><strong>obtendat</strong></span> <span class='ocrx_word' id='word_1_235' title='bbox 748 1451 845 1486; x_wconf 84' lang='lat' dir='ltr'><strong>aliquis</strong></span> <span class='ocrx_word' id='word_1_236' title='bbox 863 1451 929 1486; x_wconf 84' lang='grc'><strong>(88)⁹</strong></span> 
     </span>
    </p>
   </div>
   <div class='ocr_carea' id='block_1_33' title="bbox 148 1494 932 1531">
    <p class='ocr_par' dir='ltr' id='par_1_33' title="bbox 148 1494 932 1531">
     <span class='ocr_line' id='line_1_33' title="bbox 148 1494 932 1531; baseline 0.008 -12"><span class='ocrx_word' id='word_1_237' title='bbox 148 1494 224 1520; x_wconf 81' lang='lat' dir='ltr'><strong>verbi</strong></span> <span class='ocrx_word' id='word_1_238' title='bbox 252 1495 339 1529; x_wconf 82' lang='lat' dir='ltr'><strong>gratia</strong></span> <span class='ocrx_word' id='word_1_239' title='bbox 358 1496 420 1529; x_wconf 88' lang='lat' dir='ltr'><strong>quia</strong></span> <span class='ocrx_word' id='word_1_240' title='bbox 446 1497 637 1531; x_wconf 81' lang='lat' dir='ltr'><strong>navigantibus</strong></span> <span class='ocrx_word' id='word_1_241' title='bbox 660 1502 686 1523; x_wconf 90' lang='lat' dir='ltr'><strong>et</strong></span> <span class='ocrx_word' id='word_1_242' title='bbox 709 1497 834 1525; x_wconf 89' lang='lat' dir='ltr'><strong>lluctibtts</strong></span> <span class='ocrx_word' id='word_1_243' title='bbox 851 1498 932 1525; x_wconf 81' lang='lat' dir='ltr'><strong>utaris</strong></span> 
     </span>
    </p>
   </div>
   <div class='ocr_carea' id='block_1_34' title="bbox 145 1538 930 1578">
    <p class='ocr_par' dir='ltr' id='par_1_34' title="bbox 145 1538 930 1578">
     <span class='ocr_line' id='line_1_34' title="bbox 145 1538 930 1578; baseline 0.005 -12"><span class='ocrx_word' id='word_1_244' title='bbox 145 1538 255 1574; x_wconf 66' lang='lat' dir='ltr'><strong>iactatis</strong></span> <span class='ocrx_word' id='word_1_245' title='bbox 269 1541 356 1568; x_wconf 87' lang='lat' dir='ltr'><strong>minus</strong></span> <span class='ocrx_word' id='word_1_246' title='bbox 367 1542 504 1576; x_wconf 88' lang='lat' dir='ltr'><strong>aliquanto</strong></span> <span class='ocrx_word' id='word_1_247' title='bbox 521 1549 596 1569; x_wconf 86' lang='lat' dir='ltr'><strong>meus</strong></span> <span class='ocrx_word' id='word_1_248' title='bbox 608 1542 697 1576; x_wconf 83' lang='lat' dir='ltr'><strong>vigeat</strong></span> <span class='ocrx_word' id='word_1_249' title='bbox 708 1550 787 1576; x_wconf 88' lang='lat' dir='ltr'><strong>quam</strong></span> <span class='ocrx_word' id='word_1_250' title='bbox 803 1543 893 1578; x_wconf 78' lang='lat' dir='ltr'><strong>vigere</strong></span> <span class='ocrx_word' id='word_1_251' title='bbox 905 1545 930 1570; x_wconf 92' lang='lat' dir='ltr'><strong>in</strong></span> 
     </span>
    </p>
   </div>
   <div class='ocr_carea' id='block_1_35' title="bbox 150 1584 933 1621">
    <p class='ocr_par' dir='ltr' id='par_1_35' title="bbox 150 1584 933 1621">
     <span class='ocr_line' id='line_1_35' title="bbox 150 1584 933 1621; baseline 0.005 -11"><span class='ocrx_word' id='word_1_252' title='bbox 150 1585 230 1611; x_wconf 82' lang='lat' dir='ltr'><strong>terris</strong></span> <span class='ocrx_word' id='word_1_253' title='bbox 246 1584 330 1618; x_wconf 87' lang='lat' dir='ltr'><strong>solet;</strong></span> <span class='ocrx_word' id='word_1_254' title='bbox 350 1593 402 1612; x_wconf 92' lang='lat' dir='ltr'><strong>non</strong></span> <span class='ocrx_word' id='word_1_255' title='bbox 416 1593 448 1612; x_wconf 78' lang='lat' dir='ltr'><strong>ex</strong></span> <span class='ocrx_word' id='word_1_256' title='bbox 469 1586 518 1613; x_wconf 92' lang='lat' dir='ltr'><strong>loci</strong></span> <span class='ocrx_word' id='word_1_257' title='bbox 542 1586 699 1613; x_wconf 83' lang='lat' dir='ltr'><strong>diversitate</strong></span> <span class='ocrx_word' id='word_1_258' title='bbox 716 1587 741 1613; x_wconf 89' lang='lat' dir='ltr'><strong>id</strong></span> <span class='ocrx_word' id='word_1_259' title='bbox 754 1588 819 1621; x_wconf 82' lang='lat' dir='ltr'><strong>pati,</strong></span> <span class='ocrx_word' id='word_1_260' title='bbox 835 1588 880 1614; x_wconf 82' lang='lat' dir='ltr'><strong>sed</strong></span> <span class='ocrx_word' id='word_1_261' title='bbox 899 1595 933 1614; x_wconf 77' lang='lat' dir='ltr'><strong>ex</strong></span> 
     </span>
    </p>
   </div>
   <div class='ocr_carea' id='block_1_36' title="bbox 148 1630 931 1664">
    <p class='ocr_par' dir='ltr' id='par_1_36' title="bbox 148 1630 931 1664">
     <span class='ocr_line' id='line_1_36' title="bbox 148 1630 931 1664; baseline 0.004 -8"><span class='ocrx_word' id='word_1_262' title='bbox 148 1630 272 1664; x_wconf 82' lang='lat' dir='ltr'><strong>corporis</strong></span> <span class='ocrx_word' id='word_1_263' title='bbox 283 1633 463 1659; x_wconf 85' lang='lat' dir='ltr'><strong>commotione</strong></span> <span class='ocrx_word' id='word_1_264' title='bbox 480 1632 522 1659; x_wconf 84' lang='lat' dir='ltr'><strong>vel</strong></span> <span class='ocrx_word' id='word_1_265' title='bbox 542 1632 749 1659; x_wconf 86' lang='lat' dir='ltr'><strong>conturbatione</strong></span> <span class='ocrx_word' id='word_1_266' title='bbox 768 1633 931 1659; x_wconf 83' lang='lat' dir='ltr'><strong>credendum</strong></span> 
     </span>
    </p>
   </div>
   <div class='ocr_carea' id='block_1_37' title="bbox 148 1676 930 1712">
    <p class='ocr_par' dir='ltr' id='par_1_37' title="bbox 148 1676 930 1712">
     <span class='ocr_line' id='line_1_37' title="bbox 148 1676 930 1712; baseline 0.003 -10"><span class='ocrx_word' id='word_1_267' title='bbox 148 1680 202 1708; x_wconf 81' lang='lat' dir='ltr'><strong>est,</strong></span> <span class='ocrx_word' id='word_1_268' title='bbox 217 1676 261 1702; x_wconf 91' lang='lat' dir='ltr'><strong>cui</strong></span> <span class='ocrx_word' id='word_1_269' title='bbox 280 1684 354 1704; x_wconf 88' lang='lat' dir='ltr'><strong>mens</strong></span> <span class='ocrx_word' id='word_1_270' title='bbox 370 1677 494 1712; x_wconf 87' lang='lat' dir='ltr'><strong>adjuncta</strong></span> <span class='ocrx_word' id='word_1_271' title='bbox 510 1678 551 1704; x_wconf 88' lang='lat' dir='ltr'><strong>vel</strong></span> <span class='ocrx_word' id='word_1_272' title='bbox 563 1678 662 1704; x_wconf 87' lang='lat' dir='ltr'><strong>inserta</strong></span> <span class='ocrx_word' id='word_1_273' title='bbox 675 1681 725 1704; x_wconf 85' lang='lat' dir='ltr'><strong>est.</strong></span> <span class='ocrx_word' id='word_1_274' title='bbox 740 1677 850 1705; x_wconf 82' lang='lat' dir='ltr'><strong>Videtur</strong></span> <span class='ocrx_word' id='word_1_275' title='bbox 861 1679 930 1706; x_wconf 90' lang='lat' dir='ltr'><strong>enim</strong></span> 
     </span>
    </p>
   </div>
   <div class='ocr_carea' id='block_1_38' title="bbox 149 1721 933 1758">
    <p class='ocr_par' dir='ltr' id='par_1_38' title="bbox 149 1721 933 1758">
     <span class='ocr_line' id='line_1_38' title="bbox 149 1721 933 1758; baseline 0.005 -12"><span class='ocrx_word' id='word_1_276' title='bbox 149 1721 226 1755; x_wconf 84' lang='lat' dir='ltr'><strong>quasi</strong></span> <span class='ocrx_word' id='word_1_277' title='bbox 241 1727 335 1749; x_wconf 88' lang='lat' dir='ltr'><strong>contra</strong></span> <span class='ocrx_word' id='word_1_278' title='bbox 351 1727 473 1749; x_wconf 86' lang='lat' dir='ltr'><strong>naturam</strong></span> <span class='ocrx_word' id='word_1_279' title='bbox 489 1723 514 1750; x_wconf 91' lang='lat' dir='ltr'><strong>in</strong></span> <span class='ocrx_word' id='word_1_280' title='bbox 531 1723 599 1750; x_wconf 87' lang='lat' dir='ltr'><strong>mari</strong></span> <span class='ocrx_word' id='word_1_281' title='bbox 611 1723 709 1758; x_wconf 84' lang='lat' dir='ltr'><strong>degere</strong></span> <span class='ocrx_word' id='word_1_282' title='bbox 724 1730 822 1758; x_wconf 89' lang='lat' dir='ltr'><strong>corpus</strong></span> <span class='ocrx_word' id='word_1_283' title='bbox 837 1724 933 1750; x_wconf 89' lang='lat' dir='ltr'><strong>buma-</strong></span> 
     </span>
    </p>
   </div>
   <div class='ocr_carea' id='block_1_39' title="bbox 150 1768 934 1804">
    <p class='ocr_par' dir='ltr' id='par_1_39' title="bbox 150 1768 934 1804">
     <span class='ocr_line' id='line_1_39' title="bbox 150 1768 934 1804; baseline 0.004 -11"><span class='ocrx_word' id='word_1_284' title='bbox 150 1775 227 1799; x_wconf 86' lang='lat' dir='ltr'><strong>nutn,</strong></span> <span class='ocrx_word' id='word_1_285' title='bbox 252 1772 279 1794; x_wconf 91' lang='lat' dir='ltr'><strong>et</strong></span> <span class='ocrx_word' id='word_1_286' title='bbox 295 1773 436 1802; x_wconf 76' lang='lat' dir='ltr'><strong>propterea</strong></span> <span class='ocrx_word' id='word_1_287' title='bbox 458 1768 530 1795; x_wconf 89' lang='lat' dir='ltr'><strong>velut</strong></span> <span class='ocrx_word' id='word_1_288' title='bbox 548 1769 663 1802; x_wconf 88' lang='lat' dir='ltr'><strong>quadam</strong></span> <span class='ocrx_word' id='word_1_289' title='bbox 688 1769 729 1795; x_wconf 88' lang='lat' dir='ltr'><strong>sui</strong></span> <span class='ocrx_word' id='word_1_290' title='bbox 754 1769 934 1804; x_wconf 71' lang='lat' dir='ltr'><strong>inmqualitate</strong></span> 
     </span>
    </p>
   </div>
   <div class='ocr_carea' id='block_1_40' title="bbox 150 1814 936 1849">
    <p class='ocr_par' dir='ltr' id='par_1_40' title="bbox 150 1814 936 1849">
     <span class='ocr_line' id='line_1_40' title="bbox 150 1814 936 1849; baseline 0.005 -11"><span class='ocrx_word' id='word_1_291' title='bbox 150 1817 242 1839; x_wconf 87' lang='lat' dir='ltr'><strong>motus</strong></span> <span class='ocrx_word' id='word_1_292' title='bbox 265 1814 362 1840; x_wconf 87' lang='lat' dir='ltr'><strong>mentis</strong></span> <span class='ocrx_word' id='word_1_293' title='bbox 381 1814 437 1848; x_wconf 84' lang='lat'><strong>(89)</strong></span> <span class='ocrx_word' id='word_1_294' title='bbox 456 1814 630 1848; x_wconf 76' lang='lat' dir='ltr'><strong>incomposito</strong></span> <span class='ocrx_word' id='word_1_295' title='bbox 649 1815 827 1849; x_wconf 89' lang='lat' dir='ltr'><strong>ordinateque</strong></span> <span class='ocrx_word' id='word_1_296' title='bbox 849 1815 936 1842; x_wconf 83' lang='lat' dir='ltr'><strong>susci-</strong></span> 
     </span>
    </p>
   </div>
   <div class='ocr_carea' id='block_1_41' title="bbox 150 1860 936 1894">
    <p class='ocr_par' dir='ltr' id='par_1_41' title="bbox 150 1860 936 1894">
     <span class='ocr_line' id='line_1_41' title="bbox 150 1860 936 1894; baseline 0.004 -9"><span class='ocrx_word' id='word_1_297' title='bbox 150 1866 228 1893; x_wconf 87' lang='lat' dir='ltr'><strong>pere,</strong></span> <span class='ocrx_word' id='word_1_298' title='bbox 240 1863 266 1885; x_wconf 84' lang='lat' dir='ltr'><strong>et</strong></span> <span class='ocrx_word' id='word_1_299' title='bbox 278 1860 411 1887; x_wconf 87' lang='lat' dir='ltr'><strong>acuminis</strong></span> <span class='ocrx_word' id='word_1_300' title='bbox 422 1860 479 1894; x_wconf 71' lang='lat' dir='ltr'><strong>eius</strong></span> <span class='ocrx_word' id='word_1_301' title='bbox 496 1860 563 1888; x_wconf 91' lang='lat' dir='ltr'><strong>ictus</strong></span> <span class='ocrx_word' id='word_1_302' title='bbox 574 1861 703 1888; x_wconf 91' lang='lat' dir='ltr'><strong>obtusiori</strong></span> <span class='ocrx_word' id='word_1_303' title='bbox 720 1861 870 1888; x_wconf 83' lang='lat' dir='ltr'><strong>ministerio</strong></span> <span class='ocrx_word' id='word_1_304' title='bbox 882 1861 936 1888; x_wconf 88' lang='lat' dir='ltr'><strong>dis-</strong></span> 
     </span>
    </p>
   </div>
   <div class='ocr_carea' id='block_1_42' title="bbox 150 1906 934 1941">
    <p class='ocr_par' dir='ltr' id='par_1_42' title="bbox 150 1906 934 1941">
     <span class='ocr_line' id='line_1_42' title="bbox 150 1906 934 1941; baseline 0.001 -9"><span class='ocrx_word' id='word_1_305' title='bbox 150 1912 276 1940; x_wconf 84' lang='lat' dir='ltr'><strong>pensare,</strong></span> <span class='ocrx_word' id='word_1_306' title='bbox 303 1914 355 1933; x_wconf 88' lang='lat' dir='ltr'><strong>non</strong></span> <span class='ocrx_word' id='word_1_307' title='bbox 381 1906 469 1933; x_wconf 88' lang='lat' dir='ltr'><strong>tuimts</strong></span> <span class='ocrx_word' id='word_1_308' title='bbox 493 1914 574 1941; x_wconf 85' lang='lat' dir='ltr'><strong>quam</strong></span> <span class='ocrx_word' id='word_1_309' title='bbox 596 1907 617 1934; x_wconf 92' lang='lat' dir='ltr'><strong>si</strong></span> <span class='ocrx_word' id='word_1_310' title='bbox 637 1907 682 1940; x_wconf 90' lang='lat' dir='ltr'><strong>qui</strong></span> <span class='ocrx_word' id='word_1_311' title='bbox 705 1906 830 1933; x_wconf 87' lang='lat' dir='ltr'><strong>etiamin</strong></span> <span class='ocrx_word' id='word_1_312' title='bbox 862 1910 934 1934; x_wconf 86' lang='lat' dir='ltr'><strong>terra</strong></span> 
     </span>
    </p>
   </div>
   <div class='ocr_carea' id='block_1_43' title="bbox 189 1974 671 2002">
    <p class='ocr_par' dir='ltr' id='par_1_43' title="bbox 189 1974 671 2002">
     <span class='ocr_line' id='line_1_43' title="bbox 189 1974 671 2002; baseline 0 0"><span class='ocrx_word' id='word_1_313' title='bbox 189 1975 212 1991; x_wconf 76' lang='grc' dir='ltr'>ι’</span> <span class='ocrx_word' id='word_1_314' title='bbox 228 1974 321 2002; x_wconf 81' lang='lat' dir='ltr'><strong>confer</strong></span> <span class='ocrx_word' id='word_1_315' title='bbox 334 1974 471 2002; x_wconf 81' lang='lat' dir='ltr'><strong>Platonem</strong></span> <span class='ocrx_word' id='word_1_316' title='bbox 487 1975 512 2002; x_wconf 92' lang='lat' dir='ltr'><strong>in</strong></span> <span class='ocrx_word' id='word_1_317' title='bbox 528 1974 671 2002; x_wconf 66' lang='lat' dir='ltr'><strong>thdone.</strong></span> 
     </span>
    </p>
   </div>
   <div class='ocr_carea' id='block_1_44' title="bbox 188 2044 935 2081">
    <p class='ocr_par' dir='ltr' id='par_1_44' title="bbox 188 2044 935 2081">
     <span class='ocr_line' id='line_1_44' title="bbox 188 2044 935 2081; baseline 0.003 -10"><span class='ocrx_word' id='word_1_318' title='bbox 188 2046 244 2079; x_wconf 69' lang='grc'><strong>(84)</strong></span> <span class='ocrx_word' id='word_1_319' title='bbox 258 2044 290 2071; x_wconf 85' lang='lat' dir='ltr'><strong>Et</strong></span> <span class='ocrx_word' id='word_1_320' title='bbox 304 2046 414 2081; x_wconf 75' lang='lat' dir='ltr'><strong>inferius</strong></span> <span class='ocrx_word' id='word_1_321' title='bbox 426 2046 453 2072; x_wconf 84' lang='lat' dir='ltr'><strong>in</strong></span> <span class='ocrx_word' id='word_1_322' title='bbox 471 2053 497 2072; x_wconf 71' lang='lat' dir='ltr'><strong>se</strong></span> <span class='ocrx_word' id='word_1_323' title='bbox 509 2045 603 2081; x_wconf 78' lang='lat' dir='ltr'><strong>habere</strong></span> <span class='ocrx_word' id='word_1_324' title='bbox 619 2045 744 2073; x_wconf 80' lang='lat' dir='ltr'><strong>credatur</strong></span> <span class='ocrx_word' id='word_1_325' title='bbox 806 2047 898 2081; x_wconf 82' lang='grc' dir='ltr'><strong>μονάς.</strong></span> <span class='ocrx_word' id='word_1_326' title='bbox 912 2051 935 2073; x_wconf 86' lang='lat' dir='ltr'><strong>et</strong></span> 
     </span>
    </p>
   </div>
   <div class='ocr_carea' id='block_1_45' title="bbox 151 2079 934 2114">
    <p class='ocr_par' dir='ltr' id='par_1_45' title="bbox 151 2079 934 2114">
     <span class='ocr_line' id='line_1_45' title="bbox 151 2079 934 2114; baseline 0.001 -7"><span class='ocrx_word' id='word_1_327' title='bbox 151 2088 181 2109; x_wconf 81' lang='lat' dir='ltr'><strong>ut</strong></span> <span class='ocrx_word' id='word_1_328' title='bbox 196 2083 234 2107; x_wconf 80' lang='lat' dir='ltr'><strong>ita</strong></span> <span class='ocrx_word' id='word_1_329' title='bbox 246 2081 332 2106; x_wconf 70' lang='lat' dir='ltr'><strong>dicam</strong></span> <span class='ocrx_word' id='word_1_330' title='bbox 347 2079 417 2112; x_wconf 81' lang='grc' dir='ltr'>ἑνάς,</span> <span class='ocrx_word' id='word_1_331' title='bbox 435 2088 514 2107; x_wconf 74' lang='lat' dir='ltr'><strong>metu.</strong></span> <span class='ocrx_word' id='word_1_332' title='bbox 524 2080 563 2107; x_wconf 85' lang='lat' dir='ltr'><strong>Ita</strong></span> <span class='ocrx_word' id='word_1_333' title='bbox 575 2081 653 2109; x_wconf 83' lang='lat' dir='ltr'><strong>Codd.</strong></span> <span class='ocrx_word' id='word_1_334' title='bbox 666 2088 759 2108; x_wconf 78' lang='lat' dir='ltr'><strong>omnes</strong></span> <span class='ocrx_word' id='word_1_335' title='bbox 769 2079 833 2108; x_wconf 80' lang='lat' dir='ltr'><strong>mss.</strong></span> <span class='ocrx_word' id='word_1_336' title='bbox 848 2082 934 2114; x_wconf 81' lang='lat' dir='ltr'><strong>Alias,</strong></span> 
     </span>
    </p>
   </div>
   <div class='ocr_carea' id='block_1_46' title="bbox 154 2115 934 2151">
    <p class='ocr_par' dir='ltr' id='par_1_46' title="bbox 154 2115 934 2151">
     <span class='ocr_line' id='line_1_46' title="bbox 154 2115 934 2151; baseline 0.001 -9"><span class='ocrx_word' id='word_1_337' title='bbox 154 2126 164 2142; x_wconf 72' lang='grc' dir='ltr'><strong>ι</strong></span> <span class='ocrx_word' id='word_1_338' title='bbox 183 2121 211 2143; x_wconf 89' lang='lat' dir='ltr'><strong>et</strong></span> <span class='ocrx_word' id='word_1_339' title='bbox 224 2115 340 2142; x_wconf 85' lang='lat' dir='ltr'><strong>inferius</strong></span> <span class='ocrx_word' id='word_1_340' title='bbox 357 2123 418 2142; x_wconf 88' lang='lat' dir='ltr'><strong>esse</strong></span> <span class='ocrx_word' id='word_1_341' title='bbox 429 2115 614 2142; x_wconf 84' lang='lat' dir='ltr'><strong>credatur.....</strong></span> <span class='ocrx_word' id='word_1_342' title='bbox 635 2115 728 2151; x_wconf 85' lang='grc' dir='ltr'><strong>μονάς,</strong></span> <span class='ocrx_word' id='word_1_343' title='bbox 743 2121 781 2148; x_wconf 86' lang='lat' dir='ltr'><strong>et,</strong></span> <span class='ocrx_word' id='word_1_344' title='bbox 795 2121 822 2143; x_wconf 93' lang='lat' dir='ltr'><strong>ut</strong></span> <span class='ocrx_word' id='word_1_345' title='bbox 839 2116 877 2143; x_wconf 87' lang='lat' dir='ltr'><strong>ita</strong></span> <span class='ocrx_word' id='word_1_346' title='bbox 893 2116 934 2143; x_wconf 89' lang='lat' dir='ltr'><strong>di-</strong></span> 
     </span>
    </p>
   </div>
   <div class='ocr_carea' id='block_1_47' title="bbox 151 2154 440 2181">
    <p class='ocr_par' dir='ltr' id='par_1_47' title="bbox 151 2154 440 2181">
     <span class='ocr_line' id='line_1_47' title="bbox 151 2154 440 2181; baseline -0.014 -2"><span class='ocrx_word' id='word_1_347' title='bbox 151 2159 223 2181; x_wconf 84' lang='lat' dir='ltr'><strong>cam,</strong></span> <span class='ocrx_word' id='word_1_348' title='bbox 239 2154 311 2176; x_wconf 70' lang='lat' dir='ltr'><strong>iollls</strong></span> <span class='ocrx_word' id='word_1_349' title='bbox 327 2157 413 2176; x_wconf 89' lang='lat' dir='ltr'><strong>meus.</strong></span> <span class='ocrx_word' id='word_1_350' title='bbox 431 2159 440 2175; x_wconf 74' lang='grc' dir='ltr'><strong>ι</strong></span> 
     </span>
    </p>
   </div>
   <div class='ocr_carea' id='block_1_48' title="bbox 189 2184 936 2220">
    <p class='ocr_par' dir='ltr' id='par_1_48' title="bbox 189 2184 936 2220">
     <span class='ocr_line' id='line_1_48' title="bbox 189 2184 936 2220; baseline 0 -8"><span class='ocrx_word' id='word_1_351' title='bbox 189 2184 248 2219; x_wconf 85' lang='grc'>(85)</span> <span class='ocrx_word' id='word_1_352' title='bbox 268 2185 315 2211; x_wconf 84' lang='lat' dir='ltr'><strong>Sic</strong></span> <span class='ocrx_word' id='word_1_353' title='bbox 331 2192 395 2220; x_wconf 79' lang='lat' dir='ltr'><strong>tnss.</strong></span> <span class='ocrx_word' id='word_1_354' title='bbox 415 2185 498 2218; x_wconf 84' lang='lat' dir='ltr'><strong>Alias,</strong></span> <span class='ocrx_word' id='word_1_355' title='bbox 518 2193 528 2211; x_wconf 77' lang='grc' dir='ltr'><strong>ι</strong></span> <span class='ocrx_word' id='word_1_356' title='bbox 545 2185 667 2219; x_wconf 88' lang='lat' dir='ltr'><strong>corporis</strong></span> <span class='ocrx_word' id='word_1_357' title='bbox 684 2184 726 2212; x_wconf 90' lang='lat' dir='ltr'><strong>vel</strong></span> <span class='ocrx_word' id='word_1_358' title='bbox 741 2185 857 2220; x_wconf 73' lang='lat' dir='ltr'><strong>propria:</strong></span> <span class='ocrx_word' id='word_1_359' title='bbox 877 2193 936 2212; x_wconf 86' lang='lat' dir='ltr'><strong>ma-</strong></span> 
     </span>
    </p>
   </div>
   <div class='ocr_carea' id='block_1_49' title="bbox 154 2218 471 2254">
    <p class='ocr_par' dir='ltr' id='par_1_49' title="bbox 154 2218 471 2254">
     <span class='ocr_line' id='line_1_49' title="bbox 154 2218 471 2254; baseline -0.006 -6"><span class='ocrx_word' id='word_1_360' title='bbox 154 2221 231 2248; x_wconf 69' lang='lat' dir='ltr'><strong>teria:</strong></span> <span class='ocrx_word' id='word_1_361' title='bbox 245 2218 354 2254; x_wconf 86' lang='lat' dir='ltr'><strong>propria</strong></span> <span class='ocrx_word' id='word_1_362' title='bbox 371 2224 443 2246; x_wconf 81' lang='lat' dir='ltr'><strong>stitit.</strong></span> <span class='ocrx_word' id='word_1_363' title='bbox 462 2230 471 2246; x_wconf 75' lang='grc' dir='ltr'><strong>ι</strong></span> 
     </span>
    </p>
   </div>
   <div class='ocr_carea' id='block_1_50' title="bbox 189 2254 934 2288">
    <p class='ocr_par' dir='ltr' id='par_1_50' title="bbox 189 2254 934 2288">
     <span class='ocr_line' id='line_1_50' title="bbox 189 2254 934 2288; baseline 0.001 -7"><span class='ocrx_word' id='word_1_364' title='bbox 189 2254 247 2288; x_wconf 83' lang='grc'>(86)</span> <span class='ocrx_word' id='word_1_365' title='bbox 262 2254 299 2280; x_wconf 89' lang='lat' dir='ltr'><strong>Ita</strong></span> <span class='ocrx_word' id='word_1_366' title='bbox 324 2260 395 2280; x_wconf 91' lang='lat' dir='ltr'><strong>recte</strong></span> <span class='ocrx_word' id='word_1_367' title='bbox 417 2255 526 2282; x_wconf 90' lang='lat' dir='ltr'><strong>omnino</strong></span> <span class='ocrx_word' id='word_1_368' title='bbox 548 2261 643 2281; x_wconf 89' lang='lat' dir='ltr'><strong>omnes</strong></span> <span class='ocrx_word' id='word_1_369' title='bbox 663 2254 741 2280; x_wconf 90' lang='lat' dir='ltr'><strong>codd.</strong></span> <span class='ocrx_word' id='word_1_370' title='bbox 760 2262 824 2281; x_wconf 88' lang='lat' dir='ltr'><strong>mss.</strong></span> <span class='ocrx_word' id='word_1_371' title='bbox 848 2255 934 2286; x_wconf 76' lang='lat' dir='ltr'><strong>Alias,</strong></span> 
     </span>
    </p>
   </div>
   <div class='ocr_carea' id='block_1_51' title="bbox 156 2289 934 2324">
    <p class='ocr_par' dir='ltr' id='par_1_51' title="bbox 156 2289 934 2324">
     <span class='ocr_line' id='line_1_51' title="bbox 156 2289 934 2324; baseline 0.001 -8"><span class='ocrx_word' id='word_1_372' title='bbox 156 2301 165 2316; x_wconf 78' lang='grc' dir='ltr'><strong>ι</strong></span> <span class='ocrx_word' id='word_1_373' title='bbox 187 2289 454 2324; x_wconf 38' lang='grc' dir='ltr'>ορριοιιιιμιιιίίιιιία</span> <span class='ocrx_word' id='word_1_374' title='bbox 470 2290 607 2316; x_wconf 86' lang='lat' dir='ltr'><strong>dilationis</strong></span> <span class='ocrx_word' id='word_1_375' title='bbox 629 2289 729 2316; x_wconf 81' lang='lat' dir='ltr'><strong>habere</strong></span> <span class='ocrx_word' id='word_1_376' title='bbox 751 2294 850 2322; x_wconf 87' lang='lat' dir='ltr'><strong>potest,</strong></span> <span class='ocrx_word' id='word_1_377' title='bbox 867 2298 934 2318; x_wconf 82' lang='lat' dir='ltr'><strong>ne...</strong></span> 
     </span>
    </p>
   </div>
   <div class='ocr_carea' id='block_1_52' title="bbox 153 2323 937 2358">
    <p class='ocr_par' dir='ltr' id='par_1_52' title="bbox 153 2323 937 2358">
     <span class='ocr_line' id='line_1_52' title="bbox 153 2323 937 2358; baseline 0 -7"><span class='ocrx_word' id='word_1_378' title='bbox 153 2323 344 2358; x_wconf 76' lang='lat' dir='ltr'><strong>circumscribi</strong></span> <span class='ocrx_word' id='word_1_379' title='bbox 378 2323 418 2350; x_wconf 86' lang='lat' dir='ltr'><strong>vel</strong></span> <span class='ocrx_word' id='word_1_380' title='bbox 448 2324 627 2351; x_wconf 81' lang='lat' dir='ltr'><strong>inhabitari...</strong></span> <span class='ocrx_word' id='word_1_381' title='bbox 647 2324 685 2349; x_wconf 93' lang='lat' dir='ltr'><strong>uti</strong></span> <span class='ocrx_word' id='word_1_382' title='bbox 701 2330 733 2350; x_wconf 91' lang='lat' dir='ltr'><strong>ne</strong></span> <span class='ocrx_word' id='word_1_383' title='bbox 747 2324 818 2358; x_wconf 90' lang='lat' dir='ltr'><strong>quod</strong></span> <span class='ocrx_word' id='word_1_384' title='bbox 835 2325 937 2358; x_wconf 81' lang='lat' dir='ltr'><strong>pciuei-</strong></span> 
     </span>
    </p>
   </div>
   <div class='ocr_carea' id='block_1_53' title="bbox 153 2357 724 2394">
    <p class='ocr_par' dir='ltr' id='par_1_53' title="bbox 153 2357 724 2394">
     <span class='ocr_line' id='line_1_53' title="bbox 153 2357 724 2394; baseline -0.004 -8"><span class='ocrx_word' id='word_1_385' title='bbox 153 2361 240 2394; x_wconf 91' lang='lat' dir='ltr'><strong>pium.</strong></span> <span class='ocrx_word' id='word_1_386' title='bbox 259 2357 346 2394; x_wconf 43' lang='lat' dir='ltr'><strong>{Quae</strong></span> <span class='ocrx_word' id='word_1_387' title='bbox 359 2358 440 2394; x_wconf 88' lang='lat' dir='ltr'><strong>lectio</strong></span> <span class='ocrx_word' id='word_1_388' title='bbox 453 2366 534 2386; x_wconf 87' lang='lat' dir='ltr'><strong>sensu</strong></span> <span class='ocrx_word' id='word_1_389' title='bbox 546 2358 624 2392; x_wconf 88' lang='lat' dir='ltr'><strong>plane</strong></span> <span class='ocrx_word' id='word_1_390' title='bbox 639 2363 724 2385; x_wconf 83' lang='lat' dir='ltr'><strong>caret.</strong></span> 
     </span>
    </p>
   </div>
   <div class='ocr_carea' id='block_1_54' title="bbox 187 2392 936 2429">
    <p class='ocr_par' dir='ltr' id='par_1_54' title="bbox 187 2392 936 2429">
     <span class='ocr_line' id='line_1_54' title="bbox 187 2392 936 2429; baseline 0 -9"><span class='ocrx_word' id='word_1_391' title='bbox 187 2394 245 2429; x_wconf 86' lang='lat'><strong>(87)</strong></span> <span class='ocrx_word' id='word_1_392' title='bbox 260 2392 306 2420; x_wconf 88' lang='lat' dir='ltr'><strong>Sic</strong></span> <span class='ocrx_word' id='word_1_393' title='bbox 319 2399 384 2419; x_wconf 84' lang='lat' dir='ltr'><strong>mss.</strong></span> <span class='ocrx_word' id='word_1_394' title='bbox 401 2393 484 2426; x_wconf 76' lang='lat' dir='ltr'><strong>Alias,</strong></span> <span class='ocrx_word' id='word_1_395' title='bbox 499 2402 508 2418; x_wconf 77' lang='grc' dir='ltr'><strong>ι</strong></span> <span class='ocrx_word' id='word_1_396' title='bbox 523 2393 585 2427; x_wconf 90' lang='lat' dir='ltr'><strong>quia</strong></span> <span class='ocrx_word' id='word_1_397' title='bbox 599 2401 663 2427; x_wconf 88' lang='lat' dir='ltr'><strong>ergo</strong></span> <span class='ocrx_word' id='word_1_398' title='bbox 675 2400 750 2419; x_wconf 89' lang='lat' dir='ltr'><strong>mens</strong></span> <span class='ocrx_word' id='word_1_399' title='bbox 763 2400 816 2429; x_wconf 84' lang='lat' dir='ltr'><strong>non</strong></span> <span class='ocrx_word' id='word_1_400' title='bbox 833 2392 936 2427; x_wconf 77' lang='lat' dir='ltr'><strong>indiget</strong></span> 
     </span>
    </p>
   </div>
   <div class='ocr_carea' id='block_1_55' title="bbox 153 2427 935 2461">
    <p class='ocr_par' dir='ltr' id='par_1_55' title="bbox 153 2427 935 2461">
     <span class='ocr_line' id='line_1_55' title="bbox 153 2427 935 2461; baseline -0.001 -5"><span class='ocrx_word' id='word_1_401' title='bbox 153 2427 273 2457; x_wconf 65' lang='lat' dir='ltr'><strong>loco&quot;...</strong></span> <span class='ocrx_word' id='word_1_402' title='bbox 284 2430 387 2454; x_wconf 87' lang='lat' dir='ltr'><strong>certum</strong></span> <span class='ocrx_word' id='word_1_403' title='bbox 401 2432 443 2454; x_wconf 86' lang='lat' dir='ltr'><strong>est</strong></span> <span class='ocrx_word' id='word_1_404' title='bbox 456 2433 555 2455; x_wconf 70' lang='lat' dir='ltr'><strong>nostrae</strong></span> <span class='ocrx_word' id='word_1_405' title='bbox 569 2428 666 2455; x_wconf 90' lang='lat' dir='ltr'><strong>mentis</strong></span> <span class='ocrx_word' id='word_1_406' title='bbox 675 2427 935 2461; x_wconf 78' lang='lat' dir='ltr'><strong>contemplatione...</strong></span> 
     </span>
    </p>
   </div>
   <div class='ocr_carea' id='block_1_56' title="bbox 153 2462 499 2496">
    <p class='ocr_par' dir='ltr' id='par_1_56' title="bbox 153 2462 499 2496">
     <span class='ocr_line' id='line_1_56' title="bbox 153 2462 499 2496; baseline -0.009 -5"><span class='ocrx_word' id='word_1_407' title='bbox 153 2471 206 2491; x_wconf 88' lang='lat' dir='ltr'><strong>nec</strong></span> <span class='ocrx_word' id='word_1_408' title='bbox 221 2471 255 2490; x_wconf 80' lang='lat' dir='ltr'><strong>ex</strong></span> <span class='ocrx_word' id='word_1_409' title='bbox 269 2462 359 2496; x_wconf 85' lang='lat' dir='ltr'><strong>aliqua</strong></span> <span class='ocrx_word' id='word_1_410' title='bbox 377 2469 469 2488; x_wconf 83' lang='lat' dir='ltr'><strong>causa.</strong></span> <span class='ocrx_word' id='word_1_411' title='bbox 489 2471 499 2488; x_wconf 77' lang='grc' dir='ltr'><strong>ι</strong></span> 
     </span>
    </p>
   </div>
   <div class='ocr_carea' id='block_1_57' title="bbox 190 2496 938 2533">
    <p class='ocr_par' dir='ltr' id='par_1_57' title="bbox 190 2496 938 2533">
     <span class='ocr_line' id='line_1_57' title="bbox 190 2496 938 2533; baseline -0.004 -7"><span class='ocrx_word' id='word_1_412' title='bbox 190 2498 247 2533; x_wconf 88' lang='grc'><strong>(88)</strong></span> <span class='ocrx_word' id='word_1_413' title='bbox 269 2496 398 2533; x_wconf 74' lang='lat' dir='ltr'><strong>Obleudat</strong></span> <span class='ocrx_word' id='word_1_414' title='bbox 414 2496 520 2533; x_wconf 71' lang='lat' dir='ltr'><strong>aliquis,</strong></span> <span class='ocrx_word' id='word_1_415' title='bbox 539 2501 592 2524; x_wconf 88' lang='lat' dir='ltr'><strong>etc.</strong></span> <span class='ocrx_word' id='word_1_416' title='bbox 609 2497 655 2524; x_wconf 83' lang='lat' dir='ltr'><strong>Sic</strong></span> <span class='ocrx_word' id='word_1_417' title='bbox 668 2496 833 2533; x_wconf 19' lang='lat' dir='ltr'><strong>russ.7Alias,</strong></span> <span class='ocrx_word' id='word_1_418' title='bbox 851 2505 860 2522; x_wconf 80' lang='grc' dir='ltr'><strong>ι</strong></span> <span class='ocrx_word' id='word_1_419' title='bbox 873 2504 938 2524; x_wconf 90' lang='lat' dir='ltr'><strong>con-</strong></span> 
     </span>
    </p>
   </div>
   <div class='ocr_carea' id='block_1_58' title="bbox 155 2531 830 2566">
    <p class='ocr_par' dir='ltr' id='par_1_58' title="bbox 155 2531 830 2566">
     <span class='ocr_line' id='line_1_58' title="bbox 155 2531 830 2566; baseline -0.007 -5"><span class='ocrx_word' id='word_1_420' title='bbox 155 2531 249 2561; x_wconf 87' lang='lat' dir='ltr'><strong>tendat</strong></span> <span class='ocrx_word' id='word_1_421' title='bbox 260 2532 361 2566; x_wconf 82' lang='lat' dir='ltr'><strong>aliquis</strong></span> <span class='ocrx_word' id='word_1_422' title='bbox 376 2532 439 2565; x_wconf 82' lang='lat' dir='ltr'><strong>quia</strong></span> <span class='ocrx_word' id='word_1_423' title='bbox 457 2533 644 2566; x_wconf 75' lang='lat' dir='ltr'><strong>navigantibus</strong></span> <span class='ocrx_word' id='word_1_424' title='bbox 664 2531 798 2559; x_wconf 85' lang='lat' dir='ltr'><strong>fluctibus.</strong></span> <span class='ocrx_word' id='word_1_425' title='bbox 820 2540 830 2556; x_wconf 74' lang='grc' dir='ltr'><strong>ι</strong></span> 
     </span>
    </p>
   </div>
   <div class='ocr_carea' id='block_1_59' title="bbox 190 2566 938 2603">
    <p class='ocr_par' dir='ltr' id='par_1_59' title="bbox 190 2566 938 2603">
     <span class='ocr_line' id='line_1_59' title="bbox 190 2566 938 2603; baseline -0.001 -9"><span class='ocrx_word' id='word_1_426' title='bbox 190 2567 247 2603; x_wconf 84' lang='grc'>(89)</span> <span class='ocrx_word' id='word_1_427' title='bbox 262 2567 330 2603; x_wconf 65' lang='grc' dir='ltr'>νοις,</span> <span class='ocrx_word' id='word_1_428' title='bbox 350 2575 359 2591; x_wconf 85' lang='grc' dir='ltr'><strong>ι</strong></span> <span class='ocrx_word' id='word_1_429' title='bbox 374 2567 481 2603; x_wconf 84' lang='lat' dir='ltr'><strong>mentis,</strong></span> <span class='ocrx_word' id='word_1_430' title='bbox 502 2576 511 2592; x_wconf 73' lang='grc' dir='ltr'><strong>ι</strong></span> <span class='ocrx_word' id='word_1_431' title='bbox 538 2567 614 2594; x_wconf 85' lang='lat' dir='ltr'><strong>deest</strong></span> <span class='ocrx_word' id='word_1_432' title='bbox 636 2567 662 2593; x_wconf 91' lang='lat' dir='ltr'><strong>in</strong></span> <span class='ocrx_word' id='word_1_433' title='bbox 681 2572 759 2593; x_wconf 84' lang='lat' dir='ltr'><strong>antea</strong></span> <span class='ocrx_word' id='word_1_434' title='bbox 772 2566 864 2599; x_wconf 86' lang='lat' dir='ltr'><strong>editis,</strong></span> <span class='ocrx_word' id='word_1_435' title='bbox 891 2566 938 2593; x_wconf 87' lang='lat' dir='ltr'><strong>sed</strong></span> 
     </span>
    </p>
   </div>
   <div class='ocr_carea' id='block_1_60' title="bbox 155 2602 551 2636">
    <p class='ocr_par' dir='ltr' id='par_1_60' title="bbox 155 2602 551 2636">
     <span class='ocr_line' id='line_1_60' title="bbox 155 2602 551 2636; baseline -0.003 -8"><span class='ocrx_word' id='word_1_436' title='bbox 155 2602 292 2636; x_wconf 75' lang='lat' dir='ltr'><strong>nperitur</strong></span> <span class='ocrx_word' id='word_1_437' title='bbox 305 2602 332 2628; x_wconf 91' lang='lat' dir='ltr'><strong>iu</strong></span> <span class='ocrx_word' id='word_1_438' title='bbox 347 2602 474 2628; x_wconf 85' lang='lat' dir='ltr'><strong>omnibus</strong></span> <span class='ocrx_word' id='word_1_439' title='bbox 487 2609 551 2628; x_wconf 90' lang='lat' dir='ltr'><strong>mss.</strong></span> 
     </span>
    </p>
   </div>
   <div class='ocr_carea' id='block_1_61' title="bbox 190 2635 938 2673">
    <p class='ocr_par' dir='ltr' id='par_1_61' title="bbox 190 2635 938 2673">
     <span class='ocr_line' id='line_1_61' title="bbox 190 2635 938 2673; baseline -0.003 -9"><span class='ocrx_word' id='word_1_440' title='bbox 190 2635 247 2673; x_wconf 81' lang='grc'>(90)</span> <span class='ocrx_word' id='word_1_441' title='bbox 261 2636 306 2673; x_wconf 88' lang='lat' dir='ltr'><strong>Sic</strong></span> <span class='ocrx_word' id='word_1_442' title='bbox 318 2643 413 2663; x_wconf 86' lang='lat' dir='ltr'><strong>omnes</strong></span> <span class='ocrx_word' id='word_1_443' title='bbox 425 2643 490 2663; x_wconf 91' lang='lat' dir='ltr'><strong>mss.</strong></span> <span class='ocrx_word' id='word_1_444' title='bbox 503 2636 586 2673; x_wconf 80' lang='lat' dir='ltr'><strong>Alias,</strong></span> <span class='ocrx_word' id='word_1_445' title='bbox 596 2644 605 2661; x_wconf 76' lang='grc' dir='ltr'><strong>ι</strong></span> <span class='ocrx_word' id='word_1_446' title='bbox 622 2635 784 2670; x_wconf 86' lang='lat' dir='ltr'><strong>culpandum</strong></span> <span class='ocrx_word' id='word_1_447' title='bbox 795 2640 938 2671; x_wconf 84' lang='lat' dir='ltr'><strong>propterea</strong></span> 
     </span>
    </p>
   </div>
   <div class='ocr_carea' id='block_1_62' title="bbox 154 2672 675 2708">
    <p class='ocr_par' dir='ltr' id='par_1_62' title="bbox 154 2672 675 2708">
     <span class='ocr_line' id='line_1_62' title="bbox 154 2672 675 2708; baseline -0.008 -8"><span class='ocrx_word' id='word_1_448' title='bbox 154 2672 375 2708; x_wconf 62' lang='lat' dir='ltr'><strong>q&#39;totltttrbatutu</strong></span> <span class='ocrx_word' id='word_1_449' title='bbox 389 2675 471 2706; x_wconf 85' lang='lat' dir='ltr'><strong>atque</strong></span> <span class='ocrx_word' id='word_1_450' title='bbox 490 2672 642 2699; x_wconf 87' lang='lat' dir='ltr'><strong>confusum.</strong></span> <span class='ocrx_word' id='word_1_451' title='bbox 666 2680 675 2708; x_wconf 66' lang='grc' dir='ltr'><strong>ι</strong></span> 
     </span>
    </p>
   </div>
   <div class='ocr_carea' id='block_1_63' title="bbox 190 2704 941 2744">
    <p class='ocr_par' dir='ltr' id='par_1_63' title="bbox 190 2704 941 2744">
     <span class='ocr_line' id='line_1_63' title="bbox 190 2704 941 2744; baseline -0.003 -10"><span class='ocrx_word' id='word_1_452' title='bbox 190 2707 246 2744; x_wconf 87' lang='grc'>(91)</span> <span class='ocrx_word' id='word_1_453' title='bbox 259 2706 327 2744; x_wconf 76' lang='lat' dir='ltr'><strong>vox,</strong></span> <span class='ocrx_word' id='word_1_454' title='bbox 342 2715 351 2731; x_wconf 77' lang='grc' dir='ltr'><strong>ι</strong></span> <span class='ocrx_word' id='word_1_455' title='bbox 371 2704 497 2744; x_wconf 71' lang='lat' dir='ltr'><strong>corpora,</strong></span> <span class='ocrx_word' id='word_1_456' title='bbox 511 2715 521 2732; x_wconf 83' lang='grc' dir='ltr'><strong>ι</strong></span> <span class='ocrx_word' id='word_1_457' title='bbox 538 2713 620 2740; x_wconf 88' lang='lat' dir='ltr'><strong>quam</strong></span> <span class='ocrx_word' id='word_1_458' title='bbox 634 2705 762 2734; x_wconf 78' lang='lat' dir='ltr'><strong>exhibent</strong></span> <span class='ocrx_word' id='word_1_459' title='bbox 776 2713 853 2738; x_wconf 87' lang='lat' dir='ltr'><strong>mss.,</strong></span> <span class='ocrx_word' id='word_1_460' title='bbox 870 2704 941 2732; x_wconf 90' lang='lat' dir='ltr'><strong>desi-</strong></span> 
     </span>
    </p>
   </div>
   <div class='ocr_carea' id='block_1_64' title="bbox 154 2741 503 2770">
    <p class='ocr_par' dir='ltr' id='par_1_64' title="bbox 154 2741 503 2770">
     <span class='ocr_line' id='line_1_64' title="bbox 154 2741 503 2770; baseline -0.003 -1"><span class='ocrx_word' id='word_1_461' title='bbox 154 2741 265 2770; x_wconf 82' lang='lat' dir='ltr'><strong>d.:ratur</strong></span> <span class='ocrx_word' id='word_1_462' title='bbox 283 2742 309 2767; x_wconf 93' lang='lat' dir='ltr'><strong>in</strong></span> <span class='ocrx_word' id='word_1_463' title='bbox 322 2745 402 2768; x_wconf 86' lang='lat' dir='ltr'><strong>antea</strong></span> <span class='ocrx_word' id='word_1_464' title='bbox 413 2741 503 2768; x_wconf 85' lang='lat' dir='ltr'><strong>editis.</strong></span> 
     </span>
    </p>
   </div>
   <div class='ocr_carea' id='block_1_65' title="bbox 189 2774 937 2812">
    <p class='ocr_par' dir='ltr' id='par_1_65' title="bbox 189 2774 937 2812">
     <span class='ocr_line' id='line_1_65' title="bbox 189 2774 937 2812; baseline -0.008 -7"><span class='ocrx_word' id='word_1_465' title='bbox 189 2777 245 2812; x_wconf 67' lang='lat'><strong>(92)</strong></span> <span class='ocrx_word' id='word_1_466' title='bbox 262 2777 308 2805; x_wconf 91' lang='lat' dir='ltr'><strong>Sic</strong></span> <span class='ocrx_word' id='word_1_467' title='bbox 323 2783 391 2803; x_wconf 85' lang='lat' dir='ltr'><strong>mss.</strong></span> <span class='ocrx_word' id='word_1_468' title='bbox 406 2776 490 2806; x_wconf 84' lang='lat' dir='ltr'><strong>Alias.</strong></span> <span class='ocrx_word' id='word_1_469' title='bbox 509 2785 519 2802; x_wconf 78' lang='grc' dir='ltr'><strong>ι</strong></span> <span class='ocrx_word' id='word_1_470' title='bbox 537 2782 672 2812; x_wconf 58' lang='lat' dir='ltr'><strong>quoqua}</strong></span> <span class='ocrx_word' id='word_1_471' title='bbox 685 2776 754 2812; x_wconf 77' lang='lat' dir='ltr'><strong>’sunt</strong></span> <span class='ocrx_word' id='word_1_472' title='bbox 767 2776 796 2812; x_wconf 84' lang='lat' dir='ltr'><strong>ei</strong></span> <span class='ocrx_word' id='word_1_473' title='bbox 817 2774 937 2812; x_wconf 41' lang='lat' dir='ltr'><strong>insita.)</strong></span> 
     </span>
    </p>
   </div>
   <div class='ocr_carea' id='block_1_66' title="bbox 156 2809 941 2846">
    <p class='ocr_par' dir='ltr' id='par_1_66' title="bbox 156 2809 941 2846">
     <span class='ocr_line' id='line_1_66' title="bbox 156 2809 941 2846; baseline -0.005 -6"><span class='ocrx_word' id='word_1_474' title='bbox 156 2809 241 2841; x_wconf 71' lang='lat' dir='ltr'><strong>Mto&#39;</strong></span> <span class='ocrx_word' id='word_1_475' title='bbox 251 2817 312 2846; x_wconf 88' lang='lat' dir='ltr'><strong>post</strong></span> <span class='ocrx_word' id='word_1_476' title='bbox 331 2812 415 2839; x_wconf 86' lang='lat' dir='ltr'><strong>iidem</strong></span> <span class='ocrx_word' id='word_1_477' title='bbox 434 2819 511 2846; x_wconf 84' lang='lat' dir='ltr'><strong>mss.,</strong></span> <span class='ocrx_word' id='word_1_478' title='bbox 529 2809 604 2839; x_wconf 62' lang='lat' dir='ltr'><strong>(sed</strong></span> <span class='ocrx_word' id='word_1_479' title='bbox 629 2811 788 2838; x_wconf 76' lang='lat' dir='ltr'><strong>eruditionis</strong></span> <span class='ocrx_word' id='word_1_480' title='bbox 802 2809 941 2838; x_wconf 76' lang='lat' dir='ltr'><strong>exercitiis</strong></span> 
     </span>
    </p>
   </div>
   <div class='ocr_carea' id='block_1_67' title="bbox 974 224 1758 260">
    <p class='ocr_par' dir='ltr' id='par_1_67' title="bbox 974 224 1758 260">
     <span class='ocr_line' id='line_1_67' title="bbox 974 224 1758 260; baseline -0.004 -8"><span class='ocrx_word' id='word_1_481' title='bbox 974 224 1045 260; x_wconf 84' lang='lat' dir='ltr'><strong>quod</strong></span> <span class='ocrx_word' id='word_1_482' title='bbox 1065 225 1086 252; x_wconf 94' lang='lat' dir='ltr'><strong>si</strong></span> <span class='ocrx_word' id='word_1_483' title='bbox 1105 224 1192 251; x_wconf 90' lang='lat' dir='ltr'><strong>minus</strong></span> <span class='ocrx_word' id='word_1_484' title='bbox 1207 224 1307 258; x_wconf 87' lang='lat' dir='ltr'><strong>aliquid</strong></span> <span class='ocrx_word' id='word_1_485' title='bbox 1321 231 1367 258; x_wconf 86' lang='lat' dir='ltr'><strong>per</strong></span> <span class='ocrx_word' id='word_1_486' title='bbox 1394 225 1445 250; x_wconf 88' lang='lat' dir='ltr'><strong>vim</strong></span> <span class='ocrx_word' id='word_1_487' title='bbox 1465 224 1579 251; x_wconf 78' lang='lat' dir='ltr'><strong>febrium</strong></span> <span class='ocrx_word' id='word_1_488' title='bbox 1595 231 1670 250; x_wconf 88' lang='lat' dir='ltr'><strong>mens</strong></span> <span class='ocrx_word' id='word_1_489' title='bbox 1682 231 1758 250; x_wconf 84' lang='lat' dir='ltr'><strong>suum</strong></span> 
     </span>
    </p>
   </div>
   <div class='ocr_carea' id='block_1_68' title="bbox 976 269 1760 304">
    <p class='ocr_par' dir='ltr' id='par_1_68' title="bbox 976 269 1760 304">
     <span class='ocr_line' id='line_1_68' title="bbox 976 269 1760 304; baseline -0.003 -8"><span class='ocrx_word' id='word_1_490' title='bbox 976 277 1028 297; x_wconf 91' lang='lat' dir='ltr'><strong>non</strong></span> <span class='ocrx_word' id='word_1_491' title='bbox 1043 274 1134 297; x_wconf 85' lang='lat' dir='ltr'><strong>servet</strong></span> <span class='ocrx_word' id='word_1_492' title='bbox 1147 269 1274 303; x_wconf 77' lang='lat' dir='ltr'><strong>ofﬁcium,</strong></span> <span class='ocrx_word' id='word_1_493' title='bbox 1293 277 1344 296; x_wconf 94' lang='lat' dir='ltr'><strong>non</strong></span> <span class='ocrx_word' id='word_1_494' title='bbox 1362 269 1412 296; x_wconf 80' lang='lat' dir='ltr'><strong>loci</strong></span> <span class='ocrx_word' id='word_1_495' title='bbox 1429 270 1548 304; x_wconf 83' lang='lat' dir='ltr'><strong>culpam,</strong></span> <span class='ocrx_word' id='word_1_496' title='bbox 1568 270 1614 297; x_wconf 89' lang='lat' dir='ltr'><strong>sed</strong></span> <span class='ocrx_word' id='word_1_497' title='bbox 1636 269 1760 295; x_wconf 90' lang='lat' dir='ltr'><strong>morbum</strong></span> 
     </span>
    </p>
   </div>
   <div class='ocr_carea' id='block_1_69' title="bbox 975 315 1762 349">
    <p class='ocr_par' dir='ltr' id='par_1_69' title="bbox 975 315 1762 349">
     <span class='ocr_line' id='line_1_69' title="bbox 975 315 1762 349; baseline -0.003 -7"><span class='ocrx_word' id='word_1_498' title='bbox 975 315 1099 349; x_wconf 84' lang='lat' dir='ltr'><strong>corporis</strong></span> <span class='ocrx_word' id='word_1_499' title='bbox 1113 322 1172 342; x_wconf 87' lang='lat' dir='ltr'><strong>esse</strong></span> <span class='ocrx_word' id='word_1_500' title='bbox 1185 315 1360 345; x_wconf 83' lang='lat' dir='ltr'><strong>causandum,</strong></span> <span class='ocrx_word' id='word_1_501' title='bbox 1384 322 1430 348; x_wconf 88' lang='lat' dir='ltr'><strong>per</strong></span> <span class='ocrx_word' id='word_1_502' title='bbox 1447 322 1527 348; x_wconf 89' lang='lat' dir='ltr'><strong>quem</strong></span> <span class='ocrx_word' id='word_1_503' title='bbox 1546 315 1681 341; x_wconf 88' lang='lat' dir='ltr'><strong>turbatum</strong></span> <span class='ocrx_word' id='word_1_504' title='bbox 1699 321 1762 340; x_wconf 90' lang='lat' dir='ltr'><strong>cor-</strong></span> 
     </span>
    </p>
   </div>
   <div class='ocr_carea' id='block_1_70' title="bbox 976 359 1761 395">
    <p class='ocr_par' dir='ltr' id='par_1_70' title="bbox 976 359 1761 395">
     <span class='ocr_line' id='line_1_70' title="bbox 976 359 1761 395; baseline 0 -10"><span class='ocrx_word' id='word_1_505' title='bbox 976 367 1025 394; x_wconf 87' lang='lat' dir='ltr'><strong>pus</strong></span> <span class='ocrx_word' id='word_1_506' title='bbox 1039 365 1120 395; x_wconf 85' lang='lat' dir='ltr'><strong>atque</strong></span> <span class='ocrx_word' id='word_1_507' title='bbox 1132 360 1274 387; x_wconf 84' lang='lat' dir='ltr'><strong>confusum</strong></span> <span class='ocrx_word' id='word_1_508' title='bbox 1289 359 1344 394; x_wconf 78' lang='lat'><strong>(90)</strong></span> <span class='ocrx_word' id='word_1_509' title='bbox 1359 367 1527 395; x_wconf 85' lang='lat' dir='ltr'><strong>nequaquam</strong></span> <span class='ocrx_word' id='word_1_510' title='bbox 1545 360 1616 387; x_wconf 92' lang='lat' dir='ltr'><strong>notis</strong></span> <span class='ocrx_word' id='word_1_511' title='bbox 1630 367 1662 387; x_wconf 86' lang='lat' dir='ltr'><strong>ac</strong></span> <span class='ocrx_word' id='word_1_512' title='bbox 1681 363 1761 386; x_wconf 84' lang='lat' dir='ltr'><strong>natu-</strong></span> 
     </span>
    </p>
   </div>
   <div class='ocr_carea' id='block_1_71' title="bbox 978 407 1761 441">
    <p class='ocr_par' dir='ltr' id='par_1_71' title="bbox 978 407 1761 441">
     <span class='ocr_line' id='line_1_71' title="bbox 978 407 1761 441; baseline 0.001 -8"><span class='ocrx_word' id='word_1_513' title='bbox 978 407 1080 434; x_wconf 88' lang='lat' dir='ltr'><strong>ralibus</strong></span> <span class='ocrx_word' id='word_1_514' title='bbox 1098 407 1178 434; x_wconf 87' lang='lat' dir='ltr'><strong>lineis</strong></span> <span class='ocrx_word' id='word_1_515' title='bbox 1192 407 1271 434; x_wconf 85' lang='lat' dir='ltr'><strong>solita</strong></span> <span class='ocrx_word' id='word_1_516' title='bbox 1292 407 1373 434; x_wconf 90' lang='lat' dir='ltr'><strong>menti</strong></span> <span class='ocrx_word' id='word_1_517' title='bbox 1388 407 1511 441; x_wconf 78' lang='lat' dir='ltr'><strong>dependit</strong></span> <span class='ocrx_word' id='word_1_518' title='bbox 1531 407 1630 439; x_wconf 85' lang='lat' dir='ltr'><strong>olIicia,</strong></span> <span class='ocrx_word' id='word_1_519' title='bbox 1642 408 1761 441; x_wconf 86' lang='lat' dir='ltr'><strong>quando-</strong></span> 
     </span>
    </p>
   </div>
   <div class='ocr_carea' id='block_1_72' title="bbox 976 452 1759 487">
    <p class='ocr_par' dir='ltr' id='par_1_72' title="bbox 976 452 1759 487">
     <span class='ocr_line' id='line_1_72' title="bbox 976 452 1759 487; baseline 0.003 -10"><span class='ocrx_word' id='word_1_520' title='bbox 976 453 1085 486; x_wconf 89' lang='lat' dir='ltr'><strong>quidem</strong></span> <span class='ocrx_word' id='word_1_521' title='bbox 1107 460 1155 479; x_wconf 93' lang='lat' dir='ltr'><strong>nos</strong></span> <span class='ocrx_word' id='word_1_522' title='bbox 1176 452 1298 480; x_wconf 88' lang='lat' dir='ltr'><strong>homines</strong></span> <span class='ocrx_word' id='word_1_523' title='bbox 1312 453 1413 479; x_wconf 88' lang='lat' dir='ltr'><strong>animal</strong></span> <span class='ocrx_word' id='word_1_524' title='bbox 1428 460 1521 479; x_wconf 87' lang='lat' dir='ltr'><strong>sumus</strong></span> <span class='ocrx_word' id='word_1_525' title='bbox 1534 452 1711 487; x_wconf 91' lang='lat' dir='ltr'><strong>compositum</strong></span> <span class='ocrx_word' id='word_1_526' title='bbox 1727 459 1759 479; x_wconf 79' lang='lat' dir='ltr'><strong>ex</strong></span> 
     </span>
    </p>
   </div>
   <div class='ocr_carea' id='block_1_73' title="bbox 977 496 1761 533">
    <p class='ocr_par' dir='ltr' id='par_1_73' title="bbox 977 496 1761 533">
     <span class='ocr_line' id='line_1_73' title="bbox 977 496 1761 533; baseline 0 -9"><span class='ocrx_word' id='word_1_527' title='bbox 977 498 1098 533; x_wconf 86' lang='lat' dir='ltr'><strong>corporis</strong></span> <span class='ocrx_word' id='word_1_528' title='bbox 1113 498 1261 531; x_wconf 63' lang='lat' dir='ltr'><strong>animatque</strong></span> <span class='ocrx_word' id='word_1_529' title='bbox 1272 504 1418 524; x_wconf 89' lang='lat' dir='ltr'><strong>concursu.</strong></span> <span class='ocrx_word' id='word_1_530' title='bbox 1438 496 1493 524; x_wconf 88' lang='lat' dir='ltr'><strong>lloc</strong></span> <span class='ocrx_word' id='word_1_531' title='bbox 1504 497 1575 524; x_wconf 90' lang='lat' dir='ltr'><strong>enim</strong></span> <span class='ocrx_word' id='word_1_532' title='bbox 1590 498 1668 524; x_wconf 92' lang='lat' dir='ltr'><strong>modo</strong></span> <span class='ocrx_word' id='word_1_533' title='bbox 1684 497 1761 524; x_wconf 81' lang='lat' dir='ltr'><strong>habi-</strong></span> 
     </span>
    </p>
   </div>
   <div class='ocr_carea' id='block_1_74' title="bbox 979 543 1761 578">
    <p class='ocr_par' dir='ltr' id='par_1_74' title="bbox 979 543 1761 578">
     <span class='ocr_line' id='line_1_74' title="bbox 979 543 1761 578; baseline -0.004 -7"><span class='ocrx_word' id='word_1_534' title='bbox 979 549 1037 571; x_wconf 87' lang='lat' dir='ltr'><strong>tare</strong></span> <span class='ocrx_word' id='word_1_535' title='bbox 1052 551 1100 571; x_wconf 82' lang='lat' dir='ltr'><strong>nos</strong></span> <span class='ocrx_word' id='word_1_536' title='bbox 1115 551 1195 578; x_wconf 87' lang='lat' dir='ltr'><strong>super</strong></span> <span class='ocrx_word' id='word_1_537' title='bbox 1208 549 1307 571; x_wconf 86' lang='lat' dir='ltr'><strong>terram</strong></span> <span class='ocrx_word' id='word_1_538' title='bbox 1317 543 1446 578; x_wconf 78' lang='lat' dir='ltr'><strong>possibile</strong></span> <span class='ocrx_word' id='word_1_539' title='bbox 1458 543 1516 570; x_wconf 84' lang='lat' dir='ltr'><strong>fuit.</strong></span> <span class='ocrx_word' id='word_1_540' title='bbox 1529 543 1612 569; x_wconf 86' lang='lat' dir='ltr'><strong>Deum</strong></span> <span class='ocrx_word' id='word_1_541' title='bbox 1629 550 1705 576; x_wconf 86' lang='lat' dir='ltr'><strong>vero,</strong></span> <span class='ocrx_word' id='word_1_542' title='bbox 1716 543 1761 576; x_wconf 92' lang='lat' dir='ltr'><strong>qui</strong></span> 
     </span>
    </p>
   </div>
   <div class='ocr_carea' id='block_1_75' title="bbox 978 589 1764 624">
    <p class='ocr_par' dir='ltr' id='par_1_75' title="bbox 978 589 1764 624">
     <span class='ocr_line' id='line_1_75' title="bbox 978 589 1764 624; baseline -0.003 -8"><span class='ocrx_word' id='word_1_543' title='bbox 978 590 1098 617; x_wconf 89' lang='lat' dir='ltr'><strong>omniunt</strong></span> <span class='ocrx_word' id='word_1_544' title='bbox 1112 594 1154 617; x_wconf 88' lang='lat' dir='ltr'><strong>est</strong></span> <span class='ocrx_word' id='word_1_545' title='bbox 1175 590 1345 624; x_wconf 88' lang='lat' dir='ltr'><strong>principium,</strong></span> <span class='ocrx_word' id='word_1_546' title='bbox 1374 589 1552 624; x_wconf 89' lang='lat' dir='ltr'><strong>compositum</strong></span> <span class='ocrx_word' id='word_1_547' title='bbox 1577 595 1638 616; x_wconf 86' lang='lat' dir='ltr'><strong>esse</strong></span> <span class='ocrx_word' id='word_1_548' title='bbox 1657 596 1709 615; x_wconf 91' lang='lat' dir='ltr'><strong>non</strong></span> <span class='ocrx_word' id='word_1_549' title='bbox 1723 593 1764 614; x_wconf 89' lang='lat' dir='ltr'><strong>est</strong></span> 
     </span>
    </p>
   </div>
   <div class='ocr_carea' id='block_1_76' title="bbox 979 632 1764 669">
    <p class='ocr_par' dir='ltr' id='par_1_76' title="bbox 979 632 1764 669">
     <span class='ocr_line' id='line_1_76' title="bbox 979 632 1764 669; baseline -0.004 -8"><span class='ocrx_word' id='word_1_550' title='bbox 979 635 1125 669; x_wconf 89' lang='lat' dir='ltr'><strong>ptttaudum</strong></span> <span class='ocrx_word' id='word_1_551' title='bbox 1142 642 1195 661; x_wconf 88' lang='lat' dir='ltr'><strong>:ue</strong></span> <span class='ocrx_word' id='word_1_552' title='bbox 1210 634 1279 662; x_wconf 88' lang='lat' dir='ltr'><strong>forte</strong></span> <span class='ocrx_word' id='word_1_553' title='bbox 1298 635 1388 669; x_wconf 88' lang='lat' dir='ltr'><strong>priora</strong></span> <span class='ocrx_word' id='word_1_554' title='bbox 1404 635 1462 668; x_wconf 89' lang='lat' dir='ltr'><strong>ipso</strong></span> <span class='ocrx_word' id='word_1_555' title='bbox 1480 633 1612 667; x_wconf 90' lang='lat' dir='ltr'><strong>principio</strong></span> <span class='ocrx_word' id='word_1_556' title='bbox 1623 632 1764 659; x_wconf 82' lang='lat' dir='ltr'><strong>iuvenian~</strong></span> 
     </span>
    </p>
   </div>
   <div class='ocr_carea' id='block_1_77' title="bbox 980 678 1763 713">
    <p class='ocr_par' dir='ltr' id='par_1_77' title="bbox 980 678 1763 713">
     <span class='ocr_line' id='line_1_77' title="bbox 980 678 1763 713; baseline -0.001 -7"><span class='ocrx_word' id='word_1_557' title='bbox 980 684 1023 706; x_wconf 89' lang='lat' dir='ltr'><strong>tur</strong></span> <span class='ocrx_word' id='word_1_558' title='bbox 1039 679 1171 706; x_wconf 88' lang='lat' dir='ltr'><strong>elementa</strong></span> <span class='ocrx_word' id='word_1_559' title='bbox 1186 687 1254 710; x_wconf 85' lang='lat' dir='ltr'><strong>esse,</strong></span> <span class='ocrx_word' id='word_1_560' title='bbox 1268 687 1301 706; x_wconf 78' lang='lat' dir='ltr'><strong>ex</strong></span> <span class='ocrx_word' id='word_1_561' title='bbox 1313 680 1409 713; x_wconf 87' lang='lat' dir='ltr'><strong>quibus</strong></span> <span class='ocrx_word' id='word_1_562' title='bbox 1423 678 1602 712; x_wconf 86' lang='lat' dir='ltr'><strong>compositum</strong></span> <span class='ocrx_word' id='word_1_563' title='bbox 1613 682 1654 704; x_wconf 91' lang='lat' dir='ltr'><strong>est</strong></span> <span class='ocrx_word' id='word_1_564' title='bbox 1665 684 1763 705; x_wconf 82' lang='lat' dir='ltr'><strong>omne.</strong></span> 
     </span>
    </p>
   </div>
   <div class='ocr_carea' id='block_1_78' title="bbox 980 722 1764 760">
    <p class='ocr_par' dir='ltr' id='par_1_78' title="bbox 980 722 1764 760">
     <span class='ocr_line' id='line_1_78' title="bbox 980 722 1764 760; baseline -0.003 -10"><span class='ocrx_word' id='word_1_565' title='bbox 980 725 1110 759; x_wconf 80' lang='lat' dir='ltr'><strong>quidquid</strong></span> <span class='ocrx_word' id='word_1_566' title='bbox 1123 724 1186 751; x_wconf 89' lang='lat' dir='ltr'><strong>illud</strong></span> <span class='ocrx_word' id='word_1_567' title='bbox 1204 730 1256 758; x_wconf 81' lang='lat' dir='ltr'><strong>est,</strong></span> <span class='ocrx_word' id='word_1_568' title='bbox 1280 725 1352 760; x_wconf 90' lang='lat' dir='ltr'><strong>quod</strong></span> <span class='ocrx_word' id='word_1_569' title='bbox 1369 725 1547 759; x_wconf 90' lang='lat' dir='ltr'><strong>compositum</strong></span> <span class='ocrx_word' id='word_1_570' title='bbox 1569 724 1680 751; x_wconf 85' lang='lat' dir='ltr'><strong>dicitur.</strong></span> <span class='ocrx_word' id='word_1_571' title='bbox 1712 722 1764 750; x_wconf 85' lang='lat' dir='ltr'><strong>Sed</strong></span> 
     </span>
    </p>
   </div>
   <div class='ocr_carea' id='block_1_79' title="bbox 981 769 1766 805">
    <p class='ocr_par' dir='ltr' id='par_1_79' title="bbox 981 769 1766 805">
     <span class='ocr_line' id='line_1_79' title="bbox 981 769 1766 805; baseline -0.004 -9"><span class='ocrx_word' id='word_1_572' title='bbox 981 777 1030 797; x_wconf 88' lang='lat' dir='ltr'><strong>nec</strong></span> <span class='ocrx_word' id='word_1_573' title='bbox 1059 770 1244 804; x_wconf 92' lang='lat' dir='ltr'><strong>magnitudine</strong></span> <span class='ocrx_word' id='word_1_574' title='bbox 1261 770 1393 805; x_wconf 87' lang='lat' dir='ltr'><strong>corporali</strong></span> <span class='ocrx_word' id='word_1_575' title='bbox 1421 777 1497 797; x_wconf 87' lang='lat' dir='ltr'><strong>mens</strong></span> <span class='ocrx_word' id='word_1_576' title='bbox 1522 769 1624 802; x_wconf 83' lang='lat' dir='ltr'><strong>indiget</strong></span> <span class='ocrx_word' id='word_1_577' title='bbox 1648 772 1676 794; x_wconf 93' lang='lat' dir='ltr'><strong>ut</strong></span> <span class='ocrx_word' id='word_1_578' title='bbox 1704 773 1766 802; x_wconf 88' lang='lat' dir='ltr'><strong>agat</strong></span> 
     </span>
    </p>
   </div>
   <div class='ocr_carea' id='block_1_80' title="bbox 981 814 1765 852">
    <p class='ocr_par' dir='ltr' id='par_1_80' title="bbox 981 814 1765 852">
     <span class='ocr_line' id='line_1_80' title="bbox 981 814 1765 852; baseline -0.003 -10"><span class='ocrx_word' id='word_1_579' title='bbox 981 816 1094 852; x_wconf 88' lang='lat' dir='ltr'><strong>aliquid,</strong></span> <span class='ocrx_word' id='word_1_580' title='bbox 1115 817 1156 844; x_wconf 94' lang='lat' dir='ltr'><strong>vel</strong></span> <span class='ocrx_word' id='word_1_581' title='bbox 1171 820 1328 848; x_wconf 73' lang='lat' dir='ltr'><strong>moveatur;</strong></span> <span class='ocrx_word' id='word_1_582' title='bbox 1344 816 1414 843; x_wconf 88' lang='lat' dir='ltr'><strong>sicut</strong></span> <span class='ocrx_word' id='word_1_583' title='bbox 1427 815 1521 843; x_wconf 88' lang='lat' dir='ltr'><strong>oculus</strong></span> <span class='ocrx_word' id='word_1_584' title='bbox 1539 822 1601 842; x_wconf 91' lang='lat' dir='ltr'><strong>cum</strong></span> <span class='ocrx_word' id='word_1_585' title='bbox 1617 815 1642 841; x_wconf 92' lang='lat' dir='ltr'><strong>in</strong></span> <span class='ocrx_word' id='word_1_586' title='bbox 1663 814 1765 846; x_wconf 85' lang='lat' dir='ltr'><strong>maiora</strong></span> 
     </span>
    </p>
   </div>
   <div class='ocr_carea' id='block_1_81' title="bbox 981 859 1765 899">
    <p class='ocr_par' dir='ltr' id='par_1_81' title="bbox 981 859 1765 899">
     <span class='ocr_line' id='line_1_81' title="bbox 981 859 1765 899; baseline -0.01 -7"><span class='ocrx_word' id='word_1_587' title='bbox 981 866 1088 899; x_wconf 84' lang='lat' dir='ltr'><strong>quidem</strong></span> <span class='ocrx_word' id='word_1_588' title='bbox 1105 871 1218 898; x_wconf 88' lang='lat' dir='ltr'><strong>corpora</strong></span> <span class='ocrx_word' id='word_1_589' title='bbox 1237 863 1292 897; x_wconf 88' lang='grc'>(91)</span> <span class='ocrx_word' id='word_1_590' title='bbox 1310 861 1440 888; x_wconf 89' lang='lat' dir='ltr'><strong>intuendo</strong></span> <span class='ocrx_word' id='word_1_591' title='bbox 1452 859 1621 891; x_wconf 73' lang='lat' dir='ltr'><strong>diﬂ‘unditur,</strong></span> <span class='ocrx_word' id='word_1_592' title='bbox 1636 859 1670 885; x_wconf 87' lang='lat' dir='ltr'><strong>ad</strong></span> <span class='ocrx_word' id='word_1_593' title='bbox 1684 865 1765 892; x_wconf 84' lang='lat' dir='ltr'><strong>parva</strong></span> 
     </span>
    </p>
   </div>
   <div class='ocr_carea' id='block_1_82' title="bbox 981 904 1767 944">
    <p class='ocr_par' dir='ltr' id='par_1_82' title="bbox 981 904 1767 944">
     <span class='ocr_line' id='line_1_82' title="bbox 981 904 1767 944; baseline -0.009 -8"><span class='ocrx_word' id='word_1_594' title='bbox 981 918 1044 938; x_wconf 88' lang='lat' dir='ltr'><strong>vero</strong></span> <span class='ocrx_word' id='word_1_595' title='bbox 1059 915 1085 937; x_wconf 91' lang='lat' dir='ltr'><strong>et</strong></span> <span class='ocrx_word' id='word_1_596' title='bbox 1110 910 1206 944; x_wconf 79' lang='lat' dir='ltr'><strong>exigua</strong></span> <span class='ocrx_word' id='word_1_597' title='bbox 1232 912 1385 935; x_wconf 83' lang='lat' dir='ltr'><strong>coarctatur</strong></span> <span class='ocrx_word' id='word_1_598' title='bbox 1400 911 1427 934; x_wconf 93' lang='lat' dir='ltr'><strong>et</strong></span> <span class='ocrx_word' id='word_1_599' title='bbox 1446 906 1605 940; x_wconf 82' lang='lat' dir='ltr'><strong>astringitur</strong></span> <span class='ocrx_word' id='word_1_600' title='bbox 1620 905 1653 931; x_wconf 80' lang='lat' dir='ltr'><strong>ad</strong></span> <span class='ocrx_word' id='word_1_601' title='bbox 1669 904 1767 930; x_wconf 91' lang='lat' dir='ltr'><strong>viden-</strong></span> 
     </span>
    </p>
   </div>
   <div class='ocr_carea' id='block_1_83' title="bbox 981 949 1765 988">
    <p class='ocr_par' dir='ltr' id='par_1_83' title="bbox 981 949 1765 988">
     <span class='ocr_line' id='line_1_83' title="bbox 981 949 1765 988; baseline -0.01 -6"><span class='ocrx_word' id='word_1_602' title='bbox 981 954 1174 988; x_wconf 84' lang='lat' dir='ltr'><strong>dum.lndiget</strong></span> <span class='ocrx_word' id='word_1_603' title='bbox 1196 961 1262 983; x_wconf 80' lang='lat' dir='ltr'><strong>sane</strong></span> <span class='ocrx_word' id='word_1_604' title='bbox 1283 959 1360 979; x_wconf 85' lang='lat' dir='ltr'><strong>mens</strong></span> <span class='ocrx_word' id='word_1_605' title='bbox 1384 951 1569 986; x_wconf 82' lang='lat' dir='ltr'><strong>magnitudine</strong></span> <span class='ocrx_word' id='word_1_606' title='bbox 1592 949 1765 983; x_wconf 83' lang='lat' dir='ltr'><strong>intelligibili,</strong></span> 
     </span>
    </p>
   </div>
   <div class='ocr_carea' id='block_1_84' title="bbox 981 995 1766 1034">
    <p class='ocr_par' dir='ltr' id='par_1_84' title="bbox 981 995 1766 1034">
     <span class='ocr_line' id='line_1_84' title="bbox 981 995 1766 1034; baseline -0.008 -8"><span class='ocrx_word' id='word_1_607' title='bbox 981 1000 1042 1034; x_wconf 89' lang='lat' dir='ltr'><strong>quia</strong></span> <span class='ocrx_word' id='word_1_608' title='bbox 1064 1008 1116 1026; x_wconf 94' lang='lat' dir='ltr'><strong>non</strong></span> <span class='ocrx_word' id='word_1_609' title='bbox 1142 998 1333 1033; x_wconf 86' lang='lat' dir='ltr'><strong>corporaliter,</strong></span> <span class='ocrx_word' id='word_1_610' title='bbox 1361 997 1407 1024; x_wconf 86' lang='lat' dir='ltr'><strong>sed</strong></span> <span class='ocrx_word' id='word_1_611' title='bbox 1434 995 1638 1030; x_wconf 85' lang='lat' dir='ltr'><strong>intelligibiliter</strong></span> <span class='ocrx_word' id='word_1_612' title='bbox 1656 995 1766 1022; x_wconf 90' lang='lat' dir='ltr'><strong>crescit.</strong></span> 
     </span>
    </p>
   </div>
   <div class='ocr_carea' id='block_1_85' title="bbox 980 1040 1766 1078">
    <p class='ocr_par' dir='ltr' id='par_1_85' title="bbox 980 1040 1766 1078">
     <span class='ocr_line' id='line_1_85' title="bbox 980 1040 1766 1078; baseline -0.01 -5"><span class='ocrx_word' id='word_1_613' title='bbox 980 1045 1039 1073; x_wconf 85' lang='lat' dir='ltr'><strong>Non</strong></span> <span class='ocrx_word' id='word_1_614' title='bbox 1054 1045 1125 1072; x_wconf 90' lang='lat' dir='ltr'><strong>enim</strong></span> <span class='ocrx_word' id='word_1_615' title='bbox 1140 1043 1329 1078; x_wconf 84' lang='lat' dir='ltr'><strong>corporalibus</strong></span> <span class='ocrx_word' id='word_1_616' title='bbox 1345 1042 1521 1069; x_wconf 88' lang='lat' dir='ltr'><strong>incrementis</strong></span> <span class='ocrx_word' id='word_1_617' title='bbox 1537 1040 1616 1067; x_wconf 87' lang='lat' dir='ltr'><strong>simul</strong></span> <span class='ocrx_word' id='word_1_618' title='bbox 1631 1048 1689 1066; x_wconf 89' lang='lat' dir='ltr'><strong>cum</strong></span> <span class='ocrx_word' id='word_1_619' title='bbox 1705 1047 1766 1066; x_wconf 79' lang='lat' dir='ltr'><strong>cor-</strong></span> 
     </span>
    </p>
   </div>
   <div class='ocr_carea' id='block_1_86' title="bbox 982 1085 1769 1125">
    <p class='ocr_par' dir='ltr' id='par_1_86' title="bbox 982 1085 1769 1125">
     <span class='ocr_line' id='line_1_86' title="bbox 982 1085 1769 1125; baseline -0.009 -8"><span class='ocrx_word' id='word_1_620' title='bbox 982 1098 1048 1125; x_wconf 89' lang='lat' dir='ltr'><strong>pore</strong></span> <span class='ocrx_word' id='word_1_621' title='bbox 1060 1096 1136 1116; x_wconf 88' lang='lat' dir='ltr'><strong>mens</strong></span> <span class='ocrx_word' id='word_1_622' title='bbox 1154 1095 1241 1122; x_wconf 76' lang='lat' dir='ltr'><strong>uSque</strong></span> <span class='ocrx_word' id='word_1_623' title='bbox 1256 1088 1289 1114; x_wconf 90' lang='lat' dir='ltr'><strong>ad</strong></span> <span class='ocrx_word' id='word_1_624' title='bbox 1305 1087 1466 1122; x_wconf 76' lang='lat' dir='ltr'><strong>vigesimum</strong></span> <span class='ocrx_word' id='word_1_625' title='bbox 1481 1085 1522 1112; x_wconf 91' lang='lat' dir='ltr'><strong>vel</strong></span> <span class='ocrx_word' id='word_1_626' title='bbox 1540 1085 1706 1119; x_wconf 80' lang='lat' dir='ltr'><strong>trigesimum</strong></span> <span class='ocrx_word' id='word_1_627' title='bbox 1720 1091 1769 1110; x_wconf 89' lang='lat' dir='ltr'><strong>an-</strong></span> 
     </span>
    </p>
   </div>
   <div class='ocr_carea' id='block_1_87' title="bbox 982 1130 1768 1168">
    <p class='ocr_par' dir='ltr' id='par_1_87' title="bbox 982 1130 1768 1168">
     <span class='ocr_line' id='line_1_87' title="bbox 982 1130 1768 1168; baseline -0.005 -7"><span class='ocrx_word' id='word_1_628' title='bbox 982 1143 1045 1162; x_wconf 88' lang='lat' dir='ltr'><strong>nutn</strong></span> <span class='ocrx_word' id='word_1_629' title='bbox 1060 1134 1147 1161; x_wconf 70' lang='lat' dir='ltr'><strong>relatis</strong></span> <span class='ocrx_word' id='word_1_630' title='bbox 1163 1137 1288 1168; x_wconf 80' lang='lat' dir='ltr'><strong>augetur,</strong></span> <span class='ocrx_word' id='word_1_631' title='bbox 1306 1132 1352 1160; x_wconf 89' lang='lat' dir='ltr'><strong>sed</strong></span> <span class='ocrx_word' id='word_1_632' title='bbox 1373 1131 1571 1158; x_wconf 88' lang='lat' dir='ltr'><strong>eruditionibus</strong></span> <span class='ocrx_word' id='word_1_633' title='bbox 1584 1134 1611 1156; x_wconf 89' lang='lat' dir='ltr'><strong>et</strong></span> <span class='ocrx_word' id='word_1_634' title='bbox 1629 1130 1768 1157; x_wconf 86' lang='lat' dir='ltr'><strong>exercitiis</strong></span> 
     </span>
    </p>
   </div>
   <div class='ocr_carea' id='block_1_88' title="bbox 982 1176 1768 1217">
    <p class='ocr_par' dir='ltr' id='par_1_88' title="bbox 982 1176 1768 1217">
     <span class='ocr_line' id='line_1_88' title="bbox 982 1176 1768 1217; baseline -0.004 -12"><span class='ocrx_word' id='word_1_635' title='bbox 982 1179 1034 1214; x_wconf 76' lang='lat'><strong>52</strong></span> <span class='ocrx_word' id='word_1_636' title='bbox 1049 1178 1177 1206; x_wconf 85' lang='lat' dir='ltr'><strong>adhibitis</strong></span> <span class='ocrx_word' id='word_1_637' title='bbox 1191 1185 1303 1205; x_wconf 90' lang='lat' dir='ltr'><strong>acumen</strong></span> <span class='ocrx_word' id='word_1_638' title='bbox 1315 1177 1424 1211; x_wconf 87' lang='lat' dir='ltr'><strong>quidem</strong></span> <span class='ocrx_word' id='word_1_639' title='bbox 1440 1177 1564 1204; x_wconf 88' lang='lat' dir='ltr'><strong>elituatur</strong></span> <span class='ocrx_word' id='word_1_640' title='bbox 1577 1176 1685 1217; x_wconf 79' lang='lat' dir='ltr'><strong>ingenii,</strong></span> <span class='ocrx_word' id='word_1_641' title='bbox 1695 1184 1768 1211; x_wconf 68' lang='lat' dir='ltr'><strong>quaa-</strong></span> 
     </span>
    </p>
   </div>
   <div class='ocr_carea' id='block_1_89' title="bbox 982 1223 1768 1260">
    <p class='ocr_par' dir='ltr' id='par_1_89' title="bbox 982 1223 1768 1260">
     <span class='ocr_line' id='line_1_89' title="bbox 982 1223 1768 1260; baseline -0.005 -8"><span class='ocrx_word' id='word_1_642' title='bbox 982 1233 1034 1260; x_wconf 92' lang='lat' dir='ltr'><strong>que</strong></span> <span class='ocrx_word' id='word_1_643' title='bbox 1059 1229 1121 1252; x_wconf 90' lang='lat' dir='ltr'><strong>sunt</strong></span> <span class='ocrx_word' id='word_1_644' title='bbox 1136 1225 1160 1251; x_wconf 86' lang='lat' dir='ltr'><strong>ei</strong></span> <span class='ocrx_word' id='word_1_645' title='bbox 1178 1225 1257 1251; x_wconf 89' lang='lat' dir='ltr'><strong>insita</strong></span> <span class='ocrx_word' id='word_1_646' title='bbox 1273 1223 1329 1258; x_wconf 76' lang='lat'><strong>(92)</strong></span> <span class='ocrx_word' id='word_1_647' title='bbox 1344 1223 1377 1250; x_wconf 88' lang='lat' dir='ltr'><strong>ad</strong></span> <span class='ocrx_word' id='word_1_648' title='bbox 1394 1223 1599 1258; x_wconf 82' lang='lat' dir='ltr'><strong>intelligentiam</strong></span> <span class='ocrx_word' id='word_1_649' title='bbox 1618 1229 1768 1257; x_wconf 88' lang='lat' dir='ltr'><strong>provocan-</strong></span> 
     </span>
    </p>
   </div>
   <div class='ocr_carea' id='block_1_90' title="bbox 984 1269 1768 1305">
    <p class='ocr_par' dir='ltr' id='par_1_90' title="bbox 984 1269 1768 1305">
     <span class='ocr_line' id='line_1_90' title="bbox 984 1269 1768 1305; baseline -0.004 -8"><span class='ocrx_word' id='word_1_650' title='bbox 984 1276 1035 1303; x_wconf 92' lang='lat' dir='ltr'><strong>tur,</strong></span> <span class='ocrx_word' id='word_1_651' title='bbox 1050 1275 1078 1297; x_wconf 88' lang='lat' dir='ltr'><strong>et</strong></span> <span class='ocrx_word' id='word_1_652' title='bbox 1093 1278 1177 1305; x_wconf 78' lang='lat' dir='ltr'><strong>capax</strong></span> <span class='ocrx_word' id='word_1_653' title='bbox 1196 1269 1310 1297; x_wconf 83' lang='lat' dir='ltr'><strong>ellicitur</strong></span> <span class='ocrx_word' id='word_1_654' title='bbox 1326 1269 1437 1304; x_wconf 80' lang='lat' dir='ltr'><strong>majoris</strong></span> <span class='ocrx_word' id='word_1_655' title='bbox 1451 1269 1615 1301; x_wconf 90' lang='lat' dir='ltr'><strong>intellectus,</strong></span> <span class='ocrx_word' id='word_1_656' title='bbox 1632 1275 1685 1295; x_wconf 88' lang='lat' dir='ltr'><strong>non</strong></span> <span class='ocrx_word' id='word_1_657' title='bbox 1704 1275 1768 1295; x_wconf 85' lang='lat' dir='ltr'><strong>cor-</strong></span> 
     </span>
    </p>
   </div>
   <div class='ocr_carea' id='block_1_91' title="bbox 983 1315 1768 1351">
    <p class='ocr_par' dir='ltr' id='par_1_91' title="bbox 983 1315 1768 1351">
     <span class='ocr_line' id='line_1_91' title="bbox 983 1315 1768 1351; baseline -0.003 -8"><span class='ocrx_word' id='word_1_658' title='bbox 983 1317 1122 1351; x_wconf 83' lang='lat' dir='ltr'><strong>poralibus</strong></span> <span class='ocrx_word' id='word_1_659' title='bbox 1146 1316 1320 1343; x_wconf 87' lang='lat' dir='ltr'><strong>incrementis</strong></span> <span class='ocrx_word' id='word_1_660' title='bbox 1342 1320 1431 1348; x_wconf 89' lang='lat' dir='ltr'><strong>aucta,</strong></span> <span class='ocrx_word' id='word_1_661' title='bbox 1446 1315 1493 1343; x_wconf 90' lang='lat' dir='ltr'><strong>sed</strong></span> <span class='ocrx_word' id='word_1_662' title='bbox 1514 1315 1674 1342; x_wconf 87' lang='lat' dir='ltr'><strong>eruditionis</strong></span> <span class='ocrx_word' id='word_1_663' title='bbox 1687 1322 1768 1342; x_wconf 81' lang='lat' dir='ltr'><strong>exer—</strong></span> 
     </span>
    </p>
   </div>
   <div class='ocr_carea' id='block_1_92' title="bbox 983 1360 1768 1395">
    <p class='ocr_par' dir='ltr' id='par_1_92' title="bbox 983 1360 1768 1395">
     <span class='ocr_line' id='line_1_92' title="bbox 983 1360 1768 1395; baseline -0.004 -6"><span class='ocrx_word' id='word_1_664' title='bbox 983 1362 1054 1390; x_wconf 87' lang='lat' dir='ltr'><strong>citiis</strong></span> <span class='ocrx_word' id='word_1_665' title='bbox 1072 1363 1192 1388; x_wconf 86' lang='lat' dir='ltr'><strong>climata.</strong></span> <span class='ocrx_word' id='word_1_666' title='bbox 1206 1362 1272 1394; x_wconf 71' lang='lat' dir='ltr'><strong>Qum</strong></span> <span class='ocrx_word' id='word_1_667' title='bbox 1293 1361 1394 1389; x_wconf 90' lang='lat' dir='ltr'><strong>ideirco</strong></span> <span class='ocrx_word' id='word_1_668' title='bbox 1417 1369 1469 1389; x_wconf 81' lang='lat' dir='ltr'><strong>non</strong></span> <span class='ocrx_word' id='word_1_669' title='bbox 1483 1361 1573 1388; x_wconf 84' lang='lat' dir='ltr'><strong>statim</strong></span> <span class='ocrx_word' id='word_1_670' title='bbox 1593 1368 1607 1387; x_wconf 88' lang='lat' dir='ltr'><strong>a</strong></span> <span class='ocrx_word' id='word_1_671' title='bbox 1627 1367 1711 1395; x_wconf 90' lang='lat' dir='ltr'><strong>puero</strong></span> <span class='ocrx_word' id='word_1_672' title='bbox 1727 1360 1768 1387; x_wconf 87' lang='lat' dir='ltr'><strong>vel</strong></span> 
     </span>
    </p>
   </div>
   <div class='ocr_carea' id='block_1_93' title="bbox 983 1406 1769 1441">
    <p class='ocr_par' dir='ltr' id='par_1_93' title="bbox 983 1406 1769 1441">
     <span class='ocr_line' id='line_1_93' title="bbox 983 1406 1769 1441; baseline -0.001 -8"><span class='ocrx_word' id='word_1_673' title='bbox 983 1415 997 1434; x_wconf 90' lang='lat' dir='ltr'><strong>a</strong></span> <span class='ocrx_word' id='word_1_674' title='bbox 1016 1407 1157 1434; x_wconf 88' lang='lat' dir='ltr'><strong>nativitate</strong></span> <span class='ocrx_word' id='word_1_675' title='bbox 1174 1408 1295 1441; x_wconf 85' lang='lat' dir='ltr'><strong>recipere</strong></span> <span class='ocrx_word' id='word_1_676' title='bbox 1305 1412 1404 1441; x_wconf 83' lang='lat' dir='ltr'><strong>potest,</strong></span> <span class='ocrx_word' id='word_1_677' title='bbox 1417 1407 1479 1441; x_wconf 89' lang='lat' dir='ltr'><strong>quia</strong></span> <span class='ocrx_word' id='word_1_678' title='bbox 1497 1406 1613 1433; x_wconf 87' lang='lat' dir='ltr'><strong>invalida</strong></span> <span class='ocrx_word' id='word_1_679' title='bbox 1628 1406 1717 1433; x_wconf 86' lang='lat' dir='ltr'><strong>adhuc</strong></span> <span class='ocrx_word' id='word_1_680' title='bbox 1741 1411 1769 1432; x_wconf 87' lang='lat' dir='ltr'><strong>et</strong></span> 
     </span>
    </p>
   </div>
   <div class='ocr_carea' id='block_1_94' title="bbox 983 1452 1769 1486">
    <p class='ocr_par' dir='ltr' id='par_1_94' title="bbox 983 1452 1769 1486">
     <span class='ocr_line' id='line_1_94' title="bbox 983 1452 1769 1486; baseline -0.004 -6"><span class='ocrx_word' id='word_1_681' title='bbox 983 1453 1116 1481; x_wconf 87' lang='lat' dir='ltr'><strong>imbecilla</strong></span> <span class='ocrx_word' id='word_1_682' title='bbox 1143 1454 1324 1480; x_wconf 89' lang='lat' dir='ltr'><strong>membrorum</strong></span> <span class='ocrx_word' id='word_1_683' title='bbox 1347 1458 1390 1480; x_wconf 88' lang='lat' dir='ltr'><strong>est</strong></span> <span class='ocrx_word' id='word_1_684' title='bbox 1416 1460 1558 1486; x_wconf 87' lang='lat' dir='ltr'><strong>compago,</strong></span> <span class='ocrx_word' id='word_1_685' title='bbox 1583 1452 1679 1486; x_wconf 88' lang='lat' dir='ltr'><strong>quibus</strong></span> <span class='ocrx_word' id='word_1_686' title='bbox 1696 1452 1769 1479; x_wconf 89' lang='lat' dir='ltr'><strong>velut</strong></span> 
     </span>
    </p>
   </div>
   <div class='ocr_carea' id='block_1_95' title="bbox 984 1498 1768 1534">
    <p class='ocr_par' dir='ltr' id='par_1_95' title="bbox 984 1498 1768 1534">
     <span class='ocr_line' id='line_1_95' title="bbox 984 1498 1768 1534; baseline -0.003 -8"><span class='ocrx_word' id='word_1_687' title='bbox 984 1500 1094 1534; x_wconf 80' lang='lat' dir='ltr'><strong>organis</strong></span> <span class='ocrx_word' id='word_1_688' title='bbox 1109 1498 1142 1525; x_wconf 88' lang='lat' dir='ltr'><strong>ad</strong></span> <span class='ocrx_word' id='word_1_689' title='bbox 1159 1498 1318 1525; x_wconf 84' lang='lat' dir='ltr'><strong>exercitium</strong></span> <span class='ocrx_word' id='word_1_690' title='bbox 1337 1498 1377 1525; x_wconf 91' lang='lat' dir='ltr'><strong>sui</strong></span> <span class='ocrx_word' id='word_1_691' title='bbox 1397 1505 1473 1524; x_wconf 88' lang='lat' dir='ltr'><strong>mens</strong></span> <span class='ocrx_word' id='word_1_692' title='bbox 1489 1498 1583 1527; x_wconf 82' lang='lat' dir='ltr'><strong>utitur.</strong></span> <span class='ocrx_word' id='word_1_693' title='bbox 1601 1505 1687 1531; x_wconf 87' lang='lat' dir='ltr'><strong>neque</strong></span> <span class='ocrx_word' id='word_1_694' title='bbox 1704 1505 1768 1531; x_wconf 79' lang='lat' dir='ltr'><strong>ope-</strong></span> 
     </span>
    </p>
   </div>
   <div class='ocr_carea' id='block_1_96' title="bbox 985 1543 1768 1580">
    <p class='ocr_par' dir='ltr' id='par_1_96' title="bbox 985 1543 1768 1580">
     <span class='ocr_line' id='line_1_96' title="bbox 985 1543 1768 1580; baseline -0.003 -8"><span class='ocrx_word' id='word_1_695' title='bbox 985 1546 1062 1572; x_wconf 86' lang='lat' dir='ltr'><strong>randi</strong></span> <span class='ocrx_word' id='word_1_696' title='bbox 1077 1545 1130 1572; x_wconf 92' lang='lat' dir='ltr'><strong>vim</strong></span> <span class='ocrx_word' id='word_1_697' title='bbox 1156 1545 1212 1580; x_wconf 79' lang='lat'><strong>(93)</strong></span> <span class='ocrx_word' id='word_1_698' title='bbox 1238 1549 1388 1571; x_wconf 86' lang='lat' dir='ltr'><strong>sustentare</strong></span> <span class='ocrx_word' id='word_1_699' title='bbox 1407 1544 1489 1575; x_wconf 86' lang='lat' dir='ltr'><strong>valet,</strong></span> <span class='ocrx_word' id='word_1_700' title='bbox 1514 1551 1564 1570; x_wconf 88' lang='lat' dir='ltr'><strong>nec</strong></span> <span class='ocrx_word' id='word_1_701' title='bbox 1589 1543 1768 1578; x_wconf 75' lang='lat' dir='ltr'><strong>percipienda:</strong></span> 
     </span>
    </p>
   </div>
   <div class='ocr_carea' id='block_1_97' title="bbox 983 1589 1574 1624">
    <p class='ocr_par' dir='ltr' id='par_1_97' title="bbox 983 1589 1574 1624">
     <span class='ocr_line' id='line_1_97' title="bbox 983 1589 1574 1624; baseline 0 -7"><span class='ocrx_word' id='word_1_702' title='bbox 983 1590 1131 1624; x_wconf 64' lang='lat' dir='ltr'><strong>disciplinae</strong></span> <span class='ocrx_word' id='word_1_703' title='bbox 1149 1590 1278 1617; x_wconf 78' lang='lat' dir='ltr'><strong>exhibere</strong></span> <span class='ocrx_word' id='word_1_704' title='bbox 1291 1589 1390 1616; x_wconf 84' lang='lat' dir='ltr'><strong>sul&#39;licit</strong></span> <span class='ocrx_word' id='word_1_705' title='bbox 1407 1589 1574 1617; x_wconf 80' lang='lat' dir='ltr'><strong>facultatem.</strong></span> 
     </span>
    </p>
   </div>
   <div class='ocr_carea' id='block_1_98' title="bbox 1019 1634 1770 1670">
    <p class='ocr_par' dir='ltr' id='par_1_98' title="bbox 1019 1634 1770 1670">
     <span class='ocr_line' id='line_1_98' title="bbox 1019 1634 1770 1670; baseline -0.003 -8"><span class='ocrx_word' id='word_1_706' title='bbox 1019 1636 1044 1662; x_wconf 91' lang='lat'><strong>7.</strong></span> <span class='ocrx_word' id='word_1_707' title='bbox 1058 1635 1085 1662; x_wconf 90' lang='lat' dir='ltr'><strong>Si</strong></span> <span class='ocrx_word' id='word_1_708' title='bbox 1098 1635 1143 1670; x_wconf 88' lang='lat' dir='ltr'><strong>qui</strong></span> <span class='ocrx_word' id='word_1_709' title='bbox 1157 1640 1246 1662; x_wconf 86' lang='lat' dir='ltr'><strong>autem</strong></span> <span class='ocrx_word' id='word_1_710' title='bbox 1258 1640 1320 1662; x_wconf 92' lang='lat' dir='ltr'><strong>suut</strong></span> <span class='ocrx_word' id='word_1_711' title='bbox 1333 1635 1380 1667; x_wconf 90' lang='lat' dir='ltr'><strong>qui</strong></span> <span class='ocrx_word' id='word_1_712' title='bbox 1401 1639 1518 1661; x_wconf 89' lang='lat' dir='ltr'><strong>utentem</strong></span> <span class='ocrx_word' id='word_1_713' title='bbox 1535 1634 1620 1668; x_wconf 88' lang='lat' dir='ltr'><strong>ipsatn</strong></span> <span class='ocrx_word' id='word_1_714' title='bbox 1637 1634 1770 1661; x_wconf 72' lang='lat' dir='ltr'><strong>animam-</strong></span> 
     </span>
    </p>
   </div>
   <div class='ocr_carea' id='block_1_99' title="bbox 984 1680 1769 1716">
    <p class='ocr_par' dir='ltr' id='par_1_99' title="bbox 984 1680 1769 1716">
     <span class='ocr_line' id='line_1_99' title="bbox 984 1680 1769 1716; baseline -0.001 -9"><span class='ocrx_word' id='word_1_715' title='bbox 984 1688 1036 1716; x_wconf 91' lang='lat' dir='ltr'><strong>que</strong></span> <span class='ocrx_word' id='word_1_716' title='bbox 1054 1688 1152 1715; x_wconf 90' lang='lat' dir='ltr'><strong>corpus</strong></span> <span class='ocrx_word' id='word_1_717' title='bbox 1165 1688 1224 1708; x_wconf 87' lang='lat' dir='ltr'><strong>esse</strong></span> <span class='ocrx_word' id='word_1_718' title='bbox 1238 1680 1416 1712; x_wconf 85' lang='lat' dir='ltr'><strong>arbitrentur,</strong></span> <span class='ocrx_word' id='word_1_719' title='bbox 1437 1680 1516 1708; x_wconf 84' lang='lat' dir='ltr'><strong>velint</strong></span> <span class='ocrx_word' id='word_1_720' title='bbox 1541 1680 1605 1707; x_wconf 90' lang='lat' dir='ltr'><strong>mibi</strong></span> <span class='ocrx_word' id='word_1_721' title='bbox 1621 1681 1769 1714; x_wconf 83' lang='lat' dir='ltr'><strong>responde—</strong></span> 
     </span>
    </p>
   </div>
   <div class='ocr_carea' id='block_1_100' title="bbox 984 1725 1770 1762">
    <p class='ocr_par' dir='ltr' id='par_1_100' title="bbox 984 1725 1770 1762">
     <span class='ocr_line' id='line_1_100' title="bbox 984 1725 1770 1762; baseline -0.003 -8"><span class='ocrx_word' id='word_1_722' title='bbox 984 1731 1054 1759; x_wconf 86' lang='lat' dir='ltr'><strong>rent,</strong></span> <span class='ocrx_word' id='word_1_723' title='bbox 1078 1727 1212 1761; x_wconf 91' lang='lat' dir='ltr'><strong>quomodo</strong></span> <span class='ocrx_word' id='word_1_724' title='bbox 1235 1731 1370 1753; x_wconf 87' lang='lat' dir='ltr'><strong>tantarum</strong></span> <span class='ocrx_word' id='word_1_725' title='bbox 1397 1734 1486 1753; x_wconf 89' lang='lat' dir='ltr'><strong>rerum</strong></span> <span class='ocrx_word' id='word_1_726' title='bbox 1503 1726 1572 1762; x_wconf 78' lang='grc'>(91),</span> <span class='ocrx_word' id='word_1_727' title='bbox 1595 1731 1649 1753; x_wconf 82' lang='lat' dir='ltr'><strong>tam</strong></span> <span class='ocrx_word' id='word_1_728' title='bbox 1674 1725 1770 1752; x_wconf 86' lang='lat' dir='ltr'><strong>dilliei-</strong></span> 
     </span>
    </p>
   </div>
   <div class='ocr_carea' id='block_1_101' title="bbox 984 1770 1768 1806">
    <p class='ocr_par' dir='ltr' id='par_1_101' title="bbox 984 1770 1768 1806">
     <span class='ocr_line' id='line_1_101' title="bbox 984 1770 1768 1806; baseline -0.001 -8"><span class='ocrx_word' id='word_1_729' title='bbox 984 1771 1048 1798; x_wconf 93' lang='lat' dir='ltr'><strong>lium</strong></span> <span class='ocrx_word' id='word_1_730' title='bbox 1065 1770 1173 1806; x_wconf 85' lang='lat' dir='ltr'><strong>tamque</strong></span> <span class='ocrx_word' id='word_1_731' title='bbox 1186 1772 1324 1799; x_wconf 88' lang='lat' dir='ltr'><strong>subtilium</strong></span> <span class='ocrx_word' id='word_1_732' title='bbox 1349 1772 1469 1799; x_wconf 82' lang='lat' dir='ltr'><strong>rationes</strong></span> <span class='ocrx_word' id='word_1_733' title='bbox 1490 1772 1707 1805; x_wconf 85' lang='lat' dir='ltr'><strong>asscrlionesque</strong></span> <span class='ocrx_word' id='word_1_734' title='bbox 1725 1779 1768 1798; x_wconf 89' lang='lat' dir='ltr'><strong>re-</strong></span> 
     </span>
    </p>
   </div>
   <div class='ocr_carea' id='block_1_102' title="bbox 984 1810 1770 1852">
    <p class='ocr_par' dir='ltr' id='par_1_102' title="bbox 984 1810 1770 1852">
     <span class='ocr_line' id='line_1_102' title="bbox 984 1810 1770 1852; baseline -0.003 -7"><span class='ocrx_word' id='word_1_735' title='bbox 984 1819 1068 1852; x_wconf 91' lang='lat' dir='ltr'><strong>cipiat</strong></span> <span class='ocrx_word' id='word_1_736' title='bbox 1083 1818 1115 1846; x_wconf 84' lang='lat'><strong>“.</strong></span> <span class='ocrx_word' id='word_1_737' title='bbox 1146 1817 1221 1844; x_wconf 87' lang='lat' dir='ltr'><strong>Unde</strong></span> <span class='ocrx_word' id='word_1_738' title='bbox 1235 1818 1260 1844; x_wconf 87' lang='lat' dir='ltr'><strong>ei</strong></span> <span class='ocrx_word' id='word_1_739' title='bbox 1276 1819 1362 1844; x_wconf 84' lang='lat' dir='ltr'><strong>virtus</strong></span> <span class='ocrx_word' id='word_1_740' title='bbox 1379 1818 1533 1844; x_wconf 75' lang='lat' dir='ltr'><strong>memoriae?</strong></span> <span class='ocrx_word' id='word_1_741' title='bbox 1549 1810 1581 1843; x_wconf 85' lang='lat' dir='ltr'><strong>Et</strong></span> <span class='ocrx_word' id='word_1_742' title='bbox 1597 1818 1666 1844; x_wconf 89' lang='lat' dir='ltr'><strong>unde</strong></span> <span class='ocrx_word' id='word_1_743' title='bbox 1683 1817 1706 1844; x_wconf 90' lang='lat' dir='ltr'><strong>ei</strong></span> <span class='ocrx_word' id='word_1_744' title='bbox 1727 1824 1770 1843; x_wconf 88' lang='lat' dir='ltr'><strong>re-</strong></span> 
     </span>
    </p>
   </div>
   <div class='ocr_carea' id='block_1_103' title="bbox 986 1861 1770 1896">
    <p class='ocr_par' dir='ltr' id='par_1_103' title="bbox 986 1861 1770 1896">
     <span class='ocr_line' id='line_1_103' title="bbox 986 1861 1770 1896; baseline -0.003 -7"><span class='ocrx_word' id='word_1_745' title='bbox 986 1870 1044 1889; x_wconf 88' lang='lat' dir='ltr'><strong>rutn</strong></span> <span class='ocrx_word' id='word_1_746' title='bbox 1070 1863 1245 1889; x_wconf 77' lang='lat' dir='ltr'><strong>invisibilium</strong></span> <span class='ocrx_word' id='word_1_747' title='bbox 1261 1862 1474 1896; x_wconf 82' lang='lat' dir='ltr'><strong>contemplatio?</strong></span> <span class='ocrx_word' id='word_1_748' title='bbox 1500 1861 1576 1889; x_wconf 86' lang='lat' dir='ltr'><strong>Unde</strong></span> <span class='ocrx_word' id='word_1_749' title='bbox 1593 1866 1668 1888; x_wconf 83' lang='lat' dir='ltr'><strong>certe</strong></span> <span class='ocrx_word' id='word_1_750' title='bbox 1682 1862 1770 1888; x_wconf 85' lang='lat' dir='ltr'><strong>incor—</strong></span> 
     </span>
    </p>
   </div>
   <div class='ocr_carea' id='block_1_104' title="bbox 985 1906 1771 1942">
    <p class='ocr_par' dir='ltr' id='par_1_104' title="bbox 985 1906 1771 1942">
     <span class='ocr_line' id='line_1_104' title="bbox 985 1906 1771 1942; baseline -0.001 -8"><span class='ocrx_word' id='word_1_751' title='bbox 985 1907 1119 1942; x_wconf 90' lang='lat' dir='ltr'><strong>poraliqu</strong></span> <span class='ocrx_word' id='word_1_752' title='bbox 1137 1907 1288 1934; x_wconf 86' lang='lat' dir='ltr'><strong>intellectus</strong></span> <span class='ocrx_word' id='word_1_753' title='bbox 1300 1914 1390 1933; x_wconf 86' lang='lat' dir='ltr'><strong>rerum</strong></span> <span class='ocrx_word' id='word_1_754' title='bbox 1405 1906 1512 1940; x_wconf 87' lang='lat' dir='ltr'><strong>corpori</strong></span> <span class='ocrx_word' id='word_1_755' title='bbox 1532 1906 1601 1933; x_wconf 89' lang='lat' dir='ltr'><strong>inest</strong></span> <span class='ocrx_word' id='word_1_756' title='bbox 1613 1906 1771 1939; x_wconf 79' lang='lat' dir='ltr'><strong>?_Qttomodo</strong></span> 
     </span>
    </p>
   </div>
   <div class='ocr_carea' id='block_1_105' title="bbox 988 2038 1772 2074">
    <p class='ocr_par' dir='ltr' id='par_1_105' title="bbox 988 2038 1772 2074">
     <span class='ocr_line' id='line_1_105' title="bbox 988 2038 1772 2074; baseline -0.008 -3"><span class='ocrx_word' id='word_1_757' title='bbox 988 2044 1108 2072; x_wconf 90' lang='lat' dir='ltr'><strong>elimata.</strong></span> <span class='ocrx_word' id='word_1_758' title='bbox 1129 2052 1138 2069; x_wconf 84' lang='grc' dir='ltr'><strong>ι</strong></span> <span class='ocrx_word' id='word_1_759' title='bbox 1163 2042 1248 2074; x_wconf 82' lang='lat' dir='ltr'><strong>Alias,</strong></span> <span class='ocrx_word' id='word_1_760' title='bbox 1265 2050 1275 2067; x_wconf 77' lang='grc' dir='ltr'><strong>ε</strong></span> <span class='ocrx_word' id='word_1_761' title='bbox 1298 2041 1344 2069; x_wconf 88' lang='lat' dir='ltr'><strong>sed</strong></span> <span class='ocrx_word' id='word_1_762' title='bbox 1365 2039 1563 2069; x_wconf 89' lang='lat' dir='ltr'><strong>eruditionibus</strong></span> <span class='ocrx_word' id='word_1_763' title='bbox 1585 2043 1613 2066; x_wconf 91' lang='lat' dir='ltr'><strong>et</strong></span> <span class='ocrx_word' id='word_1_764' title='bbox 1634 2038 1772 2066; x_wconf 85' lang='lat' dir='ltr'><strong>exercitiis</strong></span> 
     </span>
    </p>
   </div>
   <div class='ocr_carea' id='block_1_106' title="bbox 988 2080 1136 2108">
    <p class='ocr_par' dir='ltr' id='par_1_106' title="bbox 988 2080 1136 2108">
     <span class='ocr_line' id='line_1_106' title="bbox 988 2080 1136 2108; baseline -0.027 -1"><span class='ocrx_word' id='word_1_765' title='bbox 988 2080 1106 2108; x_wconf 83' lang='lat' dir='ltr'><strong>climata.</strong></span> <span class='ocrx_word' id='word_1_766' title='bbox 1127 2087 1136 2103; x_wconf 80' lang='grc' dir='ltr'><strong>ι</strong></span> 
     </span>
    </p>
   </div>
   <div class='ocr_carea' id='block_1_107' title="bbox 1024 2111 1581 2149">
    <p class='ocr_par' dir='ltr' id='par_1_107' title="bbox 1024 2111 1581 2149">
     <span class='ocr_line' id='line_1_107' title="bbox 1024 2111 1581 2149; baseline -0.013 -8"><span class='ocrx_word' id='word_1_767' title='bbox 1024 2114 1079 2149; x_wconf 69' lang='grc'>(95)</span> <span class='ocrx_word' id='word_1_768' title='bbox 1102 2113 1169 2149; x_wconf 73' lang='lat' dir='ltr'><strong>Vim.</strong></span> <span class='ocrx_word' id='word_1_769' title='bbox 1189 2112 1227 2139; x_wconf 86' lang='lat' dir='ltr'><strong>Ita</strong></span> <span class='ocrx_word' id='word_1_770' title='bbox 1244 2120 1310 2145; x_wconf 77' lang='lat' dir='ltr'><strong>mss.</strong></span> <span class='ocrx_word' id='word_1_771' title='bbox 1328 2111 1412 2143; x_wconf 77' lang='lat' dir='ltr'><strong>Alias,</strong></span> <span class='ocrx_word' id='word_1_772' title='bbox 1429 2119 1439 2136; x_wconf 75' lang='grc' dir='ltr'>ί</span> <span class='ocrx_word' id='word_1_773' title='bbox 1460 2117 1546 2137; x_wconf 89' lang='lat' dir='ltr'><strong>usum.</strong></span> <span class='ocrx_word' id='word_1_774' title='bbox 1572 2118 1581 2134; x_wconf 76' lang='grc' dir='ltr'><strong>ι</strong></span> 
     </span>
    </p>
   </div>
   <div class='ocr_carea' id='block_1_108' title="bbox 1024 2143 1771 2183">
    <p class='ocr_par' dir='ltr' id='par_1_108' title="bbox 1024 2143 1771 2183">
     <span class='ocr_line' id='line_1_108' title="bbox 1024 2143 1771 2183; baseline -0.007 -8"><span class='ocrx_word' id='word_1_775' title='bbox 1024 2143 1079 2183; x_wconf 74' lang='grc'>(94)</span> <span class='ocrx_word' id='word_1_776' title='bbox 1100 2148 1235 2180; x_wconf 79' lang='lat' dir='ltr'><strong>Quomodo</strong></span> <span class='ocrx_word' id='word_1_777' title='bbox 1251 2143 1383 2183; x_wconf 72' lang='lat' dir='ltr'><strong>tantarum</strong></span> <span class='ocrx_word' id='word_1_778' title='bbox 1401 2153 1497 2183; x_wconf 79' lang='lat' dir='ltr'><strong>rerum,</strong></span> <span class='ocrx_word' id='word_1_779' title='bbox 1515 2148 1568 2183; x_wconf 67' lang='lat' dir='ltr'><strong>etc.</strong></span> <span class='ocrx_word' id='word_1_780' title='bbox 1587 2143 1624 2183; x_wconf 65' lang='lat' dir='ltr'><strong>Eat</strong></span> <span class='ocrx_word' id='word_1_781' title='bbox 1638 2144 1681 2171; x_wconf 87' lang='lat' dir='ltr'><strong>ltt‘s</strong></span> <span class='ocrx_word' id='word_1_782' title='bbox 1705 2149 1771 2170; x_wconf 81' lang='lat' dir='ltr'><strong>sane</strong></span> 
     </span>
    </p>
   </div>
   <div class='ocr_carea' id='block_1_109' title="bbox 989 2179 1771 2218">
    <p class='ocr_par' dir='ltr' id='par_1_109' title="bbox 989 2179 1771 2218">
     <span class='ocr_line' id='line_1_109' title="bbox 989 2179 1771 2218; baseline -0.009 -8"><span class='ocrx_word' id='word_1_783' title='bbox 989 2179 1155 2218; x_wconf 74' lang='lat' dir='ltr'><strong>argumentis</strong></span> <span class='ocrx_word' id='word_1_784' title='bbox 1168 2189 1228 2216; x_wconf 66' lang='lat' dir='ltr'><strong>quae</strong></span> <span class='ocrx_word' id='word_1_785' title='bbox 1243 2182 1345 2216; x_wconf 81' lang='lat' dir='ltr'><strong>profert</strong></span> <span class='ocrx_word' id='word_1_786' title='bbox 1361 2180 1502 2215; x_wconf 79' lang='lat' dir='ltr'><strong>Origenes,</strong></span> <span class='ocrx_word' id='word_1_787' title='bbox 1518 2179 1602 2218; x_wconf 82' lang='lat' dir='ltr'><strong>liquet</strong></span> <span class='ocrx_word' id='word_1_788' title='bbox 1618 2179 1703 2218; x_wconf 70' lang='lat' dir='ltr'><strong>ipsum</strong></span> <span class='ocrx_word' id='word_1_789' title='bbox 1721 2186 1771 2204; x_wconf 85' lang='lat' dir='ltr'><strong>Ita--</strong></span> 
     </span>
    </p>
   </div>
   <div class='ocr_carea' id='block_1_110' title="bbox 990 2213 1770 2250">
    <p class='ocr_par' dir='ltr' id='par_1_110' title="bbox 990 2213 1770 2250">
     <span class='ocr_line' id='line_1_110' title="bbox 990 2213 1770 2250; baseline -0.009 -5"><span class='ocrx_word' id='word_1_790' title='bbox 990 2213 1076 2245; x_wconf 58' lang='lat' dir='ltr'><strong>turam</strong></span> <span class='ocrx_word' id='word_1_791' title='bbox 1097 2213 1194 2243; x_wconf 69' lang='lat' dir='ltr'><strong>anitme</strong></span> <span class='ocrx_word' id='word_1_792' title='bbox 1218 2213 1249 2243; x_wconf 40' lang='lat' dir='ltr'><strong>iu-</strong></span> <span class='ocrx_word' id='word_1_793' title='bbox 1268 2224 1383 2250; x_wconf 87' lang='lat' dir='ltr'><strong>corpore</strong></span> <span class='ocrx_word' id='word_1_794' title='bbox 1408 2213 1582 2250; x_wconf 77' lang='lat' dir='ltr'><strong>quantumvis</strong></span> <span class='ocrx_word' id='word_1_795' title='bbox 1606 2213 1698 2250; x_wconf 62' lang='lat' dir='ltr'><strong>subtili</strong></span> <span class='ocrx_word' id='word_1_796' title='bbox 1719 2219 1770 2250; x_wconf 78' lang='lat' dir='ltr'><strong>no_I_t</strong></span> 
     </span>
    </p>
   </div>
   <div class='ocr_carea' id='block_1_111' title="bbox 987 2246 1771 2288">
    <p class='ocr_par' dir='ltr' id='par_1_111' title="bbox 987 2246 1771 2288">
     <span class='ocr_line' id='line_1_111' title="bbox 987 2246 1771 2288; baseline -0.008 -10"><span class='ocrx_word' id='word_1_797' title='bbox 987 2254 1120 2288; x_wconf 58' lang='lat' dir='ltr'><strong>posuisse.</strong></span> <span class='ocrx_word' id='word_1_798' title='bbox 1136 2252 1181 2278; x_wconf 81' lang='lat' dir='ltr'><strong>Sic</strong></span> <span class='ocrx_word' id='word_1_799' title='bbox 1198 2252 1223 2288; x_wconf 83' lang='lat' dir='ltr'><strong>in</strong></span> <span class='ocrx_word' id='word_1_800' title='bbox 1237 2246 1450 2288; x_wconf 32' lang='grc' dir='ltr'><strong>ΔΡιοιιίιινιὶεομὲιιί</strong></span> <span class='ocrx_word' id='word_1_801' title='bbox 1468 2249 1640 2288; x_wconf 40' lang='lat' dir='ltr'><strong>martyrium:</strong></span> <span class='ocrx_word' id='word_1_802' title='bbox 1654 2248 1720 2288; x_wconf 42' lang='grc' dir='ltr'><strong>[Ἔτι</strong></span> <span class='ocrx_word' id='word_1_803' title='bbox 1732 2246 1771 2288; x_wconf 46' lang='grc' dir='ltr'><strong>,δὲ</strong></span> 
     </span>
    </p>
   </div>
   <div class='ocr_carea' id='block_1_112' title="bbox 986 2281 1771 2322">
    <p class='ocr_par' dir='ltr' id='par_1_112' title="bbox 986 2281 1771 2322">
     <span class='ocr_line' id='line_1_112' title="bbox 986 2281 1771 2322; baseline -0.01 -8"><span class='ocrx_word' id='word_1_804' title='bbox 986 2281 1032 2314; x_wconf 66' lang='lat' dir='ltr'><strong>iui</strong></span> <span class='ocrx_word' id='word_1_805' title='bbox 1052 2286 1177 2322; x_wconf 60' lang='grc' dir='ltr'><strong>φιλοζωεξί</strong></span> <span class='ocrx_word' id='word_1_806' title='bbox 1201 2281 1352 2322; x_wconf 20' lang='grc' dir='ltr'><strong>ᾶνγθρωπος,</strong></span> <span class='ocrx_word' id='word_1_807' title='bbox 1369 2285 1471 2319; x_wconf 77' lang='grc' dir='ltr'>πεῖσμα</span> <span class='ocrx_word' id='word_1_808' title='bbox 1491 2281 1579 2322; x_wconf 50' lang='grc' dir='ltr'>λαϐὰιν</span> <span class='ocrx_word' id='word_1_809' title='bbox 1602 2282 1665 2322; x_wconf 47' lang='lat' dir='ltr'><strong>itaet</strong></span> <span class='ocrx_word' id='word_1_810' title='bbox 1678 2281 1771 2322; x_wconf 62' lang='grc' dir='ltr'><strong>οὐσίας</strong></span> 
     </span>
    </p>
   </div>
   <div class='ocr_carea' id='block_1_113' title="bbox 985 2316 1772 2356">
    <p class='ocr_par' dir='ltr' id='par_1_113' title="bbox 985 2316 1772 2356">
     <span class='ocr_line' id='line_1_113' title="bbox 985 2316 1772 2356; baseline -0.009 -8"><span class='ocrx_word' id='word_1_811' title='bbox 985 2316 1097 2356; x_wconf 68' lang='grc' dir='ltr'><strong>λογιιέῆς</strong></span> <span class='ocrx_word' id='word_1_812' title='bbox 1109 2316 1209 2355; x_wconf 62' lang='grc' dir='ltr'><strong>ψυχῆς,</strong></span> <span class='ocrx_word' id='word_1_813' title='bbox 1223 2316 1261 2351; x_wconf 73' lang='grc' dir='ltr'><strong>ὠξ</strong></span> <span class='ocrx_word' id='word_1_814' title='bbox 1277 2321 1392 2355; x_wconf 77' lang='grc' dir='ltr'>ἐχούσης</span> <span class='ocrx_word' id='word_1_815' title='bbox 1411 2316 1449 2356; x_wconf 30' lang='grc' dir='ltr'><strong>ιτὶ.</strong></span> <span class='ocrx_word' id='word_1_816' title='bbox 1462 2318 1589 2356; x_wconf 67' lang='grc' dir='ltr'><strong>συγγενὲς</strong></span> <span class='ocrx_word' id='word_1_817' title='bbox 1692 2316 1772 2356; x_wconf 48' lang='lat' dir='ltr'><strong>vesp}:</strong></span> 
     </span>
    </p>
   </div>
   <div class='ocr_carea' id='block_1_114' title="bbox 986 2350 1772 2392">
    <p class='ocr_par' dir='ltr' id='par_1_114' title="bbox 986 2350 1772 2392">
     <span class='ocr_line' id='line_1_114' title="bbox 986 2350 1772 2392; baseline -0.009 -9"><span class='ocrx_word' id='word_1_818' title='bbox 986 2350 1040 2392; x_wconf 57' lang='grc' dir='ltr'><strong>γὰρ</strong></span> <span class='ocrx_word' id='word_1_819' title='bbox 1054 2350 1230 2392; x_wconf 49' lang='grc' dir='ltr'><strong>ἐήἆέερἇιβὶέι).</strong></span> <span class='ocrx_word' id='word_1_820' title='bbox 1247 2350 1473 2392; x_wconf 40' lang='grc' dir='ltr'><strong>ἆόρὰταίκαὶέῦς</strong></span> <span class='ocrx_word' id='word_1_821' title='bbox 1493 2350 1651 2392; x_wconf 55' lang='grc' dir='ltr'><strong>ξτέικρατῷν</strong></span> <span class='ocrx_word' id='word_1_822' title='bbox 1666 2350 1772 2392; x_wconf 55' lang='grc' dir='ltr'><strong>ἀποδεξ-</strong></span> 
     </span>
    </p>
   </div>
   <div class='ocr_carea' id='block_1_115' title="bbox 986 2388 1769 2425">
    <p class='ocr_par' dir='ltr' id='par_1_115' title="bbox 986 2388 1769 2425">
     <span class='ocr_line' id='line_1_115' title="bbox 986 2388 1769 2425; baseline -0.011 -6"><span class='ocrx_word' id='word_1_823' title='bbox 986 2388 1063 2419; x_wconf 65' lang='grc' dir='ltr'>ιὶνὺσι</span> <span class='ocrx_word' id='word_1_824' title='bbox 1075 2388 1162 2424; x_wconf 72' lang='grc' dir='ltr'><strong>λόγοξ,</strong></span> <span class='ocrx_word' id='word_1_825' title='bbox 1174 2388 1317 2425; x_wconf 75' lang='grc' dir='ltr'><strong>ἀσώμαιὲα.</strong></span> <span class='ocrx_word' id='word_1_826' title='bbox 1328 2399 1337 2415; x_wconf 79' lang='grc' dir='ltr'><strong>ι</strong></span> <span class='ocrx_word' id='word_1_827' title='bbox 1349 2389 1382 2416; x_wconf 83' lang='lat' dir='ltr'><strong>Et</strong></span> <span class='ocrx_word' id='word_1_828' title='bbox 1397 2388 1484 2425; x_wconf 82' lang='lat' dir='ltr'><strong>adhuc</strong></span> <span class='ocrx_word' id='word_1_829' title='bbox 1496 2388 1672 2425; x_wconf 89' lang='lat' dir='ltr'><strong>bomo_vitam</strong></span> <span class='ocrx_word' id='word_1_830' title='bbox 1687 2390 1769 2425; x_wconf 77' lang='lat' dir='ltr'><strong>autat,</strong></span> 
     </span>
    </p>
   </div>
   <div class='ocr_carea' id='block_1_116' title="bbox 988 2423 1773 2458">
    <p class='ocr_par' dir='ltr' id='par_1_116' title="bbox 988 2423 1773 2458">
     <span class='ocr_line' id='line_1_116' title="bbox 988 2423 1773 2458; baseline -0.011 -5"><span class='ocrx_word' id='word_1_831' title='bbox 988 2434 1050 2453; x_wconf 90' lang='lat' dir='ltr'><strong>cum</strong></span> <span class='ocrx_word' id='word_1_832' title='bbox 1063 2423 1321 2452; x_wconf 82' lang='lat' dir='ltr'><strong>demonstrationem</strong></span> <span class='ocrx_word' id='word_1_833' title='bbox 1342 2423 1479 2457; x_wconf 88' lang='lat' dir='ltr'><strong>acceperit.</strong></span> <span class='ocrx_word' id='word_1_834' title='bbox 1493 2424 1526 2449; x_wconf 85' lang='lat' dir='ltr'><strong>de</strong></span> <span class='ocrx_word' id='word_1_835' title='bbox 1544 2423 1639 2458; x_wconf 77' lang='lat' dir='ltr'><strong>anima:</strong></span> <span class='ocrx_word' id='word_1_836' title='bbox 1655 2423 1773 2458; x_wconf 79' lang='lat' dir='ltr'><strong>rationa-</strong></span> 
     </span>
    </p>
   </div>
   <div class='ocr_carea' id='block_1_117' title="bbox 989 2456 1772 2494">
    <p class='ocr_par' dir='ltr' id='par_1_117' title="bbox 989 2456 1772 2494">
     <span class='ocr_line' id='line_1_117' title="bbox 989 2456 1772 2494; baseline -0.013 -6"><span class='ocrx_word' id='word_1_837' title='bbox 989 2462 1019 2488; x_wconf 83' lang='lat' dir='ltr'><strong>lis</strong></span> <span class='ocrx_word' id='word_1_838' title='bbox 1030 2466 1136 2488; x_wconf 86' lang='lat' dir='ltr'><strong>natura.</strong></span> <span class='ocrx_word' id='word_1_839' title='bbox 1154 2459 1226 2493; x_wconf 87' lang='lat' dir='ltr'><strong>quod</strong></span> <span class='ocrx_word' id='word_1_840' title='bbox 1243 2459 1360 2493; x_wconf 87' lang='lat' dir='ltr'><strong>aliquam</strong></span> <span class='ocrx_word' id='word_1_841' title='bbox 1378 2456 1476 2485; x_wconf 81' lang='lat' dir='ltr'><strong>habeat</strong></span> <span class='ocrx_word' id='word_1_842' title='bbox 1488 2464 1548 2483; x_wconf 90' lang='lat' dir='ltr'><strong>eum</strong></span> <span class='ocrx_word' id='word_1_843' title='bbox 1565 2456 1619 2494; x_wconf 78' lang='lat' dir='ltr'><strong>Deo</strong></span> <span class='ocrx_word' id='word_1_844' title='bbox 1634 2456 1772 2494; x_wconf 70' lang='lat' dir='ltr'><strong>cognatio-</strong></span> 
     </span>
    </p>
   </div>
   <div class='ocr_carea' id='block_1_118' title="bbox 988 2489 1770 2530">
    <p class='ocr_par' dir='ltr' id='par_1_118' title="bbox 988 2489 1770 2530">
     <span class='ocr_line' id='line_1_118' title="bbox 988 2489 1770 2530; baseline -0.013 -8"><span class='ocrx_word' id='word_1_845' title='bbox 988 2504 1060 2522; x_wconf 86' lang='lat' dir='ltr'><strong>nem.</strong></span> <span class='ocrx_word' id='word_1_846' title='bbox 1080 2489 1259 2528; x_wconf 79' lang='lat' dir='ltr'><strong>Intelligibilia</strong></span> <span class='ocrx_word' id='word_1_847' title='bbox 1274 2489 1349 2530; x_wconf 70' lang='lat' dir='ltr'><strong>enim</strong></span> <span class='ocrx_word' id='word_1_848' title='bbox 1361 2498 1473 2526; x_wconf 88' lang='lat' dir='ltr'><strong>utraque</strong></span> <span class='ocrx_word' id='word_1_849' title='bbox 1489 2495 1551 2518; x_wconf 89' lang='lat' dir='ltr'><strong>sunt</strong></span> <span class='ocrx_word' id='word_1_850' title='bbox 1565 2495 1590 2530; x_wconf 81' lang='lat' dir='ltr'><strong>et</strong></span> <span class='ocrx_word' id='word_1_851' title='bbox 1612 2489 1770 2517; x_wconf 79' lang='lat' dir='ltr'><strong>invisibilia,</strong></span> 
     </span>
    </p>
   </div>
   <div class='ocr_carea' id='block_1_119' title="bbox 988 2528 1768 2564">
    <p class='ocr_par' dir='ltr' id='par_1_119' title="bbox 988 2528 1768 2564">
     <span class='ocr_line' id='line_1_119' title="bbox 988 2528 1768 2564; baseline -0.013 -7"><span class='ocrx_word' id='word_1_852' title='bbox 988 2535 1026 2562; x_wconf 84' lang='lat' dir='ltr'><strong>et,</strong></span> <span class='ocrx_word' id='word_1_853' title='bbox 1042 2535 1071 2556; x_wconf 93' lang='lat' dir='ltr'><strong>ut</strong></span> <span class='ocrx_word' id='word_1_854' title='bbox 1089 2529 1190 2556; x_wconf 88' lang='lat' dir='ltr'><strong>invicta</strong></span> <span class='ocrx_word' id='word_1_855' title='bbox 1213 2529 1320 2556; x_wconf 86' lang='lat' dir='ltr'><strong>ratione</strong></span> <span class='ocrx_word' id='word_1_856' title='bbox 1336 2528 1548 2564; x_wconf 58' lang='lat' dir='ltr'><strong>(lectionistratttr,</strong></span> <span class='ocrx_word' id='word_1_857' title='bbox 1570 2528 1768 2564; x_wconf 52' lang='lat' dir='ltr'><strong>ipeorporca.”|</strong></span> 
     </span>
    </p>
   </div>
   <div class='ocr_carea' id='block_1_120' title="bbox 989 2559 1769 2598">
    <p class='ocr_par' dir='ltr' id='par_1_120' title="bbox 989 2559 1769 2598">
     <span class='ocr_line' id='line_1_120' title="bbox 989 2559 1769 2598; baseline -0.014 -6"><span class='ocrx_word' id='word_1_858' title='bbox 989 2559 1044 2592; x_wconf 81' lang='lat' dir='ltr'><strong>Nec</strong></span> <span class='ocrx_word' id='word_1_859' title='bbox 1056 2565 1145 2591; x_wconf 76' lang='lat' dir='ltr'><strong>obstat</strong></span> <span class='ocrx_word' id='word_1_860' title='bbox 1169 2564 1239 2598; x_wconf 89' lang='lat' dir='ltr'><strong>quod</strong></span> <span class='ocrx_word' id='word_1_861' title='bbox 1254 2564 1335 2590; x_wconf 87' lang='lat' dir='ltr'><strong>habet</strong></span> <span class='ocrx_word' id='word_1_862' title='bbox 1349 2563 1395 2589; x_wconf 88' lang='lat' dir='ltr'><strong>lib.</strong></span> <span class='ocrx_word' id='word_1_863' title='bbox 1415 2560 1485 2598; x_wconf 74' lang='lat' dir='ltr'><strong>t___I_)_e</strong></span> <span class='ocrx_word' id='word_1_864' title='bbox 1503 2559 1649 2598; x_wconf 57' lang='lat' dir='ltr'><strong>principiis,</strong></span> <span class='ocrx_word' id='word_1_865' title='bbox 1666 2565 1726 2590; x_wconf 88' lang='lat' dir='ltr'><strong>cap.</strong></span> <span class='ocrx_word' id='word_1_866' title='bbox 1741 2559 1769 2598; x_wconf 65' lang='lat' dir='ltr'><strong>ti,</strong></span> 
     </span>
    </p>
   </div>
   <div class='ocr_carea' id='block_1_121' title="bbox 992 2592 1771 2633">
    <p class='ocr_par' dir='ltr' id='par_1_121' title="bbox 992 2592 1771 2633">
     <span class='ocr_line' id='line_1_121' title="bbox 992 2592 1771 2633; baseline -0.012 -8"><span class='ocrx_word' id='word_1_867' title='bbox 992 2609 1001 2625; x_wconf 76' lang='grc' dir='ltr'><strong>ι</strong></span> <span class='ocrx_word' id='word_1_868' title='bbox 1019 2600 1102 2626; x_wconf 85' lang='lat' dir='ltr'><strong>solius</strong></span> <span class='ocrx_word' id='word_1_869' title='bbox 1117 2592 1212 2631; x_wconf 57' lang='lat' dir='ltr'><strong>Dei,&#39;id</strong></span> <span class='ocrx_word' id='word_1_870' title='bbox 1226 2605 1267 2625; x_wconf 85' lang='lat' dir='ltr'><strong>est</strong></span> <span class='ocrx_word' id='word_1_871' title='bbox 1281 2597 1369 2624; x_wconf 82' lang='lat' dir='ltr'><strong>Patris</strong></span> <span class='ocrx_word' id='word_1_872' title='bbox 1384 2602 1410 2624; x_wconf 91' lang='lat' dir='ltr'><strong>et</strong></span> <span class='ocrx_word' id='word_1_873' title='bbox 1422 2595 1482 2633; x_wconf 69' lang='lat' dir='ltr'><strong>Eilii</strong></span> <span class='ocrx_word' id='word_1_874' title='bbox 1499 2599 1525 2621; x_wconf 90' lang='lat' dir='ltr'><strong>el</strong></span> <span class='ocrx_word' id='word_1_875' title='bbox 1545 2592 1661 2633; x_wconf 76' lang='lat' dir='ltr'><strong>Spiritus</strong></span> <span class='ocrx_word' id='word_1_876' title='bbox 1680 2592 1771 2633; x_wconf 72' lang='lat' dir='ltr'><strong>sancti</strong></span> 
     </span>
    </p>
   </div>
   <div class='ocr_carea' id='block_1_122' title="bbox 989 2627 1772 2667">
    <p class='ocr_par' dir='ltr' id='par_1_122' title="bbox 989 2627 1772 2667">
     <span class='ocr_line' id='line_1_122' title="bbox 989 2627 1772 2667; baseline -0.013 -7"><span class='ocrx_word' id='word_1_877' title='bbox 989 2639 1094 2661; x_wconf 70' lang='lat' dir='ltr'><strong>natura:</strong></span> <span class='ocrx_word' id='word_1_878' title='bbox 1105 2634 1131 2660; x_wconf 88' lang='lat' dir='ltr'><strong>id</strong></span> <span class='ocrx_word' id='word_1_879' title='bbox 1145 2627 1282 2667; x_wconf 70' lang='lat' dir='ltr'><strong>proprium</strong></span> <span class='ocrx_word' id='word_1_880' title='bbox 1294 2640 1363 2663; x_wconf 86' lang='lat' dir='ltr'><strong>esse,</strong></span> <span class='ocrx_word' id='word_1_881' title='bbox 1382 2631 1479 2658; x_wconf 84' lang='lat' dir='ltr'><strong>Ittsiue</strong></span> <span class='ocrx_word' id='word_1_882' title='bbox 1497 2627 1629 2667; x_wconf 74' lang='lat' dir='ltr'><strong>materiali</strong></span> <span class='ocrx_word' id='word_1_883' title='bbox 1645 2627 1772 2667; x_wconf 80' lang='lat' dir='ltr'><strong>substan-</strong></span> 
     </span>
    </p>
   </div>
   <div class='ocr_carea' id='block_1_123' title="bbox 992 2664 1771 2702">
    <p class='ocr_par' dir='ltr' id='par_1_123' title="bbox 992 2664 1771 2702">
     <span class='ocr_line' id='line_1_123' title="bbox 992 2664 1771 2702; baseline -0.012 -7"><span class='ocrx_word' id='word_1_884' title='bbox 992 2674 1040 2701; x_wconf 82' lang='lat' dir='ltr'><strong>tia,</strong></span> <span class='ocrx_word' id='word_1_885' title='bbox 1060 2674 1087 2694; x_wconf 87' lang='lat' dir='ltr'><strong>et</strong></span> <span class='ocrx_word' id='word_1_886' title='bbox 1104 2664 1206 2702; x_wconf 78' lang='lat' dir='ltr'><strong>absque</strong></span> <span class='ocrx_word' id='word_1_887' title='bbox 1232 2668 1285 2694; x_wconf 92' lang='lat' dir='ltr'><strong>ulla</strong></span> <span class='ocrx_word' id='word_1_888' title='bbox 1311 2672 1449 2702; x_wconf 75' lang='lat' dir='ltr'><strong>corporea:</strong></span> <span class='ocrx_word' id='word_1_889' title='bbox 1471 2664 1634 2702; x_wconf 67' lang='lat' dir='ltr'><strong>adiectionis</strong></span> <span class='ocrx_word' id='word_1_890' title='bbox 1643 2664 1771 2702; x_wconf 73' lang='lat' dir='ltr'><strong>societate</strong></span> 
     </span>
    </p>
   </div>
   <div class='ocr_carea' id='block_1_124' title="bbox 991 2696 1770 2737">
    <p class='ocr_par' dir='ltr' id='par_1_124' title="bbox 991 2696 1770 2737">
     <span class='ocr_line' id='line_1_124' title="bbox 991 2696 1770 2737; baseline -0.012 -7"><span class='ocrx_word' id='word_1_891' title='bbox 991 2696 1336 2737; x_wconf 57' lang='lat' dir='ltr'><strong>intelligatur.subsistere.</strong></span> <span class='ocrx_word' id='word_1_892' title='bbox 1360 2696 1370 2727; x_wconf 69' lang='grc' dir='ltr'><strong><em>ἱ</em></strong></span> <span class='ocrx_word' id='word_1_893' title='bbox 1392 2701 1445 2726; x_wconf 86' lang='lat' dir='ltr'><strong>Nec</strong></span> <span class='ocrx_word' id='word_1_894' title='bbox 1460 2696 1530 2737; x_wconf 78' lang='lat' dir='ltr'><strong>quod</strong></span> <span class='ocrx_word' id='word_1_895' title='bbox 1554 2697 1648 2737; x_wconf 70' lang='lat' dir='ltr'><strong>scribit</strong></span> <span class='ocrx_word' id='word_1_896' title='bbox 1670 2696 1716 2737; x_wconf 85' lang='lat' dir='ltr'><strong>lib.</strong></span> <span class='ocrx_word' id='word_1_897' title='bbox 1741 2702 1770 2726; x_wconf 85' lang='grc' dir='ltr'>ιι,</span> 
     </span>
    </p>
   </div>
   <div class='ocr_carea' id='block_1_125' title="bbox 992 2732 1773 2773">
    <p class='ocr_par' dir='ltr' id='par_1_125' title="bbox 992 2732 1773 2773">
     <span class='ocr_line' id='line_1_125' title="bbox 992 2732 1773 2773; baseline -0.013 -8"><span class='ocrx_word' id='word_1_898' title='bbox 992 2747 1051 2773; x_wconf 83' lang='lat' dir='ltr'><strong>cap.</strong></span> <span class='ocrx_word' id='word_1_899' title='bbox 1063 2732 1091 2770; x_wconf 53' lang='grc' dir='ltr'><strong>Ξῖ</strong></span> <span class='ocrx_word' id='word_1_900' title='bbox 1108 2748 1116 2763; x_wconf 80' lang='grc' dir='ltr'><strong>ι</strong></span> <span class='ocrx_word' id='word_1_901' title='bbox 1134 2738 1306 2773; x_wconf 75' lang='lat' dir='ltr'><strong>incorporeas</strong></span> <span class='ocrx_word' id='word_1_902' title='bbox 1321 2742 1460 2762; x_wconf 87' lang='lat' dir='ltr'><strong>remanere</strong></span> <span class='ocrx_word' id='word_1_903' title='bbox 1469 2732 1645 2773; x_wconf 68' lang='lat' dir='ltr'><strong>rationabiles</strong></span> <span class='ocrx_word' id='word_1_904' title='bbox 1655 2736 1773 2773; x_wconf 36' lang='lat' dir='ltr'><strong>.paturlas</strong></span> 
     </span>
    </p>
   </div>
   <div class='ocr_carea' id='block_1_126' title="bbox 994 2766 1771 2806">
    <p class='ocr_par' dir='ltr' id='par_1_126' title="bbox 994 2766 1771 2806">
     <span class='ocr_line' id='line_1_126' title="bbox 994 2766 1771 2806; baseline -0.013 -6"><span class='ocrx_word' id='word_1_905' title='bbox 994 2766 1044 2800; x_wconf 76' lang='lat' dir='ltr'><strong>sibi</strong></span> <span class='ocrx_word' id='word_1_906' title='bbox 1059 2766 1167 2806; x_wconf 79' lang='lat' dir='ltr'><strong>quidem</strong></span> <span class='ocrx_word' id='word_1_907' title='bbox 1185 2766 1371 2806; x_wconf 69' lang='lat' dir='ltr'><strong>diilieillimttut</strong></span> <span class='ocrx_word' id='word_1_908' title='bbox 1382 2774 1409 2796; x_wconf 88' lang='lat' dir='ltr'><strong>et</strong></span> <span class='ocrx_word' id='word_1_909' title='bbox 1432 2776 1500 2806; x_wconf 78' lang='lat' dir='ltr'><strong>pene</strong></span> <span class='ocrx_word' id='word_1_910' title='bbox 1523 2766 1688 2806; x_wconf 74' lang='lat' dir='ltr'><strong>impossibile</strong></span> <span class='ocrx_word' id='word_1_911' title='bbox 1701 2766 1771 2806; x_wconf 65' lang='lat' dir='ltr'><strong>vide»</strong></span> 
     </span>
    </p>
   </div>
   <div class='ocr_carea' id='block_1_127' title="bbox 996 2800 1774 2841">
    <p class='ocr_par' dir='ltr' id='par_1_127' title="bbox 996 2800 1774 2841">
     <span class='ocr_line' id='line_1_127' title="bbox 996 2800 1774 2841; baseline -0.012 -6"><span class='ocrx_word' id='word_1_912' title='bbox 996 2809 1029 2836; x_wconf 90' lang='lat' dir='ltr'><strong>ri.</strong></span> <span class='ocrx_word' id='word_1_913' title='bbox 1047 2818 1056 2834; x_wconf 80' lang='grc' dir='ltr'><strong>ι</strong></span> <span class='ocrx_word' id='word_1_914' title='bbox 1069 2800 1102 2834; x_wconf 72' lang='lat' dir='ltr'><strong>Et</strong></span> <span class='ocrx_word' id='word_1_915' title='bbox 1118 2806 1196 2841; x_wconf 85' lang='lat' dir='ltr'><strong>paulo</strong></span> <span class='ocrx_word' id='word_1_916' title='bbox 1211 2810 1271 2840; x_wconf 87' lang='lat' dir='ltr'><strong>post</strong></span> <span class='ocrx_word' id='word_1_917' title='bbox 1289 2815 1294 2832; x_wconf 94' lang='lat'><strong>:</strong></span> <span class='ocrx_word' id='word_1_918' title='bbox 1315 2814 1323 2830; x_wconf 86' lang='grc' dir='ltr'><strong>ι</strong></span> <span class='ocrx_word' id='word_1_919' title='bbox 1343 2804 1372 2832; x_wconf 89' lang='lat' dir='ltr'><strong>Si</strong></span> <span class='ocrx_word' id='word_1_920' title='bbox 1394 2800 1457 2831; x_wconf 79' lang='lat' dir='ltr'><strong>vero</strong></span> <span class='ocrx_word' id='word_1_921' title='bbox 1474 2800 1640 2838; x_wconf 71' lang='lat' dir='ltr'><strong>impossibile</strong></span> <span class='ocrx_word' id='word_1_922' title='bbox 1659 2805 1699 2828; x_wconf 88' lang='lat' dir='ltr'><strong>est</strong></span> <span class='ocrx_word' id='word_1_923' title='bbox 1721 2800 1774 2827; x_wconf 83' lang='lat' dir='ltr'><strong>hoc</strong></span> 
     </span>
    </p>
   </div>
  </div>
