1883 3072
142 123 196 152 12⁸1

779 123 940 151 ORIGENIS
960 124 1039 150 ΠΕΡΙ
1057 123 1171 150 ΔΡΧΠΝ

1715 122 1764 149 ηε

142 188 239 211 natura
250 191 381 218 corporea
396 183 553 218 disciplinas
569 184 681 214 artium.
703 192 791 211 rerutn
807 189 927 212 contem-
943 187 965 215 Δ
979 185 1033 212 hoc
1052 183 1213 218 proferunt:
1240 183 1294 210 imo
1318 191 1382 210 vero
1405 191 1437 210 ev
1452 183 1501 209 hoc
1524 182 1605 209 etiam
1622 182 1656 209 ad
1678 181 1764 216 ipsum

143 229 279 263 plationes
293 230 466 263 rationesque
482 230 620 256 rimatur?
642 229 717 257 Unde
734 231 815 257 etiam
834 231 925 258 divina

143 274 267 308 dogmata
284 281 344 308 quae
356 273 498 301 manifeste
508 275 666 308 incorporea
680 280 751 306 sunt,
775 275 879 302 sentire
893 282 925 302 ac

143 320 292 353 intelligere
315 321 422 352 potest!
447 319 503 347 Nisi
522 321 592 348 forte
621 321 720 354 aliquis
750 326 825 356 putet
853 321 926 356 quod

141 365 213 391 sicut
234 365 321 392 forma
340 365 392 392 ista
418 373 561 401 corporea,
583 373 610 394 et
624 367 732 394 habitus
748 367 804 402 ipse
820 367 925 393 aurium

141 410 183 436 u-l
195 411 348 443 oculorum,
363 411 467 440 confert
483 412 585 447 aliquid
605 412 638 440 ad
661 408 822 440 audiendum
848 417 875 439 et
891 412 925 438 ad

141 455 297 488 videndum,
316 461 342 484 et
358 461 388 483 ut
400 458 504 492 singula
519 459 641 484 membra
659 466 719 493 quae
732 466 745 484 a
758 458 811 486 Deo
826 457 925 485 forma-

142 505 168 527 ta
187 505 260 532 sunt,
277 501 378 528 habent
387 502 488 536 aliquid
500 503 558 538 (95)
572 504 782 537 opportunitatis
797 504 878 530 etiam
891 511 924 531 ex

144 547 200 580 ipsa
220 547 312 575 forma:
324 549 455 582 qualitate
469 549 502 575 ad
519 549 570 576 hoc
581 549 653 583 quod
671 557 751 584 agere
767 549 925 576 naturaliter

144 592 264 619 instituta
278 599 357 626 sunt;
376 594 412 620 ila
426 594 507 620 etiam
527 594 649 621 habitum
661 594 759 622 animm
771 595 811 622 vel
827 595 925 622 mentis

141 638 253 673 intelligi
266 639 362 666 debere
372 639 528 672 arbitretur,
538 641 613 674 quasi
635 645 695 675 apte
710 640 925 668 accommodate-

143 691 196 717 que
213 683 358 712 formatum
371 685 404 712 ad
421 685 470 712 hoc
487 691 515 712 ut
531 686 565 713 de
577 686 691 720 singulis
704 687 804 714 sentiat
816 687 855 715 vel
882 688 924 714 in--

144 730 255 764 tcltigat,
279 735 361 765 atque
382 736 410 758 ut
426 731 551 758 vitalibus
563 732 620 767 (96)
639 733 758 760 motibus
773 739 922 760 moveatur.

142 774 240 802 Verum
255 776 360 810 qualem
385 777 501 805 colorem
514 778 611 805 mentis
625 778 774 805 secundum
789 778 840 806 hoc
853 780 924 813 quod

142 829 219 848 mens
234 827 274 848 est
286 826 313 849 et
326 822 530 857 intelligibilitcr
551 830 682 855 movetur,
696 823 848 851 describere
864 825 924 859 quis

140 872 241 901 posset,
257 872 303 894 aut
318 868 418 899 dicere,
432 876 485 895 non
496 868 618 897 adverto.
635 869 730 895 Adhuc
741 869 774 895 ad
787 869 926 896 conlirtna-
941 863 962 890 Β

142 912 242 939 tionem
261 918 342 948 atque
362 913 578 948 explanationem
594 922 688 942 eorum
704 923 764 950 qua:
787 916 820 942 de
838 920 927 943 mente

140 958 183 985 vel
200 959 288 986 anima
310 959 438 992 diximus,
451 967 484 987 eo
505 962 576 995 quod
598 962 770 996 pnestantior
787 962 822 989 sit
845 963 927 990 tOIitts

141 1009 245 1031 natura:
271 1012 408 1039 corporea:
423 1006 489 1040 (97),
514 1008 595 1034 etiam
622 1008 678 1034 lucc
700 1009 761 1034 addi
787 1014 925 1041 possunt:

141 1050 286 1084 unicuique
302 1058 436 1085 corporeo
453 1051 542 1078 sensui
559 1052 714 1079 substantia
729 1053 852 1087 qtuedam
867 1061 928 1080 sen-

140 1097 228 1124 sibilis
248 1090 367 1130 suhjacet
381 1099 489 1132 propria
509 1099 535 1125 in
557 1107 639 1133 quam
664 1107 760 1126 sensus
788 1100 844 1134 ipse
868 1108 928 1127 cor-

140 1143 245 1177 poralis
263 1143 422 1170 intenditur.
451 1143 531 1170 Verbi
559 1144 657 1176 gratia,
688 1144 756 1171 visui
785 1145 927 1180 subiacent

141 1187 259 1218 colores,
274 1187 393 1220 habitus,
415 1188 586 1222 magnitudo;
612 1189 715 1216 auditui
731 1197 812 1216 voces
832 1194 859 1216 et
883 1197 928 1216 so-

142 1242 208 1264 nus;
227 1233 351 1261 odoratui
368 1233 486 1266 uideres,
497 1235 560 1261 boni
572 1235 613 1261 vel
628 1235 690 1262 mali
701 1235 813 1267 odores;
827 1236 926 1270 gustui,

142 1286 270 1312 sapores;
288 1279 370 1305 taclui
387 1279 473 1306 calida
496 1280 536 1305 vel
552 1278 660 1314 frigida,
678 1281 745 1306 dura
763 1282 804 1308 vel
825 1281 925 1313 mollia,

141 1333 237 1359 aspera
258 1325 298 1351 vel
322 1324 396 1351 Izm‘ia
424 1325 492 1359 (98).
514 1325 616 1352 llorum
636 1330 726 1353 autem
744 1333 871 1353 sensuum
894 1330 927 1354 de

141 1370 241 1404 quibus
254 1378 334 1405 supra
352 1370 478 1401 diximus,
495 1371 556 1405 quia
576 1371 660 1399 multo
674 1373 768 1398 melior
781 1379 877 1400 sensus
893 1374 927 1400 sit

143 1416 250 1448 mentis,
275 1417 400 1443 omnibus
423 1416 524 1443 clarum
549 1422 600 1443 est.
627 1417 765 1450 Quomodo
783 1425 847 1452 ergo
874 1426 926 1444 non

142 1462 249 1488 videtur
265 1461 421 1494 absurdum,
441 1462 484 1489 his
503 1463 610 1496 quidem
627 1470 687 1496 qua:
708 1461 836 1490 inferiora
852 1468 925 1496 sunt,

141 1506 309 1533 substantias
328 1513 389 1534 esse
413 1506 549 1540 subjectas
570 1506 603 1532 ad
622 1507 829 1539 intendendum;
863 1508 926 1535 huic

143 1557 233 1578 autem
247 1551 340 1578 virtuti
355 1559 415 1586 qua:
431 1551 525 1578 melior
538 1556 590 1583 est,
613 1552 639 1578 id
654 1557 694 1579 est
709 1553 806 1580 mentis
823 1555 925 1586 sensui,

143 1596 210 1623 nihil
223 1596 333 1623 omnino
346 1596 442 1631 subjici
466 1597 656 1630 substantiale,
680 1597 727 1624 sed
747 1606 807 1626 csse
821 1599 927 1627 intelle-

143 1642 241 1668 ctualis
255 1647 359 1669 natura:
373 1642 499 1668 virtutem
523 1643 681 1676 corporibus
703 1643 869 1671 accidenlem
887 1645 929 1672 vel

144 1687 370 1720 consequentem?
381 1687 457 1720 Quod
472 1687 516 1721 qui
531 1687 635 1720 dicunt,
655 1688 714 1715 sine
726 1688 808 1715 dubio
820 1689 846 1716 in
863 1697 924 1717 eon-

145 1732 283 1759 tumeliam
305 1733 362 1767 ejus
375 1732 545 1764 substantiae,
562 1741 621 1767 qua:
638 1733 663 1760 in
682 1733 747 1768 ipsis
764 1735 859 1762 melior
875 1740 926 1768 est,

179 1812 202 1828 “
217 1811 320 1840 Coloss.
332 1819 352 1842 ι,
366 1811 409 1840 l5.
447 1811 469 1827 '7
484 1810 560 1838 Joan.
575 1819 593 1844 ι,
612 1812 652 1839 l8.

145 1881 197 1908 ullo
211 1882 290 1908 modo
310 1881 448 1914 allirmari,
469 1881 494 1908 id
507 1886 547 1908 cst
569 1881 639 1916 quod
655 1881 745 1909 virere
763 1887 861 1916 printer
871 1891 930 1910 cor-

145 1925 196 1951 pus
212 1917 297 1950 possit
312 1917 363 1942 ulla
378 1917 430 1943 alia
446 1922 541 1943 natura
557 1923 654 1950 prtcter
669 1917 775 1944 Patrem
791 1923 817 1944 et
832 1917 928 1945 Filium

144 1957 173 1978 et
196 1952 328 1985 Spiritum
351 1957 486 1982 sanctum.
504 1952 650 1978 necessitas
671 1953 872 1986 consequentiae
897 1961 929 1980 ac

145 1987 260 2014 rationis
294 1991 417 2014 coarctat
443 1987 567 2021 intelligi,
600 1987 788 2020 principaliter
819 1988 928 2021 quidem

144 2026 251 2048 creatas
266 2029 329 2048 esse
347 2022 523 2049 rationabiles
539 2027 670 2054 naturas;
686 2022 852 2048 materialeut
866 2030 930 2049 vero

145 2056 326 2083 substantiam
355 2057 484 2090 opinione
508 2057 619 2091 quidem
634 2061 661 2083 et
686 2056 824 2084 intellectu
841 2057 927 2083 solum

145 2091 266 2123 separari
292 2091 326 2117 ab
339 2091 413 2118 eis...
438 2091 485 2117 sed
506 2098 644 2124 nunquam
660 2091 719 2118 sine
734 2092 791 2124 ipsa
813 2098 858 2118 eas
885 2091 927 2117 vel

145 2125 246 2151 vixisse
256 2126 295 2151 vel
306 2125 405 2152 vivere.
416 2135 425 2151 ι
437 2126 474 2151 Ex
487 2126 528 2152 his
538 2127 610 2152 enim
619 2130 646 2152 et
656 2126 789 2152 similibus
797 2125 865 2153 locis
875 2133 927 2152 non

146 2160 269 2192 sequitur
281 2160 423 2194 Origcncm
439 2165 563 2186 naturam
575 2160 673 2186 animm
683 2164 709 2186 et
719 2160 833 2186 aliorum
850 2161 929 2193 spiri-

148 2190 221 2220 tuum
232 2194 258 2220 in
270 2190 383 2227 corpore
399 2202 536 2227 posuisse;
552 2195 578 2227 id
591 2194 676 2220 solum
693 2194 848 2225 coniicitur,
864 2190 933 2221 0ri--
944 2190 966 2217 Ι)

146 2236 240 2262 αριιειιι
253 2226 329 2262 juxta
347 2236 378 2255 ac
391 2228 543 2255 Platonicos
555 2226 662 2262 putasse
675 2229 781 2255 animus
792 2236 930 2263 nunquam

147 2263 308 2297 corporibus
318 2263 429 2290 omnino
448 2264 552 2293 nudari,
571 2264 616 2289 sed
631 2267 728 2296 pri-ter
742 2270 863 2290 crassum
880 2265 931 2291 hoc

147 2305 246 2331 corpus
269 2306 323 2332 quo
339 2299 365 2324 in
389 2298 439 2325 hac
458 2298 510 2324 vita
528 2298 693 2328 induuntur,
713 2301 786 2324 certo
815 2299 929 2330 quodam

148 2340 284 2360 connexus
294 2341 355 2360 esse
366 2334 440 2360 aerio
451 2340 564 2366 corpore
582 2332 653 2366 quod
671 2339 718 2358 eas
730 2332 827 2366 ubique
841 2334 932 2367 sequi-

148 2372 202 2399 tur.
215 2368 286 2401 quod
297 2373 406 2395 servant
418 2369 500 2394 etiam
513 2369 635 2401 lil‘pOsllO
651 2367 788 2400 crassiori,
799 2369 870 2401 quod
882 2369 930 2395 dc-

149 2403 231 2443 ttique
245 2408 355 2443 vocatur
369 2411 382 2428 τι
407 2403 558 2443 Porphyrio
576 2407 603 2428 et
620 2401 729 2443 Pilotino
747 2410 756 2426 t
778 2403 899 2443 spiritale
918 2412 927 2428 ι

148 2443 175 2465 et
187 2435 300 2465 interius
311 2438 409 2464 animae
429 2435 626 2464 indumentum.
645 2435 700 2463 Ιιυυ
715 2443 812 2470 praeter
830 2437 928 2471 duplex

147 2472 233 2501 hocce
246 2481 356 2507 corpus,
367 2472 532 2507 Philopouus
545 2471 654 2507 tertium
669 2472 789 2507 agnoscit
805 2473 931 2500 subtilius

149 2511 176 2535 et
193 2509 285 2542 purius
297 2506 380 2541 'quod
407 2512 484 2534 vocat
499 2506 578 2541 σῶμα
599 2506 732 2541 οὐράνιον,
750 2506 877 2542 αἰθέριον,
903 2512 930 2534 et

149 2541 297 2576 αὐγοειδὲς,
308 2543 432 2577 quodque
444 2542 586 2568 animabus
601 2541 767 2577 tribuitque:
782 2541 817 2577 ali
832 2543 932 2569 allecti-

151 2577 201 2604 bus
224 2576 363 2612 corporeis
390 2578 480 2603 lihcrae
506 2581 580 2612 sunt.
611 2576 721 2612 l’rodus
745 2581 771 2612 et
793 2576 931 2612 Hierocles

151 2611 214 2638 illud
243 2610 338 2641 vocant
365 2613 395 2638 τὸ
420 2611 603 2646 meatui-mbo
632 2610 792 2647 (impasti;
820 2611 931 2647 λθγικῆς

157 2646 248 2682 φυχῆς,
265 2656 274 2673 ‹
294 2647 414 2680 spiritale
439 2647 590 2682 vehicultnn
605 2646 782 2682 rationabilis
792 2646 928 2673 anima-.5

176 2679 273 2708 t'valde
288 2679 460 2716 peregrinum
477 2682 502 2708 in
520 2681 716 2707 Platonicorum
731 2679 838 2714 scriptis
854 2689 932 2716 opor-

151 2719 190 2750 tet
211 2723 272 2742 eum
288 2715 419 2750 esse’qui
446 2717 473 2743 in
503 2717 585 2743 hocce
608 2715 707 2750 duplici
732 2715 929 2745 interiori.’vel

151 2749 284 2790 alterutro
301 2749 425 2779 vehiculo
451 2759 497 2779 eos
523 2749 656 2786 putaverit
683 2750 779 2777 anima.-
805 2756 929 2777 naturam

151 2791 216 2821 portu
220 2793 282 2821 tisse.

186 2819 243 2856 (95)
261 2821 306 2848 Sic
320 2828 382 2849 uss.
397 2821 480 2856 Alias,
507 2831 515 2848 t
536 2822 574 2849 \el
600 2821 631 2848 ad
650 2820 801 2853 vivendum,
824 2824 853 2848 ut
873 2820 930 2847 sin-

980 229 1062 257 Deum
1080 229 1197 256 refertur
1217 229 1325 264 injuria,
1349 237 1408 255 cum
1429 233 1524 263 putant
1545 236 1606 255 eum
1618 235 1667 262 per
1685 233 1766 254 natu-

979 283 1037 302 ram
1059 282 1216 310 corpoream
1234 282 1314 310 posse
1333 275 1457 309 intelligi,
1473 282 1526 308 quo
1545 274 1650 301 scilicet
1667 281 1767 300 secun-

979 319 1042 346 dum
1063 320 1136 354 ipsos
1154 319 1211 354 (99)
1225 327 1324 354 corpus
1337 320 1371 347 sit
1387 325 1415 347 et
1435 319 1499 346 illud
1514 319 1587 354 quod
1603 327 1650 353 per
1667 326 1768 352 corpus

979 370 1069 400 potest
1088 365 1200 400 intelligi
1219 365 1262 392 vel
1275 366 1389 398 sentiri;
1406 370 1434 392 et
1459 365 1555 392 uolunt
1575 364 1627 392 hoc
1649 364 1766 398 intelligi

978 409 1048 444 quod
1062 409 1248 444 propinquitas
1263 411 1386 444 quaedam
1406 409 1442 436 sit
1458 409 1541 436 menti
1554 409 1587 436 ad
1602 408 1699 441 Deum,
1720 416 1768 435 cu-

977 455 1023 490 ius
1040 460 1067 482 et
1078 456 1135 490 ipsa
1151 463 1227 483 mens
1239 456 1432 483 intellectualis
1448 456 1537 490 imago
1550 455 1596 488 sit,
1609 462 1636 483 et
1649 463 1699 490 per
1711 455 1768 482 haec

978 501 1063 535 possit
1083 501 1184 536 aliquid
1201 502 1234 529 de
1256 502 1408 528 divinitatis
1427 503 1528 529 sentire
1548 506 1655 535 natura,
1677 501 1768 528 maxio

980 555 1023 574 me
1034 547 1056 574 si
1077 547 1254 582 expurgatior
1271 552 1299 574 et
1316 549 1483 582 segregatior
1495 548 1558 575 sita
1579 547 1693 575 materia
1706 553 1770 576 cor-

979 593 1076 626 porali.

1013 683 1040 710 8.
1057 683 1155 710 Verum
1170 683 1227 710 ista:
1240 684 1404 710 assertioues
1419 684 1509 710 minus
1527 683 1654 711 fortassis
1670 689 1769 711 aucto-

979 731 1068 758 ritatis
1083 731 1184 758 habere
1207 731 1352 757 videantur
1378 732 1449 765 apud
1476 738 1523 757 eos
1541 731 1586 764 qui
1605 738 1638 758 ex
1664 731 1769 758 sanctis

979 777 1128 811 Scripturis
1140 777 1174 804 de
1187 777 1267 803 rebus
1281 776 1379 803 divinis
1400 776 1505 803 institui
1522 776 1624 808 volunt,
1639 780 1667 803 et
1685 777 1769 803 etiam

977 823 1027 849 sibi
1043 823 1104 850 inde
1127 822 1270 856 approbari
1292 826 1428 856 qumrunt,
1449 822 1583 856 quomodo
1599 827 1699 848 natura
1723 821 1769 848 Dei

977 868 1160 902 supereminet
1177 875 1320 902 corporum
1343 872 1478 894 naturam.
1496 867 1563 894 Vide
1583 874 1650 902 ergo
1665 867 1687 894 si
1714 874 1768 893 tton

978 915 1058 940 etiam
1076 913 1220 948 Apostolus
1238 913 1288 940 hoc
1303 913 1374 939 idem
1402 913 1451 946 ait,
1467 920 1529 939 cum
1550 913 1583 940 de
1600 912 1711 939 Christo
1730 913 1769 939 lo-

978 960 1070 994 quitur
1083 959 1175 986 dicens
1191 967 1198 984 :
1215 968 1224 984 ι
1248 958 1298 991 Qui
1314 963 1356 985 est
1380 958 1468 993 imago
1486 958 1631 986 invisibilis
1647 959 1694 985 Dei
1711 959 1769 992 pri-

978 1006 1130 1040 mogenitus
1142 1005 1232 1032 omnis
1245 1009 1379 1032 creatura:
1393 1005 1426 1029 ".
1454 1014 1463 1030 ι
1481 1003 1538 1031 Non
1559 1005 1643 1036 enim,
1658 1008 1687 1030 ut
1709 1004 1770 1038 qui-

977 1051 1039 1077 dam
1054 1056 1159 1085 ptttant,
1184 1056 1280 1077 natura
1307 1050 1352 1077 Dei
1369 1051 1452 1078 alicui
1473 1051 1587 1077 visibilis
1603 1055 1655 1084 est,
1670 1056 1698 1077 et
1710 1050 1772 1076 aliis

978 1096 1120 1123 invisibilis
1134 1096 1190 1131 (l);
1211 1104 1263 1123 non
1281 1097 1352 1123 enim
1368 1097 1436 1123 dixit
1450 1096 1608 1130 Apostolus.
1624 1097 1713 1130 imago
1729 1096 1771 1122 in-

977 1142 1092 1169 visibilis
1103 1143 1149 1170 Dei
1163 1143 1329 1175 hominibus,
1351 1148 1396 1169 aut
1411 1143 1553 1169 invisibilis
1569 1142 1770 1177 peccatoribus,

978 1190 1024 1214 sed
1039 1188 1115 1215 valde
1130 1193 1287 1215 constanter
1301 1189 1460 1222 pronuntiat
1479 1189 1512 1214 de
1533 1189 1590 1221 ipsa
1607 1193 1706 1214 natura
1723 1187 1770 1214 Dei

978 1233 1070 1260 dicens
1086 1242 1092 1260 :
1110 1242 1118 1258 ι
1133 1232 1224 1268 Imago
1238 1234 1381 1261 invisibilis
1399 1234 1455 1260 Dei.
1480 1243 1489 1260 ι
1506 1233 1558 1260 Sed
1571 1239 1598 1260 et
1611 1232 1731 1260 Joannes
1743 1233 1769 1258 in

978 1278 1124 1312 Evangelio
1137 1278 1230 1306 dicens
1248 1288 1255 1306 :
1273 1289 1282 1305 ι
1302 1280 1384 1306 Deum
1402 1287 1480 1306 nemo
1492 1279 1558 1305 vidit
1573 1287 1690 1313 unquam
1706 1279 1740 1310 ",
1757 1288 1767 1304 ο

978 1323 1121 1351 manifeste
1138 1324 1256 1352 declarat
1272 1326 1398 1352 omnibus
1413 1325 1457 1359 qui
1476 1325 1629 1359 intelligere
1644 1329 1768 1358 possunt,

977 1369 1039 1403 quia
1059 1369 1130 1396 nulla
1156 1374 1253 1396 natura
1266 1375 1307 1397 est
1332 1370 1376 1397 cui
1404 1369 1520 1397 visibilis
1535 1371 1570 1396 sit
1595 1369 1683 1402 Deus;
1715 1378 1769 1396 non

977 1416 1054 1448 quasi
1070 1415 1117 1449 qui
1133 1415 1247 1442 visibilis
1262 1416 1369 1450 quidem
1385 1416 1421 1442 sit
1434 1423 1482 1450 per
1500 1420 1638 1448 naturam,
1654 1420 1681 1442 et
1695 1415 1771 1442 velut

978 1459 1127 1495 fragilioris
1138 1467 1271 1488 creatura:
1283 1463 1379 1489 evadat
1392 1466 1472 1495 atque
1484 1461 1598 1488 excedat
1614 1468 1768 1494 aspectum,

979 1504 1030 1540 53
1046 1505 1232 1541 sedquoniam
1249 1507 1410 1535 naturaliter
1426 1508 1510 1535 videri
1527 1507 1698 1541 impossibile
1716 1512 1769 1534 est.

979 1551 1055 1584 Quod
1074 1552 1096 1578 si
1122 1553 1243 1586 requiras
1269 1561 1283 1579 τι
1312 1559 1355 1580 uie
1454 1560 1580 1580 tsrsnpu.
1595 1560 1705 1579 tusnox.

979 1597 1044 1631 quid
1057 1598 1356 1632 etiautdeipsoUnige-
1392 1599 1465 1626 Sicut
1495 1599 1564 1625 enim
1595 1599 1770 1632 incongruum

980 1644 1036 1670 nito
1056 1644 1184 1676 sentiant,
1205 1644 1226 1671 si
1249 1651 1282 1671 ne
1305 1645 1354 1679 ipsi
1392 1645 1430 1681 (Ξ)
1455 1650 1492 1671 est
1516 1645 1602 1670 dicere
1615 1645 1684 1678 quod
1709 1652 1772 1678 pos-

980 1691 1089 1724 quidem
1114 1691 1245 1719 visibilem
1265 1692 1354 1718 dicant
1391 1691 1424 1717 sit
1442 1689 1528 1716 Filius
1543 1690 1630 1717 videre
1650 1688 1771 1722 Putrem,

981 1742 1105 1764 naturam
1117 1736 1358 1772 Dci,qua:n.ttura-
1393 1739 1429 1764 ita
1452 1738 1632 1764 inconveniens
1649 1741 1687 1763 est
1711 1737 1769 1763 oui-

979 1886 1040 1920 gula
1067 1885 1186 1912 membra
1216 1892 1275 1918 qum
1299 1892 1314 1911 a
1341 1884 1394 1912 Deo
1420 1884 1534 1912 formata
1552 1889 1626 1916 sunt,
1648 1883 1769 1912 habeant

981 1921 1095 1947 aliquid.
1117 1929 1126 1945 ι

980 1930 1171 2016 ξζῶῗῑῖιιλιῖιιε,
1200 1962 1210 1979 t
1229 1958 1257 1980 ut
1274 1954 1300 1980 in
1326 1954 1435 1987 talibus,
1453 1964 1462 1980 ι
1479 1954 1526 1982 sed
1538 1961 1615 1986 mss.,
1630 1963 1639 1979 ε
1661 1954 1771 1981 utvita-

991 1998 997 2016 ι
1019 1997 1060 2015 us.
1079 1999 1088 2015 ι

991 1990 1060 2016 ibus.
1079 1999 1088 2015 ι

1015 2024 1071 2058 (9ἷ)
1089 2024 1134 2050 Sic
1158 2030 1254 2050 omnes
1277 2031 1342 2050 mss.
1357 2024 1442 2055 Alias,
1468 2033 1477 2049 t
1495 2023 1622 2055 dieimtts,
1649 2031 1682 2049 eo
1697 2024 1770 2056 quod

981 2059 1155 2092 prmstantior
1182 2058 1218 2084 sit
1252 2063 1305 2084 tota
1339 2064 1434 2084 natura
1469 2066 1610 2092 corporea.
1641 2067 1651 2083 ι
1685 2058 1771 2084 Paulo

981 2097 1042 2126 po,~t
1067 2101 1146 2132 t_nss.,
1177 2101 1187 2118 ί
1205 2092 1326 2127 subjacet
1351 2093 1469 2127 propria.
1486 2094 1591 2125 tAlias,
1610 2100 1620 2118 ι
1645 2093 1771 2126 subjacet

980 2134 1102 2161 proprie.
1119 2137 1128 2152 ο

1017 2161 1071 2197 (98)
1082 2161 1286 2197 ιᾳζινίαςὴονιιηι
1301 2166 1387 2188 autem
1400 2170 1534 2188 sensuum.
1548 2161 1593 2189 Sic
1605 2169 1670 2188 mss.
1683 2161 1768 2194 Alias,

984 2206 993 2222 ‹
1011 2195 1090 2222 levia.
1106 2195 1152 2223 llis
1167 2201 1255 2223 autent
1276 2197 1408 2223 sensibus.
1425 2206 1434 2222 ι

1019 2231 1073 2266 (99)
1089 2231 1167 2258 Posse
1178 2231 1285 2265 intelligi
1297 2239 1347 2266 quo
1363 2232 1460 2258 scilicet
1470 2230 1613 2258 secundant
1623 2231 1702 2263 ipsos,
1712 2235 1766 2258 etc.

983 2265 1028 2292 Sic
1036 2266 1107 2292 hunc
1121 2266 1208 2292 locum
1219 2266 1252 2292 ad
1263 2265 1340 2293 tidem
1356 2267 1478 2292 omnium
1498 2274 1562 2292 mss.
1580 2266 1766 2297 restituintus;

982 2300 1048 2327 libb.
1067 2301 1130 2327 editi
1154 2300 1264 2332 habent,
1288 2309 1298 2326 t
1326 2309 1403 2334 posse
1422 2300 1533 2334 intelligi
1552 2300 1592 2325 vel
1612 2301 1719 2329 sentiri.
1740 2304 1768 2326 ut

982 2335 1075 2362 volunt
1091 2336 1140 2362 hoc
1151 2335 1274 2368 intelligi,
1295 2345 1304 2361 ι
1327 2336 1448 2369 pluribus
1462 2335 1580 2361 omissis.
1597 2334 1680 2360 Paulo
1697 2334 1767 2361 infra

983 2377 1061 2401 tnss.,
1077 2379 1087 2395 t
1105 2370 1310 2404 siexpargatior
1321 2376 1348 2397 et
1363 2371 1540 2405 scgregatior.
1562 2379 1571 2394 ι
1589 2369 1664 2395 Alias
1675 2369 1766 2401 deest,

984 2414 993 2430 t
1015 2410 1042 2431 ct
1055 2406 1229 2439 segregatim.
1251 2414 1260 2430 ι

1021 2440 1058 2474 (I)
1086 2438 1173 2466 Ὰιὶιίιιῐ
1199 2438 1307 2466 visibilis
1330 2444 1378 2469 est,
1408 2444 1431 2465 et
1457 2439 1518 2465 aliis
1552 2438 1702 2474 invisibilis.
1720 2438 1767 2465 Sic

981 2473 1076 2501 omnes
1095 2482 1160 2501 tnss.
1179 2474 1262 2507 Alias,
1283 2483 1293 2499 ι
1312 2473 1455 2501 invisibilis
1481 2478 1522 2500 est
1536 2473 1628 2504 alicui,
1654 2478 1683 2499 et
1704 2474 1767 2500 aliis

981 2509 1095 2536 visibilis
1107 2514 1158 2535 cst.
1175 2517 1184 2533 ι

1017 2545 1055 2578 (2)
1076 2543 1151 2570 Sicut
1167 2544 1235 2569 cnim
1252 2543 1423 2578 incongruum
1439 2547 1487 2578 est,
1503 2547 1556 2569 etc.
1579 2542 1657 2568 lluue
1673 2541 1763 2578 locum

981 2587 996 2605 e
1008 2577 1094 2605 iibl'nl
1110 2577 1178 2611 Περὶ
1190 2577 1290 2611 ὰίλχῶν
1312 2578 1415 2611 profert
1439 2577 1619 2611 Hieronymus
1641 2578 1666 2602 in
1681 2577 1764 2610 epist.

981 2614 1026 2646 58,
1041 2613 1107 2639 alius
1125 2614 1154 2639 (il
1175 2616 1208 2638 ad
1225 2613 1438 2638 l’atnntacltium.
1457 2612 1571 2645 ipsemet
1587 2611 1702 2638 Rufinus
1726 2612 1766 2637 in-

982 2648 1085 2675 vectiva
1109 2648 1194 2682 prima
1212 2647 1340 2682 adversus
1355 2646 1548 2682 llier0nymuut
1566 2646 1665 2672 fatetur
1679 2646 1767 2673 fuisse

984 2692 993 2708 ε
1007 2683 1097 2716 aliqua
1109 2681 1189 2708 verba
1206 2682 1231 2708 in
1246 2681 1341 2708 Graeco
1354 2681 1490 2707 incautius
1503 2681 1618 2707 fortasse
1636 2681 1740 2714 posita,
1755 2690 1764 2706 ο

981 2725 1040 2752 quae
1059 2715 1262 2752 interpret:me
1276 2715 1462 2752 declinaverit,
1485 2720 1530 2752 aut
1546 2716 1578 2740 a;l
1598 2715 1767 2752 catholicqu

981 2749 1090 2779 sensum
1117 2750 1263 2778 reduxerit.
1295 2750 1358 2776 \‘ide
1394 2749 1614 2784 Urigenianorum
1646 2750 1695 2777 lib.
1727 2757 1748 2777 tt

981 2792 1076 2821 quiest.
1094 2786 1122 2819 2,
1138 2794 1211 2812 llllttl.
1232 2785 1263 2812 Π
1276 2788 1302 2811 et
1318 2785 1357 2810 l8.
