1883 3072
138 144 186 171 l29

827 139 926 166 LIBER
943 138 1081 166 PRIMUS.

1712 138 1763 165 150

138 201 198 227 liter
212 200 408 236 (5.)invisibilis
419 204 470 234 est,
484 207 517 228 ne
553 201 612 227 ηανὶ
633 200 702 235 quod
724 199 840 233 Spiritus
865 207 927 226 aan-
942 202 965 230 Α
980 198 1064 226 videri
1090 198 1123 225 ab
1146 197 1188 224 bis
1201 197 1246 232 qni
1263 197 1336 232 digni
1354 201 1419 224 sunt
1434 200 1533 232 potest.
1560 196 1614 224 Cor
1633 203 1699 224 sane
1715 205 1763 230 pro

138 248 285 275 tibistatim
299 248 517 283 velimpinmvi-
552 252 608 274 ctus
642 248 723 281 possit
761 247 845 274 videre
877 247 926 274 Fi-

139 295 300 321 deatnresse
306 294 514 322 velabsurdu‘m:
551 295 624 321 lium.

137 341 270 367 rationem
286 341 388 375 quippe
412 341 535 368 dabimus
552 345 751 376 consequenter
772 341 822 378 (Α).
844 342 923 369 Aliud

136 391 178 414 est
193 386 295 419 videre,
311 387 385 413 aliud
401 393 583 421 cognoscere;
598 387 682 414 videri
704 392 730 415 et
749 388 842 415 videre
861 396 924 415 cor—

137 440 233 466 porum
249 439 291 459 res
303 437 354 463 est.
369 433 492 467 cognosci
508 437 533 460 et
548 440 712 468 cognoscere
734 434 924 462 intellectualis

138 482 244 504 natttrtc
255 482 306 504 est.
321 476 457 512 Quidquid
476 485 539 512 ergo
561 480 698 513 proprium
713 486 854 513 corporum
872 484 923 513 est,

137 523 188 550 hoc
203 531 253 550 nec
267 524 300 551 de
312 523 390 551 Patre
399 530 452 556 est,
466 532 515 552 nec
527 525 558 552 de
574 524 642 552 Filio
655 525 836 553 sentiendum.
848 526 924 559 Quod

137 575 202 595 vero
222 569 254 594 ad
272 573 395 595 naturam
421 570 539 603 pertinet
564 569 686 601 deitatis,
703 570 754 597 hoc
780 570 852 597 inter
872 570 923 596 Pa-

138 615 209 637 trem
221 616 247 638 et
259 611 356 639 Filium
373 618 489 640 constat.
506 613 626 648 Denique
636 615 717 642 etiam
733 615 788 649 ipse
798 615 823 642 in
837 614 924 642 Evan-

136 657 208 691 gelio
223 665 275 683 non
290 658 367 691 dixit,
381 659 442 693 quia
455 666 534 686 nemo
551 660 619 686 vidit
632 660 738 688 Patrem
758 662 807 688 nisi
826 662 921 695 Filius,

137 710 228 737 neque
244 703 342 730 Filium
370 704 422 731 nisi
441 704 533 737 Pater,
558 706 604 733 sed
622 707 682 733 ait:
710 716 720 732 ι
743 706 826 735 Nemo
849 709 923 735 novit

136 748 236 775 Filium
251 749 302 775 nisi
317 748 408 783 Pater,
425 758 511 785 neque
525 751 632 779 Patrem
652 753 713 787 quis
727 754 799 780 novit
814 754 864 781 nisi
881 753 923 780 Fi-

136 794 190 821 lius
205 795 238 820 ’9.
257 805 266 821 ι
288 795 323 822 Ex
335 804 388 831 quo
401 797 544 824 manifeste
558 798 697 825 indicatur
709 800 780 833 quod
792 799 921 833 quidquid

136 839 209 867 inter
236 845 347 868 naturas
368 849 511 876 corporeus
535 843 622 870 videri
644 848 672 871 et
695 844 787 871 videre
810 844 920 876 dicitur,

981 248 1083 276 mente,
1097 243 1122 270 id
1136 247 1178 270 est
1195 250 1243 278 pro
1269 242 1444 270 intellectuali
1464 243 1565 269 virtute
1582 242 1715 268 nominari
1736 243 1762 269 in

980 288 1106 315 omnibus
1120 287 1270 322 Scripturis
1296 289 1373 315 novis
1392 295 1423 315 ac
1437 287 1577 315 veteribus
1595 288 1762 314 abundanter

979 334 1112 362 invenies.
1129 333 1185 360 lloe
1202 333 1284 368 igitur
1301 334 1379 360 modo
1393 334 1517 368 quamvis
1545 333 1624 368 longe
1648 333 1763 360 interius

979 386 1059 414 quam
1079 380 1190 413 dignum
1207 385 1266 411 est,
1287 382 1379 413 utpote
1395 386 1445 413 pro
1461 379 1617 406 inﬁrmitate
1639 379 1762 406 humana!

979 425 1163 458 intelligentia;
1185 429 1308 451 naturam
1330 424 1376 451 Dei
1401 425 1593 459 intelligentes,
1612 433 1682 452 nunc
1698 425 1761 460 quid

980 470 1030 496 sibi
1050 470 1114 497 velit
1132 477 1228 497 nomen
1243 470 1344 498 Christi
1372 470 1521 496 videamus.

1289 525 1404 553 CAPUT
1430 525 1462 553 ll.

1285 571 1323 598 De
1339 570 1457 598 Christo.

1013 617 1038 644 Ι.
1055 616 1146 644 Pritno
1159 616 1223 643 illttd
1241 624 1290 644 nos
1308 622 1417 652 oportet
1447 618 1531 650 scire,
1548 619 1620 652 quod
1634 619 1706 645 aliud
1719 624 1762 646 est

977 662 1004 689 in
1020 661 1129 688 Christo
1143 662 1253 689 deitatis
1268 662 1326 696 ejus
1343 667 1452 696 natura,
1465 663 1536 697 quod
1550 668 1592 691 est
1607 663 1762 698 unigenitus

976 706 1063 733 Filius
1083 705 1173 734 Patris
1192 707 1251 742 (ηε
1278 712 1305 734 et
1318 707 1371 734 alia
1388 708 1507 735 humana
1521 713 1617 736 natura
1634 717 1715 744 quant
1733 710 1760 739 in

977 753 1135 780 novissimis
1157 753 1326 787 temporibus
1342 761 1391 788 pro
1408 754 1608 788 dispensatione
1631 756 1760 790 suscepit.

976 798 1092 834 Propter
1106 799 1178 833 quod
1192 799 1337 826 videndmn
1356 799 1443 834 primo
1460 804 1502 826 est
1526 801 1591 834 quid
1608 801 1645 828 sit
1664 802 1758 836 unige-

975 844 1047 871 nitus
1066 844 1150 871 Filius
1167 844 1224 875 Dei,
1240 844 1286 879 qui
1303 845 1395 872 mttltis
1414 845 1524 878 quidem
1542 850 1569 872 et
1583 846 1697 874 diversis
1713 856 1762 874 no-

136 885 188 912 hoc
208 886 279 913 inter
301 886 407 914 Patrem
427 891 453 914 et
465 887 564 914 Filium
579 896 745 924 cognoscere
768 890 869 917 dicitur
897 896 924 918 et
942 877 962 904 Β
981 891 1099 918 minibus
1126 899 1174 925 pro
1190 877 1272 918 rebus
1298 892 1339 918 vel
1367 877 1540 926 opinionibus
1564 892 1758 927 appellantium

136 932 276 964 cognosci.
294 939 342 966 per
355 932 482 960 virtutem
497 933 629 967 scientia,
642 942 695 962 non
711 943 758 970 per
779 935 922 963 visibilita-

138 977 174 1002 tis
189 975 372 1010 fragilitatem.
397 977 464 1011 Quia
482 978 565 1013 igitur
588 979 622 1006 de
649 980 807 1015 incorporea
825 985 921 1008 natura

136 1026 164 1048 et
179 1022 320 1056 invisibili,
337 1031 386 1050 nec
398 1024 490 1052 videre
502 1026 611 1060 proprie
623 1026 732 1058 dicitur,
752 1035 802 1054 nec
816 1027 920 1061 videri;

138 1067 241 1094 idcirco
265 1075 353 1103 neque
375 1069 455 1096 Pate'r
473 1078 487 1096 a
501 1071 582 1104 Filio,
605 1078 692 1106 neque
707 1072 790 1100 Filius
812 1081 827 1100 a
841 1073 921 1101 Patre

135 1112 224 1138 videri
241 1111 268 1147 iii
288 1113 435 1148 Evangelia
449 1115 561 1149 dicitur,
579 1116 625 1143 sed
642 1118 778 1152 cognosci.

174 1156 202 1184 9.
216 1157 292 1190 Quod
306 1158 327 1185 si
343 1163 475 1193 proponat
499 1159 577 1187 nobis
593 1160 702 1195 aliquis,
720 1169 805 1196 quare
818 1163 919 1189 dictum

135 1207 196 1230 est:
215 1211 225 1228 ι
242 1203 318 1230 Beati
335 1205 435 1232 mundo
448 1206 540 1237 corde,
555 1207 682 1240 quoniam
699 1208 749 1241 ipsi
780 1208 862 1234 Deum
879 1209 920 1235 vi-

136 1248 239 1274 debqu
259 1249 302 1281 ¹⁹;
325 1258 335 1276 ›
367 1250 454 1278 ιιιιιΙιο
482 1252 565 1285 magis
585 1252 666 1278 etiam
681 1260 712 1279 ex
731 1253 791 1286 hoc,
817 1259 846 1280 ut
871 1262 920 1289 ego

134 1293 264 1326 arbitror,
279 1295 392 1323 assertio
407 1300 496 1324 nostra
512 1297 678 1325 tirmabilur:
694 1306 755 1325 nam
769 1299 834 1333 quid
846 1300 918 1328 aliud

133 1346 177 1367 est
189 1340 271 1368 corde
286 1341 369 1368 Deum
394 1342 496 1373 videre.
517 1344 568 1370 nisi
588 1345 735 1371 secundum
752 1345 777 1372 id
790 1346 861 1380 quod
874 1354 919 1373 su-

134 1393 186 1421 pra
213 1387 388 1421 e-xposuimus
406 1393 495 1416 tuente
519 1397 580 1416 etim
599 1390 748 1425 intelligere
776 1395 857 1426 atqtte
871 1399 918 1419 co-

135 1433 289 1467 gnoscere?
310 1433 479 1467 Frequenter
500 1435 572 1462 enim
597 1436 764 1463 sensibilium
781 1437 919 1464 membro-

134 1485 196 1504 rntn
227 1479 336 1505 nomina
361 1480 394 1505 ad
410 1480 526 1506 animam
543 1480 717 1513 referuntur,
735 1483 770 1510 ita
788 1487 817 1510 ut
831 1483 918 1511 oculis

134 1523 226 1550 cordis
242 1524 335 1552 videre
351 1525 467 1558 dicatur,
496 1527 522 1553 id
552 1531 593 1554 est
607 1528 707 1555 virtttte
733 1528 916 1564 intelligentia:

133 1568 239 1602 aliquid
255 1570 439 1598 intellectuale
451 1572 586 1606 conjicere
601 1573 650 1608 (5).
664 1574 710 1601 Sic
724 1578 750 1601 et
764 1575 858 1601 audire
874 1583 919 1601 au-

135 1613 215 1640 ribus
232 1615 343 1647 dicitnr,
359 1623 419 1643 cum
433 1624 541 1644 sensum
559 1618 742 1653 intelligentia:
760 1620 919 1654 profundio—

132 1659 172 1686 ris
189 1660 318 1687 advertit.
332 1661 377 1689 Sic
388 1666 416 1689 et
431 1663 468 1689 uti
483 1670 541 1690 eam
554 1671 634 1697 posse
651 1665 777 1692 dentibus
793 1666 917 1700 dicimus,

134 1711 196 1730 cum
215 1705 336 1739 mandit,
353 1710 380 1732 et
401 1714 497 1741 panem
515 1709 632 1735 comedit
657 1709 718 1736 vitae
733 1710 778 1744 qni
792 1711 824 1737 de
847 1711 918 1737 creto

131 1748 284 1777 descendit.
311 1751 444 1778 Similiter
461 1757 488 1779 et
503 1754 610 1780 caneris
623 1754 659 1780 uti
678 1755 861 1782 membrorum
878 1755 919 1783 of-

131 1793 203 1822 ﬁciis
213 1795 322 1828 dicitur,
334 1804 393 1832 qua:
404 1804 436 1824 ex
449 1798 582 1831 corporali
595 1799 775 1834 appellatione
789 1801 917 1828 translata

130 1841 284 1868 Virtutibus
301 1842 399 1870 anima;
416 1849 587 1878 eoaptantur,
606 1845 676 1872 sicut
691 1851 719 1872 et
735 1845 862 1873 Salomon
879 1847 918 1874 di-

130 1888 188 1915 cit:
211 1897 222 1913 ι
238 1887 353 1916 Sensum
369 1889 489 1916 divinum
507 1890 628 1918 invenies
642 1891 674 1916 ³ο.
690 1901 700 1917 ι
721 1891 830 1918 Sciebat
843 1900 918 1919 natn-

129 1940 184 1968 que
197 1934 251 1961 duo
269 1941 368 1968 genera
393 1941 453 1962 esse
478 1942 605 1962 sensuum
623 1936 648 1963 in
666 1937 754 1970 nobis,
771 1944 852 1964 unum
868 1946 917 1973 ge-

130 1987 182 2007 nus
196 1987 324 2008 sensuum
338 1981 451 2008 mortale
466 1981 515 2015 (6),
536 1983 724 2017 corruptibile,
740 1984 888 2011 humanum
905 1994 912 2017 ;

130 2025 204 2052 aliud
224 2033 310 2060 genus
329 2027 483 2054 immortale
494 2031 521 2054 et
539 2027 734 2062 intellectuale,
755 2030 825 2063 quod
842 2037 915 2057 nunc

129 2071 253 2098 divinum
268 2072 426 2099 nominavit.
441 2072 498 2100 Hoc
513 2081 577 2108 ergo
589 2081 668 2101 sensu
684 2075 776 2102 divino
788 2083 839 2102 non
852 2084 916 2103 ocu-

129 2116 231 2150 lorum,
250 2117 297 2144 sed
327 2118 417 2144 cordis
438 2118 553 2151 mundi,
578 2127 638 2153 quae
655 2124 696 2147 est
717 2128 793 2148 mens
807 2140 814 2153 ,
844 2121 916 2148 Deus

166 2209 189 2226 ³⁸
203 2208 299 2236 Matth.
313 2217 352 2240 ιι,
363 2208 409 2235 27.

447 2209 469 2225 ι’
484 2209 580 2237 Matth.
593 2218 620 2243 v,
633 2210 660 2237 8.
699 2210 723 2226 ²⁰
737 2210 819 2238 Prov.
833 2219 864 2244 tt,
878 2212 905 2239 5.

945 2211 966 2226 ³¹
983 2211 1063 2238 Prov.
1077 2219 1137 2244 vtn,
1151 2210 1185 2237 23
1198 2217 1274 2244 seqq.

979 941 1159 970 nuncupatur.
1187 937 1323 970 Sapientia
1358 945 1477 972 namque
1502 938 1622 970 dicitur,
1639 940 1709 966 sicut
1731 944 1760 966 et.

977 981 1104 1008 Salomon
1115 982 1199 1009 dixit:
1213 991 1221 1007 ι
1233 982 1361 1009 Dominus
1372 984 1526 1010 creavitme
1537 983 1641 1010 initittm
1654 984 1757 1011 viarum

975 1035 1095 1059 suartttn,
1121 1028 1185 1054 etin
1201 1035 1282 1062 opera
1294 1035 1341 1055 sua
1362 1032 1505 1062 antequam
1519 1029 1619 1063 aliquid
1642 1029 1757 1060 faceret,

975 1077 1037 1100 ante
1047 1072 1142 1100 saecula
1156 1073 1275 1101 fundavit
1288 1081 1340 1102 me.
1350 1073 1377 1100 ln
1392 1074 1478 1106 initio,
1489 1075 1644 1109 priusquam
1656 1079 1757 1102 terram

975 1118 1095 1152 faceret,
1124 1119 1282 1153 priusquam
1302 1120 1466 1155 produceret
1492 1120 1581 1148 fontes
1606 1129 1756 1156 aquarum,

976 1168 1122 1198 antequam
1143 1163 1318 1190 ﬁrmarentur
1332 1169 1436 1192 nlOIlleS
1449 1185 1457 1198 ,
1476 1170 1540 1192 ante
1557 1172 1651 1192 omnes
1665 1169 1757 1193 autem

974 1211 1059 1238 colles
1074 1215 1188 1244 generat
1201 1217 1243 1236 me
1254 1209 1274 1225 ³¹
1288 1209 1337 1245 (8).
1355 1219 1364 1236 ι
1383 1210 1491 1237 Dicitur
1510 1215 1599 1237 autem
1615 1216 1642 1238 et
1656 1211 1758 1245 primo-

973 1257 1092 1292 genitus,
1105 1257 1175 1283 sicut
1187 1256 1255 1283 dixit
1266 1257 1427 1291 Apostolus:
1446 1266 1454 1282 ‹
1469 1257 1519 1289 Qui
1535 1262 1577 1284 est
1591 1257 1757 1292 primogeni-

975 1307 1017 1329 tus
1031 1303 1119 1329 omnis
1136 1306 1270 1329 creaturae
1284 1301 1316 1328 ³³.
1335 1311 1344 1326 ι
1373 1301 1429 1328 Nec
1445 1306 1535 1328 tamen
1558 1302 1628 1329 alius
1642 1307 1684 1329 est
1701 1302 1758 1337 pri-

974 1348 1128 1382 mogenitus
1145 1355 1194 1382 per
1209 1353 1335 1374 naturam
1357 1354 1437 1380 qttatn
1457 1347 1601 1380 sapientia,
1623 1347 1668 1374 sed
1687 1354 1757 1374 unus

973 1398 1053 1428 atqtte
1070 1393 1138 1420 idem
1154 1397 1207 1419 est.
1227 1392 1345 1427 Denique
1359 1397 1385 1419 et
1400 1393 1536 1426 apostolus
1549 1391 1649 1420 Paulus
1665 1393 1733 1420 dicit
1747 1402 1755 1420 :

976 1447 985 1465 ι
1001 1439 1125 1467 Christus
1141 1439 1187 1466 Dei
1202 1438 1288 1465 virtus
1313 1441 1340 1465 et
1357 1438 1403 1464 Dei
1430 1438 1561 1471 sapientia
1574 1437 1607 1464 ³³.
1628 1446 1638 1464 ι

1006 1485 1034 1512 2.
1049 1484 1133 1512 Nemo
1149 1489 1237 1511 tamen
1254 1488 1329 1518 putet
1345 1483 1446 1518 aliquid
1462 1491 1509 1511 nos
1524 1483 1753 1510 insnbstantivum

973 1529 1064 1557 dicere
1091 1536 1152 1556 cum
1170 1536 1231 1555 ettm
1248 1528 1294 1555 Dei
1324 1528 1485 1562 sapientiam
1513 1527 1701 1559 nominamus;
1727 1527 1755 1555 id

971 1579 1025 1607 est,
1045 1578 1073 1601 ιιι
1087 1574 1204 1608 exempli
1236 1581 1318 1600 causa
1342 1573 1485 1606 ﬁnxerim,
1513 1573 1584 1607 quod
1612 1579 1673 1600 eam
1700 1581 1754 1600 non

968 1619 1044 1647 velut
1065 1619 1165 1646 animal
1191 1618 1326 1653 quoddam
1354 1619 1475 1651 sapiens,
1491 1619 1538 1645 sed
1564 1625 1619 1645 rem
1636 1618 1753 1652 aliquam

967 1673 1027 1700 qua:
1047 1665 1183 1700 sapientes
1199 1665 1308 1696 efﬁciat,
1333 1665 1525 1700 intelligamus,
1540 1665 1706 1699 prazbentem
1724 1671 1754 1691 se

969 1715 996 1738 et
1011 1711 1147 1738 mentibus
1171 1711 1335 1737 inserentem
1364 1718 1458 1737 eorum
1493 1711 1538 1745 qui
1562 1718 1677 1745 capaces
1698 1710 1754 1737 vir-

969 1762 1055 1785 tutum
1074 1757 1132 1791 ejus
1157 1761 1239 1790 atque
1265 1756 1452 1791 intelligentia:
1471 1756 1538 1782 fiunt
1556 1756 1604 1791 (9).
1628 1755 1655 1783 Si
1683 1763 1751 1791 ergo

967 1804 1051 1830 semel
1067 1806 1141 1830 recte
1158 1806 1296 1836 receptum
1314 1807 1367 1834 est,
1387 1802 1557 1836 unigenitum
1571 1802 1669 1829 Filium
1693 1802 1751 1834 Dei,

967 1849 1129 1884 sapientiam
1153 1848 1211 1881 ejus
1226 1854 1286 1874 esse
1301 1846 1518 1874 substantialitcr
1543 1848 1750 1878 subsistentem,

968 1896 1058 1923 nescio
1078 1895 1099 1922 si
1118 1894 1174 1929 jam
1191 1893 1261 1920 ultra
1285 1893 1396 1927 evagari
1423 1900 1519 1919 sensus
1544 1897 1636 1919 noster
1654 1893 1751 1920 debeat

967 1942 1000 1968 ad
1026 1940 1230 1975 suspicandum,
1259 1946 1293 1965 ne
1320 1938 1390 1965 forte
1409 1939 1466 1973 ipsa
1483 1936 1644 1970 ὑπόστασις,
1659 1938 1686 1966 id
1711 1943 1753 1965 est

968 1986 1121 2014 substantia
1139 1985 1198 2018 ejus
1213 1983 1267 2020 (l0)
1282 1991 1440 2018 corporeum
1452 1983 1555 2018 aliqttid
1566 1983 1674 2020 habeat,
1690 1990 1751 2010 cum

968 2039 1049 2058 omne
1062 2031 1135 2065 quod
1153 2037 1316 2064 corporeum
1332 2033 1384 2062 est,
1403 2028 1445 2055 vel
1470 2028 1577 2060 habitu,
1592 2027 1634 2054 vel
1651 2027 1752 2060 colore,

970 2077 1009 2104 vel
1025 2075 1211 2111 magnitudine
1240 2075 1405 2109 designetur.
1424 2074 1457 2101 Et.
1472 2074 1532 2108 quis
1557 2080 1674 2108 unquam
1691 2073 1751 2100 sani

967 2129 1064 2150 sensus
1078 2121 1210 2152 habitum,
1227 2120 1267 2147 vel
1291 2120 1419 2152 colorem,
1441 2119 1483 2146 vel
1498 2125 1630 2146 mensura:
1645 2117 1750 2152 magni-

1329 2209 1350 2224 ³³
1363 2208 1500 2240 Col.t,15.
1539 2208 1561 2224 ³³
1575 2207 1657 2236 lCor.
1673 2216 1692 2240 t,
1704 2207 1750 2236 25.

162 2291 203 2327 (5)
217 2291 284 2324 ρυω
297 2291 466 2319 naturaliter.
488 2291 534 2319 Sic
551 2299 617 2320 mss.
640 2291 724 2326 Alias,
744 2302 753 2318 ι
768 2293 814 2328 qni
831 2298 914 2322 natu-
931 2298 953 2326 ι)
970 2303 979 2319 ι
994 2298 1021 2320 et
1036 2291 1228 2328 intellectuale,
1245 2290 1382 2328 r_quod_in
1402 2289 1662 2328 tnss.__desider_atur_.
1677 2289 1748 2328 Infra

127 2329 233 2354 raliter.
257 2337 266 2351 ι

164 2362 202 2397 (4)
219 2361 358 2388 Rationem
382 2361 475 2395 quippe
490 2361 612 2397 dabimus
625 2367 822 2396 consequenter.
841 2364 913 2391 Ruti-

127 2405 179 2424 nns
200 2398 305 2432 invect.
324 2398 345 2432 ii
364 2397 507 2432 adversus
522 2396 716 2432 Hieronymum
738 2399 860 2431 queritur
879 2400 913 2427 ab

127 2431 248 2459 inimicis
261 2432 317 2458 suis
334 2431 458 2457 falsatam
471 2431 555 2458 fuisse
572 2431 697 2458 hoc'loco
712 2432 913 2466 interpretatio-

127 2475 190 2494 nem
204 2474 299 2493 snam:
317 2477 325 2492 α
338 2466 392 2493 Pro
403 2473 446 2497 eo,
469 2466 566 2499 inquit,
581 2467 651 2499 quod
662 2474 711 2493 nos
729 2467 908 2501 scripsimus:

126 2503 256 2528 rationem
277 2502 373 2536 quippe
402 2501 522 2527 dabimus
545 2506 751 2535 consequenter;
776 2502 813 2528 illi
842 2503 911 2530 scri—

126 2542 261 2571 pserunt:
281 2545 333 2563 ιιοιι
347 2536 397 2562 tibi
415 2536 634 2571 statintjntpiunt
648 2536 687 2562 vel
706 2537 852 2563 absurdum
874 2539 913 2564 vi-

126 2570 223 2598 dentur
237 2579 304 2602 esse,
317 2572 382 2605 quia
407 2571 476 2597 sicut
504 2570 591 2596 Filius
621 2570 726 2598 Patrem
759 2579 811 2598 non
833 2573 910 2603 videt,

126 2607 163 2632 ita
178 2614 223 2633 nec
242 2606 361 2640 Spiritus
379 2611 485 2632 sanctus
499 2605 565 2631 ridet
585 2605 694 2632 Filium.
713 2616 721 2632 ι
743 2607 841 2633 Verum
861 2614 911 2634 nec

126 2641 154 2667 itt
172 2641 248 2668 libris
259 2646 340 2667 antea
364 2641 456 2670 editis.
476 2648 524 2666 nec
543 2640 568 2666 in
583 2648 646 2666 mss.
667 2641 749 2667 ullum
765 2641 846 2668 hodie
861 2649 909 2668 su~

127 2682 215 2709 perest
232 2676 367 2709 ejusmodi
388 2675 597 2702 adulterationis
614 2676 767 2710 vestigium.

161 2711 197 2745 (5)
212 2711 258 2739 Sic
275 2718 343 2737 mss.
361 2710 436 2737 Alias
448 2730 456 2742 ,
479 2719 488 2735 ι
504 2710 529 2736 id
543 2715 583 2736 est
599 2718 658 2736 cum
682 2712 782 2737 virtute
807 2710 907 2738 intelli-

126 2744 221 2779 gentia:
235 2745 342 2779 aliqnid
356 2745 546 2772 intellectualis
559 2744 702 2777 conjicere.
715 2755 729 2771 -ι

157 2782 194 2816 (ϋ)
210 2782 242 2808 In
255 2781 332 2807 nobis
345 2787 425 2807 unum
436 2788 516 2813 genus
528 2788 650 2805 sensuum
662 2780 780 2806 mortale.
791 2780 826 2806 lia
841 2787 905 2806 mss.

123 2815 195 2844 Alias
212 2818 292 2843 deest
321 2824 331 2840 ι
349 2816 375 2841 in
396 2816 475 2841 nobis
488 2834 496 2846 ,
511 2824 520 2840 ι
549 2819 576 2841 et
603 2823 612 2840 ι
629 2822 712 2849 genus
735 2822 873 2841 sensuum.
893 2824 902 2840 ι

123 2851 203 2879 Paulo
222 2856 283 2884 post
301 2851 365 2878 libri
386 2850 450 2876 editi
478 2853 538 2884 post
556 2858 564 2874 ι
583 2849 748 2882 immortale,
767 2859 775 2874 ι
793 2850 906 2882 addunt,

968 2336 1034 2355 tnss.
1049 2336 1058 2353 ι
1075 2327 1244 2354 abundanter
1261 2325 1394 2352 invenies.
1413 2334 1422 2350 ι
1441 2325 1530 2356 Alias,
1548 2333 1557 2349 ι
1569 2325 1749 2352 abundantius

968 2363 1102 2389 invenies.
1130 2370 1139 2386 ι
1167 2360 1250 2387 Paulo
1278 2365 1338 2394 post
1363 2367 1429 2387 mss.
1445 2379 1452 2390 ,
1478 2368 1487 2384 ‹
1505 2366 1578 2386 nunc
1603 2359 1667 2394 quid
1696 2361 1747 2387 sibi

966 2397 1043 2424 velit.
1062 2406 1071 2422 ι
1089 2396 1173 2425 Alias.
1188 2404 1197 2420 ‹
1215 2393 1291 2421 Tune
1307 2394 1352 2429 qui
1371 2393 1421 2420 sibi
1442 2394 1516 2422 velit.
1532 2402 1541 2419 ι

1001 2433 1040 2466 (7)
1065 2431 1111 2458 Sic
1130 2437 1195 2456 mss.
1212 2429 1299 2461 Alias,
1328 2437 1337 2453 ι
1361 2430 1433 2463 quod
1453 2429 1504 2455 alia
1527 2428 1745 2466 estuinChristo

965 2463 1075 2493 deitatis
1087 2466 1147 2500 ejus
1167 2469 1263 2491 natura
1280 2471 1340 2498 quae
1365 2467 1451 2491 est...
1464 2483 1471 2490 .
1499 2466 1528 2491 et
1555 2463 1607 2490 alia
1627 2464 1745 2490 humana

966 2508 1087 2537 quam,__)
1103 2505 1156 2528 etc.
1429 2533 1435 2537 Δ
1447 2532 1462 2537 __
1631 2532 1636 2537 _

1001 2536 1039 2570 (8)
1052 2532 1120 2562 Mss.
1132 2554 1140 2566 ,
1161 2543 1171 2559 ι
1189 2537 1300 2570 generat
1319 2540 1376 2570 me.
1393 2543 1403 2559 ι
1421 2532 1519 2570 Alias,_
1533 2540 1547 2570 ι¹
1557 2532 1650 2570 genuit
1666 2539 1716 2570 me.
1733 2542 1742 2558 ι

966 2566 1051 2597 Paulo
1071 2574 1132 2605 post
1153 2566 1230 2605 tns's.,
1249 2577 1259 2593 ι
1279 2568 1324 2594 Dei
1343 2569 1437 2605 _virt_us
1452 2570 1479 2594 et
1502 2566 1549 2593 Dei
1571 2567 1712 2601 sapientia.
1730 2577 1740 2592 ι

962 2605 1047 2637 Alias,
1064 2603 1078 2630 ἱ
1088 2604 1133 2631 Dei
1149 2603 1236 2630 virtus
1249 2607 1275 2629 et
1293 2603 1437 2635 sapientia.
1455 2611 1465 2626 ι

997 2639 1036 2673 (9)
1052 2639 1098 2666 Sic
1114 2646 1177 2665 mss.
1193 2638 1278 2669 Alias,
1293 2646 1307 2673 Δι
1325 2637 1438 2673 fuerint.
1454 2645 1463 2661 ι

995 2670 1051 2708 (10)
1068 2673 1108 2700 Ne
1127 2673 1194 2708 forte
1215 2673 1270 2708 ipsa
1288 2671 1450 2704 ὑπόττασις,
1478 2671 1506 2697 id
1529 2675 1565 2697 est
1590 2670 1736 2708 suoslqn'iu

961 2705 1029 2743 ejus.
1043 2705 1084 2735 "Ita
1101 2705 1165 2735 mss.
1181 2709 1207 2743 in
1222 2707 1320 2743 quibus
1333 2711 1422 2732 tamen
1430 2710 1607 2743 _ante__voceut
1624 2705 1735 2743 (mirio-ro.-

961 2740 1002 2775 ᾰις
1016 2749 1152 2776 comparet
1167 2741 1218 2768 ali'a
1235 2749 1284 2767 vox
1301 2740 1393 2767 Grieca
1415 2741 1454 2767 sic
1467 2740 1601 2776 delineala
1614 2761 1622 2773 ,
1636 2741 1741 2776 lPlI‘A,

962 2786 1022 2812 quin
1037 2775 1099 2812 quid
1117 2777 1167 2804 sibi
1185 2776 1247 2812 telit
1266 2783 1298 2812 ne
1324 2776 1479 2812 conjectura
1501 2775 1544 2812 qui
1558 2783 1606 2812 .em
1622 2783 1696 2812 asse
1708 2775 1740 2808 Ini

963 2810 1071 2848 possunt
1087 2813 1167 2848 ,rnisi
1195 2811 1263 2848 forte
1281 2810 1409 2848 legalura
1423 2810 1489 2848 ιδία.
1516 2810 1543 2848 ln
1568 2811 1643 2848 libris
1662 2816 1742 2848 antea

963 2845 1043 2875 editis
1058 2847 1165 2881 legitur,
1181 2854 1190 2871 ‹
1203 2853 1235 2872 ne
1252 2845 1319 2872 forte
1337 2846 1392 2878 ipsa
1404 2845 1470 2873 idem
1482 2845 1633 2873 substantia
1647 2845 1714 2879 ejus.
1729 2853 1740 2870 ι
