1883 3072
149 118 198 146 131

763 116 923 145 ORIGENIS
939 117 1018 144 ΠΕΡΙ
1036 118 1151 145 ΑΡΧΩΝ

1725 119 1781 146 132

148 179 268 205 tudinem
282 178 337 214 55
362 178 388 204 in
404 176 536 210 sapientia
563 176 706 211 requisivit
729 183 778 210 per
793 176 844 204 hoc
860 177 931 210 quod
946 179 968 207 Α
985 176 1093 208 dicitur,
1107 177 1214 212 species
1230 177 1335 204 scilicet
1347 177 1372 204 in
1389 184 1419 204 se
1432 182 1459 204 et
1473 177 1549 204 initia
1563 178 1648 205 totius
1659 177 1782 212 praefor-

146 225 278 259 sapientia
291 224 351 251 est?
361 223 501 255 Quomodo
512 227 601 250 autem
613 229 690 249 extra
703 222 783 255 hujus
793 223 930 257 sapientia:

146 271 347 306 generationem
374 268 459 295 fuisse
473 267 618 302 aliquando
633 268 717 295 Deum
736 267 843 294 Patrem
860 268 929 302 (11),

146 318 186 344 vel
204 316 236 343 ad
260 319 388 349 punctum
401 315 529 341 momenti
544 314 669 349 alicujus,
686 314 747 348 quis
766 318 854 348 potest
869 321 931 340 sen-

147 364 197 390 tire
208 362 248 388 vel
262 361 387 393 credere,
401 361 446 395 qui
458 366 548 387 tamen
562 361 634 395 pium
644 361 744 394 aliquid
760 360 795 387 de
807 360 861 386 Deo
873 358 930 395 (12)

148 408 303 442 intelligere
319 406 435 438 noverit,
454 405 493 432 vel
511 406 631 432 sentire?
647 406 700 432 Aut
725 406 797 432 enim
814 413 866 432 nou
881 413 930 439 po-

147 454 230 480 tuisse
253 453 337 479 Deum
365 452 436 479 dicet
454 459 585 485 generare
601 451 760 486 sapientiam
786 455 930 485 antequam

146 503 302 534 generaret,
320 503 348 524 lll
366 505 424 523 eam
440 504 500 531 quae
522 503 584 524 ante
605 505 656 524 ηοιι
672 502 731 524 erat
744 518 751 529 ,
777 502 869 531 postea
884 504 930 530 ge-

147 546 236 572 nuerit
251 551 279 572 ut
296 549 386 577 esset;
402 549 449 571 aut
466 544 586 578 potuisse
611 545 720 578 quidem
735 549 772 573 et.
788 544 862 577 quod
876 543 929 571 dici

146 590 179 616 de
197 589 251 616 Deo
278 590 355 616 nefas
370 595 422 621 est,
438 589 557 616 noluisse
571 597 720 624 generare:
740 590 812 623 quod
825 594 930 616 utrum-

146 642 198 668 que
217 639 245 660 et
264 634 412 661 absurdum
426 642 485 661 esse
498 638 524 660 el
541 635 650 668 itnpiunt
662 634 788 660 erunibus
802 637 890 668 patet;
904 633 929 661 id

146 685 187 706 cst
200 684 228 706 ut
240 685 287 706 aut
299 687 331 706 ex
357 687 389 707 eo
402 680 472 714 quod
487 688 539 707 non
557 680 644 713 potuit
655 679 725 706 Dens
740 679 886 713 proliceret
901 683 930 705 ut

147 731 255 760 posset,
271 731 316 752 aut
333 734 393 752 cum
411 731 502 760 posset
517 746 525 757 ,
551 725 737 753 dissimularet
762 732 794 751 ac
809 723 930 751 differret

149 779 279 806 generare
305 772 477 805 sapientiam.
506 771 620 805 Propter
646 771 718 805 quod
747 778 797 797 nos
822 777 930 804 semper

149 818 232 844 Deum
249 816 357 843 Patrem
375 817 499 843 novituns
520 816 649 851 unigeniti
670 815 729 842 Filii
751 816 809 847 sui,
824 823 857 842 ex
872 816 928 850 ipso

146 863 255 897 quidem
273 863 339 896 nati,
351 868 377 890 et
390 863 461 898 quod
476 868 519 890 est
531 863 565 889 ab
578 863 634 897 ipso
649 862 791 894 trahentis,
805 862 863 888 sine
876 861 931 888 ullo

147 914 236 936 tamen
253 909 340 940 initio,
366 916 419 935 non
434 909 521 935 solum
534 916 566 935 eo
582 908 653 943 quod
670 908 807 942 aliquibus
825 912 931 942 tempo-

148 963 207 981 rum
222 955 319 988 spatiis
343 955 473 990 distingni
498 959 608 989 potest,
637 955 684 980 sed
701 961 733 980 ne
760 953 806 984 illo
821 954 931 988 quidem

144 1001 216 1035 quod
232 1001 287 1027 sola
301 1000 358 1035 (f3)
375 1001 444 1034 apud
456 1001 629 1034 semetipsum
645 1006 721 1026 mens
737 999 835 1026 intueri
849 999 930 1033 solet,

144 1051 172 1072 et
197 1047 268 1072 nudo
282 1066 289 1078 ,
308 1051 334 1072 ut
351 1046 386 1072 ita
401 1045 532 1077 dixerim,
550 1045 687 1072 intellectu
703 1065 710 1077 ,
738 1049 820 1079 atque
841 1045 932 1073 animo

144 1091 309 1125 conspicari.
328 1091 409 1117 Extra
429 1099 508 1118 omne
525 1098 592 1124 ergo
607 1091 680 1124 quod
695 1091 737 1118 vel
750 1091 818 1123 dici,
835 1090 878 1117 vel
893 1092 932 1117 in-

146 1137 226 1171 telligi
241 1140 329 1170 potest
347 1137 452 1163 initiunt
466 1140 621 1171 generatam
635 1144 696 1163 esse
711 1136 875 1163 credendum
890 1140 933 1163 est

145 1183 318 1216 sapientiam.
330 1182 358 1208 ln
377 1183 427 1209 hac
443 1183 498 1216 ipsa
513 1190 579 1216 ergo
591 1182 732 1216 sapientia:
744 1182 931 1214 subsistentia,

145 1228 208 1259 quia
220 1226 312 1253 onmis
324 1227 410 1253 virtus
424 1234 456 1253 ac
468 1225 630 1252 deformatio
645 1226 740 1252 futura-
753 1226 841 1253 inerat
856 1233 932 1253 crea-

145 1277 213 1299 turzu
225 1293 232 1304 ,
253 1272 292 1299 vel
309 1279 403 1298 eorum
424 1279 483 1306 qua:
499 1271 689 1306 principaliter
710 1272 841 1298 exsistunt
855 1291 864 1304 ,
890 1271 931 1298 vel

143 1325 238 1345 eorum
251 1325 310 1352 qua:
321 1317 447 1344 accidunt
461 1321 661 1350 consequenter
674 1316 774 1343 virtute
785 1316 932 1351 praescien-

145 1364 189 1390 tiae
206 1363 380 1398 prmformala
400 1367 480 1397 atque
501 1363 644 1396 disposita,
663 1370 713 1396 pro
728 1362 770 1389 his
793 1362 858 1395 ipsis
871 1369 932 1396 qua!

142 1408 169 1435 in
199 1410 259 1444 Ipsa
276 1408 410 1443 sapientia
437 1407 511 1434 velut
537 1407 680 1441 descriptae
696 1414 728 1434 ac
752 1407 933 1442 praefigurata:

143 1454 252 1482 fuerant
264 1455 399 1482 creaturis
411 1454 478 1488 (l4),
491 1453 608 1487 seipsatn
621 1460 668 1487 per
680 1452 853 1480 Salomonem
865 1453 932 1480 dicit

141 1505 262 1527 creatam
284 1507 345 1527 esse
361 1499 494 1533 sapientia
510 1498 616 1525 initium
634 1499 740 1524 viarum
764 1498 822 1531 Dei,
841 1498 930 1525 couti-

143 1552 211 1572 uens
223 1544 329 1572 scilicet
343 1544 370 1570 in
391 1543 538 1578 semetipsa
566 1543 700 1571 universae
727 1548 858 1571 creatura:
888 1544 931 1571 vel

145 1591 235 1622 initia,
263 1590 305 1616 vel
326 1589 437 1622 formas,
454 1589 495 1616 vel
513 1589 628 1623 species.

197 1635 224 1661 5.
251 1634 328 1667 Quali
346 1638 437 1660 autent
467 1634 548 1660 modo
565 1632 747 1660 intelleximus
771 1632 930 1666 sapientiam

144 1679 252 1706 initium
279 1679 384 1706 viarum
403 1678 450 1706 Dei
465 1686 526 1706 esse
536 1697 544 1711 ,
561 1683 589 1706 et
604 1679 741 1713 quomodo
766 1683 857 1706 creata
871 1685 931 1706 esse

181 1749 292 1777 “Joan.
306 1750 365 1783 1,1.

144 1809 230 1838 Paulo
244 1814 303 1845 post
321 1817 398 1840 mss.,
417 1820 426 1835 ι
450 1811 476 1837 in
492 1810 626 1844 sapientia
642 1810 795 1845 requisivit.
811 1820 821 1837 ι
838 1811 924 1843 Alias,

146 1854 158 1872 ι
174 1846 200 1872 in
216 1845 348 1879 sapientia
366 1845 412 1872 Dei
430 1845 583 1880 requisivit.
603 1855 612 1871 ι

179 1880 235 1916 (ll)
252 1880 390 1912 Quomodo
405 1887 493 1907 autent
510 1886 585 1916 extra
601 1881 681 1916 Imjrus
698 1881 835 1914 sapienlim
848 1889 928 1916 gene-

143 1909 272 1942 mimici;
287 1916 367 1949 fuisse
385 1916 528 1949 aliquando
540 1914 623 1941 Deum
636 1909 758 1947 'l’atret'n,
776 1920 828 1942 etc.
844 1909 872 1942 Si
883 1916 926 1942 cui

144 1952 215 1978 forte
231 1955 354 1984 suspecta
374 1950 411 1977 sit
430 1951 482 1977 hoc
497 1950 557 1977 loco
573 1949 663 1976 Rufini
679 1951 757 1981 fides,
772 1954 800 1976 et
814 1957 928 1984 expres-

144 1987 217 2011 siora
233 1990 309 2020 putet
321 1992 402 2019 quant
420 1985 586 2020 nlOrigenis
610 1985 674 2016 sint,
697 1985 757 2020 hinc
767 1990 927 2019 argumenta

143 2019 243 2053 quibus
268 2021 405 2046 aeternitas
420 2019 488 2046 Filio
507 2019 554 2045 Dei
568 2020 735 2050 vindicatur,
752 2019 773 2045 is
787 2019 858 2053 legat
874 2019 927 2045 alia

145 2054 356 2089 isoﬁuvapoﬁvra
377 2053 503 2089 Origenis
524 2055 604 2080 varliu
618 2062 676 2087 quae
695 2054 776 2080 refert
789 2053 929 2080 Marcellus

144 2090 305 2124 Ancyrauus
318 2089 389 2123 apud
410 2089 558 2124 Eusebium
569 2089 616 2115 lib.
627 2097 639 2124 Vl
652 2089 783 2124 adversus
793 2089 928 2124 eumdem

145 2122 312 2157 Marcellum,
328 2122 388 2157 cap.
405 2124 433 2154 ιι,
452 2131 515 2156 pag.
527 2122 581 2149 Ὧι
599 2123 636 2149 υύ
657 2122 710 2157 γὰρ
727 2124 741 2148 ὀ
755 2122 820 2153 Θεὸς
834 2123 929 2157 Πατὴρ

142 2156 213 2184 εἶναι
234 2157 348 2193 ἠρξατο,
360 2156 557 2193 ςκωλρόμξνος,
573 2157 610 2193 ὡς
623 2158 648 2193 ol
663 2157 799 2193 γινόμενᾳι
813 2156 929 2193 παῖἐρεζ

143 2189 296 2227 ἇνΟρωὶξοι,
396 2192 442 2217 τοῦ
516 2192 645 2227 δύνασοᾳὶ
660 2189 702 2216 Tit-3
717 2189 927 2227 inrepacsivat.

139 2229 181 2262 Ei,
196 2225 250 2262 ἶίὰρ
259 2227 301 2253 ἀεὶ
311 2226 412 2258 τέλειος
423 2225 522 2262 ῥθεὸζ,
534 2227 580 2262 καὶ
593 2226 725 2262 πάρες-ην
737 2225 810 2262 agni?)
818 2225 930 2262 ὁξιξναμις

141 2261 188 2289 τοῦ
202 2258 273 2287 Πάτέ
278 2270 311 2296 pa
321 2261 408 2297 αὑτὸνγ
413 2258 642 2297 εἷνᾳινχαὶῄκᾳλὸκὶ
653 2260 732 2286 αὑτὸν
738 2258 811 2297 sivit
822 2258 893 2297 Πατέ
898 2270 930 2297 pg

141 2296 189 2324 τοῦ
206 2295 325 2322 τοιούὲου
344 2296 426 2327 Tini,
442 2296 468 2321 τι
492 2295 686 2325 ἀναϐάλλεται,
702 2296 749 2321 καὶ
767 2296 862 2321 ἑαυτὸν
883 2295 928 2322 τὸῦ

141 2331 225 2359 καλοῦ
238 2331 377 2366 στηρίσκει
387 2351 393 2363 ,
412 2331 458 2357 καὶ
475 2331 512 2362 ὡς
530 2331 602 2356 ἐστιν
615 2331 717 2366 εἰπεῖν,
736 2330 765 2362 ἐξ
777 2328 807 2356 οὗ
820 2330 929 2366 δύνατᾳι

142 2367 237 2402 Πατὴρ
257 2365 325 2393 εἶναι
343 2366 408 2392 Υἰοῦ
420 2373 430 2402 ;γ
450 2366 486 2391 Τὸ
498 2366 568 2402 ναὺτὸ
588 2365 712 2402 μέντοιγε
741 2366 787 2402 xc".
803 2366 866 2401 περὶ
882 2365 928 2402 τᾳῦ

142 2401 227 2436 ἁγίού
245 2401 401 2436 Πνεύματος
426 2401 543 2427 λεκτέον.
568 2409 576 2425 ι
597 2401 654 2427 Non
669 2401 739 2436 enim
757 2401 827 2436 Deus
847 2401 926 2434 cmpit

143 2444 203 2463 esse
219 2435 308 2469 Pater,
319 2435 352 2462 eo
365 2436 458 2469 quod,
482 2441 511 2462 ut
532 2436 603 2462 inter
617 2435 742 2462 homines
758 2435 817 2461 fieri
845 2437 926 2466 solet,

143 2473 220 2499 Pater
234 2479 294 2498 esse
309 2471 479 2505 nequiverat.
493 2470 560 2496 Nam
575 2470 598 2496 si
613 2477 720 2503 semper
732 2471 869 2504 perfectus
881 2478 927 2496 cx-

143 2506 212 2532 stitit
229 2505 311 2538 Deus,
327 2509 502 2539 potestasque
519 2505 544 2532 ei
561 2505 612 2532 fuit
629 2513 679 2538 qna
696 2505 775 2531 fieret
790 2505 880 2536 Pater,
893 2512 926 2532 ac

143 2540 243 2566 bonntn
256 2547 297 2567 est
311 2541 385 2566 illum
398 2547 459 2566 esse
476 2541 581 2567 Patrem
595 2541 656 2567 talis
675 2539 744 2570 Filii,
760 2547 808 2567 cur
821 2539 924 2572 diflert,

141 2579 169 2600 et
181 2582 213 2601 ex
231 2583 284 2608 qtto
302 2575 363 2602 Filii
379 2579 468 2608 potest
488 2581 549 2601 esse
574 2574 655 2601 Pater
668 2595 676 2608 ,
704 2576 822 2609 seipsutu
847 2580 924 2602 tanto

142 2608 214 2636 bono
226 2609 336 2643 privat?
353 2609 427 2635 Idem
442 2609 526 2635 etiam
544 2610 686 2636 dicendum
702 2612 735 2637 de
747 2608 845 2637 sancto
862 2610 925 2642 Spi-

143 2643 208 2670 ritu.
225 2653 235 2668 l
254 2644 320 2671 Vide
333 2644 442 2677 insuper
456 2644 506 2670 alia
523 2644 648 2679 Origenis
663 2645 721 2672 loca
741 2653 802 2678 qua:
818 2645 925 2679 profert

141 2678 307 2714 Athanasius
319 2678 364 2706 lib.
382 2678 418 2705 De
432 2678 544 2706 decretis
563 2678 680 2706 Nicena:
690 2688 760 2714 syra,
777 2688 803 2714 p.
819 2678 884 2712 255,
898 2684 926 2706 et

141 2713 287 2774 zptzeésinfra
302 2714 419 2747 reperies
435 2714 481 2740 lib.
497 2722 522 2741 tv
535 2714 572 2741 De
586 2713 735 2750 principiis,
752 2713 784 2742 in
802 2716 874 2742 notis
890 2715 923 2741 ad

142 2753 169 2772 ll.
186 2753 233 2772 Ζδ.

178 2782 233 2815 (l1)
255 2781 292 2808 De
307 2781 371 2809 Dea.
390 2783 452 2810 Haec
465 2784 562 2811 desunt
585 2786 611 2811 in
637 2784 703 2812 libb.
727 2789 806 2812 antea
825 2783 922 2814 editis,

139 2818 187 2842 sed
198 2822 304 2844 exstant
321 2819 346 2844 in
355 2819 480 2847 ontuibus
493 2827 558 2847 mss.
571 2819 654 2847 Paulo
664 2825 726 2854 post
738 2828 816 2853 mss.,
829 2829 838 2844 ι
851 2820 922 2853 quod

985 229 1064 248 mans
1079 227 1106 249 et
1125 222 1268 249 continens
1281 227 1432 256 creaturaa;
1448 223 1499 250 hoc
1511 223 1593 250 etiam
1608 224 1688 250 modo
1707 222 1782 250 Ver-

984 267 1048 293 bum
1066 267 1113 293 Dei
1128 274 1189 293 eam
1212 275 1274 295 esse
1291 268 1494 302 intelligendum
1511 273 1553 295 est
1571 275 1619 302 per
1633 269 1686 295 hoc
1699 268 1779 302 quod

988 312 1045 345 ipsa
1069 312 1175 339 caeteris
1201 313 1346 345 omnibus,
1372 314 1397 340 id
1419 320 1460 341 est
1486 314 1620 341 universae
1639 318 1781 340 creatura;

982 358 1176 392 mysteriorum
1199 363 1227 386 et
1243 367 1407 386 arcanorum
1426 360 1569 392 rationem,
1591 367 1653 394 qua:
1676 360 1779 394 utique

983 403 1055 430 intra
1078 404 1122 430 Dei
1138 404 1297 439 sapientiam
1322 406 1507 438 continentur,
1524 406 1627 440 aperiat
1645 414 1652 432 :
1681 412 1707 434 et
1728 414 1781 441 per

981 449 1035 477 hoc
1050 449 1175 477 Verbum
1196 451 1305 483 dicitur,
1329 452 1392 486 quia
1409 453 1444 479 sit
1460 457 1588 487 tanquam
1606 460 1779 479 arcanorum

988 494 1088 522 mentis
1101 496 1244 529 interpres.
1258 495 1336 523 Unde
1352 501 1379 523 et
1392 503 1465 524 recte
1482 498 1547 524 mihi
1560 497 1650 524 dictus
1666 498 1780 524 videtur

984 545 1075 565 sermo
1096 538 1140 565 ille
1161 539 1206 573 qui
1223 539 1248 565 in
1273 540 1385 568 Actibus
1408 541 1483 568 Pauli
1505 542 1625 576 scriptus
1645 547 1688 569 est
1705 542 1779 576 (l5),

981 585 1044 618 quia
1074 593 1083 609 ι
1100 584 1142 611 hic
1157 589 1198 612 est
1218 585 1336 612 Verbum
1367 587 1466 613 animal
1484 587 1597 615 Vivens.
1615 597 1625 614 ι
1654 588 1780 616 Joannes

983 637 1048 656 vero
1066 629 1202 657 excelsius
1214 635 1241 658 ct
1257 631 1415 665 pratclarius
1430 633 1456 659 in
1477 633 1556 660 initio
1569 633 1709 670 Evangelii
1733 634 1778 662 sui

981 675 1057 707 dicit,
1076 677 1186 710 propria
1202 677 1362 704 definitione
1378 678 1463 704 Deutn
1479 686 1540 706 esse
1556 679 1692 707 definiens
1704 680 1777 707 Ver-

982 721 1055 750 btnu.
1069 721 1181 749 dicens:
1203 731 1212 747 ε
1232 722 1265 749 ΕΙ
1283 723 1353 750 Deus
1370 729 1429 750 erat
1445 723 1564 750 Verbum
1578 745 1585 757 ,
1607 731 1633 752 et
1648 726 1699 752 hoc
1714 730 1778 753 erat.

982 765 1009 792 in
1028 766 1106 793 initio
1127 767 1197 800 apud
1224 767 1308 794 Deum
1333 768 1366 794 “.
1385 778 1394 794 ι
1420 768 1471 802 Qui
1489 774 1580 796 autem
1607 770 1715 797 initium
1729 771 1778 798 dat

983 810 1070 838 Verbo
1085 811 1142 844 Dei,
1159 812 1200 839 vel
1213 813 1354 847 sapientiae
1379 813 1442 845 Dei,
1463 815 1568 842 intuere
1585 824 1619 844 ne
1637 817 1727 851 magis
1745 817 1773 844 in

985 858 1072 891 ipsum
1089 858 1238 891 ingenitum
1264 859 1370 886 Patrem
1396 860 1563 894 impietatem
1578 869 1658 888 suam
1672 862 1775 894 jactet.

985 911 1046 930 cum
1062 911 1125 930 eum
1143 909 1222 939 neget
1238 897 1348 939 semper
1364 904 1478 932 Patrem
1497 905 1581 933 fuisse
1603 912 1629 934 et
1643 908 1778 941 genuisse

984 948 1116 982 Verbum,
1135 955 1163 977 et
1178 950 1307 978 habuisse
1320 952 1482 985 sapientiam
1500 952 1527 979 in
1551 953 1678 981 omnibus
1694 958 1775 981 ante-

985 995 1102 1022 rioribns
1116 1016 1124 1028 ,
1145 996 1186 1021 vcl
1206 998 1389 1030 temporibus,
1409 997 1450 1024 vel
1465 998 1572 1025 saeculis
1584 1019 1592 1032 ,
1611 999 1653 1026 vel
1667 999 1690 1026 si
1707 1001 1775 1034 quid

983 1039 1050 1067 i‘llnd
1065 1044 1108 1067 est
1124 1041 1195 1075 quod
1207 1042 1340 1068 notninari
1357 1047 1455 1076 potest.

1018 1086 1045 1113 4.
1063 1086 1109 1113 llic
1121 1094 1186 1122 ergo
1198 1087 1282 1114 Filius
1293 1088 1375 1114 etiam
1387 1089 1508 1116 omnium
1521 1097 1582 1123 quae
1595 1095 1660 1117 sunt
1673 1091 1777 1118 veritas

983 1136 1024 1158 est
1038 1136 1066 1158 ot
1078 1132 1133 1159 vita
1147 1141 1153 1164 ;
1181 1137 1206 1160 et
1223 1138 1307 1160 recte.
1331 1133 1397 1160 Nam
1422 1136 1556 1168 qttomodo
1575 1136 1699 1163 viverent
1714 1136 1773 1172 (16)

983 1185 1044 1211 qute
1059 1177 1130 1205 facta
1147 1183 1220 1211 sunt,
1237 1179 1287 1206 nisi
1302 1187 1336 1206 ex
1351 1181 1424 1206 vita?
1442 1180 1490 1207 Vel
1502 1183 1639 1215 quotuodo
1657 1183 1777 1210 veritate

983 1228 1142 1251 constarent
1158 1232 1188 1251 ea
1206 1232 1265 1259 qua:
1277 1232 1351 1257 sunt.
1371 1227 1423 1254 nisi
1438 1235 1470 1254 ex
1486 1228 1602 1255 veritate
1625 1229 1777 1256 descende-

986 1270 1127 1298 rent?Vel
1144 1273 1281 1305 quomodo
1298 1274 1476 1300 rationabiles
1491 1280 1602 1309 possent
1619 1283 1683 1303 esse
1708 1277 1776 1304 sub-

984 1316 1111 1350 stantias,
1138 1318 1189 1344 nisi
1215 1317 1333 1345 Verbum
1364 1322 1404 1346 vel
1427 1322 1495 1348 ratio
1523 1324 1709 1356 praecederet?
1728 1324 1776 1351 Vel

983 1363 1118 1396 quomodo
1131 1370 1258 1398 saperent
1268 1364 1335 1400 (l7),
1352 1367 1403 1394 nisi
1420 1372 1492 1395 esset
1504 1369 1658 1402 sapientia?
1673 1370 1775 1396 Verum

983 1409 1114 1443 quoniam
1133 1409 1253 1438 futurum
1268 1417 1328 1439 erat
1347 1419 1375 1440 ut
1393 1414 1474 1440 etiam
1490 1414 1745 1450 deciderentaliqui
1760 1423 1776 1442 a

983 1453 1050 1485 vita,
1068 1458 1095 1481 et
1108 1460 1223 1483 mortent
1236 1456 1288 1484 sibi
1305 1457 1354 1492 ipsi
1369 1459 1572 1486 consciscerent
1596 1459 1665 1494 (18),
1679 1467 1714 1486 ex
1742 1467 1777 1487 eo

984 1497 1044 1530 ipso
1061 1500 1132 1532 quod
1160 1507 1176 1526 a
1203 1500 1260 1527 vita
1280 1501 1435 1529 deciderent
1454 1502 1530 1538 (non
1551 1503 1624 1530 ettitu
1641 1504 1718 1531 aliud
1733 1509 1778 1531 est

985 1550 1058 1570 tuors
1072 1551 1153 1578 quam
1177 1553 1192 1573 a
1207 1546 1261 1572 vita
1286 1546 1425 1575 discedere
1438 1548 1459 1583 ),
1477 1554 1504 1575 et
1518 1550 1614 1584 utique
1628 1557 1684 1577 non
1701 1554 1777 1578 esset

985 1594 1166 1622 consequens,
1184 1596 1213 1617 ut
1227 1598 1258 1618 ea
1273 1600 1333 1626 quze
1346 1593 1430 1619 semel
1443 1593 1476 1620 ad
1494 1594 1640 1621 vivendum
1660 1594 1775 1622 fuerant

985 1641 1126 1669 procreata
1143 1645 1158 1664 a
1177 1637 1231 1666 Deo
1248 1639 1356 1673 penitus
1369 1640 1540 1674 deperireut,
1565 1641 1688 1674 oportuit
1710 1645 1776 1668 ante

986 1687 1100 1710 mortem
1115 1691 1176 1711 esse
1189 1685 1269 1713 talem
1286 1685 1425 1719 virtutem,
1449 1694 1510 1721 qua:
1526 1687 1646 1714 futuram
1675 1687 1777 1715 dissol-

981 1815 1128 1846 utrttmqne
1143 1816 1170 1838 et
1185 1812 1330 1839 absurdum
1344 1819 1439 1840 esse...
1454 1813 1478 1840 id
1492 1818 1532 1840 est
1546 1819 1575 1840 ut
1592 1820 1639 1841 aut
1651 1821 1684 1842 ex
1699 1823 1745 1843 eo.
1762 1826 1772 1842 ι

981 1847 1067 1878 Alias,
1089 1857 1097 1872 ι
1115 1848 1176 1882 quia
1194 1852 1339 1882 utrumque
1363 1853 1392 1875 et
1405 1849 1552 1875 absurdum
1569 1857 1665 1876 esse...
1686 1851 1713 1877 id
1730 1857 1771 1878 est

1090 1891 1146 1943 'Sic
1174 1923 1239 1943 mss.
1263 1915 1340 1943 Alias
1355 1936 1362 1949 ,
1383 1926 1392 1942 ι
1411 1918 1472 1945 sine
1496 1918 1541 1945 illo
1556 1919 1670 1953 quidem
1700 1921 1774 1955 quod

1025 1961 1049 1976 ς.
1070 1960 1080 1976 1

982 1958 1225 2023 soiii)_,lta_codex
1243 1985 1417 2023 Rentigianus
1432 1992 1457 2014 et
1475 1993 1549 2023 recte
1565 1990 1691 2017 omnino.
1707 1991 1772 2023 Alii,

981 2029 990 2044 ι
1006 2027 1055 2053 pro
1068 2021 1109 2059 his
1126 2020 1191 2054 ipsis
1205 2028 1268 2059 ginta
1283 2020 1309 2046 in
1326 2023 1382 2054 ipsa
1396 2022 1530 2059 sapientia
1546 2024 1620 2059 velut
1631 2020 1772 2059 descripta

978 2059 1005 2080 et
1017 2055 1186 2092 praefigurata
1204 2054 1309 2081 fuerant
1323 2054 1466 2092 creaturis.
1484 2066 1493 2092 ρ
1514 2057 1596 2085 I’aulo
1611 2065 1673 2091 post
1687 2054 1769 2092 llis-8.,

982 2097 990 2113 ι
1009 2089 1076 2114 dicit
1091 2094 1209 2115 creatam
1225 2096 1285 2127 esse
1302 2091 1464 2127 sapientia.)
1482 2091 1563 2120 Libb.
1579 2089 1657 2127 editi,
1676 2103 1686 2120 ι
1702 2089 1770 2122 dicti.

980 2128 1101 2158 creatam
1118 2130 1178 2150 esse.
1195 2125 1365 2158 sapientiam.
1383 2135 1392 2150 1

1017 2157 1075 2194 (l5)
1091 2158 1142 2194 Qui
1157 2159 1184 2184 in
1197 2157 1305 2194 Artibus
1318 2158 1397 2185 Pauli
1413 2160 1524 2194 scriptus
1537 2167 1586 2194 est,
1602 2166 1657 2189 etc.
1673 2164 1715 2191 De
1729 2165 1771 2192 his

948 2181 967 2207 υ
982 2181 1771 2232 Act:itaistaarcuata;tarquiniia‘pf

981 2228 1075 2253 eodem
1091 2227 1171 2257 libro.
1185 2236 1245 2262 cap.
1258 2229 1303 2259 25,
1316 2229 1475 2256 Philastrins
1487 2231 1585 2257 haeres.
1594 2227 1645 2259 ’87.
1654 2227 1728 2261 'Dive
1735 2236 1769 2262 rsi

981 2267 1059 2288 erant
1077 2262 1103 2288 lti
1127 2262 1212 2289 Actus
1227 2264 1260 2289 ab
1279 2264 1392 2290 Actibus
1413 2263 1487 2291 Pauli
1505 2270 1532 2291 et
1548 2266 1666 2293 Theclze.
1680 2268 1769 2295 Porro

981 2297 1054 2333 quod
1079 2297 1106 2333 iu
1133 2297 1264 2330 ejusmodi
1288 2299 1451 2333 apocryphis
1478 2301 1596 2327 Actibus
1614 2302 1770 2330 habebatur

980 2331 1043 2365 quia
1065 2340 1074 2356 t
1089 2332 1132 2359 hic
1151 2337 1193 2359 est
1209 2331 1319 2360 verbum
1341 2331 1442 2360 atiiiual
1459 2335 1562 2366 vivens,
1580 2345 1590 2362 ι
1609 2336 1702 2364 nullus
1718 2340 1769 2365 du-

981 2366 1038 2392 bito
1052 2367 1116 2398 quin
1133 2373 1261 2400 corrupte
1272 2369 1421 2394 derivatum
1436 2369 1470 2395 sit
1485 2376 1516 2395 ex
1531 2370 1573 2396 his
1588 2372 1622 2397 ad
1633 2371 1767 2400 Hebrtcos

979 2408 1017 2434 tv,
1077 2401 1154 2438 agdn
1170 2403 1224 2438 γὰρ
1246 2404 1260 2429 ό
1275 2403 1359 2437 Λόγος
1370 2402 1416 2428 τοῦ
1428 2403 1506 2429 Θεοῦ.

1016 2436 1071 2471 (16)
1088 2437 1166 2468 Mss,
1185 2436 1334 2464 «viverent.
1354 2447 1363 2463 ι
1379 2438 1464 2469 Alias,
1483 2449 1491 2462 ι
1512 2440 1613 2467 vivent.
1634 2450 1644 2466 ι

1016 2471 1072 2505 (17)
1087 2471 1223 2504 Super-ent.
1243 2474 1280 2500 tta
1305 2473 1390 2499 codex
1409 2474 1592 2502 Colbertiuus.
1623 2475 1676 2502 Alii
1705 2484 1766 2504 cum

979 2513 1059 2532 antea
1088 2507 1181 2542 editis,
1199 2516 1208 2532 ί
1225 2509 1342 2542 sapiens.
1360 2517 1368 2532 ι
1391 2508 1492 2533 Ibidem
1519 2517 1598 2540 tttss.,
1628 2520 1637 2536 ι
1669 2518 1766 2538 verum

978 2541 1106 2580 quoniam
1124 2541 1244 2569 futurqu
1258 2541 1338 2569 ierat.
1362 2551 1371 2567 ι
1392 2542 1466 2569 Alias
1483 2551 1492 2567 ι
1513 2550 1608 2570 verum
1625 2548 1766 2580 quontodo

978 2576 1098 2602 futurum
1115 2581 1183 2603 erat.
1204 2586 1214 2602 ι

1013 2611 1069 2646 (18)
1084 2611 1140 2637 Sibi
1157 2612 1208 2645 ipsi
1233 2612 1432 2639 consciscerent.
1444 2612 1489 2639 Sic
1501 2618 1575 2640 recte
1586 2621 1685 2641 omnes
1701 2623 1766 2643 mss.

977 2647 1053 2672 Alias
1065 2656 1082 2682 γι
1095 2646 1196 2673 Christi
1209 2649 1422 2674 conseiscerent.
1436 2656 1445 2672 ι
1464 2647 1546 2674 ιιειυιο
1565 2653 1626 2682 post
1640 2650 1702 2676 libri
1719 2658 1769 2676 :tn-

979 2687 1022 2707 tea
1038 2681 1114 2713 editi,
1133 2691 1141 2706 α
1160 2687 1187 2707 ct
1204 2687 1276 2709 eSset
1293 2682 1456 2708 resurrectio
1475 2682 1502 2708 in
1522 2681 1637 2711 Domino
1652 2689 1681 2710 et
1705 2686 1768 2711 Sal-

977 2721 1072 2742 vatore
1094 2721 1186 2744 nostro
1200 2737 1207 2749 ,
1219 2725 1280 2751 quas
1304 2717 1478 2746 resurrectio.
1495 2724 1550 2744 etc.
1562 2738 1569 2750 ,
1588 2724 1646 2744 tum
1667 2720 1770 2746 deinde

975 2752 1112 2784 quomodo
1136 2752 1255 2778 Iutorum
1271 2757 1339 2778 erat.
1360 2759 1370 2775 ι
1399 2751 1461 2777 sed.
1480 2760 1546 2779 mss.
1571 2759 1601 2779 ut
1619 2754 1646 2779 in
1673 2761 1769 2781 nostto

978 2791 1020 2812 [CX
1026 2793 1062 2812 ιιι.
