1883 3072
146 120 197 148 135

757 120 919 148 ORIGENlS
936 122 1015 148 ΠΕΡΙ
1034 121 1150 149 ΑΡΧΩΝ

1714 125 1764 153 156

144 180 307 216 depingunt,
329 184 359 206 ut
374 179 490 206 divinam
513 183 636 207 naturam
655 180 683 207 in
701 186 793 215 partes
815 187 929 215 vocent,
945 186 967 212 Α
984 183 1156 215 resurrectio,
1169 187 1368 216 consequenter
1379 183 1527 218 intelligere
1541 184 1669 212 debemus
1680 187 1761 212 etiam

148 231 174 252 et
194 227 277 252 Dettm
295 226 399 252 Patrem
417 229 548 259 quantum
566 225 592 252 in
610 233 639 252 se
653 231 694 253 est
707 226 848 258 dividam,
867 235 928 254 cum

147 272 198 296 hoc
227 272 260 296 de
284 269 443 303 incorporea
476 275 573 296 natura
601 270 643 296 vel
667 270 763 298 leviter
785 272 928 306 suspicari,

145 325 197 344 non
213 317 308 344 solum
329 322 458 344 extremae
481 317 629 352 impietatis
653 319 703 350 sit,
729 327 822 346 verum
846 321 928 350 etiam

143 361 246 389 ultimae
265 363 443 397 insipientiae,
466 371 515 390 nec
529 364 640 391 omnino
663 365 696 391 ad
720 365 926 401 intelligentiam

142 414 311 442 consequens
341 413 370 435 ut
406 409 574 443 incorporea:
605 414 710 437 natura;
741 411 927 438 substantialis

141 452 240 480 divisio
261 454 345 486 possit
365 454 488 489 intelligi.
511 455 597 490 Magis
619 463 683 490 ergo
707 456 777 483 sicut
798 457 926 484 voluntas

141 499 262 532 procedit
277 506 293 526 e
307 505 398 527 mente
409 520 417 532 ,
433 506 462 527 et
477 509 563 535 neque
579 506 683 536 partem
697 502 815 536 aliquam
828 504 926 530 mentis

140 549 232 578 secat,
254 552 340 579 neque
364 546 398 573 ab
421 553 452 573 ea
479 552 622 581 separatur
639 552 687 574 aut
708 548 852 581 dividitur,
878 548 924 575 tali

140 591 256 624 quadam
271 591 360 624 specie
377 592 512 626 putandus
526 597 566 620 est
575 593 654 620 Pater
673 592 770 620 Filium
787 594 922 627 genuisse,

141 635 285 670 imaginem
299 636 401 663 scilicet
417 644 491 663 suam
502 656 509 668 ,
525 642 551 663 ut
569 637 640 664 sicut
655 638 711 672 ipse
725 637 868 664 invisibilis
882 642 924 664 est

139 687 189 714 per
219 686 364 714 naturam,
394 682 430 708 ita
457 683 600 717 imaginem
629 689 736 717 quoque
761 683 922 710 invisibilem

139 727 274 761 genuerit.
287 727 404 754 Verbum
419 728 489 754 enim
506 733 546 755 est
562 728 616 764 56
627 728 722 761 Filius,
737 732 764 755 et
781 729 842 756 ideo
856 728 922 755 nihil

139 775 206 801 ineo
217 774 346 800 sensibile
357 773 559 807 intelligendum
568 778 619 800 est.
634 774 773 808 Sapientia
786 779 839 805 est.
852 779 879 800 et
894 774 921 801 in

138 821 270 855 sapientia
287 820 353 846 nihil
368 827 527 852 corporeum
544 819 736 853 suspicandum
752 824 802 846 est.
818 818 920 846 Lumen

982 227 1133 261 splendoris
1147 234 1231 261 opus;
1253 234 1301 260 per
1320 227 1490 260 splendorem
1509 235 1624 262 namque
1640 228 1706 263 quid
1727 229 1763 254 sit

981 273 1024 300 lux
1045 274 1101 308 ipsa
1117 273 1275 307 intelligitur
1286 278 1312 300 et
1320 274 1446 300 sentitur.
1463 273 1514 306 Qui
1531 273 1659 308 splendor
1677 273 1763 308 fragi—

981 319 1050 346 libtts
1070 326 1100 345 se
1120 323 1147 346 ct
1166 319 1280 348 inﬁrmis
1304 319 1457 347 mortalium
1474 318 1560 346 oculis
1581 318 1713 352 placidius
1731 326 1763 346 ac

980 363 1066 390 lenius
1081 363 1207 396 oﬁerens,
1221 369 1247 392 et
1263 365 1391 399 paulatim
1407 364 1480 392 velut
1492 364 1610 391 edocens
1625 369 1654 391 et
1668 371 1764 390 assue-

980 409 1082 436 raciens
1101 409 1249 437 claritatem
1263 411 1372 437 luminis
1392 411 1463 444 pati,
1485 417 1546 437 cmn
1564 410 1599 437 ab
1621 410 1661 436 eis
1676 409 1762 436 dimo-

979 455 1047 482 verit
1060 463 1138 482 omne
1153 457 1224 489 quod
1244 457 1329 483 visum
1345 457 1457 483 obducit
1477 460 1503 483 et
1519 455 1649 490 impedit,
1663 463 1763 482 secun-

977 500 1040 527 dum
1061 501 1131 534 quod
1151 502 1281 528 Dominus
1295 501 1380 528 dixit:
1396 511 1405 526 ι
1424 501 1496 534 Ejice
1509 501 1612 527 trabem
1627 501 1661 528 de
1679 500 1760 528 oculo

979 549 1023 572 tuo
1040 545 1077 577 “;
1096 555 1106 571 ι
1122 553 1235 580 capaces
1244 553 1289 573 eos
1298 546 1418 573 elﬁcitad
1430 546 1629 579 suscipiendam
1643 545 1758 581 gloriam

976 589 1060 623 lucis,
1075 591 1158 617 etiam
1176 591 1202 617 in
1227 591 1278 618 hoc
1299 591 1372 618 velut
1391 592 1500 626 quidam
1519 591 1652 618 mediator
1673 591 1763 618 homi-

976 643 1039 662 num
1054 643 1085 662 ac
1095 636 1165 662 lucis
1177 636 1300 664 eli‘ectus.

1015 682 1041 709 8.
1068 681 1166 708 Verum
1194 683 1321 716 quoniam
1350 682 1405 717 (29)
1435 690 1488 709 non
1518 682 1605 710 solum
1628 682 1761 717 splendor

974 727 1066 763 gloria:
1091 735 1151 756 esse
1179 729 1279 756 dicitur
1308 728 1342 755 ab
1368 728 1512 762 Apostolo,
1542 728 1589 756 sed
1620 733 1647 755 et
1673 729 1759 764 ﬁgura

974 781 1100 807 expressa
1116 773 1277 801 substantia:
1290 774 1331 801 vel
1347 774 1530 802 subsistentize
1544 773 1614 807 ejus,
1625 781 1678 801 non
1691 774 1758 801 mihi

974 820 1081 846 videtur
1100 819 1180 846 otiosi
1199 826 1260 846 csse
1281 819 1437 847 intellectus
1457 819 1600 846 advertere
1621 819 1759 852 quomodo

137 871 179 893 est
190 873 293 897 verum,
305 865 375 900 quod
389 865 524 891 illuminat
541 871 648 891 onmem
662 863 798 890 hominem
810 864 922 890 venien-
938 857 959 884 Β
974 865 1025 892 alia
1044 870 1142 900 praeter
1157 866 1242 900 ipsam
1259 866 1305 893 Dei
1319 865 1510 896 substantiam,
1528 872 1697 899 quaecunque
1712 863 1756 890 illa

138 916 191 938 tem
207 911 234 936 in
255 911 326 936 hunc
340 910 468 936 mundum
484 909 516 940 ’9,
533 908 582 936 sed
599 908 666 935 nihil
681 908 764 935 habet
777 915 920 935 commune

137 955 169 981 ad
185 955 248 982 solis
258 954 337 989 hujus
353 954 453 981 lumen.
469 954 557 988 Imago
569 961 635 987 ergo
647 959 689 981 est
708 953 854 981 invisibilis
871 954 917 981 Dei

136 1000 224 1027 Patris
243 999 366 1026 Salvator
380 1003 487 1032 noster,
505 1004 636 1033 quantum
652 1000 686 1026 ad
702 999 788 1034 ipsum
808 999 917 1034 quidem

136 1044 244 1071 Patrem
258 1044 358 1071 veritas
369 1043 443 1078 ,(27);
456 1048 586 1077 quantum
603 1047 693 1069 autem
710 1043 744 1069 ad
756 1050 807 1069 nos
819 1042 918 1076 quibus

135 1089 235 1117 revelat
253 1088 377 1120 Patrem,
397 1089 484 1122 imago
507 1094 549 1115 est
564 1095 612 1122 per
636 1096 717 1122 quam
730 1089 918 1123 cognoscimus

134 1135 240 1163 Patrem
252 1155 259 1166 .
277 1143 356 1169 quetu
373 1142 453 1162 nemo
471 1135 541 1161 alius
556 1135 630 1161 novit
643 1135 694 1161 nisi
711 1134 812 1167 Filius,
829 1139 857 1161 et
872 1136 916 1162 cui

133 1181 338 1208 volueritFilins
347 1181 476 1208 revelare.
494 1179 606 1206 Revelat
617 1184 706 1206 autem
720 1187 769 1214 per
782 1181 833 1208 hoc
845 1181 916 1216 quod

135 1227 193 1261 ipse
207 1227 374 1260 intelligitur.
393 1226 414 1252 Α
427 1234 481 1260 quo
496 1226 552 1260 ipse
568 1226 640 1252 enim
661 1225 742 1252 fuerit
762 1226 916 1253 intellectus

134 1277 336 1305 consequenter
357 1271 520 1304 intelligitur
540 1275 571 1304 et_
580 1270 674 1302 Pater,
695 1271 842 1297 secundum
865 1273 915 1299 hoc

134 1317 204 1352 quod
215 1318 270 1351 ipse
283 1317 367 1344 dixit:
381 1326 390 1342 ι
406 1316 456 1349 Qui
469 1323 510 1342 me
521 1317 598 1349 vidit,
612 1316 716 1344 viditet
728 1316 833 1344 Patrent
847 1317 880 1345 “.
896 1326 906 1343 ι

167 1363 196 1391 7.
216 1363 268 1391 Sed
287 1364 414 1398 quoniam
435 1369 588 1389 sermonem
612 1361 688 1389 Pauli
704 1363 866 1391 inseruimus
883 1364 916 1391 de

131 1409 240 1437 Christo
254 1409 368 1437 dicentis
387 1409 412 1435 in
425 1416 456 1436 eo
469 1408 541 1442 quod
563 1409 601 1435 ait
615 1409 679 1443 qnia
699 1416 709 1433 ι
726 1409 856 1443 splendor
873 1414 915 1437 est

131 1456 221 1489 glori:e
235 1455 292 1488 Dei,
309 1459 337 1482 et
352 1455 435 1489 ﬁgura
451 1461 577 1488 expressa
592 1454 748 1481 substantia:
763 1455 820 1488 ejus
834 1455 855 1470 δι
870 1464 878 1482 :
902 1465 912 1481 ι

131 1500 195 1534 quid
209 1507 242 1526 ex
258 1500 311 1526 hoc
327 1500 498 1526 sentiendum
513 1499 549 1525 sit
569 1498 718 1524 videamus.
738 1507 747 1523 t
774 1500 845 1526 Deus
867 1499 912 1526 lux

130 1549 172 1572 est.
184 1545 219 1576 δ’,
241 1554 250 1569 ι
267 1545 414 1572 secundum
434 1543 576 1570 Joannem.
598 1543 732 1578 Splendor
748 1552 812 1579 ergo
834 1545 914 1580 hujus

130 1590 198 1617 lucis
213 1595 257 1617 est
277 1590 431 1624 unigenitus
451 1589 550 1620 Filius,
566 1596 599 1616 ex
621 1590 677 1623 ipso
695 1590 915 1624 inseparabiliter

130 1636 203 1663 velut
218 1635 345 1670 splendor
353 1634 408 1671 (28)
424 1642 456 1661 ex
469 1635 530 1662 luce
542 1635 702 1669 procedens,
717 1640 743 1662 et
759 1636 913 1665 illuminans

131 1682 283 1709 universam
298 1687 462 1708 creaturam.
477 1681 630 1708 Secundum
649 1681 706 1709 bmc
723 1689 840 1716 namque
853 1691 913 1717 quae

129 1727 254 1761 superius
265 1727 443 1761 exposuimus
453 1747 460 1758 ,
477 1727 612 1761 quomodo
626 1727 667 1753 via
679 1727 728 1760 sit,
744 1733 771 1754 et
783 1728 863 1755 ducat
877 1729 910 1756 ad

129 1772 282 1804 Patrem,et
293 1772 426 1806 quomodo
437 1771 553 1799 Verbum
566 1773 602 1799 sit
615 1780 713 1800 arcana
728 1773 868 1807 sapientiae
879 1782 911 1801 ac

127 1819 247 1846 scientiae
262 1819 388 1854 mysteria
402 1819 585 1854 interpretans
599 1826 631 1846 ac
644 1819 783 1853 proferens
795 1820 912 1847 rationa-

127 1865 173 1892 bili
187 1870 335 1899 creaturre,
349 1865 484 1900 quomodo
498 1866 581 1893 etiam
599 1865 700 1893 veritas
712 1869 738 1893 et
759 1866 812 1892 vita
827 1871 868 1894 est
883 1871 911 1894 et

162 1943 184 1959 "
195 1942 272 1971 Joan.
287 1952 306 1973 ι.
319 1943 346 1971 9.
384 1944 406 1959 ⁸⁸
422 1943 502 1971 Joan.
515 1952 570 1976 xiv,
582 1944 609 1972 9.
648 1945 670 1960 "
684 1944 749 1972 Ilcb.
763 1954 782 1978 ι,
794 1946 820 1973 5.

126 2014 194 2041 nihil
217 2015 378 2051 ingenitum,
406 2015 435 2051 id
448 2019 490 2042 est
512 2015 645 2047 innatum,
664 2025 674 2042 ι
689 2016 714 2042 id
728 2016 908 2051 Hieronymus

127 2050 244 2076 reddidit
257 2059 265 2074 ι
288 2050 355 2076 nihil
372 2050 502 2076 infectum
518 2058 528 2075 ι
549 2051 576 2076 in
593 2050 674 2083 epist.
688 2052 720 2076 ad
736 2050 844 2077 Avitum
862 2053 907 2078 ubi

125 2084 163 2118 ait
179 2092 186 2109 :
201 2092 211 2108 ι
227 2084 350 2110 Tertium
363 2085 495 2118 dignitate
515 2088 542 2110 et
556 2086 660 2110 honore
679 2089 738 2118 post
758 2085 865 2111 Patrem
881 2091 909 2112 ct

126 2116 235 2149 Filium,
253 2116 495 2153 asseritSpiritum
513 2124 656 2150 sanctum,
674 2116 707 2145 de
718 2126 772 2152 quo
785 2127 845 2145 cum
866 2120 907 2153 ig-

125 2159 226 2178 norare
241 2159 271 2178 se
289 2152 362 2178 dicat
374 2158 464 2178 utrum
480 2152 567 2178 factus
583 2154 662 2179 sitan
676 2153 804 2183 inlectus,
817 2154 843 2178 iu
859 2152 908 2187 po-

929 1527 950 1555 C

861 1946 883 1962 ⁸²
898 1947 905 1974 |
919 1946 998 1974 Joan.
1013 1952 1032 1977 ι,
1044 1944 1070 1970 5.

973 911 1124 939 substantia
1139 917 1166 939 et
1178 912 1355 939 subsistentia
1370 912 1480 943 dicitur,
1497 912 1580 946 ﬁgura
1597 910 1758 938 substantiae

971 957 1030 991 ejus
1045 964 1105 984 esse
1123 957 1239 984 dicatur.
1262 957 1294 984 Et
1312 958 1373 984 vide
1391 964 1424 984 ue
1443 957 1512 984 forte
1527 956 1656 991 quoniam
1670 955 1756 983 Filius

973 1003 1033 1035 Dei,
1047 1003 1092 1038 qui
1111 1003 1230 1030 Verbum
1249 1002 1307 1037 ejus
1322 1007 1348 1029 et
1367 1003 1498 1036 sapientia
1518 1002 1625 1033 dicitur,
1640 1007 1666 1029 et
1681 1001 1756 1028 solus

971 1050 1048 1076 novit
1067 1049 1191 1081 Patrem,
1211 1054 1237 1076 et
1256 1049 1357 1076 revelat
1375 1049 1475 1082 quibus
1494 1048 1568 1081 vult,
1599 1048 1625 1074 id
1647 1051 1690 1074 est
1708 1047 1754 1081 qui

971 1103 1086 1129 capaces
1101 1095 1175 1122 verbi
1192 1095 1275 1128 ipsius
1284 1099 1310 1122 et
1325 1095 1463 1129 sapientiae
1475 1094 1588 1124 fuerint.
1603 1093 1754 1120 secundum

971 1141 1020 1168 hoc
1039 1141 1125 1175 ipsum
1141 1141 1213 1174 quod
1229 1140 1340 1175 intelligi
1353 1145 1435 1174 atque
1448 1139 1560 1175 agnosci
1573 1139 1639 1167 facit
1656 1140 1751 1168 Deum.

970 1186 1082 1220 ﬁguram
1099 1186 1256 1213 substantia:
1275 1191 1356 1220 atque
1373 1185 1557 1214 subsistentia:
1573 1185 1631 1218 eius
1646 1185 1755 1212 dicatur

969 1233 1138 1266 exprimere:
1156 1232 1182 1259 id
1202 1237 1244 1259 est
1269 1239 1330 1260 cum
1357 1233 1531 1267 semetipsum
1551 1232 1669 1266 primum
1704 1231 1752 1257 de-

972 1278 1070 1305 scribit
1085 1278 1217 1312 sapicntia
1235 1284 1266 1304 ea
1288 1285 1347 1312 quae
1363 1277 1485 1305 revelare
1503 1276 1558 1303 vult
1572 1277 1679 1304 caeteris
1690 1295 1698 1308 ,
1719 1283 1754 1302 ex

969 1322 1066 1357 quibus
1076 1323 1108 1349 ab
1125 1323 1177 1350 illis
1189 1323 1345 1356 agnoscitur
1357 1328 1383 1350 et
1393 1323 1553 1356 intelligitur
1567 1321 1648 1353 Deus.
1658 1326 1685 1348 et
1701 1321 1754 1347 hoc

969 1369 1076 1396 dicatur
1092 1369 1176 1403 ﬁgura
1195 1376 1323 1402 expressa
1343 1368 1500 1395 substantia:
1520 1367 1578 1394 Dei.
1603 1366 1639 1394 Ut
1657 1371 1753 1394 autem

968 1414 1072 1448 plenius
1087 1414 1174 1440 adhuc
1189 1413 1354 1448 intelligatur
1369 1413 1504 1447 quomodo
1520 1413 1647 1439 Salvator
1662 1412 1750 1445 ﬁgura

967 1465 1009 1487 est
1028 1458 1186 1486 substantia:
1206 1458 1248 1486 vel
1270 1458 1454 1485 subsistentia:
1476 1458 1520 1485 Dei
1543 1457 1616 1493 (50),
1640 1462 1754 1484 utamur

967 1505 1049 1531 etiam
1068 1503 1206 1537 exemplo,
1225 1504 1295 1537 quod
1314 1503 1438 1538 quamvis
1455 1510 1510 1530 rem
1531 1510 1583 1529 non
1605 1502 1684 1536 plene
1702 1509 1754 1528 nec

967 1551 1074 1585 proprie
1085 1549 1217 1585 signiﬁcet
1227 1550 1259 1576 ile
1268 1557 1319 1584 qua
1328 1550 1442 1583 agimus,
1452 1554 1540 1576 tamen
1548 1549 1581 1575 ad
1597 1549 1649 1575 hoc
1659 1548 1751 1575 solum

967 1595 1090 1621 videatur
1102 1599 1280 1628 assumptum,
1299 1593 1370 1627 quod
1385 1593 1545 1620 exinaniens
1561 1600 1590 1619 se
1602 1593 1689 1620 Filius
1704 1594 1751 1628 qui

966 1646 1023 1668 erat
1047 1641 1073 1667 in
1100 1639 1184 1667 forma
1208 1639 1270 1670 Dei.
1290 1646 1339 1673 per
1363 1639 1447 1673 ipsam
1471 1639 1512 1666 sui
1535 1638 1752 1666 exinanitionem

965 1686 1054 1714 studet
1082 1685 1157 1712 nobis
1189 1684 1297 1711 deitatis
1325 1685 1518 1719 plenitudinem
1546 1685 1750 1711 demonstrare.

966 1729 1045 1756 Verbi
1060 1737 1140 1756 causa
1151 1749 1159 1761 ,
1182 1729 1204 1755 si
1224 1728 1294 1755 facta
1313 1734 1384 1756 essu
1399 1730 1487 1763 aliqua
1502 1733 1591 1756 statua
1610 1729 1673 1756 talis
1689 1736 1752 1763 quae

965 1776 1149 1810 magnitudine
1163 1775 1204 1802 sui
1218 1776 1372 1802 universum
1388 1776 1481 1802 orbem
1496 1780 1575 1802 terra!
1586 1779 1703 1807 teneret,
1721 1779 1751 1801 et

964 1831 1014 1857 pro
1044 1823 1085 1849 sui
1110 1822 1290 1849 immensitate
1310 1821 1475 1848 considerari
1497 1828 1511 1847 a
1538 1820 1611 1848 nullo
1636 1826 1750 1855 posset;

965 1868 1042 1895 ﬁeret
1069 1872 1158 1894 autent
1185 1866 1237 1893 alia
1266 1870 1352 1894 statua
1380 1866 1565 1893 membrorum
1595 1867 1691 1894 habitu
1716 1873 1750 1894 ac

1111 1943 1133 1959 “
1146 1943 1213 1969 Luc.
1229 1950 1266 1974 vr,
1277 1942 1320 1968 42.

963 2023 1007 2044 tus
1023 2019 1076 2045 est,
1089 2021 1152 2040 nam
1166 2017 1194 2039 et
1205 2015 1256 2039 hoc
1271 2012 1365 2038 ultimo
1381 2019 1462 2039 sensu
1482 2012 1581 2039 Filium
1602 2012 1750 2048 ἀγένητον,

962 2052 988 2078 id
1014 2055 1056 2077 est
1082 2050 1230 2074 increalum
1259 2047 1357 2074 asserit
1384 2048 1431 2074 lib.
1453 2055 1478 2074 vt
1506 2053 1598 2074 con/ra
1627 2048 1748 2081 Celsum,

962 2092 1036 2111 num.
1045 2084 1073 2109 7.
1087 2083 1154 2109 llinc
1164 2082 1248 2115 liquet
1262 2089 1348 2107 avera
1361 2081 1486 2115 Origenis
1496 2087 1586 2108 mente
1597 2083 1750 2110 aberrasse

963 2119 1156 2152 Hieronymum
1168 2117 1343 2152 cnmvenit:
1361 2125 1370 2141 ι
1385 2116 1459 2152 l\nhil
1480 2118 1584 2152 absque
1600 2117 1683 2144 Patre
1703 2118 1748 2143 iii-

963 2150 1146 2180 fectum'csse.
1164 2161 1172 2176 ι
1189 2150 1283 2177 Melius
1295 2158 1368 2177 certe
1383 2150 1505 2186 Ruﬁnus,
1525 2160 1535 2176 ‹
1553 2151 1620 2186 nihil
1638 2152 1749 2186 ingeni-

127 2186 289 2213 sterioribus
301 2187 365 2219 quid
381 2187 414 2213 de
429 2193 462 2212 eo
479 2187 594 2213 sentiret
607 2187 828 2220 expressit,nihil
845 2183 908 2214 alis-
925 2183 946 2210 ῐ)
963 2194 1028 2217 tum,
1046 2187 1070 2213 id
1084 2191 1126 2212 est
1137 2185 1261 2220 innatum
1278 2190 1375 2218 praeter
1389 2185 1475 2212 solum
1490 2186 1573 2212 Deum
1588 2183 1712 2213 Palrein.
1736 2196 1745 2212 ι

125 2228 179 2254 que
211 2221 265 2247 Deo
281 2221 362 2247 Patre
378 2221 505 2247 inlectum
520 2228 579 2247 esse
595 2222 823 2247 conlirmansnAt
837 2222 905 2248 bona

125 2254 283 2289 Hieronymi
298 2256 374 2282 venia
388 2256 514 2286 dixerim,
531 2256 619 2289 decipi
636 2263 664 2282 se
682 2263 776 2289 paSSiis
791 2261 832 2282 est
846 2264 906 2282 am-

124 2290 213 2323 biguae
229 2290 301 2317 vocis
316 2290 446 2324 ἀγένητον
455 2290 652 2322 signiﬁcatione
662 2298 722 2325 qu.»
734 2298 786 2315 non
800 2298 907 2325 semper

127 2333 136 2349 ε
153 2332 210 2350 rem
223 2325 348 2351 inlectam
369 2334 377 2350 I
393 2325 520 2358 exprimit
538 2332 544 2349 :
563 2332 577 2350 a
589 2324 710 2357 γεννάω,
729 2333 738 2349 ε
753 2325 833 2359 gigno
855 2334 863 2350 ι
879 2326 907 2352 lit

125 2359 262 2394 γεννητὸς,
281 2368 289 2384 t
307 2359 432 2392 penitus;
457 2367 465 2383 ι
480 2366 494 2394 a
508 2358 621 2393 γίνομαι
640 2367 650 2384 t
666 2367 724 2385 smn
739 2379 746 2391 ,
761 2359 874 2392 exsisto,
893 2369 902 2386 ι

126 2397 155 2419 Iit
171 2394 283 2428 γενητὸς
297 2413 304 2424 ,
319 2394 369 2419 hoe
384 2399 426 2419 est
448 2393 640 2428 tyhabensrab
661 2394 753 2428 aliquo
777 2399 805 2420 ut
829 2396 871 2421 sit.
894 2404 903 2420 i

125 2427 236 2462 Itaque.
258 2433 287 2454 ut
305 2429 436 2454 observat
449 2427 565 2463 illuetius
579 2427 733 2462 Origenian.
746 2429 764 2454 l.
779 2436 798 2455 tt
811 2449 818 2460 ,
833 2437 860 2463 q.
877 2429 904 2463 2,

124 2471 152 2490 n.
165 2464 212 2494 23,
222 2463 244 2490 si
261 2463 370 2496 proprie
384 2462 589 2498 loquivelimus,
600 2463 670 2490 Deus
681 2463 762 2490 Pater
771 2469 813 2490 est
827 2462 906 2498 ἀγένὲ

125 2505 213 2532 γητος,
227 2502 254 2524 et
266 2497 407 2531 ἀγένητος,
421 2497 482 2530 quia
497 2503 584 2530 neque
601 2498 635 2524 ab
655 2498 710 2524 ullo
729 2499 836 2532 genitus
851 2497 904 2531 est,

124 2531 211 2565 neque
228 2534 262 2558 ab
275 2534 330 2558 utlo
347 2533 428 2558 habet
443 2536 471 2557 ut
485 2532 609 2567 exsistat.
626 2531 692 2559 Item
706 2531 790 2559 Filius
799 2538 906 2567 est-{ev-

124 2567 214 2600 νητὸς.
231 2575 240 2591 ε
260 2568 380 2601 genitus,
403 2575 414 2601 ε
430 2574 491 2592 itaut
503 2566 646 2601 gignitura
661 2567 751 2595 Patre.
770 2568 818 2594 Est
839 2566 903 2595 item

124 2601 247 2636 γενητός,
278 2609 340 2637 nam
365 2600 487 2637 a‘Patre
511 2600 550 2628 sic
577 2607 704 2636 tauquam
732 2611 746 2628 a
772 2603 905 2637 principio

127 2635 207 2662 habet
221 2641 250 2662 ut
262 2637 308 2672 sit.
325 2635 444 2672 Spiritus
454 2643 517 2662 vero
527 2635 700 2663 sanctns’non
713 2643 753 2665 est
764 2635 903 2672 Ῠεννητός,

125 2671 172 2705 sed
188 2670 309 2705 γενητός,
328 2670 475 2703 genitorem
491 2672 564 2697 enim
581 2680 632 2698 non
648 2672 739 2703 habet.
758 2670 805 2699 sed
821 2670 902 2699 habet

125 2712 142 2741 ᾗ
157 2704 236 2741 Patre
246 2704 274 2731 et
289 2705 398 2741 κει-κομι
409 2705 531 2741 exsistat.
550 2706 620 2741 Ergo
635 2714 698 2734 cum
713 2709 764 2734 hoc
787 2708 846 2734 loco
866 2709 904 2733 ait

125 2738 255 2778 Origenes
268 2739 335 2778 rubii
347 2740 449 2774 absque
465 2740 547 2778 Patre
557 2738 617 2778 esse
629 2741 772 2778 ἀγένητον,
791 2742 902 2778 Patrem

125 2774 210 2810 solum
225 2774 356 2810 ἀγένητον
375 2782 434 2802 esse
455 2775 524 2808 vult,
540 2776 602 2810 quia
623 2774 696 2804 solus
707 2774 755 2804 'ab
772 2777 825 2802 alio
849 2783 902 2802 non

125 2808 204 2835 habet
219 2814 247 2836 Il
260 2808 307 2842 sit,
322 2817 374 2836 non
393 2817 455 2838 vero
467 2812 529 2845 quia
540 2808 614 2839 solus
624 2812 742 2840 infectus
753 2817 780 2840 et
795 2811 902 2838 increa-

993 2221 1048 2257 (27)
1064 2219 1327 2257 Suspectamdiulini
1341 2220 1419 2246 tidem
1433 2220 1484 2257 hoc
1495 2220 1560 2257 loco
1568 2219 1662 2257 facere
1683 2229 1748 2254 pos-

958 2253 1013 2284 sint
1026 2253 1087 2289 qua‘
1100 2255 1196 2282 scribit
1212 2253 1390 2289 Hieronymus
1401 2255 1480 2288 epist.
1495 2255 1529 2281 ad
1548 2255 1659 2281 Avitum
1671 2253 1748 2287 ,Χιο-

958 2298 1021 2318 cere
1035 2288 1179 2324 Origenem
1192 2309 1199 2320 ,
1227 2298 1237 2314 ί
1263 2288 1360 2324 Filium
1381 2290 1425 2322 qui
1444 2289 1478 2315 sit
1498 2290 1586 2323 imago
1598 2290 1747 2317 invisibilis

959 2326 1058 2355 Patris,
1089 2323 1279 2358 comparatum
1305 2323 1399 2351 Patri.
1425 2330 1478 2349 non
1501 2330 1563 2350 esse
1579 2324 1744 2358 veritatem;

958 2361 1028 2394 apud
1043 2366 1092 2385 nos
1107 2363 1198 2385 autem
1210 2358 1256 2392 qui
1267 2357 1314 2394 Dei
1328 2358 1588 2394 otnnipotentisnon
1597 2365 1746 2392 possumus

958 2392 1084 2429 recipere
1100 2394 1256 2423 veritatem,
1273 2392 1459 2429 imaginariam
1473 2393 1616 2429 veritatem
1631 2394 1741 2426 videri;

958 2435 988 2456 ut
1015 2426 1144 2462 inajestas
1166 2435 1198 2454 ac
1223 2428 1378 2459 magnitudo
1392 2426 1524 2462 majoris,
1537 2426 1745 2462 quo'daniniodo

957 2460 1166 2496 circumscripta
1195 2462 1329 2488 sentiatur
1349 2461 1374 2487 in
1400 2460 1485 2493 Filio;
1513 2460 1598 2488 Deum
1628 2462 1743 2490 Patrem

956 2506 1017 2526 esse
1031 2498 1122 2524 lumen
1136 2496 1407 2530 incomprehensibile
1419 2503 1427 2525 ς
1443 2496 1580 2523 Christum
1593 2497 1745 2525 collatione

957 2533 1047 2560 l'atris
1067 2532 1237 2565 splendorem
1252 2537 1312 2557 esse
1325 2537 1499 2564 perparvum,
1518 2532 1565 2564 qui
1589 2533 1662 2566 apud
1691 2540 1743 2559 nos

955 2575 1006 2602 pro
1021 2566 1326 2602 imbecillitaternostra
1348 2572 1468 2602 _tnagn_u_s
1491 2573 1552 2592 esse
1570 2566 1710 2594 videatur.
1730 2577 1741 2593 ι

956 2598 1010 2630 Sed
1026 2602 1088 2628 vide
1103 2605 1181 2627 notas
1193 2601 1227 2627 ad
1245 2598 1408 2633 Origenian.’
1426 2599 1475 2626 lib.
1501 2607 1532 2632 II,
1557 2608 1585 2634 q.
1607 2602 1642 2634 2,
1665 2609 1694 2628 n.
1725 2603 1744 2629 8

954 2642 982 2665 et
996 2636 1039 2663 l6.

991 2671 1046 2706 (28)
1064 2670 1100 2697 Ila
1115 2677 1180 2697 mss.
1194 2669 1278 2701 Alias,
1299 2679 1309 2695 ε
1331 2674 1357 2696 et
1370 2669 1546 2706 utrsplcndor.
1562 2679 1572 2696 ι

990 2705 1046 2740 (29)
1063 2706 1100 2740 ita
1113 2713 1177 2732 mss.
1192 2705 1277 2736 Alias,
1292 2713 1301 2728 ι
1321 2705 1443 2740 quando.
1458 2713 1468 2728 ι

989 2741 1046 2775 (50)
1061 2739 1106 2767 Sic
1120 2748 1185 2766 mss.
1197 2739 1281 2770 Alias,
1303 2749 1312 2762 ι
1332 2745 1359 2765 et
1372 2739 1547 2775 subsistentia
1560 2739 1630 2773 ejus.
1650 2750 1661 2766 ι
1678 2741 1743 2770 Mox

954 2773 1054 2806 mss.,'t
1073 2782 1124 2811 non
1137 2775 1214 2808 plene
1230 2781 1277 2800 nec
1294 2773 1414 2808 proprie,
1432 2781 1441 2798 ι
1460 2774 1538 2806 alias,
1558 2783 1568 2799 ι
1589 2783 1643 2802 non
1658 2778 1744 2811 plano

955 2817 1006 2837 nec
1019 2810 1138 2844 pmprie.
1159 2819 1168 2834 ι
