1883 3072
114 131 164 160 13‘!

808 125 908 154 LIBER
925 124 1063 152 PRIMUS.

1686 125 1736 153 £33

114 192 202 218 vultus
220 191 412 224 lineamentis,
433 191 523 224 specie
545 198 577 218 ac
604 190 716 217 materia
737 196 786 224 per
808 187 899 215 omnia
915 188 939 216 Α
953 185 992 212 ait
1017 185 1127 211 virtutis
1150 184 1198 211 Dei
1220 192 1349 220 vaporem
1370 192 1430 212 esse
1446 185 1619 219 sapientiam.
1635 183 1736 211 lttlcllt-t

115 238 209 265 similis
223 238 328 272 absque
347 238 540 272 magnitudinis
551 237 733 264 immensitate
743 256 750 268 ,
767 242 814 269 pro
827 242 859 261 eo
874 239 903 260 ut

115 284 160 318 qui
179 284 251 310 illam
269 283 431 309 immensam
447 281 619 308 considerare
639 285 720 314 atque
734 278 832 305 intueri
848 285 901 304 non

115 335 232 363 possent,
249 329 322 356 hanc
339 328 471 359 videntes,
487 327 560 354 illam
578 334 606 354 se
622 325 724 352 vidisse
736 325 901 352 conlitercn-

117 381 160 401 tur
172 375 240 410 (51),
260 382 310 408 pro
325 381 357 400 eo
377 374 448 408 quod
462 373 551 400 omnia
568 372 752 399 membrorum
771 375 798 397 et
814 370 901 396 vultus

116 420 296 451 lineamenta,
319 420 360 446 vel
378 421 463 454 ipsam
482 418 599 452 speciem
616 417 812 451 materiamque
826 416 901 443 sitni-

103 465 229 492 .litudiue
255 472 368 499 prorsus
388 465 534 491 indiscreta
556 467 696 495 servaret;
720 462 763 488 tali
782 462 896 496 quadam

118 511 297 538 similitudine
310 510 471 537 exiuauiens
488 517 517 536 se
531 509 615 536 Filius
637 509 734 536 Dei‘de
747 507 901 542 :equalitatc

118 557 224 588 Patris,
245 561 273 583 el
290 557 363 582 viam
389 556 467 583 nobis
484 554 648 590 cognitionis
663 553 721 587 ejus
737 553 882 580 ostendens
893 573 900 583 ,

119 604 206 638 ﬁgura
221 610 350 636 expressa
370 601 530 628 substantiae
547 601 605 634 ejus
621 599 753 631 cﬂicitur;
771 604 798 625 ut
812 598 858 632 qui
874 598 899 623 in

120 647 308 683 magnitudine
325 646 433 673 deitatis
445 653 501 672 Sita:
515 646 630 680 positam
643 644 754 679 gloriam
773 643 847 670 mira:
860 643 900 668 lit-

117 695 157 721 cis
173 701 227 720 non
243 698 398 727 poteramus
424 691 558 724 aspicere,
585 698 632 724 per
659 691 709 716 hoc
734 689 804 724 quod
825 687 900 714 nobis

117 739 247 775 splendor
262 737 389 771 edicitur,
405 738 540 764 intuenda:
561 736 628 763 lucis
646 735 743 762 divinie
764 735 834 761 viam
853 742 901 768 per

116 784 270 817 splendoris
287 783 424 816 capiamus
438 787 588 816 aspectum.
602 781 774 814 Comparatio
789 787 854 807 sane
866 779 900 805 de

117 834 215 858 statuis
235 831 290 865 (δὲ)
307 829 383 863 quasi
401 830 427 856 in
445 829 524 855 rebus
541 827 728 854 materialibus
745 827 847 861 posita,
864 826 897 853 ad

954 231 1039 265 genda
1060 235 1175 265 estergo
1191 231 1278 257 virtus
1303 230 1358 262 Dei,
1384 239 1435 266 qua
1455 231 1545 265 viget,
1575 238 1626 265 qua
1642 230 1734 256 omnia

954 275 1071 302 visibilia
1086 280 1113 302 et
1125 274 1271 302 invisibilia
1287 275 1330 301 vel
1346 275 1481 308 instituit,
1495 275 1535 302 vel
1548 275 1678 305 continet,
1694 272 1737 300 vel

953 322 1163 356 gubernat,qua:
1177 320 1209 347 ad
1224 320 1311 347 omnia
1325 321 1460 347 sutliciens
1474 325 1525 351 est,
1542 327 1658 355 quorum
1673 327 1737 353 pro-

953 367 1101 394 videntiam
1127 366 1206 401 gerit,
1234 366 1342 400 quibus,
1370 366 1441 393 velut
1473 367 1530 398 uni,
1551 367 1587 392 ita
1608 367 1736 393 omnibus

953 414 1039 441 adest.
1058 413 1141 446 Hujus
1153 419 1217 446 ergo
1238 412 1319 438 totius
1336 413 1445 438 virtutis
1465 416 1543 439 tantae
1566 418 1593 439 et
1616 418 1670 439 tam
1683 413 1735 439 im-

953 469 1052 488 mensae
1068 469 1162 496 vapor,
1182 465 1218 491 et,
1235 465 1264 486 ut
1281 461 1317 487 ita
1336 460 1436 491 dicam,
1458 461 1536 494 vigor
1553 461 1608 493 ipse
1628 461 1653 486 in
1672 467 1736 494 pro-

952 508 1011 542 pria
1028 506 1207 534 subsistentia
1228 505 1357 538 effectus,
1373 505 1496 540 quamvis
1513 513 1545 532 ex
1564 505 1619 539 ipsa
1635 505 1735 532 virtut

951 551 1160 578 velutvoluntas
1177 557 1210 577 ex
1226 554 1317 576 mente
1329 551 1466 583 procedat,
1483 554 1570 576 tamen
1582 554 1608 576 et
1622 550 1677 583 ipsa
1690 557 1736 576 vo-

952 596 1042 622 luntas
1058 595 1103 622 Dei
1116 595 1293 622 nihilominus
1308 594 1354 620 Dei
1371 594 1458 620 virtus
1474 593 1587 620 edicitur
1603 594 1670 627 (56).
1689 593 1736 619 Ef-

953 641 1042 667 ﬁcitur
1060 641 1141 675 igitur
1153 640 1239 666 virtus
1255 639 1340 666 altera
1366 640 1392 665 in
1409 647 1456 665 sua
1480 639 1647 674 proprietate
1669 639 1735 665 sub-

952 685 1061 716 sistens,
1095 689 1124 710 ut
1153 684 1191 710 ait
1219 691 1311 710 sermo
1335 681 1490 718 Scriptum,
1513 690 1596 716 vapor
1625 683 1735 718 quidam

951 731 1077 763 primatet
1091 730 1217 764 ingenita:
1229 729 1338 755 virtutis
1351 729 1407 761 Dei,
1421 730 1470 756 hoc
1479 728 1588 762 quidem
1600 730 1670 763 quod
1683 733 1735 760 est,

952 775 1014 802 inde
1030 776 1153 807 trahens;
1166 783 1218 802 non
1232 778 1274 802 est
1285 779 1375 801 atttctu
1390 775 1498 808 quando
1509 774 1564 808 (57)
1576 781 1629 801 non
1643 773 1735 801 fuerit.

953 822 982 849 Si
997 823 1068 849 enim
1084 822 1144 856 quis
1160 822 1277 849 voluerit
1289 821 1381 848 dicere
1399 821 1477 855 quasi
1492 821 1566 855 prius
1580 828 1633 848 non
1651 827 1721 847 exstt

119 878 187 904 nihil
201 877 272 903 aliud
296 876 436 911 recipitur,
452 883 534 909 quant
551 875 583 902 ad
601 874 650 900 hoc
665 860 838 908 quodFilius
854 873 898 899 Dei
917 860 937 887 Β
954 869 1026 900 lcrit,
1053 870 1098 895 sed
1122 873 1214 901 p05tea
1240 868 1274 895 ad
1297 867 1500 894 subsistentiam
1527 867 1642 898 venerit,
1663 867 1737 894 dicat

118 924 286 950 brevissima:
301 922 421 950 insertus
433 921 540 948 humani
554 921 675 954 corporis
688 919 780 946 forma:
791 927 822 945 ex
834 926 899 952 ope-

119 978 180 997 rum
198 969 360 1003 virtutisque
374 968 552 995 similitudine
572 967 661 994 Patris
686 967 712 993 in
730 973 759 993 se
785 966 900 993 immen-

118 1024 175 1042 sam
192 1014 246 1050 (53)
265 1022 296 1040 ac
318 1013 476 1040 iuvisibilem
501 1013 712 1048 magnitudinem
732 1012 900 1046 designabat,

119 1070 168 1096 per
184 1062 235 1088 hoc
251 1060 322 1095 quod
341 1060 447 1087 dicebat
459 1060 492 1086 ad
503 1060 650 1094 discipulos
667 1066 740 1091 suos,
749 1059 811 1092 quia
829 1067 837 1082 ί
851 1058 900 1090 Qui

119 1115 163 1134 me
177 1107 259 1138 videt,
274 1106 346 1133 videt
361 1111 389 1133 et
406 1105 564 1137 Patrem“;
589 1114 598 1130 ι
618 1109 644 1130 et
659 1113 667 1131 :
685 1113 695 1129 ι
710 1104 765 1137 Ego
779 1110 806 1131 et
823 1103 901 1130 Pater

119 1161 202 1180 unum
213 1151 347 1179 sumus“.
363 1161 373 1177 ί
393 1151 495 1185 Quibus
508 1151 588 1177 etiam
605 1150 669 1177 illud
685 1149 774 1176 simile
797 1149 900 1175 intelli-

118 1197 236 1233 gendum
249 1201 291 1224 est
306 1198 376 1231 quod
403 1197 452 1229 ait,
477 1196 541 1230 quia
558 1194 567 1221 ξ
595 1195 674 1222 Pater
691 1194 717 1220 in
745 1202 786 1221 me
804 1199 856 1225 est,
876 1198 903 1220 et

118 1251 168 1277 ego
182 1243 209 1270 in
228 1242 351 1270 Patre“.
368 1252 377 1268 ι

154 1290 184 1316 9.
199 1288 346 1315 Videamus
361 1296 431 1315 nunc
452 1287 536 1314 etiam
554 1287 618 1313 illud
638 1286 755 1321 qualiter
779 1285 901 1313 sentien-

118 1335 182 1362 dum
196 1339 249 1366 est,
261 1335 333 1368 quod
349 1334 375 1360 in
393 1332 531 1367 Sapientia
548 1331 703 1359 Salomonis
727 1331 855 1365 scriptum
867 1331 902 1357 le-

120 1379 219 1413 gimus,
239 1379 284 1412 qui
305 1378 341 1404 ita
355 1378 394 1404 ait
409 1376 441 1403 de
467 1376 613 1411 sapientia,
636 1376 697 1410 quia
729 1384 739 1401 ι
762 1383 844 1410 vapor
860 1380 902 1402 est

119 1425 228 1460 quidam
243 1425 297 1460 (5.4)
311 1424 418 1450 virtutis
434 1423 492 1454 Dei,
508 1427 534 1449 et
546 1422 693 1454 aporrlioza
708 1420 903 1456 omnipotentis

119 1470 213 1505 gloria:
228 1469 388 1503 purissima,
404 1472 430 1495 et
445 1467 571 1501 splendor
585 1467 653 1493 lucis
665 1471 783 1498 aeternie,
800 1470 826 1492 et
838 1472 896 1500 spe-

119 1516 208 1543 culum
223 1514 425 1542 immaculatum
439 1512 634 1546 inoperatiouis
646 1512 705 1539 sive
725 1512 832 1538 virtutis
844 1510 900 1542 Dei,
915 1524 938 1554 α

117 1565 143 1587 et
159 1561 248 1597 imago
268 1560 396 1588 bonitatis
417 1558 515 1593 eius".
531 1567 541 1584 ι
566 1558 630 1590 Quin
649 1565 714 1592 ergo
731 1557 773 1584 hic
797 1557 829 1583 de
849 1557 902 1583 Deo

121 1608 225 1640 deﬁnit,
241 1615 273 1634 ex
297 1605 416 1640 gsingulis
439 1604 589 1638 quibusque
610 1608 682 1630 certa
707 1602 829 1637 qumdam
850 1601 902 1637 57

121 1654 211 1681 inesse
240 1652 379 1686 sapientia:
401 1650 447 1677 Dei
470 1650 593 1684 designat
617 1649 763 1675 :virtutem
788 1654 903 1681 namque

121 1701 166 1727 Dei
183 1699 316 1730 nominat,
331 1703 358 1724 et
374 1696 487 1731 gloriam
501 1700 528 1722 et
544 1695 632 1722 lucem
648 1699 789 1725 alternam,
803 1697 830 1720 et
844 1693 902 1720 iuo-

119 1745 292 1782 perationem
314 1748 340 1770 et
366 1742 527 1769 bonitatem.
548 1740 595 1766 Ait
622 1744 711 1766 autent
740 1738 901 1773 sapientiam

120 1797 248 1825 vaporem
270 1796 330 1816 esse
360 1795 413 1815 non
441 1786 533 1821 gloriae
561 1785 785 1819 Omnipotcntis,
814 1790 901 1819 neque

119 1843 230 1864 rteruze
246 1835 324 1867 lucis,
339 1841 391 1861 nec
405 1831 602 1867 iuoperationis
615 1831 716 1864 Patris,
734 1837 785 1858 nec
796 1829 901 1857 bonita-

121 1885 158 1912 tis
172 1884 250 1918 ejus;
269 1889 355 1916 neque
372 1881 443 1908 enim
459 1879 624 1906 conveniens
638 1883 696 1905 erat
709 1877 789 1904 alicui
804 1877 900 1904 horum

119 1930 222 1958 ascribi
248 1935 394 1963 vaporem;
419 1927 465 1953 sed
478 1933 538 1952 cum
563 1925 636 1952 omni
664 1924 828 1959 proprietate
845 1922 900 1958 (55)

954 921 1063 941 causam
1076 920 1159 946 quare
1176 913 1223 947 qui
1236 920 1296 940 eam
1311 912 1460 939 subsistere
1485 912 1550 939 fecit
1568 911 1658 942 Pater,
1673 917 1738 938 ante

953 961 1004 987 hoc
1017 967 1068 986 non
1082 958 1188 986 fecerit.
1204 958 1280 991 Quod
1302 959 1323 986 si
1339 958 1448 992 aliquod
1470 957 1553 984 semel
1566 958 1672 984 initium
1689 958 1736 984 de-

953 1007 1022 1033 derit
1035 1026 1042 1036 .
1059 1013 1112 1039 quo
1134 1005 1214 1031 initio
1228 1012 1310 1038 vapor
1328 1005 1378 1031 iste
1394 1012 1428 1031 ex
1444 1004 1489 1030 Dei
1506 1004 1609 1031 virtute
1627 1010 1734 1037 proces-

952 1051 1029 1082 serit,
1059 1051 1156 1076 iterum
1187 1049 1416 1083 interrogabimus
1439 1055 1523 1082 quare
1547 1055 1600 1075 non
1623 1053 1650 1075 et
1672 1054 1737 1075 ante

953 1097 1017 1124 illud
1033 1096 1103 1130 quod
1119 1095 1186 1122 dixit
1198 1094 1322 1126 initium;
1340 1098 1367 1120 et
1379 1094 1416 1120 ita
1431 1101 1537 1127 semper
1559 1093 1592 1120 de
1613 1094 1735 1121 anterio-

954 1142 1029 1169 ribus
1046 1142 1230 1176 inquirentes,
1245 1144 1272 1166 et
1293 1139 1376 1167 Verbo
1393 1139 1617 1173 interrogationis
1638 1146 1737 1167 ascen-

953 1188 1059 1219 dentes,
1070 1186 1260 1221 perveniemus
1275 1186 1301 1211 in
1314 1184 1389 1211 illum
1405 1184 1572 1211 intellectum
1588 1204 1595 1216 ,
1618 1189 1648 1211 ut
1668 1192 1738 1219 (μιον

913 1244 917 1250 ι
954 1233 1025 1260 niam
1040 1239 1147 1266 semper
1163 1235 1268 1266 poterat
1281 1230 1350 1256 Deus
1367 1235 1395 1256 et
1413 1230 1532 1262 volebat,
1544 1237 1682 1263 nunquam
1694 1229 1736 1256 vel

953 1275 1086 1306 decuerit,
1101 1274 1140 1301 vel
1154 1282 1234 1301 causa
1252 1273 1340 1307 aliqua
1355 1273 1488 1300 exsistere
1501 1274 1628 1307 potuerit,
1643 1277 1672 1300 Iit
1683 1281 1736 1300 nou

954 1322 1005 1348 hoc
1020 1321 1091 1355 quod
1105 1321 1203 1347 bomtm
1216 1319 1333 1352 volebat,
1349 1327 1454 1353 semper
1467 1319 1593 1346 habuerit
1608 1320 1677 1354 (58).
1689 1320 1729 1347 Ex

953 1375 1006 1401 quo
1020 1367 1172 1394 ostenditur
1188 1372 1297 1399 semper
1312 1364 1395 1391 fuisse
1410 1372 1537 1398 vaporem
1553 1365 1635 1391 istum
1649 1365 1738 1392 virtu-

953 1412 988 1439 tis
1004 1412 1049 1439 Dei
1065 1411 1168 1438 uullum
1183 1411 1326 1438 habentem
1343 1410 1451 1436 initium
1465 1410 1517 1436 nisi
1534 1410 1621 1444 ipsum
1641 1411 1736 1439 Deum.

953 1457 1046 1491 Neque
1057 1457 1170 1484 decebat
1194 1456 1266 1482 aliud
1282 1463 1342 1483 esse
1355 1456 1473 1489 initium,
1495 1455 1546 1482 nisi
1559 1456 1649 1490 ipsum
1665 1456 1738 1483 unde

954 1507 982 1530 et
1006 1508 1047 1530 est
1072 1507 1099 1530 et
1123 1503 1264 1534 nascitur,
1291 1502 1387 1529 Deum.
1406 1502 1562 1529 Secundum
1578 1501 1737 1536 Apostolum

955 1554 1019 1575 vero
1029 1547 1176 1577 dicentem,
1191 1546 1255 1581 quia
1268 1546 1393 1572 Christus
1409 1545 1455 1572 Dei
1474 1545 1558 1571 virtus
1570 1544 1645 1572 est“
1657 1565 1666 1577 ,
1681 1545 1736 1579 jam

955 1601 1009 1620 non
1024 1592 1112 1619 solum
1124 1599 1208 1626 vapor
1224 1591 1333 1617 virtutis
1348 1590 1406 1623 Dei,
1428 1591 1475 1617 sed
1490 1585 1576 1617 virtus
1592 1597 1622 1617 ex
1636 1589 1738 1617 virtute

955 1637 1070 1665 dicenda
1086 1642 1139 1665 est.

990 1707 1034 1734 10.
1050 1705 1194 1733 Videamus
1208 1705 1289 1732 etiam
1308 1705 1340 1732 de
1355 1710 1389 1732 eo
1402 1706 1474 1739 quod
1486 1704 1584 1731 dictum
1601 1709 1651 1738 est,
1668 1713 1738 1740 quo-

954 1754 1026 1781 niam
1039 1752 1095 1787 (59)
1112 1761 1121 1778 ε
1140 1753 1282 1787 aporrhtea
1297 1756 1338 1779 est
1353 1752 1497 1786 purissima
1509 1752 1601 1785 gloriae
1610 1751 1740 1786 Omnipo-

956 1801 1055 1832 tentis;
1079 1808 1088 1824 i
1105 1803 1133 1825 et
1157 1799 1231 1832 prius
1256 1797 1362 1830 quidem
1378 1797 1583 1824 consideremus
1612 1797 1677 1831 quid
1696 1802 1739 1824 est

956 1846 1041 1881 gloria
1056 1843 1249 1878 omnipotentis
1267 1842 1325 1874 Dei,
1343 1842 1440 1868 deinde
1452 1842 1535 1869 etiam
1548 1841 1612 1875 quid
1627 1842 1662 1868 sit
1677 1842 1737 1874 eius

955 1891 1099 1926 aporrboea
1126 1889 1288 1917 sentiemus.
1325 1887 1557 1920 Quemadmodum
1583 1891 1659 1921 pater
1684 1895 1737 1914 non

954 1940 1043 1971 potest
1058 1942 1119 1963 esse
1132 1934 1193 1969 quis
1209 1933 1230 1960 si
1247 1933 1317 1960 ﬁlius
1330 1940 1382 1959 non
1401 1933 1437 1959 sit
1460 1931 1527 1967 (Mi),
1548 1939 1636 1966 neque
1653 1931 1739 1959 domi-

155 2012 266 2040 “Joan.
279 2019 334 2045 xiv,
345 2011 373 2038 9.
389 2011 411 2026 ⁵⁸
421 2010 498 2037 Joan.
511 2017 538 2041 Σ,
549 2009 594 2036 30.
631 2009 654 2024 ⁵⁸
667 2008 732 2035 ibid.
745 2008 790 2036 58.
826 2008 848 2024 ⁸⁷
860 2009 899 2044 Sai

971 2018 985 2041 Ι,
997 2008 1044 2042 25,
1055 2007 1100 2035 26.
1138 2006 1162 2022 ⁸⁸
1173 2006 1255 2034 lCor.
1267 2012 1286 2037 t,
1299 2003 1344 2031 24.

157 2087 215 2121 (51)
238 2086 276 2112 lta
302 2092 365 2111 mss.
393 2083 478 2121 Alias,
498 2085 651 2115 «possunt,
683 2081 754 2108 hanc
777 2081 901 2109 videntes

121 2119 197 2151 illam
207 2119 312 2147 "vidisse
325 2119 506 2146 considerent.
524 2126 533 2142 ι

155 2157 214 2184 (52)
230 2155 396 2182 Coniuuraiio
408 2160 469 2178 sane
480 2153 511 2178 de
527 2151 634 2182 statuis,
646 2156 698 2177 etc.
713 2150 825 2176 Multum
841 2150 904 2178 Ilie-

120 2200 237 2218 rnnvmo
251 2189 388 2223 displicuit
402 2189 458 2214 haec
477 2187 642 2223 comparatio
654 2193 739 2223 quam
753 2185 823 2223 inter
834 2187 901 2223 ⁸ΟΠ·
916 2187 938 2214 D

121 2227 199 2263 genis
223 2219 478 2263 er‘ror'eshvitandos
500 2222 606 2254 reponit
618 2221 731 2260 epistola
744 2219 777 2245 ad
793 2221 898 2247 Avitum

122 2255 165 2290 iiis
182 2261 289 2288 verbis:
307 2269 316 2284 ε
339 2259 455 2285 Duarum
473 2261 623 2283 statuarum
640 2255 748 2287 majoris
759 2260 786 2281 ct
801 2263 899 2288 parvu-

122 2300 154 2324 be
171 2307 177 2324 :
196 2297 275 2322 unius
289 2301 348 2328 qua;
371 2290 646 2328 mundumimpleat,
668 2295 694 2316 et
712 2290 898 2328 magnitudine

120 2341 169 2359 sua
191 2325 391 2365 quodammodo
407 2326 552 2365 invisibilis
568 2325 619 2365 sit,
646 2329 673 2351 et
701 2325 812 2365 alterius
834 2333 894 2358 qua:

121 2369 174 2394 Sub
191 2359 284 2393 dculus
298 2363 387 2394 cadat,
402 2363 476 2395 ponit
489 2360 658 2394 exeiupluin;
674 2360 756 2393 priori
775 2359 894 2389 Patrem,

123 2400 263 2436 posteriori
278 2399 376 2436 Filium
391 2403 563 2430 comparans.
582 2395 693 2436 lnCl'lldtlt
710 2395 798 2428 itaque
814 2399 841 2420 et
858 2395 901 2420 iii-

124 2429 232 2472 iligesta
246 2436 270 2461 in
286 2429 510 2472 Graeconneeesse
524 2429 667 2472 esti-luerit
683 2430 739 2472 haec
760 2436 902 2472 compara-

125 2464 172 2504 ιίιῖξ
189 2471 234 2498 sed
246 2476 339 2504 postea
353 2467 481 2504 aliutino
490 2465 609 2504 emollita
620 2484 627 2497 ,
642 2464 716 2504 et__ad
736 2465 903 2504 commodio-

125 2499 182 2533 rem
199 2499 308 2532 sensum
321 2502 484 2537 quibusdam
500 2500 600 2537 additis
610 2519 616 2531 ,
629 2499 788 2537 quibusdam
811 2500 902 2537 detra-

123 2542 175 2568 ctis
197 2534 338 2566 revocata:
359 2537 425 2564 Vide
454 2535 605 2570 Origeuiun.
634 2535 681 2561 lib.
697 2542 737 2566 it,
763 2539 858 2568 quaest.
873 2534 902 2565 '2,

121 2584 196 2604 uutn.
210 2578 234 2602 ὅ.

156 2611 211 2646 (55)
224 2610 374 2646 Sicomncs
389 2613 456 2646 mss.
470 2605 552 2638 Alias,
569 2614 578 2630 ‹
591 2611 722 2643 apparens
737 2604 763 2646 in
775 2603 858 2646 terris
875 2602 901 2629 in

121 2639 233 2673 huinaiti
258 2643 492 2678 corporisﬁt‘ui‘ma
511 2648 542 2678 es
562 2647 676 2673 operum
699 2639 799 2665 virtute
823 2644 902 2672 atque

120 2676 366 2708 IimilitudiueVDui
382 2677 472 2703 Patris
488 2676 513 2702 in
530 2676 702 2704 immensam,
719 2683 728 2698 ι
743 2679 795 2699 etc.

155 2716 210 2751 (54)
230 2714 319 2748 Vapur
342 2719 378 2739 est
394 2712 515 2746 quidam.
532 2710 605 2736 Alias
618 2729 625 2741 ,
641 2718 651 2734 ί
670 2716 752 2742 vapor
776 2713 818 2735 est
845 2708 903 2741 qui-

121 2753 190 2778 dem.
210 2760 220 2776 ι

154 2785 210 2822 (δέ)
233 2784 279 2811 Sic
301 2791 369 2822 mss.
394 2782 477 2811 Alias,
506 2789 515 2805 ι
543 2779 658 2822 aliquem
683 2778 904 2822 bor'mu‘aseribi

120 2813 258 2856 vapui'iun,
277 2820 325 2845 sed
343 2825 397 2843 tum
414 2823 475 2842 cum
498 2816 672 2856 proprietate.
700 2824 709 2838 ι
734 2813 822 2856 Paulo,
846 2818 906 2846 post

120 2848 196 2889 ηιξ»,
212 2866 220 2881 ι
240 2848 293 2889 qua
311 2858 394 2886 \iget,
407 2859 458 2885 qua
472 2848 561 2876 omnia
574 2848 702 2880 visibilia,
723 2857 731 2873 ι
747 2854 799 2875 etc.
816 2849 843 2874 in
858 2856 905 2874 au-

283 2900 421 2931 PATROL.
445 2897 504 2927 Gtt.
530 2896 583 2925 Xl.

957 2085 999 2109 tea
1019 2080 1098 2108 editis
1117 2078 1201 2111 deest,
1221 2086 1230 2102 ι
1248 2083 1300 2111 qua
1323 2075 1435 2111 viget.)
1460 2072 1544 2111 Paulo
1572 2072 1642 2100 infra
1657 2080 1741 2111 mss,

961 2107 1087 2150 rqiiibus
1109 2107 1265 2150 velut'uni,‘
1286 2112 1322 2137 ita
1337 2107 1466 2150 omnibus
1495 2109 1582 2135 adest.
1613 2117 1624 2134 ι
1651 2107 1741 2139 Alias,

960 2160 970 2177 ι
988 2145 1169 2185 quibusvelut
1182 2148 1255 2185 u_nita
1270 2145 1396 2185 omnibus
1411 2145 1500 2185 adest.‘
1514 2154 1524 2169 ι

988 2177 1152 2221 (ξῖϐλγίγειω
1168 2182 1287 2221 efﬁcitur.
1299 2180 1365 2221 l’ost
1379 2181 1436 2221 haec
1447 2181 1528 2221 verba
1543 2178 1570 2204 in
1586 2181 1665 2221 antea
1683 2177 1742 2217 edi-

954 2213 997 2248 tis‘
1009 2213 1130 2248 additur,
1151 2226 1160 2241 ‹
1181 2213 1267 2243 virtus
1281 2215 1362 2241 altera
1379 2223 1385 2240 ε
1407 2215 1442 2240 ita
1455 2214 1555 2241 dictum
1568 2217 1609 2239 est
1622 2213 1693 2239 sicut
1713 2213 1740 2238 iu

952 2253 1099 2289 Evangelio
1115 2262 1122 2280 :
1138 2253 1206 2289 alius
1220 2250 1318 2289 estqui
1336 2248 1628 2289 testiinoniumde__me
1646 2248 1743 2289 r‘eddet

952 2281 1044 2317 Fater:
1059 2289 1092 2315 Et
1103 2289 1136 2314 de
1155 2287 1259 2320 Spiritu
1276 2281 1314 2311 :iit
1328 2294 1334 2311 :
1350 2284 1458 2320 Mittam
1467 2283 1542 2320 vobis
1553 2282 1635 2320 alium
1652 2281 1738 2320 Para—

953 2326 1062 2352 cletum.
1085 2332 1094 2348 ι
1109 2322 1162 2349 Sed
1177 2317 1234 2348 iure
1255 2320 1344 2346 omnia
1360 2327 1420 2346 cum
1444 2318 1533 2344 desint
1559 2317 1587 2343 in
1613 2317 1738 2344 omnibus

954 2368 1033 2389 mss.,
1051 2357 1197 2384 resecanda
1212 2364 1273 2382 esse
1287 2362 1302 2380 e
1316 2359 1389 2380 textu
1405 2352 1542 2379 duximus.

989 2393 1043 2430 (57)
1059 2394 1104 2420 Sic
1128 2399 1192 2418 mss.
1212 2390 1297 2422 Alias,
1321 2399 1330 2414 ‹
1353 2389 1423 2416 intra
1449 2395 1508 2419 ens,
1535 2393 1588 2413 non
1609 2390 1651 2413 est
1674 2390 1739 2413 ante

975 2430 1073 2455 nando.
1095 2437 1103 2453 ι
1749 2439 1750 2443 η

955 2438 1110 2500 ψιῖῗῖἕ)υὲίξι
1125 2467 1189 2487 mss.
1203 2459 1287 2500 Alias,
1304 2467 1313 2484 ι
1329 2458 1441 2484 verbum
1455 2455 1679 2500 interrogationis
1693 2462 1738 2481 as-

953 2491 1099 2526 cei‘ideutes
1115 2495 1288 2529 pervenimus
1358 2498 1387 2519 ut
1398 2491 1533 2529 quomodo
1562 2497 1671 2524 semper
1686 2498 1740 2529 po-

953 2525 1024 2560 terat
1039 2537 1066 2559 et
1078 2525 1196 2559 volebat.
1213 2536 1349 2563 nunquam
1363 2525 1508 2554 vcl’decuit
1577 2529 1671 2552 utnon
1686 2525 1740 2551 hoc

954 2568 1024 2603 quod
1036 2566 1160 2603 _volebat,
1173 2571 1279 2598 semper
1292 2563 1425 2603 habuerit.
1445 2570 1456 2587 ι

1001 2601 1046 2633 59)
1063 2603 1145 2631 Alias,
1162 2609 1171 2624 ε
1189 2598 1334 2633 quomodo.
1353 2607 1363 2623 ι

1001 2604 1035 2629 59
1063 2604 1145 2631 Alias,
1162 2609 1171 2624 ι
1189 2604 1334 2633 quomodo.
1353 2607 1363 2623 ι

990 2604 1046 2674 (40)
1061 2635 1288 2674 Quemadmodum
1301 2632 1383 2674 Pater
1394 2635 1540 2674 non-potest
1562 2630 1738 2674 “sequiqat

955 2666 1044 2699 Filiui
1057 2666 1113 2697 ἰῖονι
1130 2670 1174 2700 sit,
1192 2674 1245 2696 etc.
1259 2668 1308 2695 llic
1323 2667 1397 2694 locus
1412 2667 1453 2694 vel
1473 2668 1561 2700 potius
1577 2666 1645 2692 alter
1663 2670 1739 2692 certo

957 2708 1007 2742 ipsi
1023 2706 1172 2742 consimilis
1191 2705 1337 2742 reret-tigna
1354 2701 1589 2742 bletliodio_(‘iijus
1604 2705 1737 2742 excerpts

957 2734 1038 2769 liabet
1056 2741 1167 2767 Photius
1189 2740 1251 2765 cod.
1269 2737 1322 2763 255
1339 2747 1345 2764 :
1366 2738 1397 2763 Εἰ
1419 2737 1469 2762 οὐκ
1495 2736 1553 2762 ἔστι
1575 2734 1740 2771 δημιομργὺς

956 2778 1020 2804 ἄνευ
1043 2773 1300 2810 δημιουργημάῖων,
1317 2772 1465 2810 ἢμποιητὴς
1482 2770 1545 2810 Etst
1569 2770 1740 2810 watquttq‘i,

956 2812 1016 2838 οὐδὲ
1030 2805 1225 2844 παῧτοκράτῶρ
1238 2808 1301 2844 ἄνευ
1320 2805 1372 2832 τῶν
1388 2805 1593 2844 ’κρατουμένων
1619 2805 1671 2844 τὸνΔ
1687 2805 1740 2844 γᾴρ

957 2845 1119 2882 δημιουργὸν
1137 2839 1185 2870 ’διὰ
1195 2839 1224 2869 τὲ
1247 2839 1482 2878 δημιουργήματα,
1498 2839 1605 2874 ἀνάγκη
1630 2840 1677 2866 καὶ
1695 2839 1743 2866 τὸν

1563 2888 1584 2918 5
