1883 3072
142 148 191 177 Hi

835 148 935 177 LIBER
955 148 1093 179 PRIMUS.

1719 151 1769 179 “1'.

141 211 236 245 gioria:
249 211 400 245 purissima
416 219 476 239 esse
494 211 630 247 sapientia
643 219 702 246 qua
717 216 760 239 est
774 211 860 239 Filius
871 212 931 239 Dei.
947 214 971 242 Α
984 212 1012 239 in
1026 211 1092 247 ipsis
1108 215 1182 239 sunt.
1201 210 1306 240 Horum
1326 216 1419 240 autem
1440 215 1609 248 potentatnm
1631 211 1700 246 gerit
1720 218 1770 245 per

142 256 241 283 Audiat
258 257 305 292 qui
330 257 391 286 haec
405 258 441 284 ita
462 257 518 284 vult
542 258 686 292 suspicari,
718 257 788 292 qttod
817 258 932 286 manife-

143 302 264 330 stissime
295 301 438 337 Scriptura
451 304 608 337 pronuntiat
623 302 726 335 dicens,
740 303 802 337 quia
819 303 931 331 «Omnia

143 348 171 375 in
186 348 320 383 sapientia
336 349 425 376 fecisti
437 348 459 364 ⁸³
471 348 503 380 ς’»
513 354 542 375 et
557 356 605 382 per
620 348 794 383 Evangelium
807 349 930 382 docetur,

142 394 208 428 quia
233 403 242 420 ι
261 395 353 421 omnia
374 402 422 429 per
439 394 524 429 ipsum
555 394 627 421 facta
656 399 728 425 sunt,
744 400 772 421 et
793 395 853 421 sine
875 395 933 430 ipso

146 440 254 467 factum
275 445 317 468 est
331 441 397 468 nihil
411 441 448 472 ⁵ος
467 450 476 466 ι
491 445 519 467 et
537 441 665 474 intelligat
678 449 710 468 ex
722 441 783 474 hoc,
797 441 859 475 quia
880 449 933 469 non

148 491 240 520 potest
251 487 391 520 antiquior
405 495 465 514 esse
482 488 506 514 in
527 488 581 514 Deo
600 487 799 522 Omnipotentis
812 487 933 521 appella~

144 532 184 558 tio
198 539 283 566 quam
297 531 402 564 Patris;
418 541 466 568 per
481 532 580 560 Filium
601 534 673 560 enim
685 533 867 567 ,omnipoteus
889 537 932 561 est

142 577 237 605 Pater.
260 579 313 606 Sed
333 579 460 613 quoniam
479 579 595 614 gloriam
616 579 753 614 dixit(45)
770 587 829 606 esse
844 580 934 606 omni-

143 626 276 658 potentis,
288 626 364 660 cuius
377 625 469 658 gloria:
487 626 633 660 aporrbma
656 631 697 653 est
715 626 859 660 sapientia,
881 627 934 653 hoc

144 671 261 706 intelligi
279 673 368 703 datur,
380 672 451 705 quod
471 671 596 699 etiamin
620 673 824 707 omnipotentiae
848 673 934 706 gloria

143 717 305 744 societatem
328 718 427 744 haheat
447 718 593 752 sapientia,
612 724 660 751 per
689 725 769 752 quam
790 718 862 746 Deus
876 727 936 746 om-

144 763 274 798 nipotens
298 764 407 790 dicitur.
450 762 500 790 Per
530 762 687 796 sapientiam
713 764 784 791 enim
813 771 872 799 qua:
895 770 936 792 est

144 809 283 841 Christus,
300 815 373 836 tenet
389 809 461 836 Deus
475 808 598 835 onmium
626 812 806 842 potentatum,
823 817 874 837 non
889 817 936 837 so-

145 854 200 881 lum
218 854 384 882 dominantis
423 853 595 885 auctoritate.
619 861 712 881 verum
733 854 814 881 etiam
841 854 937 889 subje-

143 905 250 927 ctorum
263 905 414 935 spontaneo
428 901 570 928 famulatu.
581 900 614 930 Ut
625 906 715 929 autem
726 909 808 928 unam
821 907 848 928 et
861 908 936 929 eam-
952 890 973 917 Β

146 944 207 970 dem
221 946 442 980 umnipotenliam
457 946 548 974 Patris
566 954 598 975 ac
615 947 675 974 Filii
693 954 754 975 esse
770 954 932 982 cognoscas,

146 989 220 1016 sicut
249 997 319 1017 unus
332 995 413 1026 atque
428 992 497 1019 idem
512 997 555 1020 est
568 1000 628 1019 cum
649 992 728 1020 Patre
757 992 826 1020 Deus
840 998 868 1020 et
882 993 934 1020 Do-

147 1038 252 1070 minus,
277 1039 338 1066 audi
352 1040 402 1066 hoc
422 1041 500 1068 modo
512 1040 643 1068 Joannem
667 1041 694 1068 in
720 1041 878 1076 Apocalypsi
894 1042 935 1069 di-

146 1090 253 1111 centem
270 1093 279 1112 :
300 1095 308 1111 ι
329 1085 391 1113 ll;ec
406 1087 471 1114 dicit
488 1087 618 1128 Dominus
635 1088 705 1115 Deus
720 1088 765 1121 qui
782 1093 834 1120 est,
849 1092 877 1115 et
887 1089 933 1122 qui

147 1134 217 1162 erat,
233 1135 257 1156 et
275 1132 321 1165 qui
343 1137 526 1160 venturusest
538 1134 710 1168 omnipotens
721 1133 754 1160 “.
771 1142 780 1159 ι
797 1133 850 1166 Qui
862 1134 933 1161 enim

146 1180 280 1204 venturus
292 1182 334 1204 est
348 1177 416 1212 (46),
437 1179 498 1213 quis
509 1185 550 1206 est
562 1179 632 1207 alius
648 1179 702 1206 nisi
726 1179 873 1207 Christus?
900 1180 934 1207 Et

145 1222 220 1250 sicut
232 1232 313 1251 neruo
325 1225 406 1252 debet
418 1226 516 1253 oﬂ'endi
530 1233 590 1253 cum
609 1226 678 1253 Deus
696 1226 733 1253 sit
755 1225 848 1258 Pater,
861 1227 933 1260 quod

145 1269 231 1296 etiam
249 1270 375 1298 Salvator
391 1276 432 1298 cst
447 1272 535 1305 Deus;
557 1272 593 1298 ita
620 1277 648 1299 et
672 1280 732 1300 cum
760 1272 934 1307 omnipotens

147 1317 250 1344 dicitur
262 1318 345 1345 Pater
356 1318 426 1355 (47).
439 1319 520 1346 etiam
535 1319 624 1346 nullus
639 1319 720 1346 debet
732 1319 843 1352 oti‘eudi,
862 1320 933 1354 quod

147 1363 231 1390 etiam
255 1363 341 1392 Filius
365 1364 410 1391 Dei
429 1365 603 1398 omnipotens
629 1366 740 1393 dicitur.
767 1365 824 1393 Hoc
854 1366 934 1392 modo

148 1417 268 1444 inanique
280 1418 374 1437 vermn
391 1411 444 1438 erit
458 1411 521 1437 illud
535 1411 606 1446 quod
621 1411 677 1446 ipse
693 1411 759 1438 dicit
769 1412 801 1438 ad
813 1411 931 1444 Patrem,

152 1457 218 1490 quia
235 1457 346 1485 «Omnia
361 1465 421 1485 mea
440 1462 483 1484 tua
499 1463 562 1485 sunt
575 1463 602 1485 et
618 1465 660 1485 tua
675 1466 745 1491 mea,
758 1464 785 1486 et
799 1459 934 1494 glorifica-

149 1509 194 1530 tus
213 1511 273 1530 sum
285 1503 313 1530 in
332 1504 371 1531 eis
383 1503 418 1532 ".
440 1514 449 1530 ι
464 1504 492 1531 Si
507 1512 572 1532 vero
585 1505 675 1531 omnia
688 1513 747 1539 qum
757 1504 846 1532 Patris
859 1511 933 1537 sunt,

148 1548 250 1577 Christi
269 1554 341 1582 sunt,
361 1549 432 1577 inter
442 1551 533 1577 omnia
549 1558 615 1577 Vero
630 1558 689 1584 quae
705 1555 779 1581 sunt,
794 1551 872 1577 Pater
892 1558 934 1578 est

148 1596 230 1622 etiam
255 1596 436 1630 omnipotens,
464 1597 523 1623 sine
551 1597 635 1624 dubio
662 1597 743 1623 etiam
779 1597 936 1632 unigenitus

148 1641 236 1668 Filius
247 1642 326 1669 debet
339 1649 399 1669 esse
413 1643 596 1677 omnipotens,
609 1648 638 1669 ut
658 1642 749 1670 omnia
774 1650 835 1676 quae
856 1642 937 1670 habet

148 1687 244 1719 Pater,
264 1688 346 1714 etiam
360 1686 447 1714 Filius
470 1687 579 1714 habeat.
596 1697 605 1713 ι
625 1688 658 1715 Et
679 1688 845 1722 gloriticatus
864 1695 934 1717 sum,

148 1734 250 1769 inquit,
279 1734 305 1761 in
330 1734 379 1761 eis.
391 1733 421 1761 ln
447 1734 556 1761 nomine
581 1737 652 1761 enim
675 1733 738 1761 Jesu
765 1741 846 1761 omne
868 1740 936 1768 genu

147 1781 275 1807 tiectetur
288 1780 451 1810 caelestium.
466 1780 646 1812 terrestrium,
660 1784 688 1806 et
713 1779 892 1811 inferuerunt,
907 1785 935 1806 et

148 1826 241 1853 omnis
253 1825 343 1861 lingua
365 1826 551 1857 conﬁtebitur,
570 1825 633 1858 quia
656 1824 786 1852 Dominus
808 1825 887 1853 Jesus
910 1826 936 1852 in

149 1871 239 1906 gloria
252 1876 293 1898 est
311 1869 358 1898 Dei
383 1870 472 1898 Patris
489 1871 522 1897 ⁵³.
549 1879 559 1896 ι
577 1870 661 1906 Igitur
685 1872 828 1906 aporrhtea
844 1872 937 1907 gloriae

152 1917 200 1944 Dei
218 1917 366 1944 secundum
384 1916 435 1943 hoc
456 1916 528 1950 quod
549 1917 720 1951 omnipotens
741 1923 793 1949 est,
820 1926 886 1952 pura
907 1926 938 1946 ae

151 1963 265 1997 limpida
277 1963 334 1996 ipsa
350 1962 481 1997 sapientia
496 1967 547 1994 est,
570 1962 717 1996 gloriticata
734 1962 788 1999 (48)
811 1967 938 1998 tanquam

152 2009 303 2043 aporrbaea
315 2008 531 2043 omnipotentiae,
543 2008 585 2036 vel
602 2008 704 2044 gloriae.
721 2008 756 2036 Ut
779 2015 866 2037 autem
883 2018 938 2036 ma-

152 2054 289 2082 nifestius
301 2054 472 2088 intelligatur
488 2061 548 2088 qua:
562 2053 598 2081 sit
617 2054 701 2088 gloria
727 2055 937 2089 omnipotentiae,

149 2100 235 2127 etiam
249 2100 301 2127 hoc
314 2099 451 2126 addimus.
467 2099 538 2127 Deus
550 2097 631 2125 Pater
641 2099 696 2134 (49)
711 2100 879 2134 omnipotens
886 2106 938 2133 est,

149 2153 185 2172 eo
198 2145 270 2179 quod
286 2150 456 2180 potentatum
474 2145 595 2172 omnitun
621 2150 704 2177 tenet,
727 2146 752 2171 id
769 2150 820 2178 est,
836 2146 896 2172 colli
912 2151 939 2172 et

151 2196 244 2222 terrae,
261 2191 326 2218 solis
342 2196 369 2219 et
381 2191 451 2218 lunai
465 2196 491 2218 et
506 2191 658 2225 stellarum,
682 2192 856 2226 omniumque
879 2199 938 2226 qua:

186 2272 211 2288 "
222 2271 294 2299 Psal.
308 2280 366 2306 cm,
377 2272 424 2300 24.
461 2272 484 2288 ³ο
494 2271 573 2300 Joan.
585 2280 604 2306 ι,

691 2273 711 2288 ³¹
727 2273 808 2309 Apoc.
820 2282 838 2307 ι,
852 2275 879 2302 8.

926 2274 949 2289 ⁵³
960 2272 1039 2301 Joan.
1057 2279 1122 2303 xvii,
1135 2270 1179 2297 10.

984 257 1102 285 Verbum
1113 265 1203 291 suum,
1219 258 1347 293 quoniam
1365 259 1392 287 iu
1406 259 1516 286 nomine
1527 256 1590 285 Jesu
1606 265 1686 285 omne
1698 264 1769 292 gcnu

983 303 1106 331 ﬂectetur
1120 308 1147 331 et
1167 303 1329 336 catlestium,
1350 308 1377 332 et
1398 305 1580 338 terrestrium,
1597 309 1625 332 et
1646 304 1769 330 inferno—

983 357 1052 376 rum.
1081 349 1114 376 Et
1138 349 1161 377 si
1185 357 1264 377 omne
1279 356 1347 384 genu
1362 348 1480 377 ﬂectitur
1498 350 1573 381 Jesu,
1601 349 1661 376 sine
1687 348 1770 376 dubio

985 394 1066 423 Jesus
1078 400 1120 422 est
1136 395 1178 422 cui
1198 395 1319 429 subjecta
1334 401 1398 423 sunt
1419 396 1521 428 oninia,
1541 400 1569 423 et
1589 395 1648 430 ipse
1663 398 1702 422 est
1723 395 1769 429 qui

985 447 1153 477 potentatmn
1167 442 1223 476 agit
1242 442 1267 468 in
1283 443 1422 475 omnibus,
1435 447 1461 469 et
1476 450 1523 478 per
1541 450 1621 477 quem
1646 442 1768 476 subjecta

984 492 1048 515 sunt
1059 487 1134 514 Patri
1153 488 1243 515 omnia
1265 488 1332 524 (50);
1349 496 1397 523 per
1416 488 1576 523 sapientiam
1602 496 1729 523 namque,
1743 488 1768 514 id

985 536 1027 560 est
1043 533 1125 560 verbo
1141 538 1167 560 et
1183 533 1297 566 ratione,
1318 541 1369 560 non
1393 533 1418 560 vi
1435 541 1467 560 ac
1484 533 1655 565 necessitate,
1673 538 1770 560 cuncta

986 579 1107 614 subjecta
1119 584 1191 606 sunt.
1207 580 1239 606 Et
1251 579 1312 606 ideo
1329 579 1355 606 in
1374 587 1406 606 eo
1422 579 1480 614 ipso
1502 586 1556 613 quo
1584 579 1689 606 obtinet
1704 588 1771 618 'Olll-

986 626 1042 658 nia,
1052 625 1138 661 gloria
1155 633 1206 652 sua
1220 631 1280 658 est;
1295 630 1322 653 et
1338 626 1397 653 haec
1412 630 1454 652 est
1468 625 1667 659 omnipotentiae
1682 626 1771 660 puris-

986 672 1052 698 sima
1066 677 1092 698 et
1105 672 1290 705 limpidissima
1304 672 1399 707 gloria,
1417 679 1479 699 cum
1492 672 1596 698 ratione
1618 676 1645 698 et
1663 672 1772 706 sapien-

987 718 1034 748 tia,
1049 725 1101 744 non
1127 718 1153 744 vi
1178 726 1210 745 ac
1231 719 1402 750 necessitate,
1428 724 1526 745 cuncta
1550 717 1671 751 subjecta
1694 723 1769 744 sunt.

989 763 1139 790 l‘urissima
1164 772 1228 791 vero
1254 771 1286 791 ac
1311 764 1499 798 limpidissima
1516 764 1600 799 gloria
1618 765 1770 799 sapientiae,

986 812 1053 836 satis
1069 810 1264 837 convenienter
1277 811 1378 837 dictum
1391 815 1433 838 est
1446 811 1478 837 ad
1493 810 1697 838 distinctionem
1713 811 1772 845 ejus

987 856 1090 890 gloriae,
1109 863 1169 890 qua:
1183 863 1237 883 non
1253 863 1331 890 pure,
1354 863 1403 883 nec
1424 857 1532 883 sincere
1555 857 1641 892 gloria
1661 858 1770 886 dicitur.

989 903 1082 930 Omnis
1100 910 1163 931 vero
1179 907 1277 929 natura
1301 902 1357 938 (51)
1382 911 1440 937 qute
1470 904 1657 930 convertibilis
1680 909 1722 932 est
1745 909 1773 931 et

988 944 1189 975 commutabilis
1202 967 1210 980 ,
1230 948 1338 975 etiamsi
1356 947 1560 982 gloriticaturin
1580 949 1706 984 operibus
1727 950 1772 984 ju-

988 994 1068 1022 stitize
1088 995 1130 1022 vel
1142 995 1291 1029 sapientiae,
1304 1003 1352 1029 per
1364 995 1415 1022 boc
1428 995 1513 1030 ipsum
1531 1001 1620 1023 tamen
1638 998 1709 1030 quod
1723 1006 1771 1024 ac—

988 1043 1120 1068 cidentem
1133 1041 1214 1068 habet
1227 1041 1360 1075 justitiam
1385 1042 1429 1069 vel
1451 1043 1624 1076 sapientiam.
1645 1049 1673 1070 et
1699 1044 1771 1076 quod

989 1088 1040 1114 hoc
1063 1086 1134 1121 quod
1162 1086 1271 1118 accidit,
1298 1087 1382 1114 etiam
1404 1087 1531 1114 decidere
1553 1092 1661 1122 potest,
1685 1087 1769 1122 gloria

987 1133 1046 1168 ejus
1060 1134 1165 1161 sincera
1181 1140 1213 1160 ae
1238 1133 1426 1168 limpidissima
1444 1142 1506 1162 esse
1534 1142 1586 1162 non
1604 1140 1702 1168 potest.
1721 1134 1771 1162 Sa-

988 1182 1089 1216 pientia
1103 1188 1169 1208 vero
1192 1181 1240 1207 Dei
1258 1188 1318 1214 qua:
1341 1186 1383 1207 est
1409 1180 1566 1215 unigenitus
1588 1180 1674 1207 Filius
1698 1181 1770 1215 ejus,

987 1228 1115 1262 quoniam
1131 1229 1157 1254 in
1169 1227 1294 1254 omnibus
1320 1226 1537 1254 inconvertibilis
1556 1232 1596 1253 est
1622 1232 1649 1253 et
1665 1227 1770 1254 incom-

988 1274 1134 1307 mutabilis,
1155 1278 1182 1301 et
1205 1273 1388 1301 snbstantiale
1407 1273 1433 1300 in
1455 1280 1489 1300 eo
1503 1280 1583 1300 omne
1610 1273 1709 1300 bonum
1730 1279 1773 1300 est

987 1320 1059 1354 quod
1077 1320 1168 1354 utique
1192 1318 1292 1346 mutari
1316 1324 1398 1353 atque
1424 1319 1546 1346 converti
1572 1326 1709 1353 nunquam
1723 1327 1772 1353 po-

987 1370 1052 1398 test,
1079 1365 1180 1392 idcirco
1207 1372 1275 1400 pura
1298 1364 1357 1399 ejus
1383 1372 1415 1392 ac
1437 1365 1542 1392 sincera
1568 1365 1653 1400 gloria
1670 1365 1772 1399 praedi-

987 1417 1076 1440 catur.

1023 1458 1068 1485 ll.
1088 1457 1180 1485 Tertio
1205 1457 1304 1484 dicitur
1324 1457 1457 1492 sapientia
1486 1465 1547 1485 esse
1567 1457 1695 1492 splendor
1709 1457 1766 1494 (5‘2)

987 1505 1056 1532 lucis
1068 1510 1191 1537 attenta};
1206 1504 1284 1537 cujus
1301 1504 1341 1531 rei
1353 1505 1480 1531 virtutem
1496 1503 1552 1536 jam
1571 1504 1597 1530 in
1614 1505 1771 1538 praeceden-

988 1551 1058 1579 tibus
1071 1550 1125 1586 59
1140 1551 1324 1585 exposuimus,
1344 1558 1404 1577 cum
1428 1551 1493 1578 solis
1511 1550 1730 1584 similitudinem,
1743 1555 1772 1578 et

988 1597 1123 1624 radiorum
1140 1596 1198 1630 ejus
1210 1595 1380 1630 splendorem
1395 1595 1596 1623 introduximus
1617 1600 1644 1622 et
1665 1604 1714 1631 pro
1727 1596 1770 1622 vi-

988 1641 1063 1668 ribus
1074 1642 1173 1668 nostris
1187 1641 1354 1668 ostendimus
1379 1642 1513 1675 quomodo
1531 1642 1582 1668 hoc
1598 1642 1711 1669 deberet
1727 1641 1769 1668 in-

989 1688 1083 1722 telligi.
1107 1688 1246 1715 Addemus
1270 1692 1359 1714 tamen
1382 1688 1463 1714 etiam
1481 1688 1531 1715 hoc
1548 1696 1642 1716 unum.
1665 1689 1772 1722 Sempi-

989 1737 1094 1760 lernum
1114 1733 1157 1760 vel
1179 1740 1309 1761 aeternum
1325 1733 1432 1768 proprie
1449 1733 1549 1760 dicitur
1578 1734 1650 1768 quod
1679 1742 1770 1770 neque

988 1779 1093 1806 initium
1113 1784 1141 1806 ut
1159 1784 1230 1807 esset
1243 1780 1348 1811 habuit,
1361 1785 1449 1811 neque
1464 1786 1572 1805 cessare
1584 1787 1706 1814 unquam
1720 1787 1771 1813 po—

989 1830 1042 1853 test
1055 1833 1113 1853 esse
1123 1827 1194 1860 quod
1205 1832 1256 1853 est.
1269 1825 1327 1853 Hoc
1339 1832 1427 1853 autem
1441 1827 1597 1862 designatur
1609 1827 1678 1861 ame
1688 1826 1772 1853 Joan-

989 1880 1050 1899 nem
1065 1881 1126 1900 cum
1143 1873 1207 1900 dicit
1224 1873 1353 1907 quoniam
1370 1883 1379 1898 ι
1398 1873 1468 1900 Deus
1487 1873 1533 1900 lux
1548 1879 1590 1900 est
1603 1873 1636 1899 3‘.
1651 1883 1659 1898 ι
1675 1874 1772 1907 Splen-

989 1919 1038 1947 dor
1052 1923 1142 1946 autem
1159 1918 1226 1945 lucis
1236 1918 1294 1951 ejus
1311 1918 1444 1952 sapientia
1467 1926 1515 1945 sua
1529 1923 1581 1950 est,
1609 1926 1660 1944 non
1682 1918 1768 1945 solum

989 1964 1138 1992 secundum
1165 1964 1236 1999 quod
1263 1963 1307 1991 lux
1332 1969 1383 1996 est,
1407 1963 1453 1990 sed
1476 1969 1502 1991 et
1528 1964 1674 1991 secundant
1699 1965 1772 1999 quod

989 2011 1155 2046 sempiterna
1178 2010 1223 2038 lux
1241 2015 1292 2041 est,
1309 2010 1345 2038 ita
1371 2014 1400 2036 ut
1422 2015 1539 2036 aeternus
1562 2015 1589 2036 et
1612 2011 1772 2039 mternitatis

992 2056 1119 2092 splendor
1143 2055 1178 2082 sit
1194 2056 1326 2089 sapientia
1351 2063 1409 2082 sua.
1424 2055 1499 2088 Quod
1515 2056 1535 2081 si
1555 2055 1657 2089 integre
1672 2055 1772 2083 intelli-

991 2106 1080 2134 gatur,
1098 2099 1239 2126 manifeste
1252 2099 1381 2131 declarat,
1398 2100 1460 2133 quia
1474 2099 1647 2127 subsistentia
1663 2100 1723 2127 Filii
1736 2102 1770 2127 ab

991 2146 1051 2180 ipso
1065 2145 1147 2172 Patre
1159 2144 1308 2178 descendit,
1322 2146 1368 2171 sed
1386 2154 1437 2171 non
1459 2146 1654 2179 temporaliter,
1682 2153 1771 2180 neque

989 2191 1024 2218 ab
1037 2192 1089 2218 ullo
1104 2191 1155 2218 alio
1171 2191 1259 2224 initio,
1277 2191 1338 2223 nisi,
1356 2195 1385 2217 ut
1400 2191 1527 2224 diximus,
1546 2191 1579 2218 ab
1596 2191 1653 2225 ipso
1669 2191 1734 2219 Deo.

1218 2270 1240 2286 ⁵³
1255 2270 1323 2297 Phil.
1337 2278 1366 2303 ιι,
1383 2271 1424 2304 ιθ,
1441 2271 1481 2299 ιι.
1519 2271 1542 2286 ’⁵⁸
1555 2270 1563 2296 l
1575 2270 1650 2298 .loan.
1664 2279 1683 2304 1,
1696 2272 1723 2299 5.

188 2343 246 2379 (45)
259 2342 296 2368 ita
312 2351 377 2370 mss.
393 2342 478 2379 Alias,
498 2352 506 2368 (
528 2343 664 2376 quomodo
686 2343 798 2378 gloriam
822 2343 900 2370 dixit.
923 2354 932 2370 ι
950 2346 1032 2377 Dper
1049 2349 1124 2376 quem
1142 2340 1257 2379 subjecta
1276 2344 1339 2379 sunt
1363 2339 1439 2366 Patri
1462 2340 1559 2379 omnia.
1588 2341 1650 2368 llatc
1667 2341 1771 2379 ‘desunt

151 2379 237 2406 Paulo
255 2383 313 2412 post
333 2385 410 2409 tnss.,
429 2387 438 2403 ι
455 2378 480 2404 iu
494 2379 696 2412 omuipolentia:
715 2380 809 2413 gloria.
826 2387 835 2403 ι
851 2379 936 2409 Alias.

154 2425 164 2439 α
192 2414 218 2440 in
240 2414 438 2447 Omnipotentia
457 2414 558 2448 gloriae.
580 2422 589 2437 ι
606 2413 677 2440 Infra
693 2422 771 2445 ωδε..
792 2422 800 2438 ι
818 2415 938 2441 onmium

155 2453 336 2484 potentalutn.
359 2458 368 2474 ι
386 2449 472 2478 Alias.
490 2457 498 2473 ι
520 2449 775 2482 omnipotetttalum.
795 2458 804 2474 ι

187 2483 243 2519 (46)
263 2484 288 2510 In
306 2488 384 2510 antea
402 2484 481 2510 editis
499 2488 570 2517 past,
586 2491 595 2508 ι
612 2489 743 2510 venturus
762 2488 813 2513 est,
835 2492 845 2508 ι
865 2483 941 2510 addi-

153 2525 208 2548 tur.
236 2529 246 2544 ι
280 2520 472 2553 omnipotens,
501 2529 509 2543 ι
533 2526 594 2553 qua:
620 2526 671 2546 vox
699 2519 726 2546 iit
749 2527 814 2546 mss.
841 2519 940 2547 nostris

152 2557 224 2581 deest
229 2575 237 2582 .
473 2555 475 2558 ⁴

188 2589 244 2621 (47)
257 2589 361 2616 Dicitur
376 2587 470 2615 Pater.
486 2588 532 2615 Sic
555 2596 620 2616 mss.
643 2588 718 2616 Alias
741 2597 816 2619 vero,
833 2597 842 2613 ι
866 2588 935 2615 tiens

153 2624 243 2651 Pater.
262 2634 270 2649 ι
290 2625 359 2650 lul‘ra
373 2631 451 2653 mss"
468 2633 476 2649 ι
498 2624 568 2650 inter
589 2625 677 2651 omnia
696 2632 759 2651 vero
775 2632 837 2658 qum
861 2629 934 2654 sunt,

152 2659 234 2686 Pater
252 2665 295 2686 est
305 2660 386 2686 etiam
461 2664 488 2685 ιιι
499 2659 599 2685 omnia.
614 2668 624 2684 ι
640 2659 726 2693 Alias,
741 2668 749 2684 ι
767 2660 837 2686 inter
846 2661 937 2686 omnia

152 2703 210 2728 qua:
226 2700 290 2721 sunt
305 2695 404 2725 l'atris,
421 2700 462 2720 est
474 2694 556 2721 etiam
636 2699 663 2720 et
675 2695 776 2721 onmia.
795 2704 804 2719 ι

189 2730 245 2765 (48)
265 2730 310 2756 Sic
323 2738 389 2756 mss.
403 2730 488 2762 Alias,
505 2738 513 2754 ι
531 2730 586 2763 ipsa
608 2733 649 2759 est
667 2730 799 2764 sapientia
818 2729 864 2757 Dei
881 2730 938 2764 glo-

152 2765 224 2791 tilica
230 2771 267 2792 ta.
285 2774 295 2790 ι

186 2796 242 2835 (ιθ)
268 2799 342 2827 Deus
367 2798 458 2830 Pater,
475 2803 532 2835 etc.
557 2794 628 2827 Vide
657 2799 813 2834 Origeniun.
839 2799 886 2827 lib.
904 2807 935 2833 ιι,

152 2834 246 2869 quiest.
266 2836 293 2865 ‘l.
307 2842 383 2861 num.
404 2836 412 2860 l
425 2839 453 2861 et
467 2834 494 2861 2.

187 2870 244 2908 (50)
258 2869 294 2897 Et
306 2870 363 2906 ipse
374 2874 412 2896 est
425 2871 468 2905 qui
481 2875 642 2905 potentatum
657 2870 709 2906 agit
729 2871 755 2897 in
780 2869 898 2897 omnibus
914 2874 936 2896 et

993 2379 1019 2405 in
1034 2382 1112 2403 antea
1130 2377 1219 2407 editis,
1235 2376 1281 2402 sed
1312 2376 1336 2400 in
1363 2382 1426 2402 mss.
1447 2376 1570 2402 omnibus
1586 2376 1769 2410 reperiuntur.

1098 2411 1188 2438 Omnis
1205 2418 1262 2437 veru
1276 2415 1383 2448 natttra,
1404 2416 1456 2436 etc.
1477 2409 1553 2448 Hunc
1572 2409 1658 2437 locum
1677 2412 1721 2448 qui
1742 2413 1768 2438 in

995 2445 1170 2474 antea'edttis
1189 2445 1409 2478 corruptissimus
1422 2450 1473 2476 est,
1488 2445 1527 2471 sic
1545 2453 1639 2471 sanum
1656 2452 1683 2472 et
1699 2447 1769 2473 inte-

994 2490 1070 2516 grum
1095 2482 1237 2508 restituunt
1261 2488 1325 2507 mss.
1349 2480 1434 2513 Alias,
1454 2489 1463 2505 ι
1486 2480 1573 2516 omnis
1593 2487 1656 2507 \‘cro
1674 2485 1768 2508 natura

994 2515 1054 2551 qua:
1065 2516 1248 2544 convertibilis
1262 2520 1342 2542 estet
1356 2515 1554 2551 commutabilis
1576 2516 1657 2551 etiam
1676 2517 1696 2541 si
1712 2517 1770 2550 glo-

996 2549 1126 2585 riticatur,
1150 2552 1317 2585 gloriﬁcatur
1344 2551 1369 2576 in
1392 2550 1519 2585 operibus
1534 2549 1646 2583 iustitia:
1666 2549 1768 2578 velis..-

994 2588 1100 2621 pientiaa
1115 2594 1162 2619 per
1175 2586 1265 2613 Jesmn
1279 2585 1415 2612 Christum
1431 2586 1501 2619 quod
1525 2585 1692 2621 accidentem
1722 2586 1770 2612 ha-

991 2623 1036 2648 bet
1046 2622 1180 2655 justitiam
1194 2621 1234 2648 Vel
1247 2620 1417 2654 sapientiam,
1430 2625 1457 2646 et
1471 2620 1554 2655 quod
1566 2620 1671 2646 accidet
1686 2621 1769 2648 etiam

992 2653 1116 2684 decidere
1131 2661 1228 2691 potest.
1243 2655 1334 2684 Gloria
1353 2661 1442 2682 tamen
1461 2653 1519 2690 ejus
1535 2653 1641 2682 sincera
1657 2662 1689 2683 ac
1703 2655 1770 2683 tim-

991 2693 1128 2726 pidissima
1155 2692 1279 2719 decidere
1296 2695 1410 2724 potestn

1028 2727 1083 2762 (52)
1111 2727 1156 2754 Sic
1173 2735 1243 2762 juss.
1274 2725 1359 2756 Alias,
1379 2735 1389 2750 ι
1416 2726 1484 2752 Deus
1516 2725 1646 2760 sapientia
1678 2729 1720 2753 est
1743 2731 1771 2753 et

992 2763 1129 2796 splendor.
1148 2772 1156 2786 ι
1171 2761 1254 2788 Paulo
1269 2761 1339 2787 intra
1350 2767 1439 2797 _mss.,
1452 2769 1473 2797 _t_
1492 2769 1579 2797 neque
1597 2767 1707 2788 cessare
1723 2769 1774 2787 uu-

990 2795 1070 2832 quam
1097 2801 1183 2829 potest
1210 2803 1270 2824 esse
1285 2795 1356 2829 quod
1374 2801 1426 2822 est.
1452 2795 1508 2822 lloe
1536 2795 1627 2823 autem
1647 2797 1772 2832 designat

992 2830 1045 2859 tur.
1062 2842 1072 2858 ι
1089 2833 1173 2861 Alias,
1192 2841 1200 2856 ι
1222 2838 1308 2865 neque
1325 2838 1435 2858 cessare
1454 2839 1570 2866 unquam
1587 2836 1687 2865 potest.
1701 2830 1772 2865 Quid

991 2873 1080 2896 autem
1096 2869 1143 2895 hoc
1159 2868 1195 2894 sit
1209 2867 1374 2902 designatur.
1395 2874 1404 2890 ι
