1883 3072
141 143 190 171 H5
763 130 924 160 ORIGENIS

176 202 221 228 Η,
239 199 293 227 Sed
309 202 336 225 et
351 196 490 232 speculum
506 194 713 222 immaculatum
738 193 887 228 ἐνεργείας,
898 192 924 218 id

140 254 192 278 est,
220 243 417 280 inoperationis
446 241 492 268 Dei
522 248 583 268 esse
601 240 733 275 sapientia
756 240 922 266 nominatur.

139 293 211 326 Ergo
230 289 381 324 inoperatio
396 288 508 315 virtutis
526 287 572 314 Dei
586 286 643 321 (5'5)
659 293 718 320 quae
729 286 774 316 sit.
789 284 864 319 prius
881 284 925 310 in-

142 339 286 372 telligenda
302 341 354 368 est,
374 343 435 370 qua:
456 339 498 361 est
527 335 603 368 vigor
619 333 743 368 quidam,
759 336 788 358 nt
801 332 837 358 ita
849 331 926 357 dixe-

140 385 204 415 rim,
232 390 280 418 per
305 389 384 416 quem
411 381 570 414 inoperatur
600 378 690 409 Pater,
708 377 748 403 vel
763 384 824 403 cum
838 380 925 407 creat,

139 430 182 456 vel
200 437 262 456 cum
292 427 430 462 providet,
447 426 488 453 vel
505 433 567 452 cum
592 425 708 458 iudicat,
726 424 768 451 vel
783 431 843 450 cum
869 423 926 449 sin-

142 476 203 511 gula
220 483 335 510 quaeque
351 475 377 501 in
395 478 518 507 tempore
529 480 578 501 suo
589 472 709 506 disponit
721 476 803 506 atque
819 470 927 504 dispen-

141 527 195 549 sat.
209 522 289 548 Sicut
302 527 367 554 ergo
382 520 409 546 in
425 519 536 554 speculo
553 519 680 546 omnibus
696 518 814 544 molibus
827 516 926 550 quibus

142 568 165 593 is
179 567 225 601 qui
238 566 380 601 speculum
398 566 531 596 intuetur,
549 569 672 591 movetur
688 563 729 590 vel
749 563 814 598 agit,
831 562 925 588 iisdem

143 613 210 646 ipsis
226 613 308 639 etiam
331 619 362 639 ea
381 613 472 647 imago
488 619 549 647 qua:
566 618 615 645 per
636 610 775 644 speculmu
789 608 928 635 deforma-

144 664 197 690 tur,
217 658 322 685 actibus
342 663 369 685 et
405 658 523 686 motibus
546 661 733 685 commovetur
749 655 791 682 vel
813 655 879 689 agit,
899 654 925 679 in

143 705 217 734 nullo
235 713 346 740 prorsus
361 704 519 737 declinans;
540 704 577 730 ita
600 704 682 730 etiam
701 701 834 737 sapientia
849 701 880 728 de
898 707 927 727 se

143 752 201 779 vult
217 751 345 786 intelligi,
363 759 424 778 cum
449 750 589 786 speculum
617 748 820 776 immaculatum
838 751 928 781 pater-

143 805 185 825 πω
203 797 260 833 (54)
274 798 386 824 virtutis
403 796 654 831 inopcrationisqne
676 795 846 825 nominatur;
858 794 927 820 sicut

142 849 170 872 et
185 844 316 872 Dominus
330 842 409 870 Jesns
427 842 554 870 Christus
575 843 622 876 qui
646 847 688 869 est
714 840 847 876 sapientia
867 839 926 870 Dei.

142 893 176 918 de
197 898 227 918 se
246 891 305 925 ipso
330 890 499 925 pronuntiat,
523 890 627 921 dicens,
655 888 717 923 quia
748 887 850 922 tOpera
867 894 927 921 qua:

143 937 208 965 facit
223 937 315 969 Pater,
332 937 390 964 haec
406 936 489 964 etiam
505 935 591 963 Filius
611 935 676 962 facit
691 934 875 962 similiter”.i
895 933 927 961 Et

143 983 241 1011 iterum
261 983 336 1015 dicit,
354 983 483 1017 quoniam
506 991 516 1007 ί
530 989 582 1009 non
604 985 696 1016 potest
716 980 801 1007 Filius
813 987 828 1007 a
844 987 873 1007 se
887 979 928 1006 fa-

143 1036 206 1056 cere
231 1029 391 1064 quidquam.
410 1028 462 1055 nisi
487 1028 558 1062 quod
576 1027 676 1054 viderit
700 1026 809 1054 Patrem
824 1026 926 1053 facien-

144 1075 262 1102 tem'“.i
287 1074 420 1108 Quoniam
448 1081 513 1109 ergo
539 1075 564 1101 in
594 1073 666 1100 nullo
683 1081 794 1108 prorsus
818 1073 927 1100 Filiusa

144 1121 225 1148 Patre
247 1122 348 1148 virtute
374 1127 488 1154 operum
512 1121 671 1146 immutalur
696 1127 729 1146 ac
753 1118 853 1151 dili‘ert,
879 1126 929 1145 nec

144 1166 218 1192 aliud
235 1170 278 1193 est
301 1173 368 1201 opus
393 1165 454 1192 Filii
477 1172 558 1198 quam
575 1165 675 1195 Patris,
690 1166 737 1192 sed
764 1172 834 1192 unus
847 1169 929 1199 atque

146 1212 229 1244 idem,
249 1215 279 1238 ut
306 1211 343 1238 ita
359 1211 460 1242 dicam,
475 1211 559 1237 ctiam
577 1216 666 1238 motus
686 1211 713 1238 in
731 1211 856 1237 omnibus
876 1215 928 1241 est,

148 1257 252 1284 idcirco
266 1258 406 1292 speculum
421 1264 482 1283 cum
508 1257 711 1284 immaculatum
726 1256 886 1286 nominavit.
900 1261 927 1282 ut

145 1311 194 1338 per
208 1304 259 1331 hoc
283 1303 354 1330 nulla
375 1304 486 1330 omnino
506 1303 699 1331 dissimilitudo
715 1302 776 1329 Filii
793 1302 929 1336 intelliga-

146 1354 189 1376 tur
202 1350 235 1376 ad
242 1348 365 1377 Patrem.
374 1349 409 1376 Ea
422 1357 487 1376 sane
495 1357 555 1384 qua:
566 1350 713 1376 secundum
725 1348 930 1376 similitudinem

146 1396 188 1423 vel
207 1395 388 1423 imitationem
411 1395 536 1430 discipuli
556 1396 588 1421 ad
605 1395 763 1428 magistrum
783 1402 798 1421 a
817 1394 931 1428 quibus-

147 1445 208 1470 dam
221 1443 293 1470 dicta
310 1448 383 1473 sunt.
399 1443 506 1477 etquod
523 1443 549 1468 in
567 1442 682 1468 materia
708 1441 843 1476 corporali
870 1449 902 1467 ea
915 1448 929 1467 a

146 1489 216 1516 Filio
234 1490 310 1520 ﬁant,
331 1496 392 1524 qua:
415 1497 429 1515 ιι
445 1488 527 1516 Patre
542 1488 567 1514 in
586 1487 747 1514 substantiis
764 1487 931 1521 spiritalibus

147 1536 224 1570 prius
249 1534 351 1562 iuerint
375 1534 525 1563 deformata
540 1533 609 1569 (55),
631 1536 776 1566 convenire
796 1534 930 1567 quomodo
945 1551 965 1578 ο

147 1585 273 1615 possunt,
299 1588 360 1607 cum
384 1580 409 1606 in
433 1580 583 1613 Evangelia
602 1579 688 1607 Filius
707 1580 813 1607 dicatur
828 1586 880 1606 non
896 1578 931 1605 si-

149 1625 222 1652 milia
239 1625 339 1657 l‘accre,
356 1625 403 1652 sed
419 1625 513 1651 eadem
527 1625 672 1651 similiter?

184 1671 228 1698 15.
246 1671 375 1705 Superest
388 1670 452 1705 quid
468 1670 503 1698 sit
516 1671 607 1706 imago
627 1671 756 1698 bonitatis
771 1671 829 1705 ejus
841 1671 932 1704 inqui-

148 1725 209 1745 rere
229 1727 235 1744 :
254 1718 279 1744 in
296 1725 350 1751 quo
371 1717 476 1749 eadem,
501 1721 530 1743 ιιι
557 1717 666 1750 opinor.
680 1717 792 1752 intelligi
808 1719 934 1745 convenit

147 1771 208 1799 qua!
222 1764 348 1798 superius
368 1763 402 1790 de
418 1763 535 1798 imagine
548 1770 580 1790 ea
602 1771 661 1797 qur
677 1771 725 1798 per
735 1764 872 1798 speculum
890 1765 934 1791 de-

148 1811 292 1842 formatur,
307 1809 503 1844 expressimus.

148 1857 204 1892 (56)
223 1855 316 1897 [ρῦςωι
336 1855 424 1897 τοςιῖγ
450 1853 528 1894 ἡγοῦ-

336 1864 528 1904 ψᾞξξς
562 1865 724 1900 Principalis
754 1873 870 1900 namque
885 1864 934 1892 bo-

148 1901 198 1927 μαι
213 1898 261 1927 καῖ
275 1899 321 1927 ara.
336 1899 383 1927 seu
399 1898 525 1927 ὲῳτηρος

939 130 1018 156 ΠΕΡΙ
1036 127 1150 155 ΛΡΧΩΝ

940 195 959 222 Α
976 188 1069 215 ἁπλῶς
1092 187 1202 221 ἁγαθός.
1227 185 1281 222 Κᾳὶ
1302 184 1353 222 «iis:

977 233 1029 250 πεο
1042 219 1122 249 εἰκώιῶ
1139 223 1196 248 ἐστι
1216 221 1263 246 τοῦ
1284 219 1351 245 Θεοῦ

975 252 1022 285 τοῦ
1046 257 1160 295 ἀοράςου
1173 277 1192 295 ,_
1201 257 1268 295 Δδεξιὶᾲ
1282 255 1352 295 κιτᾲ

976 295 1054 321 τθῦτο
1075 290 1151 324 θεὸς,
1168 291 1225 318 ἀλλ’
1242 291 1273 317 οὐ
1289 290 1352 324 περὶ

976 327 1007 356 οὗ
1021 329 1093 362 λέγει.
1107 327 1186 358 αὐτὸς
1196 328 1210 353 ὁ
1221 325 1347 362 Χριστός·

980 375 988 390 ι
1004 361 1061 390 "luat
1084 361 1236 397 γινώσκωσὶ
1263 369 1291 386 σε
1306 361 1352 386 τὸν

979 399 1058 435 μόνον
1089 396 1212 435 ἆλῃοινρν
1232 396 1325 435 ΔΘεόιι·
1341 405 1348 419 ι

976 431 1062 466 iam;
1080 431 1161 460 εἰκὼν
1175 431 1350 466 ἀγαοὸτητος,

977 470 1034 496 ἀλλ’
1049 469 1098 504 οὐχ
1121 468 1158 500 ὡς
1171 468 1185 493 ὁ
1197 467 1296 504 illast?
1318 466 1350 504 ᾁέ

979 500 1176 540 παραλλᾶκτως
1190 500 1301 536 ἁγαοόζ.
1323 500 1352 526 l.l

978 557 1018 579 est
1033 551 1093 578 :lta
1109 551 1189 578 etiam
1216 556 1306 576 censeo
1322 548 1354 574 de

979 596 1227 630 Salvatorepulchre
1234 594 1289 620 dici
1296 602 1352 628 pos-

978 652 1014 675 se,
1027 651 1081 669 esse
1091 641 1196 676 quidem
1213 640 1288 666 illum
1305 638 1352 665 Dei

978 689 1102 716 bonitatis
1126 687 1279 721 imaginem,
1300 693 1353 711 non

979 739 1065 761 aittent
1089 734 1229 760 bonitatem
1251 732 1355 765 ipsum;

980 783 1092 817 fortasse
1132 780 1211 807 etiam
1253 777 1354 804 Filium

979 831 1086 859 bonum,
1101 827 1146 855 sed
1164 835 1216 854 non
1227 825 1355 860 simplici-

942 879 963 906 B
977 884 1016 905 ter
1024 877 1130 903 bonum.
1143 875 1174 901 Et
1185 874 1352 910 quemadmo-

978 925 1040 950 dum
1069 922 1115 948 Dei
1145 919 1284 948 invisibilis
1313 924 1350 944 est

978 969 1087 1003 imago,
1140 972 1162 994 et
1216 968 1354 999 propterea

978 1015 1059 1046 Deus,
1086 1021 1139 1039 non
1163 1017 1249 1038 tamen
1275 1010 1297 1036 is
1323 1008 1354 1034 de

977 1071 1029 1098 quo
1060 1061 1181 1088 Christus
1207 1059 1263 1092 ipse
1290 1057 1353 1098 uiti:

982 1118 991 1135 ‹
1005 1108 1038 1135 Ut
1052 1111 1208 1142 cognoscant
1230 1110 1254 1130 te
1269 1094 1352 1130 solum

980 1163 1068 1182 vernm
1083 1155 1183 1184 Deum;
1198 1161 1207 1176 ι
1227 1153 1263 1177 ita
1277 1150 1350 1177 batti-

980 1201 1041 1227 tatis
1061 1200 1163 1233 imago,
1187 1205 1239 1223 non
1265 1201 1351 1222 tamen

981 1253 1007 1273 ut
1025 1246 1115 1277 Pater,
1128 1245 1184 1271 sine
1199 1244 1253 1270 ulla
1275 1242 1353 1276 diffe-

1715 118 1765 146 1H

1390 183 1453 210 tatis
1482 181 1541 216 ejus
1569 178 1767 208 convenienter

1388 229 1480 265 imago
1492 229 1608 255 dicetur.
1616 225 1676 253 Non
1692 225 1766 252 enim

1388 277 1441 304 alia
1468 274 1557 309 aliqua
1582 271 1703 300 secunda
1722 271 1769 298 bos

1388 324 1459 350 nitas
1496 319 1604 348 exsistit
1631 319 1658 346 in
1695 317 1767 345 Filio

1388 375 1559 406 praeteream
1587 374 1648 402 qum
1673 370 1717 394 est
1739 365 1767 393 in

1389 418 1470 445 Patre
1483 415 1550 451 (57).
1568 414 1646 442 Unde
1673 417 1701 440 et
1724 420 1761 440 re

1390 470 1434 492 cle
1474 465 1532 498 ipse
1577 461 1705 489 Salvator
1739 459 1767 487 in

1389 511 1537 546 Evangelio
1556 509 1622 548 dicit
1634 507 1768 542 quoniam

1393 567 1402 584 α
1418 564 1496 584 nemo
1515 557 1602 583 bonus
1622 555 1675 581 nisi
1694 560 1768 580 unus

1391 605 1461 631 Dcns
1485 603 1566 630 Pater
1576 601 1654 633 “"3;
1670 609 1679 626 ι
1711 605 1766 634 quo

1388 650 1494 678 scilicet
1519 656 1570 683 per
1591 648 1643 674 hoc
1664 644 1768 673 intelli-

1392 702 1472 732 gatur
1483 696 1568 723 Filius
1581 702 1635 722 non
1644 700 1708 721 esse
1725 691 1769 719 al-

1393 743 1478 770 terius
1495 732 1642 773 bonitatis;
1666 738 1715 766 sed
1733 737 1768 764 il-

1391 791 1446 817 lius
1461 789 1546 817 solius
1565 795 1624 822 quae
1647 787 1674 813 in
1685 784 1768 813 Patre

1390 841 1448 868 est;
1471 835 1548 869 cujus
1578 839 1652 860 recte
1678 832 1768 865 imago

1388 883 1553 919 appellatur,
1582 882 1645 916 quia
1677 885 1768 913 neque

1390 931 1497 958 aliunde
1519 935 1573 961 est,
1590 927 1643 955 nisi
1659 935 1691 954 ex
1709 926 1767 961 ipsa

1391 976 1534 1013 principali
1562 973 1704 1005 bonitate;
1734 979 1768 998 ne

1391 1027 1477 1053 altera
1495 1024 1605 1052 bonitas
1625 1029 1708 1056 quam
1736 1026 1768 1046 ea

1390 1080 1450 1108 qum
1466 1072 1491 1099 in
1505 1071 1586 1097 Patre
1603 1073 1655 1102 est,
1672 1068 1769 1095 videa-

1391 1121 1472 1147 lnrin
1492 1118 1570 1146 Filio.
1598 1117 1694 1150 Neque
1718 1114 1770 1141 ali-

1389 1176 1441 1202 qua
1480 1163 1677 1194 dissimilitudo
1721 1165 1769 1188 aut

1388 1214 1518 1243 distantia
1561 1210 1694 1240 bonitatis
1739 1208 1768 1235 in

147 1924 238 1958 ὀιαλῶς
247 1926 280 1953 ἂν
294 1924 475 1960 λεχθήσεσθαι
484 1925 524 1960 ὅτι

147 1962 230 1988 εἰκὼν
266 1959 433 1995 aquilicia-.0;
479 1959 525 1986 τοῦ

148 1997 215 2023 Θεοῦ
230 1997 313 2027 ἐστιν,
327 1996 383 2022 ἀλλ’
399 1996 448 2021 οὐκ
462 1995 528 2020 αὐτὸ

148 2031 263 2065 ἀγαθόν·
297 2031 343 2058 καὶ
378 2031 448 2065 τάχα,
480 2030 527 2056 καὶ

150 2067 212 2098 Υἱὸς
227 2067 339 2100 ἀγαθὸς,
356 2065 412 2092 ἀλλ’
426 2065 474 2100 οὐχ
488 2065 525 2096 ὡς

562 1912 633 1938 nitas
646 1912 705 1938 sine
721 1911 813 1943 dubio,
825 1920 858 1938 cx
883 1920 934 1946 qua

563 1957 651 1985 Filius
678 1963 775 1990 natus;
805 1959 850 1993 qui
888 1955 939 1993 per

564 2007 656 2033 omnia
682 2006 771 2040 imago
781 2010 824 2032 est
835 2006 936 2038 Patris,

563 2052 656 2087 procul
669 2052 750 2079 dubio
763 2052 846 2078 etiam
860 2052 937 2078 boni-

183 2114 207 2130 ⁸³
220 2113 298 2141 Joan.
311 2114 394 2146 v,19.
433 2113 455 2127 δε
472 2112 535 2138 ibid.

981 1292 1065 1317 rentia
1078 1288 1183 1324 bonus]

984 1336 1052 1363 Filio
1070 1340 1122 1361 est.
1136 1323 1250 1368 Propter
1276 1331 1347 1366 quod
1370 1338 1423 1358 non
1450 1328 1530 1355 debet
1545 1326 1621 1353 velut
1638 1323 1769 1358 blasphe-

983 1382 1044 1409 mia:
1068 1380 1177 1415 aliquod
1203 1386 1288 1415 genus
1304 1376 1392 1412 putari
1407 1376 1433 1402 in
1450 1382 1482 1401 eo
1497 1373 1569 1408 quod
1585 1372 1688 1398 dictum
1705 1374 1767 1396 est:

985 1427 1091 1454 cNemo
1117 1425 1203 1452 bonus
1224 1423 1280 1458 (58)
1299 1422 1349 1449 nisi
1377 1428 1447 1447 unus
1473 1419 1542 1445 Deus
1572 1417 1675 1448 Pater;
1699 1424 1709 1441 ι
1740 1419 1770 1441 ut

983 1477 1126 1507 propterea
1147 1475 1267 1505 putetur,
1292 1468 1334 1495 vel
1357 1467 1494 1496 Christus,
1513 1464 1554 1491 vel
1567 1462 1687 1498 Spiritus
1702 1469 1770 1488 san-

982 1525 1042 1546 elus
1059 1517 1154 1551 negari
1181 1516 1252 1547 quod
1282 1515 1369 1541 bonus
1384 1513 1436 1544 sit;
1454 1511 1499 1538 sed
1515 1515 1543 1537 ut
1558 1509 1685 1543 superius
1699 1507 1771 1534 dixi-

985 1571 1058 1595 mus,
1077 1561 1237 1596 principalis
1257 1560 1365 1587 bonitas
1391 1558 1416 1584 in
1437 1557 1491 1584 Deo
1505 1554 1644 1582 sentiendo
1658 1557 1702 1579 est
1718 1552 1771 1578 1³³-

985 1616 1025 1637 tre
1044 1617 1077 1636 ex
1093 1615 1148 1643 quo
1165 1607 1204 1633 vel
1223 1606 1306 1633 Filius
1331 1608 1422 1636 natus,
1437 1603 1481 1640 vel
1507 1600 1629 1636 Spiritus
1655 1603 1771 1626 sanctus

983 1655 1147 1690 procedens,
1165 1653 1222 1680 sine
1236 1651 1317 1678 dubio
1332 1648 1462 1677 bonitatis
1478 1647 1536 1680 ejus
1550 1650 1678 1672 naturam
1695 1643 1722 1670 iu
1737 1650 1768 1669 se

984 1700 1066 1728 refert
1084 1698 1152 1735 (ὅθ),
1168 1705 1228 1733 quae
1242 1702 1283 1724 est
1296 1697 1322 1723 in
1350 1703 1382 1722 eo
1401 1695 1475 1721 fonte
1499 1694 1532 1719 de
1554 1699 1610 1726 quo
1627 1690 1668 1717 vel
1689 1694 1771 1716 natus

985 1752 1028 1774 est
1045 1746 1142 1778 Filius,
1158 1744 1201 1771 vel
1218 1742 1341 1778 procedit
1355 1741 1472 1776 Spiritus
1492 1742 1614 1766 sanctus.
1629 1735 1690 1763 Jam
1703 1742 1771 1762 vero

987 1794 1010 1821 si
1024 1800 1077 1828 qua
1094 1791 1146 1818 alia
1165 1791 1234 1818 bona
1250 1790 1276 1815 in
1294 1787 1446 1822 Scripturis
1470 1785 1609 1815 dicuntur,
1626 1782 1668 1809 vel
1686 1788 1772 1817 ange-

986 1838 1038 1870 lus,
1056 1837 1098 1864 vel
1114 1837 1205 1867 bomo,
1221 1835 1261 1861 vel
1280 1841 1387 1864 servus,
1403 1831 1446 1858 vel
1472 1831 1631 1862 thesaurus,
1653 1828 1697 1855 vel
1723 1836 1773 1855 cor

983 1885 1095 1916 bonum,
1117 1882 1158 1909 vel
1183 1882 1265 1908 arbor
1291 1881 1372 1911 bona,
1395 1879 1453 1905 hzec
1472 1877 1563 1904 omnia
1586 1875 1641 1910 60
1659 1874 1772 1901 abusive

983 1930 1121 1960 dicuntur,
1150 1927 1318 1954 accidenlcm
1330 1931 1349 1956 ,t-
1365 1931 1417 1950 non
1447 1921 1655 1950 substantialem
1684 1920 1712 1946 in
1742 1926 1772 1946 se

985 1974 1155 2003 continentia
1171 1972 1331 1999 bonitatem.
1346 1969 1457 1996 Multum
1473 1973 1565 1995 autem
1584 1971 1638 1999 est,
1660 1970 1688 1993 et
1702 1965 1773 1992 alte-

985 2022 1042 2048 rius
1058 2019 1099 2046 vel
1116 2019 1208 2054 operis
1236 2017 1278 2044 vel
1307 2016 1448 2051 temporis,
1479 2021 1651 2048 congregare
1673 2018 1772 2038 omnes

986 2065 1047 2092 Filii
1073 2064 1121 2091 Dei
1145 2062 1340 2098 appellationes
1357 2070 1363 2088 :
1379 2061 1454 2088 verbi
1469 2067 1562 2092 causa,
1575 2058 1713 2093 quomodo
1729 2056 1773 2084 vel

575 2111 634 2126 57-“
651 2110 731 2136 Marc.
746 2109 836 2142 x,18;
853 2108 916 2137 Luc.
929 2118 1005 2143 va,
1018 2111 1060 2138 l9.

186 2159 243 2197 (55)
261 2160 316 2197 γοκ
339 2169 348 2184 ι
376 2159 423 2197 ρει
454 2168 463 2184 ι
482 2159 556 2197 deest
568 2158 685 2197 iurantea
701 2157 790 2186 editis.
817 2157 865 2183 scd
890 2165 933 2197 re-
949 2162 971 2188 1)
988 2159 1046 2197 loco
1063 2157 1209 2197 Origenem
1226 2157 1350 2197 queritur
1371 2156 1549 2190 Hieronymus
1561 2154 1588 2180 in
1601 2153 1717 2194 epistola
1734 2153 1768 2193 ad

151 2191 253 2230 perittir
266 2195 293 2221 in
309 2194 434 2230 omnibus
451 2201 516 2230 mss.
535 2192 617 2230 Paulo
642 2192 710 2230 intra
731 2199 826 2230 oinnes
847 2191 927 2218 codd.

152 2226 228 2262 inss.,
248 2239 257 2255 ι
270 2229 398 2257 omnibus
423 2228 540 2255 motibus
562 2227 659 2262 quibus
679 2226 706 2262 is,
727 2226 772 2262 qui
789 2226 928 2262 speculum

152 2261 283 2296 intuetur,
298 2269 423 2290 movetur
446 2268 474 2288 et
497 2262 563 2296 agit,
590 2261 683 2287 iisdem
702 2261 767 2296 ipsis
789 2261 872 2286 etiam
899 2269 931 2288 ea

152 2302 299 2334 imago...,..
316 2303 501 2334 commovetur
516 2295 557 2323 vel
579 2297 644 2334 agit.
657 2304 665 2320 ι
684 2295 795 2334 A_l_ias,_t
805 2297 932 2334 omnibus

153 2330 279 2362 motibus
291 2339 371 2367 atque
393 2333 520 2359 omnibus
542 2331 648 2367 actibus
667 2330 800 2367 quibusis
813 2330 858 2364 qui
871 2339 933 2365 spc—

152 2370 242 2396 cnlum
265 2365 395 2400 intuetur,
414 2372 537 2394 movetur
566 2365 607 2392 vel
632 2365 730 2399 agitur.
753 2365 795 2392 his
817 2370 845 2392 ct
867 2366 932 2400 ipsis

151 2405 232 2432 etiam
247 2412 278 2430 ea
294 2405 429 2437 imago....
440 2405 626 2429 comtimvctur
638 2399 678 2426 vel
689 2401 791 2437 agitur.
805 2409 814 2425 ι

189 2439 244 2475 (54)
263 2439 308 2466 Sic
321 2435 387 2475 mas.
398 2437 488 2475 VAliﬂas,
509 2441 645 2475 maternae.
659 2444 668 2460 ι
687 2435 770 2462 Paulo
785 2440 844 2469 post
856 2443 931 2475 niss.,

155 2484 164 2500 ί
176 2471 258 2509 opera
273 2481 331 2507 qua:
353 2472 418 2499 facit
441 2471 655 2509 Pater._i_Alias,
673 2479 681 2495 ι
694 2478 774 2509 opera
787 2478 850 2509 qum
870 2471 933 2498 fecit

153 2504 242 2537 l’aier.
256 2518 265 2535 ι
278 2504 380 2536 ibidem
395 2515 474 2537 mss.,
491 2515 499 2532 ο
514 2506 564 2532 nisi
586 2504 657 2540 quod
679 2505 775 2532 viderit
786 2505 905 2533 Patrem.
921 2515 930 2532 ι

152 2545 239 2575 Alias,
256 2553 266 2569 ε
279 2544 329 2570 nisi
347 2543 448 2569 viderit
464 2542 583 2567 Patrem.
597 2549 606 2566 ι

189 2578 305 2615 (55)]ιίι
319 2586 388 2615 mss._
400 2577 485 2615 Alias,
504 2585 512 2601 ι
525 2580 553 2602 et
566 2583 633 2615 sane
648 2582 706 2615 qna:
722 2577 869 2614 secundum
896 2576 934 2603 si-

154 2610 336 2640 militudinem
347 2612 390 2640 vel
403 2612 552 2638 unitionem
567 2610 749 2644 discipuli.....
770 2611 846 2645 prius
866 2611 935 2638 liunt

152 2649 314 2675 deformata.
325 2657 334 2673 ι

189 2683 246 2720 (56)
265 2684 346 2710 Οὕτω
368 2682 472 2720 τρίγυν
491 2681 630 2720 ήγρ-ῦμαι,
646 2679 934 2720 et_c._Ev_bis_verbis,

153 2715 226 2746 inter
237 2715 323 2745 unoos
341 2717 445 2751 pnsitis,
460 2715 520 2751 quat
532 2718 626 2743 Graece
639 2715 749 2742 exhibet
760 2715 934 2742 .lustiuianus

154 2754 187 2780 ad
203 2753 304 2779 calcem
320 2753 441 2786 epistola:
455 2753 487 2779 ad
509 2752 625 2783 Menam,
643 2755 670 2778 et
689 2752 815 2786 qua-hoc
831 2751 890 2777 loco
909 2752 934 2777 in

155 2792 230 2815 textu
252 2785 346 2814 Grzeco
372 2788 510 2815 exstitisse
531 2787 726 2816 existimamus.
753 2785 837 2820 liquet
854 2793 935 2819 quam

153 2823 231 2862 Ωιιιίυ
247 2823 283 2862 sit
298 2822 358 2862 ιιιιαὶ
377 2823 487 2862 ltuiintrs
516 2823 561 2862 qui
578 2821 747 2862 ea'omiserit
761 2827 788 2847 et
805 2820 856 2860 alia
872 2821 936 2862 sub-

155 2857 283 2886 stituerit.
303 2858 382 2886 Certe
411 2860 444 2886 de
470 2858 591 2886 bonitate
615 2856 676 2884 Filii
708 2856 858 2883 detraxisse
885 2856 936 2882 hoc

986 2188 1142 2220 Avitumfr
1162 2188 1244 2218 Deum
1269 2191 1376 2218 Patrem
1410 2188 1641 2223 omnipotentem,
1671 2188 1772 2222 inquit.

983 2228 1097 2263 appellat
1112 2228 1212 2254 bonum
1227 2261 1233 2263 _
1244 2232 1270 2253 et
1300 2226 1425 2260 perfectae
1439 2225 1583 2263 bonitatis;
1601 2224 1700 2263 Filium
1718 2231 1772 2263 non

983 2259 1042 2290 esse
1060 2264 1174 2295 bonum,
1188 2261 1234 2288 sed
1249 2259 1341 2287 auram
1355 2261 1499 2295 quamdam
1514 2264 1540 2285 et
1554 2259 1702 2295 imaginem
1721 2259 1772 2285 bo-

983 2299 1089 2330 nitatis,
1118 2301 1147 2324 ut
1179 2304 1231 2324 non
1254 2297 1362 2323 dicatur
1385 2294 1769 2330 absoluteﬂbouus,sedcum

983 2328 1177 2363 additamento,
1193 2337 1284 2366 pastor
1296 2334 1392 2362 bonus,
1404 2335 1484 2366 Leto.
1500 2329 1566 2355 Vide
1591 2328 1771 2362 Origeniano-

984 2376 1042 2395 rum
1055 2368 1101 2394 lib.
1113 2375 1144 2399 ll,
1157 2364 1254 2402 quiest.
1271 2367 1298 2398 ‘2,
1315 2373 1388 2391 num.

1020 2403 1075 2437 (5'1)
1095 2397 1142 2429 Sic»
1161 2397 1239 2437 iusst
1253 2401 1340 2432 Abas,
1356 2408 1366 2437 ι
1380 2399 1486 2437 exsistit
1509 2397 1536 2424 in
1555 2397 1654 2437 Filium
1671 2402 1773 2437 prmter

984 2433 1043 2466 eam
1059 2433 1119 2472 quae
1131 2442 1173 2465 est
1190 2445 1205 2463 a
1229 2436 1319 2472 Patre.
1332 2434 1428 2472 [infra
1457 2440 1536 2472 mss.,_
1552 2441 1561 2457 ι
1575 2440 1608 2459 ne
1622 2433 1775 2472 a'lteranbo-

984 2473 1056 2500 nitas
1068 2467 1154 2506 'qnam
1170 2479 1201 2498 ea
1216 2479 1275 2506 qua;
1293 2471 1317 2496 in
1325 2470 1412 2506 Patre
1425 2473 1477 2500 est,
1494 2468 1620 2506 videatur
1636 2468 1663 2494 in
1674 2467 1770 2506 Filio.)

985 2502 1102 2539 Aliasﬁ
1118 2515 1151 2533 ne
1169 2502 1252 2532 altera
1269 2505 1376 2531 bonitas
1391 2511 1472 2538 quam
1495 2503 1522 2528 in
1540 2502 1632 2534 Patre,
1652 2509 1715 2529 esse
1732 2503 1774 2528 vi-

984 2543 1081 2569 deatur
1096 2542 1122 2567 in
1139 2541 1217 2568 Filio.
1232 2550 1241 2566 ι

1021 2577 1078 2611 (58)
1097 2575 1179 2602 Nemo
1203 2577 1297 2611 bonus,
1321 2578 1374 2601 etc.
1393 2573 1460 2600 Vide
1477 2577 1533 2599 not.
1551 2573 1577 2598 in
1601 2571 1717 2598 Exhort.
1739 2571 1773 2598 ad

994 2610 1116 2646 though,
1138 2619 1210 2637 ιιιιιιι.
1229 2610 1255 2646 7.

1023 2641 1078 2682 (59)
1093 2641 1139 2672 Sic
1152 2652 1217 2682 mss.
1227 2645 1311 2682 Alias,
1323 2652 1332 2668 ι
1347 2643 1495 2682 retinenti
1505 2642 1606 2682 Ibidem
1625 2649 1691 2667 mss.
1711 2651 1720 2667 ι
1731 2641 1775 2668 vel

987 2677 1123 2708 natus'est
1147 2680 1243 2711 Filius,
1265 2679 1305 2705 vcl
1331 2677 1452 2711 procedit
1479 2677 1596 2710 Spiritus
1620 2682 1745 2703 sanctus.
1763 2686 1772 2702 ι

986 2717 1062 2743 Alias
1073 2737 1081 2750 ,
1096 2715 1155 2742 «vel
1168 2719 1246 2741 natus
1261 2719 1303 2740 est
1319 2712 1413 2742 Filius,
1427 2712 1469 2750 vel
1480 2713 1632 2750 procedens
1651 2711 1776 2745 Spiritus

987 2746 1123 2779 sanctus.)
1140 2750 1221 2776 Paulo
1233 2753 1292 2784 post
1307 2755 1384 2776 mss..
1401 2756 1409 2784 ι
1422 2747 1461 2773 vel
1480 2746 1631 2784 homo,_vel
1646 2753 1775 2773 servus.»

988 2787 1015 2813 In
1032 2791 1110 2812 antea
1135 2785 1215 2812 editis
1234 2780 1326 2814 'deest,
1345 2790 1354 2806 ι
1368 2781 1408 2807 vel
1422 2789 1526 2808 servus.
1539 2791 1548 2806 ι
1573 2780 1676 2806 Ibidem
1695 2789 1777 2813 ωδε..

991 2831 1000 2845 ι
1012 2821 1178 2848 accidentem
1191 2839 1198 2850 ,
1226 2826 1279 2845 non
1306 2816 1521 2843 substantialem.
1534 2825 1543 2842 ι
1571 2815 1658 2848 Alias,
1673 2824 1684 2841 ι
1701 2816 1776 2844 acci-

989 2855 1132 2889 dentalem,
1148 2862 1200 2881 non
1219 2851 1458 2881 subsistentialcui.
1471 2859 1481 2875 ι
