1883 3072
135 94 186 123 147

748 94 909 124 ORIGE‘NIS
925 98 1004 123 ΠΕΡΙ
1022 97 1137 124 ΑΡΧΩΝ

1705 100 1757 128 “3

129 160 174 182 tur
190 155 257 192 (63).
273 155 340 183 Nam
360 157 393 184 de
407 156 461 183 Dco
483 156 593 190 quidem
619 155 700 184 Patre
713 157 838 191 quamvis
854 145 915 192 qui-
930 160 953 188 Α
968 157 1057 184 libello
1069 157 1115 192 qui
1130 156 1250 184 Pastori:
1262 157 1362 185 dicitur
1376 157 1463 192 angeli
1478 158 1654 192 preuitenti:r,
1672 165 1756 193 quem

130 204 192 227 dem
214 203 335 237 proloqui
354 209 432 229 nemo
446 202 544 235 valeat.
563 207 653 230 tamen
670 202 800 237 possibile
813 209 855 230 est
869 203 912 229 in-

132 247 268 275 lclleclttnt
299 249 417 283 aliquem
442 249 502 283 capi
528 256 562 276 ex
595 249 740 276 occasione
766 248 913 276 visibilium

131 298 318 320 creaturarum
338 298 366 320 et
380 300 413 320 ex
431 293 474 320 his
489 301 549 329 qum
568 294 686 321 humana
706 302 784 321 mens
799 299 915 321 natura-

130 338 193 365 liter
212 339 309 372 sentit;
333 339 445 372 insttper
470 340 555 367 etiam
583 341 616 368 de
643 340 794 374 Scripturis
814 340 915 368 sanctis

129 384 287 411 confirmari
304 385 433 419 possibile
444 390 493 412 cst.
514 385 602 412 Sedet
614 385 647 413 de
661 385 730 413 Filio
746 385 805 418 Dei,
820 393 916 420 quam-

131 431 172 456 vis
184 438 264 457 nemo
278 431 384 458 noverit
402 431 500 458 Filium
519 431 570 459 nisi
586 431 677 464 Pater,
696 436 785 459 tamen
800 439 832 459 ex
847 432 915 459 divi-

130 476 172 501 nis
187 474 338 510 Sc'riptnris
354 477 435 504 etiam
450 478 482 504 de
495 477 554 512 ipso
567 478 684 512 qualiter
697 478 794 505 sentiri
807 479 914 512 debeat,

130 529 206 549 meus
234 521 352 549 humana
378 522 524 555 formatur,
551 528 578 551 et
602 531 656 551 non
680 524 769 552 solum
782 533 817 553 ex
829 525 914 558 Novo,

133 566 180 592 sed
205 567 286 593 etiam
315 575 348 594 ex
376 567 467 595 Veteri
493 567 680 602 Testamento,
695 577 744 604 per
766 577 799 597 ea
826 577 916 605 quaea

130 612 236 638 sanctis
259 618 335 647 gesta
359 613 392 640 ad
419 610 559 642 Christum
577 614 728 650 figuraliter
745 616 914 650 referuntur,

134 666 168 684 ex
185 658 284 692 quibus
296 659 403 686 adverti
414 660 456 687 vel
469 660 560 687 divina
572 660 630 694 eius
639 666 747 694 natura,
763 662 805 690 vel
817 663 914 690 huma-

133 713 166 731 ιιι
183 713 242 740 qua:
256 706 290 732 ab
306 714 340 733 eo
353 711 492 741 assumpta
506 713 559 740 est,
575 713 676 743 potest.

164 750 192 777 2.
211 750 248 778 De
262 750 364 786 Spiritu
391 759 456 779 vero
473 757 571 779 sancto
596 753 668 787 quod
684 754 732 786 sit,
749 754 841 782 multa:
866 763 916 783 nos

132 796 284 831 Scriptura:
311 797 474 830 docuerunt,
488 799 559 826 sicut
577 799 660 827 David
678 800 705 827 in
720 809 735 828 ι,
748 800 852 833 psalmo
876 802 918 828 di-

968 202 1082 231 Hermas
1106 203 1163 237 (68)
1184 204 1364 238 conscripsit,
1395 203 1432 230 ita
1464 202 1605 230 refertur:
1626 213 1635 229 ι
1657 203 1754 232 Primo

968 249 1087 276 omnium
1115 250 1207 281 crede,
1232 250 1296 284 quia
1316 257 1387 277 unus
1416 254 1458 276 est
1484 250 1559 276 Deus
1589 250 1636 284 qui
1661 251 1756 276 omnia

968 295 1071 322 creavit
1081 300 1161 330 atque
1171 296 1338 330 composuit;
1356 295 1412 330 qui,
1423 302 1484 322 cum
1497 295 1564 322 nihil
1581 299 1653 322 esset
1668 295 1755 330 prius,

968 347 1029 367 esse
1047 341 1112 368 fecit
1128 342 1236 374 omnia;
1251 341 1296 376 qui
1309 346 1351 368 est
1365 341 1454 368 omnia
1470 341 1591 374 capiens,
1610 341 1671 376 ipse
1690 348 1756 367 vero

969 392 983 411 a
993 385 1228 420 nemine‘capitur.
1242 395 1252 412 ι
1262 385 1314 413 Sed
1327 391 1355 412 et
1370 386 1396 412 in
1415 385 1506 412 Euoch
1518 385 1588 413 libro
1601 385 1645 413 bis
1655 386 1756 413 similia

970 429 1172 457 descributttur.
1188 431 1382 458 Verumtamen
1401 439 1486 466 usque
1508 432 1540 458 ad
1558 439 1680 466 praesens
1693 431 1756 458 nul-

968 474 1025 501 lunt
1048 482 1201 503 sermonem
1223 476 1250 503 in
1267 476 1378 511 scriptis
1400 476 1503 503 sanctis
1524 476 1647 502 invenire
1664 476 1757 509 potui-

969 528 1029 548 mus
1044 528 1094 556 pcr
1112 530 1193 556 quem
1221 522 1339 556 Spiritus
1362 522 1599 556 sanctusjactura
1625 530 1687 550 esse
1712 521 1757 549 vel

972 572 1100 595 creatura
1118 569 1266 600 diceretur,
1283 575 1316 595 ne
1328 575 1360 595 eo
1369 568 1479 602 quidem
1496 568 1576 595 modo
1592 575 1646 602 quo
1663 570 1697 594 de
1709 575 1755 595 sa-

969 613 1071 648 pientia
1091 614 1194 641 referre
1215 613 1387 641 Salomonem
1414 622 1496 647 supra
1518 614 1688 645 edocuimus,
1713 613 1757 641 vel

970 668 1030 695 qua:
1043 659 1078 686 de
1098 659 1158 686 Vita
1174 659 1242 694 (69),
1256 660 1297 687 vel
1313 659 1412 691 Verbo,
1433 659 1547 693 aliisque
1563 659 1757 694 appellationi-

969 706 1020 733 bus
1033 705 1093 732 Filii
1114 705 1160 732 Dei
1173 705 1347 741 intelligenda
1357 712 1418 732 esse
1429 705 1617 732 tractavimus.
1635 704 1758 739 Spiritus

972 751 1055 786 igitur
1067 751 1113 778 Dei
1125 751 1171 786 qui
1186 759 1266 786 super
1282 759 1368 786 aquas
1388 751 1527 778 ferebatur
1547 751 1582 783 ⁸⁵,
1601 751 1672 778 sicut
1687 751 1758 777 scri-

971 801 1044 831 ptum
1062 800 1104 823 est
1127 796 1153 822 iu
1176 795 1311 831 principio
1337 796 1450 822 facturae
1473 795 1583 828 mundi,
1602 799 1667 830 puto
1684 795 1758 829 quod

129 845 190 871 cit:
204 843 250 869 tEt
260 843 392 877 Spiritum
404 849 529 871 sanctum
542 850 616 871 tuum
627 845 775 874 neauferas
787 854 803 874 a
813 855 856 875 me
865 848 912 875 ".3

1008 850 1021 868 ιι
1036 842 1069 868 sit
1082 841 1150 868 alius
1163 849 1242 876 qttam
1253 840 1373 881 Spiritus
1387 845 1510 872 sanctus,
1524 840 1673 868 secundum
1683 840 1757 874 quod

130 889 165 916 Et
191 889 216 915 iu
235 888 347 916 Daniele
369 889 470 916 dicitur
485 899 492 917 :
508 899 518 916 ε
530 889 648 924 Spiritus
665 897 778 920 sanctus
805 893 851 928 qui
875 899 918 922 est

131 936 158 961 in
176 934 267 961 te".t
298 934 325 961 lu
353 933 430 962 Novo
460 942 526 962 vero
557 935 731 963 Testamento
750 937 916 965 abundanti-

133 982 184 1007 bus
198 980 253 1016 (lii)
272 980 435 1008 testimoniis
447 981 605 1014 edocemur,
621 989 684 1009 cum
707 982 827 1017 Spiritus
852 992 918 1011 san-

132 1032 193 1053 ctus
219 1033 302 1061 super
323 1026 463 1054 Christum
489 1028 662 1056 descendisse
689 1029 861 1063 describitur,
890 1036 917 1057 et

131 1080 194 1099 cum
221 1072 278 1107 ipse
295 1072 425 1100 Dominus
438 1073 584 1101 insulllavit
597 1074 623 1102 in
647 1076 786 1109 apostolos
800 1081 862 1109 post
876 1084 918 1104 re-

131 1119 338 1151 surrectionem,
354 1119 467 1147 dicens:
483 1129 493 1146 ‹
507 1120 630 1154 Accipite
646 1121 776 1156 Spiritum
788 1122 840 1157 61
853 1130 917 1150 sau-

131 1163 249 1189 ctum“.
264 1172 273 1188 ›
295 1163 328 1189 Εῑ
343 1164 376 1191 ad
391 1163 505 1191 Mariam
520 1165 554 1192 ab
567 1166 665 1200 angelo
680 1167 781 1194 dicitur
798 1175 805 1193 ε
825 1178 838 1191 ι’
850 1167 914 1201 Spi-

133 1208 202 1235 ritus
221 1215 333 1236 sanctus
355 1210 529 1244 superveniet
556 1211 583 1239 in
611 1212 703 1239 te".s
733 1211 832 1240 Paulus
854 1220 918 1240 vero

132 1256 209 1288 dicit,
239 1256 324 1291 «quia
355 1265 434 1284 uetuo
458 1262 548 1292 potest
575 1259 669 1286 dicere
698 1259 841 1286 Dominum
873 1260 919 1287 Je-

132 1310 192 1328 sutu
209 1301 264 1338 (65)
279 1302 330 1330 nisi
348 1302 374 1329 itt
393 1302 496 1338 Spiritu
515 1309 610 1331 saneto
619 1304 654 1331 ⁸³.
671 1314 680 1330 ι
700 1305 733 1331 Ει
756 1306 783 1332 in
805 1306 918 1333 Actibus

134 1348 318 1381 apostolorum
342 1356 392 1383 per
419 1349 621 1384 impositionem
638 1358 766 1377 manuum
787 1351 918 1385 apostoli-

133 1402 228 1422 carum
244 1394 362 1428 Spiritus
381 1400 491 1422 sanctus
507 1395 620 1423 dabatur
635 1396 662 1423 in
686 1397 864 1431 baptismo“.
880 1397 917 1425 Ex

133 1440 234 1474 quibus
252 1441 378 1468 omnibus
391 1441 538 1468 didicimus
552 1441 608 1478 (66)
625 1447 706 1470 tanta
728 1451 789 1470 esse
802 1444 920 1471 auctori-

135 1486 198 1512 tatis
211 1491 239 1512 et
254 1486 395 1520 dignitatis
424 1487 604 1514 substantiam
631 1487 751 1522 Spiritus
768 1489 868 1521 sancti,
888 1494 918 1517 ut

133 1532 263 1559 salutaris
276 1532 427 1566 buptismtts
445 1540 496 1559 non
513 1533 592 1560 aliter
606 1533 658 1560 nisi
678 1534 918 1562 excellentissima:
934 1524 954 1552 C

134 1579 256 1604 omnium
282 1577 425 1606 Trinitatis
451 1579 628 1611 auctoritate,
645 1579 671 1606 id
695 1585 747 1612 est,
776 1580 876 1613 Putris,
891 1585 920 1608 et

134 1624 207 1657 Filii,
224 1629 251 1651 et
268 1624 387 1659 Spiritus
415 1626 502 1652 sancti
519 1626 759 1660 eognominatione
782 1628 921 1662 complea-

134 1675 189 1704 tur,
205 1676 232 1698 et
246 1671 367 1706 ingenito
391 1672 445 1700 Deo
458 1672 544 1706 Patri,
559 1677 585 1700 et
606 1673 748 1708 unigenito
773 1673 833 1707 ejus
850 1673 920 1701 Filio

135 1724 234 1744 nomen
251 1725 359 1752 quoque
371 1717 490 1751 Spiritus
506 1718 594 1746 sancti
608 1718 760 1752 copuletur.
773 1718 840 1752 Quis
855 1727 919 1754 ergo

134 1771 188 1791 non
202 1765 375 1799 Obstupescat
392 1770 493 1799 quanta
508 1764 635 1799 maiestas
658 1765 695 1792 sit
713 1765 831 1800 Spiritus
857 1773 921 1793 san-

135 1811 183 1842 cti,
199 1818 260 1838 cum
276 1818 337 1837 eum
353 1811 398 1845 qui
418 1811 518 1838 dixerit
544 1813 657 1840 verbum
681 1812 707 1839 iu
721 1812 818 1839 Filium
832 1813 920 1839 homi-

135 1857 188 1887 nis,
208 1858 301 1884 audiat
317 1865 429 1892 sperare
443 1858 549 1885 veniatn
565 1866 657 1893 posse,
671 1866 733 1886 eum
748 1867 814 1886 vero
830 1859 877 1894 qui
893 1860 920 1886 in

135 1903 268 1936 Spiritum
281 1907 405 1930 sanctum
423 1903 666 1938 blasphemaverit,
681 1904 788 1931 veniam
801 1912 853 1932 non
870 1905 919 1931 ba-

134 1948 200 1976 berc
214 1957 301 1984 neque
318 1949 343 1976 in
360 1949 487 1984 przesenti
500 1949 611 1983 saeculo,
627 1957 715 1985 neque
728 1951 753 1977 iu
770 1950 873 1977 futuro?

173 1995 201 2023 5.
225 1995 302 2028 Quod
326 2000 418 2023 autem
444 2004 459 2022 a
475 1995 530 2024 Deo
548 1995 676 2024 universa
688 2002 778 2024 creata
793 1997 857 2028 sint,
872 2004 922 2023 nec

134 2042 171 2070 sit
184 2043 238 2070 ulla
254 2048 380 2070 creatura
396 2050 457 2078 quae
469 2051 520 2070 non
541 2043 575 2070 ab
588 2051 622 2071 eo
637 2044 687 2070 hoc
702 2043 790 2078 ipsum
806 2047 835 2070 ut
846 2049 922 2071 esset

136 2089 284 2122 acceperit,
301 2096 334 2115 ex
351 2090 444 2116 multis
457 2090 607 2124 Scriptura:
630 2090 830 2117 assertionibus
848 2097 921 2117 cout-

137 2136 283 2168 probatur,
300 2135 450 2170 repudiatis
465 2141 547 2170 atque
560 2137 679 2172 depulsis
694 2138 736 2164 ltis
754 2145 814 2172 qua:
827 2145 842 2164 a
860 2137 921 2172 qui-

967 898 1016 924 ego
1029 889 1179 922 intelligere
1192 896 1313 922 possum,
1328 889 1399 916 sicut
1409 894 1437 916 et
1455 897 1518 916 cum
1536 889 1596 924 ipsa
1619 889 1679 916 loca
1705 897 1757 916 ex-

968 942 1129 970 poncrcmus
1147 934 1215 969 (70),
1233 935 1420 966 ostendimus,
1448 942 1502 961 non
1533 939 1624 962 tamen
1655 942 1760 961 secun-

967 983 1030 1008 dum
1045 981 1198 1013 historiam,
1212 981 1258 1008 sed
1275 982 1424 1008 secundum
1442 981 1653 1017 intelligentiam
1674 980 1759 1016 spiri-

969 1027 1062 1054 talem.

1002 1073 1028 1100 4.
1048 1073 1161 1106 Quidam
1181 1079 1246 1101 sane
1254 1080 1287 1100 ex
1297 1073 1508 1108 praecessoribus
1521 1073 1622 1100 nostris
1636 1073 1662 1099 in
1678 1072 1760 1099 Novo

967 1119 1141 1147 Testamento
1155 1120 1346 1151 observarunt,
1371 1119 1442 1153 qttod
1457 1119 1543 1146 sicubi
1559 1118 1678 1153 Spiritus
1704 1125 1755 1145 no—

968 1166 1088 1192 minatur
1112 1166 1170 1192 sine
1184 1165 1334 1199 adjectione
1348 1173 1379 1193 ea
1389 1173 1449 1200 quae
1471 1165 1591 1199 assignel
1606 1164 1696 1199 qualis
1720 1164 1758 1191 sit

967 1213 1089 1246 spiritus,
1103 1213 1136 1239 de
1155 1217 1248 1238 sancto
1263 1211 1364 1246 Spiritu
1384 1212 1464 1239 debet
1478 1211 1604 1246 intelligi,
1621 1216 1652 1238 ut
1663 1215 1728 1245 puta
1744 1219 1752 1237 :

971 1267 980 1282 ε
997 1257 1112 1284 Fructus
1129 1262 1218 1284 autem
1235 1256 1353 1292 Spiritus
1364 1262 1406 1284 est
1430 1257 1563 1289 cbaritas,
1591 1256 1718 1291 gaudium
1731 1257 1761 1282 et

969 1310 1019 1337 pax
1036 1302 1069 1335 “6,
1089 1313 1099 1328 ›
1112 1307 1165 1330 etc.
1180 1302 1245 1330 Item
1263 1308 1292 1330 et
1309 1303 1345 1330 ibi
1360 1312 1367 1329 :
1385 1312 1394 1329 ι
1413 1302 1480 1330 Cum
1498 1303 1638 1337 cmperitis
1647 1302 1758 1336 spiritu,

969 1355 1042 1374 nunc
1057 1355 1142 1375 carne
1153 1347 1315 1381 perlicimini
1326 1347 1360 1374 ⁸⁷.
1379 1357 1389 1373 ι
1412 1347 1466 1374 Nos
1480 1355 1545 1374 vero
1557 1348 1640 1374 etiam
1659 1348 1686 1374 in
1709 1346 1760 1373 Vc-

971 1394 1020 1421 teri
1037 1393 1212 1421 Testamento
1227 1398 1355 1428 putamus
1366 1394 1566 1421 distinctionem
1576 1393 1655 1419 istam
1670 1400 1752 1427 posse

970 1440 1084 1473 Servari,
1101 1440 1174 1467 sicut
1191 1448 1252 1468 cum
1265 1441 1350 1467 dicit:
1369 1449 1378 1465 ι
1391 1440 1441 1474 Qui
1456 1441 1501 1467 dat
1518 1440 1644 1474 spirituut
1658 1439 1761 1474 populo

970 1486 1016 1521 qui
1034 1491 1076 1513 est
1092 1493 1176 1520 super
1192 1490 1312 1518 terram,
1331 1491 1358 1513 et
1371 1487 1498 1521 spiritum
1516 1486 1559 1512 his
1583 1485 1630 1520 qui
1648 1485 1761 1512 calcant

972 1539 1032 1559 eam
1049 1532 1082 1558 ⁸³.
1094 1541 1103 1558 υ
1117 1532 1183 1559 Siue
1193 1532 1276 1560 dubio
1293 1532 1366 1559 enim
1379 1532 1468 1559 omnis
1482 1532 1525 1567 qui
1540 1531 1627 1559 calcat
1643 1536 1760 1563 terram,

971 1578 1050 1605 idest
1068 1582 1177 1605 terrena
1193 1584 1221 1606 et
1237 1579 1391 1613 corporalia
1402 1600 1410 1612 ,
1432 1579 1567 1614 particeps
1580 1583 1623 1606 est
1635 1577 1760 1612 Spiritus

971 1625 1057 1652 sancti
1071 1632 1086 1652 a
1105 1626 1158 1652 Deo
1169 1633 1232 1652 eum
1249 1625 1400 1659 accipiens.

973 1671 1068 1706 Ἔλεγε
1079 1671 1107 1698 δὲ
1123 1672 1138 1698 ὁ
1153 1671 1277 1707 Ἐϐραῖος
1291 1671 1348 1707 (7t)
1385 1671 1589 1699 Dicebatautem
1597 1670 1764 1698 etllebraaus

970 1718 1005 1745 τὰ
1020 1719 1049 1745 ἐν
1068 1718 1107 1753 τῷ
1128 1718 1227 1753 Ἡσαΐᾳ
1245 1718 1292 1744 δύο
1306 1727 1349 1744 σε·
1386 1718 1526 1752 magister,
1547 1717 1619 1751 quod
1641 1717 1696 1743 duo
1713 1716 1761 1744 illa

973 1765 1241 1802 ραφὶμὲξαπτέρυγα
1256 1773 1351 1801 κεκρα-
1385 1765 1521 1799 seraphim
1546 1771 1606 1798 qute
1631 1764 1660 1790 in
1688 1763 1762 1790 Isaia

971 1813 1038 1848 γὰτα
1057 1813 1149 1849 ἕτερον
1165 1812 1233 1848 πρὸς
1246 1811 1349 1847 ἕτερον,
1386 1812 1460 1840 senis
1490 1811 1540 1838 alis
1566 1810 1765 1838 describuntur

972 1859 1018 1885 καὶ
1043 1858 1171 1893 λέγοντα·
1200 1868 1209 1884 ‹
1238 1857 1348 1892 Ἄγιος,

972 1906 1059 1940 ἅγιος,
1077 1906 1153 1940 ἅγιος
1178 1905 1282 1940 Κύριος
1302 1905 1350 1931 Σα-

973 1951 1055 1983 ϐαὼθ,
1063 1952 1122 1979 »τὸν
1131 1949 1269 1985 Μονογενῆ
1279 1949 1347 1977 εἶναι

971 1999 1019 2026 τοῦ
1038 1998 1106 2026 Θεοῦ
1124 1998 1172 2025 καὶ
1190 1998 1222 2024 τὸ
1236 1997 1349 2033 Πνεῦμα

971 2045 1002 2071 τὸ
1026 2044 1112 2078 ἅγιον·
1131 2044 1214 2080 ἡμεῖς
1238 2044 1349 2079 οἰόμεθα

973 2091 1014 2118 ὅτι
1036 2091 1082 2117 καὶ
1103 2091 1132 2117 ὲν
1151 2092 1184 2126 τῇ
1209 2090 1265 2126 ᾠδῇ
1285 2091 1350 2126 Ἀμ-

973 2136 1090 2172 ﬁnally:
1109 2146 1118 2162 ι
1140 2137 1184 2164 Ἐν
1214 2136 1288 2172 μέσῳ
1305 2136 1350 2163 δύο

136 2181 251 2207 busdam
269 2180 337 2208 falso
361 2181 550 2216 perhibentur,
562 2183 603 2210 vel
616 2183 649 2210 de
669 2183 782 2209 tnateria
802 2183 858 2210 Deo
874 2191 912 2210 co-

1008 2191 1050 2210 ιων
1071 2183 1234 2219 γνωσθήσῃ,
1258 2193 1267 2209 ι
1289 2183 1352 2218 περὶ

135 2231 250 2257 aeterna,
263 2226 306 2252 vel
322 2226 355 2253 de
372 2227 499 2261 iugi-uitis
515 2227 668 2259 animabus,
679 2228 778 2262 quibus
793 2235 846 2254 non
866 2233 920 2255 tam

136 2272 301 2299 subsistendi
316 2278 452 2305 naturam,
478 2281 558 2308 quam
581 2267 764 2308 :equalitatetti
779 2280 862 2310 atque
877 2284 922 2303 or—

136 2317 228 2345 dinem
250 2319 306 2354 (67)
333 2328 348 2346 a
374 2320 429 2347 Deo
457 2320 568 2347 insitum
592 2320 695 2348 volunt.
717 2319 784 2348 Nam
802 2326 830 2348 et
848 2321 874 2348 in
891 2329 924 2348 eo

136 2420 157 2445 ι,
171 2413 197 2439 2.
238 2412 260 2427 ⁸⁸
274 2411 363 2440 Galat.
378 2419 403 2442 v.
417 2411 463 2439 22.
501 2412 523 2428 ⁸⁷
535 2412 597 2441 Gal.
609 2421 648 2446 nt,
660 2414 686 2440 3.

172 2457 230 2490 (65)
242 2456 281 2485 lla
298 2465 363 2486 mss.
380 2457 467 2491 Alias,
485 2467 495 2483 ι
508 2458 680 2492 profitentur.
693 2469 704 2486 ι

172 2493 230 2526 (64)
250 2492 290 2520 lta
309 2501 374 2521 mss.
388 2493 476 2525 Alias,
495 2503 505 2519 r
518 2493 711 2522 abundantius.
723 2505 733 2521 ι

173 2529 228 2563 (63)
250 2527 296 2555 Sic
314 2536 378 2556 mss.
393 2529 480 2561 Alias,
494 2537 504 2554 ‹
520 2528 651 2557 Dominus
661 2529 751 2558 Jesus.
768 2541 778 2557 ι

173 2563 230 2599 (66)
239 2563 296 2600 βία
307 2571 376 2600 Διιιξε.
388 2563 472 2594 Alias,
484 2572 495 2600 ς
508 2564 631 2600 dici_mus.
650 2575 660 2591 ι
675 2565 757 2593 Paulo
768 2570 827 2600 post
843 2574 920 2600 mss.,

138 2609 146 2623 ε
168 2598 407 2626 excellentissima:
421 2598 542 2626 onmiurn
554 2598 703 2629 Trinitatis.
720 2612 729 2627 ι
746 2598 831 2636 Alias,
845 2611 855 2628 ‹
873 2598 922 2631 ex;

136 2633 566 2661 ccllentissiuta:omnitriuitalis.
589 2645 599 2661 ι
860 2633 868 2637 ’

145 2642 340 2661 τίειιεειιιιειειιιιῖὶξ
348 2642 566 2663 οιιιιιιιιΊιιιιειιιε.
589 2645 599 2662 ι

173 2668 230 2703 (67)
251 2667 298 2704 Sic
323 2676 390 2696 mss.
416 2669 500 2701 Alias,
527 2679 537 2696 ‹
553 2671 651 2704 quibus
675 2676 728 2699 tam
752 2673 918 2700 subsistendi

136 2703 293 2740 quamvitaa
309 2704 470 2738 qualitatem
485 2703 568 2740 atque
583 2706 719 2734 ordinem.
734 2717 745 2734 ι

174 2739 230 2773 (68)
252 2737 298 2780 Sic
311 2737 379 2780 mss.
392 2739 467 2767 Alias
482 2737 623 2780 malitiose,
642 2755 651 2768 ι
663 2743 810 2778 pastoralis
824 2742 923 2771 dicitur

137 2773 278 2810 coniugali
292 2775 428 2809 positione
445 2783 525 2810 quem
545 2773 671 2806 Hermes:
689 2787 698 2804 ι

173 2808 234 2851 (βο)
250 2808 298 2839 δίς
314 2818 379 2840 mss.
396 2808 481 2847 Alia—5,
497 2821 505 2838 ι
524 2819 578 2852 quo
593 2812 625 2841 de
637 2813 702 2842 vita.
722 2823 732 2844 υ

727 2414 748 2430 ⁸⁸
762 2414 814 2443 lsa.
829 2421 896 2448 XLII,
909 2414 936 2441 5.

976 2229 1094 2264 Χριστοῦ
1112 2230 1157 2257 καὶ
1171 2230 1247 2264 ἁγίου
1268 2229 1352 2256 Πνεύ-

978 2286 1071 2312 ματος.

1384 1858 1530 1884 clamantia
1547 1857 1713 1888 adiuvicem,
1736 1860 1766 1884 ct

1385 1903 1500 1930 dicentia
1518 1912 1543 1930 :r
1555 1903 1685 1934 Sanctus,
1697 1911 1747 1929 san
1757 1917 1766 1921 -

1385 1955 1463 1982 ctus,
1497 1955 1607 1977 sanctus
1632 1949 1766 1976 Dominus

1387 1997 1458 2024 Deus
1492 1996 1612 2023 Sabaoth
1637 1995 1675 2029 ";
1700 2005 1711 2022 ο
1731 1995 1766 2022 de

1386 2044 1525 2078 unigenito
1558 2042 1630 2070 Filio
1657 2042 1707 2070 Dei
1737 2048 1767 2070 et

1387 2089 1488 2124 Spiritu
1505 2095 1601 2117 sancto
1613 2093 1708 2116 essent
1721 2089 1767 2115 in—

1387 2136 1541 2172 telligenda.
1560 2135 1615 2163 Nos
1633 2143 1701 2164 vero
1715 2144 1767 2170 pu-

1387 2187 1474 2210 tamus
1496 2182 1578 2210 etiatn
1601 2182 1668 2208 illud
1691 2183 1767 2216 quod

1388 2230 1414 2257 in
1429 2229 1652 2257 cauticoAbacuc
1662 2228 1768 2255 dictum

1387 2282 1428 2304 est
1444 2285 1451 2302 :
1471 2285 1480 2301 ι
1493 2275 1521 2302 ln
1536 2275 1626 2303 medio
1641 2275 1680 2302 vel
1697 2276 1767 2302 duo-

980 2331 1039 2351 rum
1067 2325 1237 2357 animalium,
1269 2323 1309 2351 uel
1334 2323 1448 2351 duarum
1476 2322 1594 2349 vitarum
1611 2329 1767 2356 cognosce.

173 2377 196 2394 ”
208 2375 374 2413 Psal._t.,l5.
414 2366 604 2413 'f’VDan.tv.'6.
643 2377 867 2412 “Joan.xx,22.
907 2379 912 2394 ⁴

1008 2400 1011 2407 ,
1024 2389 1042 2413 t,
1054 2381 1098 2408 55.
1137 2381 1160 2396 ⁵³
1174 2380 1259 2408 lCor.
1273 2388 1321 2412 xtt,
1331 2380 1358 2407 '5.
1396 2379 1418 2396 ⁵⁸
1430 2379 1491 2406 Act.
1504 2386 1562 2411 νιιι,
1575 2378 1619 2405 ’53.
1659 2378 1682 2394 “
1696 2378 1766 2406 Gen.

975 2416 996 2432 θ’
1012 2416 1062 2443 lsa.
1074 2424 1110 2450 Vl,
1123 2417 1150 2443 5.

1012 2461 1068 2495 (70)
1088 2461 1126 2487 ita
1145 2468 1211 2488 mss.
1227 2460 1319 2491 Alias,
1341 2469 1351 2483 ι
1375 2465 1548 2495 exponerem.
1571 2467 1581 2483 ι
1600 2456 1686 2495 Paulo
1704 2465 1768 2493 post

977 2494 1075 2529 mss.,}
1093 2498 1201 2530 quidam
1221 2502 1286 2522 sane
1301 2502 1334 2522 ex
1355 2494 1562 2528 praecessoribus
1584 2494 1692 2530 nostris

975 2528 1180 2559 observor—uuln
1193 2531 1278 2564 Alias,
1286 2531 1395 2564 quidam
1404 2535 1508 2564 saneex
1518 2528 1767 2562 prtedecessoribns

976 2566 1125 2594 nostris....

1155 2563 1312 2593 observant.
1331 2574 1340 2590 ι
1357 2563 1440 2590 [‘aulo
1461 2563 1531 2589 ittfra
1556 2570 1634 2594 mss.,
1652 2572 1662 2588 ι
1680 2566 1769 2597 parti-

979 2609 1043 2636 ceps
1053 2606 1091 2628 est
1111 2601 1230 2635 Spiritus
1238 2601 1323 2636 sancti
1337 2608 1352 2626 a
1364 2599 1419 2626 Deo
1431 2606 1492 2625 eum
1511 2597 1659 2632 accipiens.
1668 2607 1677 2623 ι
1687 2599 1767 2626 Alias

975 2637 1062 2666 deest.
1079 2645 1088 2661 ‹
1104 2636 1222 2670 Spiritus
1235 2635 1331 2662 sancti.
1350 2644 1359 2660 ι

1011 2671 1069 2705 (7t)
1091 2667 1197 2705 Ἔλεγε
1205 2670 1238 2696 δὲ
1250 2672 1265 2696 ὀ
1273 2669 1413 2704 Ἐϐραῖος,
1428 2673 1481 2695 etc.
1488 2667 1585 2705 Grzpce
1596 2668 1654 2695 haec
1661 2668 1769 2703 profert

973 2703 1148 2734 JuStitiianus
1161 2703 1193 2733 ad
1210 2706 1311 2733 calcem
1327 2705 1447 2738 epistolae
1461 2703 1495 2730 ad
1516 2703 1622 2729 Meuatu
1639 2705 1764 2736 patriar-

975 2742 1054 2769 cltam
1085 2739 1425 2774 Constantinopolitauutu.
1443 2738 1624 2774 rllierouymo
1668 2744 1763 2766 autem

977 2776 1146 2804 stomachum
1164 2776 1199 2802 ita
1221 2773 1306 2802 movit
1325 2775 1382 2801 haec
1404 2773 1529 2808 Origettis
1552 2773 1768 2807 interpretatio.

978 2817 1008 2840 ut
1023 2811 1131 2847 impiam
1145 2811 1219 2838 illaut
1234 2814 1261 2838 et
1278 2809 1465 2837 detestandam
1489 2808 1606 2843 appellet
1621 2809 1670 2839 lib.
1688 2816 1720 2838 ut
1740 2809 1768 2836 in
