1883 3072
146 117 197 146 N9

836 118 936 146 LIBER
953 119 1093 147 PRIMUS.

1719 118 1770 146 l50

142 177 183 203 ris
193 176 218 193 "
233 177 302 212 ('72),
319 186 328 202 ι
344 177 376 204 de
391 175 500 204 Christo
511 180 539 203 et
551 178 584 204 de
601 176 703 212 Spiritu
718 181 812 205 sancto
826 179 924 205 sentiri
942 182 966 209 Α
979 186 1044 206 sane
1059 179 1130 214 quod
1144 178 1270 211 dicimus,
1288 178 1328 206 vel
1344 188 1353 204 ι
1370 186 1487 214 semper,
1508 187 1516 204 I
1532 178 1572 206 vel
1591 188 1600 204 ε
1615 183 1684 212 erat,
1700 188 1709 205 ι
1725 179 1766 206 vel

142 223 252 250 debere.
271 222 367 250 Omnis
377 223 449 250 enim
460 223 574 250 scientia
589 223 622 250 de
634 223 714 251 Patre
731 223 868 251 revelante
881 223 926 250 Fi-

142 268 179 294 lio
195 268 221 295 in
238 268 341 302 Spiritu
354 272 451 295 saneto
466 268 650 303 cognoscitur,
662 273 691 295 ut
705 268 785 295 ambo
800 269 857 296 haec
868 275 928 301 qua‘.

141 315 292 341 secundum
319 314 478 349 prophetam
497 314 540 341 vel
561 314 722 347 animantia,
739 314 781 342 vel
802 315 864 342 vita:
884 315 927 341 di-

141 365 254 391 cuntur,
270 368 352 388 causa
369 360 493 388 scientiae
510 360 556 388 Dei
575 360 663 388 Patris
681 361 826 388 exsistant.
851 360 927 388 Sicut

140 406 216 433 enim
241 406 273 433 de
298 405 366 433 Filio
383 407 493 438 dicitur,
515 406 577 441 quia
594 415 604 432 ί
620 414 700 434 nemo
714 408 792 434 novit
816 407 924 434 Patrem

140 453 195 480 nisi
212 452 309 484 Filius,
322 457 351 480 et
363 453 407 480 cui
421 451 538 490 voluerit
552 453 636 481 Filius
652 453 824 486 revelare“;
842 462 852 479 ι
870 454 926 481 haec

140 498 238 526 eadem
253 498 335 525 etiam
349 497 382 525 de
393 497 495 531 Spiritu
508 504 604 525 sancto
620 498 686 525 dicit
697 497 852 532 Apostolus,
864 505 925 524 cum

141 543 204 570 ait:
225 552 235 569 ι
257 543 340 571 Nobis
361 547 450 570 autem
473 536 603 570 revélavit
621 542 692 569 Deus
716 550 764 577 per
790 542 923 577 Spiritum

139 597 222 616 suum
238 589 311 624 (75);
329 589 449 624 Spiritus
473 588 546 616 enim
562 589 653 616 omnia
677 593 815 616 scrutatur
841 589 924 615 etiam

139 634 195 661 alta
212 634 258 662 Dei
269 635 318 661 τ’.»
331 634 384 662 Sed
396 638 424 661 et
435 641 530 661 rursus
541 634 568 661 in
579 634 724 669 Evangelio
737 634 770 661 de
783 634 883 661 divinis
893 641 925 662 ac

138 679 365 713 profundioribus
388 679 520 707 doctrinis
545 687 767 707 commemorans
799 678 925 706 Salvator

138 733 211 760 quas
225 725 344 752 nondum
360 732 458 760 capere
483 729 611 760 poterant
628 724 753 759 discipuli
767 725 819 757 sui,
836 725 872 751 ita
886 725 926 752 ait

137 771 174 798 ad
190 770 329 806 apostolos
348 779 356 797 :
375 780 385 796 ι
403 771 499 798 Adhuc
510 770 594 797 multa
610 770 697 798 habeo
720 777 780 804 quae
795 770 872 798 vobis
886 770 926 797 di-

137 823 211 848 cam,
228 817 276 844 sed
293 824 345 843 non
358 816 523 850 potestisilla
535 816 614 843 modo
628 823 741 850 capere;
758 823 819 843 cum
832 820 922 843 autem

982 224 1003 252 si
1019 224 1089 258 quod
1103 223 1176 251 aliud
1201 223 1254 251 tale
1275 224 1431 258 temporalis
1444 223 1651 259 signiﬁcationis
1666 231 1764 250 nomen

980 268 1157 296 adsciscimus
1170 267 1238 304 (76),
1254 268 1413 303 simpliciter
1427 273 1524 296 etcum
1534 270 1612 296 venia
1629 269 1764 303 accipien-

980 313 1043 341 dum
1061 319 1117 346 est;
1133 314 1259 348 quoniam
1273 314 1410 341 nominum
1420 315 1529 350 quidem
1551 315 1647 342 horum
1664 315 1766 350 signiti—

980 360 1100 387 cationes
1113 359 1274 394 temporales
1291 364 1364 392 sunt,
1377 367 1408 386 ea
1423 365 1513 387 autem
1525 360 1557 387 de
1569 361 1665 395 quibus
1680 361 1767 396 loqui-

980 413 1050 437 nmr,
1065 409 1178 433 tractatu
1191 406 1297 440 quidem
1320 406 1455 433 sermonis
1477 407 1662 441 temporaliter
1678 408 1764 434 nomi-

981 455 1091 482 nantur,
1118 455 1215 478 natura
1241 455 1331 478 autem
1358 451 1398 478 sui
1427 459 1534 478 omnem
1560 453 1764 488 intelligentiam

983 503 1080 523 sensus
1096 497 1253 531 temporalis
1268 497 1414 524 excedunt.

1014 542 1039 569 5.
1055 541 1166 569 Rectum
1179 546 1268 568 tamen
1279 542 1384 570 videtur
1399 542 1536 576 inquirere
1547 543 1610 577 quid
1621 551 1708 571 causa:
1717 544 1762 574 sit.

979 588 1048 621 quod
1072 588 1116 622 qui
1139 593 1314 623 regeneratur
1331 594 1380 623 per
1394 588 1478 614 Deum
1495 588 1522 615 in
1549 589 1674 622 salutent,
1694 597 1762 624 opus

979 633 1061 661 habet
1075 638 1102 660 et
1117 633 1198 661 Patre
1215 638 1242 661 et
1268 633 1337 661 Filio
1347 639 1374 661 et
1389 634 1490 668 Spiritu
1504 639 1612 668 sancto,
1631 642 1684 662 non
1700 643 1762 670 per-
1775 658 1777 660 .

978 683 1106 713 eepturus
1119 679 1233 706 salutem
1247 679 1298 706 nisi
1313 679 1348 706 sit
1365 679 1468 715 integra
1483 679 1605 708 Trinitas
1617 688 1625 707 :
1639 687 1689 707 nec
1702 687 1765 714 pos”

977 724 1055 752 sibile
1074 724 1109 752 sit
1124 725 1286 760 participem
1302 725 1360 752 tieri
1380 725 1470 754 Patris
1485 726 1526 754 vel
1545 726 1606 754 Filii
1625 727 1684 755 sine
1699 725 1763 762 Spi—

978 771 1030 797 ritu
1045 776 1142 799 sancto
1157 771 1225 807 (77).
1240 772 1278 798 De
1300 772 1399 806 quibus
1415 772 1591 800 discutientes
1612 773 1670 801 sine
1683 774 1762 802 dubio

979 817 1162 844 necessarium
1179 818 1232 845 erit
1248 822 1277 845 ut
1293 818 1479 853 operationem
1506 820 1651 854 specialem
1675 820 1759 855 Spiri-

137 862 247 889 venerit
264 862 422 889 consolator
438 861 558 896 Spiritus
568 862 745 894 sanctus,i|le
760 869 809 889 vos
819 861 926 888 docebit
941 863 962 890 B
978 867 1020 888 tus
1035 863 1132 895 sancti,
1142 867 1169 890 et
1186 863 1329 897 specialem
1343 864 1432 892 Patris
1443 873 1474 892 ac
1489 865 1549 893 Filii
1563 865 1762 894 describamus.

138 909 244 941 omnia,
257 908 476 935 etcommonebit
489 908 580 935 omnia
593 915 654 942 quae
667 907 721 935 dixi
737 908 918 936 .vobis"-“.r

138 955 173 982 Et
196 955 232 982 ita
252 955 420 982 sentiendum
439 960 481 982 est
491 955 569 990 'quod
586 955 655 983 sicut
677 955 764 982 Filius
782 955 828 990 qui
847 955 922 982 solus

138 1001 282 1035 cognoscit
300 1001 420 1034 Patrem,
444 1002 548 1028 revelat
571 1002 613 1028 cui
637 1001 710 1032 vult;
735 1001 773 1028 ita
799 1001 921 1036 Spiritus

138 1052 253 1074 sanctus
266 1047 312 1081 qui
327 1047 404 1074 solus
415 1051 553 1074 scrutatur
573 1048 655 1074 etiam
672 1047 725 1074 alta
743 1047 801 1079 Dei,
819 1046 922 1074 revelat

138 1093 226 1120 Deum
240 1092 296 1128 (74)
309 1093 352 1120 cui
377 1093 443 1120 vult.
463 1102 472 1118 ι
491 1093 608 1128 Spiritus
627 1093 700 1120 enim
720 1092 765 1120 ubi
787 1092 843 1120 vult
864 1093 920 1127 spi-

140 1138 224 1165 rat".
243 1148 252 1164 ι
270 1137 362 1173 Neque
378 1139 450 1166 enim
466 1139 614 1174 putandum
629 1139 682 1174 62
693 1143 735 1166 est
746 1137 817 1173 quod
837 1138 920 1165 etiam

139 1183 262 1217 Spiritus
275 1184 343 1211 Filio
356 1185 494 1212 revelante
501 1185 649 1219 cognoscit.
660 1184 688 1211 Si
700 1184 771 1212 enim
785 1185 922 1212 revelante

137 1229 209 1257 Filio
223 1231 367 1264 cognoscit
387 1230 495 1258 Patrem
518 1231 637 1266 Spiritus
659 1236 791 1263 sanctus,
806 1238 871 1265 ergo
888 1239 921 1259 ex

138 1275 296 1310 ignorantia
309 1276 343 1303 ad
360 1277 502 1304 scientiam
522 1277 612 1310 venit;
638 1277 709 1312 quod
725 1277 819 1312 utique
830 1282 858 1304 et
870 1278 920 1304 im-

137 1321 213 1355 pium
226 1321 328 1356 pariter
341 1325 369 1349 et
381 1322 492 1349 stultum
505 1327 558 1355 est,
570 1322 698 1356 Spiritum
707 1327 830 1350 sanetum
842 1323 923 1350 conli-

139 1367 424 1402 teri,etignorantiam
431 1368 455 1395 ei
465 1369 612 1396 ascribere.
624 1368 683 1396 Non
694 1369 766 1396 enim
777 1377 836 1396 cum
849 1369 922 1396 aliud

139 1411 245 1446 aliquid
259 1417 330 1439 esset
349 1417 495 1448 antequam
517 1413 636 1448 Spiritus
652 1418 772 1446 sanctus,
794 1422 843 1450 per
858 1422 923 1449 pro-

138 1457 240 1484 fectum
253 1458 327 1485 venit
349 1459 375 1485 in
403 1459 454 1486 hoc
473 1463 501 1486 ut
518 1464 590 1486 esset
606 1459 724 1493 Spiritus
741 1465 870 1492 sanctus;
892 1465 923 1487 ut

137 1502 202 1536 quis
216 1503 317 1530 audeat
332 1503 432 1537 dicere,
446 1504 509 1539 quia
527 1509 590 1532 tunc
605 1505 712 1539 quidem
727 1513 790 1532 cum
802 1507 920 1533 nondum

137 1552 212 1574 esset
233 1547 352 1582 Spiritus
364 1549 420 1585 (75)
435 1536 557 1582 sanctus,
572 1536 717 1585 ignorabat
734 1551 855 1584 Patrem,
872 1559 921 1586 po-
934 1536 954 1564 α

136 1598 196 1619 stea
211 1601 277 1620 vero
293 1602 375 1628 quam
396 1596 498 1630 recepit
511 1596 663 1627 scientiam,
682 1596 800 1631 Spiritus
811 1602 921 1626 sanctus

136 1638 254 1666 cll'ectus
266 1644 324 1671 est;
341 1642 412 1674 quod
428 1641 450 1668 si
467 1647 548 1673 esset,
561 1650 696 1677 nunquam
711 1643 804 1678 utique
821 1644 846 1670 in
862 1645 922 1671 uni-

137 1688 196 1711 tate
217 1684 371 1719 Trinitatis,
392 1687 417 1714 id
431 1691 472 1714 est
489 1687 535 1714 Dei
556 1687 647 1716 Patris
663 1689 878 1717 inconvertibilis
894 1694 921 1717 et

136 1730 202 1757 Filii
219 1731 288 1766 ejus,
311 1732 394 1759 etiam
416 1733 474 1767 ipse
492 1732 611 1768 Spiritus
634 1739 745 1762 sanettts
761 1735 918 1769 haberetur,

135 1776 190 1804 nisi
206 1778 270 1812 quia
289 1782 316 1805 et
329 1778 387 1813 ipse
397 1785 505 1814 semper
519 1784 578 1807 erat
595 1780 712 1815 Spiritus
724 1786 846 1810 sanctus.
862 1782 920 1811 Hoc

171 1846 196 1862 "°
215 1845 315 1874 llabac.
339 1852 380 1879 ιιι,
393 1845 420 1873 5.
435 1847 457 1862 ⁷¹
472 1846 538 1875 Luc.
553 1856 581 1882 ιι,
595 1848 640 1877 22.
678 1851 700 1866 "
717 1851 799 1879 lCor.
814 1861 844 1887 ιι,
860 1853 901 1882 10.

134 1916 244 1949 Isaiam,
261 1922 288 1944 et
303 1917 382 1952 epist.
403 1918 448 1951 Η,
468 1919 536 1947 alias
551 1920 596 1953 65,
620 1922 653 1948 ad
670 1921 873 1950 Pammachium
893 1931 921 1952 et

135 1955 286 1993 Oceanum.
303 1952 355 1979 Sed
372 1954 434 1980 vide
450 1961 503 1993 qpo
517 1960 756 1993 pactoexcusetur
777 1957 918 1993 Origenia-

134 1995 231 2015 norum
241 1987 287 2013 lih.
305 1996 336 2019 Il,
350 1993 446 2022 quaest.
462 1989 489 2022 2,
503 1987 575 2017 num.
589 1991 632 2018 26.

171 2023 230 2057 (72)
252 2022 284 2048 In
297 2024 382 2049 medio
394 2023 434 2050 vel
452 2024 564 2051 duorum
578 2026 734 2057 animalium
748 2028 789 2055 vel
805 2029 919 2057 duarum
951 2032 953 2035 ’

133 2058 254 2098 riturum.
264 2059 437 2098 cogitauerit.
447 2059 593 2098 Yerterunt
608 2061 680 2098 LXX
692 2065 854 2098 interpretes
867 2074 873 2091 :
890 2066 920 2093 ὲν

135 2093 212 2130 μέσῳ
226 2092 273 2118 δύο
285 2092 360 2124 ζώων
376 2093 530 2130 γνωσθήσῃ.
552 2104 561 2120 t
578 2096 605 2122 ln
620 2097 707 2124 medio
725 2092 839 2125 duorum
857 2101 919 2126 ani-

134 2129 248 2168 malium
264 2130 447 2168 cognosceris.
467 2139 476 2155 ι
488 2129 516 2156 Si
527 2137 594 2168 _vero
607 2139 654 2168 pro
669 2131 746 2164 ζώων
757 2133 828 2168 legas
843 2134 920 2166 ζωῶν

134 2171 148 2189 a
164 2163 234 2197 ζωή,
252 2162 411 2189 vertendum
429 2168 479 2196 est,
495 2173 505 2189 ι
526 2165 552 2191 in
568 2162 655 2194 medio
672 2162 917 2196 duarumvvita'rum

134 2198 321 2231 cognosceris.
344 2207 354 2223 ι
377 2198 508 2226 llebraica
527 2201 609 2228 verba
630 2208 730 2229 sonant
747 2211 754 2229 :
775 2213 784 2229 ι
805 2204 832 2231 in
848 2205 918 2231 inte-

134 2233 200 2260 riori
227 2240 359 2273 annorum
387 2233 593 2274 vivifica_illud.
623 2245 632 2262 ι
656 2236 740 2274 Paulo
764 2244 824 2273 post
840 2248 918 2274 mss.,

137 2277 147 2293 ε
168 2267 260 2304 omnis
273 2268 350 2304 enim,
361 2269 474 2295 scientia
496 2270 529 2296 de
550 2270 641 2298 Patre.
670 2281 679 2298 ι
702 2267 787 2304 Alias.
806 2283 815 2299 ι
833 2267 922 2302 omnis

133 2303 208 2330 enim
237 2303 369 2342 sapientia
387 2304 421 2330 de
452 2304 541 2342 Patre.
562 2315 571 2331 ι
584 2306 668 2342 Paulo
683 2313 743 2341 post
760 2309 820 2336 libri
842 2310 918 2342 editi,

136 2347 146 2363 ε
162 2339 278 2364 ntamho
292 2345 351 2372 quae
360 2339 506 2366 secundum
523 2340 574 2367 hoc
588 2341 628 2368 vel
644 2339 788 2370 animantia
802 2344 843 2371 vel
861 2339 920 2372 vita:

133 2374 274 2408 dicuntur,
289 2380 369 2400 causa
387 2374 528 2408 sapientia:
543 2375 588 2403 Dei
602 2375 691 2405 Patris
709 2379 852 2406 exsistant.
872 2389 881 2405 ι

169 2407 228 2442 (75)
249 2409 294 2435 Sic
319 2416 384 2436 mss.
411 2407 484 2436 Libri
511 2411 588 2443 editi,
607 2421 616 2436 ι
634 2417 769 2439 sanetum.
791 2423 799 2440 ι
817 2415 917 2441 lhidem

133 2443 198 2470 libri
216 2443 281 2470 editi
301 2452 308 2469 :
328 2453 337 2469 ι
359 2443 395 2470 De
418 2444 520 2483 divinis
543 2446 764 2483 profundioribus
779 2449 919 2483 discipulis

131 2479 513 2518 commemorans...‘ait_ad
534 2481 726 2516 discipulos...
742 2484 788 2510 sed
801 2479 854 2511 non
872 2493 917 2518 po-

134 2514 214 2540 testis
229 2518 340 2547 portare
356 2514 446 2541 modo.
467 2514 533 2541 Cum
549 2514 639 2544 autem
660 2518 769 2545 venerit
790 2514 918 2546 Paraclc-

132 2553 188 2581 tos,
212 2549 238 2575 id
259 2553 302 2576 est
323 2548 486 2576 consolator.
496 2550 613 2582 Spiritus
636 2558 748 2580 sanctus
837 2560 864 2581 et
882 2556 917 2581 ita

131 2583 276 2610 sciendum
296 2589 348 2612 est.
361 2583 434 2611 rSed
450 2592 543 2613 omnes
555 2587 634 2614 codd.
653 2595 718 2616 mss.
738 2592 767 2616 ut
781 2590 808 2616 in
824 2595 918 2617 nostro

131 2623 219 2645 textu.

131 2687 137 2693 .
167 2652 225 2688 (76)
242 2653 341 2695 μελίη.
359 2653 441 2681 Deest
459 2654 486 2681 in
509 2660 587 2683 antea
607 2657 698 2690 editis,
714 2657 762 2686 sed
780 2659 918 2695 reperitur

130 2689 157 2714 in
174 2689 302 2715 omnibus
313 2696 377 2716 mss.

165 2723 223 2759 (75)
232 2722 358 2758 Spiritus.
369 2723 545 2751 Desideratur
554 2726 578 2753 in
585 2732 663 2755 antea
670 2728 761 2762 editis,
771 2729 818 2757 sed
826 2738 879 2757 non
890 2730 915 2757 in

129 2765 193 2785 mss.

165 2793 222 2828 (76)
244 2793 283 2821 Ita
303 2802 370 2822 mss.
391 2794 467 2824 Lihb.
477 2798 555 2830 editi,
579 2807 589 2824 I
611 2799 780 2826 adducimus.
801 2808 810 2826 ι
834 2799 916 2827 Paulo

131 2833 190 2862 post
205 2837 282 2864 Inss.,
299 2835 430 2859 ttraclatu
444 2833 551 2867 quidcm
563 2834 915 2870 sertuoni5.rEditi,«tractu

973 907 1041 943 [(78)
1057 908 1144 935 Ὅτιὸ
1161 908 1211 944 μὲν
1223 908 1288 941 Θεὸς
1308 909 1355 936 καὶ
1391 912 1516 940 Arhitror
1538 919 1602 946 ergo
1628 910 1774 945 operation

972 954 1065 989 Πατὴρ
1082 953 1200 988 συνέχων
1211 954 1245 981 τὰ
1269 954 1357 983 πάντα.
1391 962 1452 982 nem
1471 954 1579 986 quidem
1597 961 1658 981 esse
1675 953 1760 980 Patris

973 999 1068 1034 φθάνει
1100 1000 1140 1031 εἰς
1168 1000 1283 1027 ἕκαστον
1300 1001 1354 1028 τῶν
1391 1000 1420 1023 et
1443 997 1504 1028 Filii
1532 1002 1585 1024 tam
1612 998 1638 1024 ill
1664 997 1773 1025 sanctis.

1389 1047 1469 1074 quam
1482 1040 1508 1066 in
1523 1040 1722 1074 peccatoribus.
1736 1041 1761 1066 iu

1388 1087 1546 1114 hominibus
1584 1087 1761 1114 rationalibus

1387 1138 1414 1160 et
1428 1133 1455 1160 in
1476 1132 1557 1160 nmtis
1577 1132 1738 1160 animalibus
1753 1141 1762 1164 ς

971 1045 1054 1072 ὄντων
1073 1046 1230 1081 μεταδιδοὺς
1242 1047 1351 1082 ἑκάστῳ

972 1092 1026 1119 ἀπὸ
1048 1092 1096 1119 τοῦ
1118 1093 1182 1119 ὶὸίου
1208 1093 1237 1120 τὸ
1262 1091 1350 1120 εἶναι·

971 1138 1009 1166 ὢν
1036 1139 1090 1174 γάρ
1118 1140 1209 1166 ἐστιν’
1233 1140 1351 1167 ἐλάττων

971 1185 1000 1212 δὲ
1028 1186 1095 1221 πρὸς
1120 1186 1166 1213 τὸν
1195 1186 1305 1222 Πατέρα
1336 1187 1351 1213 ό

973 1230 1038 1263 Υἱὸς
1052 1231 1161 1267 φθάνων
1175 1232 1222 1259 ἐπὶ
1233 1233 1302 1268 μόνα.
1315 1232 1351 1259 τὰ

972 1277 1076 1313 λογικά·
1092 1279 1217 1315 δεύτερος
1228 1280 1282 1315 γάρ
1292 1280 1351 1306 ἐστι

972 1324 1018 1350 τοῦ
1032 1325 1152 1360 Πατρός·
1169 1325 1209 1351 ἔτι
1224 1325 1253 1351 δὲ
1268 1323 1352 1361 ἧττον

971 1371 1002 1397 τὸ
1026 1371 1136 1406 Πνεῦμα
1152 1372 1182 1398 τὸ
1203 1372 1280 1406 ἅγιον
1305 1372 1351 1398 ἐπὶ

974 1417 1071 1452 μόνους
1097 1418 1160 1449 τοὺς
1183 1418 1277 1452 ἁγίους
1301 1418 1352 1445 διῖ-

972 1463 1136 1499 κνούμενον·
1171 1463 1242 1491 ὥστε
1281 1464 1350 1491 κατὰ

972 1509 1050 1536 τοῦτο
1079 1510 1179 1546 μείζων
1198 1512 1214 1547 ἡ
1238 1511 1351 1547 δύναμις

970 1556 1017 1582 τοῦ
1054 1557 1160 1593 Ila-cpe;
1188 1557 1263 1593 παρὰ
1304 1558 1350 1584 τὸν

970 1602 1033 1629 Υἰὸν
1055 1604 1103 1630 καὶ
1133 1604 1163 1630 τδ
1186 1604 1298 1639 Πνεῦμα
1320 1604 1352 1631 τὸ

963 1646 1055 1681 ἅγιον·
1083 1648 1183 1675 πλείων
1205 1649 1233 1676 δὲ
1259 1650 1275 1685 ἡ
1299 1649 1347 1676 τοῦ

970 1693 1034 1720 Υἰοῦ
1054 1695 1129 1730 παρὰ
1145 1695 1175 1722 τὸ
1188 1696 1302 1731 Πνεῦμα
1318 1697 1349 1723 τὸ

969 1739 1061 1774 ἅγιονι·
1086 1742 1132 1767 καὶ
1152 1742 1233 1769 πάλιν
1255 1742 1348 1776 διαφέ-

970 1795 1054 1821 ρουσα
1080 1788 1178 1823 μᾶλλον
1201 1788 1248 1815 τοῦ
1270 1788 1348 1823 ἁγίου

1387 1179 1433 1206 sed
1455 1183 1482 1206 et
1504 1179 1529 1206 in
1557 1179 1600 1206 his
1620 1186 1679 1213 qua:
1704 1178 1762 1206 sine

1387 1225 1477 1252 anima
1499 1230 1575 1257 sunt,
1590 1230 1618 1252 et
1632 1226 1659 1252 in
1670 1226 1759 1252 omni-

1387 1273 1438 1300 bus
1458 1272 1568 1300 omnino
1591 1279 1650 1306 qua:
1676 1277 1760 1304 sunt;

1387 1320 1572 1354 operationem
1591 1326 1654 1346 vero
1676 1318 1762 1353 Spiri-

1388 1371 1431 1394 tus
1465 1367 1553 1394 sancti
1589 1372 1759 1400 nequaquam

1386 1419 1498 1448 prorsus
1506 1412 1625 1439 incidere
1637 1411 1679 1439 vel
1693 1411 1761 1438 inea

1386 1467 1447 1494 quze
1458 1459 1516 1486 sine
1532 1458 1622 1485 anima
1636 1462 1708 1489 sunt,
1718 1458 1761 1484 vel

1387 1507 1413 1534 in
1425 1513 1456 1534 ea
1470 1513 1529 1541 qua:
1543 1503 1690 1532 animantia
1703 1504 1762 1539 qui-

1386 1554 1456 1586 dem,
1470 1553 1518 1581 sed
1535 1556 1607 1579 muta
1627 1552 1761 1584 sunt;sed

1386 1607 1419 1627 ne
1437 1601 1463 1627 in
1480 1599 1534 1626 illis
1553 1599 1661 1634 quidem
1687 1598 1762 1625 inve-

1384 1647 1436 1674 niri
1454 1645 1509 1683 (79)
1523 1646 1571 1680 qui
1587 1644 1763 1672 rationabiles

1385 1693 1493 1728 quidem
1511 1697 1584 1726 sunt,
1599 1691 1647 1719 sed
1661 1691 1687 1718 in
1704 1698 1762 1717 ma.

1385 1741 1443 1768 lilia
1459 1741 1552 1775 positi,
1572 1746 1623 1766 nec
1646 1737 1759 1766 omnino

1385 1788 1419 1815 ad
1436 1787 1548 1815 meliora
1572 1785 1706 1814 conversi.
1732 1785 1759 1811 In

932 1855 998 1879 ,τ’-⁷³
1010 1856 1088 1884 Joan.
1101 1859 1275 1892 “1,12,”;
1291 1866 1346 1891 xtv,
1358 1858 1401 1885 26.
1440 1858 1463 1873 ⁷⁵
1478 1857 1556 1885 Joan.
1571 1865 1612 1890 ιιι,
1626 1856 1652 1884 8.

968 1928 1077 1962 quidem
1096 1930 1242 1957 sermonis.
1262 1940 1272 1956 ι

1004 1963 1060 1998 (Π)
1080 1964 1143 1991 Non
1154 1970 1322 1998 percepturus
1338 1965 1448 1992 salutent
1464 1965 1514 1991 nisi
1534 1965 1568 1990 sit
1585 1964 1687 1998 integra
1700 1963 1758 1990 Tri-

969 1999 1056 2033 ttitas;
1076 2007 1122 2026 nec
1147 2000 1271 2033 possibile
1294 2001 1328 2028 sit
1350 2000 1504 2033 participem
1521 1999 1579 2033 ﬁeri
1602 1998 1694 2026 Patris
1719 2000 1758 2025 vel

969 2032 1033 2060 Filii
1048 2035 1103 2060 sine
1120 2032 1221 2069 Spiritu
1231 2040 1330 2062 sancto.
1345 2035 1408 2062 llrec
1425 2032 1614 2062 desiderantur
1629 2034 1656 2061 in
1677 2038 1757 2062 antea

968 2069 1059 2098 editis.
1073 2070 1118 2095 sed
1135 2074 1243 2096 exstant
1258 2071 1284 2098 in
1298 2070 1424 2097 omnibus
1437 2077 1506 2096 mss.

1003 2104 1059 2138 (78)
1078 2105 1136 2131 Ὅτι
1147 2106 1163 2131 ὀ
1172 2104 1230 2139 μὲν
1242 2105 1314 2138 Θεὸς
1324 2105 1372 2132 καὶ
1385 2103 1495 2138 Πατήρ,
1511 2108 1564 2132 etc.
1579 2104 1672 2132 Grmca
1687 2104 1756 2138 bare,

969 2139 1046 2166 uncis
1055 2140 1192 2171 conclusa,
1203 2140 1313 2168 exhibet
1321 2140 1489 2168 Justinianus
1498 2141 1644 2174 imperator
1653 2139 1685 2166 ad
1699 2139 1758 2166 cal-

934 2179 958 2207 ι)
972 2181 1029 2200 cem
1048 2175 1169 2208 epistolae
1184 2175 1216 2202 ad
1235 2175 1357 2207 Menam;
1375 2183 1405 2202 ea
1421 2181 1512 2202 autem
1527 2180 1619 2208 utpote
1634 2182 1694 2209 quae
1709 2183 1757 2202 ca-

977 2209 1080 2236 tholicae
1094 2210 1126 2237 de
1138 2209 1270 2237 Trinitate
1285 2211 1346 2238 lidei
1367 2211 1508 2238 adversari
1524 2211 1695 2242 videbantur,
1715 2217 1758 2237 re-

976 2245 1077 2271 sccavit
1098 2245 1234 2278 interpres
1260 2245 1385 2278 Ruﬁnus,
1411 2250 1458 2273 aut
1480 2246 1575 2273 saltem
1594 2245 1757 2280 quihusdam

975 2280 1075 2307 additis
1090 2285 1118 2307 et
1133 2280 1294 2314 quihusdam
1313 2281 1440 2308 detractis
1460 2280 1601 2313 emullivit,
1617 2281 1652 2309 eti
1663 2280 1696 2307 ad
1708 2287 1755 2307 ca-

976 2313 1105 2350 tholicum
1121 2313 1228 2343 sensum
1249 2316 1396 2343 revocavit.
1417 2315 1455 2343 Ne
1474 2316 1534 2350 quis
1551 2322 1616 2342 vero
1630 2320 1756 2349 suspecta

974 2348 1071 2386 habeat
1087 2349 1179 2377 Graeca
1197 2350 1247 2377 ista
1262 2358 1322 2386 qum
1343 2351 1444 2386 profert
1464 2348 1645 2382 Justinianus,
1661 2348 1754 2386 operas

973 2384 1090 2420 pretium
1107 2389 1149 2412 est
1166 2386 1262 2412 audire
1278 2384 1472 2420 Hieronymum
1486 2386 1530 2420 qui
1545 2385 1657 2420 epistola
1671 2384 1707 2412 Μ
1721 2386 1756 2412 ad

972 2418 1081 2455 Avitum
1096 2419 1121 2446 id
1136 2420 1216 2447 etiam
1229 2421 1334 2448 crimini
1347 2418 1543 2455 vertitOrigeni
1559 2418 1629 2454 quod
1641 2420 1755 2447 dixerit:

976 2453 1095 2490 «Filium
1108 2462 1216 2489 quoque
1232 2456 1364 2483 minorem
1382 2456 1472 2488 Patre,
1487 2453 1519 2483 co
1532 2453 1603 2490 quod
1617 2455 1756 2490 secundus

973 2488 1006 2515 ab
1023 2489 1068 2516 illo
1085 2490 1132 2520 sit,
1148 2488 1178 2518 et
1187 2490 1317 2525 Spiritum
1334 2496 1457 2518 sanctum
1472 2488 1628 2518 inferiorem
1643 2489 1712 2525 Filio
1726 2491 1752 2516 in

973 2525 1074 2560 sanctis
1089 2524 1241 2560 quibusque
1252 2526 1364 2560 versari;
1373 2531 1452 2560 atque
1461 2526 1513 2553 hoc
1521 2525 1615 2551 ordine
1625 2524 1754 2557 maj0rem

974 2558 1061 2586 Patris
1071 2558 1254 2588 fortitudinem
1264 2558 1417 2595 essequam
1426 2561 1519 2588 Filiiel
1530 2559 1647 2595 Spiritus
1655 2560 1753 2592 sancti,

971 2599 998 2630 et
1012 2601 1122 2630 rursum
1137 2596 1267 2630 majorem
1290 2596 1351 2624 Filii
1375 2596 1561 2624 fortitudinem
1587 2602 1648 2622 esse
1670 2602 1754 2629 quam

972 2629 1089 2670 Spiritus
1098 2629 1250 2670 _sancti;et
1266 2636 1465 2670 consequenter
1484 2631 1570 2670 ipsius
1586 2630 1673 2657 sancti
1689 2629 1752 2670 Spi;

972 2666 1041 2691 ritus
1053 2665 1182 2700 majorem
1203 2665 1403 2693 esse-virtutem
1416 2667 1522 2693 cmteris
1535 2673 1595 2700 qua:
1611 2670 1705 2693 sancta
1717 2665 1756 2692 di-

969 2705 1094 2761 ἓιὲιιιὶιὲἑ
1106 2701 1170 2729 Vide
1182 2700 1402 2735 Origcnianorum
1416 2701 1464 2729 lib.
1479 2709 1508 2734 ιι,
1524 2705 1618 2736 quaest.
1634 2700 1663 2732 2,
1675 2707 1754 2727 num.

1021 2742 1035 2760 e
1096 2756 1102 2761 .

1021 2740 1047 2761 et
1059 2736 1102 2763 Q8.

990 2770 1062 2811 .(79)
1083 2771 1127 2799 Sic
1152 2778 1216 2799 mss.
1237 2770 1323 2803 Alias,
1342 2779 1352 2796 ι
1372 2770 1413 2799 vel
1438 2771 1464 2799 in
1484 2770 1536 2799 illis
1554 2771 1662 2806 quidem
1679 2770 1759 2798 iuves

971 2813 1034 2834 ἣΗῚ,
1055 2815 1063 2832 Ι
