1883 3072
113 99 160 128 i5!

721 98 888 135 DRIGENIS
907 100 986 126 IIEPI
1005 99 1119 126 ΑΡΧΩΝ

1684 97 1733 124 I52

112 160 270 196 Πνεύμςιτος
283 162 299 197 ἡ
315 161 427 196 δύναμις
442 169 488 186 πα·
524 160 577 187 illis
603 159 668 187 solis
682 160 811 187 'arbitror
836 169 890 188 esst

1011 165 1038 188 et
1063 164 1136 194 patet
1159 159 1296 194 quomodo
1316 165 1349 185 ex
1365 157 1573 192 participatione
1586 155 1667 184 Verbi
1688 156 1732 183 vol

116 207 151 243 ρὰ
165 207 199 234 τὰ
213 207 279 235 ἄλλά
295 207 368 242 ἅγια.
379 207 406 234 Id
419 215 455 232 rs:
478 214 486 234 :
523 214 591 241 opus
605 206 723 240 Spiritus
741 208 831 235 sancti
849 207 895 241 qtti

111 256 234 281 Arbitror
264 254 345 281 Deum
382 255 486 289 quidem
519 253 575 287 jam
597 261 626 280 se
649 254 682 281 ad
705 254 816 281 meliora
832 261 896 281 con-

111 299 232 331 Patrem,
245 308 303 326 cum
323 300 412 326 omnia
423 308 487 337 con-
523 305 675 334 vertunt,et
688 308 737 335 per
746 301 804 328 vias
818 301 896 328 Chri-

111 347 206 377 ιτιιεαι,
230 346 264 371 ad
284 347 487 380 unumquodque
523 348 556 374 sti
573 347 635 374 Jesu
651 347 789 380 incedunt,
804 348 829 374 id
843 353 895 380 est,

110 392 210 418 cntium
240 392 373 425 pervenire
385 412 394 423 ,
430 400 487 419 esse
523 394 568 428 qni
581 398 644 420 sunt
658 394 685 420 in
696 393 773 420 bonis
780 394 896 426 aclibus,

110 438 248 472 unicuique
260 438 486 472 impcrtientemtle
523 445 550 466 et
564 439 590 466 in
607 439 662 466 Deo
674 444 843 474 permanent.

110 491 158 509 ειιο
175 490 185 509 :
201 485 254 518 ipse
263 485 334 510 enim
355 491 393 510 cst
411 485 456 519 qui
468 489 516 512 est.
534 484 624 511 Minor
638 493 696 512 vero
714 484 796 512 Patre
809 485 897 511 Filius

111 529 145 554 ad
162 529 218 555 sola
233 529 404 556 rationabilia
419 529 556 563 pervenit;
577 536 615 556 est
641 530 711 556 enim
727 530 858 556 secundus
881 538 896 555 α

113 573 205 600 Patre.
222 574 314 600 Adhuc
326 575 406 601 etiam
417 569 627 607 minorSﬁiritus
643 580 759 608 sanctus,
774 575 808 601 ad
829 574 898 601 solas

111 623 217 644 nanctos
231 619 366 653 pertingit.
385 619 426 646 Ita
439 628 471 646 ex
486 620 535 646 hoc
548 620 635 654 major
647 625 685 647 est
708 624 824 654 potestas
841 618 898 645 Pa-

113 664 161 690 tris
178 673 257 698 quam
271 664 335 691 Filii
350 670 374 691 et
393 665 508 699 Spiritus
523 666 620 693 sancti.
637 666 757 700 Amplior
777 666 839 692 item
852 673 899 699 po-

114 715 194 736 testas
209 709 275 737 Filii
285 719 361 745 quant
371 710 487 745 Spiritus
500 713 584 738 sancti
595 721 603 743 ;
616 720 646 739 ac
659 720 764 739 rursum
772 717 900 746 prwstan-

113 756 166 781 tior
181 761 218 782 est
231 757 316 782 sancti
333 756 450 790 Spiritus
471 757 554 784 uirtus
567 766 646 792 quam
664 758 778 784 aliorum
794 761 900 784 sancto-

114 809 172 826 rum
187 801 310 837 entiam]

950 208 1065 234 rationis
1075 207 1199 234 homines
1212 210 1351 240 peccatum
1366 204 1466 231 habere
1478 203 1619 234 dicuntur;
1636 202 1734 228 videli—

948 259 991 281 cet
1007 261 1040 281 cx
1059 262 1113 287 quo
1127 253 1280 280 intellectus
1294 257 1375 285 atque
1390 251 1510 278 scientiae
1530 257 1646 283 capaces
1667 248 1735 275 cﬂ'e-

949 302 995 330 cti.
1024 309 1085 327 cum
1106 300 1162 334 jam
1189 299 1230 326 eis
1251 299 1313 326 boni
1329 298 1384 334 (85)
1401 298 1442 325 vel
1461 297 1522 324 tuali
1539 296 1733 324 discretionem

950 347 1020 374 ratio
1039 346 1203 373 intrinsecus
1223 346 1323 372 inserta
1338 344 1521 379 suggesserit;
1536 348 1564 370 et
1581 350 1643 370 cum
1662 342 1736 368 srire

947 393 1002 427 jam
1018 392 1151 426 coeperint
1165 392 1229 427 quid
1243 392 1278 418 sit
1294 391 1405 422 malum,
1421 391 1444 417 si
1464 390 1518 425 63
1532 389 1636 416 faciunt
1654 387 1735 418 illud,

950 445 1060 474 peccato
1073 438 1227 466 efficiuntur
1238 438 1346 465 obnoxii
1367 446 1374 463 :
1391 441 1419 463 et
1439 436 1491 463 hoc
1509 439 1552 462 est
1563 435 1634 468 quod
1654 433 1734 465 dicit,

950 486 1012 519 quia
1030 485 1231 512 excusationem
1245 491 1297 510 non
1315 483 1417 510 habent
1426 482 1550 509 homines
1562 487 1610 515 pro
1621 483 1736 514 peccato

951 539 1010 562 suo,
1027 537 1059 557 ex
1083 537 1137 561 quo
1153 530 1193 557 eis
1213 530 1320 556 divinus
1343 536 1432 555 sermo
1447 527 1487 554 vel
1504 528 1574 554 ratio
1590 525 1736 553 ostendere

951 575 1063 610 cmperit
1079 575 1105 601 in
1122 575 1204 601 corde
1220 574 1410 601 discretionem
1426 572 1486 599 boni
1504 577 1531 598 et
1546 571 1622 603 mali,
1634 575 1662 597 ut
1685 579 1737 605 per

951 618 1021 645 hanc
1035 617 1091 653 (84)
1107 618 1222 645 debeant
1247 617 1370 652 refugere
1383 621 1410 644 et
1425 624 1520 643 cavere
1535 615 1607 650 quod
1632 614 1735 642 malum

952 668 1009 695 est;
1033 663 1094 697 quia
1113 672 1122 688 ι
1137 663 1233 690 scienti
1257 664 1355 690 bonum
1374 667 1401 690 et
1418 670 1471 689 non
1492 661 1616 693 facienti,
1638 668 1738 695 pecca-

952 714 1008 736 tum
1027 714 1069 736 est
1088 709 1124 736 illi
1134 710 1169 736 ’9.
1182 719 1192 735 ι
1209 710 1273 736 Item
1283 709 1354 743 quod
1365 715 1459 735 omnes
1474 708 1600 735 homines
1613 715 1665 734 non
1673 710 1738 734 suttt

951 759 1027 782 extra
1054 756 1272 782 communionem
1302 754 1360 787 Dei,
1385 754 1436 782 hoc
1457 755 1537 781 modo
1561 753 1737 788 Evangelium

952 801 1040 834 docet,
1053 801 1158 828 dicente
1185 801 1348 827 Salvatore:
1364 809 1373 825 ι
1387 800 1511 835 Regnum
1535 799 1581 826 Dei
1609 807 1669 827 cum
1687 801 1740 825 ob-

151 847 178 873 ϐ.
198 847 265 880 Quia
279 853 370 875 autem
385 849 507 885 operatio
519 848 609 876 Patris
623 854 650 876 el.
670 849 729 876 Filii
750 854 778 877 et
796 850 821 876 in
835 857 900 877 san-
917 844 937 871 Β
951 847 1105 874 servatione
1127 854 1179 873 non
1208 848 1299 878 venit;
1319 853 1406 880 neque
1423 846 1524 878 dicent,
1539 853 1603 872 ecce
1617 845 1672 877 hic,
1690 848 1738 871 aut

114 891 166 918 ctis
182 895 210 918 et
225 893 250 918 ιιι
265 893 454 926 peccatoribus
469 894 515 926 sit,
528 893 718 921 manifestatur
733 903 767 922 ex
783 902 816 922 eo
828 895 899 929 quod

115 945 211 964 omnes
222 938 267 971 qui
283 939 462 966 rationabiles
477 945 554 972 sunt,
570 940 666 974 Verbi,
679 940 706 967 id
727 946 770 967 est
787 941 900 968 rationis

114 983 260 1017 participes
275 984 414 1019 sunt-(80),
426 990 454 1012 et
466 986 572 1019 perhoc
582 986 652 1013 velut
662 987 786 1021 quaedam
795 987 900 1014 sentina

115 1029 197 1055 insita
222 1029 276 1056 sibi
294 1035 390 1065 gerunt
415 1031 554 1063 sapientiae
579 1036 607 1058 et
627 1031 750 1066 justitirc,
766 1033 837 1066 qttod
858 1038 901 1060 est

113 1076 250 1104 Christus.
270 1077 310 1104 Ex
330 1085 363 1105 eo
384 1083 474 1105 autent
494 1079 540 1113 qui
560 1086 623 1105 vere
637 1083 689 1110 est,
705 1080 751 1114 qui
768 1080 834 1106 dixit
853 1087 901 1114 per

113 1121 252 1156 Moysem:
268 1131 279 1148 ι
295 1122 352 1157 Ego
369 1131 429 1150 sum
449 1125 493 1158 qui
510 1132 570 1151 sunt
585 1124 618 1156 ⁷⁸,
638 1134 648 1150 ι
661 1125 752 1151 omnia
773 1133 902 1159 quaecun-

113 1175 167 1202 que
186 1173 252 1195 sunt
271 1169 438 1204 participant
454 1178 461 1196 :
478 1177 539 1204 quae
554 1171 730 1205 participatio
747 1170 796 1197 Dei
813 1171 902 1198 Patris

114 1213 239 1240 pervenit
258 1213 285 1239 in
301 1220 398 1240 omttes
413 1218 467 1239 tam
483 1213 571 1247 justos
585 1221 667 1248 quant
687 1219 858 1248 peccatores,
875 1220 902 1241 et

115 1258 297 1285 rationabiles
318 1263 400 1292 atque
417 1258 628 1292 irrationabiles,
653 1264 681 1286 et
698 1260 724 1286 in
740 1261 830 1286 omnia
845 1268 903 1287 om-

121 1304 188 1330 nino
213 1311 273 1338 qua‘.
299 1308 373 1332 suttt.
389 1304 514 1331 Ostendit
530 1311 597 1331 sane
613 1310 641 1332 ct
658 1305 805 1339 Apostolus
828 1307 902 1340 quod

117 1357 213 1376 omnes
230 1349 350 1376 Itabeattt
365 1350 539 1384 participium
559 1350 681 1382 Christi,
702 1352 816 1378 dicens:
836 1361 846 1376 ι
865 1351 902 1378 Nc

116 1396 219 1422 dixeris
234 1395 261 1422 in
273 1395 357 1423 corde
369 1400 416 1422 tuo
433 1405 439 1422 :
454 1396 521 1429 Quis
536 1397 665 1424 ascendet
680 1398 705 1424 in
719 1398 816 1425 cmlutn
834 1398 904 1434 (81)?

116 1441 143 1468 id
161 1446 204 1468 est
217 1441 357 1468 Christum
384 1442 538 1474 deducere;
556 1448 602 1469 aut
625 1443 688 1478 quis
710 1445 857 1472 descendet
877 1446 903 1473 itt

117 1489 246 1521 abyssum
259 1486 270 1512 ?
290 1487 315 1513 id
330 1492 373 1514 est
392 1487 530 1514 Christum
542 1496 556 1514 a
571 1490 687 1516 mortuis
700 1497 837 1518 revocare.
851 1492 903 1519 Sed

117 1533 182 1566 quid
199 1533 265 1560 dicit
282 1533 442 1566 Scriptura?
457 1533 544 1567 Prope
560 1538 602 1561 est.
617 1535 730 1562 verbum
743 1536 770 1563 in
786 1545 834 1563 ore
847 1542 904 1570 tuo,
918 1525 940 1553 δ

117 1579 186 1605 etin
202 1579 283 1605 corde
297 1578 385 1606 tuo".
399 1571 412 1603 ι’
423 1578 463 1605 Ex
479 1586 533 1612 quo
551 1579 578 1605 in
591 1579 674 1606 corde
686 1581 807 1608 omniunt
821 1583 905 1617 signi-

121 1624 186 1652 ficat
202 1631 264 1651 esse
279 1624 417 1651 Christum
434 1624 582 1652 secundum
598 1625 623 1651 id
641 1627 712 1660 quod
728 1626 846 1655 Verbum
862 1631 903 1656 vel

121 1670 192 1696 ratio
201 1675 254 1701 est.
265 1670 343 1703 cujus
353 1670 562 1705 participatione
575 1670 754 1699 rationabiles
768 1678 840 1700 sunt.
852 1674 905 1701 Sed

118 1720 147 1741 et
173 1715 237 1743 illttd
259 1717 331 1750 quod
347 1716 374 1742 in
393 1715 541 1750 Evangelio
555 1716 657 1743 dictum
676 1722 718 1744 est
734 1726 741 1744 :
759 1728 767 1743 ι
781 1718 837 1746 Nisi
861 1727 906 1747 ve-

120 1762 221 1788 nissem
239 1766 267 1788 et
280 1762 387 1789 locutus
402 1761 513 1789 fuissem
527 1761 577 1794 eis,
595 1768 736 1796 peccatum
754 1772 807 1792 non
825 1766 908 1793 habe-

120 1813 192 1841 rent,
216 1816 289 1835 nunc
316 1813 405 1834 autem
427 1808 632 1836 excusationem
658 1817 712 1836 tton
733 1809 833 1838 habent
858 1820 906 1847 pro

119 1859 232 1889 peccato
247 1862 296 1881 suo
304 1854 326 1870 ⁷⁸
342 1854 416 1890 (82);
431 1864 440 1880 ι
458 1854 502 1882 his
521 1854 568 1890 qui
588 1855 722 1882 rationent
736 1862 847 1889 ttorunt,
863 1867 908 1886 us-

120 1908 173 1933 que
197 1900 229 1928 ad
253 1901 325 1936 quod
342 1905 446 1935 tempus
466 1905 606 1934 peccatum
628 1901 708 1928 homo
726 1910 779 1929 non
796 1903 907 1936 habeat,

121 1951 149 1977 ct
160 1955 194 1974 ex
211 1954 264 1982 qua
286 1952 368 1975 :ctate
389 1948 525 1975 obnoxius
542 1952 653 1981 peccato
673 1948 718 1979 sit.
735 1949 906 1977 manifestum

155 2030 180 2046 "
195 2029 280 2057 Exod.
292 2037 332 2062 Ill,
346 2029 389 2056 Η.
425 2029 448 2046 ⁷⁷
462 2029 542 2056 Rom.
554 2038 581 2061 x.
599 2030 626 2061 6,
638 2031 665 2064 7,
679 2031 704 2057 8.

119 2073 152 2099 ιι,
162 2066 190 2092 7.
226 2066 249 2082 ⁸³
262 2065 329 2092 Gen.
342 2072 379 2097 vt,
402 2065 428 2096 .3.
445 2065 468 2080 ⁸³
484 2065 583 2094 Psalm.
594 2073 650 2097 cui,
663 2067 705 2098 19,
716 2066 760 2093 50.

743 2031 765 2046 ⁷⁸
775 2030 853 2059 Joan.
866 2041 910 2065 xv,
920 2032 965 2059 22.

954 892 1007 924 ibi;
1023 892 1070 919 sed
1085 899 1198 925 regnum
1221 891 1269 919 Dei
1284 892 1355 918 itttra
1373 899 1420 919 vos
1439 891 1522 918 est“.
1536 901 1546 917 ι
1563 890 1615 917 Sed
1628 894 1655 917 et
1672 889 1738 916 illud

953 938 1098 965 videndum
1111 943 1153 965 est
1167 945 1201 965 ne
1215 937 1282 964 forte
1305 938 1375 965 idem
1389 937 1522 972 significet
1543 936 1616 971 quod
1638 936 1666 962 in
1687 935 1740 962 Ge—

953 984 1011 1011 nesi
1029 984 1159 1018 scriptutn
1183 989 1235 1015 est,
1251 991 1313 1010 cum
1330 984 1367 1010 ait
1385 992 1392 1011 :
1412 991 1421 1008 ι
1438 982 1470 1008 Ει
1494 982 1640 1009 insufflavit
1653 981 1680 1008 in
1698 980 1741 1008 fa-

953 1027 1022 1057 ciem
1040 1030 1098 1064 eius
1110 1029 1317 1063 inspiratiouent
1330 1030 1404 1060 vitae,
1417 1033 1443 1055 et
1456 1029 1544 1055 factus
1558 1032 1600 1055 est
1617 1027 1699 1055 Itonto
1711 1027 1740 1054 in

953 1075 1070 1101 animam
1090 1075 1223 1102 vivant“.
1239 1083 1248 1099 ι
1271 1074 1347 1107 Quod
1373 1074 1395 1100 si
1421 1073 1584 1108 generaliter
1601 1073 1628 1099 in
1644 1079 1740 1099 Omnes

954 1121 1076 1149 homines
1089 1122 1180 1149 datttm
1193 1128 1252 1148 esse
1268 1120 1540 1155 intelligitur,omnes
1550 1119 1677 1146 homines
1688 1118 1741 1145 ha-

954 1167 1018 1194 bettt
1033 1167 1205 1201 participium
1221 1167 1265 1193 Dei
1281 1167 1350 1200 t’85).

991 1214 1017 1241 7.
1033 1213 1061 1240 Si
1079 1220 1142 1240 vero
1160 1213 1211 1239 hoc
1223 1213 1258 1240 de
1276 1213 1378 1246 Spiritu
1397 1212 1443 1239 Dei
1465 1212 1566 1238 dictuttt
1585 1210 1742 1244 intelligen-

955 1259 1018 1285 dnnt
1045 1264 1097 1291 est,
1126 1259 1253 1292 qnoniant
1276 1264 1304 1286 et
1329 1259 1414 1286 Adam
1438 1260 1615 1293 propltctasse
1631 1257 1688 1292 (86)
1707 1257 1742 1284 de

955 1305 1090 1332 nonnullis
1106 1305 1250 1337 invenitur,
1273 1313 1338 1341 ergo
1348 1305 1404 1339 jam
1427 1314 1478 1331 non
1495 1303 1668 1339 generaliter,
1692 1303 1741 1330 sed

955 1351 1057 1378 sanctis
1083 1351 1237 1386 quibusque
1265 1352 1356 1378 datum
1382 1351 1468 1385 accipi
1495 1354 1593 1384 potest.
1619 1349 1742 1382 Denique

955 1398 1036 1424 etiam
1051 1398 1145 1424 diluvii
1161 1402 1283 1433 tempore
1297 1406 1358 1425 cuttt
1383 1397 1470 1424 omnis
1493 1405 1557 1424 caro
1573 1396 1742 1430 corrupisset

956 1444 1027 1469 viam
1043 1443 1102 1474 Dei.
1121 1449 1248 1478 tanquam
1262 1445 1296 1471 de
1312 1444 1429 1478 indignis
1443 1443 1498 1479 (87)
1510 1447 1538 1469 et
1551 1441 1744 1477 peccatoribus

956 1490 1087 1523 scriptum
1105 1495 1146 1516 est
1163 1490 1263 1517 dixisse
1279 1489 1361 1516 Deum
1377 1499 1384 1516 :
1403 1489 1476 1515 «Non
1490 1487 1660 1523 permanebit
1674 1485 1742 1521 Spi—

958 1535 1025 1562 ritus
1039 1543 1113 1563 tttcus
1128 1537 1153 1562 itt
1169 1536 1324 1563 ltotttittibus
1342 1537 1401 1563 istis
1424 1536 1450 1562 ιιι
1465 1541 1608 1564 aeternum,
1632 1538 1744 1568 propter

956 1582 1026 1616 quod
1044 1589 1110 1608 caro
1138 1588 1201 1609 sunt
1211 1583 1243 1608 ³⁸.
1258 1593 1267 1608 ι
1294 1582 1323 1609 In
1343 1589 1397 1616 quo
1420 1581 1563 1608 manifeste
1587 1580 1743 1607 ostenditur

956 1628 1026 1661 quod
1045 1629 1079 1655 ab
1104 1629 1222 1661 indignis
1236 1630 1389 1663 quibusque
1405 1628 1529 1655 aufertur
1547 1626 1666 1661 Spiritus
1682 1625 1741 1652 Dei.

958 1674 986 1700 Itt
1000 1674 1114 1702 Psalmis
1126 1675 1180 1709 (88)
1191 1682 1296 1709 queque
1307 1675 1435 1702 scribitur
1452 1683 1459 1701 :
1474 1683 1483 1699 ι
1495 1673 1609 1700 Auferes
1617 1672 1742 1707 spiritum

958 1727 1062 1753 corunt,
1077 1724 1105 1746 et
1122 1720 1259 1752 deficient,
1272 1725 1299 1747 et
1313 1720 1340 1747 in
1354 1725 1454 1747 terram
1468 1727 1544 1746 suain
1560 1723 1742 1745 revertentur.

956 1767 1071 1794 Emittes
1082 1766 1213 1800 Spiritum
1227 1772 1312 1798 tuum,
1327 1772 1353 1793 et
1366 1768 1542 1797 creabantur,
1556 1769 1583 1792 et
1596 1763 1745 1791 rcnovabis

957 1813 1053 1840 faciem
1066 1813 1188 1846 terras";
1207 1822 1217 1839 ι
1238 1814 1308 1848 quod
1328 1813 1468 1841 manifeste
1479 1815 1511 1840 de
1526 1813 1628 1847 Spiritu
1647 1816 1745 1838 sancto

958 1859 1126 1894 designatur,
1142 1859 1189 1894 qui
1205 1859 1305 1887 ablatis
1329 1865 1411 1893 atque
1431 1858 1573 1887 exstinctis
1593 1857 1745 1893 peccatori-

957 1905 1006 1932 bus
1025 1910 1052 1932 ct
1067 1906 1193 1940 indignis,
1211 1906 1269 1939 ipse
1282 1906 1332 1932 sibi
1349 1913 1450 1932 novum
1466 1905 1595 1940 populum
1611 1909 1700 1937 creet,
1717 1909 1746 1931 et

958 1955 1070 1977 renovet
1088 1950 1185 1978 facient
1212 1955 1301 1984 terras,
1326 1959 1388 1978 cum
1414 1959 1462 1986 per
1487 1951 1604 1986 gratiam
1625 1950 1745 1985 Spiritus

1003 2033 1025 2048 τ’
1036 2032 1128 2060 Jacob.
1156 2041 1194 2065 tv,
1206 2033 1250 2060 I7.
1287 2033 1310 2049 ⁸ο
1328 2033 1392 2062 Luc.
1407 2042 1473 2066 χιιι,
1486 2034 1530 2066 20,
1552 2034 1584 2062 2|
1636 2034 1659 2050 ’ί
1674 2033 1746 2062 Gen.

158 2144 278 2183 (80)_Sic
297 2145 490 2183 omnesfoild.
506 2154 572 2174 mss.
594 2147 688 2183 Alias,
717 2156 726 2171 ι
755 2148 817 2181 quia
846 2156 890 2181 qu:

995 2148 1010 2175 5
1023 2155 1030 2173 :
1044 2147 1123 2183 Παρὰ
1145 2147 1279 2182 Ἑϐραίοις
1292 2147 1320 2174 δὲ
1335 2148 1360 2174 οἱ
1382 2147 1528 2183 προφῆται
1539 2146 1651 2183 δυνάμει
1674 2145 1745 2183 Θερῦ

121 2181 245 2214 operatio
258 2180 345 2206 Patris
358 2185 384 2206 et
400 2180 457 2206 Fllii
528 2182 720 2216 manifestatur
735 2180 770 2208 es
785 2190 818 2209 eo
834 2180 905 2216 quod

122 2215 300 2243 rationabiles
315 2223 410 2241 omnes
430 2216 475 2249 qui
494 2221 571 2246 sunt,
585 2215 666 2242 Verbi
684 2216 744 2248 Dei,
762 2216 788 2243 id
803 2215 848 2244 est
860 2225 905 2243 ra-

122 2250 206 2277 tionis
217 2250 361 2284 participes
378 2255 449 2276 sttnt.
471 2259 480 2275 ι

159 2285 215 2319 (81)
234 2285 281 2321 Sic
295 2293 360 2311 mss.
375 2285 460 2316 Alias,
480 2294 489 2310 ι
510 2285 571 2319 quis
592 2286 770 2313 ascendit
787 2291 833 2313 aut
845 2287 906 2321 quis

122 2320 274 2348 descendit.
290 2329 300 2345 ι

160 2355 216 2390 (82)
237 2354 274 2381 Ita
290 2362 356 2382 tuss.
370 2354 456 2385 Alias,
473 2365 482 2380 ι
502 2355 535 2381 dc
552 2362 665 2390 peccato
677 2364 736 2382 suo.
758 2365 767 2381 ι

123 2425 130 2431 ι
159 2391 216 2431 (85)
236 2390 282 2416 Sic
296 2397 390 2416 omnes
409 2398 474 2416 mss.
492 2390 582 2422 Alias,
604 2400 613 2416 ι
634 2391 782 2425 capacibus
804 2391 908 2420 effectis

133 2433 177 2452 am
193 2433 244 2453 OIS.
260 2434 269 2450 Ι

133 2433 177 2452 am
211 2434 244 2452 Γ.
260 2434 269 2450 Ι

120 2433 130 2460 ³
160 2433 282 2496 (ὃὸδὸιο
298 2467 363 2487 mss.
380 2460 465 2491 Alias,
480 2459 544 2493 (qui
563 2460 764 2488 excusationem
782 2469 834 2488 ttou
859 2463 908 2489 ha-

124 2495 190 2525 bent
206 2495 245 2532 der
255 2500 366 2532 peccato
383 2503 443 2532 suo,
454 2502 555 2532 ex‘quo
571 2495 656 2532 eis....
668 2495 812 2523 ostendere
826 2499 909 2532 coepit

124 2532 207 2560 corde
221 2531 413 2558 discretionem
436 2529 499 2557 boni
515 2534 541 2556 et
558 2531 631 2560 mali,
649 2536 675 2557 et
689 2538 736 2564 per
751 2531 830 2558 hanc.
843 2542 853 2558 ι

161 2566 217 2602 (85)
231 2566 278 2602 Sic
292 2573 357 2592 mss.
370 2565 457 2596 Alias,
466 2574 482 2602 Δι
492 2569 519 2591 et
532 2565 676 2602 inattfllavit
691 2567 716 2592 in
737 2565 834 2602 facient
847 2567 908 2601 ejus

125 2599 439 2636 spiraculumivitataet
464 2599 551 2636 factus
573 2607 613 2627 cst
635 2601 714 2627 homo
735 2601 760 2627 iu
788 2599 906 2629 animant

124 2635 272 2664 viventem.
289 2635 367 2668 Quod
383 2635 405 2662 si
424 2635 587 2669 generaliter
601 2641 643 2662 est
668 2636 693 2662 itt
714 2644 808 2663 omnes
824 2639 911 2664 homi—

125 2680 173 2699 nes
187 2672 296 2697 habent.
309 2679 317 2694 ι

161 2707 216 2740 (86)
239 2704 371 2737 Quoniam
382 2710 405 2731 et
415 2705 499 2731 Adam
510 2706 688 2739 prophetasse.
704 2707 749 2733 Sic
761 2715 824 2734 mss.
835 2707 909 2734 Alias

126 2749 200 2772 vero,
225 2750 234 2765 ι
247 2741 381 2774 quomodo
403 2746 429 2767 ct
446 2741 530 2767 Adam
547 2741 732 2775 praphetasse.
746 2751 756 2766 ι
775 2742 908 2768 Adamuut

126 2778 309 2811 ρι’(ιιιῐιειξιδεᾷ
330 2777 413 2801 tradit
446 2775 515 2802 idem
544 2775 677 2811 Origenes
701 2777 809 2804 humilia
833 2777 850 2803 2
880 2777 906 2804 itt

125 2810 276 2844 canticum.
292 2810 415 2842 Clemens
431 2811 631 2839 Alexandrinus
648 2820 655 2839 ι
681 2812 820 2846 Stromat.,
843 2820 902 2850 pag.

959 2183 1005 2209 καὶ
1021 2181 1157 2218 snt-trimi?
1183 2181 1236 2218 ἰἐρὺ
1259 2183 1314 2218 μὲνν
1327 2183 1373 2209 τοῦ
1388 2181 1471 2217 νόμού
1491 2182 1575 2216 Ἀδάμ
1589 2181 1634 2218 ἐπί
1650 2190 1679 2218 τε
1695 2181 1746 2216 τῆς

959 2218 1096 2252 γυναικὸς,
1113 2217 1158 2244 ἐήί
1169 2226 1199 2244 τε
1207 2217 1260 2252 ea;
1283 2217 1360 2249 ζώων
1377 2217 1521 2253 ὀνομασίας
1546 2217 1744 2251 ammenta-ag.

961 2263 970 2278 ι
985 2254 1062 2287 Apud
1080 2253 1206 2279 Ilebrzeos
1225 2261 1314 2279 autem
1333 2253 1377 2280 Dei
1398 2252 1499 2279 virtute
1521 2256 1548 2278 et
1564 2252 1745 2284 inspiratione

959 2288 1096 2322 propheta:
1110 2289 1250 2317 exstitere.
1267 2292 1329 2314 ante
1346 2288 1430 2321 legent
1447 2289 1557 2322 quidem
1575 2287 1696 2322 Adamus
1710 2289 1744 2314 de

959 2321 1085 2355 iuuliere,
1110 2328 1137 2349 et
1162 2323 1188 2349 ιιι
1213 2323 1391 2349 anitttantiunt
1407 2321 1631 2349 dctt’ontinatione
1652 2321 1742 2348 futura

957 2358 1125 2393 significans.
1140 2367 1149 2384 I
1166 2358 1299 2384 Adatnutn
1319 2365 1426 2392 quoque
1450 2358 1519 2384 haud
1545 2357 1662 2393 obscure
1679 2364 1744 2393 pro-

958 2391 1065 2427 phetam
1090 2393 1208 2427 appellat
1223 2392 1346 2420 Justinus
1371 2391 1474 2427 martyr
1491 2391 1628 2424 Apologia,
1652 2400 1678 2426 p.
1697 2392 1741 2418 73.

957 2429 1021 2455 Item
1050 2428 1290 2462 pseudo-Clemens
1323 2428 1370 2454 lib.
1392 2435 1400 2454 ι
1426 2427 1576 2461 Ηεεοῃηιιη
1594 2435 1669 2453 ιιιιιιι.
1694 2427 1742 2457 47,

957 2463 1069 2490 Petrum
1085 2464 1188 2489 inducit
1201 2462 1380 2489 aﬂirmautetn
1396 2471 1405 2486 ‹
1417 2462 1488 2496 quod
1500 2467 1603 2488 certum
1619 2463 1653 2488 sit
1669 2463 1744 2488 Ada-

957 2506 1030 2525 ntum
1055 2499 1213 2532 prophetam
1246 2497 1338 2524 fuisse.
1354 2507 1363 2523 ι
1394 2497 1440 2532 llis
1464 2496 1533 2523 adde
1557 2497 1742 2530 Epiphaniam

956 2537 1021 2561 tom.
1038 2530 1061 2565 l,
1069 2530 1132 2567 pag.
1148 2533 1174 2562 6.
1192 2533 1332 2568 προφήτης
1345 2533 1399 2568 γὰρ
1416 2530 1460 2567 ἦν,
1469 2537 1496 2558 et
1510 2531 1620 2558 Suidattt
1636 2532 1663 2558 in
1677 2539 1745 2568 voce

963 2568 1058 2603 Ἀδάμ,
1074 2569 1120 2594 ubi
1135 2567 1233 2601 praeter
1247 2569 1368 2594 omnium
1383 2567 1588 2601 disciplinarum
1607 2567 1744 2593 iuventio-
1757 2569 1760 2573 ‘

957 2611 1018 2629 nent
1031 2602 1194 2636 'propltetias
1208 2603 1290 2629 etiattt
1308 2602 1344 2628 illt
1359 2603 1462 2629 tribuit.

994 2638 1050 2673 (87)
1065 2635 1110 2664 Sic
1126 2645 1220 2673 omnes
1239 2645 1304 2664 ntss.
1320 2638 1406 2670 Alias,
1425 2646 1434 2662 ι
1445 2638 1516 2664 viam
1533 2644 1622 2669 suant,
1638 2637 1671 2663 de
1689 2635 1745 2662 illis

959 2672 1085 2707 tanquam
1101 2675 1133 2699 de
1152 2672 1276 2707 indignis.
1291 2682 1300 2698 ι

994 2705 1049 2743 (88)
1068 2709 1115 2735 Sic
1131 2715 1196 2734 mss.
1210 2705 1314 2734 omnes.
1330 2707 1414 2738 Alias,
1435 2716 1445 2732 ι
1459 2707 1484 2733 in
1499 2706 1615 2740 psalnto.
1629 2715 1639 2732 ι
1659 2705 1745 2743 Paulo

955 2741 1014 2779 post
1032 2741 1107 2777 tttss.,
1118 2752 1127 2768 ‹
1139 2748 1165 2769 ct
1183 2744 1208 2769 in
1224 2749 1325 2769 terram
1339 2750 1414 2768 suam
1433 2747 1615 2769 revertentur.
1629 2751 1638 2767 ι
1655 2741 1744 2775 Alias,

958 2790 967 2805 ‹
981 2781 1006 2807 in
1021 2779 1157 2813 pulverem
1165 2779 1247 2805 'suuut
1266 2782 1448 2805 revertentur.
1464 2787 1474 2802 ι
