1883 3072
77 115 126 146 ιῦῧ

773 117 873 145 LIBER
892 117 1030 147 PRIMUS.

1655 119 1705 143 151

77 175 242 210 deponentes
256 178 378 201 veterem
394 173 530 201 hominem
552 181 612 200 cum
630 174 734 201 actibus
753 175 819 208 suis,
837 175 862 201 iu
879 179 901 206 Α
917 175 980 202 mini
995 174 1058 203 Jesu
1075 174 1175 202 Christi
1192 175 1356 209 prateipuum
1371 173 1506 208 quoddam
1520 171 1702 200 ministerium

78 220 196 247 novitate
214 219 282 245 vitm.
309 219 446 253 coeperint
471 219 622 246 ambulare.
648 219 679 246 Et
707 221 768 248 ideo
783 221 816 248 de
835 229 868 248 eo

79 269 263 300 competenter
282 265 397 297 dicitur,
415 265 478 299 quia
497 272 549 291 non
577 265 602 291 in
628 265 763 299 omnibus,
781 273 868 300 neque

79 311 106 339 in
122 311 165 338 his
183 312 227 344 qui
246 318 314 338 caro
327 315 402 343 sunt,
419 311 466 337 sed
491 311 517 336 in
533 310 575 337 his
590 318 705 344 quorum
728 315 800 338 terra
823 319 865 338 re-

79 361 175 383 novata
197 355 290 387 fuerit,
309 356 428 391 Spiritus
447 361 560 383 sanctus
579 356 722 384 habitabit.
749 356 868 391 Denique

80 403 182 430 ideirco
210 411 260 437 per
287 403 489 437 impositionem
522 411 651 430 manuum
683 404 866 438 apostolorum

79 453 140 484 post
156 449 324 483 baptistuum
341 449 429 483 gratia
447 453 475 477 et
491 449 621 476 revelatio
643 450 729 476 sancti
751 451 868 484 Spiritus

79 495 250 522 tradebatur.
269 494 322 522 Sed
335 499 363 522 et.
375 495 502 522 Salvator
512 500 604 522 noster
618 501 678 529 post
691 497 868 524 resurrectio-

78 549 152 572 nem,
166 548 230 568 eum
247 546 339 568 vetera
353 541 407 576 jam
425 541 601 573 transissent,
615 546 642 568 et
659 541 730 568 facta
753 542 868 569 fuissent

78 587 170 614 omnia
187 594 269 619 nova,
286 594 374 614 novus
394 587 451 620 ipse
473 587 553 614 honto
571 592 599 614 et
622 588 817 623 primogenitus
832 596 866 615 ex

79 633 196 659 mortuis
213 632 418 667 renovatis(89)
430 640 538 667 quoque
552 640 599 667 per
611 633 690 660 fidem
705 640 759 660 sua:
775 641 866 660 resur-

79 679 213 706 rectionis
239 678 370 713 apostolis
395 679 433 705 ait
450 686 458 705 τ
474 679 618 714 «Accipite
644 676 776 713 Spiritum
804 687 866 706 san-

78 724 194 752 ctum”.
209 734 219 750 ι
242 725 300 752 Hoc
322 730 364 752 est
381 725 508 751 nimirum
534 726 603 759 quod
620 730 647 752 et
661 726 718 759 ipse
741 725 867 753 Salvator

80 769 213 797 Dominus
236 770 262 796 in
289 770 437 805 Evangelia
461 770 662 804 designabat",
687 778 748 798 cum
772 771 864 797 vinum

78 823 177 843 novum
193 816 221 842 in
235 821 311 842 utres
331 816 401 842 mitti
420 823 500 850 posse
515 820 624 843 veteres
637 806 799 851 denegabat,
816 817 865 844 sed

75 862 189 896 jubebat
214 866 288 889 utres
311 862 370 889 ﬁeri
394 869 478 889 novos
491 862 558 897 (90),
586 862 612 889 id
637 868 679 889 est
697 863 820 890 homines
839 864 865 890 in
882 857 904 887 Β

79 909 199 935 novitate
209 908 274 934 vita:
285 908 436 940 ambulare,
448 913 477 935 ut
486 909 577 935 vinum
594 916 702 941 novum,
714 909 739 936 id
753 914 793 936 est
805 909 866 944 Spi-

79 955 148 981 ritus
162 955 247 981 sancti
271 955 365 988 gratia:
377 955 545 988 susciperent
559 955 718 983 novitatem.
733 956 787 982 lloc
799 964 864 989 ergo

79 1005 156 1034 pacto
170 1001 295 1034 operatio
312 1002 418 1027 virttttis
434 1001 479 1027 Dei
494 1001 582 1028 Patris
597 1006 624 1027 et
643 1001 701 1028 Filii
719 1002 865 1029 indiscrete

79 1053 160 1079 super
173 1053 282 1073 onmem
299 1048 470 1080 protenditur
483 1048 539 1082 (9|)
553 1051 708 1075 creaturam
723 1057 730 1075 :
746 1048 864 1083 Spiritus

79 1093 163 1119 sancti
178 1099 245 1119 vero
267 1093 502 1128 participationem
519 1102 533 1121 a
548 1095 651 1122 sanctis
677 1097 864 1122 tantummodo

80 1138 172 1165 haberi
198 1138 362 1166 invenimus.
389 1139 501 1175 Propter
524 1143 594 1175 quod
623 1141 742 1168 dicitur:
758 1150 767 1166 ι
781 1140 864 1168 Nemo

79 1189 163 1219 potest
180 1186 274 1212 dicere
290 1183 445 1213 Dominum
457 1186 549 1214 Jesum
568 1187 619 1214 nisi
639 1187 664 1214 in
685 1188 785 1221 Spiritu
799 1195 863 1215 san—

78 1231 174 1258 rto‘h
192 1231 226 1257 Et
241 1232 288 1258 vix
303 1232 448 1265 aliquando
461 1232 512 1267 ipsi
526 1233 638 1267 apostoli
653 1233 709 1268 (92)
727 1234 800 1269 digni
816 1235 863 1262 ha‘

78 1279 174 1306 bentur
189 1279 287 1306 audire
300 1287 307 1305 :
324 1288 334 1305 ‹
345 1280 494 1314 Aceipietis
506 1282 635 1309 virtutem
648 1283 863 1316 supervenientis

78 1324 195 1358 Spiritus
214 1325 302 1351 sancti
321 1325 348 1351 in
374 1332 422 1351 vos
430 1325 463 1351 ⁸⁷.
475 1335 483 1350 ι
501 1325 615 1361 Propter
630 1328 700 1361 quod
723 1333 751 1354 et
767 1336 863 1356 censeo

77 1378 163 1404 qtteus
182 1375 258 1404 puto,
272 1371 334 1404 quia
352 1371 399 1404 qui
423 1374 576 1406 peccaverit
598 1374 706 1407 quidem
722 1374 748 1400 in
765 1374 862 1401 Filium

77 1418 197 1444 hominis
215 1418 291 1444 venia
304 1418 402 1454 dignus
414 1424 471 1450 est;
489 1427 538 1453 pro
552 1427 584 1447 eo
599 1421 672 1454 qttod
687 1421 709 1448 is
722 1421 766 1455 qui
780 1420 861 1448 Verbi

77 1465 122 1491 Dei
137 1465 179 1491 vel
195 1465 310 1491 rationis
321 1469 362 1491 est
376 1466 522 1500 particeps,
536 1466 558 1493 si
575 1466 680 1493 desinat
693 1467 862 1494 rationabili-

77 1515 118 1538 ter
131 1511 237 1544 vivere,
261 1511 367 1538 videtur
395 1512 420 1538 in
447 1512 624 1545 ignorantiam
652 1513 693 1540 vel
719 1513 860 1540 stultitiam

77 1557 223 1589 decidisse,
246 1561 274 1584 et
298 1563 407 1591 propter
430 1558 480 1585 hoc
507 1559 612 1586 veniam
637 1561 799 1593 promereri;
816 1560 861 1595 qui

75 1609 163 1631 autem
180 1605 280 1639 dignus
293 1605 349 1639 jant
365 1605 475 1632 habitus
488 1610 530 1632 est
545 1606 632 1632 sancti
648 1605 765 1640 Spiritus
778 1607 863 1640 parti-

75 1651 221 1686 cipatione,
244 1656 271 1677 et
289 1656 363 1678 retro
384 1651 465 1678 fuerit
483 1660 641 1684 conversus,
666 1653 708 1680 hic
734 1654 820 1687 reipsa
835 1659 863 1681 et

74 1704 156 1731 opere
174 1697 380 1732 blasphemasse
403 1698 503 1725 dicitur
524 1699 548 1725 in
569 1697 700 1732 Spiritum
725 1704 860 1727 sanctum.

74 1741 112 1769 Ne
126 1744 189 1777 quis
201 1751 268 1770 sane
280 1744 420 1772 existimet
434 1752 482 1771 nos
495 1752 526 1771 ex
543 1753 575 1771 eo
586 1746 656 1779 quod
669 1745 787 1772 diximus
799 1746 860 1779 Spi-

75 1789 156 1815 ritum
179 1793 304 1816 sanctum
329 1789 394 1816 solis
417 1790 520 1817 sanctis
536 1790 669 1824 praestari,
692 1790 781 1817 Patris
797 1799 862 1818 vero

74 1839 101 1860 et
124 1833 189 1861 Filii
214 1835 344 1862 beneficia
371 1835 413 1862 vel
437 1836 638 1870 inope-rationes
663 1837 804 1871 pervenire
828 1838 861 1864 ad

75 1880 161 1906 honos
184 1885 212 1907 et
236 1881 330 1914 malos,
346 1881 434 1915 justos
458 1887 486 1909 et
507 1882 632 1915 injuslus,
650 1883 801 1916 prmlulisse
815 1891 862 1918 per

76 1924 126 1952 hoc
141 1926 216 1953 Patri
232 1932 259 1953 et
275 1927 346 1954 Filio
363 1927 493 1962 Spiritum
518 1933 654 1959 sanctum.
674 1929 717 1955 vel
733 1929 861 1962 majorem

72 1972 134 2005 eius
161 1980 213 2006 per
234 1973 286 2000 hoc
314 1981 438 2000 asserere
466 1974 651 2008 dignitatem:
672 1976 742 2009 quod
770 1976 862 2009 utique

75 2018 153 2045 valde
169 2019 368 2054 inconsequens
382 2024 434 2046 est.
452 2020 652 2055 Proin-ietatem
668 2029 784 2056 nantque
797 2029 861 2056 gra-

74 2064 119 2091 tiae
136 2063 197 2097 ejus
217 2065 362 2099 operisque
378 2066 579 2101 descripsimus.
595 2067 678 2093 Porro
694 2072 783 2094 autem
796 2068 861 2094 nihil

75 2110 100 2137 in
126 2110 263 2137 Trinitate
282 2111 370 2146 majus
400 2112 522 2139 minusve
549 2113 696 2140 dicendtnn
720 2117 775 2144 est.
797 2121 860 2141 cum

73 2156 153 2182 unius
174 2156 326 2183 divinitatis
345 2157 405 2185 fons
428 2159 510 2185 verbo
531 2166 563 2186 ac
587 2160 694 2186 ratione
708 2167 755 2186 sua
772 2164 861 2185 teneat

74 2201 212 2232 universa,
225 2201 324 2235 spiritu
340 2209 406 2229 vero
425 2203 480 2230 oris
495 2204 535 2230 sui
552 2211 613 2238 qua:
625 2204 704 2238 digna
719 2209 781 2231 sunt
795 2213 858 2231 san-
876 2215 897 2242 υ

73 2246 429 2280 ctificatione,sanctiticet,
454 2249 525 2274 sicut
549 2249 574 2275 in
600 2249 703 2283 psalmo
725 2250 856 2284 scriptum

73 2296 134 2318 est:
151 2300 160 2316 ι
174 2290 265 2318 Verbo
288 2292 393 2319 Domini
420 2293 482 2319 caeli
504 2293 601 2320 firmati
628 2299 699 2325 sunt,
715 2300 742 2322 et
762 2295 857 2329 spiritu

73 2337 127 2364 oris
139 2337 198 2370 ejus
210 2339 300 2365 omnis
314 2339 400 2366 virtus
411 2347 504 2366 eorum
513 2340 546 2367 ⁸³.
555 2349 563 2365 ι
580 2340 627 2367 Est
643 2341 724 2367 etiam
736 2342 857 2375 quaedam

75 2383 226 2417 inoperatio
254 2385 300 2411 Dei
321 2384 410 2412 Patris
435 2386 570 2420 prmcipua
593 2391 692 2420 pra‘ter
717 2387 788 2413 illam
805 2395 858 2422 qua

74 2429 199 2455 omnibus
215 2434 244 2455 ut
257 2434 350 2456 essent
365 2430 527 2457 naturaliter
544 2431 681 2464 praestitit.
701 2431 748 2459 Est
763 2437 790 2459 et
804 2433 856 2459 Do-

374 2486 397 2502 ⁸⁵
416 2487 508 2514 Matth.
522 2495 559 2519 ix,
573 2488 617 2519 16,
643 2489 686 2515 17.

217 2523 239 2537 ⁰⁰
255 2522 320 2549 ibid.
338 2523 382 2550 Η.
399 2523 421 2539 9‘
435 2524 499 2551 ibid.
512 2524 540 2552 6.

106 2487 129 2502 “
140 2486 218 2514 Joau.
232 2494 278 2516 xx,
291 2487 336 2513 2‘2.

74 2522 100 2555 4,
113 2522 140 2554 5,
153 2522 178 2550 6.

106 2595 163 2632 (89)
187 2596 338 2623 Renovatis.
351 2596 397 2624 Sic
419 2603 514 2624 omnes
533 2605 597 2624 mss.
614 2598 696 2631 Alias,
721 2606 856 2625 trcnova-

75 2635 128 2660 tur.
143 2642 153 2657 ι
176 2632 256 2659 male.

108 2667 163 2702 (9U)
185 2667 222 2693 Ita
240 2669 311 2694 hunc
326 2666 412 2693 locum
426 2667 574 2694 restituunt
586 2677 681 2695 otnncs
697 2668 775 2695 codd.
792 2677 856 2695 mss.

76 2700 203 2728 lu'autea
232 2703 314 2729 editis
341 2702 460 2736 legitur:
480 2703 565 2729 (Cum
593 2712 690 2730 novum
718 2705 810 2729 viuuut
832 2705 856 2731 in

76 2741 144 2774 utres
161 2745 246 2764 novos
260 2737 331 2774 mitti
344 2744 423 2771 posse
437 2743 464 2764 et
479 2738 505 2764 in
521 2743 625 2765 veterEs
638 2740 799 2774 denegabat,
811 2740 858 2766 sed

77 2772 182 2799 videbat
199 2778 275 2799 utres
292 2772 350 2798 fieri
373 2780 466 2798 novos.
479 2781 488 2797 ι

107 2808 162 2841 (91)
183 2809 221 2834 Ita
239 2815 306 2834 mss.
322 2807 406 2838 Alias,
428 2807 624 2840 (pet-tenditur.
639 2818 648 2833 ι

107 2842 161 2880 (92)
183 2843 229 2870 Sic
247 2850 313 2870 mss.
333 2843 418 2875 Alias,
439 2851 448 2868 ι
462 2843 581 2878 angeli.)
604 2845 680 2872 male.

725 2489 748 2505 ⁸⁵
761 2490 770 2516 1
782 2489 843 2517 Cor.
858 2498 907 2522 xtl,
919 2491 946 2518 5.
981 2491 1004 2507 ⁸⁷
1017 2491 1078 2519 Act.
1092 2499 1112 2525 ι,
1125 2491 1152 2519 8.

923 222 949 247 in
963 228 1009 248 eos
1023 221 1122 255 quibus
1141 220 1300 247 naturaliter
1315 225 1344 246 ut
1363 218 1542 246 rationabiles
1557 219 1623 250 sint,
1636 226 1703 244 con-

922 266 982 297 fert,
999 274 1046 300 per
1061 266 1131 300 quod
1154 266 1187 292 ad
1212 266 1269 292 hate
1283 273 1344 300 qua:
1367 270 1429 293 sunt
1449 269 1594 300 prmstatur
1617 264 1657 291 eis
1675 267 1705 290 ut

921 313 989 340 bene
1003 312 1066 339 sint.
1082 312 1128 338 Est
1144 316 1171 338 et
1185 310 1238 338 alia
1253 319 1361 345 quoque
1375 312 1458 338 etiam
1477 311 1594 345 Spiritus
1614 309 1702 337 sancti

922 358 1006 392 gratia
1021 365 1080 392 qua:
1094 357 1182 391 dignis
1196 361 1351 391 praestatur,
1365 357 1517 384 ministrata
1532 356 1640 390 quidem
1655 362 1703 388 per

920 403 1068 435 Christum,
1083 403 1220 438 inoperata
1236 409 1327 430 autem
1341 411 1355 429 a
1370 402 1448 429 Patre
1461 403 1607 430 secundum
1621 402 1703 429 nteri-

922 455 978 477 tum
993 457 1086 477 eorum
1100 451 1145 485 qui
1163 457 1276 484 capaces
1290 449 1349 484 ejus
1362 448 1527 476 efﬁciuntur.
1543 448 1618 481 Quod
1643 455 1702 474 ma-

921 496 1095 523 nifestissime
1119 496 1221 523 indicat
1241 495 1380 530 apostolus
1401 495 1511 528 Paulus,
1528 502 1608 521 unam
1625 501 1701 521 eain-

921 543 1035 577 demque
1060 543 1186 569 virtutem
1212 542 1356 569 Trinitatis
1372 548 1514 576 exponens
1540 541 1566 567 in
1586 547 1619 567 eo
1639 540 1701 566 dmn

921 587 1006 614 dicit:
1023 598 1032 614 ι
1044 588 1193 616 Divisiones
1220 592 1284 614 sunt
1310 588 1444 614 donoruut
1462 586 1530 622 (93).
1550 585 1605 621 64
1631 585 1701 612 idern

920 640 1010 662 autem
1028 635 1162 669 Spiritus;
1186 639 1213 662 et
1229 634 1376 662 divisiones
1392 638 1457 660 sunt
1476 633 1702 663 ministeriorum,

920 681 999 711 idem,
1015 687 1104 707 autem
1129 681 1275 712 Dominus;
1292 684 1320 706 et
1344 679 1493 706 divisiones
1516 677 1702 712 operationum

920 731 993 759 sunt,
1008 727 1077 754 idem
1091 732 1179 753 autetn
1193 727 1263 753 Deus
1275 726 1321 760 qui
1333 729 1462 759 operatur
1472 723 1562 751 omnia
1576 723 1601 750 in
1614 722 1704 749 omni-

918 773 979 800 bus.
995 773 1148 808 Uuicuique
1163 777 1253 799 autem
1277 773 1356 799 datur
1376 771 1560 799 ntanil’estatio
1585 770 1703 804 Spiritus

919 819 1066 846 secundum
1082 819 1108 846 id
1122 819 1194 853 quod
1214 818 1363 853 expedit”.
1375 827 1384 844 ι
1408 817 1446 844 Ex
1463 824 1516 851 quo
1532 815 1700 843 manifestis-

919 867 985 894 sime
1003 866 1161 901 designatur
1176 866 1248 900 quod
1262 865 1335 893 nulla
1353 869 1395 892 est
1407 865 1433 891 in
1448 864 1584 891 Trinitate
1599 863 1703 890 discre—

920 913 968 944 tio,
981 913 1027 940 sed
1042 913 1094 940 hoc
1110 912 1183 947 quod
1206 912 1307 940 donum
1329 911 1447 946 Spiritus
1461 911 1572 943 dicitur,
1588 908 1704 936 manife-

919 963 1006 986 statur
1019 965 1067 993 per
1080 958 1190 990 Filium,
1200 962 1227 985 et
1240 958 1400 992 inoperatur
1416 965 1463 991 per
1482 957 1565 984 Deum
1583 955 1701 982 Patrem.

922 1014 931 1030 ι
947 1004 1042 1031 Omnia
1056 1009 1145 1031 autem
1160 1007 1288 1038 operatur
1303 1011 1372 1030 untts
1386 1007 1468 1036 atque
1485 1003 1555 1030 idern
1572 1001 1701 1036 Spiritus,

919 1051 1040 1078 dividens
1054 1049 1199 1084 unicuique
1214 1049 1269 1082 (94)
1285 1054 1365 1083 prout
1381 1049 1438 1075 vult
1449 1048 1484 1074 θ’.
1498 1057 1506 1074 t

952 1097 979 1124 8.
995 1097 1042 1124 [Iis
1056 1096 1136 1131 igitur
1153 1097 1186 1123 de
1204 1095 1308 1122 unitate
1324 1095 1424 1127 Patris,
1440 1100 1467 1122 et
1481 1094 1553 1126 Filii,
1571 1099 1598 1121 et
1614 1093 1700 1128 Spiri-

921 1149 962 1170 tus
975 1143 1060 1170 sancti
1074 1142 1240 1177 protestatis,
1256 1141 1398 1169 redeamus
1410 1148 1481 1167 nunc
1500 1140 1533 1167 ad
1552 1147 1613 1167 eum
1630 1139 1703 1166 ordi-

918 1197 978 1216 nem
996 1196 1074 1224 quom
1093 1189 1228 1216 disserere
1244 1195 1427 1222 ceperamus.
1442 1187 1512 1214 Deus
1523 1186 1604 1212 Pater
1614 1185 1702 1212 omni-

919 1233 967 1260 bus
988 1237 1095 1267 prmstat
1114 1237 1142 1260 ut
1164 1234 1235 1265 sint;
1253 1232 1426 1267 participatio
1443 1239 1509 1258 vero
1525 1228 1639 1263 Christi,
1657 1238 1701 1258 se-

918 1280 1032 1306 cundum
1048 1280 1073 1305 id
1087 1280 1157 1314 quod
1170 1279 1289 1307 Verbum
1306 1280 1348 1306 vel
1365 1279 1436 1306 ratio
1451 1283 1502 1311 est,
1513 1277 1578 1305 facit
1594 1286 1624 1304 ea
1640 1285 1700 1304 esse

918 1325 1101 1353 rationabilia.
1118 1325 1158 1352 Ex
1173 1333 1227 1360 quo
1250 1333 1423 1360 consequens
1443 1330 1485 1352 est
1507 1332 1539 1352 ea
1558 1324 1601 1351 vel
1623 1323 1702 1350 laude

918 1372 997 1406 digna
1012 1379 1083 1403 esse,
1099 1372 1142 1399 vel
1164 1372 1253 1406 culpa,
1276 1371 1339 1406 quia
1355 1371 1463 1398 virtutis
1474 1374 1501 1397 et
1517 1369 1626 1396 malitia:
1639 1374 1703 1396 sunt

917 1418 1037 1452 Capacia.
1066 1417 1180 1451 Propter
1210 1418 1261 1444 hoc
1289 1421 1488 1451 consequenter
1516 1416 1593 1443 adest
1618 1415 1700 1442 etiam

917 1464 1003 1498 gratia
1026 1463 1145 1498 Spiritus
1165 1464 1264 1496 sancti,
1289 1468 1318 1489 ιιι
1344 1471 1376 1490 ea
1400 1470 1461 1497 quae
1481 1461 1702 1489 substantialitet-

917 1515 1010 1536 sancta
1025 1517 1076 1536 non
1099 1514 1171 1543 sunt,
1195 1510 1405 1544 participatione
1418 1508 1511 1543 ipsius
1531 1512 1625 1535 sancta
1644 1507 1700 1535 6111-

915 1556 1029 1582 ciantur.
1044 1555 1111 1583 Cum
1125 1563 1190 1591 ergo
1206 1555 1293 1590 primo
1317 1559 1347 1581 ut
1370 1555 1435 1587 sint,
1452 1554 1572 1582 habeant
1588 1547 1623 1582 e'x
1647 1554 1702 1581 Deo

913 1601 1010 1634 Patre;
1039 1602 1157 1629 secundo
1183 1607 1211 1628 ut
1242 1601 1416 1629 rationabilia
1443 1601 1508 1633 sint,
1527 1601 1645 1628 habeant
1666 1607 1702 1628 ex

913 1646 1017 1679 Verbo;
1033 1648 1111 1674 tertio
1134 1652 1164 1674 ut
1183 1648 1236 1674 sint
1258 1652 1364 1679 sancta,
1391 1647 1509 1674 habeant
1536 1655 1570 1673 ex
1597 1647 1701 1681 Spiritu

912 1697 1018 1723 sancto,
1035 1701 1141 1720 rursum
1155 1693 1256 1719 Christi
1272 1695 1420 1720 secundum
1434 1693 1492 1721 ,hoc
1507 1692 1578 1728 quod
1590 1691 1699 1726 iustitia

916 1740 961 1766 Dei
974 1744 1025 1771 est,
1046 1740 1154 1774 capacia
1173 1739 1327 1766 efﬁciuntur
1340 1747 1371 1767 ea
1388 1747 1448 1774 qua:
1459 1740 1515 1773 jam
1530 1739 1700 1766 sanctificata

913 1791 975 1812 attte
991 1785 1091 1813 fuerint
1103 1794 1150 1820 per
1169 1785 1299 1820 Spiritum
1314 1791 1457 1818 sant-tum;
1474 1791 1501 1814 et
1518 1786 1563 1820 qui
1585 1786 1611 1812 in
1628 1787 1701 1813 hunc

912 1833 1023 1866 gradum
1046 1833 1180 1867 proiicere
1206 1833 1356 1860 meruerint
1380 1840 1428 1868 per
1455 1833 1699 1860 sanctificationem

914 1877 1029 1912 Spiritus
1048 1878 1148 1910 sancti,
1171 1884 1374 1912 consequentur
1399 1879 1575 1906 nihilominus
1599 1878 1699 1905 donum

913 1925 1053 1959 sapientiae
1081 1925 1231 1952 secundum
1258 1926 1387 1952 virtutem
1418 1929 1447 1951 et.
1482 1925 1698 1959 inopcrationem

914 1971 1032 2005 Spiritus
1048 1971 1108 1998 Dei.
1125 1971 1159 1998 Et
1173 1971 1224 1999 hoc
1242 1976 1306 2005 puto
1326 1971 1439 1998 Paulum
1465 1971 1566 2003 dicere,
1582 1978 1645 1998 cum
1661 1969 1700 1996 ait

912 2016 1072 2052 quibusdam
1087 2017 1147 2044 dari
1164 2024 1317 2045 sermonem
1339 2017 1491 2052 sapientiae,
1508 2016 1567 2044 aliis
1594 2023 1698 2044 sermo-

913 2071 972 2090 nem
995 2063 1115 2090 scieutia:
1132 2063 1283 2091 secundum
1301 2064 1426 2091 eumdem
1451 2063 1592 2098 Spiritum.
1608 2063 1700 2090 Etde-

912 2110 1023 2143 signans
1041 2116 1263 2144 unamquamque
1277 2109 1470 2137 discretionem
1494 2109 1638 2143 donorum,
1654 2117 1699 2136 rc—

913 2155 964 2183 fert
982 2156 1072 2182 omnia
1088 2156 1121 2183 ad
1136 2155 1325 2183 universitatis
1343 2155 1460 2189 fontem,
1482 2160 1508 2182 et
1525 2155 1611 2182 dicit:
1628 2164 1638 2181 ι
1653 2155 1699 2183 Di-

912 2202 1029 2229 visiones
1047 2207 1111 2229 sunt
1134 2203 1364 2236 inoperationum,
1387 2202 1434 2229 sed
1465 2210 1534 2229 untts
1558 2202 1629 2229 Deus
1652 2204 1697 2236 qui

910 2255 1039 2283 operatur
1051 2250 1142 2277 omnia
1155 2250 1181 2276 in
1195 2250 1322 2276 omnibus
1332 2250 1381 2276 “.i
1403 2249 1480 2276 Unde
1502 2254 1529 2276 et
1549 2249 1699 2284 inoperatio

911 2294 997 2322 Patris
1016 2303 1076 2330 quae
1091 2302 1151 2323 esse
1164 2295 1220 2330 (95)
1235 2301 1347 2330 prmstat
1373 2296 1512 2325 omnibus,
1541 2295 1643 2323 clarior
1666 2303 1698 2322 ac

911 2341 1126 2376 magniticentior
1141 2341 1288 2374 invenitur,
1299 2349 1359 2368 cum
1374 2342 1561 2376 unusquisque
1577 2349 1625 2376 per
1636 2349 1699 2375 par-

910 2387 1094 2422 ticipationem
1119 2387 1222 2415 Christi
1248 2388 1399 2414 secundum
1423 2387 1448 2413 id
1472 2389 1542 2422 quod
1565 2387 1697 2422 sapientia

909 2439 961 2466 est,
977 2437 1004 2460 et
1016 2433 1164 2461 secundum
1182 2434 1208 2461 id
1225 2434 1298 2468 quod
1316 2434 1430 2461 scientia
1449 2440 1489 2461 est
1504 2439 1532 2461 ct
1545 2433 1699 2461 sanctiﬁca-

1191 2492 1213 2508 ⁸³
1223 2491 1321 2519 Psalm.
1355 2501 1440 2524 xxxtt,
1452 2493 1476 2520 6.
1516 2493 1538 2509 ⁵⁸
1551 2493 1561 2519 1
1574 2492 1635 2521 Cor.
1649 2500 1697 2526 xtl,

947 2598 1000 2634 (95)
1021 2598 1085 2626 Post
1096 2607 1201 2630 vocem.
1224 2609 1233 2625 ι
1246 2600 1388 2630 donorum.
1401 2609 1410 2625 ι
1425 2599 1489 2626 libb.
1504 2599 1568 2626 editi
1579 2600 1695 2630 addunt.

912 2635 974 2660 «vel
1000 2634 1209 2667 donationuut,»
1236 2635 1308 2668 qttod
1332 2636 1358 2661 in
1384 2643 1449 2661 mss.
1474 2642 1526 2660 non
1551 2636 1695 2668 reperitur.

911 2669 995 2696 Paulo
1011 2669 1080 2696 infra
1092 2670 1161 2696 libb.
1177 2670 1241 2696 editi
1258 2678 1264 2696 :
1285 2679 1294 2695 ι
1305 2670 1358 2696 Sed
1373 2670 1423 2696 hoc
1438 2668 1507 2704 quod
1524 2670 1623 2699 donum
1636 2670 1698 2704 Spi-

912 2704 980 2740 ritus
1002 2704 1048 2731 Dei
1073 2705 1253 2732 ministratur.
1269 2714 1278 2730 ι
1306 2705 1341 2731 At
1359 2712 1438 2740 mss..
1463 2705 1531 2731 (sed
1555 2705 1606 2732 hoc
1622 2707 1695 2740 quod

912 2739 1012 2766 donum
1031 2740 1148 2773 Spiritus
1164 2739 1274 2770 dicitur,
1294 2739 1494 2766 manifestatur.
1506 2749 1515 2765 ι

947 2773 1001 2810 (91)
1023 2774 1060 2801 Ita
1078 2782 1142 2802 mss.
1154 2774 1241 2804 Alias,
1257 2783 1266 2799 ι
1277 2774 1404 2809 singulis.
1415 2784 1424 2799 ι

911 2845 916 2850 _
1022 2809 1049 2836 1ιι
1075 2814 1152 2838 antea
1177 2809 1260 2837 editis
1281 2806 1366 2843 deest,
1388 2818 1499 2844 (essen
1518 2811 1589 2846 quod
1606 2816 1695 2841 orsu:

910 2854 935 2873 111
956 2853 1020 2873 MSS.
