1883 3072
192 121 244 148 155

805 119 966 147 ORIGENIS
982 119 1062 146 ΠΕΡΙ
1081 118 1198 145 ΑΡΧΩΝ

1764 116 1815 144 156

192 179 229 205 tio
241 182 290 210 est,
312 179 419 212 proﬁcit
442 183 467 205 et
493 178 520 205 in
550 178 661 206 altiores
684 178 854 213 profectuum
876 178 977 214 gradus
991 181 1015 208 Α
1028 177 1206 205 similitudine
1221 175 1336 211 alicujus
1348 175 1462 210 exempli
1477 175 1516 202 uti
1532 183 1584 202 non
1597 175 1703 202 videtttr
1713 174 1814 202 absutb

191 224 279 257 vettil;
297 230 323 250 et
338 233 385 259 per
400 225 450 252 hoc
468 224 539 259 quod
556 225 762 259 participatione
778 225 865 252 sancti
888 224 975 258 Spiri-

192 275 237 297 tus
254 270 343 298 factus
358 275 399 297 est
419 271 480 304 quis
495 271 589 305 purior
606 276 687 305 atque
704 271 847 303 sincerior,
864 269 976 297 elfectus

193 316 289 350 dignus
307 317 401 351 recipit
417 318 557 351 sapientia:
570 325 601 344 ac
615 317 735 344 scientiae
753 317 880 352 gratiam,
893 321 921 343 ut
934 317 977 344 de-

192 361 278 395 pulsis
303 362 428 389 omnibus
460 362 670 397 expurgatisque
704 362 862 396 pollutionis
894 367 976 396 atque

191 407 352 442 ignorantia:
372 407 494 440 maculis,
515 412 616 435 tantnnt
635 408 787 442 profectum
811 407 976 434 sinceritatis

191 459 225 478 ac
241 451 368 486 puritatis
396 452 452 487 (9(5)
476 453 603 487 accipiat,
629 458 659 479 ιιι
681 453 732 480 hoc
749 453 819 487 quod
840 452 944 486 accepit
961 459 975 478 a

191 499 248 526 Deo
272 503 301 526 ttt
325 504 407 531 esset,
428 499 482 526 tale
507 499 542 526 sit
565 499 646 533 qnalc
673 499 726 525 Dco
744 498 852 532 dignum
877 502 928 529 est,
943 505 976 524 eo

191 543 238 576 qui
256 547 285 569 ut
299 548 371 569 esset
387 551 454 577 pure
471 544 564 578 utique
579 543 706 577 prtestitit
721 543 777 579 (97)
792 550 823 570 ac
839 542 974 577 perfecte;

191 593 221 614 ut
237 592 290 614 tam
307 589 418 622 dignum
432 589 467 616 sit
480 589 506 616 id
522 589 592 624 quod
609 594 659 621 est,
677 597 756 624 quam
774 594 817 616 est
831 588 875 615 ille
887 584 931 622 qui
950 588 976 614 id

190 640 252 660 esse
265 633 337 660 fecit.
348 634 385 660 Ita
399 642 515 669 namque
526 639 551 662 et
564 635 690 662 virtutem
706 642 813 670 semper
825 642 884 662 esse
895 640 976 669 atque

191 678 217 704 in
238 684 367 705 :rtcrnum
385 687 494 707 manere
507 681 637 716 percipiet
652 689 666 706 a
682 682 735 708 lico
752 681 774 707 is
787 680 832 715 qtti
851 681 910 708 talis
922 685 974 710 est,

190 723 296 757 qualem
313 732 374 751 cum
391 733 450 752 esse
467 726 552 753 voluit
574 726 619 754 ille
640 727 684 760 qui
705 727 778 753 fecit.
798 726 874 759 Quod
891 731 919 752 ttt
931 733 976 753 ac-

190 769 274 801 cidat,
287 775 313 797 et
325 775 353 797 ut
367 771 552 799 indesinenter
563 777 644 806 atque
658 772 876 807 inseparabiliter
887 773 976 800 adsint

190 816 215 842 ei
230 817 275 850 qui
289 821 330 843 cst
344 824 375 844 ea
391 825 450 851 qna:
463 818 496 844 ab
509 818 566 852 ipso
598 818 668 845 facta
692 823 765 851 sttnt,
791 819 931 853 sapientiae
949 819 974 846 itl

1030 225 1102 251 dum.
1117 224 1199 259 Igitur
1213 224 1234 251 si
1250 223 1287 250 sit
1301 223 1400 258 aliquis
1418 223 1464 258 qui
1485 222 1581 257 peritia
1597 222 1636 249 vel
1650 226 1719 254 arte,
1733 222 1814 249 verbi

1029 271 1115 305 gratia
1128 270 1283 305 geometria:
1296 269 1337 297 vel
1359 269 1509 302 medicinae,
1525 268 1653 304 paulatim
1666 269 1747 296 fuerit
1762 268 1815 295 itu-

1030 317 1109 344 butus
1123 324 1262 352 usquequo
1275 316 1382 343 venerit
1391 316 1423 342 ad
1433 315 1596 351 perfectum,
1607 315 1691 342 multo
1703 314 1812 342 scilicet

1031 367 1149 396 tempore
1165 362 1378 389 institutionibus
1389 365 1471 397 atque
1483 360 1622 388 exercitiis
1635 359 1811 394 semetipsum

1030 407 1179 435 informans
1194 412 1221 435 ut
1237 408 1270 435 ad
1285 408 1420 442 integrum
1432 407 1599 442 supradictae
1611 406 1679 433 artis
1692 413 1814 433 assume-

1031 459 1070 480 ret
1087 453 1255 488 disciplinam
1271 462 1277 480 :
1291 453 1354 480 ltuic
1378 460 1517 486 nunquam
1540 451 1662 486 profecto
1686 451 1813 478 accidere

1030 501 1137 534 poterit,
1148 505 1246 527 utcnm
1258 501 1360 534 peritus
1373 499 1526 532 dormierit,
1535 498 1645 534 evigilet
1657 498 1811 532 imperitus.

1030 547 1087 574 Non
1102 547 1173 574 enim
1186 554 1217 573 ea
1229 553 1289 581 qua:
1307 553 1354 581 per
1366 545 1505 573 laesioncm
1528 545 1647 580 aliquam
1659 544 1701 571 vel
1714 543 1813 570 debili-

1031 597 1113 619 tatem
1128 591 1265 623 accidunt,
1283 591 1309 618 in
1331 590 1448 618 medium
1473 589 1609 616 adducere
1628 593 1675 615 aut
1693 595 1814 615 comme-

1030 645 1136 665 morare
1162 645 1231 664 nttne
1253 636 1397 669 convenit;
1425 642 1512 670 neque
1537 635 1611 662 enim
1639 633 1812 662 similitudini

1029 685 1174 720 proposita:
1195 683 1372 718 exemploque
1387 682 1562 710 conveniunt.
1580 682 1734 709 Secundum
1749 687 1814 714 ergo

1030 731 1055 758 id
1072 731 1142 765 quod
1166 730 1366 765 proposuimus,
1391 734 1544 764 geometres
1559 728 1604 756 ille
1624 727 1664 754 vel
1678 727 1812 760 tnedicus,

1030 777 1116 804 donec
1135 781 1245 803 exercet
1270 783 1299 803 se
1318 776 1345 802 in
1370 775 1593 803 meditationibus
1615 774 1682 802 artis
1708 781 1765 800 sua:
1786 778 1814 801 et.

1030 822 1238 849 rationabilibtts
1261 822 1405 853 institutis,
1427 825 1568 856 permanet
1591 821 1660 855 apud
1674 820 1728 856 65
1750 827 1812 846 eutn

190 869 258 895 opus
271 867 311 888 est
324 863 458 890 instruere
474 869 553 898 atque
567 864 677 891 erudire
687 871 728 897 ea,
742 869 769 891 et
783 864 815 891 ad
831 863 975 899 perfectio-
992 859 1013 886 Β
1028 868 1109 895 etiam
1133 868 1247 895 scientia
1270 867 1430 902 disciplinae.
1456 867 1484 894 Si
1512 873 1576 894 vero
1599 866 1753 894 dissimulet
1779 867 1812 892 ab

191 915 251 934 nem
277 908 425 942 perducere
448 916 481 936 ex
512 909 630 944 Spiritus
656 911 743 937 sancti
769 911 975 938 conlirntatione

190 959 271 988 atque
289 955 450 982 indesinenti
474 956 688 983 sanctiﬁcatione
711 964 757 991 per
782 965 863 991 quam
887 957 974 984 solum

189 999 273 1026 Deum
287 1008 385 1035 capere
398 1007 520 1035 possunt.
534 1002 571 1029 ita
588 1011 653 1038 ergo
667 1004 828 1030 indesinenti
846 1011 908 1039 erga
923 1011 975 1032 nos

188 1052 271 1079 opere
283 1046 340 1080 (98)
365 1046 464 1079 Patris,
490 1052 517 1074 et
541 1048 612 1080 Filii,
636 1053 663 1075 et
687 1049 807 1084 Spiritus
822 1050 908 1076 sancti
928 1057 975 1084 per

188 1092 312 1126 singulos
337 1100 458 1127 quosque
481 1093 652 1128 profectnum
677 1095 776 1129 gradus
807 1096 973 1128 instaurate,

188 1138 233 1164 vix
251 1138 272 1164 si
292 1139 361 1165 forte
376 1139 522 1174 aliquando
536 1141 634 1168 intueri
647 1148 791 1176 possumus
804 1147 928 1169 sanctam
942 1150 974 1169 ac

188 1183 296 1211 beatam
312 1185 395 1211 vitam
409 1194 416 1212 :
430 1186 457 1212 in
475 1193 527 1220 qua
549 1194 610 1213 eum
632 1192 694 1222 post
718 1195 818 1222 agones
833 1188 930 1216 multos
947 1189 972 1215 in

187 1236 248 1255 eam
263 1230 398 1263 perveniri
421 1232 551 1264 potuerit,
574 1232 609 1258 ita
627 1233 774 1266 perdurare
795 1234 924 1261 debetnus
946 1240 974 1261 ut

188 1273 260 1300 nulla
275 1282 391 1309 unquam
405 1275 461 1311 (99)
476 1284 524 1303 nos
552 1277 616 1304 boni
640 1277 711 1305 illitts
729 1280 839 1306 satietas
864 1281 973 1315 capiat;

188 1321 236 1346 sed
251 1326 352 1354 quanto
368 1322 455 1356 magis
481 1322 513 1349 de
537 1322 581 1349 illa
607 1323 776 1351 beatitudine
797 1326 972 1360 perripimus,

189 1372 266 1395 tanto
279 1369 364 1403 magis
381 1369 407 1396 in
422 1370 501 1397 nobis
516 1370 556 1396 vel
573 1370 701 1398 dilatetur
720 1373 778 1406 ejus
795 1373 972 1407 desiderium,

189 1414 232 1440 vel
254 1420 397 1449 augeatur,
422 1416 485 1442 dttm
513 1424 619 1451 semper
642 1418 782 1446 ardentius
803 1426 829 1447 et
850 1422 975 1455 capacius

189 1460 362 1497 Patrcm(l),
390 1466 416 1488 et
442 1462 552 1494 Filium,
581 1471 613 1490 ac
634 1463 762 1498 Spiritum
785 1471 907 1494 sanctum
932 1468 973 1495 vel

188 1507 324 1540 capimus,
341 1507 382 1534 vel
399 1512 533 1535 tenetnus.
552 1508 580 1535 Si
596 1515 686 1536 autem
700 1510 843 1545 aliquando
858 1513 974 1542 satietas

189 1553 263 1588 capit
275 1553 393 1586 aliquem
407 1561 439 1580 ex
452 1554 493 1581 his
505 1555 551 1588 qui
566 1555 592 1582 in
604 1563 710 1583 summo
724 1557 898 1594 perfectoque
910 1567 974 1587 con-

190 1598 310 1625 stiterinl
323 1599 419 1634 gradu,
433 1608 486 1627 non
507 1601 626 1628 arbitror
644 1603 715 1636 quod
732 1603 765 1629 ad
781 1604 899 1632 subitum
913 1606 974 1640 quis

189 1650 347 1678 evacnctnr,
363 1653 394 1672 ac
413 1645 539 1673 decidat:
553 1647 599 1674 sed
626 1648 756 1681 paulatim
778 1654 805 1676 et
823 1657 870 1684 per
885 1657 975 1685 partes

190 1690 308 1717 dellucrc
320 1698 380 1717 eum
397 1699 506 1719 necesse
519 1697 579 1720 est:
596 1693 632 1719 ita
659 1698 688 1720 ut
712 1693 769 1720 lieri
789 1692 873 1728 possit
891 1695 975 1722 inter-

190 1737 263 1767 dttm,
280 1741 309 1762 ut
335 1737 357 1763 si
378 1737 468 1764 brevis
487 1738 586 1772 aliquis
608 1738 700 1773 lapsus
721 1740 861 1773 acciderit,
877 1746 904 1767 et
922 1741 976 1769 cito

189 1782 331 1816 resipiscat
345 1787 425 1816 atque
438 1783 464 1810 in
477 1791 505 1810 se
521 1789 685 1818 revertatur,
699 1793 751 1813 non
766 1787 874 1821 penitus
886 1794 976 1820 ruere,

190 1829 237 1855 sed
257 1836 384 1856 revocare
401 1830 496 1864 pedem
519 1835 546 1858 et
571 1832 660 1859 redire
678 1833 711 1859 ad
736 1836 834 1859 stattnn
849 1841 938 1866 suum,
950 1838 978 1860 et

190 1882 298 1902 rursum
314 1879 435 1902 statuere
458 1876 545 1911 possit
567 1876 593 1904 id
614 1878 685 1912 quod
710 1885 758 1913 per
784 1878 975 1913 negligentiam

191 1920 279 1947 fuerat
292 1921 407 1956 lapsum.

493 1979 607 2007 CAPUT
627 1979 671 2009 IV.

384 2024 423 2052 De
441 2025 614 2052 diminutione
633 2026 672 2052 vel
694 2026 780 2060 lapsu.

227 2070 252 2096 Ι.
266 2069 300 2097 Ut
313 2075 402 2098 autem
427 2071 504 2098 istam
526 2072 732 2099 diminutionem
749 2072 790 2100 vel
808 2072 911 2107 lapsum
929 2080 976 2100 eo-

191 2123 251 2143 rum
268 2117 313 2150 qui
326 2125 355 2144 se
371 2117 548 2152 negligentius
562 2119 669 2153 egerint
686 2119 871 2153 ostendamus,
890 2119 973 2147 etiam

226 2173 250 2189 ⁹¹
261 2172 280 2200 ll
292 2168 356 2201 Cor.
369 2182 410 2208 ttt,
425 2174 468 2202 18.

227 2242 283 2278 (96)
304 2242 340 2278 lla
359 2250 423 2270 mss.
442 2242 526 2275 Alias,
546 2243 685 2278 «pietatis.
697 2253 706 2270 ι

227 2277 282 2313 (97)
301 2277 349 2316 Sic
376 2286 440 2316 mss.
464 2278 550 2310 Alias,
569 2277 776 2316 ipratstiterita
800 2279 883 2308 Paulo
910 2286 971 2316 post.

191 2314 259 2342 libb.
276 2313 339 2339 editi
357 2321 363 2339 :
381 2323 389 2338 α
402 2313 439 2340 Ita
455 2314 609 2351 namqueci
624 2314 751 2351 virtutem
768 2322 875 2349 semper
889 2313 971 2351 atque

192 2351 219 2377 itt
236 2352 366 2384 aeternum
384 2355 493 2384 manere
508 2349 658 2384 perciperet
680 2356 694 2375 a
717 2349 770 2376 Deo
790 2351 835 2384 qui
855 2351 915 2378 talis
927 2349 972 2379 est

191 2383 299 2419 qualem
312 2390 376 2419 esse,
387 2383 471 2409 voluit
496 2384 540 2410 ille
564 2384 609 2418 qtti
635 2383 708 2411 fecit.
727 2383 806 2417 Quod
821 2390 850 2412 ut
863 2387 970 2414 accidat

190 2417 273 2454 atque
293 2417 476 2446 indesinenter
492 2417 580 2453 atque
588 2419 813 2454 inseparabiliter
832 2421 922 2448 adsint
943 2427 971 2449 et

190 2453 236 2488 qui
250 2456 290 2491 est
306 2457 332 2480 et
343 2460 374 2480 ea
391 2461 450 2487 qua:
464 2454 498 2481 ab
512 2454 569 2491 ipso
582 2453 655 2481 facta
667 2458 741 2491 sunt,
753 2463 850 2491 sapere
863 2456 889 2483 id
903 2464 969 2491 opus

190 2494 234 2516 est
256 2488 437 2529 instruere...
463 2490 612 2523 perducere
632 2496 665 2516 ex
687 2489 836 2524 Spiritus,»
859 2488 926 2524 elc.;'
943 2497 972 2519 at

191 2532 258 2551 mss.
282 2527 311 2550 ut
328 2527 353 2550 in
374 2528 464 2551 nostro
486 2529 570 2551 textu.

226 2559 283 2594 (98)
305 2558 351 2585 Sic
364 2566 429 2586 mss.
444 2559 529 2591 Alias,
553 2568 563 2585 ι
575 2567 689 2594 opera.»
707 2559 808 2587 ibidem
825 2560 890 2589 libb.
908 2561 975 2589 editi

191 2599 264 2629 post,
275 2593 290 2618 't
305 2593 464 2630 instaurato,
475 2603 484 2619 ι
504 2595 617 2628 addunt,
645 2603 655 2621 ‹
666 2596 758 2628 corde,
771 2604 781 2621 ι
800 2597 871 2630 quod
896 2599 976 2625 abest

192 2629 226 2656 ab
243 2628 369 2655 erunibus
384 2637 449 2656 mss.

241 2663 285 2699 99)
304 2663 340 2690 Ita
356 2671 422 2692 mss.
438 2663 523 2696 Alias,
541 2673 551 2689 ε
563 2665 666 2699 utique.
677 2676 686 2692 ›

228 2664 267 2735 (l)
288 2698 371 2731 Alias,
396 2707 405 2724 ι
417 2699 564 2726 dilatentur
578 2700 635 2734 ejus
650 2702 686 2728 de:

243 2698 371 2738 l)'Alias,
396 2707 405 2724 ι
417 2699 564 2738 dilatentur
578 2700 635 2738 ejus
650 2701 783 2728 desideria
799 2702 840 2730 vel
855 2709 976 2738 augean-

193 2738 238 2760 tur
256 2736 318 2760 dum
333 2741 439 2767 semper
455 2735 594 2761 ardentius
608 2736 727 2768 Patrem,
740 2747 749 2762 ι
764 2738 812 2764 sed
824 2735 935 2765 mssfut
947 2739 975 2766 in

193 2774 287 2809 nostro
310 2773 397 2809 textu.
423 2769 506 2796 Paulo
524 2774 591 2809 post
604 2779 688 2809 tnss.,
715 2781 724 2797 ε
736 2773 847 2809 satietas
864 2773 946 2808 capit.
960 2783 970 2800 ι

194 2803 277 2844 Alias,
296 2813 305 2829 ‹
316 2803 427 2833 satietas
435 2803 554 2844 "ceperit.
567 2814 576 2831 ι
586 2803 779 2844 _Quod'autem
798 2808 848 2836 hoc
861 2803 922 2844 loco
935 2809 973 2836 ait

194 2839 324 2874 Origenes
337 2846 416 2874 posse
431 2840 489 2868 ﬁeri
508 2846 536 2868 ut
548 2842 592 2876 qui
609 2843 642 2870 ad
660 2850 794 2871 summum
806 2843 972 2879 perlecturu-

1028 915 1176 947 exercitiis,
1190 920 1217 942 et
1229 915 1346 949 negligat
1361 915 1394 941 ab
1416 913 1559 943 industria.
1575 913 1703 948 paulatim
1724 913 1814 948 primo

1028 969 1076 996 per
1090 961 1279 996 negligentiam
1293 969 1376 995 pauca
1392 960 1531 992 excidunt,
1546 964 1603 986 tum
1617 959 1714 986 deinde
1730 960 1812 986 etiam

1028 1007 1117 1042 plura,
1140 1012 1166 1034 et
1182 1007 1218 1033 ita
1235 1006 1409 1042 permultum
1432 1005 1586 1042 tempus('2)
1601 1006 1700 1033 abeunt
1722 1005 1814 1032 omnia

1032 1055 1059 1082 in
1072 1053 1248 1086 oblivionem,
1267 1058 1347 1086 atque
1362 1053 1488 1080 universa
1505 1061 1536 1080 ex
1551 1053 1680 1080 memoria
1704 1052 1814 1087 penitus

1027 1101 1178 1128 abolentur.
1201 1099 1294 1127 Potest
1318 1107 1383 1126 sane
1404 1100 1472 1132 ﬂeri,
1496 1104 1526 1126 ut
1549 1107 1610 1126 ctttn
1632 1099 1761 1126 decidere
1780 1098 1813 1124 ab

1028 1147 1105 1174 initio
1123 1146 1285 1182 cteperit(3)
1307 1150 1335 1173 et
1358 1153 1438 1180 parva
1464 1145 1553 1172 adhuc
1572 1145 1709 1179 corrumpi
1727 1144 1815 1179 negli—

1027 1193 1126 1227 gentia,
1145 1193 1168 1220 si
1183 1192 1360 1220 rcsuscitetur
1377 1197 1404 1219 et
1423 1192 1506 1219 citius
1528 1191 1553 1218 in
1573 1191 1751 1226 semetipsum
1770 1198 1816 1218 re—

1027 1245 1161 1272 vertatur,
1180 1243 1289 1274 reparet
1305 1239 1343 1274 (4)
1357 1247 1389 1266 ea
1412 1246 1473 1273 qua:
1497 1239 1586 1266 adhuc
1605 1245 1693 1272 nuper
1711 1237 1819 1264 amissa

1027 1289 1099 1316 sunt,
1113 1291 1140 1312 et
1156 1285 1300 1312 recolatea
1318 1292 1379 1319 quae
1396 1285 1430 1312 ab
1451 1292 1484 1312 co
1502 1284 1611 1312 fuerant
1628 1284 1700 1311 tenui
1724 1284 1814 1310 adhuc

1028 1333 1175 1360 abolitione
1197 1332 1312 1360 sublata.
1328 1330 1540 1358 Transferamus
1556 1337 1626 1358 nunc
1644 1330 1701 1357 hate
1717 1329 1753 1356 ad
1768 1337 1818 1356 eos

1028 1379 1072 1413 qui
1087 1386 1116 1406 se
1132 1379 1176 1406 Dei
1195 1379 1316 1406 scientia:
1332 1386 1364 1405 ac
1378 1378 1519 1412 sapientia:
1541 1377 1714 1408 dediderunt,
1739 1375 1817 1409 cujus

1028 1425 1144 1452 eruditio
1169 1430 1250 1460 atque
1274 1424 1410 1451 indttstria
1436 1422 1696 1458 incomparabilibus
1718 1429 1815 1449 ontnes

1028 1471 1147 1505 reliquas
1165 1471 1203 1505 (5)
1226 1469 1384 1504 disciplinas
1405 1470 1589 1504 supereminet
1607 1469 1706 1501 modis,
1730 1474 1758 1496 et
1775 1476 1816 1496 sc-

1028 1518 1143 1546 cundum
1161 1516 1306 1551 proposita:
1317 1515 1506 1543 similitudinis
1522 1515 1635 1542 l‘ormam
1650 1515 1692 1542 vel
1705 1522 1768 1549 quae
1781 1515 1816 1542 sit

1028 1563 1174 1597 assumptio
1185 1562 1314 1595 scientiae,
1325 1562 1366 1589 vel
1378 1569 1438 1596 quae
1449 1562 1485 1589 sit
1496 1560 1554 1595 ejus
1568 1561 1681 1588 abolitio
1690 1567 1816 1588 contem-

1027 1611 1148 1645 plemur;
1165 1610 1283 1636 maxime
1297 1615 1358 1635 cum
1380 1608 1523 1635 audiamus
1538 1608 1572 1636 ab
1594 1607 1723 1642 Apostolo
1743 1608 1815 1642 quod

1027 1658 1061 1683 de
1078 1656 1204 1690 perlectis
1226 1654 1387 1689 dieitur(6),
1401 1654 1472 1688 quod
1494 1653 1563 1681 facie
1584 1653 1618 1681 ad
1642 1653 1741 1680 faciem
1756 1653 1816 1688 glo-

1029 1703 1095 1730 riam
1113 1702 1217 1729 Dotuini
1231 1709 1264 1729 ex
1276 1701 1466 1736 mysteriorum
1485 1700 1697 1727 revelatiouibus
1714 1707 1817 1734 specus

1029 1749 1189 1778 labuntur".

1062 1797 1089 1824 2.
1110 1797 1208 1824 Verum
1232 1802 1281 1823 nos
1305 1794 1426 1821 volentes
1449 1793 1538 1820 divina
1560 1793 1588 1820 in
1612 1800 1662 1820 nos
1678 1792 1815 1820 beneficia

1028 1843 1225 1874 demonstrare,
1241 1849 1300 1876 qua:
1318 1840 1396 1867 nobis
1420 1847 1467 1874 per
1489 1839 1595 1866 Patrem
1618 1843 1645 1865 et
1663 1838 1765 1866 Filium
1790 1844 1817 1865 et

1030 1889 1160 1924 Spiritum
1178 1891 1302 1915 sanctum
1328 1887 1493 1921 pratbcnlur,
1513 1892 1573 1919 quae
1586 1883 1707 1911 Trinitas
1731 1885 1818 1912 totius

1029 1941 1070 1963 est
1083 1934 1235 1962 sanctitatis
1251 1933 1321 1966 fons,
1338 1939 1453 1959 excessu
1476 1932 1591 1966 quodatn
1608 1931 1649 1959 ttsi
1667 1932 1723 1959 haec
1746 1932 1815 1959 dixi-

1030 1988 1089 2008 mns
1106 1980 1157 2016 (7),
1171 1984 1198 2007 et
1210 1986 1360 2007 sermonem
1375 1978 1407 2006 de
1422 1978 1511 2005 anima
1524 1977 1570 2012 qui
1587 1977 1730 2010 inciderat,
1752 1979 1817 2004 stri-

1029 2027 1093 2054 ctim
1120 2027 1182 2053 licet
1203 2025 1412 2061 contingendum
1441 2024 1607 2059 putavimus,
1623 2024 1741 2051 vicinum
1771 2028 1814 2050 ut-

1029 2077 1089 2106 pote
1103 2071 1140 2107 (8)
1155 2071 1242 2098 loeum
1266 2071 1299 2098 de
1322 2075 1418 2098 natura
1450 2069 1605 2097 rationabili
1637 2069 1813 2096 disserentes.

1029 2118 1212 2153 Opportunius
1227 2122 1315 2144 tamen
1333 2117 1358 2143 in
1378 2117 1436 2144 loco
1458 2115 1569 2151 proprio
1583 2116 1615 2143 de
1638 2115 1710 2142 omni
1726 2115 1812 2142 ratio-

988 2249 1011 2276 ι)
1025 2252 1077 2279 que
1089 2243 1266 2272 beatitudinis
1280 2244 1393 2280 gradum
1417 2243 1582 2280 pervenerit.
1600 2242 1664 2270 inde
1676 2242 1814 2280 paulatim

1026 2276 1134 2307 decidat
1151 2287 1183 2306 ac
1203 2276 1322 2311 ruatfid
1341 2276 1449 2314 quidem
1474 2279 1596 2313 sequitur
1612 2285 1645 2304 ex
1659 2276 1717 2311 ejus
1737 2279 1810 2306 circa

1025 2314 1131 2342 arbitrii
1151 2315 1304 2341 libertatem
1317 2319 1345 2342 et
1361 2315 1386 2341 in
1408 2314 1481 2341 omni
1505 2318 1576 2341 statu
1592 2319 1813 2346 perseverantem

1024 2351 1093 2378 bene
1102 2350 1143 2376 vel
1157 2350 1227 2377 male
1240 2350 1337 2384 agendi
1354 2349 1511 2376 facultatem
1525 2348 1645 2383 placitis,
1656 2348 1813 2384 sedcalbo-

1024 2385 1083 2412 lica:
1109 2384 1171 2412 lidei
1195 2382 1336 2420 repugnat.
1362 2384 1430 2412 Vide
1456 2382 1679 2419 Origénianomm
1706 2382 1755 2410 lib.
1780 2390 1811 2415 tt,

1024 2425 1119 2446 (tumst.
1139 2420 1269 2446 Η.11.1.

1024 2425 1183 2456 quagsLL‘l‘l,
1200 2428 1229 2447 ιι.
1241 2425 1269 2456 _t.

1060 2455 1098 2490 (‘2)
1108 2454 1229 2489 Tempus.
1239 2454 1318 2482 Deest
1325 2455 1352 2482 in
1361 2453 1522 2486 libb.e.ditis,
1531 2453 1577 2481 sed
1588 2452 1702 2480 habetur
1709 2452 1735 2480 in
1744 2460 1811 2481 mss.

1077 2491 1103 2523 5)
1124 2489 1170 2517 Sic
1185 2498 1250 2517 mss.
1264 2490 1349 2522 Alias,
1369 2499 1379 2516 t
1398 2490 1493 2523 cmpit.
1515 2499 1524 2516 ι

1076 2525 1103 2560 4)
1126 2525 1245 2560 Reparet.
1263 2526 1301 2552 lta
1319 2532 1385 2552 mss.
1401 2525 1486 2556 Alias,
1505 2533 1514 2550 ι
1534 2528 1651 2560 repetat.
1670 2533 1680 2550 ι

1076 2558 1104 2598 5)
1123 2558 1169 2598 Sic
1192 2568 1257 2598 mss.
1271 2561 1365 2598 ﬁlias,
1385 2569 1395 2586 t
1423 2558 1667 2598 dederunt,'__eujus
1693 2558 1813 2586 conditio

1030 2594 1110 2631 atque
1126 2596 1257 2622 ittdustria
1271 2595 1529 2631 incomparabilibns
1545 2594 1704 2631 reliquas.)
1720 2598 1775 2631 etc.

1068 2628 1105 2668 (ϐ)
1125 2631 1169 2658 Sic
1186 2638 1251 2658 mss.
1268 2628 1380 2664 Aliasﬁ
1399 2630 1471 2668 quod
1486 2629 1518 2655 de
1531 2628 1784 2668 perlectisdieitnr.
1800 2639 1808 2655 ι

1030 2663 1129 2694 Ibidem
1155 2673 1231 2699 mss.,
1256 2675 1266 2692 ι
1290 2673 1322 2692 ex
1343 2663 1778 2700 mysteriorumrrevelagonibns.
1800 2674 1809 2689 ι

1029 2703 1115 2734 Alias,
1129 2701 1177 2727 tab
1202 2698 1379 2728 interioribus
1395 2699 1635 2734 revelationibus.»
1650 2698 1733 2726 Paulo
1750 2706 1811 2733 pest

1030 2732 1113 2768 mss.,'
1129 2745 1139 2762 Ι
1157 2743 1217 2770 quae
1242 2737 1320 2763 nobis
1336 2744 1385 2770 per
1402 2735 1510 2770 Patrem
1527 2739 1554 2761 et
1569 2732 1677 2761 Filium.
1698 2743 1708 2760 ι
1727 2732 1812 2767 Alias.

1029 2781 1039 2798 ‹
1057 2779 1117 2806 qua:
1131 2768 1208 2798 nobis
1223 2772 1257 2798 ad
1271 2768 1380 2798 Patrcm
1395 2775 1423 2797 et
1440 2768 1548 2806 Filium.
1558 2778 1579 2806 ﬁt

1075 2806 1100 2839 7)
1117 2807 1162 2837 Sic
1176 2814 1240 2834 mss.
1258 2807 1345 2839 Alias,
1358 2815 1367 2832 ε
1385 2807 1467 2833 etiam
1484 2805 1536 2832 hoc
1549 2804 1674 2833 dicimus.
1692 2811 1706 2832 ι

1075 2808 1088 2832 ’1
1117 2808 1162 2837 Sic
1176 2814 1240 2834 mss.
1258 2808 1345 2839 Alias,
1358 2815 1367 2832 ε
1385 2808 1467 2833 etiam
1485 2808 1535 2832 hoc

1061 2808 1101 2879 (δὲ
1120 2842 1165 2869 Sic
1179 2850 1244 2870 mss.
1261 2841 1345 2877 Alias,
1363 2851 1374 2869 ι
1391 2846 1418 2869 ut
1434 2845 1509 2876 puta.
1527 2850 1535 2866 ι
