1883 3072
80 117 127 145 ΗΠ

770 119 870 146 LIBER
890 119 1032 149 PRIMUS.

1652 120 1704 147 153

79 175 158 204 nabili
172 181 270 202 natura
288 183 351 211 qua!
365 177 393 204 in
412 178 463 204 tria
481 185 579 212 genera
596 178 752 213 speciesque
766 179 864 206 distin-
879 181 903 210 A
917 179 1014 206 clinet:
1034 183 1144 214 propter
1155 180 1225 214 quod
1244 183 1317 206 recte
1330 178 1411 206 etiam
1423 177 1509 211 pmais
1523 182 1550 203 ct
1563 176 1705 211 suppliciis

78 223 180 256 suitur,
200 222 254 247 Ιιμθ
272 223 353 250 nobis
374 230 424 258 per
445 223 535 251 Jesum
552 224 689 251 Christum
704 229 731 252 et
747 228 870 252 sanctum

79 269 212 304 Spiritum
229 269 412 303 concedente,
430 270 641 304 disputabimus.

370 346 482 388 CAPUT
504 347 524 374 v
542 347 590 383 (9).

277 392 318 419 De
339 393 541 420 rationabilibus
564 394 675 421 naturis.

112 448 140 475 l.
168 448 236 476 Post
267 457 335 476 eam
361 450 682 487 ilisserlationequuam
708 452 742 480 de
771 452 870 485 Patre,

77 499 107 522 et
132 494 229 528 Filio,
259 500 287 522 et
324 496 428 530 Spiritu
466 503 587 531 sancto,
617 504 748 533 quantum
784 501 871 527 valui-

79 549 160 574 mus,
193 542 312 569 breviter
329 543 502 578 digeSsimus,
527 552 699 580 consequens
727 551 769 573 est
789 548 871 574 etiam

77 589 112 614 de
131 589 241 616 naturis
260 589 468 617 rationabilibus
483 610 491 623 ,
515 598 546 618 ac
561 591 595 619 de
617 593 759 626 speciebus
776 600 870 620 earutn

77 637 106 660 et
129 633 292 667 ordinibus,
321 635 363 662 vel
390 636 486 663 olliciis
518 640 573 663 tam
608 643 763 664 sanctarum
790 646 872 672 quam

77 679 164 706 etiam
194 680 373 714 malignarum
399 682 548 715 virtutum,
575 682 623 709 sed
648 688 676 710 et
702 684 734 710 de
760 683 802 710 his
825 684 871 719 qui

78 725 152 751 inter
178 725 230 752 has
254 727 339 753 bonas
364 731 392 753 et
416 727 499 755 malas
525 728 605 755 medii
627 729 736 762 quidam
757 734 820 756 sunt
844 735 871 757 et

79 771 173 798 adhuc
183 771 240 808 (10)
253 771 278 798 in
295 780 379 808 agone
391 774 504 808 atquein
520 775 670 802 certamine
684 776 777 810 positi,
787 783 871 810 pauca

77 816 228 844 disserere.
253 813 454 852 Quatnplurima
481 828 597 854 namque
615 821 641 846 in
663 823 764 848 sanctis
791 821 872 848 Scri-

79 863 172 898 pturis
195 863 350 890 invenimus
372 865 496 891 ordinum
512 868 692 900 quorumdam
714 872 794 902 atque
810 867 867 894 olli-
885 853 907 880 Β

78 910 188 936 ciorum
202 913 258 936 tam
275 915 432 938 sanctorum
455 919 536 946 quam
560 914 641 940 etiam
666 915 867 941 contrariorum

78 958 193 983 nomina
208 977 217 988 ,
236 964 297 992 quae
314 957 370 994 (Η)
387 960 462 993 prius
482 965 676 994 proponenles,
693 965 749 988 tum
774 961 870 990 deinde

78 999 147 1033 quid
176 1000 228 1026 sibi
255 1001 319 1027 velit
353 1002 448 1029 horutn
474 1003 657 1038 signiﬁcatio,
689 1013 738 1040 pro
765 1006 868 1034 viribus

79 1045 184 1072 nostris
199 1046 336 1075 discutere
350 1049 574 1082 pertentabimus.
600 1050 669 1078 Sunt
684 1052 793 1086 quidam
807 1061 870 1080 san-

79 1091 117 1118 cti
141 1091 234 1126 angeli
259 1093 317 1125 Dei,
338 1102 408 1128 quos
429 1094 528 1122 Paulus
544 1096 733 1125 ministeriales
757 1098 870 1132 spiritus

79 1137 199 1171 appellat
213 1138 247 1165 ad
268 1139 450 1167 ministerium
464 1140 624 1174 destinatos,
638 1145 748 1177 propter
763 1151 810 1171 eos
825 1145 869 1179 qui

80 1185 269 1213 litereditalem
296 1187 406 1221 capiunt
427 1188 454 1215 in
480 1189 594 1216 salutem
619 1189 653 1217 ⁸³.
681 1191 759 1226 Apud
782 1191 870 1226 ipsum

78 1239 191 1265 quoque
214 1237 343 1260 sanctum
365 1233 477 1262 Paulum
504 1235 666 1269 invenimus,
691 1237 783 1264 nescio
799 1237 870 1265 unde

81 1283 248 1310 sumentem,
274 1279 510 1312 cognominantem
528 1285 617 1307 tamen
634 1282 763 1316 quasdam
781 1282 869 1314 sedes,

78 1329 107 1351 et
129 1324 344 1357 dominationes,
370 1330 397 1352 et
414 1325 595 1360 principatus,
610 1332 639 1354 et
660 1332 819 1361 potestates,
844 1332 872 1355 et

79 1375 142 1404 post
158 1371 396 1398 enumerationem
412 1371 521 1404 horum,
534 1372 606 1399 velut
629 1373 681 1399 alia
696 1373 784 1400 adhuc
798 1381 870 1407 qua:-

79 1418 143 1443 dam
160 1417 336 1444 rationabilia
352 1417 442 1445 cilicia
455 1423 537 1454 atque
550 1419 660 1446 ordines
677 1426 738 1447 esse
753 1421 872 1448 sentiens

80 1468 181 1496 praeter
202 1470 251 1490 eos
266 1471 337 1498 quos
358 1472 438 1499 supra
459 1465 575 1498 dixerat,
592 1466 631 1492 ait
648 1467 682 1492 de
704 1466 846 1494 Salvatore
863 1479 868 1496 :

82 1517 93 1533 ε
112 1507 164 1541 Qui
187 1513 230 1535 est
256 1516 340 1543 Super
362 1517 470 1537 onmem
486 1511 679 1545 principatum,
703 1517 730 1539 et
753 1517 908 1558 potesta-c

83 1559 186 1586 tem,et
202 1555 344 1588 virtutem,
356 1561 383 1583 et
397 1557 625 1590 dominationem,
639 1563 666 1585 et
677 1567 757 1587 omne
772 1568 871 1588 nomen

79 1601 150 1634 quod
161 1601 324 1628 nominatur
336 1609 388 1628 non
403 1603 489 1629 solum
503 1603 528 1630 in
542 1603 594 1630 hoc
607 1604 715 1638 sacculo,
733 1606 779 1632 scd
791 1607 872 1634 etiam

81 1646 108 1673 in
121 1646 216 1673 futuro
229 1647 264 1673 ".
285 1656 295 1673 ι
316 1646 355 1674 Ex
373 1655 425 1682 quo
439 1647 565 1675 videlicet
582 1649 702 1676 ostendit
723 1657 784 1678 esse
798 1658 872 1685 qua:-

81 1692 141 1718 dam
150 1697 254 1727 praeter
260 1693 317 1720 inec
324 1701 384 1728 quae
393 1694 627 1727 commemoravit,
635 1701 694 1729 qua:
701 1696 874 1724 nominentur

81 1739 191 1773 quidem
209 1739 236 1766 in
256 1739 307 1767 hoc
326 1740 439 1772 saeculo,
455 1748 508 1768 non
527 1745 616 1768 tamen
640 1742 673 1769 ab
688 1742 745 1776 ipso
760 1750 872 1771 enume-

83 1789 139 1811 rata
157 1793 232 1811 nunc
250 1785 364 1817 fuerint,
386 1785 456 1813 forte
475 1793 527 1814 nec
543 1787 578 1813 ab
603 1787 658 1814 alio
680 1787 772 1822 aliquo
792 1788 873 1815 intel-

79 1831 151 1858 lecta
166 1840 174 1858 :
191 1839 254 1858 esse
268 1839 334 1858 vero
358 1831 412 1858 alia
430 1840 490 1866 qua:
507 1833 534 1860 in
561 1833 614 1861 hoc
639 1833 738 1861 sreculo
762 1834 871 1869 quidem

80 1885 134 1904 non
158 1878 350 1906 nominentur.
368 1878 394 1905 in
411 1878 502 1906 futuro
516 1878 573 1915 (12)
589 1885 678 1908 tamen
695 1882 873 1909 nominabun-

80 1927 133 1951 tur.

114 1969 143 1997 2.
165 1969 246 1997 Nunc
272 1969 370 1997 deinde
393 1969 533 1997 sciendum
546 1974 599 2003 est,
620 1971 683 2005 quia
699 1966 779 1998 omne
801 1971 872 2006 quod

81 2016 246 2043 rationabile
273 2021 334 2048 est;
359 2021 388 2043 et
413 2016 528 2044 rationis
557 2016 688 2044 terminos
715 2021 873 2052 statutaque

80 2062 221 2094 declinat,
247 2061 307 2089 sine
341 2062 424 2089 dubio
456 2069 504 2096 per
530 2063 779 2097 pratvaricationem
806 2063 872 2090 recti

80 2109 201 2143 iustique
216 2108 337 2135 etlicitur
354 2108 382 2135 in
398 2113 521 2143 peccato.
537 2107 586 2134 Est
609 2115 676 2143 ergo
692 2109 781 2136 omnis
795 2117 872 2135 crea-

81 2159 140 2181 tura
164 2153 337 2181 rationabilis
355 2154 442 2181 laudis
457 2159 485 2182 et
507 2154 593 2190 culpae
608 2163 712 2189 capax;
737 2155 834 2188 laudis,
848 2155 872 2181 si

921 226 1129 261 suhjacet.Qnod
1137 226 1218 252 etiam
1226 225 1257 252 de
1265 224 1466 259 ipsodiaboloet
1476 224 1569 257 bisqui
1579 231 1638 250 cum
1648 223 1707 256 ipso

922 278 984 300 sunt
995 279 1018 299 et
1029 272 1222 306 dicuntnrejus
1235 271 1332 306 angeli,
1345 270 1513 298 sentiendum
1523 275 1564 297 est
1573 269 1640 305 (t5).
1652 269 1706 296 Ex-

921 318 1053 353 ponenda:
1070 323 1158 345 tamen
1176 321 1238 343 sunt
1252 317 1334 343 etiam
1345 314 1538 350 appellationes
1553 322 1659 346 eorum,
1677 317 1707 340 ut

921 364 1038 390 sciaunts
1048 371 1107 397 qua:
1123 364 1176 390 sint
1186 363 1236 390 ista
1247 362 1280 388 de
1288 361 1386 397 quibus
1400 368 1489 387 sermo
1502 361 1578 388 nobis
1596 368 1705 388 moven-

922 410 972 437 dus
988 415 1038 436 cst.
1058 409 1157 436 Diaboli
1172 409 1253 444 igitur
1265 415 1374 438 nomen,
1386 413 1412 434 et
1425 407 1541 440 Satanae,
1554 412 1580 434 et
1594 407 1704 441 maligni

923 455 949 482 in
961 455 1053 482 multis
1068 454 1214 488 Scriptura:
1226 454 1292 480 locis
1309 453 1474 487 designatur,
1490 452 1536 486 qui
1547 453 1708 479 ctinimicus

926 501 973 529 Dei
990 508 1050 528 esse
1066 500 1238 526 describitur.
1256 498 1366 525 Necnon
1380 501 1406 524 et
1425 497 1532 530 quidam
1546 497 1632 532 angeli
1650 498 1709 524 dia-

923 548 976 574 boli
1004 548 1187 577 nominantur,
1204 545 1251 573 sed
1275 551 1302 572 et
1317 545 1443 579 princeps
1461 545 1516 578 (M)
1538 544 1629 571 nmndi
1657 544 1708 570 bu-

920 592 979 626 jus,
1006 591 1050 625 qui
1075 595 1165 617 ntrmn
1190 590 1247 625 ipse
1274 591 1310 617 sit
1333 590 1457 617 diabolus
1481 597 1515 616 an
1542 589 1611 616 alius
1633 589 1707 623 quis,

923 637 1042 664 nondum
1056 636 1198 663 manifeste
1209 635 1374 662 declaratum
1388 640 1439 663 cst.
1449 635 1588 668 Principes
1599 641 1708 668 quoque

923 682 1004 717 hujus
1017 683 1108 709 mundi
1126 683 1236 717 quidatn
1252 682 1379 709 dicuntur
1393 681 1551 715 sapientiam
1563 681 1707 714 quamdam

923 729 1056 756 habentes
1070 736 1129 762 qua:
1151 729 1323 759 destruetur;
1339 727 1385 754 sed
1404 732 1493 754 utrum
1512 727 1562 762 ipsi
1581 727 1635 753 sint
1661 725 1707 753 isti

923 776 1078 810 principes,
1102 775 1149 809 qui
1176 779 1203 802 et
1228 775 1265 802 illi
1294 780 1356 801 sunt
1385 774 1551 808 principatus
1575 773 1707 800 adversus

925 830 992 856 quos
1008 822 1084 848 nobis
1104 826 1145 848 est
1168 821 1333 852 colluctatio,
1357 828 1391 847 an
1408 820 1452 846 alii
1477 819 1543 851 sint,
1558 827 1612 846 non
1628 819 1708 846 facile

926 868 990 895 mihi
1010 867 1044 894 ab
1068 868 1157 902 aliquo
1174 868 1401 902 pronuntiandum
1415 866 1530 893 videtur.
1546 865 1612 893 Post
1631 865 1707 899 prin-

920 915 1026 948 cipatus
1042 919 1143 948 autent,
1161 914 1242 941 etiam
1260 918 1407 948 potestates
1424 913 1547 947 quaedam
1566 913 1708 939 nominan-

920 967 964 988 tur
992 962 1122 989 adversus
1146 969 1215 996 quas
1238 960 1396 988 colluctatio
1419 959 1497 986 nobis
1515 964 1567 991 est,
1591 963 1618 986 et
1639 966 1706 1007 aggn

922 1006 1037 1041 geritur,
1063 1007 1111 1034 sed
1136 1011 1163 1033 et
1179 1006 1310 1033 adversus
1334 1007 1472 1040 principes
1498 1004 1590 1031 mundi
1616 1003 1708 1036 buju's,

921 1057 948 1079 et
958 1057 1078 1079 rectores
1090 1052 1260 1078 tenebrarum
1276 1051 1371 1077 barum
1385 1059 1391 1083 ;
1404 1050 1524 1084 qum-dam
1536 1049 1616 1076 ctiam
1629 1048 1709 1083 spiri-

921 1098 986 1125 talia
996 1098 1103 1125 malitia:
1112 1098 1138 1125 in
1150 1097 1302 1125 caelestibus
1313 1097 1347 1124 ab
1359 1097 1416 1130 ipso
1427 1095 1511 1123 Paulo
1521 1094 1706 1122 nominantur.

921 1144 991 1178 Quid
1017 1149 1108 1171 autem
1133 1143 1278 1171 dicendum
1306 1147 1347 1170 est
1378 1142 1461 1170 etiam
1487 1141 1520 1168 de
1543 1138 1708 1175 spiritalibus

922 1191 1048 1226 malignis
1063 1190 1119 1226 (15)
1135 1195 1161 1218 et
1175 1189 1341 1217 demonibus
1357 1187 1502 1214 immundis
1523 1186 1568 1220 qui
1582 1185 1608 1212 in
1623 1184 1710 1211 Evan-

922 1238 1002 1273 gcliis
1027 1236 1219 1264 nominantur?
1246 1234 1313 1261 Tum
1338 1233 1394 1269 66
1417 1232 1514 1260 deinde
1535 1230 1707 1266 appellantur

922 1284 1004 1311 etiam
1030 1283 1154 1317 quazdam
1179 1281 1261 1308 simili
1286 1280 1396 1306 nomine
1420 1279 1553 1309 ccelestia,
1577 1277 1624 1303 sed
1648 1283 1708 1310 qna:

923 1330 1050 1357 dicuntur
1070 1336 1139 1364 genu
1154 1327 1272 1358 ﬂectere,
1293 1325 1334 1352 vel
1355 1332 1415 1352 esse
1429 1324 1533 1351 ﬂexura
1558 1323 1584 1350 in
1600 1322 1709 1349 nomine

923 1374 997 1407 Iesu,
1018 1375 1065 1402 sed
1079 1379 1106 1401 et
1126 1373 1265 1401 terrestria
1284 1377 1312 1400 et
1326 1371 1432 1399 inferna
1448 1377 1508 1404 quie
1523 1377 1571 1404 per
1585 1369 1707 1396 ordinem

922 1420 1023 1448 Paulus
1039 1421 1062 1436 ⁸³
1085 1423 1229 1447 enumerat
1246 1418 1314 1454 (l6).
1341 1418 1369 1444 ln
1392 1424 1425 1444 eo
1450 1423 1514 1443 sane
1537 1415 1596 1442 luco
1613 1415 1639 1442 in
1655 1423 1709 1449 qun

924 1467 957 1494 de
982 1465 1160 1493 rationalibus
1186 1464 1293 1491 naturis
1318 1463 1490 1494 disserimus,
1518 1461 1633 1488 reticere
1655 1469 1709 1487 non

924 1513 1061 1544 convenit,
1078 1519 1129 1539 nec
1144 1512 1178 1538 de
1199 1511 1278 1537 nobis
1301 1510 1407 1543 quidem
1424 1508 1580 1536 hominibus
1591 1508 1638 1542 qui
1654 1509 1710 1533 uti-

925 1566 979 1593 que
992 1557 1151 1584 rationabite
1167 1555 1266 1583 animal
1282 1562 1343 1583 esse
1360 1554 1492 1587 dicimur;
1520 1554 1567 1581 sed
1589 1561 1623 1580 ne
1645 1553 1710 1580 illud

925 1605 1035 1639 quidem
1058 1603 1144 1631 otiose
1166 1601 1384 1637 prretereundum
1407 1606 1460 1632 est,
1477 1600 1549 1634 quod
1573 1600 1656 1626 etiam
1675 1600 1709 1625 de

926 1651 1004 1678 nobis
1016 1649 1082 1684 ipsis
1105 1648 1261 1677 hominibus
1286 1647 1385 1675 diversi
1401 1646 1512 1681 quidam
1536 1646 1646 1673 ordines
1661 1653 1711 1672 no-

926 1697 1074 1728 minantur,
1097 1703 1158 1723 cum
1183 1694 1308 1723 dicitur:
1338 1703 1347 1719 ε
1374 1692 1442 1720 Pars
1463 1692 1568 1720 Domini
1594 1691 1710 1726 populus

926 1743 984 1778 ejus
996 1741 1090 1774 Iacob,
1103 1741 1238 1768 funiculus
1252 1738 1419 1766 haereditatis
1434 1738 1491 1772 ejus
1505 1737 1601 1766 Israel.
1617 1747 1627 1764 ι
1642 1737 1710 1764 Pars

926 1793 1016 1816 autem
1041 1787 1197 1822 angelorum
1215 1786 1342 1813 dicuntur
1356 1789 1462 1812 caeteris
1484 1784 1619 1816 nationes,
1642 1791 1710 1818 quo-

925 1835 998 1862 niam
1015 1833 1124 1868 quidem
1143 1842 1153 1859 ι
1181 1840 1245 1861 cum
1261 1832 1394 1859 divideret
1418 1829 1547 1859 Excelsus
1566 1835 1660 1864 gentes
1683 1835 1711 1857 et

926 1881 1095 1916 dispergeret
1110 1879 1180 1906 ﬁlios
1203 1879 1303 1911 Adam,
1330 1878 1426 1905 statuit
1445 1878 1510 1905 lines
1526 1877 1645 1913 gentium
1669 1884 1711 1903 se-

926 1927 1042 1954 cundum
1071 1932 1214 1953 numerum
1238 1925 1396 1959 angelorum
1421 1923 1469 1951 Dei
1479 1923 1534 1950 ⁸⁸.)
1550 1923 1583 1950 Et
1606 1923 1710 1950 idcirco

925 1979 986 2000 cum
1010 1971 1117 1999 ueteris
1141 1970 1321 1998 rationalibus
1346 1969 1404 2005 (l7)
1425 1969 1531 1997 naturis
1553 1969 1634 1996 etiam
1657 1968 1709 1995 hu-

917 2025 1013 2045 manm
1028 2017 1124 2044 anima:
1142 2017 1213 2044 ratio
1227 2016 1391 2050 pervidenda
1412 2019 1463 2043 est.

960 2064 989 2092 5.
1009 2064 1093 2099 igitur
1108 2067 1148 2090 tot
1159 2067 1188 2090 et
1202 2063 1286 2090 tantis
1301 2062 1428 2090 ordinum
1444 2061 1648 2096 olliciorumque
1661 2069 1712 2089 no-

925 2111 1045 2138 minibus
1060 2110 1272 2145 cognominatis,
1295 2108 1392 2143 quibus
1409 2109 1514 2135 certum
1535 2113 1578 2136 est
1598 2109 1712 2136 subesse

926 2157 1114 2189 substantias,
1140 2155 1332 2190 requirendum
1354 2160 1396 2182 est
1424 2159 1513 2182 utrum
1536 2155 1662 2182 conditor
1683 2158 1712 2182 et

80 2202 234 2228 secundum
255 2202 392 2229 rationem
407 2208 487 2235 quam
510 2202 537 2228 in
553 2209 583 2229 se
597 2203 689 2235 habet,
705 2202 739 2229 ad
760 2202 871 2229 meliora
888 2206 910 2234 D
925 2207 1032 2231 creator
1046 2202 1167 2229 omnium
1184 2200 1266 2234 Deus,
1282 2200 1414 2235 quosdam
1435 2201 1546 2236 quidem
1567 2208 1600 2228 ex
1615 2200 1659 2228 his
1671 2200 1710 2227 ita

82 2247 226 2283 proﬁciat;
241 2247 338 2283 culpae,
356 2248 379 2276 si
394 2249 527 2276 rationem
544 2249 616 2276 recti
634 2251 808 2284 tenoremque
824 2250 873 2276 de-

117 2322 140 2338 ”
154 2320 225 2349 Heb.
239 2328 260 2354 ι,
274 2320 318 2349 14.
355 2320 380 2336 οδ
416 2319 514 2355 Ephes.
525 2327 546 2355 ι,
556 2321 603 2348 21.
640 2321 663 2337 ³⁸
675 2319 775 2355 Philip.
790 2329 819 2355 ιι,
832 2322 877 2351 ‘10.

116 2389 154 2425 (9)
170 2389 258 2417 Caute
282 2389 428 2416 admodum
454 2389 597 2424 legendum
620 2393 663 2416 est
676 2389 727 2416 hoc
744 2390 867 2423 quintum

84 2428 173 2458 caput,
198 2431 249 2451 nec
265 2432 318 2452 non
334 2431 450 2458 sequens
473 2429 591 2456 sextum,
607 2424 707 2459 quippe
731 2426 775 2451 ubi
800 2426 868 2452 nihil

84 2460 138 2487 fere
153 2464 196 2486 est
209 2460 280 2494 quod
297 2468 311 2486 a
325 2460 465 2486 catholica;
481 2460 542 2486 tidei
557 2467 650 2486 norma
675 2468 731 2486 nnn
746 2460 868 2492 recedat;

86 2503 132 2521 nec
148 2495 336 2521 excusationis
354 2494 442 2521 locum
463 2494 546 2522 ullum
562 2495 674 2522 haberet
688 2494 829 2529 Origenes,
846 2497 868 2523 si

85 2531 137 2556 hate
162 2537 216 2556 non
238 2538 247 2554 ι
262 2537 323 2556 cum
342 2537 439 2564 magno
455 2536 526 2556 metu
549 2534 577 2557 et
597 2529 716 2561 cautela,
733 2540 743 2556 ι
763 2535 792 2556 ut
807 2538 869 2558 mox

83 2565 204 2591 dicturus
217 2570 269 2595 est,
280 2565 433 2592 discutiens
448 2565 533 2599 magis
547 2571 573 2591 ct
583 2569 756 2599 pertractans
767 2573 777 2590 ‹
789 2573 870 2600 quant

85 2607 130 2633 pro
143 2604 220 2627 certo
237 2607 269 2627 ac
285 2600 400 2627 deﬁnito
418 2609 427 2626 ι
443 2600 593 2627 statuisset.

133 2635 172 2666 ιυ)
193 2635 281 2666 Alias,
301 2644 311 2660 ‹
331 2639 361 2661 nt
374 2635 428 2661 hic.
448 2644 458 2660 ι

133 2635 162 2660 ιυ
193 2635 281 2666 Alias,
301 2644 311 2660 ‹
331 2635 428 2661 nthic.
448 2644 458 2660 ι

118 2635 172 2705 EH;
191 2669 220 2696 In
236 2670 319 2697 editis
336 2669 414 2706 libris
439 2670 547 2706 deest,t
571 2677 642 2704 qua»,
665 2679 676 2696 ι
698 2674 725 2698 et
740 2674 871 2706 praeterea

85 2704 274 2732 Geuebrardus
288 2704 402 2735 edidit,r
422 2713 470 2739 pro
485 2705 608 2733 virilibus
623 2704 763 2733 nostris.)

118 2740 170 2781 (1-2)
189 2739 224 2767 1η
252 2740 358 2774 futuro.
380 2740 460 2768 Deest
483 2741 511 2768 in
526 2740 591 2768 libb.
610 2741 701 2774 editis,
721 2741 768 2769 sed
787 2741 870 2769 babe-

87 2780 126 2802 tur
139 2780 164 2802 in
182 2783 247 2803 mss.

119 2811 172 2845 (t5)
190 2811 235 2838 sic
252 2817 321 2838 mss.
337 2809 424 2843 Alias,
441 2819 450 2836 ι
470 2811 607 2839 sciendum
627 2815 677 2839 est.
699 2821 709 2837 ι

119 2847 171 2883 (Η)
193 2846 334 2881 Princeps.
348 2845 394 2874 Sic
420 2851 494 2876 recte
516 2854 600 2881 mss;
623 2847 691 2875 male
713 2854 776 2875 vero
798 2846 866 2879 libb.

927 2248 1031 2281 fecerit,
1045 2252 1154 2276 sanctos
1168 2255 1201 2275 ac
1215 2246 1320 2281 beatos,
1337 2252 1366 2275 ut
1383 2247 1450 2275 nihil
1470 2247 1576 2283 possint
1588 2247 1711 2282 recipere

915 2322 937 2339 "
951 2321 1029 2349 Deut.
1041 2329 1129 2354 nxn,
1141 2320 1168 2354 8,
1180 2321 1207 2348 9.

923 2390 1001 2422 editi,
1017 2400 1027 2416 ι
1046 2390 1194 2424 principes.
1222 2398 1232 2414 ι
1249 2388 1311 2424 Mox
1326 2396 1406 2422 mss.,
1426 2396 1437 2424 t
1453 2387 1588 2424 principes
1603 2394 1710 2424 quoque

923 2426 1002 2459 hujus
1011 2422 1102 2452 mundi
1115 2422 1235 2459 quidam.
1244 2433 1253 2449 ι
1266 2423 1381 2459 lnantea
1395 2422 1476 2451 editis
1488 2430 1537 2457 pro
1548 2431 1557 2448 ε
1566 2423 1683 2459 quidam
1699 2435 1707 2447 ι

924 2458 1024 2496 legitur
1042 2470 1051 2486 ι
1071 2458 1205 2496 quideme
1222 2469 1231 2485 ι
1246 2458 1417 2496 νΙιιΓτξιί-μὶὺὺς
1436 2463 1516 2485 antea
1539 2458 1615 2496 editi,
1633 2465 1643 2482 ‹
1664 2458 1711 2484 sed

924 2492 1016 2523 utrum
1030 2492 1301 2530 isti'suntprincipes
1317 2494 1354 2521 illi
1370 2494 1416 2529 qui
1431 2497 1494 2520 sunt
1507 2492 1710 2527 principatus...

925 2538 958 2558 an
976 2531 1020 2557 alii
1039 2535 1111 2558 sunt.
1130 2539 1139 2556 I

929 2578 933 2582 -
960 2565 1015 2598 (l5)
1035 2566 1080 2592 Sic
1098 2573 1174 2596 mss.;
1192 2565 1258 2592 libb.
1268 2564 1345 2598 editi,
1363 2572 1373 2589 ε
1391 2562 1530 2597 spiritibus
1543 2562 1683 2598 malignis.
1700 2573 1710 2589 ι

923 2602 929 2610 '
960 2597 1017 2630 (16)
1036 2600 1100 2628 Post
1121 2611 1129 2626 ι
1147 2605 1301 2630 enumerat,
1326 2609 1336 2625 ι
1353 2599 1480 2626 continua
1494 2597 1567 2624 serie
1583 2606 1635 2625 nec
1657 2598 1710 2624 ulla

926 2632 1085 2670 interposita
1112 2636 1212 2671 virgula
1238 2635 1264 2661 in
1290 2634 1365 2671 libris
1392 2633 1473 2660 editis
1495 2632 1622 2671 lcgitnr:
1647 2642 1656 2659 ι
1684 2634 1711 2660 In

925 2671 984 2698 loco
998 2667 1063 2698 sane
1076 2672 1102 2698 in
1118 2667 1171 2706 quo
1185 2671 1217 2698 de
1231 2670 1400 2706 naturalibus
1413 2667 1517 2706 naturis
1533 2667 1709 2706 disseremus,

925 2707 1041 2737 reticere
1060 2714 1113 2734 non
1126 2702 1265 2737 convenit,
1281 2712 1342 2731 cum
1359 2704 1392 2730 de
1407 2702 1483 2730 nobis
1494 2702 1603 2737 quidem
1623 2703 1708 2730 bomi.

925 2742 1004 2768 nibus
1018 2741 1064 2776 qui
1082 2741 1176 2773 utique
1189 2739 1358 2776 rationabile
1378 2738 1478 2776 animal
1497 2745 1559 2765 esse
1579 2738 1708 2776 dicimur,

925 2773 1159 2811 pertractahimus.
1184 2775 1237 2802 Sed
1263 2782 1296 2801 ne
1320 2773 1386 2800 illud
1413 2773 1533 2808 quidem,
1558 2781 1568 2799 ι
1592 2778 1645 2801 etc.
1672 2774 1710 2803 At

926 2819 990 2842 mss.
1007 2816 1037 2838 ut
1050 2812 1076 2838 in
1092 2815 1185 2838 nostro
1202 2814 1287 2837 textu.

956 2847 1010 2883 (t7)
1027 2846 1066 2874 lta
1083 2854 1146 2875 mss.
1163 2846 1246 2881 Alias,
1267 2854 1276 2872 ι
1294 2844 1534 2874 irrationabilibus.
1552 2853 1562 2870 I
