1883 3072
183 110 234 138 159

812 106 971 134 ORICENIS
991 108 1070 134 ΠΕΡΙ
1090 107 1205 134 ΑΡΧΩΝ

1755 103 1807 132 1ῦο

181 169 291 197 omnino
313 170 478 198 contrarium
501 167 574 204 (l8);
601 173 629 196 et
649 169 780 203 quosdam
807 169 843 196 ita
870 169 964 196 fecerit
979 172 1001 199 Α
1016 177 1047 196 ex
1064 169 1243 203 perversitate
1269 167 1412 202 propositi,
1435 166 1483 195 sed
1511 173 1543 194 ex
1568 165 1733 193 conditionis
1757 173 1807 192 ne-

182 222 212 244 ut
231 217 335 251 possint
358 221 410 242 Iam
435 215 543 242 virtutis
565 222 645 248 quam
670 214 780 241 malitiae
800 214 868 241 etiici
885 222 966 249 capa-

181 270 227 289 ces
242 261 314 296 (l9);
329 267 374 288 aut
390 262 410 287 si
431 262 577 295 putandum
601 265 644 288 est
665 261 735 295 quod
752 261 821 288 alios
840 262 876 288 ita
893 262 966 289 fece-

183 307 227 336 rit.
246 311 275 332 ut
292 307 401 333 omnino
417 306 559 340 incapaces
574 307 628 334 sint
643 307 676 333 ad
702 308 840 338 virtutem,
856 304 885 334 et
899 307 967 334 alios

182 352 313 378 malitiam
336 352 445 386 quidem
467 361 638 387 nequaquam
664 361 744 388 posse
763 354 896 388 recipere,
920 362 966 381 so-

181 397 318 425 lummodo
339 402 427 424 autem
453 406 533 432 posse
558 399 583 425 in
597 399 764 426 beatitmline
785 407 964 433 permanere;

181 445 248 471 alios
265 452 330 471 vero
355 445 422 472 tales
441 446 488 479 qui
513 446 618 479 possint
640 450 755 481 utraque
777 446 908 480 recipere.
934 446 968 473 Ut

180 495 271 517 autem
295 492 377 518 etiam
401 499 434 518 ex
459 492 524 526 ipsis
546 492 701 518 nominibus
720 492 807 526 prima
824 492 901 518 nobis
924 492 966 518 in-

181 537 294 570 quisitio
318 542 469 570 moveatur,
487 537 696 565 consideremus
722 538 744 565 si
770 538 856 565 sancti
877 538 966 572 angeli

180 591 213 610 ex
228 590 282 617 quo
298 588 372 614 sunt,
386 591 492 618 semper
508 584 593 610 sancti
609 584 729 616 fuerunt,
745 589 773 611 et
791 585 879 611 sancti
892 590 966 616 sunt,

181 629 326 662 sanctique
341 633 431 661 erunt,
446 633 471 656 ct
485 637 571 663 neque
589 634 749 663 receperunt
766 638 896 665 unquam,
920 638 968 658 ne-

181 681 233 708 que
249 674 368 708 recipere
386 679 534 709 potuerunt
549 676 652 709 peccati
677 676 775 702 locum.
790 676 858 702 Tum
871 675 967 703 deinde

181 719 263 746 etiam
280 720 306 746 hi
323 720 368 754 qui
384 721 470 747 sancti
487 721 654 755 principatus
675 722 856 757 appellantur,
877 723 967 749 consi-

181 765 309 792 deremus
323 766 344 792 si
360 766 450 792 statim
473 771 502 792 ut
523 767 607 793 creati
624 775 637 794 a
658 767 713 794 Deo
735 773 810 799 sunt,
828 767 966 802 principa-

182 813 238 835 tum
255 817 383 837 exereere
404 815 545 844 coeperunt
571 811 596 838 in
616 811 722 845 aliquos
744 812 789 846 qui
814 813 854 839 eis
876 818 966 839 essent

180 855 304 889 subjecti,
320 860 348 883 et
364 856 424 883 illos
448 857 514 884 tales
529 863 647 890 creatos,
664 863 691 884 et
705 858 738 885 ad
761 859 812 885 hoc
834 860 922 886 l‘actos
939 863 967 886 ut

181 907 272 928 essent
288 902 387 929 subditi
410 907 437 930 et
458 903 572 938 subjecti
588 903 654 939 (20').
679 905 812 932 Similiter
827 910 917 933 autem
939 910 966 932 et

179 955 240 990 tmte
252 947 422 982 appellantur
436 954 596 983 potestates,
612 955 702 976 utrum
720 950 787 978 tales
817 955 843 978 et
866 951 891 977 in
915 951 966 978 hoc

180 993 268 1027 ipsum
292 998 390 1020 creatae
405 999 478 1026 sunt,
495 999 524 1021 ut
539 1000 701 1022 exercerent
722 1000 883 1030 potestatem
898 1003 905 1027 ;
931 1003 964 1023 an

179 1038 303 1065 meritum
320 1038 426 1073 aliquod
440 1039 510 1066 istud
523 1044 565 1067 est
577 1045 604 1067 et
616 1040 755 1074 prmmium
771 1041 892 1073 virtutis,
911 1049 960 1076 per

179 1086 251 1118 quod
263 1086 296 1111 ad
313 1090 476 1120 potestatem
494 1087 572 1113 istam
593 1087 812 1122 dignitatemque
822 1094 964 1116 venerunt.

177 1130 287 1157 Necnon
309 1136 336 1157 et
357 1131 384 1157 hi
409 1132 454 1165 qui
487 1131 578 1158 throni
598 1133 735 1164 dicuntur,
753 1133 795 1160 vel
823 1134 912 1166 sedes,
931 1142 965 1160 an

179 1176 260 1203 istam
297 1177 473 1204 beatitudinis
500 1177 591 1204 sedem
627 1179 858 1213 stabilitatetnque
886 1180 965 1206 simul

183 1230 246 1249 cum
273 1221 432 1249 substantiae
456 1230 511 1249 sua:
535 1223 685 1257 prolatione
705 1225 863 1257 meruerint,
882 1230 910 1252 ut
933 1233 965 1252 ex

177 1267 317 1295 voluntate
340 1269 396 1295 sola
414 1269 466 1296 hoc
492 1269 646 1302 possideant
663 1270 819 1302 Creatoris;
843 1270 884 1297 vel
906 1278 967 1305 qua:

179 1315 351 1348 appellantur
373 1316 584 1347 dominationes,
613 1317 663 1343 hoc
689 1317 759 1351 quod
777 1318 962 1350 dominantur,

178 1365 231 1384 non
244 1366 291 1392 per
301 1359 439 1393 profectus
451 1360 489 1386 sui
503 1361 628 1386 meritum
653 1362 693 1388 eis
715 1361 799 1388 fuerit
825 1363 946 1390 additum
956 1384 962 1394 .

185 1405 232 1432 sed
250 1405 414 1433 conditionis
433 1407 611 1442 praerogativa
632 1407 759 1434 donatum
769 1407 805 1434 sit
819 1413 846 1435 et
858 1409 919 1436 ideo
931 1410 966 1436 sit

181 1451 217 1479 ab
229 1452 268 1480 eis
282 1453 462 1487 inseparabile
480 1454 680 1488 quodammodo
704 1461 736 1482 ac
752 1455 875 1482 naturale
899 1455 964 1490 (2t).

1018 215 1144 242 cessitate
1162 215 1288 241 dicuntur
1311 213 1485 240 descendere.
1501 212 1613 244 ,Eadem
1637 218 1747 245 quoque
1771 211 1806 237 de

1017 261 1186 295 spiritalibus
1211 260 1346 294 nequitize,
1376 264 1404 286 et
1428 259 1462 286 de
1485 258 1651 293 spiritalibus
1669 258 1725 293 (24)
1750 265 1808 283 ma-

1018 308 1107 342 lignis,
1120 313 1147 334 et
1158 306 1324 334 daemonibus
1341 306 1487 332 immundis
1503 304 1704 339 cthequeutiaa
1720 304 1806 338 ipsius

1019 355 1087 381 ratio
1103 359 1180 388 coget
1198 353 1320 388 intelligi.
1337 353 1413 385 Quod
1435 352 1458 379 si
1481 352 1538 378 haec
1554 351 1591 377 ita
1614 351 1648 377 de
1673 350 1802 384 malignis

1018 401 1216 434 contrariisque
1251 399 1395 425 virtutibus
1426 397 1540 432 intelligi
1570 397 1675 423 videtur
1708 395 1806 422 absur—

1019 447 1093 478 dum,
1111 446 1182 473 sicut
1207 450 1281 472 certe
1304 445 1450 472 absurdum
1476 448 1526 473 est.
1540 447 1569 470 ut
1584 450 1666 470 causa
1693 442 1805 469 malitize

1020 492 1137 528 ipsarum
1155 496 1257 519 remota
1274 491 1307 518 ab
1321 490 1428 518 arbitrii
1447 490 1488 517 sui
1506 490 1656 524 proposito,
1670 489 1804 516 conditori

1018 546 1113 566 earum
1130 538 1286 566 necessario
1311 537 1476 568 ascribatur,
1492 535 1628 571 quomodo
1644 544 1697 562 non
1721 535 1805 562 etiam

1019 585 1053 613 de
1084 585 1160 612 bonis
1189 585 1346 619 sanctisque
1372 582 1517 610 virtutibus
1546 583 1670 618 cogimur
1704 582 1805 610 similia

1018 632 1153 664 conﬁteri,
1171 631 1196 657 id
1216 636 1267 662 est,
1285 631 1347 664 quia
1365 638 1418 656 non
1441 628 1622 656 substantiale
1641 629 1676 655 sit
1692 628 1718 655 in
1738 628 1808 662 ipsis

1017 676 1130 708 bonum,
1145 677 1216 710 quod
1234 676 1328 710 utique
1349 676 1375 702 in
1397 675 1455 702 solo
1469 674 1576 701 Christo
1597 679 1623 702 et
1648 675 1674 701 in
1699 674 1805 708 Spiritu

1019 728 1113 750 sancto
1129 723 1269 749 evidenter
1287 729 1348 749 esse
1373 721 1552 754 ostendimus,
1570 721 1629 748 sine
1654 721 1735 748 dubio
1750 721 1807 748 uti-

1019 778 1071 806 que
1091 775 1118 797 et
1144 770 1170 797 in
1195 769 1282 796 Patre.
1303 769 1360 796 iVon
1384 768 1457 795 enim
1475 766 1620 794 Trinitatis
1640 772 1736 794 natura
1756 767 1806 793 ha-

1019 817 1083 844 bere
1099 817 1200 850 aliquid
1225 816 1430 850 compositionis
1455 821 1563 842 ostensa
1573 819 1633 851 _est,
1653 819 1681 840 ut
1696 814 1755 840 haec
1778 813 1806 840 ei

1020 869 1220 898 consequenter
1234 863 1376 890 videantur
1395 863 1528 890 accidere.
1547 861 1623 889 Unde
1638 866 1763 896 superest
1777 865 1807 887 ut

1020 910 1046 936 in
1072 910 1144 937 omni
1163 914 1289 936 creatura
1308 910 1348 936 sui
1364 909 1454 943 operis
1478 917 1643 943 suorumque
1681 911 1805 934 motuum

1020 957 1102 984 fuerit
1115 957 1185 991 quod
1201 956 1314 983 virtutes
1326 956 1385 983 istce
1400 963 1460 990 qua:
1474 955 1514 981 vel
1529 955 1709 990 principatum
1725 960 1808 988 agere

1021 1003 1046 1029 in
1061 1003 1131 1035 aliis,
1148 1002 1188 1030 vel
1207 1007 1367 1036 potestatem
1384 1009 1523 1033 exercere,
1537 1002 1578 1028 vel
1592 1000 1807 1026 dominationem

1020 1051 1158 1081 videntur,
1172 1057 1203 1076 ex
1222 1049 1328 1081 merito,
1346 1053 1374 1076 et
1391 1056 1443 1075 non
1465 1056 1513 1082 per
1528 1048 1691 1075 conditionis
1705 1053 1808 1081 prmro-

1020 1097 1137 1131 gativam
1163 1096 1280 1130 praelata:
1303 1095 1357 1122 sint
1385 1099 1412 1121 et
1435 1094 1611 1129 superposita:
1640 1093 1682 1120 his
1709 1094 1808 1127 quibus

1020 1150 1153 1178 prteesse.
1181 1143 1223 1168 vel
1250 1141 1278 1168 in
1303 1148 1372 1176 quos
1404 1145 1563 1175 potestatem
1600 1147 1730 1166 exercere
1767 1140 1809 1166 di-

1020 1194 1129 1216 011111111⁸-

1055 1232 1082 1259 4.
1113 1232 1165 1259 Sed
1190 1239 1223 1259 ne
1245 1232 1277 1260 de
1301 1231 1384 1259 tantis
1411 1239 1443 1258 ae
1467 1236 1520 1258 tam
1548 1230 1703 1258 dillicilibus
1727 1230 1809 1256 rebus

1019 1277 1221 1312 consequentiae
1256 1277 1340 1305 solius
1376 1277 1481 1305 ratione
1520 1277 1627 1304 invitati
1663 1277 1807 1303 videamur

1020 1331 1159 1354 asserere.
1203 1328 1283 1358 atque
1322 1330 1356 1350 ex
1404 1323 1569 1358 coniecturis
1619 1321 1808 1349 tantummodo

1022 1371 1047 1397 ill
1085 1377 1224 1397 assensum
1268 1377 1366 1404 cogere
1406 1369 1558 1400 auditores,
1598 1369 1738 1396 videamus
1783 1367 1807 1394 si

1020 1417 1085 1451 quid
1115 1417 1196 1443 etiam
1227 1418 1261 1443 de
1290 1416 1440 1450 Seripturis
1468 1416 1569 1444 sanctis
1594 1423 1737 1450 possumus
1759 1422 1808 1442 as-

1022 1463 1151 1490 sertionis
1197 1469 1352 1492 assmnere,
1393 1469 1507 1496 quarum
1549 1466 1711 1488 auctoritate
1748 1461 1808 1488 haec

179 1498 256 1530 Quod
277 1499 370 1534 utique
386 1499 409 1526 si
432 1500 469 1525 ita
493 1500 666 1534 recipiamus,
689 1506 718 1526 ιιι
735 1505 864 1535 putentur
879 1502 966 1529 sancti

1039 1509 1177 1536 redihilius
1210 1512 1376 1535 astruautur.
1412 1508 1445 1534 Et
1480 1508 1596 1542 primum
1630 1508 1738 1542 quidem
1774 1507 1810 1533 de

180 1545 280 1578 angeli.
299 1549 326 1572 et
340 1550 440 1573 sancta:
458 1550 616 1580 potestates,
633 1551 660 1574 et
681 1547 767 1574 beata:
789 1548 879 1580 sedes,
906 1549 966 1582 glo-

180 1589 312 1625 rioszeque
329 1590 452 1623 virtutes,
471 1596 498 1618 et
512 1592 663 1626 magnificae
679 1593 881 1621 dominationes
903 1596 965 1621 sub—

179 1634 347 1662 stantialiter
361 1639 508 1669 potestates
522 1636 589 1664 istas
605 1645 636 1663 ac
653 1637 798 1671 dignitates
811 1639 966 1673 gloriasque

179 1679 331 1713 possidere,
355 1687 525 1715 consequens
543 1682 602 1708 sine
629 1681 710 1709 dubio
727 1683 862 1710 videbitur
884 1686 965 1711 etiam

179 1732 212 1751 ea
236 1732 295 1758 Quae
325 1725 351 1752 in
380 1727 528 1754 contrariis
554 1727 650 1755 olllciis
678 1729 814 1756 nominata
840 1736 902 1757 sunt
933 1731 966 1757 ad

181 1770 252 1797 luluc
275 1771 383 1798 modutn
410 1773 520 1808 intelligi
545 1773 663 1802 debere:
691 1775 726 1801 ita
753 1780 782 1802 ut
798 1776 966 1810 principatus

181 1817 218 1844 illi
236 1819 366 1845 adversus
379 1826 447 1853 quos
465 1820 544 1847 nobis
561 1826 603 1847 est
618 1821 787 1854 colluctatio,
802 1822 866 1849 illud
880 1823 966 1858 ipsum

180 1863 324 1891 obluctans
341 1872 373 1892 ac
391 1865 522 1893 resistens
542 1867 614 1893 omni
633 1867 702 1894 bono
720 1869 886 1902 propositum
913 1878 965 1896 non

180 1909 352 1943 postmodum
378 1912 516 1946 recepisse
539 1913 708 1941 declinantes
730 1923 744 1941 a
770 1916 841 1942 bono
859 1924 907 1950 per
922 1924 967 1942 ιιι*-

180 1956 254 1983 bitrii
270 1956 422 1985 libertatem
437 1964 566 1993 putentur
578 1960 646 1995 (Ξῖ),
663 1962 710 1989 sed
728 1970 789 1989 cum
807 1964 873 1998 ipsis
887 1964 965 1991 simul

180 2002 395 2030 substantialitcr
416 2005 571 2038 exstitisse;
598 2007 724 2034 similiter
739 2009 822 2035 etiam
848 2015 968 2043 potesta-

182 2051 232 2078 tes,
250 2053 277 2075 et
291 2048 412 2082 virtutes,
429 2058 478 2078 nec
493 2058 553 2079 esse
570 2052 595 2078 in
611 2053 651 2079 eis
662 2053 798 2087 juniorem
815 2054 966 2082 substantia

179 2100 227 2119 sua
237 2095 468 2131 posterioremque
478 2098 619 2125 malitiam.
631 2099 668 2126 Illi
678 2107 786 2134 quoque
794 2108 864 2136 quos
876 2102 966 2127 tnuudi

183 2140 355 2168 tenebrarum
383 2149 503 2172 reetores
528 2150 555 2172 et
579 2147 716 2181 principes
740 2148 897 2183 appellavit.
915 2150 966 2176 hoc

181 2187 252 2219 quod
275 2188 463 2223 priueipautnr
485 2195 511 2217 et
535 2192 658 2220 obtinent
683 2194 809 2222 tenebras
825 2195 892 2231 (25),
911 2204 964 2223 non

217 2243 239 2258 ³⁷
252 2243 350 2273 Ezech.
364 2253 428 2274 xxvi
443 2251 469 2274 et
485 2255 576 2275 xxvni.

288 2314 481 2354 Requirendum
503 2321 541 2354 est
565 2321 653 2354 utrum
676 2318 795 2344 conditor
816 2324 840 2345 et
864 2326 966 2347 creator
983 2324 1004 2351 D

182 2350 298 2376 ontnium
322 2349 403 2389 Dens.
426 2351 671 2389 qttordamquidem
695 2361 727 2379 ea:
750 2354 790 2380 liis
814 2354 853 2381 ita
875 2356 963 2389 fecerit

181 2389 336 2423 unctoa_ac
359 2385 499 2423 beato:__ut
517 2387 583 2423 nihil
606 2389 707 2421 possint
726 2390 839 2423 recipere
859 2385 964 2417 oinnino

182 2420 505 2459 gontrariuptuete-“Vide
519 2420 738 2459 Origenianorum
763 2420 810 2452 lib.
828 2433 855 2457 ιι,
867 2431 963 2459 quaest.

180 2455 208 2493 7:
223 2463 298 2493 num.
314 2455 392 2493 2,_l_)e
408 2455 487 2493 libero
496 2457 621 2493 arbitrio,
638 2463 664 2484 et
679 2464 774 2492 quiest.
789 2460 817 2491 5,
833 2455 907 2486 ιιίιιίι.
922 2461 965 2493 ll,

183 2490 228 2517 ubi
244 2491 414 2528 expenditur
437 2491 501 2526 quid
527 2492 560 2518 de
578 2490 733 2528 angelorum
757 2495 884 2523 libertate
908 2490 966 2523 sta;

181 2525 264 2552 tuerit
280 2525 420 2559 Origenes.

219 2560 275 2596 (l9)
291 2561 335 2596 Sic
351 2568 415 2588 mss.
430 2561 514 2592 Alias.
531 2571 541 2586 ‹
558 2569 618 2589 esse
632 2571 754 2596 capaces.
774 2574 784 2590 ι

221 2595 275 2631 ('20)
342 2596 400 2635 illos
419 2597 483 2635 tales
500 2603 611 2635 creatos,
630 2603 655 2624 et
666 2595 702 2624 ad
723 2601 770 2626 hoc
783 2602 868 2635 [actos
884 2605 910 2627 ut
923 2609 966 2627 es-

183 2634 239 2657 sent
251 2631 355 2666 subditi
367 2636 390 2657 et
412 2632 529 2666 subjecti.
557 2632 618 2659 llaec
635 2635 732 2661 desunt
754 2631 788 2661 in'
804 2635 869 2662 libb.
885 2642 965 2663 antea

185 2666 274 2695 editis,
288 2666 335 2692 sed
350 2665 485 2694 habentur
499 2668 526 2694 in
541 2669 665 2695 clunibus
684 2677 750 2697 mss.

220 2700 275 2736 (21)
292 2700 338 2727 Sic
352 2709 417 2736 mss.
441 2702 525 2733 Alias,
545 2711 554 2727 ι
575 2711 607 2729 an
626 2711 660 2730 ex
680 2705 818 2732 voluntate
840 2705 895 2733 sola
912 2707 968 2734 lure

184 2736 340 2774 poesideant
357 2735 504 2774 creatoris.
522 2738 568 2765 Vel
587 2746 646 2772 qua:
659 2741 830 2774 appellantur
844 2742 969 2768 domina-

186 2770 283 2809 tiones,
301 2771 343 2797 ha:
358 2772 387 2810 _si
405 2773 483 2810 “quod
508 2770 682 2802 dtnninantur
694 2770 753 2802 ἰιοιι
769 2783 816 2810 per
843 2776 905 2803 facti
925 2777 967 2804 sui

187 2807 380 2845 meriuun_eis
403 2807 484 2833 fuerit
510 2810 559 2836 add
573 2816 645 2842 tum,
669 2811 715 2838 sed
740 2807 776 2839 de
806 2812 968 2840 conditionis

187 2846 374 2875 pt'a'rogattva,
394 2852 402 2867 ι
419 2848 470 2870 Cll.

1021 1555 1099 1581 riualis
1130 1554 1276 1581 virtutibus
1305 1554 1369 1588 quid
1404 1559 1498 1581 sancta
1537 1553 1678 1588 Scriptura
1714 1553 1808 1580 conti-

1020 1605 1100 1632 neat.
1121 1600 1310 1635 proleremus;
1332 1604 1388 1626 tum
1411 1600 1507 1628 deinde
1533 1601 1614 1628 etiam
1636 1600 1668 1626 de
1696 1599 1807 1626 caeteris

1019 1645 1072 1680 67
1093 1645 1315 1679 investigabimus
1326 1664 1333 1676 ,
1349 1640 1496 1672 secundum
1513 1645 1583 1679 quod
1602 1644 1731 1671 Dominus
1748 1650 1800 1670 nos

1021 1690 1103 1717 fuerit
1120 1690 1273 1718 illuminare
1290 1691 1432 1725 dignatus,
1458 1697 1487 1717 ut
1515 1691 1541 1717 in
1564 1690 1645 1717 rebus
1664 1695 1718 1716 nun
1735 1689 1810 1716 difli-

1020 1737 1117 1764 cilibus
1129 1737 1193 1771 quid
1210 1738 1296 1773 magis
1313 1738 1423 1764 veritati
1441 1738 1475 1764 sit
1490 1737 1642 1771 proximum
1656 1756 1663 1767 ,
1678 1736 1720 1762 vel
1740 1736 1808 1770 quid

1020 1784 1169 1810 secundum
1191 1784 1300 1818 pietatis
1323 1785 1442 1819 regulam
1458 1783 1623 1818 opinandum
1641 1782 1695 1815 sit,
1709 1790 1810 1809 conse-

1020 1837 1144 1863 quamur.
1166 1828 1320 1857 Invenimus
1339 1838 1456 1865 namque
1470 1830 1497 1856 in
1516 1827 1657 1856 Ezechiele
1671 1828 1808 1862 propheta

1020 1876 1088 1902 duas
1103 1875 1235 1909 quasdam
1254 1875 1412 1910 prophetias
1435 1875 1553 1910 scriptas
1567 1882 1628 1901 esse
1651 1873 1686 1901 ad
1703 1873 1810 1908 princi-

1021 1929 1081 1956 pem
1094 1921 1159 1956 Tyri
1169 1922 1203 1954 ⁸⁷,
1213 1929 1329 1956 quarum
1346 1923 1432 1955 prima
1445 1921 1562 1948 fortasse
1572 1920 1708 1947 videbitur
1723 1920 1810 1947 alicui

1020 1972 1168 2001 antequam
1185 1967 1281 1994 audiat
1295 1972 1322 1994 et
1337 1968 1482 1994 secundam
1494 1987 1502 1999 ,
1519 1966 1572 1994 dici
1585 1967 1618 1993 de
1629 1966 1741 1993 homine
1754 1966 1810 1992 ali—

1020 2019 1074 2046 quo
1095 2015 1140 2047 qui
1157 2013 1283 2047 princeps
1303 2013 1385 2039 fuerit
1397 2011 1553 2047 Tyriorum.
1575 2012 1608 2039 Et
1626 2012 1685 2039 ideo
1699 2019 1748 2039 nos
1766 2011 1810 2038 in-

1023 2058 1101 2084 terim
1122 2059 1187 2085 nihil
1206 2059 1239 2085 de
1254 2058 1340 2093 prima
1358 2058 1404 2088 illa
1427 2065 1582 2092 sumemus;
1605 2057 1724 2085 secunda
1743 2064 1809 2084 vero

1021 2105 1150 2139 quoniam
1169 2105 1373 2132 evidentissime
1389 2104 1450 2132 talis
1474 2109 1531 2137 est,
1550 2109 1580 2131 ut
1605 2104 1671 2131 nihil
1693 2111 1809 2138 prorsus

1021 2150 1054 2176 de
1068 2150 1186 2182 homine,
1203 2150 1249 2177 sed
1267 2151 1301 2177 de
1317 2151 1417 2177 virtute
1434 2149 1523 2185 aliqua
1539 2149 1675 2184 superiori
1692 2149 1807 2183 intelligi

1021 2196 1118 2222 debeat
1132 2196 1188 2230 ('25)
1200 2204 1260 2231 qua:
1271 2196 1379 2231 delapsa
1399 2197 1480 2224 fuerit
1503 2204 1516 2223 a
1531 2195 1716 2232 superioribus
1731 2199 1759 2223 et
1779 2196 1807 2222 in

1053 2319 1108 2355 (‘22)
1127 2319 1267 2345 Pttlentur.
1282 2320 1361 2346 Deest
1385 2320 1410 2346 in
1429 2324 1508 2346 antea
1521 2320 1613 2353 editis,
1631 2319 1677 2346 sed
1694 2319 1720 2346 in
1740 2328 1804 2350 mss.

1085 2362 1164 2382 ι·ιιιιι“.

1085 2359 1105 2380 ri
1122 2362 1164 2382 ur.

1019 2359 1119 2452 rqéml
1131 2389 1176 2417 Sic
1199 2393 1272 2418 recte
1289 2390 1399 2417 omnino
1423 2389 1502 2417 codd.
1524 2397 1601 2421 mss.,
1629 2389 1692 2416 editi
1716 2397 1804 2418 vero:

1023 2434 1032 2451 ε
1085 2426 1185 2452 inoretn
1210 2425 1362 2452 substantia
1387 2433 1435 2452 sua
1457 2425 1588 2451 malitiam
1616 2426 1804 2452 posteriorem.

1023 2434 1032 2451 ε
1058 2425 1185 2452 Minorem
1210 2425 1362 2453 substantia
1387 2433 1435 2452 sua
1457 2425 1588 2451 malitiam
1616 2426 1805 2459 posteriorem.

1020 2461 1083 2488 Illos
1097 2467 1204 2494 quoque
1220 2460 1311 2487 mundi
1329 2461 1502 2487 tenebrarum
1520 2465 1640 2488 rectores
1661 2466 1688 2487 et
1703 2461 1806 2494 princ:-

1022 2504 1068 2530 pes
1085 2496 1240 2529 appellavit,
1256 2503 1288 2522 eo
1304 2496 1375 2530 quod
1390 2495 1558 2530 principatus
1572 2500 1597 2522 et
1619 2496 1664 2530 qui
1679 2494 1806 2523 obtiiteut

1022 2531 1156 2563 tenebras,
1178 2541 1186 2557 I
1206 2536 1258 2558 etc.

1057 2565 1112 2601 (‘24)
1129 2565 1166 2592 ita
1184 2574 1247 2593 mss.
1275 2566 1359 2596 Alias,
1385 2576 1394 2591 ι
1421 2566 1568 2600 spiritibus.
1597 2575 1607 2591 ι
1628 2564 1719 2601 Paulo
1746 2571 1806 2600 post

1022 2600 1099 2632 mss,
1116 2609 1130 2642 _t
1149 2601 1255 2642 quod'si
1272 2602 1328 2642 inec
1343 2602 1377 2628 ita
1394 2603 1427 2628 de
1444 2601 1578 2634 malignis.
1597 2610 1607 2625 ι
1627 2600 1705 2628 Libh.
1721 2602 1799 2633 editi,

1023 2647 1032 2662 ι
1052 2636 1121 2671 quod
1134 2637 1155 2662 si
1172 2637 1196 2662 id
1213 2637 1247 2662 de
1263 2637 1350 2664 malis.
1371 2647 1379 2662 ι

1060 2671 1116 2705 (⁸25)
1137 2671 1171 2697 Ut
1195 2671 1259 2697 m'ltil
1285 2680 1392 2705 prorsus
1407 2672 1438 2696 de
1458 2671 1571 2702 homine,
1594 2671 1639 2698 sed
1656 2672 1687 2698 (le
1709 2673 1806 2698 virtute

1024 2707 1114 2741 aliqua
1141 2706 1252 2740 intelligi
1277 2707 1378 2733 debeat.
1413 2705 1479 2732 Vide
1511 2706 1634 2733 eumdem
1657 2707 1805 2740 Origenem

1024 2742 1093 2768 inl'ra
1118 2741 1166 2768 lib.
1187 2749 1217 2768 ιιι
1239 2741 1308 2775 Περὶ
1324 2741 1433 2776 ἀρχῶν,
1458 2749 1519 2775 cap.
1536 2741 1571 2772 δὲ,
1591 2747 1619 2768 et
1639 2742 1731 2768 ilOlllil.
1748 2743 1764 2769 tt
1780 2747 1805 2767 et

1025 2777 1058 2803 10
1085 2777 1110 2803 in
1137 2776 1287 2808 Numeros,
1314 2778 1369 2810 ιιιιι,
1382 2776 1506 2803 similiter
1531 2777 1609 2803 docet
1634 2778 1804 2811 prophetiam

1023 2812 1173 2838 Ezechielis
1194 2819 1253 2845 cap.
1271 2819 1355 2837 xxvut
1380 2818 1431 2837 non
1458 2812 1490 2837 de
1509 2812 1616 2838 homine
1642 2819 1703 2841 reue
1727 2811 1803 2846 Tyri,

1024 2848 1070 2873 sed
1086 2855 1144 2873 esse
1163 2847 1365 2879 intelligendam
1383 2846 1415 2872 de
1432 2847 1528 2880 angelo
1542 2854 1620 2880 quem
1642 2847 1710 2874 Deus
1734 2849 1804 2874 ρυλε-
