1883 3072
189 126 243 155 165

825 129 986 158 ORIGENIS
1003 131 1082 158 ΠΕΡΙ
1103 132 1217 160 ΑΡΧΩΝ

1756 133 1808 160 164

189 187 323 214 videntur
337 194 398 214 esse
412 187 573 214 commissae.
604 187 689 220 Quam
706 196 773 217 sane
794 189 896 226 Tyrum
906 210 914 222 ,
937 191 978 218 vel
991 194 1016 222 Α
1030 192 1107 219 docet
1123 200 1172 220 nos
1186 193 1218 219 de
1233 191 1340 219 diabolo
1353 192 1463 220 dicens:
1480 201 1488 217 i
1503 193 1572 220 Ecce
1587 192 1665 220 video
1677 191 1807 219 Satanam

192 241 261 267 quas
277 232 421 268 Tyriorum
444 234 551 262 animas
574 236 677 263 sentire
695 237 858 270 debeamus,
882 243 974 264 utrum

192 277 263 305 hanc
278 285 338 312 qum
355 279 381 305 in
407 278 551 308 Pbmnices
571 282 718 315 provinciae
745 283 902 317 regionibus
923 283 975 310 sita

189 327 246 355 est,
268 323 324 358 68
347 331 381 350 an
415 324 497 351 aliam
520 326 638 361 aliquam
663 328 741 362 cujus
763 328 819 355 hinc
844 336 924 363 quam
948 329 974 357 in

189 367 271 395 terris
295 369 436 401 novimus,
458 370 544 397 forma
567 375 625 404 est;
651 377 680 398 et
704 372 810 399 animas
827 373 974 409 Tyriorum

189 417 279 440 utrum
295 415 392 442 horum
405 436 412 447 .
435 423 468 442 an
486 423 580 444 eorum
601 419 648 452 qui
665 418 809 446 domestici
826 425 889 447 sunt
906 421 975 448 illius

190 459 252 495 Tyri
276 469 336 495 quae
352 462 514 496 spiritaliter
531 462 700 498 intelligitur.
718 465 744 491 in
764 465 815 492 hoc
838 466 898 493 loco
920 474 974 493 non

188 506 298 533 videtur
312 508 506 542 requirendum
519 517 526 542 ;
539 518 574 537 ne
593 511 663 538 forte
679 511 755 538 velut
770 512 796 538 in
813 513 928 539 transitu
941 513 975 540 de

190 553 274 580 tantis
287 558 314 580 et
327 558 379 580 tam
396 554 565 583 absconditis
578 557 659 583 rebus
670 557 812 584 videamur
825 558 973 593 inquirere,

189 599 261 631 quod
277 598 371 632 utique
385 600 525 633 proprium
543 601 585 628 vel
597 609 665 636 opus
678 602 771 636 exigit,
784 603 826 629 vel
839 603 973 632 laborem.

224 644 252 670 5.
282 643 399 671 Rursum
424 649 513 673 tamen
538 647 619 674 etiam
645 648 679 674 de
704 648 756 675 alia
785 650 885 676 virtute
910 657 975 676 con-

190 691 275 717 traria
287 691 343 726 (40)
356 692 390 718 ab
400 692 467 719 lsaia
483 693 612 727 propheta
627 694 690 721 talia
704 695 826 728 quaedam
836 696 972 726 docemur,

188 736 235 764 Ait
246 737 316 763 enim
334 744 341 762 :
362 746 371 762 i
389 737 528 770 Quomodo
542 739 704 774 cecidit(“)
720 741 753 767 de
768 740 839 768 cmlo
854 740 974 774 Lucifer,

190 783 235 816 qui
260 790 339 810 mane
355 783 519 810 oriebatur?
538 784 701 813 Confractus
718 791 760 813 est
776 791 803 814 et
819 787 928 814 collisus
947 787 973 814 in

191 832 294 854 terram
311 829 356 862 qui
374 829 535 856 iminiltebat
554 830 587 856 ad
610 838 706 857 omnes
725 836 828 865 gentes.
850 831 890 858 Tu
908 840 973 860 vero

190 873 285 900 dixisti
304 874 329 900 in
347 882 426 901 sensu
449 874 504 909 (42)
527 880 572 902 tuo

189 927 273 954 super
288 920 383 947 stellas
395 921 456 948 coeli
473 929 569 955 ponam
582 929 670 948 meum
685 923 822 954 thronum,
836 924 936 951 sedebo
948 925 973 951 in

190 973 282 993 monte
302 967 409 994 excelso
434 976 514 1002 super
528 974 633 996 montes
648 971 771 997 excelsos
795 971 841 1005 qui
862 976 924 998 sunt
940 973 974 999 ad

192 1013 351 1046 Aquilonem
367 1014 440 1048 (45),
460 1015 604 1041 ascendam
626 1023 708 1050 super
727 1017 823 1047 nubes,
837 1024 883 1044 ero
899 1018 974 1045 simi-

188 1058 224 1086 lis
241 1059 390 1086 Altisaimo.
412 1060 487 1088 Nunc
500 1065 588 1088 autem
606 1062 631 1088 in
645 1062 779 1089 infernum
794 1063 973 1098 tlemergeris,

191 1109 219 1130 et
237 1105 262 1131 in
289 1105 463 1132 [initiamenta
479 1113 567 1133 terra).
587 1107 639 1140 Qui
658 1112 683 1134 te
699 1108 837 1140 viderint,
854 1109 974 1135 admira-

190 1150 289 1176 buntur
303 1158 384 1185 super
406 1156 444 1184 te,
463 1157 490 1178 et
505 1152 616 1180 dicent:
637 1153 686 1181 Hic
700 1159 742 1180 est
754 1155 835 1181 homo
850 1155 896 1189 qui
910 1163 974 1182 ela-

187 1197 320 1223 eerbabat
348 1202 432 1224 totant
460 1203 582 1230 terrain,
602 1199 648 1233 qui
673 1201 797 1226 movebat
813 1208 902 1234 reges,
927 1201 972 1234 qui

190 1242 255 1268 fecit
272 1243 428 1269 universum
455 1245 548 1270 orbem
572 1245 707 1271 desertum
722 1265 729 1277 ,
755 1246 801 1279 qui
818 1247 899 1273 urbes
923 1247 972 1274 de-

188 1289 310 1320 struxit,
328 1296 378 1315 nec
400 1296 448 1315 eos
471 1290 517 1323 qui
545 1291 570 1316 in
598 1290 714 1318 vinculis
738 1296 821 1323 sunt,
850 1292 973 1320 resolvit.

188 1333 290 1361 Omnes
305 1341 382 1369 reges
396 1336 517 1369 gentium
533 1337 701 1364 dormierunt
713 1338 739 1364 in
757 1338 870 1372 honore,
890 1346 974 1366 unus-

190 1381 306 1415 quisque
333 1382 358 1408 in
377 1381 458 1408 domo
473 1389 521 1408 sua
539 1390 545 1409 :
573 1387 599 1409 tu
613 1391 675 1409 vero
689 1383 840 1418 projieieris
857 1385 882 1410 in
899 1392 974 1411 mon-

189 1426 263 1453 tibus
277 1427 346 1453 sicut
358 1432 481 1454 mortuus
492 1428 742 1456 exsecrabil-iscum
756 1429 848 1457 multis
860 1431 973 1457 mortuis

188 1473 236 1506 qui
252 1473 393 1500 transfossi
411 1478 475 1500 sunt
495 1474 608 1507 gladiis,
622 1478 649 1500 et
668 1475 867 1502 deseenderunt
880 1476 906 1502 in
929 1476 973 1502 in-

189 1519 308 1545 fernum.
330 1519 407 1545 Sicut
420 1520 611 1546 vestimentum
625 1521 756 1554 sanguine
770 1526 926 1548 concretum
941 1526 970 1548 et

187 1564 318 1591 infectum
333 1572 385 1590 non
401 1565 454 1590 erit
468 1565 608 1596 mundum,
623 1565 659 1591 ila
675 1572 724 1592 nec
743 1571 769 1592 tu
785 1566 894 1598 quidem
914 1568 970 1595 eris

187 1610 306 1637 mundus
322 1617 371 1644 pro
393 1617 425 1636 eo
447 1610 519 1644 quod
546 1615 646 1636 terrain
664 1618 750 1638 meam
767 1612 925 1645 perdidisti,
942 1618 971 1640 et

187 1657 316 1691 populum
334 1663 423 1682 meum
433 1656 556 1683 occidisti
567 1676 574 1688 ,
588 1664 639 1683 non
657 1658 778 1684 manebis
795 1658 822 1684 iii
838 1663 969 1686 aeternum

187 1709 305 1736 tempus,
330 1709 422 1729 semen
446 1702 604 1736 pessimum.
633 1701 757 1736 Pracpara
776 1703 844 1730 filios
862 1709 922 1731 tuos
936 1705 969 1731 ad

190 1748 409 1776 interfectionem
426 1755 474 1782 pro
488 1749 609 1782 peccatis
622 1750 707 1782 patris
719 1750 768 1781 tui,
783 1756 816 1776 ne
829 1755 972 1784 resurgant

186 1799 215 1821 et
229 1800 330 1821 terrain
345 1794 502 1821 haereditate
516 1795 684 1828 po:sidcant,
694 1800 721 1821 et
735 1795 857 1830 repleant
869 1801 968 1822 terram

186 1842 264 1869 bellis
275 1861 282 1873 ,
301 1845 328 1868 ct
345 1841 483 1875 insnrgam
497 1841 522 1866 in
537 1847 593 1873 eos,
614 1841 679 1868 dicit
694 1841 824 1869 Dominus
837 1841 968 1872 Sabaoth,

185 1894 213 1915 et
227 1888 352 1921 deperire
369 1887 466 1914 faciam
483 1895 580 1914 nomen
601 1889 732 1921 ipsorum.
748 1893 772 1915 et
789 1888 927 1923 reliquias,
941 1894 968 1915 et

185 1941 278 1960 semen
291 1941 384 1960 eorum
393 1933 440 1963 ".n
453 1933 672 1960 Manifestissiine
686 1941 734 1968 per
748 1934 804 1961 hinc
815 1934 968 1961 ostenditur

185 1980 319 2007 cecidisse
336 1980 369 2006 de
391 1980 468 2007 caalis
485 1981 578 2015 utique
598 1980 643 2014 qui
669 1980 746 2014 prius
768 1986 827 2007 erat
848 1980 967 2011 Lucifer,

185 2031 212 2052 et
226 2027 272 2060 qui
288 2034 367 2054 mane
390 2027 538 2053 oriebatur.
561 2026 588 2052 Si
605 2027 690 2058 enim,
713 2031 741 2053 ut
759 2031 853 2060 putant
873 2027 967 2060 aliqui,

189 2077 284 2098 natura
301 2072 356 2107 (Η)
374 2073 546 2099 tenebrarum
559 2076 636 2103 erat,
650 2073 786 2106 quomodo
805 2077 868 2098 ante
885 2072 969 2100 fuisse

187 2117 297 2144 Lucifer
313 2118 430 2144 dicitur?
459 2118 503 2145 Vel
520 2119 653 2152 quomodo
669 2123 774 2152 poterat
799 2119 864 2145 oriri
890 2127 969 2145 mane

184 2164 229 2197 qui
249 2163 316 2190 nihil
330 2164 356 2190 itt
373 2171 402 2191 se
426 2164 539 2190 habebat
558 2171 590 2190 ex
615 2164 696 2191 luce?
723 2164 776 2190 Sed
800 2169 829 2191 et
844 2164 969 2191 Salvator

597 884 603 902 :
629 876 781 904 Ascendam
800 878 826 904 in
853 878 973 910 ecelum,
990 871 1012 898 Β

1029 238 1160 265 cecidisse
1183 238 1217 266 de
1241 239 1309 266 caelo
1331 239 1400 265 sicut
1417 239 1534 273 fulgur‘.
1549 248 1559 264 ι
1581 238 1638 265 Lux
1662 238 1733 266 enim
1749 243 1809 265 erat

1029 284 1185 317 aliquando.
1205 284 1258 311 Sed
1274 288 1301 311 et
1320 284 1448 311 Dominus
1469 290 1561 311 noster
1573 285 1617 319 qui
1638 284 1742 312 veritas
1755 289 1808 317 est,

1029 329 1140 363 gloriosi
1158 329 1290 356 adventus
1316 329 1357 356 sui
1379 328 1433 364 (45)
1456 329 1605 364 potentiam
1631 329 1809 356 nihilominus

1028 374 1127 409 fulguri
1154 374 1323 408 comparavit
1347 374 1460 401 dicens:
1480 383 1489 399 ‹
1502 374 1578 401 Sicut
1600 374 1672 401 enim
1689 373 1780 409 fulgur
1794 382 1809 401 ει

1029 427 1134 447 summo
1151 420 1220 446 coelo
1234 419 1316 454 fulget
1333 427 1417 453 usque
1428 420 1461 447 ad
1476 427 1609 446 summum
1625 420 1693 454 ejus,
1707 419 1744 446 ita
1759 420 1813 446 erit

1028 466 1159 493 adventus
1182 465 1243 492 Filii
1271 465 1413 492 liominis’.
1429 475 1439 491 ι
1480 465 1514 492 Ει
1539 466 1713 493 nihilominus
1740 466 1812 492 hunc

1028 510 1127 545 fulguri
1139 515 1292 546 comparat,
1316 516 1343 538 et
1363 511 1428 538 dicit
1446 519 1507 538 eum
1526 511 1656 538 cecidisse
1670 511 1703 538 de
1720 510 1810 543 cmlo;

1027 562 1058 584 ut
1072 558 1228 586 ostenderet
1244 565 1291 593 per
1304 558 1355 585 hoc
1372 557 1454 584 fuisse
1468 561 1495 584 et
1510 557 1597 592 ipsum
1619 557 1770 591 aliquando
1785 558 1811 583 iu

1027 603 1108 636 cmlo,
1120 608 1146 630 et
1171 603 1297 630 habuisse
1314 602 1401 630 locum
1426 602 1496 629 inter
1520 607 1638 633 sanctos.
1657 608 1685 629 et
1701 602 1813 636 partici-

1027 657 1107 684 passe
1121 649 1155 676 de
1170 650 1221 676 hac
1235 649 1305 681 luce,
1315 649 1348 675 ile
1362 657 1414 683 qua
1427 656 1520 676 omnes
1535 649 1619 675 sancti
1632 648 1811 683 participant,

1028 703 1061 722 ex
1073 703 1127 730 qua
1141 695 1228 729 angeli
1247 695 1316 722 lucis
1331 694 1499 726 efficiuntur,
1515 698 1543 721 et
1560 693 1676 729 apostoli
1691 693 1738 720 lux
1753 693 1811 729 (46)

1028 741 1120 768 mundi
1137 741 1265 768 dicuntur
1290 749 1305 767 a
1330 741 1454 768 Domino.
1491 740 1548 767 Hoc
1566 748 1630 774 ergo
1645 742 1726 767 modo
1752 746 1813 767 erat

1027 787 1109 814 etiam
1127 787 1179 814 iste
1191 786 1238 813 lux
1256 787 1401 821 aliquando
1415 791 1559 821 antequam
1582 787 1813 821 praevaricaretur

1028 837 1054 859 et
1069 832 1180 860 caderet
1200 832 1225 858 in
1242 832 1314 860 hunc
1328 832 1435 864 locum,
1451 837 1478 859 et
1495 832 1582 866 gloria
1596 832 1653 866 ejus
1669 837 1814 859 converte-

1028 884 1103 905 reiur
1119 879 1144 904 in
1159 879 1309 913 pulverem,
1320 879 1391 912 quod
1402 883 1442 905 est
1456 879 1565 913 proprie
1578 878 1733 913 impiorum,
1744 879 1815 904 sicut

1028 929 1055 951 ct
1073 924 1203 958 propheta
1216 924 1291 955 dicit,
1309 932 1341 950 ex
1354 932 1409 958 quo
1426 929 1454 951 et
1470 924 1597 958 princeps
1609 923 1690 957 hujus
1704 924 1812 954 mundi,

1029 971 1054 997 id
1071 975 1114 997 est
1136 975 1250 997 terrena:
1265 970 1452 1003 habitationis,
1467 970 1616 1004 appellatus
1626 974 1686 1002 est;
1703 969 1816 1003 princi-

1028 1020 1121 1050 patum
1152 1024 1269 1050 namque
1291 1016 1346 1051 egit
1372 1016 1397 1042 in
1420 1023 1465 1042 eos
1481 1016 1526 1049 qui
1543 1015 1601 1049 ejus
1624 1015 1737 1042 malitia:
1764 1016 1815 1043 oi)-

1027 1061 1114 1088 seculi
1129 1065 1203 1093 sttnt,
1219 1062 1346 1094 quoniam
1361 1060 1416 1097 (47)
1436 1061 1545 1095 quidem
1563 1069 1573 1086 ο
1587 1066 1657 1088 totus
1672 1061 1717 1088 hic
1734 1069 1815 1088 mun-

1028 1108 1078 1134 dus
1107 1107 1246 1143 (mundum
1272 1112 1364 1134 autem
1383 1115 1454 1134 nunc
1489 1113 1626 1135 terrenum
1656 1108 1739 1134 istum
1765 1115 1817 1142 ap-

1028 1153 1098 1188 pello
1117 1145 1224 1188 locum)
1243 1152 1269 1178 in
1288 1152 1405 1186 maligno
1427 1152 1530 1186 positus
1547 1158 1588 1180 est
1597 1152 1618 1185 ³,
1635 1161 1644 1178 ι
1666 1157 1694 1180 et
1717 1154 1745 1180 in
1762 1153 1815 1180 hoc

1028 1204 1162 1233 apostata.
1183 1197 1260 1231 Quod
1281 1203 1369 1225 autem
1390 1203 1510 1232 aposiata
1530 1199 1565 1225 sit
1581 1199 1643 1231 iste,
1659 1199 1686 1226 id
1707 1203 1751 1226 est
1767 1207 1814 1226 re—

1027 1244 1100 1278 fuga,
1115 1244 1196 1271 etiam
1210 1243 1340 1270 Dominus
1351 1244 1375 1270 in
1385 1243 1435 1271 Joh
1446 1244 1482 1270 ita
1497 1243 1562 1271 dicit
1577 1251 1586 1271 :
1599 1254 1608 1269 ‹
1619 1244 1744 1272 Adduces
1755 1244 1814 1281 (48)

1027 1295 1117 1317 autem
1144 1289 1290 1317 draconem
1318 1291 1344 1316 in
1373 1290 1453 1317 hamo
1483 1291 1674 1326 apostatam‘,
1691 1300 1701 1317 ι
1725 1291 1752 1317 id
1772 1296 1817 1318 est

1028 1336 1161 1370 refugam.
1182 1336 1292 1363 Certum
1309 1341 1350 1363 cst
1376 1343 1466 1364 autem
1488 1337 1550 1372 quia
1568 1339 1650 1365 draco
1676 1337 1736 1372 ipse
1751 1338 1814 1364 dia-

1027 1381 1106 1409 bolus
1129 1382 1298 1416 intelligitur.
1326 1382 1354 1409 Si
1378 1390 1444 1417 ergo
1462 1383 1606 1410 contrarian
1621 1383 1737 1410 virtutes
1762 1391 1815 1409 no-

1027 1429 1166 1454 minantur
1178 1432 1205 1454 et
1222 1427 1403 1454 immaculata:
1419 1427 1503 1455 fuisse
1516 1428 1660 1462 aliquando
1669 1428 1814 1459 dicuntur,

1028 1472 1231 1500 immaculatum
1248 1478 1338 1499 autem
1354 1480 1414 1500 esse
1426 1478 1523 1507 praeter
1539 1473 1646 1500 Patrem
1660 1478 1688 1500 et
1709 1473 1814 1501 Filium

1031 1524 1060 1546 et
1075 1518 1206 1554 Spiritum
1222 1523 1343 1546 sanetum
1363 1519 1429 1546 nulli
1440 1519 1654 1546 substantialiler
1666 1519 1751 1552 inest,
1764 1520 1814 1548 sed

1025 1565 1157 1592 sanctitas
1174 1565 1199 1591 in
1215 1565 1287 1591 omni
1309 1569 1434 1591 creatura
1451 1565 1576 1591 accidens
1596 1572 1638 1591 res
1655 1569 1715 1596 est,
1739 1565 1814 1599 quod

1024 1617 1114 1639 autem
1128 1611 1241 1643 accidit,
1257 1615 1284 1638 et
1298 1611 1424 1638 decidere
1443 1616 1546 1645 potest.
1572 1617 1599 1637 et
1617 1611 1676 1637 istm
1691 1612 1816 1638 virtutes

1024 1658 1170 1685 contraria:
1187 1656 1368 1684 immaculata}
1387 1656 1531 1692 aliquando
1546 1656 1672 1688 fuerunt,
1695 1661 1724 1683 ct
1739 1658 1816 1684 inter

1026 1702 1085 1729 illas
1101 1701 1193 1736 utique
1217 1702 1325 1729 fuerunt
1345 1709 1405 1736 qua:
1429 1702 1518 1729 adhuc
1543 1702 1726 1729 immaculata:
1751 1711 1816 1736 per-

1025 1753 1153 1778 manent,
1176 1755 1223 1782 per
1240 1748 1292 1774 hoc
1304 1747 1458 1774 ostenditur
1474 1754 1561 1781 neque
1578 1746 1815 1780 substantialiter,

1024 1794 1066 1820 vel
1094 1794 1254 1820 naturaliter
1280 1801 1341 1820 esse
1368 1793 1486 1826 aliquem
1510 1792 1565 1828 (49)
1589 1792 1814 1827 immaculatum,

1024 1847 1112 1874 neque
1136 1839 1353 1866 substantialiter
1368 1846 1429 1866 esse
1444 1838 1575 1873 pollutum
1596 1846 1602 1864 :

1059 1886 1092 1913 Et
1104 1894 1150 1921 per
1162 1887 1213 1913 hoc
1226 1893 1397 1919 consequens
1492 1891 1600 1911 mutos.
1618 1891 1746 1911 turnum.

1023 1938 1064 1960 est
1086 1933 1111 1959 in
1131 1934 1208 1960 nobis
1226 1939 1296 1964 esse,
1316 1936 1396 1966 atque
1468 1930 1568 1963 Quibus
1595 1931 1659 1956 moti
1686 1931 1816 1964 disputa-

1023 1979 1050 2006 in
1063 1979 1162 2006 nostris
1173 1979 1299 2009 motibus,
1313 1983 1341 2004 ut
1353 1978 1393 2004 vel
1431 1977 1544 2003 tionibus
1566 1976 1622 2010 (50)
1643 1978 1815 2005 arbitramur

1023 2026 1095 2053 beati
1107 2026 1147 2053 vel
1157 2026 1242 2052 sancti
1252 2025 1395 2057 sinius,vel
1431 2031 1478 2049 sua
1504 2027 1593 2055 sponte
1611 2023 1681 2050 alios
1702 2032 1761 2051 esse
1784 2025 1814 2052 in

1022 2079 1071 2106 per
1080 2066 1209 2098 desidi'am
1221 2075 1247 2097 ct
1260 2071 1395 2105 negligen-
1431 2076 1537 2095 numero
1550 2073 1702 2094 sanctorum
1717 2075 1742 2096 et
1759 2071 1815 2097 mi-

1023 2116 1394 2144 tiamabeatitudineinma-
1431 2116 1536 2142 m'sterio
1571 2116 1637 2147 Dei;
1671 2116 1740 2144 alios
1778 2119 1813 2144 ob

1022 2161 1141 2189 litiamet
1152 2162 1326 2197 perditionem
1335 2170 1394 2188 ver-
1431 2162 1533 2196 culpam
1547 2161 1680 2196 prapriam
1696 2163 1730 2189 de
1745 2171 1814 2190 ιιιιι-

219 2253 241 2268 ’θ
259 2252 309 2278 lsa.
324 2259 378 2282 xw,
391 2252 424 2278 l9.
436 2259 511 2286 seqq.
551 2254 559 2267 ι
575 2252 641 2279 Luc.
655 2260 682 2286 ι,
699 2252 741 2279 18.
779 2254 789 2270 ³
806 2253 900 2281 Matth.
913 2256 1042 2288 xxiv,‘_l7.
1080 2254 1090 2269 ³
1106 2253 1203 2280 lJoan.
1216 2253 1296 2286 ν,19.
1335 2253 1345 2269 ⁵
1359 2253 1409 2280 Job
1421 2261 1466 2284 xc,
1477 2252 1521 2279 ‘20.

218 2322 276 2359 (ιο)
298 2323 386 2350 Etiam
403 2323 434 2350 ile
447 2325 500 2350 alia
515 2325 612 2351 virtute
630 2325 776 2352 contraria.
797 2325 872 2353 Isaite
887 2328 968 2355 verba
985 2332 1007 2359 lt

182 2366 239 2390 xiv,
264 2359 298 2386 1‘2
323 2363 419 2393 se'qq.,
450 2367 511 2386 mox
539 2360 661 2390 laudata,
686 2361 719 2387 de
750 2362 859 2388 diabolo
883 2363 965 2390 etiam

182 2394 281 2430 accipit
299 2394 368 2430 infra
385 2394 432 2419 lib.
449 2401 474 2430 iv
490 2395 559 2428 Περὶ
576 2393 687 2430 ᾀρχῶν.
701 2403 761 2430 cap.
773 2397 805 2429 '2,
824 2404 872 2424 nec
885 2398 966 2425 aliter

180 2429 302 2466 '_l_‘ertull.
320 2428 364 2454 lib.
389 2435 403 2466 _V
425 2429 548 2455 adversus
571 2429 701 2466 Marcion.
713 2451 721 2462 ,
735 2428 800 2466 Veap.
823 2432 852 2458 Η
869 2437 896 2458 et
912 2433 964 2465 i7;

181 2463 281 2490 Euseb.
298 2465 322 2500 in
339 2463 433 2500 psalin.
451 2471 532 2490 uxxt
544 2472 555 2500 ;r
572 2464 699 2492 Ambros.
718 2466 743 2492 iu
757 2463 961 2500 psalm.cxvm§

180 2498 346 2536 Athanasius
362 2498 526 2536 pluribusin
551 2499 633 2536 locis.
647 2500 735 2536 (ἐπες.
750 2501 818 2536 Mag.
843 2498 960 2536 strpiusé

180 2534 346 2571 Theodorei.
375 2533 446 2571 liic;_
465 2534 584 2571 lsidorus
608 2534 695 2571 Peius.
712 2533 759 2562 lib.
780 2533 890 2571 i'epist.
909 2533 960 2569 if)";

181 2569 314 2596 Bel'naril.
331 2575 413 2595 serui.
431 2568 448 2594 5
465 2569 490 2594 in
507 2569 604 2595 vision.
622 2570 681 2596 lsai.
711 2572 764 2597 Sed
789 2568 841 2598 non
863 2574 962 2599 desunt.

179 2603 233 2641 alii
250 2603 344 2630 Patres
357 2608 385 2641 et
405 2603 552 2641 scriptura:
568 2612 654 2631 sacra:
668 2606 831 2639 interpretes
844 2608 888 2641 qui
903 2608 961 2634 lucc

178 2638 344 2677 additierani
361 2638 534 2677 intelligenda
558 2644 651 2677 putent
669 2641 701 2667 de
721 2638 784 2677 rege
801 2638 957 2677 Babylonis,

179 2673 224 2710 alii
239 2673 272 2710 de
290 2673 572 2710 haburhoilnnosore.
598 2674 643 2701 alii
660 2676 694 2702 de
719 2673 889 2710 Ba‘liliasar'e,
912 2673 957 2703 alii

180 2709 214 2747 ili:
230 2707 434 2747 ξεηιιξιιΊιοι-ἱι),
458 2709 641 2747 unusquisque
669 2711 750 2747 juxta
769 2720 845 2738 suam
871 2707 958 2747 liypo—

179 2742 286 2768 thesim.
305 2741 360 2776 Ego
374 2749 439 2769 vero
449 2743 482 2769 de
497 2741 658 2781 balthasarq
669 2741 770 2779 accipio
780 2767 788 2780 ,
803 2747 848 2781 qui
862 2741 958 2774 ea'tl'em

177 2781 324 2818 noctequa
339 2783 422 2818 capta
435 2779 634 2818 esthdoloairl-s
646 2779 767 2816 Babylon
782 2790 796 2809 a
811 2779 896 2818 Cyro,
914 2782 957 2810 iu-

178 2810 308 2850 terf.ectus
320 2810 379 2838 est.
393 2812 463 2850 Vide
473 2813 609 2841 Danielein
624 2823 685 2850 cap.
702 2810 729 2842 t.

211 2845 268 2879 (61)
288 2846 326 2873 lia
343 2854 409 2876 :nss.
424 2848 515 2882 Alias,
533 2859 543 2875 ί
555 2845 703 2880 descendit.
716 2861 725 2877 ι

1070 2327 1113 2362 42)
1135 2327 1171 2353 Ita
1188 2334 1253 2353 mss.
1268 2326 1359 2357 Alias,
1378 2335 1388 2350 ι
1400 2326 1489 2352 corde.
1505 2333 1513 2349 ι

1069 2358 1113 2397 45)
1133 2361 1211 2388 Libb.
1226 2362 1304 2391 editi,
1320 2370 1329 2386 i
1343 2369 1423 2395 super
1435 2367 1528 2397 omnes
1543 2358 1664 2386 excelsos
1678 2360 1726 2394 qui
1741 2368 1810 2389 sunt

1021 2397 1048 2424 in
1063 2396 1213 2432 Aquilone;
1232 2405 1241 2422 ι
1252 2396 1314 2432 ηδβιι
1329 2403 1392 2422 mss.
1407 2399 1435 2421 ut
1453 2396 1478 2420 in
1495 2399 1585 2432 nostro
1597 2398 1683 2420 textu.

1055 2429 1110 2468 (Η)
1131 2431 1209 2468 Libb.
1224 2431 1310 2462 editi,
1336 2439 1345 2455 ε
1358 2435 1386 2456 ut
1409 2432 1522 2463 putant,
1541 2429 1629 2462 aliqua
1659 2434 1776 2459 natura.
1793 2441 1805 2457 ι

1017 2466 1134 2494 Αιϊιιὲε.
1152 2472 1179 2492 ut
1195 2466 1221 2492 in
1238 2471 1332 2492 nostro
1345 2469 1429 2491 textu.

1053 2502 1109 2537 (45)
1129 2502 1188 2537 Sui.
1209 2501 1287 2537 Deest
1301 2500 1325 2537 in
1339 2505 1418 2526 antea
1432 2499 1520 2537 editis.
1530 2498 1576 2525 sed
1588 2502 1677 2537 exstat
1689 2498 1716 2524 in
1731 2508 1806 2528 mss.

1053 2502 1097 2537 (45
1129 2502 1188 2528 Sui.
1209 2502 1287 2527 Deest
1301 2502 1325 2526 in
1339 2505 1418 2526 antea
1432 2502 1520 2528 editis.
1530 2502 1576 2525 sed
1588 2502 1677 2524 exstat
1689 2502 1716 2524 in
1731 2508 1805 2528 mss.

1051 2502 1109 2572 (46)
1128 2536 1196 2562 Lux.
1214 2536 1293 2562 Deest
1307 2535 1335 2562 in
1351 2538 1430 2561 antea
1449 2534 1546 2564 editis,
1562 2532 1608 2558 sed
1634 2534 1756 2562 habetur
1775 2537 1805 2563 in

1015 2579 1079 2600 mss.

1050 2606 1106 2642 (57)
1127 2605 1204 2639 Mss,
1221 2614 1231 2631 ι
1244 2605 1383 2642 quoniam.
1397 2613 1406 2629 ι
1425 2603 1509 2642 alias.
1533 2603 1701 2642 «quomodo.
1712 2613 1726 2642 ε

1048 2637 1104 2678 (ιδ)
1126 2637 1201 2673 Mss,
1227 2637 1396 2678 «adduces._r
1425 2638 1508 2678 Alias,
1532 2637 1688 2678 «educes.»
1712 2639 1806 2678 Paulo

1012 2674 1075 2711 post
1089 2674 1168 2706 niss.,
1187 2684 1196 2699 ι
1209 2676 1353 2711 contrariae
1364 2675 1477 2711 virtutes
1490 2676 1674 2711 nominantur.
1687 2683 1697 2698 ι
1717 2674 1804 2704 Libb.

1012 2708 1096 2741 editi,
1114 2720 1123 2736 ε
1135 2715 1279 2737 contrariae
1297 2710 1411 2734 virtutes
1433 2708 1530 2740 refugae
1546 2708 1734 2734 nominantur.
1751 2719 1762 2735 ι

1061 2746 1105 2779 49)
1127 2745 1187 2771 Mss.
1200 2764 1206 2774 .
1228 2754 1236 2769 i
1247 2745 1373 2779 aliquem.
1386 2751 1394 2766 ι
1425 2741 1507 2779 [Αῇῠὶξῖ
1531 2741 1594 2767 editi
1607 2760 1613 2771 ,
1633 2751 1642 2766 ι
1655 2743 1776 2779 aliquid.
1789 2755 1801 2773 ι

1061 2748 1105 2779 b9)
1127 2748 1187 2771 Mss.
1200 2764 1206 2774 ,
1228 2754 1236 2769 i
1247 2748 1373 2778 aliquem.
1386 2751 1394 2766 ι
1425 2748 1504 2767 ωυυ.
1531 2748 1594 2767 etuti
1607 2760 1613 2771 ,
1633 2751 1642 2766 ι
1655 2748 1776 2776 aliquid.
1789 2755 1801 2773 ι

1048 2748 1104 2816 ἒῆυ)
1126 2780 1226 2816 Quibus
1240 2780 1304 2816 gnati
1323 2776 1545 2816 disputationibus
1556 2776 1737 2816 ἶΙριεηῌιιηίι
1757 2780 1801 2807 lo.

1012 2810 1073 2841 cuin
1091 2810 1225 2841 sic’vertit
1241 2813 1416 2848 Hieronymus
1432 2810 1542 2848 cpistola
1557 2811 1590 2836 95
1615 2812 1648 2837 ad
1664 2813 1801 2848 avitum;

1013 2850 1082 2877 unde
1097 2850 1181 2882 liquet
1191 2856 1271 2882 quam
1283 2845 1370 2874 dubia:
1385 2847 1419 2873 sii
1434 2846 1495 2872 fidei
1514 2845 1647 2879 interpres
1663 2845 1800 2878 Rufinus.
