1883 3072
86 131 131 160 165

86 197 176 225 gamus
196 190 226 217 in
248 194 360 218 tantum
379 196 408 219 ut
425 192 466 220 ni-

88 237 157 264 mius
165 237 320 272 prolectus,
335 243 366 266 ut
377 239 412 265 ita
424 239 465 266 di-

91 282 321 316 xerim,malitize,
333 284 356 311 si
367 283 428 318 quis
439 283 465 311 in

89 334 192 357 tantum
200 330 242 357 sui
249 330 412 365 neglexerit,
422 339 468 359 us-

89 384 141 410 que
151 377 186 403 ad
200 384 262 404 eum
273 381 374 404 statum
389 378 469 405 deve-

91 422 167 453 niat,
191 427 220 449 ut
237 429 269 449 ea
289 430 350 458 qua:
370 423 468 450 dicitur

87 469 228 496 contraria
234 469 321 496 virtus
327 469 466 497 eﬂiciatur.

357 516 412 551 69
431 516 544 544 CAPUT
564 517 608 544 Vl.

274 561 310 587 De
333 562 385 596 ﬁne
405 562 444 588 vel
469 563 702 590 consummatione.

123 606 151 633 l.
170 606 249 634 Finis
272 607 315 634 vel
343 608 550 640 consummatio,
572 616 661 635 rerum
688 608 874 643 perfectarum

88 656 400 687 consummatarumque
425 660 485 680 esse
516 653 622 680 videtur
650 654 780 682 indicium
807 655 873 690 (51).

88 698 156 731 Quae
171 705 215 725 res
229 698 310 725 etiam
330 706 379 725 nos
393 698 417 725 in
431 699 482 726 hoc
497 699 556 726 loco
568 705 731 733 commonet,
746 701 816 735 quod
841 702 874 728 ad

89 745 149 771 haec
169 748 226 771 tam
244 744 328 771 ardua
343 750 369 771 et
383 745 501 772 diﬁicilia
521 745 703 780 intelligenda,
719 746 741 774 si
756 747 816 781 quis
830 747 875 775 ille

87 795 132 816 ρει
144 790 191 824 qui
212 790 315 824 legendi
333 790 430 818 horum
448 795 475 818 et
488 791 551 818 talia
572 793 755 826 cognoscendi
770 793 875 821 deside-

89 835 161 862 rium
182 836 296 869 ceperit,
314 836 462 870 perl‘ectum
481 842 507 864 et
518 839 654 865 eruditum
671 846 781 866 sensum
796 839 875 867 debet

90 883 224 910 adhibere
239 890 246 908 :
261 891 294 910 ne
310 883 381 910 forte
394 884 416 912 si
435 889 481 911 aut
499 885 601 912 nullum
619 893 696 913 usum
714 886 739 912 in
753 885 876 921 hujusce-

90 928 164 955 modi
177 929 374 962 qumstionibus
397 930 488 956 habuit
506 930 572 965 (52),
594 939 664 958 vana
680 932 802 966 quaedam
820 933 877 960 hate

88 974 128 999 illi
147 979 175 1001 et
187 974 322 1008 superﬂua
339 975 499 1005 videantur;
522 981 568 1003 aut
589 977 612 1004 si
635 977 692 1012 jam
715 977 876 1011 praeiudica-

91 1026 148 1046 tum
171 1024 197 1047 et
217 1026 382 1054 prmventum
405 1022 431 1048 in
447 1022 506 1049 aliis
520 1022 576 1057 (53)
591 1024 710 1050 animum
726 1024 806 1059 gerit,
823 1024 876 1052 hae-

89 1065 175 1092 retica
192 1065 249 1092 haec
266 1070 293 1093 et
306 1070 400 1093 contra
418 1066 496 1094 ﬁdem
517 1067 729 1095 ecclesiasticam
745 1068 802 1104 (54)
827 1077 877 1104 pu-

89 1115 140 1142 tet,
159 1119 211 1137 non
229 1116 284 1138 tam
301 1112 407 1139 ratione
431 1112 595 1140 convincens
616 1120 698 1148 quam
723 1114 808 1141 animi
834 1115 875 1141 sui

89 1156 249 1190 praajudicio
261 1157 475 1191 deliniens.Qua:
487 1159 595 1193 quidem
607 1167 621 1186 a
630 1161 706 1187 nobis
718 1161 800 1187 etiam
813 1168 874 1188 cum

91 1210 190 1237 magno
219 1207 290 1230 metu
315 1207 342 1230 et
365 1204 467 1232 cautela
498 1205 639 1238 dicuntur,
665 1206 875 1235 discutientibus

87 1248 177 1283 magis
191 1252 220 1275 et
232 1250 462 1283 pertractantibus
477 1257 558 1284 quam
570 1259 619 1286 pro
628 1256 702 1279 certo
719 1259 751 1279 ac
764 1253 874 1281 deﬁnito

86 1293 281 1320 statuentibus.
298 1293 445 1320 lndicatum
459 1302 576 1329 namque
592 1302 606 1322 a
622 1295 698 1322 nobis
712 1295 738 1322 in
751 1297 874 1330 superio-

88 1339 165 1366 ribus
178 1343 223 1366 est
242 1346 302 1374 quae
330 1340 385 1366 sint
407 1340 464 1374 (55)
480 1341 513 1367 de
539 1341 635 1375 quibus
659 1341 801 1369 manifesto
823 1342 873 1369 do-

87 1389 180 1419 gmate
205 1384 405 1412 terminandum
431 1386 477 1417 sit,
493 1386 565 1420 quod
585 1391 611 1414 et
633 1394 681 1420 pro
695 1387 797 1415 viribus
824 1395 874 1415 nos

86 1429 187 1458 fecisse
203 1435 279 1465 puto,
307 1439 368 1458 cum
391 1432 436 1458 de-
452 1431 585 1459 Trinitate
605 1431 661 1468 (56)
686 1432 871 1467 loqueremur.

88 1475 167 1504 Nunc
184 1482 275 1504 autem
301 1477 456 1510 disputandi
475 1477 564 1512 specie
591 1478 679 1513 magis
703 1486 782 1513 quam
805 1479 874 1506 deﬁ-

88 1522 196 1555 niendi,
221 1527 301 1557 prout
330 1530 481 1557 possumus,
506 1530 675 1551 exercemur.
708 1523 782 1551 Finis
807 1531 873 1559 ergo

88 1568 181 1595 mundi
198 1572 226 1595 et
250 1569 448 1595 consummatio
463 1569 584 1602 dabitur,
604 1577 666 1596 cum
686 1570 871 1605 unusquisque

85 1620 134 1648 pro
153 1613 251 1640 merito
277 1617 448 1648 peccatorum
480 1614 562 1641 etiam
583 1614 671 1648 pmnis
692 1614 868 1649 subjicietur;

84 1659 157 1693 quod
183 1664 289 1694 tempus
314 1659 387 1686 Dens
414 1659 488 1687 solus
515 1661 649 1694 agnoscit,
665 1662 772 1696 quando
787 1669 872 1690 unus-

83 1705 206 1739 quisque
233 1704 305 1739 quod
341 1710 460 1731 meretur
486 1706 628 1740 expendet.
656 1705 684 1733 In
709 1714 791 1733 unum
814 1706 871 1742 (57)

86 1759 154 1778 sane
169 1751 249 1778 ﬁnem
266 1756 391 1786 putamus
402 1751 458 1787 (58)
471 1752 541 1786 quod
554 1752 660 1780 bonitas
677 1752 722 1779 Dei
737 1760 785 1787 per
796 1752 872 1781 Chri-

84 1801 158 1823 stum
171 1804 249 1823 suutn
265 1797 421 1824 universam
443 1802 553 1824 revocet
569 1802 733 1831 creaturam,
750 1799 870 1827 subactis

83 1848 112 1870 et
127 1843 245 1870 subditis
261 1843 342 1870 etiam
370 1843 501 1871 inimicis.
528 1843 574 1871 Sic
591 1845 662 1872 enim
683 1845 749 1872 dicit
775 1850 869 1873 sancta

87 1889 232 1925 Scriptura
251 1899 258 1916 :
277 1899 286 1915 ι
303 1889 376 1917 Dixit
402 1890 532 1917 Dominus
550 1891 664 1918 Domino
687 1899 757 1924 meo,
770 1891 841 1919 Sede
854 1900 869 1920 a

87 1937 192 1964 dextris
217 1937 296 1968 meis,
313 1937 399 1963 donec
418 1944 515 1971 ponam
534 1937 660 1965 inimicos
677 1943 737 1965 tuos
763 1938 869 1965 scabel-

85 1981 143 2008 luni
157 1982 254 2016 pedum
272 1987 379 2009 tuorum
389 1983 410 2008 '.
429 1992 439 2008 ›
456 1983 535 2015 Quod
549 1983 572 2010 si
586 1984 675 2010 minus
689 1983 766 2010 nobis
785 1984 871 2010 mani-

84 2027 186 2054 festum
204 2033 245 2054 est
261 2029 325 2062 quid
349 2028 376 2055 in
390 2028 441 2055 hoc
466 2029 567 2055 indicet
582 2030 754 2063 propheticus
769 2037 868 2060 sermo.

84 2074 172 2101 Paulo
187 2075 310 2109 apostolo
319 2075 455 2102 discamus
467 2075 522 2110 (59)
537 2076 657 2108 apertius
664 2076 780 2108 dicente,
796 2077 867 2110 quod

87 2130 97 2145 ι
118 2126 228 2155 oportet
244 2120 405 2156 (Christum)
421 2128 543 2156 regnare,
559 2122 645 2149 donec
672 2127 755 2156 ponat
773 2130 867 2149 ontnes

503 243 604 265 tantam
620 239 801 274 negligentiam
815 248 874 266 (or-

503 287 603 318 ruiue,
623 291 651 313 ut
670 287 749 313 etiam
768 287 794 314 in
814 296 876 315 con-

504 333 599 360 trarias
631 333 800 368 fortitudines
817 342 875 362 ver-

504 384 626 407 terentur.

118 2187 131 2203 '
143 2187 215 2215 Psal.
227 2195 271 2221 cx,
285 2187 310 2215 l.

118 2257 175 2294 (5i)
189 2258 275 2299 Alias,
294 2267 304 2284 ι
319 2258 426 2286 videtur
442 2266 502 2287 esse
514 2258 658 2294 judicium.
681 2269 690 2286 ›
705 2260 758 2288 Sed
772 2268 866 2289 omnes

83 2301 151 2321 mss.
165 2299 194 2320 ut
210 2298 236 2320 in
250 2299 344 2321 nostro
362 2298 446 2321 textu.

130 2328 175 2364 52)
192 2328 253 2364 Lib.
266 2329 345 2361 editi,
359 2337 368 2354 ι
387 2329 521 2356 habuerit.
542 2337 552 2353 ι
570 2329 645 2361 Mss..
671 2339 680 2356 ι
694 2330 800 2358 habuit.
819 2340 828 2357 ι

130 2329 175 2364 52)
192 2329 253 2356 Lib.
266 2329 345 2361 editi,
359 2337 368 2354 ι
387 2329 521 2356 habuerit.
542 2337 552 2353 ι
570 2329 645 2361 Mss..
671 2339 680 2356 ι
694 2330 800 2358 habuit.
819 2340 828 2357 ι

82 2399 90 2404 ⁹
118 2329 175 2399 (55)
192 2363 226 2390 1η
246 2364 318 2391 aliis.
334 2364 413 2391 Deest
436 2365 462 2392 in
480 2369 560 2393 antea
578 2365 668 2397 editis,
684 2367 731 2393 sed
751 2366 867 2394 habetur

82 2407 110 2425 Ill
131 2407 198 2425 IIISS.

118 2434 177 2468 (55)
191 2433 236 2460 Sic
247 2441 326 2465 mss;
339 2437 367 2460 at
378 2433 444 2461 libb.
464 2435 539 2468 editi,
557 2444 566 2460 ι
584 2435 757 2462 catholicam.
777 2445 786 2461 ι

83 2503 90 2511 .
119 2469 176 2505 (55)
192 2468 259 2501 Qute
272 2470 334 2496 ιίιιι.
353 2470 430 2497 Deest
444 2470 471 2496 in
486 2475 565 2497 antea
577 2471 667 2502 editis,
685 2471 731 2497 sed
750 2472 867 2499 habetur

83 2512 109 2532 ΙΩ
129 2511 196 2531 mss.

117 2539 174 2574 (56)
187 2538 225 2566 De
239 2538 379 2567 Trinitate.
395 2538 440 2566 Sic
453 2547 518 2567 mss.
530 2539 615 2572 Alias,
629 2550 638 2566 ι
652 2541 862 2575 ἀριει-ιηίιιιιιε,›

82 2576 163 2602 male.

117 2610 173 2645 (57)
188 2609 272 2645 Caute
288 2609 357 2645 lege.

116 2644 173 2680 (58)
190 2644 222 2671 In
237 2644 324 2671 unum
338 2653 401 2672 sane
413 2645 492 2680 finem
503 2650 633 2678 putamus,
645 2650 697 2673 etc.
714 2645 778 2673 Vide
792 2645 864 2673 Hoe-

83 2679 147 2706 tinin
161 2679 209 2707 lib.
231 2687 249 2705 ιι
263 2679 493 2713 Origenianorum,
507 2686 602 2714 quaest.
619 2681 772 2714 undecima,
786 2690 860 2709 num.

81 2714 108 2747 9,
123 2720 150 2741 et
161 2720 259 2747 quaest.
277 2714 304 2745 5,
319 2722 392 2741 num.
405 2715 449 2742 50.

116 2750 171 2785 (5t!)
186 2749 231 2777 Sic
243 2756 324 2785 _iitss.
352 2749 436 2784 Alias,
453 2759 463 2776 ι
487 2751 520 2778 ab
531 2751 660 2785 Apostolo
681 2751 830 2779 discamus.
849 2761 857 2776 ι

81 2782 231 2821 Paulo-post
242 2783 311 2811 libb.
327 2785 402 2818 editi,
420 2782 433 2811 ιν
445 2788 516 2820 quod
529 2782 594 2813 sane
608 2787 657 2813 ista
671 2787 781 2821 quidem
794 2788 864 2820 Apo-

81 2820 174 2847 stoli...
186 2827 238 2848 nos
254 2820 366 2848 edocuit
384 2822 455 2855 quod
468 2822 513 2849 sit.
531 2830 540 2849 ι
555 2823 589 2849 At
602 2830 667 2850 mss.
680 2820 713 2849 ut
725 2823 751 2849 in
768 2828 863 2849 nostro

81 2858 162 2883 textu.

792 135 892 164 LIBER
910 135 1049 165 PRIMUS.

503 193 627 220 etimonia
658 198 824 225 carmentes,
852 194 879 220 in
894 197 917 224 Α
932 194 1057 221 inimicos
1073 194 1124 222 sub
1141 194 1254 229 pedibus
1268 194 1324 222 suis
1338 195 1358 222 ⁸.
1378 203 1387 220 ι
1403 195 1481 228 Quod
1496 195 1519 223 si
1534 202 1568 223 ne
1585 196 1633 223 ista
1649 192 1715 232 qn}.

891 869 912 897 Β

886 1540 907 1569 G

882 2264 904 2290 D

1661 142 1712 170 106

931 241 992 267 dem
1016 239 1135 274 Apostoli
1153 244 1206 267 tam
1230 244 1320 274 aperta
1339 241 1472 268 sententia
1489 242 1556 269 satis
1579 251 1628 270 nos
1648 245 1713 271 edo-

928 285 994 317 cuit,
1008 285 1072 319 quid
1087 284 1122 312 sit
1137 284 1261 312 inimicos
1275 285 1337 319 poni
1351 286 1400 312 sub
1410 286 1533 320 pedibus,
1545 288 1606 314 audi
1623 288 1711 315 adhuc

929 338 991 358 eum
1014 331 1040 358 in
1064 330 1291 365 consequentibus
1315 339 1322 357 :
1340 339 1350 356 ι
1370 330 1482 365 Oportet
1496 333 1567 360 enim
1581 333 1605 360 ei
1619 335 1709 360 omnia

929 384 989 404 esse
1004 376 1124 411 subjecta
1140 377 1161 402 ⁷.
1182 386 1191 402 ι
1209 377 1273 410 Quae
1288 384 1352 412 ergo
1365 382 1406 404 est
1419 378 1551 412 subiectio
1566 387 1616 413 qua
1631 379 1711 407 Chri-

931 427 974 450 sto
987 422 1087 450 debent
1110 429 1169 450 esse
1190 422 1279 449 omnia
1301 423 1441 456 subjecta?
1455 423 1510 457 Ego
1525 425 1641 452 arbitror
1653 425 1710 461 (60)

930 468 991 502 quia
1008 469 1064 496 hwc
1076 468 1131 503 ipsa
1148 476 1198 503 qua
1213 476 1260 496 nos
1273 476 1383 504 quoque
1398 473 1525 503 optamus
1536 471 1560 497 ei
1572 478 1632 499 esse
1645 472 1710 499 sub-

930 513 1002 548 iecti,
1019 521 1074 548 qua
1090 513 1201 547 subjecti
1218 514 1241 541 ei
1256 519 1319 540 sunt
1334 518 1361 540 et
1374 515 1486 549 apostoli
1498 519 1525 541 et
1539 523 1632 543 omnes
1646 524 1710 543 san-

928 555 1034 589 cti,qui
1051 557 1136 584 secuti
1160 561 1224 584 sunt
1252 557 1403 584 Christum.
1431 557 1613 593 Subjectionis
1637 561 1709 587 enim

929 608 1026 628 nomen
1038 609 1090 636 qua
1104 602 1212 630 Christo
1225 602 1393 636 subjicimur,
1407 603 1520 631 salutem
1530 612 1590 639 qua:
1603 613 1617 632 a
1631 606 1711 633 Chri‘

928 650 971 673 sto
988 650 1039 681 est,
1055 647 1155 674 indicat
1169 647 1372 681 subjectorum;
1398 649 1468 676 sicut
1491 654 1518 676 et
1540 649 1624 678 David
1638 651 1710 678 dice-

928 690 975 718 bat
992 698 1000 718 :
1017 701 1026 717 ι
1055 691 1148 719 Nonne
1174 693 1228 719 Deo
1244 693 1366 727 subjecta
1386 695 1442 721 erit
1468 694 1559 721 anima
1580 695 1661 722 mea“!
1676 696 1710 722 ab

929 737 987 772 ipso
1004 738 1074 764 enim
1094 738 1214 766 salutare
1230 747 1317 766 meum
1336 739 1358 766 ⁸.
1377 750 1386 767 ι

962 783 990 811 2.
1008 783 1100 810 Talem
1128 784 1210 819 igitur
1225 785 1305 812 ﬁnem
1319 785 1453 819 videntes,
1466 794 1527 814 cum
1543 794 1637 815 omnes
1656 787 1709 815 ini-

928 828 990 856 ιιιἰοὶ
1019 828 1133 861 subjecti
1152 834 1233 856 erunt
1263 830 1384 862 Christo,
1406 835 1433 858 et
1462 839 1521 858 cum
1547 832 1710 859 novissimus

927 874 1053 901 inimicus
1069 874 1226 902 destruetur
1242 883 1325 908 mors,
1343 880 1369 903 et
1384 884 1445 903 cum
1464 878 1586 904 tradetur
1598 885 1612 903 a
1629 877 1710 904 Chri-

926 924 968 947 sto
981 920 1023 947 cui
1041 921 1131 948 omnia
1145 920 1266 954 subjecta
1283 928 1358 955 sunt,
1374 930 1484 956 regnum
1507 923 1561 950 Deo
1575 923 1658 955 Patri,
1675 925 1709 951 ab

926 965 1172 1000 isto,inquam,tali
1188 967 1240 993 line
1257 973 1350 993 rerum
1381 968 1597 1002 contemplemur
1620 969 1708 996 initia.

927 1012 1040 1047 Semper
1053 1012 1125 1039 enim
1151 1011 1207 1047 (6i)
1226 1012 1323 1039 similis
1339 1017 1380 1039 est
1406 1013 1466 1040 ﬁnis
1491 1014 1577 1041 initiis
1590 1014 1664 1049 (6‘2);
1681 1019 1709 1042 et

925 1056 985 1083 ideo
1000 1056 1070 1083 sicut
1085 1063 1153 1083 unus
1168 1057 1288 1082 omnium
1302 1056 1375 1088 ﬁnis,
1389 1056 1424 1083 ita
1439 1065 1520 1084 unum
1536 1059 1655 1085 omnium
1671 1060 1709 1086 in-

925 1101 1008 1134 telligi
1023 1100 1102 1129 debet
1114 1101 1242 1134 initium;
1259 1105 1286 1127 et
1305 1102 1375 1127 sicut
1388 1102 1536 1128 lllllllorllltl
1553 1111 1621 1130 unus
1636 1102 1708 1136 linis,

925 1147 962 1174 ita
987 1148 1020 1174 ab
1043 1154 1098 1174 uno
1126 1147 1204 1174 initio
1228 1146 1320 1173 multa:
1331 1147 1489 1174 dilTerentim
1505 1155 1536 1174 ac
1550 1150 1706 1181 varietates,

924 1200 983 1228 qum
1013 1199 1121 1220 rursum
1149 1200 1197 1228 per
1220 1192 1367 1220 bonitatem
1393 1193 1439 1220 Dei
1468 1197 1496 1220 et
1514 1193 1706 1227 subjectionem

924 1240 1037 1274 Christi,
1059 1244 1141 1274 atque
1166 1239 1297 1266 unitatem
1323 1239 1438 1274 Spiritus
1462 1240 1546 1267 sancti
1575 1240 1600 1267 in
1626 1248 1708 1267 unum

923 1285 1006 1314 ﬁnem
1025 1286 1072 1320 qui
1088 1286 1123 1313 sit
1137 1285 1214 1312 initio
1229 1285 1327 1312 similis
1340 1291 1503 1312 revocantur
1518 1294 1525 1312 :
1540 1293 1633 1313 omnes
1654 1287 1708 1313 sci-

923 1332 987 1360 licet
1000 1333 1027 1359 hi
1041 1333 1087 1367 qui
1102 1332 1129 1359 in
1144 1332 1254 1360 nomine
1267 1331 1330 1360 Jesu
1345 1340 1413 1367 genu
1427 1332 1577 1365 ﬂectentes,
1595 1340 1643 1367 per
1654 1333 1706 1360 hoc

923 1378 1011 1413 ipsum
1039 1377 1215 1412 subjectionis
1231 1386 1286 1405 sua:
1307 1378 1424 1412 insignia
1448 1378 1641 1411 declararunt;
1658 1379 1705 1413 qui

923 1428 987 1451 sunt
1002 1424 1165 1456 cmicstinm,
1181 1425 1350 1451 terrestrium
1361 1429 1389 1451 et
1403 1424 1589 1457 inl‘ernorum;
1607 1425 1632 1451 in
1644 1425 1704 1459 qui-

922 1469 974 1497 bus
989 1470 1075 1498 tribus
1087 1471 1332 1506 signiﬁcationibus
1348 1471 1435 1498 omnis
1450 1471 1611 1498 universitas
1633 1471 1704 1497 indi-

928 1521 1015 1549 catur,
1037 1516 1065 1543 hi
1096 1516 1219 1543 videlicet
1243 1517 1288 1551 qui
1306 1516 1339 1543 ab
1354 1516 1399 1543 illo
1418 1523 1470 1543 uno
1496 1516 1572 1542 initio
1587 1524 1635 1551 pro
1648 1515 1705 1543 suis

925 1561 1112 1596 unusquisque
1127 1562 1244 1589 motibus
1256 1566 1283 1589 et
1297 1561 1474 1589 varietatibus
1489 1561 1545 1596 (65)
1560 1569 1610 1596 per
1619 1562 1705 1589 diver-

924 1614 969 1635 sos
983 1607 1092 1634 ordines
1107 1614 1155 1642 pro
1170 1608 1268 1635 merito
1291 1607 1440 1642 dispensati
1463 1613 1543 1640 sunt;
1559 1615 1612 1634 non
1631 1608 1702 1634 enim

924 1652 953 1679 in
970 1652 1013 1680 bis
1024 1652 1134 1679 bonitas
1161 1652 1380 1680 substantialiter
1398 1653 1496 1684 inerat,
1514 1652 1584 1679 sicut
1605 1653 1631 1678 in
1650 1653 1705 1679 Deo

923 1703 950 1726 et
965 1698 1074 1726 Christo
1089 1698 1160 1733 ejus,
1172 1703 1201 1726 et
1217 1699 1244 1726 in
1260 1698 1363 1733 Spiritu
1382 1705 1488 1726 sancto.
1503 1699 1530 1725 ln
1556 1699 1606 1725 hac
1629 1699 1704 1725 enim

924 1744 982 1771 sola
1004 1743 1148 1776 Trinitate,
1165 1752 1224 1779 qua:
1249 1749 1290 1772 est
1313 1749 1409 1772 auctor
1436 1745 1569 1776 onmium,
1596 1744 1705 1771 bonitas

923 1789 1138 1816 substantialiter
1151 1789 1241 1822 inest;
1255 1790 1344 1817 caeteri
1360 1797 1424 1816 vero
1446 1789 1615 1816 accidentem
1642 1797 1703 1816 eam

922 1841 956 1861 ac
967 1834 1137 1862 decidentem
1154 1835 1256 1862 habent
1272 1835 1341 1870 (64),
1353 1839 1380 1862 et
1395 1840 1458 1862 tunc
1469 1840 1532 1862 sunt
1546 1835 1572 1861 in
1585 1835 1704 1862 beatitu-

922 1880 994 1912 dine,
1011 1887 1071 1907 cum
1086 1880 1119 1907 de
1131 1881 1276 1907 sanctitate
1293 1887 1325 1907 ac
1340 1880 1471 1915 sapientia
1486 1884 1513 1907 et
1528 1880 1560 1906 de
1584 1881 1642 1914 ipsa
1660 1881 1702 1907 di-

922 1926 1036 1953 vinitate
1050 1926 1224 1961 participant.
1243 1927 1271 1953 Si
1287 1934 1351 1954 vero
1364 1927 1398 1954 ab
1415 1925 1569 1960 hujusmodi
1589 1927 1702 1961 partici-

920 1972 1026 2005 patione
1053 1972 1190 2007 negligant
1213 1977 1295 2007 atque
1324 1973 1495 2000 dissimulent
1515 1992 1523 2005 ,
1551 1977 1614 1999 tunc
1637 1972 1703 2000 vitio

920 2017 1194 2065 Egi
1204 2019 1295 2065 Είξξῗέ
1330 2032 1444 2065 propria:
1455 2030 1563 2058 desidia:
1578 2030 1648 2057 alius
1662 2032 1703 2057 ci-

919 2053 972 2080 τῶν
991 2053 1028 2088 μὴ
1039 2054 1224 2089 προσεχόντων
1236 2055 1296 2080 ἑαυ-
1330 2053 1648 2082 ’⁷.’Ὕ””.’“””’”.””””
1664 2053 1686 2057 ”’

919 2089 976 2111 τοῖς
1003 2088 1147 2111 Ennii-rrum:
1176 2090 1295 2111 vivom-at
1333 2080 1398 2108 “"51
1415 2077 1485 2104 allus
1506 2077 1621 2109 mrumst
1643 2077 1703 2111 plus

919 2089 976 2124 τρῖς
1003 2088 1147 2124 ἁγρύπνως
1176 2090 1295 2123 γίνονται

920 2123 1012 2158 τάχιον
1038 2123 1055 2158 ἢ
1081 2124 1187 2160 βράδιον
1211 2133 1295 2160 μετα-
1332 2125 1412 2158 alius,
1430 2124 1499 2152 alius
1524 2123 1624 2158 minus,
1645 2123 1703 2158 ipse

351 2189 361 2204 '
373 2188 383 2215 Ι
394 2188 455 2216 Cor.
469 2196 513 2223 xv,
525 2188 570 2216 25.
609 2189 618 2204 ⁷
631 2189 696 2217 ibid.
708 2189 753 2218 26.
791 2190 802 2206 ⁸
814 2190 885 2218 l‘sal.
901 2199 954 2224 ιιι,
968 2192 993 2220 1.

956 2261 1012 2298 (60)
1022 2262 1107 2290 Caute
1120 2263 1186 2297 lege.

957 2297 1012 2333 (61)
1023 2297 1107 2333 Caute
1124 2299 1192 2332 lege.

955 2331 1010 2368 (62)
1028 2331 1134 2364 Semper
1144 2331 1211 2359 enim
1225 2332 1318 2360 similis
1329 2337 1366 2360 est
1378 2333 1438 2367 ﬁnis
1451 2332 1544 2365 initiis,
1557 2337 1609 2359 etc.
1625 2331 1701 2368 Hunc

920 2367 1008 2395 locum
1026 2368 1137 2401 respicit
1154 2372 1180 2394 et
1203 2369 1289 2402 carpit
1314 2368 1494 2403 Hieronymus
1509 2369 1589 2402 epist.
1608 2367 1643 2394 94
1666 2368 1701 2403 ad

919 2403 1037 2433 Avitum,
1056 2410 1116 2429 cum
1134 2403 1278 2437 Origenein
1300 2404 1401 2429 sentire
1417 2402 1481 2436 ait,t
1496 2411 1603 2430 rursum
1624 2402 1700 2429 nasci

919 2445 951 2464 et
975 2437 1026 2464 line
1052 2438 1223 2477 principium,
1238 2443 1264 2464 el
1285 2445 1318 2477 ex
1337 2439 1469 2477 principio
1486 2438 1587 2467 linem;
1609 2442 1642 2477 ct_
1662 2437 1700 2477 ita

920 2477 1018 2500 concta
1035 2473 1146 2504 variari,
1165 2477 1193 2499 ut
1210 2478 1237 2499 et
1252 2474 1296 2506 qui
1319 2481 1390 2500 nunc
1411 2474 1491 2500 homo
1505 2478 1557 2504 est,
1571 2473 1656 2506 pOsSlt
1671 2473 1699 2498 in

920 2507 973 2546 alio
990 2507 1088 2546 Inundo
1106 2509 1208 2546 decumo
1222 2508 1297 2540 lieri;
1311 2513 1339 2546 et
1358 2508 1403 2542 qui
1420 2508 1523 2534 (humori
1540 2512 1591 2546 est,
1605 2511 1632 2533 et
1649 2513 1698 2546 ne:

920 2543 1066 2577 gligelllllla
1076 2543 1173 2576 egi-rit,
1190 2544 1215 2569 in
1233 2541 1495 2576 crassiora’ct-rpora
1509 2541 1654 2576 relegetur,
1670 2541 1697 2567 id

919 2582 971 2609 est,
990 2582 1018 2603 lit
1038 2577 1119 2604 homo
1135 2578 1189 2604 liat.
1206 2577 1305 2611 Sicque
1327 2578 1471 2610 permiscet
1485 2577 1586 2607 ornnia,
1609 2581 1638 2602 Iit
1664 2577 1697 2602 de

919 2611 1014 2647 angelo
1040 2613 1125 2646 possit
1138 2613 1260 2639 diabolus
1282 2613 1356 2645 lieri,
1372 2617 1400 2639 et
1417 2619 1511 2639 rursus
1525 2611 1649 2638 diabolus
1669 2611 1695 2637 in

917 2648 1213 2683 angeluml‘evertatur.
1230 2656 1239 2673 ι
1315 2681 1338 2683 ι
1479 2680 1512 2683 ___
1671 2678 1677 2683 _

951 2680 1008 2716 (65)
1038 2681 1073 2708 Et
1107 2683 1285 2709 varietatibus.
1312 2681 1359 2710 Sic
1374 2688 1440 2709 mss.
1471 2680 1566 2714 Alias,
1585 2689 1595 2706 ι
1620 2680 1696 2707 varie

916 2724 979 2744 acu.
1000 2726 1009 2742 ι

952 2751 1008 2786 (64)
1024 2752 1107 2779 Caute
1127 2752 1194 2787 lege.

953 2787 1008 2823 (65)
1030 2787 1081 2819 Ἐξ
1095 2785 1170 2820 ιδίαξι
1181 2787 1288 2820 αἰτίας,
1301 2791 1353 2815 etc.
1363 2787 1459 2815 Graeca
1474 2786 1552 2814 uncis
1566 2785 1696 2823 conclusa

916 2822 1025 2848 exStant
1046 2826 1078 2848 ad
1093 2824 1193 2849 calcem
1213 2823 1337 2857 epistola:
1357 2822 1696 2857 Justiniani'iinperatoris

919 2858 952 2884 ad
966 2857 1070 2884 Menam
1085 2859 1268 2892 putriarcham
1282 2858 1625 2893 Constantinopolitanum.
