1883 3072
210 109 262 139 167

207 165 334 196 πτώσεις.
343 164 389 191 καὶ
396 165 440 190 ἐπὶ
453 165 552 197 πλεῖον,
564 166 580 200 ἦ

208 202 251 227 ἐπ’
267 200 304 231 ὡς
317 200 433 226 ἔλαττον·
457 200 510 226 ἀπὸ
522 200 583 226 ταύ-

208 244 258 270 της
285 236 333 270 τῆς
370 234 459 266 αἰτίας
492 235 580 270 κρίετει

208 271 236 297 Os
242 271 268 306 ίᾳ
312 279 342 295 συ
348 270 578 306 μπαραγμεζτρούσῃ

207 305 262 336 τοῖς
283 305 396 332 ἑκάστου
411 305 539 339 βελτίοσιν
561 305 577 340 ἢ

207 340 308 375 χείροσι
328 342 456 375 κινήματι
483 340 529 366 καὶ
552 340 580 366 τὸ

207 369 265 401 215‘
279 374 365 407 ἀξίαν,
382 369 397 400 ξ
410 375 457 410 μέν
474 384 515 406 τις
527 375 581 406 ἔξει

208 412 235 436 ὲν
247 412 278 445 τῇ
297 410 422 451 ἔσομένῃκ
431 410 580 451 Stat-4055i;-

206 454 247 471 σει
260 445 334 476 τάξιν
347 445 492 479 ἀγγελικὴν
505 445 520 479 ἢ
535 445 580 471 δύ-

205 489 286 514 ναμιν
299 479 412 515 ἁρχικὴν
429 480 444 515 ἢ
459 480 580 512 ἐξουσίαν

206 515 253 550 τὴν
270 515 314 541 ὲττί
327 523 417 546 τινων,
446 515 462 550 ἢ
487 515 579 550 Ορόνον

205 550 250 575 τὸν
266 550 311 576 ἐπὶ
325 550 548 586 βασιλευομένιιιν,
562 551 577 586 ἢ

329 585 376 620 τὴν
386 585 455 627 tit-1.151
470 585 577 627 διιύλων·

204 621 229 646 οἱ
242 620 270 646 δὲ
283 621 352 646 πάνυ
365 629 390 646 τι
403 620 578 652 ἐκπεσόντες,

204 663 252 690 την
277 655 322 680 ἐπὶ
346 656 400 686 τοῖς
427 656 579 690 εἰρημένοις

204 690 356 724 οἰκονομίαν
375 699 404 716 τε
419 710 425 721 ,
446 691 492 716 καὶ
519 690 580 725 βοή-

205 725 278 752 θειαν
296 725 394 757 ἕξουσι.
419 725 473 751 Καὶ
495 725 579 756 αὕτως

204 761 274 787 κατὰ
286 760 335 793 μὲν
347 760 376 786 τὸ
392 760 514 787 πλεῖστθν
528 760 580 786 ἀπὸ

204 795 257 831 τῷν
281 795 333 822 ὑπὸ
361 795 408 826 τὰς
432 796 517 831 ἀρχὰς
535 796 580 822 καὶ

204 830 324 862 ἐξουσίας
338 831 384 857 καὶ
396 830 457 862 τοὺς
470 831 579 866 (ip/mou;

205 866 250 901 καὶ
263 865 310 897 τὰς
327 865 497 901 uapide-qtae,
510 866 579 900 τάχα

203 900 231 926 δὲ
247 901 301 926 ἔστ’
317 900 367 926 ὅτε
385 901 430 926 καὶ
452 902 509 926 ἀντ’
530 901 579 926 αὺ-

203 936 257 971 τῶν
281 938 440 971 συστήσεται
469 936 498 962 τὸ
524 935 578 962 τῶν

203 970 361 1015 ἀνρριξῖπων
373 971 457 1015 ,γένος
482 972 510 997 ὲν
539 970 578 1006 τῷ

202 1005 263 1032 καθ’
280 1006 327 1032 ἕνα
349 1006 452 1041 κόσμῳ.

326 1084 351 1111 Id
371 1091 412 1112 est
430 1095 436 1111 :

206 1155 245 1182 Ea:
266 1155 370 1188 propria
391 1164 478 1181 eorum
499 1165 575 1190 culpa

204 1191 246 1224 qui
261 1191 366 1216 minime
378 1190 427 1216 sibi
440 1190 574 1224 vigilantes

203 1225 348 1254 attendunt,
359 1225 424 1257 fiunt
442 1226 517 1251 citius
529 1230 576 1252 aut

202 1260 285 1286 serius
298 1260 468 1294 delapsiones,
490 1268 575 1294 ewque

203 1294 242 1321 vel
259 1293 370 1328 majores
382 1295 421 1320 vel
442 1293 573 1327 minores;

202 1337 307 1363 eamque
327 1329 357 1355 ob
370 1338 476 1356 causam
489 1330 575 1356 divino

204 1364 301 1395 iudicio
337 1365 408 1391 bonis
433 1365 472 1391 vel
500 1366 574 1392 malis

202 1399 405 1433 uniuscujusque
415 1400 526 1426 motibus
538 1401 576 1426 di-

202 1442 279 1468 gnam
294 1439 517 1461 cammensurante
533 1443 573 1461 re-

202 1469 377 1498 tributionem.
405 1469 446 1495 ltic
472 1470 573 1504 quidem

203 1505 229 1528 in
245 1503 335 1536 futura
358 1505 447 1530 mutuli
462 1505 574 1537 disposi—

202 1539 271 1564 tione
285 1539 385 1564 [iubebit
398 1539 514 1564 ordinem
527 1547 575 1564 an-

201 1573 322 1606 gelicum,
364 1578 411 1599 aut
452 1573 574 1600 virtutem

202 1608 373 1642 principatus,
399 1613 441 1634 aut
463 1613 573 1642 potestu-

203 1648 252 1667 Iem
269 1643 294 1668 in
312 1643 423 1677 aliquos,
439 1648 484 1668 aut
504 1643 575 1669 Μινο-

202 1685 262 1704 num
272 1685 351 1709 supra
359 1685 435 1711 regno
445 1678 572 1709 subditos,

202 1717 246 1738 aut
260 1712 463 1739 dominationem
481 1713 509 1738 in
519 1721 575 1738 ser-

201 1755 253 1774 vos.
270 1746 320 1778 Qui
336 1755 393 1773 vero
404 1756 453 1773 non
466 1747 575 1773 multum

202 1781 485 1811 exciderintJtabebunt
497 1790 574 1815 quam

202 1817 316 1843 diximus
349 1818 518 1843 mconomiam
550 1822 574 1843 et

200 1851 390 1886 ndjumentum.
419 1852 502 1886 Atque
536 1853 573 1878 itu

201 1893 228 1912 ut
254 1886 396 1920 plurimum
418 1895 450 1913 ex
473 1887 504 1912 iis
529 1887 574 1921 qui

200 1927 259 1948 sunt
275 1922 321 1948 sub
340 1922 525 1953 principatibus
548 1927 572 1947 et

200 1957 367 1988 potestatibus
388 1962 410 1983 et
430 1957 530 1983 throni:
549 1961 573 1991 et

199 1990 429 2024 dominationibus,
459 1992 525 2025 forte
548 2000 576 2018 e-

235 2049 246 2066 ⁸
261 2049 311 2076 lsa.
324 2058 398 2083 ιιι-ι,
407 2050 452 2078 22.

491 2051 512 2067 ’⁸
523 2049 601 2077 Joan.
612 2058 677 2083 xvn,
688 2050 734 2082 ΞΟ,
746 2049 790 2078 2|.

839 109 1001 137 ORIGliNlS
1021 111 1099 138 ΠΕΡΙ
1121 112 1232 138 ΑΡΧΩΝ

618 166 667 192 silui
683 173 763 192 causa
784 167 825 193 sui
843 167 935 202 lapsus
947 168 987 194 vel
1002 171 1026 198 Α
1041 168 1104 193 tiam
1117 169 1415 206 altquamtacorutnloco
1451 179 1504 204 que
1538 171 1710 206 profecerant

618 220 696 239 casus
723 212 847 240 efﬁcitur.
869 213 901 240 Et
922 222 989 248 quo-

618 260 700 291 niam,
729 264 758 286 nt
785 259 903 286 diximus
920 261 985 297 (66),

616 313 695 332 (usus
708 306 757 332 iste
768 305 810 332 vel
822 306 924 340 lapsus,
935 315 988 341 quo

617 352 648 379 de
666 357 736 379 statu
753 359 800 379 suo
815 353 930 387 quisque
943 354 988 380 de-

616 398 708 431 clinat,
720 399 946 433 quamplurimum
961 401 986 427 in

616 452 646 472 se
683 445 763 472 habet
800 446 986 473 diversitatem

616 497 663 523 pro
678 491 775 517 mentis
797 498 830 527 tte
855 492 986 525 propositi

616 535 745 566 motibus.
762 537 832 570 quod
858 537 928 564 alius
946 539 986 563 lc-

616 582 684 614 vius,
700 583 768 609 alius
779 584 887 617 gravius
898 585 932 610 ad
947 586 987 612 in-

616 630 713 657 feriora
737 631 865 664 declinat,
885 632 912 658 in
935 633 987 660 hoc

613 678 668 712 jam
682 678 924 712 justuu.judicium
939 680 985 707 Dei

617 727 791 758 providentia:
805 747 812 759 ,
831 733 858 754 ιιι
882 728 988 755 uoluti-

615 779 668 805 quc
680 775 824 801 secundum
840 775 986 802 diversita-

617 824 668 848 tem
685 826 806 848 motuum
824 831 872 856 pro
889 825 985 852 merito

1790 115 1839 140 {Gs

1757 169 1816 207 (69)
1829 188 1835 197 .

1452 224 1527 251 πριιιιο
1539 217 1664 252 justeque
1674 217 1781 252 judicio
1798 219 1836 244 di-

1454 263 1514 289 vina
1525 264 1832 298 contulitprovidenlia.

1042 306 1072 333 Hi
1087 315 1150 334 vero
1167 308 1212 341 qui
1233 308 1266 334 de
1286 313 1357 334 statu
1378 307 1474 342 primae
1499 309 1673 336 beatitudinis
1689 310 1757 336 tnoti
1774 311 1835 342 qui-

1041 353 1100 380 dem
1125 359 1188 380 snnt
1216 353 1281 389 (70),
1310 362 1362 380 non
1387 359 1474 381 tatncn
1501 354 1831 387 irretnediabilitcrmoti.

1041 399 1093 425 illis
1108 407 1176 433 quos
1194 408 1274 434 supra
1291 401 1495 434 descripsimus,
1508 401 1610 428 sanctis
1624 403 1770 436 beatisque
1782 411 1831 429 or-

1041 444 1147 471 dittibns
1173 445 1345 479 dispensandi
1368 445 1482 478 subjecti
1498 452 1560 473 sunt
1579 454 1611 473 ac
1627 448 1741 482 regendi
1761 449 1831 483 (7i);

1040 495 1154 520 quorum
1167 491 1301 523 adjutorio
1317 490 1370 522 usi,
1384 496 1410 517 ct
1429 491 1642 520 institutionibus
1657 502 1688 520 ac
1705 495 1833 529 discipli-

1040 535 1083 561 nis
1099 535 1264 562 salutaribus
1280 535 1432 569 reformati,
1446 537 1534 564 redire
1549 546 1580 566 ac
1597 539 1702 565 restitui
1719 541 1752 566 ad
1771 546 1830 567 sta-

1043 585 1097 606 tuttt
1112 588 1167 607 sua:
1179 580 1358 608 beatitudinis
1379 582 1492 616 possint.
1511 583 1550 610 Ex
1574 585 1671 618 quibus
1685 586 1828 618 existimo,

1041 630 1121 659 prout
1137 633 1187 660 ego
1213 627 1316 654 sentire
1332 635 1452 662 possum,
1476 628 1547 656 hunc
1571 631 1693 657 ordinem
1714 632 1828 659 immani

1039 673 1147 706 generis
1179 673 1341 704 institutum,
1359 674 1404 708 qui
1428 674 1523 709 utique
1548 675 1574 701 in
1597 676 1686 703 fututo
1713 679 1826 710 saeculo,

1039 718 1081 745 vel
1096 719 1350 752 supervenientibus
1366 721 1482 754 saeculis,
1498 729 1559 748 cum
1574 722 1669 748 cadum
1684 731 1785 750 novum
1800 729 1828 751 et

1041 768 1110 790 terra
1126 772 1196 791 nova
1211 766 1360 793 secundum
1381 767 1476 794 Isaiam
1491 768 1501 782 ν
1513 767 1566 794 erit
1582 768 1650 800 {72),
1665 771 1826 797 restituetur

1040 809 1066 835 in
1095 809 1167 836 illam
1186 810 1316 838 unitatem
1339 820 1419 846 quam
1443 813 1575 846 promittit
1594 813 1721 841 Dominus
1743 820 1825 844 .tesus

1042 203 1212 229 constituetur
1229 212 1308 236 genus
1322 203 1415 230 huma-

1042 246 1102 264 num
1117 238 1144 264 in
1157 237 1266 273 singulis
1279 238 1391 264 mundis.
1405 237 1415 274 ]

614 867 655 893 sui
669 868 794 895 decessus
814 853 841 895 ἐι
866 877 985 897 comm”-
1003 853 1024 879 Β
1040 855 1131 882 dicens
1157 855 1189 882 ad
1217 857 1299 882 Deum
1326 856 1434 884 Patrem
1451 858 1482 884 dc
1501 858 1558 884 suis
1578 859 1718 893 discipulis
1732 861 1791 896 (73)
1817 870 1825 887 :

616 912 695 940 tionis
711 914 764 948 7ο
777 921 912 942 occurrat.
946 917 985 944 Ex

615 958 656 986 Itis
667 967 733 986 sane
747 961 791 994 qui
805 963 832 988 iit
848 961 892 989 illo
910 963 986 989 initio

613 1011 830 1039 pertttanserunt,
851 1008 922 1041 quod
945 1009 985 1034 l'u-

613 1057 674 1079 turo
694 1053 738 1079 lini
752 1054 843 1082 simile
863 1063 924 1082 esse
938 1057 985 1083 dc-

612 1100 781 1133 scripsimus.
811 1102 921 1135 quidam
951 1110 984 1130 ex

613 1147 679 1180 ipsis
690 1148 727 1182 i_in
743 1149 913 1177 ordinatione
929 1151 983 1185 (67)

613 1201 642 1220 ac
665 1195 868 1229 dispensatione
891 1198 983 1224 mundi

611 1240 734 1267 ordinem
755 1242 907 1276 angelicum
924 1251 983 1270 sor-

613 1288 727 1319 tiuntur,
760 1289 805 1315 alii
834 1289 982 1323 virtutum,

611 1333 656 1360 alii
689 1334 907 1368 principaluum,
935 1336 982 1363 alii

611 1385 783 1414 potestatum,
801 1383 871 1416 quod
895 1383 920 1408 itt
935 1390 982 1411 eos

611 1426 737 1453 videlicet
747 1433 891 1455 exerceant
906 1434 983 1462 pote—

610 1476 706 1498 statem
724 1473 769 1508 qui
786 1474 884 1503 habere
902 1484 983 1511 super

721 1521 726 1525 _
768 1521 773 1526 ,
1179 1521 1271 1524 ,Ἥρη
1285 1521 1291 1524 .
1310 1521 1316 1524 ν
1336 1521 1367 1525 -.
1379 1521 1472 1526 ηυγ...
1490 1521 1585 1526 ...-....-
1599 1521 1704 1532 -.....--,
1721 1521 1748 1528 ν.
1764 1521 1815 1528 ..ν..

707 1521 983 1579 ᾲνέωδω·
997 1529 1018 1557 (ἶ
1035 1542 1088 1568 sint
1101 1543 1126 1569 in
1144 1543 1219 1570 vobis
1235 1544 1392 1576 schismata,
1409 1545 1469 1571 sitis
1481 1551 1572 1572 autem
1589 1545 1700 1579 perfecti
1720 1546 1744 1573 itt
1764 1554 1818 1574 uno

611 1570 664 1592 tem
681 1576 687 1593 :
706 1567 751 1593 alii
769 1568 925 1597 thronorum
942 1579 982 1598 or-

610 1613 625 1639 d
640 1621 711 1647 nem,
736 1615 761 1641 id
776 1621 827 1649 est,
841 1617 980 1651 judicandi

611 1661 652 1687 vel
667 1663 777 1696 regendi
793 1671 840 1691 eos
862 1665 908 1699 qui
929 1666 982 1693 ltoc

612 1708 743 1743 indigent.
769 1711 900 1739 habentes
925 1713 982 1740 olli-

611 1757 698 1789 cium;
710 1757 755 1784 alii
769 1759 980 1788 dominationem

612 1804 678 1840 (68)
703 1806 761 1832 sine
792 1806 874 1834 dubio
900 1816 981 1844 super

610 1858 721 1883 servos;
742 1859 802 1884 qua:
827 1855 917 1881 omnia
941 1855 981 1882 eis

609 1907 658 1932 pro
670 1899 768 1926 merito
780 1905 806 1926 et
816 1901 980 1934 profectibus

610 1946 666 1972 suis
681 1946 779 1979 quibus
796 1946 822 1972 in
836 1947 883 1974 Dei
896 1949 980 1981 parti-

611 1989 771 2024 cipationem
789 1991 982 2021 imitationem-

830 2051 850 2066 “
862 2049 941 2078 Joan.
954 2059 1016 2084 xvtt,
1027 2054 1074 2087 ‘22,
1086 2055 1130 2082 25.

1043 909 1052 925 ι
1074 900 1129 927 Non
1146 910 1194 935 pro
1209 901 1267 929 istis
1286 911 1350 937 rogo
1364 904 1462 935 solum,
1478 905 1524 931 sed
1537 910 1564 932 et
1576 913 1624 939 pro
1636 908 1764 934 munibus
1776 909 1822 942 qui

1039 947 1169 974 credituri
1183 953 1244 975 sunt
1270 955 1318 983 per
1333 950 1445 977 verbum
1461 958 1555 978 eorum
1578 952 1603 978 in
1620 960 1671 984 me,
1686 959 1715 978 ut
1727 961 1822 981 omnes

1040 1002 1122 1021 unum
1145 995 1210 1028 sint,
1225 996 1296 1022 sicut
1317 1004 1366 1030 ego
1381 997 1407 1024 in
1424 1002 1458 1028 te,
1474 996 1567 1028 Pater,
1584 1003 1611 1024 et
1627 1003 1652 1024 tu
1669 998 1693 1025 in
1713 1007 1768 1032 me,
1786 1000 1821 1026 ita

1039 1046 1064 1068 et
1079 1041 1122 1068 isti
1141 1042 1166 1067 in
1186 1042 1262 1069 nobis
1281 1050 1363 1069 umtm
1377 1042 1432 1069 siut
1455 1043 1486 1069 ¹⁰.
1506 1052 1515 1068 ι
1530 1043 1563 1069 Et
1577 1043 1673 1070 iterum
1691 1044 1735 1070 ubi
1759 1045 1796 1071 ait
1812 1053 1819 1069 :

1042 1096 1050 1111 ι
1065 1087 1100 1114 Ut
1117 1087 1170 1114 sint
1187 1095 1280 1119 unum,
1297 1089 1367 1115 sicut
1387 1094 1414 1116 et
1434 1096 1483 1116 nos
1495 1097 1577 1115 unum
1602 1098 1708 1119 smnus.
1727 1098 1779 1124 ego
1795 1091 1819 1117 in

1039 1131 1113 1165 ipsis,
1130 1135 1157 1158 et
1171 1137 1198 1158 ιιι
1215 1132 1240 1158 itt
1267 1139 1321 1163 me,
1336 1137 1364 1159 ut
1387 1133 1442 1159 sint
1461 1138 1489 1160 et
1515 1133 1564 1168 ipsi
1590 1135 1775 1161 consummati
1794 1135 1818 1161 in

1039 1184 1092 1202 uno
1118 1177 1149 1202 ¹¹.
1179 1186 1187 1201 ι
1211 1177 1243 1203 Et
1271 1177 1341 1204 sicut
1366 1178 1510 1205 conﬁrmat
1535 1179 1709 1207 nihilominus
1737 1182 1819 1207 etiam

1039 1221 1136 1248 Paulus
1153 1222 1289 1256 apostolus
1314 1224 1426 1251 dicetis:
1446 1235 1455 1251 ι
1475 1226 1563 1253 Donec
1578 1233 1753 1252 occurramus
1767 1235 1821 1253 om-

1039 1275 1086 1293 nes
1101 1267 1125 1294 in
1144 1268 1275 1295 unitatem
1301 1269 1361 1296 lidei
1379 1270 1404 1296 in
1418 1271 1502 1297 virum
1519 1270 1678 1304 perfectum,
1694 1272 1720 1298 in
1741 1279 1818 1299 men—

1037 1320 1128 1340 suram
1158 1315 1245 1342 :etatis
1275 1316 1449 1350 plenitudinis
1476 1317 1577 1344 Christi
1596 1318 1628 1344 ¹².
1650 1328 1659 1344 ι
1687 1318 1719 1344 Ει
1747 1319 1818 1345 sicut

1038 1358 1107 1385 idem
1124 1359 1332 1395 Apostolusjam
1347 1369 1396 1388 nos
1413 1362 1468 1396 (74)
1486 1363 1567 1390 etiam
1581 1363 1607 1390 in
1624 1363 1751 1398 ptmsenti
1765 1364 1817 1390 vita

1038 1403 1064 1430 in
1075 1404 1195 1432 Ecclesia
1215 1406 1329 1439 positos,
1345 1407 1371 1433 in
1386 1415 1436 1441 qua
1452 1408 1544 1442 utique
1566 1408 1650 1435 futuri
1683 1409 1760 1443 regni
1777 1414 1818 1436 est

1037 1449 1134 1481 forma,
1153 1452 1185 1476 ad
1201 1451 1271 1478 hanc
1285 1453 1408 1480 eamdem
1425 1454 1536 1480 unitatis
1547 1454 1753 1481 similitudinem
1769 1463 1817 1482 co-

1037 1495 1162 1523 hortatur
1177 1497 1291 1524 dicens:
1308 1508 1316 1524 ‹
1334 1497 1472 1526 Uteadent
1488 1500 1585 1526 dicatis
1598 1507 1704 1532 omnes,
1720 1505 1748 1528 et
1764 1509 1815 1528 non

1035 1587 1180 1621 eodemque
1194 1595 1287 1620 sensu,
1315 1594 1395 1624 atque
1421 1589 1447 1616 in
1474 1598 1525 1617 una
1538 1591 1687 1625 eademque
1705 1596 1817 1619 senten-

1037 1633 1073 1658 tia
1087 1632 1118 1658 ”.
1135 1642 1145 1658 I

1069 1678 1095 1705 ὃ.
1112 1678 1258 1707 Sciendum
1274 1685 1364 1708 tamen
1378 1686 1418 1708 cst
1435 1681 1491 1717 (75)
1508 1682 1639 1716 quosdam
1657 1684 1702 1718 qui
1716 1691 1749 1710 ex
1764 1692 1817 1711 uno

1035 1724 1179 1758 principio,
1196 1726 1267 1759 quod
1282 1733 1362 1761 supra
1370 1727 1500 1760 diximus,
1515 1728 1616 1762 delapsi
1628 1733 1701 1760 sunt,
1715 1729 1742 1756 in
1757 1735 1817 1756 tan-

1036 1774 1090 1796 tam
1114 1770 1299 1805 indignitatem
1324 1780 1356 1799 ac
1377 1773 1510 1800 malitiam
1534 1780 1564 1800 se
1584 1774 1692 1801 dedisse
1714 1773 1770 1809 (76)
1787 1779 1816 1801 ut

1035 1815 1136 1849 indigni
1156 1817 1239 1844 habiti
1257 1818 1312 1844 sittt
1326 1818 1496 1846 institutione
1523 1819 1582 1852 hac,
1608 1819 1649 1846 vel
1662 1820 1816 1848 eruditione

1034 1868 1087 1895 qua
1103 1869 1151 1896 per
1170 1870 1278 1890 carnem
1304 1864 1452 1891 humanum
1473 1871 1558 1898 genus
1571 1865 1708 1900 adjutorio
1731 1866 1815 1892 virtu-

1035 1910 1091 1933 tum
1109 1907 1258 1935 cmlestium
1271 1909 1422 1936 instituitur
1436 1915 1518 1944 atque
1529 1910 1662 1942 eruditur,
1673 1911 1720 1938 sed
1733 1917 1797 1938 ecoa
1807 1925 1815 1929 -

1037 1953 1122 1980 trario
1134 1953 1215 1980 etiam
1231 1954 1382 1982 adversarii
1396 1961 1477 1989 atque
1504 1962 1688 1992 repugnantes
1707 1957 1750 1984 Itis
1768 1958 1814 1991 qui

1039 1997 1202 2025 erudiuntur
1228 2004 1310 2033 atque
1337 2000 1506 2033 imbuuntur,
1532 2002 1676 2029 exsistant.
1700 2002 1776 2030 Unde
1787 2007 1816 2029 et

1170 2054 1191 2070 “
1206 2055 1304 2090 Epltes.
1316 2065 1353 2090 tv,
1366 2058 1409 2085 15.
1448 2058 1470 2074 ⁸³
1485 2058 1568 2086 lCor-
1582 2058 1657 2092 1,10.

235 2095 289 2135 (βὸ)
301 2095 376 2122 Lihb.
390 2097 466 2139 editi,
480 2105 489 2122 ι
504 2096 637 2131 quomodo
656 2101 683 2122 ut
696 2096 823 2128 dicimus,
840 2106 850 2122 ι
869 2097 902 2122 At
916 2105 981 2125 mss.
1000 2103 1020 2129 D
1036 2101 1076 2129 sic
1090 2101 1123 2127 ad
1139 2102 1278 2136 antiquum
1295 2105 1384 2132 redire
1399 2105 1559 2139 principium
1573 2114 1580 2137 ;
1596 2105 1630 2132 ita
1643 2106 1772 2132 duntaxat
1785 2112 1814 2134 ut

201 2135 230 2155 ut
245 2131 271 2156 itt
288 2136 377 2156 nostro
393 2136 478 2157 textu.

239 2165 294 2200 (67)
309 2165 354 2191 Sic
371 2173 436 2193 tnss.
453 2166 536 2196 Alias,
557 2174 565 2190 ι
589 2165 629 2191 vel
641 2165 825 2199 ordinatione,
845 2175 854 2192 ι
870 2167 950 2195 male.

247 2199 290 2232 68)
306 2200 351 2226 Sic
369 2208 432 2227 mss.
446 2202 531 2231 Alias,
551 2210 559 2224 ι
577 2200 804 2229 dominationum.
826 2211 835 2226 ι

247 2202 290 2232 68)
306 2202 351 2226 Sic
369 2208 432 2227 mss.
446 2202 531 2231 Alias,
551 2210 559 2224 ι
577 2202 804 2229 dominationum.
826 2211 835 2226 ι

235 2202 289 2269 (69)
308 2234 344 2260 Ita
365 2242 436 2271 Alnos.
452 2235 535 2266 Alias,
558 2244 566 2260 ι
599 2235 868 2270 immutationemth
888 2237 979 2271 prore-

199 2274 272 2300 runt,
291 2279 300 2294 ι
319 2269 397 2295 male.

235 2303 290 2339 (Ἱο)
306 2303 342 2329 lli
354 2312 412 2329 vero
425 2304 515 2339 quiﬁde
529 2308 600 2330 statu
622 2304 714 2337 prima:
729 2304 898 2333 beatitudinis
915 2309 978 2334 moti

198 2339 303 2373 quidem
315 2343 385 2371 sunt,
403 2345 454 2365 etc.
469 2338 529 2364 lla-tt
545 2344 570 2365 et
586 2347 646 2371 qua:
662 2344 808 2372 sequuntur
823 2344 976 2370 summatim

200 2373 282 2399 refert
298 2372 475 2407 Hieronymus
490 2375 569 2407 epist.
585 2373 616 2399 91
635 2374 666 2400 ad
682 2375 788 2400 Avitum
808 2376 850 2403 Itis
868 2377 975 2405 verbis:

202 2418 210 2433 ι
231 2408 282 2440 Qui
301 2415 364 2434 vero
387 2408 578 2446 damnaverint
599 2414 625 2434 et
652 2409 730 2435 titulis
745 2410 857 2442 pedibus
872 2419 975 2446 nequa-

199 2451 281 2476 quam
297 2444 460 2475 corruerint,
480 2444 659 2480 subjicicntnr
675 2452 786 2470 omnmo
802 2444 976 2480 dispensandi

202 2484 229 2516 et.
249 2480 356 2512 regendi
379 2484 458 2512 atque
474 2479 508 2516 ad
524 2478 633 2516 meliora
649 2479 826 2516 gubernandi,
842 2478 976 2516 principa-

198 2513 278 2545 libus,
292 2515 478 2546 potestatibus,
492 2513 975 2548 tltrottis,dominationibus;cll'orsi-

201 2555 244 2574 Ian
260 2555 295 2574 ex
307 2550 348 2586 his
365 2549 501 2586 hominum
515 2549 651 2586 constabit
664 2556 757 2582 genus,
774 2551 798 2576 in
814 2558 868 2578 uno
883 2553 975 2586 aliquo

197 2591 231 2609 ex
246 2583 367 2613 mundis;
393 2584 500 2616 quando
521 2584 596 2618 juxta
613 2582 708 2609 Isaiam
724 2585 822 2611 caelum
847 2591 874 2612 et
903 2582 974 2613 terra

199 2620 358 2656 nuva_tient.
375 2619 424 2650 Qui
441 2625 506 2644 vero
522 2627 575 2645 non
589 2619 689 2656 fuerint
708 2620 808 2656 meriti,
823 2626 852 2647 ut
865 2629 912 2656 per
928 2630 975 2656 go-

198 2661 248 2679 nus
274 2653 411 2678 ltonttnnm
441 2659 612 2680 revertantur
634 2654 667 2679 ad
691 2655 836 2687 pristinum
861 2653 973 2688 statim,

198 2689 261 2713 tiettl
276 2688 407 2725 diabolus.
422 2693 446 2714 et
460 2689 547 2722 angeli
564 2689 632 2723 eius,
646 2694 672 2715 et
691 2690 799 2722 pUSsinti
813 2693 949 2718 (immanes
965 2701 971 2725 ;

198 2729 229 2748 ac
243 2730 291 2755 pro
310 2724 440 2748 varietate
457 2725 613 2750 meritorum
627 2726 652 2749 in
674 2726 787 2758 singulis
809 2728 916 2752 mttudis
934 2727 974 2752 di-

197 2763 273 2782 versa
297 2758 383 2783 ullieia
404 2758 562 2785 sortientur.
580 2759 705 2792 Ipsosque
723 2763 859 2787 daemones
876 2769 908 2786 ac.
929 2769 973 2787 re-

197 2798 285 2827 rIores
304 2793 488 2822 tenebrarum.
505 2793 530 2820 in
550 2795 640 2827 aliquo
659 2797 770 2827 mundo,
789 2795 827 2820 vel
855 2796 971 2825 mundis.

195 2834 217 2852 st
233 2825 364 2854 voluerint
379 2828 410 2854 ad
435 2827 545 2856 utiliora
565 2825 694 2862 converti,
716 2825 771 2856 tieti
793 2830 925 2862 homines,
943 2835 971 2857 et

1035 2143 1084 2174 per
1096 2138 1227 2174 supplicia
1253 2144 1334 2173 atque
1362 2138 1505 2172 locntenta,
1526 2148 1585 2174 qua:
1601 2139 1641 2167 vel
1669 2140 1753 2166 multo
1769 2143 1812 2169 vel

1033 2171 1108 2198 brevi
1137 2178 1257 2206 tempore
1288 2171 1478 2207 sustinuerint,
1500 2171 1692 2202 Vin—hominum
1712 2176 1810 2203 eruditi

1033 2207 1204 2245 corporibus,
1225 2216 1332 2235 rursum
1349 2210 1458 2236 veniant
1472 2210 1505 2236 ad
1523 2209 1676 2244 angelorum
1692 2210 1812 2245 fastigia.

1031 2241 1070 2268 Ex
1089 2249 1144 2278 quo
1158 2245 1333 2278 consequenti
1350 2245 1454 2271 ratione
1472 2241 1629 2276 mensti'ari,
1649 2251 1742 2271 omnes
1756 2241 1813 2271 vra-

1033 2277 1175 2304 tionabiles
1187 2277 1326 2305 creaturas
1340 2286 1371 2304 ex
1390 2279 1546 2306 hominibus
1570 2279 1639 2311 ﬁeri,
1654 2286 1708 2305 non
1728 2279 1812 2306 semel

1032 2316 1060 2338 et
1073 2312 1173 2348 subito.
1195 2314 1242 2340 sed
1262 2314 1439 2347 frequentius;
1456 2321 1560 2348 nosque
1569 2319 1595 2340 et
1611 2314 1721 2348 angelos
1737 2314 1811 2340 futu-

1032 2353 1076 2373 ros
1092 2347 1237 2383 daemones,
1266 2349 1288 2375 si
1316 2350 1453 2383 egerimus
1477 2347 1671 2383 negligentius;
1700 2353 1727 2375 et
1748 2356 1811 2375 rur-

1030 2388 1090 2408 sum
1107 2381 1243 2410 dmtnones
1256 2384 1277 2410 si
1295 2381 1429 2410 voluerint
1444 2381 1542 2418 capere
1552 2381 1688 2416 Virtutes,
1713 2390 1810 2418 perve-

1031 2417 1143 2458 ΜΝΞ-ιιι(
1159 2417 1493 2458 angclieamdignitatem.
1514 2429 1523 2444 ι
1573 2453 1588 2458 η
1612 2453 1627 2458 η
1792 2452 1808 2458 __

1066 2452 1121 2486 (71)
1137 2452 1173 2479 Ita
1203 2461 1267 2481 mss.
1293 2452 1370 2480 Libb.
1401 2454 1478 2485 editi,
1502 2463 1511 2479 ι
1531 2453 1672 2480 ordinibus
1697 2452 1810 2486 subjecti

1030 2491 1093 2513 sunt
1107 2487 1140 2513 ad
1160 2489 1324 2524 regendum.
1343 2497 1352 2514 ι
1368 2488 1450 2516 Paulo
1465 2493 1524 2524 post
1540 2488 1621 2515 iidetu
1644 2487 1712 2524 libb.
1730 2488 1806 2519 editi,

1033 2530 1042 2546 ι
1062 2522 1167 2548 restitui
1182 2524 1214 2548 ad
1231 2529 1329 2550 statuat
1346 2522 1519 2552 beatitudinis
1532 2527 1652 2557 poswut.
1672 2531 1682 2548 ι
1695 2523 1731 2549 At
1743 2529 1807 2550 mss.

1029 2562 1058 2583 ut
1067 2557 1205 2597 [ill‘tltisirp
1219 2563 1303 2597 textu.
1428 2593 1434 2597 Α
1599 2591 1605 2597 _
1760 2592 1765 2597 _

1063 2591 1119 2627 (Η)
1134 2591 1212 2618 Lihb.
1229 2594 1302 2624 etilli,
1316 2603 1325 2617 ι
1335 2593 1481 2620 secundum
1492 2591 1652 2626 omnesjam
1666 2592 1805 2627 coeperit.)

1028 2625 1090 2652 Mss.
1110 2632 1139 2653 ut
1154 2628 1180 2653 ιιι
1196 2633 1290 2654 nostro
1304 2633 1387 2655 textu.

1062 2661 1118 2698 (Ῑᾷ)
1131 2662 1166 2698 Ita
1187 2670 1250 2689 mss.
1267 2663 1327 2689 Litt.
1342 2664 1418 2694 editi.
1435 2673 1444 2689 ι
1463 2671 1511 2698 pro
1521 2662 1580 2690 suis
1590 2662 1740 2698 discipulis.
1759 2671 1770 2689 ι

1062 2697 1117 2730 (Η)
1133 2697 1169 2722 Ita
1184 2705 1248 2724 mss.
1266 2698 1350 2731 Alias,
1366 2708 1375 2723 ι
1393 2707 1452 2725 eos.
1463 2697 1478 2724 3

1061 2731 1117 2765 (Ἱῦ)
1133 2733 1168 2758 Ita
1183 2740 1249 2759 mss.
1263 2733 1346 2762 Alias.
1361 2743 1370 2758 ‹
1390 2741 1460 2760 esse.
1483 2743 1492 2760 ι

1062 2767 1117 2800 (76)
1130 2766 1163 2793 Se
1178 2767 1293 2793 dedisse.
1315 2768 1376 2794 Ilaec
1400 2769 1496 2795 desunt
1517 2769 1543 2796 in
1559 2773 1638 2796 antea
1652 2767 1745 2801 editis,
1756 2766 1801 2794 sed

1026 2807 1133 2828 exstant
1145 2804 1169 2828 in
1183 2804 1307 2829 omnibus
1323 2811 1386 2829 mss.
