1883 3072
157 120 210 149 169

867 130 966 158 LIBER
987 131 1124 160 PRIMUS.

1737 145 1787 172 I70

156 187 263 214 agones
277 181 414 215 quosdam
435 187 516 217 alque
527 187 679 213 certamina
695 187 784 216 omnis
798 188 855 216 htcc
870 190 949 218 habet
967 195 987 221 Α
1003 191 1055 218 culi
1067 191 1162 226 spatiis
1179 193 1234 227 (ει)
1247 213 1254 225 ,
1275 195 1374 228 quibus
1394 197 1527 232 dispersio
1549 199 1594 227 illa
1615 203 1695 230 ttnius
1714 204 1788 238 pri"-

157 225 213 238 ..ΗΑ
231 225 388 238 ηιη-ι-Ιέιι..
417 228 517 238 _AI.__.,
545 230 572 238 ,η
660 232 686 238 ιιι
726 237 729 238 ν
1021 237 1024 238 ν

157 225 215 250 vita
231 225 401 259 mortalium,
417 228 616 257 reluctantibus
630 232 733 259 scilicet
747 237 774 260 et
796 242 948 268 repugnat:-

157 269 232 297 tibus
251 271 398 300 adversum
419 281 468 301 nos
494 275 536 302 bis
553 277 599 310 qui
616 277 675 304 sine
695 278 750 306 ullo
773 287 894 314 respectu
916 281 949 308 de

155 319 230 342 statu
244 317 352 345 meliori
367 319 469 354 delapsi
483 325 556 352 sunt,
575 322 620 355 qui
638 324 810 357 appellantur
826 326 948 354 diabolus

155 365 182 386 et
206 362 295 396 angeli
320 363 390 397 ejus,
418 365 563 400 ca‘terique
590 367 702 395 ordines
731 369 850 402 malitite,
880 378 948 404 quos

156 406 307 440 Apostolus
321 409 354 435 de
373 410 522 438 virtutibus
538 413 684 440 contrariis
698 414 859 443 nominavit.
886 415 945 442 .Iam

154 459 223 478 vero
237 453 259 479 si
272 453 356 488 aliqui
373 462 407 482 ex
431 455 474 482 his
488 457 632 485 ordinibus
650 459 706 493 (77)
719 460 765 494 qui
779 460 829 487 sub
845 461 946 494 princi—

154 502 221 531 patu
241 498 342 526 diaboli
371 506 467 534 agunt,
485 510 518 529 ac
543 503 654 530 malitia:
672 504 731 538 ejus
755 505 946 540 obtemperant

153 544 223 580 (78),
239 551 371 579 poterunt
383 547 531 582 aliquando
547 549 573 575 in
590 550 689 578 futuris
704 552 812 579 smculis
824 554 943 580 converti

151 590 185 616 ad
204 592 366 625 bonitatem,
381 601 430 628 pro
453 601 486 622 eo
505 596 576 629 quod
590 600 632 623 est
644 597 669 622 iu
689 597 753 631 ipsis
768 597 846 625 liberi
860 598 944 625 facul-

153 643 195 664 tas
209 639 338 671 arbitrii;
364 648 398 667 an
416 648 480 668 vero
503 649 664 675 permanens
675 649 704 671 et
718 645 866 673 inveterata
885 654 947 672 ma:

151 683 212 710 Iitia
231 685 306 712 velut
333 686 358 712 in
379 693 505 714 naturam
520 690 668 723 quamdam
686 698 720 718 ex
745 693 943 720 consuetudine

149 736 342 764 convertatur,
363 733 446 759 etiatn
470 738 496 760 ιιι
514 736 558 769 qui
587 735 652 770 legis
670 737 794 770 probato.
812 737 834 764 si
854 739 941 766 omni-

150 776 233 803 mode
247 784 337 811 neque
353 777 379 804 in
400 779 451 806 his'
464 787 524 813 qum
538 781 667 808 videntur
681 783 874 817 temporalibus
889 792 939 812 sat-

149 822 234 854 culis,
245 830 333 857 neque
347 825 373 850 in
388 824 430 851 his
441 832 501 859 qute
515 834 566 853 non
579 827 705 854 videntur
716 832 743 855 et
757 833 857 856 aeterna
867 834 940 864 sunt,

148 868 261 901 penitus
278 876 343 903 pars
361 870 412 897 ista
427 872 461 898 ab
479 872 523 898 illa
538 872 620 899 etiam
636 873 709 900 linali
734 875 839 902 unitate
860 881 941 910 atque

149 913 341 940 convenientia
357 914 536 950 discrepabit.
565 917 680 945 Interim
699 920 794 946 tamin
814 920 856 947 Itis
879 929 940 956 quze

150 958 279 985 videntur
296 960 354 994 (79)
367 965 396 987 et
410 963 605 997 temporalibus
617 965 724 992 saeculis
737 973 818 1000 quam
836 967 862 994 in
887 968 939 995 illis

149 1010 211 1038 quae
223 1012 277 1031 non
305 1006 433 1033 videntur
453 1012 481 1035 et
502 1013 604 1036 teterna
631 1015 705 1043 sunt,
718 1018 813 1039 omnes
828 1013 871 1040 Isti
890 1021 939 1048 pro

148 1049 256 1082 ordine,
280 1058 330 1085 pro
345 1052 462 1084 ratione,
479 1061 527 1088 pro
546 1056 626 1082 modo
639 1061 665 1082 et
683 1057 841 1084 meritorum
855 1059 939 1093 digni-

149 1095 254 1122 tatibus
275 1096 487 1131 dispensantur;
505 1104 535 1127 ut
559 1101 604 1127 alii
620 1101 646 1128 itt
663 1103 771 1136 primis,
788 1103 832 1130 alii
850 1104 876 1130 in
893 1111 938 1132 se-

148 1141 256 1173 cundis,
272 1143 395 1170 nonnulli
410 1144 493 1171 etiam
509 1145 536 1172 in
549 1146 651 1174 ultimis
665 1149 841 1183 temporibus,
851 1155 877 1176 ct
890 1157 937 1184 per

147 1185 252 1220 majora
268 1194 300 1213 ac
313 1189 438 1222 graviora
464 1190 516 1224 71
539 1191 682 1226 supplicia,
706 1201 810 1221 necnon
833 1201 858 1221 et
876 1196 936 1222 diu-

147 1235 230 1259 turna
243 1240 276 1259 ac
291 1233 393 1266 multis,
407 1236 484 1273 utita
496 1236 597 1270 dicam,
610 1239 716 1267 steculis
733 1240 847 1268 tolerata
863 1248 937 1276 aspe-

146 1277 268 1305 rioribus
285 1280 522 1309 emendationibus
542 1285 661 1318 reparati
680 1289 706 1312 et
724 1285 845 1313 restituti
871 1294 935 1314 eru—

145 1321 299 1351 ditionibus
314 1325 403 1358 primo
418 1327 558 1362 angelicis,
576 1333 631 1356 tum
647 1331 744 1359 deinde
757 1332 840 1359 etiam
856 1340 936 1367 supe-

146 1368 252 1396 riorum
268 1370 325 1404 (80)
341 1371 476 1406 graduum
498 1374 657 1409 virtutibus,
669 1380 696 1403 et
714 1377 752 1405 sic
765 1384 815 1412 per
829 1379 934 1414 singula

146 1415 181 1442 ad
195 1417 338 1450 superiora
357 1419 480 1452 provecti
503 1427 589 1454 usque
609 1423 642 1448 ad
663 1429 694 1449 ea
710 1430 770 1457 quae
788 1428 851 1451 sunt
866 1425 935 1452 invi-

146 1461 236 1488 sibilia
253 1466 281 1489 et
291 1468 396 1491 aeterna
411 1467 580 1500 perveniant,
595 1467 712 1502 singulis
727 1469 855 1497 videlicet
874 1472 935 1505 qui-

146 1507 251 1542 busque
263 1508 418 1536 ctelestinm
432 1511 561 1538 virtutum
581 1512 678 1540 ciliciis
703 1515 820 1548 quadam
839 1516 931 1544 erudi-

144 1554 251 1580 tionutu
272 1555 364 1588 specie
382 1556 438 1591 (8|)
459 1560 622 1592 peragratis.
641 1559 681 1586 Ex
697 1567 761 1594 quo,
782 1565 812 1588 ut
833 1563 932 1596 opinor

145 1599 216 1634 (82),
240 1601 292 1628 hoc
325 1603 520 1636 consequentia
547 1604 606 1638 ipsa
641 1605 748 1632 videtur
773 1606 930 1639 ostendere,

143 1653 363 1681 unamquamque
377 1647 568 1675 rationabilem
595 1655 719 1677 naturam
736 1658 815 1685 posse
830 1652 864 1679 ab
878 1660 931 1680 uno

143 1691 171 1718 iu
183 1690 299 1717 alterum
313 1692 437 1719 ordinem
454 1696 641 1722 transeuntem
665 1702 714 1730 per
736 1697 857 1732 singulos
873 1699 929 1735 (85)

143 1737 172 1763 iu
188 1745 296 1769 omnes,
312 1743 339 1765 et
350 1739 384 1766 ab
395 1739 522 1767 omnibus
533 1740 560 1766 in
572 1740 693 1775 singulos
705 1744 929 1776 pervenire,dum

143 1790 271 1810 accessus
286 1784 458 1817 prolectuum
475 1785 664 1814 deiectuumve
680 1788 773 1815 varios
797 1796 846 1822 pro
871 1797 930 1816 mo-

143 1829 216 1856 tibus
228 1829 269 1856 vel
280 1831 423 1858 conatibus
440 1832 557 1865 propriis
570 1833 757 1868 unusquisque
777 1842 827 1869 pro
850 1835 928 1863 liberi

142 1875 251 1902 arbitrii
265 1875 398 1903 facultate
411 1879 573 1911 perpetitur.

177 1921 206 1948 4.
236 1921 369 1954 Quoniam
400 1929 466 1950 sane
488 1923 605 1951 visibilia
629 1925 753 1958 quaedam
778 1925 843 1952 dicit
866 1933 928 1953 esse

141 1967 242 1995 Paulus
255 1973 282 1995 et
296 1969 467 2003 temporalia,
489 1969 542 1996 alia
561 1977 627 1997 vero
646 1975 747 2006 praeter
763 1972 819 1998 hinc
836 1972 928 1998 invisi-

141 2013 206 2040 hilia
214 2018 241 2041 et
251 2019 363 2047 aeterna,
374 2015 519 2048 quaerimus
532 2015 668 2049 quomodo
680 2016 747 2050 haec,
759 2024 821 2052 quae
832 2017 927 2044 viden-

143 2066 200 2093 tur,
226 2061 386 2095 temporalia
403 2061 475 2094 sint;
492 2067 620 2088 utrumne
644 2069 694 2097 pro
712 2069 745 2090 eo
772 2063 843 2097 quod
861 2063 927 2089 nihil

141 2107 257 2134 omnino
276 2112 336 2142 post
350 2108 407 2135 haec
422 2112 504 2136 erunt
524 2109 553 2135 in
567 2109 696 2136 omnibus
711 2109 764 2136 illis
775 2109 858 2135 futuri
874 2116 926 2136 sa-

177 2164 201 2180 “
218 2165 226 2192 I
238 2166 302 2193 Cor.
314 2173 361 2198 vn,
373 2166 418 2194 5i.
457 2167 478 2183 ¹⁵
493 2167 564 2195 Psal.
577 2174 625 2200 cu,
637 2167 682 2195 27.

177 2224 233 2260 (77)
251 2224 312 2251 Jam
331 2233 390 2252 vero
404 2225 427 2252 ti
441 2225 522 2259 aliqui
544 2234 576 2253 ea;
587 2226 626 2252 Itis
640 2226 789 2258 ordinibus,
805 2227 929 2254 etc.Vide
945 2231 967 2258 Ι)

140 2260 297 2294 Origeninn.
308 2279 316 2292 ,
331 2260 377 2287 lib.
394 2269 423 2292 ιι,
438 2261 586 2294 quzestioue
599 2261 643 2292 11,
658 2269 732 2288 num.
749 2263 792 2289 18.

188 2294 234 2327 78)
251 2294 335 2330 (laute
350 2295 420 2330 lege.

188 2296 234 2327 78)
251 2296 335 2321 Caute
350 2296 420 2330 lege.

173 2296 232 2366 é79)
246 2328 356 2366 Interim
372 2330 462 2366 tamin
476 2330 515 2356 Itis
523 2338 581 2364 qua:
596 2331 726 2363 videntur,
739 2336 791 2358 etc.
809 2330 926 2366 Consule

142 2363 243 2392 ito-'runt
261 2363 416 2398 Origenian.
435 2365 479 2391 lib.
497 2373 526 2394 II.
543 2371 640 2399 quiest.
659 2366 685 2397 5,
702 2374 776 2392 num.
791 2366 824 2392 Η
838 2371 865 2392 et
878 2365 923 2392 22.

138 2401 205 2428 Item
225 2399 286 2425 libri
299 2399 421 2434 ejusdem
436 2405 532 2433 quiest.
549 2400 732 2431 umlccimam,
743 2400 852 2427 numal.

175 2434 231 2471 (80)
248 2434 430 2471 Superiorum.
449 2435 530 2463 Deest
547 2435 573 2461 iu
587 2435 654 2462 l'rbb.
672 2435 764 2467 editis,
780 2436 828 2463 sed
842 2435 925 2462 habe-

137 2470 221 2498 tur’in
237 2470 364 2509 tinnitibus
379 2477 444 2496 mss.
527 2505 532 2509 _
589 2503 616 2509 Α.
752 2503 776 2509 η
796 2504 802 2509 _
861 2503 877 2509 η

174 2506 230 2541 (8i)
245 2503 433 2541 Erudttionum
462 2505 558 2538 specie.
588 2503 635 2532 Sic
659 2513 726 2533 mss.
752 2503 821 2532 Male
843 2503 923 2536 alias,

140 2551 150 2567 t
164 2539 318 2569 eruditione
330 2539 357 2566 in
369 2540 473 2572 specie.
491 2549 501 2565 ι

174 2576 232 2615 (ἓξ)
245 2573 330 2615 Same
347 2574 416 2608 “’36-
526 2610 532 2615 .
592 2609 597 2615 .
670 2609 698 2615 η.
841 2609 877 2615 ...

173 2608 229 2646 (85)
246 2608 434 2646 Transeuntern
448 2617 495 2646 per
510 2609 638 2644 singulos.
669 2609 717 2638 Sic
744 2617 809 2637 mss.
834 2609 922 2642 Alias,

139 2656 148 2672 ι
168 2644 329 2684 tra_ns_ire_et
346 2645 545 2684 persiugnlos.
558 2655 567 2670 ι
634 2680 652 2684 __
801 2679 818 2684 __

172 2680 228 2716 (84)
244 2678 321 2706 Libb.
337 2678 422 2716 editi,
437 2688 446 2704 ε
465 2680 561 2707 fulturis
573 2680 668 2714 spatiis
681 2686 712 2707 ac
728 2679 843 2707 sarculis.
864 2688 873 2704 ι
888 2679 924 2706 At

137 2714 201 2743 mss.
219 2714 321 2742 clunes
337 2719 365 2740 ut
386 2714 411 2740 in
431 2720 526 2742 nostro
542 2720 626 2742 textu.

172 2751 230 2785 (8'5)
247 2749 294 2785 §ic
306 2756 372 2785 mss.
389 2748 469 2776 Libb.
497 2757 563 2777 vero
585 2749 663 2782 editi,
693 2758 703 2775 ι
717 2749 843 2776 eumdem
865 2756 924 2775 mo-

137 2783 232 2812 duth
250 2783 337 2824 Paulo
352 2788 413 2825 post
431 2791 508 2817 mss.,
527 2794 536 2809 ι
554 2790 605 2812 non
626 2790 846 2825 tamertueorum'
858 2784 923 2811 sub-

138 2821 238 2848 stantia
253 2819 411 2847 omnimode
427 2825 626 2851 corrumpatur.
640 2829 649 2846 ι
659 2819 688 2848 ln
703 2819 769 2847 libb.
783 2818 863 2846 editis
874 2825 923 2853 pro

140 2864 149 2881 I
163 2854 317 2883 substantia
340 2862 350 2879 ›
369 2853 466 2888 legitur
483 2862 493 2880 ι
510 2854 638 2889 qualitas.
657 2864 667 2880 ι

276 2900 415 2930 Ρλτιιοι.
438 2900 496 2930 (in.
520 2901 575 2930 XI.

721 2167 743 2183 ¹⁶
761 2167 813 2196 Isa.
826 2176 898 2199 LXVI,
909 2167 955 2195 ‘22.

1003 237 1064 271 cipii
1079 242 1160 272 atqtte
1174 239 1273 266 divisio
1289 241 1321 267 ad
1337 249 1419 269 unum
1441 249 1469 270 et
1487 243 1611 274 eumdem
1633 237 1720 276 linem
1733 250 1787 285 (85)

1002 289 1033 310 ac
1050 283 1257 311 similitudinem
1270 293 1411 320 reparetur
1425 299 1430 315 :
1447 298 1480 316 au
1496 299 1582 325 proeo
1593 295 1663 327 quod
1679 283 1788 323 habitus

1001 329 1110 362 quidem
1124 336 1218 357 eorum
1232 338 1292 365 quae
1312 333 1446 367 videntur,
1474 341 1608 372 transeat,
1625 347 1677 367 non
1696 345 1787 368 tamen

1001 381 1094 401 eorum
1108 376 1260 404 substantia
1275 379 1429 406 omnimode
1446 389 1649 418 corrumpatur.
1666 386 1699 413 Et
1717 386 1786 415 Pau-

1001 419 1044 446 lus
1057 421 1164 454 quidem
1179 423 1284 449 videlur
1301 424 1337 455 id,
1350 426 1421 458 quod
1431 429 1566 460 posterius
1575 430 1704 465 diximus,
1717 441 1786 460 con-

1004 466 1128 499 ﬁrmare.
1145 475 1205 495 cum
1218 469 1283 495 dicit
1300 479 1306 497 :
1323 480 1332 495 t
1353 471 1464 499 Transit
1485 475 1558 501 enim
1577 476 1685 505 habitus
1704 479 1784 514 huius

1000 512 1091 539 ntuudi
1102 512 1133 540 ιδ.
1146 522 1154 538 ι
1167 513 1219 540 Sed
1240 519 1266 541 et
1279 514 1364 543 David
1376 524 1436 544 cum
1450 519 1532 547 dicit:
1545 530 1553 546 t
1566 521 1633 549 Coeli
1646 512 1782 558 peribunt,

998 561 1025 583 tu
1043 562 1132 585 autem
1146 560 1330 594 permanebis,
1349 567 1482 591 etonmes
1495 566 1566 592 sicut
1589 569 1781 598 vestimentum

996 606 1168 631 veterascent
1181 625 1187 637 ,
1204 610 1230 632 et
1250 606 1322 634 velut
1346 609 1475 636 amictum
1493 613 1609 640 mtttabis
1630 622 1694 646 eos.
1712 617 1783 645 sicut

997 649 1188 676 vestimentum
1202 652 1378 680 mutabuntur
1390 655 1439 688 '5,»
1457 656 1553 684 eadem
1568 659 1675 686 videtur
1690 667 1782 690 osten-

996 694 1069 721 dere.
1087 694 1115 721 Si
1129 696 1201 722 cnim
1218 698 1396 726 mutabuntur
1411 701 1473 728 cceli
1485 722 1492 733 ,
1516 703 1608 737 utique
1631 713 1684 732 non
1710 709 1782 742 perit

995 739 1066 773 quod
1093 744 1230 774 mutatur;
1248 746 1276 768 ct
1300 743 1323 769 si
1339 743 1448 772 habitus
1475 747 1568 773 mundi
1594 739 1779 784 transit,—non

994 783 1148 812 omnimode
1181 787 1372 815 exterminatio
1401 789 1443 816 vel
1478 792 1594 824 perditio
1619 794 1780 822 substantia:

995 830 1143 858 malerialis
1158 832 1329 865 ostenditur,
1353 834 1400 861 sed
1420 835 1576 865 immutatio
1600 840 1726 873 quiedam
1747 840 1778 867 Iit

956 870 978 897 B
993 874 1142 908 qualitatis,
1159 881 1240 910 atque
1255 878 1364 906 habittts
1379 881 1595 910 transformatio.
1608 870 1697 913 Isaias
1712 894 1779 921 quo-

992 928 1044 955 que
1055 929 1117 948 cutn
1132 930 1179 957 per
1193 923 1362 958 prophetiam
1379 926 1441 953 dicit
1454 928 1527 963 (86),
1547 931 1611 965 quia
1631 940 1641 957 ι
1661 933 1778 962 critcte-

991 966 1046 994 Ium
1062 976 1170 1002 novum,
1188 974 1215 996 et
1229 974 1301 997 terra
1319 972 1430 1006 nova“,
1453 983 1462 999 ι
1485 975 1600 1004 similem
1618 978 1676 1006 sine
1694 980 1776 1007 dubio

991 1014 1112 1047 suggerit
1139 1015 1319 1043 intellectum.
1345 1017 1485 1047 lnnovatio
1516 1029 1632 1057 namque
1658 1026 1717 1052 caeli
1749 1031 1776 1053 ct

991 1063 1070 1085 terrm
1082 1064 1109 1086 et
1141 1062 1332 1089 transmutatio
1356 1063 1463 1103 habitus
1490 1065 1545 1101 (87)
1569 1067 1648 1102 hujus
1669 1072 1773 1103 mundi,

989 1109 1016 1130 et
1028 1105 1181 1133 immutatio
1193 1106 1336 1141 caelorum,
1350 1108 1391 1135 his
1404 1110 1463 1138 sine
1477 1111 1558 1139 dubio
1567 1116 1771 1149 pra-parabitur,

988 1149 1034 1182 qui
1059 1156 1107 1183 per
1125 1149 1197 1177 illam
1213 1151 1300 1185 viam,
1320 1159 1400 1187 quam
1422 1161 1501 1189 supra
1528 1158 1704 1191 ostendimus,
1722 1161 1774 1188 iter

989 1198 1112 1228 agentes,
1142 1195 1175 1222 ad
1202 1195 1275 1223 illum
1298 1196 1378 1224 ﬁnem
1396 1198 1572 1229 beatitudinis
1589 1204 1710 1235 tendunt.
1729 1208 1772 1234 cui

988 1240 1069 1265 etiam
1086 1239 1137 1273 ipsi
1155 1240 1256 1268 inimici
1274 1242 1435 1276 subiiciendi
1450 1245 1592 1279 dicuntur,
1610 1247 1635 1274 in
1651 1256 1704 1282 quo
1719 1250 1773 1278 Iine

988 1285 1079 1312 omnia
1090 1290 1118 1312 et
1137 1285 1162 1312 in
1179 1287 1306 1315 omnibus
1321 1288 1421 1316 dicitur
1433 1297 1494 1318 esse
1505 1291 1587 1319 Deus.
1604 1293 1631 1320 In
1649 1295 1699 1323 hoc
1716 1296 1769 1324 iine

986 1330 1009 1357 si
1024 1331 1086 1365 quis
1103 1331 1270 1359 materialem
1285 1337 1422 1367 naturam,
1438 1335 1465 1363 id
1480 1341 1521 1364 est
1535 1345 1708 1374 corpoream,
1724 1349 1772 1376 pe-

987 1377 1058 1404 nitus
1072 1377 1243 1405 interituram
1261 1382 1350 1412 putet,
1367 1380 1441 1408 nullo
1456 1383 1567 1410 omnino
1578 1392 1676 1418 genere
1691 1387 1771 1415 intel-

986 1423 1068 1450 lectui
1083 1430 1142 1450 meo
1157 1431 1304 1453 occurrere
1335 1431 1425 1460 potest
1438 1427 1511 1464 (88),
1528 1430 1661 1463 quomodo
1685 1436 1723 1459 tot
1743 1438 1770 1460 ct

985 1472 1067 1496 tanta:
1084 1469 1241 1497 substantiae
1266 1471 1348 1499 vitam
1374 1480 1456 1507 agere
1481 1479 1509 1501 et
1537 1475 1686 1504 subsistere
1708 1478 1768 1506 siue

985 1515 1144 1549 corporibus
1156 1521 1281 1550 possunt,
1296 1525 1355 1544 cum
1373 1518 1458 1546 solius
1471 1518 1528 1553 Dei,
1545 1520 1570 1547 id
1585 1526 1627 1549 est
1640 1522 1730 1551 Patris
1742 1529 1769 1552 et

985 1558 1046 1586 Filii
1058 1564 1084 1586 et
1101 1560 1220 1594 Spiritus
1232 1563 1322 1589 sancti
1336 1567 1440 1592 natura?
1465 1565 1490 1592 id
1507 1567 1647 1601 proprium
1667 1569 1720 1601 sit,
1740 1576 1769 1597 ut

985 1603 1044 1630 sine
1064 1604 1361 1634 materialisubstantia
1384 1612 1412 1635 et
1432 1609 1535 1644 absque
1551 1611 1606 1638 ulla
1632 1620 1768 1648 corporeae

985 1648 1145 1683 adjectionis
1160 1650 1292 1678 societate
1315 1652 1485 1688 intelligatur
1510 1656 1668 1684 subsistere.
1691 1659 1768 1686 Alius

985 1694 1102 1723 fortasse
1116 1695 1200 1728 dicet,
1210 1698 1338 1731 quoniam
1355 1698 1380 1725 in
1400 1698 1445 1726 illo
1466 1700 1519 1728 ﬁne
1535 1703 1623 1729 omnis
1639 1704 1767 1732 substan-

986 1740 1021 1767 tia
1038 1742 1190 1776 corporalis
1202 1743 1238 1769 ita
1254 1750 1322 1777 pura
1339 1743 1394 1770 erit
1407 1749 1490 1779 atque
1502 1753 1626 1781 purgata,
1640 1753 1668 1775 ut
1682 1750 1767 1778 aethe-

983 1786 1021 1813 ris
1041 1787 1068 1814 in
1087 1787 1194 1814 modum
1214 1792 1242 1815 et
1256 1789 1378 1817 caelestis
1391 1791 1533 1824 cujusdam
1546 1793 1674 1826 puritatis
1685 1800 1767 1830 atque

982 1833 1148 1860 sinceritatis
1169 1835 1257 1868 possit
1270 1835 1396 1870 intelligi.
1409 1837 1518 1864 Certius
1540 1841 1630 1865 tamen
1650 1840 1767 1874 qualiter

981 1884 1011 1904 se
1023 1877 1147 1904 habitura
1160 1878 1195 1905 sit
1213 1885 1266 1911 res,
1279 1879 1331 1906 scit
1345 1879 1418 1906 solus
1435 1879 1504 1906 Deus
1515 1899 1523 1912 ,
1546 1884 1573 1907 ct
1599 1882 1620 1908 si
1643 1882 1689 1916 qui
1705 1883 1765 1918 ejus

980 1930 1029 1958 per
1044 1923 1181 1950 Christum
1202 1927 1229 1950 et
1242 1923 1374 1958 Spiritum
1388 1929 1511 1952 sanctqu
1529 1926 1609 1953 amici
1620 1931 1693 1954 sunt.

1275 1979 1390 2007 CAPUT
1409 1979 1463 2008 VII.

1168 2015 1205 2041 De
1218 2014 1378 2048 incorporei:
1397 2021 1421 2042 et
1435 2016 1576 2049 corporeis.

1016 2062 1042 2089 i.
1059 2060 1121 2088 Haec
1135 2060 1242 2095 quidem
1254 2066 1313 2094 qua:
1329 2061 1453 2095 superius
1471 2063 1661 2095 disseruimus,
1681 2071 1764 2099 gene-

982 2107 1033 2134 rali
1047 2107 1125 2134 nobis
1136 2113 1261 2134 sermone
1272 2106 1328 2141 (89)
1340 2106 1445 2141 digesta
1458 2107 1522 2140 sint,
1537 2115 1585 2142 per
1593 2116 1765 2145 consequen-

1017 2225 1072 2261 (86)
1090 2225 1127 2252 Ita
1146 2232 1210 2261 mss.
1236 2224 1315 2252 Libb.
1331 2224 1408 2258 editi,
1434 2224 1542 2253 «Isaias
1569 2234 1677 2261 quoque
1699 2236 1762 2257 cum

982 2260 1250 2302 P"?ﬂl¢‘.‘.“‘!‘..‘“°“§:
1274 2269 1328 2302 ³..
1413 2295 1418 2300 .
1485 2299 1490 2302 ,

1017 2294 1073 2330 (87)
1090 2294 1214 2321 Habitus.
1230 2295 1309 2321 Deest
1322 2294 1436 2321 inlibris
1447 2299 1526 2322 antea
1541 2295 1634 2329 editis,
1649 2297 1695 2324 sed
1714 2298 1764 2325 ha-

980 2331 1058 2358 betur
1074 2330 1100 2356 in
1121 2329 1246 2357 omnibus
1259 2337 1323 2356 mss.

1014 2364 1070 2399 (88)
1087 2363 1288 2406 Nuito‘o'mniita
1306 2372 1398 2406 genere
1418 2363 1570 2406 intellectui
1590 2373 1646 2392 meo
1663 2373 1763 2406 _t'1_ccur-

979 2398 1036 2426 rere
1050 2403 1144 2433 potest.
1162 2398 1241 2424 Aliud
1254 2399 1323 2425 forte
1336 2398 1403 2425 vidit
1420 2399 1447 2425 in
1464 2403 1538 2425 textu
1550 2399 1645 2427 Graeco
1662 2399 1761 2428 Hiero-

980 2441 1090 2469 nymus,
1109 2434 1154 2467 qui
1170 2433 1249 2469 epist.
1265 2433 1298 2460 ad
1314 2433 1423 2469 Avitum
1445 2433 1591 2466 Origenem
1604 2435 1703 2462 docere
1721 2443 1763 2463 re-

978 2467 1220 2505 fe‘rt,tCorporale_s
1230 2474 1337 2505 quoque
1346 2468 1515 2505 substantias
1526 2469 1634 2505 penitus
1643 2470 1763 2505 dilapsu—

979 2511 1022 2531 ras
1038 2512 1044 2536 ;
1061 2507 1191 2544 autcerte
1204 2502 1230 2528 in
1245 2502 1298 2529 ﬁne
1309 2503 1430 2544 omnium
1448 2503 1500 2544 hoc
1511 2510 1573 2544 esse
1590 2503 1680 2544 futura
1699 2502 1762 2544 cor:

978 2546 1058 2578 pora,
1084 2537 1157 2571 quod
1179 2545 1251 2577 nunc
1275 2542 1316 2577 est
1331 2538 1417 2578 aether
1429 2541 1457 2578 et
1473 2537 1629 2578 θρέψω-τρε
1649 2539 1672 2566 si
1688 2541 1761 2574 quod

978 2572 1051 2599 aliud
1077 2579 1176 2612 corpus
1190 2572 1325 2613 siueerius
1343 2577 1382 2614 et__
1396 2572 1630 2614 purius‘intelligi
1657 2572 1759 2614 poiest.

978 2608 1055 2640 Quod
1070 2606 1133 2634 cum
1148 2607 1184 2633 ita
1200 2607 1246 2639 sit,
1268 2616 1278 2632 ι
1297 2606 1386 2641 inquit
1400 2606 1472 2642 idem
1490 2606 1595 2639 doctor,
1615 2615 1625 2633 t
1645 2606 1710 2642 quid
1726 2609 1761 2636 de

978 2642 1180 2676 resurrectione
1193 2642 1304 2674 sentiat,
1321 2641 1494 2676 perspicuum
1509 2645 1560 2669 est.
1578 2651 1589 2667 ι

1013 2676 1070 2717 (89)
1084 2675 1205 2717 Genera“
1219 2677 1293 2716 nobis
1305 2675 1433 2717 sermone,
1456 2680 1509 2717 etc.
1528 2676 1762 2717 Integ.ra_m_phra-

977 2711 1028 2740 siin
1044 2712 1084 2739 sic
1098 2711 1230 2738 exhibent
1250 2714 1326 2743 mss.,
1341 2711 1407 2739 libb.
1432 2716 1522 2738 autem
1542 2711 1606 2738 editi
1630 2711 1732 2740 habent
1752 2721 1759 2739 :

981 2756 989 2773 t
1009 2748 1035 2774 in
1048 2746 1168 2782 generali
1189 2746 1269 2773 nobis
1281 2753 1410 2782 sermone
1429 2747 1534 2782 digesta
1548 2750 1611 2782 sunt
1626 2753 1675 2781 per
1697 2755 1762 2776 cou-

978 2780 1149 2816 sequentiam
1163 2781 1249 2815 magis
1261 2781 1404 2822 intellecta
1415 2780 1496 2822 quam
1509 2780 1763 2822 detitiito'dogtnate

977 2820 1141 2852 pertractata
1160 2820 1241 2852 atque
1252 2816 1374 2843 discussa
1389 2817 1422 2843 de
1440 2816 1646 2845 rationabilibus
1655 2816 1759 2845 naturis

978 2851 1128 2880 Secundum
1143 2857 1205 2879 eum
1222 2851 1322 2884 locum,
1339 2860 1349 2877 ι
1366 2854 1420 2879 etc.

1585 2899 1603 2929 6
