1883 3072
86 98 131 125 171
711 98 873 128 οιιιςιεΝιε
890 101 968 128 ΠΕΡΙ
988 102 1103 128 ΑΡΧΩΝ

1662 105 1714 133 172

85 158 150 184 tiam
171 155 259 191 magis
284 155 471 184 intellecttlum
499 162 580 190 quam
612 155 726 183 definito
751 157 877 191 dogmate
890 159 913 187 Α
932 163 1007 190 sunt,
1024 158 1096 193 quod
1111 157 1208 186 ccelum
1229 158 1322 193 utique
1336 157 1497 192 appellatur,
1517 159 1543 186 lu
1562 167 1616 195 quo
1637 159 1718 188 lumi-

85 207 251 239 perlractata
267 207 349 237 atque
365 202 487 229 discussa
506 202 538 228 de
562 202 776 229 rationabilibus
793 208 872 229 natu-

86 250 136 281 ris,
151 254 212 285 post
227 256 287 276 eum
300 249 388 275 locum
407 256 485 282 quem
500 249 532 275 de
546 248 628 276 Patre
642 255 669 276 et
686 249 758 276 Filio
777 254 803 277 et
813 249 874 284 Spi-

87 297 139 323 ritu
153 299 248 322 sancto
262 301 310 328 pro
325 294 426 321 nostris
447 293 549 322 viribus
574 296 758 329 exposuimus.
795 295 872 322 Nune

86 349 151 376 ergo
163 341 303 367 videamus
316 347 376 373 qua:
392 339 448 367 sint
463 341 495 367 de
508 341 606 374 quibus
621 341 755 369 disserere
768 343 793 368 in
810 349 874 369 con-

86 386 265 421 sequentibus
281 386 408 413 convenit
424 387 571 413 secundum
585 387 680 421 dogma
699 393 831 420 nostrum,
847 388 872 415 id

86 437 127 459 est
143 432 290 459 secundum
309 432 436 459 Ecclesiae
450 432 539 459 ﬁdem.
555 432 658 469 omnes
680 433 777 460 anima;
792 438 873 468 alque

85 484 181 504 omnes
207 476 385 504 rationabiles
410 481 513 504 natura;
527 476 604 504 facta:
620 482 683 504 sunt
697 478 736 505 vel
761 484 871 511 creatae,

85 524 142 550 sive
154 527 255 550 sanctae
269 523 333 556 sint,
351 523 407 549 sive
423 530 559 557 nequam;
579 531 638 557 qua:
654 531 750 551 omnes
773 532 872 552 secun-

86 570 150 596 dum
176 568 312 602 propriam
339 572 465 594 naturam
482 567 650 602 incorporezc
674 573 737 594 sunt
756 577 763 594 :
781 568 827 595 sed
846 574 872 595 et

82 622 133 649 per
144 614 195 641 hoc
211 613 310 647 ipsum,
330 612 402 647 quod
417 613 585 647 incorporea:
605 617 679 644 sunt,
693 613 872 642 nihilominus

85 660 163 687 factm
175 663 239 686 sunt
253 658 327 693 (90);
343 659 470 692 quoniam
486 659 596 692 quidem
609 659 702 685 omnia
723 667 737 686 a
758 659 813 686 Deo
824 667 872 694 per

85 706 222 734 Christum
242 705 312 732 facta
327 709 402 737 sunt,
418 704 489 732 sicut
503 705 671 740 generaliter
687 704 871 732 Joannes'do-

87 756 130 779 cet
144 752 169 778 in
183 751 340 785 Evangelio,
356 751 449 778 dicens
467 759 474 777 ε
496 759 504 775 ι
526 751 554 777 In
575 751 708 785 principio
725 756 785 778 erat
801 751 866 778 Ver-

85 802 149 828 bum
172 799 409 828 ctVerbumerat
436 799 505 833 apud
533 799 629 830 Deum,
660 803 687 826 et
714 799 785 826 Deus
813 802 871 826 erat

85 846 216 874 Verbum.
239 846 294 873 lloe
308 849 368 872 eral
385 845 410 871 in
428 845 560 879 principio
574 845 644 879 apud
659 845 753 872 Deum.
775 844 871 872 Omnia

86 900 134 928 per
159 893 246 927 ipsum
263 892 331 918 facta
349 896 428 923 sunt,
451 896 478 917 ct
496 891 554 918 sine
577 891 635 924 ipso
651 891 752 918 factum
773 896 814 918 est
831 892 873 919 ni-

87 939 164 966 hil".
185 948 193 964 ι
211 939 262 965 Per
274 938 380 971 species
393 942 483 964 autem
504 941 530 965 et
544 945 672 965 numeros
692 937 873 972 ordinemque

86 985 248 1012 describens
262 992 292 1011 ea
307 992 365 1018 qua:
383 983 453 1011 facta
470 983 652 1017 suul,Paulus
666 984 804 1018 apostolus
816 985 872 1013 dis—

85 1031 152 1057 serit
170 1030 222 1057 hoc
239 1030 328 1061 modo,
346 1036 400 1063 quo
416 1030 506 1056 omnia
524 1030 650 1057 ostendat
664 1030 736 1057 facta
753 1038 813 1058 esse
826 1038 874 1065 per

86 1077 223 1103 Christum
240 1076 334 1103 dicens
357 1085 362 1102 :
383 1084 391 1100 ε
409 1075 443 1102 Et
457 1075 547 1102 omnia
565 1076 592 1102 in
613 1076 673 1111 ipso
693 1081 785 1104 creata
811 1082 873 1104 sunt

86 1130 145 1156 quae
161 1123 188 1148 in
204 1122 281 1149 caelis
297 1126 370 1153 sunt,
394 1126 421 1148 et
444 1129 504 1154 quae
526 1121 551 1148 in
568 1126 653 1154 terra,
674 1122 731 1150 sive
745 1123 872 1155 visibilia,

86 1167 143 1194 sive
156 1167 313 1198 invisibilia,
333 1167 390 1193 sive
411 1166 500 1198 sedes,
517 1166 573 1193 sive
587 1166 798 1201 dominationes,
816 1169 874 1196 sive

85 1213 267 1247 principatus,
283 1212 341 1238 sive
362 1216 521 1246 potestates,
533 1212 624 1238 omnia
643 1220 690 1247 per
704 1214 791 1247 ipsum
809 1219 836 1240 ct
848 1215 873 1241 in

87 1259 146 1293 ipso
157 1263 248 1286 creata
267 1265 341 1291 sunt,
358 1264 385 1285 et
397 1259 453 1294 ipse
468 1263 508 1286 est
523 1264 586 1286 ante
601 1267 705 1292 omnes,
722 1265 749 1286 et
765 1260 822 1294 ipse
833 1265 876 1288 est

87 1305 210 1340 caput”.
232 1314 241 1330 ι
257 1303 399 1332 Manifesle
416 1313 481 1340 ergo
504 1305 530 1332 in
553 1305 663 1333 Christo
682 1311 709 1332 et
731 1314 781 1341 per
795 1307 875 1334 Chri-

87 1355 157 1378 stum
180 1351 249 1378 facta
268 1358 327 1378 esse
343 1352 433 1378 omnia
453 1357 479 1378 et
502 1356 593 1379 creata
622 1353 799 1386 pronuntiat,
818 1354 875 1381 sive

87 1397 202 1428 visibilia
218 1404 277 1430 qure
290 1402 352 1424 sunt
365 1397 537 1432 corporalia,
553 1397 610 1424 sive
632 1396 798 1431 invisibilia,
815 1406 876 1433 qua;

87 1450 139 1469 non
156 1443 208 1470 alia
222 1443 304 1470 etiam
322 1443 443 1470 arbitror
455 1451 535 1478 quam
553 1444 730 1478 incorporeas
745 1445 875 1478 spiritua-

87 1488 180 1524 lesque
196 1489 322 1517 virtutes.
341 1489 442 1516 Horum
457 1494 548 1516 autem
562 1497 622 1524 qure
632 1490 673 1517 vel
688 1498 817 1525 corporea
832 1490 875 1518 vel

87 1535 248 1569 incorporea
272 1535 438 1570 generaliter
464 1535 581 1569 dixerat,
607 1540 635 1562 ut
659 1536 724 1563 mihi
757 1537 873 1570 videtur,

87 1581 140 1615 72
156 1581 183 1607 in
199 1580 375 1615 sequentibus
391 1586 531 1607 enumerat
544 1581 650 1615 species
662 1602 670 1614 ,
685 1582 711 1608 id
726 1586 767 1610 est
785 1583 873 1617 sedes,

88 1626 300 1658 dominationes,
329 1626 517 1661 principatus,
549 1631 716 1661 potestates,
748 1629 873 1657 virtutes.

88 1670 151 1698 llaec
170 1677 259 1698 autem
276 1679 290 1698 a
305 1671 383 1698 nobis
398 1671 527 1705 praedicta
542 1672 597 1699 sint
609 1673 759 1700 volentibus
770 1681 817 1709 per
832 1682 876 1701 or-

89 1717 178 1744 dinem
197 1717 229 1744 ad
254 1717 458 1752 inquisitionem
488 1717 552 1745 solis
566 1723 593 1745 et
620 1718 699 1750 luntc.
716 1719 757 1746 vel
783 1720 870 1747 stella-

91 1771 148 1790 rum
177 1763 233 1799 (91)
264 1770 312 1798 per
327 1764 550 1798 consequentiam
579 1765 723 1799 pervenire
748 1774 754 1792 :
783 1770 874 1793 utrum

88 1809 170 1837 ctiam
189 1809 246 1844 ipsa
264 1809 337 1837 inter
351 1809 407 1845 (92)
422 1811 592 1845 principatus
611 1811 708 1838 haberi
732 1813 875 1840 conveniat

89 1862 137 1890 pro
151 1862 183 1883 eo
197 1856 269 1890 quod
289 1856 418 1884 dicuntur
434 1857 460 1884 in
476 1857 575 1892 ἀρχὰς,
591 1858 617 1885 id
630 1863 683 1890 est,
700 1858 726 1884 in
739 1858 876 1892 principa-

89 1905 144 1927 tum
159 1901 211 1929 diei
229 1901 312 1935 facta,
327 1903 369 1930 vel
391 1903 498 1936 noctis;
513 1911 547 1930 an
573 1904 692 1938 putanda
717 1906 771 1932 sint
793 1905 874 1932 istum

89 1947 175 1974 solum
199 1947 257 1984 (9'5)
279 1948 380 1976 habere
400 1949 582 1984 principatum
611 1950 663 1976 diei
686 1957 717 1977 ac
740 1952 873 1984 noctis",

89 2001 156 2028 quas
173 1993 352 2022 illuminanda
368 1994 485 2022 cilicium
503 2001 612 2030 gerunt,
635 2003 688 2023 non
715 2001 805 2024 tamen
820 1997 875 2025 sint

90 2041 122 2067 de
143 2040 189 2067 illo
206 2041 302 2068 ordine
318 2041 520 2076 principaluum
537 2041 684 2076 principes.

123 2085 152 2112 2.
168 2085 360 2113 Verumtamen
385 2094 446 2114 cum
475 2087 576 2114 dicitur
588 2087 651 2121 quia
666 2088 755 2115 omnia
769 2096 817 2123 per
834 2089 876 2122 ip-

92 2139 151 2157 sum
169 2131 242 2159 facta
258 2136 358 2160 suntet
374 2133 400 2159 in
413 2133 473 2167 ipso
491 2139 583 2160 creata
604 2137 667 2160 sunt
686 2133 777 2160 omnia
791 2155 798 2167 ,
819 2135 875 2161 sive

933 204 1008 231 naria
1023 205 1073 231 ista
1090 205 1177 238 posita
1192 212 1252 232 esse
1268 205 1406 237 dicuntur,
1433 205 1504 232 inter
1527 207 1649 234 cmlestia
1667 215 1717 234 uu-

931 254 1084 277 mereulur.
1102 249 1169 276 Tum
1185 250 1283 277 deinde
1296 258 1357 277 cum
1373 252 1465 278 omnia
1482 251 1538 287 (91)
1559 251 1627 279 facta
1643 260 1718 284 esse.

929 295 969 323 vel
986 300 1087 328 creata,
1100 300 1127 323 cl.
1140 296 1166 322 in
1182 296 1223 323 his
1239 304 1300 330 qua:
1312 296 1382 324 facta
1399 302 1473 329 sunt,
1490 297 1557 324 nihil
1571 305 1631 325 esse
1643 300 1716 332 quod

928 348 981 368 non
998 340 1100 367 bonum
1122 340 1279 375 malumque
1306 342 1440 376 recipiat,
1460 347 1543 376 atque
1570 344 1718 378 utriusque

928 394 1016 421 capax
1035 387 1083 419 sit,
1095 386 1238 413 evidenter
1251 387 1306 422 (95)
1327 395 1419 415 sermo
1433 388 1625 423 disputationis
1641 390 1718 416 inve-

928 434 1017 466 nerit;
1035 434 1174 468 quomodo
1194 434 1335 469 pulabitur
1351 442 1526 470 consequens
1544 436 1616 469 quod
1631 436 1717 463 etiam

927 476 1083 506 nostrorum
1105 480 1216 514 quidam
1242 480 1275 506 de
1295 480 1353 508 sole
1373 485 1399 507 et
1417 481 1480 507 luna
1495 500 1504 514 ,
1520 480 1562 507 vel
1579 481 1718 508 sideribus

926 525 1086 560 opinantur,
1099 530 1128 551 ut
1145 525 1364 552 ineouvertibiles
1382 526 1437 552 sint
1452 530 1480 553 et
1491 526 1623 552 contrarii
1641 526 1718 552 inca-

927 570 1030 605 paces?
1046 570 1128 605 quue
1139 570 1260 598 nonnulli
1274 571 1356 597 etiam
1368 571 1401 598 de
1411 571 1511 598 sanctis
1525 570 1642 606 angelis,
1658 571 1716 597 bte-

931 617 1007 643 retici
1023 625 1087 644 vero
1105 618 1187 645 etiam
1203 618 1235 645 de
1247 617 1402 648 animabus,
1420 625 1480 651 qua:
1495 617 1565 650 apud
1583 617 1644 644 illos
1659 617 1718 651 spi-

926 663 1019 690 ritales
1042 668 1146 691 natura:
1176 664 1348 698 appellantur
1377 662 1445 698 (9G),
1473 663 1713 690 existimaverunt.

925 708 1017 735 Primo
1040 716 1104 743 ergo
1133 709 1272 737 videamus
1291 708 1357 744 quid
1383 709 1442 743 ipsa
1458 709 1529 737 ratio
1553 710 1587 738 de
1605 709 1662 737 sole
1687 715 1716 737 et

925 755 989 782 luna
1002 763 1033 782 ac
1046 755 1133 783 stellis
1146 756 1278 788 inveniat,
1298 756 1319 783 si
1339 760 1443 784 rectum
1458 761 1500 783 est
1514 757 1585 791 quod
1602 756 1714 790 quidam

926 804 1035 836 putant,
1052 801 1291 828 convertibililatis
1308 809 1355 829 eos
1371 809 1431 829 esse
1447 801 1551 828 alienos
1564 822 1571 834 ,
1589 806 1617 829 et
1628 809 1717 836 quan-

929 852 983 873 tum
999 846 1057 874 ﬁeri
1073 852 1162 881 potest
1177 847 1210 874 de
1223 847 1328 874 sanctis
1340 847 1491 882 Seripturis
1507 848 1623 883 primum
1636 847 1716 875 adbi-

926 893 1022 920 beatur
1038 894 1164 920 assertio.
1183 891 1360 928 Jobnamque
1378 894 1416 920 ita
1433 893 1541 920 videtur
1556 895 1715 925 ostendere,

926 939 997 973 quod
1009 946 1061 965 non
1080 939 1166 966 solum
1179 939 1263 966 stellae
1279 944 1391 973 possunt
1407 947 1469 966 esse
1486 939 1600 966 subdita:
1613 946 1715 973 pecca-

928 985 972 1016 tis,
990 993 1084 1013 verum
1101 985 1183 1012 etiam
1204 986 1276 1020 quod
1293 985 1401 1013 munda:
1416 993 1469 1012 non
1495 989 1561 1012 sunt
1583 992 1598 1011 a
1622 989 1717 1011 conta-

927 1030 1006 1066 gione
1026 1031 1142 1066 peccati.
1158 1031 1196 1058 lta
1211 1038 1329 1066 namque
1354 1031 1485 1065 scriptum
1506 1035 1569 1058 est:
1592 1039 1602 1056 ι
1622 1029 1717 1056 Stella

928 1084 1037 1111 otioque
1065 1084 1117 1104 non
1134 1082 1198 1104 sunt
1225 1077 1332 1104 numda:
1356 1077 1383 1103 in
1405 1068 1552 1111 conspectu
1577 1075 1681 1110 ejus".
1703 1084 1730 1111 ιΔ

927 1121 1003 1154 Quod
1017 1129 1071 1149 non
1090 1122 1184 1156 utique
1200 1121 1233 1148 de
1247 1122 1372 1156 corporis
1383 1128 1478 1148 earum
1498 1120 1640 1154 splendore
1652 1127 1717 1146 sen-

928 1167 994 1194 titur
1009 1177 1014 1194 :
1032 1167 1108 1194 verbi
1126 1174 1223 1200 causa,
1240 1171 1270 1195 ut
1287 1166 1310 1193 si
1323 1167 1476 1194 diceremus
1490 1185 1498 1199 ,
1519 1166 1714 1193 vestimentum

928 1219 981 1240 non
1000 1218 1041 1240 est
1059 1213 1206 1246 mundum;
1224 1213 1296 1248 quod
1318 1214 1340 1240 si
1357 1214 1392 1240 ita
1407 1212 1584 1247 intelligatur,
1596 1211 1630 1238 ad
1645 1218 1714 1238 eon-

928 1260 1026 1288 ditoris
1041 1260 1099 1288 sine
1118 1259 1202 1287 dubio
1216 1264 1361 1286 revocatur
1378 1258 1504 1293 iujut-ialu
1515 1277 1522 1289 ,
1540 1258 1563 1285 si
1582 1257 1645 1292 quid
1662 1257 1716 1283 ilu-

930 1306 1060 1333 mundum
1085 1307 1111 1332 in
1127 1305 1270 1340 splendore
1286 1312 1378 1332 earum
1407 1305 1531 1339 corporis
1556 1307 1714 1331 accusetur.

929 1352 958 1379 Si
975 1352 1048 1379 enim
1063 1359 1112 1387 per
1126 1352 1289 1379 industriam
1318 1359 1394 1378 suam
1420 1358 1510 1386 neque
1531 1350 1647 1377 lucidius
1661 1349 1714 1376 sibi

929 1405 1029 1432 corpus
1041 1406 1191 1430 assumere.
1206 1406 1291 1433 neque
1307 1399 1396 1425 nliuus
1407 1405 1506 1432 purum
1520 1404 1566 1431 per
1582 1395 1716 1423 desidiam

929 1447 1070 1477 poterunt,
1086 1451 1135 1470 cur
1147 1443 1225 1478 quasi
1241 1450 1294 1470 non
1308 1443 1415 1470 munda:
1427 1441 1511 1469 stellae
1525 1441 1678 1476 culpcntur,
1693 1439 1716 1467 si

930 1496 1028 1524 neque,
1044 1489 1109 1523 quia
1126 1489 1233 1516 munda:
1248 1493 1321 1522 sunt,
1336 1487 1521 1515 laudabuntur
1533 1486 1608 1522 (97)?

964 1535 992 1563 ὅ.
1022 1535 1074 1563 Sed
1105 1540 1135 1562 ut
1167 1536 1224 1563 hmc
1253 1534 1424 1562 manifestius
1449 1533 1562 1567 intelligi
1596 1531 1713 1566 possint,

930 1581 1012 1608 etiam
1028 1581 1093 1609 illud
1111 1581 1200 1617 primo
1218 1581 1347 1608 debemus
1366 1579 1522 1614 inquirere,
1546 1579 1569 1605 si
1591 1578 1716 1604 animan-

930 1627 966 1654 tia
981 1628 1038 1654 llarc
1055 1634 1116 1654 esse
1130 1632 1158 1654 et
1185 1627 1357 1654 rationabilia
1374 1625 1487 1661 intelligi
1514 1624 1554 1652 las
1575 1628 1631 1657 est;
1659 1628 1716 1650 tum

930 1674 1027 1701 deinde
1043 1678 1134 1703 utrum
1148 1674 1247 1701 auium;-
1267 1673 1387 1708 ipsarum
1404 1672 1508 1707 pariter
1523 1672 1581 1699 suis
1594 1671 1717 1705 corpori-

929 1720 979 1747 bus
995 1720 1159 1747 exstiterunt
1170 1739 1177 1751 ,
1202 1727 1236 1746 an
1252 1719 1405 1746 anteriores
1422 1718 1478 1745 suis
1500 1717 1657 1752 corporibus
1673 1717 1716 1743 vi-

930 1767 1066 1799 deantur;
1086 1765 1134 1793 sed
1156 1769 1183 1793 et
1211 1770 1272 1800 post
1296 1764 1558 1792 consummationem
1583 1763 1674 1790 saeculi
1691 1763 1715 1790 si

929 1813 1069 1845 intelligent
1081 1813 1135 1839 lum
1151 1816 1192 1840 est
1211 1818 1259 1838 eas
1281 1811 1445 1838 relaxaudas
1457 1817 1519 1837 esse
1536 1810 1714 1844 corporibus;

930 1864 957 1886 et
980 1859 1051 1886 sicut
1074 1865 1122 1886 nos
1140 1865 1279 1885 cessamus
1301 1857 1335 1884 ab
1356 1857 1407 1883 hac
1431 1856 1499 1888 vita,
1526 1855 1548 1882 si
1571 1855 1608 1882 ita
1629 1856 1714 1882 etiam

929 1906 994 1939 ipsa:
1009 1912 1023 1931 a
1043 1904 1136 1931 mundi
1153 1903 1352 1930 illuminatione
1367 1902 1424 1937 (98)
1439 1901 1596 1928 cessabunt.
1613 1900 1716 1934 Quane

929 1950 969 1977 vis
989 1950 1040 1977 hoc
1056 1949 1193 1982 inquirere
1208 1948 1328 1974 audacite
1339 1946 1481 1980 cujusdam
1498 1945 1632 1977 videatur,
1647 1953 1716 1980 quo-

930 1995 1002 2022 niam
1014 1999 1104 2020 tamen
1119 1993 1260 2028 captanda‘
1273 1992 1398 2019 veritatis
1415 1991 1505 2018 studio
1521 1998 1714 2025 provocamur,

936 2049 997 2076 qua:
1014 2039 1154 2075 possibilia
1171 2039 1248 2065 nobis
1262 2043 1334 2070 sunt,
1353 2038 1501 2065 secundum
1518 2037 1635 2072 gratiam
1653 2037 1715 2071 Spi-

931 2089 1000 2115 ritus
1023 2087 1110 2114 sancti
1126 2086 1242 2113 scrutari
1257 2090 1283 2112 et
1304 2090 1459 2120 pertentare
1477 2092 1528 2112 non
1545 2084 1651 2111 videtur
1666 2085 1716 2110 ab-

929 2133 1051 2162 surdum.
1069 2132 1199 2159 Putamus
1213 2139 1279 2167 ergo
1291 2139 1370 2167 posse
1383 2139 1414 2158 ea
1431 2139 1478 2166 per
1496 2131 1547 2158 hoc
1563 2130 1714 2158 animantia

90 2184 149 2210 qua:
171 2177 196 2204 in
214 2177 290 2204 ratiis
309 2182 388 2210 sunt,
411 2179 470 2205 sive
492 2185 552 2213 (tua:
569 2183 631 2205 sunt
653 2179 680 2205 in
704 2183 791 2211 terra,
820 2187 873 2206 non
892 2189 913 2217 ο
931 2179 1080 2214 designari,
1105 2178 1176 2212 quod
1202 2182 1228 2205 et
1254 2177 1381 2205 mandata
1406 2177 1533 2204 dicuntur
1559 2176 1682 2211 accipere
1700 2183 1715 2202 a

90 2227 179 2256 potest
198 2222 314 2250 dubitari
328 2223 398 2257 quod
414 2224 494 2250 etiam
518 2232 549 2251 ea
569 2232 629 2258 quae
647 2224 673 2251 in
697 2225 873 2253 ﬁrmamento

127 2284 146 2299 ’⁷
159 2283 236 2310 Joan.
249 2292 268 2315 ι,
284 2284 310 2310 1.
323 2283 349 2316 2,
362 2284 389 2310 5.
429 2283 450 2300 ¹⁸
465 2283 522 2311 Col.
535 2292 554 2316 l,
567 2284 610 2316 16,
625 2285 668 2312 17.
709 2284 730 2300 ¹⁹
748 2284 816 2312 Gen.
830 2294 848 2313 l.

126 2338 181 2375 (90)
196 2339 244 2367 Vel
254 2345 358 2377 credite,
371 2342 423 2368 sive
434 2347 531 2368 saurla'
548 2341 599 2368 sint
613 2341 665 2368 sire
681 2350 809 2377 nequam;
820 2351 877 2377 quae

91 2384 179 2402 ellum
194 2376 335 2402 secundum
350 2376 482 2409 proprium
495 2384 618 2402 neutram
631 2376 791 2410 incorporew
803 2384 876 2410 sunt;

92 2411 136 2437 sed
151 2415 173 2436 et
190 2418 235 2442 per
248 2411 296 2437 hoc
321 2411 405 2443 ipsum
418 2412 486 2444 quod
510 2413 670 2444 incorporea:
686 2416 757 2442 sunt,
781 2413 878 2440 nihila-

91 2446 178 2472 minus
194 2445 272 2480 (acut:
288 2449 358 2473 cum.
378 2445 439 2472 Hzec
453 2447 545 2472 omnia
557 2446 656 2473 omissa
674 2451 734 2473 sunt
754 2447 780 2473 in
798 2447 877 2475 libris

93 2486 172 2507 antea
186 2481 278 2512 editis,
292 2480 339 2507 sed
353 2481 526 2514 reperiuntur
540 2481 565 2506 iu
582 2481 708 2507 omnibus
725 2489 792 2509 mss.

128 2515 183 2551 (9i)
205 2515 462 2551 Adiinquisi'ionem
489 2515 551 2542 solis
577 2520 600 2542 el
627 2515 697 2542 (una:
724 2516 764 2542 vel
786 2516 876 2544 stella-

93 2558 151 2576 rum
164 2569 172 2582 ,
183 2555 236 2577 etc.
253 2550 322 2582 Quid
337 2550 467 2585 Origenes
478 2551 518 2585 de
538 2551 622 2577 astris
639 2556 810 2578 commentus
829 2553 874 2583 sit,

93 2585 210 2618 disputat
226 2585 338 2612 lluclius
354 2584 400 2612 lib.
423 2593 441 2612 ll
466 2584 704 2620 Origenitmorum,
727 2587 876 2620 quaestione

93 2625 199 2645 octava.
218 2619 308 2653 Ipsum
322 2621 393 2647 vide.

129 2654 186 2688 (92)
206 2654 294 2681 Etiam
307 2655 365 2689 ipsa
385 2661 433 2682 est.
454 2655 534 2682 Deest
558 2655 584 2682 in
605 2655 670 2682 libb.
687 2660 764 2683 antea
782 2656 874 2687 editis.

93 2692 140 2715 sed
163 2689 278 2716 habetur
303 2690 330 2716 in
357 2697 422 2717 mss.
438 2690 573 2717 omnibus.
601 2690 660 2716 Mox
679 2691 778 2717 ibidem
795 2699 874 2722 nis-5.,

95 2733 104 2748 ι
123 2724 250 2750 dicuntur
265 2725 290 2760 in
311 2724 409 2760 ἀρχὰς,
431 2725 456 2752 id
471 2729 512 2752 est
527 2725 552 2752 in
566 2725 758 2760 principatum.
778 2735 788 2752 ι
801 2726 876 2753 Alias

93 2760 178 2794 deest,
197 2768 206 2794 ς
222 2759 248 2785 in
262 2759 358 2794 ἀρχάς.
377 2768 387 2785 ι

128 2793 183 2829 (93)
198 2793 235 2820 lla
255 2793 403 2822 m'sIeodex
416 2794 624 2822 V'iroduneusis.
636 2795 664 2822 lu
680 2795 740 2822 aliis
749 2802 813 2822 mss.
827 2802 877 2828 pro

95 2829 211 2866 «solum
237 2838 247 2854 ι
265 2829 362 2864 legitur
379 2839 387 2856 ς
403 2830 508 2866 solem,
530 2840 539 2856 ι
557 2831 679 2866 inlibris
707 2838 772 2857 vero
797 2831 876 2866 editis

95 2865 136 2891 sic
151 2872 158 2892 :
179 2873 190 2890 ι
208 2871 241 2892 an
258 2865 377 2900 putanda
392 2865 447 2894 siut
460 2866 542 2894 istum
556 2865 641 2894 solent
656 2865 757 2894 habere
772 2865 876 2901 princi-

929 2227 996 2258 ΠΕΟ,
1017 2225 1090 2259 quod
1107 2224 1200 2258 utique
1215 2231 1267 2251 non
1284 2223 1336 2251 nisi
1360 2223 1569 2251 ralionabilibus
1589 2223 1717 2250 animau-

888 2288 909 2303 ¹⁰
931 2286 981 2314 Job
995 2293 1057 2318 xxv,
1068 2285 1095 2313 5.

932 2348 1023 2377 patum
1037 2342 1088 2369 diei
1106 2350 1136 2369 ac
1149 2342 1239 2368 lunam
1253 2342 1343 2369 noctis
1359 2348 1426 2376 quos
1439 2341 1627 2373 illuminando,
1639 2349 1648 2365 ι
1660 2344 1714 2366 etc.

968 2377 1024 2414 (94)
1051 2377 1097 2404 Sic
1113 2385 1178 2404 mss.
1198 2377 1268 2414 Editi
1293 2384 1367 2414 vero,
1387 2386 1408 2414 t_
1421 2377 1490 2403 inter
1508 2376 1629 2403 caalestia
1654 2382 1717 2402 esse

933 2411 1120 2442 numerentur,
1142 2419 1202 2438 cum
1221 2411 1319 2438 deinde
1335 2411 1438 2438 omnia.
1458 2421 1467 2436 ›

966 2447 1023 2483 (95)
1040 2447 1190 2474 Evidenler.
1205 2447 1284 2473 Deest
1297 2446 1322 2473 in
1338 2450 1418 2473 antea
1435 2446 1526 2477 editis,
1539 2446 1586 2473 sed
1600 2446 1715 2473 habetur

931 2491 958 2510 111
977 2490 1041 2509 mss.

965 2514 1021 2553 (96)
1040 2517 1165 2553 Ηωνειὶςὸ
1177 2524 1236 2542 vero
1259 2515 1340 2542 etiam
1358 2515 1392 2553 de
1413 2515 1628 2553 animabusﬁquw
1644 2516 1715 2553 apud

929 2549 989 2579 illos
1012 2549 1147 2586 spiritales
1164 2556 1266 2577 naturw
1288 2550 1467 2586 appellantur,
1482 2555 1535 2578 etc.
1551 2549 1716 2586 Valentinia-

930 2595 979 2614 uos
992 2583 1114 2621 designat
1134 2594 1248 2620 quorum
1270 2586 1430 2612 sententiam
1447 2585 1505 2613 {use
1525 2585 1643 2619 explicat
1661 2583 1716 2621 Ire-

931 2630 1004 2648 naaus
1021 2619 1067 2648 lib:
1089 2629 1095 2647 ι
1109 2619 1232 2682 (adsueram
1243 2620 1354 2647 [ιω-εδει
1367 2638 1376 2652 ,
1399 2628 1460 2655 cap.
1476 2625 1552 2647 sexto
1569 2626 1645 2646 novae
1658 2619 1716 2646 edi-

932 2657 1025 2682 tionis.
1039 2664 1101 2682 nae.
1154 2674 1161 2682 .

932 2657 1025 2688 tionis,
1039 2664 1101 2688 pag.
1116 2656 1161 2683 98.

966 2664 1025 2752 (3i;
1038 2664 1185 2717 Ῐῖἒδὸιῖῗιὶε
1195 2690 1274 2718 codd.
1293 2696 1356 2716 mss.
1375 2689 1453 2716 Libb.
1470 2696 1536 2716 vero
1549 2689 1626 2719 editi.
1643 2688 1716 2716 «cut.

979 2732 1081 2752 ulntur.
1097 2726 1154 2752 sive
1168 2733 1228 2752 ante
1241 2726 1347 2752 mundae
1359 2729 1432 2752 sunt.
1448 2723 1649 2751 laudabuntur?
1667 2732 1677 2749 ι

935 2723 1081 2760 pabuntur,
1097 2726 1154 2752 sive
1168 2733 1228 2759 quas
1241 2726 1347 2752 mundae
1359 2729 1432 2752 sunt.
1448 2723 1649 2760 laudabuntur?
1667 2732 1677 2749 ι

970 2761 1025 2794 (98)
1041 2761 1119 2788 Libb.
1136 2758 1211 2792 editi,
1230 2769 1239 2785 ε
1253 2760 1334 2787 etiam
1351 2759 1407 2793 ipsa
1422 2762 1450 2785 et
1465 2766 1480 2785 a
1501 2759 1594 2794 mundi
1615 2758 1716 2785 illuuli-

934 2793 1055 2826 natione,
1074 2805 1082 2820 ι
1100 2795 1146 2822 sed
1167 2803 1231 2822 mss.
1249 2799 1278 2821 ut
1296 2794 1323 2820 in
1338 2798 1435 2820 nostro
1453 2798 1539 2820 textu.
1559 2793 1619 2819 Μυλ
1637 2801 1714 2826 mss.,

935 2839 944 2855 ι
969 2828 1102 2862 Quoniam
1126 2834 1216 2855 tamen
1233 2829 1385 2864 captandis,
1406 2837 1415 2853 ι
1436 2834 1491 2856 etc.
1520 2828 1547 2856 1ιι
1565 2828 1645 2855 eJilis
1667 2836 1716 2863 pro

934 2874 943 2891 ι
963 2865 1090 2899 quoniatn
1108 2873 1117 2891 ι
1134 2864 1232 2899 legitur
1248 2863 1391 2898 «quando.
1410 2872 1418 2888 ι
