1883 3072
93 119 142 148 175

727 118 888 147 ORlGENlS
908 119 987 146 ΠΕΡΙ
1006 121 1122 148 ΔΡΧΩΝ

1672 127 1726 154 176

90 179 169 207 modo
194 178 302 205 videtur
335 177 491 213 appellare:
513 187 522 203 α
543 177 655 205 Vanitas
676 178 826 206 vanitatum
852 183 877 206 et
893 181 914 208 Α
930 186 995 206 sane
1004 180 1085 207 etiam
1094 180 1127 207 de
1143 179 1204 206 luna
1215 184 1240 206 et
1249 179 1333 207 stellis
1342 180 1480 208 sentienda
1489 181 1722 211 suntetdieenda.

89 225 180 253 omnia
193 224 311 256 vanitas,
328 223 395 250 dixit
415 223 602 251 Ecclesiastes.
624 223 720 251 Omnia
747 225 856 252 vanitas
871 233 878 252 :

91 270 196 305 respexi
211 270 294 301 enim,
309 269 407 302 inquit,
422 274 449 295 et
462 269 515 295 vidi
535 269 658 296 universa
674 277 734 304 qua:
749 270 800 297 sub
822 270 881 297 sole

85 321 164 349 sunt,
180 321 207 343 et
217 322 280 343 ecce
295 315 385 342 omnia
410 315 516 342 vanitas
524 315 556 341 “.
574 324 584 340 ι
601 315 668 342 lluie
688 322 754 351 ergo
767 317 879 344 vanitati

84 367 214 390 creatura
237 360 357 395 subjecta
374 365 427 393 est,
453 360 497 387 illa
515 361 650 395 praecipue
676 366 800 388 creatura
823 361 880 398 (11)

88 416 151 443 qua:
176 408 268 442 utique
293 407 438 434 maximum
455 407 482 433 in
505 406 554 434 hoc
585 407 686 434 mundo
699 412 726 434 et
741 408 878 442 egregium

89 454 179 489 operis
189 453 229 481 siti
244 452 351 480 obtinet
364 452 558 487 principatum,
572 452 597 479 id
609 457 651 480 est
671 453 711 480 sol
727 457 754 480 et
770 453 832 480 luna
852 458 880 480 et

89 498 173 526 stellae
188 497 302 524 vanitati
317 497 438 531 subjecta
455 497 592 529 dicuntur,
607 497 768 532 corporibus
785 498 878 527 indita,

90 550 171 579 atque
188 544 221 572 ad
237 544 403 571 illuminaudi
417 543 533 571 cilicium
547 544 664 572 humano
682 546 774 580 generi
795 546 880 580 depu-

91 597 154 619 tata.
172 599 181 616 ε
200 591 232 618 Et
250 599 314 624 non,
328 591 424 624 inquit,
450 590 545 618 volens
573 595 699 618 creatura
721 592 779 620 hinc
804 593 880 620 vani-

92 635 139 663 tati
165 635 284 670 subjecta
296 635 378 662 est".
394 645 402 661 ι
429 634 486 662 Non
502 635 575 662 enim
596 636 735 663 voluntate
749 636 880 663 exhiben-

91 681 154 708 dum
166 680 286 714 suscepit
298 680 477 706 ministerium
487 680 611 711 vanitati,
627 680 673 707 sed
683 681 812 715 quoniam
822 681 878 717 (15)

92 727 200 754 volebat
213 726 257 753 ille
271 727 316 760 qui
331 725 499 758 subjiciebat,
521 731 631 760 propter
646 733 707 753 eum
721 727 767 762 qui
787 727 879 762 subje-

92 773 141 806 cit,
161 773 365 807 promittentem
396 772 438 799 his
457 773 502 807 qui
521 781 572 800 non
605 773 743 800 voluntate
766 775 878 801 vanitati

93 818 286 849 subdebantur,
305 818 375 853 quod
389 818 496 852 expleto
519 818 655 853 tnagnifici
687 819 780 853 operis
799 820 879 846 mini-

92 865 177 893 sterio
188 865 378 892 liberabuntur
395 865 427 892 ab
442 865 494 892 hac
510 865 640 892 servitute
655 867 839 900 corruptionis
853 871 880 894 et

94 911 232 944 vanitatis,
257 917 318 937 cum
346 911 540 945 redemptionis
563 911 655 946 gloria:
692 912 807 939 liiiorum
833 913 879 940 Dei

93 960 199 990 tempus
231 955 382 982 advenerit.
411 955 470 988 Qua
499 962 547 991 spe
584 961 714 991 accepta,
739 962 765 983 et
800 965 879 991 quam

93 1000 300 1035 promissionem
321 1000 509 1035 complendam
525 1008 638 1035 sperans
654 999 779 1029 universa
806 1010 880 1030 erea-

93 1050 153 1073 tura
178 1046 357 1079 congemiseit
377 1053 450 1073 nunc
469 1046 577 1074 interim
600 1052 692 1082 utpote
711 1049 792 1075 etiam
816 1048 881 1075 affe-

93 1097 166 1119 ctum
192 1092 294 1119 habens
307 1098 369 1127 erga
385 1100 432 1119 eos
444 1092 542 1127 quibus
559 1093 702 1125 ministrat,
717 1099 741 1121 et
755 1094 881 1121 eondolct

92 1145 139 1172 per
157 1137 314 1172 patientiam
329 1144 389 1172 qua:
400 1137 533 1172 promissa
551 1143 614 1165 sunt
633 1146 755 1173 sperans.
773 1139 880 1167 Intuere

92 1182 176 1210 etiam
191 1182 266 1215 illud,
283 1181 306 1210 si
319 1182 389 1209 forte
401 1183 489 1214 aptari
508 1187 597 1217 potest
613 1184 657 1210 illa
677 1191 729 1210 vox
745 1184 821 1210 Pauli
838 1185 881 1212 his

92 1227 140 1262 qui
165 1227 228 1254 licet
239 1234 296 1253 non
323 1227 457 1259 volentes,
474 1234 523 1261 pro
538 1227 675 1254 voluntate
703 1233 791 1255 tamen
823 1229 880 1263 ejus

93 1272 138 1305 qui
150 1271 273 1306 subjecit,
284 1275 310 1298 et
323 1279 372 1306 pro
387 1271 626 1306 repromissionum
640 1279 687 1306 spe
703 1272 756 1307 (lli)
768 1274 880 1300 vanitati

94 1317 208 1352 subjecti
227 1321 301 1350 sunt,
314 1325 365 1351 qua
379 1317 417 1344 ait
433 1325 440 1343 :

132 1372 140 1387 ε
153 1362 266 1389 Κάλλιον
277 1362 469 1396 ἅναλῦσαιῌῗ)

92 1411 139 1436 καὶ
169 1411 216 1436 σὺν
240 1410 349 1445 Χριστῷ
381 1407 468 1436 εἶναι·

545 1373 553 1389 ι
587 1363 714 1398 Optarem
740 1365 811 1391 enim
837 1371 880 1391 re-

507 1409 585 1441 solvi,
602 1409 642 1436 vel
658 1410 754 1442 redire,
775 1415 801 1437 et
820 1417 882 1437 esse

93 1456 182 1492 πολλῷ
195 1457 247 1492 γὰρ
264 1456 362 1492 μᾶλλον
379 1457 471 1492 κρείσ-
506 1463 566 1481 cum
611 1455 719 1483 Christo
736 1463 744 1488 ;
797 1456 881 1482 multo

93 1509 154 1530 div“
173 1511 182 1527 ο
196 1503 298 1537 νομίζω
310 1502 362 1538 γὰρ
375 1503 416 1529 ὅτι
427 1502 470 1528 λέ-

92 1557 134 1583 γοι
149 1548 182 1576 ἂν
193 1550 207 1575 ὸ
218 1549 306 1583 ἥλιος·
325 1558 333 1574 ‹
355 1549 470 1576 Κάλλιον

93 1595 224 1622 ἀναλῦσαι
238 1596 285 1622 καὶ
299 1596 347 1622 σὺν
361 1595 470 1630 Χριςτῷ

92 1641 177 1671 εἶναι·
197 1644 285 1678 πολλῷ
307 1644 360 1680 γὰρ
380 1646 471 1680 κρεῖσ-

94 1700 148 1718 σον.
166 1701 175 1717 ›
186 1692 241 1718 Καὶ
254 1693 268 1718 ὁ
285 1692 332 1727 μὲν
345 1691 451 1724 Παῦλος
462 1701 468 1707 ·

95 1746 104 1762 ι
127 1737 205 1763 Ἀλλὰ
220 1737 250 1763 τὸ
272 1737 410 1772 ἐπιμένειν
438 1739 470 1773 τῇ

93 1783 174 1818 σαρκὶ
200 1783 411 1818 ἀναγκαιότερον
439 1784 472 1810 δι’

95 1829 175 1863 ὑμᾶς·
189 1838 199 1854 ι
209 1828 224 1855 ὀ
233 1828 261 1855 δὲ
272 1828 357 1864 ἥλιος,
367 1829 403 1855 Τὸ
415 1830 473 1856 ἐπι-

96 1877 185 1912 μένειν
198 1876 236 1912 τῷ
248 1877 366 1913 οὑρινιῳ
385 1877 472 1913 τούτῳ

94 1922 199 1958 σώματι
213 1923 423 1959 ἀναγκαιότερον
431 1923 474 1950 διὰ

99 1972 146 2007 τὴν
168 1970 337 2004 ἀποκάλυψιν
357 1969 411 1995 τῶν
433 1969 477 1994 τέ-

100 2027 171 2044 κνων
201 2017 248 2044 τοῦ
275 2015 352 2042 Θεοῦ.
383 2014 423 2040 Τὰ
449 2014 478 2040 δὲ

101 2065 169 2090 αὐτὰ
188 2064 234 2090 καὶ
257 2063 321 2096 περὶ
348 2061 479 2096 σελήνης,

102 2109 147 2134 καὶ
158 2117 189 2134 πε
195 2108 221 2142 pl
230 2107 284 2134 τῶν
293 2107 394 2133 λοιπῶν
405 2106 479 2133 ἀστέ-

103 2163 156 2188 ρων
171 2153 290 2179 λεκτέον.

130 2222 152 2238 ³¹
169 2221 244 2250 Eccl.
258 2223 314 2255 Ι,1,
329 2223 371 2250 14.

505 1501 577 1528 enim
590 1501 686 1528 melius
701 1500 765 1537 (18).
783 1510 791 1527 ι
813 1501 880 1528 Puto

506 1549 576 1575 enim
589 1550 651 1583 quia
660 1549 784 1577 similiter
796 1549 880 1584 possit

506 1597 586 1632 etiam
597 1599 635 1625 sol
644 1597 735 1624 dicere
743 1597 804 1632 quia
815 1607 823 1623 ε
834 1598 881 1631 0p-

507 1649 591 1671 tarem
607 1644 703 1672 resolvi
714 1645 753 1672 vel
763 1645 848 1672 redire
855 1649 882 1672 et

509 1700 568 1720 esse
579 1700 639 1721 cum
649 1692 775 1720 Christo:
798 1692 882 1720 multo

508 1739 578 1766 enim
596 1739 701 1766 me'ius.
727 1748 735 1764 ι
761 1739 792 1766 Et
815 1738 882 1766 Pau-

510 1786 550 1813 lus
567 1787 674 1822 quidem
692 1782 766 1814 addit
782 1796 788 1815 :
810 1786 882 1814 «Sed

510 1840 668 1867 permanere
681 1833 707 1860 in
722 1841 804 1861 carne
825 1841 883 1860 ma-

510 1878 550 1912 gis
567 1879 750 1906 necessarium
774 1883 885 1913 propter

511 1932 557 1951 vos
574 1925 611 1958 a‘;
633 1934 641 1950 ι
663 1925 702 1952 sol
719 1931 782 1952 vero
796 1930 885 1959 potest

510 1971 600 1999 dicere
623 1980 629 1998 :
652 1971 816 1999 Permanere
838 1979 885 1997 att-

511 2022 563 2043 tem
580 2018 606 2044 in
623 2018 674 2045 hoc
689 2017 791 2044 caelesti
806 2022 833 2044 et
843 2017 885 2044 lu-

510 2063 570 2090 cido
580 2070 693 2098 corpore
702 2063 787 2098 magis
794 2069 886 2089 neres-

510 2110 621 2142 sariutn,
629 2115 737 2144 propter
745 2108 888 2136 revelatio-

513 2164 573 2182 nem
584 2155 698 2182 liiiorum
714 2155 769 2181 Dei.
787 2154 886 2182 Eadem

932 224 1078 251 Videamus
1091 232 1162 251 nunc
1173 231 1232 258 qua:
1241 225 1277 251 sit
1287 225 1368 252 etiam
1384 225 1496 252 libertas
1511 231 1654 258 creaturze,
1666 227 1724 262 74

931 270 973 296 vel
999 278 1059 305 qua:
1080 270 1216 297 absolutio
1236 270 1386 298 servitutis.
1400 271 1466 298 Cum
1483 273 1625 300 tradiderit
1638 273 1721 301 Chri-

931 321 989 344 stus
1005 324 1116 351 regnnm
1135 317 1188 344 Deo
1199 322 1227 344 et
1246 316 1333 350 Patri,
1345 323 1407 346 tunc
1423 326 1504 346 etiam
1525 320 1575 346 ista
1595 321 1721 348 animan-

932 363 967 388 tia
984 370 1045 390 cum
1063 363 1138 396 prius
1150 371 1261 398 regnum
1275 364 1374 392 Christi
1397 365 1496 392 fuerint
1507 364 1616 399 eifeela,
1639 367 1720 394 simul

930 415 993 435 cum
1023 409 1096 435 otnni
1129 416 1211 444 regno
1237 410 1319 437 etiarn
1336 411 1408 438 Patri
1439 412 1720 448 regnanda.(l9)tra-

937 455 1049 487 dentur;
1061 459 1088 481 ut
1105 462 1165 482 cum
1177 456 1248 482 Deus
1265 456 1317 482 erit
1332 457 1421 483 omnia
1437 457 1463 484 in
1482 458 1620 491 omnibus,
1635 458 1720 484 etiam

932 499 983 525 ista
998 507 1057 526 cum
1073 499 1129 526 sint
1141 507 1175 527 ex
1190 500 1330 533 omnibus,
1349 501 1387 528 sit
1408 502 1473 528 etin
1489 502 1548 529 istis
1563 502 1632 529 Deus
1650 502 1722 530 sicut

933 545 958 571 in
976 546 1111 572 omnibus.

1215 592 1329 619 CAPUT
1351 592 1421 620 Vill.

1196 634 1232 660 De
1259 636 1360 669 angelis
1387 636 1454 670 (‘20).

968 680 992 706 l.
1010 679 1098 706 Simili
1117 687 1224 714 quoque
1245 681 1352 707 ratione
1369 681 1451 708 etiam
1467 681 1501 708 de
1517 680 1620 716 angelis
1644 685 1723 708 uten-

931 727 993 752 dum
1014 730 1091 759 puto,
1108 733 1158 753 nec
1175 726 1385 753 existimandum
1398 727 1524 761 quoniam
1541 727 1653 754 fortuito
1676 733 1723 753 ac-

931 771 1013 803 cidat,
1028 776 1055 798 ut
1074 771 1110 798 illi
1122 771 1218 806 angelo
1233 771 1296 798 illud
1314 771 1469 807 injungatnr
1489 772 1607 799 ollicium
1623 781 1629 799 :
1645 772 1722 799 verbi

931 817 1029 852 gratia,
1050 822 1077 843 nt
1093 817 1148 852 (21)
1165 817 1302 852 liapbaelo
1321 817 1436 845 curandi
1455 822 1482 844 et
1499 817 1621 844 medendi
1641 823 1723 851 opus,

931 863 1057 890 Gabrielo
1070 863 1203 890 bellorum
1215 863 1394 898 providentia,
1410 863 1543 890 illictiaclo
1566 862 1722 890 mortalium

931 915 1025 942 preces
1040 908 1304 943 supplicationesque
1322 915 1429 935 curare.
1450 907 1512 935 ilice
1527 907 1601 934 enim
1626 906 1722 934 officia

931 955 1114 988 promeruisse
1132 961 1178 981 eos
1193 962 1246 981 non
1266 952 1345 981 aliter
1360 953 1507 987 putandum
1522 957 1575 984 est,
1592 959 1674 986 quam
1688 959 1722 978 ex

932 1000 990 1028 suis
1007 1006 1141 1035 quemque
1172 999 1276 1026 meritis
1292 1003 1319 1026 et
1336 1006 1384 1033 pro
1411 998 1509 1025 studiis
1522 1006 1554 1026 ac
1576 998 1724 1024 virtutibus

931 1053 991 1080 quae
1003 1050 1066 1072 ante
1079 1045 1169 1072 mundi
1183 1044 1263 1078 hujus
1278 1051 1437 1079 compagem
1461 1044 1606 1078 gesserint,
1629 1052 1725 1071 susce-

931 1091 1013 1125 pisse.
1027 1090 1096 1118 Titm
1111 1091 1209 1118 deinde
1225 1090 1279 1126 (ΞΕ)
1294 1091 1319 1117 in
1344 1089 1535 1124 archangelico
1548 1090 1644 1116 ordine
1657 1090 1724 1117 illud

933 1137 973 1164 vel
990 1137 1054 1164 illud
1077 1137 1159 1164 ofiicii
1182 1144 1266 1172 genus
1289 1136 1436 1170 unicuique
1457 1135 1632 1169 deputatum;
1655 1135 1725 1162 alios

932 1191 996 1211 vero
1022 1184 1048 1210 in
1075 1183 1232 1217 angelorum
1265 1183 1360 1210 ordine
1386 1182 1520 1208 meruisse
1548 1181 1675 1214 describi,
1697 1185 1726 1207 et

931 1236 1013 1264 agere
1028 1228 1078 1256 sub
1093 1228 1138 1255 illo
1152 1229 1193 1255 vel
1210 1228 1255 1255 illo
1272 1227 1447 1263 arcliangelo,
1463 1227 1504 1255 vel
1521 1227 1568 1254 illo
1582 1227 1661 1258 duce,
1682 1226 1725 1253 vel

932 1273 1054 1308 principe
1083 1273 1187 1300 ordinis
1217 1273 1268 1300 sui.
1293 1273 1358 1306 Qua:
1394 1273 1504 1304 omnia,
1533 1277 1562 1299 ut
1583 1272 1650 1305 dixi,
1670 1280 1725 1298 non

932 1320 1045 1347 fortuito
1061 1324 1143 1354 atque
1163 1319 1310 1346 indiscrete
1322 1339 1329 1351 ,
1351 1320 1398 1347 sed
1424 1319 1565 1354 aptissimo
1578 1323 1606 1346 et
1625 1319 1725 1353 justis-

932 1366 1001 1392 simo
1013 1364 1059 1392 Dei
1074 1365 1177 1399 judicio
1191 1365 1316 1391 ordinata
1332 1369 1395 1392 sunt
1407 1384 1415 1397 ,
1435 1369 1462 1390 et
1476 1372 1526 1399 pro
1551 1364 1656 1391 meritis
1670 1364 1727 1390 dis—

932 1412 1020 1446 posita
1046 1411 1102 1445 ipso
1123 1410 1263 1445 iudicante
1291 1415 1319 1437 et
1341 1409 1485 1444 probante;
1508 1414 1533 1436 ut
1554 1409 1591 1436 illi
1614 1409 1725 1443 quidem

932 1459 1028 1495 angelo
1045 1459 1223 1494 Ephesiorum
1238 1458 1370 1486 committi
1388 1458 1506 1486 Ecclesia
1523 1458 1621 1486 debeat
1631 1458 1665 1489 ",
1684 1457 1724 1484 illi

933 1513 998 1534 vero
1015 1505 1059 1532 alii
1077 1504 1301 1540 Smyrnensinm,
1317 1509 1344 1531 et
1358 1504 1402 1532 ille
1426 1504 1534 1538 quidem
1561 1503 1673 1538 angelus
1697 1507 1726 1530 ut

906 1541 914 1551 ¹
933 1553 968 1579 sit
983 1551 1073 1584 Petri,
1098 1551 1168 1578 alius
1187 1557 1250 1578 vero
1265 1554 1293 1577 ut
1304 1550 1339 1576 sit
1357 1549 1447 1581 Pauli;
1469 1554 1525 1576 tum
1543 1549 1651 1576 demum
1677 1557 1726 1583 pi-r

934 1597 1053 1632 singulos
1069 1596 1243 1624 minimarum
1261 1595 1306 1629 qui
1325 1601 1388 1622 sunt
1404 1596 1429 1622 in
1449 1595 1581 1627 Ecclesia,
1612 1595 1658 1629 qui
1684 1594 1726 1621 vel

934 1644 978 1678 qui
995 1643 1095 1671 ascribi
1113 1642 1171 1677 (25)
1185 1641 1297 1676 singulis
1323 1642 1439 1669 debeant
1454 1641 1554 1675 angeii,
1578 1641 1623 1675 qui
1641 1641 1725 1668 etiam

934 1690 1056 1724 quotidie
1067 1689 1176 1716 videant
1193 1688 1288 1715 faciem
1302 1689 1346 1715 Dei
1359 1697 1366 1720 ;
1381 1688 1427 1715 sed
1439 1692 1467 1714 et
1479 1688 1540 1722 quis
1552 1687 1651 1714 debeat
1664 1694 1726 1713 esse

935 1736 1047 1771 angelus
1059 1735 1104 1769 qui
1126 1734 1277 1762 circumdet
1290 1734 1316 1760 in
1336 1733 1452 1760 circuitu
1467 1733 1618 1759 timentium
1628 1732 1724 1758 Deum.

936 1782 1000 1815 Qua:
1016 1781 1109 1816 utique
1123 1780 1215 1807 omnia
1240 1787 1293 1806 non
1314 1786 1391 1810 casu,
1410 1785 1497 1813 neque
1517 1778 1630 1805 fortuito
1654 1777 1724 1812 geri,

937 1835 1024 1862 nequc
1040 1827 1104 1862 quia
1119 1826 1279 1853 naturaliter
1297 1825 1364 1852 tales
1378 1823 1442 1851 facti
1457 1828 1535 1855 sunt,
1561 1823 1726 1850 existiman-

937 1874 998 1900 dum
1018 1877 1070 1903 est,
1089 1879 1122 1898 ne
1141 1872 1221 1898 etiam
1238 1872 1264 1897 in
1281 1871 1330 1898 hoc
1352 1869 1463 1897 factoris
1492 1868 1662 1902 inaequalitas
1678 1875 1725 1894 ai-

937 1923 1062 1950 cusetur;
1079 1917 1125 1945 sed
1142 1925 1191 1951 pro
1205 1916 1310 1943 meritis
1322 1920 1349 1942 et
1360 1914 1505 1942 virtutibus
1516 1921 1547 1941 ac
1565 1921 1614 1948 pro
1631 1914 1726 1940 unius-

938 1965 1068 1999 cujusque
1082 1963 1137 1999 (24)
1150 1963 1243 1997 vigore
1251 1966 1277 1989 et
1287 1962 1396 1997 ingenio
1405 1961 1504 1988 deferri
1517 1968 1531 1986 a
1539 1959 1691 1993 justissimo
1699 1965 1725 1986 et

938 2011 1094 2045 atquissiuto
1110 2010 1280 2036 moderatore
1291 2008 1412 2036 omnium
1424 2006 1587 2034 credendum
1601 2011 1643 2032 est
1657 2005 1713 2034 Deo

974 2064 1002 2092 2.
1020 2065 1056 2091 De
1070 2064 1112 2090 his
1125 2071 1189 2090 vero
1202 2063 1246 2097 qui
1267 2066 1378 2089 naturas
1401 2069 1462 2089 esse
1478 2061 1613 2094 spiritales
1629 2061 1726 2088 diver—

940 2117 984 2138 sas
997 2109 1140 2140 afﬁrmant,
1157 2107 1257 2142 aliquid
1271 2108 1393 2135 dicamus
1407 2106 1474 2142 (‘25),
1491 2114 1524 2133 ne
1547 2107 1618 2134 forte
1631 2106 1727 2133 incur-

942 2163 1033 2182 ramus
1053 2155 1080 2181 in
1099 2153 1158 2180 illas
1171 2153 1274 2188 ineptas
1289 2157 1368 2188 atque
1383 2153 1479 2187 impias
1503 2151 1608 2179 fabulas
1629 2158 1726 2178 eorum

411 2222 433 2238 ³³
448 2221 526 2250 Rom.
540 2229 597 2253 vni,
610 2223 654 2249 20.
692 2221 715 2237 ³⁸
730 2221 827 2256 l’hiiip.
843 2229 862 2254 ι,
876 2222 921 2255 23,
933 2222 979 2250 24.
1017 2222 1040 2238 ⁸⁵
1053 2221 1138 2256 Apoc.
1151 2228 1178 2248 tt.

130 2278 186 2313 (11)
203 2278 231 2305 ln
249 2279 325 2306 libris
351 2280 432 2307 editis
453 2281 528 2307 deest
545 2289 554 2304 ι
574 2283 710 2310 creatura,
732 2287 741 2304 ι
761 2283 787 2305 et
814 2279 880 2314 legi-
896 2270 920 2299 D
935 2279 994 2306 Mox
1011 2286 1077 2306 mss.
1099 2287 1109 2303 ι
1131 2283 1159 2304 ut
1176 2286 1236 2306 cum
1257 2277 1327 2305 Deus
1344 2277 1396 2314 erit
1407 2277 1502 2314 omnia
1518 2276 1544 2303 in
1559 2275 1722 2314 omnibus)

95 2318 140 2339 tur
156 2322 191 2350 εγ(
212 2313 256 2350 illa
271 2315 406 2350 praecipue
426 2323 485 2348 qutc
503 2314 594 2349 utique
609 2314 806 2350 innititnttm__in
831 2315 881 2341 hoc

96 2349 196 2375 mundo
210 2349 315 2375 obtinet
333 2348 512 2384 principatum
527 2350 618 2384 operis
630 2349 692 2381 sui;
707 2348 796 2384 etrilla
821 2356 881 2383 quae

94 2384 213 2417 egregia,
232 2384 256 2409 id
270 2388 309 2413 est
325 2385 363 2411 sol
381 2390 407 2411 et
423 2385 496 2416 luna,
513 2393 521 2410 ι
538 2389 590 2411 etc.
611 2383 638 2410 ln
654 2391 720 2411 mss.
734 2383 838 2418 legitur
852 2388 880 2410 ut

96 2418 124 2444 in
143 2423 236 2445 nostro
254 2423 338 2445 testu.

131 2453 188 2487 (l5)
209 2453 255 2480 Sic
275 2461 339 2480 mss.
370 2454 444 2481 Alias
474 2463 482 2478 ι
514 2453 659 2488 quomodo.
687 2462 696 2478 ι
727 2453 787 2480 illo:
814 2460 878 2480 mss.

96 2495 108 2513 ι
131 2489 333 2520 promittentem
350 2488 391 2516 his
405 2489 449 2522 qui
464 2495 516 2515 non
532 2487 670 2514 voluntate
688 2488 797 2515 vanitati
816 2490 880 2515 sub-

96 2522 237 2550 debantur.
263 2532 273 2548 ι
291 2523 317 2550 in
347 2523 411 2550 libb.
438 2524 518 2550 editis
546 2529 595 2556 pro
615 2531 624 2547 ε
645 2523 846 2556 promittentem
869 2532 878 2548 ι

95 2556 212 2584 ltabetur
230 2567 239 2584 ι
258 2559 431 2592 promittens,
451 2567 460 2584 ›
478 2563 505 2584 et
519 2557 593 2584 deest
608 2566 618 2582 ‹
641 2558 763 2585 vanitati.
781 2567 790 2584 ι

130 2592 186 2626 (16)
203 2593 249 2620 Sic
265 2600 332 2620 mss.
346 2593 424 2622 Liltb.
440 2593 514 2625 editi,
531 2602 540 2617 ι
562 2593 768 2626 repromissione
782 2593 849 2627 spei.
869 2603 878 2619 ι

130 2627 186 2660 (17)
206 2627 339 2654 Κάλλιον
353 2627 503 2654 ἀναλῦσαι
515 2647 523 2659 ,
549 2632 601 2654 etc.
618 2626 678 2654 Haec
710 2626 841 2656 habentur
854 2629 879 2655 in

93 2661 168 2688 calce
180 2663 300 2695 epistolae
315 2662 457 2690 .lustiniani
477 2663 646 2696 imperatoris
660 2662 693 2688 ad
707 2662 821 2690 Menam.

130 2697 186 2729 (l8)
207 2697 276 2723 Puto
294 2698 362 2724 enim
380 2698 442 2732 quin
459 2697 578 2724 similiter
592 2698 673 2731 possit
689 2698 767 2724 etiam
780 2698 821 2725 sol
835 2698 873 2724 di-

92 2739 150 2756 acre
164 2733 228 2765 quia
248 2737 364 2765 optarent
389 2731 480 2759 resolvi

514 2732 553 2758 vel
582 2733 667 2759 redire
687 2738 711 2759 et
732 2741 787 2760 esse
819 2741 878 2759 cum

92 2766 212 2803 (inrisio;
222 2767 304 2803 uiulto
313 2768 381 2803 enim
397 2768 500 2794 melius.
518 2766 549 2793 Et
561 2766 662 2794 Paulus
673 2769 779 2803 quidem
791 2769 878 2794 addit.

93 2800 154 2827 llaec
163 2801 188 2827 in
198 2801 340 2828 edit.male
351 2805 450 2829 omissa
461 2803 605 2830 restitttunt
616 2800 709 2830 omnes
717 2803 823 2830 endices
831 2810 881 2828 ius.

137 2838 192 2874 (19)
215 2837 278 2866 Mss.
292 2847 305 2864 ι
326 2839 470 2875 regnanda.
496 2849 505 2865 ι
523 2840 582 2867 Lib.
606 2841 668 2868 editi
692 2850 701 2865 ‹
723 2840 849 2874 regenda.
870 2849 878 2864 ι

934 2314 962 2341 ln
979 2315 1059 2342 editis
1078 2314 1155 2340 deest
1171 2322 1180 2339 ι
1205 2313 1307 2340 omnia.
1329 2322 1338 2338 ι
1358 2312 1457 2338 Ibidem
1483 2319 1550 2337 mss.
1568 2320 1577 2336 ι
1597 2311 1631 2337 sit
1653 2317 1680 2338 et
1698 2312 1725 2337 in

935 2350 993 2376 istis
1005 2349 1074 2376 Deus
1083 2349 1154 2376 sicut
1165 2349 1192 2375 in
1205 2348 1340 2375 omnibus.
1355 2357 1364 2372 I
1378 2345 1404 2372 In
1419 2346 1498 2372 cditis
1517 2346 1591 2372 deest
1604 2354 1612 2370 ι
1624 2345 1722 2372 sicut.»

969 2395 1026 2430 (20)
1045 2395 1082 2421 De
1097 2394 1207 2429 angelis.
1228 2393 1297 2430 Quid
1311 2394 1345 2430 (le
1358 2391 1461 2430 angi-lis
1475 2391 1601 2424 opinatus
1614 2390 1724 2430 8110Γί-

933 2425 1026 2463 genes,
1047 2425 1207 2463 (iisqui'ritttr
1221 2425 1453 2463 Orrigenianqihb.
1470 2434 1502 2463 Il;
1512 2425 1651 2463 qtltﬂsl:_5.

970 2459 1026 2499 (21)
1048 2459 1105 2492 1116
1115 2468 1143 2490 ιιι
1160 2468 1188 2490 et
1202 2459 1285 2499 paulo
1307 2465 1366 2499 post
1393 2468 1441 2494 pro
1459 2460 1617 2499 nliaphaeli
1632 2479 1639 2492 ,
1668 2459 1724 2499 (ja-

934 2493 1024 2532 hri‘eli,’
1045 2493 1217 2530 Michaeli,3
1237 2493 1332 2532 legitur
1361 2493 1534 2522 inioniuibus’
1544 2501 1608 2521 mss.
1636 2503 1646 2520 ι
1670 2493 1725 2521 Ra-

934 2535 1042 2570 phaelo,
1058 2533 1194 2565 Gabrielo,
1213 2531 1355 2558 blieliaeln.
1371 2539 1380 2555 ι

970 2580 1027 2614 (22)
1043 2580 1087 2607 Sic
1100 2587 1165 2606 mss.
1177 2578 1262 2614 Alias,
1278 2585 1287 2602 ι
1304 2575 1457 2614 suscepisse
1475 2578 1564 2601 tamen
1581 2574 1690 2602 deinde.
1711 2582 1722 2600 ι

981 2609 1027 2648 25)
1046 2614 1092 2641 Sic
1108 2621 1173 2640 mss.
1191 2613 1276 2648 Alias,
1293 2620 1302 2636 ι
1321 2609 1466 2648 conscribi.
1491 2618 1500 2635 ι
1648 2642 1677 2648 Ἠ

980 2642 1026 2685 24)
1044 2648 1097 2675 Pro
1119 2647 1333 2685 uniuscujusque.
1360 2644 1406 2685 sic
1433 2650 1527 2670 omnes
1553 2650 1633 2683 mss..
1648 2642 1725 2685 Libri

934 2678 999 2712 editi
1017 2678 1026 2710 ἓ
1050 2684 1168 2718 praemiis
1192 2678 1335 2718 cujusque.
1354 2688 1363 2704 ι
1384 2678 1443 2704 Mox
1462 2685 1527 2718 mss.
1553 2685 1604 2718 ina
1623 2678 1726 2718 justis-

933 2721 1003 2746 simo
1022 2712 1057 2745 ct'
1070 2712 1234 2751 :rqnissimo'
1252 2712 1431 2742 moderatore.
1455 2721 1464 2738 ι
1493 2712 1523 2739 Ιιι
1553 2712 1620 2740 libb.
1639 2713 1726 2739 editis

935 2754 1010 2781 deest
1027 2761 1036 2779 ‹
1055 2758 1082 2780 et
1094 2751 1256 2786 aequissimo.
1277 2759 1285 2775 ι

973 2799 1029 2833 (25)
1047 2798 1082 2824 οε
1095 2798 1136 2824 his
1153 2804 1212 2824 vero
1229 2795 1274 2830 qui
1289 2799 1473 2833 πηιιιηη-ςηε
1490 2791 1620 2833 spiritales
1637 2794 1727 2820 diver-

935 2845 977 2864 sa:
991 2831 1121 2871 afﬁrmant
1141 2834 1242 2868 aliquid
1261 2834 1387 2860 dicamus.
1403 2831 1465 2858 llaec
1482 2831 1580 2859 desunt
1601 2833 1629 2859 in
1645 2833 1725 2861 libris
