1883 3072
161 119 214 150 1⁸17

856 122 956 150 LIBER
976 122 1112 150 PRIMOS.

1744 128 1754 155 Ι
1761 128 1799 155 78·

161 179 208 215 qui
223 183 338 206 naturas
356 178 496 214 spiritales
512 178 634 207 diversas
649 183 675 207 et
689 180 724 208 ob
744 180 795 208 hoc
811 187 824 207 a
840 180 954 208 diversis
970 182 991 210 Α
1042 179 1067 206 3.
1085 179 1237 207 Secundum
1255 187 1304 208 nos
1318 187 1382 208 vero
1397 180 1462 208 nihil
1481 185 1522 209 est
1541 181 1566 209 in
1587 181 1660 208 omni
1677 183 1795 209 rationa-

163 225 240 254 eundi
246 224 350 253 toribus
362 225 514 259 institutas,
524 229 576 252 tant
586 226 612 252 in
620 226 774 254 cmicstibus
783 234 863 261 quatn
872 226 953 254 etiam

165 271 347 298 interanimas
355 270 494 298 hominum
506 270 624 306 ﬁngunt;
635 272 698 298 dum
713 276 739 299 et
754 272 799 298 uni
812 272 954 306 eidemque

162 321 181 344 e
190 316 296 343 indilori
306 316 428 344 diversas
437 321 547 344 naturas
556 317 754 344 rationabilium
764 322 953 345 creaturarum

163 361 244 389 ascri‘:
257 362 264 389 i
279 362 385 389 videtur
402 363 559 395 absurdum,
575 364 645 390 sicut
659 370 721 390 vere
735 365 881 391 absurdum
900 369 953 396 est,

162 411 192 433 et
204 414 314 434 causam
330 411 421 435 tamen
434 408 495 442 ejus
513 409 679 437 diversitatis
707 410 844 444 ignorant.
870 410 954 437 Aiunt

162 453 237 479 enim
258 461 428 487 consequens
444 461 497 481 non
520 455 606 482 vit'cri
632 460 661 482 ut
683 463 751 483 unus
777 461 857 490 atque
883 456 952 483 idem

162 499 289 526 conditor
307 499 380 526 nulla
394 503 518 527 exstante
536 507 619 527 causa
641 501 813 533 meritorum,
827 501 889 528 aliis
904 508 952 535 po-

162 549 289 571 testatem
307 544 499 572 dominationis
520 545 657 580 injungat,
674 546 742 573 alios
761 546 886 580 subjiciat
906 547 953 574 do-

162 589 343 620 minantibus,
367 589 428 616 aliis
447 590 548 617 tribuat
568 590 760 625 principatum,
783 591 851 618 alios
864 591 953 625 subje-

161 639 223 662 ctos
239 634 320 661 faciat
335 635 503 669 principibus
519 643 588 663 esse.
615 635 677 669 Quzt
693 635 785 670 utique
801 637 903 668 omnia,
924 641 953 663 ut

161 688 215 715 ego
241 681 379 714 existimo,
412 681 606 715 consequentia
625 681 738 708 rationis
762 681 841 715 hujus
869 689 951 716 quarti

160 734 245 760 supra
271 727 464 761 exposuimus,
486 727 623 761 redarguit
645 731 726 761 atque
750 727 882 761 confutat,
905 735 952 762 per

160 780 244 805 quam
257 779 338 800 causa
350 772 517 800 diversitatis
531 779 563 799 ac
573 773 712 800 varietatis
725 773 751 800 in
764 773 877 808 singulis
891 774 950 808 qui-

161 818 266 853 busque
289 818 423 845 creaturis
453 818 604 845 ostenditur
625 826 657 845 ex
682 818 801 852 ipsarum
834 818 951 846 motibus

161 864 202 890 vel
217 864 429 896 ardentioribus,
445 863 485 890 vel
499 863 676 898 pigrioribus,
696 864 844 890 secttndum
866 864 950 889 virtu-
968 859 987 886 Β

161 917 228 942 tem,
247 910 288 936 vel
302 909 451 937 secundum
475 909 604 935 malitiam
616 929 623 942 ,
645 917 698 936 non
714 916 746 935 ex
769 908 952 943 dispensantis

162 956 348 992 inaequalitate
363 956 538 983 descendere.
566 956 618 983 Sed
639 963 692 990 quo
710 956 815 984 facilius
833 957 889 984 ha‘c
916 959 950 983 ita

160 1010 220 1030 esse
236 1003 262 1029 in
279 1001 436 1030 coelestibus
457 1006 656 1037 agnoscantur,
671 1002 704 1030 de
728 1002 771 1029 his
790 1010 850 1037 quae
880 1003 952 1029 inter

160 1050 284 1077 homines
307 1054 384 1084 gesta
417 1055 501 1082 sunt,
525 1050 567 1076 vel
599 1054 750 1083 geruntur,
779 1049 951 1084 proferamus

159 1095 284 1130 exempla
303 1116 312 1128 ,
343 1100 372 1122 ut
396 1100 596 1130 eotlscquenter
620 1103 651 1122 cx
682 1095 836 1122 visibilibus
869 1095 950 1122 etiam

161 1141 311 1168 invisibilia
339 1139 558 1173 contemplemur
596 1139 663 1176 (26).
692 1139 805 1166 Paulum
832 1139 873 1167 vel
902 1139 951 1166 Pe-

161 1191 233 1213 trum
259 1186 320 1214 sine
347 1186 430 1214 dubio
458 1186 589 1220 spiritalis
619 1191 724 1213 naturze
746 1184 830 1212 fuisse
857 1185 952 1212 confir-

159 1237 246 1260 mant.
275 1232 340 1259 Cum
372 1239 439 1267 ergo
463 1237 557 1259 contra
586 1232 712 1265 pietatem
745 1231 844 1258 Paulus
864 1232 951 1266 egisse

159 1278 334 1309 inveniatur,
367 1279 393 1305 in
416 1285 448 1305 eo
481 1278 554 1313 quod
591 1282 750 1312 persecutus
780 1282 823 1305 est
859 1277 938 1305 Eccle

158 1326 230 1352 siam
254 1324 301 1351 Dei
313 1324 351 1357 ³⁶;
372 1331 488 1358 cumque
515 1323 613 1351 Petrus
641 1328 780 1358 peccatutn
796 1328 850 1350 tam
870 1331 951 1359 grave

158 1368 337 1401 commiserit,
350 1373 378 1395 ut
390 1368 486 1395 ancilla
503 1369 614 1395 ostiaria
635 1369 820 1403 interrogante
845 1377 874 1395 se
889 1377 949 1396 cum

156 1415 314 1449 juramento
327 1414 471 1442 affirmavit
485 1415 589 1442 nescire
607 1423 635 1442 se
659 1416 719 1450 quis
736 1416 771 1442 sit
785 1415 949 1449 Christus“;

157 1462 295 1497 quomodo
310 1461 354 1488 isti
375 1462 421 1496 qui
437 1462 588 1488 secundum
604 1461 663 1488 illos
679 1461 814 1496 spiritales
829 1467 902 1496 Sunt,
923 1463 949 1490 iu

158 1512 270 1542 peccata
293 1507 446 1542 hujusmodi
475 1512 655 1535 corruerunt:
679 1508 797 1534 maxime
823 1515 883 1535 cum
907 1516 951 1536 so-

158 1552 233 1580 lcant
259 1553 415 1588 frequenter
441 1560 563 1580 asserere
577 1552 632 1588 (‘27)
652 1557 677 1580 et
702 1553 791 1580 dicere
820 1554 947 1588 quoniam

160 1610 170 1625 ε
190 1607 244 1627 non
259 1604 346 1634 potest
357 1599 440 1626 arbor
454 1600 523 1627 bona
544 1599 628 1627 malos
655 1599 758 1627 fructus
781 1601 918 1629 facere“?
936 1612 945 1628 ι

159 1646 228 1673 Etsi
243 1645 336 1680 utique
351 1646 436 1673 arbor
463 1645 530 1672 bona
552 1653 603 1672 non
618 1651 706 1680 potest
734 1646 838 1675 fructus
863 1648 948 1676 malos

157 1691 262 1723 facere,
278 1691 426 1718 secundum
446 1693 518 1726 ipsos
531 1700 595 1720 vero
608 1692 641 1720 tle
656 1693 747 1720 radice
769 1693 846 1720 bona:
866 1694 947 1721 arbo-

158 1737 198 1763 ris
211 1741 289 1763 eranl
304 1736 401 1764 Petrus
417 1742 443 1764 et
462 1737 570 1769 Paulus,
592 1738 727 1771 qttomodo
749 1739 816 1765 istos
841 1739 947 1767 fructus

159 1787 215 1809 tam
231 1783 363 1818 pessimos
376 1783 499 1811 attulisse
519 1785 630 1818 putandi
651 1785 735 1811 Sunt?
761 1784 837 1818 Quod
861 1786 883 1813 si
905 1793 948 1812 re-

159 1829 322 1863 sponderint
336 1837 367 1856 ea
381 1837 441 1864 quae
454 1830 620 1858 comminisci
640 1832 738 1864 solent,
759 1832 952 1866 quonianrnon

159 1875 262 1902 Paulus
290 1880 449 1909 persecutus
474 1881 530 1908 est,
549 1877 596 1903 sed
621 1877 690 1904 alius
713 1877 806 1905 uesoio
823 1877 883 1911 quis
906 1878 951 1912 qui

158 1925 219 1948 erat
233 1921 260 1948 in
276 1921 375 1952 Paulo;
392 1929 478 1957 neque
493 1923 588 1950 Petrus
604 1923 722 1958 negavit,
744 1923 790 1950 sed
812 1923 881 1950 alius
903 1931 952 1950 ne-

159 1966 235 2001 gavit
246 1966 302 2001 (28)
318 1966 344 1993 in
361 1966 440 1994 Petro
454 1975 461 1994 :
475 1975 561 2002 quare
583 1967 683 1995 Paulus
698 1968 721 1995 si
735 1968 800 1995 nihil
822 1976 952 2003 peccave-

160 2016 212 2043 rat,
227 2011 295 2038 dixit
308 2012 371 2046 quia
393 2021 402 2038 t
423 2011 481 2039 Non
496 2021 556 2040 sum
569 2013 667 2047 dignus
681 2014 773 2041 vocari
802 2014 949 2049 apOstolus,

158 2058 287 2091 quoniam
301 2063 459 2092 persecutus
475 2066 534 2086 sum
547 2059 695 2086 Ecclesium
712 2059 756 2086 Dei
765 2059 797 2086 ".
813 2069 823 2085 ι
838 2059 891 2087 Cur
901 2067 951 2086 au»

160 2108 213 2129 tem
228 2107 255 2130 et
268 2102 366 2130 Petrus
381 2103 435 2131 alio
448 2109 579 2138 peccante
596 2106 652 2139 ipse
668 2104 742 2132 ﬂevit
761 2105 952 2133 amarissime?

1009 225 1053 251 bili
1070 230 1206 257 creatura,
1233 227 1303 260 quod
1332 234 1385 253 non
1413 232 1466 254 tam
1489 228 1550 255 boni
1577 235 1656 262 quam
1678 229 1739 255 mali
1759 230 1794 256 sit

1008 277 1102 303 capax.
1119 269 1171 297 Sed
1189 278 1241 297 non
1257 271 1396 303 continuo,
1410 272 1471 306 quin
1486 273 1603 300 dicimus
1618 274 1674 308 (‘29)
1695 274 1794 300 nullam

1007 321 1067 341 esse
1082 320 1206 342 naturam
1219 323 1280 350 qua:
1296 323 1348 343 non
1365 317 1448 350 possit
1476 318 1596 352 recipere
1621 319 1730 351 malum,
1752 319 1795 345 id-

1007 360 1081 387 circo
1101 360 1295 387 conﬁrmamus
1313 369 1420 389 omnem
1441 367 1564 390 naturam
1585 365 1720 398 recepisse
1737 371 1794 391 ma-

1007 405 1073 438 lum,
1090 406 1116 432 id
1137 411 1177 432 est
1191 405 1289 433 malam
1308 406 1449 440 ell'ectam;
1468 408 1537 435 sicut
1549 414 1590 436 est
1605 410 1693 437 dicere
1723 411 1795 446 qqu

1006 452 1094 478 omnis
1116 451 1233 479 hominis
1253 457 1349 479 natura
1377 453 1479 487 recepit
1500 459 1528 480 ut
1548 456 1632 488 possit
1657 455 1794 490 navigare,

1008 506 1059 524 non
1082 502 1172 524 tamen
1188 505 1220 524 ex
1235 505 1268 524 eo
1284 498 1364 524 etiam
1385 499 1474 526 omnis
1493 499 1574 526 homo
1592 498 1744 533 navigabil;
1767 506 1794 527 et

1007 543 1103 570 iterum
1116 544 1190 570 omni
1209 543 1311 570 homini
1326 543 1379 579 75
1401 545 1527 579 possibile
1540 545 1693 574 cstdiscere
1708 552 1793 574 artem

1006 589 1210 624 grammaticam
1223 589 1264 616 vel
1279 590 1454 623 medicinam,
1468 598 1520 617 non
1538 595 1627 618 tamen
1637 592 1738 620 idcirco
1749 600 1793 620 os-

1007 635 1123 662 tenditur
1138 635 1226 662 omnis
1243 635 1336 667 homo,
1352 635 1395 663 vel
1409 636 1529 663 medicus
1555 643 1625 669 esse,
1649 638 1689 664 vel
1705 646 1794 672 gram-

1006 681 1121 708 maticus
1137 689 1144 708 :
1159 682 1194 708 ita
1215 681 1235 708 si
1253 681 1369 709 dicimus
1389 681 1490 709 nullam
1508 690 1569 710 esse
1595 688 1719 710 naturam
1736 691 1794 718 quae

1006 734 1058 753 non
1076 726 1160 761 possit
1183 726 1306 762 recipere
1336 727 1448 760 malum,
1469 736 1520 754 non
1544 732 1633 756 tamen
1666 729 1795 756 continuo

1005 772 1086 799 etiam
1103 772 1238 806 recepisse
1254 773 1353 799 malum
1377 773 1546 808 designatur.
1577 775 1728 801 Secundum
1745 783 1795 802 nos

1006 826 1159 854 uamquene
1166 819 1288 846 diabolus
1298 819 1406 854 quidem
1415 821 1471 854 ipse
1480 820 1593 855 incaan
1601 821 1717 848 ruitboni
1726 820 1793 857 (30):

1003 873 1054 892 non
1089 870 1178 892 tamen
1204 865 1306 893 idcirco
1333 867 1394 900 quia
1419 867 1505 902 potuit
1534 868 1654 902 recipere
1683 868 1794 900 bonum,

1002 911 1084 938 etiam
1113 911 1208 944 voluit,
1233 911 1275 938 vel
1293 911 1385 938 virtuti
1401 919 1512 946 operam
1534 913 1615 940 dedit.
1631 913 1706 940 Sicut
1722 913 1793 940 enim

1003 964 1051 990 per
1076 957 1132 983 lucc
1159 964 1218 991 quae
1246 957 1278 984 de
1305 958 1445 992 prophetis
1472 957 1595 992 exempla
1620 958 1792 992 protulimus,

1003 1002 1145 1034 cdocelur,
1163 1002 1215 1029 fuit
1233 1002 1380 1037 aliquando
1409 1002 1507 1034 bonus,
1531 1011 1592 1030 cum
1619 1003 1645 1030 in
1669 1003 1794 1038 paradiso

1004 1049 1050 1075 Dei
1069 1048 1094 1075 in
1112 1048 1202 1076 medio
1218 1049 1360 1075 cherubim
1376 1053 1544 1076 versaretur.
1559 1048 1636 1076 Sicut
1654 1056 1720 1083 ergo
1742 1050 1793 1077 iste

1003 1093 1097 1120 habuit
1114 1094 1222 1128 quidem
1238 1095 1262 1121 in
1281 1101 1309 1122 se
1323 1094 1365 1121 vel
1381 1094 1488 1122 virtutis
1502 1095 1663 1129 recipiendae
1679 1095 1719 1122 vel
1733 1103 1791 1122 ma~

1004 1139 1065 1166 lilia:
1080 1138 1246 1171 facultatem,
1260 1143 1287 1166 et
1302 1147 1315 1165 a
1328 1139 1429 1166 virtute
1443 1139 1581 1168 declinans
1593 1145 1647 1168 tota
1663 1148 1692 1168 se
1703 1146 1793 1168 mente

1002 1185 1136 1212 convertit
1160 1185 1194 1212 ad
1219 1185 1317 1212 malum
1339 1194 1345 1211 :
1365 1185 1401 1212 ita
1428 1185 1509 1212 etiam
1538 1190 1639 1213 caetera:
1660 1190 1792 1214 creatura:

1002 1239 1063 1259 cum
1079 1231 1222 1266 utriusque
1239 1231 1357 1258 habeant
1382 1231 1537 1259 facultatem
1548 1252 1555 1266 ,
1580 1240 1628 1266 pro
1643 1233 1747 1260 arbitrii
1763 1233 1792 1260 li-

1002 1278 1106 1305 bertate
1137 1277 1272 1312 fugientes
1297 1277 1407 1309 malum,
1435 1277 1573 1305 adhzercut
1599 1278 1680 1306 bono.
1712 1278 1791 1306 Nulla

1003 1323 1085 1358 igitur
1097 1328 1192 1350 natura
1205 1328 1247 1351 est
1260 1331 1319 1358 quae
1339 1331 1394 1350 non
1420 1324 1533 1358 recipiat
1561 1324 1660 1351 bunum
1676 1325 1716 1352 vel
1733 1333 1791 1352 tua—

1004 1369 1070 1402 lutn,
1081 1374 1196 1404 excepta
1213 1370 1259 1397 Dei
1276 1375 1371 1398 natura
1386 1378 1445 1406 qua:
1459 1371 1720 1410 bonorumomuium
1733 1371 1792 1399 fons

1002 1421 1060 1448 cst,
1079 1420 1106 1443 et
1122 1415 1239 1448 Christi;
1261 1415 1394 1450 sapientia
1428 1417 1500 1444 enitn
1523 1421 1573 1450 est,
1602 1423 1631 1444 et
1658 1417 1791 1451 sapientia

1004 1461 1097 1495 utique
1113 1459 1257 1488 stultitiam
1287 1460 1407 1495 recipere
1430 1469 1482 1488 non
1505 1466 1593 1495 potest
1612 1461 1666 1497 (3i)
1683 1469 1689 1488 :
1708 1466 1734 1489 et
1749 1462 1792 1496 ju-

1003 1508 1075 1535 stitia
1091 1506 1262 1541 est;justitia
1278 1510 1367 1532 autem
1389 1514 1524 1541 nunquam
1547 1506 1667 1542 profecto
1685 1505 1792 1541 injusti-

1003 1556 1067 1584 tiam
1081 1555 1188 1589 capiet:
1204 1557 1231 1580 et
1248 1551 1367 1581 Verbum
1382 1558 1439 1585 est,
1454 1553 1496 1580 vel
1513 1553 1593 1586 ratio,
1616 1559 1676 1587 quae
1697 1553 1792 1588 utique

1001 1600 1195 1629 irrationabilis
1213 1600 1283 1628 efﬁci
1311 1607 1364 1626 non
1390 1603 1487 1633 potest.
1504 1598 1558 1626 Sed
1578 1603 1604 1626 et
1622 1598 1667 1626 lux
1684 1603 1742 1632 est,
1764 1604 1793 1625 ct

999 1648 1086 1674 lucem
1101 1651 1205 1674 certum
1232 1651 1274 1673 est
1299 1646 1371 1680 qttod
1389 1645 1506 1672 tenebrat
1530 1652 1584 1672 non
1609 1646 1789 1680 comprehen-

1001 1694 1076 1721 dant.
1106 1692 1240 1721 Similiter
1267 1700 1375 1727 quoque
1396 1697 1420 1719 et
1443 1697 1540 1720 natura
1561 1691 1678 1727 Spiritus
1703 1694 1789 1721 sancti

997 1746 1058 1774 qua:
1074 1743 1167 1766 sancta
1196 1742 1248 1771 est,
1270 1745 1323 1765 non
1348 1737 1444 1772 recipit
1464 1737 1656 1771 pollutionem;
1679 1740 1790 1764 natura—

1002 1786 1064 1813 liter
1077 1786 1161 1818 enim,
1178 1784 1220 1812 vel
1239 1783 1456 1812 substantialiter
1487 1788 1582 1810 sancta
1609 1787 1660 1810 est.
1684 1782 1712 1810 Si
1737 1790 1789 1817 qua

1002 1837 1092 1859 autem
1123 1831 1174 1859 alia
1208 1835 1304 1858 natura
1337 1834 1428 1857 sancta
1462 1834 1519 1863 est,
1547 1837 1580 1856 ex
1606 1830 1791 1864 assumptione

1003 1880 1054 1906 hoc
1067 1878 1135 1915 (52),
1155 1877 1199 1905 vel
1216 1876 1393 1912 inspiratione
1412 1876 1530 1910 Spiritus
1550 1876 1636 1903 sancti
1660 1876 1741 1902 habet
1762 1880 1790 1901 ut

1002 1923 1200 1955 sanctiﬁcetur,
1216 1929 1270 1949 non
1285 1928 1318 1948 ex
1335 1928 1382 1948 sua
1399 1926 1497 1948 natura
1511 1921 1563 1948 hoc
1577 1920 1728 1955 possidens,
1742 1921 1789 1958 sed

1002 1967 1131 1995 accidens
1147 1967 1210 2000 sibi,
1224 1970 1335 2001 propter
1347 1966 1420 1999 quod
1433 1971 1461 1992 et
1473 1966 1600 1994 decidere
1615 1970 1704 2000 potest
1717 1967 1788 2000 quod

1003 2012 1110 2041 accidit.
1121 2012 1159 2040 lla
1168 2012 1368 2040 etaccidentem
1375 2011 1507 2046 justitiam
1517 2013 1576 2046 quis
1584 2012 1682 2039 habere
1689 2016 1790 2046 potest,

1004 2059 1074 2086 unde
1084 2063 1111 2086 et
1123 2058 1248 2086 decidere
1272 2064 1331 2085 eam
1354 2057 1482 2091 possibile
1503 2063 1554 2085 est.
1571 2056 1622 2085 Sed
1639 2062 1667 2085 et
1685 2057 1792 2092 sapien-

1006 2105 1070 2132 tiam
1086 2105 1147 2139 quis
1161 2103 1330 2131 accidentem
1360 2101 1536 2130 nihilominus
1559 2103 1650 2136 habet,
1668 2103 1791 2137 quamvis

159 2147 197 2174 Ex
215 2155 270 2182 quo
282 2155 378 2176 omnes
400 2149 509 2183 quidem
528 2149 634 2176 illorum
659 2149 767 2185 ineptia:
793 2155 950 2185 arguenlur.
969 2146 991 2173 D
1006 2150 1032 2177 in
1048 2155 1139 2177 nostra
1162 2150 1278 2184 positum
1304 2149 1340 2176 sit
1364 2152 1512 2183 potestate,
1540 2148 1632 2176 studio
1659 2153 1751 2175 nostro
1765 2151 1792 2174 et

199 2265 322 2294 “Galat.
336 2266 413 2299 1,15.
450 2267 471 2283 ³⁷
489 2267 582 2294 Matth.
598 2275 672 2299 xxvi,
684 2266 729 2295 72.

157 2350 237 2372 antea
257 2344 349 2377 editis,
375 2345 424 2372 sed
450 2345 584 2372 habentur
608 2345 634 2372 in
652 2345 778 2372 omnibus
804 2352 868 2373 mss.
885 2345 952 2372 Pen

158 2380 268 2415 stringit
296 2381 348 2407 hoc
366 2380 424 2415 loco
451 2380 581 2415 Origenes
606 2380 809 2407 Valentinianos
835 2387 950 2414 quorum

159 2414 278 2449 ineptias
303 2415 383 2441 refert
417 2414 533 2442 Ircn:eits
563 2415 609 2442 l'rb.
638 2423 645 2442 l
671 2415 801 2442 Adversus
828 2415 951 2447 haereses,

158 2458 220 2484 cap.
236 2450 261 2478 6.
282 2449 364 2476 Paulo
391 2450 459 2476 infra
478 2458 542 2477 mss.
564 2459 574 2475 (
601 2455 628 2477 et
647 2457 756 2477 causam
781 2455 869 2477 tamen
894 2451 952 2484 ejus

158 2485 328 2512 diversitatis
352 2486 487 2519 ignorant.
506 2494 515 2510 ι
534 2484 604 2512 Editi
635 2492 711 2518 vero,
728 2493 738 2510 ‹
756 2489 783 2511 et
803 2493 885 2512 causa
907 2489 950 2512 ta-

160 2527 221 2546 men
243 2520 303 2554 ejns
318 2519 486 2546 diversitatis
500 2519 653 2554 ignoratur.
671 2529 681 2546 ι

194 2554 252 2589 (26)
267 2555 305 2581 lta
323 2562 387 2581 mss.
404 2554 490 2587 Alias,
506 2563 516 2580 ι
533 2555 759 2588 contemplemur.
782 2564 791 2581 ι
810 2554 869 2581 Mox
888 2554 952 2582 libb.

159 2590 237 2621 editi,
256 2598 266 2614 ι
299 2589 432 2625 spiritalis
464 2594 581 2625 natura;
598 2590 773 2616 conﬁrmant.
799 2590 866 2616 Cum
888 2598 954 2625 ergo

160 2625 243 2651 multa
259 2630 355 2651 contra
371 2624 512 2658 pietatem.
530 2633 539 2650 ι
557 2623 622 2651 Mss.
639 2630 668 2651 ut
682 2624 708 2651 ill
723 2629 817 2652 nostro
833 2629 917 2651 textu.

194 2659 253 2692 (27)
272 2659 352 2686 Libb.
368 2659 444 2691 editi,
464 2668 474 2685 ‹
495 2658 641 2686 disserere.
663 2669 672 2685 ι

195 2694 254 2729 (28)
273 2694 325 2721 Sed
343 2693 413 2721 alius
431 2693 544 2728 negavit.
561 2693 624 2721 Haec
642 2695 740 2722 desunt
753 2694 780 2721 in
797 2698 876 2722 antea
896 2693 953 2722 edi-

160 2729 205 2760 tis,
221 2729 358 2756 habentur
374 2734 465 2755 autem
481 2730 507 2756 in
524 2736 591 2756 mss.

197 2764 253 2798 ('29)
271 2764 336 2790 Mss.
356 2773 365 2788 ι
387 2764 512 2791 dicimus.
529 2771 538 2790 ι
556 2763 635 2791 Libb.
660 2763 735 2797 editi,
756 2773 765 2790 t
786 2764 913 2792 diximus.
941 2774 950 2790 ι

162 2799 246 2826 Paulo
262 2799 334 2826 infra
351 2798 416 2826 libb.
427 2799 505 2831 eliti,
521 2808 531 2824 ι
556 2806 608 2825 non
625 2803 718 2826 tamen
732 2807 766 2828 ex
779 2800 812 2828 eo
825 2803 853 2828 et
866 2799 954 2828 omnis

163 2834 311 2870 navigabit.
333 2843 343 2860 ο
360 2833 424 2861 Mss.
442 2840 473 2861 ut
488 2833 514 2861 in
531 2837 624 2862 nostro
640 2837 723 2862 textu.

766 2267 788 2283 ⁸⁸
803 2267 898 2295 Matth.
911 2275 960 2302 vit,
974 2269 1015 2296 18.
1054 2266 1076 2282 ³⁹
1091 2267 1098 2293 |
1112 2266 1174 2293 Cor.
1188 2274 1233 2298 xv,
1246 2266 1272 2293 9.

1044 2342 1158 2379 (50)7Ne
1182 2342 1303 2379 diabolus
1320 2342 1509 2379 guidemﬂipre
1523 2342 1636 2376 incapax
1655 2342 1704 2379 fuit
1721 2342 1791 2379 boni.

1006 2377 1088 2406 Aliud
1104 2378 1174 2405 forte
1190 2377 1255 2404 vidit
1271 2378 1297 2404 in
1315 2377 1408 2404 Graeco
1424 2378 1605 2412 Hieronymus
1621 2378 1666 2411 qui
1692 2379 1718 2404 in
1733 2378 1788 2411 epi-

1006 2414 1077 2441 stola
1094 2413 1127 2440 ad
1145 2413 1253 2439 Avitum
1278 2412 1361 2439 refert
1376 2412 1518 2447 Origeuem
1544 2412 1691 2440 asseruisse
1710 2421 1719 2437 t
1733 2413 1789 2438 dia-

1006 2449 1098 2476 bolutu
1116 2455 1169 2474 non
1188 2448 1343 2482 incapacem
1359 2454 1418 2474 esse
1433 2447 1553 2478 virtutis,
1579 2452 1605 2473 et
1620 2453 1708 2473 tamen
1729 2454 1791 2473 nec-

1005 2484 1069 2510 dum
1078 2482 1146 2509 velle
1158 2481 1255 2516 capere
1269 2482 1405 2514 virtutem,
1418 2492 1427 2508 ›
1443 2484 1518 2516 quasi
1532 2481 1791 2508 innueretAdaman-

1007 2518 1060 2546 lius
1076 2518 1138 2556 fore
1157 2522 1190 2556 ut
1208 2517 1354 2556 aliquando
1370 2517 1432 2556 velit
1458 2516 1580 2543 diabolus
1595 2523 1692 2556 capere
1707 2516 1791 2556 virtu-

1009 2559 1072 2581 tem.
1090 2553 1155 2580 Vlde
1170 2550 1390 2586 Origeuianorum
1407 2552 1453 2578 lib.
1467 2559 1498 2583 tt,
1513 2556 1609 2584 quaest.
1619 2550 1647 2583 5,
1663 2559 1736 2578 uuln.
1746 2550 1756 2576 1
1766 2551 1789 2582 l,

1044 2607 1269 2658 i5‘l3’Sli1c'omrtes
1284 2620 1362 2658 codd.
1380 2627 1443 2658 mss.
1458 2619 1528 2658 Editi
1543 2628 1607 2647 vero
1623 2629 1657 2658 :_t
1670 2624 1700 2658 et
1712 2618 1792 2658 Chri-

1009 2654 1203 2692 sli‘sa'pientia.
1223 2656 1373 2692 Sapientia:
1388 2656 1460 2692 enim
1475 2655 1534 2682 fons
1548 2659 1575 2692 c_t
1587 2654 1720 2692 sapientia
1738 2654 1791 2680 uti-

1009 2699 1073 2726 que,
1086 2689 1100 2718 ι’
1113 2696 1166 2720 etc.
1193 2689 1294 2719 Ibidein
1312 2690 1377 2726 libb.
1390 2691 1454 2717 editi
1475 2699 1481 2717 :
1500 2699 1509 2715 ι
1521 2695 1547 2726 et
1558 2689 1661 2726 justith
1675 2694 1717 2726 est
1732 2697 1792 2723 qua:

1006 2724 1145 2762 nunquam
1173 2727 1296 2760 proiecto
1311 2724 1469 2758 iniustitiam
1485 2725 1584 2760 capiet.
1598 2735 1607 2751 ι
1631 2724 1683 2752 Sed
1698 2732 1792 2751 omnes

1008 2769 1074 2789 tnss.
1088 2767 1123 2797 uti
1134 2762 1160 2787 in
1178 2766 1270 2797 nostro
1287 2764 1373 2797 textu.
1450 2795 1471 2797 __
1703 2795 1708 2797 ἒ
1775 2793 1779 2797 1

1043 2795 1280 2832 (ὖὲλιλ-ἱιώηεάίιίε
1308 2806 1316 2819 ι
1330 2795 1395 2832 lucc.
1411 2805 1419 2820 ι
1450 2795 1508 2832 blox
1530 2803 1609 2829 ωδε..
1634 2805 1643 2822 t
1662 2795 1709 2824 sed
1725 2795 1795 2821 acci-

1008 2829 1076 2861 dens
1090 2829 1152 2860 bibi.
1166 2839 1175 2856 ι
1195 2830 1224 2858 In
1240 2829 1305 2857 edit.
1321 2829 1397 2857 deest
1415 2839 1424 2855 ι
1436 2830 1498 2858 sibi.
1511 2841 1523 2857 ι
