1860 3073
105 99 160 128 179

724 103 887 132 ORIGENIS
904 105 983 132 ΠΕΡΙ
1001 106 1117 134 ΔΡΧΩΝ

1677 107 1732 137 180

105 159 169 186 vitae
184 157 295 191 merito,
310 159 332 187 si
348 160 486 195 sapientiae
503 168 614 194 operam
636 161 745 193 damus.
760 162 832 189 efﬁci
851 170 895 189 sa-
908 163 932 191 A
946 167 1009 190 sunt
1024 163 1134 198 gradus.
1155 162 1186 190 Et
1203 167 1244 190 est
1258 162 1326 190 alter
1343 163 1400 199 (59)
1416 163 1466 191 iste
1477 163 1544 190 ordo
1562 162 1736 192 rationabilis

105 205 220 239 pientes,
233 210 259 233 et
278 207 299 233 si
313 214 419 241 semper
430 207 455 234 id
470 208 551 235 studii
564 216 691 243 geraiuus
704 209 777 245 (55),
790 217 898 245 semper

105 251 246 286 sapientia:
262 251 482 286 'partieipemus,
506 258 533 280 et
554 254 580 281 id
605 254 682 282 nobis
706 255 747 282 vel
769 255 830 290 plus
853 254 895 282 vel

104 296 194 323 minus
204 296 319 329 accidat,
333 297 389 324 sive
407 305 456 331 pro
475 299 571 326 merito
584 299 658 332 vitae,
681 299 738 327 sive
753 307 802 334 pro
813 299 893 328 studii

103 343 264 376 quantitate.
282 343 440 377 Benignitas
455 345 526 371 enim
542 345 589 372 Dei
608 346 756 373 secuudtun
770 346 841 381 quod
863 354 893 374 se

101 388 211 424 dignum
224 394 276 422 est,
297 395 426 424 provocat
438 391 540 424 omnia,
560 396 586 418 et
600 392 714 418 attrahit
727 393 759 418 ad
783 393 890 419 beatum

101 433 181 460 {luem
196 433 269 460 illum
281 455 288 466 ,
304 434 349 461 ubi
369 434 470 462 decidit
483 440 510 462 ct
524 435 629 471 aufugit
648 436 737 464 onmis
758 437 848 470 dolor,
863 442 890 464 et

100 479 222 512 tristitia,
242 484 269 506 et
285 480 402 514 gemitus
424 481 492 516 (54).

133 525 162 550 4.
181 524 249 551 Puto
260 532 336 559 ergo,
355 527 505 553 secundum
520 527 591 561 quod
608 528 672 555 mihi
686 529 803 559 videtur.
817 530 888 564 quod

100 572 258 606 pratcedens
282 572 431 606 disputatio
449 572 614 600 sufficienter
640 574 800 606 ostenderit,
817 575 888 609 quod

99 626 153 644 non
177 617 325 644 indiscreto
342 618 382 644 vel
408 617 522 645 fortuito
535 619 627 654 aliquo
642 626 705 647 casu
723 620 765 647 vel
781 620 888 654 princi-

96 668 177 699 patus
190 669 299 691 teneant
311 665 505 699 principatum,
521 665 561 692 vel
576 666 668 692 caeteri
681 666 793 693 ordines
807 674 886 694 suum

97 710 212 745 quisque
228 710 360 737 sortiatur
372 710 490 737 otIicium
505 710 572 746 (55),
585 712 632 739 sed
648 719 697 746 pro
712 713 816 740 meritis
828 713 886 740 suis

96 757 213 790 gradum
231 755 373 790 dignitatis
399 755 478 789 hujus
503 756 592 789 adepti
607 762 680 789 sunt,
704 757 767 785 licet
781 765 834 785 non
849 759 886 786 slt

95 805 217 828 nostrum
235 801 277 828 vel
291 802 374 833 seire,
400 801 441 828 vel
459 809 583 836 quzerere
596 803 642 837 qui
661 803 699 830 illi
725 808 802 831 actus
823 803 883 832 fue-

948 213 1079 236 creatura:
1095 208 1164 243 (40),
1189 209 1234 243 qui
1257 216 1286 236 se
1309 209 1344 236 ita
1360 216 1481 243 prteeeps
1505 209 1632 243 nequitia:
1646 208 1735 243 dedit,

947 259 975 281 ut
994 257 1117 283 revocari
1136 256 1203 284 nolit
1220 256 1306 291 magis
1318 264 1398 291 quam
1413 264 1466 284 non
1482 257 1578 291 possit,
1594 257 1658 283 dum
1675 260 1737 284 see-

945 300 1033 327 lerum
1060 300 1151 329 rabies
1175 301 1232 336 jam
1253 300 1335 328 libido
1351 306 1403 334 est,
1418 306 1446 328 et
1464 302 1590 329 delectat.
1622 302 1734 329 Tertius

945 353 1009 373 vero
1027 351 1161 373 creatura:
1176 346 1350 374 rationabilis
1373 348 1440 374 ordo
1453 351 1495 374 est
1511 355 1606 374 earum
1619 355 1678 381 qua:
1695 347 1733 374 ad

944 391 1093 418 humanum
1121 399 1206 426 genus
1222 392 1378 426 replendum
1392 395 1461 426 aptze
1472 392 1629 425 judicautur
1644 400 1659 419 a
1675 393 1733 420 Deo

943 435 1011 470 (4|),
1028 436 1054 462 id
1071 441 1111 464 est
1125 437 1223 464 animae
1239 437 1391 470 hominum,
1414 445 1463 472 per
1479 438 1631 472 profectum
1646 438 1732 465 etiam

943 480 968 507 in
981 481 1056 508 illum
1072 482 1129 518 (42)
1141 479 1300 517 angelorum
1313 483 1435 510 ordinem
1449 488 1610 518 assumptae;
1624 491 1658 510 ex
1669 483 1733 518 qui-

940 526 992 553 bus
1006 527 1138 562 quosdam
1166 529 1290 555 videmus
1311 529 1426 561 assumi,
1451 528 1510 556 illos
1534 528 1660 556 videlicet
1681 530 1731 563 qui

940 571 987 597 filii
1007 571 1053 598 Dei
1070 571 1136 598 facti
1151 571 1263 605 fuerint,
1282 572 1324 600 vel
1338 572 1386 599 lilii
1405 573 1622 606 resurrectionis,
1639 574 1680 600 vel
1699 573 1730 600 hi

939 617 984 650 qui
1001 617 1198 652 dereliquerint
1215 618 1353 652 tenebras,
1377 624 1403 646 et
1421 619 1566 647 dilexerint
1581 620 1679 651 lucem,
1699 624 1730 647 et

938 663 1002 689 facti
1019 663 1120 690 fuerint
1137 663 1185 690 filii
1203 664 1286 697 lueis;
1317 665 1358 692 vel
1381 665 1407 692 hi
1423 666 1468 700 qui
1485 673 1592 692 omnem
1608 674 1728 700 pugnam

937 712 1107 742 superantes,
1131 714 1158 735 et
1174 709 1280 743 paciﬁci
1295 708 1394 741 eﬂecti.
1412 710 1459 736 lilii
1482 710 1557 744 pacis
1571 702 1660 738 et'lilii
1678 711 1729 739 Dei

935 753 1059 787 fuerint;
1086 755 1127 782 vel
1151 755 1196 789 qui
1221 755 1415 783 mortificantes
1440 757 1564 784 membra
1594 765 1641 784 sua
1667 766 1730 793 qua:

936 805 1000 827 sunt
1025 807 1106 834 super
1134 805 1246 833 terram,
1271 806 1298 828 et
1317 802 1540 830 transcendentes
1557 810 1610 829 non
1637 803 1727 830 solum

95 847 151 873 rint
167 854 217 881 per
241 854 310 881 quos
335 846 362 873 in
379 847 459 873 istum
475 847 598 874 ordinem
614 848 708 876 venire
725 849 884 876 meruerint.
902 840 922 867 Β
938 852 1096 880 cor-porcam
1126 851 1264 879 naturam,
1291 854 1384 874 verum
1412 848 1492 874 etiam
1519 848 1616 875 animm
1641 848 1729 882 ipsius

94 891 147 918 Sed
167 892 217 919 hoc
236 897 338 919 tantum
365 892 438 920 seire
455 892 511 927 (56)
525 892 625 920 sufﬁcit
649 893 683 920 ad
710 893 756 921 Dei
770 895 885 929 aequita-

93 942 148 965 tem
173 942 200 965 et
214 938 348 972 justitiam
368 938 622 972 demonstrandam,
647 938 709 973 quia
734 941 883 967 secundum

93 983 258 1010 sententiam
284 983 401 1019 apostoli
426 983 504 1010 Pauli
530 991 732 1018 «personarum
758 986 883 1020 acceptio

92 1037 146 1067 nou
163 1033 205 1057 est
223 1030 295 1064 apud
312 1030 395 1056 Deum
408 1030 443 1062 ⁵ο,
455 1039 464 1056 ι
482 1031 529 1064 qui
552 1029 642 1064 potius
655 1031 746 1058 omnia
763 1039 812 1065 pro
826 1039 883 1059 me-

92 1075 154 1103 ritis
170 1075 341 1110 singulorum
367 1075 590 1111 profectibusque
613 1077 762 1111 dispensat.
790 1076 883 1112 Neque

91 1129 156 1156 ergo
172 1122 332 1156 angelorum
344 1122 462 1148 oliicium
478 1122 531 1149 nisi
543 1130 576 1149 ex
591 1123 689 1150 merito
702 1128 818 1156 constat,
834 1132 883 1151 ne-

91 1174 145 1201 que
161 1171 311 1201 potestates
328 1167 379 1193 nisi
406 1175 437 1194 ex
455 1166 577 1201 profectu
601 1174 650 1194 suo
663 1172 747 1202 agunt
763 1173 883 1203 potesta-

92 1219 156 1245 tem,
173 1220 260 1247 neque
273 1219 334 1247 quae
345 1213 520 1240 nominantur
532 1214 622 1246 sedes,
638 1213 664 1241 id
677 1218 718 1241 est
731 1214 879 1248 iudicandi,

91 1262 132 1289 vel
148 1262 257 1295 regendi
273 1266 431 1296 potestates,
453 1262 489 1294 id,
501 1263 562 1297 inisi
579 1271 613 1290 ex
626 1264 745 1297 meritis,
761 1264 876 1291 admini-

90 1311 180 1334 strant
201 1307 269 1343 (57),
296 1315 384 1342 neque
407 1308 610 1337 dominationes
633 1315 728 1336 contra
752 1311 879 1337 meritum

89 1353 279 1386 dominantur;
293 1359 370 1381 etest
386 1362 454 1382 unus
468 1355 518 1382 iste
530 1363 652 1382 summus
666 1360 693 1382 et
709 1356 881 1384 excellentis-

89 1399 175 1427 simus
189 1399 258 1428 ordo
275 1400 301 1427 in
318 1400 475 1428 coelestibus
490 1401 660 1428 rationabilis
675 1406 807 1429 creaturae
822 1402 880 1437 gloo

89 1445 161 1473 riosa
176 1445 326 1474 ofﬁciorum
342 1447 473 1474 varietate
485 1447 643 1481 dispositus.
662 1447 793 1476 Similiter
814 1456 879 1476 sane

89 1493 171 1520 etiam
196 1493 230 1521 de
258 1494 424 1522 adversariis
449 1494 597 1522 virtutibus
624 1495 796 1522 sentiendum
824 1500 876 1529 est,

87 1545 148 1573 qua:
163 1547 192 1566 se
207 1540 233 1566 in
254 1539 281 1566 id
299 1539 349 1567 loci
368 1544 451 1574 atque
473 1539 553 1567 cilicii
571 1540 745 1574 praebuerunt
759 1541 826 1576 (38),
847 1547 876 1569 ut

87 1586 138 1612 hoc
163 1585 234 1619 quod
260 1585 442 1620 principatus,
469 1585 508 1611 vel
534 1590 690 1620 potestates,
716 1586 758 1614 vel
781 1587 874 1614 mundi

88 1635 208 1658 rectores
233 1631 420 1662 tenebrarum,
447 1631 487 1657 vel
513 1631 648 1665 spiritalia
666 1632 804 1666 nequitia»,
831 1633 874 1660 vel

85 1676 198 1710 spiritus
215 1675 338 1710 maligni,
363 1676 403 1703 vel
418 1676 550 1704 dmmonia
572 1677 709 1705 immunda
728 1683 801 1712 sunt,
820 1687 872 1706 non

86 1722 304 1750 substantialiter
318 1723 343 1750 id
359 1723 486 1755 habeant,
515 1731 602 1758 neque
625 1725 687 1758 quia
709 1724 776 1752 tales
792 1726 872 1752 etiam

85 1768 170 1795 creati
195 1774 268 1801 sunt,
291 1769 337 1796 sed
357 1776 405 1803 pro
432 1769 549 1796 motibus
572 1770 629 1796 suis
655 1774 682 1796 et
707 1769 874 1804 profectibus

85 1814 183 1848 quibus
200 1815 227 1842 iu
255 1815 358 1842 scelere
380 1814 565 1850 profecerunt,
589 1815 638 1842 hos
658 1815 767 1843 malitiae
782 1817 872 1844 sortiti

119 1872 142 1888 “
157 1872 261 1901 Coloss.
275 1881 316 1907 Ill,
329 1874 373 1902 25.

119 1918 174 1954 (55)
189 1919 223 1946 Id
234 1920 315 1946 studii
325 1928 456 1955 geramus.
478 1921 514 1948 Ita
530 1929 607 1954 mss.;
619 1921 684 1948 editi
699 1929 774 1954 vero,
794 1932 803 1948 ε
818 1928 872 1951 stu-

83 1954 120 1980 dii
146 1961 238 1992 _cu_ram
264 1954 401 1992 geramus.
417 1966 425 1981 I
458 1956 518 1983 Mox
535 1957 600 1984 libb.
613 1957 690 1989 editi,
710 1957 871 1992 (sapientiae

82 1989 228 2030 participes
244 1989 321 2021 esse,‘
333 1995 361 2017 ut
376 1993 410 2018 ad
425 1999 474 2019 nos
488 1992 527 2019 \el
545 1992 614 2026 plus,
629 2001 638 2017 ι
657 1997 711 2021 etc.
733 1989 787 2020 Séd
803 2001 868 2021 mss.

83 2029 111 2050 υι
126 2029 151 2050 in
171 2029 265 2052 llOSll‘O
281 2030 366 2052 textu.

118 2058 174 2097 (54)
187 2059 237 2097 _Sic
254 2067 336 2097 mss.;
361 2061 426 2088 editi
445 2068 520 2092 vero,
539 2070 548 2086 ‹
561 2062 641 2096 perit,
657 2067 684 2090 et
700 2061 805 2097 aufugit
817 2069 872 2089 om-

82 2094 125 2130 nis
150 2094 228 2121 dolor
249 2100 276 2121 et
290 2095 409 2123 tristitia:
434 2094 586 2130 gemitusC)
604 2094 663 2123 Max
681 2094 785 2129 mss.;:
797 2097 871 2124 sulti-

81 2129 362 2164 cienlerigsteuderil.
378 2139 387 2156 ι
413 2129 493 2164 Editi,
509 2141 518 2157 ι
531 2131 693 2158 suﬁicienter
719 2132 847 2158 ostendit.
859 2141 868 2156 ι

117 2163 173 2200 (55)
191 2163 241 2200 Ve_l_
264 2165 352 2200 cajleri
377 2163 490 2192 ordines
506 2174 583 2192 suum
609 2164 719 2200 quisque
742 2167 872 2193 sortiatur

80 2198 202 2232 oﬁ'icium.
219 2197 282 2225 Haec
297 2199 321 2224 iu
336 2200 415 2226 editis
426 2200 532 2232 desunt,
546 2201 592 2226 sed
607 2197 742 2227 habentur
754 2201 780 2227 in
796 2208 862 2228 mss.

117 2232 173 2268 (56)
194 2233 231 2259 Ita
250 2240 314 2259 mss.
327 2233 405 2260 Libb.
419 2241 486 2262 vero
503 2235 606 2267 edilth
620 2239 793 2268 meruerunt;
822 2237 868 2263 sed

81 2268 138 2295 haec
152 2272 242 2294 tamen
259 2268 341 2300 scire,
353 2278 363 2294 ι
378 2273 433 2295 etc.

115 2302 180 2338 (57)
195 2302 273 2329 Lihl).
289 2303 355 2338 editi
372 2313 379 2330 :
399 2313 408 2328 ε
421 2308 579 2338 potestates,
596 2304 646 2331 nisi
672 2304 698 2331 id
716 2312 748 2331 ex
766 2306 868 2333 meritis

80 2337 297 2366 administretur.
310 2347 319 2363 ι
331 2337 392 2366 .Sed
409 2346 474 2365 mss.
490 2344 518 2366 ut
535 2340 560 2366 in
575 2345 669 2366 nostro
684 2345 768 2366 textu.

113 2372 234 2408 (58)"Sic
250 2379 332 2404 mss.;
350 2373 414 2400 editi
431 2381 496 2400 vero
513 2383 520 2400 :
537 2384 546 2400 ι
561 2374 622 2408 quia
639 2381 668 2401 se
680 2375 706 2401 iu
722 2375 747 2402 id
764 2375 815 2402 loci
827 2381 868 2402 at.

79 2416 131 2441 que
149 2407 227 2434 olﬁcii
244 2408 428 2442 praebuerunt.
442 2418 450 2433 ι

115 2443 171 2477 (59)
188 2442 234 2469 Sic
257 2450 323 2469 mss.
337 2442 414 2470 Libb.
429 2451 492 2471 vero
508 2444 584 2477 editi,
605 2454 614 2470 ι
627 2443 787 2472 altissimus.
799 2455 808 2471 ι

114 2478 170 2510 (4οΙ
186 2478 272 2504 Caute
291 2478 358 2512 lege.

115 2513 141 2546 (4
148 2513 172 2547 Ι)
191 2514 275 2548 (hunc
289 2514 356 2548 lege.

77 2583 84 2609 ι
113 2548 170 2583 (i2)
194 2547 240 2575 Sic
274 2556 339 2575 tuss.
353 2548 437 2580 Alias,
467 2558 476 2574 ι
491 2548 617 2583 profecta:
638 2558 699 2578 esse
727 2557 755 2579 et
779 2553 805 2579 in
831 2553 864 2580 il-

88 2591 142 2609 UIH.
160 2593 170 2608 Ι

88 2591 142 2609 υιη.
160 2593 170 2608 Ι

111 2618 168 2652 (45)
185 2617 315 2647 Merliuus
330 2618 411 2646 habet
438 2627 444 2644 :

77 2652 127 2679 huc
146 2658 174 2678 ut
189 2652 310 2686 perfecte
325 2654 414 2680 elfecti
432 2652 691 2687 spirituales’mnu'ia
706 2657 862 2684 discernant

75 2695 123 2719 per
144 2687 203 2714 hoc.
216 2697 226 2713 ι
253 2687 282 2714 lu
296 2689 416 2715 editione
432 2693 521 2716 autem
545 2689 711 2717 Geuebrardi
734 2693 790 2718 lucc
805 2701 862 2719 mtt-

75 2723 119 2748 nia
138 2723 238 2748 omissa
257 2729 329 2750 sunt.
350 2724 413 2751 Mss.
429 2723 522 2755 legunt
540 2729 567 2751 ut
583 2725 608 2751 iu
628 2731 720 2752 nostro
740 2732 824 2754 te\tu.

109 2757 167 2790 (Η)
189 2757 223 2784 Ἡ
235 2758 320 2791 ψυχὴ
335 2757 535 2792 dxq'vféoucra,
549 2764 602 2786 etc.
621 2761 713 2788 GNCCQ
730 2762 787 2788 inec
801 2770 861 2788 ver-

74 2793 107 2818 ba
124 2800 139 2818 e
157 2792 205 2830 lib.
219 2799 227 2830 Ι
243 2793 313 2826 Περὶ
337 2793 438 2830 ἀρχῶν
461 2794 539 2830 allert
553 2794 722 2823 Justiuianus
742 2797 859 2830 impera-

72 2833 114 2853 tur
132 2827 165 2852 ad
185 2826 287 2855 calcem
312 2826 432 2863 epistulae
449 2830 481 2856 ad
497 2829 611 2857 Menam.
628 2830 751 2858 Geuu'ma
768 2826 859 2858 autem

472 2626 639 2655 «rusquequo
661 2622 819 2655 pervenient
836 2624 861 2650 in

891 1522 912 1550 C

886 2189 908 2217 D

939 889 1079 924 ambiguos
1097 890 1264 926 fragilesque
1283 897 1372 919 motus
1390 893 1564 927 adiunxerint
1586 901 1616 920 se
1633 893 1728 920 Duriti-

937 943 981 968 no,
998 935 1062 963 facti
1078 943 1111 963 ex
1139 937 1244 972 integro
1259 938 1382 972 spiritus,
1404 943 1432 966 ut
1447 939 1502 966 sint
1515 946 1576 966 cum
1594 939 1638 967 illo
1655 948 1726 967 unus

936 982 1048 1017 spiritus
1065 990 1183 1017 semper,
1201 991 1262 1010 cum
1275 984 1347 1018 ripso
1367 984 1471 1019 singula
1490 992 1603 1019 quaeque
1619 985 1725 1013 discer-

936 1033 1042 1061 nentes,
1072 1036 1211 1063 usquequo
1236 1030 1396 1063 perveniant
1420 1030 1448 1056 in
1472 1030 1529 1057 .hoc
1551 1035 1580 1057 ut
1603 1030 1726 1064 perfecte

935 1074 1023 1101 ell'ecti
1047 1075 1187 1109 spiritales
1210 1076 1302 1103 omnia
1333 1076 1492 1104 discernant
1516 1084 1564 1111 per
1587 1077 1637 1104 hoc
1665 1077 1724 1112 (45)

934 1120 1006 1154 quod
1021 1121 1046 1147 in
1063 1121 1136 1147 oumi
1163 1121 1311 1148 sanctitate
1336 1121 1480 1148 illuminati
1495 1129 1575 1149 sensu
1591 1130 1638 1157 per
1657 1123 1725 1150 Ver-

934 1167 998 1194 bum
1015 1172 1042 1194 et
1057 1167 1218 1201 sapientiam
1243 1167 1289 1194 Dei
1306 1175 1320 1194 a
1335 1167 1409 1194 nullo
1427 1167 1535 1202 penitus
1548 1168 1654 1202 possint
1670 1168 1724 1195 dis-

934 1213 1022 1240 cerui.

932 1257 1007 1294 [(μ)
1027 1259 1058 1284 Ἡ
1073 1258 1146 1294 ψυχὴ
1164 1258 1311 1293 ἀπορρέου-

933 1313 966 1331 σα
981 1304 1028 1331 τοῦ
1041 1304 1134 1336 καλοῦ,
1149 1305 1193 1332 καὶ
1205 1306 1238 1340 τῇ
1257 1313 1308 1331 κα-

932 1351 979 1387 κίᾳ.
1003 1350 1233 1386 προσκλιναμένη,
1261 1352 1308 1379 καὶ

931 1398 976 1424 ἐπὶ
992 1398 1081 1424 πλεῖον
1095 1399 1123 1424 ἐν
1135 1397 1220 1433 ταύτῃ
1234 1406 1307 1432 γινο-

933 1444 1011 1480 μένη,
1029 1446 1052 1471 εἰ
1077 1445 1114 1480 μὴ
1131 1445 1305 1480 ὑποστρέφω,

930 1492 982 1519 ὑπὸ
1003 1493 1053 1529 τῆς
1075 1493 1167 1524 ἀνοίας
1188 1493 1308 1528 ἀποκτη-

929 1538 1031 1571 ναῦται,
1055 1539 1102 1565 καὶ
1123 1539 1175 1566 ὑπὸ
1194 1539 1242 1574 τῆς
1260 1547 1307 1566 πο-

929 1586 1024 1620 νηρίας
1033 1585 1238 1621 ἀποθηριοῦται.
1250 1586 1304 1612 Καὶ

924 1632 988 1665 μετ’
1003 1632 1104 1666 ὀλίγα·
1118 1631 1172 1658 Καὶ
1187 1631 1305 1666 αἱρεῖται

928 1677 996 1712 πρὸς
1015 1677 1045 1704 τὸ
1061 1676 1242 1712 ἁλογωθῆναι,
1258 1677 1304 1703 καὶ

927 1724 972 1750 τὸν
986 1724 1104 1759 ἔνυδρον,
1119 1724 1152 1749 ἶν’
1168 1723 1252 1755 οὕτως
1267 1723 1304 1749 εἴ-

927 1779 980 1802 πω,
997 1770 1067 1804 βίου’
1091 1770 1136 1796 καὶ
1152 1769 1223 1804 τάχα.
1243 1769 1302 1796 κατ’

927 1819 1003 1852 ἀξίαν
1014 1819 1064 1854 τῆς
1075 1819 1121 1846 ἐπὶ
1131 1819 1220 1846 πλεῖον
1231 1818 1303 1845 πτώ-

1345 1259 1400 1295 76
1415 1259 1459 1286 Illa
1473 1267 1538 1287 sane
1551 1267 1600 1287 nos
1617 1267 1722 1294 nequa-

1344 1314 1425 1341 quam
1449 1307 1601 1341 recipienda
1620 1315 1719 1335 cense-

1345 1360 1415 1385 mus,
1443 1360 1502 1387 quae
1523 1357 1550 1380 et
1573 1360 1589 1379 a
1608 1354 1722 1387 quibus-

1344 1399 1406 1425 dam
1422 1398 1559 1433 supertluo
1575 1399 1615 1425 \et
1629 1399 1721 1434 requi-

1345 1445 1378 1477 ri,
1396 1444 1437 1471 vel
1460 1445 1545 1472 astrui
1570 1445 1670 1478 solent,
1692 1446 1719 1473 id

1343 1494 1385 1516 est
1404 1490 1476 1524 quod
1499 1490 1595 1517 animae
1615 1490 1642 1517 iu
1659 1496 1718 1518 latt-

1344 1541 1399 1563 tum
1430 1537 1470 1563 sui
1498 1537 1638 1564 decessum
1672 1545 1720 1564 ve-

1343 1584 1418 1611 niant
1431 1584 1499 1619 (45),
1515 1589 1544 1611 ut
1557 1589 1663 1611 natura:
1676 1591 1719 1611 rae

1343 1629 1479 1657 tionabilis
1511 1637 1542 1656 ac
1576 1629 1718 1664 dignitatis

1340 1679 1430 1706 oblita:
1447 1679 1528 1706 etiam
1543 1679 1569 1706 in
1591 1680 1715 1706 ordinem

1341 1726 1570 1752 irrationabilium
1586 1726 1716 1752 animan-

1339 1773 1405 1799 tium
1419 1772 1475 1807 (66)
1492 1772 1533 1800 vel
1550 1772 1714 1805 bestiarum,

1339 1818 1379 1845 vel
1409 1818 1540 1852 pecudum
1568 1817 1714 1845 devolvan-

1582 1962 1711 1982 sermone

926 1931 987 1951 esse
1016 1922 1094 1950 (idem
1122 1922 1188 1949 facit
1213 1921 1395 1956 Hieronymus
1411 1921 1456 1955 qui
1486 1921 1512 1947 in
1538 1927 1554 1947 e
1575 1919 1652 1947 istola
1676 1921 1712 1947 ad

926 1959 1033 1985 Avitum
1051 1958 1088 1984 ait
1107 1964 1116 1984 :
1139 1966 1148 1982 ε
1161 1957 1200 1984 Ad
1215 1962 1368 1984 extremum
1383 1956 1474 1990 (primi
1494 1927 1573 1990 libri)
1582 1962 1711 1982 sermone

925 1959 1033 1985 Avitum
1051 1958 1088 1984 ait
1107 1964 1116 1984 :
1139 1966 1148 1982 ι
1161 1957 1200 1984 Ad
1215 1955 1368 1984 extrenium
1383 1956 1474 1991 (primi
1494 1955 1554 1991 libri

923 1993 1057 2020 latissimo
1082 1992 1229 2026 disputavit
1251 1990 1551 2026 (0rigeues),angelum
1579 1990 1636 2026 sive
1651 1990 1712 2017 ani-

927 2035 1008 2060 mam,
1027 2031 1073 2053 aut
1088 2025 1161 2054 certe
1173 2027 1334 2057 daemonem,
1351 2033 1419 2058 quos
1438 2026 1516 2052 unius
1537 2025 1636 2052 asserit
1648 2031 1711 2052 esse

926 2067 1038 2095 naturai,
1056 2061 1102 2088 sed
1126 2061 1295 2088 diversarum
1321 2061 1500 2092 voluntatum,
1528 2067 1578 2094 pro
1604 2060 1709 2093 magni-

927 2097 1018 2124 tudine
1044 2096 1213 2131 negligentia:
1239 2101 1267 2122 et
1297 2095 1417 2122 stultitia:
1434 2096 1600 2131 Vjutnentttm
1627 2101 1708 2128 posse

927 2132 1002 2163 fieri;
1017 2136 1045 2158 et
1058 2129 1106 2164 pro
1121 2130 1212 2157 dolore
1229 2138 1371 2165 ptenarum
1389 2135 1416 2157 et
1433 2130 1501 2164 ignis
1516 2129 1632 2165 ardore,
1648 2136 1709 2165 nta-

924 2167 966 2201 gis
981 2166 1081 2198 eligere
1095 2170 1125 2192 ut
1140 2164 1246 2192 brutum
1265 2165 1363 2191 animal
1385 2166 1431 2196 sit,
1448 2169 1476 2191 et
1491 2164 1707 2201 in»aquis_habi-

924 2198 961 2228 [et
974 2206 1001 2228 et
1014 2201 1155 2232 fluctibus;
1170 2208 1201 2227 ac
1215 2207 1312 2234 corpus
1329 2207 1468 2227 assumere
1484 2199 1564 2232 hujus
1581 2199 1621 2225 vel
1635 2198 1707 2226 illius

924 2236 1045 2270 pecoris;
1074 2241 1102 2261 ut
1116 2235 1194 2262 nobis
1211 2233 1269 2262 non
1277 2235 1362 2261 solum
1379 2235 1594 2269 quadrupedum,
1617 2233 1664 2260 sed
1678 2238 1707 2261 et

923 2271 1036 2304 piscium
1053 2278 1164 2309 corpora
1190 2271 1242 2309 sint
1252 2270 1399 2309 _tiu_tenda._
1412 2270 1443 2295 Et
1457 2271 1488 2295 ad
1505 2274 1656 2308 extremum
1671 2275 1707 2309 ne

923 2310 1060 2342 teneretur
1086 2305 1256 2340 Pythagorici
1282 2305 1518 2342 dogmatisreus"
1530 2305 1575 2337 qui
1603 2305 1705 2342 asserit

922 2340 1149 2377 patepddxomv,
1169 2339 1229 2374 post
1253 2345 1304 2377 tam
1334 2341 1476 2377 nefandam
1494 2339 1704 2377 disputationem

920 2373 971 2409 qua
985 2373 1096 2402 lectoris
1106 2373 1226 2402 animum
1241 2375 1392 2401 vulneravit
1407 2384 1414 2401 :
1429 2374 1499 2405 lla-c,
1514 2373 1612 2409 inquit,
1624 2373 1704 2406 juxta

920 2408 1040 2437 nostram
1056 2411 1230 2442 sententiam,
1257 2417 1308 2448 non
1324 2410 1379 2435 sint
1405 2409 1540 2448 dogmata,
1554 2408 1612 2448 ised
1629 2415 1704 2448 quae-

919 2446 969 2472 sita
988 2450 1093 2472 tantum
1108 2451 1190 2479 atque
1215 2445 1343 2479 projecta,
1367 2451 1401 2470 ne
1423 2445 1530 2479 penitus
1554 2445 1702 2479 intractata

918 2481 1084 2508 viderentur.
1098 2489 1108 2505 ι
1126 2478 1190 2512 Qua:
1205 2481 1227 2507 si
1246 2480 1281 2505 ita
1298 2486 1326 2505 se
1341 2479 1452 2510 habent,
1470 2478 1558 2504 nullus
1573 2485 1641 2511 pene
1655 2478 1703 2504 du-

918 2516 1021 2542 bitandi
1038 2516 1112 2542 loeus
1128 2519 1180 2546 est,
1205 2515 1269 2548 quin
1289 2514 1478 2546 interpretatio
1492 2513 1582 2538 Rufini
1598 2513 1641 2548 ab
1658 2512 1702 2539 his

918 2551 1008 2577 verbis
1025 2559 1031 2577 :
1053 2559 1062 2575 ι
1075 2550 1118 2576 illa
1133 2557 1200 2576 sane
1214 2547 1265 2576 nos
1280 2556 1449 2582 nequaquam
1467 2547 1620 2581 recipientia
1636 2554 1702 2574 ceu-

917 2593 1018 2616 semus,
1033 2595 1041 2611 ι
1061 2592 1148 2618 usque
1163 2585 1196 2610 ad
1213 2585 1292 2610 tinem
1308 2583 1388 2617 hujus
1401 2583 1474 2618 libri,
1499 2582 1572 2608 muni
1587 2589 1702 2618 prorsus

918 2620 969 2647 title
983 2615 1085 2650 careat.
1101 2615 1127 2646 et
1143 2619 1233 2652 spuria
1250 2625 1299 2652 pro
1313 2615 1438 2651 genuitiis
1450 2617 1585 2643 obtrudat.
1601 2616 1706 2652 Faten-

916 2655 978 2681 dum
997 2660 1086 2682 tamen
1099 2651 1285 2688 Origeuem’in
1301 2653 1361 2678 aliis
1378 2653 1435 2678 suis
1447 2651 1606 2688 tractatibus
1621 2651 1702 2688 a__lfy~

916 2689 1054 2724 tltagoriea
1079 2685 1286 2724 μετερψυχώσει
1313 2694 1426 2720 prorsus
1445 2685 1702 2728 abhorrcrczj’ide

917 2720 1259 2757 Oi-IpenianorumVlihrum
1283 2731 1312 2753 ιι,
1336 2726 1431 2755 (ιυωδι.
1453 2720 1479 2753 6,
1503 2729 1577 2748 num.
1599 2720 1644 2755 17,
1667 2722 1700 2748 18

914 2763 940 2786 et
956 2760 996 2785 t9.
1357 2766 1362 2769 '

950 2794 1006 2827 (l5)
1021 2794 1105 2830 (laute
1123 2794 1198 2830 lege,
1321 2827 1325 2830 ι
1376 2825 1390 2830 __

950 2829 1005 2862 (4(3)
1020 2828 1064 2855 Sic
1081 2826 1243 2858 ttts‘szlias,
1263 2835 1270 2851 ι
1285 2826 1449 2853 διιίλιιαίἰιιιιι.
1461 2834 1470 2851 ι
