1860 3073
145 111 193 139 181

146 178 212 202 est»;
227 170 277 205 τῆς
288 171 390 203 κακίας
406 172 524 200 ἐνδύεται

144 216 260 251 σώματα
278 218 361 253 οὐδεῆ
377 218 409 253 [Ῑ.
426 219 523 256 ὑδάρῆ]

144 264 246 290 τοιοῦδε
269 264 342 297 ζώου
363 266 470 300 ἀλόγου.
494 267 521 294 Itl

143 312 294 339 estzAnima
301 313 520 347 deﬂuensabono,

142 364 167 385 et
187 367 293 394 vergens
313 360 348 386 ad
368 361 520 395 nequitiam,

140 404 295 439 diutiusque
308 406 334 432 in
347 407 401 440 ipsa
417 415 520 441 penna-

140 460 216 484 neua,
238 453 288 478 nisi
308 454 519 489 resipiscat,prtc

139 499 296 533 insipientia
319 501 455 534 τηεν-ρων,
477 506 519 528 at-

137 554 190 580 que
203 547 235 574 ob
252 548 408 581 pravitatem
428 549 516 576 brute-

137 594 199 620 scit.
217 593 251 621 Et
264 595 345 628 paulo
358 600 418 630 post
434 605 441 622 :
459 596 516 623 Eli-

135 641 236 676 g'tque,
261 648 288 668 ut
310 643 452 675 brutescat,
477 644 515 670 υἱ-

136 692 191 714 tam
206 689 296 722 etiam,
319 695 346 717 ut
364 691 402 717 ita
416 691 512 724 dicam,

800 120 900 149 LIBER
919 122 1110 153 SECUNDUS.

1720 129 1775 158 £89"

561 179 614 203 tur.
648 175 701 204 Pro
729 178 827 212 quibus
853 180 934 207 etiam
950 182 1139 217 Aaquatilem,
1170 187 1194 209 et
1222 183 1288 217 forte
1312 192 1361 218 pro
1399 186 1521 214 turzsed
1534 189 1561 213 et
1578 185 1648 221 quod
1661 185 1771 213 Balaam

559 222 689 256 quasdam
719 230 753 250 ex
782 224 931 258 Scripturis

559 269 757 296 commentitias
783 269 881 297 aﬂ‘erre
903 279 931 298 a-

557 314 720 341 structioues
733 315 831 347 solent,
850 316 874 342 id
889 321 931 343 est

557 360 628 393 quod
658 360 699 386 vel
726 367 808 394 pecus
837 361 878 387 cui
902 369 931 389 se.

556 404 654 431 mulier
682 409 776 432 contra
805 411 928 433 naturam

556 450 713 483 subjecerit.
725 450 751 477 in
766 456 869 478 reatum
882 459 929 486 pa-

555 496 621 523 riter
637 505 696 523 cum
714 497 826 524 muliere
847 498 928 524 devo-

553 548 631 569 cetur
648 542 704 577 (47)
718 549 748 569 ac
760 542 871 578 lapidari
886 551 929 577 pa-

553 590 621 617 riter
633 589 772 623 iubeatur,
798 589 840 617 vel
854 591 926 624 quod

553 639 646 662 taurus
662 640 808 669 cornupeta
823 635 926 670 lapida-

553 681 575 708 ri
602 681 778 708 nihilominus
802 681 926 716 praecipi-

986 229 1079 255 merito
1092 229 1200 263 majoris
1215 230 1249 256 ad
1271 231 1359 257 vilium
1397 231 1472 259 asina
1498 239 1529 259 os
1553 231 1611 266 ejus
1628 231 1681 258 Deo
1705 239 1770 265 ape-

985 275 1160 309 prolapsiouis
1188 276 1274 303 induit
1300 285 1358 304 cor-
1395 277 1483 305 riente
1493 278 1581 304 locuta
1605 281 1655 309 est,
1668 282 1694 304 et
1706 277 1769 304 sub-

984 329 1032 354 pus
1054 323 1203 356 aquaticum
1228 323 1305 356 hujus
1322 323 1358 349 vel
1392 323 1483 358 iugale
1509 327 1612 350 mutum
1638 323 1663 349 in
1681 323 1768 350 homi-

983 366 1061 400 hujus
1079 368 1147 394 bruti
1165 367 1312 403 animalis.]
1395 375 1457 395 num
1489 375 1554 395 voce
1590 368 1765 402 respondens.

983 411 1071 446 arguit
1085 413 1223 447 propheta:
1238 413 1400 440 dementiam
1415 413 1483 448 (48).
1499 413 1570 446 Quas
1588 421 1637 441 nos
1653 421 1704 440 non
1720 422 1764 440 so-

983 455 1036 483 lum
1050 464 1102 484 non
1119 458 1292 492 suscipimus,
1316 458 1363 485 sed
1378 463 1406 484 et
1421 465 1513 485 omnes
1535 459 1582 485 has
1600 460 1764 486 asscrtiones

982 509 1076 530 eorum
1091 509 1185 531 contra
1211 504 1289 531 ﬁdem
1316 509 1434 531 nostram
1454 505 1593 532 venientes
1615 505 1764 533 refutamus

981 553 1062 583 alque
1079 549 1241 583 respuimus.
1270 551 1459 577 Verumtamen
1478 558 1526 577 suo
1542 550 1601 578 loco
1617 555 1642 578 et
1660 555 1762 585 tempo-

982 600 1011 620 re
1033 594 1173 621 confutata
1191 595 1240 622 hoc
1257 603 1386 629 perverso
1400 596 1525 629 dogmate
1541 600 1568 622 et
1590 596 1712 630 depulso,
1731 604 1762 623 ea

979 646 1039 672 qua:
1053 639 1087 666 de
1100 640 1203 667 sanctis
1216 641 1367 674 Scriptnris
1381 641 1415 668 ab
1427 641 1479 669 illis
1493 641 1598 676 prolata
1611 646 1682 676 sum,
1696 650 1763 677 qua-

979 683 1040 712 liter
1054 685 1166 720 lntelligi
1183 686 1309 718 debeantl
1323 694 1500 722 exponemus.
1517 687 1585 722 (49).

318 816 360 844 Ex
380 817 445 844 libro
461 818 546 849 primo
563 818 632 852 Περὶ
646 818 757 853 ἀρχῶν,
774 819 900 854 interpret.

976 828 989 846 ο
1009 819 1168 856 Hieronymo
1183 821 1208 848 iu
1230 820 1345 855 Epistola
1363 822 1397 848 ad
1413 822 1514 849 Avitum
1531 821 1598 857 (50).

171 872 288 918 grandis
302 875 470 917 negligentia).
483 881 564 918 atque
587 878 696 918 desidim
718 884 759 906 est
785 879 810 906 iu
840 884 943 918 tantum
965 887 1192 918 unumquemque
1207 881 1327 909 deﬂuere
1342 881 1409 918 (51),
1423 887 1503 917 atque
1523 883 1661 915 evacuari,
1683 887 1710 910 ut
1724 884 1758 912 ad

136 907 202 935 vitia
220 907 342 937 veniens
354 907 583 940 it'ii-ationabilium
597 913 782 948 jumentorqu
797 914 882 949 possit
894 921 986 943 crasso
1002 907 1266 952 corporeicolligari.

274 1042 317 1070 Ex
330 1045 419 1071 eodem
434 1044 500 1071 libro
514 1054 521 1072 ι
537 1046 606 1080 Περὶ
623 1046 734 1082 ἀρχῶν,
752 1049 839 1075 eodem
861 1049 927 1076 Divo
944 1049 1104 1086 Hieronymo
1121 1051 1262 1086 interprete
1279 1055 1306 1081 in
1325 1051 1434 1086 epistola
1449 1053 1483 1077 ad
1500 1052 1615 1079 Avitum.

168 1099 224 1139 (52)
243 1101 689 1143 In'iine_atqueconsummatione
702 1106 806 1143 mundi,
823 1107 929 1140 quando
944 1107 1015 1134 velut
1028 1107 1061 1134 de
1075 1107 1234 1141 quihusdam
1251 1109 1384 1143 repagulis
1404 1113 1484 1142 atque
1497 1110 1652 1136 carceribus
1668 1110 1755 1138 luisse),

130 1134 260 1178 fuerintla
280 1134 516 1169 Domino'animze,
533 1139 751 1178 curationabiles
768 1134 911 1172 crca'turre.
930 1143 999 1178 alias
1016 1134 1109 1178 caruit)
1125 1143 1227 1170 tardius
1244 1134 1379 1171 incrednerer
1393 1143 1427 1170 ob
1442 1134 1596 1178 segnitiem,
1614 1145 1680 1171 alias
1693 1153 1754 1178 per-

129 1169 183 1196 nici
200 1170 293 1210 volare
305 1179 386 1198 cursu
405 1173 703 1211 propterindastriam.
719 1174 838 1211 Cumque
854 1169 948 1203 manes
965 1177 1079 1203 liberum
1094 1169 1384 1209 habeantarbitrium,
1400 1183 1426 1205 et
1442 1169 1539 1211 sponte
1550 1169 1598 1205 sua
1617 1179 1656 1206 vel
1671 1169 1753 1207 virtu-

128 1208 168 1231 tes
183 1205 287 1245 possint
301 1213 401 1246 capere
421 1207 460 1246 vel
478 1208 551 1246 vitia,
570 1208 620 1234 illa:
634 1210 716 1235 multo
728 1210 758 1246 in
775 1205 857 1245 peiuri
872 1212 1026 1238 conditione
1038 1217 1115 1238 erunt
1130 1219 1210 1246 quam
1227 1221 1297 1240 nunc
1311 1205 1382 1245 sunt;
1401 1213 1440 1240 Ita:
1456 1205 1489 1239 ad
1504 1205 1752 1242 tneliorenistatnm

127 1241 289 1273 pervenient
300 1242 391 1282 ;"qpia
416 1242 621 1282 diversinmtus
634 1248 661 1270 et
676 1245 758 1271 varia:
775 1241 928 1282 voluntates
950 1247 976 1273 in
992 1241 1144 1282 utramque.
1156 1252 1258 1280 partem
1280 1241 1415 1276 diversum
1429 1247 1563 1282 accipient
1587 1253 1699 1282 statum,
1728 1250 1752 1276 id

126 1278 178 1305 est,
199 1279 226 1301 ut
241 1275 331 1310 angeli
348 1276 474 1304 homines
489 1277 529 1304 vel
545 1279 693 1312 dwmones,
710 1284 735 1306 et
750 1288 857 1307 rursum
870 1288 903 1308 ex
918 1281 964 1309 his
979 1275 1101 1309 homines
1116 1275 1256 1317 vel-angeli
1273 1283 1348 1310 ﬁant.

616 1441 824 1498 LIBER
867 1441 1259 1501 SECUNDUS.

347 1632 400 1667 77
411 1632 522 1660 CAPUT
536 1632 683 1660 rmuuu.

155 1676 181 1705 I.
197 1676 378 1712 Consequens
400 1686 471 1705 nunc
498 1679 624 1711 videtur,
652 1679 716 1706 licet
738 1679 827 1706 omnia
849 1687 909 1714 qua:

119 1722 253 1756 superiori
283 1722 374 1750 libello
402 1723 516 1751 disserta
543 1728 629 1756 sunt,
656 1725 689 1751 de
711 1725 811 1752 mundo
827 1730 909 1760 atque

117 1768 177 1802 ejus
191 1769 365 1796 ordinatione
380 1769 496 1797 disserla
524 1770 600 1802 sint,
628 1771 736 1804 proprie
761 1775 850 1799 tamen
875 1772 909 1799 de

119 1813 179 1846 ipso
197 1814 299 1840 mundo
316 1821 402 1848 pauca
420 1819 540 1848 repetere
557 1836 564 1848 ,
592 1815 617 1842 id
642 1821 683 1843 est
697 1816 738 1850 {de
752 1817 829 1843 initio
848 1817 907 1852 ejan

119 1865 151 1885 ac
166 1858 229 1891 ﬁne,
247 1859 290 1886 vel
304 1859 346 1886 his
358 1867 418 1894 qum
433 1860 502 1887 inter
521 1860 626 1887 initium
640 1869 672 1888 ac
685 1862 764 1888 linem
778 1861 834 1898 (55)
849 1863 907 1898 ejus

117 1911 167 1937 per
179 1903 300 1930 divinam
317 1905 511 1938 providentiam
531 1906 733 1941 dispensantur,
749 1915 795 1936 seu
814 1909 847 1936 de
864 1909 906 1937 his

117 1955 255 1982 quaeante
273 1951 404 1977 mundum
423 1950 493 1978 facta
507 1952 549 1978 vel
564 1957 624 1986 post
636 1953 765 1981 mundum
782 1954 904 1982 facienda

116 1999 259 2028 putantur.
291 1996 319 2023 In
347 2005 401 2032 quo
421 1998 472 2025 hoc
495 1999 612 2032 primum
628 2000 767 2027 evidenter
792 2007 905 2035 apparet

116 2041 190 2074 quod
204 2042 295 2069 omnis
311 2047 398 2070 status
411 2043 479 2077 ejus,
493 2045 538 2078 qui
553 2050 595 2071 est
610 2046 703 2072 varius
718 2053 749 2073 ac
766 2047 903 2080 diversus,

115 2095 170 2114 non
198 2087 286 2115 solum
309 2096 343 2115 ex
372 2090 579 2118 rationabilibus
598 2096 625 2118 et
647 2092 828 2119 divinioribus
856 2101 903 2119 na-

116 2133 186 2160 turis
201 2153 209 2166 ,
240 2138 267 2161 et
284 2141 316 2161 ex
333 2136 447 2163 diversis
474 2137 634 2171 corporibus
651 2142 757 2165 constet
775 2158 782 2171 ,
801 2139 846 2166 sed
869 2147 902 2167 ex

114 2179 200 2205 mutis
221 2180 405 2209 animantibus
417 2201 424 2213 ,
442 2181 468 2208 id
486 2187 528 2209 est
541 2183 617 2214 ieris,
635 2183 739 2216 bestiis,
756 2185 903 2218 pecudibus

112 2228 138 2248 et
154 2225 263 2258 avibus,
281 2231 362 2260 atque
374 2227 500 2255 erunibus
511 2235 571 2262 qua:
586 2229 611 2255 in
626 2230 705 2263 aquis
720 2230 829 2262 vivunt;
847 2235 900 2258 tum

111 2270 212 2297 deinde
224 2279 258 2297 ex
277 2271 354 2304 locis,
376 2272 400 2299 id
413 2278 455 2300 est
469 2274 543 2305 cceli,
569 2274 609 2301 vel
623 2274 766 2308 cmlorum,
783 2281 810 2303 et
823 2280 900 2303 terra:

111 2316 154 2342 vcl
171 2323 249 2350 aqua:
266 2325 273 2349 ;
290 2318 335 2344 sed
360 2323 388 2345 et
406 2326 437 2345 ex
454 2326 486 2346 eo
508 2320 554 2354 qui
572 2321 675 2348 medius
689 2325 730 2348 est
744 2329 806 2350 aere
818 2343 826 2355 ,
857 2323 900 2350 vel

160 2405 206 2441 67)
221 2406 268 2433 Sic
285 2414 351 2433 mss.
369 2408 452 2439 Alias.
475 2419 484 2434 ι
499 2410 655 2437 devoratur.
667 2421 676 2437 ι

160 2408 206 2441 Π)
221 2408 268 2433 Sic
285 2414 351 2433 mss.
369 2408 452 2439 Alias.
475 2419 484 2434 ι
499 2410 655 2437 devoratur.
667 2421 676 2437 ι

123 2475 127 2480 _
145 2408 203 2475 £48)
222 2441 298 2472 Mss..
319 2451 328 2468 ι
341 2443 515 2471 dementiam.
530 2454 539 2470 ι
561 2444 637 2472 Libb.
649 2446 711 2473 editi
730 2455 739 2472 ι
751 2447 897 2477 inclemen-

110 2481 186 2502 tlant.
200 2486 209 2501 ι

157 2510 216 2551 φλ,
226 2510 307 2551 Libb..
317 2512 394 2545 editi,
422 2522 431 2539 ι
443 2520 473 2540 ea
490 2521 550 2548 quae
571 2515 604 2542 de
629 2516 733 2543 sanctis
748 2516 897 2551 Scripturis

108 2545 144 2585 ab
162 2545 226 2572 aliis
251 2547 354 2580 prolata
377 2553 450 2582 sunt,
478 2545 654 2583 eiponcmus.
672 2561 681 2577 ι
708 2551 760 2579 Sed
788 2545 852 2581 In'ss.
869 2558 897 2580 ut

108 2588 134 2606 Ill
152 2585 249 2607 11081.Γο
267 2587 354 2608 textu.

144 2615 201 2654 (εξο)
219 2615 276 2654 Iluo
290 2617 380 2654 hzccce
406 2618 547 2652 sequentia
574 2619 726 2654 fragmenta
747 2622 779 2648 ad
794 2622 895 2649 calcem

107 2649 171 2689 libri
188 2650 269 2689 primi
288 2649 585 2689 rejecimusgquoniam
604 2649 819 2689 iriterpretationl
839 2656 893 2684 IIu-

107 2685 165 2727 tini,
191 2685 238 2727 qui
253 2693 285 2712 ea
310 2688 473 2721 suppressit,
500 2689 608 2724 adiungi
624 2697 639 2716 e
655 2685 766 2724 regione
782 2699 832 2719 non
845 2699 894 2727 po-

107 2724 227 2746 luerunt.

142 2754 200 2790 (5|)
215 2755 301 2782 Caute
319 2755 387 2790 lege.

140 2788 199 2861 Eii-3;
215 2789 303 2830 Caute
320 2788 387 2825 lege.

153 2823 185 2851 55
222 2824 270 2853 διο
289 2831 363 2854 recte
376 2834 387 2853 r

222 2824 270 2853 Sic
289 2824 363 2854 recte
376 2833 454 2861 mss.;
470 2827 539 2856 male
552 2827 613 2856 libri
631 2833 710 2857 antea
724 2828 791 2857 editi
810 2840 838 2858 ει
857 2831 899 2861 ωτι,

1569 1362 1743 1370 ——-.___

931 1637 950 1664 B
963 1640 1043 1668 quem
1059 1632 1187 1660 aetherem
1203 1632 1295 1660 dicunt
1312 1633 1377 1668 (54),
1395 1637 1475 1667 atque
1488 1639 1521 1661 ex
1536 1633 1662 1662 omnibus
1688 1641 1748 1669 qua:

962 1678 1113 1712 procedunt
1131 1678 1174 1705 vel
1188 1683 1337 1705 nascuntur
1350 1687 1381 1706 ex
1402 1683 1483 1706 terra.

961 1723 967 1759 ι
983 1723 1038 1758 (55)
1052 1723 1129 1750 Οὕτω
1152 1724 1184 1759 δὴ
1210 1724 1335 1750 ποικιλω·

960 1770 1041 1797 τάτου
1063 1770 1164 1806 κόσμου
1190 1771 1335 1806 τυγχάνον-

959 1826 1014 1849 τος,
1027 1817 1074 1844 καὶ
1087 1817 1204 1844 τοσαῦτα
1221 1818 1334 1854 διάφορα

959 1864 1054 1898 λογικὰ
1086 1865 1254 1900 περιέχοντος
1270 1885 1277 1897 ,
1307 1867 1333 1892 τί

959 1909 1022 1936 ἄλλο
1035 1909 1086 1946 χρὴ
1097 1910 1185 1943 λέγειν
1196 1911 1280 1936 αἴτιον
1293 1919 1335 1945 γε-

958 1957 1064 1990 γονέναι
1104 1957 1149 1983 τοῦ
1186 1958 1334 1993 ὑποστῆναι

958 2004 1039 2030 αὑτὸν
1053 2024 1060 2035 ,
1076 2004 1092 2040 ἢ
1112 2004 1141 2031 τὸ
1154 2005 1275 2032 ποικίλον
1284 2006 1333 2040 τῆς

958 2049 1141 2081 ἀποπτώσεως
1188 2050 1241 2077 τῶν
1284 2051 1332 2086 οὐχ

956 2097 1054 2132 ὁμοίως
1068 2097 1116 2132 τῆς
1133 2097 1225 2129 ὲνάδος
1245 2099 1329 2134 ἀποῤ-

957 2144 1080 2179 ῥεόντων.
1098 2144 1123 2171 Id
1137 2149 1179 2172 est
1196 2153 1204 2169 ε

955 2187 999 2214 Ita
1023 2196 1081 2215 cum
1099 2189 1212 2216 mundus
1229 2198 1329 2217 summa

954 2239 1051 2261 constet
1067 2237 1200 2270 varietate,
1213 2241 1328 2264 tantam-

953 2289 1002 2315 que
1031 2282 1225 2309 rationabilium
1248 2285 1329 2310 conti-

954 2333 1013 2354 neat
1047 2328 1222 2362 di/l‘erentium
1238 2349 1245 2362 ,
1265 2330 1326 2365 quid

1373 1725 1439 1752 Cum
1449 1732 1512 1759 ergo
1526 1729 1598 1752 tanta
1607 1726 1642 1753 sit
1654 1726 1745 1752 mutuli

1372 1771 1489 1798 varietas
1501 1790 1508 1802 ,
1530 1775 1610 1806 atque
1638 1771 1665 1798 in
1681 1771 1747 1806 ipsis

1373 1817 1578 1844 rationabilibus
1591 1817 1746 1844 “animanti-

1372 1862 1421 1890 bus
1435 1863 1470 1889 sit
1490 1867 1562 1889 tanta
1590 1862 1743 1892 diversitas.

1371 1912 1479 1942 propter
1493 1915 1573 1941 quam
1589 1907 1672 1934 etiam
1685 1915 1744 1935 om-

1370 1952 1412 1978 nis
1423 1952 1525 1987 reliqua
1535 1953 1652 1980 varietas
1662 1959 1694 1980 ac
1703 1953 1743 1980 di-

1369 2000 1481 2027 versitas
1496 2000 1613 2034 putanda
1634 2004 1675 2027 est
1694 2008 1742 2027 ex-

1369 2047 1492 2079 stitisse;
1517 2055 1597 2082 quam
1629 2055 1740 2075 causam

1369 2094 1448 2121 aliam
1461 2095 1512 2122 dici
1526 2095 1662 2130 oportebit
1686 2103 1739 2130 qua

1369 2142 1484 2170 mundu’s
1510 2143 1646 2170 exstiterit
1671 2142 1738 2178 (56),
1770 2151 1779 2156 -

1365 2188 1500 2223 praecipue
1533 2189 1554 2216 si
1585 2189 1738 2215 intueamur

1365 2235 1438 2262 illum
1472 2235 1552 2264 ﬁnem
1584 2243 1631 2270 per
1657 2242 1738 2270 quem

1364 2283 1453 2309 omnia
1461 2283 1627 2310 restituenda
1641 2283 1666 2309 in
1680 2287 1736 2310 sta—

1364 2333 1418 2357 tum
1435 2330 1503 2357 initii
1518 2330 1559 2357 sui
1573 2350 1580 2364 ,
1610 2330 1679 2358 libro
1691 2338 1737 2358 sus

952 2416 1103 2454 terminumr
1114 2425 1145 2446 ac
1158 2419 1248 2446 tinem.
1261 2429 1270 2446 ν
1290 2419 1373 2447 Paulo
1382 2424 1443 2454 post
1457 2420 1519 2448 libb.
1537 2420 1623 2448 editi:
1645 2429 1654 2446 ι
1666 2420 1734 2454 Qum

948 2456 1010 2489 ante
1024 2453 1150 2489 mundum
1174 2454 1214 2481 vel
1232 2459 1292 2489 post
1314 2455 1443 2482 mundum
1463 2460 1601 2488 putantur.
1630 2455 1657 2481 In
1680 2463 1729 2489 quc

948 2487 1063 2525 primum
1082 2487 1354 2525 evidenterfapparet
1367 2487 1559 2525 qttoadiomnis
1572 2494 1663 2525 status
1675 2487 1733 2525 ejus

947 2521 991 2552 qui
1004 2527 1045 2548 est
1060 2522 1151 2549 varius
1168 2531 1199 2551 ac
1216 2521 1339 2551 diversus
1363 2521 1394 2551 ex
1414 2524 1622 2551 rationabilibus
1648 2529 1676 2551 et
1689 2521 1732 2551 di~

947 2555 1099 2584 vinioribus
1115 2559 1220 2585 naturis
1236 2581 1243 2592 ,
1263 2565 1289 2586 et
1310 2566 1343 2586 ex
1354 2559 1470 2586 diversis
1486 2559 1644 2592 corporibus
1667 2566 1731 2585 con-

946 2595 1023 2617 stans
1036 2611 1044 2623 ,
1068 2592 1168 2620 scilicet
1185 2601 1217 2631 ex
1242 2594 1323 2620 mutis
1340 2593 1538 2625 animantibus,
1557 2602 1565 2618 ι
1597 2597 1650 2620 etc.
1677 2593 1731 2621 Sed
1751 2626 1754 2631 η

945 2633 1041 2652 omnes
1053 2633 1118 2653 mss.
1143 2633 1171 2654 ut
1184 2629 1209 2654 in
1225 2634 1318 2656 nostro
1331 2633 1413 2655 textu.
1749 2629 1753 2659 ξ

991 2660 1037 2695 54)
1056 2661 1133 2692 Mss.,
1152 2671 1161 2688 ο
1181 2663 1283 2690 dicunt.
1315 2673 1324 2688 )
1342 2662 1418 2690 Libb.
1434 2662 1509 2693 editi.
1533 2671 1542 2688 ε
1559 2662 1684 2689 dicimus.
1699 2671 1710 2689 ι

993 2695 1035 2731 55)
1058 2696 1139 2722 Οὕτω
1164 2697 1202 2731 δὴ
1227 2697 1440 2725 ποικιλωτάτου
1456 2717 1463 2726 .
1479 2702 1531 2724 etc.
1565 2697 1657 2726 Gneca
1674 2698 1729 2724 hau-

944 2734 1054 2767 esstant
1069 2732 1103 2758 ad
1122 2732 1224 2759 calcem
1244 2733 1365 2767 epistola:
1387 2732 1531 2759 Iustiniani
1556 2732 1728 2765 imperatoris

945 2765 977 2790 ad
995 2764 1104 2802 Plenam
1120 2764 1304 2802 patriarcham
1321 2767 1664 2802 Constantiuopolitanum.

981 2800 1036 2836 (56)
1050 2800 1134 2830 Caute
1151 2801 1217 2835 lege.
