1844 3076
43 113 98 140 721

333 113 514 143 ADAMANTI
546 116 720 148 DIALOGUS
738 119 782 147 DE
802 119 917 148 RECTA
933 120 967 149 ΙΝ
985 121 1080 150 DEUM
1097 119 1187 152 FIDE.
1201 140 1235 147 —
1251 122 1351 154 SECT.
1372 125 1393 154 Ι.

1611 130 1681 159 ΓΗΞ

40 182 84 200 ται.
110 174 146 201 Δ.
172 173 286 202 οὐκοῦν
311 175 382 202 κατὰ
410 175 536 212 βούλησιν
560 177 608 204 τοῦ
632 179 786 214 κρείττονος
810 189 827 208 α

925 182 1052 217 incipium
1079 188 1215 218 potestate
1235 189 1356 220 praestat.
1381 186 1416 214 Δ.
1444 185 1570 223 Subiecta
1596 197 1681 225 necne

40 227 146 254 λττονες
170 219 235 256 (12)
247 221 332 256 ἀρχαὶ
351 221 441 249 πάντα
464 223 639 259 πράττουσιν.
654 225 692 252 Μ.
705 226 744 252 οὐ
769 226 839 253 κατὰ

39 265 167 300 λούλησιν
191 266 279 293 αὐτοῦ
300 264 371 294 οὗτοι
397 267 430 294 τὰ
452 269 558 304 πονηρὰ
574 269 750 304 πράττουσιν
764 271 839 304 ἅπαξ

39 310 56 335 ἑὲ
73 310 262 347 ἰσχυρότερος
281 311 371 339 αὐτῶν
387 313 470 340 ἐστιν·
492 314 540 340 καὶ
564 314 619 350 γὰρ
637 316 651 342 ὁ
668 315 752 342 ἐλθὼν
771 317 838 352 Χρι-

39 355 94 387 ire;
112 356 163 382 καὶ
179 356 231 383 τὸν
239 357 362 384 διάϐολον
373 358 493 394 ἐνίκησε,
509 359 555 386 καὶ
567 360 602 386 τὰ
615 361 662 387 τοῦ
672 361 837 396 δημιουργοῦ

39 401 159 436 ῐόγματα
167 402 331 438 ἀνέτρεψεν.
343 405 375 430 Α.
387 404 466 431 Κατὰ
481 404 607 440 βούλησιν
614 406 660 432 τοῦ
670 406 772 441 ἀγαθοῦ
780 407 836 443 (15)

38 447 101 472 ξίσιν
120 443 220 479 οὖτοι;
242 447 280 474 Μ.
302 447 352 474 οὔ.
371 448 403 474 Α.
434 448 538 482 Ἀγνοεϊ
554 447 611 482 οὖν,
633 450 672 477 ὅτι
694 451 780 483 slslv;
798 452 835 478 Μ.

38 491 88 518 )ὑκ
103 492 216 526 ἀγνοεῖ.
234 493 266 520 E.
285 494 374 529 Ἔφης
391 494 563 530 ἰσχυρότερον
582 493 651 522 εἶναι
663 496 709 523 τὸν
724 497 834 531 ἀγαθόν’

38 538 121 569 ἱλλως
136 538 180 570 δὲ,
200 539 251 566 καὶ
273 539 309 575 μὴ
326 539 485 575 βουλόμενον
499 541 599 573 αὐτοὺς
614 539 695 568 εἶναι·
709 542 767 574 πῶς
783 543 838 569 τοί-

37 593 78 611 ων
94 584 182 611 τοῦτο
209 585 363 620 ὲνδέχεται;
388 586 420 613 Ei
434 587 489 622 γάρ
511 588 585 614 ἐστιν
608 587 688 620 αὐτὸς
716 589 835 625 ἰσχυρὸς,

37 631 78 657 ta‘t
97 631 137 666 μὴ
157 630 326 666 βουλόμενος
353 630 422 659 εῖναι
446 633 553 665 αὐτούς·
579 634 632 661 εἰσὶ
651 634 679 660 δὲ
701 635 772 661 κατὰ
789 635 836 661 τὸν

37 677 179 711 τὸνλόγον·
197 677 216 713 ἢ
233 677 356 712 βούλεται
369 679 467 710 αὐτοὺς
483 677 562 706 εἶναι’
580 679 597 714 ἢ
613 680 644 706 οὐ
663 679 773 707 δύναται
787 681 835 707 αὑ-

36 724 94 755 τοὺς
109 723 233 751 ἀνελεῖν·
252 724 268 759 ἢ
284 725 386 758 ἀγνοεῖ,
412 725 453 751 ὅτι
474 725 553 754 εἰσιν.
570 726 607 752 Μ.
631 725 701 760 Ἐγὼ
718 726 835 761 δύναμαι

36 769 128 802 ﬁatﬁat,
146 770 191 797 ὅτι
209 770 300 804 φάλσα
320 771 374 806 (14)
397 771 456 797 ἐστὶ
480 771 513 798 τὰ
533 771 696 806 Εὑαγγέλια,
722 772 754 799 Α.
771 772 836 799 Ἀτοδ

36 815 117 842 ποιων
132 810 304 848 ἀποδείξεων
317 816 390 851 ἔχεις
401 816 496 850 δεῖξαι,
506 816 583 844 ταῦθ’
597 817 683 848 οὕτως
698 817 785 852 ἐχειν;
796 819 833 844 Μ.

36 860 96 887 Ἀπ’
105 861 203 887 αὐτῶν
216 861 272 889 τῶν
282 862 455 896 Εὐαγγελίων
466 862 589 894 δεικνύω,
601 863 642 889 ὅτι
654 863 743 897 φάλσα
751 864 833 890 ἐστιν.
853 853 873 880 Β

35 907 62 933 λ,
86 906 162 942 Δέχῃ
186 905 236 934 οὖν
253 907 336 943 κάμὲ,
351 909 384 935 ὲκ
402 907 457 934 τῶν
474 908 647 943 Εὐαγγελίων
666 909 834 942 δεικνύοντα,

35 952 68 987 ιιὴ
86 951 160 979 εἶναί
182 953 310 986 «lanci;
330 954 368 981 M.
393 953 522 989 Δέχομαι,
543 954 590 981 ἐὰν
610 954 710 990 δείξῃς·
729 955 789 982 εἰπὲ
806 955 834 981 δὲ

35 997 143 1033 πρῶτον
157 998 195 1025 τὰ
213 999 334 1034 ὀνόματα
355 998 410 1025 τῶν
422 999 585 1035 γραψάντων
605 999 639 1027 τὰ
667 1001 832 1034 Εὑαγγὲλια.

65 1045 98 1071 Δ.
122 1045 156 1072 Oi
170 1044 296 1081 μαθηταὶ
309 1044 355 1072 τοῦ
371 1045 490 1081 Χριστοῦ
506 1046 725 1082 γεγραφήκασιν,
741 1047 832 1074 Ἰωάν-

34 1099 78 1126 νης
91 1091 141 1117 καὶ
156 1091 311 1124 Ματθαῖος,
325 1092 373 1118 καὶ
386 1092 510 1127 Μάρκος,
527 1092 574 1118 καὶ
587 1092 702 1125 Λουκᾶς.
713 1093 750 1121 Μ.
760 1093 835 1129 Μάρ-

34 1145 78 1162 κον
93 1136 142 1162 καὶ
158 1137 269 1163 Λουκᾶν
286 1136 346 1163 οὐδὲ
363 1137 426 1172 ἔσχε
441 1137 564 1173 μαθητὰς
579 1138 594 1164 ὀ
607 1138 732 1174 Χριστός·
748 1139 834 1166 ἐντεῦ-

34 1182 77 1209 θεν
90 1182 244 1218 ἐλέγχεσθε
261 1182 351 1217 φάλσσ.
365 1182 515 1215 ποιοῦντες.
531 1183 580 1211 Διὰ
594 1184 620 1210 τι
638 1184 692 1219 γὰρ
706 1185 729 1211 οἱ
746 1185 834 1221 μαθη-

33 1228 86 1259 ταὶ,
97 1224 138 1255 ὧν
146 1229 305 1264 γέγραπται
320 1228 355 1255 τὰ
368 1229 488 1264 ὀνόματα
504 1230 532 1256 ὲν
548 1229 587 1264 τῷ
598 1230 765 1265 Εὑαγγελίῳ,
783 1231 833 1258 οὐκ

33 1274 171 1310 ἔγραψαν,
194 1274 253 1301 ἀλλ’
278 1276 302 1302 οἱ
328 1274 366 1310 μὴ
390 1275 466 1306 ὄντες
490 1274 626 1310 μαθηταί;
648 1275 696 1307 Τίς
710 1274 756 1303 οὖν
773 1277 832 1303 ἐστι

33 1321 140 1353 Λουκᾶς
155 1321 172 1357 ἢ
188 1321 320 1357 Μάρκος;
337 1321 488 1357 ὴλέγχθητε
503 1321 548 1347 ἐπὶ
563 1321 650 1357 τούτῳ
660 1321 779 1357 ὀνόματα
791 1330 833 1356 γε·

32 1367 184 1402 γραμμένα
200 1368 257 1403 (15)
275 1369 304 1395 ὲν
315 1369 348 1402 τῇ
361 1367 457 1403 Γραφῇ
475 1368 668 1403 προφέροντες.
684 1368 715 1394 Ε.
742 1369 831 1403 Ἔχων

35 1413 188 1449 μαθητὰςὸ
205 1414 331 1450 Χριστὸς,
348 1414 378 1441 οὐ
397 1414 497 1450 μᾶλλον
512 1413 617 1445 τούτοις
634 1413 797 1450 ἐνεχείριζεν
814 1414 830 1449 ἢ

32 1460 88 1491 τοῖς
102 1460 141 1494 μὴ
150 1457 213 1487 οὖσι
230 1460 381 1495 μαθηταῖς;
396 1459 522 1486 Φαίνεται
543 1468 587 1495 μοι
604 1459 682 1486 τοῦτο
697 1459 727 1485 οὺ
742 1458 831 1490 καλῶς

34 1506 116 1541 ἔχειν·
141 1507 196 1533 ἔδει
213 1506 268 1542 γὰρ
280 1507 342 1539 τοὺς
360 1506 484 1541 μαθητὰς
500 1506 599 1538 αὐτοὺς
615 1506 831 1541 ἐμπιπευθῆναι

35 1553 148 1586 μᾶλλον.
167 1554 200 1579 Δ.
224 1552 353 1588 Μαθηταί
369 1553 423 1579 εἱσι
438 1552 486 1579 καὶ
497 1548 570 1579 οὗτοι
583 1552 629 1579 τοῦ
644 1552 774 1588 Χριστοῦ.
791 1553 830 1579 Μ.

35 1598 153 1633 Ποίησον
170 1598 379 1634 ἀναγνωσθῆναι
392 1599 424 1625 τὸ
439 1598 615 1633 Εὒαγγέλιον,
632 1599 679 1625 καὶ
695 1598 831 1634 εὑρήσεις,

33 1645 73 1670 ὅτι
84 1646 115 1671 οὐ
130 1645 289 1680 γέγραπται
303 1645 338 1673 τὰ
350 1645 470 1680 ὀνόματα
480 1644 577 1672 ταῦτα.
592 1645 623 1672 Ε.
643 1644 832 1681 Ἀναγνωσθή-

34 1699 82 1717 τω.
109 1692 142 1717 Α.
161 1691 224 1718 Τῶν
246 1691 351 1718 δώδεκα
369 1691 528 1718 ἀποστόλων
550 1691 707 1728 ἀνεγνώσθη
724 1692 758 1718 τὰ
779 1691 834 1718 ὀνό-

36 1747 120 1773 ματα,
134 1739 198 1774 οὐχὶ
210 1738 257 1765 καὶ
270 1737 325 1764 τῶν
342 1737 380 1764 οϐ’
401 1737 467 1772 (16).
481 1738 512 1764 Ε.
531 1737 635 1769 Πόσους
647 1737 726 1772 ἔσχεν
740 1738 754 1763 ὸ
766 1737 830 1772 Χρι-

36 1785 97 1817 στὸς
107 1784 291 1817 ἀποστόλους;
303 1784 334 1810 Δ.
351 1783 480 1818 Πρώτους
496 1782 655 1810 ἀπέστειλεν
669 1782 712 1815 ιϐ’,
728 1782 775 1809 καὶ
785 1791 834 1817 με·
853 1798 858 1803 -

34 1832 68 1858 τὰ
76 1831 164 1858 ταῦτα
172 1831 222 1863 οϐ’,
232 1829 468 1865 εὐαγγελίσασθαι.
477 1829 589 1864 Μάρκος
601 1827 647 1855 οὖν
658 1829 705 1856 καὶ
716 1829 833 1860 Λουκᾶς,

35 1875 67 1901 ὲκ
80 1875 135 1902 τῶν
144 1875 184 1902 οϐ’
195 1874 281 1906 ὄντες,
296 1873 395 1909 Παύλῳ
405 1874 444 1909 τῷ
456 1873 597 1909 ἀποστόλῳ
611 1873 832 1909 εὐηγγελίσαντο.

35 1921 73 1948 Μ.
98 1922 243 1949 Ἀδύνατον
259 1922 300 1949 ὅτι
316 1921 381 1948 ποτὲ
398 1918 467 1948 εἶδον
481 1918 553 1949 οὗτοι
579 1920 695 1948 Παῦλον.
716 1922 748 1948 Δ.
772 1921 831 1948 Δαί-

72 1993 128 2028 (12)
145 1995 295 2027 Ἠττον-ες.
311 1993 402 2021 Cmch
425 1993 571 2021 Vaticanus
592 1994 619 2021 in
638 1999 713 2022 tenu
737 1994 827 2026 habet,

36 2029 237 2065 ὴττότεραιεβι
253 2030 278 2055 in
292 2030 413 2065 margine
424 2029 545 2062 ἥττονες.

73 2063 208 2099 (15)’Τοῦ
227 2063 348 2099 ἀγαθοῦ.
362 2064 452 2091 Codex
469 2064 571 2099 Regius
582 2064 717 2091 secundus
733 2063 827 2096 habet,

33 2098 220 2160 ιὲημὸοῡργοῦο
235 2098 262 2126 lu
289 2099 413 2134 margine
435 2100 539 2129 codicis
552 2098 603 2127 Th.
621 2099 681 2128 Gal.
696 2099 829 2127 scribitur

57 2142 93 2160 γα
111 2143 154 2160 ου.

37 2135 154 2167 ἁγαθουζ

74 2168 364 2217 ἓῗέξιῗίὲἰῗῆἕῗὲἔ
378 2168 477 2217 Eilis
488 2168 827 2217 ffil‘ﬂ"l'5.'!fi’°1ii_“1§i'
847 2189 869 2217 ι)

39 2208 65 2229 et
80 2205 161 2237 paulo
177 2210 237 2238 post
252 2203 369 2231 πλαστά,
382 2204 473 2231 Φάλσα
486 2209 576 2231 autem
595 2203 690 2231 Latina
711 2203 762 2231 vox
777 2203 829 2236 est,

39 2239 85 2265 scd
99 2247 113 2265 a
128 2239 233 2267 Graecis
245 2244 364 2272 recepta,
376 2240 414 2266 uti
424 2240 514 2273 plures
527 2239 598 2266 aliae.
607 2239 709 2266 Glossaa
721 2239 829 2266 Basilio.

39 2273 142 2307 φάλσα,
155 2274 264 2309 ψεῦδος,
281 2274 390 2308 falsum,
404 2275 580 2301 mendacium.
600 2273 720 2300 Marcion
734 2275 830 2302 crimi-

42 2310 160 2336 nabatur
189 2314 318 2342 corrupta
347 2317 408 2336 esse
430 2309 574 2344 Evangelia
595 2318 601 2335 :
625 2310 695 2336 unde
714 2314 830 2343 quatuor

39 2345 221 2379 evangelistas
240 2345 385 2372 calumniis
399 2345 501 2371 lacerat
520 2344 688 2378 Megethius;
705 2345 830 2378 quamvis

40 2385 62 2414 ar
84 2380 215 2414 inagistro
236 2379 412 2413 Evangelium
430 2379 510 2406 Luca:
532 2379 612 2405 fuerit
626 2380 783 2413 adoptatum
803 2385 831 2405 et

40 2413 166 2442 absolute
185 2416 218 2441 ab
240 2421 273 2442 eo
290 2414 466 2448 Evangelium
482 2413 646 2448 appellatum
660 2421 667 2439 :
683 2415 728 2440 sed
744 2414 830 2440 titulis

40 2449 139 2482 erasis,
152 2454 180 2476 et
191 2450 260 2476 libro
274 2449 347 2476 varit-
360 2454 494 2482 truncato,
510 2449 690 2476 dissimulavit
703 2448 729 2475 id
749 2449 830 2475 falsae

42 2484 108 2512 rius.
125 2492 207 2518 seque
217 2484 363 2519 Evangelia
377 2492 507 2519 purgasse
521 2484 646 2519 jactavit.
678 2484 828 2512 WtrrsTEN.

76 2519 132 2553 (15)
150 2520 290 2554 Ὀνόματα
298 2517 501 2554 ἠγεγνὶιμμένα.
519 2518 590 2553 Lege
605 2517 723 2553 ὀνόματα
734 2522 763 2544 ού
783 2527 830 2554 γετ

41 2553 264 2613 ἱραμμέναζιια
299 2553 418 2581 habebat
442 2555 524 2580 ctiam
557 2554 640 2580 codex
677 2553 827 2580 doctissimi

66 2589 108 2613 ici.
121 2591 204 2613 vertit
218 2589 303 2613 enim.
329 2599 339 2613 ι
363 2589 487 2613 Prol'erre
513 2589 623 2613 nomina
643 2595 695 2613 non
727 2593 827 2613 sci-tnta

66 2589 108 2621 ici,
121 2591 204 2616 vertit
218 2589 304 2619 enim.
329 2599 339 2616 ι
363 2589 487 2617 Proierre
513 2589 623 2616 nomina
643 2595 695 2615 non
727 2593 827 2622 scripta

43 2622 69 2649 in
86 2624 240 2659 Scriptura.
262 2634 272 2650 ι
294 2625 332 2652 In.

77 2657 215 2694 (16)(Ὶύχὶ
231 2659 282 2686 καὶ
299 2659 358 2687 τῶν
373 2660 424 2686 οϐ’.
440 2658 617 2694 Septuaginta
635 2657 703 2694 duos
721 2657 828 2685 misisse

43 2691 365 2728 Christum'Hliscipulos,
386 2691 498 2721 tradunt
529 2691 666 2727 interpres
691 2693 826 2728 Persicus,

45 2725 233 2765 Hieronymus,
250 2725 580 2765 Aitgttstinustinterpres
597 2725 747 2765 _Yulgatus,
766 2727 826 2765 Epi-

45 2761 160 2799 phanius
173 2761 269 2792 bteres.
285 2761 330 2799 fx,
344 2773 371 2792 n.
384 2764 417 2797 4;
428 2761 716 2799 Gregorius_Magnus,
731 2763 826 2790 ltotuil.

46 2797 76 2834 υ
97 2799 126 2834 in
143 2798 258 2834 Euang.;
272 2798 355 2834 Beda
371 2797 518 2826 Comment.
530 2797 651 2834 iniLucu}
666 2805 726 2834 cap.
745 2806 771 2828 tt,
798 2803 829 2834 det

45 2830 140 2860 homil.
156 2835 184 2861 in
202 2830 252 2861 die
263 2833 291 2862 S.
306 2834 402 2863 Luae:
418 2834 548 2861 Haliartus
563 2833 673 2861 Maurus
691 2832 728 2860 De
741 2830 823 2860 iuuit.

889 232 952 255 sunt
974 228 1151 257 imbecilliora
1170 231 1304 266 principia
1328 233 1353 259 ei
1369 234 1442 267 quod
1458 238 1500 260 est
1520 234 1679 269 potentius?

889 274 923 301 M.
950 274 1078 308 Subiecta
1098 280 1172 303 sunt.
1195 277 1228 304 Δ.
1245 277 1343 305 Omnia
1365 279 1447 314 igitur
1472 286 1521 314 pro
1544 281 1678 308 arbitratu

888 319 1048 354 superioris,
1085 321 1214 349 inferiora
1243 323 1376 358 principia
1403 323 1517 353 faciunt.
1551 324 1586 352 M.
1619 325 1677 352 Non

888 372 920 392 ex
941 365 999 399 ejus
1017 365 1158 394 voluntate
1178 367 1206 394 hi
1234 368 1304 395 mala
1329 374 1422 404 agunt,
1439 370 1485 398 sed
1505 371 1617 399 omnino
1638 372 1678 399 eis

878 411 1008 446 'poteutia
1027 416 1147 446 praestat.
1163 413 1271 440 Etenim
1293 414 1420 443 Christus
1436 416 1555 444 adventu
1578 423 1630 444 suo
1650 423 1678 445 et

888 457 1024 485 diabolum
1037 458 1112 491 vicit,
1128 464 1156 486 et
1169 459 1274 493 opiﬁcis
1288 460 1396 488 decreta
1417 462 1538 489 sustulit.
1551 463 1583 490 A.
1593 463 1677 490 Sunt-

888 510 922 529 ne
937 503 964 530 hi
976 503 1082 537 opiﬁcis
1100 503 1260 532 voluntate?
1274 504 1309 533 Μ.
1324 505 1382 532 Non
1400 511 1474 534 sunt.
1499 508 1533 536 A.
1545 507 1599 535 Eos
1612 515 1677 543 ergo

887 555 948 576 esse
963 549 1061 577 nescit.
1075 549 1111 576 M.
1125 550 1183 578 Non
1197 551 1315 585 ignorat.
1334 551 1364 579 Ε.
1384 552 1480 580 Dixisti
1501 553 1676 581 valentiorem

888 602 949 622 esse
967 595 1078 627 bonum,
1100 603 1133 624 ac
1149 601 1280 632 praeterea
1305 597 1376 625 nolle
1396 605 1443 625 eos
1461 605 1541 626 esse:
1559 599 1605 633 qui
1627 600 1678 626 hoc

889 641 945 668 ﬁeri
962 642 1071 676 potest?
1088 642 1117 670 Si
1137 643 1210 670 enim
1227 643 1284 678 ipse
1307 648 1350 671 est
1367 643 1512 677 valentior,
1528 652 1614 678 neque
1630 652 1678 672 eos

886 693 948 714 esse
964 687 1031 720 vult,
1047 692 1073 714 et
1091 693 1182 715 tamen
1193 692 1266 720 sunt,
1282 693 1311 715 ut
1333 688 1402 716 dicis
1416 697 1424 716 ς
1441 688 1563 724 profecto
1577 688 1618 716 vel
1631 696 1678 716 eos

887 731 945 758 vult
960 738 1031 764 esse,
1049 732 1091 759 vel
1102 732 1212 760 eosdem
1230 732 1323 760 tollere
1345 733 1378 760 de
1393 734 1483 761 medio
1505 742 1557 762 non
1571 738 1674 769 potest;

888 775 929 804 vel
940 781 1015 804 certe
1028 784 1077 805 eos
1097 784 1158 805 esse
1180 777 1300 810 ignorat.
1317 778 1352 805 Μ.
1371 777 1428 813 Ego
1443 779 1591 815 Evangelia
1607 778 1674 807 falsa

888 830 949 850 esse
963 823 1062 851 docere
1083 830 1204 857 possum.
1220 823 1254 850 Α.
1271 823 1375 857 Quibus
1392 825 1544 853 rationibus
1565 826 1614 854 ista
1631 825 1678 853 do-

888 875 950 896 cere
961 869 1058 904 potes?
1071 868 1106 896 M.
1119 869 1159 897 Ex
1172 869 1239 904 ipsis
1253 868 1406 905 Evangeliis
1421 878 1453 897 ea
1471 871 1538 898 falsa
1554 879 1614 899 esse
1627 872 1677 900 do-

887 921 947 941 cco.
961 914 994 941 Δ.
1007 913 1146 942 Credesne
1163 914 1229 941 mihi
1246 915 1394 950 Evangelia
1414 923 1467 943 non
1483 923 1546 944 esse
1562 917 1623 944 ﬁcta
1642 924 1675 944 ex

887 959 928 986 eis
943 959 1072 986 docenti?
1086 959 1121 986 Μ.
1137 959 1235 991 Credo,
1250 960 1271 987 si
1299 960 1406 988 doceas.
1428 961 1475 988 Dic
1491 962 1608 996 primum
1625 970 1676 990 no-

888 1004 960 1031 mina
977 1011 1072 1032 eorum
1090 1005 1135 1040 qui
1149 1005 1294 1041 Evangelia
1307 1007 1485 1041 scripserit-it.

922 1050 955 1077 Α.
976 1050 1077 1078 Christi
1098 1051 1222 1086 discipuli
1246 1052 1427 1086 scripserunt,
1454 1053 1589 1086 Joannes,
1606 1054 1675 1081 Mat—

889 1096 984 1128 tharus,
998 1096 1117 1129 Marcus,
1130 1103 1157 1124 et
1169 1096 1266 1126 Lucas.
1286 1098 1322 1125 Μ.
1338 1098 1460 1126 Marcum
1476 1104 1502 1126 et
1515 1099 1616 1127 Lucam
1632 1101 1674 1127 di-

887 1142 1007 1177 scipulos
1018 1142 1142 1170 Christus
1157 1150 1210 1170 non
1223 1143 1332 1171 habuit:
1350 1144 1414 1171 hinc
1425 1145 1552 1172 falsitatis
1564 1146 1675 1173 comin-

887 1188 994 1215 cimini.
1006 1187 1061 1215 Cur
1071 1188 1145 1215 enim
1157 1188 1280 1223 discipuli
1293 1197 1411 1224 quorum
1425 1190 1534 1217 nomina
1548 1190 1575 1217 in
1587 1190 1676 1218 Evan-

886 1233 956 1267 gelio
970 1233 1072 1267 scripta
1088 1238 1161 1266 sunt,
1179 1242 1233 1262 non
1249 1235 1431 1268 scripserunt,
1449 1236 1496 1263 sed
1520 1236 1537 1263 ii
1553 1236 1598 1270 qui
1620 1243 1674 1264 non

885 1281 949 1304 sunt
961 1277 1106 1310 discipuli?
1117 1277 1184 1310 Quis
1194 1286 1261 1314 ergo
1269 1285 1312 1306 est
1323 1279 1421 1313 Lucas,
1432 1284 1479 1307 aut
1491 1280 1531 1307 llla
1537 1288 1597 1308 rcus
1604 1281 1616 1308 ?
1624 1281 1676 1308 hoc

886 1321 944 1356 ipso
958 1323 1075 1350 convicti
1089 1323 1156 1351 estis
1170 1323 1293 1358 proferre
1308 1325 1419 1353 nomina
1434 1333 1494 1360 quae
1508 1325 1535 1353 in
1552 1326 1676 1362 Evange-

886 1367 920 1394 lio
937 1375 989 1395 non
1001 1369 1101 1402 scripta
1119 1374 1192 1397 sunt.
1205 1370 1236 1398 E.
1249 1370 1381 1399 Christus,
1390 1379 1451 1399 cttm
1464 1372 1611 1406 discipulos
1623 1373 1674 1400 ha-

886 1412 972 1444 beret,
989 1420 1041 1440 non
1069 1414 1156 1448 magis
1181 1414 1221 1441 eis
1248 1415 1386 1443 scribendi
1414 1416 1551 1452 Evangelii
1576 1425 1675 1444 munus

885 1459 1030 1492 commisit,
1047 1466 1128 1493 quatn
1147 1460 1180 1487 iis
1202 1461 1248 1495 qui
1272 1461 1397 1495 discipuli
1419 1470 1471 1489 tton
1496 1463 1597 1490 erant?
1619 1463 1675 1490 lloc

885 1503 949 1531 tnihi
967 1511 1018 1531 non
1039 1505 1107 1532 belle
1128 1513 1157 1532 se
1176 1506 1276 1533 habere
1303 1507 1421 1534 videtur.
1438 1507 1581 1542 Discipulis
1601 1509 1672 1535 enim

885 1550 951 1584 ipsis
966 1549 1057 1584 potius
1071 1557 1140 1577 onus
1151 1550 1216 1577 illud
1229 1551 1331 1585 imponi
1346 1551 1470 1579 debebat.
1481 1551 1553 1579 Α.Ηί
1568 1560 1676 1587 quoque

886 1601 950 1624 sunt
974 1595 1076 1623 Christi
1107 1596 1244 1631 discipuli.
1262 1597 1296 1624 M.
1319 1597 1374 1625 Fac
1399 1598 1529 1625 recitetur
1552 1597 1676 1634 Evange-

887 1644 952 1671 liutn
967 1653 975 1671 :
988 1649 1099 1679 tumqtte
1113 1644 1235 1672 invenies
1243 1645 1300 1672 lure
1310 1645 1411 1680 scripta
1421 1653 1474 1672 non
1484 1653 1543 1673 esse
1552 1646 1675 1675 nomina.

884 1690 915 1717 E.
934 1689 1083 1719 Recitetur.
1099 1690 1132 1717 A.
1150 1690 1295 1717 Duodecim
1310 1691 1494 1725 apostolorum
1508 1692 1617 1718 nomina
1632 1699 1675 1718 re-

883 1737 965 1763 citata
979 1741 1052 1768 sunt,
1070 1744 1123 1763 non
1137 1737 1219 1764 etiam
1236 1737 1408 1771 septuaginta
1419 1737 1543 1765 duorum.
1560 1738 1590 1765 E.
1603 1737 1673 1771 Quot

884 1781 1009 1809 Christus
1025 1781 1121 1809 habuit
1136 1781 1294 1816 apostolos?
1312 1783 1343 1808 Α.
1360 1781 1467 1810 Primos
1485 1783 1558 1810 misit
1572 1783 1674 1811 duode—

885 1827 949 1860 cim,
966 1827 1062 1854 deinde
1075 1827 1249 1861 septuaginta
1266 1827 1345 1859 duos,
1361 1827 1405 1861 qui
1421 1827 1596 1862 Evangeliutn
1610 1837 1674 1855 nuu-

887 1873 998 1899 tiarent.
1015 1871 1124 1899 Marcus
1136 1879 1201 1906 ergo
1225 1876 1251 1899 et
1268 1871 1354 1899 Lucas
1372 1880 1433 1899 cum
1446 1880 1478 1899 ex
1501 1874 1674 1908 septuaginta

886 1921 992 1948 dttobus
1001 1926 1104 1951 essent,
1120 1919 1203 1946 Paulo
1219 1919 1340 1954 apostolo
1352 1919 1529 1954 Evangelium
1541 1928 1674 1954 exposue-

884 1993 961 2025 c!er.,
977 1992 1082 2028 Ιίιιηη,
1097 1999 1122 2020 c.
1151 1992 1202 2026 55;
1228 1992 1384 2028 Eucherius
1409 1993 1447 2020 De
1466 1994 1544 2027 form.
1565 1993 1673 2028 διώ-ειη

883 2027 1140 2064 ουρᾼιέ-ϐμ-θεοτ.
1165 2027 1386 2064 Abulpharajus,
1417 2027 1488 2064 (list.
1519 2029 1629 2064 Dynust.
1643 2028 1671 2061 '1,

883 2062 973 2098 p.72.
996 2062 1073 2091 Unde
1103 2062 1258 2098 hauserint,
1285 2063 1478 2098 inquirendum
1497 2062 1550 2091 est.
1582 2063 1672 2093 Graeci

882 2097 991 2126 codices
1000 2103 1103 2125 tantum
1116 2097 1309 2133 ἐϐδομήκοντα,
1321 2098 1500 2133 septuaginta,
1512 2104 1670 2127 numerant.

885 2133 956 2160 Idem
971 2134 1117 2160 observant
1136 2132 1220 2168 Syrus
1237 2133 1381 2167 interpres,
1397 2132 1425 2159 et
1442 2133 1530 2160 Arabs
1543 2141 1550 2165 ;
1562 2133 1672 2160 Tertul-

884 2168 971 2195 liantts
985 2168 1032 2195 lib.
1050 2175 1076 2195 tv
1095 2167 1162 2194 adv.
1175 2167 1354 2199 Marcioncm,
1371 2176 1432 2203 cap.
1449 2168 1484 2194 24
1499 2177 1505 2195 :
1539 2178 1548 2195 ε
1567 2168 1674 2203 Adlegit

885 2209 912 2231 et
927 2203 995 2230 alios
1013 2203 1184 2237 septuaginta
1198 2203 1336 2236 apoatolos
1350 2210 1432 2237 super
1447 2204 1599 2230 duodecim.
1614 2204 1673 2236 Quo

885 2239 956 2266 enim
970 2238 1132 2265 duodecim?
1150 2238 1297 2264 secundum
1313 2238 1424 2264 totidem
1440 2238 1529 2265 fontes
1547 2239 1575 2266 itt
1591 2239 1671 2272 Elim,

885 2273 907 2301 si
923 2281 974 2300 non
987 2279 1013 2300 et
1027 2273 1198 2307 septuaginta
1208 2273 1354 2299 secundum
1367 2274 1478 2300 totidem
1494 2275 1603 2301 arbusta
1615 2274 1673 2334 Ἐπι-

885 2308 1012 2334 marum?
1028 2308 1172 2334 Dosillteus
1185 2307 1210 2334 in
1229 2307 1352 2334 Sunutm'.
1366 2308 1491 2334 Clemens
1514 2308 1560 2334 lib.
1580 2316 1595 2334 ν
1645 2317 1673 2334 u-

885 2308 1012 2334 tuarum?
1028 2308 1172 2334 Dosillteus
1185 2307 1210 2334 in
1229 2307 1352 2341 Synopsi,
1366 2308 1491 2335 Clemens
1514 2308 1560 2336 lib.
1580 2316 1595 2334 ν
1617 2307 1673 2343 Hy-

886 2343 1204 2378 polyp0aeon;AtttbrOS.
1227 2342 1275 2369 lib.
1303 2351 1339 2369 vtt
1369 2343 1515 2370 Comment.
1543 2344 1571 2370 in
1593 2342 1671 2376 Liui,

884 2377 943 2412 cap.
958 2386 985 2404 x.
1000 2378 1082 2405 Forte
1109 2377 1148 2413 iui
1161 2377 1299 2404 nonnullis
1312 2378 1450 2406 codicibus
1471 2381 1597 2413 (quorum
1621 2378 1672 2405 ali—

883 2418 950 2446 quot
966 2413 1119 2440 observavit
1137 2412 1252 2440 Brianus
1273 2413 1426 2445 Waltonus,
1444 2413 1471 2439 in
1488 2412 1671 2445 (variantibus

883 2448 1046 2475 lectionibus
1058 2447 1161 2475 Graecis
1174 2447 1239 2474 Novi
1261 2447 1426 2474 Testamenti
1449 2453 1514 2474 tom.
1541 2448 1575 2475 Vl
1600 2447 1670 2474 Bibl.

884 2481 1029 2518 l’olyglou.
1044 2482 1166 2518 insertis)
1186 2490 1201 2509 e
1214 2483 1338 2517 sequenti
1356 2482 1427 2518 linea
1441 2483 1603 2510 vocabulum
1624 2483 1672 2510 δύο

885 2518 935 2544 l'uit
951 2518 1110 2545 translattttn
1125 2517 1150 2544 in
1167 2518 1335 2552 supet'iomm
1350 2525 1356 2543 :
1374 2517 1444 2544 unde
1457 2518 1562 2545 numeri
1580 2519 1671 2546 diver-

883 2552 960 2579 sitas.
983 2552 1080 2579 Veluti
1103 2552 1214 2585 conjicit
1230 2552 1368 2585 Suicerus,
1388 2557 1519 2579 vorantur
1545 2560 1670 2587 numero,

884 2592 911 2614 ut
927 2586 1075 2622 appellant,
1099 2587 1216 2614 rotundo
1232 2587 1403 2622 septuaginta
1430 2591 1548 2622 tantum,
1565 2586 1671 2616 minore

883 2621 998 2649 numero
1012 2622 1132 2656 dempto,
1147 2629 1208 2649 cum
1240 2621 1414 2657 septuaginta
1432 2622 1485 2648 duo
1497 2621 1610 2650 fuerint.
1624 2623 1670 2650 Sic

883 2656 1048 2691 Epiphanius
1056 2663 1116 2691 pag.
1129 2656 1193 2684 1081
1207 2656 1422 2692 :‘Eﬁaopﬁitov-ra
1431 2657 1477 2684 δύο
1485 2657 1670 2692 ἑρμηνεύσαν-

881 2700 928 2728 fre;
939 2691 985 2717 ἐπὶ
999 2691 1165 2728 ῌτολςμαίου
1175 2700 1182 2707 ο
1203 2691 1247 2718 διὰ
1261 2692 1290 2718 δὲ
1302 2691 1353 2728 etp
1374 2691 1525 2728 συντομίανς
1534 2691 1670 2728 ςζώθαμεν

881 2727 972 2761 λέγειν
981 2726 1037 2763 τῶν
1048 2726 1233 2763 ἐϐδομήκοντα
1247 2728 1296 2762 τὴν
1311 2726 1468 2763 ἑρμηνείαν,
1486 2736 1494 2752 ι
1515 2727 1607 2755 LXXII
1622 2726 1670 2754 'lu‘

883 2766 1016 2796 terpretes
1027 2761 1101 2788 [uere
1112 2761 1161 2788 sub
1176 2761 1402 2790 Ptolenizco'z'setl
1419 2763 1570 2796 compendii
1584 2763 1669 2797 gratia

881 2797 1072 2834 consuevimus
1086 2803 1184 2834 vocare
1199 2798 1352 2825 versionem
1363 2797 1444 2828 LXX.
1457 2807 1465 2824 ι
1480 2797 1579 2826 lbitletn
1592 2799 1670 2834 plura

882 2832 1005 2866 exempla
1016 2836 1136 2859 enarrat.
1157 2831 1196 2859 la.
1423 2838 1426 2840 ·
