1860 3073
99 129 150 157 185

96 187 171 215 aliud
186 187 325 214 dicendum
337 195 376 215 est
390 188 474 222 fuisse

95 237 185 260 (altore
199 238 226 260 ut
237 233 362 260 subsistat
370 253 378 264 ,
395 242 472 267 quam

96 282 247 308 varietatem
269 281 359 314 lapsus
383 289 472 307 eorum

510 234 586 268 Quod
613 235 706 268 utique
733 235 756 262 sl
793 241 888 262 conse-

510 286 626 315 quenter
649 281 752 308 dictum
769 281 887 311 videtur,

95 325 141 359 qui
161 333 213 351 non
232 325 355 351 similiter
371 324 403 352 ab
414 326 474 352 uni-
510 334 591 360 quam
606 326 698 357 aliatn,
718 331 746 353 ut
759 326 887 358 diximus,

96 375 150 397 tate
163 370 304 406 deﬂmmt.]
510 379 625 400 causam
640 373 796 406 putabimus
807 377 889 399 tanta:

96 415 176 449 hujus
190 416 283 443 mundi
302 416 470 444 diversitatis
482 437 490 450 ,
520 418 571 445 nisi
595 418 780 445 diversitatem
797 425 829 445 ac
843 426 889 443 va-

95 462 220 489 rietatem
237 467 359 490 motuum
375 470 407 491 ac
420 464 595 499 prolapsunm
615 472 710 491 eorum
734 465 780 499 qui
794 464 829 491 ab
844 464 886 491 illa

95 508 164 536 initii
180 509 287 537 unitate
307 515 389 545 atque
403 510 547 538 concordia
575 511 601 537 in
619 518 671 546 qua
687 518 701 537 a
719 510 774 538 Deo
794 511 888 545 primi-

95 558 140 580 tus
159 555 296 588 procreati
315 560 387 588 sunt,
403 556 565 583 deciderunt
580 577 588 589 ,
605 561 632 584 et
649 557 683 583 ab
698 556 745 583 illo
757 556 888 583 bonitatis

96 603 171 626 statu
186 600 315 626 commoti
331 604 412 635 atque
425 601 561 633 distracti.
579 601 694 628 diversis
712 602 811 628 dehinc
827 601 887 628 ani-

94 652 202 671 morum
222 645 339 673 motibus
356 653 389 674 ac
402 647 549 675 desideriis
573 648 668 681 agitati
685 668 692 680 ,
722 656 804 674 nnttm
820 647 887 675 illud

94 695 122 717 et
138 690 313 718 indiscretum
342 697 449 720 naturae
474 700 529 720 sua:
550 694 650 720 bonutn
664 701 713 728 pro
729 694 888 722 intentionis

94 743 150 762 sua:
168 736 325 764 diversitate
338 738 364 764 iu
379 738 472 766 varias
486 739 658 766 deduxerunt
674 739 806 766 tuentium
821 747 887 774 qua-

94 781 207 809 litatcs?

129 828 156 854 2.
178 827 250 855 Deus
259 836 323 857 vero
336 837 384 864 per
398 830 561 858 ineffabilem
577 832 719 866 sapientiae
732 841 788 860 suae
801 839 885 860 artem

719 125 880 155 ORIGENlS
897 126 978 152 ΠΕΡΙ
996 126 1113 153 ΑΡΧΩΝ

510 188 612 222 periori
645 187 795 215 dissertum
826 192 867 215 est
881 186 892 212 ?
907 186 930 214 Δ
945 193 999 212 non
1015 190 1105 213 tamen
1121 184 1268 212 dissonans
1288 188 1369 219 atque
1383 190 1397 210 a
1411 190 1440 211 se
1453 182 1608 218 discrepans
1634 184 1728 212 mundi

1677 123 1728 151 184

940 231 1024 259 totius
1049 231 1242 266 intelligendus
1263 234 1306 257 est
1338 234 1448 261 status;
1471 228 1517 256 sed
1537 228 1608 256 sicut
1631 236 1730 263 corpus

941 283 1063 305 nostrum
1082 285 1164 305 unum
1182 285 1214 304 ex
1229 277 1321 304 multis
1337 275 1467 303 membris
1481 279 1603 309 aptatum
1619 274 1675 309 (ὅὲ)
1686 279 1730 302 est

939 328 965 351 et
982 325 1016 351 ab
1033 332 1086 351 una
1099 324 1189 351 anima
1205 324 1375 354 continetur,
1391 322 1426 348 ita
1436 325 1464 348 et
1477 322 1635 348 universum
1649 328 1730 347 mnu-

939 371 1002 398 dum
1017 371 1090 398 velttt
1105 369 1207 397 animal
1227 369 1362 404 qttoddatu
1378 368 1539 395 imutettsuut
1570 372 1651 401 atque
1677 366 1731 392 im-

940 426 1017 445 mane
1040 418 1204 453 opinandum
1222 422 1286 451 puto
1312 415 1393 451 (65),
1420 415 1491 450 quod
1518 414 1596 449 quasi
1612 413 1646 440 ab
1675 420 1729 440 una

940 465 1030 491 anima
1046 465 1148 491 virtute
1167 463 1213 490 Dei
1229 463 1284 498 '78
1312 470 1344 489 ac
1363 461 1468 488 ratione
1485 465 1618 487 teneatur.
1651 459 1729 492 Quod

940 511 1022 537 etiam
1039 518 1054 536 a
1073 515 1166 537 sancta
1182 508 1323 542 Scriptura
1339 507 1455 533 iudicari
1468 506 1586 532 arbitror
1601 512 1649 539 per
1662 504 1729 531 illud

939 556 1010 590 quod
1028 555 1129 582 dictum
1147 559 1189 582 est
1213 561 1260 588 per
1275 552 1434 587 prophetam
1453 558 1460 578 :
1486 560 1495 576 ε
1510 549 1604 577 Nonne
1629 549 1728 577 caelum

939 607 966 629 et
984 606 1084 629 terram
1099 607 1150 636 ego
1164 599 1263 634 repleo,
1277 598 1342 626 dicit
1355 597 1484 625 Dominus
1496 596 1517 613 ⁸³
1528 597 1558 623 ’1)
1573 601 1599 623 et
1612 596 1709 622 iterum
1721 604 1728 622 :

940 656 951 672 ι
964 646 1071 674 Caelum
1093 646 1157 673 mihi
1169 646 1258 678 sedes,
1277 649 1348 672 terra
1365 649 1456 671 autem
1467 643 1615 671 scabellum
1631 643 1729 677 pedum

939 699 1061 720 meorum
1071 693 1093 708 "
1105 713 1112 724 ,
1123 701 1132 718 ι
1157 696 1185 718 et
1204 691 1275 726 quod
1295 690 1419 718 Salvator
1431 690 1499 717 dixit
1511 688 1566 724 (64)
1581 710 1588 722 ,
1616 696 1677 715 cum
1691 687 1731 714 ait

940 746 992 764 tton
1008 737 1153 773 iurandum
1181 747 1190 763 ι
1207 745 1295 771 tteqne
1312 745 1358 772 per
1376 736 1474 763 caelum
1485 755 1493 767 ,
1513 736 1574 769 quia
1589 735 1666 762 sedes
1681 734 1728 761 Dei

939 789 981 811 est
997 793 1004 817 ;
1021 791 1108 818 neque
1123 790 1170 817 per
1191 787 1302 816 terram,
1319 782 1380 816 quia
1393 780 1538 808 scabellum
1551 781 1648 814 pedum
1668 779 1730 812 ejt's

939 830 1022 857 est“.
1044 839 1053 855 ι
1084 829 1137 856 Sed
1168 834 1194 855 et
1210 828 1274 855 illud
1298 828 1369 862 qttod
1395 828 1433 854 ait
1455 826 1552 853 Paulus
1578 833 1640 853 cum
1656 825 1728 859 apud

94 873 185 900 omnia
199 882 258 909 qua:
271 877 463 910 quoquomodo
478 878 546 904 liunt
560 864 617 913 (57)
632 898 638 910 ,
654 879 687 905 ad
704 879 769 906 utile
784 879 885 914 aliquid
903 864 924 890 Β
939 875 1123 902 Athenienses
1143 874 1355 902 concionaretur
1370 893 1378 905 ,
1407 873 1501 899 dicens
1526 872 1653 906 quoniam
1675 879 1684 896 α
1701 871 1728 897 in

93 925 120 946 et
135 920 168 946 ad
178 928 349 949 communem
363 923 484 949 omnium
498 924 697 952 transformans
709 932 741 952 ac
756 933 886 960 reparans

97 966 248 1000 profectum
263 987 271 1000 ,
302 968 351 994 bas
368 969 441 1003 ipsas
453 973 594 996 creaturas
617 978 676 1006 quae
701 978 715 998 a
732 971 886 1006 semetipsis

95 1012 122 1038 in
142 1017 246 1040 tantum
265 1013 418 1041 animorum
433 1016 565 1042 varietate
582 1016 740 1050 distabaut',
760 1017 786 1044 in
803 1025 885 1044 unum

95 1058 240 1091 quemdam
258 1064 370 1086 revocat
383 1059 475 1094 operis
488 1059 626 1095 studiique
641 1069 803 1089 consensum
819 1062 886 1097 (58),

95 1108 125 1129 nt
138 1103 254 1132 diversis
269 1104 333 1132 licet
351 1106 471 1133 motibus
497 1108 650 1134 animorum
665 1127 671 1139 ,
699 1109 780 1136 unius
797 1114 886 1136 tamen

95 1149 189 1176 mundi
211 1150 409 1185 plenitudinem
425 1152 677 1189 perfectionemque
697 1160 888 1182 consumtueut

94 1195 149 1230 (59)
168 1217 176 1230 ,
191 1201 273 1232 atque
296 1199 328 1224 ad
351 1206 433 1225 unum
453 1198 630 1233 perfectionis
658 1200 738 1228 liuent
762 1201 883 1229 varietas

94 1242 153 1276 ipsa
171 1243 301 1270 mentitttn
315 1244 416 1271 tendat.
436 1244 494 1272 Una
514 1253 631 1280 namque
650 1247 737 1273 virtus
761 1252 801 1274 est
827 1255 888 1282 qua:

94 1294 202 1316 omnem
217 1288 309 1315 mundi
331 1289 518 1317 diversitatem
536 1291 699 1326 constringit
715 1296 743 1319 et
757 1294 887 1326 continet,

94 1337 179 1368 atque
193 1333 219 1360 iu
235 1342 319 1361 uuutn
336 1342 403 1370 opus
419 1336 511 1364 varios
524 1337 581 1371 agit
596 1341 686 1364 motus
704 1358 711 1371 ,
731 1345 766 1366 ne
784 1338 891 1366 scilicet

95 1383 150 1406 tam
180 1379 342 1408 immensum
368 1382 462 1409 mundi
490 1390 559 1418 opus
587 1383 709 1411 dissidiis
736 1384 890 1412 solveretur

95 1427 261 1455 animorum.
291 1427 325 1454 Et
342 1433 453 1463 propter
480 1429 531 1457 hoc
550 1430 695 1465 opinamur
713 1431 768 1467 (60)
789 1439 889 1466 paren-

96 1478 148 1500 tem
165 1475 288 1501 omuium
305 1475 389 1502 Deutn
408 1483 456 1510 pro
470 1476 558 1504 salute
575 1477 766 1505 universarum
780 1482 890 1506 creatu-

938 921 996 955 ipso
1011 921 1140 953 vivimus,
1155 925 1182 947 et
1197 927 1347 952 movemur,
1363 924 1390 945 ct
1403 926 1496 945 sumus
1506 918 1538 945 “.
1557 928 1566 943 ι
1588 917 1730 951 Quomodo

937 967 1010 993 cuitu
1024 967 1050 993 in
1067 967 1121 994 Deo
1135 966 1250 993 vivimus
1265 985 1273 997 ,
1294 969 1321 992 et
1334 972 1484 996 movemur,
1500 969 1527 991 et
1538 971 1648 996 sumus,
1675 963 1729 990 nisi

937 1013 1009 1048 quod
1025 1014 1128 1039 virtute
1141 1019 1190 1039 sua
1204 1011 1362 1038 univerSum
1380 1011 1543 1045 constringit
1558 1015 1585 1037 et
1608 1010 1731 1037 continet

939 1061 1068 1088 tuundutn
1083 1059 1095 1085 ?
1123 1059 1264 1092 Quomodo
1289 1063 1379 1085 atttetn
1406 1057 1503 1084 cadum
1520 1058 1599 1084 sedes
1615 1057 1660 1084 Dei
1677 1061 1729 1089 est,

938 1111 966 1133 et
979 1113 1052 1133 terra
1068 1106 1218 1133 scabellum
1237 1105 1336 1140 pedum
1353 1105 1423 1139 ejus,
1444 1105 1514 1131 sicut
1530 1105 1585 1139 ipse
1602 1104 1731 1131 Salvator

938 1154 1098 1188 pronuntiat
1114 1173 1122 1187 ,
1143 1153 1195 1180 nisi
1211 1152 1275 1187 quia
1290 1156 1317 1179 et
1336 1152 1363 1178 in
1379 1151 1449 1179 caelo
1464 1156 1491 1179 et
1504 1151 1530 1178 in
1555 1156 1627 1178 terra
1642 1150 1732 1177 virtus

939 1199 999 1234 ejus
1013 1199 1096 1234 replet
1113 1200 1238 1227 universa
1255 1199 1325 1226 sicut
1349 1203 1377 1225 et
1395 1198 1460 1225 dicit
1477 1197 1628 1225 Dominus?
1655 1197 1732 1230 Quo-

940 1246 1021 1272 modo
1034 1252 1099 1277 ει·κο
1116 1251 1215 1279 parens
1229 1243 1350 1270 omnium
1375 1244 1446 1271 Deus
1473 1243 1627 1270 universum
1649 1250 1730 1268 mun-

940 1290 1003 1317 dutn
1020 1289 1130 1316 virtutis
1157 1289 1324 1324 plenitudine
1345 1289 1449 1323 repleat
1474 1294 1555 1323 atque
1579 1288 1729 1318 contineat,

939 1343 972 1363 ex
987 1336 1029 1363 bis
1043 1343 1103 1370 qua:
1118 1335 1287 1363 ostendimus
1314 1343 1368 1363 nou
1394 1340 1458 1370 puto
1479 1341 1643 1369 quemquam
1659 1332 1731 1360 diffl-

940 1381 1029 1409 cultcr
1043 1389 1176 1409 aunuere.
1194 1380 1253 1408 Jam
1283 1389 1350 1409 sane
1375 1380 1506 1413 quoniam
1522 1379 1579 1415 (65)
1607 1379 1731 1406 diversos

941 1428 1247 1456 n:otus.rationabiliutn
1268 1432 1457 1455 creaturarum
1471 1447 1479 1459 ,
1510 1426 1654 1460 variasque
1668 1431 1732 1451 sen-

942 1474 1041 1501 tentias
1070 1481 1180 1501 causam
1202 1473 1309 1501 dedisse
1334 1472 1502 1500 diversitatis
1530 1472 1629 1498 muttdo
1656 1470 1730 1502 huic,

95 1526 187 1546 rarum
206 1527 316 1547 suarum
331 1528 381 1555 per
394 1521 558 1549 inelLbilem
576 1521 656 1549 Verbi
671 1522 714 1550 sui
733 1530 764 1550 ac
781 1523 889 1558 sapien-
901 1531 926 1561 α
941 1528 1031 1548 sermo
1046 1520 1195 1555 superioris
1209 1520 1400 1555 disputationis
1424 1518 1542 1545 ostendit
1555 1537 1563 1550 ,
1582 1516 1730 1543 videndum

97 1564 141 1591 tite
155 1565 287 1592 rationem
304 1566 340 1593 ita
358 1566 415 1593 haec
428 1567 533 1602 singula
549 1568 731 1602 dispensasse,
747 1573 776 1596 ut
788 1569 887 1604 singuli

96 1611 198 1645 quique
210 1611 334 1646 spiritus,
351 1612 393 1640 vel
405 1613 488 1640 animi
501 1633 509 1645 ,
528 1613 570 1641 vel
587 1616 778 1649 quoquomodo
796 1615 888 1650 appel-

96 1656 183 1684 landae
196 1662 262 1684 sunt
287 1658 461 1686 rationabiles
484 1660 668 1688 subsistentia:
681 1681 688 1694 ,
721 1669 773 1688 tton
791 1666 888 1689 contra

97 1702 204 1730 arbitrii
231 1703 405 1737 libertatem,
429 1705 455 1731 vi
474 1705 500 1732 in
528 1705 602 1733 aliud
617 1704 674 1741 (61)
688 1714 769 1741 quam
798 1713 888 1736 motus

98 1748 196 1775 utentis
212 1755 268 1775 sua:
283 1753 376 1783 ageret
391 1771 398 1782 ,
416 1755 579 1784 cogerentur
596 1771 603 1784 ,
621 1755 647 1778 et
663 1758 710 1785 per
737 1752 788 1780 hoc
806 1753 888 1780 adimi

99 1794 132 1821 ab
144 1794 187 1821 bis
201 1794 342 1821 videretur
357 1794 435 1822 liberi
453 1795 567 1823 facultas
588 1796 693 1824 arbitrii
713 1805 720 1830 ;
747 1797 819 1832 quod
835 1798 889 1824 uti-

97 1844 151 1870 que
166 1837 324 1871 qualitatem
345 1838 400 1873 jam
429 1844 532 1866 naturae
555 1841 639 1875 ipsius
657 1841 839 1874 intmutabat;
860 1847 889 1870 et

97 1883 197 1910 diversi
214 1888 302 1912 motus
319 1886 448 1919 propositi
466 1893 560 1913 earum
577 1887 610 1914 ad
623 1888 704 1914 unius
718 1889 810 1915 mundi
826 1896 889 1916 con-

97 1929 251 1956 sonantiam
280 1934 468 1964 competenter
494 1936 575 1966 atque
591 1933 694 1960 utiliter
717 1938 888 1968 aptarentur,

98 1973 164 2002 dum
180 1975 241 2003 alite
252 1975 342 2010 jnvari
358 1977 491 2013 indigent,
513 1979 679 2014 alitejnvare
693 1986 816 2014 possunt,
829 1981 889 2007 alia:

98 2028 164 2048 vero
177 2021 383 2056 proficientibus
395 2025 545 2059 certamina
560 2030 642 2060 atque
653 2034 756 2061 agones
769 2031 887 2059 movent,

97 2067 236 2102 inquibus
261 2076 355 2096 eorum
373 2070 540 2104 probabilior
567 2071 714 2099 haberetur
741 2073 888 2106 indttstria,

97 2119 124 2140 et
136 2113 237 2141 certior
261 2120 322 2149 post
354 2116 500 2143 victoriam
530 2118 649 2151 reparati
678 2119 779 2153 gradus
808 2119 888 2145 statio

97 2164 235 2186 teneretur
247 2167 307 2194 qua:
332 2167 381 2195 per
397 2160 569 2190 diliicultates
587 2163 770 2190 laborantium
786 2164 888 2190 consti—

97 2206 185 2232 tisset.

131 2250 158 2278 ὅ.
171 2250 300 2284 Quamvis
314 2258 380 2286 ergo
397 2251 424 2278 in
442 2251 556 2279 diversis
571 2251 606 2279 sit
624 2251 722 2279 ciliciis
735 2252 887 2288 ordinatus,

131 2346 153 2363 “
165 2345 268 2374 Jerem.
289 2354 370 2379 unt,
387 2346 435 2373 24.
479 2347 502 2362 υ
518 2346 570 2374 lsa.
585 2352 657 2378 LXVI,
687 2347 712 2372 l.

133 2436 190 2502 (67)
208 2436 285 2469 Mss.,
302 2446 311 2462 ι
329 2437 406 2464 littttt.
425 2447 434 2463 ι
451 2437 528 2464 Libb.
547 2437 624 2469 editi,
646 2446 655 2462 ι
673 2436 784 2465 fuerint.
801 2447 811 2463 ι

134 2472 179 2499 1596
211 2472 297 2499 Cattte
309 2471 378 2502 lege.

134 2471 190 2502 ῐὸκ)
211 2472 297 2499 Cattte
309 2471 378 2506 lege.

133 2507 188 2541 (59)
204 2505 448 2541 Per/actionemque
462 2513 651 2534 consumment.
672 2506 718 2535 Sic
731 2515 807 2542 mss;
821 2508 891 2536 Mer-

102 2541 174 2568 linus
190 2549 268 2573 vero,
290 2551 299 2567 ι
313 2542 491 2576 perfectionis
505 2547 686 2570 consummet.
704 2552 713 2569 ι

136 2575 194 2617 (60)
215 2576 261 2603 Sic
282 2575 347 2617 mss.
369 2577 457 2617 Ltbb_._
469 2577 534 2604 editi
550 2596 557 2610 ,
583 2586 592 2602 ί
608 2584 719 2612 propter
742 2578 799 2606 ltmc
818 2579 889 2617 enim

101 2612 248 2671 Ἣίιιιιιιιυι·
263 2611 383 2645 quidam.
403 2621 411 2638 ι
434 2611 493 2638 Mor
515 2619 613 2652 omnes
636 2611 701 2640 mss.
716 2632 725 2646 ,
755 2623 765 2639 ‹
784 2622 832 2648 per
847 2615 889 2640 in-

101 2646 258 2686 con-abdere.
276 2651 330 2686 etc.
353 2646 395 2686 lta
421 2648 478 2673 haec
500 2647 605 2681 stngula
621 2648 804 2686 dispensasse.
819 2659 832 2686 ι
860 2648 888 2686 lu

104 2680 169 2707 libb.
185 2680 266 2719 editis
284 2681 361 2719 deest
382 2690 390 2706 ι
406 2689 455 2719 per
467 2691 495 2719 ,_)
525 2680 554 2708 et
571 2683 646 2719 apud
657 2680 797 2719 Merlinum
825 2684 891 2719 legi-

104 2719 168 2752 tur,
187 2724 196 2752 ς
229 2716 265 2752 ita
285 2715 520 2752 iu_hoc>singula;
547 2726 557 2743 ι
576 2715 648 2752 apud
672 2715 890 2752 Gettebrardttut,

105 2758 115 2774 ι
136 2750 172 2785 it_a
185 2750 223 2785 ing
235 2750 294 2777 haec
307 2749 423 2785 singula.
441 2749 451 2777 ἱ

139 2783 251 2822 t_6l)_lm
268 2791 332 2811 mss.
354 2783 441 2822 'Libb.
458 2794 521 2813 vero
536 2786 600 2813 editi
616 2807 623 2819 ,
652 2797 661 2813 ι
681 2788 816 2822 quomodo
841 2796 888 2822 ap-

103 2818 234 2853 pellandae
254 2823 316 2846 sunt
340 2820 515 2849 rationabiles
544 2818 702 2850 substantia}
726 2831 778 2850 non
795 2818 889 2852 contra

104 2853 212 2882 arbitrii
228 2854 380 2883 libertatem
395 2855 436 2883 vel
448 2857 475 2884 in
488 2857 570 2891 aliud,
589 2867 598 2883 ι
614 2862 667 2885 etc.

941 1574 975 1594 ne
993 1566 1064 1594 forte
1090 1567 1189 1594 similis
1217 1567 1294 1594 initio
1320 1565 1377 1601 (66)
1405 1565 1495 1592 exitus
1525 1570 1635 1598 quoque
1666 1563 1730 1589 huic

940 1611 1041 1639 mundo
1055 1612 1212 1640 conveniat.
1241 1611 1356 1639 Dnbittm
1369 1611 1441 1652 enim
1457 1610 1513 1644 (67)
1528 1617 1580 1636 ιιοιι
1604 1614 1646 1636 est
1661 1608 1728 1643 qttiu

940 1657 1001 1684 finis
1016 1657 1138 1691 ipsiusin
1157 1657 1318 1684 diversitate
1340 1657 1425 1683 multa
1445 1655 1535 1682 adhuc
1548 1660 1575 1682 et
1597 1655 1732 1681 varietate

941 1704 1116 1739 reperiendus
1125 1704 1172 1734 sit,
1186 1711 1245 1737 qua:
1258 1703 1352 1737 utique
1365 1702 1485 1728 varietas
1499 1701 1525 1727 itt
1538 1700 1619 1734 hujus
1635 1701 1731 1726 mundi

940 1750 993 1778 line
1010 1749 1177 1784 deprehensa
1203 1756 1301 1775 causas
1328 1747 1386 1782 (68)
1416 1755 1510 1773 rursus
1538 1746 1731 1773 diversitatutn

939 1795 1053 1822 alterius
1067 1794 1160 1821 mundi
1173 1798 1233 1829 post
1249 1794 1320 1821 huttc
1340 1792 1424 1819 futuri
1436 1791 1648 1826 occasionesque
1661 1798 1731 1825 prte-

939 1840 1032 1868 stabit.

974 1886 1000 1913 4.
1017 1886 1095 1920 Quod
1107 1886 1129 1914 si
1146 1886 1201 1913 haec
1214 1886 1250 1912 ita
1264 1893 1323 1913 esse
1334 1885 1401 1913 ordo
1415 1883 1730 1918 disputationisiuvcnit,

940 1940 1110 1967 consequens
1125 1940 1196 1959 nunc
1210 1932 1317 1959 videtur
1329 1953 1336 1965 ,
1359 1932 1488 1966 quoniam
1507 1932 1597 1958 mundi
1613 1931 1731 1957 diversi-

941 1984 983 2006 tas
994 1979 1054 2006 sitte
1067 1979 1226 2012 corporibus
1241 1978 1391 2005 subsistere
1408 1985 1459 2004 non
1488 1981 1579 2011 potest
1593 1977 1660 2012 (69),
1681 1985 1731 2004 na-

941 2029 1008 2051 tura
1023 2031 1160 2058 corporea:
1174 2023 1311 2050 discutere
1337 2023 1480 2050 rationem.
1507 2022 1545 2049 Ex
1567 2023 1648 2050 rebus
1664 2022 1731 2057 ipsis

941 2073 1054 2102 apparet
1065 2069 1137 2102 quod
1168 2068 1310 2103 diversam
1328 2067 1484 2102 variamque
1501 2067 1731 2101 permutationem

942 2114 1057 2148 recipiat
1070 2118 1164 2140 natura
1177 2121 1306 2148 corporea
1319 2133 1326 2146 ,
1351 2114 1388 2140 ita
1402 2120 1430 2141 ut
1452 2114 1537 2148 possit
1554 2121 1587 2140 ex
1603 2113 1731 2140 omnibus

941 2159 968 2186 in
982 2160 1073 2187 omnia
1088 2160 1296 2193 transformari;
1315 2161 1396 2193 sicut,
1418 2161 1491 2187 verbi
1505 2161 1589 2194 gratia
1602 2159 1730 2190 dixerim,

905 2195 928 2224 ί)
942 2206 1044 2241 lignum
1072 2206 1098 2233 in
1116 2207 1205 2241 ignem
1221 2208 1337 2234 vertitur
1349 2226 1357 2240 ,
1385 2211 1412 2233 et
1426 2207 1494 2241 ignis
1509 2207 1535 2233 itt
1552 2205 1672 2237 fumum,
1703 2210 1731 2232 et

942 2252 1033 2280 fumus
1049 2253 1073 2279 in
1089 2260 1192 2282 aerem.
1218 2253 1271 2280 Sed
1284 2260 1311 2280 et
1324 2253 1377 2281 olei
1392 2254 1479 2287 liquor
1498 2253 1524 2280 in
1540 2253 1630 2288 ignem
1643 2257 1730 2279 muta-

753 2346 776 2362 "
794 2346 888 2374 Matth.
920 2355 961 2379 tu,
985 2346 1029 2374 54.
1067 2346 1090 2361 δ’
1113 2347 1173 2372 Act.
1193 2353 1258 2377 xvtt,
1280 2344 1325 2371 28.

982 2438 1038 2474 (62)
1055 2439 1090 2474 Ita
1105 2445 1170 2474 mss.
1188 2435 1264 2474 Libb.
1278 2435 1342 2474 editi
1360 2456 1367 2468 ,
1396 2443 1405 2459 α
1421 2438 1522 2468 aptum.
1539 2443 1548 2459 ι
1574 2433 1633 2473 illo:
1651 2441 1730 2467 mss.,

947 2482 956 2498 ι
968 2470 1040 2501 velut
1049 2473 1148 2500 anitnal
1159 2471 1293 2506 quoddam
1304 2470 1464 2506 immensum
1479 2473 1560 2502 atque
1573 2470 1703 2496 immane.
1721 2479 1729 2494 ι

944 2508 972 2535 In
990 2514 1067 2535 antea
1082 2505 1263 2537 editis’deest,
1282 2505 1476 2531 «immensum.
1493 2513 1503 2528 ι

979 2544 1036 2579 (65)
1056 2541 1306 2579 Conferl’latonent
1327 2537 1481 2579 iit-Timere.

980 2571 1035 2614 (64)
1055 2578 1138 2604 Dixit.
1162 2575 1334 2603 Desideratur
1355 2574 1380 2600 in
1397 2573 1488 2604 editis,
1513 2572 1560 2598 sed
1573 2571 1690 2599 habetur
1706 2573 1732 2598 iu

943 2621 1008 2641 mss.

979 2648 1035 2683 (65)
1057 2647 1104 2681 S_ic
1119 2655 1184 2674 mss.
1197 2645 1282 2683 alias,
1297 2653 1307 2669 ι
1321 2642 1466 2683 quoume.
1485 2650 1504 2682 ι.

980 2677 1036 2718 (66)
1057 2678 1103 2710 Sic
1118 2689 1184 2718 mss.
1199 2677 1284 2712 Alias,
1299 2687 1310 2704 «
1328 2677 1409 2706 simul
1421 2684 1482 2703 cum
1497 2677 1585 2705 initio.
1605 2686 1615 2702 ι

979 2718 1037 2780 (67ζ
1055 2718 1140 2744 Caute
1156 2717 1224 2750 lege.
1286 2749 1292 2755 _
1461 2747 1466 2751 _
1483 2747 1488 2752 '

981 2754 1026 2780 t68
1058 2752 1169 2779 Causas.
1191 2751 1271 2777 Deest
1286 2758 1312 2776 In
1331 2752 1409 2774 antea
1425 2747 1488 2774 editi

981 2745 1037 2780 3683
1058 2752 1169 2779 Causas.
1181 2745 1271 2777 "Deest
1286 2749 1312 2776 in
1331 2752 1409 2774 antea
1425 2747 1505 2774 editis
1522 2766 1530 2778 ,
1554 2745 1602 2774 sed
1615 2747 1733 2775 habetur

944 2798 969 2817 Ill
986 2795 1050 2815 IIISS.

981 2822 1035 2858 (69)
1057 2821 1101 2849 Sic
1120 2828 1184 2848 tnss.
1197 2819 1281 2852 Alias,
1303 2827 1311 2843 Ι
1325 2816 1433 2852 poterit.
1450 2825 1460 2842 ι
