1844 3076
44 110 96 136 737

306 109 495 138 ΛΒΑΜΛΝΤΙΙ
514 109 687 138 DIALOGUS
704 110 748 136 DE
767 109 798 137 Rl

898 111 932 138 IN
950 111 1044 140 DEUM
1070 114 1155 142 FIDE.
1177 132 1211 136 —
1231 116 1325 145 SECT.
1348 118 1366 145 1.

1576 122 1642 149 1⁸758

42 172 86 204 οὺς
100 171 208 202 πολλοὺς
227 172 282 207 (52)
298 172 405 207 aiban
421 172 449 199 δὲ
471 172 563 208 ἔτερος
584 173 646 204 τοὺς
665 172 796 203 ἀπίστους

882 179 913 198 nn
931 172 1094 210 intelligere.
1110 175 1177 203 Tum
1190 177 1263 204 enim
1285 179 1476 209 dissimilitudo
1490 188 1551 210 esse
1570 184 1645 210 vidc-

42 217 186 251 Αμφότεροι
202 217 230 243 δὲ
244 217 416 252 εὑρίσκονται
429 218 458 243 τὸ
468 218 533 244 αὐτὸ
543 217 716 253 πράττοντες·
729 219 804 245 οὐδὲν

42 261 69 289 5ν
79 263 108 289 τὺ
117 262 283 289 ἀντιπῖπτον.
294 263 375 296 Λέγε,
392 264 418 289 el
430 272 455 289 τι
466 263 560 299 ἓτερον
576 263 658 298 ἔχεις.
674 264 711 290 Μ.
735 264 764 290 '0
774 265 804 290 ὲν

42 308 60 343 ᾧ
75 309 147 344 νόμῳ
157 308 259 344 Κύριος
274 308 347 342 λέγει
357 318 363 324 ·
386 309 560 343 Ἀγαπήσεις
578 309 632 336 τὸν
646 309 806 344 ἀπηπῶντά

43 363 59 380 ε
79 354 149 389 (55),
175 355 225 381 καὶ
257 354 400 389 μισήσεις
423 355 477 381 τὸν
503 355 611 389 ἐχθρόν
635 364 711 382 σου·
739 357 753 382 ὁ
775 355 805 381 δὲ

42 401 122 436 ,ύριος
145 400 234 436 ἡμῶν,
259 400 360 434 ἀγαθὸς
388 401 436 432 ὣν,
461 400 544 435 λέγει·
577 401 718 436 Ὰγῖιπᾶτε
733 401 805 434 τοὺς

42 446 145 479 χθροὺς
160 446 252 480 ὑμῶν,
273 446 321 473 καὶ
335 446 461 480 εὔχεσθε
474 446 550 480 ὑπὲρ
566 447 625 473 τῶν
639 446 805 474 διωκόντων

42 491 111 526 μᾶς.
129 492 159 518 Δ.
173 493 204 518 Et
221 492 270 527 μὲν
281 492 334 528 γὰρ
350 493 378 519 ὲν
400 492 472 527 μόνῳ
486 493 524 527 τῷ
539 493 695 527 Εὖαγγελίῳ
706 493 803 525 ἔκειτο,

42 537 111 569 αλῶς
126 537 232 570 ἔλεξας·
258 539 282 564 ει
306 537 334 564 δὲ
361 539 408 564 καὶ
431 539 460 564 ἐν
481 537 521 573 τῷ
540 538 615 574 νόμῳ
641 539 804 574 εὑρίσκομεν

42 583 217 618 ,εσταλμένορη
238 583 305 610 Ἐὰν
319 583 396 618 ἴδῃς,
411 585 486 618 φησὶ,
507 584 560 611 τὸν
571 584 652 616 ,βοῦν
660 585 804 618 ῥεμϐόμε-

42 637 75 654 ον
83 627 134 655 τοῦ
141 627 248 663 ἐχθροῦ
260 636 328 658 σου,
337 629 389 654 οὐκ
403 627 504 660 ἐάσεις
515 627 608 654 αὑτὸν
619 627 785 654 ἀπολέσθαι
795 636 802 642 ·

42 674 141 707 νοίξας
154 673 208 709 (54)
229 673 396 706 ἀποδώσεις
426 673 507 706 αὐτῷ
526 673 579 699 τόν
591 673 671 705 βοῦν
692 673 802 700 αὐτοῦ·

44 720 74 746 αὶ
90 720 168 746 πάλιν
183 719 295 754 φάσκειθ
324 719 390 746 Ἐὰν
401 718 467 753 ἴδῃς
479 718 533 745 τὸν
548 718 619 745 ὄνον
631 718 684 746 τοῦ
695 718 804 752 ἐχθροῦ

42 774 76 792 ου
97 765 187 799 ἐν,τῇ
206 764 265 798 ὀδῷ
283 766 426 797 πεσόντα,
453 766 489 792 οὺ
514 764 557 799 μὴ
585 763 804 798 ἀντιπαρέλθῃς

42 812 121 843 ῠτὸν,
137 812 191 845 ἕως
212 811 324 845 ἐπάρας
340 811 479 846 τομώσῃς
499 811 552 838 τὸν
573 810 653 837 ὄνον.
677 810 744 837 Ἀλλ’
757 808 802 837 οὖν

42 858 108 884 ικαὶ
119 858 161 884 ὅτε
178 857 240 888 λαὸς
262 857 378 892 ἐπῆλθεν
400 856 503 883 ἀνελεῖν
525 855 652 887 Μωῡσέα,
677 855 723 882 καὶ
736 856 802 882 ἐπε-

42 902 146 928 ιιίασεν
163 901 181 935 ἡ
194 901 268 933 δόξα
279 901 388 935 Κυρίου
398 908 404 916 ’
419 898 452 936 ἧν
469 900 496 927 δὲ
510 901 581 927 ὅσιον
595 901 657 932 τοὺς
676 899 802 927 ἐπελθόν-

42 955 65 978 ις
79 947 179 982 ἐχθρῶν
193 947 270 981 δίκην
280 946 448 981 ἀναιρεῖσθαι
461 955 467 960 ·
487 945 536 973 ναὶ
563 947 664 978 ἔπεσε,
688 945 758 973 κατὰ
773 946 803 972 τὸ

42 992 213 1027 μγραμμένον,
222 993 241 1026 ὴ
251 992 383 1025 θραῦσις·
391 992 438 1018 καὶ
447 991 556 1026 ἔμελλεν
569 990 694 1020 ὅλλυσῦαι
703 992 717 1017 ὁ
728 991 801 1022 λαὸς,

59 1037 96 1072 μὴ
111 1038 237 1073 Μωῡσῆς,
258 1036 445 1073 παραπέμψας
462 1036 509 1072 τὴν
522 1036 631 1072 ἔχθραν,
647 1037 742 1072 ἐδεήθη
753 1036 799 1063 τοῦ

42 1083 82 1109 ἰοῦ
109 1083 176 1118 ὑπὲρ
202 1083 256 1109 τῶν
287 1082 390 1118 ἐχθρῶν
419 1081 511 1114 αὑτοῦ,
544 1081 644 1108 εἰπών·
683 1081 799 1116 Ἀαρὼν,

42 1128 190 1162 τάντησον
202 1128 240 1161 τῷ
255 1127 428 1162 ὀλοθρευτῇ,
443 1128 543 1154 λαϐὼν
561 1128 596 1154 ἐν
606 1127 643 1162 τῇ
655 1128 731 1162 χειρί
741 1135 798 1155 σου

42 1174 195 1208 ιπυρεῖον·
211 1174 330 1205 ἀκούσας
349 1173 452 1209 Ἀαρὼν
469 1174 620 1210 ἀπήντησε,
633 1174 679 1200 κα)¹
699 1175 801 1201 ἐκόπα-

45 1228 59 1245 ν
73 1220 90 1254 ἡ
102 1219 223 1255 Θραῦσις.
241 1219 320 1246 Ἀλλὰ
338 1220 384 1246 καὶ
397 1220 478 1247 Δαυῒδ
497 1220 661 1255 διωκόμενος
680 1219 732 1246 ὑπὸ
754 1219 799 1246 τοῦ

42 1265 110 1296 ιοὺλ,
128 1265 174 1291 καὶ
197 1264 285 1300 εὑρὼν
310 1265 391 1291 τόπον
413 1265 518 1292 ἀνελεῖν
537 1266 629 1299 αὐτὸν,
654 1266 704 1292 οὐκ
725 1266 799 1293 ἀνεῖ-

44 1321 68 1342 ν,
84 1310 150 1338 ἀλλὰ
174 1310 327 1337 τούναντίον
353 1311 435 1346 εὐχὴν
461 1312 530 1347 ὑπὲρ
557 1311 639 1338 αὑτοῦ
667 1312 798 1339 nouitat-

42 1357 70 1383 ,λ’
85 1355 131 1383 οὖν
149 1365 181 1390 γε
198 1357 245 1383 καὶ
271 1357 416 1392 Ἱερεμίας,
442 1357 550 1393 βληθεὶς
569 1357 621 1384 ὑπὸ
642 1357 746 1393 ἐχθρῶν
759 1357 801 1391 εἰς

42 1412 111 1430 ικκον
120 1403 243 1438 (55),οὐκ
253 1404 481 1439 ἐμνησικάκησεν,
499 1404 566 1430 ἀλλὰ
580 1404 744 1436 τούναντίον,
752 1404 801 1432 καὶ

42 1448 93 1480 ad;
111 1448 209 1484 ηὔχετο
219 1448 289 1484 ὑπὲρ
303 1449 403 1476 αὐτῶν.
421 1449 502 1483 Λέγει
515 1449 543 1475 δὲ
557 1451 586 1476 ὲν
598 1449 636 1485 τῷ
655 1450 799 1485 γράμματι

42 1495 57 1521 ὖ
70 1495 248 1529 Εὐαγγελιου·
263 1495 446 1529 Ἀναχωρεῖτε
456 1495 505 1522 ἀπ’
518 1495 601 1530 ἐμοῦ,
613 1495 799 1530 οἰέργαζόμε-

42 1550 57 1566 ιι
72 1540 129 1574 τὴν
143 1539 281 1574 ἀνομίαν.
311 1540 401 1575 Ὁρᾷς,
415 1541 454 1567 ὅτι
478 1541 583 1576 συνᾴδει
593 1540 623 1567 τὸ
636 1541 799 1575 Εὐαγγέλιω

43 1596 48 1611 ι
63 1586 148 1621 νόμῳ.
164 1586 202 1612 Μ.
227 1586 270 1612 Ἐν
286 1586 338 1613 τίνι
360 1587 483 1621 συνᾴδει;
503 1587 533 1613 Ε.
552 1587 613 1618 Πῶς
626 1588 675 1614 οὑκ
692 1587 749 1614 ἐστι
764 1589 798 1615 τὰ

45 1631 97 1664 τάς
117 1631 151 1658 ’Δ
164 1631 319 1667 προέτεινεν
334 1632 348 1658 ὁ
369 1631 485 1666 Χριστὸς
509 1632 646 1666 γενέσθαι,
667 1633 753 1660 ταῦτα
769 1634 798 1660 ὲν

43 1687 47 1702 ι
62 1677 147 1712 Νόμῳ
161 1678 282 1712 γέγονεν.
305 1677 434 1712 Ἐχθροὺς
454 1678 562 1713 ἀγαπᾷν
576 1679 736 1714 προσέταξε,
752 1680 799 1706 καὶ

43 1723 128 1758 Ἷόμος
140 1723 254 1759 ἐχθροὺς
268 1723 304 1758 μὴ
316 1723 466 1758 ἀμύνεσθαι
477 1724 650 1759 προσέταξεν·
665 1725 722 1751 ἀλλ’
737 1725 798 1751 οὐδὲ

46 1778 93 1804 χρι
109 1768 170 1803 βοὸς
197 1769 214 1804 ἢ
231 1768 292 1795 δνου
309 1769 432 1804 παρορᾷν
447 1768 562 1795 κελεύει.
584 1768 646 1801 Πῶς
662 1769 690 1795 δὲ
712 1770 758 1796 καὶ
784 1771 799 1796 ὁ

43 1815 127 1846 ιιστὸς
142 1815 171 1840 οὐ
190 1815 299 1850 μισήσει
318 1814 381 1845 τοὺς
399 1813 433 1840 τὰ
449 1813 538 1848 φαῦλα
556 1814 742 1849 πράσσοντας,
759 1815 798 1847 ὠς

43 1861 134 1896 θροῦς,
149 1861 235 1894 λέγων
245 1869 252 1876 ·
276 1860 462 1894 Ἀναχωρεῖτε
480 1859 530 1886 ἀπ’
545 1860 618 1894 ἐμοῦ
627 1868 636 1892 ;
652 1859 736 1886 Τοῦτο
747 1860 797 1886 οὐκ

43 1916 82 1933 τιν
107 1907 217 1942 ἀγάπης
229 1926 236 1938 ,
256 1906 285 1932 τὸ
301 1906 460 1932 ἀπώσασθαι
480 1906 542 1937 τοὺς
567 1905 689 1941 ἐχθρούς.
706 1906 745 1932 Μ.
769 1906 797 1932 '0

43 1953 152 1988 οφήτης
178 1951 225 1977 τοῦ
247 1951 315 1977 Θεοῦ
337 1951 387 1986 τῆς
413 1951 566 1985 γενέσεως,
599 1951 642 1977 ἵνα
671 1950 797 1987 πολεμῶν

44 1998 134 2030 ειονας
165 1997 264 2033 ἀνέλῃ,
287 1997 384 2032 ἔστησε
411 1997 455 2023 τὸν
483 1997 573 2032 ἥλιον,
592 1997 638 2023 τοῦ
660 1998 696 2033 μὴ
717 1998 796 2025 δύσαι

44 2053 89 2078 χρι
114 2043 262 2078 συντελέσῃ
284 2043 404 2078 ἀναιρῶν
429 2044 492 2074 τοὺς
514 2043 699 2078 πολεμοῦντας
727 2043 795 2079 πρὸς

44 2098 50 2115 ι
65 2089 130 2116 λαόν
140 2098 146 2104 ·
162 2090 177 2115 ὁ
189 2089 217 2115 δὲ
232 2088 333 2124 Κύριος
345 2088 446 2122 ἀγαθὸς
460 2089 498 2114 ὢν
511 2088 594 2123 λέγει·
609 2090 641 2116 '0
655 2089 741 2123 ἣλιος
752 2090 795 2124 μὴ

44 2135 150 2162 ιδυέτω
170 2135 219 2162 ἐπὶ
243 2135 284 2168 τῷ
303 2134 494 2169 παροργισμῷ
506 2135 599 2169 ὑμῶν.
620 2136 653 2162 Α.
671 2136 737 2170 Περὶ
750 2135 795 2162 τοῦ

44 2190 68 2213 ις
81 2181 183 2213 ἀδίκως
205 2180 322 2216 πόλεμον
347 2180 401 2216 (56)
419 2180 489 2207 κατὰ
503 2181 640 2208 δεσποτῶν
657 2190 793 2217 συστησα-
812 2185 834 2212 Ι)

44 2236 104 2258 ’ρους
124 2228 198 2254 ὅσιον
216 2227 328 2258 δικαίως
348 2227 532 2262 ἀναιρεῖσθαι,
549 2227 745 2254 ἀποδέδεικται·
765 2229 795 2261 ἐξ

57 2273 106 2299 καὶ
119 2273 134 2299 ὁ
151 2273 266 2308 Χριστὸς
279 2272 324 2299 τὸν
340 2271 448 2306 φαύλως
463 2273 680 2308 ἀναστραφέντα,
689 2273 794 2300 κελεύει

44 2319 190 2354 ῃθῆναιείς
204 2318 235 2345 τὸ
254 2318 348 2349 σκότος
368 2318 399 2344 τὸ
418 2317 565 2353 ἐξώτερον,
586 2319 652 2345 ὅπου
674 2320 688 2345 ὁ
711 2319 793 2346 κλαυ-

44 2364 71 2395 δς
89 2364 137 2390 καὶ
154 2364 168 2390 ὁ
184 2363 306 2398 βρυγμὸς
327 2363 381 2389 τῶν
405 2363 527 2389 ὀδόντων.
545 2364 656 2390 Ἕνεκεν
678 2364 706 2390 δὲ
728 2363 774 2391 τοῦ
785 2384 792 2394 ,

56 2408 146 2442 ἥλιος
158 2407 202 2442 μὴ
217 2407 361 2435 ἐπιδυέτω
379 2407 427 2434 ἐπὶ
444 2407 484 2440 τῷ
497 2407 687 2442 παροργισμῴ
699 2407 791 2443 ὑμῶν·

815 1517 836 1546 C

859 220 912 250 tur,
924 226 985 246 cum
1001 228 1070 248 unus
1085 221 1178 253 ﬁdeles
1198 229 1306 260 servat,
1320 224 1390 252 alter
1404 231 1493 254 autem
1516 228 1643 262 perﬁdos.

859 262 980 298 Uterque
993 269 1083 293 autem
1096 266 1167 294 idem
1185 268 1274 296 facere
1291 270 1482 304 reperiunture
1494 271 1566 299 Nihil
1578 281 1643 308 ergo

856 310 1020 337 cciitrarium
1047 311 1153 339 accidit.
1185 312 1257 340 Cedo
1282 314 1304 340 si
1337 315 1401 348 quid
1429 315 1502 343 aliud
1527 317 1642 348 habeas.

857 353 891 380 Μ.
909 353 1039 383 Dominus
1053 356 1119 391 legis
1132 358 1168 384 :iit
1181 367 1188 385 :
1206 359 1305 394 Diliges
1319 360 1432 386 amicum
1447 365 1532 394 tuum,
1545 363 1640 389 etodio

855 399 960 427 habebis
975 401 1110 428 inimicum
1127 408 1200 430 tuum
1216 404 1247 430 “.
1270 405 1305 432 At
1326 405 1454 434 Dominus
1469 413 1576 440 noster,
1595 409 1641 442 qui

860 445 947 473 bonus
964 451 1017 478 est,
1034 447 1100 474 dicit
1116 457 1123 475 :
1141 449 1246 484 Diligite
1258 451 1380 478 inimico:
1394 457 1502 486 vestros,
1521 458 1546 480 et
1568 459 1640 481 orate

854 499 901 525 pro
917 493 1130 526 persequentibus
1146 502 1190 521 vos
1214 495 1246 521 ".
1261 494 1295 522 Δ.
1318 495 1347 522 Si
1371 495 1397 522 iii
1416 496 1474 524 solo
1494 498 1640 534 Evangelia

854 537 906 564 hoc
919 537 1035 572 positum
1054 543 1137 572 esset,
1151 545 1224 567 recte
1238 540 1365 568 dixisses.
1385 541 1414 568 Si
1430 549 1495 570 vero
1511 544 1593 571 etiam
1613 545 1639 573 in

855 582 927 617 Lege
942 583 1095 610 invenimus
1117 584 1331 613 distinctunuSi
1353 586 1458 619 videris,
1480 587 1575 622 inquit,
1594 590 1639 617 bo-

854 636 910 654 uem
929 634 1061 656 errantem
1081 629 1181 656 inimici
1197 631 1246 663 tui,
1264 638 1314 657 non
1325 631 1394 658 sines
1408 639 1466 658 eum
1484 633 1579 669 perire,
1595 636 1639 662 sed

855 672 991 699 reductum
1012 673 1036 699 ei
1060 673 1152 700 reddes
1174 674 1263 701 bovem
1276 683 1353 702 suum
1374 675 1405 703 ⁸⁵.
1420 676 1452 704 Ει
1470 685 1563 706 rursus
1583 680 1641 708 ait:

856 716 887 744 Si
900 717 996 744 videris
1012 718 1117 745 asinum
1138 719 1239 746 inimici
1261 721 1301 746 lui
1317 721 1455 749 cadentem
1472 723 1498 750 in
1518 725 1569 756 uia,
1590 733 1642 752 mm

855 764 1000 796 praeteribis
1017 771 1088 796 eum,
1103 764 1191 799 quoad
1207 773 1265 791 cum
1279 773 1356 793 onere
1372 768 1477 794 asinum
1490 770 1641 798 sublevave-

856 808 892 834 τις
915 809 947 835 η.
963 809 1031 842 Quin
1051 809 1132 836 etiam
1158 817 1220 837 cum
1245 811 1358 845 populus
1379 812 1470 840 Mosen
1488 814 1643 844 interficere

857 855 949 887 voluil,
971 855 1052 882 etiam
1067 855 1173 882 Domini
1185 856 1268 891 gloria
1286 859 1409 892 apparuit
1428 858 1468 892 ’°;
1489 859 1530 888 fas
1551 867 1640 890 autem

855 906 916 928 erat
932 908 979 928 eos
991 901 1035 936 qui
1050 901 1178 935 impetum
1197 901 1335 935 fecissent,
1352 903 1468 931 hostium
1489 905 1549 934 loco
1570 908 1640 935 inte-

856 946 936 973 rimi:
957 951 980 972 et
1000 946 1104 978 cecidit,
1120 951 1149 973 ut
1169 947 1300 981 scriptum
1314 953 1366 982 est,
1383 949 1546 984 ranfractio,
1565 954 1639 987 peri-

858 997 987 1026 turusque
1000 996 1058 1018 erat
1076 991 1200 1026 populus,
1215 992 1267 1019 nisi
1284 992 1382 1025 Moses,
1399 995 1529 1028 neglectis
1547 997 1638 1025 inimi-

855 1037 945 1070 citiis,
974 1045 1022 1072 pro
1047 1037 1165 1065 inimicis
1193 1038 1250 1076 suis
1272 1038 1356 1076 Deum
1380 1046 1518 1075 rogasset,
1546 1043 1640 1072 dicens

854 1083 952 1110 Λιιτοηί
969 1093 976 1110 :
995 1083 1110 1111 Occurre
1135 1084 1345 1117 exlerminatm‘i,
1360 1091 1462 1121 sumpto
1486 1087 1513 1114 in
1532 1096 1639 1116 manum

855 1130 989 1157 tliuribulo
1007 1129 1028 1145 ¹¹
1045 1139 1050 1156 :
1065 1137 1123 1164 qua:
1134 1137 1196 1157 eum
1213 1130 1335 1158 audisset
1348 1131 1449 1165 Aaron,
1470 1135 1598 1168 occurrit,
1613 1140 1637 1162 et

854 1176 973 1203 cessavit
991 1175 1140 1210 quassatio.
1164 1175 1248 1215 David
1266 1183 1383 1210 quoque,
1406 1184 1467 1204 eum
1485 1185 1547 1206 eum
1574 1179 1639 1207 Saul

855 1226 1062 1256 persequeretur
1081 1222 1116 1254 “,
1141 1225 1238 1248 nactus
1250 1221 1339 1249 locum
1357 1222 1430 1250 illius
1447 1223 1638 1257 interﬁciendi,

854 1272 944 1294 tanien
954 1275 1006 1294 non
1016 1267 1221 1299 interemit,sed
1231 1271 1325 1294 contra
1337 1275 1387 1302 pro
1400 1275 1432 1296 eo
1448 1275 1585 1302 precatur.
1594 1270 1640 1299 Je-

854 1312 953 1340 remias
963 1313 1045 1339 etiam
1057 1312 1198 1347 conjectus
1211 1313 1237 1339 in
1250 1312 1336 1339 laeum
1348 1315 1382 1340 ab
1392 1313 1520 1346 inimicis,
1531 1322 1585 1342 non
1597 1322 1639 1344 est

854 1359 1016 1386 recordatus
1025 1358 1149 1393 injurias,
1165 1363 1312 1393 contraque
1322 1358 1377 1393 ipse
1385 1359 1466 1386 etiam
1479 1367 1529 1394 pro
1542 1361 1581 1388 eis
1592 1369 1637 1389 ro-

853 1406 934 1440 gabat
945 1406 977 1432 “.
991 1404 1192 1432 Dicitautemiu
1201 1404 1291 1431 littera
1305 1405 1441 1440 Evangelii
1453 1414 1459 1432 :
1473 1406 1606 1434 Discedite
1621 1417 1637 1434 ιι

853 1459 905 1484 me,
921 1451 966 1486 qui
979 1451 1123 1485 operamini
1139 1449 1342 1485 iniquitafem".
1361 1450 1442 1478 Vides
1462 1451 1637 1487 Evangi-lium

853 1496 905 1532 legi
930 1503 1090 1524 consonare.
1117 1495 1153 1522 Μ.
1180 1495 1208 1522 lii
1232 1503 1285 1530 quo
1307 1497 1458 1523 consonat?
1484 1495 1514 1523 E.
1538 1496 1636 1531 Quidni

853 1544 946 1570 eadem
959 1541 1043 1569 sunt?
1058 1541 1125 1574 Quae
1138 1540 1263 1568 Christus
1276 1541 1442 1576 praescripsit
1453 1541 1591 1576 facienda,
1606 1551 1637 1571 ea

852 1589 878 1615 in
904 1588 975 1622 Lege
989 1588 1060 1616 facta
1084 1591 1148 1614 sunt
1165 1596 1171 1614 ε
1188 1587 1314 1614 inimicos
1327 1586 1410 1621 jussit
1424 1588 1499 1623 diligi
1512 1609 1519 1622 ,
1534 1593 1561 1616 et
1583 1589 1637 1617 Lex

852 1642 904 1661 non
920 1633 1013 1661 ulcisci
1028 1632 1239 1668 inimicosjubct
1255 1642 1262 1660 :
1276 1633 1342 1667 quin
1363 1640 1398 1660 ne
1416 1633 1511 1661 bovem
1528 1635 1636 1670 quidem

851 1684 899 1706 aut
913 1679 1018 1707 asinum
1041 1678 1118 1713 jubet
1141 1677 1250 1712 negligi.
1273 1677 1342 1711 Quid
1364 1682 1405 1705 est
1427 1683 1516 1706 autem
1540 1686 1638 1714 quam-

850 1724 945 1752 obreni
970 1731 1023 1751 non
1049 1724 1131 1751 etiam
1150 1723 1277 1751 Christus
1292 1723 1417 1751 inimicos
1440 1724 1486 1759 qui
1512 1724 1636 1759 improbe

850 1771 944 1797 vivunt
958 1768 1059 1802 oderit,
1075 1776 1137 1797 eum
1151 1769 1233 1802 dicat,
1249 1767 1381 1805 Discedite
1400 1777 1416 1795 a
1431 1770 1492 1796 me?
1511 1770 1567 1798 lloe
1581 1778 1634 1798 non

849 1821 892 1843 est
905 1815 1059 1846 charitatis,
1073 1813 1199 1841 inimicos
1219 1813 1360 1847 repellere.
1382 1813 1417 1840 M.
1432 1812 1564 1849 Propheta
1586 1815 1633 1842 Dei

850 1859 1007 1891 creationis,
1032 1865 1085 1893 quo
1111 1858 1201 1893 plures
1221 1857 1290 1885 bello
1313 1857 1486 1890 interﬁceret,
1511 1859 1633 1886 cohibuit

850 1906 947 1938 solem,
965 1912 1000 1932 ne
1012 1904 1150 1931 occideret
1165 1923 1173 1936 ,
1200 1903 1287 1937 quoad
1302 1902 1381 1937 plane
1399 1903 1502 1931 deleret
1523 1911 1570 1932 eos
1587 1906 1632 1939 qui

849 1959 910 1979 cuin
930 1950 1028 1986 populo
1050 1949 1149 1977 bellum
1168 1949 1319 1984 gerebant;
1341 1949 1470 1977 Dominus
1484 1953 1572 1977 autem
1586 1951 1631 1984 qui

848 1998 935 2025 bonus
953 2000 1006 2028 est,
1028 1995 1084 2022 ait:
1102 1995 1151 2022 Sol
1175 2002 1227 2021 non
1250 1994 1352 2020 occidat
1368 2003 1446 2029 super
1466 1995 1632 2022 iracundiam

848 2049 963 2072 uestram
980 2044 1014 2070 ".
1031 2043 1065 2069 Α.
1081 2041 1137 2069 Hoc
1149 2040 1206 2076 jam
1220 2041 1433 2069 demonstratum
1447 2046 1506 2072 est,
1521 2041 1561 2068 fas
1572 2048 1633 2068 esse

848 2094 930 2125 atque
944 2089 1046 2123 justum
1061 2087 1176 2115 interﬁci
1195 2094 1252 2118 eos,
1276 2087 1320 2120 qui
1342 2086 1470 2121 injustum
1484 2086 1583 2113 bellum
1603 2086 1630 2112 in

848 2135 971 2163 dominos
994 2133 1191 2165 conﬁaverint;
1214 2139 1247 2160 ex
1274 2132 1372 2167 quibus
1393 2132 1475 2160 etiam
1494 2132 1630 2165 Christus,

847 2189 908 2209 cuin
925 2182 970 2216 qui
983 2180 1114 2214 ﬂagitiose
1125 2179 1202 2212 vixit,
1213 2179 1290 2214 jubet
1304 2179 1330 2205 in
1345 2179 1470 2205 tenebras
1482 2178 1632 2205 exteriores

848 2225 958 2260 conjici,
975 2224 1020 2252 ubi
1039 2224 1073 2251 sit
1087 2223 1189 2251 clamor
1205 2224 1360 2257 stridorque
1375 2222 1494 2249 dentium
1508 2222 1542 2248 ¹⁶.
1555 2221 1631 2255 Quod

849 2276 938 2298 autem
956 2272 989 2297 ad
1009 2269 1073 2296 illud
1092 2269 1206 2301 attinet,
1223 2267 1269 2296 Sol
1290 2275 1342 2295 non
1362 2267 1465 2295 occidat
1480 2275 1558 2301 super
1576 2267 1634 2294 ira-

849 2316 974 2344 cundiam
994 2320 1115 2346 tmtram,
1133 2314 1184 2341 hoc
1203 2313 1360 2341 declaratur
1382 2320 1435 2340 non
1459 2313 1545 2340 solum
1565 2319 1634 2347 prae-

850 2370 930 2398 cepto
946 2364 972 2390 in
991 2363 1059 2397 lege,
1074 2362 1119 2390 sed
1139 2369 1167 2390 re
1183 2361 1264 2389 etiam
1281 2360 1407 2388 eﬁ'ectum
1423 2367 1499 2392 esse,
1519 2365 1550 2387 ut
1561 2361 1633 2387 scri-

848 2416 921 2445 ptuui
935 2414 978 2437 est
994 2418 1000 2435 :
1016 2407 1243 2435 Eraterbaverunt
1259 2405 1367 2440 Moysen
1390 2406 1418 2432 in
1440 2405 1560 2440 operibus
1578 2406 1633 2433 suis

45 2488 61 2503 ’³
73 2487 164 2514 Levit.
179 2495 236 2518 iuit,
254 2487 305 2520 18;
325 2487 421 2515 Matth.
433 2496 459 2519 v,
471 2488 516 2516 45.
555 2489 576 2504 ¹⁷
598 2487 661 2514 ibid.
678 2487 722 2514 44.
767 2490 789 2506 ία

882 2509 887 2515 .
903 2495 981 2518 xxui,
996 2486 1023 2512 4.
1062 2485 1083 2500 ¹⁹
1097 2484 1198 2520 ibidgb'.
1237 2481 1426 2520 "AEUIHLIXI.
1444 2479 1490 2520 ξε.
1522 2478 1544 2494 ¹¹
1564 2479 1631 2506 ibid.

87 2523 111 2539 ²¹
132 2523 142 2549 l
160 2514 350 2558 Beg.'xtv,'26.
388 2523 411 2538 ²³
419 2514 519 2550 lci-eiii.
536 2531 652 2554 xxxviii,
668 2523 693 2555 6,
709 2523 754 2552 20.
794 2527 798 2540 ⁵

882 2514 927 2550 ξιιι.
947 2514 995 2553 νιι,
1010 2521 1055 2548 25.
1093 2520 1115 2535 "
1130 2519 1199 2554 pr.
1214 2525 1251 2550 iv,
1263 2516 1307 2543 26.
1345 2515 1368 2530 “
1383 2514 1478 2541 Matth.
1493 2521 1553 2546 Xlll,
1565 2521 1631 2542 xxv.

47 2592 94 2626 52)
111 2591 187 2625 Τοὺς
199 2592 344 2625 πολλούς.
362 2590 549 2626 Humphredus
568 2591 593 2617 in
611 2591 731 2625 margine
746 2599 793 2617 uo—

48 2629 78 2658 it,
96 2627 163 2657 τοὺς
176 2627 298 2658 πιστούς,
314 2628 457 2654 credentes.
469 2625 527 2652 Pici
543 2626 627 2652 codex
644 2626 790 2657 consentit,

45 2670 110 2687 :non
142 2661 300 2692 Vaticanus.
315 2667 342 2688 et
357 2669 398 2689 res
413 2662 469 2696 ipsa
489 2660 514 2687 id
529 2661 653 2695 requirit,
675 2665 704 2687 ut
718 2661 792 2687 ἀντι-

45 2705 75 2721 ἐι
91 2702 177 2729 patet.
199 2696 385 2724 Warsresius.

48 2731 94 2763 55)
127 2731 304 2764 Ἀγαπήσεις
325 2732 378 2757 τὸν
401 2729 562 2765 ἀγαπῶν-τά
585 2738 631 2757 σε.
664 2729 790 2756 Eanidem

46 2765 187 2800 ectionetii
213 2767 270 2799 pari
297 2767 473 2800 responsione
499 2765 580 2800 diluit
603 2764 792 2800 Tlteodoretiis

45 2801 132 2828 :retic.
161 2798 245 2835 fabul.
269 2801 317 2827 lib.
330 2798 350 2834 ι,
373 2800 500 2835 cap.‘2«l;
524 2805 551 2827 et
573 2799 621 2828 lib.
633 2807 660 2833 ν,
675 2798 791 2834 capiti.

148 2893 286 2923 ΡΑτιιοι..
301 2891 360 2923 Gn.
374 2891 432 2922 X1.

881 2589 936 2625 (54)
958 2588 1104 2625 Ἀνοίξᾳς.
1123 2586 1314 2625 Humphredus
1327 2584 1408 2625 vertit
1421 2583 1563 2625 fuerim},
1579 2591 1634 2610 ma-

846 2618 891 2659 gis
903 2618 1023 2658 congrue
1037 2618 1119 2659 Picus
1131 2618 1276 2659 reducens:
1288 2620 1366 2659 _uiii_|_e
1383 2618 1522 2659 colligitur
1537 2618 1564 2644 in
1578 2625 1630 2645 ius.

846 2652 938 2686 codice
957 2652 1020 2684 ’ἑιιιιι
1033 2657 1134 2692 legisse
1155 2655 1266 2688 ἀνάξας.
1287 2653 1370 2687 LXX,
1386 2652 1568 2687 ἀποστρέψας,
1586 2660 1632 2679 eo-

846 2691 1211 2763 deigsgeahiiexlﬁiaticanus,
1224 2724 1341 2751 λάκκον
1356 2723 1480 2751 Wctslen
1528 2725 1631 2753 autem,

845 2761 964 2791 λάκκων,
979 2761 1116 2788 mendose.

883 2797 939 2833 (56)
956 2788 1027 2827 Τοὺς
1041 2794 1151 2833 ιζδλκως
1172 2795 1315 2833 πόλεμον.
1331 2798 1384 2822 etc.
1413 2792 1481 2820 Vide
1506 2794 1584 2818 notas
1595 2788 1632 2816 ad

847 2828 895 2860 lib:
910 2828 1034 2858 v‘coiitra
1045 2828 1162 2858 Celsum.
1178 2837 1252 2856 nuiii.
1269 2829 1313 2856 55.

1454 2882 1491 2913 55
