1860 3073
72 125 114 152 ’8⁵
712 134 811 163 LIBER
833 133 1024 163 SECUNDUS.

1642 130 1692 158 186

70 189 117 211 tur.
142 183 219 211 Escae
250 191 358 219 quoque
392 186 456 221 Ipsa:
479 188 521 215 vel
550 187 701 221 hominum,
730 190 772 217 vel
796 191 856 217 anl-
871 191 894 219 Α
910 189 1009 218 tionem
1026 198 1115 218 rerum
1130 190 1265 225 possimus
1283 189 1428 217 dilucidius
1453 188 1576 221 intueri,
1595 196 1692 216 conce-

70 229 172 256 nialium
189 237 283 257 nonne
305 231 427 259 eamdem
452 234 659 267 permutationis
676 241 786 261 causam
803 235 852 262 de-

70 275 185 301 clarant?
199 275 270 302 Nam
287 277 467 312 quodcunque
484 278 548 305 illud
558 282 600 305 est
614 279 685 313 quod
703 287 750 314 per
764 279 852 307 cihtttn

68 321 258 354 sumpserimus
272 341 280 354 ,
304 323 329 349 in
343 325 465 358 corporis
481 325 567 351 nostri
587 325 767 352 substantiam
795 333 854 352 ver-

69 367 138 393 titur.
153 366 205 393 Sed
221 372 250 394 et
264 369 385 402 qualiter
399 377 467 404 aqua
486 376 605 398 mutetur
629 370 655 397 itt
673 376 772 398 terram
787 391 795 403 ,
812 371 852 398 vel

68 411 90 437 in
100 418 196 443 aerem,
211 417 238 439 et
250 420 299 439 aer
310 421 403 441 rursus
415 414 440 441 in
457 414 561 449 ignem,
576 415 617 442 vel
630 416 700 450 ignis
713 416 738 442 in
749 424 852 448 aerem,

67 456 104 483 vel
115 464 160 484 aer
183 457 210 483 in
227 465 341 491 aquam,
371 459 495 494 quamvis
510 467 562 487 non
579 461 615 487 sit
631 460 776 488 difIicultas
805 469 853 488 ex—

67 507 156 535 ponere
172 501 296 537 (70-71),
314 508 401 530 tanien
416 505 442 530 in
464 506 588 539 prmsenti
605 505 665 533 loco
691 513 722 533 ea
751 506 853 534 sufficit

67 548 246 574 tantummodo
263 555 492 577 commemorasse
514 550 614 578 volenti
627 553 781 586 corporalis
796 560 853 580 ma-

67 593 134 619 teria:
146 593 287 621 discutere
301 595 446 622 rationem.
474 596 616 624 Materiam
630 605 695 633 ergo
723 598 851 633 intelligi-

67 645 120 665 mus
138 646 197 673 quae
220 639 349 673 rubjecta
364 647 405 668 est
419 642 599 677 corporibus,
631 643 657 670 id
682 650 725 672 est
745 652 777 672 ex
798 653 850 679 qua

67 682 150 710 inditis
178 689 262 718 atque
292 686 403 713 insertis
434 687 610 721 qualitatibus
638 696 752 723 corpora
785 691 850 718 sub-

67 729 168 757 sistunt.
184 730 341 763 Qualitates
358 736 449 759 autem
476 737 595 767 quatuor
621 735 756 763 dicimus:
787 736 851 764 cali-

66 774 131 806 dam,
147 774 287 809 frigidam,
312 778 436 810 aridam,
465 779 612 806 humidam.
644 779 710 813 Quae
734 786 852 814 quatuor

67 819 202 852 qualitates
218 821 270 858 ὕλῃ
288 842 295 853 ,
318 823 344 849 id
361 829 401 850 est
419 826 539 852 materia:
559 826 668 852 inserta:
682 846 690 859 ,
712 829 775 861 quia
793 836 851 855 ma-

68 865 127 892 teria
142 868 251 900 propria
270 868 378 896 ratione
394 875 469 897 extra
488 871 537 898 llas
551 878 612 899 esse
631 871 768 900 invenitur
783 882 850 908 quas

66 917 139 945 supra
155 912 275 941 diximus
297 915 440 949 qualitates
451 936 459 949 ,
487 916 610 947 diversas
625 927 769 954 corporum
787 928 848 955 spe-

68 956 117 983 cies
131 957 257 986 efﬁciunt.
298 960 363 988 Haec
394 966 484 988 tamen
511 965 626 992 materia
642 966 767 1000 quamvis
784 987 791 998 ,
819 971 848 993 ut

67 1007 139 1034 Supra
153 1003 283 1036 diximus,
303 1006 451 1032 secundum
470 1014 546 1034 suam
563 1011 698 1043 propriam
715 1011 848 1038 rationem

68 1047 119 1074 sine
135 1048 316 1082 qualitatibus
336 1051 391 1084 sit,
418 1060 555 1088 nunquam
583 1059 671 1083 tamen
701 1055 849 1083 subsistere

67 1098 135 1120 extra
147 1096 307 1129 qualitatem
331 1097 479 1126 invenitur.
510 1100 585 1128 llanc
610 1109 676 1136 ergo
707 1103 848 1130 materiam

69 1147 120 1174 quae
131 1146 198 1169 tanta
212 1148 240 1170 et
256 1143 322 1170 talis
337 1149 379 1171 est
397 1152 426 1171 ut
443 1145 567 1174 sufﬁcere
593 1147 626 1174 ad
641 1149 731 1177 omnia
756 1149 848 1176 mundi

69 1191 181 1220 corpora,
199 1195 259 1221 quae
277 1196 339 1215 esse
355 1188 425 1217 Deus
439 1190 545 1223 voluit,
562 1197 658 1226 queat,
675 1198 703 1220 et
714 1193 848 1220 conditori

70 1230 98 1256 ad
110 1238 282 1267 quascunque
297 1233 400 1261 fortnas
415 1235 479 1262 velit
493 1241 519 1262 et
532 1237 650 1270 species,
674 1237 850 1265 famularetur

71 1277 92 1303 in
105 1278 222 1306 omnibus
236 1283 266 1306 et
295 1281 412 1308 serviret
427 1301 434 1313 ,
460 1282 594 1316 recipiens
618 1283 645 1310 in
661 1291 691 1310 se
706 1283 849 1318 qualitates

71 1329 128 1356 quas
143 1323 196 1357 ipse
209 1324 344 1352 voluisset
356 1325 411 1361 (72)
427 1327 567 1361 imponere
581 1337 589 1361 ;
606 1329 697 1355 nescio
712 1330 848 1364 quomodo

71 1369 127 1395 tanti
141 1377 170 1396 ac
185 1370 251 1398 tales
278 1371 329 1398 viri
346 1372 492 1408 ingenitam
514 1373 570 1409 (75)
588 1394 597 1406 ,
631 1374 657 1401 id
681 1380 789 1402 estnon
814 1376 848 1403 ab

71 1420 121 1454 ipso
129 1421 179 1448 Deo
195 1421 299 1448 factam
315 1421 456 1448 conditore
469 1422 590 1448 omnium
608 1426 782 1457 putaverunt,
799 1423 847 1450 sed

71 1465 194 1493 fortuitam
224 1467 374 1501 quamdam
406 1467 465 1501 ejus
496 1472 621 1494 naturam
664 1468 848 1502 virtutemque

904 238 984 264 datur
1009 237 1148 271 paulisper
1177 243 1231 264 non
1255 236 1339 264 fuisse
1356 235 1521 267 materiam;
1546 239 1572 262 et
1595 233 1691 266 Deum,

903 291 964 310 cum
981 283 1046 311 nihil
1062 288 1134 311 esset
1151 283 1237 317 prius,
1259 283 1356 310 fecisse
1367 286 1395 309 ut
1413 286 1505 309 essent
1519 290 1550 309 ea
1561 288 1621 316 quae
1632 288 1692 308 esse

905 328 990 355 voluit
1004 336 1013 361 ;
1042 329 1105 363 quid
1119 328 1274 362 putabimus
1290 328 1353 362 quia
1369 327 1508 354 meliorem
1524 348 1531 360 ,
1546 331 1592 353 aut
1608 326 1692 360 majo-

905 382 960 401 rem
976 395 984 407 ,
1013 380 1061 401 aut
1076 374 1187 401 alterius
1201 374 1309 408 generis
1330 373 1470 400 materiam
1487 373 1606 400 facturus
1620 375 1692 399 esset

907 420 985 452 Deus,
1006 427 1087 455 quam
1104 428 1136 447 ex
1154 427 1203 446 sua
1217 419 1316 446 virtute
1332 423 1359 444 et
1372 418 1505 452 sapientia
1523 418 1690 452 proferebat,

904 471 931 492 ut
945 470 1020 493 esset
1043 474 1104 500 qua:
1124 470 1188 492 ante
1215 473 1267 491 non
1297 465 1408 491 fuerat?
1434 464 1474 490 Au
1489 464 1644 492 inferiorem
1663 469 1691 492 et

903 511 1096 539 deteriorem?
1130 510 1171 537 An
1197 510 1312 538 similem
1338 515 1420 544 atque
1445 510 1568 536 eamdem
1599 515 1627 536 ut
1649 515 1692 536 est

905 557 948 584 illa
970 564 1053 591 quam
1077 557 1120 583 isti
1147 557 1296 591 ingenitam
1313 555 1429 583 dicunt?
1457 555 1489 582 Et
1516 560 1580 589 puto
1606 556 1692 582 cuivis

903 602 1033 629 facillime
1061 607 1152 637 pateat
1181 602 1356 634 intellectus,
1381 600 1453 636 quod
1473 608 1560 634 neque
1585 601 1690 634 melior,

903 654 990 681 neque
1007 647 1123 674 inferior
1147 647 1281 681 potuis~et
1298 646 1390 673 mundi
1407 645 1509 672 formas
1533 647 1691 679 speciesque

902 694 1045 727 suscipere
1058 712 1065 724 ,
1094 693 1146 719 nisi
1166 692 1227 719 talis
1254 691 1371 724 fuisset,
1392 690 1482 725 qualis
1498 691 1549 717 ista
1573 696 1614 718 est
1631 698 1691 725 qua:

902 726 1034 772 suscepit.
1056 738 1088 765 Et
1105 736 1240 772 quomodo
1268 744 1333 772 ergo
1347 726 1399 764 non
1423 737 1559 764 videbitur
1578 737 1690 771 impium

901 788 927 816 id
942 787 1090 824 ingenitum
1108 787 1209 817 dicere,
1227 787 1297 821 quod
1311 787 1332 813 si
1347 786 1447 813 factum
1462 793 1477 812 a
1492 785 1546 820 '79
1559 786 1613 814 Deo
1627 794 1687 815 crc-

902 834 990 865 datur,
1017 833 1068 860 tale
1093 833 1151 860 sine
1165 832 1247 859 dubio
1263 832 1412 864 invenitur,
1428 831 1506 866 quale
1521 836 1548 859 et
1566 831 1630 860 illud
1646 837 1687 859 est

902 879 973 914 quod
987 878 1134 913 ingenitum
1148 878 1254 904 dicitur.

939 925 964 951 5.
981 923 1016 950 Ut
1037 929 1128 950 autem
1149 922 1229 949 etiatn
1252 930 1284 949 ex
1306 922 1505 956 Scripturarum
1530 922 1689 949 auctoritate

901 969 958 993 hatc
983 966 1020 992 ita
1038 973 1066 992 se
1081 967 1181 992 habere
1205 966 1348 992 credamus
1373 965 1458 1001 (75),
1477 965 1540 991 audi
1554 966 1690 999 quomodo

902 1011 928 1037 in
944 1003 1159 1037 Miachabacorum
1170 1011 1257 1043 libris,
1272 1011 1315 1037 tibi
1330 1015 1417 1037 tuater
1426 1015 1527 1044 septem
1540 1015 1689 1045 martyrum

901 1065 985 1084 unum
1000 1064 1034 1084 ex
1049 1056 1111 1083 filiis
1121 1057 1280 1083 cohortatur
1295 1057 1327 1083 ad
1350 1057 1487 1083 toleranda
1497 1061 1643 1088 tormenta,
1655 1057 1689 1083 de

901 1104 952 1130 hoc
968 1103 1092 1136 dogmate
1103 1102 1351 1138 eoufirmatur(76)
1364 1111 1371 1135 ;
1384 1103 1422 1128 ait
1437 1102 1523 1128 enim:
1539 1110 1547 1127 ι
1564 1101 1639 1135 Rogo
1651 1106 1687 1133 te,

902 1149 950 1182 fili,
976 1148 1080 1182 respice
1096 1147 1194 1174 caelum
1213 1151 1240 1174 et
1257 1151 1370 1179 terram,
1386 1151 1413 1173 et
1428 1146 1461 1173 ad
1478 1146 1568 1174 omnia
1582 1154 1642 1181 qua:
1661 1147 1688 1173 lll

901 1195 939 1221 eis
954 1199 1027 1225 sunt,
1038 1197 1065 1219 et
1080 1193 1175 1220 videns
1191 1194 1260 1226 haec,
1272 1193 1340 1219 scito
1355 1192 1417 1226 quia
1434 1192 1504 1219 Deus
1516 1193 1572 1219 hmc
1585 1193 1687 1226 omnia,

900 1247 960 1266 eum
980 1246 1033 1265 non
1048 1243 1148 1269 essent,
1168 1238 1231 1265 fecit
1247 1238 1280 1264 ⁵⁵.
1300 1247 1310 1264 ι
1324 1238 1376 1265 Sed
1390 1243 1416 1265 et
1434 1239 1459 1266 in
1474 1239 1543 1266 libro
1569 1237 1689 1265 Pastoris

901 1284 926 1311 in
946 1284 1033 1318 primo
1051 1283 1180 1310 mandato
1201 1283 1238 1310 ita
1251 1283 1306 1310 ait:
1325 1293 1334 1308 ι
1350 1283 1443 1311 Primo
1468 1284 1591 1311 omnium
1608 1283 1689 1311 crede

900 1330 963 1363 quia
981 1336 1050 1355 unus
1067 1333 1109 1355 est
1131 1328 1201 1355 Deus
1215 1329 1262 1363 qui
1277 1330 1369 1356 omnia
1389 1330 1493 1357 creavit
1509 1334 1591 1364 atque
1614 1337 1689 1356 com-

900 1376 999 1411 posuit,
1015 1380 1043 1403 et
1067 1377 1132 1403 fecit
1155 1383 1188 1402 ex
1210 1384 1242 1403 eo
1265 1376 1334 1410 quod
1362 1377 1429 1403 nihil
1458 1380 1528 1409 erat,
1545 1381 1574 1403 ut
1596 1381 1689 1404 essent

900 1423 1035 1450 universa.
1055 1432 1065 1449 ›
1080 1422 1217 1450 Fortassis
1250 1422 1282 1448 ad
1300 1422 1351 1449 hoc
1374 1422 1484 1456 respicit
1514 1422 1596 1448 etiam
1623 1421 1689 1447 illud

900 1468 970 1502 quod
991 1469 1017 1494 in
1035 1468 1150 1496 Psalmis
1166 1467 1296 1503 scriptum
1316 1472 1370 1500 est,
1384 1467 1448 1502 quia
1466 1476 1476 1493 ι
1493 1467 1549 1502 ipse
1566 1466 1643 1500 dixit,
1661 1471 1689 1493 et

71 1511 195 1541 dixerunt.
219 1514 252 1540 Et
271 1515 357 1540 miror
374 1514 508 1548 quomodo
525 1514 567 1541 isti
584 1514 694 1548 culpent
709 1522 771 1546 eos,
799 1516 844 1550 qui
860 1522 881 1551 α
899 1515 968 1542 facta
986 1519 1062 1546 sunt;
1082 1514 1138 1549 ipse
1151 1513 1301 1545 mandavit,
1316 1518 1344 1540 et
1361 1518 1452 1540 creata
1465 1516 1529 1540 sunt
1539 1511 1572 1539 ιθ.
1593 1521 1602 1538 ι
1619 1511 1687 1538 Natn

71 1557 105 1583 vel
116 1558 234 1591 opificem
248 1558 349 1590 Deum,
378 1558 418 1586 vel
430 1559 628 1593 prowdenliam
646 1560 724 1594 hujus
735 1560 844 1588 univer-

71 1603 148 1630 sitatis
168 1610 280 1639 uegaut,
303 1610 329 1632 et
348 1605 428 1639 impie
443 1612 491 1632 eos
506 1605 607 1632 sentire
622 1610 758 1640 arguunt,
774 1608 844 1640 quod

73 1654 164 1677 tantum
187 1652 281 1678 mundi
309 1659 377 1686 opus
399 1652 567 1678 arbitrentur
594 1652 653 1679 sine
680 1652 777 1687 opifice
804 1653 844 1679 vel

73 1695 195 1728 provisere
216 1701 370 1729 constare;
410 1702 471 1722 cum
499 1696 549 1730 ipsi
583 1704 691 1730 quoque
728 1693 843 1723 similem

73 1740 164 1774 culpam
189 1742 338 1776 impietatis
366 1741 530 1773 incurrant,
548 1741 695 1776 ingenitam
725 1741 845 1768 dicentes

74 1793 122 1812 esse
136 1790 275 1815 materiam
288 1788 398 1823 Deoque
416 1789 536 1824 ingenito
550 1793 724 1815 coaeternam.
743 1787 846 1814 Secun-

73 1831 126 1858 dum
139 1833 204 1861 hanc
224 1842 292 1869 ergo
309 1835 442 1862 rationem
466 1835 487 1861 si
502 1841 632 1868 ponamus
646 1854 653 1866 ,
669 1833 743 1860 verbi
759 1833 845 1867 gratia

75 1879 200 1906 materiam
230 1887 286 1906 non
313 1879 396 1907 fuisse
412 1901 419 1913 ,
450 1885 478 1906 ut
504 1880 548 1906 isti
573 1883 698 1906 asserunt
723 1879 846 1906 dicentes

74 1923 126 1956 quia
139 1924 205 1953 Deus
216 1933 270 1952 non
285 1925 403 1960 potuerit
418 1925 473 1961 (74)
489 1925 591 1959 aliquid
603 1923 694 1952 facere
706 1933 767 1951 cum
780 1924 846 1950 nihil

75 1977 87 1996 ε
99 1975 143 2003 set,
158 1972 212 1999 sine
243 1973 330 2000 dubio
353 1972 458 1999 futurus
474 1977 531 1999 erat
559 1972 662 1999 otiosus
678 1991 685 2003 ,
706 1970 846 1998 materiam

76 2023 118 2042 non
131 2017 227 2045 habens
239 2026 275 2046 ex
293 2026 345 2052 qua
363 2022 455 2052 posset
472 2017 590 2051 operari,
605 2017 723 2051 quamei
736 2023 788 2043 non
800 2023 846 2043 sua

75 2062 228 2096 provisione,
246 2064 297 2091 sed
310 2064 421 2092 fortuito
438 2063 561 2091 sentiunt
578 2063 687 2090 affuisse
701 2071 708 2095 ;
728 2062 848 2089 videtur-

76 2115 118 2142 que
129 2110 164 2137 eis
177 2113 246 2146 quod
266 2112 318 2139 hoc
329 2111 400 2146 quod
416 2111 526 2138 fortuito
541 2110 679 2137 inventum
695 2113 735 2136 est
751 2129 758 2141 ,
774 2108 846 2136 suffi-

76 2159 127 2180 cere
140 2155 161 2180 ei
174 2156 291 2189 potuerit
306 2156 338 2182 ad
355 2156 420 2182 tanti
437 2156 528 2190 operis
552 2155 650 2182 molem
663 2174 670 2187 ,
695 2159 724 2181 et
745 2154 778 2181 ad
792 2161 848 2180 sua:

897 1560 968 1594 quod
982 1561 1019 1586 ait
1033 1560 1096 1595 quia
1111 1569 1119 1585 ι
1135 1560 1190 1594 ipse
1201 1559 1282 1591 dixit,
1301 1563 1330 1586 et
1353 1558 1425 1585 facta
1449 1563 1521 1590 sunt,
1544 1567 1554 1583 ι
1583 1557 1689 1584 videtur

897 1605 1041 1632 ostendere
1056 1604 1237 1631 substantiam
1255 1603 1305 1631 dici
1321 1611 1416 1630 eorutn
1430 1611 1490 1637 quia
1513 1607 1594 1637 sunt;
1616 1603 1688 1637 quod

899 1657 964 1676 vero
979 1650 1031 1676 ait:
1050 1659 1058 1676 ι
1075 1650 1224 1682 Maudavit,
1245 1654 1271 1676 et
1292 1653 1383 1676 creata
1401 1654 1472 1680 sunt,
1495 1657 1503 1673 ι
1522 1648 1555 1675 de
1571 1647 1689 1682 qualita-

900 1696 972 1723 tibus
988 1697 1091 1723 dictuin
1119 1696 1225 1723 videtur
1252 1695 1350 1730 quibus
1379 1695 1530 1722 substantia
1555 1694 1612 1730 ipsa
1633 1693 1689 1721 for—

899 1746 971 1768 mata
987 1747 1040 1770 εει.

1213 1786 1326 1815 CAPUT
1343 1786 1374 1814 ll.

1040 1833 1079 1860 De
1095 1834 1268 1867 perpetuitate
1282 1839 1414 1867 corporea:
1432 1836 1545 1858 natum.

937 1880 961 1908 Ι.
981 1880 1036 1907 lloc
1063 1880 1089 1906 in
1117 1879 1177 1906 loco
1197 1885 1320 1912 quaerere
1335 1877 1424 1904 solent
1447 1877 1569 1911 quidam,
1596 1879 1686 1903 utrum

901 1927 971 1954 sicut
983 1927 1132 1961 ingenitum
1148 1924 1245 1952 Filium
1269 1928 1379 1959 general.
1396 1923 1487 1954 Pater,
1511 1926 1538 1949 et
1555 1921 1686 1957 Spiritum

901 1977 1023 1999 sanctutn
1039 1970 1152 2006 profert,
1174 1978 1226 1996 non
1249 1969 1328 2003 quasi
1343 1968 1387 2003 qui
1405 1972 1468 1995 ante
1483 1975 1536 1995 non
1553 1971 1622 1999 erat,
1640 1967 1686 1994 sed

901 2018 963 2052 quia
977 2019 1055 2053 origo
1069 2022 1096 2044 et
1109 2017 1169 2044 fons
1182 2016 1243 2043 Filii
1263 2016 1304 2042 vel
1318 2014 1435 2049 Spiritus
1446 2015 1532 2042 sancti
1543 2015 1623 2041 Pater
1634 2018 1685 2045 est,

901 2067 928 2089 et
945 2062 1010 2089 nihil
1028 2063 1053 2088 in
1068 2062 1109 2089 his
1122 2062 1245 2088 anterius
1262 2061 1430 2094 posteriusve
1451 2059 1564 2093 intelligi
1580 2063 1685 2093 potest;

902 2109 937 2136 ita
960 2108 1042 2136 etiam
1065 2108 1137 2134 inter
1158 2107 1336 2134 rationabiles
1364 2111 1475 2133 naturas
1498 2110 1523 2132 et
1547 2106 1686 2132 materiam

902 2155 1071 2190 corporalia]:
1094 2154 1191 2181 similis
1207 2153 1272 2189 (77)
1287 2154 1409 2188 qumdam
1434 2153 1550 2180 societas
1566 2152 1688 2186 \el'pro-

77 2197 168 2227 Virtutis
180 2202 329 2235 potentiam
345 2222 352 2232 ,
378 2201 448 2236 quod
465 2202 546 2228 totius
571 2200 711 2235 sapientia:
725 2206 778 2226 sure
791 2206 851 2226 sus-
867 2197 888 2224 D
904 2200 1041 2236 pinquitas
1072 2200 1156 2234 possit
1186 2199 1310 2234 intelligi.
1337 2200 1423 2233 Quam
1440 2207 1495 2226 rem
1527 2204 1555 2225 ut
1585 2198 1687 2233 plenius

77 2242 165 2277 cipieus
190 2248 324 2274 rationem
344 2247 558 2281 distingueretur
584 2254 616 2272 ac
633 2245 798 2272 formaretur
811 2244 845 2271 ad

77 2290 199 2318 mundum.
216 2292 294 2325 Quod
311 2292 374 2319 mihi
393 2291 590 2327 perabsurdum
606 2291 710 2318 videtur
724 2311 732 2323 ,
756 2295 782 2318 et
801 2298 846 2318 eo-

79 2339 127 2360 rum
137 2343 192 2364 esse
204 2338 344 2365 hominum
370 2339 417 2373 qui
438 2338 567 2365 virtutem
583 2343 666 2372 atque
690 2336 843 2371 intelligen-

79 2378 132 2406 tiam
147 2381 267 2417 ingenita:
287 2387 390 2411 natura:
406 2383 514 2419 penitus
526 2385 661 2419 ignorant.
692 2383 746 2411 Sed
760 2387 789 2409 ut
807 2390 847 2409 ra-

102 2458 152 2486 “ll
173 2461 258 2490 Maeli.
280 2470 329 2494 vn,
350 2462 394 2490 28.
432 2463 455 2478 “
471 2462 570 2490 Psalm.
588 2470 700 2495 CXLVIII,
718 2462 744 2489 5.

107 2525 202 2563 (Ξρ-τιι
218 2529 264 2556 Sic
279 2537 346 2556 mss.
357 2529 443 2560 Alias,
460 2539 468 2555 ι
481 2529 588 2556 difﬁcile
603 2537 750 2563 exponere.
767 2539 776 2555 ι

109 2560 157 2600 (Ίῖ)
170 2562 215 2600 Sic
231 2564 258 2600 in
273 2566 399 2591 ontnihus
414 2565 513 2599 legitur
528 2572 592 2591 mss.
606 2574 612 2597 ;
639 2560 664 2591 in
677 2565 759 2591 editis
773 2572 848 2597 vero,

84 2602 92 2617 ι
106 2596 235 2625 t‘amulctnr
250 2599 275 2625 in
292 2600 418 2625 omnibus
431 2620 438 2631 ,

83 2632 210 2668 tate_s_qu_as
225 2634 280 2668 ipSe
295 2634 385 2662 vellet.
405 2644 414 2660 ι

110 2663 263 2703 (Bimae-io
277 2669 407 2703 quomodo
423 2669 489 2695 tanti
502 2677 532 2695 ac
548 2669 612 2695 tales
626 2669 674 2694 viri
688 2670 843 2703 ingenitam,

83 2702 124 2736 etc.
139 2700 202 2739 Idem
220 2700 408 2739 argumentum
426 2703 511 2731 fusius
527 2704 697 2739 persequitur
712 2700 843 2738 Origenes

85 2739 106 2773 In"
125 2737 200 2768 primo
222 2737 476 2766 Co‘rmmnturiorum
500 2737 533 2765 n.’
555 2737 674 2765 Getica-im
693 2737 843 2773 fragmento

84 2766 161 2809 ῧζξξρο
171 2774 241 2809 quod
260 2775 381 2807 reperire
395 2779 434 2800 est
449 2773 500 2800 sub
517 2774 619 2809 initium
635 2778 699 2800 tom.
712 2766 844 2801 llvnostrac

85 2802 198 2842 etlitiottis.
223 2802 403 2836 Vide'ibidem
420 2809 564 2835 clarissinti
584 2808 671 2835 lluctii
685 2809 799 2842 primatu
816 2810 842 2835 in

86 2839 142 2865 is“Id
154 2839 326 2877 fragmentum
347 2844 565 2871 observationem
581 2863 588 2876 ,
614 2844 658 2871 ubi
674 2839 753 2872 docet
767 2844 842 2872 Ana-

456 2605 483 2626 et
498 2607 554 2627 seri
563 2602 599 2626 lat
612 2600 744 2634 recipiens
759 2599 831 2634 quali
841 2615 848 2620 -

900 2249 980 2277 atque
1004 2243 1136 2270 intentius
1165 2243 1343 2278 investigent,
1371 2243 1434 2283 illuc
1461 2244 1550 2272 solent
1576 2244 1686 2272 initium

901 2289 1093 2323 disputationis
1118 2287 1268 2321 inflectere,
1295 2295 1323 2316 ut
1351 2289 1489 2324 inquirant
1503 2290 1525 2316 si
1553 2290 1610 2316 hinc
1627 2290 1684 2323 ipsa

902 2339 995 2361 natura
1025 2342 1156 2369 corporea
1171 2343 1230 2369 qua:
1253 2335 1417 2369 spiritalium
1435 2340 1461 2363 et
1487 2335 1686 2362 rationabilium

901 2380 1033 2408 mentium
1061 2382 1132 2409 vitas
1155 2382 1205 2409 fert
1233 2388 1260 2409 et
1285 2383 1406 2410 continet
1424 2388 1524 2415 motus,
1550 2382 1607 2416 pari
1625 2389 1686 2408 cum

900 2534 1018 2562 xagorae.
1034 2526 1278 2562 Pythagoreorum,
1303 2526 1514 2558 Platonicorum,
1530 2526 1685 2554 Stoicorum

898 2561 1070 2596 aliorumque
1092 2570 1151 2588 eam
1179 2564 1342 2588 sententiam
1368 2561 1452 2587 fuisse
1468 2580 1476 2593 ,
1505 2561 1633 2587 tttundutu
1652 2568 1686 2588 ex

899 2598 1019 2631 ingenita
1039 2597 1150 2623 materia
1164 2596 1247 2623 Deum
1264 2596 1427 2624 condidisse.

934 2629 991 2667 (74)
1017 2631 1063 2658 Sic
1091 2639 1156 2658 tnss.
1176 2632 1265 2663 Editi,
1301 2640 1309 2655 ι
1329 2631 1422 2660 fuisse,
1441 2636 1492 2667 non
1511 2633 1540 2655 ut
1565 2629 1607 2656 isti
1632 2629 1685 2655 dis-

898 2665 994 2695 serunt
1010 2666 1130 2693 dicentes
1142 2666 1205 2700 quia
1222 2667 1291 2693 Deus
1311 2674 1362 2693 non
1376 2665 1504 2699 potuerit.
1517 2673 1526 2690 ι

934 2701 988 2738 (75)
1006 2701 1050 2738 Sic
1068 2709 1149 2738 tnss.;
1170 2701 1244 2732 editi,
1263 2711 1271 2726 ι
1286 2702 1442 2738 doceamus.
1457 2708 1470 2738 ιι

934 2733 990 2772 (76)
1003 2736 1041 2772 De
1052 2737 1099 2763 ltoc
1114 2737 1234 2771 dogmate
1256 2736 1437 2772 rouﬁrmalur.
1457 2733 1519 2761 Haec
1544 2734 1642 2761 desunt
1658 2734 1684 2761 in

897 2769 1081 2803 anlca'cditis,
1095 2769 1294 2798 sedﬁhabentur
1307 2772 1333 2796 in
1350 2769 1475 2796 omnibus
1487 2777 1549 2796 mss.

933 2808 988 2844 (77)
999 2808 1026 2834 ln
1043 2812 1121 2834 antea
1133 2806 1212 2833 editis
1227 2807 1302 2844 deest
1326 2805 1433 2844 (“inter
1447 2805 1620 2844 rationabiles
1635 2813 1684 2831 na-

899 2840 984 2875 turas,
1004 2854 1012 2870 ι
1025 2848 1052 2870 ct
1065 2843 1175 2877 insuper
1187 2850 1237 2877 pro
1253 2851 1262 2868 ι
1281 2840 1387 2874 similis,
1405 2850 1414 2866 τ
1429 2841 1546 2874 lcgiturt
1563 2841 1654 2867 simul.

1363 2884 1374 2896 ι
