1834 3072
52 126 62 151 ι
70 126 124 153 755

339 125 528 152 ADAMANTII
546 121 718 150 DIALOGUS
738 121 781 148 DE
800 121 915 148 RECTA
934 122 968 148 IN
989 121 1083 149 DEUM
1104 122 1192 149 FIDE.
1210 138 1245 143 -—-
1266 122 1362 152 SECT.
1381 124 1401 151 Ι.

1611 126 1678 153 1734

52 186 87 214 '0
103 186 178 218 λίΟος
198 184 232 221 ἦν
249 187 280 212 ἐκ
295 186 362 212 Θεοῦ
378 186 510 221 βασιλεία,
524 186 553 213 ἐν
567 185 630 221 δόξῃ
646 185 699 221 (95)
717 194 812 220 φαινομ

928 192 1007 218 gnum
1019 191 1052 211 ex
1070 184 1133 216 Deo,
1148 184 1173 210 in
1185 183 1269 218 gloria
1285 191 1437 218 apparens;
1452 188 1479 211 et
1493 184 1677 214 simulacrum,

49 241 86 267 νη
98 241 104 247 ’
125 234 174 259 καὶ
191 233 208 267 ὴ
223 232 303 258 εἰκὼν
317 233 334 267 ἡ
356 233 402 258 ἐπὶ
425 233 474 267 τῆς
496 232 548 267 γῆς
566 231 686 266 βασιλεία.
699 231 844 266 συστήχειν

49 278 122 312 (94).
149 278 290 304 Δείκνυται
314 277 362 306 οὖν
384 278 429 304 τὸν
451 277 494 304 διὰ
518 278 610 312 Νόμου
628 278 675 304 καὶ
697 277 844 312 Προφητῶν

49 323 173 359 Χριστὸν
192 323 303 358 μηδέπω
325 323 481 358 ἐληλυθέναι
493 331 500 338 '
528 324 551 349 εί
567 323 620 358 γὰρ
646 322 780 358 ἐληλύθει,
795 323 844 348 οὐκ

49 369 87 394 ἂν
100 367 134 404 ἦν
150 369 232 404 ἑτέρα
247 369 368 403 βασιλεία
391 369 436 395 ἐπὶ
458 369 507 404 τῆς
521 369 585 403 γῆς,
608 369 646 400 ὡς
659 369 775 404 ἐμήνυσε
792 370 843 394 Δα-

49 414 123 449 νιήλ.
147 415 195 440 Ἐκ
211 414 238 440 δὲ
249 414 295 440 τοῦ
314 414 403 446 πάσας
422 414 471 446 τὰς
484 414 621 449 βασιλείας
634 415 776 449 συστήκειν
790 413 843 440 δεί-

49 467 150 485 κνυται
170 459 252 495 μήπω
276 460 413 494 ἐληλυθὼς
434 461 448 486 ὁ
462 460 506 486 διὰ
518 460 609 495 Νόμου
628 459 673 486 καὶ
698 459 844 495 προφητῶν

49 504 182 538 Χριστός.
207 505 246 532 Ἀ.
261 505 301 531 Τὰ
317 505 428 536 δικαίως
443 505 472 531 ὲν
488 506 546 536 ταῖς
570 505 690 540 Γραφαῐς
712 503 844 539 εἰρημένα

50 549 144 583 βούλει
161 550 260 580 ἀδίκως
274 551 358 576 νοεῖν·
381 551 405 576 οἱ
422 549 475 585 γὰρ
495 550 631 585 προφῆται
647 550 692 575 καὶ
706 549 736 575 τὸ
755 549 844 582 Εὐαγ-

49 594 145 627 γέλιον
159 593 204 620 δύο
215 594 333 629 Χριστοῦ
349 594 499 629 παρουσίας
514 594 569 628 (95)
584 593 745 628 διασαφοῦσι
755 602 761 607 ·
780 593 843 627 μίαν

49 639 82 665 ὲν
95 639 331 675 ταπεινοφροσύνῃ
345 639 394 674 τὴν
410 639 530 674 πρώτην,
549 639 595 665 καὶ
611 639 659 674 τὴν
674 638 742 674 μετὰ
758 638 843 665 ταῦτα

50 682 170 714 ἔνδοξον,
200 683 267 717 Περὶ
284 683 332 717 μὲν
355 681 400 709 οὖν
416 683 465 718 τῆς
486 683 597 719 πρώτης
620 683 734 714 Ἡσαΐας
757 682 844 715 οὕτως

49 726 131 754 εἶπεν
144 737 150 743 ·
168 727 297 762 Εἶδομεν
318 728 422 760 αὑτὸν,
439 729 486 755 καὶ
503 730 557 755 οὐκ
573 727 634 762 εἶχε
654 728 778 762 κάλλος,
795 730 844 756 οὔ-

49 782 82 800 τε
98 772 193 806 εἶδος·
219 774 299 800 ἀλλὰ
317 775 349 800 τὸ
372 772 451 807 εἶδος
463 774 554 801 αὑτοῦ
576 774 690 809 ἄτιμον,
704 775 844 803 ἐκλεῖπον

49 820 130 854 ὑπὲρ
142 820 212 853 τοὺς
224 820 309 859 vim);
322 819 381 846 τῶν
390 819 560 853 ἀνθρώπων.
576 821 631 847 Καὶ
649 820 729 847 πάλιν
740 830 745 835 ·
771 821 843 849 Ἰδοὺ

895 237 1006 264 regnum
1024 230 1094 265 quod
1111 235 1151 257 est
1165 229 1191 256 in
1210 233 1281 256 terra
1301 229 1488 256 constitutum.
1504 229 1677 265 Perspicuum

893 281 935 302 est
950 276 1042 309 igitur,
1062 276 1210 309 Christum,
1225 283 1304 311 quem
1330 274 1385 302 Lex
1405 282 1436 301 ac
1453 274 1595 309 Prophetaa
1616 282 1679 309 pro-

894 322 1135 352 millunt,nondtltn
1153 322 1270 350 venisse.
1287 321 1317 348 Si
1332 321 1403 348 enim
1421 320 1550 352 venisset,
1564 321 1588 347 in
1605 325 1675 347 terra

895 373 1005 401 regnum
1024 366 1136 392 alterum
1159 374 1210 392 non
1234 371 1317 396 esset,-
1332 364 1558 399 quemadmodum
1582 363 1675 390 Daniel

895 411 1035 439 indicavit.
1053 411 1091 438 Ex
1113 418 1145 438 eo
1169 416 1258 438 autem
1285 409 1357 444 quod
1382 417 1464 443 regna
1477 410 1567 435 omnia
1580 409 1678 436 consli-

895 460 950 482 tula
971 459 1043 487 stitit,
1061 455 1187 482 Christus
1200 456 1245 489 qui
1261 463 1276 482 a
1296 455 1355 489 lege
1376 457 1404 480 el.
1425 455 1565 489 prophetis
1580 454 1678 488 pracdi-

894 501 965 527 citur
981 501 1098 528 nondum
1126 501 1232 528 venisse
1250 503 1411 529 ostenditur.
1429 502 1460 528 A.
1478 501 1542 534 Quae
1563 505 1636 527 recte
1651 501 1676 526 in

896 546 1046 580 Scripturis
1063 547 1134 573 dicta
1150 551 1224 578 sunt,
1239 553 1271 573 ea
1291 547 1332 574 vis
1351 555 1491 582 perperam
1517 546 1675 581 intelligere.

894 590 1036 625 Prophetas
1052 592 1124 618 enim
1140 596 1221 626 atque
1237 591 1413 627 Evangelium
1433 593 1501 620 duos
1513 592 1614 619 Christi
1632 592 1678 617 ad-

893 642 990 664 ventus
1006 641 1154 671 exponunt,
1169 645 1251 663 unum
1271 637 1412 669 humilem,
1430 645 1526 671 nempe
1539 637 1655 671 priorem
1670 645 1678 669 ;

893 682 994 709 clarum
1009 682 1137 714 alterum,
1149 682 1276 708 nimirum
1291 683 1481 717 posteriorem.
1499 683 1536 709 Ac
1544 682 1577 708 de
1589 681 1680 716 priore

894 728 1001 762 quidem
1019 727 1102 754 Isaias
1123 729 1180 755 haec
1197 728 1284 754 dixit:
1304 728 1424 756 Vidimus
1439 736 1511 761 eum,
1524 732 1548 755 et
1566 735 1617 754 non
1636 727 1680 753 Ita-

895 773 966 799 bebut
981 773 1102 807 speciem,
1115 781 1160 799 nec
1179 774 1424 807 pulchritudinem;
1442 773 1486 800 sed
1507 772 1605 807 species
1624 772 1680 805 ejus

895 818 1019 853 ingloria,
1034 819 1159 852 deﬁciens
1178 827 1257 853 supra
1283 828 1371 846 omnes
1399 819 1471 852 ﬁlios
1498 818 1633 844 hominum
1645 817 1678 842 τ’.

49 867 66 892 ὁ
81 866 153 898 παῖς
167 865 203 892 ὃν
213 866 336 900 ᾑρέτισα
349 866 414 902 (96).
428 868 443 892 ὀ
458 866 620 901 ἀγαπητὸς,
636 867 671 893 ἐν
683 863 706 899 ᾧ
719 867 812 894 εὐδόκ-

925 884 926 889 η
950 871 1064 890 rursus:
1083 863 1150 890 Ecce
1166 872 1231 898 puer
1250 872 1326 898 quem
1352 863 1428 898 elegi,
1443 863 1563 894 dilectus,
1579 862 1607 888 in
1628 869 1679 896 quo

49 919 110 937 σει·
126 913 145 945 ἠ
158 911 243 946 ψυχή
256 921 314 946 μου
327 919 334 927 ·
350 913 404 940 οὐκ
420 912 523 945 ἐρίσει,
538 912 609 939 οὐδὲ
629 913 791 948 κραυγάσει
807 913 842 940 ἐν

49 956 119 989 ταῖς
131 956 284 989 πλατείαις
293 965 300 971 ·
315 957 449 991 κάλαμον
459 958 711 992 συντετριμμένον
722 960 757 985 οὐ
774 966 842 984 κατ-

49 1001 143 1034 εάξει,
156 1001 205 1028 καὶ
215 1002 304 1028 λίνον
319 1001 523 1035 τετυφωμένον
540 1003 576 1028 οὺ
595 1002 707 1029 σϐέσει.
720 1003 774 1029 Καὶ
786 1003 840 1038 (97)

49 1046 136 1073 πάλιν
147 1056 153 1062 -
171 1047 268 1080 Χαῖρε,
286 1047 410 1081 θύγατερ
431 1047 632 1081 Ἰερουσαλὴμ,
648 1048 774 1081 σφόδρα,
789 1045 842 1083 an-

49 1099 160 1125 ρυσσε,
176 1094 301 1127 θύγατερ
314 1092 389 1119 Σιών
398 1101 404 1107 ’
416 1092 480 1118 ἰδοὺ
494 1094 511 1119 d
521 1093 671 1125 ,βασιλεύς
684 1101 741 1119 σου
759 1094 841 1128 ἔρχε-

49 1146 100 1164 ται
114 1137 220 1171 πραῢς,
237 1137 416 1171 ἐπιϐεϐηκὼς
428 1137 477 1163 ἐπὶ
495 1137 567 1164 ὄνον
577 1146 583 1151 ·
601 1138 639 1168 ὡς
658 1138 686 1164 ὲν
700 1138 738 1173 τῷ
753 1139 842 1172 Εὐαγ-

49 1183 135 1218 γελίῳ
150 1183 305 1219 δεδήλωται,
322 1183 363 1209 ὅτι
382 1183 496 1215 καθίσας
511 1183 557 1208 ἐπὶ
577 1183 637 1209 ὄνου
658 1183 780 1219 εἰσῆλθεν
801 1185 840 1215 εἰς

54 1227 245 1263 Ἰερουσαλήμ.
264 1227 404 1263 Τηλαυγὲς
425 1225 471 1253 οὖν
493 1227 523 1252 τὺ
549 1227 615 1253 ποτὲ
639 1227 688 1262 μὲν
712 1229 741 1254 ἐν
766 1228 839 1263 δόξῃ,

49 1274 117 1300 ποτὲ
129 1273 156 1300 δὲ
172 1274 200 1299 ὲν
215 1273 350 1308 πραΰτητι
360 1282 366 1288 ⁸
382 1270 436 1299 οἶδε
449 1273 478 1299 δὲ
492 1273 537 1299 τὸν
552 1275 581 1300 ὲν
597 1273 660 1310 δόξῃ
673 1274 720 1300 καὶ
734 1273 840 1305 Παῦλος

49 1321 64 1346 ὁ
90 1319 246 1350 ἀπόστολος,
272 1318 375 1352 λέγων·
400 1319 448 1344 Ἐν
476 1319 654 1353 κελεύσματι
691 1319 783 1351 Θεοῦ,
805 1320 840 1346 ὲν

49 1364 137 1399 φωνῇ
153 1363 350 1399 ἀρχαγγέλου,
369 1364 403 1390 ἐν
417 1363 455 1397 τῇ
477 1363 592 1398 ἐσχάτῃ
620 1364 765 1399 σάλπιγγι
788 1373 840 1391 κα-

49 1409 211 1443 ταϐήσεται
232 1410 337 1442 Κύριος
366 1410 416 1436 ἀπ’
439 1409 585 1443 οὐρανοῦ·
610 1410 659 1436 καὶ
685 1411 712 1437 οἱ
740 1411 840 1445 νεκροὶ

49 1455 262 1491 ἐγερθήσονται
278 1455 332 1490 (98)
355 1454 480 1489 πρῶτοι,
506 1455 608 1482 ἔπειτα
631 1456 681 1482 καὶ
709 1456 793 1490 ἡμεῖς
812 1459 839 1484 οἱ

49 1501 288 1535 περιλειπόμενοι
313 1502 357 1533 είς
381 1500 438 1534 τὴν
462 1502 633 1535 παρουσίαν
659 1503 762 1535 αὐτοῦ,
779 1505 839 1538 ἅμα

893 909 1050 940 complacuit
1064 908 1151 935 anima
1167 917 1235 939 mea,
1255 917 1308 935 non
1325 909 1473 940 contendet,
1494 916 1539 934 nec
1556 907 1679 934 clamabit

893 955 920 980 in
927 954 1035 989 pluteis:
1045 954 1175 981 calamum
1187 956 1327 982 contritum
1337 963 1388 981 non
1397 954 1555 989 confringet,
1563 959 1585 980 et
1596 954 1678 980 linum

892 999 1024 1033 fumigaas
1046 1008 1096 1026 non
1120 1000 1263 1034 exstinguet
1279 1000 1313 1027 ⁷³.
1333 999 1437 1026 Rursus
1456 1000 1538 1026 etiam
1555 997 1678 1030 :Gaude,

891 1045 948 1078 [ilia
968 1045 1134 1072 Hierusalem
1147 1065 1155 1077 ,
1173 1046 1350 1078 vehementer;
1365 1046 1493 1080 prmdica,
1507 1045 1566 1079 ﬁlia
1589 1045 1653 1073 Sion
1669 1054 1678 1072 :

893 1090 959 1116 Ecce
974 1090 1029 1116 Iiex
1047 1095 1106 1116 tuus
1117 1089 1678 1124 venitiitansttetits,sedenssuperasinum",

892 1136 1116 1169 quemadmodum
1131 1137 1156 1161 in
1175 1135 1319 1170 Evangelia
1330 1137 1494 1170 explicatqu
1507 1140 1559 1167 est,
1574 1143 1635 1162 eum
1652 1135 1677 1160 in

891 1182 968 1207 asina
993 1181 1130 1208 sedentem
1149 1180 1338 1216 Hierosolyma
1362 1182 1478 1211 venisse.
1500 1181 1676 1215 Perspicuum

891 1231 933 1253 est
953 1233 1027 1260 ergo,
1048 1234 1109 1252 eum
1133 1226 1200 1253 alias
1217 1227 1332 1259 clarum,
1354 1227 1421 1254 alias
1445 1230 1616 1253 mansuetum
1634 1232 1678 1252 vc-

891 1272 971 1298 nisse.
990 1271 1123 1298 Intellein
1139 1277 1229 1298 autem
1245 1273 1327 1299 etiam
1352 1271 1450 1299 Paulus
1472 1273 1613 1307 apostolus
1627 1272 1679 1299 cla-

891 1324 949 1343 rum
964 1316 1021 1350 ejus
1037 1317 1191 1349 adventum,
1213 1326 1274 1345 cum
1299 1318 1336 1344 ait
1352 1318 1374 1333 ⁷⁸
1389 1327 1397 1344 :
1412 1317 1445 1344 In
1456 1318 1534 1352 jussu
1562 1317 1625 1350 Dei,
1651 1319 1678 1344 in

889 1369 949 1389 voce
968 1361 1129 1396 archangeli,
1147 1363 1174 1389 in
1190 1363 1332 1389 novissima
1351 1364 1412 1390 tuba
1430 1364 1569 1390 descendet
1585 1363 1678 1390 Domi-

890 1416 937 1434 nus
954 1409 986 1434 de
997 1409 1071 1442 calo,
1089 1414 1112 1435 et
1127 1408 1225 1435 mortui
1237 1415 1371 1443 resurgant
1385 1409 1482 1443 primi:
1493 1409 1587 1436 deinde
1597 1409 1678 1436 etiam

890 1462 935 1480 nos
952 1455 997 1489 qui
1024 1454 1199 1489 relinquimur
1212 1455 1238 1481 in
1252 1455 1391 1481 adventum
1418 1455 1485 1489 ejus,
1515 1455 1595 1482 simul
1617 1463 1676 1482 cum

889 1498 953 1531 ipsis
981 1499 1115 1532 rapientur
1135 1499 1162 1525 in
1181 1499 1292 1525 nubibus
1311 1499 1412 1525 obviam
1436 1499 1470 1526 ei.
1491 1499 1575 1526 Siculi
1596 1499 1677 1526 ctiam

49 1547 112 1573 σὺν
125 1546 225 1579 αὐτοῖς
239 1547 474 1580 ἁρπαγησόμεθα
489 1546 524 1572 ἐν
537 1546 674 1580 νεφέλαις
689 1549 734 1580 εἰς
747 1549 812 1575 ἁπάι

925 1543 983 1571 ηηὶεἰ
998 1544 1054 1570 ait:
1078 1543 1136 1570 Vidi
1151 1544 1227 1578 quasi
1239 1543 1340 1570 Filium
1354 1545 1467 1571 hominis
1481 1554 1528 1579 per
1540 1546 1619 1572 nubes
1637 1554 1678 1572 vc-

49 1599 141 1625 τησιν
167 1590 276 1618 αὑτοῦ·
299 1589 390 1622 καθὼς
415 1590 460 1616 καὶ
478 1591 492 1616 ὁ
514 1589 612 1625 Δανιὴλ
635 1590 722 1624 λέγει·
751 1590 840 1619 Εἶδον

49 1637 92 1670 ὡς
105 1636 172 1663 υἱὸν
187 1635 344 1670 ἀνθρώπου
363 1636 412 1662 διὰ
431 1635 490 1661 τῶν
511 1635 647 1670 νεφελῶν
666 1637 838 1671 ἐρχόμενον.

49 1681 133 1715 Λέγει
146 1681 173 1707 δὲ
190 1680 237 1707 καὶ
248 1681 277 1706 ὲν
291 1679 329 1715 τῷ
345 1680 504 1715 Εὑαγγελὶῳ
514 1688 521 1695 ·
536 1680 647 1714 ’Ὠσπερ
665 1682 684 1715 ἡ
700 1681 839 1715 ἀστραπὴ

49 1726 180 1753 ἐκϐαίνει
201 1725 255 1761 (99)
283 1725 342 1752 ἀπὸ
365 1724 529 1757 ἀνατολῶν,
555 1725 604 1752 καὶ
627 1726 762 1759 φαίνεται
785 1726 840 1759 ἕως

49 1771 189 1806 δυσμῶν·
210 1771 304 1803 οὕτως
324 1771 408 1798 ἔσται
426 1771 445 1805 ἡ
465 1771 585 1803 ἕλευσις
613 1771 666 1798 τοῦ
696 1771 763 1798 Υίοῦ
787 1771 839 1797 τοῦ

49 1817 217 1852 ἀνθρώπου.
240 1817 452 1852 Τηλαυγέστατα
474 1817 640 1852 δέδεικταιὴ
663 1817 767 1848 ἔλευσις
790 1818 838 1844 αὑ-

49 1863 98 1890 τοῦ
115 1865 131 1898 ἡ
156 1863 268 1898 πρώτη,
293 1864 321 1889 ὲν
338 1863 571 1900 ταπεινοφροσύνῃ
596 1865 732 1897 γεγονυῖα,
753 1865 800 1890 καὶ
821 1865 838 1899 ὴ

53 1900 186 1944 μίέλλουσα
201 1909 230 1934 ἐν
249 1909 281 1943 τῇ
296 1907 368 1944 δόξῃ.
384 1908 469 1934 Λὺτοῦ
485 1908 573 1934 τοίνυν
595 1908 624 1934 ἐν
640 1909 672 1943 τῇ
695 1909 729 1943 γῇ
752 1908 837 1940 ὄντος,

50 1954 100 1981 καὶ
113 1953 194 1988 ἄλλην
206 1953 354 1988 παρουσίαν
369 1953 558 1988 κηρύττοντος,
573 1953 623 1988 τὴν
640 1954 668 1979 ἐν
688 1953 751 1989 δόξῃ
767 1954 840 1987 ὀφεί-

50 2000 148 2026 λουσαν
172 1999 314 2033 γενέσθαι,
339 1999 403 2030 ἴσως
428 1999 506 2034 ὑμεῖς
528 1998 697 2025 ὲναντιοῦσοε
716 2000 775 2030 ταῖς
793 1999 839 2025 δύο

52 2045 228 2081 παρουσίαις·
245 2044 306 2070 οὔτε
329 2045 383 2079 γὰρ
398 2044 446 2079 τὴν
464 2044 575 2080 πρώτην
589 2044 672 2071 αὐτοῦ
689 2046 838 2080 παρουσίαν

52 2091 198 2124 ἐπέγνωτε,
213 2089 274 2116 οὔτε
290 2090 339 2125 τὴν
356 2089 439 2125 ἄλλην
454 2090 632 2125 προσδοκᾶτε,
649 2091 687 2124 μὴ
705 2090 839 2121 συνιέντες

51 2135 88 2161 τὰ
108 2135 225 2166 θειωδῶς
250 2135 484 2170 προστεταγμένα.
506 2135 544 2162 Μ.
564 2135 677 2171 Ἀκριὸῆ
702 2144 743 2162 σοι
768 2136 838 2162 ἁπό-

52 2179 134 2212 δειξιν
154 2179 275 2215 παρέξω,
295 2179 336 2206 ὅτι
360 2179 498 2215 ἀλλότριος
525 2177 558 2214 ἦν
572 2180 585 2205 ὀ
601 2180 648 2206 τοῦ
673 2180 765 2215 Νόμου
791 2181 838 2206 καὶ

52 2223 106 2250 τῶν
128 2223 279 2259 Προφητῶν
303 2224 430 2259 Χριστός.
455 2224 580 2259 Ἰωάννης
606 2225 655 2251 οὐκ
683 2225 837 2259 ὲπέγνωκεν

52 2269 132 2296 αὐτόν
146 2269 198 2304 (1)·
211 2269 226 2295 ὃ
240 2267 274 2305 ἦν
289 2269 428 2301 ἀδύνατον,
447 2269 587 2305 προφήτην
601 2270 645 2296 τὸν
658 2271 690 2296 ἐκ
706 2270 838 2304 γενέσεως

53 2315 185 2350 ἀγνοῆσαι
209 2314 255 2341 τὸν
280 2314 396 2350 Χριστὸν
419 2314 500 2341 αὑτοῦ
523 2314 579 2351 (2)’
598 2315 717 2346 ἀκούσας
738 2315 792 2351 γὰρ
809 2317 837 2343 ὲν

106 2363 128 2378 "'
144 2362 205 2389 lsai.
225 2369 283 2393 LIII,
296 2362 324 2389 2.
375 2362 398 2377 "
411 2361 470 2387 lsai.
490 2368 555 2393 XLII,
573 2361 628 2387 1-5.

52 2398 75 2414 ’⁷
92 2397 186 2424 Matth.
205 2404 286 2429 xxtv,
307 2397 352 2423 27.
401 2396 424 2411 "“
439 2395 534 2422 Matth.
554 2404 612 2427 xxI,
628 2396 656 2423 5.

88 2443 141 2477 (95)
159 2443 206 2468 Ἐν
216 2442 301 2476 δόξῃ.
322 2442 412 2477 Codex
427 2441 537 2468 TIIOIIHE
556 2440 631 2472 Gate.
649 2440 751 2477 ὲνδόξῃ.

89 2478 143 2513 (9i)
158 2477 337 2509 Συστήκειν·
357 2476 474 2513 Videtur
487 2476 763 2513 omniqudcleudum.

88 2510 142 2547 (95)
167 2512 223 2538 Δύο
243 2511 370 2545 Χριστοῦ
383 2511 568 2547 ειιιρουσίας.
601 2510 667 2547 Vide
691 2511 836 2547 Tertullia-

54 2557 116 2574 uum
139 2548 184 2573 lib.
198 2554 228 2573 ιιι
242 2549 364 2572 adversus
377 2546 550 2577 Marcionem.
575 2554 634 2580 cap.
648 2546 681 2578 7;
707 2546 833 2573 lrcumum

53 2583 100 2609 lib.
114 2590 139 2608 Iv
152 2582 253 2607 advers.
267 2581 371 2610 Ita'res..
387 2589 411 2607 c.
424 2581 469 2607 55.
493 2581 681 2608 WETSTENIUS.

89 2617 145 2652 (9η)
167 2615 264 2652 Ἰδογίξῤ
278 2615 347 2648 παῖς
364 2614 548 2652 anquisitum.
562 2615 664 2652 "Locus
689 2615 739 2641 iste
757 2615 832 2646 juxta

52 2649 192 2678 veritatem
217 2651 356 2677 llebrmaul
382 2651 533 2676 adducitur.
562 2649 644 2684 Vulgo
672 2652 770 2676 misere
791 2656 833 2678 est

53 2691 194 2720 corruptus
210 2694 217 2712 :
241 2683 336 2720 Ἰακὼὸ
359 2685 373 2711 ὁ
388 2687 452 2715 παῖς
472 2693 532 2720 μου.
563 2684 601 2720 [ἵε
614 2683 648 2711 de
666 2685 774 2712 Christo
792 2685 834 2711 iu-

54 2721 201 2753 telligatur,
218 2721 251 2746 ad
267 2719 350 2746 Jarob
366 2719 552 2753 detorquetur.
574 2719 642 2745 Hinc
666 2720 691 2745 iu
709 2720 833 2746 versione

55 2753 124 2783 LXX
137 2756 192 2782 haec
204 2762 254 2781 vox
268 2755 346 2781 obelo
356 2754 506 2788 jugulatur.
521 2759 588 2782 teste
606 2753 730 2785 Eusebio,
746 2754 792 2781 lib.
806 2763 832 2782 Ix

58 2791 202 2817 Demonstr.
214 2797 319 2823 euang.,
334 2789 482 2815 deinonstr.
500 2789 540 2816 l5.
561 2789 749 2815 Wmsrestus.

93 2825 145 2860 (97)
161 2824 215 2851 Καὶ
232 2823 332 2850 πάλιν.
354 2823 443 2851 Codex
462 2824 572 2852 'l‘hounc
586 2825 650 2852 Cale
664 2824 736 2852 addit
751 2825 833 2859 Ζαχα-

680 2361 703 2377 ⁷⁸
713 2361 810 2388 Matth.
835 2370 892 2394 ut,
911 2363 937 2389 7.

891 1591 1003 1618 nientem
1016 1591 1049 1617 ⁷⁸.
1064 1590 1108 1617 Ait
1120 1595 1210 1617 autem
1222 1590 1302 1617 etiam
1317 1591 1343 1617 iu
1356 1591 1503 1625 Evangelia
1516 1600 1523 1619 ε
1537 1592 1611 1618 Sicut
1625 1590 1679 1625 ful-

890 1644 941 1670 gur
954 1635 1007 1662 erit
1023 1636 1054 1662 ab
1069 1636 1180 1667 oriente,
1203 1641 1226 1662 ιιι
1244 1641 1353 1670 apparet
1378 1645 1459 1671 usque
1480 1636 1514 1663 ad
1535 1644 1657 1663 occasum
1669 1657 1676 1668 ,

890 1682 928 1707 ita
941 1681 988 1707 erit
1002 1682 1128 1708 adventus
1142 1680 1208 1708 Filii
1217 1681 1370 1708 hominis".
1387 1681 1542 1708 Clarissima
1555 1686 1679 1709 ostensus

890 1732 932 1753 est
955 1727 1029 1760 prior
1056 1727 1114 1760 ejus
1141 1727 1275 1754 adventus
1293 1727 1404 1754 humilis
1425 1727 1520 1759 fuisse,
1543 1727 1678 1761 posterior

891 1777 980 1799 autem
997 1772 1043 1806 qui
1063 1772 1169 1799 iuturus
1185 1778 1238 1805 est,
1255 1772 1357 1799 clarus.
1381 1772 1448 1800 Cum
1472 1780 1537 1807 ergo
1554 1773 1580 1799 in
1604 1777 1676 1800 terra

891 1818 992 1851 (lt-gens
1005 1817 1087 1844 alium
1106 1818 1253 1845 adventum
1268 1818 1468 1845 denuntiaverit
1483 1818 1529 1852 qui
1545 1826 1604 1845 cum
1618 1817 1676 1853 glo-

891 1863 931 1889 ria
947 1862 1108 1896 conjunctus
1125 1871 1184 1890 esse
1198 1864 1288 1895 debet,
1307 1871 1355 1890 vos
1369 1862 1485 1891 fortasse
1498 1864 1604 1898 utrique
1617 1864 1677 1898 ejus

891 1908 1018 1934 adventui
1039 1909 1205 1944 repugnatis.
1223 1908 1289 1935 Nam
1305 1917 1354 1936 nec
1374 1909 1490 1943 priorem
1506 1909 1564 1943 ejus
1578 1910 1677 1936 advert-

892 1958 946 1980 tum
960 1954 1120 1987 agnovistis,
1133 1962 1182 1981 nec
1194 1954 1308 1981 altermu
1322 1955 1496 1988 exspectatis,
1507 1962 1566 1980 cum
1574 1962 1605 1982 ea
1617 1962 1677 1988 qua:

890 1998 1022 2025 divinitus
1040 2004 1174 2033 prmcrpta
1196 2003 1270 2030 sunt,
1293 2007 1345 2026 non
1361 1998 1527 2032 intelligatis.
1542 1998 1577 2024 M.
1595 1999 1675 2025 Certa

892 2045 939 2070 tibi
954 2045 1058 2070 ratione
1071 2045 1275 2077 demonstrabo,
1287 2044 1406 2070 alienum
1419 2043 1502 2070 fuisse
1517 2043 1595 2078 chis
1609 2044 1675 2071 Pru-

890 2091 1087 2125 phetarumque
1117 2090 1266 2117 Christum.
1295 2089 1415 2117 Joannes
1442 2089 1514 2116 cnim
1534 2097 1596 2116 eum
1621 2097 1675 2116 non

889 2135 1045 2169 agnovit:id
1062 2135 1133 2168 quod
1146 2134 1203 2160 lteri
1223 2140 1275 2160 non
1292 2138 1411 2168 poterat.
1423 2141 1486 2160 eum
1502 2133 1547 2168 qui
1561 2141 1575 2160 a
1588 2133 1678 2168 primo

889 2184 949 2206 ortu
967 2181 1098 2214 propheta
1114 2178 1177 2210 fuit,
1189 2179 1331 2213 ignorasse
1343 2179 1481 2206 Christum
1504 2187 1592 2207 suum.
1607 2178 1677 2206 Cum

892 2225 963 2252 enim
978 2225 1004 2251 in
1023 2225 1138 2252 vinculis
1153 2226 1300 2252 audivisset
1318 2232 1400 2259 opera
1424 2225 1537 2257 Christi,
1555 2232 1618 2252 suos
1642 2225 1675 2251 ad

891 2279 952 2298 eum
969 2271 1114 2304 discipulos
1128 2270 1210 2304 misit,
1223 2273 1267 2305 qui
1282 2271 1333 2299 hoc
1347 2272 1381 2298 ab
1395 2279 1427 2298 eo
1440 2275 1593 2305 quaererent
1604 2279 1611 2297 :
1623 2270 1672 2298 Tu:

892 2325 923 2343 ne
937 2325 962 2343 es
983 2317 1027 2342 ille.
1040 2317 1085 2348 qui
1100 2321 1223 2343 uenturus
1234 2321 1284 2349 est,
1299 2325 1333 2343 an
1347 2318 1430 2344 alium
1443 2316 1652 2351 exspectamus"
1667 2316 1675 2332 ⁹

1005 2361 1164 2390 "lTbess.
1197 2371 1235 2395 Iv,
1268 2362 1374 2396 16,17.
1423 2363 1525 2390 "Dan.
1556 2370 1604 2395 vtI.
1629 2362 1675 2392 t3.

887 2442 957 2477 ρίας.
977 2442 1043 2470 Vide
1058 2442 1171 2469 Zachar.
1190 2451 1227 2474 Ix,
1240 2443 1267 2474 9,
1283 2447 1310 2469 et
1325 2441 1385 2468 lsai.
1401 2450 1465 2474 LXII,
1480 2443 1509 2470 Η

921 2478 976 2512 (98)
999 2477 1235 2511 Ἐγερθήσονται.
1252 2478 1334 2513 Alias,
1352 2477 1561 2513 ἀναστήσονται.

932 2513 976 2546 99)
1003 2513 1157 2539 Ἐκϐαίνει.
1176 2513 1259 2543 Alias,
1277 2512 1428 2546 ἐξέρχεται.

932 2547 958 2581 1)
983 2547 1128 2586 Ἰωάννης.
1143 2548 1200 2586 οὐξι
1215 2547 1383 2586 ἐπέγνωκεν
1407 2547 1510 2586 αὐτόν.
1537 2548 1671 2586 Hierony-

884 2590 944 2618 mus
957 2584 1037 2615 epist.
1054 2584 1086 2609 ad
1099 2583 1234 2618 Algasiam
1251 2591 1259 2609 :
1275 2582 1447 2618 Joannesniur
1459 2590 1565 2609 carcere
1580 2582 1671 2618 qua'ii-

883 2617 918 2644 vit
933 2619 966 2643 de
981 2617 1097 2649 Christo,
1114 2616 1143 2643 ui
1158 2617 1209 2643 sibi
1226 2624 1356 2650 quturens,
1382 2616 1517 2650 discipulis
1540 2616 1669 2652 disceret;

884 2657 908 2678 et
921 2652 1181 2685 capitetruncamlus
1195 2652 1271 2678 illum
1294 2652 1396 2678 doceret
1419 2659 1474 2677 esse
1498 2654 1667 2684 sectandum.

884 2695 959 2720 quem
978 2687 1181 2720 interrogatione
1202 2695 1251 2712 sua
1266 2687 1420 2720 magistrth
1435 2687 1550 2712 vinnium
1567 2688 1669 2720 [uteba-

885 2727 929 2748 tur
943 2729 951 2748 :
970 2729 1051 2755 neque
1068 2722 1137 2746 enim
1157 2725 1260 2754 poterat
1277 2722 1415 2756 ignorare,
1430 2729 1505 2755 quem
1521 2722 1668 2756 ignoranti-

886 2755 931 2782 bus
958 2760 1020 2782 ante
1043 2760 1245 2782 monstraverat.
1265 2756 1330 2782 Vide
1354 2755 1551 2783 Tertullianuiu
1575 2757 1624 2784 lib.
1641 2765 1667 2785 Iv

886 2791 1008 2818 adversus
1024 2790 1196 2823 Marcionem,
1211 2798 1235 2816 c.
1254 2788 1297 2817 f8.
1313 2790 1501 2818 WETSTENIUS.

918 2825 958 2860 {-2)
973 2826 1061 2853 Codex
1078 2825 1187 2852 Thema:
1213 2824 1290 2859 Gate,
1311 2826 1345 2852 τὰ
1360 2826 1427 2861 ἔργα
1440 2826 1520 2853 αὐτοῦ
1535 2828 1664 2862 Χριστοῑι.
