1860 3073
59 106 106 139 18)

59 168 113 195 rlne
119 173 241 202 corpore
249 175 259 195 :
270 169 359 196 omnia
368 170 440 198 enim

57 215 89 242 ad
96 223 177 242 unum
188 215 391 244 ﬁnemtendere
398 225 442 244 su-

57 263 146 296 perior
166 266 305 290 tractatus
319 264 438 292 edocuit.

58 308 84 334 Si
101 313 192 335 autem
212 309 307 336 omnia
327 315 439 344 possunt

57 362 147 383 curere
168 356 353 390 corporibus,
379 357 436 384 sine

56 401 130 428 dubio
146 409 203 429 non
222 403 437 430 eritsubstanlia

54 448 212 482 corporalis,
221 449 302 484 cujus
310 450 439 478 usus‘nul-

54 497 91 523 lus
102 497 231 524 exsistet.

52 542 83 569 Et
106 544 249 576 quomodo
270 543 420 570 sentiemus
437 543 501 570 illud
525 545 595 578 quod
615 545 684 572 dixit
704 546 846 580 Apostolus

52 588 77 614 in
94 588 135 615 his
162 588 233 615 locis
262 588 290 615 in
320 588 419 623 quibus
444 589 476 615 de
501 591 703 618 resurrectione
729 592 847 626 disputat

52 638 232 666 mortuorum,
250 641 314 660 cum
327 633 381 660 ait:
397 643 407 659 ι
422 633 539 662 Necesse
552 639 592 662 est
611 640 700 662 autem
714 639 847 672 corrupti-

51 679 101 705 bile
118 679 170 706 hoc
199 680 320 707 induere
343 680 588 714 incorruptionem,
618 686 645 708 et
664 683 776 710 mortale
794 684 846 710 hoc

52 724 158 751 induere
187 725 436 752 immortalitatem.
468 725 533 752 Cum
554 732 642 753 autent
671 729 846 762 corruptibile

51 770 98 796 hoc
114 770 239 797 induerit
268 770 511 805 incorruptionem,
531 776 558 798 et
574 772 686 800 mortale
699 773 749 800 hoc
765 773 844 800 indu-

51 814 99 840 erit
117 814 372 847 immortalitatem,
395 821 457 843 tunc
482 816 528 843 [iet
550 823 639 844 sermo
658 819 703 851 qui
727 818 843 852 scriptus

52 861 107 882 est:
133 857 277 892 Absorpta
295 863 336 885 est
362 866 436 885 mors
451 860 477 886 in
495 860 625 893 victoria;
640 861 684 888 ubi
696 866 747 895 est,
759 870 842 895 mors,

51 902 159 928 victoria
173 902 239 929 tua?
252 902 406 938 Absorptus
413 909 463 937 est,
474 912 556 936 mors,
567 905 677 933 aculeus
690 910 749 933 tuus
758 907 841 942 (92);

53 947 158 981 aculeus
187 953 286 976 autem
319 950 415 977 mortis
456 955 614 984 peccatum,
643 951 728 979 virtus
753 956 842 980 autem

51 994 149 1026 peccati
177 994 220 1021 lex
241 994 277 1022 ‘7.
299 1005 309 1021 ι
335 995 425 1022 Talem
455 1004 520 1029 ergo
562 997 704 1032 quemdam
738 999 843 1025 videtur

52 1039 188 1073 Apostolus
214 1047 368 1075 suggerere
392 1041 566 1069 iutcllecttnn.
599 1042 674 1075 Quod
692 1044 763 1070 enim
788 1044 839 1071 ait:

53 1094 63 1110 ί
79 1085 259 1120 Corruptibile
281 1087 342 1119 hoc,
364 1091 391 1114 et
404 1088 516 1115 mortale
528 1089 587 1125 hoc,
607 1098 616 1114 ›
636 1089 708 1116 velut
726 1094 841 1125 tangen-

53 1131 84 1159 tis
92 1136 118 1158 et
129 1133 303 1160 ostendentis
316 1132 423 1165 allecto,
436 1134 479 1161 cui
493 1133 536 1161 alii
552 1122 677 1161 convenit
692 1136 742 1162 uisi
756 1140 842 1163 mate-

52 1179 94 1204 riae
115 1179 251 1212 corporali
276 1178 368 1213 (95)?
390 1179 450 1206 llaec
470 1187 535 1214 ergo
571 1181 683 1208 materia
706 1182 838 1218 corporis,

53 1230 106 1256 qua:
119 1230 189 1251 nunc
205 1223 394 1258 corruptibilis
415 1229 466 1256 est,
483 1225 575 1252 induet
597 1224 838 1260 incorruptionem,

52 1275 106 1295 cum
137 1269 255 1303 perfecta
283 1269 372 1296 anima
389 1273 416 1297 et
438 1271 607 1305 dogmatibus
630 1272 839 1306 incorruptionis

52 1314 175 1341 instructa
194 1315 232 1342 uti
254 1323 291 1342 eo
307 1315 433 1349 coeperit.
462 1316 496 1342 Et
508 1316 569 1343 nolo
593 1316 700 1344 mireris
717 1318 740 1344 si
764 1316 839 1343 velut

52 1360 229 1387 indumentum
254 1361 381 1395 corporis
399 1361 543 1395 perfectam
571 1362 687 1389 animam
712 1362 837 1394 dicimus,

53 1412 104 1439 qua:
119 1410 229 1440 propter
257 1405 379 1433 Verbum
396 1406 442 1434 Dei
463 1413 490 1434 et
514 1408 673 1441 sapientiam
689 1407 748 1443 ejus
766 1417 838 1437 nttuc

53 1450 210 1485 incorruptio
234 1452 412 1485 nominatur;
447 1461 507 1480 cum
532 1454 588 1488 ipse
608 1454 701 1489 utique
723 1455 767 1489 qui
795 1459 838 1482 est

476 224 594 245 sumetur
618 221 762 254 corporalis
789 223 850 250 uni-

475 271 548 291 versa
563 270 669 298 natura,
682 273 704 293 et
720 268 850 303 redigetur

474 310 500 336 in
510 310 630 343 nihilum,
641 320 699 346 qua!
707 313 848 348 aliquando

473 355 543 389 facta
558 361 595 383 est
624 357 655 384 de
673 358 771 391 ni/iilo;
791 360 850 386 eri:-

472 411 520 437 que
531 407 630 437 tempus
647 413 698 439 quo
716 413 778 432 usus
793 407 849 440 ejus

473 451 567 476 iterum
583 453 743 479 necessarius
766 453 810 480 sit.

718 114 817 143 LIBER
838 117 1029 148 SECUNDUS.

478 172 533 199 sine
547 180 654 207 corpore
663 175 782 208 vixerint,
795 185 855 204 can-
868 181 891 209 Α
906 187 1024 215 namque
1050 181 1165 208 mortale
1191 186 1242 214 est,
1259 183 1309 211 hoc
1330 184 1459 212 continuo
1471 189 1499 212 et
1511 187 1690 220 corruptibile

1639 125 1690 154 I90

903 229 954 258 est;
970 233 1023 252 non
1038 231 1127 254 tamen
1144 227 1165 254 si
1182 228 1246 261 quid
1270 230 1446 264 corruptibile
1465 234 1516 263 est,
1531 231 1582 259 hoc
1605 234 1688 261 etiam

902 271 1018 298 mortale
1044 272 1096 299 dici
1123 278 1223 307 potest.
1241 273 1362 308 Denique
1379 275 1494 309 lapidem
1516 276 1556 304 vel
1587 277 1688 312 lignum

901 316 1076 350 corruptibile
1085 317 1193 352 quidem
1205 318 1330 351 dicimus;
1345 327 1398 346 non
1415 324 1504 348 tamen
1519 322 1602 349 etiam
1617 331 1689 350 rnor—

901 361 953 389 tale
981 368 1178 397 consequenter
1199 364 1331 392 dicemus.
1353 365 1458 400 Corpus
1479 375 1542 395 vero
1562 369 1688 403 quoniam

900 408 961 434 vitm
972 408 1125 443 participat,
1143 416 1176 436 ex
1191 417 1223 436 eo
1233 410 1304 444 quod
1314 412 1434 444 separati
1448 413 1522 440 abeo
1532 414 1586 440 vita
1602 419 1688 448 potest

898 458 925 480 et
949 458 1100 487 separatur,
1125 461 1325 488 consequenter
1340 455 1453 482 mortale
1470 456 1539 491 (95)
1565 459 1688 485 nomina-

899 506 968 531 mus,
983 503 1009 525 et
1024 500 1173 526 secundutn
1191 500 1273 527 alitnu
1292 508 1400 535 quoque
1418 502 1580 529 intellectura
1605 504 1686 530 etiam

898 543 1072 577 corruptibile
1096 543 1222 571 dicimus.
1250 544 1316 571 Mira
1350 553 1416 579 ergo
1444 547 1548 573 ratione
1576 553 1688 575 sanctus

897 587 1040 621 Apostolus
1055 587 1122 625 (96)
1141 590 1173 616 ad
1187 589 1342 624 generalem
1358 591 1474 624 primatu
1499 599 1608 618 causam
1639 601 1686 619 re-

897 635 1014 669 spiciens
1029 636 1148 662 materia:
1173 635 1334 670 corporalis,
1355 635 1434 669 cujus
1462 637 1582 662 materiae
1598 637 1686 664 anima

897 687 973 706 usum
995 687 1102 714 semper
1115 681 1198 707 habet
1212 680 1285 715 (97)
1300 681 1326 706 in
1347 680 1468 714 qualibet
1483 681 1612 715 qualitate
1640 690 1687 716 po-

896 726 966 759 sitm,
998 733 1069 752 nutic
1087 723 1194 760 quidem
1218 725 1332 756 carnali,
1349 727 1519 759 postmodum
1544 734 1608 753 vero
1623 727 1688 754 sub—

898 769 980 796 liliori
1001 774 1028 796 et
1049 769 1163 804 puriori,
1193 778 1253 804 qua:
1275 771 1407 804 spiritalis
1433 771 1601 805 appellatur,
1632 771 1685 798 ait:

897 823 907 840 ι
924 814 1039 842 Necesse
1068 819 1110 841 est
1137 815 1312 849 corruptibile
1342 816 1392 842 hoc
1429 816 1540 842 induere
1563 816 1685 843 incorru-

895 863 1044 896 ptionem.»
1065 861 1190 888 Secundo
1215 869 1279 888 vero
1307 861 1340 887 ad
1365 861 1512 895 specialem
1534 860 1603 895 (98)
1623 870 1684 888 cor-

895 907 970 942 poris
985 907 1132 940 respiciens
1146 914 1256 934 causam
1280 907 1331 933 ait:
1349 915 1358 931 r
1375 906 1491 933 Necesse
1513 913 1554 933 est
1572 907 1685 935 mortale

893 953 946 980 hoc
970 952 1081 978 induere
1106 952 1351 978 immortalitatem.
1370 961 1379 977 ι
1399 952 1568 987 lncorruptio
1589 958 1682 979 autem

893 1003 920 1025 et
933 997 1124 1024 immortalitas
1151 997 1214 1030 quid
1232 996 1302 1024 aliud
1327 997 1378 1023 erit
1407 998 1459 1024 nisi
1488 998 1633 1031 sapientia,
1656 1002 1685 1025 et

895 1043 1023 1074 Verbum,
1038 1047 1064 1069 et
1078 1042 1185 1076 justitia
1209 1042 1267 1073 Dei,
1281 1050 1339 1076 qure
1357 1042 1476 1070 formant
1504 1044 1633 1076 animam,
1656 1049 1684 1071 et

893 1089 1018 1120 induunt,
1041 1092 1067 1114 et
1080 1087 1232 1114 exornant?
1246 1087 1277 1114 Et
1297 1088 1334 1114 ita
1363 1088 1394 1114 lit
1419 1092 1447 1114 ut
1476 1088 1594 1120 dicatur,
1619 1089 1681 1123 quia

892 1133 1069 1168 corruptibile
1102 1133 1336 1167 incorruptionem
1378 1133 1481 1166 induet,
1513 1139 1540 1161 et
1570 1134 1683 1162 mortale

893 1179 1136 1207 immortalitatem.
1161 1178 1240 1206 Nunc
1264 1180 1335 1206 enim
1367 1180 1473 1206 etiamsi
1500 1180 1575 1207 valde
1599 1180 1682 1214 proii-

892 1226 1006 1256 ciamus,
1031 1231 1119 1253 tamen
1140 1225 1267 1260 quoniam
1299 1225 1370 1260 (99)
1395 1225 1480 1252 solum
1495 1233 1527 1252 ex
1542 1231 1618 1260 parte
1637 1233 1684 1253 co-

889 1272 1056 1307 gnoscimus,
1069 1276 1096 1298 et
1106 1279 1137 1298 ex
1150 1277 1225 1305 parte
1236 1271 1436 1305 prophetamus,
1449 1276 1476 1298 et
1486 1279 1532 1306 per
1544 1271 1681 1306 specultnn

890 1317 917 1344 in
934 1318 1077 1352 mnigmate
1099 1316 1221 1344 videmus
1233 1324 1264 1344 ea
1286 1316 1343 1350 ipsa
1357 1324 1417 1350 qua:
1436 1316 1559 1343 videmur
1581 1316 1680 1344 intelli-

889 1371 963 1398 gere,
977 1363 1095 1390 nondum
1109 1367 1267 1396 corruptum
1279 1362 1330 1388 hoc
1344 1361 1679 1396 induitincorruptionem,

889 1415 977 1443 neque
997 1408 1111 1436 mortale
1139 1408 1172 1435 ab
1201 1407 1405 1434 immortalitate
1425 1407 1627 1439 circumdatur;
1653 1411 1681 1434 et

888 1455 1014 1489 quoniam
1027 1455 1085 1481 sine
1102 1454 1154 1489 81
1168 1454 1249 1480 dubio
1267 1453 1293 1479 in
1309 1453 1416 1487 longius
1447 1453 1615 1487 protrahitur
1631 1460 1680 1480 no-

54 1494 210 1531 Dominus‘et
226 1502 342 1524 creator
353 1498 449 1525 animze
460 1497 537 1526 Iesus
554 1499 680 1527 Christus
696 1500 835 1528 indumen-
850 1511 871 1539 ο
888 1505 946 1527 stra
960 1500 1016 1526 lunt:
1029 1499 1056 1525 in
1073 1506 1187 1533 corpore
1206 1498 1324 1538 eruditio
1336 1497 1525 1533 (l):videlicet
1541 1505 1680 1532 usquequo

55 1545 102 1567 tum
124 1543 223 1569 sanctis
251 1549 316 1570 esse
349 1543 466 1576 dicatur,
487 1544 558 1571 sicut
573 1544 720 1578 Apostolus
753 1545 835 1572 dicit:

56 1595 64 1611 ί
79 1586 177 1614 induite
192 1595 241 1615 vos
255 1588 402 1615 Dominum
417 1587 509 1616 lesum
527 1590 665 1617 Christum
677 1589 709 1616 ⁸³.
732 1599 741 1615 ι
762 1590 838 1618 Sicut

53 1640 110 1667 ergo
121 1634 244 1662 Christus
262 1634 454 1662 indumentum
475 1641 515 1662 est
529 1636 636 1668 animm,
654 1637 689 1663 ita
710 1636 838 1671 intelligi-

54 1681 94 1707 bili
104 1683 217 1716 quadam
231 1683 341 1709 ratione
350 1682 431 1709 etiam
442 1682 530 1709 anima
543 1682 728 1711 indumentum
740 1684 838 1712 dicitur

54 1735 106 1755 esse
121 1730 253 1764 corporis.
266 1728 464 1756 Ornamentum
482 1729 553 1756 enim
564 1729 622 1763 ejus
637 1735 679 1758 est
695 1731 788 1758 velans
812 1737 839 1759 et

55 1778 189 1809 contegens
210 1774 274 1808 ejus
296 1774 438 1802 mortalem
465 1778 590 1801 naturam
614 1775 692 1809 (9-4).
711 1775 776 1802 Tale
797 1781 838 1804 est

55 1827 110 1855 ergo
121 1822 188 1855 quod
214 1821 336 1849 dicitur:
357 1830 366 1846 ι
387 1819 502 1848 Necesse
521 1825 563 1848 est
585 1821 764 1856 corruptibile
787 1822 838 1850 hoc

56 1865 155 1894 induere
166 1867 402 1900 incorruptionem
411 1865 484 1898 "'5‘;
499 1875 508 1892 ι
521 1870 550 1893 ut
560 1866 581 1894 si
591 1866 701 1900 diceret,
711 1873 836 1895 naturam

56 1912 116 1939 hanc
132 1913 338 1947 corruptibiletn
361 1913 484 1947 corporis
506 1920 615 1940 necesse
634 1918 676 1940 est
693 1914 836 1941 indumen-

57 1960 104 1984 tum
115 1959 237 1993 arcipere
256 1959 484 1993 incorruptionis,
510 1959 627 1986 animam
652 1959 795 1987 habentem
810 1959 836 1986 in

58 2010 82 2029 se
94 2004 337 2039 incorruptionem,
354 2011 403 2039 pro
416 2012 448 2032 eo
465 2005 589 2032 videlicet
602 2006 674 2040 quod
687 2006 778 2033 induta
796 2011 838 2033 est

57 2048 179 2077 Christum
205 2051 250 2085 qui
284 2055 325 2078 est
356 2051 486 2084 sapientia
499 2056 526 2078 et
544 2051 661 2079 Verbum
688 2052 745 2078 Dei.
769 2052 836 2078 Cum

58 2099 137 2122 autem
150 2099 208 2123 vitae.
219 2096 428 2131 participaverit
442 2098 597 2132 corpushoc
605 2097 676 2132 quod
692 2097 837 2131 aliquando

58 2139 185 2173 gloriosius
202 2142 375 2173 habebimus,
397 2147 459 2168 tunc
471 2143 503 2168 ad
531 2142 558 2168 id
582 2146 654 2176 quod
683 2143 836 2170 immortale

58 2190 93 2212 est
114 2189 231 2220 accedet,
251 2189 376 2215 utetiam
401 2187 605 2222 incorruptibile
633 2188 689 2216 tiat.
715 2188 742 2215 Si
770 2189 833 2223 quid
852 2184 985 2216 Dbeatur
1016 2196 1089 2216 mors
1124 2190 1149 2216 in
1182 2191 1260 2217 tinem

704 2250 762 2266 ⁸⁹ο⁸¹⁰
779 2249 790 2277 l
804 2249 866 2277 Cor.
884 2256 928 2281 xv,
946 2249 989 2276 55.

90 2250 108 2267 ⁸⁷
123 2252 131 2278 l
145 2252 205 2279 Cor.
223 2261 270 2281 xv.
286 2253 380 2279 55-56.
418 2253 441 2269 ’⁵⁸
454 2252 533 2280 Rom.
548 2261 605 2284 xm,
624 2252 666 2279 Μ.

92 2297 140 2332 (9'2)
155 2299 300 2334 Absorptus
325 2304 362 2326 est
388 2309 457 2327 mors
476 2301 592 2328 aculeus.
609 2302 655 2329 Sic
673 2309 738 2329 mss.
760 2301 836 2330 Libri

63 2334 197 2369 vcto_editi,
217 2343 226 2359 α
245 2335 291 2361 ltiti
306 2339 347 2361 cst
362 2344 432 2362 mors
447 2337 574 2369 stimulus
588 2337 670 2363 tuus?
687 2346 697 2362 ι

93 2367 141 2407 (95)
156 2369 190 2407 ita
205 2377 269 2407 mss.
285 2370 370 2402 Alias,
394 2379 402 2395 α
424 2367 526 2404 ριέὶηιίιι.
547 2380 556 2396 ι
573 2371 655 2399 Paulo
667 2372 737 2399 inira
757 2380 833 2404 mss.,

65 2404 195 2462 (silvclut
220 2404 410 2432 indumentum
429 2407 561 2440 corporis.
582 2415 590 2431 ι
614 2407 641 2433 in
659 2408 740 2435 editis
760 2408 836 2434 deest

65 2442 73 2458 Ι
85 2442 112 2462 Ve
123 2443 158 2462 ιιι.
175 2447 184 2462 ι

65 2442 73 2458 ί
85 2442 158 2464 velut.
175 2447 184 2463 ι

80 2470 141 2509 _(9i)
156 2472 345 2511 Ornamentum
362 2475 498 2511 enititejus
510 2480 547 2502 est
560 2475 649 2504 velum
661 2482 684 2503 et
701 2482 837 2511 contegens

64 2509 259 2545 tju_s_inortulem
277 2510 484 2537 naturamJlmc
499 2511 597 2538 desunt
611 2512 637 2538 in
652 2517 731 2539 antea
745 2509 836 2545 editis,

66 2540 103 2565 sed
119 2541 249 2570 habentur
264 2544 290 2570 in
307 2546 435 2572 omnibus
452 2554 517 2572 mss.

67 2607 71 2612 ν
94 2573 142 2609 (95)
160 2577 280 2607 Mortale.
298 2580 378 2607 Deest
396 2579 421 2606 in
434 2586 513 2607 antea
529 2580 620 2613 editis,
641 2583 688 2609 sed
704 2583 837 2616 reperitur

67 2615 88 2633 In
98 2618 155 2638 mss.

83 2644 141 2682 .(96)
155 2646 221 2685 Mira
233 2657 294 2681 ergo
312 2650 414 2676 ratione
425 2656 532 2676 sanctus
550 2650 700 2685 Apostolus,
721 2657 774 2679 etc.
800 2652 837 2680 De

68 2676 101 2721 Illis
122 2676 226 2709 consule
249 2676 429 2721 t'iarissiuntm
456 2676 580 2712 llnctiuni
615 2676 835 2721 Origciiianorum

67 2711 104 2755 lib.
126 2722 152 2745 tt,
166 2724 260 2755 qtunst.
277 2727 359 2752 nona,
377 2720 408 2747 de
433 2711 632 2748 resurrectione
654 2711 833 2755 mortuorum,

68 2754 128 2774 num.
143 2753 243 2784 quinto.

69 2783 198 2846 “(3:23?
215 2796 278 2816 mss.
294 2788 373 2817 Libb.
388 2789 466 2823 editi,
484 2799 493 2815 ε
518 2791 614 2819 animm
633 2800 710 2820 usum
727 2800 834 2827 semper

891 1546 947 1581 ipsa
960 1553 1074 1580 corpora
1095 1550 1184 1572 nostra
1199 1545 1297 1579 quibus
1325 1544 1484 1571 circumdati
1502 1551 1604 1577 sumus,
1618 1551 1680 1579 pro-

889 1598 950 1628 pter
967 1593 1087 1620 Verbum
1112 1592 1158 1618 Dei
1177 1596 1203 1618 et
1219 1591 1382 1626 sapientiam
1406 1598 1438 1618 ac
1465 1590 1611 1625 perlectam
1635 1590 1679 1624 ju-

889 1639 991 1666 stitiam
1031 1638 1094 1673 (2),
1131 1637 1361 1672 incorruptionem
1396 1636 1678 1671 immortalitatemque

889 1689 1058 1717 mereantur;
1087 1689 1228 1719 propterea
1259 1683 1374 1710 dicitur:
1407 1681 1547 1710 «Necesse
1563 1687 1605 1709 est
1616 1689 1678 1709 cor-

890 1730 1015 1764 ruptibile
1039 1731 1090 1758 hoc
1108 1730 1219 1757 induere
1244 1727 1487 1763 incorruptionem,
1509 1731 1537 1755 et
1562 1727 1678 1754 mortale

889 1778 941 1804 hoc
956 1776 1068 1804 induere
1084 1775 1328 1802 immortalitatem.
1346 1783 1355 1799 ι

923 1823 950 1849 5.
963 1822 1153 1849 Verumtamen
1173 1821 1211 1856 (5)
1226 1820 1253 1847 hi
1277 1820 1321 1854 qui
1338 1823 1434 1854 putant
1448 1826 1527 1852 pass:
1550 1825 1671 1853 unquam

888 1871 964 1894 extra
979 1873 1092 1900 corpora
1105 1866 1188 1892 vitam
1201 1865 1300 1892 dueere
1321 1864 1495 1891 rationabiles
1521 1868 1674 1897 creaturas,

888 1916 1001 1947 possunt
1014 1913 1040 1938 in
1057 1912 1110 1938 hoc
1123 1911 1182 1938 loco
1198 1909 1399 1944 talia2quaedam
1414 1916 1532 1936 movere.

889 1959 918 1986 Si
941 1965 1033 1985 verum
1063 1962 1103 1984 est
1123 1957 1161 1992 (l)
1192 1957 1261 1991 quod
1341 1962 1488 1982 utsnouvut
1508 1961 1632 1982 iurenn.

888 2004 1064 2038 corruptibile
1093 2004 1144 2031 hoc
1169 2003 1262 2030 induet
1297 2001 1346 2028 Sin
1360 2006 1457 2035 autent,
1472 2006 1499 2028 ut
1515 2003 1614 2029 ratione
1634 2001 1673 2037 (ὅ)

888 2051 1131 2090 iqcorruptionem,
1147 2054 1173 2077 ct
1189 2057 1262 2077 mor—
1297 2053 1321 2075 et
1335 2048 1532 2084 Scripturarum
1558 2050 1665 2076 auctori-

888 2096 942 2124 tale
957 2097 1008 2124 hoc
1030 2097 1122 2124 induet
1149 2097 1261 2124 immor-
1297 2101 1350 2123 late
1361 2102 1534 2123 monstratum
1549 2102 1597 2130 eat,
1614 2104 1660 2124 cor

889 2143 1028 2174 talitatem,
1041 2148 1067 2170 et
1081 2143 1152 2177 quod
1168 2143 1262 2170 absor-
1299 2145 1431 2178 ruptiuum
1442 2145 1488 2171 hoc
1502 2145 1616 2171 induerit
1630 2145 1670 2171 in-

1299 2193 1503 2226 corruptionem,
1523 2196 1547 2219 ει
1564 2192 1670 2219 ηιονιαΙα

925 2303 982 2338 (98)
1013 2303 1168 2337 Specialem.
1188 2305 1270 2332 [lecte
1292 2307 1403 2334 omnino
1426 2314 1492 2334 mss.
1510 2306 1588 2334 Libb.
1611 2307 1676 2334 editi

891 2345 1029 2371 Corrupte,
1047 2348 1055 2364 ‹
1074 2340 1235 2373 spiritalem.
1252 2350 1260 2365 ι

925 2374 1044 2410 (99)Ῠξὶο
1060 2382 1126 2402 mss.
1142 2375 1254 2410 Alias”
1272 2377 1480 2410 quodammodo.
1500 2385 1509 2402 ι

925 2408 962 2444 (ι)
979 2409 1024 2446 Sic
1034 2409 1216 2446 oplitnermss.
1230 2408 1309 2437 Libb.
1323 2412 1386 2441 editi
1400 2412 1524 2445 pessime,
1542 2420 1553 2437 ι
1574 2415 1677 2446 etquo-

889 2444 1035 2481 dammodo
1052 2445 1111 2481 sine
1130 2445 1210 2472 dubio
1229 2447 1254 2472 in
1279 2445 1382 2481 longius
1399 2444 1566 2480 protrahitur
1581 2444 1674 2473 nostra

890 2480 947 2506 haec
963 2479 1112 2513 corruptio.
1130 2489 1139 2505 ι

925 2513 963 2550 (2)
981 2513 1056 2540 lluuc
1074 2514 1160 2540 locmn
1179 2514 1205 2550 in
1229 2519 1310 2542 antea
1335 2515 1416 2542 editis
1431 2516 1613 2550 'depravatum
1634 2515 1674 2543 sic

891 2549 1035 2586 restituunt
1052 2557 1146 2586 omnes
1154 2549 1231 2586 codd.
1244 2558 1308 2577 mss.
1323 2550 1350 2576 In
1365 2557 1443 2576 antea
1459 2549 1540 2578 editis
1556 2551 1674 2586 legitur:

893 2593 901 2609 t
921 2584 953 2610 ad
970 2584 1117 2619 perfectam
1133 2585 1267 2617 justitiam
1286 2590 1312 2611 et
1330 2586 1532 2619 corruptionem
1559 2584 1675 2612 devene-

892 2619 957 2649 rint,
974 2623 1001 2645 et
1018 2618 1130 2645 mortale
1145 2620 1196 2646 hoc
1211 2619 1329 2647 induerit
1347 2618 1592 2647 immertalitatem.
1622 2619 1672 2646 Ve-

893 2658 1043 2680 rumtamen
1059 2654 1084 2679 hi
1099 2654 1143 2687 qui
1166 2658 1260 2687 putant
1276 2656 1302 2681 id
1327 2663 1464 2687 nunquam
1480 2656 1578 2682 decere
1602 2655 1658 2681 irra

892 2687 1034 2715 tinnahiles
1050 2694 1198 2720 creaturas,
1215 2695 1328 2722 possunt
1342 2690 1367 2715 in
1384 2690 1434 2717 hoc
1449 2689 1520 2722 loco,
1540 2699 1548 2715 ι
1565 2693 1620 2717 etc.

925 2724 963 2758 (3)
980 2723 1062 2749 Caute
1077 2723 1145 2757 lege.

926 2764 964 2792 μί
982 2758 1046 2793 Υιάυ
1065 2758 1111 2785 lib.
1128 2765 1146 2784 ll
1163 2757 1330 2793 0rigrnian.,
1344 2767 1371 2793 (ι.
1387 2760 1412 2791 6,
1427 2768 1501 2786 nutu.
1517 2759 1534 2786 ‘2
1553 2763 1580 2786 et
1594 2759 1638 2786 12.

925 2793 963 2828 (ξι)
978 2792 1139 2828 Sittautem,
1156 2797 1182 2818 ut
1201 2792 1319 2826 ratione,
1345 2800 1397 2821 etc.
1425 2794 1488 2822 Ηίυο
1511 2799 1618 2823 exstant
1644 2794 1670 2821 in

888 2828 1000 2863 cpistola
1021 2827 1176 2862 Hieronymi
1204 2828 1366 2856 adAvitum.
