1834 3072
44 107 108 136 1801

314 108 502 137 ADAMANTII
523 108 694 138 DIALOGUS
713 109 757 137 DE
775 108 890 138 RECTA
909 108 942 135 lN
959 108 1052 136 DEUM
1071 108 1158 136 FIDE.
1177 122 1211 128 --
1231 107 1326 136 SECT.
1346 107 1392 135 Ill.

1599 109 1666 138 1802

42 165 90 192 τοῦ
118 164 301 198 αὑτεξουσίου.
327 167 378 193 Τὸν
404 167 453 202 μὲν
473 167 527 203 γὰρ
547 167 613 194 Θεὸν
640 167 830 199 παντεξούσιόν

928 167 1002 193 uiuat
1015 187 1023 198 ,
1040 166 1162 193 adhibita
1179 166 1295 192 nominis
1311 165 1499 194 similitudine.
1522 167 1613 202 itaque
1638 169 1664 195 in

43 217 125 244 φημι”
140 209 184 236 τὸν
200 210 228 236 δὲ
242 210 397 247 ἀποστάτην
418 212 541 246 ἄγγελον,
559 213 604 240 τὸν
617 213 760 248 λεγόμενον
778 214 830 239 Σα-

43 255 136 287 τανᾶν,
152 255 322 287 αὐτεξούσιον
341 256 421 291 λέγω,
436 257 483 284 καὶ
504 258 549 284 τὸν
564 258 705 294 ἄνθρωπον
720 259 830 294 ὁμοίως.

43 300 103 327 MA.
129 301 305 334 Λὺτεξούσιον
329 303 382 338 φῂς
404 303 449 330 τὸν
465 304 586 331 διάϐολον
603 305 710 332 καὶτὸν
728 304 833 340 ἄνθρω-

44 354 109 377 πονζ
132 346 172 373 Ἀ-
190 347 259 378 Τοὺς
275 348 406 382 ἀγγέλους
417 350 464 376 καὶ
482 351 544 382 τοὺς
559 350 717 386 ἀνθρώπους
736 350 830 382 αὐτεξ-

43 392 149 423 ουσίους
169 392 239 426 λέγω
265 393 317 422 ὑπὸ
338 395 403 421 Θεοῦ
432 395 610 430 γεγενῆσθαι,
642 395 698 422 ἀλλ’
715 397 744 422 οὐ
761 404 827 422 ποιν-

43 437 206 470 τεξουσίους.
231 440 291 465 MA.
306 440 394 476 Ἐφης
412 441 468 475 (21)
483 441 513 468 τὸ
527 442 699 474 αὐτεξούσιον
716 443 748 469 ἐκ
764 440 830 468 Θεοῦ

41 484 176 517 δεδόσθαι,
191 485 221 511 τὸ
242 484 269 511 δὲ
285 486 368 512 κακὸν
391 486 422 512 ἐκ
438 487 483 513 τοῦ
499 487 679 520 αὑτεξουσίου·
697 488 831 515 δείκνυται

40 528 88 556 οὖν
113 531 144 557 ὲκ
168 530 235 557 Θεοῦ
254 530 318 558 ὄντα
332 531 367 558 τὰ
381 533 464 559 κακά.
481 533 536 560 Καὶ
550 533 628 560 τοῦτο
641 534 668 560 δὲ
683 534 745 569 λέγε
757 543 762 548 ·
776 535 832 561 Οὐκ

41 575 100 610 ᾔδει
114 576 129 601 6
140 575 206 607 Θεὸς
222 576 289 612 (2-2.),
305 577 394 609 διδοὺς
408 578 438 604 τὸ
453 578 634 612 αὐτεξούσιον,
648 580 688 606 ὅτι
703 581 832 616 τρέπεται

42 620 88 647 ἐπὶ
111 620 142 647 τὸ
165 623 256 658 χεῖρον
281 623 296 648 ὁ
321 623 477 660 ἀποστάτης
495 624 624 659 ἄγγελος,
641 626 686 652 καὶ
700 627 715 652 6
729 626 832 662 ἄνθρω-

42 674 110 698 πος;
129 667 168 693 ‘A.
183 667 249 700 Ἄγε
269 667 310 702 δὴ,
325 667 372 694 καὶ
389 668 458 704 ὑπὲρ
473 669 540 696 Θεὸν
555 670 683 706 φρόνησις
697 670 830 696 ὲϐούλετο·

41 710 140 738 οὐκοῦν
168 712 231 743 τοὺς
255 713 415 748 ἀνθρώπους
437 715 484 741 καὶ
512 715 574 747 τοὺς
602 716 732 750 ἀγγέλους
759 717 832 749 ἴσους

42 753 114 782 εἶναι
129 755 174 783 τοῦ
183 757 250 783 Θεοῦ
259 758 422 794 ἀτρέπτους.
439 760 500 787 MA.
513 760 574 792 Πῶς
583 761 711 796 ἄτρεπτοι
723 762 768 788 καὶ
781 762 833 788 ἴσοι

43 802 90 828 τοῦ
109 802 193 834 Θεοῦς
214 804 253 830 ‘A.
267 804 327 831 ’Ὁτι
348 806 362 831 6
376 805 442 837 Θεὸς
460 806 603 841 ἄτρεπτος,
619 808 632 833 6
647 807 675 834 δὲ
691 807 833 843 ἄνθρωπος

43 847 170 883 τρεπτός·
186 850 200 876 ὁ
211 849 277 882 Θεὸς
292 851 424 883 ἀθάνατος
436 871 443 883 ,
470 852 484 878 6
505 852 533 878 δὲ
555 852 697 888 ἄνθρωπος
720 841 831 888 θνητός·
850 841 870 867 Β

42 894 170 927 ἐγκαλεῖς
186 894 232 922 οὖν
245 896 282 931 τῷ
297 897 372 933 θεῷ,
398 898 438 924 ὅτι
462 898 512 925 οὐκ
538 899 665 934 ἐποίησεν
683 899 721 931 ὡς
739 899 833 927 ἑαυτὸν

42 940 133 968 ἄλλον.
158 942 217 968 MA.
235 943 314 975 Πῶς;
343 943 381 969 Ἀ.
411 943 496 979 Εἴπερ
525 945 560 980 μὴ
588 945 618 972 τὸ
638 945 832 978 αὐτεξούσιον,

42 986 178 1022 ἄτρεπτον
197 985 231 1023 ἦν
249 989 262 1015 6
277 988 419 1024 ἄνθρωπος
431 998 438 1005 ·
460 991 473 1016 6
492 989 520 1016 δὲ
541 990 674 1026 ἄτρεπτος
689 991 831 1023 ἀθάνατος·

42 1033 56 1058 6
70 1032 98 1059 δὲ
114 1032 246 1065 ἀθάνατος
257 1032 334 1066 θεός.
353 1033 389 1061 Οὐ
408 1035 462 1071 γὰρ
482 1035 560 1071 ἤρκει
579 1037 611 1072 τῇ
628 1036 674 1063 τοῦ
687 1036 754 1063 Θεοῦ
767 1038 834 1071 ἀγα-

43 1076 137 1112 ῡὸτητι
153 1079 295 1114 κτισθῆναι
312 1080 445 1114 ἀγγέλους
462 1082 508 1107 καὶ
522 1081 692 1118 ἀνθρώπους,
706 1082 773 1109 ἀλλᾶ
787 1083 834 1110 καὶ

43 1123 198 1157 ἀτρέπτους
215 1121 295 1156 εἶναι,
321 1125 395 1157 ἴσους
412 1126 459 1152 τοῦ
476 1126 559 1158 Θεοῠ;
575 1126 661 1158 ἄλλως
676 1127 704 1152 δὲ
720 1127 767 1153 καὶ
784 1136 833 1154 πε-

45 1170 166 1204 ριῃρεῖτο
193 1169 239 1196 τοῦ
265 1170 332 1197 Θεοῦ
356 1171 444 1198 πάντα
458 1171 492 1198 τὰ
511 1171 601 1207 ἔξοχα.
622 1173 682 1199 ΜΛ.
697 1173 775 1206 Πῶς;
794 1173 832 1200 Ἀ.

43 1214 115 1248 Λέγε
136 1214 186 1246 τὰς
207 1216 346 1251 ἐνεργείας
361 1217 408 1244 τοῦ
424 1217 502 1244 θεοῦ.
520 1218 557 1244 Μ.
578 1218 707 1252 Ἀγαθὸν,
720 1218 833 1251 δίκαιον,

43 1259 230 1296 ὲλεημονικόν,
249 1262 369 1295 εὐσεϐὲς,
384 1264 466 1295 ὅσιον,
478 1264 564 1291 ταῦτα
579 1265 662 1292 ἐστιν.
682 1265 721 1291 ‘A.
739 1265 769 1292 Ei
798 1265 834 1302 μὴ

43 1303 78 1341 ἦν
103 1306 133 1332 τὸ
159 1307 342 1340 αὐτεξούσιον,
369 1308 458 1335 πάντα
476 1309 561 1335 ταῦτα
587 1310 777 1346 περιῃρημένα
801 1308 834 1346 ἦν

43 1351 92 1378 τοῦ
106 1352 184 1380 Θεοῦ.
200 1353 261 1380 MA.
279 1353 359 1387 116g;
387 1355 427 1381 Ἀ.
443 1355 474 1381 Εἰ
492 1355 620 1390 ἅτρεπτοι
637 1356 662 1381 οἱ
679 1355 815 1391 ἅνθρωποι
826 1377 832 1389 ,

43 1398 58 1423 6
75 1397 142 1430 Θεὸς
157 1398 258 1433 ἀγαθὸς
279 1400 337 1431 πῶς
359 1399 502 1433 ἐδείκνυτο,
520 1401 556 1436 μὴ
571 1401 655 1428 ὅντων
672 1401 724 1428 τῶν
736 1403 832 1437 χρείαν

44 1443 162 1478 ἐχόντων
177 1445 225 1480 τῆς
241 1445 287 1472 τοῦ
305 1445 372 1472 Θεοῦ
388 1446 570 1482 ἀγαοότητο;;
589 1447 648 1474 MA.
665 1448 834 1484 Σαφέστερον

44 1489 117 1516 εἰπέ.
138 1489 177 1516 Ἀ.
195 1490 251 1522 Τὰς
266 1490 406 1526 ἐνεργείας
418 1492 464 1519 τοῦ
483 1493 549 1519 Θεοῦ
564 1492 598 1524 ἃς
614 1492 691 1528 ἔφης,
707 1492 834 1528 ὀνόμασίν

44 1534 99 1561 εἱσι
123 1535 250 1571 μόνοις,ἢ
269 1537 415 1572 πράγμασι
430 1546 437 1570 ;
453 1539 513 1565 MA.
532 1539 696 1574 Πράγμασιν
717 1540 833 1574 ἐνεργεῖ,

44 1581 95 1607 καὶ
110 1581 160 1608 οὐκ
171 1582 310 1618 ὀνόμασιν.
331 1584 372 1610 Ἀ.
389 1584 452 1611 Ἐπὶ
466 1585 542 1617 τίνας
554 1586 676 1621 ὲνεργεῖ;
690 1586 751 1612 MA.
774 1586 836 1613 Ἐπὶ

44 1626 216 1662 ἀνθρώπους.
236 1628 267 1656 Ε.
289 1629 320 1655 El
336 1629 477 1664 γεγόνασιν
494 1631 518 1657 οἱ
539 1631 677 1667 ἄνθρωποι
693 1631 834 1667 ἄτρεπτοι,

45 1673 175 1708 περισσαὶ
191 1670 262 1709 ἦσαν
278 1674 358 1701 αὐταὶ
387 1675 415 1701 αἱ
433 1675 578 1711 ἐνέργειαι.
594 1675 676 1708 Τίνας
688 1676 741 1712 γὰρ
755 1676 835 1711 ἔμελ-

43 1717 93 1744 λεν
109 1718 208 1751 ἐλεεῖν,
233 1719 270 1755 μὴ
290 1719 374 1747 ὄντων
392 1719 446 1746 τῶν
475 1721 512 1756 μὴ
534 1721 764 1757 ἀμαρτανόντων;
794 1722 835 1754 τίς

43 1764 102 1800 γὰρ
116 1763 225 1800 ἔμελλεν
238 1763 307 1792 εἶναι
323 1766 425 1800 ἀγαθὸς
435 1787 442 1800 ,
460 1766 498 1802 μὴ
512 1766 595 1794 ὄντων
611 1767 665 1794 τῶν
679 1767 834 1803 χρῃζόντων

42 1810 98 1844 τῆρς
117 1810 163 1837 τοῦ
178 1810 245 1837 Θιοῦ
265 1811 448 1847 ἀγαθόίι-ητοςς
467 1813 506 1839 ‘A.
531 1813 580 1840 Διὰ
601 1811 628 1839 τι
646 1812 695 1848 τὴν
713 1813 762 1848 μὲν
787 1822 836 1839 πο-

43 1855 134 1891 νηρὰν
153 1857 231 1892 ῥίζαν
245 1857 351 1892 λέγεις,
375 1858 424 1892 τὴν
449 1858 477 1885 δὲ
503 1858 628 1894 ἀγαθήν;
652 1859 713 1885 MA.
735 1859 796 1885 Ὀτι
818 1859 834 1892 ὴ

42 1899 138 1936 ἀγαθὴ
159 1900 250 1933 σώζει,
270 1902 286 1936 ή
307 1901 334 1927 δὲ
357 1902 463 1938 πονηρὰ
481 1902 601 1928 ἀπόλλει.
630 1902 669 1929 ‘A.
685 1902 763 1934 Τίνος
789 1900 836 1928 οὖν

43 1946 133 1972 αἴτιον
154 1947 184 1972 τὸ
204 1946 337 1978 σώζεσθαι
355 1947 422 1982 (25),
439 1947 456 1982 ἦ
479 1947 646 1974 ἀπόλλυσθαι
667 1947 711 1974 τὸν
730 1947 834 1982 ἄνθρω-

43 1999 116 2024 πον;
140 1992 200 2019 MA.
228 1993 284 2027 Τῆς
309 1991 446 2028 σωτηρίας
474 1992 520 2018 τοῦ
548 1992 691 2028 ἀνθρώπου
717 1993 802 2024 αἴτιος
822 1993 836 2019 6

43 2036 125 2069 Θεὸς,
151 2037 200 2072 τῆς
226 2037 254 2064 δὲ
283 2037 419 2069 ἀπωλείας
443 2039 457 2064 6
478 2037 610 2070 διάϐολος.
641 2038 680 2064 'A.
708 2038 770 2070 Πῶς
789 2036 836 2064 οὖν

43 2084 117 2118 ἔφης
130 2082 232 2110 δίκαιον
245 2081 314 2110 εἶναι
328 2083 372 2109 τὸν
388 2083 472 2116 Θεόν;
488 2084 549 2111 MA.
567 2085 620 2111 Καὶ
638 2084 685 2110 νῦν
703 2093 783 2119 φημι,
796 2085 836 2110 ὅτι

43 2128 151 2160 δίκαιος
171 2129 186 2155 6
207 2128 284 2161 Θεός.
308 2129 346 2155 'A.
370 2128 476 2164 Κριτής
498 2130 555 2155 ἐστι
573 2129 676 2161 δίκαιος
693 2131 707 2156 6
724 2129 799 2161 Θεὸς,
819 2130 835 2165 ἢ

43 2174 95 2207 οὓς
119 2175 178 2201 MA.
203 2174 306 2209 Κριτὴς
326 2173 428 2206 δίκαιος
451 2176 465 2200 6
487 2174 552 2205 Θεός
576 2176 657 2201 ἐστιν.
691 2175 729 2201 ‘A.
754 2175 836 2207 Τίνας

44 2220 154 2256 κρενει;
173 2221 234 2247 MA.
245 2219 345 2255 Κρίνει
361 2219 405 2246 τὸν
422 2219 544 2246 διάϐολον
567 2221 613 2246 καὶ
628 2221 689 2251 τοὺς
705 2219 835 2254 ἀγγέλους

45 2262 151 2296 αὐτοῦ’,
181 2265 228 2292 καὶ
254 2266 317 2297 τοὺς
350 2264 525 2300 ἀνθρώπους,
555 2266 618 2296 τοὺς
650 2266 835 2301 προσφεύγον-

45 2319 98 2341 τας
113 2309 168 2345 (25)
186 2310 268 2345 αὐτῷ.
287 2310 323 2336 Ἀ.
340 2310 391 2336 Τὸν
407 2310 527 2337 διάϐολον
544 2310 614 2341 τίνος
629 2311 708 2337 ἕνεκα
731 2311 834 2346 κρίνει;

46 2355 110 2382 MA.
133 2354 183 2380 Διὰ
200 2355 229 2381 τὸ
246 2355 348 2390 πλανᾷν
371 2355 434 2385 τοὺς
456 2355 623 2389 ἀνθρώπους.
635 2355 665 2381 Ε.
684 2355 758 2390 Αὕτη
776 2356 834 2382 ἁδι-

47 2399 159 2435 κωτάτη
180 2400 269 2435 κρίσις
283 2401 349 2435 ('23).
365 2401 396 2427 Et
411 2399 464 2436 γὰρ
479 2399 648 2432 αὑτεξούσιός
666 2401 738 2428 ἐστιν
753 2402 768 2427 6
779 2401 836 2429 διά-

86 2464 142 2534 ἓίι)
161 2465 251 2492 Codex
271 2465 430 2498 Vaticanus,
445 2464 522 2500 ἔφης.
537 2465 620 2498 Alias,
636 2465 698 2502 ἔφη.

96 2499 142 2534 ‘22)
155 2500 215 2526 Οὐκ
228 2500 292 2534 ᾔδει
310 2502 325 2527 ό
338 2501 408 2532 Θεὸς
422 2500 533 2532 διδούς,
552 2506 604 2527 etc.
625 2501 680 2528 Cur

96 2499 142 2539 ‘22)
155 2500 215 2539 Qt’m
228 2500 292 2534 ᾔδει
310 2502 325 2527 ό
338 2501 408 2532 Θεὸς
422 2499 533 2539 διδούς,
552 2506 604 2527 etc.
625 2499 686 2539 (ἔοι-⁷
701 2501 769 2539 Deus
779 2509 835 2539 non

47 2535 151 2561 crearit
169 2535 317 2567 hominem,
334 2543 367 2562 ne
379 2537 491 2569 peccare
506 2540 606 2568 posset,
627 2537 731 2562 etiamsi
744 2536 836 2568 vellet,

47 2570 159 2604 egregie
183 2570 300 2603 explicat
329 2570 411 2596 Bisil.
432 2569 465 2596 M.
493 2570 565 2597 bim.
593 2570 670 2602 Quod
694 2570 763 2596 Deus
786 2579 836 2596 non

47 2610 82 2630 su
100 2609 192 2630 auctor
211 2605 274 2630 mall
290 2612 299 2630 :
323 2605 441 2630 ’Ὁτικαὶ
456 2605 487 2631 σὺ
500 2605 562 2635 τοὺς
580 2604 697 2636 οἰκέτας,
715 2605 763 2639 οὐχ
774 2606 838 2632 ὅταν

48 2638 178 2675 δεσμίους
192 2638 265 2675 ἔχῃς,
283 2638 374 2675 εὔνους
386 2640 587 2675 ὑπολαμϐάνεις
596 2649 602 2654 ·
621 2639 677 2666 ἀλλ’
688 2641 750 2666 ὅταν
759 2638 839 2666 ἐκου-

51 2673 117 2710 σίῳς
132 2673 189 2709 ἴδῃς
201 2673 424 2710 ἀέέοπληροῦντάς
439 2673 524 2710 σοιίτὸι
539 2674 700 2710 καθήκοντα.
717 2675 771 2701 Καὶ
780 2674 838 2710 Θεῷ

50 2708 141 2734 τοίνυν
153 2708 183 2734 οὐ
202 2709 232 2734 τὸ
244 2710 449 2744 ἠναγκασμένον
462 2709 547 2743 φίλον,
563 2708 631 2735 ἀλλὰ
644 2710 674 2736 τὸ
695 2709 723 2742 ἐξ
739 2708 839 2764 ἀρετῆς

51 2743 279 2764 uatriniln-lnrunv,
304 2744 399 2764 ’,λινε-εἰη
422 2744 449 2764 δε
466 2746 497 2764 ἐν
515 2745 697 2764 σι-ηητιηέρτσω-
727 2754 759 2764 νη
786 2746 835 2764 m‘m

51 2743 281 2780 κατορθούμενον.
304 2744 400 2779 Ἀρετὴ
422 2744 450 2770 δὲ
466 2746 498 2770 ἐκ
515 2745 709 2780 προαιρέσεως,
727 2743 773 2771 καὶ
786 2743 836 2772 οὐκ

52 2778 82 2810 εξ
102 2779 224 2813 ἀνάγκης
238 2778 352 2811 γίνεται.
382 2778 541 2811 (Quoniqu
557 2785 584 2806 ct
599 2778 634 2806 ἰιι
659 2787 764 2811 servos,
783 2789 836 2807 non

51 2815 162 2846 quando
187 2820 292 2839 rumos
310 2814 336 2839 in
353 2815 474 2840 custodia
497 2820 583 2847 tencs,
611 2814 753 2843 benevolos
778 2823 837 2843 esse

231 2861 366 2890 Ρηιιοι.
389 2860 443 2890 Gn.
471 2860 525 2892 XI.

883 215 908 242 id
922 215 992 248 quod
1007 217 1104 240 natura
1116 217 1156 239 est
1170 213 1280 244 bonum,
1297 211 1398 239 malum
1417 219 1468 239 non
1483 213 1565 245 cadit,
1579 215 1625 240 sed
1639 216 1664 240 in

883 261 909 287 id
923 260 993 294 quod
1008 263 1049 286 est
1062 258 1214 292 positione,
1238 261 1349 291 propter
1370 257 1484 284 liberant
1509 259 1664 286 arbitrium.

883 307 935 334 MA.
953 306 1040 333 Suum
1054 306 1136 332 etiam
1154 305 1267 332 liberum
1287 305 1369 331 habet
1384 305 1525 331 arbitrium
1544 306 1667 333 diabolus

883 356 929 379 tua
949 352 1056 378 ratione
1067 356 1093 377 et
1109 352 1254 378 sententia.
1268 349 1343 382 Quod
1359 354 1448 376 autem
1459 350 1572 377 liberum
1585 351 1666 378 habet

883 396 1038 427 arbitrium,
1055 396 1082 423 id
1094 401 1118 423 et
1132 403 1179 430 per
1188 403 1216 422 se
1228 400 1319 422 uatum
1330 400 1380 427 est,
1396 400 1478 429 atque
1492 404 1505 422 a
1519 404 1547 423 se
1564 401 1665 424 ortum.

882 443 916 471 A.
929 443 1059 477 ignorare
1073 442 1175 469 videris
1190 441 1391 468 distinctionem
1410 441 1467 474 ejus
1483 444 1555 476 quod
1575 444 1664 470 omnia

882 493 982 523 potest,
995 492 1022 515 et
1038 487 1096 521 ejus
1109 486 1179 521 quod
1196 491 1236 513 cst
1248 493 1302 512 suae
1316 487 1475 520 potestatis:
1493 487 1576 514 Deum
1591 489 1665 515 enim

883 535 972 561 omnia
987 541 1067 568 posse
1083 533 1143 559 dico
1161 540 1167 558 :
1183 533 1348 559 desertorem
1365 533 1600 568 autemangelum,
1619 535 1664 568 qui

884 579 1002 605 Satanas
1023 577 1134 608 dicitur.
1153 585 1207 604 sum
1224 577 1363 610 potestatis
1383 577 1459 609 dico,
1477 578 1668 613 hominemque

883 623 978 651 eodem
1007 623 1098 649 modo.
1131 622 1183 648 MA.
1220 622 1281 650 Sine
1305 622 1445 656 potestatis
1467 622 1598 656 liberique
1625 631 1669 650 ar-

885 660 960 696 bitrii
976 675 1045 701 esse,
1061 673 1088 695 et
1100 668 1235 695 diabolum
1247 673 1273 695 et
1285 668 1420 695 hominem
1440 668 1524 695 dicis?
1538 669 1570 695 A.
1587 670 1670 703 Ange-

884 715 924 742 los
939 719 965 742 et
984 715 1108 742 homines
1129 722 1183 741 suae
1207 714 1352 748 potestatis
1377 714 1464 741 iactos
1486 722 1546 741 esse
1571 722 1585 740 a
1615 714 1669 742 Deo

884 761 955 791 dico,
974 767 1026 786 non
1043 767 1133 786 rerum
1148 761 1268 786 omnium
1290 764 1481 794 praepotentes.
1501 759 1552 786 MA.
1571 759 1668 786 Dixisti
1704 759 1709 765 ί

884 806 999 832 liberum
1013 804 1154 831 arbitrium
1170 812 1182 830 a
1200 804 1254 831 Deo
1269 805 1359 831 datum
1373 812 1433 831 esse
1446 825 1452 835 ,
1465 805 1564 831 Inalqu
1580 810 1668 832 autem

886 850 1036 886 profectum
1049 857 1134 877 essen
1156 850 1242 877 libero
1257 851 1381 877 arbitrio.
1398 851 1463 876 Mala
1480 852 1561 885 igitur
1583 859 1596 877 a
1616 851 1669 878 Deo

884 896 1004 931 profecta
1025 903 1086 923 esse
1113 896 1344 922 demonstrantur.
1368 895 1423 922 lloe
1447 901 1536 923 autem
1553 904 1668 930 expone,

883 950 917 969 an
942 949 995 969 non
1016 941 1176 976 intelligeret
1200 941 1279 973 Deus,
1307 942 1352 975 qui
1383 941 1497 968 liberant
1525 942 1668 969 arbitrium

884 987 966 1017 dedit.
985 988 1010 1014 in
1025 987 1099 1022 pejus
1109 995 1215 1014 versum
1230 987 1263 1014 iri
1280 992 1307 1014 et
1322 987 1457 1014 diabolum
1476 994 1501 1014 et
1516 989 1666 1015 lminiucm.

885 1034 917 1061 A.
935 1035 1001 1068 Age,
1015 1035 1096 1061 etiam
1115 1041 1194 1067 supra
1212 1034 1294 1060 Deum
1314 1034 1449 1068 aspirabat
1467 1034 1585 1061 humana
1606 1043 1670 1069 prtt-

885 1080 989 1112 dentia,
1004 1087 1101 1114 nempe
1116 1084 1146 1107 ut
1167 1080 1290 1106 homines
1306 1084 1386 1113 atque
1399 1080 1485 1114 angeli
1506 1088 1584 1114 pares
1601 1081 1667 1113 Deo,

886 1125 1121 1160 immulabilesque
1137 1130 1238 1152 essent.
1261 1125 1314 1151 MA.
1331 1125 1470 1157 Quomodo
1488 1126 1668 1153 immutabiles

886 1176 913 1198 et
927 1178 1006 1206 pares
1021 1171 1100 1198 Deo?
1120 1171 1152 1198 Α.
1167 1170 1235 1204 Quia
1253 1171 1325 1197 Deus
1337 1175 1377 1197 est
1389 1171 1574 1205 immutabilis,
1590 1173 1669 1198 Immo

886 1222 975 1244 autem
993 1217 1150 1244 mutabilis:
1168 1217 1238 1244 Deus
1259 1217 1431 1247 immortalis,
1457 1217 1537 1244 homo
1566 1223 1668 1244 morla~~

886 1263 929 1289 lis.
952 1263 1006 1290 Deo
1032 1263 1115 1298 igitur
1138 1262 1223 1289 vertis
1247 1262 1364 1294 crimini,
1388 1263 1460 1296 quod
1479 1262 1561 1289 alium
1590 1268 1619 1289 ut
1641 1268 1670 1290 se

887 1309 973 1344 ipsum
992 1316 1045 1336 non
1063 1308 1167 1336 fecerit.
1185 1308 1236 1335 MA.
1251 1307 1309 1340 Quo
1327 1308 1434 1334 tandem
1456 1309 1557 1335 modo?
1581 1308 1614 1335 A.
1640 1307 1670 1335 Si

885 1356 968 1383 homo
979 1363 1030 1382 nou
1048 1354 1141 1382 luisset
1155 1362 1211 1381 sua:
1222 1355 1374 1389 potestatis.
1387 1358 1459 1382 essot
1473 1354 1668 1381 immutabilis:

887 1402 930 1435 qui
945 1406 1034 1428 atttem
1052 1404 1094 1427 est
1109 1399 1293 1431 immutabilis,
1309 1399 1471 1426 immortalis
1486 1404 1543 1427 est:
1559 1400 1671 1426 immor-

887 1446 948 1473 talis
968 1454 1041 1478 \‘ero,
1054 1446 1133 1473 Deus.
1149 1446 1189 1472 Au
1209 1453 1262 1472 non
1282 1445 1348 1472 satis
1363 1449 1422 1471 erat
1437 1445 1534 1472 divina).
1556 1445 1669 1472 bonitati

886 1491 975 1518 ereari
990 1491 1099 1526 angelos
1119 1495 1145 1519 et
1163 1491 1299 1520 homines.
1316 1490 1362 1517 sed
1384 1490 1464 1517 etiam
1488 1490 1670 1517 immutabiles

887 1544 949 1565 esse
967 1537 1097 1571 oportuit,
1114 1541 1142 1564 ει
1163 1536 1267 1564 similes
1287 1532 1361 1563 Deo?
1384 1535 1463 1562 aliter
1484 1535 1565 1562 etiam
1585 1543 1599 1562 a
1616 1535 1670 1561 Deo

887 1586 1029 1617 amputata
1048 1582 1163 1609 fuissent
1176 1581 1336 1609 excellentia
1348 1581 1449 1607 omnia.
1468 1580 1521 1608 MA.
1539 1581 1598 1613 Quo
1613 1585 1671 1607 tan-

886 1629 947 1656 dem
961 1628 1062 1655 modo?
1075 1628 1108 1653 A.
1125 1627 1257 1654 Enumera
1274 1625 1320 1654 Dei
1336 1627 1469 1653 actiones.
1487 1626 1539 1652 MA.
1556 1626 1670 1657 Bonum,

882 1675 996 1708 justum,
1017 1675 1049 1702 ad
1066 1673 1282 1701 misericordiam
1303 1680 1478 1708 propensum,
1493 1673 1586 1707 pium,
1606 1680 1671 1699 san-

885 1726 958 1747 ctum
976 1728 982 1746 :
997 1719 1053 1746 hac
1069 1723 1140 1745 sunt.
1167 1719 1200 1746 A.
1220 1719 1276 1746 Nisi
1293 1723 1368 1746 esset
1388 1718 1501 1744 liberum
1519 1718 1670 1750 arbitrium,

885 1772 900 1791 a
914 1764 969 1791 Deo
982 1763 1141 1790 circumcisa
1155 1768 1247 1790 essent
1261 1764 1318 1790 brec
1332 1762 1432 1789 omnia.
1446 1762 1498 1789 MA.
1512 1762 1672 1794 Quomodo?

885 1807 918 1833 A.
943 1807 972 1833 Si
994 1807 1176 1834 immutabiles
1194 1811 1257 1834 sunt
1280 1806 1414 1836 homines,
1437 1807 1571 1838 quomodo
1600 1807 1670 1833 Deus

887 1853 974 1879 bonus
986 1851 1181 1882 declararetur,
1202 1859 1254 1878 non
1266 1851 1436 1878 exstantibus
1458 1851 1503 1885 qui
1523 1851 1580 1884 ejus
1595 1851 1670 1877 boui-

887 1903 943 1926 tate
957 1897 1129 1932 indigerent?
1149 1897 1202 1924 MA.
1230 1897 1276 1924 Dic
1288 1897 1405 1931 planius.
1422 1896 1454 1922 A.
1471 1895 1597 1923 Actiones
1610 1904 1672 1929 pro-

887 1944 1069 1979 prietatesque
1104 1943 1151 1970 Dei
1178 1950 1246 1977 quas
1276 1942 1444 1976 exposuisti,
1466 1947 1557 1969 utrum
1584 1943 1671 1970 nomi-

888 1990 966 2017 nibus
985 1993 1087 2016 tantum
1107 1995 1179 2021 sunt,
1203 1996 1236 2014 an
1264 1987 1372 2022 reipsa?
1389 1987 1440 2014 MA.
1466 1987 1505 2013 ile
1531 1993 1670 2022 operatur,

887 2043 940 2063 non
954 2036 1048 2063 verbo.
1064 2035 1095 2062 A.
1111 2035 1137 2061 lu
1150 2042 1218 2068 quos
1236 2034 1314 2069 agit?
1333 2033 1384 2060 MA.
1398 2033 1425 2060 In
1445 2034 1581 2061 homines.
1597 2033 1627 2060 E.
1642 2033 1671 2060 Si

888 2081 1069 2108 immutabiles
1097 2080 1213 2107 fuissent
1237 2079 1372 2111 homines,
1401 2087 1609 2113 supervacanea:
1631 2080 1672 2106 ha:

889 2127 1010 2153 actiones
1024 2125 1149 2153 fuissent.
1163 2124 1283 2158 Quorum
1301 2124 1373 2152 enim
1389 2124 1549 2151 miserturus
1565 2124 1671 2157 fuisset,

853 2187 874 2214 ο
892 2181 944 2199 non
957 2172 1126 2199 exstantibus
1139 2171 1185 2206 qui
1207 2171 1372 2206 peceareut?
1387 2171 1449 2205 quis
1463 2171 1551 2198 bonus
1564 2171 1671 2204 fuisset,

889 2219 911 2246 si
932 2226 984 2245 non
1008 2217 1123 2245 fuissent
1149 2217 1193 2252 qui
1217 2217 1276 2251 ejus
1298 2216 1418 2243 bonitate
1441 2216 1613 2252 indigerent?
1639 2218 1671 2244 A.

890 2264 959 2297 Quid
986 2263 1022 2290 ita
1059 2270 1139 2289 unam
1173 2261 1268 2288 malam
1302 2261 1419 2288 radicem
1451 2262 1530 2294 dicis,
1561 2263 1672 2290 alteram

890 2308 1012 2335 bonam?
1041 2307 1093 2335 MA.
1109 2307 1176 2340 Quia
1191 2307 1259 2334 bona
1270 2312 1427 2339 conserral,
1439 2307 1508 2334 mala
1525 2308 1622 2342 perdit.
1639 2309 1672 2334 A.

890 2354 1017 2386 Qumnam
1036 2353 1132 2380 salutis
1156 2353 1292 2379 hominum
1307 2360 1389 2380 causa
1403 2357 1443 2380 est
1457 2373 1463 2384 ,
1493 2361 1552 2387 qua:
1577 2354 1673 2380 exitii?

889 2399 941 2427 IlA.
960 2399 1064 2426 Salutis
1083 2398 1220 2426 hominum
1235 2405 1317 2425 causa
1333 2405 1374 2425 est
1387 2398 1469 2431 Deus,
1487 2398 1564 2425 exitii
1578 2398 1672 2426 diabo—

889 2467 938 2494 tibi
953 2465 1108 2498 existimas;
1124 2465 1170 2492 sed
1185 2472 1244 2492 cum
1260 2469 1355 2498 sponte
1376 2465 1479 2496 omnia,
1495 2472 1554 2498 qua:
1568 2473 1630 2500 erga
1648 2471 1673 2494 te

891 2506 1008 2536 oportet,
1022 2500 1122 2526 videris
1141 2507 1230 2536 agere.
1248 2501 1293 2527 Sic
1309 2501 1370 2526 item
1390 2500 1443 2536 Deo
1459 2507 1519 2525 eum
1535 2505 1597 2535 puta
1613 2501 1672 2528 fore

892 2535 1019 2566 amicum,
1037 2543 1088 2560 non
1103 2535 1148 2568 qui
1165 2539 1286 2565 coaetus,
1304 2536 1351 2561 sed
1369 2535 1414 2567 qui
1432 2539 1529 2568 sponte
1550 2543 1597 2561 sua
1618 2537 1672 2562 vir-

892 2576 1003 2604 tuteque
1027 2570 1063 2596 illi
1079 2570 1256 2603 obtemperat.
1285 2569 1375 2596 Virtus
1388 2576 1450 2604 vero
1477 2577 1508 2596 ex
1536 2569 1672 2598 voluntate

892 2606 1042 2640 pertieitnr.
1060 2612 1112 2630 non
1128 2612 1161 2640 ex
1179 2605 1364 2640 necessitate.)
1387 2603 1499 2640 Wsrsr.

927 2639 983 2675 (27-)
1002 2640 1095 2675 Τίτςος-
1108 2636 1165 2665 οὖν
1180 2640 1274 2675 altrm:
1292 2639 1324 2665 τὸ
1339 2638 1490 2675 σώζεσθαι.
1521 2639 1672 2674 Legendum

892 2671 999 2701 videtur
1015 2673 1046 2699 Τί
1067 2671 1112 2699 οὖν
1128 2674 1212 2700 αἴτιον
1229 2673 1275 2700 τοῦ
1291 2674 1433 2706 σώζεσθαι.

930 2709 984 2744 (21)
1012 2709 1102 2744 (iudex
1128 2708 1283 2744 V’aticauus.
1321 2711 1382 2741 τοὺς
1407 2708 1576 2744 ἀνθρώπους,
1612 2709 1673 2739 τοὺς

890 2743 1104 2780 προσφυγόντας.
1148 2744 1176 2771 lu
1224 2743 1410 2772 Wetsteuiauu
1446 2743 1522 2771 deest
1558 2744 1672 2778 primunt

890 2789 962 2806 τους.

927 2813 1075 2849 (2ἣΑὒτη
1099 2813 1262 2847 ἀδικωτάτη
1287 2814 1394 2848 affore.
1429 2815 1569 2849 Origenes,
1596 2813 1641 2839 lib.
1665 2818 1672 2837 t

1459 2863 1495 2893 57
