1860 3073
185 111 232 139 191

187 171 238 206 (6),
253 179 305 198 non
323 170 394 198 aliud
411 177 491 206 quam
507 177 562 197 ma-

185 217 307 244 terialem
328 222 452 244 naturain
468 223 560 246 exter-

183 263 338 290 minandam
360 264 501 297 declarat,
532 266 558 293 in

181 316 233 342 qua
248 310 355 343 operari
370 318 445 337 mors
458 310 559 345 aliquid

181 359 300 388 poterat,
310 356 372 382 dum
385 357 426 382 his
435 357 481 391 qui
494 361 557 384 sunt

182 399 207 426 in
225 407 350 435 corpore,
366 409 414 436 per
432 407 556 430 naturam

182 447 305 474 materia:
317 448 469 481 corporalis
481 456 557 475 men-

182 491 218 518 tis
226 499 338 519 acumen
348 492 455 520 videtur
462 495 558 522 obtun-

803 107 963 136 ONGENIS
979 109 1058 135 ΠΕΡΙ
1079 109 1194 136 ΛΡΧΩΝ

596 169 645 196 hoc
657 169 770 196 induerit
785 170 971 196 immortalita~
986 172 1008 199 Α
1024 174 1158 197 asserunt.
1172 169 1314 196 Videbitur
1324 168 1395 196 enim

597 221 658 249 tem,
670 218 853 244 absorbebitur
863 226 933 244 mors
944 219 971 245 in

596 261 745 294 victoriam,
760 267 785 289 et
797 263 931 297 corruptio
944 265 970 291 in

596 309 828 343 incorruptionem,
850 315 874 337 et
890 311 970 345 farsi-

593 361 639 382 tan
655 358 740 384 omnis
754 365 877 391 corporea
889 364 969 385 natu-

594 411 623 430 ra
648 404 755 431 tolletur
778 413 791 431 e
814 405 918 438 medio,
941 405 969 432 in

592 455 643 485 qua
654 454 712 478 sola
722 456 804 486 potest
823 460 894 479 ntars
910 461 971 486 ops-

593 505 659 526 ΓΙΠἸ.
759 515 771 524 ς

181 537 206 562 di
223 537 273 571 (7).
291 538 319 564 Si
335 545 399 565 vero
411 543 484 566 extra
502 547 599 575 corpus
614 547 687 575 sunt,
705 547 768 570 tunc
786 545 897 571 omnino
910 553 968 571 ino-

181 580 286 608 lestiam
306 582 491 616 hujuscemodi
513 586 728 618 perturbatiottis
748 586 888 620 ell'ugient.
915 588 967 614 Sed

180 627 308 660 quoniam
326 635 378 655 non
393 629 424 655 ad
442 629 561 656 subitum
578 639 658 659 omne
675 632 860 660 indumentum
874 641 968 668 corpo-

181 680 256 698 reum
277 673 396 708 ellugere
412 680 554 708 poterunt,
577 677 652 710 prius
675 678 701 704 in
723 678 911 706 subtilioribus
936 686 968 706 ac

180 717 334 751 purioribus
351 719 491 747 immorari
520 723 680 756 corporibus
708 725 862 752 aestimandi
883 731 966 759 sunt,

179 769 239 795 qua:
255 762 326 789 ultra
351 771 400 791 nec
423 772 437 790 a
458 770 545 793 morte
562 767 654 800 vinci,
680 775 732 796 nec
751 769 847 796 aculeo
873 771 968 798 mortis

179 808 324 842 compungi
341 809 514 843 prmvaleant;
530 815 559 838 ut
574 812 610 838 ita
629 813 738 840 demum
762 815 891 848 paulatim
907 823 965 843 ces-

178 857 257 880 sante
278 857 374 880 natura
392 856 523 882 materiali
538 877 546 889 ,
572 862 598 884 et
623 858 805 886 absorbeatur
821 868 894 888 mors
907 881 915 893 ,
941 867 967 889 et

178 898 258 924 etiam
273 900 468 927 exterminetur
482 901 508 928 in
525 902 617 935 linem,
643 909 724 939 atque
745 906 834 941 omnis
855 907 967 935 aculeus

177 944 238 977 ejus
252 945 358 977 penitus
377 947 537 974 retundatur
549 956 597 982 per
615 950 732 977 divinam
746 952 872 986 gratiam.
889 953 967 987 cujus

177 996 261 1022 capax
280 989 375 1017 ellecta
391 996 432 1018 est
454 993 559 1025 anitna,
581 999 608 1020 et
632 995 864 1030 incorruptionem
883 1003 966 1032 atqtte

177 1035 407 1063 immortalitatem
425 1039 523 1065 meruit
552 1040 665 1074 adipisci
683 1043 731 1076 (8).
745 1043 779 1070 Ει
792 1049 855 1070 tunc.
870 1045 966 1072 merito

177 1079 284 1106 dicetur
295 1081 329 1107 ab
343 1082 471 1110 omnibus
490 1092 496 1109 :
517 1092 527 1108 ι
546 1084 594 1111 Ubi
610 1091 662 1117 est,
682 1094 767 1119 mors,
781 1089 892 1116 victoria
909 1091 966 1116 tua?

179 1123 227 1151 Ubi
240 1129 292 1158 est,
311 1134 394 1158 mors,
406 1128 514 1156 aculeus
534 1131 607 1157 tuus?
629 1132 746 1159 Aculeus
765 1139 857 1160 autent
870 1136 966 1163 mortis

1022 223 1082 243 esse
1105 216 1287 243 necessarium
1318 220 1346 242 ut
1373 216 1394 242 si

1021 261 1200 288 exterminata
1211 261 1290 288 fuerit
1299 266 1394 288 natura

1021 315 1160 341 corporea,
1169 308 1289 335 secundo
1296 308 1394 334 iterum

1021 354 1172 388 reparanda
1192 354 1228 381 sit
1253 358 1281 381 et
1300 362 1395 381 crean-

1021 400 1065 432 da;
1085 399 1211 434 possibile
1229 399 1302 426 enim
1319 400 1394 426 vide-

1022 451 1064 472 tur
1080 452 1107 473 ut
1124 446 1298 474 rationabiles
1314 452 1393 473 natu-

1022 500 1057 520 ra:
1089 501 1103 519 a
1129 493 1228 527 quibus
1253 500 1392 527 nunquam

1020 539 1141 566 aufertur
1173 539 1250 566 llbl'l‘l
1280 539 1396 566 facultas

1020 585 1123 612 arbitrii
1143 585 1211 619 (l0),
1230 585 1334 620 possint
1346 585 1395 611 ite-

1020 639 1078 657 rum
1107 632 1245 666 aliquibus
1280 631 1396 658 motibus

1019 677 1168 711 subjacere,
1179 678 1333 713 indulgente
1343 678 1394 705 hoc

1758 105 1813 134 192

1433 173 1563 196 certamen
1583 173 1607 196 et
1628 168 1729 196 luctum
1748 171 1810 196 aui-

1432 223 1490 242 mas
1502 215 1649 251 dereliquit,
1664 219 1693 242 ut
1712 216 1812 243 intelli-

1433 266 1496 294 gant
1515 261 1618 295 plenam
1637 269 1809 288 consumma-

1432 312 1535 342 tamque
1555 307 1689 334 victoriam
1705 316 1756 334 nan
1777 316 1811 334 ea.

1430 353 1536 387 propria
1545 361 1572 379 re
1583 353 1748 387 fortitudine.
1762 355 1810 380 sed

1430 407 1462 426 ex
1478 399 1525 426 Dei
1538 400 1624 433 graia
1641 404 1808 426 consecutus.

1433 446 1464 471 Et
1493 445 1591 472 idcirco
1618 446 1736 471 arbitror
1757 454 1808 479 pro

1430 491 1556 517 varietate
1589 499 1732 517 causarum
1769 492 1811 518 di-

1433 546 1517 564 versos
1545 538 1656 564 mundos
1679 537 1757 571 ﬁeri.
1783 543 1808 565 et

1431 583 1495 609 elidi
1520 591 1622 609 errores
1645 591 1735 610 eorum
1762 586 1809 618 qui

1431 629 1528 655 similes
1547 629 1589 655 sui
1614 630 1726 656 mundos
1753 638 1810 656 esse

1429 677 1598 703 contendunt.

176 1176 313 1204 peccatum
328 1177 370 1199 est
384 1173 417 1199 ⁵¹.
435 1182 445 1199 ι

177 1216 204 1241 Si
220 1223 285 1250 ergo
297 1217 353 1244 bzec
373 1219 473 1248 habere
487 1228 552 1248 cort-

175 1263 346 1296 sequentiam
362 1265 499 1300 videntur,
513 1275 552 1294 re-

176 1307 277 1342 liquum
292 1313 333 1336 est
351 1315 380 1336 ut
395 1315 482 1339 status
501 1320 551 1340 no-

177 1360 232 1382 ster
254 1355 400 1390 aliquando
423 1358 551 1393 incorpo-

176 1407 239 1427 rcus
255 1401 361 1428 iuturus
380 1409 440 1429 esse
459 1404 554 1430 creda-

177 1451 230 1478 tur;
244 1448 314 1481 quod
330 1448 352 1475 si
366 1450 507 1483 recipitur,
526 1455 553 1477 et

175 1500 270 1518 onines
277 1493 437 1526 subjiciendi
444 1494 553 1522 Christo

175 1543 238 1563 esse
268 1537 413 1571 dicuntur,
439 1548 550 1567 necesse

175 1586 217 1609 cst
238 1587 266 1609 ut
297 1584 423 1611 omnibus
449 1589 476 1612 et
504 1586 556 1614 hoc

175 1625 332 1659 deferatur,
357 1629 383 1655 in
410 1637 477 1664 quos
496 1638 557 1664 per-

176 1673 251 1699 venit
272 1673 403 1707 subjcctio
434 1675 552 1710 Christi;

176 1718 239 1751 quia
258 1726 353 1746 omnes
369 1721 414 1753 qui
438 1721 551 1756 subjecti

177 1768 239 1790 sunt
250 1763 368 1798 Christo,
380 1766 406 1792 in
419 1766 471 1794 line
485 1775 550 1801 quo-

176 1817 229 1842 que
253 1809 368 1844 subjecti
393 1816 472 1839 erunt
495 1813 549 1840 Deo

176 1855 261 1889 Patri,
279 1857 323 1884 cui
343 1865 455 1893 regnum
469 1861 550 1886 tradi-

178 1907 253 1929 turus
267 1903 365 1930 dicitur
375 1903 511 1938 Christus,
524 1911 551 1933 et

177 1949 212 1974 ita
226 1949 331 1976 videtur
346 1955 373 1976 ut
390 1954 453 1978 tunc
469 1953 549 1978 etiam

176 2002 241 2021 ttsus
252 2002 397 2030 corporum
411 2001 509 2024 cesset.
521 1997 548 2024 Si

176 2043 266 2067 autem
283 2045 380 2072 cessat,
395 2041 421 2068 in
434 2042 548 2069 nihilum

175 2084 246 2110 redit
266 2085 336 2111 sicut
362 2090 389 2112 et
412 2091 476 2113 ante
495 2095 548 2114 non

174 2134 245 2156 erat.
264 2130 317 2158 Sed
331 2131 470 2160 videamus
485 2134 548 2168 quid

175 2175 215 2201 eis
230 2182 366 2209 occurrat,
378 2178 423 2212 qui
443 2179 493 2206 hoc
513 2180 547 2206 ita

658 1242 764 1263 ΠΙΕΠΟΝ.
787 1245 893 1264 IN'I'ERP.

589 1279 620 1306 Si
635 1281 690 1307 luvc
704 1291 755 1308 non
775 1290 836 1310 sunt
856 1290 963 1312 contra-

589 1328 627 1353 ria
644 1328 706 1362 ﬁdei
719 1330 769 1363 (9),
785 1330 896 1365 forsitan
909 1333 965 1360 sine

588 1377 742 1408 corporibus
765 1377 908 1413 aliquando
929 1381 966 1408 vl-

589 1431 686 1450 vemus.
718 1424 767 1452 Sin
798 1431 884 1453 anteiit
919 1428 965 1462 qui

589 1470 702 1504 perfecte
745 1472 878 1507 subjectus
926 1480 964 1502 est

590 1516 705 1550 Christo,
734 1520 830 1554 absque
858 1519 999 1556 corporeC

593 1565 762 1601 intelligitur;
778 1576 865 1595 omnes
881 1575 967 1596 autent

592 1614 748 1647 subjiciendi
765 1621 825 1641 sunt
849 1617 966 1649 Christo;

591 1665 616 1687 et
629 1669 676 1688 nos
687 1663 785 1689 erimus
792 1664 847 1690 sine
854 1666 967 1699 corpori-

591 1708 649 1741 bus,
672 1711 777 1744 quando
793 1712 817 1737 ei
832 1712 866 1737 ad
879 1712 967 1746 perfe—

587 1757 776 1791 ctumrubjecti
784 1758 924 1792 fuerimus.
936 1760 967 1786 Si

586 1803 695 1837 subjecti
707 1805 804 1836 [uelint
814 1814 900 1833 otnnos
912 1807 965 1833 Deo

587 1859 676 1878 omnes
686 1852 830 1886 deposituri
839 1860 899 1881 sunt
909 1863 964 1881 cor-

587 1907 664 1932 pora,
677 1905 701 1926 et
712 1904 775 1927 tunc
788 1902 965 1935 corporalium

588 1954 673 1972 rerum
682 1947 800 1974 universa
808 1953 902 1976 natura
914 1950 965 1976 sol-

587 1999 661 2020 vetur
671 1995 697 2021 in
711 1995 833 2024 nihilum.
848 1997 924 2030 Quaz,
939 1999 962 2025 si

585 2043 700 2069 secundo
713 2044 853 2070 necessitas
872 2051 963 2081 posui-

586 2088 660 2122 larit,
675 2089 706 2115 ob
727 2090 829 2124 lapsum
845 2092 961 2117 rationa-

587 2134 680 2160 bilium
702 2141 887 2162 creaturarum
902 2144 962 2162 rur-

585 2188 629 2207 sus
641 2181 758 2207 exsistet.
770 2181 839 2208 Deus
855 2182 924 2208 enim
934 2182 962 2208 in

212 2221 234 2236 "
250 2221 332 2248 lCor.
350 2232 395 2255 xv,
409 2224 454 2257 55,
470 2224 514 2251 56.

211 2266 248 2299 (ϐ)
267 2267 312 2294 Sic
326 2276 389 2294 mss.
406 2268 484 2297 Libb.
499 2269 575 2299 editi.
592 2279 600 2295 ί
618 2270 644 2297 in
661 2270 783 2297 victoria.
801 2280 811 2295 ι

211 2301 250 2336 (7)
266 2302 311 2328 Sic
327 2309 508 2342 rectconmes
521 2305 693 2342 codd._mss.,
705 2305 849 2342 editivero
864 2314 957 2342 perpe-

177 2343 246 2367 ram,
266 2345 275 2361 ι
294 2339 410 2374 acumini
426 2339 550 2366 videntur
565 2339 721 2374 objiciendi.
743 2350 752 2365 ι
769 2339 871 2368 lbideni
890 2339 957 2370 niss.

178 2376 280 2408 (ulline
299 2373 409 2399 omnino
435 2373 586 2401 molestiant
614 2375 810 2408 hujuscemodi.
841 2385 851 2401 ι
878 2376 957 2404 Libb.

176 2405 253 2436 editi.
273 2416 281 2431 ι
303 2412 367 2433 tunc
379 2416 486 2435 omnem
502 2405 655 2436 molestiam
673 2410 837 2441 huiusmodi.
859 2421 869 2437 ι
898 2411 958 2440 Mox

178 2441 258 2477 iidem
277 2449 354 2474 tnss.,
378 2451 387 2467 ι
407 2443 454 2470 sed
471 2444 597 2477 quoniam
615 2452 667 2471 non
687 2446 719 2471 ad
741 2445 860 2472 subitum
878 2455 958 2475 omne

176 2476 469 2513 indumcnttunJLibb.
481 2476 573 2509 editi,t
586 2479 631 2506 sed
641 2480 775 2513 qttomodo
784 2488 836 2506 non
848 2481 961 2510 idomnc

177 2510 373 2548 indumentum.
393 2522 401 2538 ι
421 2512 503 2539 Paulo
516 2519 575 2547 post
593 2510 671 2547 mssi,
691 2523 699 2539 ι
721 2522 781 2548 qum
799 2515 866 2543 ttllra
883 2525 932 2544 nec
946 2526 960 2544 a

159 2545 263 2584 ‘tnorte
278 2547 361 2574 vinci.
383 2557 392 2573 ι
411 2548 489 2574 Libb.
503 2545 580 2581 e'diti,
597 2558 605 2574 ι
619 2545 688 2584 quod
702 2545 771 2576 ultra
784 2558 834 2577 nec
845 2560 860 2578 a
876 2558 962 2580 morte

176 2587 257 2606 \‘Illcl.
278 2590 287 2606 ι

211 2614 249 2655 (8)
266 2615 311 2642 Sic
325 2624 422 2656 omnes
438 2624 504 2644 mss.
524 2617 583 2656 Lib.
600 2619 675 2651 editi,
695 2629 704 2646 ι
725 2627 787 2648 cum
802 2621 859 2654 ejus
874 2629 959 2656 Capax

174 2649 269 2676 tellecta
286 2651 376 2690 anima
392 2652 623 2687 incorruptionem
638 2649 961 2690 atqueimmortalilaietn

176 2686 316 2711 meruerit.
336 2695 346 2711 ι

211 2719 250 2762 (ρ)
313 2720 368 2747 luec
382 2729 433 2760 nou
451 2727 512 2762 sunt
527 2726 664 2762 contraria
685 2726 759 2760 ﬁdei,
774 2731 828 2753 etc.
851 2727 887 2753 Ex
906 2728 964 2762 cpi-

177 2753 245 2795 stola
264 2753 422 2795 Hieronymi
439 2758 472 2783 ad
493 2759 601 2795 Avitum
626 2753 692 2787 bree'
705 2753 906 2795 desumpsimns
924 2753 961 2789 ’ἐκ

175 2788 375 2825 quibttsrvides'
387 2797 517 2825 quantum
535 2794 653 2822 licentia:
673 2796 785 2823 ltulinns
801 2788 853 2824 sibi
879 2788 963 2824 inter;

174 2824 305 2855 pretando
319 2824 472 2860 sumpSerit.

1019 724 1108 758 ipsum
1126 724 1248 757 Domino,
1269 731 1302 751 ne
1315 723 1396 754 forte,
1414 723 1436 749 si
1455 721 1621 749 immobilem
1638 730 1749 757 semper
1767 728 1808 750 te-

1020 776 1103 796 neant
1116 774 1230 802 statum,
1244 769 1367 804 ignorent
1383 776 1413 795 se
1435 767 1480 795 Dei
1506 767 1592 802 gratia
1617 767 1673 803 (ll)
1698 773 1726 794 et
1752 775 1808 794 tuan

1020 822 1067 841 sua
1095 814 1194 841 virtute
1221 814 1247 840 in
1273 812 1319 839 illo
1344 813 1396 839 line
1427 811 1604 839 beatitudinis
1625 812 1808 844 constitisse;

1021 868 1089 894 quos
1106 865 1194 886 motus
1211 859 1270 886 sine
1289 858 1371 885 dubio
1394 865 1500 884 rttrsutn
1523 858 1640 884 varietas
1661 864 1808 892 corporum

1021 909 1048 931 et
1062 904 1204 931 diversitas
1218 908 1401 939 prosequetur
1414 922 1421 934 ,
1437 910 1470 928 ex
1487 910 1538 936 qua
1563 904 1681 930 mundus
1699 911 1809 937 semper

1021 951 1180 981 adornatur,
1196 956 1246 976 nec
1257 956 1373 982 unquam
1392 949 1492 982 poterit
1511 949 1626 976 nnnnlus
1642 949 1692 976 nisi
1707 957 1740 976 ex
1760 958 1809 976 va-

1022 996 1120 1022 rietate
1149 1002 1181 1021 ac
1205 994 1359 1021 diversitate
1380 999 1525 1027 censtare;
1548 994 1620 1029 quod
1638 994 1709 1022 ellici
1733 995 1810 1022 nullo

1021 1048 1119 1073 genere
1133 1045 1220 1075 potest
1235 1041 1290 1075 (l2)
1305 1046 1381 1068 extra
1399 1040 1538 1066 materiam
1555 1042 1735 1074 corporalem.

1055 1084 1288 1124 4.1amvero(l5)
1300 1087 1344 1121 qui
1366 1086 1538 1113 indissimiles
1548 1086 1597 1113 sibi
1612 1088 1727 1114 mundos
1751 1086 1808 1122 (14)

1020 1139 1051 1158 ac
1067 1139 1115 1166 per
1129 1131 1219 1158 omnia
1233 1139 1310 1165 pares
1327 1132 1470 1166 aliquando
1488 1134 1598 1160 evenire
1617 1133 1787 1160 c0nlirmant
1800 1154 1807 1165 ,

1021 1177 1112 1203 nescio
1126 1176 1226 1210 quibus
1249 1177 1273 1203 id
1301 1178 1548 1212 possint-asserere
1571 1179 1757 1206 documentis.
1780 1179 1808 1206 Si

1019 1221 1091 1248 enim
1106 1221 1202 1248 sitnilis
1215 1229 1263 1255 per
1278 1223 1369 1249 omnia
1386 1224 1502 1250 mundus
1516 1224 1623 1254 dicitur,
1638 1224 1692 1252 erit
1709 1231 1740 1251 ut
1756 1225 1809 1252 itc-

1021 1274 1079 1293 rntn
1101 1267 1184 1293 Adam
1204 1267 1244 1294 vel
1266 1268 1320 1295 Eva
1345 1269 1440 1296 eadem
1460 1268 1561 1296 faciant
1587 1277 1648 1304 qua:
1670 1270 1807 1303 fecerunt;

1021 1313 1090 1339 ideut
1105 1313 1203 1340 iterum
1219 1315 1270 1341 erit
1284 1314 1424 1346 diluvium,
1441 1321 1522 1349 atque
1539 1316 1608 1343 idern
1623 1315 1733 1351 Moyses
1750 1325 1809 1344 rur-

1019 1354 1078 1386 sunt
1095 1360 1220 1394 populum
1237 1366 1365 1388 sexcenta
1384 1361 1441 1388 fere
1462 1362 1544 1389 millia
1568 1370 1682 1390 numero
1708 1364 1809 1391 educet

1019 1413 1050 1432 ex
1068 1405 1185 1440 Egypto
1204 1414 1211 1432 :
1232 1405 1316 1433 ludas
1330 1414 1439 1442 quoque
1461 1409 1502 1435 bis
1526 1409 1667 1436 Dominum
1694 1411 1807 1443 tradet;

1021 1451 1119 1478 l’anlus
1132 1453 1251 1479 secundo
1266 1452 1440 1487 Iapidantium
1460 1455 1625 1489 Stephanum
1640 1457 1808 1484 vestimenta

1019 1496 1147 1530 servabit;
1165 1503 1191 1524 et
1205 1498 1295 1524 omnia
1310 1506 1368 1533 quae
1385 1499 1411 1526 in
1430 1499 1480 1527 hac
1493 1500 1546 1527 vita
1561 1506 1635 1536 gesta
1652 1507 1715 1528 sunt
1728 1523 1737 1535 ,
1756 1503 1807 1530 itc-

1019 1551 1075 1569 rnm
1092 1544 1208 1578 gerenda
1225 1544 1279 1579 (15)
1302 1545 1437 1578 dicentur;
1453 1547 1524 1581 quod
1546 1554 1597 1573 non
1614 1553 1678 1582 puto
1700 1549 1808 1576 ratione

1017 1588 1104 1622 aliqua
1120 1597 1198 1623 posse
1216 1590 1318 1616 lirtnari
1333 1610 1341 1622 ,
1363 1591 1387 1618 si
1405 1593 1511 1618 arbitrii
1536 1593 1662 1621 libertate
1686 1601 1808 1629 aguntur

1016 1634 1124 1667 animae,
1141 1639 1165 1662 et
1182 1635 1221 1662 vel
1240 1636 1378 1670 profectus
1392 1645 1466 1669 suos,
1479 1639 1520 1665 vel
1539 1639 1666 1667 decessus
1683 1648 1735 1674 pro
1761 1650 1807 1668 vo-

1019 1679 1133 1707 luntatis
1151 1688 1208 1708 sua:
1228 1683 1364 1709 su~tinenl
1383 1686 1528 1716 potestate.
1547 1683 1604 1711 Non
1624 1685 1698 1712 enint
1720 1694 1806 1714 cursu

1019 1726 1111 1760 aliquo
1127 1727 1152 1753 in
1171 1729 1279 1755 eosdem
1293 1736 1322 1755 se
1336 1729 1452 1756 circulos
1468 1735 1528 1764 post
1541 1731 1623 1758 multa
1640 1733 1739 1759 sarcula
1765 1742 1808 1761 re-

1020 1772 1144 1799 volvente
1158 1773 1213 1808 (lti)
1232 1764 1352 1808 aguntur
1363 1775 1469 1808 animm,
1492 1781 1521 1802 nt
1542 1776 1593 1803 hoc
1615 1782 1661 1803 aut
1676 1778 1742 1806 illud
1764 1779 1807 1806 vel

1018 1822 1110 1853 again,
1125 1818 1166 1844 vel
1181 1819 1302 1853 cupiant,
1322 1820 1368 1846 sed
1385 1828 1545 1855 quocunque
1573 1823 1674 1857 pmprii
1704 1823 1807 1859 ingenii

1017 1863 1132 1891 libertas
1149 1864 1203 1899 82
1219 1864 1375 1897 intenderit,
1393 1865 1438 1892 illo
1453 1871 1589 1900 gestorum
1604 1875 1716 1895 suorum
1736 1870 1806 1896 diri-

1019 1914 1085 1943 gunt
1103 1909 1160 1944 (17)
1182 1917 1301 1936 cursum.
1317 1910 1382 1938 Tale
1397 1912 1470 1937 enim
1486 1917 1527 1938 cst
1547 1914 1617 1946 quod
1631 1914 1666 1940 ab
1683 1915 1744 1942 istis
1763 1916 1805 1943 di—

1017 1955 1100 1987 citur,
1122 1961 1150 1982 ut
1163 1950 1186 1982 si
1201 1956 1261 1990 quis
1278 1956 1342 1983 velit
1355 1963 1488 1989 asserere,
1505 1957 1576 1991 quod
1591 1958 1721 1986 frumenti
1746 1969 1806 1988 me«

1016 2001 1138 2027 dimnum
1157 2001 1180 2028 si
1204 2002 1380 2036 prolundatur
1401 2002 1427 2029 in
1445 2007 1556 2035 terram,
1580 2009 1668 2037 potest
1691 2007 1750 2033 lieri
1776 2012 1807 2033 ιιι

1019 2046 1100 2072 iidem
1121 2051 1147 2073 et
1161 2048 1270 2081 penitus
1293 2048 1431 2075 indiscreti
1450 2050 1570 2077 secundo
1583 2051 1706 2078 accidant
1722 2060 1806 2080 casus

1017 2099 1174 2125 granorum,
1193 2095 1228 2120 ita
1251 2099 1281 2120 ut
1305 2096 1515 2130 unumquodque
1538 2105 1651 2131 granum
1671 2098 1751 2132 juxta
1778 2099 1806 2126 id

1017 2137 1156 2171 profusum
1173 2139 1228 2174 (l8)
1242 2141 1332 2175 jaceat
1343 2145 1472 2177 secundo,
1485 2152 1538 2179 quo
1554 2146 1641 2178 primo
1655 2145 1806 2180 aliquando

1016 2183 1149 2217 deiectum
1159 2191 1212 2218 est,
1221 2191 1247 2212 et
1259 2187 1353 2214 eodem
1365 2191 1468 2224 ordine,
1481 2192 1635 2225 eisdetnqtte
1648 2191 1804 2227 dispersum

1050 2271 1106 2306 (10)
1124 2271 1189 2298 Vide
1207 2271 1364 2307 Origenian.
1383 2273 1401 2300 l.
1415 2282 1444 2306 n,
1460 2282 1487 2308 q.
1504 2274 1531 2308 6,
1555 2282 1629 2301 num.
1659 2274 1703 2306 l2,
1725 2275 1759 2302 l5
1774 2281 1803 2303 et

1059 2307 1171 2333 7.nunt.
1191 2307 1234 2333 1‘2.

1013 2316 1040 2335 (ι.
1059 2307 1085 2335 7,
1097 2314 1171 2332 lllllll.
1191 2307 1234 2333 1‘2.

1034 2327 1040 2334 ι
1079 2327 1085 2335 .
1136 2316 1171 2332 111.
1227 2326 1234 2333 ο

1022 2316 1029 2342 ι
1049 2316 1224 2376 (lliuzirati‘:
1241 2343 1322 2369 Deest
1339 2343 1364 2370 in
1380 2349 1459 2370 antea
1472 2344 1563 2376 editis,
1582 2346 1628 2371 sed
1643 2344 1761 2371 habetur
1776 2346 1803 2372 in

1013 2377 1139 2404 omnibus
1156 2385 1220 2414 nisi.
1239 2376 1322 2414 Patrio
1336 2385 1396 2412 post
1407 2387 1484 2411 mss.,
1503 2389 1512 2404 t
1532 2385 1559 2405 et
1572 2380 1720 2406 diversitas
1737 2388 1802 2414 pro-

1014 2418 1152 2446 sequetur.
1178 2422 1187 2438 »
1205 2412 1281 2439 Libb.
1298 2413 1383 2445 editi,
1410 2422 1418 2438 ι
1440 2420 1467 2441 et
1490 2414 1634 2442 diversitas
1659 2412 1803 2450 persequi-

1013 2453 1064 2473 llll'.
1091 2457 1099 2472 Ι

1048 2482 1104 2517 (12)
1118 2482 1154 2518 ita
1172 2490 1248 2514 tnss.;
1268 2482 1337 2518 male
1351 2482 1414 2509 libb.
1433 2484 1508 2515 editi,
1530 2493 1539 2509 ‹
1557 2490 1681 2518 possunt.
1701 2494 1710 2510 ι

1047 2517 1104 2552 (15)
1123 2516 1199 2553 Yidc,
1215 2517 1232 2543 Ι.
1254 2525 1272 2544 II
1302 2517 1468 2552 0rigcnian..
1484 2528 1511 2553 q.
1532 2516 1573 2548 12.
1589 2529 1615 2546 n.
1632 2520 1660 2549 4,
1674 2520 1702 2552 5,
1719 2520 1747 2547 6.

1049 2553 1106 2586 (11)
1123 2551 1247 2579 Mundus.
1269 2551 1388 2580 Deest’iu
1403 2559 1482 2580 antea
1495 2551 1592 2586 editis,
1609 2556 1657 2582 sed
1683 2551 1805 2583 habetur

1013 2597 1038 2614 Ill
1061 2595 1124 2613 tnss.

1048 2622 1103 2662 (is)
1119 2622 1155 2662 ha
1172 2630 1237 2650 mss.
1255 2623 1342 2662 Alias,
1356 2633 1373 2662 _t
1392 2624 1474 2650 etiam
1490 2625 1617 2662 gerenda.
1635 2634 1644 2650 ι

1049 2658 1105 2690 (16)
1121 2658 1166 2684 Sic
1180 2666 1276 2685 omnes
1294 2659 1372 2685 codd.
1387 2667 1464 2689 mss.;
1486 2659 1551 2685 editi
1566 2667 1641 2691 vero,
1659 2668 1668 2685 ι
1689 2660 1717 2687 in
1739 2668 1803 2689 eos-

1012 2694 1071 2720 dem
1086 2693 1204 2720 circulos
1220 2698 1279 2727 post
1294 2693 1376 2720 multa
1388 2694 1486 2720 saecula
1506 2695 1645 2722 l‘t!\'0ltlltB.
1661 2705 1670 2721 ι

1047 2728 1101 2763 (l7)
1116 2728 1153 2754 Ita
1168 2736 1231 2755 mss.
1252 2728 1330 2755 Libb.
1351 2729 1426 2759 editi,
1442 2737 1451 2753 ι
1471 2729 1574 2763 dirigit.
1595 2740 1604 2755 ι

1047 2764 1100 2797 (IX)
1124 2763 1206 2789 Juxta
1231 2763 1258 2789 id
1284 2763 1434 2797 profusum.
1457 2764 1502 2790 Sic
1524 2773 1589 2790 mss.
1618 2764 1696 2793 Libb.
1724 2767 1802 2798 editi,

1015 2807 1023 2821 ι
1041 2799 1115 2830 juxta
1135 2799 1284 2836 profusum.
1304 2807 1313 2824 ι
1330 2799 1411 2836 l’anlo
1426 2803 1570 2836 DOSIIIISS.,
1590 2809 1598 2824 ι
1621 2801 1693 2834 quod
1709 2803 1803 2836 tuique

1014 2833 1258 2860 ininnnerabilibus
1283 2834 1375 2861 mundi
1399 2835 1501 2868 granis.
1530 2843 1538 2859 ι
1564 2835 1592 2861 ln
1615 2833 1698 2863 editis
1725 2833 1805 2865 deest
