1834 3072
60 125 150 153 1817

347 127 540 156 ADAMANTII
559 127 732 157 DIALOGUS
749 129 794 156 DE
812 129 928 158 RECTA
948 129 981 157 ΙΝ
1005 129 1102 159 DEUM
1121 129 1208 158 FIDE.
1230 145 1264 150 —-
1284 130 1379 158 SECT.
1396 130 1439 158 ιν.

1642 132 1710 160 1818

58 183 172 219 ἀφυῶς
196 183 322 211 συνέθετο
339 185 500 221 Δροσέριος,
515 186 609 213 ἄποιον
623 186 671 222 τὴν
689 187 754 222 ὓλην
776 187 858 214 ὑποθέ

954 188 1007 214 itur
1021 195 1108 222 neque
1116 195 1149 214 ex
1161 187 1478 222 subjectis'qualitatihns
1491 188 1711 223 Deusqualitales

62 238 171 265 μενος.
191 231 228 256 Ἀ.
244 230 276 256 Τί
291 228 337 257 οὖν
350 231 412 265 φῂς,
426 232 608 268 συνυπάρχειν
619 233 668 265 τὰς
681 234 825 268 ποιότητας
837 235 870 269 τῇ

61 275 149 312 mn;
168 276 268 302 ΟΥΑΛ.
293 277 368 312 Ἐμοὶ
383 278 398 312 ἠ
416 277 466 312 ὕλη
489 279 634 314 ποιότητας
654 279 788 314 ἁνάρχους
799 279 871 314 ἔχειν

59 321 159 348 δοκεῖ.
176 321 268 354 Οὕτως
277 322 331 358 γὰρ
346 324 393 349 καὶ
408 324 482 350 κακὰ
494 324 548 359 (76)
561 325 592 350 ὲκ
605 325 653 359 τῆς
668 325 817 360 ἀπορροίας
827 325 872 351 αὐ-

60 368 127 402 τῆς
140 366 208 394 εἶναι
222 368 303 402 λέγω,
317 369 360 396 ἵνα
372 369 425 396 τῶν
439 370 530 396 κακῶν
541 371 555 396 ὀ
570 371 618 405 μὲν
633 370 698 402 Θεὸς
712 371 830 402 ἀναίτιος
842 369 870 406 ᾖ,

60 413 180 439 τούτων
195 413 223 439 δὲ
241 413 348 440 πάντων
361 415 377 449 ὴ
395 413 444 450 ὖλη
460 415 544 441 αἰτία.
571 415 609 441 'A.
624 415 691 441 Οὐδὲ
709 415 748 450 τῷ
763 416 820 451 ἰδίῳ
834 415 873 442 δι-

62 458 205 494 δασκάλῳ
231 459 399 495 Οὑαλεντίνῳ
421 461 527 495 Οὐάλης
552 461 690 493 πείθεται,
711 462 871 497 ἀνατρέπων

63 505 162 532 αὐτοῦ
177 506 208 533 τὸ
230 505 328 542 δόγμα.
342 506 397 533 ΟΥ.
412 506 444 533 Τί
465 507 620 544 ἀνέτρεψα;
643 508 682 535 ’Λ.
697 507 873 539 Οὐαλεντῐνος

63 551 243 587 δημιουργὸν
255 553 304 588 τῆς
321 552 386 588 ὕλης
400 553 446 580 τὸν
463 553 528 580 Θεὸν
546 554 721 589 ἀπεκρίνατο”
736 555 768 581 σὺ
783 554 810 580 δὲ
820 554 872 589 φῂς

64 598 124 623 καὶ
133 598 232 624 οὐσιῶν
248 599 393 634 ποιότητας
411 599 460 635 τὴν
469 599 536 635 ὕλην
550 600 683 636 ἀνάρχους
695 600 774 635 ἔχειν.
794 600 872 632 Τίνος

64 641 122 670 οὖν
146 643 222 670 ἔσται
244 644 358 679 ποιητὴς
380 646 428 671 καί
447 645 613 681 δημιουργὸς
630 646 644 671 ὁ
669 645 735 677 Θεός
748 654 754 679 ;
769 646 824 673 ΟΥ.
843 646 872 673 '0

64 690 141 722 Θεὸς
161 690 326 725 δημιουργός
341 691 399 718 ἐστι
414 691 462 718 τοῦ
476 692 591 726 κόσμου.
608 692 638 718 Ε.
662 692 769 727 Οὐάλης
791 692 873 727 μέχρι

65 736 157 771 λόγου
186 737 264 772 μόνον
287 737 453 772 δημιουργὸν
475 737 601 772 βούλεται
623 737 712 771 λέγειν
730 737 776 763 τὸν
795 737 870 764 Θεὸν.

66 782 133 810 ΟΥ.
155 781 234 816 Πῶς;
250 782 280 809 E.
297 783 351 818 Φῂς
375 783 424 817 τὴν
451 782 516 817 ὕλην
540 782 721 817 συνυπάρχειν
742 782 782 817 τῷ
801 781 871 817 Θεῷ,

69 829 262 864 συνυπάρχειν
278 829 306 855 δὲ
329 829 375 855 καὶ
397 828 445 861 τὰς
468 829 623 864 ποιότητας.
642 829 672 854 Εἰ
697 829 872 864 προϋπῆρχεν

64 875 86 910 ὴ
110 874 174 910 ὕλη,
189 875 360 910 συνυπῆρχον
380 875 408 902 δὲ
423 875 470 902 καὶ
486 876 513 902 αἱ
534 875 686 910 ποιότητες,
701 875 830 912 περισσὸν
840 876 870 903 τὸ

66 920 167 955 λέγειν
180 920 344 957 δημιουργὸν
356 921 476 949 τὸνθεόν
484 930 491 937 ·
503 922 550 948 καὶ
559 922 737 958 εὑρεθήσεται
751 922 870 950 Οὐαλεν-

66 968 149 999 τῖνος
160 967 253 999 κακῶς
264 968 437 1004 ὁρισάμενος,
451 968 467 1004 ἢ
483 968 589 1004 Οὐάλης
600 988 608 1001 ,
624 968 723 1004 μᾶλλον
734 969 763 996 δὲ
783 969 872 1004 ἀμφό-

67 1021 162 1047 τεροι.
181 1014 219 1040 Ἀ.
243 1014 353 1049 Βραχέα
373 1014 522 1051 ἐρωτηθεὶς
541 1015 734 1051 ἀποχρινάσθω
753 1015 868 1051 Οὐάλης.

69 1059 134 1086 ΟΥ.
147 1058 227 1094 Λέγε.
251 1060 291 1087 ‘A.
306 1060 372 1086 Τίνα
393 1061 494 1096 τρόπον
511 1061 567 1096 (77)
581 1061 746 1097 δημιουργὸν
759 1061 812 1097 φῂς
825 1061 871 1088 τὸν

68 1104 161 1137 Θεόν;
176 1105 303 1141 Πότερον,
318 1106 359 1132 ὅτι
371 1114 420 1138 τας
432 1106 525 1138 οὐσίας
544 1106 657 1142 ἔτρεψεν
671 1107 711 1138 εἰς
724 1106 754 1132 τὸ
773 1105 871 1142 μηκέτι

68 1149 220 1185 ὑπάρχειν,
235 1150 303 1186 ὅπερ
316 1148 386 1186 ἦσάν
400 1159 475 1183 ποτε,
492 1151 548 1178 ἀλλ’
564 1151 661 1187 ἑτέρας
678 1151 755 1187 παρὰ
770 1152 871 1183 ταύτας

68 1195 223 1228 γενέσθαι;
242 1195 279 1230 ἢ,
296 1196 336 1222 ὅτι
358 1196 408 1228 τὰς
435 1197 484 1232 μὲν
506 1197 601 1229 οὐσίας
620 1196 752 1231 ἐφύλαξεν
765 1197 872 1229 ὲκείνας

69 1240 159 1276 αἳττερ
170 1238 249 1276 ἦσαν,
262 1240 311 1272 τὰς
323 1240 351 1267 δὲ
366 1241 511 1276 ποιότητας
522 1241 635 1276 ἔτρεψεν
643 1240 731 1267 αὐτῶν
742 1250 748 1274 ;
764 1241 819 1268 ΟΥ.
834 1242 871 1268 Οὐ

68 1287 151 1314 δοκεῖ
166 1296 211 1323 μοι
224 1287 343 1323 ἀλλαγήν
356 1287 412 1322 (78)
425 1296 485 1314 τινα
495 1287 597 1314 τούτων
608 1288 802 1323 πεποιηκέναι·
813 1297 873 1324 τρο-

71 1334 132 1370 πὴν
150 1333 188 1360 δέ·
202 1342 265 1361 τινα
289 1334 343 1361 τῶν
363 1335 513 1369 ποιοτήτων
534 1335 674 1369 γεγονέναι
698 1334 769 1370 φημί
781 1343 787 1349 ·
810 1334 874 1362 καθ’

69 1380 108 1411 ἃς
122 1380 178 1416 (79)
190 1381 355 1416 δημιουργὸν
367 1379 435 1408 εἶναι
456 1381 530 1415 λέγω
546 1381 592 1408 τὸν
603 1381 678 1408 Θεόν.
695 1381 751 1408 Καὶ
765 1381 869 1418 ὥσπερ,

70 1429 97 1454 εἰ
112 1427 189 1462 τύχοι
202 1427 300 1462 λέγειν,
315 1427 404 1455 οἰκίαν
417 1428 450 1454 ἐκ
460 1427 541 1454 λίθων
553 1427 705 1462 γεγονέναι,
718 1428 759 1462 ἐφ’
772 1425 809 1454 ὧν
821 1429 871 1455 οὐκ

65 1473 149 1500 ’ἔστιν
163 1474 260 1506 εἰπεῖν,
275 1473 312 1505 ὡς
330 1474 421 1500 οὐκέτι
433 1473 501 1500 λίθοι
517 1474 642 1510 μένουσι,
656 1475 689 1509 τῇ
705 1474 784 1510 οὐσίᾳ
794 1474 871 1508 γενό-

72 1526 153 1553 μενοι
165 1518 237 1553 (80)’
254 1518 326 1545 οὕτω
348 1527 392 1554 μοι
409 1518 496 1551 δοκεῖ,
511 1519 561 1550 τὸν
576 1519 656 1551 Θεὸν,
677 1518 868 1556 ὑπομενούσης

69 1565 125 1599 τῆς
139 1564 242 1597 οὐσίας,
255 1558 359 1600 τροπήν
374 1573 434 1591 τινα
445 1565 499 1592 τῶν
511 1566 661 1601 ποιοτήτων
674 1566 758 1602 αὐτῆς
772 1575 867 1593 πεποι-

69 1611 188 1647 ηκέναι’
207 1611 267 1638 καθ’
285 1611 318 1645 ἢν
331 1611 384 1646 (81)
403 1611 452 1647 τὴν
475 1611 550 1638 τοῦδε
568 1611 615 1638 τοῦ
637 1612 739 1646 κόσμον
761 1613 868 1646 γένεσιν

71 1655 129 1682 ὕπο
137 1654 183 1682 τοῦ
195 1655 262 1682 Θεοῦ
275 1656 415 1690 γεγονέναι
427 1656 507 1690 λέγω.
521 1657 560 1683 ‘A.
580 1657 654 1683 Ἐπεὶ
665 1657 753 1684 τοίνυν
763 1658 868 1693 τροπήν

70 1709 136 1727 τινα
154 1702 303 1737 ποιοτήτων
325 1701 393 1736 πρὸς
405 1701 452 1728 τοῦ
476 1701 543 1728 Θεοῦ
565 1702 706 1736 γεγονέναι
718 1704 786 1738 φῂς,
801 1704 868 1730 ἀπὸ·

70 1746 167 1782 κριναί
183 1755 227 1781 μοι
243 1746 347 1784 βραχέα
357 1747 489 1774 πυθέσθαι
504 1748 720 1784 προαιρουμένῳ.
730 1749 785 1775 ΟΥ.
797 1749 868 1783 Λέγε

69 1794 118 1828 δή.
138 1793 176 1819 Ἀ.
191 1793 231 1820 Τὰ
244 1793 316 1820 κακὰ
331 1793 472 1829 ποιότητες
485 1794 584 1821 οὐσιῶν
599 1804 639 1821 σοι
652 1794 774 1822 δοκοῦσιν
786 1794 865 1829 εἶναι,

69 1838 88 1873 ἦ
105 1837 209 1869 obstat;
223 1838 277 1865 ΟΥ.
294 1838 439 1874 Ποιότητες
449 1839 558 1866 οὐσιῶν.
574 1840 612 1866 Ἀ.
625 1840 742 1867 ’Ἄνωοεν
754 1841 782 1867 δὲ
797 1840 867 1876 ἦσαν

70 1885 102 1910 αἱ
119 1884 258 1919 ποιότητες
275 1881 356 1911 αὗται
369 1885 397 1911 ὲν
411 1886 444 1920 τῇ
461 1885 527 1921 ὖ).ῃ;
545 1886 562 1922 ἢ
575 1887 662 1922 ἀρχὴν
679 1887 756 1921 ἔσχον
769 1887 815 1914 τοῦ
829 1886 868 1914 εἷ-

71 1938 133 1960 ναις
144 1931 200 1957 ΟΥ.
213 1931 335 1957 Συνεῖναί
350 1940 419 1967 φημι
431 1932 570 1967 ἀγενήτως
582 1935 614 1968 τῇ
629 1933 679 1970 ὕλῃ
691 1934 803 1960 ταυτασὶ
818 1935 866 1966 τὰς

71 1976 231 2011 ποιότητας.
254 1977 292 2004 'A.
312 1977 379 2012 Οὐχ).
401 1977 428 2004 δὲ
452 1978 518 2004 Θεὸν
609 1980 714 2016 τροπήν
735 1989 794 2007 τινα
812 1981 866 2008 τῶν

72 2022 224 2056 ποιοτήτων
247 2022 445 2057 πεποιηκέναι;
467 2023 521 2049 ΟΥ.
543 2024 628 2051 Τοῦτό
650 2033 730 2060 φημι.
758 2026 798 2053 Ἀ.
821 2027 867 2058 Εἰς

70 2069 105 2096 τὸ
117 2070 240 2104 κρεῖττον
256 2069 379 2105 ἔτρεψεν,
401 2070 417 2106 ἢ
436 2072 476 2102 εἰς
493 2071 523 2096 τὸ
542 2071 648 2106 χεῖρονς
668 2072 722 2098 ΟΥ.
741 2071 866 2107 Δηλονότι

71 2116 114 2147 εἰς
139 2115 170 2142 τὸ
194 2117 328 2151 κρεῖττον.
351 2116 389 2143 'A.
412 2116 517 2143 Οὺκοῦν
540 2117 563 2143 εἰ
585 2117 726 2152 ποιότητες
747 2117 813 2153 ὕλης
832 2117 867 2144 τὰ

72 2161 156 2193 κακὰ,
168 2161 216 2193 τὰς
227 2161 255 2187 δὲ
267 2162 412 2197 ποιότητας
427 2162 511 2197 αὐτῆς
523 2163 563 2194 είς
573 2162 603 2189 τὸ
617 2165 740 2198 κρεῖττον
754 2163 863 2198 ἔτρεψε·

921 231 1023 264 eﬂ‘erit,
1035 240 1121 267 neque
1129 237 1233 260 suntex
1245 233 1406 260 substantiis
1423 234 1494 267 qttod
1505 241 1554 261 nec
1569 236 1632 269 ipsa
1647 235 1711 262 sub—

921 281 1027 307 stantia:
1035 281 1089 306 sitit
1099 287 1144 306 :ex
1155 280 1188 306 iis
1197 287 1256 314 qum
1266 279 1335 306 nulla
1345 284 1467 311 sunt,eas
1476 288 1489 306 a
1500 280 1553 307 Deo
1561 281 1711 309 factasesse

922 334 1033 354 necesse
1042 331 1083 353 est
1090 326 1224 352 conﬁteri.
1232 325 1269 352 Ex
1279 332 1333 359 quo
1341 325 1471 359 sequitur,
1482 330 1505 352 te
1517 326 1614 353 frustra
1624 327 1708 354 videri

921 374 1023 404 dicere.
1035 373 1092 400 ﬁeri
1106 380 1157 399 non
1176 379 1265 407 posse,
1279 377 1306 398 ιιι
1324 380 1338 398 a
1354 371 1448 399 Deoex
1465 372 1548 399 nihilo
1560 372 1636 400 facta:
1650 381 1711 401 esse

921 419 1124 447 existimantur.
1144 418 1243 446 Valens
1257 426 1334 450 vero,
1349 419 1414 453 quid
1427 419 1515 445 dixit?
1543 419 1632 452 inepte
1643 419 1711 446 Dro-

922 465 1011 493 scrius
1027 472 1156 491 assensus
1175 469 1226 497 est,
1252 464 1339 498 posita
1365 464 1477 490 materia
1491 463 1550 491 sine
1572 464 1712 498 qualitati-

922 512 982 539 bus.
1007 511 1039 538 A.
1058 511 1126 543 Quid
1141 510 1235 544 igitur,
1257 510 1297 536 ais
1325 509 1404 536 simul
1429 517 1491 536 esse
1513 518 1574 537 cum
1593 511 1709 538 materia

922 557 1094 593 qualitates?
1116 557 1167 584 Va.
1192 556 1256 583 Mihi
1289 557 1401 583 materia
1427 557 1571 590 qualitates
1599 557 1710 590 ltabere,

923 611 982 638 quae
1001 603 1138 638 principio
1164 607 1290 634 careant,
1318 602 1437 630 videtur.
1462 603 1508 630 Sic
1533 603 1604 630 enim
1625 603 1710 630 etiam

922 649 994 676 mala
1006 649 1040 676 ab
1051 649 1110 683 ipsa
1124 647 1244 675 derivari
1267 647 1340 680 dico,
1353 652 1383 674 ut
1399 648 1470 675 Deus
1486 648 1592 682 quidem
1607 656 1659 674 tton
1676 649 1712 675 sit

923 700 1019 722 auctor
1043 695 1188 726 malorum,
1214 694 1327 721 materia
1353 699 1444 721 autent
1471 701 1565 721 coruut
1590 694 1710 721 omnium

923 747 1006 768 causa
1024 741 1070 768 sit.
1088 741 1122 767 A.
1137 739 1176 767 Ne
1191 739 1233 766 sui
1252 738 1361 774 quidem
1384 740 1561 774 prmceptoris
1576 739 1711 767 Valetttini

923 786 1114 815 auctoritatem
1124 786 1222 813 Valens
1233 785 1366 819 sequitur,
1375 793 1436 812 cum
1450 786 1546 820 dogma
1560 785 1617 819 ejus
1627 786 1710 813 tollat.

925 832 974 859 Vit.
994 831 1063 865 Quid
1080 832 1196 859 sustuli?
1221 832 1254 858 Α.
1283 831 1446 858 Valentinus
1473 831 1557 858 Deum
1591 832 1712 860 materia:

923 877 1078 904 eﬂ'ectorem
1096 884 1156 904 esse
1171 877 1275 904 censuit
1293 885 1300 902 :
1315 881 1341 903 tu
1355 884 1418 904 vero
1434 877 1475 904 ais
1490 877 1633 905 materiam
1645 878 1712 905 sub-

921 922 1085 949 statttiarum
1101 921 1247 956 qualitates
1258 929 1318 956 qua:
1332 923 1465 956 principio
1481 927 1587 954 carent,
1597 923 1711 951 habere.

922 967 1005 1002 Cujus
1021 968 1129 994 tandem
1150 967 1189 994 rei
1203 967 1318 995 etrector
1332 973 1360 994 et
1375 968 1468 1001 opifex
1481 969 1534 996 erit
1547 969 1617 996 Deus
1630 969 1642 996 2
1661 969 1710 999 Vx.

923 1013 994 1040 Dens
1016 1013 1109 1040 ntuudi
1134 1018 1176 1041 est
1201 1015 1303 1049 opifex.
1328 1015 1360 1042 E.
1375 1015 1473 1043 Valens
1498 1015 1582 1042 verbo
1608 1020 1711 1043 tantum

921 1059 1007 1086 Deum
1019 1059 1144 1094 opiﬁcem
1156 1060 1210 1087 vult
1220 1061 1323 1088 dicere.
1333 1061 1366 1089 V.
1377 1061 1500 1094 Quonam
1512 1062 1591 1089 modo
1603 1061 1615 1089 7
1625 1062 1655 1089 E.
1665 1062 1712 1090 Ais

924 1105 1065 1133 materiam
1082 1106 1163 1134 simul
1176 1114 1237 1134 cttm
1259 1107 1313 1135 Deo
1324 1115 1396 1140 esse,
1411 1115 1442 1135 ac
1454 1107 1534 1135 simul
1548 1108 1630 1135 etiam
1650 1115 1712 1136 esse

923 1152 1077 1186 qualitates.
1094 1152 1122 1180 Si
1137 1152 1212 1187 prius
1228 1157 1288 1180 erat
1304 1154 1429 1186 materia,
1445 1154 1526 1181 simul
1541 1160 1631 1181 autem
1645 1163 1711 1189 qua-

922 1197 1013 1225 iitales
1024 1199 1107 1225 etiam
1122 1204 1210 1232 erant,
1227 1207 1460 1234 supervacaneum
1474 1205 1515 1228 est
1532 1202 1616 1227 Dr-um
1630 1202 1710 1236 opiﬂ.

922 1251 982 1270 ecm
1009 1244 1114 1276 dicere,
1145 1245 1356 1280 invenieturque
1380 1246 1541 1274 Valentinus
1564 1247 1633 1274 male
1657 1252 1711 1274 sta-

924 1290 1020 1321 tuisse,
1037 1296 1085 1318 aut
1104 1290 1213 1324 Valens,
1224 1299 1270 1319 aut
1283 1292 1371 1327 potius
1383 1297 1507 1326 uterque.
1524 1292 1555 1320 A.
1568 1293 1608 1320 Ad
1622 1300 1709 1328 pauca

923 1336 1108 1370 interrogatus
1132 1336 1233 1365 Valens
1252 1339 1424 1372 respondeat.
1444 1339 1493 1366 VA.
1514 1339 1571 1366 Dic.
1588 1339 1619 1366 Α.
1634 1339 1708 1372 Quo-

923 1384 1004 1410 modo
1026 1383 1110 1411 Deum
1135 1384 1259 1418 opificem
1283 1393 1342 1413 esse
1357 1386 1448 1413 dicis?
1469 1386 1563 1414 Utrum
1578 1387 1649 1421 quod
1667 1393 1710 1414 res

924 1430 1049 1462 mutavit,
1064 1435 1094 1457 ιιι
1117 1429 1172 1464 jam
1197 1438 1251 1459 non
1280 1431 1345 1464 sint,
1370 1433 1441 1466 quod
1460 1438 1539 1459 erant
1554 1432 1709 1468 aliquando,

922 1475 969 1503 sed
983 1476 1042 1502 alia:
1057 1476 1114 1502 sitit
1130 1481 1210 1511 atque.
1227 1482 1305 1504 erant
1319 1486 1326 1510 ;
1342 1485 1375 1504 an
1389 1479 1460 1512 quod
1472 1479 1639 1506 substantias
1651 1479 1711 1514 qni-

922 1521 983 1548 detn
1004 1522 1134 1553 servavit,
1152 1529 1213 1556 quae
1233 1527 1324 1555 erant,
1341 1524 1388 1550 scd
1407 1531 1500 1550 earum
1516 1524 1629 1551 tnntavit
1641 1532 1709 1558 qutu-

919 1567 1035 1594 litates?
1052 1567 1083 1595 ν.
1102 1567 1166 1594 Mihi
1183 1573 1304 1595 mutasse
1317 1568 1377 1595 illas
1391 1569 1443 1595 ulla
1458 1576 1490 1596 ex
1509 1574 1587 1603 parte
1602 1575 1655 1596 non
1668 1570 1709 1595 vi-

918 1613 999 1640 detttr
1015 1621 1023 1640 :
1041 1613 1224 1641 mutationem
1241 1618 1331 1641 autem
1349 1615 1512 1649 qualitatum
1537 1614 1635 1641 factam
1650 1622 1711 1642 esse

919 1658 979 1685 dico
997 1667 1003 1685 :
1018 1659 1167 1686 secundum
1185 1667 1254 1693 quas
1273 1659 1357 1686 Deum
1382 1659 1507 1694 opificem
1523 1667 1585 1687 esse
1598 1667 1710 1687 censeo.

918 1705 952 1731 Et
963 1705 1192 1739 quemadmodum
1208 1705 1229 1732 si
1245 1705 1343 1732 domus
1355 1712 1390 1733 ex
1408 1705 1545 1740 lapidibus
1561 1710 1707 1732 construa~

920 1754 972 1782 tur,
999 1751 1032 1778 de
1047 1752 1080 1778 iis
1096 1751 1148 1778 dici
1170 1758 1222 1778 non
1239 1756 1342 1785 potest,
1368 1751 1473 1785 lapides
1487 1759 1540 1778 non
1555 1752 1612 1786 jam
1628 1752 1654 1778 id
1667 1759 1710 1778 re-

919 1805 1031 1824 ntanere
1043 1799 1115 1832 quod
1133 1798 1286 1825 substantia
1302 1802 1381 1826 erant
1397 1807 1403 1825 :
1417 1798 1456 1824 sic
1472 1798 1537 1824 tnilti
1550 1797 1620 1824 Deus
1634 1797 1710 1824 vide-

919 1849 964 1871 tur
980 1849 1109 1872 manente
1134 1838 1295 1872 substantia
1314 1844 1434 1878 aliquant
1461 1843 1520 1878 ejus
1544 1843 1706 1878 qualitatum

918 1890 1016 1917 fecisse
1033 1891 1222 1923 mutationem,
1249 1898 1281 1917 ex
1301 1898 1352 1924 qua
1368 1890 1460 1917 tttttndi
1489 1890 1568 1924 hujus
1584 1895 1675 1917 ortttttt
1691 1898 1706 1917 a

919 1934 973 1962 Deo
990 1940 1164 1970 procuratum
1180 1942 1241 1962 esse
1257 1935 1329 1963 dico.
1345 1935 1377 1962 A.
1389 1935 1520 1968 Quoniam
1535 1935 1679 1970 qualitates
1693 1943 1708 1962 a

918 1981 973 2008 Deo
986 1981 1186 2015 quodammodo
1202 1986 1322 2008 mutatas
1337 1988 1398 2008 esse
1419 1980 1528 2013 fateris,
1544 1981 1609 2008 ntilti
1627 1980 1707 2008 velim

917 2035 1003 2062 pauca
1024 2033 1147 2061 quaerere
1163 2027 1264 2054 volenti
1286 2027 1460 2061 respondeas.
1476 2027 1526 2054 VA.
1540 2026 1589 2054 Dic
1613 2027 1706 2061 igitur.

918 2073 951 2099 Α.
968 2072 1036 2099 Mala
1057 2071 1237 2106 qualitatesne
1264 2073 1311 2100 tihi
1343 2073 1557 2100 substantiaruin
1582 2073 1709 2100 videntur

918 2127 989 2151 esse,
1007 2127 1040 2146 an
1056 2118 1237 2146 substantiae?
1253 2118 1535 2148 VA.Substantiarum
1552 2118 1705 2152 qualitates.

918 2165 949 2192 Α.
979 2165 1097 2192 Erantne
1125 2169 1207 2191 antea
1231 2165 1378 2199 qualitates
1405 2165 1446 2192 ita:
1473 2165 1499 2191 in
1520 2165 1646 2198 materia,
1673 2173 1706 2191 an

72 2208 154 2235 πόθεν
179 2208 213 2235 τὰ
233 2208 321 2241 κακὰ,
345 2209 436 2244 ζητεῖν
456 2209 573 2244 ἀνάγκη.
594 2209 631 2235 Οὐ
646 2210 700 2244 γὰρ
713 2209 823 2244 ἔμειναν
837 2211 858 2236 αι

952 2211 1080 2246 incipiam
1106 2210 1258 2238 exsistcndi
1277 2211 1451 2238 habuerunt?
1466 2211 1518 2238 VA.
1542 2211 1628 2238 Simul
1647 2219 1707 2239 esse

72 2254 224 2290 ποιότητες,
235 2255 324 2281 ὁποῖαι
334 2252 403 2290 ἦσαν
412 2256 444 2290 τῇ
459 2254 548 2289 φύσει.
561 2255 592 2281 Εἰ
606 2254 654 2290 μὲν
667 2255 799 2290 πρότερον
809 2255 864 2290 (8:7)

72 2341 141 2369 γμα,
161 2333 202 2359 ὅτι
219 2332 248 2359 οὗ
266 2333 438 2368 συνυπῆρχον
453 2334 484 2368 τῇ
503 2332 553 2368 ὕλῃ
571 2333 597 2369 αἱ
614 2333 764 2369 ποιότητες.
774 2367 784 2369 Α
792 2333 863 2359 Οὐα-

71 2367 190 2404 λέντῖνος
206 2368 261 2404 γὰρ
281 2369 312 2394 οὺ
331 2369 515 2404 συνυπάρχειν
534 2367 635 2404 ταύτας
657 2367 745 2404 ληρεῖ,
767 2367 863 2404 ὥσπερ

73 2376 190 2399 λεντινος
206 2376 261 2429 γαρ
281 2376 312 2394 ου
331 2376 515 2404 συνυπαρχειν
534 2377 635 2399 ταυτας
658 2376 745 2404 Ληρει,
767 2377 862 2404 ωσπερ

73 2404 105 2439 δὴ
114 2401 200 2435 οὗτος.
222 2404 240 2429 Ἰ
258 2405 319 2438 μεῐς
396 2403 425 2435 ἐξ
439 2404 489 2429 οὐκ
508 2403 592 2429 ὅντων
609 2402 643 2429 τὰ
660 2405 749 2433 πάντα
772 2404 862 2438 φαμὲν

73 2437 287 2474 γενέσθαινπαρὰ
297 2437 373 2465 Θεοῦ.
388 2447 397 2463 ε
411 2438 530 2465 Vult-niis
545 2438 657 2465 alterius
674 2439 747 2472 impii
762 2437 859 2474 (lo-gina

73 2478 132 2501 erat
149 2473 295 2507 qualitates
311 2482 363 2499 non
381 2473 548 2501 coexsistcre
568 2474 706 2500 materiae:
725 2481 786 2499 ttant
804 2473 857 2499 Va-

74 2509 191 2536 lentinus
204 2514 321 2542 nugatur
336 2515 383 2535 eas
396 2516 448 2535 non
466 2509 643 2539 coexsistere,
656 2510 725 2534 sicut
740 2509 778 2534 ait
793 2508 854 2534 iste.

74 2544 127 2571 Nos
140 2551 205 2571 vero
221 2551 252 2570 cx
269 2552 322 2570 non
344 2544 515 2570 exstantibus
538 2544 653 2569 dicimus
672 2544 762 2570 omnia
786 2544 855 2569 fat-ta

74 2587 133 2607 esse
159 2587 173 2605 a
200 2579 265 2606 Deo.
278 2588 288 2605 ι
308 2580 334 2606 In
352 2578 501 2605 Pliilocalia
518 2578 613 2604 deinde
637 2577 687 2604 alia
706 2584 858 2612 sequuntur

75 2615 154 2642 verba
174 2623 181 2640 :
199 2622 258 2648 qua:
274 2618 364 2641 tamen
380 2614 468 2645 quoad
489 2621 611 2641 sensum.
629 2613 785 2640 eoincidunt
799 2620 858 2640 cum

76 2650 108 2676 iis
132 2657 191 2684 qua:
204 2657 219 2676 a
237 2649 360 2681 Valente,
382 2648 520 2682 Droserio,
534 2654 562 2676 et
583 2648 746 2675 Adatnantio
764 2649 861 2681 dispu-

76 2689 173 2711 lantur.

109 2720 166 2756 (76)?
178 2719 305 2756 Philota;
327 2720 403 2756 Ἐμοὶ
418 2719 472 2756 γὰρ
485 2721 500 2756 ή
516 2719 565 2754 ὕλη
581 2719 706 2756 ᾁνάρχως
717 2718 862 2754 ποιότητας

76 2754 144 2789 ἔχειν
157 2755 240 2782 δοκεῖ.
258 2754 337 2782 Οὕτω
348 2754 403 2790 γὰρ
414 2754 463 2781 καῖ
475 2754 508 2782 τὰ
523 2755 606 2785 κακά,
623 2760 677 2790 etc.

110 2790 251 2825 (77)]’ίνα
270 2789 392 2824 τρόπον.
420 2790 533 2819 Phi/oc.
547 2790 600 2816 τίνι
619 2789 721 2824 τρόπῳ,
742 2793 769 2815 ct
791 2789 858 2815 infra

78 2823 159 2861 αἴπερ
170 2823 240 2860 ἦσαν
256 2823 380 2861 προτοῦ,
395 2826 444 2856 τὰς
456 2825 495 2857 δέ,
511 2831 562 2851 etc.

109 2860 164 2892 t78l
183 2859 346 2896 Ἃλλαῇεήν.
369 2861 460 2888 Codex
491 2869 542 2888 ms.
559 2860 667 2887 Thom-1:
690 2859 766 2892 Cale.
789 2859 856 2893 ἀγά-

919 2264 980 2284 cunt
1006 2256 1118 2283 materia
1137 2256 1195 2284 sine
1211 2256 1316 2291 origine
1335 2257 1383 2283 has
1398 2257 1544 2291 qualitates
1560 2265 1620 2285 esse
1635 2257 1706 2284 dico.

919 2342 982 2367 πην.
1002 2334 1083 2360 male.

954 2370 1010 2403 σει)
1032 2368 1148 2401 Philota,
1161 2369 1222 2396 καθ’
1235 2370 1278 2402 ἃς,
1295 2370 1407 2405 optime.
1444 2370 1587 2398 Wetstenii
1620 2370 1705 2397 codex

917 2412 965 2431 ius.
972 2425 979 2434 ,
998 2404 1131 2440 καθάπερ.

951 2440 1006 2473 (80)
1028 2440 1073 2472 Ὡς
1086 2438 1185 2466 οὐκέτι
1199 2441 1277 2467 λίθοι
1301 2441 1441 2474 μένουσι,
1458 2438 1495 2472 τῇ
1519 2440 1610 2473 οὐσίᾳ
1627 2440 1708 2474 γενό-

912 2483 1008 2508 μενοι,
1026 2475 1186 2505 Philoealia,
1198 2475 1301 2502 clarius
1314 2481 1342 2502 et
1359 2475 1485 2509 plenius:
1503 2475 1542 2506 ὡς
1559 2475 1651 2501 οὐκέτι
1666 2475 1707 2501 λίς

912 2510 952 2536 θοι
970 2510 1078 2546 μένουσι
1088 2511 1120 2544 τῇ
1135 2509 1224 2546 οὐσίᾳ,
1238 2511 1309 2537 οἰκία
1317 2510 1456 2546 γενόμενοι
1469 2510 1492 2535 οἱ
1509 2509 1577 2546 λίοοι
1588 2518 1594 2525 '
1606 2512 1637 2545 τῇ
1651 2511 1705 2544 γὰρ

912 2545 1036 2580 ποιότητι
1049 2545 1099 2579 τῆς
1117 2545 1267 2576 συνθέσεως
1280 2545 1329 2580 τὴν
1344 2545 1431 2571 οῖκίειν
1450 2545 1592 2578 γεγονέναι
1613 2546 1684 2580 φημὶ
1695 2554 1701 2560 ”

914 2579 1064 2616 τραπείσης
1077 2580 1198 2616 δηλονότι
1211 2581 1260 2616 τῆς
1279 2579 1414 2615 προτέρας
1428 2579 1482 2606 τῶν
1496 2580 1576 2606 λίθων
1594 2579 1703 2616 ποιότη-

914 2624 969 2646 τος,
987 2615 1065 2641 Οὕτω
1082 2624 1126 2650 μοι
1143 2616 1232 2647 δοκεῐ,“
1255 2623 1308 2643 etc.
1333 2625 1341 2641 ι
1361 2615 1443 2648 Quasi
1464 2624 1516 2641 non
1530 2616 1647 2649 amplius
1665 2616 1702 2642 la-

915 2651 990 2684 pides
1017 2655 1157 2677 manerent
1183 2659 1230 2677 sua
1245 2651 1410 2680 substantia,
1440 2655 1582 2684 postquam
1605 2652 1700 2677 domus

917 2686 980 2712 lacti
994 2690 1056 2712 sttnt
1076 2685 1112 2712 illi
1128 2686 1247 2719 lapides:
1272 2694 1333 2712 nam
1350 2685 1482 2719 qualitate
1494 2685 1701 2719 compositionis

917 2722 1025 2747 doinum
1036 2719 1134 2746 fat-lam
1147 2727 1206 2747 esse
1219 2721 1280 2747 dico
1296 2729 1302 2747 :
1320 2728 1453 2747 conversa
1471 2720 1599 2747 nimirum
1615 2720 1700 2755 priori

917 2756 1036 2788 lapillum
1054 2755 1196 2789 qualitate.
1214 2755 1258 2782 Sic
1274 2755 1340 2782 milii
1353 2756 1470 2786 videtur,
1489 2765 1497 2781 ι
1516 2761 1570 2783 etc.

950 2791 1005 2821 (8i)
1024 2790 1137 2819 I‘lu'loc..
1153 2790 1212 2816 καθ’
1230 2790 1273 2825 ἦν.
1289 2791 1369 2817 Alias.
1386 2790 1486 2823 καθώς.

949 2826 1004 2862 (δὲ)
1023 2825 1137 2857 Ι³Ιιὶίοεη
1153 2825 1169 2862 ἢ
1183 2826 1207 2851 εί
1223 2826 1271 2860 μὲν
1290 2825 1431 2863 πρότερον.
